  <div class='ocr_page' id='page_1' title='image "/cluster/home/n/w/nwhite01/storage/ocr_20150623/85/hvd.32044054758891/071.png"; bbox 0 0 4058 6178; ppageno 0'>
   <div class='ocr_carea' id='block_1_1' title="bbox 433 340 526 397">
    <p class='ocr_par' dir='ltr' id='par_1_1' title="bbox 433 340 526 397">
     <span class='ocr_line' id='line_1_1' title="bbox 433 340 526 397; baseline -0.054 -1"><span class='ocrx_word' id='word_1_1' title='bbox 433 340 526 397; x_wconf 76' lang='grc'><strong>151</strong></span> 
     </span>
    </p>
   </div>
   <div class='ocr_carea' id='block_1_2' title="bbox 1165 328 2973 391">
    <p class='ocr_par' dir='ltr' id='par_1_2' title="bbox 1165 328 2973 391">
     <span class='ocr_line' id='line_1_2' title="bbox 1165 328 2973 391; baseline 0.002 -4"><span class='ocrx_word' id='word_1_2' title='bbox 1165 332 1453 389; x_wconf 71' lang='lat' dir='ltr'><strong>MISSALE</strong></span> <span class='ocrx_word' id='word_1_3' title='bbox 1493 333 1763 388; x_wconf 71' lang='lat' dir='ltr'><strong>Mi-XTUM</strong></span> <span class='ocrx_word' id='word_1_4' title='bbox 1808 332 1956 389; x_wconf 82' lang='lat' dir='ltr'><strong>SEC.</strong></span> <span class='ocrx_word' id='word_1_5' title='bbox 2003 328 2163 384; x_wconf 69' lang='grc' dir='ltr'><strong>ΠΕΟ.</strong></span> <span class='ocrx_word' id='word_1_6' title='bbox 2210 330 2269 384; x_wconf 84' lang='grc' dir='ltr'><strong>Β.</strong></span> <span class='ocrx_word' id='word_1_7' title='bbox 2314 329 2583 386; x_wconf 79' lang='lat' dir='ltr'><strong>lSlDORl.</strong></span> <span class='ocrx_word' id='word_1_8' title='bbox 2616 363 2683 373; x_wconf 97' lang='lat'>—</span> <span class='ocrx_word' id='word_1_9' title='bbox 2717 332 2894 391; x_wconf 73' lang='lat' dir='ltr'><strong>PARS</strong></span> <span class='ocrx_word' id='word_1_10' title='bbox 2932 335 2973 390; x_wconf 91' lang='grc'><strong>1.</strong></span> 
     </span>
    </p>
   </div>
   <div class='ocr_carea' id='block_1_3' title="bbox 3595 345 3697 398">
    <p class='ocr_par' dir='ltr' id='par_1_3' title="bbox 3595 345 3697 398">
     <span class='ocr_line' id='line_1_3' title="bbox 3595 345 3697 398; baseline 0.029 -3"><span class='ocrx_word' id='word_1_11' title='bbox 3595 345 3697 398; x_wconf 69' lang='lat' dir='ltr'><strong>I32</strong></span> 
     </span>
    </p>
   </div>
   <div class='ocr_carea' id='block_1_4' title="bbox 428 440 3695 517">
    <p class='ocr_par' dir='ltr' id='par_1_4' title="bbox 428 440 3695 517">
     <span class='ocr_line' id='line_1_4' title="bbox 428 440 3695 517; baseline 0.012 -47"><span class='ocrx_word' id='word_1_12' title='bbox 428 454 616 507; x_wconf 60' lang='lat' dir='ltr'><strong>faciem</strong></span> <span class='ocrx_word' id='word_1_13' title='bbox 645 449 732 504; x_wconf 68' lang='lat' dir='ltr'><strong>Dei</strong></span> <span class='ocrx_word' id='word_1_14' title='bbox 760 449 880 517; x_wconf 63' lang='lat' dir='ltr'><strong>quia</strong></span> <span class='ocrx_word' id='word_1_15' title='bbox 930 446 1123 500; x_wconf 61' lang='grc' dir='ltr'><strong>νεηερι,</strong></span> <span class='ocrx_word' id='word_1_16' title='bbox 1159 453 1182 480; x_wconf 77' lang='grc' dir='ltr'><strong>ο</strong></span> <span class='ocrx_word' id='word_1_17' title='bbox 1231 446 1264 513; x_wconf 56' lang='grc' dir='ltr'><em>ᾗ</em></span> <span class='ocrx_word' id='word_1_18' title='bbox 1288 484 1300 497; x_wconf 94' lang='grc'><em>.</em></span> <span class='ocrx_word' id='word_1_19' title='bbox 1358 444 1582 498; x_wconf 84' lang='lat' dir='ltr'><strong>Cantate</strong></span> <span class='ocrx_word' id='word_1_20' title='bbox 1619 446 1842 497; x_wconf 85' lang='lat' dir='ltr'><strong>Domino</strong></span> <span class='ocrx_word' id='word_1_21' title='bbox 1867 458 1995 497; x_wconf 84' lang='lat' dir='ltr'><strong>caa-</strong></span> <span class='ocrx_word' id='word_1_22' title='bbox 2022 447 2073 501; x_wconf 81' lang='grc' dir='ltr'>Α</span> <span class='ocrx_word' id='word_1_23' title='bbox 2101 442 2201 494; x_wconf 88' lang='lat' dir='ltr'><strong>ista</strong></span> <span class='ocrx_word' id='word_1_24' title='bbox 2231 440 2356 496; x_wconf 87' lang='lat' dir='ltr'><strong>lient</strong></span> <span class='ocrx_word' id='word_1_25' title='bbox 2384 452 2439 496; x_wconf 90' lang='lat' dir='ltr'><strong>et</strong></span> <span class='ocrx_word' id='word_1_26' title='bbox 2460 444 2600 512; x_wconf 88' lang='lat' dir='ltr'><strong>quod</strong></span> <span class='ocrx_word' id='word_1_27' title='bbox 2629 444 2837 513; x_wconf 83' lang='lat' dir='ltr'><strong>signum</strong></span> <span class='ocrx_word' id='word_1_28' title='bbox 2861 448 2964 500; x_wconf 90' lang='lat' dir='ltr'><strong>erit</strong></span> <span class='ocrx_word' id='word_1_29' title='bbox 2987 443 3199 514; x_wconf 88' lang='lat' dir='ltr'><strong>quando</strong></span> <span class='ocrx_word' id='word_1_30' title='bbox 3231 447 3331 502; x_wconf 88' lang='lat' dir='ltr'><strong>hcc</strong></span> <span class='ocrx_word' id='word_1_31' title='bbox 3356 451 3539 507; x_wconf 78' lang='lat' dir='ltr'><strong>munia</strong></span> <span class='ocrx_word' id='word_1_32' title='bbox 3562 454 3695 509; x_wconf 86' lang='lat' dir='ltr'><strong>inci-</strong></span> 
     </span>
    </p>
   </div>
   <div class='ocr_carea' id='block_1_5' title="bbox 426 534 1996 600">
    <p class='ocr_par' dir='ltr' id='par_1_5' title="bbox 426 534 1996 600">
     <span class='ocr_line' id='line_1_5' title="bbox 426 534 1996 600; baseline -0.007 -3"><span class='ocrx_word' id='word_1_33' title='bbox 426 546 584 598; x_wconf 88' lang='lat' dir='ltr'><strong>ticutn</strong></span> <span class='ocrx_word' id='word_1_34' title='bbox 610 556 798 594; x_wconf 91' lang='lat' dir='ltr'><strong>novum</strong></span> <span class='ocrx_word' id='word_1_35' title='bbox 813 544 1022 592; x_wconf 88' lang='lat' dir='ltr'><strong>cantate</strong></span> <span class='ocrx_word' id='word_1_36' title='bbox 1050 535 1155 587; x_wconf 89' lang='lat' dir='ltr'><strong>Deo</strong></span> <span class='ocrx_word' id='word_1_37' title='bbox 1182 535 1529 589; x_wconf 90' lang='lat' dir='ltr'><strong>omnisterra.</strong></span> <span class='ocrx_word' id='word_1_38' title='bbox 1558 534 1626 589; x_wconf 80' lang='grc' dir='ltr'><strong>Ρ.</strong></span> <span class='ocrx_word' id='word_1_39' title='bbox 1650 534 1781 600; x_wconf 85' lang='lat' dir='ltr'><strong>Quia</strong></span> <span class='ocrx_word' id='word_1_40' title='bbox 1800 536 1996 590; x_wconf 90' lang='lat' dir='ltr'><strong>veniet.</strong></span> 
     </span>
    </p>
   </div>
   <div class='ocr_carea' id='block_1_6' title="bbox 498 624 1376 687">
    <p class='ocr_par' dir='ltr' id='par_1_6' title="bbox 498 624 1376 687">
     <span class='ocr_line' id='line_1_6' title="bbox 498 624 1376 687; baseline -0.007 0"><span class='ocrx_word' id='word_1_41' title='bbox 498 636 647 687; x_wconf 83' lang='lat' dir='ltr'><strong>Dicat</strong></span> <span class='ocrx_word' id='word_1_42' title='bbox 676 629 853 683; x_wconf 81' lang='lat' dir='ltr'><strong>Prcsb.</strong></span> <span class='ocrx_word' id='word_1_43' title='bbox 883 625 1164 682; x_wconf 75' lang='lat' dir='ltr'><strong>Silentium</strong></span> <span class='ocrx_word' id='word_1_44' title='bbox 1194 624 1376 681; x_wconf 85' lang='lat' dir='ltr'><strong>facile.</strong></span> 
     </span>
    </p>
   </div>
   <div class='ocr_carea' id='block_1_7' title="bbox 496 719 1044 789">
    <p class='ocr_par' dir='ltr' id='par_1_7' title="bbox 496 719 1044 789">
     <span class='ocr_line' id='line_1_7' title="bbox 496 719 1044 789; baseline -0.009 -13"><span class='ocrx_word' id='word_1_45' title='bbox 496 725 695 777; x_wconf 75' lang='lat' dir='ltr'><strong>Chorus</strong></span> <span class='ocrx_word' id='word_1_46' title='bbox 722 719 1044 789; x_wconf 82' lang='lat' dir='ltr'><strong>respondeat.</strong></span> 
     </span>
    </p>
   </div>
   <div class='ocr_carea' id='block_1_8' title="bbox 418 804 1991 883">
    <p class='ocr_par' dir='ltr' id='par_1_8' title="bbox 418 804 1991 883">
     <span class='ocr_line' id='line_1_8' title="bbox 418 804 1991 883; baseline -0.004 -14"><span class='ocrx_word' id='word_1_47' title='bbox 418 813 696 883; x_wconf 80' lang='lat' dir='ltr'><strong>Sequentia</strong></span> <span class='ocrx_word' id='word_1_48' title='bbox 720 811 948 881; x_wconf 80' lang='lat' dir='ltr'><strong>Epistole</strong></span> <span class='ocrx_word' id='word_1_49' title='bbox 972 808 1126 865; x_wconf 80' lang='lat' dir='ltr'><strong><em>Pauli</em></strong></span> <span class='ocrx_word' id='word_1_50' title='bbox 1154 804 1386 878; x_wconf 72' lang='lat' dir='ltr'><strong>Apostoli</strong></span> <span class='ocrx_word' id='word_1_51' title='bbox 1406 808 1473 860; x_wconf 82' lang='lat' dir='ltr'><strong>ad</strong></span> <span class='ocrx_word' id='word_1_52' title='bbox 1488 807 1776 862; x_wconf 73' lang='lat' dir='ltr'><strong>Corinthios</strong></span> <span class='ocrx_word' id='word_1_53' title='bbox 1830 810 1991 875; x_wconf 79' lang='lat' dir='ltr'><strong>prime</strong></span> 
     </span>
    </p>
   </div>
   <div class='ocr_carea' id='block_1_9' title="bbox 1012 899 1416 972">
    <p class='ocr_par' dir='ltr' id='par_1_9' title="bbox 1012 899 1416 972">
     <span class='ocr_line' id='line_1_9' title="bbox 1012 899 1416 972; baseline 0.002 -18"><span class='ocrx_word' id='word_1_54' title='bbox 1012 902 1063 972; x_wconf 70' lang='grc' dir='ltr'>(δ</span> <span class='ocrx_word' id='word_1_55' title='bbox 1107 902 1232 970; x_wconf 79' lang='lat' dir='ltr'><strong>Cap.</strong></span> <span class='ocrx_word' id='word_1_56' title='bbox 1265 899 1416 969; x_wconf 80' lang='lat' dir='ltr'><strong>XV).</strong></span> 
     </span>
    </p>
   </div>
   <div class='ocr_carea' id='block_1_10' title="bbox 492 997 1272 1067">
    <p class='ocr_par' dir='ltr' id='par_1_10' title="bbox 492 997 1272 1067">
     <span class='ocr_line' id='line_1_10' title="bbox 492 997 1272 1067; baseline -0.004 -16"><span class='ocrx_word' id='word_1_57' title='bbox 492 998 690 1051; x_wconf 81' lang='lat' dir='ltr'><strong>Chorus</strong></span> <span class='ocrx_word' id='word_1_58' title='bbox 724 997 880 1067; x_wconf 77' lang='lat' dir='ltr'><strong>Resp.</strong></span> <span class='ocrx_word' id='word_1_59' title='bbox 914 997 1023 1051; x_wconf 91' lang='lat' dir='ltr'><strong>Deo</strong></span> <span class='ocrx_word' id='word_1_60' title='bbox 1049 999 1272 1065; x_wconf 85' lang='lat' dir='ltr'><strong>gratias.</strong></span> 
     </span>
    </p>
   </div>
   <div class='ocr_carea' id='block_1_11' title="bbox 491 1086 2003 1156">
    <p class='ocr_par' dir='ltr' id='par_1_11' title="bbox 491 1086 2003 1156">
     <span class='ocr_line' id='line_1_11' title="bbox 491 1086 2003 1156; baseline -0.004 -10"><span class='ocrx_word' id='word_1_61' title='bbox 491 1091 727 1146; x_wconf 80' lang='lat' dir='ltr'><strong>Fratres.</strong></span> <span class='ocrx_word' id='word_1_62' title='bbox 746 1089 801 1142; x_wconf 92' lang='lat' dir='ltr'><strong>ln</strong></span> <span class='ocrx_word' id='word_1_63' title='bbox 828 1088 1040 1142; x_wconf 90' lang='lat' dir='ltr'><strong>Christo</strong></span> <span class='ocrx_word' id='word_1_64' title='bbox 1064 1104 1248 1142; x_wconf 83' lang='lat' dir='ltr'><strong>omnes</strong></span> <span class='ocrx_word' id='word_1_65' title='bbox 1265 1086 1687 1141; x_wconf 79' lang='lat' dir='ltr'><strong>vivificabuntur.</strong></span> <span class='ocrx_word' id='word_1_66' title='bbox 1710 1086 2003 1156; x_wconf 85' lang='lat' dir='ltr'><strong>Unusquis-</strong></span> 
     </span>
    </p>
   </div>
   <div class='ocr_carea' id='block_1_12' title="bbox 418 1177 2001 1248">
    <p class='ocr_par' dir='ltr' id='par_1_12' title="bbox 418 1177 2001 1248">
     <span class='ocr_line' id='line_1_12' title="bbox 418 1177 2001 1248; baseline -0.002 -13"><span class='ocrx_word' id='word_1_67' title='bbox 418 1196 522 1247; x_wconf 84' lang='lat' dir='ltr'><strong>que</strong></span> <span class='ocrx_word' id='word_1_68' title='bbox 553 1192 729 1236; x_wconf 86' lang='lat' dir='ltr'><strong>autem</strong></span> <span class='ocrx_word' id='word_1_69' title='bbox 769 1182 821 1233; x_wconf 93' lang='lat' dir='ltr'><strong>in</strong></span> <span class='ocrx_word' id='word_1_70' title='bbox 851 1180 1039 1235; x_wconf 85' lang='lat' dir='ltr'><strong>ordine</strong></span> <span class='ocrx_word' id='word_1_71' title='bbox 1068 1194 1163 1233; x_wconf 92' lang='lat' dir='ltr'><strong>suo</strong></span> <span class='ocrx_word' id='word_1_72' title='bbox 1197 1197 1209 1232; x_wconf 90' lang='lat'><strong>:</strong></span> <span class='ocrx_word' id='word_1_73' title='bbox 1243 1177 1475 1248; x_wconf 84' lang='lat' dir='ltr'><strong>primitie</strong></span> <span class='ocrx_word' id='word_1_74' title='bbox 1502 1177 1771 1232; x_wconf 74' lang='lat' dir='ltr'><strong>Christus.</strong></span> <span class='ocrx_word' id='word_1_75' title='bbox 1802 1177 2001 1232; x_wconf 85' lang='lat' dir='ltr'><strong>Deinde</strong></span> 
     </span>
    </p>
   </div>
   <div class='ocr_carea' id='block_1_13' title="bbox 420 1268 1998 1340">
    <p class='ocr_par' dir='ltr' id='par_1_13' title="bbox 420 1268 1998 1340">
     <span class='ocr_line' id='line_1_13' title="bbox 420 1268 1998 1340; baseline -0.002 -16"><span class='ocrx_word' id='word_1_76' title='bbox 420 1272 472 1324; x_wconf 79' lang='lat' dir='ltr'><strong>lii</strong></span> <span class='ocrx_word' id='word_1_77' title='bbox 505 1270 594 1340; x_wconf 86' lang='lat' dir='ltr'><strong>qui</strong></span> <span class='ocrx_word' id='word_1_78' title='bbox 622 1280 742 1325; x_wconf 89' lang='lat' dir='ltr'><strong>sunt</strong></span> <span class='ocrx_word' id='word_1_79' title='bbox 767 1268 961 1325; x_wconf 77' lang='lat' dir='ltr'><strong>Christi</strong></span> <span class='ocrx_word' id='word_1_80' title='bbox 986 1288 1001 1324; x_wconf 89' lang='lat'><strong>:</strong></span> <span class='ocrx_word' id='word_1_81' title='bbox 1029 1271 1116 1339; x_wconf 87' lang='lat' dir='ltr'><strong>qui</strong></span> <span class='ocrx_word' id='word_1_82' title='bbox 1147 1270 1197 1323; x_wconf 90' lang='lat' dir='ltr'><strong>in</strong></span> <span class='ocrx_word' id='word_1_83' title='bbox 1213 1271 1494 1323; x_wconf 90' lang='lat' dir='ltr'><strong>adventum</strong></span> <span class='ocrx_word' id='word_1_84' title='bbox 1510 1269 1622 1337; x_wconf 83' lang='lat' dir='ltr'><strong>ejus</strong></span> <span class='ocrx_word' id='word_1_85' title='bbox 1636 1268 1998 1322; x_wconf 86' lang='lat' dir='ltr'><strong>crediderunt.</strong></span> 
     </span>
    </p>
   </div>
   <div class='ocr_carea' id='block_1_14' title="bbox 418 1359 1996 1430">
    <p class='ocr_par' dir='ltr' id='par_1_14' title="bbox 418 1359 1996 1430">
     <span class='ocr_line' id='line_1_14' title="bbox 418 1359 1996 1430; baseline -0.001 -17"><span class='ocrx_word' id='word_1_86' title='bbox 418 1360 621 1415; x_wconf 85' lang='lat' dir='ltr'><strong>Deinde</strong></span> <span class='ocrx_word' id='word_1_87' title='bbox 652 1360 773 1415; x_wconf 86' lang='lat' dir='ltr'><strong>linis</strong></span> <span class='ocrx_word' id='word_1_88' title='bbox 827 1375 947 1414; x_wconf 90' lang='lat' dir='ltr'><strong>cum</strong></span> <span class='ocrx_word' id='word_1_89' title='bbox 982 1359 1263 1416; x_wconf 79' lang='lat' dir='ltr'><strong>tradiderit</strong></span> <span class='ocrx_word' id='word_1_90' title='bbox 1292 1360 1529 1430; x_wconf 78' lang='lat' dir='ltr'><strong>Regnum</strong></span> <span class='ocrx_word' id='word_1_91' title='bbox 1579 1360 1687 1414; x_wconf 89' lang='lat' dir='ltr'><strong>Deo</strong></span> <span class='ocrx_word' id='word_1_92' title='bbox 1710 1368 1764 1414; x_wconf 90' lang='lat' dir='ltr'><strong>ct</strong></span> <span class='ocrx_word' id='word_1_93' title='bbox 1809 1360 1946 1427; x_wconf 89' lang='lat' dir='ltr'><strong>patri</strong></span> <span class='ocrx_word' id='word_1_94' title='bbox 1983 1378 1996 1411; x_wconf 91' lang='lat'><strong>:</strong></span> 
     </span>
    </p>
   </div>
   <div class='ocr_carea' id='block_1_15' title="bbox 416 1453 1997 1521">
    <p class='ocr_par' dir='ltr' id='par_1_15' title="bbox 416 1453 1997 1521">
     <span class='ocr_line' id='line_1_15' title="bbox 416 1453 1997 1521; baseline 0.002 -17"><span class='ocrx_word' id='word_1_95' title='bbox 416 1454 895 1507; x_wconf 87' lang='lat' dir='ltr'><strong>cumevacuaverit</strong></span> <span class='ocrx_word' id='word_1_96' title='bbox 924 1468 1135 1507; x_wconf 89' lang='lat' dir='ltr'><strong>omnem</strong></span> <span class='ocrx_word' id='word_1_97' title='bbox 1191 1453 1542 1521; x_wconf 88' lang='lat' dir='ltr'><strong>principatum</strong></span> <span class='ocrx_word' id='word_1_98' title='bbox 1570 1462 1624 1506; x_wconf 92' lang='lat' dir='ltr'><strong>et</strong></span> <span class='ocrx_word' id='word_1_99' title='bbox 1675 1462 1997 1519; x_wconf 86' lang='lat' dir='ltr'><strong>petestatem</strong></span> 
     </span>
    </p>
   </div>
   <div class='ocr_carea' id='block_1_16' title="bbox 416 1543 1985 1613">
    <p class='ocr_par' dir='ltr' id='par_1_16' title="bbox 416 1543 1985 1613">
     <span class='ocr_line' id='line_1_16' title="bbox 416 1543 1985 1613; baseline -0.002 -13"><span class='ocrx_word' id='word_1_100' title='bbox 416 1555 472 1600; x_wconf 90' lang='lat' dir='ltr'><strong>et</strong></span> <span class='ocrx_word' id='word_1_101' title='bbox 500 1544 769 1599; x_wconf 74' lang='lat' dir='ltr'><strong>virtutem.</strong></span> <span class='ocrx_word' id='word_1_102' title='bbox 798 1546 1018 1611; x_wconf 88' lang='lat' dir='ltr'><strong>Oportet</strong></span> <span class='ocrx_word' id='word_1_103' title='bbox 1046 1554 1221 1597; x_wconf 80' lang='lat' dir='ltr'><strong>autem</strong></span> <span class='ocrx_word' id='word_1_104' title='bbox 1248 1544 1393 1597; x_wconf 89' lang='lat' dir='ltr'><strong>illum</strong></span> <span class='ocrx_word' id='word_1_105' title='bbox 1417 1558 1659 1613; x_wconf 80' lang='lat' dir='ltr'><strong>regnare,</strong></span> <span class='ocrx_word' id='word_1_106' title='bbox 1686 1543 1856 1599; x_wconf 90' lang='lat' dir='ltr'><strong>donec</strong></span> <span class='ocrx_word' id='word_1_107' title='bbox 1888 1558 1985 1612; x_wconf 86' lang='lat' dir='ltr'><strong>po-</strong></span> 
     </span>
    </p>
   </div>
   <div class='ocr_carea' id='block_1_17' title="bbox 414 1634 1996 1703">
    <p class='ocr_par' dir='ltr' id='par_1_17' title="bbox 414 1634 1996 1703">
     <span class='ocr_line' id='line_1_17' title="bbox 414 1634 1996 1703; baseline 0.001 -16"><span class='ocrx_word' id='word_1_108' title='bbox 414 1644 507 1689; x_wconf 89' lang='lat' dir='ltr'><strong>nat</strong></span> <span class='ocrx_word' id='word_1_109' title='bbox 528 1650 717 1689; x_wconf 91' lang='lat' dir='ltr'><strong>omnes</strong></span> <span class='ocrx_word' id='word_1_110' title='bbox 742 1634 988 1688; x_wconf 88' lang='lat' dir='ltr'><strong>inimicos</strong></span> <span class='ocrx_word' id='word_1_111' title='bbox 1040 1636 1140 1688; x_wconf 89' lang='lat' dir='ltr'><strong>sub</strong></span> <span class='ocrx_word' id='word_1_112' title='bbox 1171 1635 1394 1702; x_wconf 80' lang='lat' dir='ltr'><strong>pedibus</strong></span> <span class='ocrx_word' id='word_1_113' title='bbox 1424 1634 1561 1703; x_wconf 84' lang='lat' dir='ltr'><strong>ejus.</strong></span> <span class='ocrx_word' id='word_1_114' title='bbox 1614 1634 1805 1688; x_wconf 85' lang='lat' dir='ltr'><strong>Omnia</strong></span> <span class='ocrx_word' id='word_1_115' title='bbox 1847 1636 1996 1688; x_wconf 89' lang='lat' dir='ltr'><strong>enim</strong></span> 
     </span>
    </p>
   </div>
   <div class='ocr_carea' id='block_1_18' title="bbox 412 1723 1996 1796">
    <p class='ocr_par' dir='ltr' id='par_1_18' title="bbox 412 1723 1996 1796">
     <span class='ocr_line' id='line_1_18' title="bbox 412 1723 1996 1796; baseline 0 -17"><span class='ocrx_word' id='word_1_116' title='bbox 412 1723 643 1796; x_wconf 80' lang='lat' dir='ltr'><strong>subjecit</strong></span> <span class='ocrx_word' id='word_1_117' title='bbox 670 1725 769 1779; x_wconf 92' lang='lat' dir='ltr'><strong>sub</strong></span> <span class='ocrx_word' id='word_1_118' title='bbox 799 1726 1017 1792; x_wconf 86' lang='lat' dir='ltr'><strong>pedibus</strong></span> <span class='ocrx_word' id='word_1_119' title='bbox 1045 1725 1181 1793; x_wconf 83' lang='lat' dir='ltr'><strong>ejus.</strong></span> <span class='ocrx_word' id='word_1_120' title='bbox 1228 1726 1524 1780; x_wconf 83' lang='lat' dir='ltr'><strong>Novissime</strong></span> <span class='ocrx_word' id='word_1_121' title='bbox 1574 1735 1755 1779; x_wconf 76' lang='lat' dir='ltr'><strong>autem</strong></span> <span class='ocrx_word' id='word_1_122' title='bbox 1781 1725 1996 1779; x_wconf 87' lang='lat' dir='ltr'><strong>inimica</strong></span> 
     </span>
    </p>
   </div>
   <div class='ocr_carea' id='block_1_19' title="bbox 2068 533 3700 609">
    <p class='ocr_par' dir='ltr' id='par_1_19' title="bbox 2068 533 3700 609">
     <span class='ocr_line' id='line_1_19' title="bbox 2068 533 3700 609; baseline 0.013 -29"><span class='ocrx_word' id='word_1_123' title='bbox 2068 566 2076 575; x_wconf 83' lang='lat'><strong>.</strong></span> <span class='ocrx_word' id='word_1_124' title='bbox 2106 533 2249 598; x_wconf 82' lang='lat' dir='ltr'><strong>plent</strong></span> <span class='ocrx_word' id='word_1_125' title='bbox 2277 535 2672 588; x_wconf 85' lang='lat' dir='ltr'><strong>consummari?</strong></span> <span class='ocrx_word' id='word_1_126' title='bbox 2704 536 2766 590; x_wconf 85' lang='lat' dir='ltr'><strong>Et</strong></span> <span class='ocrx_word' id='word_1_127' title='bbox 2792 539 3121 605; x_wconf 77' lang='lat' dir='ltr'><strong>respondens</strong></span> <span class='ocrx_word' id='word_1_128' title='bbox 3142 537 3296 592; x_wconf 89' lang='lat' dir='ltr'><strong>Iesus</strong></span> <span class='ocrx_word' id='word_1_129' title='bbox 3326 541 3497 609; x_wconf 84' lang='lat' dir='ltr'><strong>:cepit</strong></span> <span class='ocrx_word' id='word_1_130' title='bbox 3518 542 3700 601; x_wconf 91' lang='lat' dir='ltr'><strong>dicere</strong></span> 
     </span>
    </p>
   </div>
   <div class='ocr_carea' id='block_1_20' title="bbox 2105 620 3691 692">
    <p class='ocr_par' dir='ltr' id='par_1_20' title="bbox 2105 620 3691 692">
     <span class='ocr_line' id='line_1_20' title="bbox 2105 620 3691 692; baseline 0.011 -18"><span class='ocrx_word' id='word_1_131' title='bbox 2105 620 2231 674; x_wconf 80' lang='lat' dir='ltr'><strong>illis:</strong></span> <span class='ocrx_word' id='word_1_132' title='bbox 2260 622 2446 677; x_wconf 87' lang='lat' dir='ltr'><strong>Videte</strong></span> <span class='ocrx_word' id='word_1_133' title='bbox 2484 639 2552 678; x_wconf 88' lang='lat' dir='ltr'><strong>ne</strong></span> <span class='ocrx_word' id='word_1_134' title='bbox 2579 625 2698 692; x_wconf 91' lang='lat' dir='ltr'><strong>quis</strong></span> <span class='ocrx_word' id='word_1_135' title='bbox 2736 640 2831 679; x_wconf 88' lang='lat' dir='ltr'><strong>vos</strong></span> <span class='ocrx_word' id='word_1_136' title='bbox 2855 627 3099 682; x_wconf 49' lang='lat' dir='ltr'><strong>serlucat.</strong></span> <span class='ocrx_word' id='word_1_137' title='bbox 3130 628 3277 682; x_wconf 77' lang='lat' dir='ltr'><strong>Multi</strong></span> <span class='ocrx_word' id='word_1_138' title='bbox 3306 634 3447 689; x_wconf 84' lang='lat' dir='ltr'><strong>enim</strong></span> <span class='ocrx_word' id='word_1_139' title='bbox 3474 636 3691 691; x_wconf 85' lang='lat' dir='ltr'><strong>venient</strong></span> 
     </span>
    </p>
   </div>
   <div class='ocr_carea' id='block_1_21' title="bbox 2105 710 3750 788">
    <p class='ocr_par' dir='ltr' id='par_1_21' title="bbox 2105 710 3750 788">
     <span class='ocr_line' id='line_1_21' title="bbox 2105 710 3750 788; baseline 0.009 -25"><span class='ocrx_word' id='word_1_140' title='bbox 2105 710 2156 764; x_wconf 93' lang='lat' dir='ltr'><strong>in</strong></span> <span class='ocrx_word' id='word_1_141' title='bbox 2184 713 2399 766; x_wconf 89' lang='lat' dir='ltr'><strong>nomine</strong></span> <span class='ocrx_word' id='word_1_142' title='bbox 2426 729 2544 768; x_wconf 91' lang='lat' dir='ltr'><strong>meo</strong></span> <span class='ocrx_word' id='word_1_143' title='bbox 2568 716 2807 771; x_wconf 87' lang='lat' dir='ltr'><strong>dicentes</strong></span> <span class='ocrx_word' id='word_1_144' title='bbox 2835 717 2958 786; x_wconf 82' lang='lat' dir='ltr'><strong>quia</strong></span> <span class='ocrx_word' id='word_1_145' title='bbox 2987 734 3086 788; x_wconf 78' lang='lat' dir='ltr'><strong>ego</strong></span> <span class='ocrx_word' id='word_1_146' title='bbox 3112 734 3230 775; x_wconf 91' lang='lat' dir='ltr'><strong>sum</strong></span> <span class='ocrx_word' id='word_1_147' title='bbox 3257 739 3270 773; x_wconf 93' lang='lat'><strong>:</strong></span> <span class='ocrx_word' id='word_1_148' title='bbox 3301 732 3356 777; x_wconf 86' lang='lat' dir='ltr'><strong>et</strong></span> <span class='ocrx_word' id='word_1_149' title='bbox 3376 725 3574 781; x_wconf 87' lang='lat' dir='ltr'><strong>multos</strong></span> <span class='ocrx_word' id='word_1_150' title='bbox 3602 742 3689 782; x_wconf 67' lang='lat' dir='ltr'><strong>sco</strong></span> <span class='ocrx_word' id='word_1_151' title='bbox 3746 767 3750 777; x_wconf 81' lang='lat'><strong>.</strong></span> 
     </span>
    </p>
   </div>
   <div class='ocr_carea' id='block_1_22' title="bbox 2102 801 3689 881">
    <p class='ocr_par' dir='ltr' id='par_1_22' title="bbox 2102 801 3689 881">
     <span class='ocr_line' id='line_1_22' title="bbox 2102 801 3689 881; baseline 0.012 -27"><span class='ocrx_word' id='word_1_152' title='bbox 2102 801 2317 877; x_wconf 87' lang='lat' dir='ltr'><strong>ducent.</strong></span> <span class='ocrx_word' id='word_1_153' title='bbox 2343 802 2473 859; x_wconf 89' lang='lat' dir='ltr'><strong>Cum</strong></span> <span class='ocrx_word' id='word_1_154' title='bbox 2488 806 2757 862; x_wconf 88' lang='lat' dir='ltr'><strong>audieritis</strong></span> <span class='ocrx_word' id='word_1_155' title='bbox 2782 816 2956 863; x_wconf 87' lang='lat' dir='ltr'><strong>autem</strong></span> <span class='ocrx_word' id='word_1_156' title='bbox 2985 810 3120 864; x_wconf 89' lang='lat' dir='ltr'><strong>bella</strong></span> <span class='ocrx_word' id='word_1_157' title='bbox 3140 820 3194 865; x_wconf 92' lang='lat' dir='ltr'><strong>et</strong></span> <span class='ocrx_word' id='word_1_158' title='bbox 3221 812 3504 881; x_wconf 86' lang='lat' dir='ltr'><strong>opiniones</strong></span> <span class='ocrx_word' id='word_1_159' title='bbox 3520 816 3659 872; x_wconf 87' lang='lat' dir='ltr'><strong>bello</strong></span> <span class='ocrx_word' id='word_1_160' title='bbox 3674 847 3689 859; x_wconf 86' lang='lat'><strong>-</strong></span> 
     </span>
    </p>
   </div>
   <div class='ocr_carea' id='block_1_23' title="bbox 2104 898 3745 969">
    <p class='ocr_par' dir='ltr' id='par_1_23' title="bbox 2104 898 3745 969">
     <span class='ocr_line' id='line_1_23' title="bbox 2104 898 3745 969; baseline 0.011 -23"><span class='ocrx_word' id='word_1_161' title='bbox 2104 908 2218 946; x_wconf 87' lang='lat' dir='ltr'><strong>rum</strong></span> <span class='ocrx_word' id='word_1_162' title='bbox 2247 912 2262 949; x_wconf 92' lang='lat'><strong>:</strong></span> <span class='ocrx_word' id='word_1_163' title='bbox 2292 910 2358 950; x_wconf 91' lang='lat' dir='ltr'><strong>ne</strong></span> <span class='ocrx_word' id='word_1_164' title='bbox 2391 898 2693 953; x_wconf 77' lang='lat' dir='ltr'><strong>timueritis.</strong></span> <span class='ocrx_word' id='word_1_165' title='bbox 2731 898 2836 969; x_wconf 67' lang='grc'><strong>14</strong></span> <span class='ocrx_word' id='word_1_166' title='bbox 2857 900 3076 967; x_wconf 83' lang='lat' dir='ltr'><strong>Oportet</strong></span> <span class='ocrx_word' id='word_1_167' title='bbox 3102 902 3243 958; x_wconf 92' lang='lat' dir='ltr'><strong>enim</strong></span> <span class='ocrx_word' id='word_1_168' title='bbox 3277 905 3374 960; x_wconf 83' lang='lat' dir='ltr'><strong>ltcc</strong></span> <span class='ocrx_word' id='word_1_169' title='bbox 3404 906 3552 963; x_wconf 78' lang='lat' dir='ltr'><strong>ﬁeri:</strong></span> <span class='ocrx_word' id='word_1_170' title='bbox 3586 909 3684 963; x_wconf 83' lang='lat' dir='ltr'><strong>sed</strong></span> <span class='ocrx_word' id='word_1_171' title='bbox 3740 945 3745 949; x_wconf 63' lang='grc' dir='ltr'><strong>ς</strong></span> 
     </span>
    </p>
   </div>
   <div class='ocr_carea' id='block_1_24' title="bbox 2108 987 3691 1065">
    <p class='ocr_par' dir='ltr' id='par_1_24' title="bbox 2108 987 3691 1065">
     <span class='ocr_line' id='line_1_24' title="bbox 2108 987 3691 1065; baseline 0.011 -25"><span class='ocrx_word' id='word_1_172' title='bbox 2108 987 2341 1041; x_wconf 88' lang='lat' dir='ltr'><strong>nondum</strong></span> <span class='ocrx_word' id='word_1_173' title='bbox 2372 989 2513 1044; x_wconf 85' lang='lat' dir='ltr'><strong>linis.</strong></span> <span class='ocrx_word' id='word_1_174' title='bbox 2545 991 2778 1061; x_wconf 77' lang='lat' dir='ltr'><strong>Exurget</strong></span> <span class='ocrx_word' id='word_1_175' title='bbox 2820 1008 2951 1062; x_wconf 83' lang='lat' dir='ltr'><strong>gens</strong></span> <span class='ocrx_word' id='word_1_176' title='bbox 2980 1005 3165 1049; x_wconf 86' lang='lat' dir='ltr'><strong>contra</strong></span> <span class='ocrx_word' id='word_1_177' title='bbox 3223 1008 3476 1065; x_wconf 78' lang='lat' dir='ltr'><strong>gentem:</strong></span> <span class='ocrx_word' id='word_1_178' title='bbox 3523 1009 3577 1055; x_wconf 90' lang='lat' dir='ltr'><strong>et</strong></span> <span class='ocrx_word' id='word_1_179' title='bbox 3602 1017 3691 1056; x_wconf 85' lang='lat' dir='ltr'><strong>re-</strong></span> 
     </span>
    </p>
   </div>
   <div class='ocr_carea' id='block_1_25' title="bbox 2110 1084 3695 1158">
    <p class='ocr_par' dir='ltr' id='par_1_25' title="bbox 2110 1084 3695 1158">
     <span class='ocr_line' id='line_1_25' title="bbox 2110 1084 3695 1158; baseline 0.01 -27"><span class='ocrx_word' id='word_1_180' title='bbox 2110 1090 2271 1144; x_wconf 79' lang='lat' dir='ltr'><strong>gnum</strong></span> <span class='ocrx_word' id='word_1_181' title='bbox 2296 1092 2457 1148; x_wconf 56' lang='lat' dir='ltr'><strong>super</strong></span> <span class='ocrx_word' id='word_1_182' title='bbox 2486 1096 2727 1150; x_wconf 78' lang='lat' dir='ltr'><strong>regnum.</strong></span> <span class='ocrx_word' id='word_1_183' title='bbox 2754 1084 2817 1136; x_wconf 85' lang='lat' dir='ltr'><strong>Et</strong></span> <span class='ocrx_word' id='word_1_184' title='bbox 2837 1093 2993 1139; x_wconf 88' lang='lat' dir='ltr'><strong>erunt</strong></span> <span class='ocrx_word' id='word_1_185' title='bbox 3041 1093 3359 1143; x_wconf 75' lang='lat' dir='ltr'><strong>terremotus</strong></span> <span class='ocrx_word' id='word_1_186' title='bbox 3382 1104 3475 1158; x_wconf 89' lang='lat' dir='ltr'><strong>per</strong></span> <span class='ocrx_word' id='word_1_187' title='bbox 3504 1091 3615 1144; x_wconf 92' lang='lat' dir='ltr'><strong>loca</strong></span> <span class='ocrx_word' id='word_1_188' title='bbox 3637 1101 3695 1147; x_wconf 91' lang='lat' dir='ltr'><strong>et</strong></span> 
     </span>
    </p>
   </div>
   <div class='ocr_carea' id='block_1_26' title="bbox 2104 1168 3685 1235">
    <p class='ocr_par' dir='ltr' id='par_1_26' title="bbox 2104 1168 3685 1235">
     <span class='ocr_line' id='line_1_26' title="bbox 2104 1168 3685 1235; baseline 0.009 -13"><span class='ocrx_word' id='word_1_189' title='bbox 2104 1168 2291 1224; x_wconf 80' lang='lat' dir='ltr'><strong>fames.</strong></span> <span class='ocrx_word' id='word_1_190' title='bbox 2320 1169 2529 1225; x_wconf 88' lang='lat' dir='ltr'><strong>Initium</strong></span> <span class='ocrx_word' id='word_1_191' title='bbox 2557 1173 2799 1230; x_wconf 78' lang='lat' dir='ltr'><strong>dolorum</strong></span> <span class='ocrx_word' id='word_1_192' title='bbox 2834 1173 2950 1229; x_wconf 88' lang='lat' dir='ltr'><strong>hec.</strong></span> <span class='ocrx_word' id='word_1_193' title='bbox 2988 1175 3173 1231; x_wconf 84' lang='lat' dir='ltr'><strong>Videte</strong></span> <span class='ocrx_word' id='word_1_194' title='bbox 3206 1188 3383 1232; x_wconf 88' lang='lat' dir='ltr'><strong>autem</strong></span> <span class='ocrx_word' id='word_1_195' title='bbox 3432 1183 3685 1235; x_wconf 85' lang='lat' dir='ltr'><strong>vosmeti-</strong></span> 
     </span>
    </p>
   </div>
   <div class='ocr_carea' id='block_1_27' title="bbox 2103 1262 3687 1341">
    <p class='ocr_par' dir='ltr' id='par_1_27' title="bbox 2103 1262 3687 1341">
     <span class='ocr_line' id='line_1_27' title="bbox 2103 1262 3687 1341; baseline 0.008 -27"><span class='ocrx_word' id='word_1_196' title='bbox 2103 1275 2250 1329; x_wconf 90' lang='lat' dir='ltr'><strong>psos.</strong></span> <span class='ocrx_word' id='word_1_197' title='bbox 2279 1262 2516 1316; x_wconf 87' lang='lat' dir='ltr'><strong>Tradent</strong></span> <span class='ocrx_word' id='word_1_198' title='bbox 2545 1264 2686 1318; x_wconf 88' lang='lat' dir='ltr'><strong>enim</strong></span> <span class='ocrx_word' id='word_1_199' title='bbox 2719 1279 2813 1320; x_wconf 85' lang='lat' dir='ltr'><strong>vos</strong></span> <span class='ocrx_word' id='word_1_200' title='bbox 2858 1265 2909 1320; x_wconf 93' lang='lat' dir='ltr'><strong>in</strong></span> <span class='ocrx_word' id='word_1_201' title='bbox 2938 1266 3183 1322; x_wconf 86' lang='lat' dir='ltr'><strong>conciliis</strong></span> <span class='ocrx_word' id='word_1_202' title='bbox 3222 1277 3276 1323; x_wconf 91' lang='lat' dir='ltr'><strong>et</strong></span> <span class='ocrx_word' id='word_1_203' title='bbox 3299 1269 3351 1322; x_wconf 90' lang='lat' dir='ltr'><strong>in</strong></span> <span class='ocrx_word' id='word_1_204' title='bbox 3399 1273 3687 1341; x_wconf 84' lang='lat' dir='ltr'><strong>synagogis</strong></span> 
     </span>
    </p>
   </div>
   <div class='ocr_carea' id='block_1_28' title="bbox 2102 1353 3733 1431">
    <p class='ocr_par' dir='ltr' id='par_1_28' title="bbox 2102 1353 3733 1431">
     <span class='ocr_line' id='line_1_28' title="bbox 2102 1353 3733 1431; baseline 0.01 -28"><span class='ocrx_word' id='word_1_205' title='bbox 2102 1353 2418 1419; x_wconf 88' lang='lat' dir='ltr'><strong>vapulabitis</strong></span> <span class='ocrx_word' id='word_1_206' title='bbox 2451 1371 2466 1407; x_wconf 91' lang='lat'><strong>:</strong></span> <span class='ocrx_word' id='word_1_207' title='bbox 2498 1364 2553 1409; x_wconf 90' lang='lat' dir='ltr'><strong>et</strong></span> <span class='ocrx_word' id='word_1_208' title='bbox 2580 1365 2705 1411; x_wconf 89' lang='lat' dir='ltr'><strong>ante</strong></span> <span class='ocrx_word' id='word_1_209' title='bbox 2728 1356 2979 1413; x_wconf 83' lang='lat' dir='ltr'><strong>Presides</strong></span> <span class='ocrx_word' id='word_1_210' title='bbox 3027 1368 3082 1413; x_wconf 89' lang='lat' dir='ltr'><strong>et</strong></span> <span class='ocrx_word' id='word_1_211' title='bbox 3109 1359 3283 1428; x_wconf 80' lang='lat' dir='ltr'><strong>Reges</strong></span> <span class='ocrx_word' id='word_1_212' title='bbox 3313 1360 3526 1417; x_wconf 86' lang='lat' dir='ltr'><strong>stabitis</strong></span> <span class='ocrx_word' id='word_1_213' title='bbox 3557 1379 3684 1431; x_wconf 88' lang='lat' dir='ltr'><strong>pro-</strong></span> <span class='ocrx_word' id='word_1_214' title='bbox 3732 1424 3733 1427; x_wconf 30' lang='grc' dir='ltr'><strong>η</strong></span> 
     </span>
    </p>
   </div>
   <div class='ocr_carea' id='block_1_29' title="bbox 2103 1447 3685 1523">
    <p class='ocr_par' dir='ltr' id='par_1_29' title="bbox 2103 1447 3685 1523">
     <span class='ocr_line' id='line_1_29' title="bbox 2103 1447 3685 1523; baseline 0.008 -26"><span class='ocrx_word' id='word_1_215' title='bbox 2103 1453 2219 1513; x_wconf 88' lang='lat' dir='ltr'><strong>pter</strong></span> <span class='ocrx_word' id='word_1_216' title='bbox 2244 1460 2327 1500; x_wconf 88' lang='lat' dir='ltr'><strong>tne</strong></span> <span class='ocrx_word' id='word_1_217' title='bbox 2357 1447 2409 1500; x_wconf 92' lang='lat' dir='ltr'><strong>in</strong></span> <span class='ocrx_word' id='word_1_218' title='bbox 2434 1448 2794 1503; x_wconf 89' lang='lat' dir='ltr'><strong>testimonium</strong></span> <span class='ocrx_word' id='word_1_219' title='bbox 2826 1450 2948 1503; x_wconf 91' lang='lat' dir='ltr'><strong>illis.</strong></span> <span class='ocrx_word' id='word_1_220' title='bbox 2980 1450 3009 1487; x_wconf 68' lang='grc' dir='ltr'>ει</span> <span class='ocrx_word' id='word_1_221' title='bbox 3062 1449 3131 1505; x_wconf 87' lang='lat' dir='ltr'><strong>Et</strong></span> <span class='ocrx_word' id='word_1_222' title='bbox 3157 1452 3208 1505; x_wconf 93' lang='lat' dir='ltr'><strong>in</strong></span> <span class='ocrx_word' id='word_1_223' title='bbox 3238 1467 3425 1508; x_wconf 91' lang='lat' dir='ltr'><strong>omnes</strong></span> <span class='ocrx_word' id='word_1_224' title='bbox 3454 1454 3685 1523; x_wconf 88' lang='lat' dir='ltr'><strong>primum</strong></span> 
     </span>
    </p>
   </div>
   <div class='ocr_carea' id='block_1_30' title="bbox 2100 1539 3687 1610">
    <p class='ocr_par' dir='ltr' id='par_1_30' title="bbox 2100 1539 3687 1610">
     <span class='ocr_line' id='line_1_30' title="bbox 2100 1539 3687 1610; baseline 0.007 -20"><span class='ocrx_word' id='word_1_225' title='bbox 2100 1547 2309 1606; x_wconf 90' lang='lat' dir='ltr'><strong>oportet</strong></span> <span class='ocrx_word' id='word_1_226' title='bbox 2330 1539 2590 1607; x_wconf 81' lang='lat' dir='ltr'><strong>predicari</strong></span> <span class='ocrx_word' id='word_1_227' title='bbox 2637 1541 3002 1610; x_wconf 82' lang='lat' dir='ltr'><strong>Evangelium.</strong></span> <span class='ocrx_word' id='word_1_228' title='bbox 3062 1543 3130 1597; x_wconf 85' lang='lat' dir='ltr'><strong>Et</strong></span> <span class='ocrx_word' id='word_1_229' title='bbox 3156 1558 3278 1597; x_wconf 90' lang='lat' dir='ltr'><strong>cum</strong></span> <span class='ocrx_word' id='word_1_230' title='bbox 3313 1545 3563 1600; x_wconf 81' lang='lat' dir='ltr'><strong>duxerint</strong></span> <span class='ocrx_word' id='word_1_231' title='bbox 3589 1561 3687 1601; x_wconf 90' lang='lat' dir='ltr'><strong>vos</strong></span> 
     </span>
    </p>
   </div>
   <div class='ocr_carea' id='block_1_31' title="bbox 2101 1628 3687 1703">
    <p class='ocr_par' dir='ltr' id='par_1_31' title="bbox 2101 1628 3687 1703">
     <span class='ocr_line' id='line_1_31' title="bbox 2101 1628 3687 1703; baseline 0.005 -22"><span class='ocrx_word' id='word_1_232' title='bbox 2101 1628 2416 1683; x_wconf 86' lang='lat' dir='ltr'><strong>tradentes:</strong></span> <span class='ocrx_word' id='word_1_233' title='bbox 2450 1632 2615 1686; x_wconf 85' lang='lat' dir='ltr'><strong>nolite</strong></span> <span class='ocrx_word' id='word_1_234' title='bbox 2659 1632 2993 1702; x_wconf 83' lang='lat' dir='ltr'><strong>precogitare</strong></span> <span class='ocrx_word' id='word_1_235' title='bbox 3035 1634 3161 1703; x_wconf 87' lang='lat' dir='ltr'><strong>quid</strong></span> <span class='ocrx_word' id='word_1_236' title='bbox 3207 1634 3533 1702; x_wconf 83' lang='lat' dir='ltr'><strong>loquamini:</strong></span> <span class='ocrx_word' id='word_1_237' title='bbox 3589 1633 3687 1690; x_wconf 85' lang='lat' dir='ltr'><strong>sed</strong></span> 
     </span>
    </p>
   </div>
   <div class='ocr_carea' id='block_1_32' title="bbox 2100 1718 3683 1791">
    <p class='ocr_par' dir='ltr' id='par_1_32' title="bbox 2100 1718 3683 1791">
     <span class='ocr_line' id='line_1_32' title="bbox 2100 1718 3683 1791; baseline 0.006 -22"><span class='ocrx_word' id='word_1_238' title='bbox 2100 1718 2241 1787; x_wconf 89' lang='lat' dir='ltr'><strong>quod</strong></span> <span class='ocrx_word' id='word_1_239' title='bbox 2265 1722 2446 1774; x_wconf 88' lang='lat' dir='ltr'><strong>datum</strong></span> <span class='ocrx_word' id='word_1_240' title='bbox 2475 1721 2627 1775; x_wconf 85' lang='lat' dir='ltr'><strong>vobis</strong></span> <span class='ocrx_word' id='word_1_241' title='bbox 2676 1721 2835 1776; x_wconf 83' lang='lat' dir='ltr'><strong>fuerit</strong></span> <span class='ocrx_word' id='word_1_242' title='bbox 2860 1722 2911 1776; x_wconf 94' lang='lat' dir='ltr'><strong>in</strong></span> <span class='ocrx_word' id='word_1_243' title='bbox 2958 1723 3046 1776; x_wconf 89' lang='lat' dir='ltr'><strong>illa</strong></span> <span class='ocrx_word' id='word_1_244' title='bbox 3085 1722 3249 1777; x_wconf 88' lang='lat' dir='ltr'><strong>hora:</strong></span> <span class='ocrx_word' id='word_1_245' title='bbox 3277 1723 3328 1778; x_wconf 89' lang='lat' dir='ltr'><strong>id</strong></span> <span class='ocrx_word' id='word_1_246' title='bbox 3374 1724 3683 1791; x_wconf 87' lang='lat' dir='ltr'><strong>loquamini.</strong></span> 
     </span>
    </p>
   </div>
   <div class='ocr_carea' id='block_1_33' title="bbox 410 1801 3683 1883">
    <p class='ocr_par' dir='ltr' id='par_1_33' title="bbox 410 1801 3683 1883">
     <span class='ocr_line' id='line_1_33' title="bbox 410 1801 3683 1883; baseline -0 -15"><span class='ocrx_word' id='word_1_247' title='bbox 410 1815 718 1871; x_wconf 87' lang='lat' dir='ltr'><strong>destruetur</strong></span> <span class='ocrx_word' id='word_1_248' title='bbox 748 1831 912 1869; x_wconf 89' lang='lat' dir='ltr'><strong>mors.</strong></span> <span class='ocrx_word' id='word_1_249' title='bbox 944 1815 1075 1869; x_wconf 91' lang='lat' dir='ltr'><strong>Cum</strong></span> <span class='ocrx_word' id='word_1_250' title='bbox 1129 1823 1306 1883; x_wconf 89' lang='lat' dir='ltr'><strong>autem</strong></span> <span class='ocrx_word' id='word_1_251' title='bbox 1338 1815 1479 1869; x_wconf 87' lang='lat' dir='ltr'><strong>dicat</strong></span> <span class='ocrx_word' id='word_1_252' title='bbox 1525 1817 1704 1869; x_wconf 86' lang='lat' dir='ltr'><strong>omnia</strong></span> <span class='ocrx_word' id='word_1_253' title='bbox 1752 1817 1990 1883; x_wconf 85' lang='lat' dir='ltr'><strong>subjecta</strong></span> <span class='ocrx_word' id='word_1_254' title='bbox 2028 1801 2071 1861; x_wconf 81' lang='grc' dir='ltr'><strong>Β</strong></span> <span class='ocrx_word' id='word_1_255' title='bbox 2103 1810 2217 1864; x_wconf 85' lang='grc' dir='ltr'>Νοιι</span> <span class='ocrx_word' id='word_1_256' title='bbox 2246 1812 2386 1863; x_wconf 86' lang='lat' dir='ltr'><strong>cnim</strong></span> <span class='ocrx_word' id='word_1_257' title='bbox 2410 1826 2504 1865; x_wconf 91' lang='lat' dir='ltr'><strong>vos</strong></span> <span class='ocrx_word' id='word_1_258' title='bbox 2539 1813 2669 1866; x_wconf 90' lang='lat' dir='ltr'><strong>estis</strong></span> <span class='ocrx_word' id='word_1_259' title='bbox 2700 1812 2975 1881; x_wconf 87' lang='lat' dir='ltr'><strong>loquentes</strong></span> <span class='ocrx_word' id='word_1_260' title='bbox 3007 1828 3021 1866; x_wconf 90' lang='lat'><strong>:</strong></span> <span class='ocrx_word' id='word_1_261' title='bbox 3060 1813 3155 1867; x_wconf 88' lang='lat' dir='ltr'><strong>sed</strong></span> <span class='ocrx_word' id='word_1_262' title='bbox 3180 1812 3407 1881; x_wconf 82' lang='lat' dir='ltr'><strong>Spiritus</strong></span> <span class='ocrx_word' id='word_1_263' title='bbox 3433 1813 3683 1869; x_wconf 86' lang='lat' dir='ltr'><strong>Sanctus.</strong></span> 
     </span>
    </p>
   </div>
   <div class='ocr_carea' id='block_1_34' title="bbox 419 1903 1989 1973">
    <p class='ocr_par' dir='ltr' id='par_1_34' title="bbox 419 1903 1989 1973">
     <span class='ocr_line' id='line_1_34' title="bbox 419 1903 1989 1973; baseline -0.002 -13"><span class='ocrx_word' id='word_1_264' title='bbox 419 1904 607 1960; x_wconf 88' lang='lat' dir='ltr'><strong>suntei</strong></span> <span class='ocrx_word' id='word_1_265' title='bbox 634 1921 648 1959; x_wconf 92' lang='lat'><strong>:</strong></span> <span class='ocrx_word' id='word_1_266' title='bbox 682 1903 797 1958; x_wconf 86' lang='lat' dir='ltr'><strong>sine</strong></span> <span class='ocrx_word' id='word_1_267' title='bbox 819 1904 979 1957; x_wconf 88' lang='lat' dir='ltr'><strong>dubio</strong></span> <span class='ocrx_word' id='word_1_268' title='bbox 1009 1914 1183 1973; x_wconf 88' lang='lat' dir='ltr'><strong>preter</strong></span> <span class='ocrx_word' id='word_1_269' title='bbox 1200 1920 1321 1958; x_wconf 88' lang='lat' dir='ltr'><strong>eum</strong></span> <span class='ocrx_word' id='word_1_270' title='bbox 1350 1904 1437 1973; x_wconf 92' lang='lat' dir='ltr'><strong>qui</strong></span> <span class='ocrx_word' id='word_1_271' title='bbox 1464 1904 1687 1973; x_wconf 83' lang='lat' dir='ltr'><strong>subjecit</strong></span> <span class='ocrx_word' id='word_1_272' title='bbox 1713 1905 1763 1959; x_wconf 91' lang='lat' dir='ltr'><strong>ei</strong></span> <span class='ocrx_word' id='word_1_273' title='bbox 1792 1908 1989 1959; x_wconf 80' lang='lat' dir='ltr'><strong>omnia.</strong></span> 
     </span>
    </p>
   </div>
   <div class='ocr_carea' id='block_1_35' title="bbox 412 1994 1992 2065">
    <p class='ocr_par' dir='ltr' id='par_1_35' title="bbox 412 1994 1992 2065">
     <span class='ocr_line' id='line_1_35' title="bbox 412 1994 1992 2065; baseline -0.003 -14"><span class='ocrx_word' id='word_1_274' title='bbox 412 1997 547 2051; x_wconf 88' lang='lat' dir='ltr'><strong>Cum</strong></span> <span class='ocrx_word' id='word_1_275' title='bbox 574 2004 749 2048; x_wconf 90' lang='lat' dir='ltr'><strong>autem</strong></span> <span class='ocrx_word' id='word_1_276' title='bbox 781 1994 1015 2062; x_wconf 87' lang='lat' dir='ltr'><strong>subjecta</strong></span> <span class='ocrx_word' id='word_1_277' title='bbox 1064 1994 1259 2047; x_wconf 83' lang='lat' dir='ltr'><strong>fuerint</strong></span> <span class='ocrx_word' id='word_1_278' title='bbox 1308 1995 1378 2047; x_wconf 91' lang='lat' dir='ltr'><strong>illi</strong></span> <span class='ocrx_word' id='word_1_279' title='bbox 1428 1996 1652 2048; x_wconf 89' lang='lat' dir='ltr'><strong>omnia:</strong></span> <span class='ocrx_word' id='word_1_280' title='bbox 1710 2004 1833 2049; x_wconf 90' lang='lat' dir='ltr'><strong>tunc</strong></span> <span class='ocrx_word' id='word_1_281' title='bbox 1878 1996 1992 2065; x_wconf 85' lang='lat' dir='ltr'><strong>ipse</strong></span> 
     </span>
    </p>
   </div>
   <div class='ocr_carea' id='block_1_36' title="bbox 426 2083 1991 2152">
    <p class='ocr_par' dir='ltr' id='par_1_36' title="bbox 426 2083 1991 2152">
     <span class='ocr_line' id='line_1_36' title="bbox 426 2083 1991 2152; baseline -0.001 -13"><span class='ocrx_word' id='word_1_282' title='bbox 426 2086 567 2139; x_wconf 84' lang='lat' dir='ltr'><strong>ﬁlius</strong></span> <span class='ocrx_word' id='word_1_283' title='bbox 601 2083 874 2152; x_wconf 72' lang='lat' dir='ltr'><strong>subjectus</strong></span> <span class='ocrx_word' id='word_1_284' title='bbox 904 2085 1004 2138; x_wconf 86' lang='lat' dir='ltr'><strong>erit</strong></span> <span class='ocrx_word' id='word_1_285' title='bbox 1034 2083 1104 2137; x_wconf 90' lang='lat' dir='ltr'><strong>illi</strong></span> <span class='ocrx_word' id='word_1_286' title='bbox 1135 2085 1221 2152; x_wconf 87' lang='lat' dir='ltr'><strong>qui</strong></span> <span class='ocrx_word' id='word_1_287' title='bbox 1270 2083 1370 2137; x_wconf 91' lang='lat' dir='ltr'><strong>sibi</strong></span> <span class='ocrx_word' id='word_1_288' title='bbox 1400 2084 1618 2152; x_wconf 89' lang='lat' dir='ltr'><strong>subjecit</strong></span> <span class='ocrx_word' id='word_1_289' title='bbox 1662 2084 1841 2138; x_wconf 86' lang='lat' dir='ltr'><strong>omnia</strong></span> <span class='ocrx_word' id='word_1_290' title='bbox 1869 2101 1885 2141; x_wconf 88' lang='lat'><strong>:</strong></span> <span class='ocrx_word' id='word_1_291' title='bbox 1934 2094 1991 2138; x_wconf 92' lang='lat' dir='ltr'><strong>ut</strong></span> 
     </span>
    </p>
   </div>
   <div class='ocr_carea' id='block_1_37' title="bbox 411 2173 1988 2245">
    <p class='ocr_par' dir='ltr' id='par_1_37' title="bbox 411 2173 1988 2245">
     <span class='ocr_line' id='line_1_37' title="bbox 411 2173 1988 2245; baseline 0 -15"><span class='ocrx_word' id='word_1_292' title='bbox 411 2178 486 2231; x_wconf 83' lang='lat' dir='ltr'><strong>sit</strong></span> <span class='ocrx_word' id='word_1_293' title='bbox 515 2178 651 2229; x_wconf 71' lang='lat' dir='ltr'><strong>Deus</strong></span> <span class='ocrx_word' id='word_1_294' title='bbox 680 2177 857 2229; x_wconf 86' lang='lat' dir='ltr'><strong>omnia</strong></span> <span class='ocrx_word' id='word_1_295' title='bbox 878 2176 929 2228; x_wconf 93' lang='lat' dir='ltr'><strong>in</strong></span> <span class='ocrx_word' id='word_1_296' title='bbox 956 2175 1222 2229; x_wconf 89' lang='lat' dir='ltr'><strong>omnibus.</strong></span> <span class='ocrx_word' id='word_1_297' title='bbox 1250 2175 1497 2243; x_wconf 85' lang='lat' dir='ltr'><strong>Alioquin</strong></span> <span class='ocrx_word' id='word_1_298' title='bbox 1518 2175 1643 2244; x_wconf 91' lang='lat' dir='ltr'><strong>quid</strong></span> <span class='ocrx_word' id='word_1_299' title='bbox 1674 2173 1871 2229; x_wconf 76' lang='lat' dir='ltr'><strong>facient</strong></span> <span class='ocrx_word' id='word_1_300' title='bbox 1900 2177 1988 2245; x_wconf 87' lang='lat' dir='ltr'><strong>qui</strong></span> 
     </span>
    </p>
   </div>
   <div class='ocr_carea' id='block_1_38' title="bbox 416 2265 1986 2335">
    <p class='ocr_par' dir='ltr' id='par_1_38' title="bbox 416 2265 1986 2335">
     <span class='ocr_line' id='line_1_38' title="bbox 416 2265 1986 2335; baseline 0 -16"><span class='ocrx_word' id='word_1_301' title='bbox 416 2266 753 2335; x_wconf 84' lang='lat' dir='ltr'><strong>haptizantur</strong></span> <span class='ocrx_word' id='word_1_302' title='bbox 794 2280 887 2333; x_wconf 89' lang='lat' dir='ltr'><strong>pro</strong></span> <span class='ocrx_word' id='word_1_303' title='bbox 918 2266 1178 2320; x_wconf 87' lang='lat' dir='ltr'><strong>mortuis?</strong></span> <span class='ocrx_word' id='word_1_304' title='bbox 1207 2265 1260 2320; x_wconf 89' lang='lat' dir='ltr'><strong>Si</strong></span> <span class='ocrx_word' id='word_1_305' title='bbox 1294 2265 1510 2317; x_wconf 91' lang='lat' dir='ltr'><strong>omnino</strong></span> <span class='ocrx_word' id='word_1_306' title='bbox 1538 2265 1728 2317; x_wconf 88' lang='lat' dir='ltr'><strong>mortui</strong></span> <span class='ocrx_word' id='word_1_307' title='bbox 1762 2280 1870 2318; x_wconf 92' lang='lat' dir='ltr'><strong>non</strong></span> <span class='ocrx_word' id='word_1_308' title='bbox 1899 2282 1986 2319; x_wconf 88' lang='lat' dir='ltr'><strong>re-</strong></span> 
     </span>
    </p>
   </div>
   <div class='ocr_carea' id='block_1_39' title="bbox 417 2354 1989 2426">
    <p class='ocr_par' dir='ltr' id='par_1_39' title="bbox 417 2354 1989 2426">
     <span class='ocr_line' id='line_1_39' title="bbox 417 2354 1989 2426; baseline -0.001 -14"><span class='ocrx_word' id='word_1_309' title='bbox 417 2367 641 2426; x_wconf 88' lang='lat' dir='ltr'><strong>surgunt</strong></span> <span class='ocrx_word' id='word_1_310' title='bbox 668 2375 681 2411; x_wconf 91' lang='lat'><strong>:</strong></span> <span class='ocrx_word' id='word_1_311' title='bbox 708 2365 765 2410; x_wconf 88' lang='lat' dir='ltr'><strong>nt</strong></span> <span class='ocrx_word' id='word_1_312' title='bbox 779 2356 902 2425; x_wconf 88' lang='lat' dir='ltr'><strong>quid</strong></span> <span class='ocrx_word' id='word_1_313' title='bbox 922 2365 975 2410; x_wconf 90' lang='lat' dir='ltr'><strong>et</strong></span> <span class='ocrx_word' id='word_1_314' title='bbox 997 2355 1331 2422; x_wconf 85' lang='lat' dir='ltr'><strong>baptizantur</strong></span> <span class='ocrx_word' id='word_1_315' title='bbox 1352 2369 1448 2423; x_wconf 91' lang='lat' dir='ltr'><strong>pro</strong></span> <span class='ocrx_word' id='word_1_316' title='bbox 1471 2354 1610 2409; x_wconf 88' lang='lat' dir='ltr'><strong>illis?</strong></span> <span class='ocrx_word' id='word_1_317' title='bbox 1629 2354 1694 2409; x_wconf 89' lang='lat' dir='ltr'><strong>Ut</strong></span> <span class='ocrx_word' id='word_1_318' title='bbox 1722 2355 1846 2423; x_wconf 87' lang='lat' dir='ltr'><strong>quid</strong></span> <span class='ocrx_word' id='word_1_319' title='bbox 1883 2366 1905 2392; x_wconf 76' lang='grc' dir='ltr'><strong>ο</strong></span> <span class='ocrx_word' id='word_1_320' title='bbox 1935 2365 1989 2410; x_wconf 93' lang='lat' dir='ltr'><strong>et</strong></span> 
     </span>
    </p>
   </div>
   <div class='ocr_carea' id='block_1_40' title="bbox 411 2443 1988 2518">
    <p class='ocr_par' dir='ltr' id='par_1_40' title="bbox 411 2443 1988 2518">
     <span class='ocr_line' id='line_1_40' title="bbox 411 2443 1988 2518; baseline -0.002 -15"><span class='ocrx_word' id='word_1_321' title='bbox 411 2466 515 2503; x_wconf 93' lang='lat' dir='ltr'><strong>non</strong></span> <span class='ocrx_word' id='word_1_322' title='bbox 542 2450 901 2518; x_wconf 85' lang='lat' dir='ltr'><strong>periclitamur</strong></span> <span class='ocrx_word' id='word_1_323' title='bbox 930 2447 1074 2500; x_wconf 90' lang='lat' dir='ltr'><strong>omni</strong></span> <span class='ocrx_word' id='word_1_324' title='bbox 1098 2447 1267 2500; x_wconf 88' lang='lat' dir='ltr'><strong>hora?</strong></span> <span class='ocrx_word' id='word_1_325' title='bbox 1296 2443 1321 2482; x_wconf 70' lang='grc' dir='ltr'>ἀ</span> <span class='ocrx_word' id='word_1_326' title='bbox 1353 2446 1601 2512; x_wconf 83' lang='lat' dir='ltr'><strong>Quotidie</strong></span> <span class='ocrx_word' id='word_1_327' title='bbox 1630 2447 1833 2500; x_wconf 90' lang='lat' dir='ltr'><strong>morior</strong></span> <span class='ocrx_word' id='word_1_328' title='bbox 1865 2462 1988 2515; x_wconf 88' lang='lat' dir='ltr'><strong>pro-</strong></span> 
     </span>
    </p>
   </div>
   <div class='ocr_carea' id='block_1_41' title="bbox 408 2536 1986 2610">
    <p class='ocr_par' dir='ltr' id='par_1_41' title="bbox 408 2536 1986 2610">
     <span class='ocr_line' id='line_1_41' title="bbox 408 2536 1986 2610; baseline 0.002 -19"><span class='ocrx_word' id='word_1_329' title='bbox 408 2552 525 2610; x_wconf 73' lang='lat' dir='ltr'><strong>pter</strong></span> <span class='ocrx_word' id='word_1_330' title='bbox 562 2551 792 2596; x_wconf 83' lang='lat' dir='ltr'><strong>vestram</strong></span> <span class='ocrx_word' id='word_1_331' title='bbox 823 2540 1046 2608; x_wconf 82' lang='lat' dir='ltr'><strong>gloriam</strong></span> <span class='ocrx_word' id='word_1_332' title='bbox 1074 2537 1270 2594; x_wconf 79' lang='lat' dir='ltr'><strong>fratres</strong></span> <span class='ocrx_word' id='word_1_333' title='bbox 1291 2552 1448 2609; x_wconf 83' lang='lat' dir='ltr'><strong>quazn</strong></span> <span class='ocrx_word' id='word_1_334' title='bbox 1478 2536 1666 2593; x_wconf 91' lang='lat' dir='ltr'><strong>habeo.</strong></span> <span class='ocrx_word' id='word_1_335' title='bbox 1689 2537 1745 2592; x_wconf 92' lang='lat' dir='ltr'><strong>In</strong></span> <span class='ocrx_word' id='word_1_336' title='bbox 1773 2539 1986 2595; x_wconf 86' lang='lat' dir='ltr'><strong>Christo</strong></span> 
     </span>
    </p>
   </div>
   <div class='ocr_carea' id='block_1_42' title="bbox 410 2631 1012 2686">
    <p class='ocr_par' dir='ltr' id='par_1_42' title="bbox 410 2631 1012 2686">
     <span class='ocr_line' id='line_1_42' title="bbox 410 2631 1012 2686; baseline -0.005 0"><span class='ocrx_word' id='word_1_337' title='bbox 410 2631 535 2686; x_wconf 84' lang='lat' dir='ltr'><strong>Iesu</strong></span> <span class='ocrx_word' id='word_1_338' title='bbox 571 2631 793 2684; x_wconf 86' lang='lat' dir='ltr'><strong>Domino</strong></span> <span class='ocrx_word' id='word_1_339' title='bbox 811 2639 1012 2684; x_wconf 89' lang='lat' dir='ltr'><strong>nostro.</strong></span> 
     </span>
    </p>
   </div>
   <div class='ocr_carea' id='block_1_43' title="bbox 487 2722 785 2788">
    <p class='ocr_par' dir='ltr' id='par_1_43' title="bbox 487 2722 785 2788">
     <span class='ocr_line' id='line_1_43' title="bbox 487 2722 785 2788; baseline -0.007 -15"><span class='ocrx_word' id='word_1_340' title='bbox 487 2722 525 2788; x_wconf 70' lang='lat' dir='ltr'><strong>ri}</strong></span> <span class='ocrx_word' id='word_1_341' title='bbox 548 2761 561 2773; x_wconf 93' lang='lat'><strong>.</strong></span> <span class='ocrx_word' id='word_1_342' title='bbox 595 2722 785 2773; x_wconf 85' lang='lat' dir='ltr'><strong>Amen.</strong></span> 
     </span>
    </p>
   </div>
   <div class='ocr_carea' id='block_1_44' title="bbox 483 2808 1774 2879">
    <p class='ocr_par' dir='ltr' id='par_1_44' title="bbox 483 2808 1774 2879">
     <span class='ocr_line' id='line_1_44' title="bbox 483 2808 1774 2879; baseline 0.001 -18"><span class='ocrx_word' id='word_1_343' title='bbox 483 2809 632 2863; x_wconf 80' lang='lat' dir='ltr'><strong>Dicat</strong></span> <span class='ocrx_word' id='word_1_344' title='bbox 661 2808 841 2862; x_wconf 81' lang='lat' dir='ltr'><strong>Presb.</strong></span> <span class='ocrx_word' id='word_1_345' title='bbox 869 2809 1126 2863; x_wconf 84' lang='lat' dir='ltr'><strong>Dominus</strong></span> <span class='ocrx_word' id='word_1_346' title='bbox 1154 2808 1223 2863; x_wconf 90' lang='lat' dir='ltr'><strong>sit</strong></span> <span class='ocrx_word' id='word_1_347' title='bbox 1247 2824 1457 2879; x_wconf 88' lang='lat' dir='ltr'><strong>semper</strong></span> <span class='ocrx_word' id='word_1_348' title='bbox 1478 2810 1774 2865; x_wconf 84' lang='lat' dir='ltr'><strong>vobiscum.</strong></span> 
     </span>
    </p>
   </div>
   <div class='ocr_carea' id='block_1_45' title="bbox 489 2901 1051 2971">
    <p class='ocr_par' dir='ltr' id='par_1_45' title="bbox 489 2901 1051 2971">
     <span class='ocr_line' id='line_1_45' title="bbox 489 2901 1051 2971; baseline -0.002 -16"><span class='ocrx_word' id='word_1_349' title='bbox 489 2903 525 2970; x_wconf 61' lang='grc' dir='ltr'>ιζ</span> <span class='ocrx_word' id='word_1_350' title='bbox 548 2942 561 2955; x_wconf 90' lang='grc'><strong>.</strong></span> <span class='ocrx_word' id='word_1_351' title='bbox 595 2902 657 2954; x_wconf 87' lang='lat' dir='ltr'><strong>Et</strong></span> <span class='ocrx_word' id='word_1_352' title='bbox 687 2918 804 2956; x_wconf 90' lang='lat' dir='ltr'><strong>cum</strong></span> <span class='ocrx_word' id='word_1_353' title='bbox 846 2901 1051 2971; x_wconf 75' lang='lat' dir='ltr'><strong>spiritu,</strong></span> 
     </span>
    </p>
   </div>
   <div class='ocr_carea' id='block_1_46' title="bbox 401 2989 1979 3061">
    <p class='ocr_par' dir='ltr' id='par_1_46' title="bbox 401 2989 1979 3061">
     <span class='ocr_line' id='line_1_46' title="bbox 401 2989 1979 3061; baseline -0.002 -15"><span class='ocrx_word' id='word_1_354' title='bbox 401 2992 574 3046; x_wconf 83' lang='lat' dir='ltr'><strong>Lectio</strong></span> <span class='ocrx_word' id='word_1_355' title='bbox 591 2993 766 3045; x_wconf 81' lang='lat' dir='ltr'><strong>Sancti</strong></span> <span class='ocrx_word' id='word_1_356' title='bbox 783 2990 1043 3060; x_wconf 79' lang='lat' dir='ltr'><strong>Evangelii</strong></span> <span class='ocrx_word' id='word_1_357' title='bbox 1056 2992 1330 3045; x_wconf 84' lang='lat' dir='ltr'><strong>secundum</strong></span> <span class='ocrx_word' id='word_1_358' title='bbox 1356 2990 1587 3044; x_wconf 85' lang='lat' dir='ltr'><strong>Marcum</strong></span> <span class='ocrx_word' id='word_1_359' title='bbox 1603 2992 1650 3059; x_wconf 70' lang='lat'><strong>(&#39;</strong></span> <span class='ocrx_word' id='word_1_360' title='bbox 1669 2991 1794 3061; x_wconf 84' lang='lat' dir='ltr'><strong>Cap.</strong></span> <span class='ocrx_word' id='word_1_361' title='bbox 1818 2989 1979 3055; x_wconf 81' lang='lat' dir='ltr'><strong>XII).</strong></span> 
     </span>
    </p>
   </div>
   <div class='ocr_carea' id='block_1_47' title="bbox 471 3080 1981 3151">
    <p class='ocr_par' dir='ltr' id='par_1_47' title="bbox 471 3080 1981 3151">
     <span class='ocr_line' id='line_1_47' title="bbox 471 3080 1981 3151; baseline -0.001 -14"><span class='ocrx_word' id='word_1_362' title='bbox 471 3082 567 3137; x_wconf 85' lang='lat' dir='ltr'><strong>Illo</strong></span> <span class='ocrx_word' id='word_1_363' title='bbox 596 3083 645 3136; x_wconf 91' lang='lat' dir='ltr'><strong>in</strong></span> <span class='ocrx_word' id='word_1_364' title='bbox 671 3080 932 3151; x_wconf 82' lang='lat' dir='ltr'><strong>tempore.</strong></span> <span class='ocrx_word' id='word_1_365' title='bbox 961 3083 1215 3136; x_wconf 91' lang='lat' dir='ltr'><strong>Dominus</strong></span> <span class='ocrx_word' id='word_1_366' title='bbox 1247 3092 1428 3138; x_wconf 89' lang='lat' dir='ltr'><strong>noster</strong></span> <span class='ocrx_word' id='word_1_367' title='bbox 1450 3083 1607 3137; x_wconf 86' lang='lat' dir='ltr'><strong>Iesus</strong></span> <span class='ocrx_word' id='word_1_368' title='bbox 1637 3084 1879 3136; x_wconf 74' lang='lat' dir='ltr'><strong>Christus</strong></span> <span class='ocrx_word' id='word_1_369' title='bbox 1907 3084 1981 3135; x_wconf 86' lang='lat' dir='ltr'><strong>lo-</strong></span> 
     </span>
    </p>
   </div>
   <div class='ocr_carea' id='block_1_48' title="bbox 398 3148 2058 3243">
    <p class='ocr_par' dir='ltr' id='par_1_48' title="bbox 398 3148 2058 3243">
     <span class='ocr_line' id='line_1_48' title="bbox 398 3148 2058 3243; baseline 0 -16"><span class='ocrx_word' id='word_1_370' title='bbox 398 3174 662 3243; x_wconf 83' lang='lat' dir='ltr'><strong>quebatur</strong></span> <span class='ocrx_word' id='word_1_371' title='bbox 703 3174 972 3243; x_wconf 87' lang='lat' dir='ltr'><strong>discipulis</strong></span> <span class='ocrx_word' id='word_1_372' title='bbox 997 3174 1108 3228; x_wconf 88' lang='lat' dir='ltr'><strong>suis</strong></span> <span class='ocrx_word' id='word_1_373' title='bbox 1130 3175 1329 3229; x_wconf 87' lang='lat' dir='ltr'><strong>dicens.</strong></span> <span class='ocrx_word' id='word_1_374' title='bbox 1358 3175 1551 3229; x_wconf 69' lang='lat' dir='ltr'><strong>Cavete</strong></span> <span class='ocrx_word' id='word_1_375' title='bbox 1579 3190 1606 3226; x_wconf 92' lang='lat' dir='ltr'><strong>a</strong></span> <span class='ocrx_word' id='word_1_376' title='bbox 1630 3174 1829 3228; x_wconf 79' lang='lat' dir='ltr'><strong>Scribis</strong></span> <span class='ocrx_word' id='word_1_377' title='bbox 1857 3190 1868 3225; x_wconf 91' lang='lat'><strong>:</strong></span> <span class='ocrx_word' id='word_1_378' title='bbox 1892 3176 1978 3241; x_wconf 86' lang='lat' dir='ltr'><strong>qui</strong></span> <span class='ocrx_word' id='word_1_379' title='bbox 2009 3148 2058 3211; x_wconf 65' lang='grc' dir='ltr'><strong><em>ε</em></strong></span> 
     </span>
    </p>
   </div>
   <div class='ocr_carea' id='block_1_49' title="bbox 399 3268 1977 3325">
    <p class='ocr_par' dir='ltr' id='par_1_49' title="bbox 399 3268 1977 3325">
     <span class='ocr_line' id='line_1_49' title="bbox 399 3268 1977 3325; baseline 0.002 -6"><span class='ocrx_word' id='word_1_380' title='bbox 399 3270 585 3322; x_wconf 86' lang='lat' dir='ltr'><strong>volunt</strong></span> <span class='ocrx_word' id='word_1_381' title='bbox 609 3269 659 3322; x_wconf 91' lang='lat' dir='ltr'><strong>in</strong></span> <span class='ocrx_word' id='word_1_382' title='bbox 686 3271 835 3323; x_wconf 83' lang='lat' dir='ltr'><strong>siolis</strong></span> <span class='ocrx_word' id='word_1_383' title='bbox 892 3270 1166 3325; x_wconf 87' lang='lat' dir='ltr'><strong>ambulare</strong></span> <span class='ocrx_word' id='word_1_384' title='bbox 1194 3287 1206 3321; x_wconf 87' lang='lat'><strong>:</strong></span> <span class='ocrx_word' id='word_1_385' title='bbox 1237 3279 1291 3324; x_wconf 89' lang='lat' dir='ltr'><strong>et</strong></span> <span class='ocrx_word' id='word_1_386' title='bbox 1320 3271 1536 3323; x_wconf 86' lang='lat' dir='ltr'><strong>salutari</strong></span> <span class='ocrx_word' id='word_1_387' title='bbox 1578 3269 1627 3322; x_wconf 93' lang='lat' dir='ltr'><strong>in</strong></span> <span class='ocrx_word' id='word_1_388' title='bbox 1661 3268 1775 3322; x_wconf 81' lang='lat' dir='ltr'><strong>foro</strong></span> <span class='ocrx_word' id='word_1_389' title='bbox 1808 3286 1818 3319; x_wconf 93' lang='lat'><strong>:</strong></span> <span class='ocrx_word' id='word_1_390' title='bbox 1849 3280 1900 3322; x_wconf 89' lang='lat' dir='ltr'><strong>ct</strong></span> <span class='ocrx_word' id='word_1_391' title='bbox 1926 3268 1977 3322; x_wconf 91' lang='lat' dir='ltr'><strong>in</strong></span> 
     </span>
    </p>
   </div>
   <div class='ocr_carea' id='block_1_50' title="bbox 398 3361 1979 3432">
    <p class='ocr_par' dir='ltr' id='par_1_50' title="bbox 398 3361 1979 3432">
     <span class='ocr_line' id='line_1_50' title="bbox 398 3361 1979 3432; baseline -0.001 -18"><span class='ocrx_word' id='word_1_392' title='bbox 398 3363 581 3431; x_wconf 88' lang='lat' dir='ltr'><strong>primis</strong></span> <span class='ocrx_word' id='word_1_393' title='bbox 606 3363 874 3417; x_wconf 87' lang='lat' dir='ltr'><strong>cathedris</strong></span> <span class='ocrx_word' id='word_1_394' title='bbox 911 3362 1097 3417; x_wconf 83' lang='lat' dir='ltr'><strong>Sedere</strong></span> <span class='ocrx_word' id='word_1_395' title='bbox 1131 3364 1183 3416; x_wconf 93' lang='lat' dir='ltr'><strong>in</strong></span> <span class='ocrx_word' id='word_1_396' title='bbox 1210 3362 1490 3432; x_wconf 74' lang='lat' dir='ltr'><strong>Sinagugis</strong></span> <span class='ocrx_word' id='word_1_397' title='bbox 1517 3377 1532 3417; x_wconf 89' lang='lat'><strong>:</strong></span> <span class='ocrx_word' id='word_1_398' title='bbox 1566 3376 1613 3416; x_wconf 71' lang='lat' dir='ltr'><strong>et</strong></span> <span class='ocrx_word' id='word_1_399' title='bbox 1643 3362 1842 3430; x_wconf 78' lang='lat' dir='ltr'><strong>primos</strong></span> <span class='ocrx_word' id='word_1_400' title='bbox 1870 3361 1979 3413; x_wconf 92' lang='lat' dir='ltr'><strong>dis-</strong></span> 
     </span>
    </p>
   </div>
   <div class='ocr_carea' id='block_1_51' title="bbox 395 3442 1980 3520">
    <p class='ocr_par' dir='ltr' id='par_1_51' title="bbox 395 3442 1980 3520">
     <span class='ocr_line' id='line_1_51' title="bbox 395 3442 1980 3520; baseline -0.001 -15"><span class='ocrx_word' id='word_1_401' title='bbox 395 3452 604 3505; x_wconf 87' lang='lat' dir='ltr'><strong>cubitus</strong></span> <span class='ocrx_word' id='word_1_402' title='bbox 629 3451 681 3505; x_wconf 92' lang='lat' dir='ltr'><strong>in</strong></span> <span class='ocrx_word' id='word_1_403' title='bbox 712 3452 990 3520; x_wconf 86' lang='lat' dir='ltr'><strong>cenis.Qui</strong></span> <span class='ocrx_word' id='word_1_404' title='bbox 1015 3453 1270 3507; x_wconf 81' lang='lat' dir='ltr'><strong>devorant</strong></span> <span class='ocrx_word' id='word_1_405' title='bbox 1317 3442 1822 3506; x_wconf 56' lang='lat' dir='ltr'><strong>don‘tos&#39;viduarnm</strong></span> <span class='ocrx_word' id='word_1_406' title='bbox 1879 3453 1980 3506; x_wconf 91' lang='lat' dir='ltr'><strong>sub</strong></span> 
     </span>
    </p>
   </div>
   <div class='ocr_carea' id='block_1_52' title="bbox 398 3542 1979 3613">
    <p class='ocr_par' dir='ltr' id='par_1_52' title="bbox 398 3542 1979 3613">
     <span class='ocr_line' id='line_1_52' title="bbox 398 3542 1979 3613; baseline -0.001 -17"><span class='ocrx_word' id='word_1_407' title='bbox 398 3543 621 3597; x_wconf 90' lang='lat' dir='ltr'><strong>obtentu</strong></span> <span class='ocrx_word' id='word_1_408' title='bbox 666 3542 872 3613; x_wconf 83' lang='lat' dir='ltr'><strong>prolixe</strong></span> <span class='ocrx_word' id='word_1_409' title='bbox 902 3544 1176 3597; x_wconf 88' lang='lat' dir='ltr'><strong>orationis.</strong></span> <span class='ocrx_word' id='word_1_410' title='bbox 1211 3544 1271 3597; x_wconf 89' lang='lat' dir='ltr'><strong>lli</strong></span> <span class='ocrx_word' id='word_1_411' title='bbox 1302 3543 1566 3612; x_wconf 73' lang='lat' dir='ltr'><strong>accipient</strong></span> <span class='ocrx_word' id='word_1_412' title='bbox 1616 3544 1979 3611; x_wconf 84' lang='lat' dir='ltr'><strong>prolixiusju-</strong></span> 
     </span>
    </p>
   </div>
   <div class='ocr_carea' id='block_1_53' title="bbox 394 3632 1979 3703">
    <p class='ocr_par' dir='ltr' id='par_1_53' title="bbox 394 3632 1979 3703">
     <span class='ocr_line' id='line_1_53' title="bbox 394 3632 1979 3703; baseline 0.001 -18"><span class='ocrx_word' id='word_1_413' title='bbox 394 3632 615 3685; x_wconf 89' lang='lat' dir='ltr'><strong>diciutn.</strong></span> <span class='ocrx_word' id='word_1_414' title='bbox 650 3633 716 3685; x_wconf 82' lang='lat' dir='ltr'><strong>Et</strong></span> <span class='ocrx_word' id='word_1_415' title='bbox 742 3632 935 3686; x_wconf 90' lang='lat' dir='ltr'><strong>sedens</strong></span> <span class='ocrx_word' id='word_1_416' title='bbox 963 3632 1119 3687; x_wconf 90' lang='lat' dir='ltr'><strong>Iesus</strong></span> <span class='ocrx_word' id='word_1_417' title='bbox 1162 3644 1348 3687; x_wconf 89' lang='lat' dir='ltr'><strong>contra</strong></span> <span class='ocrx_word' id='word_1_418' title='bbox 1395 3634 1813 3703; x_wconf 78' lang='lat' dir='ltr'><strong>gazOpltilacium</strong></span> <span class='ocrx_word' id='word_1_419' title='bbox 1847 3650 1858 3685; x_wconf 94' lang='lat'><strong>:</strong></span> <span class='ocrx_word' id='word_1_420' title='bbox 1892 3649 1979 3687; x_wconf 86' lang='lat' dir='ltr'><strong>as-</strong></span> 
     </span>
    </p>
   </div>
   <div class='ocr_carea' id='block_1_54' title="bbox 397 3722 1975 3794">
    <p class='ocr_par' dir='ltr' id='par_1_54' title="bbox 397 3722 1975 3794">
     <span class='ocr_line' id='line_1_54' title="bbox 397 3722 1975 3794; baseline 0.001 -20"><span class='ocrx_word' id='word_1_421' title='bbox 397 3723 623 3790; x_wconf 86' lang='lat' dir='ltr'><strong>piciebat</strong></span> <span class='ocrx_word' id='word_1_422' title='bbox 650 3722 916 3791; x_wconf 92' lang='lat' dir='ltr'><strong>quomodo</strong></span> <span class='ocrx_word' id='word_1_423' title='bbox 937 3725 1090 3778; x_wconf 89' lang='lat' dir='ltr'><strong>turba</strong></span> <span class='ocrx_word' id='word_1_424' title='bbox 1112 3724 1347 3793; x_wconf 88' lang='lat' dir='ltr'><strong>jactaret</strong></span> <span class='ocrx_word' id='word_1_425' title='bbox 1375 3738 1434 3779; x_wconf 90' lang='lat' dir='ltr'><strong>es</strong></span> <span class='ocrx_word' id='word_1_426' title='bbox 1458 3725 1508 3777; x_wconf 93' lang='lat' dir='ltr'><strong>in</strong></span> <span class='ocrx_word' id='word_1_427' title='bbox 1533 3724 1975 3794; x_wconf 78' lang='lat' dir='ltr'><strong>gaznpliilaciu-m.</strong></span> 
     </span>
    </p>
   </div>
   <div class='ocr_carea' id='block_1_55' title="bbox 394 3815 1975 3885">
    <p class='ocr_par' dir='ltr' id='par_1_55' title="bbox 394 3815 1975 3885">
     <span class='ocr_line' id='line_1_55' title="bbox 394 3815 1975 3885; baseline 0.003 -16"><span class='ocrx_word' id='word_1_428' title='bbox 394 3817 464 3869; x_wconf 78' lang='lat' dir='ltr'><strong>Et</strong></span> <span class='ocrx_word' id='word_1_429' title='bbox 500 3817 651 3869; x_wconf 90' lang='lat' dir='ltr'><strong>multi</strong></span> <span class='ocrx_word' id='word_1_430' title='bbox 679 3815 1150 3885; x_wconf 87' lang='lat' dir='ltr'><strong>divitesjactabant</strong></span> <span class='ocrx_word' id='word_1_431' title='bbox 1175 3819 1358 3871; x_wconf 86' lang='lat' dir='ltr'><strong>multa.</strong></span> <span class='ocrx_word' id='word_1_432' title='bbox 1382 3817 1511 3871; x_wconf 90' lang='lat' dir='ltr'><strong>Cum</strong></span> <span class='ocrx_word' id='word_1_433' title='bbox 1540 3819 1772 3872; x_wconf 73' lang='lat' dir='ltr'><strong>venisset</strong></span> <span class='ocrx_word' id='word_1_434' title='bbox 1800 3827 1975 3874; x_wconf 90' lang='lat' dir='ltr'><strong>autem</strong></span> 
     </span>
    </p>
   </div>
   <div class='ocr_carea' id='block_1_56' title="bbox 394 3908 1977 3981">
    <p class='ocr_par' dir='ltr' id='par_1_56' title="bbox 394 3908 1977 3981">
     <span class='ocr_line' id='line_1_56' title="bbox 394 3908 1977 3981; baseline 0.003 -20"><span class='ocrx_word' id='word_1_435' title='bbox 394 3922 497 3961; x_wconf 85' lang='lat' dir='ltr'><strong>una</strong></span> <span class='ocrx_word' id='word_1_436' title='bbox 529 3908 684 3961; x_wconf 89' lang='lat' dir='ltr'><strong>vidua</strong></span> <span class='ocrx_word' id='word_1_437' title='bbox 718 3924 943 3978; x_wconf 85' lang='lat' dir='ltr'><strong>pauper:</strong></span> <span class='ocrx_word' id='word_1_438' title='bbox 976 3910 1119 3975; x_wconf 80' lang='lat' dir='ltr'><strong>misit</strong></span> <span class='ocrx_word' id='word_1_439' title='bbox 1149 3911 1254 3964; x_wconf 80' lang='lat' dir='ltr'><strong>duo</strong></span> <span class='ocrx_word' id='word_1_440' title='bbox 1276 3912 1477 3965; x_wconf 88' lang='lat' dir='ltr'><strong>minuta</strong></span> <span class='ocrx_word' id='word_1_441' title='bbox 1504 3928 1517 3966; x_wconf 91' lang='lat'><strong>:</strong></span> <span class='ocrx_word' id='word_1_442' title='bbox 1574 3910 1711 3979; x_wconf 90' lang='lat' dir='ltr'><strong>quod</strong></span> <span class='ocrx_word' id='word_1_443' title='bbox 1742 3920 1822 3966; x_wconf 91' lang='lat' dir='ltr'><strong>est</strong></span> <span class='ocrx_word' id='word_1_444' title='bbox 1845 3928 1977 3981; x_wconf 88' lang='lat' dir='ltr'><strong>qua-</strong></span> 
     </span>
    </p>
   </div>
   <div class='ocr_carea' id='block_1_57' title="bbox 389 3998 1971 4069">
    <p class='ocr_par' dir='ltr' id='par_1_57' title="bbox 389 3998 1971 4069">
     <span class='ocr_line' id='line_1_57' title="bbox 389 3998 1971 4069; baseline 0.004 -18"><span class='ocrx_word' id='word_1_445' title='bbox 389 4000 576 4053; x_wconf 88' lang='lat' dir='ltr'><strong>draus.</strong></span> <span class='ocrx_word' id='word_1_446' title='bbox 610 3998 675 4050; x_wconf 85' lang='lat' dir='ltr'><strong>Et</strong></span> <span class='ocrx_word' id='word_1_447' title='bbox 727 4013 1025 4053; x_wconf 89' lang='lat' dir='ltr'><strong>convocans</strong></span> <span class='ocrx_word' id='word_1_448' title='bbox 1055 4000 1347 4069; x_wconf 86' lang='lat' dir='ltr'><strong>discipulos</strong></span> <span class='ocrx_word' id='word_1_449' title='bbox 1371 4016 1498 4054; x_wconf 91' lang='lat' dir='ltr'><strong>suos</strong></span> <span class='ocrx_word' id='word_1_450' title='bbox 1521 4000 1593 4053; x_wconf 90' lang='lat' dir='ltr'><strong>ait</strong></span> <span class='ocrx_word' id='word_1_451' title='bbox 1644 4001 1769 4056; x_wconf 82' lang='lat' dir='ltr'><strong>illis.</strong></span> <span class='ocrx_word' id='word_1_452' title='bbox 1803 4006 1971 4058; x_wconf 80' lang='lat' dir='ltr'><strong>Anzett</strong></span> 
     </span>
    </p>
   </div>
   <div class='ocr_carea' id='block_1_58' title="bbox 390 4091 1973 4163">
    <p class='ocr_par' dir='ltr' id='par_1_58' title="bbox 390 4091 1973 4163">
     <span class='ocr_line' id='line_1_58' title="bbox 390 4091 1973 4163; baseline 0.004 -20"><span class='ocrx_word' id='word_1_453' title='bbox 390 4091 510 4144; x_wconf 88' lang='lat' dir='ltr'><strong>dico</strong></span> <span class='ocrx_word' id='word_1_454' title='bbox 540 4093 712 4156; x_wconf 86' lang='lat' dir='ltr'><strong>vobis;</strong></span> <span class='ocrx_word' id='word_1_455' title='bbox 737 4094 989 4160; x_wconf 79' lang='lat' dir='ltr'><strong>quoniam</strong></span> <span class='ocrx_word' id='word_1_456' title='bbox 1018 4093 1177 4147; x_wconf 89' lang='lat' dir='ltr'><strong>vidua</strong></span> <span class='ocrx_word' id='word_1_457' title='bbox 1210 4094 1305 4147; x_wconf 88' lang='lat' dir='ltr'><strong>hec</strong></span> <span class='ocrx_word' id='word_1_458' title='bbox 1322 4110 1520 4163; x_wconf 79' lang='lat' dir='ltr'><strong>pauper</strong></span> <span class='ocrx_word' id='word_1_459' title='bbox 1551 4112 1562 4146; x_wconf 90' lang='lat'><strong>:</strong></span> <span class='ocrx_word' id='word_1_460' title='bbox 1587 4094 1705 4162; x_wconf 88' lang='lat' dir='ltr'><strong>plus</strong></span> <span class='ocrx_word' id='word_1_461' title='bbox 1727 4094 1973 4150; x_wconf 90' lang='lat' dir='ltr'><strong>omnibus</strong></span> 
     </span>
    </p>
   </div>
   <div class='ocr_carea' id='block_1_59' title="bbox 389 4181 1969 4254">
    <p class='ocr_par' dir='ltr' id='par_1_59' title="bbox 389 4181 1969 4254">
     <span class='ocr_line' id='line_1_59' title="bbox 389 4181 1969 4254; baseline 0.003 -20"><span class='ocrx_word' id='word_1_462' title='bbox 389 4181 537 4235; x_wconf 83' lang='lat' dir='ltr'><strong>misit</strong></span> <span class='ocrx_word' id='word_1_463' title='bbox 567 4199 579 4233; x_wconf 90' lang='lat'><strong>:</strong></span> <span class='ocrx_word' id='word_1_464' title='bbox 608 4184 699 4250; x_wconf 93' lang='lat' dir='ltr'><strong>qui</strong></span> <span class='ocrx_word' id='word_1_465' title='bbox 729 4183 992 4238; x_wconf 88' lang='lat' dir='ltr'><strong>miserunt</strong></span> <span class='ocrx_word' id='word_1_466' title='bbox 1022 4183 1073 4237; x_wconf 93' lang='lat' dir='ltr'><strong>in</strong></span> <span class='ocrx_word' id='word_1_467' title='bbox 1104 4185 1553 4254; x_wconf 83' lang='lat' dir='ltr'><strong>gazophilacinm.</strong></span> <span class='ocrx_word' id='word_1_468' title='bbox 1581 4184 1780 4238; x_wconf 89' lang='lat' dir='ltr'><strong>Omnes</strong></span> <span class='ocrx_word' id='word_1_469' title='bbox 1830 4188 1969 4238; x_wconf 87' lang='lat' dir='ltr'><strong>enim</strong></span> 
     </span>
    </p>
   </div>
   <div class='ocr_carea' id='block_1_60' title="bbox 387 4273 1972 4342">
    <p class='ocr_par' dir='ltr' id='par_1_60' title="bbox 387 4273 1972 4342">
     <span class='ocr_line' id='line_1_60' title="bbox 387 4273 1972 4342; baseline 0.003 -16"><span class='ocrx_word' id='word_1_470' title='bbox 387 4288 452 4326; x_wconf 79' lang='lat' dir='ltr'><strong>ex</strong></span> <span class='ocrx_word' id='word_1_471' title='bbox 474 4287 538 4326; x_wconf 91' lang='lat' dir='ltr'><strong>eo</strong></span> <span class='ocrx_word' id='word_1_472' title='bbox 562 4273 701 4342; x_wconf 89' lang='lat' dir='ltr'><strong>quod</strong></span> <span class='ocrx_word' id='word_1_473' title='bbox 734 4273 1038 4328; x_wconf 82' lang='lat' dir='ltr'><strong>abundabat</strong></span> <span class='ocrx_word' id='word_1_474' title='bbox 1096 4274 1198 4328; x_wconf 90' lang='lat' dir='ltr'><strong>illis</strong></span> <span class='ocrx_word' id='word_1_475' title='bbox 1228 4275 1505 4329; x_wconf 91' lang='lat' dir='ltr'><strong>miserunt.</strong></span> <span class='ocrx_word' id='word_1_476' title='bbox 1544 4276 1651 4328; x_wconf 85' lang='lat' dir='ltr'><strong>llec</strong></span> <span class='ocrx_word' id='word_1_477' title='bbox 1704 4291 1831 4328; x_wconf 66' lang='lat' dir='ltr'><strong>vero</strong></span> <span class='ocrx_word' id='word_1_478' title='bbox 1864 4276 1972 4331; x_wconf 76' lang='lat' dir='ltr'><strong>fde</strong></span> 
     </span>
    </p>
   </div>
   <div class='ocr_carea' id='block_1_61' title="bbox 393 4364 1967 4434">
    <p class='ocr_par' dir='ltr' id='par_1_61' title="bbox 393 4364 1967 4434">
     <span class='ocr_line' id='line_1_61' title="bbox 393 4364 1967 4434; baseline 0.002 -17"><span class='ocrx_word' id='word_1_479' title='bbox 393 4364 620 4432; x_wconf 88' lang='lat' dir='ltr'><strong>pecunia</strong></span> <span class='ocrx_word' id='word_1_480' title='bbox 651 4379 742 4418; x_wconf 88' lang='lat' dir='ltr'><strong>sua</strong></span> <span class='ocrx_word' id='word_1_481' title='bbox 789 4366 965 4417; x_wconf 89' lang='lat' dir='ltr'><strong>omnia</strong></span> <span class='ocrx_word' id='word_1_482' title='bbox 1015 4381 1119 4434; x_wconf 91' lang='lat' dir='ltr'><strong>que</strong></span> <span class='ocrx_word' id='word_1_483' title='bbox 1171 4365 1354 4418; x_wconf 85' lang='lat' dir='ltr'><strong>habuit</strong></span> <span class='ocrx_word' id='word_1_484' title='bbox 1403 4367 1545 4418; x_wconf 89' lang='lat' dir='ltr'><strong>misit</strong></span> <span class='ocrx_word' id='word_1_485' title='bbox 1576 4375 1741 4420; x_wconf 90' lang='lat' dir='ltr'><strong>totum</strong></span> <span class='ocrx_word' id='word_1_486' title='bbox 1775 4368 1967 4420; x_wconf 87' lang='lat' dir='ltr'><strong>victum</strong></span> 
     </span>
    </p>
   </div>
   <div class='ocr_carea' id='block_1_62' title="bbox 2096 1899 3680 1971">
    <p class='ocr_par' dir='ltr' id='par_1_62' title="bbox 2096 1899 3680 1971">
     <span class='ocr_line' id='line_1_62' title="bbox 2096 1899 3680 1971; baseline 0.003 -20"><span class='ocrx_word' id='word_1_487' title='bbox 2096 1899 2293 1953; x_wconf 87' lang='lat' dir='ltr'><strong>Tradet</strong></span> <span class='ocrx_word' id='word_1_488' title='bbox 2318 1909 2490 1953; x_wconf 88' lang='lat' dir='ltr'><strong>autem</strong></span> <span class='ocrx_word' id='word_1_489' title='bbox 2525 1899 2688 1954; x_wconf 78' lang='lat' dir='ltr'><strong>frater</strong></span> <span class='ocrx_word' id='word_1_490' title='bbox 2720 1900 2934 1955; x_wconf 77' lang='lat' dir='ltr'><strong>fratrem</strong></span> <span class='ocrx_word' id='word_1_491' title='bbox 2978 1902 3028 1955; x_wconf 93' lang='lat' dir='ltr'><strong>in</strong></span> <span class='ocrx_word' id='word_1_492' title='bbox 3063 1910 3289 1956; x_wconf 87' lang='lat' dir='ltr'><strong>mortem</strong></span> <span class='ocrx_word' id='word_1_493' title='bbox 3316 1919 3329 1954; x_wconf 92' lang='lat'><strong>:</strong></span> <span class='ocrx_word' id='word_1_494' title='bbox 3362 1909 3416 1956; x_wconf 90' lang='lat' dir='ltr'><strong>et</strong></span> <span class='ocrx_word' id='word_1_495' title='bbox 3445 1912 3593 1971; x_wconf 85' lang='lat' dir='ltr'><strong>pater</strong></span> <span class='ocrx_word' id='word_1_496' title='bbox 3617 1902 3680 1955; x_wconf 84' lang='lat' dir='ltr'><strong>li-</strong></span> 
     </span>
    </p>
   </div>
   <div class='ocr_carea' id='block_1_63' title="bbox 2096 1987 3685 2059">
    <p class='ocr_par' dir='ltr' id='par_1_63' title="bbox 2096 1987 3685 2059">
     <span class='ocr_line' id='line_1_63' title="bbox 2096 1987 3685 2059; baseline 0.004 -18"><span class='ocrx_word' id='word_1_497' title='bbox 2096 1987 2223 2041; x_wconf 88' lang='lat' dir='ltr'><strong>lium</strong></span> <span class='ocrx_word' id='word_1_498' title='bbox 2247 2001 2299 2043; x_wconf 92' lang='lat' dir='ltr'><strong>et</strong></span> <span class='ocrx_word' id='word_1_499' title='bbox 2317 1999 2639 2057; x_wconf 79' lang='lat' dir='ltr'><strong>consurgent</strong></span> <span class='ocrx_word' id='word_1_500' title='bbox 2667 1990 2759 2044; x_wconf 83' lang='lat' dir='ltr'><strong>lilii</strong></span> <span class='ocrx_word' id='word_1_501' title='bbox 2791 1990 2842 2043; x_wconf 94' lang='lat' dir='ltr'><strong>in</strong></span> <span class='ocrx_word' id='word_1_502' title='bbox 2872 2003 3152 2059; x_wconf 79' lang='lat' dir='ltr'><strong>parentes:</strong></span> <span class='ocrx_word' id='word_1_503' title='bbox 3183 2002 3235 2046; x_wconf 92' lang='lat' dir='ltr'><strong>et</strong></span> <span class='ocrx_word' id='word_1_504' title='bbox 3258 2003 3428 2047; x_wconf 88' lang='lat' dir='ltr'><strong>morte</strong></span> <span class='ocrx_word' id='word_1_505' title='bbox 3449 1994 3685 2048; x_wconf 76' lang='lat' dir='ltr'><strong>atlicient</strong></span> 
     </span>
    </p>
   </div>
   <div class='ocr_carea' id='block_1_64' title="bbox 2093 2078 3679 2152">
    <p class='ocr_par' dir='ltr' id='par_1_64' title="bbox 2093 2078 3679 2152">
     <span class='ocr_line' id='line_1_64' title="bbox 2093 2078 3679 2152; baseline 0.004 -21"><span class='ocrx_word' id='word_1_506' title='bbox 2093 2093 2206 2131; x_wconf 92' lang='lat' dir='ltr'><strong>eos.</strong></span> <span class='ocrx_word' id='word_1_507' title='bbox 2238 2078 2302 2132; x_wconf 86' lang='lat' dir='ltr'><strong>Et</strong></span> <span class='ocrx_word' id='word_1_508' title='bbox 2327 2080 2478 2134; x_wconf 91' lang='lat' dir='ltr'><strong>eritis</strong></span> <span class='ocrx_word' id='word_1_509' title='bbox 2509 2080 2633 2135; x_wconf 92' lang='lat' dir='ltr'><strong>odio</strong></span> <span class='ocrx_word' id='word_1_510' title='bbox 2676 2081 2924 2135; x_wconf 92' lang='lat' dir='ltr'><strong>omnibus</strong></span> <span class='ocrx_word' id='word_1_511' title='bbox 2978 2092 3194 2152; x_wconf 86' lang='lat' dir='ltr'><strong>propter</strong></span> <span class='ocrx_word' id='word_1_512' title='bbox 3238 2098 3430 2138; x_wconf 89' lang='lat' dir='ltr'><strong>nomen</strong></span> <span class='ocrx_word' id='word_1_513' title='bbox 3481 2099 3679 2139; x_wconf 78' lang='lat' dir='ltr'><strong>meum.</strong></span> 
     </span>
    </p>
   </div>
   <div class='ocr_carea' id='block_1_65' title="bbox 2091 2168 3677 2231">
    <p class='ocr_par' dir='ltr' id='par_1_65' title="bbox 2091 2168 3677 2231">
     <span class='ocr_line' id='line_1_65' title="bbox 2091 2168 3677 2231; baseline 0.006 -11"><span class='ocrx_word' id='word_1_514' title='bbox 2091 2168 2194 2231; x_wconf 82' lang='lat' dir='ltr'><strong>Qui</strong></span> <span class='ocrx_word' id='word_1_515' title='bbox 2222 2177 2394 2223; x_wconf 83' lang='lat' dir='ltr'><strong>autem</strong></span> <span class='ocrx_word' id='word_1_516' title='bbox 2418 2172 2728 2225; x_wconf 85' lang='lat' dir='ltr'><strong>sustinuerit</strong></span> <span class='ocrx_word' id='word_1_517' title='bbox 2768 2172 2818 2224; x_wconf 92' lang='lat' dir='ltr'><strong>in</strong></span> <span class='ocrx_word' id='word_1_518' title='bbox 2852 2172 3008 2226; x_wconf 85' lang='lat' dir='ltr'><strong>linem</strong></span> <span class='ocrx_word' id='word_1_519' title='bbox 3037 2189 3052 2226; x_wconf 89' lang='lat'><strong>:</strong></span> <span class='ocrx_word' id='word_1_520' title='bbox 3084 2172 3100 2209; x_wconf 75' lang='grc' dir='ltr'>ί</span> <span class='ocrx_word' id='word_1_521' title='bbox 3156 2174 3335 2228; x_wconf 89' lang='lat' dir='ltr'><strong>salvus</strong></span> <span class='ocrx_word' id='word_1_522' title='bbox 3364 2175 3489 2228; x_wconf 91' lang='lat' dir='ltr'><strong>erit.</strong></span> <span class='ocrx_word' id='word_1_523' title='bbox 3544 2173 3677 2229; x_wconf 89' lang='lat' dir='ltr'><strong>Cum</strong></span> 
     </span>
    </p>
   </div>
   <div class='ocr_carea' id='block_1_66' title="bbox 2090 2259 3671 2320">
    <p class='ocr_par' dir='ltr' id='par_1_66' title="bbox 2090 2259 3671 2320">
     <span class='ocr_line' id='line_1_66' title="bbox 2090 2259 3671 2320; baseline 0.008 -12"><span class='ocrx_word' id='word_1_524' title='bbox 2090 2266 2265 2311; x_wconf 89' lang='lat' dir='ltr'><strong>autem</strong></span> <span class='ocrx_word' id='word_1_525' title='bbox 2297 2259 2530 2313; x_wconf 77' lang='lat' dir='ltr'><strong>videritis</strong></span> <span class='ocrx_word' id='word_1_526' title='bbox 2557 2260 3045 2317; x_wconf 82' lang='lat' dir='ltr'><strong>abhotninationem</strong></span> <span class='ocrx_word' id='word_1_527' title='bbox 3071 2263 3421 2319; x_wconf 86' lang='lat' dir='ltr'><strong>desolationis</strong></span> <span class='ocrx_word' id='word_1_528' title='bbox 3443 2274 3671 2320; x_wconf 84' lang='lat' dir='ltr'><strong>stantem</strong></span> 
     </span>
    </p>
   </div>
   <div class='ocr_carea' id='block_1_67' title="bbox 2091 2350 3671 2428">
    <p class='ocr_par' dir='ltr' id='par_1_67' title="bbox 2091 2350 3671 2428">
     <span class='ocr_line' id='line_1_67' title="bbox 2091 2350 3671 2428; baseline 0.009 -26"><span class='ocrx_word' id='word_1_529' title='bbox 2091 2350 2177 2402; x_wconf 88' lang='lat' dir='ltr'><strong>ubi</strong></span> <span class='ocrx_word' id='word_1_530' title='bbox 2199 2365 2301 2403; x_wconf 93' lang='lat' dir='ltr'><strong>non</strong></span> <span class='ocrx_word' id='word_1_531' title='bbox 2329 2351 2491 2406; x_wconf 89' lang='lat' dir='ltr'><strong>debet</strong></span> <span class='ocrx_word' id='word_1_532' title='bbox 2520 2370 2534 2407; x_wconf 92' lang='lat'><strong>:</strong></span> <span class='ocrx_word' id='word_1_533' title='bbox 2566 2356 2652 2423; x_wconf 90' lang='lat' dir='ltr'><strong>qui</strong></span> <span class='ocrx_word' id='word_1_534' title='bbox 2681 2354 2809 2423; x_wconf 73' lang='lat' dir='ltr'><strong>legit</strong></span> <span class='ocrx_word' id='word_1_535' title='bbox 2828 2356 3106 2425; x_wconf 84' lang='lat' dir='ltr'><strong>intelligat.</strong></span> <span class='ocrx_word' id='word_1_536' title='bbox 3134 2358 3283 2414; x_wconf 85' lang='lat' dir='ltr'><strong>Tunc</strong></span> <span class='ocrx_word' id='word_1_537' title='bbox 3310 2361 3399 2428; x_wconf 91' lang='lat' dir='ltr'><strong>qui</strong></span> <span class='ocrx_word' id='word_1_538' title='bbox 3428 2360 3479 2414; x_wconf 91' lang='lat' dir='ltr'><strong>in</strong></span> <span class='ocrx_word' id='word_1_539' title='bbox 3505 2359 3671 2416; x_wconf 78' lang='lat' dir='ltr'><strong>Iudea</strong></span> 
     </span>
    </p>
   </div>
   <div class='ocr_carea' id='block_1_68' title="bbox 2088 2442 3675 2517">
    <p class='ocr_par' dir='ltr' id='par_1_68' title="bbox 2088 2442 3675 2517">
     <span class='ocr_line' id='line_1_68' title="bbox 2088 2442 3675 2517; baseline 0.008 -22"><span class='ocrx_word' id='word_1_540' title='bbox 2088 2452 2212 2496; x_wconf 88' lang='lat' dir='ltr'><strong>sunt</strong></span> <span class='ocrx_word' id='word_1_541' title='bbox 2234 2442 2435 2508; x_wconf 74' lang='lat' dir='ltr'><strong>fugiant</strong></span> <span class='ocrx_word' id='word_1_542' title='bbox 2466 2445 2515 2498; x_wconf 92' lang='lat' dir='ltr'><strong>in</strong></span> <span class='ocrx_word' id='word_1_543' title='bbox 2549 2456 2776 2500; x_wconf 87' lang='lat' dir='ltr'><strong>montes.</strong></span> <span class='ocrx_word' id='word_1_544' title='bbox 2814 2446 2982 2514; x_wconf 89' lang='lat' dir='ltr'><strong>thui</strong></span> <span class='ocrx_word' id='word_1_545' title='bbox 3011 2464 3173 2517; x_wconf 90' lang='lat' dir='ltr'><strong>super</strong></span> <span class='ocrx_word' id='word_1_546' title='bbox 3196 2458 3393 2504; x_wconf 88' lang='lat' dir='ltr'><strong>tectum</strong></span> <span class='ocrx_word' id='word_1_547' title='bbox 3427 2469 3439 2503; x_wconf 93' lang='lat'><strong>:</strong></span> <span class='ocrx_word' id='word_1_548' title='bbox 3471 2468 3537 2506; x_wconf 92' lang='lat' dir='ltr'><strong>ne</strong></span> <span class='ocrx_word' id='word_1_549' title='bbox 3556 2452 3675 2506; x_wconf 89' lang='lat' dir='ltr'><strong>des-</strong></span> 
     </span>
    </p>
   </div>
   <div class='ocr_carea' id='block_1_69' title="bbox 2088 2534 3677 2611">
    <p class='ocr_par' dir='ltr' id='par_1_69' title="bbox 2088 2534 3677 2611">
     <span class='ocr_line' id='line_1_69' title="bbox 2088 2534 3677 2611; baseline 0.006 -24"><span class='ocrx_word' id='word_1_550' title='bbox 2088 2535 2281 2587; x_wconf 84' lang='lat' dir='ltr'><strong>cendat</strong></span> <span class='ocrx_word' id='word_1_551' title='bbox 2308 2534 2358 2588; x_wconf 92' lang='lat' dir='ltr'><strong>in</strong></span> <span class='ocrx_word' id='word_1_552' title='bbox 2387 2536 2601 2591; x_wconf 85' lang='lat' dir='ltr'><strong>domum</strong></span> <span class='ocrx_word' id='word_1_553' title='bbox 2634 2555 2646 2590; x_wconf 86' lang='lat'><strong>:</strong></span> <span class='ocrx_word' id='word_1_554' title='bbox 2680 2553 2780 2593; x_wconf 92' lang='lat' dir='ltr'><strong>nec</strong></span> <span class='ocrx_word' id='word_1_555' title='bbox 2810 2539 3039 2593; x_wconf 86' lang='lat' dir='ltr'><strong>introeat</strong></span> <span class='ocrx_word' id='word_1_556' title='bbox 3070 2548 3125 2593; x_wconf 92' lang='lat' dir='ltr'><strong>ut</strong></span> <span class='ocrx_word' id='word_1_557' title='bbox 3155 2539 3300 2594; x_wconf 89' lang='lat' dir='ltr'><strong>tollat</strong></span> <span class='ocrx_word' id='word_1_558' title='bbox 3329 2542 3453 2611; x_wconf 93' lang='lat' dir='ltr'><strong>quid</strong></span> <span class='ocrx_word' id='word_1_559' title='bbox 3483 2543 3551 2596; x_wconf 91' lang='lat' dir='ltr'><strong>de</strong></span> <span class='ocrx_word' id='word_1_560' title='bbox 3577 2542 3677 2596; x_wconf 80' lang='lat' dir='ltr'><strong>do-</strong></span> 
     </span>
    </p>
   </div>
   <div class='ocr_carea' id='block_1_70' title="bbox 2091 2628 3678 2699">
    <p class='ocr_par' dir='ltr' id='par_1_70' title="bbox 2091 2628 3678 2699">
     <span class='ocr_line' id='line_1_70' title="bbox 2091 2628 3678 2699; baseline 0.005 -21"><span class='ocrx_word' id='word_1_561' title='bbox 2091 2640 2180 2679; x_wconf 89' lang='lat' dir='ltr'><strong>mo</strong></span> <span class='ocrx_word' id='word_1_562' title='bbox 2204 2640 2320 2679; x_wconf 87' lang='lat' dir='ltr'><strong>sna.</strong></span> <span class='ocrx_word' id='word_1_563' title='bbox 2356 2628 2418 2680; x_wconf 85' lang='lat' dir='ltr'><strong>Et</strong></span> <span class='ocrx_word' id='word_1_564' title='bbox 2438 2628 2526 2697; x_wconf 88' lang='lat' dir='ltr'><strong>qui</strong></span> <span class='ocrx_word' id='word_1_565' title='bbox 2558 2629 2609 2681; x_wconf 91' lang='lat' dir='ltr'><strong>in</strong></span> <span class='ocrx_word' id='word_1_566' title='bbox 2641 2644 2770 2699; x_wconf 84' lang='lat' dir='ltr'><strong>agro</strong></span> <span class='ocrx_word' id='word_1_567' title='bbox 2794 2631 3053 2687; x_wconf 89' lang='lat' dir='ltr'><strong>erit:non</strong></span> <span class='ocrx_word' id='word_1_568' title='bbox 3086 2639 3380 2686; x_wconf 88' lang='lat' dir='ltr'><strong>revertetur</strong></span> <span class='ocrx_word' id='word_1_569' title='bbox 3401 2642 3544 2686; x_wconf 90' lang='lat' dir='ltr'><strong>retro</strong></span> <span class='ocrx_word' id='word_1_570' title='bbox 3575 2632 3678 2687; x_wconf 89' lang='lat' dir='ltr'><strong>tol-</strong></span> 
     </span>
    </p>
   </div>
   <div class='ocr_carea' id='block_1_71' title="bbox 2091 2716 3673 2792">
    <p class='ocr_par' dir='ltr' id='par_1_71' title="bbox 2091 2716 3673 2792">
     <span class='ocr_line' id='line_1_71' title="bbox 2091 2716 3673 2792; baseline 0.006 -24"><span class='ocrx_word' id='word_1_571' title='bbox 2091 2716 2201 2771; x_wconf 83' lang='lat' dir='ltr'><strong>lere</strong></span> <span class='ocrx_word' id='word_1_572' title='bbox 2232 2720 2605 2774; x_wconf 88' lang='lat' dir='ltr'><strong>vcstimentum</strong></span> <span class='ocrx_word' id='word_1_573' title='bbox 2629 2734 2805 2775; x_wconf 90' lang='lat' dir='ltr'><strong>suum.</strong></span> <span class='ocrx_word' id='word_1_574' title='bbox 2838 2721 3099 2776; x_wconf 86' lang='lat' dir='ltr'><strong>Veantem</strong></span> <span class='ocrx_word' id='word_1_575' title='bbox 3118 2724 3495 2792; x_wconf 84' lang='lat' dir='ltr'><strong>pregnantibus</strong></span> <span class='ocrx_word' id='word_1_576' title='bbox 3507 2733 3562 2778; x_wconf 84' lang='lat' dir='ltr'><strong>et</strong></span> <span class='ocrx_word' id='word_1_577' title='bbox 3576 2742 3673 2779; x_wconf 80' lang='lat' dir='ltr'><strong>nn-</strong></span> 
     </span>
    </p>
   </div>
   <div class='ocr_carea' id='block_1_72' title="bbox 2088 2804 3670 2881">
    <p class='ocr_par' dir='ltr' id='par_1_72' title="bbox 2088 2804 3670 2881">
     <span class='ocr_line' id='line_1_72' title="bbox 2088 2804 3670 2881; baseline 0.005 -23"><span class='ocrx_word' id='word_1_578' title='bbox 2088 2804 2365 2860; x_wconf 87' lang='lat' dir='ltr'><strong>trientibns</strong></span> <span class='ocrx_word' id='word_1_579' title='bbox 2396 2808 2445 2860; x_wconf 91' lang='lat' dir='ltr'><strong>in</strong></span> <span class='ocrx_word' id='word_1_580' title='bbox 2482 2808 2587 2860; x_wconf 89' lang='lat' dir='ltr'><strong>illis</strong></span> <span class='ocrx_word' id='word_1_581' title='bbox 2627 2808 2836 2863; x_wconf 91' lang='lat' dir='ltr'><strong>diebus.</strong></span> <span class='ocrx_word' id='word_1_582' title='bbox 2864 2810 3025 2864; x_wconf 88' lang='lat' dir='ltr'><strong>Orate</strong></span> <span class='ocrx_word' id='word_1_583' title='bbox 3051 2824 3176 2864; x_wconf 90' lang='lat' dir='ltr'><strong>vero</strong></span> <span class='ocrx_word' id='word_1_584' title='bbox 3204 2827 3217 2861; x_wconf 92' lang='lat'><strong>:</strong></span> <span class='ocrx_word' id='word_1_585' title='bbox 3244 2821 3299 2863; x_wconf 90' lang='lat' dir='ltr'><strong>ut</strong></span> <span class='ocrx_word' id='word_1_586' title='bbox 3338 2811 3531 2881; x_wconf 77' lang='lat' dir='ltr'><strong>hyeme</strong></span> <span class='ocrx_word' id='word_1_587' title='bbox 3562 2827 3670 2866; x_wconf 90' lang='lat' dir='ltr'><strong>non</strong></span> 
     </span>
    </p>
   </div>
   <div class='ocr_carea' id='block_1_73' title="bbox 2086 2899 3702 2972">
    <p class='ocr_par' dir='ltr' id='par_1_73' title="bbox 2086 2899 3702 2972">
     <span class='ocr_line' id='line_1_73' title="bbox 2086 2899 3702 2972; baseline 0.004 -21"><span class='ocrx_word' id='word_1_588' title='bbox 2086 2899 2233 2953; x_wconf 74' lang='lat' dir='ltr'><strong>linit.</strong></span> <span class='ocrx_word' id='word_1_589' title='bbox 2269 2900 2436 2952; x_wconf 86' lang='lat' dir='ltr'><strong>Erunt</strong></span> <span class='ocrx_word' id='word_1_590' title='bbox 2458 2901 2599 2954; x_wconf 92' lang='lat' dir='ltr'><strong>enim</strong></span> <span class='ocrx_word' id='word_1_591' title='bbox 2631 2901 2743 2955; x_wconf 89' lang='lat' dir='ltr'><strong>dies</strong></span> <span class='ocrx_word' id='word_1_592' title='bbox 2775 2900 2848 2954; x_wconf 91' lang='lat' dir='ltr'><strong>illi</strong></span> <span class='ocrx_word' id='word_1_593' title='bbox 2890 2902 3247 2958; x_wconf 88' lang='lat' dir='ltr'><strong>tribulationis</strong></span> <span class='ocrx_word' id='word_1_594' title='bbox 3273 2904 3406 2957; x_wconf 88' lang='lat' dir='ltr'><strong>tales</strong></span> <span class='ocrx_word' id='word_1_595' title='bbox 3433 2919 3450 2958; x_wconf 91' lang='lat'><strong>:</strong></span> <span class='ocrx_word' id='word_1_596' title='bbox 3481 2903 3669 2972; x_wconf 80' lang='lat' dir='ltr'><strong>quales</strong></span> <span class='ocrx_word' id='word_1_597' title='bbox 3698 2961 3702 2965; x_wconf 67' lang='grc'>,</span> 
     </span>
    </p>
   </div>
   <div class='ocr_carea' id='block_1_74' title="bbox 2087 2990 3668 3063">
    <p class='ocr_par' dir='ltr' id='par_1_74' title="bbox 2087 2990 3668 3063">
     <span class='ocr_line' id='line_1_74' title="bbox 2087 2990 3668 3063; baseline 0.004 -20"><span class='ocrx_word' id='word_1_598' title='bbox 2087 3006 2191 3043; x_wconf 90' lang='lat' dir='ltr'><strong>non</strong></span> <span class='ocrx_word' id='word_1_599' title='bbox 2235 2992 2445 3045; x_wconf 83' lang='lat' dir='ltr'><strong>fuerunt</strong></span> <span class='ocrx_word' id='word_1_600' title='bbox 2473 2992 2540 3046; x_wconf 90' lang='lat' dir='ltr'><strong>ab</strong></span> <span class='ocrx_word' id='word_1_601' title='bbox 2589 2990 2735 3048; x_wconf 91' lang='lat' dir='ltr'><strong>initio</strong></span> <span class='ocrx_word' id='word_1_602' title='bbox 2770 3006 3013 3049; x_wconf 86' lang='lat' dir='ltr'><strong>creature</strong></span> <span class='ocrx_word' id='word_1_603' title='bbox 3038 3012 3051 3046; x_wconf 90' lang='lat'><strong>:</strong></span> <span class='ocrx_word' id='word_1_604' title='bbox 3080 3009 3236 3063; x_wconf 86' lang='lat' dir='ltr'><strong>quam</strong></span> <span class='ocrx_word' id='word_1_605' title='bbox 3259 2994 3495 3049; x_wconf 85' lang='lat' dir='ltr'><strong>condidit</strong></span> <span class='ocrx_word' id='word_1_606' title='bbox 3525 2995 3668 3049; x_wconf 85' lang='lat' dir='ltr'><strong>Deus</strong></span> 
     </span>
    </p>
   </div>
   <div class='ocr_carea' id='block_1_75' title="bbox 2084 3086 3667 3154">
    <p class='ocr_par' dir='ltr' id='par_1_75' title="bbox 2084 3086 3667 3154">
     <span class='ocr_line' id='line_1_75' title="bbox 2084 3086 3667 3154; baseline 0.006 -21"><span class='ocrx_word' id='word_1_607' title='bbox 2084 3098 2254 3152; x_wconf 85' lang='lat' dir='ltr'><strong>usque</strong></span> <span class='ocrx_word' id='word_1_608' title='bbox 2285 3100 2424 3138; x_wconf 88' lang='lat' dir='ltr'><strong>nunc</strong></span> <span class='ocrx_word' id='word_1_609' title='bbox 2452 3102 2463 3136; x_wconf 74' lang='grc' dir='ltr'>ε</span> <span class='ocrx_word' id='word_1_610' title='bbox 2492 3100 2662 3154; x_wconf 87' lang='lat' dir='ltr'><strong>neque</strong></span> <span class='ocrx_word' id='word_1_611' title='bbox 2694 3086 2849 3140; x_wconf 77' lang='lat' dir='ltr'><strong>(ient.</strong></span> <span class='ocrx_word' id='word_1_612' title='bbox 2870 3088 2934 3139; x_wconf 86' lang='lat' dir='ltr'><strong>Et</strong></span> <span class='ocrx_word' id='word_1_613' title='bbox 2961 3086 3059 3140; x_wconf 89' lang='lat' dir='ltr'><strong>nisi</strong></span> <span class='ocrx_word' id='word_1_614' title='bbox 3095 3086 3389 3141; x_wconf 87' lang='lat' dir='ltr'><strong>breviasset</strong></span> <span class='ocrx_word' id='word_1_615' title='bbox 3413 3087 3667 3142; x_wconf 85' lang='lat' dir='ltr'><strong>Dominus</strong></span> 
     </span>
    </p>
   </div>
   <div class='ocr_carea' id='block_1_76' title="bbox 2089 3175 3667 3245">
    <p class='ocr_par' dir='ltr' id='par_1_76' title="bbox 2089 3175 3667 3245">
     <span class='ocr_line' id='line_1_76' title="bbox 2089 3175 3667 3245; baseline 0.003 -18"><span class='ocrx_word' id='word_1_616' title='bbox 2089 3175 2203 3228; x_wconf 88' lang='lat' dir='ltr'><strong>dies</strong></span> <span class='ocrx_word' id='word_1_617' title='bbox 2236 3191 2248 3226; x_wconf 93' lang='lat'><strong>:</strong></span> <span class='ocrx_word' id='word_1_618' title='bbox 2280 3189 2384 3228; x_wconf 87' lang='lat' dir='ltr'><strong>nOn</strong></span> <span class='ocrx_word' id='word_1_619' title='bbox 2415 3175 2762 3229; x_wconf 80' lang='lat' dir='ltr'><strong>luissetsalva</strong></span> <span class='ocrx_word' id='word_1_620' title='bbox 2784 3178 2959 3230; x_wconf 89' lang='lat' dir='ltr'><strong>omnis</strong></span> <span class='ocrx_word' id='word_1_621' title='bbox 3001 3191 3148 3231; x_wconf 90' lang='lat' dir='ltr'><strong>caro.</strong></span> <span class='ocrx_word' id='word_1_622' title='bbox 3173 3176 3276 3231; x_wconf 84' lang='lat' dir='ltr'><strong>Sed</strong></span> <span class='ocrx_word' id='word_1_623' title='bbox 3309 3187 3525 3245; x_wconf 88' lang='lat' dir='ltr'><strong>propter</strong></span> <span class='ocrx_word' id='word_1_624' title='bbox 3553 3178 3667 3232; x_wconf 83' lang='lat' dir='ltr'><strong>ele-</strong></span> 
     </span>
    </p>
   </div>
   <div class='ocr_carea' id='block_1_77' title="bbox 2087 3268 3671 3338">
    <p class='ocr_par' dir='ltr' id='par_1_77' title="bbox 2087 3268 3671 3338">
     <span class='ocr_line' id='line_1_77' title="bbox 2087 3268 3671 3338; baseline 0.003 -18"><span class='ocrx_word' id='word_1_625' title='bbox 2087 3278 2204 3321; x_wconf 90' lang='lat' dir='ltr'><strong>ctos</strong></span> <span class='ocrx_word' id='word_1_626' title='bbox 2252 3283 2387 3337; x_wconf 86' lang='lat' dir='ltr'><strong>quos</strong></span> <span class='ocrx_word' id='word_1_627' title='bbox 2414 3270 2572 3338; x_wconf 86' lang='lat' dir='ltr'><strong>elegit</strong></span> <span class='ocrx_word' id='word_1_628' title='bbox 2599 3286 2611 3321; x_wconf 93' lang='lat'><strong>:</strong></span> <span class='ocrx_word' id='word_1_629' title='bbox 2644 3269 2900 3323; x_wconf 86' lang='lat' dir='ltr'><strong>breviavit</strong></span> <span class='ocrx_word' id='word_1_630' title='bbox 2928 3268 3065 3324; x_wconf 86' lang='lat' dir='ltr'><strong>dies.</strong></span> <span class='ocrx_word' id='word_1_631' title='bbox 3091 3269 3297 3323; x_wconf 83' lang='lat' dir='ltr'><strong>Ettunc</strong></span> <span class='ocrx_word' id='word_1_632' title='bbox 3316 3270 3360 3324; x_wconf 89' lang='lat' dir='ltr'><strong>si</strong></span> <span class='ocrx_word' id='word_1_633' title='bbox 3380 3270 3498 3338; x_wconf 86' lang='lat' dir='ltr'><strong>quis</strong></span> <span class='ocrx_word' id='word_1_634' title='bbox 3520 3269 3671 3324; x_wconf 79' lang='lat' dir='ltr'><strong>vobis</strong></span> 
     </span>
    </p>
   </div>
   <div class='ocr_carea' id='block_1_78' title="bbox 2087 3362 3670 3418">
    <p class='ocr_par' dir='ltr' id='par_1_78' title="bbox 2087 3362 3670 3418">
     <span class='ocr_line' id='line_1_78' title="bbox 2087 3362 3670 3418; baseline 0.003 -4"><span class='ocrx_word' id='word_1_635' title='bbox 2087 3362 2280 3414; x_wconf 78' lang='lat' dir='ltr'><strong>dixerit</strong></span> <span class='ocrx_word' id='word_1_636' title='bbox 2304 3377 2317 3414; x_wconf 88' lang='lat'><strong>:</strong></span> <span class='ocrx_word' id='word_1_637' title='bbox 2346 3376 2469 3416; x_wconf 91' lang='lat' dir='ltr'><strong>ecce</strong></span> <span class='ocrx_word' id='word_1_638' title='bbox 2492 3363 2577 3415; x_wconf 88' lang='lat' dir='ltr'><strong>hic</strong></span> <span class='ocrx_word' id='word_1_639' title='bbox 2597 3370 2674 3417; x_wconf 90' lang='lat' dir='ltr'><strong>est</strong></span> <span class='ocrx_word' id='word_1_640' title='bbox 2701 3362 2942 3417; x_wconf 89' lang='lat' dir='ltr'><strong>Christus</strong></span> <span class='ocrx_word' id='word_1_641' title='bbox 2966 3380 2982 3417; x_wconf 93' lang='lat'><strong>:</strong></span> <span class='ocrx_word' id='word_1_642' title='bbox 3014 3377 3137 3417; x_wconf 89' lang='lat' dir='ltr'><strong>ecce</strong></span> <span class='ocrx_word' id='word_1_643' title='bbox 3158 3363 3265 3417; x_wconf 83' lang='lat' dir='ltr'><strong>illic</strong></span> <span class='ocrx_word' id='word_1_644' title='bbox 3292 3380 3304 3415; x_wconf 92' lang='lat'><strong>:</strong></span> <span class='ocrx_word' id='word_1_645' title='bbox 3340 3379 3406 3417; x_wconf 87' lang='lat' dir='ltr'><strong>ne</strong></span> <span class='ocrx_word' id='word_1_646' title='bbox 3431 3364 3670 3418; x_wconf 85' lang='lat' dir='ltr'><strong>credide-</strong></span> 
     </span>
    </p>
   </div>
   <div class='ocr_carea' id='block_1_79' title="bbox 2088 3452 3666 3523">
    <p class='ocr_par' dir='ltr' id='par_1_79' title="bbox 2088 3452 3666 3523">
     <span class='ocr_line' id='line_1_79' title="bbox 2088 3452 3666 3523; baseline 0.001 -18"><span class='ocrx_word' id='word_1_647' title='bbox 2088 3452 2220 3506; x_wconf 87' lang='lat' dir='ltr'><strong>ritis.</strong></span> <span class='ocrx_word' id='word_1_648' title='bbox 2254 3452 2529 3522; x_wconf 78' lang='lat' dir='ltr'><strong>Exurgent</strong></span> <span class='ocrx_word' id='word_1_649' title='bbox 2547 3456 2686 3507; x_wconf 89' lang='lat' dir='ltr'><strong>enim</strong></span> <span class='ocrx_word' id='word_1_650' title='bbox 2704 3452 3091 3521; x_wconf 84' lang='lat' dir='ltr'><strong>pseudochristi</strong></span> <span class='ocrx_word' id='word_1_651' title='bbox 3118 3472 3132 3506; x_wconf 93' lang='lat'><strong>:</strong></span> <span class='ocrx_word' id='word_1_652' title='bbox 3156 3464 3208 3508; x_wconf 93' lang='lat' dir='ltr'><strong>et</strong></span> <span class='ocrx_word' id='word_1_653' title='bbox 3234 3453 3666 3523; x_wconf 85' lang='lat' dir='ltr'><strong>pseudoprophe-</strong></span> 
     </span>
    </p>
   </div>
   <div class='ocr_carea' id='block_1_80' title="bbox 2090 3545 3664 3616">
    <p class='ocr_par' dir='ltr' id='par_1_80' title="bbox 2090 3545 3664 3616">
     <span class='ocr_line' id='line_1_80' title="bbox 2090 3545 3664 3616; baseline 0.002 -19"><span class='ocrx_word' id='word_1_654' title='bbox 2090 3554 2139 3598; x_wconf 91' lang='lat' dir='ltr'><strong>te</strong></span> <span class='ocrx_word' id='word_1_655' title='bbox 2160 3562 2172 3596; x_wconf 91' lang='lat'><strong>:</strong></span> <span class='ocrx_word' id='word_1_656' title='bbox 2190 3554 2241 3599; x_wconf 94' lang='lat' dir='ltr'><strong>et</strong></span> <span class='ocrx_word' id='word_1_657' title='bbox 2261 3545 2452 3599; x_wconf 89' lang='lat' dir='ltr'><strong>dabunt</strong></span> <span class='ocrx_word' id='word_1_658' title='bbox 2480 3546 2629 3616; x_wconf 83' lang='lat' dir='ltr'><strong>signa</strong></span> <span class='ocrx_word' id='word_1_659' title='bbox 2651 3556 2705 3600; x_wconf 90' lang='lat' dir='ltr'><strong>et</strong></span> <span class='ocrx_word' id='word_1_660' title='bbox 2730 3554 2971 3614; x_wconf 87' lang='lat' dir='ltr'><strong>portenta</strong></span> <span class='ocrx_word' id='word_1_661' title='bbox 2993 3545 3059 3599; x_wconf 89' lang='lat' dir='ltr'><strong>ad</strong></span> <span class='ocrx_word' id='word_1_662' title='bbox 3079 3546 3410 3601; x_wconf 86' lang='lat' dir='ltr'><strong>seducendos</strong></span> <span class='ocrx_word' id='word_1_663' title='bbox 3424 3546 3466 3600; x_wconf 93' lang='lat' dir='ltr'><strong>si</strong></span> <span class='ocrx_word' id='word_1_664' title='bbox 3492 3554 3664 3614; x_wconf 85' lang='lat' dir='ltr'><strong>potest</strong></span> 
     </span>
    </p>
   </div>
   <div class='ocr_carea' id='block_1_81' title="bbox 2088 3637 3667 3707">
    <p class='ocr_par' dir='ltr' id='par_1_81' title="bbox 2088 3637 3667 3707">
     <span class='ocr_line' id='line_1_81' title="bbox 2088 3637 3667 3707; baseline 0.001 -18"><span class='ocrx_word' id='word_1_665' title='bbox 2088 3637 2232 3691; x_wconf 82' lang='lat' dir='ltr'><strong>ﬁeri:</strong></span> <span class='ocrx_word' id='word_1_666' title='bbox 2257 3640 2412 3691; x_wconf 90' lang='lat' dir='ltr'><strong>etiam</strong></span> <span class='ocrx_word' id='word_1_667' title='bbox 2442 3637 2660 3692; x_wconf 90' lang='lat' dir='ltr'><strong>electos.</strong></span> <span class='ocrx_word' id='word_1_668' title='bbox 2686 3638 2793 3693; x_wconf 72' lang='lat' dir='ltr'><strong>Vos</strong></span> <span class='ocrx_word' id='word_1_669' title='bbox 2820 3653 2945 3707; x_wconf 82' lang='lat' dir='ltr'><strong>ergo</strong></span> <span class='ocrx_word' id='word_1_670' title='bbox 2964 3638 3159 3692; x_wconf 89' lang='lat' dir='ltr'><strong>videte.</strong></span> <span class='ocrx_word' id='word_1_671' title='bbox 3188 3638 3325 3691; x_wconf 83' lang='lat' dir='ltr'><strong>Ecce</strong></span> <span class='ocrx_word' id='word_1_672' title='bbox 3349 3638 3548 3706; x_wconf 83' lang='lat' dir='ltr'><strong>predixi</strong></span> <span class='ocrx_word' id='word_1_673' title='bbox 3571 3652 3667 3691; x_wconf 86' lang='lat' dir='ltr'><strong>vo-</strong></span> 
     </span>
    </p>
   </div>
   <div class='ocr_carea' id='block_1_82' title="bbox 2086 3727 3661 3798">
    <p class='ocr_par' dir='ltr' id='par_1_82' title="bbox 2086 3727 3661 3798">
     <span class='ocr_line' id='line_1_82' title="bbox 2086 3727 3661 3798; baseline 0.003 -19"><span class='ocrx_word' id='word_1_674' title='bbox 2086 3727 2165 3780; x_wconf 90' lang='lat' dir='ltr'><strong>bis</strong></span> <span class='ocrx_word' id='word_1_675' title='bbox 2185 3728 2382 3781; x_wconf 89' lang='lat' dir='ltr'><strong>omnia.</strong></span> <span class='ocrx_word' id='word_1_676' title='bbox 2405 3728 2513 3784; x_wconf 86' lang='lat' dir='ltr'><strong>Sed</strong></span> <span class='ocrx_word' id='word_1_677' title='bbox 2544 3729 2712 3783; x_wconf 90' lang='lat' dir='ltr'><strong>inillis</strong></span> <span class='ocrx_word' id='word_1_678' title='bbox 2734 3728 2921 3785; x_wconf 89' lang='lat' dir='ltr'><strong>diebus</strong></span> <span class='ocrx_word' id='word_1_679' title='bbox 2949 3737 3066 3798; x_wconf 86' lang='lat' dir='ltr'><strong>post</strong></span> <span class='ocrx_word' id='word_1_680' title='bbox 3080 3729 3472 3783; x_wconf 83' lang='lat' dir='ltr'><strong>tribulationem</strong></span> <span class='ocrx_word' id='word_1_681' title='bbox 3496 3730 3661 3783; x_wconf 87' lang='lat' dir='ltr'><strong>illam:</strong></span> 
     </span>
    </p>
   </div>
   <div class='ocr_carea' id='block_1_83' title="bbox 2085 3817 3663 3889">
    <p class='ocr_par' dir='ltr' id='par_1_83' title="bbox 2085 3817 3663 3889">
     <span class='ocr_line' id='line_1_83' title="bbox 2085 3817 3663 3889; baseline -0.001 -15"><span class='ocrx_word' id='word_1_682' title='bbox 2085 3817 2175 3874; x_wconf 91' lang='lat' dir='ltr'><strong>Sol</strong></span> <span class='ocrx_word' id='word_1_683' title='bbox 2214 3819 2700 3887; x_wconf 88' lang='lat' dir='ltr'><strong>contenebrabitur,</strong></span> <span class='ocrx_word' id='word_1_684' title='bbox 2756 3830 2808 3875; x_wconf 91' lang='lat' dir='ltr'><strong>et</strong></span> <span class='ocrx_word' id='word_1_685' title='bbox 2838 3822 2959 3877; x_wconf 81' lang='lat' dir='ltr'><strong>luna</strong></span> <span class='ocrx_word' id='word_1_686' title='bbox 3003 3836 3109 3875; x_wconf 91' lang='lat' dir='ltr'><strong>nou</strong></span> <span class='ocrx_word' id='word_1_687' title='bbox 3143 3821 3287 3875; x_wconf 89' lang='lat' dir='ltr'><strong>dabit</strong></span> <span class='ocrx_word' id='word_1_688' title='bbox 3325 3821 3663 3889; x_wconf 89' lang='lat' dir='ltr'><strong>splendorem</strong></span> 
     </span>
    </p>
   </div>
   <div class='ocr_carea' id='block_1_84' title="bbox 2082 3908 3683 3981">
    <p class='ocr_par' dir='ltr' id='par_1_84' title="bbox 2082 3908 3683 3981">
     <span class='ocr_line' id='line_1_84' title="bbox 2082 3908 3683 3981; baseline 0.006 -21"><span class='ocrx_word' id='word_1_689' title='bbox 2082 3908 2341 3962; x_wconf 82' lang='lat' dir='ltr'><strong>suum.Et</strong></span> <span class='ocrx_word' id='word_1_690' title='bbox 2365 3910 2517 3963; x_wconf 90' lang='lat' dir='ltr'><strong>stelle</strong></span> <span class='ocrx_word' id='word_1_691' title='bbox 2537 3910 2814 3965; x_wconf 90' lang='lat' dir='ltr'><strong>celierunt</strong></span> <span class='ocrx_word' id='word_1_692' title='bbox 2842 3911 3187 3967; x_wconf 86' lang='lat' dir='ltr'><strong>decidentes:</strong></span> <span class='ocrx_word' id='word_1_693' title='bbox 3221 3923 3273 3966; x_wconf 91' lang='lat' dir='ltr'><strong>et</strong></span> <span class='ocrx_word' id='word_1_694' title='bbox 3303 3913 3523 3966; x_wconf 80' lang='lat' dir='ltr'><strong>virtutes</strong></span> <span class='ocrx_word' id='word_1_695' title='bbox 3557 3927 3683 3981; x_wconf 84' lang='lat' dir='ltr'><strong>que.</strong></span> 
     </span>
    </p>
   </div>
   <div class='ocr_carea' id='block_1_85' title="bbox 2080 4002 3659 4058">
    <p class='ocr_par' dir='ltr' id='par_1_85' title="bbox 2080 4002 3659 4058">
     <span class='ocr_line' id='line_1_85' title="bbox 2080 4002 3659 4058; baseline 0.001 -3"><span class='ocrx_word' id='word_1_696' title='bbox 2080 4012 2202 4055; x_wconf 87' lang='lat' dir='ltr'><strong>sunt</strong></span> <span class='ocrx_word' id='word_1_697' title='bbox 2230 4002 2281 4056; x_wconf 90' lang='lat' dir='ltr'><strong>in</strong></span> <span class='ocrx_word' id='word_1_698' title='bbox 2326 4002 2457 4057; x_wconf 87' lang='lat' dir='ltr'><strong>celis</strong></span> <span class='ocrx_word' id='word_1_699' title='bbox 2479 4003 2849 4058; x_wconf 79' lang='lat' dir='ltr'><strong>anebuntur.</strong></span> <span class='ocrx_word' id='word_1_700' title='bbox 2907 4004 2976 4057; x_wconf 86' lang='lat' dir='ltr'><strong>Et</strong></span> <span class='ocrx_word' id='word_1_701' title='bbox 3030 4013 3156 4058; x_wconf 90' lang='lat' dir='ltr'><strong>tunc</strong></span> <span class='ocrx_word' id='word_1_702' title='bbox 3204 4003 3458 4057; x_wconf 88' lang='lat' dir='ltr'><strong>videbunt</strong></span> <span class='ocrx_word' id='word_1_703' title='bbox 3496 4003 3659 4057; x_wconf 85' lang='lat' dir='ltr'><strong>lilium</strong></span> 
     </span>
    </p>
   </div>
   <div class='ocr_carea' id='block_1_86' title="bbox 2081 4091 3663 4149">
    <p class='ocr_par' dir='ltr' id='par_1_86' title="bbox 2081 4091 3663 4149">
     <span class='ocr_line' id='line_1_86' title="bbox 2081 4091 3663 4149; baseline 0.003 -6"><span class='ocrx_word' id='word_1_704' title='bbox 2081 4091 2311 4146; x_wconf 83' lang='lat' dir='ltr'><strong>hominis</strong></span> <span class='ocrx_word' id='word_1_705' title='bbox 2334 4092 2636 4147; x_wconf 89' lang='lat' dir='ltr'><strong>venientem</strong></span> <span class='ocrx_word' id='word_1_706' title='bbox 2661 4093 2713 4147; x_wconf 92' lang='lat' dir='ltr'><strong>in</strong></span> <span class='ocrx_word' id='word_1_707' title='bbox 2741 4093 2967 4147; x_wconf 89' lang='lat' dir='ltr'><strong>nubibus</strong></span> <span class='ocrx_word' id='word_1_708' title='bbox 2993 4109 3115 4149; x_wconf 91' lang='lat' dir='ltr'><strong>cum</strong></span> <span class='ocrx_word' id='word_1_709' title='bbox 3151 4093 3341 4148; x_wconf 87' lang='lat' dir='ltr'><strong>virtute</strong></span> <span class='ocrx_word' id='word_1_710' title='bbox 3390 4095 3555 4148; x_wconf 85' lang='lat' dir='ltr'><strong>multa</strong></span> <span class='ocrx_word' id='word_1_711' title='bbox 3610 4104 3663 4148; x_wconf 92' lang='lat' dir='ltr'><strong>et</strong></span> 
     </span>
    </p>
   </div>
   <div class='ocr_carea' id='block_1_87' title="bbox 2078 4182 3656 4256">
    <p class='ocr_par' dir='ltr' id='par_1_87' title="bbox 2078 4182 3656 4256">
     <span class='ocr_line' id='line_1_87' title="bbox 2078 4182 3656 4256; baseline 0 -20"><span class='ocrx_word' id='word_1_712' title='bbox 2078 4182 2264 4249; x_wconf 83' lang='lat' dir='ltr'><strong>gloria.</strong></span> <span class='ocrx_word' id='word_1_713' title='bbox 2310 4184 2375 4237; x_wconf 86' lang='lat' dir='ltr'><strong>Et</strong></span> <span class='ocrx_word' id='word_1_714' title='bbox 2399 4194 2524 4238; x_wconf 90' lang='lat' dir='ltr'><strong>tunc</strong></span> <span class='ocrx_word' id='word_1_715' title='bbox 2554 4188 2729 4239; x_wconf 78' lang='lat' dir='ltr'><strong>mittet</strong></span> <span class='ocrx_word' id='word_1_716' title='bbox 2770 4186 2986 4254; x_wconf 85' lang='lat' dir='ltr'><strong>angelos</strong></span> <span class='ocrx_word' id='word_1_717' title='bbox 3017 4201 3143 4240; x_wconf 88' lang='lat' dir='ltr'><strong>suos</strong></span> <span class='ocrx_word' id='word_1_718' title='bbox 3174 4203 3187 4237; x_wconf 88' lang='lat'><strong>:</strong></span> <span class='ocrx_word' id='word_1_719' title='bbox 3221 4194 3277 4240; x_wconf 89' lang='lat' dir='ltr'><strong>et</strong></span> <span class='ocrx_word' id='word_1_720' title='bbox 3304 4185 3656 4256; x_wconf 76' lang='lat' dir='ltr'><strong>congregabit</strong></span> 
     </span>
    </p>
   </div>
   <div class='ocr_carea' id='block_1_88' title="bbox 2077 4273 3660 4342">
    <p class='ocr_par' dir='ltr' id='par_1_88' title="bbox 2077 4273 3660 4342">
     <span class='ocr_line' id='line_1_88' title="bbox 2077 4273 3660 4342; baseline 0.001 -17"><span class='ocrx_word' id='word_1_721' title='bbox 2077 4273 2273 4326; x_wconf 85' lang='lat' dir='ltr'><strong>electos</strong></span> <span class='ocrx_word' id='word_1_722' title='bbox 2304 4288 2428 4326; x_wconf 90' lang='lat' dir='ltr'><strong>suos</strong></span> <span class='ocrx_word' id='word_1_723' title='bbox 2455 4289 2483 4326; x_wconf 89' lang='lat' dir='ltr'><strong>a</strong></span> <span class='ocrx_word' id='word_1_724' title='bbox 2512 4283 2741 4341; x_wconf 87' lang='lat' dir='ltr'><strong>quatuor</strong></span> <span class='ocrx_word' id='word_1_725' title='bbox 2766 4275 2939 4329; x_wconf 83' lang='lat' dir='ltr'><strong>ventis</strong></span> <span class='ocrx_word' id='word_1_726' title='bbox 2965 4289 2993 4327; x_wconf 88' lang='lat' dir='ltr'><strong>a</strong></span> <span class='ocrx_word' id='word_1_727' title='bbox 3041 4290 3247 4328; x_wconf 75' lang='lat' dir='ltr'><strong>summo</strong></span> <span class='ocrx_word' id='word_1_728' title='bbox 3281 4284 3419 4329; x_wconf 91' lang='lat' dir='ltr'><strong>terre</strong></span> <span class='ocrx_word' id='word_1_729' title='bbox 3450 4291 3462 4327; x_wconf 94' lang='lat'><strong>:</strong></span> <span class='ocrx_word' id='word_1_730' title='bbox 3492 4288 3660 4342; x_wconf 82' lang='lat' dir='ltr'><strong>usque</strong></span> 
     </span>
    </p>
   </div>
   <div class='ocr_carea' id='block_1_89' title="bbox 2076 4363 3656 4433">
    <p class='ocr_par' dir='ltr' id='par_1_89' title="bbox 2076 4363 3656 4433">
     <span class='ocr_line' id='line_1_89' title="bbox 2076 4363 3656 4433; baseline 0.003 -21"><span class='ocrx_word' id='word_1_731' title='bbox 2076 4363 2139 4412; x_wconf 86' lang='lat' dir='ltr'><strong>ad</strong></span> <span class='ocrx_word' id='word_1_732' title='bbox 2163 4377 2428 4415; x_wconf 89' lang='lat' dir='ltr'><strong>summum</strong></span> <span class='ocrx_word' id='word_1_733' title='bbox 2481 4363 2676 4417; x_wconf 82' lang='lat' dir='ltr'><strong>celi.A</strong></span> <span class='ocrx_word' id='word_1_734' title='bbox 2733 4363 2837 4417; x_wconf 84' lang='lat' dir='ltr'><strong>ﬁcu</strong></span> <span class='ocrx_word' id='word_1_735' title='bbox 2885 4372 3062 4418; x_wconf 88' lang='lat' dir='ltr'><strong>autem</strong></span> <span class='ocrx_word' id='word_1_736' title='bbox 3090 4364 3278 4418; x_wconf 69' lang='lat' dir='ltr'><strong>discite</strong></span> <span class='ocrx_word' id='word_1_737' title='bbox 3329 4363 3656 4433; x_wconf 80' lang='lat' dir='ltr'><strong>parabolam.</strong></span> 
     </span>
    </p>
   </div>
   <div class='ocr_carea' id='block_1_90' title="bbox 389 4452 3660 4551">
    <p class='ocr_par' dir='ltr' id='par_1_90' title="bbox 389 4452 3660 4551">
     <span class='ocr_line' id='line_1_90' title="bbox 389 4452 3660 4551; baseline 0 -45"><span class='ocrx_word' id='word_1_738' title='bbox 389 4454 710 4524; x_wconf 84' lang='lat' dir='ltr'><strong>suum.Cap.</strong></span> <span class='ocrx_word' id='word_1_739' title='bbox 738 4453 914 4508; x_wconf 81' lang='lat' dir='ltr'><strong><em>XIII.</em></strong></span> <span class='ocrx_word' id='word_1_740' title='bbox 942 4454 1005 4507; x_wconf 87' lang='lat' dir='ltr'><strong>Et</strong></span> <span class='ocrx_word' id='word_1_741' title='bbox 1035 4464 1197 4507; x_wconf 60' lang='lat' dir='ltr'><strong>cunis</strong></span> <span class='ocrx_word' id='word_1_742' title='bbox 1219 4456 1559 4523; x_wconf 78' lang='lat' dir='ltr'><strong>egrederetur</strong></span> <span class='ocrx_word' id='word_1_743' title='bbox 1573 4457 1637 4509; x_wconf 89' lang='lat' dir='ltr'><strong>de</strong></span> <span class='ocrx_word' id='word_1_744' title='bbox 1656 4461 1967 4525; x_wconf 78' lang='lat' dir='ltr'><strong>templo:ait</strong></span> <span class='ocrx_word' id='word_1_745' title='bbox 1998 4492 2051 4551; x_wconf 62' lang='grc' dir='ltr'><strong><em>Β</em></strong></span> <span class='ocrx_word' id='word_1_746' title='bbox 2075 4452 2208 4505; x_wconf 80' lang='lat' dir='ltr'><strong>Cum</strong></span> <span class='ocrx_word' id='word_1_747' title='bbox 2236 4452 2342 4519; x_wconf 91' lang='lat' dir='ltr'><strong>jam</strong></span> <span class='ocrx_word' id='word_1_748' title='bbox 2374 4465 2551 4505; x_wconf 78' lang='lat' dir='ltr'><strong>minus</strong></span> <span class='ocrx_word' id='word_1_749' title='bbox 2579 4452 2696 4520; x_wconf 85' lang='lat' dir='ltr'><strong>ejus</strong></span> <span class='ocrx_word' id='word_1_750' title='bbox 2735 4462 2883 4507; x_wconf 90' lang='lat' dir='ltr'><strong>tener</strong></span> <span class='ocrx_word' id='word_1_751' title='bbox 2912 4452 3067 4508; x_wconf 84' lang='lat' dir='ltr'><strong>fuerit</strong></span> <span class='ocrx_word' id='word_1_752' title='bbox 3098 4465 3188 4508; x_wconf 91' lang='lat' dir='ltr'><strong>:et</strong></span> <span class='ocrx_word' id='word_1_753' title='bbox 3209 4464 3327 4507; x_wconf 91' lang='lat' dir='ltr'><strong>nata</strong></span> <span class='ocrx_word' id='word_1_754' title='bbox 3357 4452 3550 4508; x_wconf 84' lang='lat' dir='ltr'><strong>iuerint</strong></span> <span class='ocrx_word' id='word_1_755' title='bbox 3578 4454 3660 4507; x_wconf 83' lang='lat' dir='ltr'><strong>fo-</strong></span> 
     </span>
    </p>
   </div>
   <div class='ocr_carea' id='block_1_91' title="bbox 389 4545 1969 4615">
    <p class='ocr_par' dir='ltr' id='par_1_91' title="bbox 389 4545 1969 4615">
     <span class='ocr_line' id='line_1_91' title="bbox 389 4545 1969 4615; baseline 0.002 -17"><span class='ocrx_word' id='word_1_756' title='bbox 389 4546 464 4598; x_wconf 92' lang='lat' dir='ltr'><strong>illi</strong></span> <span class='ocrx_word' id='word_1_757' title='bbox 495 4561 629 4599; x_wconf 90' lang='lat' dir='ltr'><strong>unus</strong></span> <span class='ocrx_word' id='word_1_758' title='bbox 658 4561 723 4599; x_wconf 80' lang='lat' dir='ltr'><strong>ex</strong></span> <span class='ocrx_word' id='word_1_759' title='bbox 749 4545 1021 4614; x_wconf 88' lang='lat' dir='ltr'><strong>discipulis</strong></span> <span class='ocrx_word' id='word_1_760' title='bbox 1035 4545 1165 4598; x_wconf 87' lang='lat' dir='ltr'><strong>suis.</strong></span> <span class='ocrx_word' id='word_1_761' title='bbox 1196 4546 1445 4615; x_wconf 79' lang='lat' dir='ltr'><strong>Magister</strong></span> <span class='ocrx_word' id='word_1_762' title='bbox 1469 4547 1676 4614; x_wconf 80' lang='lat' dir='ltr'><strong>:aSpice</strong></span> <span class='ocrx_word' id='word_1_763' title='bbox 1692 4549 1872 4615; x_wconf 84' lang='lat' dir='ltr'><strong>quales</strong></span> <span class='ocrx_word' id='word_1_764' title='bbox 1894 4550 1969 4601; x_wconf 88' lang='lat' dir='ltr'><strong>la-</strong></span> 
     </span>
    </p>
   </div>
   <div class='ocr_carea' id='block_1_92' title="bbox 389 4637 1965 4705">
    <p class='ocr_par' dir='ltr' id='par_1_92' title="bbox 389 4637 1965 4705">
     <span class='ocr_line' id='line_1_92' title="bbox 389 4637 1965 4705; baseline 0.003 -16"><span class='ocrx_word' id='word_1_765' title='bbox 389 4637 541 4705; x_wconf 87' lang='lat' dir='ltr'><strong>pides</strong></span> <span class='ocrx_word' id='word_1_766' title='bbox 568 4648 617 4690; x_wconf 91' lang='lat' dir='ltr'><strong>et</strong></span> <span class='ocrx_word' id='word_1_767' title='bbox 636 4637 817 4705; x_wconf 88' lang='lat' dir='ltr'><strong>quales</strong></span> <span class='ocrx_word' id='word_1_768' title='bbox 841 4645 1129 4689; x_wconf 87' lang='lat' dir='ltr'><strong>structure.</strong></span> <span class='ocrx_word' id='word_1_769' title='bbox 1153 4637 1215 4689; x_wconf 86' lang='lat' dir='ltr'><strong>Et</strong></span> <span class='ocrx_word' id='word_1_770' title='bbox 1238 4640 1564 4705; x_wconf 67' lang='lat' dir='ltr'><strong>respondens</strong></span> <span class='ocrx_word' id='word_1_771' title='bbox 1592 4637 1748 4693; x_wconf 88' lang='lat' dir='ltr'><strong>Iesus</strong></span> <span class='ocrx_word' id='word_1_772' title='bbox 1776 4638 1965 4694; x_wconf 88' lang='lat' dir='ltr'><strong>aitilli.</strong></span> 
     </span>
    </p>
   </div>
   <div class='ocr_carea' id='block_1_93' title="bbox 388 4725 1968 4799">
    <p class='ocr_par' dir='ltr' id='par_1_93' title="bbox 388 4725 1968 4799">
     <span class='ocr_line' id='line_1_93' title="bbox 388 4725 1968 4799; baseline 0.004 -19"><span class='ocrx_word' id='word_1_773' title='bbox 388 4726 547 4780; x_wconf 80' lang='lat' dir='ltr'><strong>Vides</strong></span> <span class='ocrx_word' id='word_1_774' title='bbox 571 4725 667 4779; x_wconf 87' lang='lat' dir='ltr'><strong>has</strong></span> <span class='ocrx_word' id='word_1_775' title='bbox 698 4742 917 4797; x_wconf 89' lang='lat' dir='ltr'><strong>magnas</strong></span> <span class='ocrx_word' id='word_1_776' title='bbox 941 4725 1470 4785; x_wconf 73' lang='lat' dir='ltr'><strong>editicationes‘INon</strong></span> <span class='ocrx_word' id='word_1_777' title='bbox 1495 4729 1818 4798; x_wconf 88' lang='lat' dir='ltr'><strong>relinquetur</strong></span> <span class='ocrx_word' id='word_1_778' title='bbox 1836 4730 1968 4799; x_wconf 90' lang='lat' dir='ltr'><strong>lapis</strong></span> 
     </span>
    </p>
   </div>
   <div class='ocr_carea' id='block_1_94' title="bbox 386 4815 1966 4886">
    <p class='ocr_par' dir='ltr' id='par_1_94' title="bbox 386 4815 1966 4886">
     <span class='ocr_line' id='line_1_94' title="bbox 386 4815 1966 4886; baseline 0.003 -16"><span class='ocrx_word' id='word_1_779' title='bbox 386 4830 547 4883; x_wconf 86' lang='lat' dir='ltr'><strong>super</strong></span> <span class='ocrx_word' id='word_1_780' title='bbox 568 4815 793 4883; x_wconf 89' lang='lat' dir='ltr'><strong>lapidem</strong></span> <span class='ocrx_word' id='word_1_781' title='bbox 821 4817 941 4886; x_wconf 84' lang='lat' dir='ltr'><strong>:qui</strong></span> <span class='ocrx_word' id='word_1_782' title='bbox 962 4831 1063 4871; x_wconf 87' lang='lat' dir='ltr'><strong>non</strong></span> <span class='ocrx_word' id='word_1_783' title='bbox 1087 4816 1408 4871; x_wconf 84' lang='lat' dir='ltr'><strong>destruatur.</strong></span> <span class='ocrx_word' id='word_1_784' title='bbox 1439 4821 1500 4871; x_wconf 74' lang='lat' dir='ltr'><strong>lit</strong></span> <span class='ocrx_word' id='word_1_785' title='bbox 1525 4836 1645 4873; x_wconf 89' lang='lat' dir='ltr'><strong>cum</strong></span> <span class='ocrx_word' id='word_1_786' title='bbox 1671 4824 1883 4876; x_wconf 70' lang='lat' dir='ltr'><strong>:edcl‘cl</strong></span> <span class='ocrx_word' id='word_1_787' title='bbox 1914 4823 1966 4875; x_wconf 92' lang='lat' dir='ltr'><strong>in</strong></span> 
     </span>
    </p>
   </div>
   <div class='ocr_carea' id='block_1_95' title="bbox 389 4907 1968 4982">
    <p class='ocr_par' dir='ltr' id='par_1_95' title="bbox 389 4907 1968 4982">
     <span class='ocr_line' id='line_1_95' title="bbox 389 4907 1968 4982; baseline 0.007 -21"><span class='ocrx_word' id='word_1_788' title='bbox 389 4918 569 4961; x_wconf 90' lang='lat' dir='ltr'><strong>monte</strong></span> <span class='ocrx_word' id='word_1_789' title='bbox 583 4907 851 4962; x_wconf 90' lang='lat' dir='ltr'><strong>Olivarum</strong></span> <span class='ocrx_word' id='word_1_790' title='bbox 880 4927 894 4963; x_wconf 91' lang='lat'><strong>:</strong></span> <span class='ocrx_word' id='word_1_791' title='bbox 932 4911 1455 4980; x_wconf 79' lang='lat' dir='ltr'><strong>interrogabantenm</strong></span> <span class='ocrx_word' id='word_1_792' title='bbox 1477 4916 1761 4982; x_wconf 87' lang='lat' dir='ltr'><strong>separatim</strong></span> <span class='ocrx_word' id='word_1_793' title='bbox 1783 4917 1968 4972; x_wconf 89' lang='lat' dir='ltr'><strong>Petrus</strong></span> 
     </span>
    </p>
   </div>
   <div class='ocr_carea' id='block_1_96' title="bbox 385 4997 1967 5076">
    <p class='ocr_par' dir='ltr' id='par_1_96' title="bbox 385 4997 1967 5076">
     <span class='ocr_line' id='line_1_96' title="bbox 385 4997 1967 5076; baseline 0.005 -22"><span class='ocrx_word' id='word_1_794' title='bbox 385 5010 440 5054; x_wconf 87' lang='lat' dir='ltr'><strong>et</strong></span> <span class='ocrx_word' id='word_1_795' title='bbox 461 4997 759 5055; x_wconf 85' lang='lat' dir='ltr'><strong>Iohannes:</strong></span> <span class='ocrx_word' id='word_1_796' title='bbox 791 5008 843 5053; x_wconf 91' lang='lat' dir='ltr'><strong>et</strong></span> <span class='ocrx_word' id='word_1_797' title='bbox 864 4999 1089 5057; x_wconf 88' lang='lat' dir='ltr'><strong>Iacobus</strong></span> <span class='ocrx_word' id='word_1_798' title='bbox 1117 5011 1169 5056; x_wconf 93' lang='lat' dir='ltr'><strong>et</strong></span> <span class='ocrx_word' id='word_1_799' title='bbox 1196 5008 1276 5056; x_wconf 81' lang='lat' dir='ltr'><strong>An</strong></span> <span class='ocrx_word' id='word_1_800' title='bbox 1301 5016 1455 5057; x_wconf 82' lang='lat' dir='ltr'><strong>reas.</strong></span> <span class='ocrx_word' id='word_1_801' title='bbox 1482 5002 1574 5057; x_wconf 87' lang='lat' dir='ltr'><strong>Dic</strong></span> <span class='ocrx_word' id='word_1_802' title='bbox 1594 5005 1967 5076; x_wconf 83' lang='lat' dir='ltr'><strong>nobisquando</strong></span> 
     </span>
    </p>
   </div>
   <div class='ocr_carea' id='block_1_97' title="bbox 460 5154 998 5223">
    <p class='ocr_par' dir='ltr' id='par_1_97' title="bbox 460 5154 998 5223">
     <span class='ocr_line' id='line_1_97' title="bbox 460 5154 998 5223; baseline 0 -13"><span class='ocrx_word' id='word_1_803' title='bbox 460 5163 483 5189; x_wconf 75' lang='grc' dir='ltr'>ο</span> <span class='ocrx_word' id='word_1_804' title='bbox 520 5155 554 5223; x_wconf 57' lang='grc' dir='ltr'>ᾖ</span> <span class='ocrx_word' id='word_1_805' title='bbox 582 5196 596 5209; x_wconf 94' lang='grc'><strong>.</strong></span> <span class='ocrx_word' id='word_1_806' title='bbox 622 5154 760 5209; x_wconf 73' lang='grc' dir='ltr'><strong>Ρετιι.</strong></span> <span class='ocrx_word' id='word_1_807' title='bbox 790 5170 912 5216; x_wconf 76' lang='lat' dir='ltr'><strong>xcv,</strong></span> <span class='ocrx_word' id='word_1_808' title='bbox 950 5155 998 5210; x_wconf 87' lang='grc'><strong>1.</strong></span> 
     </span>
    </p>
   </div>
   <div class='ocr_carea' id='block_1_98' title="bbox 457 5223 1205 5293">
    <p class='ocr_par' dir='ltr' id='par_1_98' title="bbox 457 5223 1205 5293">
     <span class='ocr_line' id='line_1_98' title="bbox 457 5223 1205 5293; baseline 0.001 -14"><span class='ocrx_word' id='word_1_809' title='bbox 457 5223 485 5262; x_wconf 69' lang='grc' dir='ltr'>δ</span> <span class='ocrx_word' id='word_1_810' title='bbox 514 5227 641 5293; x_wconf 78' lang='lat' dir='ltr'><strong>Cap.</strong></span> <span class='ocrx_word' id='word_1_811' title='bbox 674 5226 720 5279; x_wconf 80' lang='grc' dir='ltr'><strong>Χ</strong></span> <span class='ocrx_word' id='word_1_812' title='bbox 744 5226 800 5279; x_wconf 90' lang='lat' dir='ltr'><strong>V.</strong></span> <span class='ocrx_word' id='word_1_813' title='bbox 835 5229 982 5281; x_wconf 81' lang='lat' dir='ltr'><strong>Vcrs.</strong></span> <span class='ocrx_word' id='word_1_814' title='bbox 1016 5226 1205 5286; x_wconf 65' lang='grc' dir='ltr'><strong>ξιξ-δι.</strong></span> 
     </span>
    </p>
   </div>
   <div class='ocr_carea' id='block_1_99' title="bbox 462 5295 1200 5365">
    <p class='ocr_par' dir='ltr' id='par_1_99' title="bbox 462 5295 1200 5365">
     <span class='ocr_line' id='line_1_99' title="bbox 462 5295 1200 5365; baseline 0.004 -19"><span class='ocrx_word' id='word_1_815' title='bbox 462 5308 482 5365; x_wconf 66' lang='grc' dir='ltr'><strong>*ξ</strong></span> <span class='ocrx_word' id='word_1_816' title='bbox 515 5295 578 5348; x_wconf 75' lang='lat' dir='ltr'><strong>Et</strong></span> <span class='ocrx_word' id='word_1_817' title='bbox 610 5314 729 5350; x_wconf 80' lang='lat' dir='ltr'><strong>non.</strong></span> <span class='ocrx_word' id='word_1_818' title='bbox 763 5298 984 5365; x_wconf 80' lang='lat' dir='ltr'><strong>Corrige</strong></span> <span class='ocrx_word' id='word_1_819' title='bbox 1010 5310 1057 5352; x_wconf 83' lang='lat' dir='ltr'><strong>et</strong></span> <span class='ocrx_word' id='word_1_820' title='bbox 1090 5314 1200 5350; x_wconf 85' lang='lat' dir='ltr'><strong>nos.</strong></span> 
     </span>
    </p>
   </div>
   <div class='ocr_carea' id='block_1_100' title="bbox 458 5362 1959 5441">
    <p class='ocr_par' dir='ltr' id='par_1_100' title="bbox 458 5362 1959 5441">
     <span class='ocr_line' id='line_1_100' title="bbox 458 5362 1959 5441; baseline 0.005 -26"><span class='ocrx_word' id='word_1_821' title='bbox 458 5362 485 5401; x_wconf 76' lang='grc' dir='ltr'>ἀ</span> <span class='ocrx_word' id='word_1_822' title='bbox 510 5366 748 5431; x_wconf 81' lang='lat' dir='ltr'><strong>Quotidie</strong></span> <span class='ocrx_word' id='word_1_823' title='bbox 770 5362 958 5441; x_wconf 50' lang='lat' dir='ltr'><strong>nrorio&#39;r</strong></span> <span class='ocrx_word' id='word_1_824' title='bbox 983 5380 1188 5441; x_wconf 81' lang='lat' dir='ltr'><strong>propter</strong></span> <span class='ocrx_word' id='word_1_825' title='bbox 1213 5378 1425 5441; x_wconf 72' lang='lat' dir='ltr'><strong>vestram</strong></span> <span class='ocrx_word' id='word_1_826' title='bbox 1449 5371 1549 5440; x_wconf 77' lang='lat' dir='ltr'><strong>glo;</strong></span> <span class='ocrx_word' id='word_1_827' title='bbox 1565 5370 1690 5426; x_wconf 81' lang='lat' dir='ltr'><strong>iam.</strong></span> <span class='ocrx_word' id='word_1_828' title='bbox 1720 5370 1959 5441; x_wconf 74' lang='lat' dir='ltr'><strong>Vulgata,</strong></span> 
     </span>
    </p>
   </div>
   <div class='ocr_carea' id='block_1_101' title="bbox 386 5439 1962 5512">
    <p class='ocr_par' dir='ltr' id='par_1_101' title="bbox 386 5439 1962 5512">
     <span class='ocr_line' id='line_1_101' title="bbox 386 5439 1962 5512; baseline 0.006 -25"><span class='ocrx_word' id='word_1_829' title='bbox 386 5452 475 5512; x_wconf 68' lang='lat' dir='ltr'><strong>per</strong></span> <span class='ocrx_word' id='word_1_830' title='bbox 504 5443 719 5512; x_wconf 67' lang='lat' dir='ltr'><strong>vestram</strong></span> <span class='ocrx_word' id='word_1_831' title='bbox 753 5439 990 5512; x_wconf 81' lang='lat' dir='ltr'><strong>gloriam.</strong></span> <span class='ocrx_word' id='word_1_832' title='bbox 1021 5440 1237 5509; x_wconf 72' lang='lat' dir='ltr'><strong>Syriaca</strong></span> <span class='ocrx_word' id='word_1_833' title='bbox 1270 5458 1281 5491; x_wconf 87' lang='lat'><strong>:</strong></span> <span class='ocrx_word' id='word_1_834' title='bbox 1312 5439 1564 5505; x_wconf 29' lang='lat' dir='ltr'><strong>Iuro’per</strong></span> <span class='ocrx_word' id='word_1_835' title='bbox 1608 5439 1833 5494; x_wconf 64' lang='lat' dir='ltr'><strong>vestram</strong></span> <span class='ocrx_word' id='word_1_836' title='bbox 1852 5445 1962 5512; x_wconf 83' lang='lat' dir='ltr'><strong>glo-</strong></span> 
     </span>
    </p>
   </div>
   <div class='ocr_carea' id='block_1_102' title="bbox 386 5504 1816 5584">
    <p class='ocr_par' dir='ltr' id='par_1_102' title="bbox 386 5504 1816 5584">
     <span class='ocr_line' id='line_1_102' title="bbox 386 5504 1816 5584; baseline 0.007 -30"><span class='ocrx_word' id='word_1_837' title='bbox 386 5504 547 5584; x_wconf 48' lang='lat' dir='ltr'><strong>tium;</strong></span> <span class='ocrx_word' id='word_1_838' title='bbox 568 5504 783 5584; x_wconf 43' lang='lat' dir='ltr'><strong>Crte-tius</strong></span> <span class='ocrx_word' id='word_1_839' title='bbox 814 5510 1048 5584; x_wconf 20' lang='lat' dir='ltr'><strong>‘l_extus,#</strong></span> <span class='ocrx_word' id='word_1_840' title='bbox 1060 5504 1117 5570; x_wconf 63' lang='lat' dir='ltr'><strong>inti</strong></span> <span class='ocrx_word' id='word_1_841' title='bbox 1147 5517 1235 5584; x_wconf 72' lang='grc' dir='ltr'><strong><em>τὴν</em></strong></span> <span class='ocrx_word' id='word_1_842' title='bbox 1258 5513 1508 5584; x_wconf 77' lang='grc' dir='ltr'><strong>ὑμετέραν</strong></span> <span class='ocrx_word' id='word_1_843' title='bbox 1541 5516 1816 5584; x_wconf 49' lang='grc' dir='ltr'><strong>καύχμιοϊλζ</strong></span> 
     </span>
    </p>
   </div>
   <div class='ocr_carea' id='block_1_103' title="bbox 462 5573 1877 5650">
    <p class='ocr_par' dir='ltr' id='par_1_103' title="bbox 462 5573 1877 5650">
     <span class='ocr_line' id='line_1_103' title="bbox 462 5573 1877 5650; baseline 0.005 -22"><span class='ocrx_word' id='word_1_844' title='bbox 462 5575 634 5650; x_wconf 68' lang='lat' dir='ltr'><strong>fCap.</strong></span> <span class='ocrx_word' id='word_1_845' title='bbox 669 5573 807 5650; x_wconf 69' lang='lat' dir='ltr'><strong><em>XII.</em></strong></span> <span class='ocrx_word' id='word_1_846' title='bbox 842 5577 993 5633; x_wconf 82' lang='lat' dir='ltr'><strong>Vers.</strong></span> <span class='ocrx_word' id='word_1_847' title='bbox 1022 5582 1111 5642; x_wconf 73' lang='grc'><strong>58,</strong></span> <span class='ocrx_word' id='word_1_848' title='bbox 1142 5582 1209 5634; x_wconf 89' lang='lat' dir='ltr'><strong>ad</strong></span> <span class='ocrx_word' id='word_1_849' title='bbox 1241 5573 1429 5650; x_wconf 75' lang='lat' dir='ltr'><strong>capitis</strong></span> <span class='ocrx_word' id='word_1_850' title='bbox 1460 5597 1574 5645; x_wconf 82' lang='lat' dir='ltr'><strong>xm,</strong></span> <span class='ocrx_word' id='word_1_851' title='bbox 1612 5573 1751 5637; x_wconf 57' lang='lat' dir='ltr'><strong>viis.</strong></span> <span class='ocrx_word' id='word_1_852' title='bbox 1786 5581 1877 5635; x_wconf 75' lang='lat'><strong>52.</strong></span> 
     </span>
    </p>
   </div>
   <div class='ocr_carea' id='block_1_104' title="bbox 460 5646 1959 5720">
    <p class='ocr_par' dir='ltr' id='par_1_104' title="bbox 460 5646 1959 5720">
     <span class='ocr_line' id='line_1_104' title="bbox 460 5646 1959 5720; baseline 0.01 -24"><span class='ocrx_word' id='word_1_853' title='bbox 460 5646 479 5683; x_wconf 75' lang='grc' dir='ltr'><em>τ</em></span> <span class='ocrx_word' id='word_1_854' title='bbox 512 5646 591 5720; x_wconf 78' lang='lat' dir='ltr'><strong>_l)e</strong></span> <span class='ocrx_word' id='word_1_855' title='bbox 620 5646 851 5720; x_wconf 75' lang='lat' dir='ltr'><strong>pecunia.</strong></span> <span class='ocrx_word' id='word_1_856' title='bbox 891 5650 1026 5719; x_wconf 82' lang='lat' dir='ltr'><strong>Lege</strong></span> <span class='ocrx_word' id='word_1_857' title='bbox 1052 5652 1116 5707; x_wconf 86' lang='lat' dir='ltr'><strong>de</strong></span> <span class='ocrx_word' id='word_1_858' title='bbox 1144 5646 1357 5720; x_wconf 83' lang='lat' dir='ltr'><strong>penuria</strong></span> <span class='ocrx_word' id='word_1_859' title='bbox 1383 5669 1473 5708; x_wconf 76' lang='lat' dir='ltr'><strong>sua</strong></span> <span class='ocrx_word' id='word_1_860' title='bbox 1496 5694 1510 5719; x_wconf 87' lang='lat'><strong>,</strong></span> <span class='ocrx_word' id='word_1_861' title='bbox 1548 5665 1604 5709; x_wconf 89' lang='lat' dir='ltr'><strong>ut</strong></span> <span class='ocrx_word' id='word_1_862' title='bbox 1636 5668 1821 5710; x_wconf 86' lang='lat' dir='ltr'><strong>omnes</strong></span> <span class='ocrx_word' id='word_1_863' title='bbox 1844 5654 1959 5711; x_wconf 68' lang='lat' dir='ltr'><strong>alia:</strong></span> 
     </span>
    </p>
   </div>
   <div class='ocr_carea' id='block_1_105' title="bbox 388 5717 903 5775">
    <p class='ocr_par' dir='ltr' id='par_1_105' title="bbox 388 5717 903 5775">
     <span class='ocr_line' id='line_1_105' title="bbox 388 5717 903 5775; baseline -0.004 -2"><span class='ocrx_word' id='word_1_864' title='bbox 388 5718 657 5775; x_wconf 80' lang='lat' dir='ltr'><strong>versioncs</strong></span> <span class='ocrx_word' id='word_1_865' title='bbox 687 5717 903 5772; x_wconf 86' lang='lat' dir='ltr'><strong>habent.</strong></span> 
     </span>
    </p>
   </div>
   <div class='ocr_carea' id='block_1_106' title="bbox 2073 4543 3655 4613">
    <p class='ocr_par' dir='ltr' id='par_1_106' title="bbox 2073 4543 3655 4613">
     <span class='ocr_line' id='line_1_106' title="bbox 2073 4543 3655 4613; baseline 0.001 -17"><span class='ocrx_word' id='word_1_866' title='bbox 2073 4543 2138 4596; x_wconf 86' lang='lat' dir='ltr'><strong>lia</strong></span> <span class='ocrx_word' id='word_1_867' title='bbox 2170 4558 2183 4592; x_wconf 91' lang='lat'><strong>:</strong></span> <span class='ocrx_word' id='word_1_868' title='bbox 2214 4543 2544 4611; x_wconf 83' lang='lat' dir='ltr'><strong>cognoscetis</strong></span> <span class='ocrx_word' id='word_1_869' title='bbox 2570 4545 2692 4611; x_wconf 87' lang='lat' dir='ltr'><strong>quia</strong></span> <span class='ocrx_word' id='word_1_870' title='bbox 2720 4544 2770 4597; x_wconf 86' lang='lat' dir='ltr'><strong>in</strong></span> <span class='ocrx_word' id='word_1_871' title='bbox 2798 4545 3044 4613; x_wconf 83' lang='lat' dir='ltr'><strong>proximo</strong></span> <span class='ocrx_word' id='word_1_872' title='bbox 3066 4544 3135 4598; x_wconf 85' lang='lat' dir='ltr'><strong>sit</strong></span> <span class='ocrx_word' id='word_1_873' title='bbox 3162 4552 3321 4598; x_wconf 81' lang='lat' dir='ltr'><strong>cstas.</strong></span> <span class='ocrx_word' id='word_1_874' title='bbox 3353 4545 3442 4600; x_wconf 87' lang='lat' dir='ltr'><strong>Sic</strong></span> <span class='ocrx_word' id='word_1_875' title='bbox 3461 4556 3514 4599; x_wconf 89' lang='lat' dir='ltr'><strong>et</strong></span> <span class='ocrx_word' id='word_1_876' title='bbox 3539 4559 3655 4600; x_wconf 83' lang='lat' dir='ltr'><strong>vos:</strong></span> 
     </span>
    </p>
   </div>
   <div class='ocr_carea' id='block_1_107' title="bbox 2072 4633 3651 4705">
    <p class='ocr_par' dir='ltr' id='par_1_107' title="bbox 2072 4633 3651 4705">
     <span class='ocr_line' id='line_1_107' title="bbox 2072 4633 3651 4705; baseline 0.002 -18"><span class='ocrx_word' id='word_1_877' title='bbox 2072 4648 2191 4687; x_wconf 88' lang='lat' dir='ltr'><strong>cum</strong></span> <span class='ocrx_word' id='word_1_878' title='bbox 2217 4633 2454 4687; x_wconf 82' lang='lat' dir='ltr'><strong>vnlerttis</strong></span> <span class='ocrx_word' id='word_1_879' title='bbox 2482 4633 2580 4687; x_wconf 77' lang='lat' dir='ltr'><strong>hcc</strong></span> <span class='ocrx_word' id='word_1_880' title='bbox 2608 4635 2742 4701; x_wconf 78' lang='lat' dir='ltr'><strong>ﬁeri;</strong></span> <span class='ocrx_word' id='word_1_881' title='bbox 2775 4635 2965 4690; x_wconf 89' lang='lat' dir='ltr'><strong>scitote</strong></span> <span class='ocrx_word' id='word_1_882' title='bbox 2992 4635 3132 4704; x_wconf 92' lang='lat' dir='ltr'><strong>quod</strong></span> <span class='ocrx_word' id='word_1_883' title='bbox 3157 4636 3207 4689; x_wconf 92' lang='lat' dir='ltr'><strong>in</strong></span> <span class='ocrx_word' id='word_1_884' title='bbox 3238 4635 3481 4705; x_wconf 78' lang='lat' dir='ltr'><strong>proximo</strong></span> <span class='ocrx_word' id='word_1_885' title='bbox 3506 4638 3575 4690; x_wconf 88' lang='lat' dir='ltr'><strong>sit</strong></span> <span class='ocrx_word' id='word_1_886' title='bbox 3600 4639 3651 4690; x_wconf 90' lang='lat' dir='ltr'><strong>in</strong></span> 
     </span>
    </p>
   </div>
   <div class='ocr_carea' id='block_1_108' title="bbox 2072 4721 3654 4793">
    <p class='ocr_par' dir='ltr' id='par_1_108' title="bbox 2072 4721 3654 4793">
     <span class='ocr_line' id='line_1_108' title="bbox 2072 4721 3654 4793; baseline 0.002 -17"><span class='ocrx_word' id='word_1_887' title='bbox 2072 4723 2241 4776; x_wconf 81' lang='lat' dir='ltr'><strong>ostiis.</strong></span> <span class='ocrx_word' id='word_1_888' title='bbox 2276 4721 2441 4775; x_wconf 80' lang='lat' dir='ltr'><strong>Amen</strong></span> <span class='ocrx_word' id='word_1_889' title='bbox 2472 4722 2593 4777; x_wconf 89' lang='lat' dir='ltr'><strong>dico</strong></span> <span class='ocrx_word' id='word_1_890' title='bbox 2614 4724 2802 4776; x_wconf 83' lang='lat' dir='ltr'><strong>vobis:</strong></span> <span class='ocrx_word' id='word_1_891' title='bbox 2837 4727 3090 4792; x_wconf 90' lang='lat' dir='ltr'><strong>quoniam</strong></span> <span class='ocrx_word' id='word_1_892' title='bbox 3122 4723 3137 4774; x_wconf 86' lang='lat' dir='ltr'><strong>i</strong></span> <span class='ocrx_word' id='word_1_893' title='bbox 3170 4740 3273 4777; x_wconf 92' lang='lat' dir='ltr'><strong>non</strong></span> <span class='ocrx_word' id='word_1_894' title='bbox 3308 4727 3532 4779; x_wconf 88' lang='lat' dir='ltr'><strong>transiet</strong></span> <span class='ocrx_word' id='word_1_895' title='bbox 3558 4741 3654 4793; x_wconf 88' lang='lat' dir='ltr'><strong>ge-</strong></span> 
     </span>
    </p>
   </div>
   <div class='ocr_carea' id='block_1_109' title="bbox 2072 4812 3652 4871">
    <p class='ocr_par' dir='ltr' id='par_1_109' title="bbox 2072 4812 3652 4871">
     <span class='ocr_line' id='line_1_109' title="bbox 2072 4812 3652 4871; baseline 0.001 -6"><span class='ocrx_word' id='word_1_896' title='bbox 2072 4812 2275 4867; x_wconf 89' lang='lat' dir='ltr'><strong>neratio</strong></span> <span class='ocrx_word' id='word_1_897' title='bbox 2300 4813 2434 4866; x_wconf 90' lang='lat' dir='ltr'><strong>hec:</strong></span> <span class='ocrx_word' id='word_1_898' title='bbox 2467 4813 2638 4866; x_wconf 84' lang='lat' dir='ltr'><strong>donec</strong></span> <span class='ocrx_word' id='word_1_899' title='bbox 2682 4812 2856 4867; x_wconf 87' lang='lat' dir='ltr'><strong>omnia</strong></span> <span class='ocrx_word' id='word_1_900' title='bbox 2891 4816 2987 4867; x_wconf 88' lang='lat' dir='ltr'><strong>ista</strong></span> <span class='ocrx_word' id='word_1_901' title='bbox 3019 4814 3163 4868; x_wconf 84' lang='lat' dir='ltr'><strong>ﬁant.</strong></span> <span class='ocrx_word' id='word_1_902' title='bbox 3212 4814 3397 4869; x_wconf 85' lang='lat' dir='ltr'><strong>Celum</strong></span> <span class='ocrx_word' id='word_1_903' title='bbox 3427 4826 3481 4871; x_wconf 88' lang='lat' dir='ltr'><strong>et</strong></span> <span class='ocrx_word' id='word_1_904' title='bbox 3512 4825 3652 4868; x_wconf 84' lang='lat' dir='ltr'><strong>terra</strong></span> 
     </span>
    </p>
   </div>
   <div class='ocr_carea' id='block_1_110' title="bbox 2071 4903 3653 4960">
    <p class='ocr_par' dir='ltr' id='par_1_110' title="bbox 2071 4903 3653 4960">
     <span class='ocr_line' id='line_1_110' title="bbox 2071 4903 3653 4960; baseline 0.001 -3"><span class='ocrx_word' id='word_1_905' title='bbox 2071 4904 2405 4957; x_wconf 86' lang='lat' dir='ltr'><strong>transibunt:</strong></span> <span class='ocrx_word' id='word_1_906' title='bbox 2443 4903 2602 4956; x_wconf 87' lang='lat' dir='ltr'><strong>verba</strong></span> <span class='ocrx_word' id='word_1_907' title='bbox 2641 4911 2818 4957; x_wconf 87' lang='lat' dir='ltr'><strong>autem</strong></span> <span class='ocrx_word' id='word_1_908' title='bbox 2843 4918 2960 4957; x_wconf 88' lang='lat' dir='ltr'><strong>mea</strong></span> <span class='ocrx_word' id='word_1_909' title='bbox 2991 4919 3095 4958; x_wconf 91' lang='lat' dir='ltr'><strong>non</strong></span> <span class='ocrx_word' id='word_1_910' title='bbox 3127 4907 3447 4960; x_wconf 80' lang='lat' dir='ltr'><strong>transibunt.</strong></span> <span class='ocrx_word' id='word_1_911' title='bbox 3476 4906 3653 4959; x_wconf 86' lang='lat' dir='ltr'><strong>Dedie</strong></span> 
     </span>
    </p>
   </div>
   <div class='ocr_carea' id='block_1_111' title="bbox 2068 4991 3649 5067">
    <p class='ocr_par' dir='ltr' id='par_1_111' title="bbox 2068 4991 3649 5067">
     <span class='ocr_line' id='line_1_111' title="bbox 2068 4991 3649 5067; baseline 0.003 -20"><span class='ocrx_word' id='word_1_912' title='bbox 2068 5004 2243 5049; x_wconf 86' lang='lat' dir='ltr'><strong>autem</strong></span> <span class='ocrx_word' id='word_1_913' title='bbox 2269 4993 2354 5047; x_wconf 92' lang='lat' dir='ltr'><strong>illa</strong></span> <span class='ocrx_word' id='word_1_914' title='bbox 2382 4994 2465 5048; x_wconf 91' lang='lat' dir='ltr'><strong>vel</strong></span> <span class='ocrx_word' id='word_1_915' title='bbox 2490 4994 2640 5047; x_wconf 79' lang='lat' dir='ltr'><strong>liora.</strong></span> <span class='ocrx_word' id='word_1_916' title='bbox 2666 4991 2834 5049; x_wconf 86' lang='lat' dir='ltr'><strong>Nemo</strong></span> <span class='ocrx_word' id='word_1_917' title='bbox 2857 4996 2990 5051; x_wconf 90' lang='lat' dir='ltr'><strong>scit:</strong></span> <span class='ocrx_word' id='word_1_918' title='bbox 3017 5010 3191 5067; x_wconf 88' lang='lat' dir='ltr'><strong>neque</strong></span> <span class='ocrx_word' id='word_1_919' title='bbox 3212 4998 3401 5067; x_wconf 77' lang='lat' dir='ltr'><strong>Angeli</strong></span> <span class='ocrx_word' id='word_1_920' title='bbox 3426 4997 3476 5050; x_wconf 89' lang='lat' dir='ltr'><strong>iu</strong></span> <span class='ocrx_word' id='word_1_921' title='bbox 3499 4999 3649 5053; x_wconf 84' lang='lat' dir='ltr'><strong>celo:</strong></span> 
     </span>
    </p>
   </div>
   <div class='ocr_carea' id='block_1_112' title="bbox 2141 5151 3654 5225">
    <p class='ocr_par' dir='ltr' id='par_1_112' title="bbox 2141 5151 3654 5225">
     <span class='ocr_line' id='line_1_112' title="bbox 2141 5151 3654 5225; baseline -0.001 -17"><span class='ocrx_word' id='word_1_922' title='bbox 2141 5164 2167 5202; x_wconf 75' lang='grc' dir='ltr'><strong>ες</strong></span> <span class='ocrx_word' id='word_1_923' title='bbox 2196 5154 2554 5225; x_wconf 81' lang='lat' dir='ltr'><strong>Egrederetur.</strong></span> <span class='ocrx_word' id='word_1_924' title='bbox 2613 5155 2798 5224; x_wconf 85' lang='lat' dir='ltr'><strong>incipit</strong></span> <span class='ocrx_word' id='word_1_925' title='bbox 2828 5154 2913 5209; x_wconf 87' lang='lat' dir='ltr'><strong>hic</strong></span> <span class='ocrx_word' id='word_1_926' title='bbox 2940 5165 3097 5223; x_wconf 86' lang='lat' dir='ltr'><strong>caput</strong></span> <span class='ocrx_word' id='word_1_927' title='bbox 3133 5170 3246 5222; x_wconf 71' lang='grc' dir='ltr'>χιιι,</span> <span class='ocrx_word' id='word_1_928' title='bbox 3273 5154 3421 5224; x_wconf 79' lang='lat' dir='ltr'><strong>juxta</strong></span> <span class='ocrx_word' id='word_1_929' title='bbox 3456 5151 3654 5222; x_wconf 75' lang='lat' dir='ltr'><strong>Vulga-</strong></span> 
     </span>
    </p>
   </div>
   <div class='ocr_carea' id='block_1_113' title="bbox 2069 5235 3647 5365">
    <p class='ocr_par' dir='ltr' id='par_1_113' title="bbox 2069 5235 3647 5365">
     <span class='ocr_line' id='line_1_113' title="bbox 2069 5235 3647 5365; baseline -0.001 -17"><span class='ocrx_word' id='word_1_930' title='bbox 2069 5235 2256 5349; x_wconf 49' lang='lat' dir='ltr'><strong>m&#39;sin&#39;t</strong></span> <span class='ocrx_word' id='word_1_931' title='bbox 2287 5298 2339 5349; x_wconf 84' lang='lat' dir='ltr'><strong>in</strong></span> <span class='ocrx_word' id='word_1_932' title='bbox 2369 5312 2559 5365; x_wconf 79' lang='lat' dir='ltr'><strong>omnes.</strong></span> <span class='ocrx_word' id='word_1_933' title='bbox 2612 5295 2832 5357; x_wconf 73' lang='lat' dir='ltr'><strong>Vulgata</strong></span> <span class='ocrx_word' id='word_1_934' title='bbox 2880 5306 2934 5350; x_wconf 89' lang='lat' dir='ltr'><strong>et</strong></span> <span class='ocrx_word' id='word_1_935' title='bbox 2972 5289 3409 5350; x_wconf 67' lang='lat' dir='ltr'><strong>Gncca‘addunt</strong></span> <span class='ocrx_word' id='word_1_936' title='bbox 3453 5304 3647 5364; x_wconf 74' lang='lat' dir='ltr'><strong>gentes.</strong></span> 
     </span>
    </p>
   </div>
   <div class='ocr_carea' id='block_1_114' title="bbox 2067 5367 2828 5436">
    <p class='ocr_par' dir='ltr' id='par_1_114' title="bbox 2067 5367 2828 5436">
     <span class='ocr_line' id='line_1_114' title="bbox 2067 5367 2828 5436; baseline -0.003 -15"><span class='ocrx_word' id='word_1_937' title='bbox 2067 5367 2217 5436; x_wconf 78' lang='lat' dir='ltr'><strong>Syr.,</strong></span> <span class='ocrx_word' id='word_1_938' title='bbox 2246 5369 2297 5419; x_wconf 86' lang='lat' dir='ltr'><strong>in</strong></span> <span class='ocrx_word' id='word_1_939' title='bbox 2322 5370 2552 5420; x_wconf 83' lang='lat' dir='ltr'><strong>omnibus</strong></span> <span class='ocrx_word' id='word_1_940' title='bbox 2581 5367 2828 5433; x_wconf 72' lang='lat' dir='ltr'><strong>gentibus.</strong></span> 
     </span>
    </p>
   </div>
   <div class='ocr_carea' id='block_1_115' title="bbox 2129 5433 3648 5516">
    <p class='ocr_par' dir='ltr' id='par_1_115' title="bbox 2129 5433 3648 5516">
     <span class='ocr_line' id='line_1_115' title="bbox 2129 5433 3648 5516; baseline -0.004 -25"><span class='ocrx_word' id='word_1_941' title='bbox 2129 5437 2157 5516; x_wconf 30' lang='lat' dir='ltr'><strong>Ii</strong></span> <span class='ocrx_word' id='word_1_942' title='bbox 2190 5438 2375 5491; x_wconf 76' lang='lat' dir='ltr'><strong>Salvus</strong></span> <span class='ocrx_word' id='word_1_943' title='bbox 2408 5441 2524 5493; x_wconf 86' lang='lat' dir='ltr'><strong>erit.</strong></span> <span class='ocrx_word' id='word_1_944' title='bbox 2580 5437 2768 5507; x_wconf 69' lang='lat' dir='ltr'><strong>Vulg,</strong></span> <span class='ocrx_word' id='word_1_945' title='bbox 2819 5436 2945 5506; x_wconf 85' lang='lat' dir='ltr'><strong>Syr.</strong></span> <span class='ocrx_word' id='word_1_946' title='bbox 2996 5445 3053 5490; x_wconf 90' lang='lat' dir='ltr'><strong>et</strong></span> <span class='ocrx_word' id='word_1_947' title='bbox 3099 5433 3308 5502; x_wconf 73' lang='lat' dir='ltr'><strong>Grteca,</strong></span> <span class='ocrx_word' id='word_1_948' title='bbox 3357 5434 3440 5487; x_wconf 77' lang='lat' dir='ltr'><strong>hic</strong></span> <span class='ocrx_word' id='word_1_949' title='bbox 3476 5437 3648 5486; x_wconf 78' lang='lat' dir='ltr'><strong>salvus</strong></span> 
     </span>
    </p>
   </div>
   <div class='ocr_carea' id='block_1_116' title="bbox 2124 5527 2181 5560">
    <p class='ocr_par' dir='ltr' id='par_1_116' title="bbox 2124 5527 2181 5560">
     <span class='ocr_line' id='line_1_116' title="bbox 2124 5527 2181 5560; baseline 0.07 -3"><span class='ocrx_word' id='word_1_950' title='bbox 2124 5527 2181 5560; x_wconf 79' lang='grc' dir='ltr'>ιι.</span> 
     </span>
    </p>
   </div>
   <div class='ocr_carea' id='block_1_117' title="bbox 2066 5518 3645 5661">
    <p class='ocr_par' dir='ltr' id='par_1_117' title="bbox 2066 5518 3645 5661">
     <span class='ocr_line' id='line_1_117' title="bbox 2124 5527 2181 5560; baseline 0.053 -3"><span class='ocrx_word' id='word_1_951' title='bbox 2124 5527 2135 5557; x_wconf 70' lang='grc' dir='ltr'><em>Χ</em></span> <span class='ocrx_word' id='word_1_952' title='bbox 2170 5548 2181 5560; x_wconf 78' lang='grc' dir='ltr'><strong>ι</strong></span> 
     </span>
     <span class='ocr_line' id='line_1_118' title="bbox 2066 5518 3645 5661; baseline 0.001 -34"><span class='ocrx_word' id='word_1_953' title='bbox 2066 5518 2161 5627; x_wconf 61' lang='lat' dir='ltr'><strong>eri</strong></span> <span class='ocrx_word' id='word_1_954' title='bbox 2192 5578 2314 5661; x_wconf 76' lang='lat' dir='ltr'><strong>Non</strong></span> <span class='ocrx_word' id='word_1_955' title='bbox 2354 5579 2580 5636; x_wconf 81' lang='lat' dir='ltr'><strong>transiet.</strong></span> <span class='ocrx_word' id='word_1_956' title='bbox 2624 5578 2847 5651; x_wconf 78' lang='lat' dir='ltr'><strong>Vulgata</strong></span> <span class='ocrx_word' id='word_1_957' title='bbox 2876 5594 2978 5633; x_wconf 87' lang='lat' dir='ltr'><strong>non</strong></span> <span class='ocrx_word' id='word_1_958' title='bbox 3006 5578 3259 5634; x_wconf 71' lang='lat' dir='ltr'><strong>transibit.</strong></span> <span class='ocrx_word' id='word_1_959' title='bbox 3304 5575 3503 5642; x_wconf 65' lang='lat' dir='ltr'><strong>Cane,</strong></span> <span class='ocrx_word' id='word_1_960' title='bbox 3544 5591 3645 5628; x_wconf 80' lang='lat' dir='ltr'><strong>non</strong></span> 
     </span>
    </p>
   </div>
   <div class='ocr_carea' id='block_1_118' title="bbox 2063 5660 2357 5718">
    <p class='ocr_par' dir='ltr' id='par_1_118' title="bbox 2063 5660 2357 5718">
     <span class='ocr_line' id='line_1_119' title="bbox 2063 5660 2357 5718; baseline 0.01 -17"><span class='ocrx_word' id='word_1_961' title='bbox 2063 5660 2357 5718; x_wconf 72' lang='lat' dir='ltr'><strong>prtclcrtvtt.</strong></span> 
     </span>
    </p>
   </div>
  </div>
