4058 6178
252 337 357 389 135

1005 336 1300 395 MISSALE
1342 337 1609 393 MIXTUM
1648 335 1792 392 SEC.
1834 334 1993 392 ΠΕΟ.
2040 336 2098 390 Β.
2141 334 2407 392 lSlDORl.
2446 367 2515 377 -—
2554 337 2733 397 PARS
2772 340 2813 394 1.

3415 348 3521 406 134

248 459 276 486 ι
306 461 481 517 neque
511 446 650 501 filius
697 446 965 502 hominis:
996 450 1096 504 nisi
1129 461 1327 519 palen.
1362 451 1547 505 Videte
1572 469 1584 504 :
1620 449 1832 519 vigilate
1860 457 1909 511 Α
1936 450 2200 504 ciantibus
2231 467 2245 504 :
2276 451 2535 507 adventus
2558 462 2679 508 tuus
2704 453 2897 509 claruit
2925 457 3141 513 mundo.
3166 459 3518 520 Memoramus

244 553 299 593 et
329 549 503 594 orate.
536 540 765 594 Nescitis
795 541 935 595 enim
964 543 1176 611 quando
1200 553 1409 613 tempus
1436 544 1526 596 sit.
1559 541 1586 581 δ
1612 542 1710 609 Qui
1742 543 1835 596 ha-

246 630 335 681 bet
355 644 515 684 aures
542 629 795 683 audiendi
820 630 1021 686 audiat.

332 719 373 787 ἡ
396 756 411 771 .
444 723 635 774 Amen.

314 807 469 861 Dicat
498 810 715 864 Chorus.
752 822 773 850 ο
806 810 1008 865 Lauda.
1040 811 1311 880 Allelluja.

284 966 287 967 ν
329 900 367 967 ᾗ
392 940 405 953 .
431 900 533 969 Qui
582 902 724 971 regis
778 902 942 959 Israel
988 904 1204 960 intende
1242 906 1330 975 qui
1373 906 1594 961 deducis
1634 905 1833 976 Joseph

242 991 401 1044 velut
427 1006 605 1047 ovem.
639 992 704 1047 P.
738 993 987 1064 Alleluja.

314 1083 672 1139 Dic.tPresb.
719 1086 981 1156 Adjuvate
1034 1103 1121 1144 me
1172 1088 1365 1145 fratres
1392 1091 1449 1145 in
1494 1091 1833 1145 orationibus

240 1174 461 1227 vestris.
488 1184 542 1227 ut
565 1191 719 1245 supra
745 1178 839 1247 fol.
872 1177 925 1232 8.

314 1261 468 1317 Dicat
494 1266 715 1321 Chorus.

312 1355 338 1393 ἀ
371 1356 728 1426 Sacriﬁcium.
780 1355 918 1416 Ecce
945 1362 1180 1416 ostendit
1206 1363 1333 1418 mihi
1384 1364 1620 1434 Angelus
1648 1364 1829 1420 lesum

241 1446 592 1503 Sacerdotem
622 1464 867 1519 magnum
916 1460 1142 1506 stantem
1171 1465 1293 1507 aute
1324 1453 1510 1508 faciem
1571 1455 1780 1509 Domini
1814 1472 1830 1508 :

238 1552 292 1597 et
328 1541 565 1611 Angelus
621 1543 829 1597 Domini
877 1544 1195 1613 loquebatur
1222 1546 1287 1599 ad
1328 1562 1449 1600 eum
1504 1548 1730 1603 dicens:
1778 1557 1834 1602 tu

237 1632 591 1687 conservabis
616 1635 867 1702 pepulum
901 1645 1045 1689 tuum
1076 1646 1129 1690 et
1172 1637 1443 1693 custodies
1471 1654 1617 1693 eum.
1654 1638 1832 1708 Usque

238 1723 290 1778 in
325 1734 573 1779 eternum
605 1725 831 1796 Alleluja
859 1728 1111 1797 Alleluja.

1934 540 2093 594 etiam
2127 541 2411 608 Apostolos
2455 551 2575 598 tuos
2605 561 2621 598 :
2649 546 2737 614 qui
2776 550 3059 602 adventum
3109 560 3252 606 tuum
3300 569 3330 608 a
3382 554 3518 612 Pro-

1936 629 2130 696 phetis,
2163 631 2594 703 Patriarchisque
2639 637 2966 704 predicatum
2999 642 3209 696 :‘oculis
3236 644 3349 699 suis
3394 662 3518 702 cer-

1935 732 2063 771 nere
2092 731 2417 776 meruerunt.
2454 722 2699 779 Facimus
2738 742 2951 797 quoque
2986 740 3039 784 et
3083 742 3287 786 tuorum
3319 736 3520 805 Marty-

1936 822 2052 861 rum
2081 812 2401 865 mentionem
2434 829 2447 865 :
2479 816 2566 881 qui
2595 825 2645 870 te
2669 816 2945 873 Dominum
2968 822 3383 891 redemptionem
3406 828 3516 894 jam

1934 900 2146 963 venisse
2173 902 2399 957 confessi
2436 922 2449 958 :
2479 905 2544 959 ad
2589 917 2814 962 mortem
2848 926 3010 978 usque
3037 924 3163 965 sunt
3207 917 3392 969 certati
3423 933 3518 985 pro

1934 991 2187 1046 veritate.
2239 994 2494 1049 lt‘ideliuin
2546 1004 2783 1067 preterea
2827 1012 3037 1055 tuoruut
3091 1006 3143 1059 in
3198 1007 3296 1061 hac
3342 1010 3518 1064 adhuc

1936 1085 2372 1152 peregrinatione
2395 1087 2695 1155 degentium
2721 1093 2932 1144 nomina
2957 1107 3294 1151 recensemus
3321 1116 3333 1149 :
3364 1096 3383 1136 ί
3408 1114 3521 1168 pro-

1935 1179 2237 1229 testantes:
2272 1184 2329 1228 ut
2377 1192 2560 1232 eorum
2614 1181 2719 1235 vite
2765 1196 2979 1237 cursum
3031 1198 3083 1239 et
3140 1188 3516 1255 perfectionem

1932 1276 2318 1321 consummes:
2352 1282 2485 1336 quos
2516 1269 2741 1325 Sanctus
2791 1284 2909 1327 tuos
2955 1276 3094 1343 apud
3141 1288 3190 1331 te
3238 1279 3288 1332 in
3335 1281 3516 1336 celesti

1934 1353 2239 1412 habitacula
2261 1369 2444 1414 cautos
2470 1364 2836 1432 perfectosque
2860 1365 2969 1433 jam
2998 1366 3214 1422 retines.
3242 1369 3355 1423 Non
3383 1372 3521 1426 obli-

1932 1447 2187 1501 viscimur
2210 1466 2421 1519 quoque
2446 1452 2725 1508 defunctos
2756 1466 2944 1511 nature
2971 1466 3154 1513 nostre
3184 1474 3245 1514 ac
3278 1462 3397 1517 lidei
3427 1476 3517 1516 so-

1931 1536 2065 1589 cius.
2093 1536 2197 1591 Sed
2244 1554 2523 1605 precamur
2554 1550 2607 1595 te
2657 1543 2935 1597 Dominum
2978 1547 3303 1614 amplissime
3353 1550 3517 1619 pieta-

1931 1627 1999 1679 tis
2032 1644 2045 1678 :
2076 1636 2131 1681 ut
2165 1629 2243 1683 eis
2270 1631 2544 1700 refrigeria
2574 1632 2775 1688 tribuas
2801 1637 3130 1706 sempiterne
3158 1642 3375 1710 quietis.

2016 1716 2079 1786 πῆ.
2112 1719 2304 1774 Amen.

310 1824 337 1853 °
384 1816 419 1886 ᾖ
443 1855 462 1873 .
496 1816 727 1873 Locutus
752 1793 836 1875 est
860 1793 1090 1888 Angelus
1109 1820 1366 1878 Zacharie
1394 1822 1597 1877 dicens.
1627 1822 1827 1878 Rever-
1858 1793 1904 1854 Β
2000 1807 2152 1862 Dia“
2182 1808 2360 1864 Ρνεεδ·
2392 1812 2520 1878 Ουῖεὶ
2549 1826 2601 1867 ιιι
2629 1829 2687 1869 es
2715 1816 2820 1871 Vita
2848 1817 3113 1886 Vivorum.
3143 1829 3246 1876 etc.

237 1912 317 1959 tar
341 1906 412 1960 ad
446 1906 779 1963 Ilierusalem
832 1909 884 1963 in
932 1909 1293 1966 misericordia
1327 1928 1343 1965 :
1372 1923 1425 1967 et
1484 1913 1675 1968 domus
1706 1929 1823 1968 mea

238 1999 669 2054 resmurahitur:
724 2008 779 2055 et
820 2000 1041 2057 afﬂuent
1081 2002 1322 2058 civitates
1353 2019 1469 2059 mee
1521 2005 1718 2059 bouis:
1774 2015 1828 2060 et

239 2090 606 2158 multiplicabo
628 2094 874 2160 populum
907 2108 1083 2148 meum
1107 2102 1162 2148 et
1208 2094 1424 2148 salvabo
1446 2110 1590 2149 eum.
1619 2094 1686 2148 P.
1724 2095 1825 2173 Us:

239 2196 337 2250 que
358 2184 411 2235 in
442 2192 713 2238 eternum.

308 2275 495 2328 Missa.
529 2275 676 2330 Dicat
701 2274 882 2332 Prcsb.
914 2277 1168 2333 Dominus
1198 2278 1270 2334 sit
1289 2292 1501 2348 semper
1527 2278 1823 2334 vobiscum.

320 2366 357 2432 ri
379 2404 395 2420 .
432 2368 496 2420 Et
527 2382 647 2421 cum
687 2369 901 2435 Spiritu.

308 2458 514 2511 Oratio.
542 2459 838 2514 Adventum
867 2459 1075 2515 Domini
1118 2469 1171 2515 et
1190 2460 1562 2531 Redemptoris
1612 2464 1778 2516 nostri
1809 2482 1823 2517 :

240 2565 394 2617 quem
424 2552 494 2605 ab
516 2552 747 2620 antiquis
776 2551 1021 2607 Patribus
1042 2552 1359 2607 Patriarchis
1382 2554 1589 2608 scilicet
1614 2562 1669 2607 et
1693 2553 1825 2607 Prn-

241 2642 460 2709 plietis:
511 2645 921 2699 vaticinantibus
967 2646 1093 2699 olim
1137 2645 1540 2713 prouunciatum
1585 2660 1689 2699 :ae
1731 2659 1826 2715 pro

243 2734 413 2789 salute
441 2746 627 2788 nostra
651 2734 849 2789 dudum
872 2746 1084 2790 constat
1105 2736 1411 2804 impletum:
1439 2737 1583 2791 omni
1611 2737 1823 2805 quidem

243 2839 336 2878 nos
358 2835 600 2896 tempore
630 2828 889 2882 condecet
925 2827 1223 2882 charissimi
1252 2827 1444 2882 fratres
1475 2844 1594 2882 cum
1633 2828 1825 2898 gaudio

245 2932 448 2971 merare
471 2937 488 2972 :
518 2919 610 2972 sed
641 2920 890 2988 precipue
917 2921 969 2973 in
997 2919 1077 2973 his
1100 2920 1289 2975 diebus
1317 2935 1489 2973 annua
1510 2921 1626 2974 vice
1646 2935 1827 2974 recur-

245 3007 533 3061 rentibus:
580 3017 791 3076 oportet
814 3024 911 3064 nos
962 3011 1100 3063 votis
1151 3011 1480 3064 solemnibus
1531 3012 1826 3065 cetebrare.

244 3097 370 3152 Nam
401 3098 524 3169 quia
555 3099 697 3154 diem
725 3101 869 3154 illum
900 3102 1306 3156 celeberrimum
1336 3101 1387 3155 in
1413 3116 1519 3172 quo
1553 3117 1649 3171 pro
1673 3102 1826 3157 nobis

246 3194 322 3243 est
352 3190 419 3245 de
458 3192 674 3260 Virgine
698 3204 854 3247 natus
887 3210 899 3245 :
934 3192 1041 3261 jam
1067 3192 1283 3262 jamque
1313 3194 1537 3247 revoluti
1565 3194 1685 3247 anni
1717 3195 1827 3248 cir-

247 3281 362 3334 culo
390 3282 817 3351 appropinquare
841 3274 1097 3339 sentimus
1124 3300 1136 3335 :
1166 3283 1382 3352 dignum
1413 3293 1495 3337 est
1548 3294 1601 3337 ut
1630 3284 1827 3337 adven-

252 3384 353 3426 tum
377 3374 494 3443 ejus
516 3374 607 3444 qui
634 3375 685 3428 in
704 3389 768 3429 eo
796 3384 948 3428 natus
977 3383 1086 3429 est:
1116 3387 1292 3431 mente
1318 3375 1656 3429 devotissima
1683 3389 1828 3428 reco-

250 3462 438 3530 lentes;
464 3481 605 3520 nunc
630 3466 740 3536 jam
765 3466 897 3523 festa
952 3467 1209 3523 solemnia
1261 3468 1467 3524 alacres
1513 3468 1828 3523 solemniter

245 3571 479 3624 agamus.

326 3650 398 3714 ἡ.
431 3648 622 3701 Amen.

312 3737 462 3791 Dicat
491 3737 679 3792 Presb.
714 3737 814 3792 Per
843 3738 1263 3795 misericordiam
1310 3746 1452 3793 tuam
1479 3738 1619 3794 Deus
1647 3749 1826 3793 noster

243 3840 344 3884 etc.
372 3841 425 3881 ut
452 3846 630 3897 supra.

310 3921 449 3975 Alia.
481 3920 623 3974 Deus
656 3921 742 3990 qui
770 3920 1106 3991 Unigenitum
1137 3928 1283 3973 tuum
1310 3933 1404 3987 pro
1451 3917 1607 3973 nobis
1634 3918 1684 3973 in
1722 3919 1824 3991 15

242 4025 398 4065 carne
424 4023 714 4066 venturum
742 4036 755 4065 .-
785 4027 846 4066 ac
878 4016 942 4067 de
973 4012 1184 4079 Virgine
1210 4010 1531 4064 nasciturum
1559 4010 1825 4079 pr0pheti-

243 4102 318 4153 cis
342 4104 567 4156 vocibus
592 4102 881 4171 promisisti
911 4118 924 4153 :
982 4109 1037 4155 et
1063 4102 1114 4155 in
1155 4099 1460 4155 novissimis
1498 4100 1826 4169 temporibus

241 4208 342 4261 que
370 4194 698 4262 promiseras
720 4192 1021 4262 adimplesti
1047 4209 1060 4247 :
1086 4202 1265 4262 preSta
1296 4206 1630 4260 quesumus.:
1661 4201 1715 4245 ut
1736 4191 1824 4261 qui

242 4298 361 4336 eum
390 4284 502 4354 jam
532 4284 745 4339 venisse
774 4284 1136 4351 mundumque
1173 4281 1468 4338 redemisse
1517 4280 1784 4336 credimus
1809 4298 1823 4333 ε

240 4374 514 4429 fatemur:
548 4384 605 4429 et
652 4374 1036 4444 predicamus:
1085 4388 1404 4442 rursumque
1454 4383 1737 4428 venturum
1761 4374 1826 4428 ad

2004 1888 2084 1952 Ad
2127 1918 2322 1969 pacem.
2356 1905 2570 1959 Christe
2616 1906 2841 1963 Domine
2880 1918 2905 1955 ts
2941 1911 2994 1964 in
3031 1913 3182 1979 cujus
3227 1913 3512 1968 adventum

1933 2005 2032 2059 pax
2064 2002 2146 2047 est
2178 1995 2384 2049 reddita
2428 1997 2582 2051 tetris
2616 2015 2627 2049 :
2664 2014 2763 2066 pax
2811 2001 3004 2054 collata
3051 2002 3350 2059 hominibus
3378 2007 3516 2060 bone

1929 2084 2220 2140 voluntatis
2252 2104 2263 2138 :
2296 2087 2533 2143 concede
2573 2105 2862 2157 quesumus
2890 2089 2917 2127 h
2950 2104 3005 2145 ut
3035 2108 3127 2161 per
3157 2095 3384 2162 primum
3422 2099 3517 2150 ad-

1930 2183 2145 2227 ventum
2185 2175 2250 2227 ad
2280 2189 2378 2229 nos
2422 2179 2471 2230 in
2524 2179 2852 2233 humanitate
2882 2181 3098 2235 veniens
3130 2198 3144 2236 :
3177 2193 3229 2237 et
3260 2187 3513 2239 munduttt

1932 2264 2025 2320 tibi
2077 2269 2126 2318 in
2172 2282 2300 2334 pace
2343 2253 2696 2324 reconciliare
2742 2270 2985 2339 dignatus
3010 2286 3068 2324 es
3097 2289 3109 2325 :
3143 2275 3517 2329 reconciliatos

1930 2373 2027 2426 per
2059 2368 2111 2413 te
2143 2360 2193 2412 in
2226 2369 2310 2414 tua
2342 2374 2473 2428 pace
2503 2371 2708 2429 prestes
2728 2361 2921 2431 jugiter
2948 2378 3255 2431 permanere
3282 2381 3297 2417 :
3324 2375 3512 2435 quate-

1930 2465 2027 2505 nus
2058 2451 2109 2505 iu
2139 2452 2377 2505 secundo
2407 2452 2635 2507 adventu
2669 2464 2756 2508 tuo
2787 2455 2910 2508 dum
2941 2456 2992 2509 in
3023 2456 3297 2524 majestate
3321 2468 3376 2513 et
3396 2461 3513 2528 glo-

1928 2544 2003 2597 ria
2027 2545 2238 2598 veneris
2267 2545 2431 2598 tacias
2457 2544 2684 2599 heredes
2710 2545 2853 2613 pacis
2883 2556 3068 2600 eterne
3096 2564 3109 2598 :
3141 2549 3155 2582 ι
3187 2555 3239 2599 et
3263 2564 3393 2615 quos
3426 2550 3512 2603 hic

1929 2642 2018 2689 tue
2046 2635 2191 2701 pacis
2213 2635 2512 2705 depositum
2554 2636 2745 2692 feceris
2776 2655 2788 2689 :
2820 2638 3195 2694 inviolabiliter
3217 2639 3380 2696 facias
3417 2655 3512 2695 cu-

1927 2722 2148 2779 stodire.

2015 2819 2053 2887 ἡ
2074 2858 2088 2872 .
2119 2821 2311 2874 Amen.

2000 2910 2153 2965 Dicat
2180 2910 2361 2965 Presb.
2394 2912 2529 2980 Quia
2582 2922 2635 2969 tu
2687 2928 2747 2969 es
2788 2930 2913 2970 vera
2955 2931 3055 2984 pax
3104 2926 3280 2972 nostra
3333 2928 3505 2975 totum

1929 3015 2048 3057 cum
2079 3004 2244 3071 gratia
2278 3000 2381 3058 Dei
2398 3003 2594 3059 Patris.
2626 3014 2679 3058 ut
2707 3022 2866 3074 supra
2896 3008 2950 3061 in
2990 3010 3157 3079 prima
3188 3010 3371 3064 Missa.
3406 3012 3510 3065 To-

1933 3101 2039 3146 tum
2069 3108 2181 3145 cunt
2211 3092 2443 3149 lntroibo
2466 3095 2533 3148 ad
2563 3096 2745 3151 Altare
2769 3096 2861 3152 Dei
2895 3098 3019 3153 mei.
3051 3109 3104 3154 ut
3132 3117 3291 3172 supra
3318 3102 3510 3156 dictum

1929 3193 2005 3239 est
2035 3186 2130 3254 fol.
2162 3183 2219 3239 4.
2931 3198 2937 3202 ’

2000 3273 2216 3328 lutatio.
2252 3274 2477 3344 Dignum
2507 3285 2561 3331 et
2600 3277 2798 3346 justum
2840 3287 2922 3333 est
2950 3297 2963 3331 :
2990 3295 3116 3335 vere
3155 3290 3207 3335 et
3236 3284 3388 3339 nobis
3417 3300 3512 3353 per

1926 3365 2105 3418 omnia
2135 3366 2434 3434 etpedibile
2466 3384 2479 3421 :
2511 3377 2652 3421 tuam
2682 3384 2779 3423 nos
2807 3371 3141 3425 cieineutiatn
3162 3373 3511 3442 Omnipotens

1928 3454 2088 3509 Pater
2118 3471 2132 3508 :
2164 3457 2357 3524 quibus
2386 3472 2672 3525 possumus
2693 3474 2905 3529 semper
2928 3461 3169 3516 laudihu~~
3193 3464 3468 3532 predicare
3492 3484 3506 3519 :

1927 3544 2016 3613 qui
2046 3546 2282 3601 bonitate
2310 3561 2406 3601 nos
2441 3547 2457 3597 Ι
2501 3548 2931 3618 ingenuitateque
2959 3552 3239 3606 condidisti
3273 3569 3287 3607 :
3314 3569 3377 3608 ac
3397 3568 3512 3609 ser-

1865 3624 1869 3629 .
1920 3642 2104 3709 peritis
2132 3641 2334 3709 antiqui
2366 3641 2550 3697 fraude
2576 3640 2599 3679 ¹ί
2624 3642 2835 3711 decepti
2861 3661 2874 3696 :
2910 3646 3137 3712 gratuita
3167 3646 3509 3703 miseratione

1927 3746 1958 3786 a
1988 3742 2161 3788 morte
2197 3730 2215 3770 ι
2253 3734 2385 3788 velis
2418 3735 2626 3802 eripere
2656 3751 2670 3787 :
2701 3735 2790 3804 qui
2823 3736 2986 3790 filium
3031 3747 3174 3791 tuum
3215 3752 3371 3804 quem
3410 3754 3508 3806 pro

1929 3823 2084 3877 nobis
2128 3824 2182 3878 in
2212 3838 2376 3879 carne
2421 3826 2684 3880 missurus
2711 3840 2831 3881 eras
2865 3826 2973 3881 :ad
3005 3836 3173 3883 terras
3223 3838 3509 3883 venturum

1928 3917 2364 3987 nasciturumque
2399 3917 2467 3973 de
2512 3918 2730 3987 Virgine
2767 3919 2921 3988 longe
2967 3930 3123 3976 antea
3178 3921 3509 3989 predixisti:

1929 4008 2044 4079 ejus
2073 4010 2362 4064 nativitatis
2391 4009 2679 4064 adventum
2713 4013 3114 4079 pretonantibus
3159 4011 3369 4068 Sanctis
3392 4028 3514 4083 pre-

1928 4101 2189 4156 nunciasti
2216 4119 2227 4154 :
2263 4110 2319 4167 ut
2346 4110 2658 4171 expectatus
2685 4102 2773 4155 diu
2800 4104 2888 4171 qui
2918 4102 3088 4158 fuerat
3113 4105 3469 4171 repromissus
3495 4123 3511 4161 :

1928 4206 2176 4262 magnum
2203 4190 2401 4245 mundo
2432 4190 2634 4246 faceret
2661 4190 2907 4261 gaudium
2935 4191 2986 4244 in
3017 4191 3346 4259 plenitudine
3376 4200 3512 4247 tem-

1929 4299 2116 4354 porum
2168 4290 2522 4354 presentatus.
2556 4280 2704 4336 Unde
2751 4280 2982 4349 petimus
3025 4288 3079 4334 et
3126 4294 3376 4351 rogamus
3412 4298 3425 4335 :
3456 4289 3515 4336 ut

1929 4376 2017 4444 qui
2078 4375 2278 4445 plasma
2331 4384 2475 4426 tuum
2510 4387 2526 4425 :
2560 4371 2698 4426 sicut
2744 4384 2868 4425 vere
2916 4370 3033 4440 pius
3065 4386 3080 4425 :
3110 4380 3164 4425 et
3210 4373 3514 4427 m'sericors

237 4463 497 4531 judicium
549 4480 826 4534 speramus
859 4482 873 4520 :
905 4464 1021 4534 ejus
1068 4466 1403 4534 prmsentiam
1447 4479 1568 4520 cum
1623 4466 1828 4521 venerit
1856 4488 1906 4549 ι)
1932 4469 2106 4538 perire
2150 4482 2256 4521 non
2286 4480 2471 4537 passus
2518 4480 2579 4520 es
2609 4482 2623 4518 :
2653 4464 2744 4520 sed
2776 4478 2871 4534 per
2919 4463 3172 4519 humilem
3220 4468 3510 4520 adventum

240 4556 357 4610 sine
386 4556 702 4612 confusione
726 4571 1029 4613 cernamus.

329 4649 367 4713 ἡ
389 4690 402 4701 .
437 4649 634 4704 Amen.

312 4739 444 4793 Post
470 4741 703 4795 nomina.
733 4740 1050 4797 Sanctorum
1083 4750 1295 4797 tuorum
1328 4742 1547 4797 Domine
1585 4756 1824 4797 commu-

247 4836 495 4886 nicantes
522 4834 784 4888 memorie
828 4833 1258 4889 Patriarcbarum
1283 4873 1300 4901 ,
1333 4833 1829 4901 PrOphetarumque

238 4932 460 4978 tuorum
490 4939 598 4978 non
643 4940 831 4979 sumus
873 4926 1216 4981 immemores
1249 4944 1261 4978 :
1296 4926 1425 4995 ipsis
1451 4928 1593 4979 enim
1631 4940 1827 4978 renun-

310 5065 336 5091 τι
372 5057 563 5128 Neque
590 5058 730 5127 ﬁiius
778 5058 1015 5113 hominis.
1059 5058 1189 5113 lllud
1238 5059 1454 5113 hominis
1485 5059 1537 5112 iii
1584 5057 1825 5127 Vulgata,

235 5126 428 5182 Greca
453 5126 507 5181 et
532 5131 770 5197 Syriaca,
800 5145 904 5184 non
935 5129 1147 5200 legitur.

306 5199 343 5263 ιζ
370 5201 475 5265 Qui
522 5201 690 5263 habet,
716 5212 820 5254 etc.
876 5200 931 5252 In
983 5198 1229 5270 Vulgata,
1283 5199 1465 5255 Graeca
1497 5206 1553 5255 et
1591 5198 1826 5269 Syriacii,

237 5269 340 5323 hoc
377 5274 500 5322 loco
528 5286 631 5322 non
661 5271 965 5337 apponitur.

311 5350 335 5378 ε
364 5338 574 5392 Lauda.
609 5339 749 5393 Psal.
783 5355 963 5404 uxrx,
996 5339 1046 5395 1.

304 5409 331 5446 ⁴
370 5410 730 5477 Sacriﬁcium.
762 5410 835 5464 Ex
868 5410 1145 5465 Zachariae
1175 5426 1254 5473 ut,
1286 5411 1336 5466 1.

306 5490 331 5517 ε
386 5481 422 5544 ᾖ
448 5519 463 5533 .
500 5480 574 5535 Ex
602 5479 1301 5547 Zacharimt,M,16,17.

310 5549 329 5587 ί
379 5551 757 5605 Protestantes.
804 5549 1058 5606 Fortasse
1103 5552 1380 5621 legendum
1434 5558 1725 5617 precantes,
1779 5559 1834 5602 ut

228 5639 417 5675 earum
442 5621 557 5674 vitae
581 5637 809 5684 cursum,
842 5632 887 5674 et
911 5620 1273 5691 perfectionem
1303 5636 1636 5679 consummes,
1671 5620 1835 5687 iisque

229 5696 500 5764 adjungas
538 5708 666 5761 quos
710 5690 917 5746 sanctos
950 5690 1090 5759 apud
1130 5702 1177 5745 te
1217 5694 1268 5747 in
1314 5692 1503 5747 cwlesti
1543 5690 1833 5745 habitacula

230 5777 417 5819 cautas
449 5766 807 5834 perfectasque
819 5764 930 5833 jam
952 5764 1156 5818 retines.

1924 4558 2014 4619 ﬁlii
2041 4558 2112 4612 tui
2147 4556 2357 4611 Domini
2383 4556 2548 4609 nostri
2581 4572 2595 4608 :
2627 4554 2764 4623 quod
2791 4554 3019 4624 perierat
3044 4559 3301 4610 revocasti
3334 4556 3512 4626 :quud

1921 4653 2029 4724 jam
2066 4652 2335 4706 inventum
2366 4657 2420 4703 et
2461 4656 2806 4715 reparatum:
2840 4661 2902 4700 ac
2946 4656 3250 4702 revocatum
3276 4658 3356 4700 est
3388 4664 3401 4700 :
3429 4648 3511 4703 sic

1928 4754 2176 4815 prato-gas
2208 4756 2221 4794 :
2254 4739 2331 4794 sic
2377 4739 2684 4794 custodias:
2717 4739 2795 4793 sic
2841 4753 2999 4793 sanes
3032 4756 3045 4791 :
3075 4740 3152 4793 sic
3200 4740 3449 4794 defendas
3492 4758 3506 4793 :

1927 4838 2006 4892 sic
2039 4836 2253 4890 liberes.
2288 4832 2356 4887 Ut
2404 4833 2455 4885 in
2499 4832 2589 4885 illo
2625 4831 2856 4885 adventu
2904 4831 3124 4886 terribili
3173 4847 3277 4901 quo
3321 4833 3513 4886 iterato

1930 4931 2047 4986 illos
2077 4937 2331 4984 venturus
2377 4934 2459 4981 est
2484 4926 2724 4993 judicare
2759 4943 2772 4978 :
2804 4939 2833 4977 a
2880 4924 3069 4995 quibus
3096 4933 3150 4980 et
3201 4941 3295 4993 pro
3322 4926 3512 4995 quibus

2003 5073 2028 5111 ε
2055 5062 2116 5116 In
2137 5066 2284 5133 cujus
2312 5065 2606 5115 adventum.
2639 5058 2778 5127 Lege
2807 5061 3046 5133 aduentu.

2003 5133 2030 5171 ιι
2066 5134 2131 5189 Ut
2177 5128 2266 5200 per
2294 5139 2510 5202 primum
2539 5135 2830 5182 adventum.
2865 5132 3002 5194 Lege
3038 5147 3048 5179 :
3087 5128 3343 5202 _Conce_de,_
3372 5146 3514 5198 quau

1933 5222 2123 5268 sumus,
2157 5199 2211 5256 ut
2238 5199 2321 5268 qui
2350 5218 2437 5272 per
2481 5204 2699 5271 primum
2729 5201 2999 5253 adventum
3027 5200 3095 5251 ad
3125 5200 3294 5272 nos‘in
3323 5199 3510 5251 huma-

1932 5278 2089 5329 nitate
2113 5267 2622 5337 ivenietts,'mundum
2653 5271 2740 5324 tibi
2774 5272 2824 5323 in
2868 5287 2990 5337 pace
3016 5267 3361 5333 reconciliare,
3404 5284 3509 5324 etc.

2012 5345 2027 5382 ί
2064 5345 2127 5397 Et
2155 5361 2282 5413 quos
2312 5345 2392 5395 hic
2427 5353 2527 5395 tua:
2554 5344 2709 5407 pacis.
2746 5342 2902 5413 Lege.
2938 5339 2999 5413 Et
3028 5339 3257 5413 quas
3290 5349 3389 5413 tute
3418 5358 3509 5407 pa-

1935 5416 2007 5470 cis
2054 5408 2385 5482 depoxitarios
2432 5414 2648 5482 feceris,
2697 5411 2900 5463 eosdem
2934 5408 3293 5463 inviolabiliter
3326 5410 3510 5480 facias.

1939 5497 2079 5540 tuum
2105 5486 2384 5553 depositum
2416 5484 2691 5553 custqdire.

2009 5554 2024 5606 ἱ
2066 5550 2499 5623 Ingenuitateque.
2536 5550 2713 5609 Forte.
2753 5550 2998 5620 ingenita.

2010 5626 2034 5662 ¹ι
2072 5626 2293 5687 Deccpti.
2322 5625 2459 5690 Lege
2481 5623 2731 5686 deceptos.

2015 5696 2036 5733 ι’
2073 5694 2225 5749 Veiis.
2256 5693 2394 5763 Lege
2422 5692 2641 5746 voluisti.
