4058 6178
471 362 574 421 155

1219 355 1511 412 MISSALE
1549 352 1813 409 MIXTUM
1853 349 2006 409 SEC.
2051 349 2213 406 ΠΕΟ.
2256 351 2314 405 Β.
2354 350 2622 407 ISIDORI.
2662 381 2730 392 —
2770 347 2944 405 PARS
2980 347 3021 402 l.

3629 347 3730 403 ras
3810 305 3828 327 ’

472 488 550 533 est
596 476 861 545 judicatus
892 488 905 524 :
937 470 1067 523 tales
1119 465 1357 521 inveniat
1411 480 1545 534 quos
1592 465 1814 519 rerlemit
1845 480 1859 515 :
1893 472 1950 517 ut
1997 461 2050 516 in
2077 464 2130 524 Α
2157 461 2379 531 indigni.
2408 462 2606 532 Dignos
2635 478 2922 533 quesumrrs
2955 476 3051 514 nos
3093 458 3246 513 efﬁce
3292 467 3437 513 tatrte
3464 457 3738 527 dignitatis

474 580 715 624 etcruurn
751 564 1016 635 possideat
1039 575 1171 629 qrros
1202 560 1383 629 precio
1410 559 1490 613 sui
1522 558 1795 625 sanguinis
1822 556 2053 625 acquisi-

473 661 583 712 vit:
611 667 663 709 ut
689 671 806 709 cum
846 652 1075 722 iguilluis
1105 649 1381 704 all‘ectibus
1412 649 1806 717 redemptorum
1834 663 1847 699 :
1878 658 2050 700 tecum

472 760 526 805 et
552 750 744 802 Sancto
768 738 972 813 Spiritu
1002 744 1116 796 sine
1146 741 1250 795 ﬁne
1278 740 1525 794 laudetur
1553 737 1706 808 parili
1746 751 2006 791 concentu
2034 752 2050 789 :

473 856 591 894 cum
640 836 856 906 Angelis
894 843 950 889 et
998 831 1346 902 Arcltangelis
1394 828 1733 884 laudantibus
1778 838 1935 895 atque
1982 824 2054 879 ita

472 927 792 983 dicentibus.
850 925 1006 979 Dicat
1054 922 1273 978 Chorus.
1327 922 1574 977 Sanctus.
1625 919 1875 975 Sanctus.
1923 918 2057 973 San-

472 1031 609 1082 etus,
642 1027 760 1092 etc.

543 1108 696 1160 Dicat
727 1105 1021 1175 Presbyter.

546 1196 672 1250 Post
711 1196 953 1250 Sanctus.
990 1193 1192 1247 Oratio.
1226 1191 1360 1246 Vere
1389 1200 1606 1246 sanctus
1638 1206 1651 1243 :
1683 1205 1808 1243 vere
1836 1186 2059 1243 benedi-

476 1297 594 1343 ctus
623 1286 713 1356 qui
761 1285 907 1340 venit
949 1286 1001 1338 in
1048 1284 1263 1337 nomine
1315 1283 1563 1336 Domini:
1596 1281 1706 1336 Rex
1757 1281 1938 1334 Israel.
1968 1280 2059 1347 qui

471 1379 580 1447 iam
625 1375 767 1429 venit
797 1374 1014 1428 humilis
1040 1391 1053 1426 :
1082 1382 1135 1427 et
1161 1374 1337 1427 athuc
1385 1382 1639 1426 venturus
1683 1382 1764 1426 est
1793 1372 1845 1425 iu
1892 1370 2060 1438 maje-

475 1478 614 1523 state
633 1465 900 1521 terribilis.
923 1465 1023 1529 Qui
1037 1464 1148 1533 jam
1174 1461 1313 1516 venit
1335 1473 1386 1515 ut
1408 1462 1736 1531 judicaretur
1758 1462 1808 1514 in
1828 1460 2059 1523 mundo;

474 1572 527 1614 et
556 1558 692 1610 aduc
722 1565 969 1609 venturus
989 1564 1071 1608 est
1100 1563 1156 1607 ut
1181 1553 1387 1623 judcet
1414 1553 1689 1607 mundum.
1715 1553 1814 1619 Qui
1841 1551 1949 1620 jam
1974 1566 2063 1604 ve-

476 1652 555 1703 nit
584 1660 633 1703 ut
662 1649 947 1702 redimeret
966 1662 996 1701 a
1035 1657 1205 1701 nrorte
1237 1663 1250 1699 :
1280 1660 1414 1716 quos
1443 1645 1511 1699 ad
1542 1647 1700 1699 vitam
1730 1644 2064 1715 predestina-

476 1743 593 1793 vlt:
625 1747 680 1794 et
706 1738 878 1792 adhuc
920 1747 1175 1792 venturus
1214 1747 1297 1790 e-t
1326 1752 1341 1791 :
1372 1746 1427 1790 ut
1458 1745 1766 1791 remaneret
1793 1749 1927 1805 quos
1967 1746 2062 1787 re-

476 1830 644 1885 demit
676 1846 691 1881 :
720 1830 833 1899 ipse
863 1828 1119 1882 Dominus
1146 1820 1207 1882 ac
1236 1827 1562 1897 Redemptor
1602 1837 1840 1881 eternus.

554 1921 753 1973 Deinde
782 1920 918 1971 dicat
968 1918 1237 1988 Presbyter
1280 1920 1331 1971 in
1375 1919 1597 1972 silentio.
1632 1917 1831 1971 Oratio.
1862 1916 2064 1971 Adesto

478 2012 664 2065 adesto
694 2011 809 2064 Iesu
843 2012 979 2063 bone
1016 2009 1273 2080 pontifex.
1331 2007 1398 2063 Ut
1438 2023 1595 2078 supra
1640 2005 1735 2075 fol.
1766 2008 1821 2061 5.
1874 2005 2063 2059 Postea

481 2106 618 2158 dicat
645 2106 947 2158 orationem.

480 2172 485 2179 ’
557 2196 681 2248 Post
710 2195 895 2263 pridie.
928 2193 1170 2247 Facimus
1200 2192 1425 2246 Domine
1465 2190 1588 2245 Filii
1616 2190 1687 2244 tni
1721 2190 1931 2244 Domini
1968 2204 2065 2243 no-

477 2290 573 2345 stri
603 2288 728 2342 Jesu
772 2288 972 2342 Christi
1020 2287 1579 2340 commemorationem
1607 2302 1620 2343 :
1649 2286 1789 2355 quod
1839 2288 2063 2339 veniens

481 2382 548 2436 ad
577 2398 674 2435 nos
696 2381 978 2435 humanam
1002 2379 1227 2434 formam
1250 2380 1537 2449 assumpsit
1563 2396 1577 2434 :
1608 2379 1746 2448 quod
1770 2394 1865 2450 pro
1888 2380 2062 2433 homi-

482 2472 636 2525 nibus
656 2486 789 2539 quos
816 2480 1089 2524 creaverat
1112 2470 1434 2525 redimendis
1466 2471 1569 2540 16
1599 2470 1898 2540 passionem
1931 2468 2063 2524 Cru-

479 2565 559 2615 cis
588 2576 871 2631 perpessus
900 2570 999 2616 est.
1027 2560 1177 2628 Quod
1208 2571 1552 2631 superaturos
1593 2570 1751 2631 atque
1780 2562 2061 2616 conculca-

482 2663 634 2707 turus
662 2653 891 2707 debitam
917 2662 1138 2707 mortem
1163 2664 1398 2706 nostram
1431 2669 1445 2706 :
1475 2660 1699 2706 mortem
1728 2653 1861 2706 ultra
1882 2667 2064 2707 susce-

481 2747 555 2815 pit
581 2746 693 2815 ipse
721 2746 1007 2799 indebitam
1038 2763 1051 2797 :
1081 2743 1219 2814 quod
1251 2744 1515 2799 infernum
1545 2760 1611 2799 ex
1644 2754 1795 2816 parte
1828 2744 2065 2815 expolia-

482 2836 559 2889 vir
599 2835 950 2905 relinquendo
981 2835 1175 2905 impios
1202 2854 1214 2889 :
1249 2844 1304 2890 et
1332 2846 1545 2891 sanctos
1572 2836 1659 2906 qui
1692 2837 1884 2891 ibidem
1914 2847 2063 2891 terre-

480 2924 675 2980 bantur
703 2942 717 2978 :
746 2940 1030 2995 resurgens
1058 2940 1240 2980 secum
1272 2927 1324 2981 in
1376 2928 1666 2983 celestibus
1711 2928 2061 2983 sublevando.

482 3014 637 3081 Quod
684 3016 895 3070 rediens
934 3017 1000 3071 ad
1042 3019 1216 3073 celum
1262 3020 1399 3074 viam
1443 3021 1597 3077 nobis
1645 3023 1889 3094 patefecit
1921 3041 1935 3078 :
1972 3040 2065 3096 per

478 3121 639 3175 quam
687 3106 1108 3164 conscendamus
1161 3111 1211 3164 in
1266 3111 1463 3169 celum.
1503 3114 1652 3179 Quod
1698 3122 1952 3170 venturus
1995 3117 2064 3171 sit

483 3197 675 3252 iterum
704 3198 770 3253 ad
815 3199 1071 3268 judicium
1115 3201 1353 3257 vivorum
1397 3212 1449 3257 et
1476 3212 1803 3260 mortuorum
1833 3208 2063 3262 scelera-

486 3298 627 3344 tores
676 3300 732 3344 et
780 3302 1086 3360 peccatores
1132 3301 1317 3347 eter-no
1369 3294 1633 3365 supplicio
1675 3297 2063 3352 damnaturos:

482 3379 701 3449 suisque
728 3381 968 3436 lidclrlrus
998 3398 1091 3436 sua
1121 3396 1367 3454 precepta
1398 3387 1735 3443 servantibus
1771 3390 2066 3445 eternitatis

484 3484 583 3524 sue
627 3471 848 3539 gloriam
890 3474 1196 3529 collaturus.
1231 3475 1333 3530 Per
1376 3477 1552 3547 ipsum
1587 3488 1637 3534 te
1683 3495 1810 3550 ergo
1860 3496 2068 3538 summe

483 3557 642 3614 Pater
662 3564 1012 3632 exposcimus
1044 3582 1058 3616 :
1091 3574 1146 3618 ut
1176 3566 1310 3620 hanc
1341 3576 1427 3620 tue
1449 3569 1759 3639 pluerrtionis
1787 3572 2014 3626 hostiam
2046 3588 2064 3629 :

480 3666 640 3720 quam
671 3653 764 3706 tibi
793 3653 1067 3710 oﬂ'erimus
1100 3671 1169 3715 :e
1200 3659 1445 3714 manibus
1472 3662 1671 3715 nostris
1702 3662 1938 3732 placatus
1971 3679 2063 3719 ac-

478 3742 647 3810 cipias
678 3759 693 3796 :
727 3750 753 3778 ⁶
781 3757 1008 3813 eamque
1036 3745 1103 3800 de
1143 3746 1272 3802 celis
1313 3764 1343 3801 a
1389 3751 1517 3805 sede
1546 3750 1757 3821 placato
1796 3754 1941 3807 vultu
1984 3769 2068 3808 re-

479 3832 711 3900 spiciens
757 3832 1043 3890 benedicas
1077 3854 1089 3889 :
1122 3847 1182 3892 ut
1225 3849 1484 3908 quotquot
1533 3857 1597 3895 ex
1640 3840 1796 3910 hujus
1847 3855 2065 3913 sumptu

480 3922 824 3979 libaverimus
852 3939 869 3978 :
901 3927 1267 3982 salubritatem
1328 3944 1392 3985 ac
1438 3932 1732 3987 remedium
1776 3934 1954 3989 anime
2012 3943 2067 3990 et

481 4016 726 4085 corporis
754 4016 1080 4075 hauriamus.
1127 4019 1165 4089 ἡ
1187 4060 1200 4073 .
1232 4022 1422 4078 Arnen.

559 4125 626 4179 Et
655 4128 791 4181 dicto
819 4140 1066 4185 memento
1090 4148 1184 4199 pro
1208 4134 1331 4187 vivis
1355 4142 1403 4188 et
1442 4135 1663 4205 perfecto
1688 4136 1899 4191 simboto
1928 4138 2065 4192 dicat

482 4215 756 4288 Presbyter
804 4225 1080 4277 orationem
1120 4223 1437 4280 Donrinicam
1483 4229 1744 4297 eqrtaliter.

554 4309 774 4366 Summe
802 4328 1006 4367 summe
1037 4323 1091 4368 et
1117 4316 1455 4386 omnipotens
1491 4319 1630 4374 Deus
1671 4320 1828 4375 Pater
1851 4321 2062 4389 ingeni-

482 4408 567 4454 tus
601 4418 612 4451 :
647 4401 735 4469 qui
769 4401 1021 4469 unigeniti
1049 4405 1122 4457 tui
1148 4406 1195 4457 in
1227 4408 1587 4476 assumptione
1611 4412 1788 4464 carnis
1821 4428 1836 4467 :
1866 4414 2064 4468 adven-

482 4499 593 4544 tum
622 4494 1070 4549 reconciliationis
1113 4506 1293 4551 nostre
1322 4500 1532 4554 voluisti
1563 4515 1682 4555 esse
1713 4505 2006 4560 remedium
2044 4523 2058 4559 :

479 4579 508 4617 δ
538 4591 596 4637 ut
639 4598 759 4637 cum
805 4599 870 4637 eo
898 4586 1120 4655 gratiam
1156 4587 1517 4657 reciperemrrs
1557 4592 1880 4663 adoptionis.
1911 4597 1998 4665 qui
2027 4612 2058 4651 a
2092 4557 2141 4618 υ

481 4680 534 4725 te
560 4682 683 4728 ante
709 4673 888 4727 omnia
921 4677 1098 4729 secula
1127 4681 1242 4731 sine
1264 4678 1415 4734 initio
1439 4683 1777 4740 inetiabiliter
1801 4689 2011 4755 genitus
2045 4709 2062 4746 :

484 4762 538 4815 in
570 4772 753 4815 natura
786 4762 1001 4817 deitatis
1033 4764 1128 4817 tibi
1169 4777 1314 4820 extat
1353 4773 1579 4839 equalis.
1618 4774 1683 4829 Ut
1722 4774 2060 4835 efficerentur

482 4850 557 4905 tui
590 4851 824 4920 adeptivi
856 4853 943 4907 lilii
978 4868 993 4906 :
1023 4855 1111 4923 qui
1140 4858 1283 4911 servi
1314 4874 1379 4913 ex
1407 4871 1590 4917 nostro
1620 4869 1813 4923 merito
1848 4884 2059 4925 eramus

554 5014 581 5042 ι
614 5003 842 5084 Eamque
888 5005 950 5084 de
997 5008 1209 5084 caeliae
1255 5013 1391 5084 sede.
1442 5015 1743 5084 Legendum
1786 5020 2010 5081 fortasse
2038 5043 2057 5081 :

487 5074 1048 5160 Eamquendegcaelesti
1071 5081 1186 5133 sede
1231 5082 1429 5160 placato
1457 5074 1616 5160 ptitur
1656 5074 2058 5160 respiciensjbe:

485 5148 710 5233 nedicas.
741 5147 1004 5229 (Lucrum
1028 5148 1151 5229 haec
1180 5147 1349 5206 oratio
1371 5147 1777 5233 eadeanhris'ti
1805 5147 2056 5233 mysteria

484 5219 856 5292 complectitur
878 5233 998 5287 quae
1026 5219 1078 5272 in
1102 5236 1306 5277 eanone
1334 5224 1508 5279 missa:
1534 5227 1782 5285 liotnana:
1805 5219 2055 5292 sa'cerdos

483 5289 679 5360 statim
697 5302 811 5355 post
838 5292 1289 5346 censecrationem
1317 5294 1497 5349 calicts
1523 5313 1907 5357 commemorat
1935 5289 2056 5360 ora;

487 5355 629 5409 liene
651 5359 876 5433 illaque!
901 5360 1085 5425 incipit
1113 5365 1243 5415 unde
1265 5372 1311 5415 ct
1338 5380 1601 5433 memores,
1638 5355 2057 5431 DomineiUrrt—i-

485 5440 591 5504 (ἔμε
627 5432 796 5504 oratio
837 5434 1021 5504 eadem
1070 5435 1319 5499 petitione
1362 5439 1693 5504 terminatur,
1724 5453 1778 5497 ut
1807 5446 2010 5501 scilicet
2039 5468 2051 5502 :

485 5493 625 5546 Dens
664 5498 897 5583 dignetur
926 5493 1093 5583 oblata
1122 5505 1258 5583 t-ultn
1290 5506 1489 5583 placato
1531 5493 2055 5583 respicercic't—‘erviis

482 5566 794 5642 ‘u'."e.".'ib"‘
822 5570 1143 5642 domicw’esl
1166 5590 1196 5626 α
1224 5566 1498 5642 ἱηίρενιίιε.
1610 5566 1621 5581 ’
1782 5566 1794 5583 ⁷
1833 5566 1869 5570 ’⁷
1906 5566 1957 5570 ’”

555 5633 681 5727 prt
706 5652 826 5727 cum
850 5654 925 5727 ςρ.
964 5641 1072 5693 lluc
1106 5645 1264 5698 refert
1294 5633 1419 5727 illud
1452 5654 1691 5721 Apostoli
1722 5656 1786 5712 ad
1816 5657 2052 5727 Galatas,

483 5715 564 5770 ω,
595 5706 647 5779 5.
672 5716 726 5760 et
753 5706 1130 5779 agiturhonos,
1167 5728 1282 5779 vrri,
1319 5719 1407 5772 52.

556 5786 579 5815 ⁸
608 5778 735 5849 Cap.
767 5775 926 5831 XVI.
964 5778 1110 5835 \’crs.
1142 5784 1257 5838 l-U.

2155 555 2533 609 solemnitate:
2563 564 2621 608 ut
2664 555 2930 625 possimus
2970 554 3035 607 ad
3082 560 3133 607 te
3173 567 3279 605 non
3313 551 3579 604 immerito
3611 567 3738 620 pro-

2154 646 2385 701 clamare
2411 656 2465 700 et
2491 645 2690 700 dicere.

2227 734 2376 789 Dicat
2403 733 2582 789 Presb.
2615 735 2769 789 l’ater
2809 732 3019 788 Noster.
3050 733 3258 787 Totum.
3297 732 3361 785 Et
3390 742 3562 803 postea
3604 731 3741 785 dicat

2157 822 2570 877 benedictionem.
2607 821 2889 877 Hutnrliate
2926 836 3042 875 vos.
3071 820 3396 885 Benedictio.

2227 911 2545 967 Benedictio.
2577 913 2841 969 Adveniat
2866 928 3029 983 super
3068 926 3162 965 vos
3194 911 3431 981 placidrrs
3454 913 3621 980 gratie
3649 925 3738 963 sn-

2159 1016 2323 1073 perne
2368 1013 2650 1072 respectus
2682 1021 2695 1058 :
2727 1011 2782 1057 et
2819 1002 3052 1057 illustret
3077 1018 3173 1055 vos
3222 1001 3351 1056 Jesu
3395 1002 3594 1054 Christi
3639 1001 3743 1055 Do-

2160 1093 2290 1148 mini
2323 1094 2490 1149 nostri
2537 1102 2591 1148 et
2632 1093 2933 1150 Salvatoris
2962 1096 3243 1148 adventus.
3294 1094 3328 1160 ri)
3354 1134 3366 1147 .
3401 1094 3596 1147 Amen.

2229 1185 2346 1239 Non
2378 1186 2596 1240 recedat
2618 1200 2646 1238 a
2674 1185 2925 1240 cordibus
2962 1187 3154 1239 vestris
3184 1202 3199 1239 :
3232 1186 3321 1254 qui
3368 1186 3516 1239 nasci
3555 1184 3746 1254 digna-

2162 1282 2245 1329 tus
2273 1285 2357 1330 est
2384 1290 2447 1329 ex
2480 1286 2635 1331 utero
2669 1275 2901 1346 Virginis
2929 1277 3143 1330 matris.

2248 1366 2285 1433 ἡ
2310 1405 2322 1418 .
2353 1371 2540 1421 Amen.

2232 1458 2508 1525 Quatenus
2535 1459 2585 1512 in
2610 1467 2789 1513 vestro
2816 1469 3026 1514 maneat
3050 1467 3264 1528 pectore
3291 1457 3531 1526 placidus
3559 1474 3573 1510 :
3596 1474 3744 1511 man-

2162 1547 2367 1600 sionem
2393 1548 2589 1603 ibidem
2619 1564 2737 1601 cum
2767 1549 2924 1603 Patre
2947 1559 3000 1605 et
3026 1550 3224 1620 Spiritu
3250 1549 3449 1604 Sancto
3480 1553 3739 1619 perpetim

2164 1638 2463 1693 habiturus.
2508 1640 2544 1706 ri)
2566 1680 2579 1692 .
2612 1642 2802 1695 Amen.

2236 1728 2385 1783 Dicat
2428 1730 2601 1785 Presb.
2636 1732 2737 1786 Per
2766 1732 3183 1786 misericordiam
3233 1731 3399 1802 ipsius
3428 1731 3518 1786 Dei
3551 1734 3738 1797 nostri,

2086 1807 2134 1866 Β
2166 1821 2250 1890 qui
2281 1832 2367 1875 est
2398 1822 2712 1876 benedictus
2759 1832 2813 1877 et
2838 1822 2967 1877 vivit
2993 1832 3048 1877 et
3086 1825 3260 1877 omnia
3291 1825 3427 1894 regit
3470 1824 3522 1880 iu
3562 1826 3744 1880 secula

2162 1912 2491 1966 seculorum.

2311 2045 2324 2058 .
2355 2020 2545 2058 nmen.

2311 2045 2324 2058 .
2355 2007 2545 2059 Arnen.

2239 2002 2388 2145 Sicut
2420 2092 2600 2148 Presb.
2634 2093 2890 2149 Dominus
2939 2094 3009 2150 sit
3058 2109 3278 2166 semper
3330 2095 3623 2152 vobiscum.
3665 2097 3742 2167 ἡ.

2165 2183 2233 2237 Et
2260 2199 2406 2238 cum.

2238 2275 2386 2329 Dicat
2418 2276 2637 2330 Chorus.
2671 2277 2891 2333 Cusrate
2914 2286 2969 2333 et
2996 2278 3187 2334 videte.
3224 2279 3289 2333 Et
3316 2277 3516 2335 Rcfeeti
3545 2280 3743 2339 Christi

2163 2380 2340 2435 corpo:
2358 2381 2407 2420 e.
2428 2365 2490 2419 Et
2515 2369 2677 2421 oratio
2698 2380 2750 2422 ut
2771 2385 2929 2438 supra
2949 2370 3001 2422 in
3025 2370 3187 2437 primo
3211 2370 3478 2424 Dominico
3500 2372 3593 2440 fol.
3617 2373 3670 2425 7.

2200 2478 2265 2533 IN
2313 2478 2566 2546 QL‘INTO
2608 2480 2923 2536 DOMINICO
2960 2482 3046 2534 DE
3087 2482 3408 2540 ADVENTU
3458 2484 3708 2540 DUMINI.

2641 2594 2723 2646 Ad
2756 2593 2985 2646 Missam.
3005 2593 3257 2663 Officium.

2235 2685 2404 2755 Super
2432 2695 2665 2740 montem
2695 2690 3029 2742 altissimum.
3069 2690 3285 2760 Require
3310 2690 3363 2744 in
3392 2693 3613 2745 secundo
3645 2689 3750 2744 Do-

2176 2777 2364 2829 minico
2395 2778 2457 2830 de
2482 2779 2716 2831 Adventu
2761 2779 2965 2833 Domini
2991 2780 3085 2848 fol.
3109 2781 3162 2836 7.

2311 2865 2483 2919 Lectio
2521 2867 2637 2921 libri
2680 2866 2848 2939 Esaye
2877 2868 3135 2940 Propheta
3166 2871 3216 2942 (ε
3248 2870 3376 2943 Cap.
3419 2871 3467 2925 Χ
3484 2871 3606 2942 VI).

2251 2957 2289 3026 ιῆ
2313 2995 2325 3009 .
2360 2958 2469 3013 Deo
2498 2958 2718 3027 gratias.

2237 3049 2264 3085 ο
2296 3049 2493 3104 Emitte
2521 3064 2715 3118 agnum
2746 3050 3135 3107 dominatorem
3166 3064 3306 3109 terre
3339 3072 3351 3107 :
3382 3054 3448 3110 de
3478 3066 3625 3125 petra
3655 3056 3752 3114 de-

2167 3140 2296 3196 serti
2319 3140 2383 3194 ad
2408 3151 2641 3196 montem
2676 3141 2783 3197 ﬁlie
2809 3143 2974 3213 Syou.
3003 3145 3065 3198 Et
3084 3147 3187 3200 erit
3212 3146 3348 3201 sicut
3366 3150 3477 3202 avis
3505 3153 3708 3218 fugiens
3732 3167 3749 3205 :

2168 3243 2223 3289 et
2250 3234 2379 3303 pulli
2408 3233 2474 3288 de
2514 3234 2640 3289 nido
2669 3234 3000 3292 advolantes.
3030 3236 3120 3291 Sic
3146 3246 3302 3291 erant
3351 3237 3455 3293 tilie
3502 3239 3652 3294 Moab
3696 3240 3751 3296 in

2171 3335 2503 3394 transgressu
2547 3329 2729 3381 Arnon
2764 3344 2778 3382 :
2814 3328 2882 3381 ini
2925 3329 3201 3383 consilium
3236 3346 3251 3382 :
3282 3344 3410 3401 coge
3440 3332 3748 3387 concilium.

2168 3416 2313 3472 Pone
2357 3419 2508 3486 quasi
2556 3427 2769 3473 noctem
2820 3419 3060 3474 umbram
3094 3431 3234 3474 tuam
3267 3421 3321 3474 in
3370 3422 3606 3478 meridie.
3636 3424 3749 3479 Ab-

2167 3509 2365 3562 sconde
2391 3507 2647 3577 fugientes
2668 3520 2722 3564 et
2743 3525 2904 3581 vagos
2926 3527 2991 3566 ne
3014 3512 3207 3580 prodas
3233 3530 3248 3567 :
3279 3513 3586 3569 habitabant
3607 3515 3750 3583 apud

2169 3608 2221 3654 te
2252 3598 2477 3667 prolugii
2504 3600 2627 3653 mei.
2656 3598 2809 3656 Moab
2837 3611 2953 3657 esto
2992 3602 3267 3659 latibulum
3298 3620 3481 3661 eorum
3509 3622 3525 3660 :
3554 3621 3586 3660 a
3618 3607 3753 3664 facie

2168 3690 2471 3744 vastatoris.
2522 3689 2727 3746 Finitus
2773 3704 2856 3747 est
2905 3694 3048 3749 enim
3102 3695 3270 3765 pulvis
3302 3714 3315 3750 :
3345 3710 3745 3754 consummatus

2167 3789 2251 3835 est
2279 3782 2441 3838 miser
2473 3798 2488 3836 :
2515 3782 2709 3838 deiecit
2747 3785 2837 3855 qui
2868 3787 3217 3842 conculcabat
3264 3797 3484 3845 terrarrr.
3516 3791 3581 3844 Et
3628 3806 3752 3860 pre-

2168 3871 2445 3940 parabitur
2489 3873 2542 3928 in
2573 3874 2940 3929 misericordia
2970 3876 3159 3931 solium
3190 3894 3204 3933 :
3238 3890 3289 3933 et
3336 3880 3544 3935 sedebit
3590 3897 3751 3950 super

2167 3978 2286 4019 eam
2333 3964 2385 4020 in
2433 3967 2654 4022 veritate
2683 3983 2697 4019 :
2730 3968 2779 4021 in
2826 3968 3166 4024 tabernaculo
3198 3970 3385 4027 David.
3415 3972 3666 4027 Judicans
3696 3984 3753 4029 et

2098 4081 2104 4087 -
2166 4070 2398 4124 querens
2432 4055 2726 4126 judicium;
2754 4067 2809 4113 et
2836 4059 3090 4115 velociter
3118 4062 3353 4117 reddens
3381 4065 3519 4132 quod
3542 4065 3750 4133 justum

2166 4155 2267 4202 est.
2312 4138 2353 4215 ἢ
2369 4186 2384 4202 .
2417 4147 2609 4202 Amen.

2230 4235 2390 4319 :Dicat
2419 4239 2598 4293 Presb.
2634 4240 2888 4296 Dominus
2914 4242 2985 4298 sit
3013 4257 3226 4315 semper
3255 4246 3548 4304 vobiscum.
3583 4250 3623 4318 ἡ
3644 4289 3659 4304 .
3687 4250 3753 4306 Et

2164 4345 2287 4386 cum
2313 4332 2521 4410 spiritu.

2239 4419 2387 4473 Dicat
2404 4420 2614 4500 'Clrorus
2642 4420 2846 4479 Lauda.
2877 4434 2901 4462 ε
2936 4424 3003 4482 Ut
3033 4413 3291 4485 inhabitet
3318 4429 3483 4500 gloria
3512 4432 3561 4485 in
3606 4441 3751 4488 terra

2168 4519 2347 4564 nostra
2383 4530 2396 4565 :
2429 4513 2789 4570 miseric0rdia
2819 4525 2873 4571 et
2898 4520 3094 4573 veritas
3115 4533 3458 4575 occurrerunt
3486 4524 3585 4577 sibi
3618 4541 3633 4578 :
3659 4525 3755 4593 ju-

2169 4601 2325 4656 sticia
2371 4613 2426 4657 et
2474 4619 2578 4672 pax
2611 4602 2630 4642 ί
2665 4607 3067 4675 complexerunt
3112 4626 3190 4665 se.
3231 4619 3257 4658 8
3314 4613 3372 4681 ᾖ.
3423 4612 3628 4668 Veritas
3677 4617 3751 4672 de

2170 4699 2310 4746 terra
2341 4703 2454 4747 orta
2484 4704 2585 4757 est.
2621 4697 2685 4751 Et
2710 4697 2923 4766 justicia
2959 4700 3028 4754 de
3059 4702 3175 4755 celo
3202 4706 3471 4771 prospexit
3502 4725 3514 4758 :
3544 4707 3748 4762 etenitu

2170 4783 2424 4840 Dominus
2451 4788 2594 4847 dabit
2622 4786 2649 4824 ¹¹
2678 4789 3107 4848 benedictionem
3134 4811 3149 4849 :
3176 4806 3230 4851 et
3260 4807 3401 4852 terra
3440 4811 3620 4855 nostra
3650 4805 3751 4857 da-

2165 4872 2243 4928 bit
2273 4874 2499 4930 l'ructum
2530 4893 2709 4932 suum.
2744 4878 2814 4933 P.
2844 4880 3083 4936 Justicia.

2232 5028 2259 5066 ά
2285 5030 2473 5109 Ιξηιὶιςε
2499 5035 2816 5109 agnam.lta
2859 5037 3020 5093 LXX.
3059 5037 3287 5109 Vulgata
3317 5040 3462 5096 addit
3501 5042 3748 5102 Domine.

2236 5110 2260 5173 ξ
2291 5102 2590 5157 Psaltenda.
2618 5107 2757 5159 l’sal.
2793 5123 3015 5173 Lxxxrv,
3050 5110 3137 5161 10.

2239 5169 2258 5208 ί
2292 5174 2708 5243 (λουῳίεευενυηι.
2732 5169 3027 5247 Corripius,
3051 5180 3121 5235 de
3146 5179 3392 5237 laudibus
3416 5182 3701 5242 Justiniani
3729 5206 3749 5243 :

2276 5285 2473 5335 Portum
2494 5301 2637 5350 quam
2662 5293 2870 5351 geminte
2892 5293 3201 5356 complexam
3224 5296 3418 5347 brachia
3449 5301 3593 5364 ripa;

2160 5397 2213 5442 et
2234 5387 2320 5441 alii
2351 5389 2588 5475 ejusdxm
2620 5405 2673 5475 et
2698 5396 3011 5461 posterioris
3042 5400 3138 5451 aevi
3162 5402 3455 5475 scriptores
3476 5411 3748 5475 completo

2162 5473 2259 5531 pro
2293 5462 2595 5527 complector
2622 5462 2907 5525 dixerunt;
2959 5481 3208 5523 cmterurn
3246 5462 3418 5526 Italica
3448 5462 3617 5530 versi}:
3646 5462 3749 5531 iis:

2161 5528 2251 5580 bet
2298 5533 2559 5611 complexa
2588 5544 2703 5586 sunt
2746 5551 2815 5588 se.
2856 5536 3065 5606 Cli.rtd.,
3098 5543 3384 5611 conjuncta:
3420 5528 3580 5600 sunt;
3609 5528 3749 5604 Val-

2158 5611 2277 5667 gata
2290 5640 2303 5662 ,
2335 5604 2576 5655 osculata:
2605 5614 2741 5657 sunt.

2232 5678 2257 5739 β
2300 5670 2335 5739 ᾗ
2363 5709 2376 5721 .
2410 5672 2493 5723 l’s.
2524 5688 2745 5739 Lxxxrv,
2791 5676 2873 5732 12.

2234 5736 2259 5774 ιι
2280 5738 2710 5828 Derrcdic‘r‘ione’ut.
2734 5736 2915 5819 ’γωιέη
2947 5749 3059 5807 Ital.
3082 5762 3135 5808 et
3163 5753 3324 5823 LXX,
3356 5758 3745 5828 benignitatem.

2162 5806 2327 5864 Clrald
2355 5851 2371 5877 ,
2406 5811 2783 5869 beatitudinem.
