4058 6178
322 332 432 391 I37

396 453 549 508 Dicat
584 452 770 508 Presb.
802 451 1087 510 Silentium
1113 454 1294 508 facite.

325 566 607 633 Sequentia
639 565 869 636 Epistclc
896 567 1054 636 Pauli
1086 569 1324 631 Apostoti
1348 572 1417 624 ad
1447 569 1922 625 Thessalonicenscs

513 645 519 650 ’
688 635 692 636 ⁷
934 646 987 709 (ι
1020 635 1070 695 l.
1105 639 1231 709 Cap.
1268 639 1354 709 ν).

417 724 453 791 ti;
474 762 490 777 .
527 724 635 779 Deo
662 727 884 795 gratias.

402 813 619 868 Fratres
650 833 665 869 :
694 832 944 886 rogamus
985 836 1081 876 vos
1114 838 1126 873 :
1160 822 1416 891 corripite
1467 822 1753 891 inquietos.
1786 824 1923 876 Con.

324 906 574 959 solamini
606 908 975 976 pusillanimes
1006 929 1022 965 :
1050 914 1307 981 suscipite
1354 912 1611 969 infirmos.
1654 914 1924 969 Patientes

327 1004 509 1050 estote
536 997 601 1051 ad
646 1014 853 1054 omnes.
893 1001 1076 1057 Videte
1123 1019 1189 1057 ne
1236 1001 1359 1072 quis
1396 1006 1592 1057 malum
1642 1020 1739 1073 pro
1783 1005 1924 1058 malo

327 1088 494 1141 alicui
527 1090 737 1143 reddat.
771 1091 879 1147 Sed
910 1109 1122 1162 seraper
1145 1096 1286 1163 quod
1316 1095 1509 1148 bonum
1537 1103 1623 1149 est
1647 1094 1923 1149 sectamini

334 1179 573 1234 invicem
608 1197 624 1234 :
655 1192 709 1236 et
745 1182 797 1236 in
824 1199 1013 1239 omnes
1044 1201 1058 1238 :
1089 1202 1303 1254 semper
1328 1187 1573 1253 gaudete.
1604 1185 1732 1239 Sine
1760 1186 1925 1240 inter-

328 1268 591 1324 missione
620 1281 789 1326 orate.
822 1273 880 1326 In
931 1276 1179 1328 omnibus
1204 1278 1405 1344 gratias
1431 1279 1592 1345 agite.
1626 1277 1734 1329 Ilec
1777 1277 1922 1329 enim

330 1363 581 1419 voluntas
630 1366 720 1420 Dei
763 1377 846 1421 est
897 1369 949 1422 in
980 1367 1193 1423 Christo
1241 1368 1367 1423 .Iesu
1400 1370 1450 1421 in
1496 1370 1743 1423 omnibus
1774 1370 1925 1423 nobis

329 1455 585 1522 spiritum
629 1456 793 1509 nolite
824 1457 1137 1525 extinguere
1166 1473 1181 1510 :
1216 1456 1553 1526 prophetiam
1587 1458 1749 1512 nolite
1778 1473 1926 1527 sper-

328 1562 484 1603 nere.
520 1549 709 1601 Omnia
736 1558 917 1605 autem
949 1550 1170 1618 probate
1200 1566 1214 1601 :
1241 1562 1295 1603 et
1324 1550 1465 1619 quod
1499 1553 1693 1604 bonum
1733 1561 1813 1605 est
1838 1566 1924 1604 re-

331 1638 521 1691 tinete.
559 1642 639 1693 Ah
669 1641 814 1693 otnni
859 1643 1040 1709 specie
1066 1641 1204 1694 mala
1248 1642 1508 1696 abstinete
1537 1656 1650 1697 vos.
1681 1641 1798 1711 Ipse
1834 1658 1926 1695 au-

331 1742 441 1784 tem
490 1731 631 1785 Deus
679 1735 823 1800 pacis
869 1734 1165 1788 sanetiticet
1198 1748 1291 1788 vos
1328 1750 1420 1802 per
1458 1737 1680 1789 omnia:
1717 1736 1813 1805 17
1845 1735 1927 1788 in-

1081 338 1373 400 M-ISSALE
1414 336 1686 399 MIXTUM
1725 339 1872 401 SEC.
1915 340 2077 399 REG.
2122 341 2185 397 Β.
2224 339 2492 397 ISIDORI.
2534 370 2604 381 —
2644 339 2823 398 DARS
2850 341 2900 397 ’1.

1944 466 1994 517 Α

3503 335 3601 389 I58

2102 452 2168 507 Et
2200 451 2379 508 Prcsb.
2412 453 2548 507 dicat
2575 455 2731 508 aliam
2761 456 3061 508 orationem.

2097 544 2152 599 In
2186 546 2427 614 proximo
2448 545 2656 610 quidem
2688 555 2773 600 est
2797 548 3019 601 Domine
3047 547 3168 601 dies
3194 548 3458 605 adventus
3483 550 3559 603 tui
3583 566 3599 602 :

2023 638 2116 691 sed
2145 653 2434 707 quesumus
2482 648 2540 692 ut
2561 648 2841 708 antequam
2891 642 3075 695 venias
3105 658 3116 692 :
3147 628 3348 708 expiari
3397 658 3605 697 merea-

2025 746 2145 785 mur
2172 732 2239 785 ab
2264 732 2408 784 omni
2430 733 2746 799 contagione
2766 732 2966 785 delicti.
3002 731 3152 785 Prius
3180 732 3323 788 dilue
3352 749 3606 804 rogamus

2026 821 2079 872 in
2122 821 2277 875 nobis
2306 835 2465 875 omne
2494 821 2635 889 quod
2669 822 2718 875 in
2751 822 2838 874 illa
2873 822 3042 873 futura
3065 820 3462 877 examinatione
3503 836 3603 890 pu-

2025 913 2230 967 niturus
2257 927 2316 966 es
2346 930 2359 963 :
2386 921 2443 966 ut
2468 928 2589 967 cum
2634 913 2803 980 justus
2845 910 3127 965 adveneris
3162 910 3323 979 itide!
3352 929 3365 964 :
3400 928 3502 965 non
3551 910 3605 966 iu

2026 1003 2180 1057 nobis
2211 1004 2451 1058 invenias
2476 1005 2617 1071 quod
2646 1003 2994 1057 condemnes.
3043 1002 3080 1069 ti
3105 1040 3117 1054 .
3150 1005 3341 1055 Amen.

2100 1093 2248 1145 Dicat
2281 1092 2458 1146 Presb.
2494 1093 2593 1148 Per
2622 1093 3044 1147 misericordiam
3077 1102 3218 1146 tuam
3250 1093 3393 1147 Deus
3422 1101 3605 1147 noster

2026 1180 2079 1235 in
2109 1186 2261 1249 cujus
2304 1191 2615 1251 conspectu.
2666 1181 2777 1236 Ista
2807 1193 2851 1237 et
2877 1184 2983 1235 alia
3010 1199 3106 1251 que
3148 1190 3425 1250 srquuntur
3454 1199 3606 1252 usque

2027 1274 2095 1326 ad
2120 1275 2401 1351 ortttiortem
2431 1290 2529 1343 quc
2558 1274 2748 1327 dicitur
2776 1284 2889 1344 post
2916 1275 3146 1328 nomina.

2101 1362 2253 1417 Dicat
2282 1362 2466 1418 Presb.

2099 1453 2225 1509 Post
2256 1458 2484 1510 nomina.
2518 1455 2594 1511 Te
2616 1470 2903 1523 quesutnus
2936 1453 3060 1511 Iesu
3088 1454 3311 1510 Domine
3340 1455 3482 1510 Deus
3520 1471 3610 1510 no-

2028 1555 2143 1601 ster
2164 1565 2177 1600 :
2197 1556 2253 1599 ut
2278 1561 2374 1600 nos
2395 1546 2481 1616 qui
2498 1547 2723 1601 fideliter
2747 1546 3099 1613 prestulumur
3121 1548 3405 1600 adventum
3430 1558 3610 1600 tnuttt:

2030 1654 2134 1691 non
2155 1637 2488 1691 incurramus
2503 1637 2820 1705 supplicium
2851 1637 3255 1705 sempiternum,
3278 1653 3383 1705 quo
3408 1638 3612 1693 adven-

2031 1740 2084 1782 tu
2130 1738 2221 1783 tuo
2265 1740 2319 1783 et
2367 1729 2711 1783 oﬂ‘crentihus
2761 1729 2955 1783 venia:
2988 1738 3042 1784 et
3084 1729 3611 1800 defunctis‘requies

333 1832 483 1890 teger
511 1823 733 1890 spiritus
762 1832 945 1878 vester
974 1840 990 1876 :
1023 1825 1267 1879 animae:
1289 1840 1483 1894 corpus
1508 1827 1623 1879 sine
1638 1827 1854 1894 ψιειθιε
1873 1828 1924 1878 in
1958 1811 2005 1869 Β
2031 1821 2363 1873 contionetur
2390 1829 2595 1873 eterna.
2641 1820 2679 1889 ἡ
2702 1860 2714 1871 .
2746 1820 2937 1875 Amen.
2986 1818 3138 1874 Dicat
3170 1818 3351 1875 Prcsb.
3381 1822 3513 1889 Quia
3555 1834 3611 1878 tu

329 1913 564 1967 adventu
620 1915 830 1969 Domini
876 1916 1047 1970 nostri
1094 1915 1221 1970 Jesu
1270 1917 1471 1972 Christi
1517 1926 1781 1971 servetur.
1846 1916 1919 1985 ri.

335 2003 531 2057 Amen.

402 2095 558 2148 Dicat
581 2094 759 2151 Presb.
788 2097 1042 2156 Dominus
1070 2099 1141 2155 sit
1166 2114 1381 2169 semper
1407 2099 1704 2156 vobiscum.
1752 2101 1791 2163 ﬁ
1816 2140 1831 2154 .
1860 2101 1926 2156 Et

333 2201 455 2240 cutn
484 2199 701 2254 Spiritu.

336 2299 513 2353 Lectio
561 2300 743 2353 Sancti
785 2300 1387 2444 Ευαηῃειὶἒιξῇυἷιάαηι
1434 2302 1629 2357 Lucam
1667 2304 1688 2374 (
1722 2302 1749 2343 δ
1791 2302 1933 2372 Cap.

412 2460 507 2513 illo
554 2459 608 2513 in
663 2469 919 2530 tempore.
976 2462 1230 2518 Dominus
1272 2471 1456 2519 noster
1497 2461 1654 2520 Jesus
1682 2463 1930 2519 Christus

338 2554 699 2623 interngattts
746 2572 775 2609 a
831 2556 1096 2612 Phariseis
1139 2575 1152 2613 :
1196 2540 1408 2629 quando
1474 2562 1619 2614 venit
1683 2556 1927 2629 Regnum

339 2644 476 2699 Dei?
514 2656 536 2683 ε
574 2646 867 2712 Respondit
896 2650 969 2700 eis
1000 2658 1054 2703 et
1097 2650 1251 2704 dixit.
1283 2650 1307 2688 d
1334 2650 1447 2705 Non
1477 2651 1655 2706 veniet
1686 2651 1929 2722 Regnum

344 2738 439 2790 Dei
496 2752 617 2791 cum
658 2739 1066 2793 observatione:
1101 2756 1198 2796 nec
1251 2742 1430 2797 dicent
1460 2760 1473 2794 :
1507 2758 1632 2797 ecce
1675 2740 1802 2797 hic:
1836 2751 1930 2797 aut

350 2843 481 2883 eice
519 2829 647 2883 illLe.
693 2831 830 2883 Ecce
857 2832 998 2884 enim
1031 2833 1269 2902 Regnum
1303 2832 1392 2887 Dei
1435 2834 1566 2887 intra
1598 2848 1690 2887 vos
1718 2843 1818 2887 est.
1868 2833 1933 2887 Et

350 2925 430 2977 ait
460 2925 523 2975 ad
555 2923 842 2992 discipulos
873 2941 1019 2980 suos.
1052 2926 1272 2981 \‘enient
1300 2927 1412 2981 dies
1441 2943 1458 2982 :
1486 2927 1696 2997 quando
1724 2927 1934 2983 deside-

358 3020 484 3070 tetis
507 3018 688 3071 videre
713 3035 872 3072 unum
897 3020 1038 3074 diem
1065 3022 1152 3074 lilii
1179 3020 1441 3075 hominis:
1464 3030 1520 3075 et
1541 3037 1641 3075 non
1667 3021 1929 3076 videbitis.

344 3106 410 3159 Et
457 3107 636 3161 dicent
678 3110 846 3163 vobis.
896 3110 1030 3164 Ecce
1063 3112 1146 3165 hic
1186 3121 1239 3167 et
1269 3126 1395 3166 ecce
1432 3113 1559 3166 illic.
1608 3112 1779 3167 Nolite
1809 3116 1925 3167 ire:

341 3214 517 3265 neque
546 3201 849 3253 sectemini.
878 3201 1007 3254 Nam
1035 3202 1168 3255 sicut
1197 3201 1373 3271 fulgur
1398 3216 1711 3257 corrnscans
1736 3203 1804 3259 de
1830 3204 1929 3258 sub

342 3292 459 3342 celo
494 3307 507 3341 :
543 3290 595 3343 iu
624 3305 687 3344 ea
736 3307 839 3360 que
871 3292 969 3346 sub
1000 3294 1116 3347 celo
1164 3302 1290 3347 sunt
1317 3294 1516 3363 fulget:
1548 3292 1619 3346 ita
1663 3295 1763 3349 erit
1793 3294 1931 3349 filius

346 3379 583 3433 hominis
615 3380 665 3432 in
697 3381 781 3434 die
807 3396 921 3435 sua.
969 3384 1004 3445 ἢ
1028 3422 1039 3436 .
1066 3386 1258 3437 Amen.

415 3466 570 3522 Dicat
613 3469 798 3525 Presb.
848 3471 1107 3526 Dominus
1151 3476 1222 3529 sit
1265 3491 1477 3545 semper
1517 3477 1808 3531 vobiscum.
1855 3478 1928 3545 ἡ.

343 3557 413 3612 Et
436 3575 582 3614 cum.

414 3653 594 3707 Caute!
620 3656 803 3709 chortis
829 3666 850 3693 ο
875 3657 1075 3712 Lauda.
1098 3658 1307 3727 alleluja
1330 3659 1574 3730 Alleluja.
1615 3661 1652 3729 li)
1675 3700 1687 3713 .
1712 3662 1932 3725 Resoiee

342 3742 573 3799 Domine
614 3747 683 3799 de
712 3748 867 3801 celo:
902 3760 955 3802 et
986 3750 1105 3804 vide
1132 3760 1185 3804 et
1214 3750 1365 3803 visita
1395 3752 1604 3805 vineam
1639 3753 1815 3806 istam.
1859 3752 1926 3806 P.

344 3839 600 3906 Alleluia.

422 3926 579 3981 Dicat
612 3928 793 3984 Presb.
827 3931 1087 4000 Adjuvate
1133 3949 1218 3988 me
1263 3934 1455 3989 fratres
1504 3936 1555 3988 in
1602 3935 1933 3990 orationibus

341 4021 560 4074 vestris.
586 4022 680 4091 fol.
711 4021 766 4075 3.

414 4111 596 4166 Cantct
627 4113 813 4169 chorus
842 4115 861 4153 ί
890 4114 1235 4185 Sacriﬁcium.
1271 4118 1523 4187 Aparebit
1551 4119 1641 4172 tibi
1672 4119 1932 4176 Dominus

344 4206 437 4272 qni
462 4207 516 4258 in
542 4207 803 4262 charitate
833 4218 1084 4277 perpetua
1115 4210 1302 4263 dilexit
1343 4221 1393 4263 te
1420 4212 1568 4278 virgo
1611 4210 1770 4264 Israel
1803 4211 1933 4266 alle-

339 4300 474 4366 Iuia.
523 4301 596 4368 ᾗ.
637 4301 889 4356 Dominus
921 4305 1058 4357 Deus
1089 4316 1210 4356 tuus
1254 4304 1473 4357 adduxit
1522 4314 1571 4356 te
1616 4304 1679 4356 ad
1726 4306 1935 4359 miseri-

342 4393 581 4446 cordiam
628 4403 679 4447 et
705 4394 1103 4450 miserationem
1134 4412 1144 4445 :
1180 4395 1353 4450 adhuc
1382 4395 1721 4450 editicaberis
1753 4406 1808 4451 et
1832 4398 1937 4457 edi.

344 4484 552 4536 Iicabis.
589 4480 655 4535 P.
689 4481 849 4549 Virgo
879 4480 1039 4537 Israel
1064 4485 1299 4553 alleluja.

422 4575 606 4629 Missa.
657 4575 967 4629 IIiIarescite
1013 4591 1180 4642 qucso
1231 4579 1562 4633 dilectissimi
1608 4580 1799 4635 fratres
1833 4599 1845 4634 :
1876 4591 1930 4637 et

347 4665 634 4715 letnbnnda
662 4679 869 4716 sursum
901 4665 1129 4719 attollite
1150 4667 1308 4720 corda
1334 4683 1349 4731 ;
1379 4668 1501 4734 quia
1526 4667 1638 4735 jam
1670 4670 1721 4722 in
1755 4672 1932 4738 proxi-

347 4769 436 4805 mo
462 4760 546 4806 est
579 4755 875 4821 redemptio
907 4768 1082 4809 vestra
1113 4774 1125 4807 :
1160 4770 1343 4827 parate
1372 4759 1445 4812 illi
1478 4759 1617 4812 viam
1662 4759 1713 4814 in
1756 4762 1932 4815 cordi-

346 4843 449 4897 bus
475 4846 702 4897 vestris:
732 4855 785 4898 ut
823 4860 888 4900 eo
916 4848 1160 4901 veniente
1188 4865 1200 4899 :
1237 4851 1647 4904 remuneretnini
1696 4850 1933 4906 donariis

347 4935 714 4999 sempiternis.
761 4936 798 4997 ιῆ
822 4975 835 4988 .
871 4936 1063 4992 Amen.

438 5022 592 5073 Dicat
634 5020 818 5075 Presb.
850 5023 951 5076 Per
985 5026 1441 5082 misericordiam.
1470 5039 1523 5081 ut
1554 5045 1717 5098 supra
1745 5029 1840 5099 fol.
1876 5030 1931 5085 5.

348 5109 510 5164 Dicat
536 5110 714 5164 Presb.
742 5110 994 5165 Oremus.
1029 5110 1095 5164 Et
1127 5102 1315 5166 chorus
1344 5112 1401 5179 ιῆ.
1443 5112 1637 5183 Agyos,
1666 5122 1713 5166 et
1748 5113 1931 5169 PI’t’Sb.

358 5203 497 5255 dicat
526 5201 826 5256 Ecciesiam
863 5212 1107 5257 sanctam
1139 5206 1493 5261 catholicam.
1542 5206 1610 5259 Et
1656 5206 1845 5259 chorus
1874 5205 1930 5273 tit.

349 5292 547 5348 Presta
578 5302 768 5348 eterne
793 5295 1142 5366 omnipotens
1162 5296 1308 5351 Deus

426 5478 449 5502 ‘
485 5470 623 5539 Cap.
659 5471 714 5523 ν.
745 5473 899 5527 Vers.
936 5476 1121 5530 ιιι-95.

428 5540 458 5579 ι’
491 5539 624 5609 Cap.
660 5541 825 5596 XVII.
864 5544 1018 5599 Vers.
1048 5545 1242 5599 20-21.

441 5621 463 5646 τ
497 5609 780 5687 Respondit
805 5615 972 5687 eis.“
997 5617 1152 5669 dixit.
1184 5618 1259 5671 Ita
1285 5616 1341 5671 in
1367 5615 1576 5682 Graeco;
1602 5626 1656 5672 et
1680 5616 1931 5687 Vulgata,

354 5682 679 5742 respondens
699 5684 770 5735 eis
801 5684 955 5736 dixit.

427 5748 455 5787 ἀ
497 5748 625 5804 Non
661 5755 849 5805 veniet.
880 5752 960 5807 Ita
998 5752 1172 5807 Grato.
1204 5761 1260 5808 et
1298 5755 1507 5826 Syriae.
1546 5756 1801 5826 Vulgata,
1836 5774 1937 5811 non

678 5845 951 5906 ΡΛτιιοι.
1005 5846 1323 5908 LXXXV.

1954 3160 2002 3222 ϐ

2028 1925 2111 1965 es.
2142 1910 2210 1965 Ut
2238 1912 2429 1964 dictum
2457 1921 2550 1965 est.

2103 1999 2257 2054 Dicat
2294 2000 2472 2055 Presb.

2099 2096 2182 2148 Ad
2210 2112 2404 2165 pacem.
2430 2096 2533 2150 Pax
2556 2104 2641 2149 tua
2668 2095 2993 2162 Redemptor
3018 2111 3081 2151 ac
3103 2097 3243 2152 Deus
3267 2109 3482 2153 noster:
3509 2111 3612 2165 que

2034 2194 2085 2241 te
2110 2197 2365 2241 nascente
2393 2186 2523 2239 olim
2554 2188 2879 2255 proclamata
2909 2198 2994 2242 est
3015 2189 3081 2242 ab
3110 2189 3328 2259 Angelis
3361 2206 3375 2243 :
3409 2189 3615 2244 habitet

2032 2278 2083 2333 in
2132 2279 2402 2335 mentibus
2446 2280 2679 2334 nostris:
2715 2294 2823 2347 quo
2865 2279 2982 2348 ejus
3014 2279 3133 2333 fulti
3185 2280 3473 2347 presidiis:
3505 2296 3614 2334 tne-

2031 2385 2247 2425 reamur
2288 2386 2408 2426 cum
2440 2373 2647 2425 veneris
2694 2380 2782 2425 tue
2811 2373 3053 2425 contueri
3092 2373 3420 2441 presentiam
3448 2373 3614 2428 visio-

2032 2462 2135 2515 nis.
2182 2461 2220 2528 ἢ
2243 2502 2255 2514 .
2282 2465 2472 2516 Amen.
2501 2459 2683 2515 Presb.
2714 2462 2866 2515 dicat.
2894 2462 3026 2529 Quia
3061 2473 3113 2516 tu
3142 2477 3203 2517 es
3232 2478 3355 2518 vera
3388 2478 3509 2532 pax.
3550 2463 3615 2517 Et

2034 2552 2206 2606 omnia
2236 2553 2342 2606 alia
2371 2568 2528 2622 usque
2551 2552 2755 2607 intatio.

2105 2646 2320 2701 Inlatio.
2378 2648 2602 2717 Dignum
2630 2657 2684 2701 et
2727 2647 2929 2716 justum
2972 2658 3075 2704 est.
3128 2648 3236 2705 Nos
3280 2652 3371 2706 tibi
3420 2653 3615 2722 gratias

2032 2751 2229 2807 agere:
2251 2736 2471 2793 Domine
2493 2748 2677 2793 sancte
2705 2748 2854 2808 pater
2876 2752 3058 2794 eterne
3079 2741 3415 2811 omnipotens
3439 2744 3578 2800 Deus
3602 2763 3611 2773 ο

2035 2845 2130 2898 per
2160 2829 2341 2884 Jesum
2371 2830 2640 2884 Christum
2664 2831 2827 2885 Iliitnn
2861 2843 3005 2885 tuum
3042 2833 3321 2886 Dominum
3345 2842 3607 2887 no-trutn.

2034 2919 2197 2989 Cujus
2248 2921 2541 2975 incarnatio
2585 2920 2731 2975 salus
2785 2920 2919 2975 facta
2961 2931 3044 2974 est
3087 2922 3307 2977 mundi:
3341 2931 3398 2977 et
3436 2923 3614 2992 passio

2035 3011 2211 3065 extitit
2238 3010 2535 3081 redemptio
2578 3012 2810 3067 hominis
2842 3014 3129 3081 procreati.
3161 3014 3278 3082 Ipse
3324 3014 3485 3085 igitur
3515 3030 3613 3070 nos

2035 3104 2372 3172 omnipotens
2409 3113 2559 3170 pater
2584 3114 2873 3171 quesutnus
2905 3106 3161 3170 perducat
3200 3105 3265 3159 ad
3299 3107 3558 3174 premium
3591 3124 3607 3160 :

2033 3193 2123 3263 qui
2170 3195 2395 3249 redemit
2445 3194 2512 3249 de
2553 3196 2789 3249 tenebris
2832 3195 3182 3250 iufcrnorum.
3232 3198 3349 3264 Ipse
3393 3215 3609 3254 carnem

2035 3295 2273 3339 nostram
2298 3301 2328 3339 a
2366 3286 2587 3342 delectis
2616 3287 2879 3341 emaculet
2912 3304 2926 3340 :
2958 3288 3049 3357 qui
3096 3304 3214 3343 eam
3265 3292 3502 3362 suscepit
3546 3308 3611 3347 ex

2033 3375 2276 3447 Virgine.
2324 3379 2441 3446 Ipse
2471 3393 2568 3432 nos
2607 3378 2746 3432 lesos
2774 3386 2862 3433 tue
2906 3379 3150 3434 restituat
3178 3380 3442 3450 maiestati
3476 3400 3491 3439 :
3523 3387 3615 3453 qui

2037 3484 2135 3524 nos
2189 3469 2283 3523 tibi
2329 3485 2424 3538 per
2454 3472 2768 3540 sanguinem
2812 3486 2967 3525 suum
3016 3473 3405 3533 reconciliavit.
3438 3484 3463 3523 σ
3493 3475 3611 3543 Ipse

2034 3576 2132 3615 nos
2154 3562 2372 3615 secundi
2398 3561 2655 3617 adventus
2683 3563 3079 3619 examinatione
3102 3564 3358 3634 justiiicet
3388 3582 3404 3630 ;
3435 3569 3523 3637 qui
3555 3570 3607 3621 in

2037 3640 2210 3718 primo
2236 3653 2460 3707 contulit
2482 3653 2678 3707 donum
2701 3655 2872 3724 gratie
2897 3670 3012 3709 sue.
3040 3655 3156 3725 Ipse
3181 3655 3246 3710 ad
3264 3655 3610 3725 judicandntn

2033 3741 2212 3796 veniat
2239 3742 2380 3797 mitis
2410 3759 2424 3808 ;
2455 3743 2544 3811 qui
2575 3742 2702 3797 olim
2734 3745 2976 3813 apparuit
3018 3744 3253 3801 humilis.
3300 3744 3420 3816 Ipse
3449 3749 3501 3802 in
3527 3749 3612 3818 ju-

2034 3832 2230 3888 dicium
2266 3834 2580 3889 ostendatur
2620 3835 2776 3889 nobis
2805 3837 3139 3903 mitissimus,
3185 3840 3273 3907 qui
3301 3840 3499 3895 dudutn
3527 3857 3615 3894 ve-

2035 3924 2115 3979 nit
2142 3924 2384 3981 oecultus
2415 3943 2429 3991 ;
2460 3929 2546 3980 cui
2573 3921 2764 3981 nierito
2792 3943 2978 3982 omnes
3006 3930 3218 4000 Angeli,
3249 3940 3304 3985 et
3332 3933 3612 4003 Arcangc'i

2036 4033 2140 4073 non
2185 4030 2399 4074 cessant
2444 4010 2680 4076 clamare
2725 4023 2963 4091 quotidie
3012 4026 3083 4078 ita
3137 4026 3400 4082 dicentes.
3465 4029 3615 4082 Dicat

2036 4110 2252 4164 Chorus.
2302 4111 2549 4166 Sanctus.

2107 4200 2259 4255 Dicat
2288 4200 2467 4258 Prcsb.

2113 4295 2236 4350 Post
2264 4295 2508 4350 Sanctus.
2543 4296 2679 4351 Vere
2704 4298 2934 4353 Sanctus
2959 4306 3014 4352 et
3052 4292 3316 4369 gloriosus
3360 4300 3615 4357 Dominus

2038 4395 2220 4440 noster
2260 4387 2414 4443 Jesus
2441 4387 2684 4443 Christus
2716 4389 2854 4443 filius
2891 4399 3031 4444 tuus.
3064 4389 3164 4457 Qui
3212 4406 3311 4446 nos
3338 4400 3394 4446 et
3423 4392 3614 4461 prioris

1961 4521 2016 4581 Β
2041 4479 2303 4535 adventus
2332 4481 2412 4533 sui
2459 4480 2627 4550 gratia
2681 4481 2986 4549 reparavit:
3018 4491 3072 4536 et
3119 4483 3170 4536 in
3201 4482 3434 4538 secundo
3460 4482 3615 4563 datu-

2039 4585 2155 4624 rum
2184 4585 2243 4624 se
2270 4568 2423 4623 nobis
2445 4585 2663 4639 regnum
2687 4585 2807 4624 cum
2830 4573 3031 4626 sanctis
3053 4572 3270 4642 Angelis
3286 4560 3617 4642 repromisit.

2040 4660 2153 4727 ipse
2184 4657 2440 4712 Dominus
2470 4674 2532 4713 ac
2562 4658 2888 4728 Redemptor
2916 4670 3155 4717 eternus.

2113 4751 2262 4805 Dicat
2291 4749 2469 4805 Prcsb.
2504 4753 2701 4806 Adesto
2727 4752 2934 4808 adesto.
2969 4765 3021 4807 ttt
3048 4770 3226 4820 supra.
3242 4753 3431 4809 Postea
3460 4754 3620 4809 dicat.

2113 4841 2241 4896 Post
2262 4844 2448 4913 pridie.
2480 4842 2613 4897 Veni
2666 4844 2893 4900 Domine
2922 4848 3101 4902 relaxa
3148 4846 3382 4904 facinora
3413 4858 3619 4915 nostra,

2042 4942 2097 4987 et
2126 4934 2226 4988 hec
2255 4934 2433 4988 oblata
2465 4935 2556 5003 tibi
2591 4950 2686 5002 pro
2734 4936 2865 5005 ipsis
2896 4936 3219 4993 facinoribus
3257 4940 3618 4995 benedicentla

2044 5039 2261 5079 assume
2290 5025 2567 5083 libamina.
2600 5027 2669 5081 Ut
2697 5028 2884 5083 borum
2916 5032 3256 5099 perceptione
3282 5033 3558 5097 expientur
3588 5053 3614 5085 τι

2033 5114 2268 5171 crimine
2300 5133 2313 5170 :
2346 5126 2400 5173 et
2439 5117 2517 5170 ιιιί
2577 5117 2846 5172 adventus
2888 5119 3116 5188 gloriam
3154 5118 3261 5187 18
3300 5134 3612 5174 mereamur

2031 5205 2271 5261 interriti
2297 5210 2621 5277 prestolare.
2653 5211 2707 5277 tif.
2737 5210 2933 5265 Amen.

2105 5297 2261 5352 Dicat
2299 5298 2481 5353 Presb.
2506 5299 2583 5355 Te
2604 5311 2907 5370 prestante.
2928 5309 2976 5354 et
2998 5299 3263 5355 Dominus
3292 5299 3365 5355 sit
3396 5316 3614 5373 semper

2042 5478 2203 5531 venit.

2113 5557 2138 5584 ο
2170 5547 2382 5601 Lauda.
2416 5547 2559 5601 Psal.
2597 5564 2781 5606 Lxxtx.
2821 5549 2907 5603 I5.

2118 5616 2139 5654 ί
2182 5618 2543 5684 Sacriﬁcium.
2569 5617 2826 5673 Jeremite
2861 5634 3010 5683 xxxt,
3040 5618 3095 5681 3.
3122 5618 3176 5673 ι.

2119 5688 2144 5725 ⁸
2181 5687 2298 5753 Ipse
2317 5704 2421 5759 tios
2448 5688 2663 5740 secundi
2714 5688 2965 5743 adventus
3010 5692 3434 5746 examinatione.
3475 5690 3618 5759 Lege

2041 5756 2106 5812 In
2132 5757 2344 5811 secundi
2373 5759 2623 5812 adcentus
2658 5761 3053 5815 examinatione
3084 5761 3349 5828 iustiﬁcct.

3148 5854 3186 5913 5
