4058 6178
458 337 555 396 159

1165 338 1454 395 MISSALE
1496 338 1765 397 nixron
1810 339 1959 395 ssc.
2004 338 2162 397 nec.
2206 342 2264 395 Β.
2310 300 2573 398 tsmom.
2617 372 2686 383 —
2728 340 2905 397 rans
2947 340 2985 395 l.

3616 342 3718 397 HO

454 452 742 506 valiscum.
778 450 840 503 Et
869 459 1037 519 postea
1066 448 1281 503 tenendo
1309 464 1497 519 corpus
1530 450 1731 503 Domini
1760 464 1913 515 super
1946 466 2029 502 ca-
2060 460 2102 513 Α
2134 451 2237 521 Ipsi
2270 453 2521 507 videbunt
2570 452 2793 522 gloriam
2834 451 3039 505 Domini
3068 468 3080 503 :
3111 460 3165 505 et
3191 451 3441 505 decorem
3491 452 3582 506 Dei
3617 470 3720 506 no.

454 543 599 594 licem
627 542 760 593 dicat
806 541 912 591 alta
942 555 1077 592 voce.
1111 538 1295 594 Fidem
1346 555 1503 605 quam
1534 542 1694 594 corde
1738 541 2027 594 credimus.

454 633 603 685 Ilicet
634 631 853 684 Chorus.
887 632 1169 685 Credimus
1212 630 1262 687 in
1304 648 1467 686 unttm
1519 632 1683 686 Deum
1732 642 1912 685 totum.
1963 632 2032 685 Et

452 735 572 776 tum:
599 723 754 792 faciat
782 723 901 776 illas
932 723 1212 790 particulas
1242 740 1261 777 :
1285 734 1340 776 ut
1363 740 1517 793 supra
1545 725 1733 777 dictum
1757 733 1830 777 est
1853 725 1902 777 in
1924 726 2034 794 pri-

450 831 531 865 ma
561 811 739 865 Missa.
775 811 839 865 Et
888 812 1066 866 Prcsb.
1126 816 1281 885 feriat
1338 814 1595 869 Memento
1648 834 1739 885 pro
1790 817 1929 871 vivis.
1968 817 2032 868 Et

448 902 671 970 perfecto
700 905 745 955 si
767 903 914 956 nbolo
943 907 1079 957 dicat
1117 905 1290 960 Presb.
1320 912 1387 959 ad
1420 906 1741 960 Dominicam
1762 908 2029 977 equaliter.

523 994 719 1046 Oratio.
756 993 976 1049 Venisse
1005 1004 1056 1050 te
1087 997 1308 1051 Domine
1334 1012 1429 1067 pro
1456 1009 1635 1052 nostra
1671 999 1723 1052 in
1758 1001 1916 1054 terris
1942 1015 2032 1054 sa-

452 1085 563 1138 lute
618 1080 925 1139 credimus:
972 1097 1255 1141 venturum
1306 1097 1359 1142 te
1404 1104 1615 1159 quoque
1665 1091 1727 1144 ad
1771 1091 2032 1159 judicium

450 1175 817 1236 sustinemus:
850 1189 906 1231 et
955 1177 1073 1230 ideo
1101 1192 1221 1231 cum
1256 1178 1445 1233 ﬁducia
1471 1196 1577 1249 que
1607 1181 1873 1235 docuisti:
1906 1196 2033 1252 pro-

451 1264 747 1321 clamamus.
770 1280 802 1320 e
832 1266 1003 1319 terris.
1034 1267 1186 1322 Pater
1215 1279 1415 1323 noster.
1449 1268 1515 1324 Ut
1535 1288 1711 1341 supra.
1744 1270 1868 1325 Post
1901 1272 2035 1325 (Ira.

460 1356 651 1408 tionem
675 1355 993 1411 Dominicam
1023 1358 1155 1412 dicat
1186 1357 1363 1415 Presb.
1398 1358 1628 1416 Liberali
1658 1378 1684 1413 a
1712 1364 1874 1416 malo.
1905 1361 2033 1416 Post

462 1445 601 1496 dicat
630 1445 1042 1500 benedictionem.
1084 1448 1369 1504 llumiliate
1405 1464 1499 1504 vos
1525 1449 1898 1506 benediCtioni.
1932 1446 2033 1506 Do-

458 1535 633 1589 mintis
658 1535 721 1589 sit
747 1552 958 1605 semper
987 1539 1277 1594 vobiscum.
1319 1541 1356 1609 ri)
1378 1580 1391 1593 .
1427 1541 1494 1595 Et
1521 1557 1663 1596 cum.

541 1626 855 1681 Benedictio.
882 1629 1156 1684 Adventus
1176 1634 1256 1685 sui
1285 1648 1378 1686 vos
1397 1633 1651 1688 Dominus
1684 1635 2034 1689 illnstratione

454 1724 773 1778 sanctiﬁcet.
822 1724 896 1792 ri).
931 1727 1125 1778 Amen.
1164 1723 1378 1777 Vincula
1410 1733 1587 1777 vestra
1628 1725 1885 1778 dissolvat
1929 1740 2036 1778 an-

2134 543 2253 596 stri.
2286 544 2590 597 Conlortate
2638 556 2825 596 manus
2868 540 3155 595 dissolutas
3185 557 3200 594 :
3231 549 3286 595 et
3312 555 3486 610 genua
3519 542 3717 598 debilia

2134 635 2404 690 roborate.
2439 635 2606 689 Dicite
2632 632 2659 670 ά
2693 632 3059 703 pusillanimes
3088 631 3464 685 confortamini
3496 649 3508 683 :
3537 640 3592 686 et
3618 649 3720 687 no-

2134 727 2227 782 lite
2270 728 2479 781 timere.
2529 727 2665 780 Ecce
2697 735 2720 763 ο
2768 726 2908 779 Deus
2951 733 3132 778 noster
3179 722 3436 777 ultionem
3486 723 3719 779 adducet

2136 818 2508 873 retributionis
2533 836 2544 870 :
2579 818 2716 871 Deus
2745 818 2857 885 ipse
2881 816 3057 871 veniet
3082 824 3136 870 et
3162 814 3389 869 salvabit
3417 828 3535 868 nos.
3562 815 3717 870 Tune

2134 914 2439 978 aperientur
2467 912 2605 966 oculi
2636 925 2882 965 cecorum
2910 927 2921 961 :
2952 922 3002 963 et
3051 924 3208 963 aures
3236 907 3521 962 surdorum
3551 916 3709 978 pate-

2137 1003 2283 1056 bunt.
2332 1003 2479 1056 Tum:
2528 1004 2676 1056 saliet
2722 1002 2861 1055 sicut
2900 1015 3093 1054 cervus
3142 998 3395 1053 claudus:
3427 1008 3482 1053 et
3531 1010 3714 1065 aperta

2134 1094 2235 1146 erit
2268 1093 2444 1162 lingua
2499 1102 2786 1146 mutorum.
2838 1091 2971 1157 Quia
3018 1092 3185 1145 scisse
3230 1099 3354 1144 sunt
3397 1092 3449 1143 in
3496 1093 3714 1143 deserto

2134 1199 2306 1253 aque:
2338 1194 2391 1237 et
2439 1194 2702 1238 torrentes
2745 1184 2796 1235 in
2823 1182 3125 1236 solitudine.
3161 1182 3223 1235 Et
3273 1194 3378 1250 que
3406 1189 3522 1235 erat
3566 1180 3714 1233 arida

2135 1274 2191 1328 in
2219 1288 2461 1344 stagnum
2498 1292 2510 1327 ε
2545 1284 2595 1327 et
2627 1276 2811 1329 sitiens
2857 1273 2910 1326 in
2941 1274 3120 1328 fontes
3148 1287 3425 1340 aquarum.
3478 1270 3531 1323 In
3564 1270 3714 1323 enhi-

2136 1365 2273 1418 lihus
2319 1366 2372 1418 in
2419 1364 2611 1433 quibus
2641 1364 2790 1432 prius
2832 1363 3090 1417 dracones
3135 1362 3715 1415 habitabantmrietur

2136 1455 2276 1511 viror
2322 1456 2508 1510 calami
2551 1464 2605 1508 et
2646 1454 2832 1522 junci:
2868 1452 2887 1491 ί
2920 1463 2971 1508 et
3018 1454 3121 1507 erit
3166 1452 3237 1505 ibi
3268 1452 3497 1506 semita:
3532 1460 3587 1505 et
3628 1450 3715 1503 via

2138 1557 2321 1600 sancta
2347 1546 2641 1600 vocabitur.
2675 1544 2789 1597 Non
2817 1543 3063 1597 transibit
3090 1557 3183 1611 per
3207 1555 3325 1595 eam
3358 1541 3624 1610 pollutus:
3656 1549 3713 1593 et

2138 1639 2237 1693 hec
2277 1637 2379 1692 erit
2427 1636 2579 1690 vobis
2625 1637 2824 1689 directa
2851 1634 2932 1687 via
2961 1650 2978 1688 :
3008 1633 3076 1686 ita
3123 1641 3177 1687 et
3206 1632 3353 1685 stulti
3400 1645 3503 1684 non
3533 1640 3716 1685 errent

2138 1746 2230 1799 per
2256 1744 2394 1785 eam.
2425 1727 2536 1781 Non
2568 1728 2672 1781 erit
2701 1726 2770 1780 ibi
2798 1727 2881 1780 leo
2907 1740 2921 1780 :
2955 1734 3009 1779 et
3033 1724 3172 1777 mala
3200 1723 3366 1777 bestia
3400 1737 3503 1775 non
3526 1735 3715 1775 astelk

458 1824 669 1883 tequam
694 1816 892 1870 veniat.
935 1815 1007 1883 ἢ.
1036 1820 1225 1869 Amen.
1263 1814 1327 1870 Ut
1356 1814 1562 1870 liberati
1593 1831 1622 1868 a
1653 1816 1876 1870 vinculis
1920 1831 2031 1881 pec-
2067 1821 2110 1878 Β
2140 1821 2226 1874 del
2254 1834 2350 1888 per
2379 1833 2495 1874 eam
2524 1837 2537 1869 :
2568 1831 2666 1870 nec
2690 1818 2985 1869 invenietur
3010 1814 3103 1869 ibi.
3138 1813 3204 1867 Et
3249 1812 3597 1866 ambulabunt
3622 1812 3714 1879 qui

453 1914 741 1959 cntorum:
790 1907 1016 1960 interriti
1074 1906 1365 1976 expectetis
1415 1907 1531 1976 ejus
1588 1908 1893 1962 adventum.
1961 1910 2031 1975 ιῆ.

457 2000 650 2051 Amen.
698 1998 799 2050 Per
828 2000 1253 2052 misericordiam
1288 2000 1452 2064 ipsius
1486 1999 1574 2053 Dei
1607 2002 1771 2053 noswi
1801 2016 1815 2053 :
1846 2000 1936 2070 qui
1958 2003 2034 2053 vi-

454 2091 531 2142 vit
550 2098 605 2144 et
624 2090 799 2144 omnia
826 2091 961 2160 regit
981 2092 1032 2145 in
1062 2091 1239 2144 secula
1256 2092 1585 2146 seculorum.
1624 2093 1661 2160 ἡ
1684 2130 1698 2146 .
1721 2094 1910 2147 Amen.
1947 2092 2035 2145 Di-

458 2192 539 2233 eat
591 2180 774 2235 l’resb.
824 2182 1076 2236 Dominus
1106 2182 1174 2236 sit
1215 2197 1429 2252 semper
1457 2183 1750 2239 vobiscum.
1802 2183 1869 2237 Et
1917 2194 2038 2237 tunc

454 2274 588 2326 dicat
619 2272 833 2328 Chorus.
866 2273 1087 2330 Gustate
1115 2285 1168 2329 et
1197 2275 1482 2330 videte.'Et
1509 2276 1594 2329 hic
1618 2277 1771 2345 faciat
1803 2276 2029 2330 Memen-

456 2373 507 2416 to
553 2380 643 2431 pro
684 2365 918 2416 mortuis.
962 2374 1008 2417 et
1041 2374 1152 2433 post
1182 2363 1438 2418 Memento
1472 2366 1609 2418 dicat
1637 2366 1755 2419 illas
1783 2376 2036 2419 orationes

453 2474 546 2526 que
578 2458 710 2511 dicte
728 2469 841 2511 sunt
868 2460 922 2511 in
960 2473 999 2512 l.
1034 2456 1214 2512 Missa.
1246 2457 1309 2511 Et
1336 2468 1504 2512 sumat
1531 2473 1716 2527 corpus
1743 2467 1790 2510 et
1831 2459 2037 2527 sangui-

455 2568 568 2603 nem
596 2567 614 2603 :
643 2561 689 2603 et
716 2550 808 2603 hoc
834 2549 970 2619 facta
1000 2550 1133 2603 dicat
1181 2548 1360 2603 Presb.
1400 2550 1655 2603 orationes
1684 2558 1740 2600 ut
1780 2549 1832 2602 in
1874 2550 2037 2617 prima

460 2642 643 2695 Missa.
688 2640 757 2693 Et
801 2642 854 2693 in
884 2641 989 2710 ﬁne
1014 2641 1258 2693 orationis
1298 2640 1455 2692 dicat.
1489 2640 1588 2693 ['er
1614 2640 2034 2693 misericordiam

456 2748 597 2790 tuam
629 2737 766 2790 Deus
795 2745 974 2791 noster
1000 2735 1085 2803 qui
1117 2750 1180 2789 es
1207 2733 1515 2789 benedictus
1541 2750 1557 2793 :
1585 2745 1638 2789 et
1666 2733 1798 2787 vivis
1828 2743 1882 2786 et
1920 2748 2039 2786 om-

456 2826 539 2880 nia
572 2827 712 2896 regis
758 2827 809 2878 in
841 2826 1018 2879 sccnla
1046 2825 1374 2879 seculorum.
1433 2824 1470 2893 ἡ
1492 2862 1506 2874 .
1540 2824 1732 2878 Amen.
1782 2823 2038 2877 Dominus

458 2919 529 2969 sit
572 2930 787 2984 semper
826 2914 1119 2968 vobistum.
1164 2915 1239 2982 ιῆ.
1295 2914 1533 2968 Etcum.
1586 2913 1839 2968 Solenuia
1883 2928 2037 2967 com-

458 3009 593 3075 pleta
624 3014 751 3061 sunt
794 3006 846 3061 in
892 3008 1108 3062 nomine
1155 3005 1362 3061 Domini
1413 3006 1581 3060 nostri
1625 3005 1752 3061 Jesu
1792 3003 2034 3060 Christi:

460 3108 640 3153 votum
670 3106 910 3153 nostrum
939 3098 1015 3153 sit
1041 3108 1315 3168 acceptum
1345 3112 1464 3154 cum
1496 3112 1645 3168 pace.

541 3192 579 3261 ἢ
599 3231 614 3245 .
649 3190 868 3245 Chorus.
898 3189 1009 3244 Deo
1028 3192 1245 3260 gratias.

524 3324 592 3381 IN
630 3325 858 3382 SEXTO
901 3321 1219 3381 DOMINICO
1260 3322 1347 3380 DE
1389 3318 1712 3381 ADVENTU
1758 3324 2009 3381 DOMINI.

1101 3446 1123 3475 ι
1145 3437 1394 3508 Ofﬁcium.

527 3547 755 3604 Sanctus
782 3547 1041 3602 Dominus
1070 3547 1212 3602 Deus
1254 3548 1615 3614 omnipotens.
1669 3549 1771 3615 Qui
1817 3559 1932 3604 erat
1983 3558 2038 3605 et

461 3647 542 3692 est
569 3646 621 3692 et
648 3646 903 3692 venturus
930 3648 1013 3691 est
1042 3636 1257 3707 alleluja
1277 3638 1505 3706 alle‘uja.
1539 3637 1564 3677 δ
1600 3639 1633 3705 Ῡ
1658 3677 1672 3691 .
1696 3640 1834 3694 Deus
1863 3640 2039 3695 mani-

462 3726 596 3781 leste
624 3726 840 3781 veniet:
874 3725 1015 3780 Deus
1037 3736 1218 3780 noster
1241 3736 1295 3781 et
1321 3741 1426 3781 non
1454 3727 1651 3784 silebit.
1680 3726 1743 3781 P.
1773 3728 1874 3796 Qui
1900 3738 2035 3784 erat.

473 3817 507 3886 γ
534 3855 549 3871 .
578 3815 761 3872 Gloria
793 3825 847 3870 et
876 3814 1054 3871 honor
1082 3818 1223 3872 Patri
1251 3827 1308 3873 et
1353 3816 1490 3872 Filio
1513 3828 1566 3873 et
1593 3818 1813 3889 Spiritui
1839 3818 2041 3875 Sancto

463 3912 516 3965 in
543 3910 723 3965 secula
754 3910 1056 3964 seculorum
1084 3925 1262 3965 amen.
1299 3909 1366 3967 Ρ.
1396 3911 1496 3978 Qui
1523 3923 1657 3967 erat.

534 4001 733 4055 Oratio.
763 4002 904 4059 Deus
927 4002 1016 4071 qui
1042 4017 1136 4071 per
1166 4003 1446 4074 Angelicos
1467 4003 1691 4059 Choros.
1715 4004 1810 4073 [οι.
1839 4006 1894 4060 1.

590 4094 762 4149 Lectio
788 4096 905 4149 libri
936 4092 1107 4166 Esaye
1135 4096 1376 4164 prap/tete
1407 4098 1455 4167 (ε
1484 4096 1611 4163 Cap.
1645 4096 1802 4150 ΧΧΧ
1819 4097 1903 4166 V).

548 4187 620 4254 li.
655 4188 764 4242 Deo
798 4186 1014 4256 gratias.
1930 4212 1931 4217 η

535 4280 642 4332 Hec
671 4278 800 4333 dicit
831 4279 1115 4334 Dominus.
1148 4280 1415 4335 Letabitur
1445 4277 1651 4333 deserta
1678 4286 1735 4332 et
1764 4279 1901 4333 invia
1935 4295 1948 4332 :
1981 4288 2037 4334 et

465 4368 725 4423 exultabit
765 4369 1037 4423 solitudo:
1069 4377 1126 4424 et
1168 4368 1379 4423 liorehit
1406 4369 1554 4436 qnasi
1602 4369 1791 4424 lilium.
1824 4368 2036 4424 Germi-

468 4475 600 4515 naris
629 4460 945 4530 germinabit
975 4477 987 4511 :
1017 4467 1072 4515 et
1095 4460 1353 4515 exultabit
1399 4460 1680 4514 letabunda
1711 4470 1765 4515 et
1794 4461 2035 4517 laudans.

2137 1912 2345 1966 liberati
2394 1909 2590 1964 fuerint
2618 1917 2673 1962 et
2705 1906 2962 1975 redempti
2989 1921 3017 1958 a
3051 1905 3292 1958 Domino.
3320 1912 3346 1951 8
3378 1903 3710 1958 Converten—

2138 2011 2223 2057 tur
2250 2011 2303 2056 ct
2346 2001 2560 2055 venient
2589 2019 2602 2053 :
2631 2011 2684 2052 et
2715 1998 3007 2052 laudabunt
3038 1995 3319 2051 Dominum
3353 1996 3406 2050 in
3436 1993 3564 2050 Sion
3591 2009 3715 2047 cum

2136 2092 2293 2148 laude
2318 2107 2333 2145 :
2358 2099 2413 2143 et
2437 2089 2599 2143 letitia
2625 2089 2949 2156 sempiterna
2976 2099 3137 2153 super
3152 2096 3312 2155 caput
3339 2100 3543 2140 eorum.
3572 2083 3715 2137 Gau-

2134 2182 2278 2236 dium
2307 2191 2361 2235 et
2382 2180 2608 2235 leticiam
2638 2179 2971 2233 obtinebunt.
3005 2175 3073 2230 Et
3104 2175 3266 2246 fugiet
3295 2175 3446 2231 dolor
3473 2184 3528 2230 et
3548 2174 3713 2245 gemi-

2139 2281 2243 2326 tus.
2291 2270 2328 2337 ti)
2350 2308 2365 2322 .
2396 2271 2589 2322 Amen.

2211 2360 2362 2414 Dicat
2395 2359 2576 2414 Preeb.
2622 2360 2875 2413 Dominus
2919 2358 2990 2411 sit
3037 2371 3249 2427 semper
3291 2355 3588 2411 vobiscum.
3635 2360 3714 2423 η.

2139 2456 2203 2509 Et
2231 2470 2373 2509 cum.

2207 2541 2233 2579 ιι
2269 2542 2565 2597 Psaltendo.
2590 2540 2890 2606 Suscipiant
2915 2538 3138 2594 Domine
3167 2548 3374 2593 montes
3404 2538 3418 2574 ί
3455 2546 3509 2591 et
3537 2538 3709 2591 colles

2138 2635 2334 2703 populo
2382 2644 2471 2687 tuo
2498 2648 2680 2702 pacem
2710 2632 2973 2699 justitiam
3005 2649 3018 2683 :
3053 2630 3067 2681 i
3100 2628 3357 2699 judiCabit
3395 2643 3593 2699 egenos
3622 2644 3714 2696 po-

2138 2727 2280 2794 pulo.
2315 2723 2341 2762 ι
2375 2724 2640 2778 Utsalves
2671 2723 2808 2777 lilios
2851 2735 3163 2790 pauperum.
3210 2720 3224 2757 ι
3273 2720 3346 2788 Ῡ.
3392 2719 3530 2773 Deus
3576 2720 3719 2785 judi-

2136 2818 2279 2871 cium
2307 2824 2454 2870 tuutn
2486 2824 2525 2851 ω
2553 2815 2692 2869 dona
2726 2813 2853 2883 Regi
2881 2830 2893 2865 :
2927 2822 2978 2865 et
3003 2812 3264 2880 justitiam
3295 2820 3435 2864 tuam
3471 2810 3579 2863 lilio
3610 2810 3713 2864 Re-

2136 2908 2217 2977 gis
2244 2925 2257 2959 :
2294 2919 2349 2960 ut
2370 2906 2571 2975 iudicet
2605 2904 2851 2974 p0pulum
2886 2912 3028 2957 tuum
3052 2916 3171 2956 cum
3197 2902 3406 2969 justicia
3437 2910 3494 2955 ct
3526 2916 3719 2970 paupe-

2140 3015 2227 3053 res
2255 3008 2372 3051 tnos
2403 2997 2454 3050 iu
2484 2996 2709 3065 judicio.
2742 2993 2810 3047 Ρ.
2840 2993 2908 3049 Ut
2937 2995 3108 3047 salves
3138 2992 3296 3047 lilios.

2211 3092 2359 3146 Dicat
2388 3091 2570 3145 Prt’sb.
2613 3090 2890 3146 Silentium
2924 3090 3103 3144 facite.

2063 3168 2109 3231 Ο
2145 3203 2418 3273 Sequentia
2450 3202 2679 3273 Epistole
2702 3200 2856 3273 Pauli
2886 3200 3120 3273 Apostoti
3148 3201 3216 3253 ad
3240 3199 3721 3254 Thessalonicenses

2713 3279 2762 3341 (ιι
2784 3270 2868 3325 ιι.
2886 3271 3012 3340 Cap.
3039 3269 3099 3324 ιι
3116 3274 3156 3341 ).

2230 3364 2268 3431 iii
2291 3404 2304 3417 .
2343 3364 2450 3419 Deo
2470 3365 2688 3432 gratias.

2215 3456 2432 3510 Fratres
2460 3469 2707 3525 rogamus
2738 3468 2833 3507 vos
2865 3468 2956 3521 per
2986 3452 3274 3508 adventum
3305 3450 3515 3506 Domini
3542 3451 3712 3506 nostri

2143 3549 2268 3605 Jesu
2301 3550 2500 3603 Christi
2540 3557 2592 3602 et
2633 3555 2815 3602 nostre
2859 3547 3285 3616 congregationis
3322 3545 3373 3599 in
3418 3545 3632 3614 ipsum;
3665 3551 3725 3597 ut

2143 3656 2248 3696 non
2271 3641 2380 3695 cito
2426 3641 2746 3696 moveamini
2774 3653 2803 3693 a
2831 3649 3009 3694 vestro
3055 3654 3257 3694 sensu:
3291 3653 3465 3707 neque
3518 3645 3727 3692 terrea-

2143 3731 2295 3785 mini.
2343 3730 2524 3800 Neque
2570 3745 2665 3799 per
2711 3731 2957 3800 spiritum
2986 3745 3003 3783 :
3031 3745 3201 3799 neque
3233 3744 3327 3799 per
3370 3742 3673 3784 sermonem
3709 3744 3724 3781 :

2143 3836 2318 3891 neque
2367 3835 2464 3891 per
2511 3821 2836 3889 epistolam:
2870 3831 3125 3890 tanquam
3175 3836 3271 3891 per
3312 3834 3411 3874 nos
3458 3819 3725 3873 missam:

2138 3914 2293 3983 quasi
2338 3910 2501 3967 instet
2546 3912 2663 3968 dies
2712 3911 2943 3966 Domini.
2976 3911 3053 3967 Ne
3083 3911 3199 3980 quis
3229 3925 3323 3966 vos
3352 3911 3573 3965 reducat
3615 3909 3732 3963 ullo

2143 4005 2322 4061 modo.
2369 4006 2629 4071 Quoniam
2679 4004 2781 4059 nisi
2813 4004 3022 4058 venerit
3065 4002 3322 4056 discessio
3374 4001 3600 4071 primum
3630 4018 3645 4053 :
3672 4008 3731 4055 et

2141 4096 2409 4151 revelatus
2441 4094 2599 4150 luerit
2630 4094 2791 4148 homo
2836 4092 3039 4162 peccati
3070 4092 3173 4163 19
3202 4091 3340 4145 lilius
3385 4089 3729 4157 perditionis.

2143 4187 2231 4256 qui
2255 4189 2567 4240 adversatur
2599 4194 2654 4239 et
2676 4184 2948 4239 extollitur
2976 4196 3136 4252 supra
3167 4196 3329 4236 omne
3360 4180 3501 4250 quod
3528 4180 3734 4235 dicitur

2144 4277 2283 4330 Deus
2310 4283 2437 4329 :aut
2461 4275 2601 4344 quod
2630 4275 2825 4329 colitur
2849 4289 2864 4328 :
2888 4277 2959 4327 ita
2991 4283 3049 4325 ut
3070 4272 3122 4326 in
3154 4271 3352 4339 templo
3378 4270 3474 4323 Dei
3501 4276 3690 4323 sedeat
3711 4286 3730 4321 :

2145 4368 2431 4422 ostendens
2459 4382 2521 4422 se
2553 4375 2800 4435 tanquam
2847 4365 2916 4419 sit
2947 4367 3108 4418 Deus.
3156 4362 3271 4417 Non
3314 4360 3555 4416 retinetis
3583 4359 3737 4429 quod

2144 4475 2264 4514 cum
2293 4473 2533 4513 essemus
2561 4458 2698 4525 apud
2728 4472 2823 4513 vos
2853 4475 2866 4513 :
2892 4457 2992 4512 hec
3016 4456 3255 4510 dicebam
3281 4454 3476 4509 vobis?
3501 4453 3743 4528 Etnuuc

468 4554 643 4609 Gloria
688 4552 874 4609 Libani
903 4554 1024 4608 data
1052 4562 1138 4608 est
1162 4554 1212 4609 ei
1245 4572 1259 4608 :
1293 4554 1457 4608 decor
1485 4552 1715 4608 Carmeli
1763 4562 1815 4608 et
1844 4553 2032 4610 Saron.
2066 4550 2119 4610 D
2142 4553 2267 4625 quid
2297 4550 2533 4607 detineat
2575 4552 2763 4606 scitis:
2796 4560 2853 4604 ut
2901 4551 3168 4605 reveletur
3214 4549 3265 4601 in
3318 4561 3412 4600 suo
3461 4555 3735 4614 tempore.

540 4718 564 4780 ξι
595 4709 859 4780 Ofﬁcium.
894 4708 1110 4780 Apocal_.
1146 4724 1219 4774 tv,
1253 4708 1304 4763 8.

536 4778 565 4818 ³³
679 4826 691 4837 .
726 4777 1133 4863 Ρὲιὲυητιιλὸ.

542 4863 565 4890 ο
598 4848 725 4918 Cap.
758 4848 915 4902 XXX
934 4850 990 4902 V.
1027 4850 1173 4903 Vers.
1208 4849 1362 4918 i—lO.

541 4919 566 4958 ἀ
610 4916 990 4974 Pusittanimes.
1037 4919 1111 4971 lta
1160 4917 1323 4972 LXX.
1368 4916 1622 4985 Vulgata,
1674 4918 2041 4988 pusillanimis,

471 4990 682 5053 Chald.,
714 4988 910 5059 festinis
938 4990 1109 5043 corde.

546 5070 569 5098 ο
619 5057 755 5115 Deus
799 5070 1103 5114 noster......
1144 5066 1189 5111 et
1229 5057 1439 5109 salvabit
1482 5073 1593 5111 nos.
1641 5058 1713 5110 Ita
1766 5057 1929 5113 LXX.
1977 5060 2046 5113 At

475 5131 625 5200 Vulg.
651 5139 704 5185 et
730 5129 942 5192 Chald.,
981 5128 1112 5182 Deus
1141 5136 1388 5184 vester....
1420 5138 1467 5181 et
1496 5129 1707 5181 satvabit
1729 5145 1841 5182 nos.

551 5199 569 5238 ί
603 5199 672 5253 Et
700 5202 793 5254 erit
821 5201 909 5254 ibi.
940 5200 1155 5269 Vulgata
1184 5206 1276 5269 tet
1318 5197 1413 5250 erit
1442 5197 1526 5269 ibi
1562 5200 1761 5261 semita,
1794 5209 1840 5252 et
1870 5200 1967 5261 via,
1999 5208 2045 5251 et

474 5272 555 5322 via
578 5281 753 5324 sancta
783 5266 1063 5325 vocabitur:
1094 5268 1235 5323 LXX
1268 5285 1280 5319 :
1314 5269 1406 5321 erit
1432 5266 1539 5319 illic
1559 5269 1640 5320 via
1660 5284 1807 5336 pura,
1830 5270 1911 5324 uia
1930 5286 2047 5323 san-

476 5348 558 5393 cta
587 5341 855 5394 rocabitur.
890 5341 1097 5394 Missale
1137 5337 1341 5392 accedit
1373 5337 1437 5389 ad
1472 5336 1765 5404 Vulgatam,
1795 5341 1887 5395 sed
1916 5339 2047 5393 illud

476 5411 557 5463 via
582 5423 685 5462 non
716 5410 1029 5477 duplicatur,
1064 5411 1112 5462 in
1153 5426 1257 5477 quo
1284 5423 1402 5461 cum
1437 5405 1577 5459 LXX
1602 5412 1873 5463 convenit.

550 5487 574 5524 Β
599 5477 977 5543 Connertentur,
1004 5488 1054 5533 et
1080 5481 1293 5543 venient,
1329 5488 1375 5529 et
1396 5477 1673 5530 laudabunt
1703 5477 1977 5530 Dominum
1997 5479 2048 5530 in

479 5549 610 5603 Sion
649 5562 762 5599 cum
802 5542 974 5619 laude.
998 5548 1256 5619 AVulgata
1282 5542 1349 5600 et
1392 5542 1582 5619 Chnld.
1620 5548 1734 5619 :_Et
1775 5550 1968 5600 venient
2000 5550 2051 5619 in

480 5620 609 5674 Sion
644 5632 759 5668 cum
792 5616 967 5669 laude.
997 5615 1183 5671 [χχ-τ
1214 5617 1279 5669 Et
1304 5618 1499 5670 venient
1534 5620 1587 5672 in
1618 5617 1746 5673 Sion
1775 5634 1890 5671 cum
1921 5618 2052 5671 licti-

480 5692 570 5744 tia.
612 5686 863 5758 Syriac._:
893 5683 961 5738 Et
1005 5688 1353 5758 ingredientar
1381 5690 1432 5740 in
1475 5688 1681 5758 Signem
1725 5705 1837 5741 cum
1864 5690 2051 5758 gloria.

487 5756 670 5821 ilebr.;
702 5758 765 5813 ad
798 5756 1028 5813 litteram
1064 5774 1076 5811 :
1109 5756 1175 5811 Et
1205 5760 1399 5811 venient
1441 5758 1494 5809 in
1525 5756 1653 5811 Sion
1681 5759 1733 5810 in
1774 5756 2048 5829 praiconio.

2145 4708 2198 4762 In
2243 4708 2425 4762 harum
2457 4707 2621 4771 nulla,
2656 4721 2829 4773 neque
2858 4704 2911 4759 in
2957 4705 3177 4759 Arabica
3214 4704 3627 4773 versione,_nec
3671 4702 3742 4773 its

2147 4779 2480 4833 versionibus
2522 4770 2908 4831 recentioribus
2934 4774 3278 4829 inveniuntur
3307 4772 3467 4827 verba
3496 4771 3589 4825 illa
3616 4786 3631 4822 :
3663 4770 3745 4826 Et

2145 4848 2427 4902 laudabunt
2454 4846 2754 4899 Dominum.

2216 4914 2245 4955 ι
2275 4917 2572 4970 Psallendo.
2607 4917 2746 4969 Psal.
2772 4930 2915 4979 Lm,
2946 4916 3001 4981 5,
3027 4915 3079 4967 4.

2224 4986 2240 5025 ί
2274 4987 2341 5041 Et
2371 4988 2543 5041 colles.
2579 4987 2673 5040 llic
2699 5001 2849 5040 error
2882 4978 3291 5055 typographicus
3318 4978 3545 5055 subesse
3577 4978 3745 5035 vide-

2151 5069 2254 5111 tur.
2299 5058 2475 5112 Italica
2508 5074 2520 5110 :
2554 5055 2847 5124 Suscipiunt
2879 5050 3073 5107 montes
3110 5050 3286 5124 pacem
3324 5050 3514 5124 populo
3542 5058 3654 5113 tuo,
3684 5060 3751 5104 et

2147 5128 2300 5181 colles
2318 5129 2600 5197 justitiam.
2635 5118 2774 5179 LXX
2805 5134 2860 5178 et
2888 5118 3121 5193 Vulgata
3140 5118 3337 5177 habent
3367 5142 3379 5174 :
3413 5118 3604 5172 Pacem
3636 5136 3758 5185 po.

2148 5199 2272 5266 pulo
2294 5206 2341 5252 et
2371 5198 2528 5250 colles
2541 5197 2822 5267 justitiam.

2222 5268 2235 5317 t'
2275 5255 2989 5339 Judicabit'egenospoputo.
3025 5262 3204 5339 ναις..
3247 5259 3385 5316 LXX
3425 5266 3481 5339 et
3507 5255 3758 5339 Citam...

2148 5354 2395 5407 pauperes
2430 5326 2631 5406 pepuli.
2659 5335 2715 5388 In
2748 5326 2954 5399 Graeco,
2988 5326 3240 5407 mendicos
3270 5330 3489 5407 ῃιηηιιιἈ
3509 5326 3701 5381 ltatica
3732 5369 3759 5396 ,

2148 5400 2200 5461 in
2230 5400 2323 5460 sua
2343 5400 2549 5476 jus'titia
2568 5406 2824 5475 judicabit
2855 5419 3101 5473 pauperes
3128 5402 3282 5468 hujus
3312 5400 3507 5471 pepuli.

2229 5477 2253 5514 ¹ι
2291 5475 2359 5531 Ut
2391 5478 2571 5531 solves.
2626 5475 2865 5543 Vulgata,
2913 5475 3111 5534 Italica,
3148 5471 3285 5543 LXX
3321 5486 3334 5522 :
3374 5468 3437 5520 Et
3464 5466 3723 5537 salvosfa

2158 5549 2250 5617 ciet
2279 5547 2411 5614 filios
2441 5542 2981 5617 pauperumsChaldq
3007 5544 3143 5612 ﬁlios
3174 5542 3492 5596 miserorum.

2232 5616 2249 5654 ι
2296 5618 2330 5686 Ῡ
2354 5657 2367 5670 .
2402 5614 2717 5686 Ρεδιζιιιι,
2755 5616 2805 5678 t,
2836 5614 2891 5686 2.

2232 5698 2269 5725 ω
2298 5676 2449 5739 ’Ποηα
2482 5685 2627 5752 Regi.
2662 5676 3039 5752 VulquXX,
3065 5681 3205 5747 μαι,
3243 5677 3368 5749 Regi
3391 5676 3480 5728 da.

2230 5767 2256 5794 ιι
2286 5755 2413 5829 Cap.
2445 5755 2531 5809 Il.
2557 5746 2707 5810 Vers.
2743 5746 2890 5809 1:174.
