4058 6178
272 402 371 458 Nl

989 398 1286 456 MISSALE
1327 396 1592 451 MIXTUM
1635 393 1779 449 διες..
1822 394 1981 447 ιὶΙςῧ.
2028 396 2088 448 Β.
2134 396 2399 452 ιειῡθιιι.
2442 426 2512 436 ——
2552 398 2732 453 PARS
2768 399 2809 453 Ι.

3450 403 3548 456 HQ

273 516 296 542 ³⁵
318 515 448 569 Nam
477 512 831 567 ministerium
853 513 963 581 jam
1006 521 1256 581 operatur
1287 510 1579 580 iniquitatis
1608 517 1809 563 tantum
1837 521 1849 563 :
1884 514 1931 570 Α
2032 507 2181 561 Dicat
2216 509 2390 563 l’resb.
2424 510 2683 581 Adjuvate
2722 526 2810 566 me
2840 511 3028 568 fratres
3074 522 3179 567 etc.
3224 515 3259 584 ti
3281 555 3293 567 .
3320 516 3546 583 Adjuvct

269 616 328 659 ut
351 605 443 676 qui
466 615 615 659 tenet
641 623 654 634 ·
690 620 832 661 nunc
862 614 1039 659 teneat
1063 620 1082 659 :
1115 605 1288 659 donec
1314 604 1381 658 de
1422 603 1599 657 med‘o
1643 603 1752 656 fiat.
1790 602 1855 655 Et

266 706 395 752 hinc
438 698 765 751 revelabitur
799 697 890 750 ille
932 697 1146 765 iniquus
1200 711 1358 765 quem
1394 696 1649 749 Dominus
1688 694 1854 748 Jesus

267 789 552 845 interﬁciat
590 787 786 858 Spiritu
826 789 935 842 oris
985 790 1066 841 sui
1094 805 1106 840 :
1131 799 1184 841 et
1208 789 1452 843 destruet
1498 788 1856 841 illustratione

266 881 534 935 adventus
583 880 665 933 sui
717 896 841 935 eum
871 896 883 931 :
911 877 1068 948 cujus
1114 888 1197 933 est
1250 880 1513 933 adventus
1555 878 1851 933 secundum

264 976 637 1040 operationem
660 973 914 1027 Satliane.
939 972 993 1027 in
1021 973 1164 1025 omni
1195 973 1387 1027 virtute
1419 989 1433 1027 :
1464 972 1629 1041 signis
1652 982 1706 1027 et
1735 987 1857 1040 pro-

262 1064 422 1135 digiis
451 1065 827 1119 mendacibus:
860 1072 914 1118 et
942 1065 993 1117 in
1021 1065 1167 1119 omni
1195 1064 1505 1119 seductioue
1525 1062 1815 1130 iniquitatis
1840 1081 1853 1115 :

268 1154 351 1207 liis
383 1156 471 1223 qui
525 1164 752 1221 pereunt
782 1172 794 1206 :
822 1169 888 1209 eo
934 1156 1058 1225 quia
1110 1155 1425 1209 charitatem
1472 1156 1713 1210 veritatis
1752 1172 1857 1210 non

265 1256 591 1313 receperunt
625 1255 682 1298 ut
719 1247 850 1299 salvi
903 1248 1110 1301 fierent.
1142 1246 1266 1300 Ideo
1294 1245 1320 1283 δ
1354 1248 1527 1300 mittet
1556 1248 1676 1301 illos
1719 1248 1856 1302 Deus

264 1334 322 1387 in
372 1334 743 1401 Operatiouem
791 1336 1038 1388 erroris:
1082 1346 1135 1387 ut
1180 1336 1403 1389 credant
1453 1336 1765 1390 tuendatio:
1800 1345 1858 1389 ut

264 1426 571 1493 ju'dicentur
600 1441 788 1481 omnes
834 1427 925 1495 qui
956 1444 1057 1481 non
1088 1427 1430 1482 Crediderunt
1476 1430 1687 1483 veritati
1720 1448 1733 1483 :
1761 1431 1854 1484 sed

263 1527 661 1571 consenserunt
710 1519 994 1588 iniquitati.
1025 1518 1132 1572 Nos
1160 1527 1337 1573 autem
1361 1520 1620 1575 debemus
1660 1523 1857 1589 gratias

263 1627 429 1683 agere
456 1613 569 1668 Deo
598 1628 814 1684 semper
847 1630 942 1683 pro
988 1614 1142 1670 vobis
1191 1615 1384 1669 fratres
1431 1614 1610 1669 dilecti
1639 1629 1669 1667 a
1696 1614 1806 1669 Deo
1838 1630 1852 1669 :

269 1717 293 1743 ε
329 1705 473 1774 quod
523 1706 749 1775 elegerit
777 1720 876 1760 nos
927 1706 1064 1760 Deus
1110 1706 1371 1775 primitias
1399 1707 1452 1760 in
1497 1706 1725 1759 salutem
1754 1722 1765 1756 :
1800 1704 1854 1759 in

262 1797 748 1852 sanctiﬁcationetu
779 1797 1036 1867 Spiritus:
1070 1808 1125 1852 et
1150 1798 1311 1852 ﬁdem
1354 1799 1616 1851 veritatis.
1646 1797 1700 1851 In
1749 1811 1850 1865 qua

1962 610 2013 655 te
2034 612 2204 667 pater.
2236 600 2382 653 Dicat
2412 600 2634 655 Chorus.

2032 690 2059 729 ί·
2092 693 2438 762 Sacriﬁcium.
2470 694 2644 762 Prope
2666 704 2750 749 est
2780 696 2892 750 dies
2922 696 3130 751 Domini
3162 716 3175 750 :
3203 698 3323 769 quia
3357 715 3539 769 prepa-

1962 783 2100 837 rabit
2127 785 2379 837 Dominus
2410 786 2735 840 sacrificium
2765 803 2778 838 :
2809 790 3163 844 sanctilieabit
3190 802 3404 847 vocatos
3426 810 3550 847 suos

1961 877 2193 945 aileluja.
2233 876 2247 913 ί
2286 878 2320 945 ᾗ
2347 916 2359 929 .
2394 878 2571 931 Lamia
2600 878 2706 931 filia
2738 878 2878 948 Syon
2915 895 2929 932 :
2957 880 3120 948 jubi'a
3152 890 3204 934 tu
3236 883 3392 937 Israel
3424 904 3439 939 :
3478 887 3551 939 lc-

1961 984 2077 1027 tare
2104 983 2157 1027 et
2186 974 2366 1027 exulta
2399 972 2504 1026 filia
2544 972 2841 1028 Jerusalem
2874 991 2889 1027 :
2933 974 3154 1028 abstulit
3186 975 3440 1031 Dominus
3467 978 3549 1043 ju.

1959 1066 2156 1118 dicium
2188 1073 2336 1117 tuum
2365 1081 2378 1118 :
2409 1066 2605 1119 avertit
2635 1065 2880 1119 inimicos
2910 1076 3033 1119 tuos
3058 1068 3164 1120 lies
3196 1067 3353 1122 Israel
3378 1069 3557 1123 Domi-

1961 1171 2059 1209 nus
2090 1173 2101 1208 :
2134 1155 2185 1209 in
2214 1154 2392 1210 medio
2418 1157 2491 1208 tui
2517 1156 2874 1209 sanetiiicare.
2907 1157 3057 1209 Dicat
3092 1158 3273 1212 Presb.

2034 1248 2216 1301 Missa.
2251 1246 2504 1301 Soiennia
2553 1248 2626 1300 tui
2668 1248 2930 1303 adventus
2981 1251 3231 1320 mysteria
3272 1250 3552 1305 ceiehran~

1962 1352 2040 1394 tes
2074 1356 2086 1391 :
2118 1339 2212 1391 tibi
2239 1337 2450 1392 Christe
2478 1337 2700 1390 Domine
2725 1341 2993 1406 supplices
3017 1340 3285 1394 fundimus
3317 1355 3502 1408 preces
3538 1358 3551 1394 :

1962 1447 2019 1491 tit
2057 1449 2156 1490 nos
2187 1434 2447 1503 'primitivi
2487 1434 2751 1488 adventus
2794 1435 3160 1489 incarnatione
3198 1436 3544 1502 redemptos:

1962 1531 2014 1582 in
2047 1526 2417 1593 secundatua
2457 1528 2793 1594 apparitione
2824 1527 3093 1597 glorifices
3124 1527 3477 1581 coronandus.

2046 1622 2083 1689 ἡ
2108 1662 2119 1673 .
2151 1622 2341 1675 Amen.
3328 1682 3331 1685 ,

2030 1713 2148 1767 Alia
2180 1713 2379 1767 Oratio.
2412 1714 2629 1769 Sincera
2656 1725 2753 1763 nos
2780 1722 3076 1778 quesumus
3107 1706 3334 1761 Domine
3366 1714 3454 1761 tuo
3477 1707 3552 1760 in-

1958 1806 2282 1859 carnationis
2309 1820 2525 1873 semper
2559 1802 2664 1856 ﬁde
2700 1800 2990 1855 corrobora
3039 1815 3053 1851 :
3091 1806 3148 1852 ut
3185 1797 3235 1852 in
3269 1808 3353 1851 tua
3380 1797 3550 1853 diiec-

256 1900 319 1943 ει
342 1890 553 1943 vocavit
596 1905 693 1944 nos
725 1906 817 1958 per
845 1891 1192 1960 Evangelium
1216 1900 1461 1945 nostrum
1488 1907 1502 1948 :
1535 1892 1588 1944 in
1617 1891 1849 1961 acquisi-
1885 1863 1932 1922 θ
1961 1900 2105 1953 tione
2145 1898 2388 1952 firmatos
2420 1910 2691 1966 nunquam
2734 1907 2832 1947 nos
2866 1904 3172 1959 expugnare
3201 1888 3373 1942 valeat
3402 1890 3550 1943 calli-

259 1988 464 2040 tionem
494 1985 680 2053 gloria:
715 1985 921 2040 Domini
956 1985 1129 2040 nostri
1158 1985 1285 2041 Jesu
1310 1985 1530 2041 Christi.

348 2077 385 2131 ti
408 2115 421 2127 .
446 2077 640 2130 Amen.

332 2165 485 2220 Dicat
518 2166 701 2224 Presb.
734 2167 987 2223 Dominus
1012 2168 1083 2224 sit
1106 2184 1321 2238 semper
1343 2170 1640 2224 vobiscum.
1688 2168 1724 2231 t2
1746 2210 1759 2224 .
1795 2168 1858 2223 Et

256 2272 403 2311 cum.

352 2349 675 2419 Principium
707 2352 890 2408 Sancti
920 2351 1185 2423 Evangelii
1211 2352 1487 2407 secundum
1511 2351 1766 2405 Marcum.

886 2422 952 2493 (τι
985 2421 1111 2493 Cap.
1138 2421 1229 2493 ι).

324 2535 541 2589 Initium
572 2544 595 2571 θ
622 2536 800 2591 Sancti
846 2535 1115 2606 Evangelii
1159 2537 1286 2592 Jesu
1332 2536 1532 2591 Christi
1576 2535 1664 2588 lilii
1708 2535 1851 2588 Dei:

252 2628 394 2681 sicut
414 2629 676 2698 scriptum
699 2637 783 2683 est
810 2629 861 2682 in
891 2629 1055 2699 Estiya
1089 2630 1367 2698 propheta.
1398 2628 1536 2682 Ecce
1563 2628 1716 2681 mitto
1745 2628 1854 2680 An—

248 2720 429 2786 geium
461 2733 638 2772 meum
665 2729 789 2773 ante
818 2718 1005 2775 faciem
1033 2729 1174 2773 tuam
1210 2735 1225 2774 :
1259 2719 1348 2788 qui
1377 2718 1681 2788 preparabit
1709 2720 1851 2772 viam

252 2819 399 2861 luant
427 2820 555 2863 ante
587 2819 659 2863 te.
691 2808 804 2863 Vox
840 2808 1120 2863 clamantis
1165 2810 1214 2862 in
1258 2808 1473 2862 deserto
1510 2816 1689 2875 parate
1711 2809 1850 2861 viam

249 2898 485 2955 Domino
521 2919 533 2951 :
568 2909 740 2954 rectas
784 2899 941 2954 facite
988 2903 1204 2955 semitas
1234 2898 1373 2968 ejus.
1419 2896 1541 2952 Fuit
1576 2897 1850 2953 Iohannes

246 2994 305 3046 in
330 2992 551 3047 deserto
578 2994 852 3060 baptizans
885 3009 898 3045 :
931 3002 985 3048 et
1026 2992 1310 3061 predicans
1343 2992 1667 3059 baptismum
1700 2991 1850 3061 peni-

251 3083 418 3135 tentie
452 3084 503 3135 in
554 3084 925 3137 remis~ionem
982 3093 1343 3151 peccatorum.
1388 3082 1453 3136 Et
1479 3083 1849 3152 egrediebatur

246 3171 314 3224 ad
338 3171 486 3225 illum
512 3172 686 3225 omnis
714 3171 880 3225 Judee
911 3174 1059 3238 regio
1089 3188 1103 3225 :
1136 3181 1188 3226 et
1217 3171 1611 3226 Hiero~olimite
1636 3173 1846 3226 uniter-

248 3262 294 3314 si
327 3280 341 3314 :
369 3271 423 3316 et
448 3262 854 3329 hiptizabautnr
876 3263 942 3315 ab
965 3262 1053 3314 illo
1076 3262 1127 3316 in
1158 3262 1405 3316 Jordanis
1429 3262 1648 3317 flumine
1678 3277 1691 3315 :
1720 3278 1847 3315 con-

248 3352 461 3406 iitentes
493 3360 708 3419 peccata
743 3367 859 3406 sua.
894 3352 960 3406 Et
986 3363 1099 3406 erat
1137 3353 1413 3408 Johaunes
1453 3356 1675 3409 vestitus
1705 3355 1846 3423 pillis

243 3444 444 3514 cameli
476 3464 489 3499 :
521 3455 574 3498 et
612 3459 744 3499 zona
778 3444 987 3515 pellicia
1019 3446 1162 3500 circa
1203 3445 1409 3499 lumbos
1435 3446 1570 3513 ejus.
1603 3447 1666 3499 Et
1698 3446 1845 3499 locn-

243 3546 357 3589 stas
392 3545 449 3589 et
478 3536 585 3589 mel
614 3536 866 3590 silvestre
903 3539 1097 3590 edebat
1148 3553 1162 3591 :
1209 3547 1263 3591 et
1305 3537 1611 3606 predicabat
1640 3538 1841 3591 dicens.

249 3627 407 3680 Venit
434 3626 619 3681 fortior
650 3642 738 3682 me
784 3637 901 3695 post
938 3643 1023 3682 me
1077 3648 1091 3684 :
1135 3629 1287 3698 cujus
1337 3643 1442 3683 non
1496 3646 1612 3682 sum
1653 3630 1845 3699 dignus

249 3720 604 3786 procumbens
632 3721 843 3775 solvere
870 3720 1153 3791 corrigiam
1194 3721 1664 3776 calciariientorum
1702 3721 1840 3791 ejus.

250 3808 271 3847 ί
308 3811 417 3879 Ego
450 3810 661 3879 baptizo
687 3827 778 3864 vos
811 3812 864 3865 in
897 3826 1031 3881 aqua
1072 3828 1085 3864 :
1134 3811 1222 3866 ille
1262 3827 1389 3865 vero
1426 3811 1715 3881 baptizabit
1746 3827 1844 3867 vos

246 3906 299 3959 in
326 3906 528 3973 Spiritu
553 3904 772 3961 Sancto.

326 3997 367 4063 ἢ
389 4038 406 4053 .
438 4002 629 4051 Amen.

318 4092 471 4143 Dicat
501 4088 683 4144 Presb.
715 4089 767 4143 in
808 4090 1030 4143 medium
1060 4090 1273 4143 Altaris.
1307 4089 1567 4143 Dominus
1596 4087 1668 4143 sit
1692 4102 1839 4143 sem-

246 4197 342 4252 per
366 4184 666 4237 vobiscum.
710 4183 747 4251 ii
769 4222 783 4235 .
819 4185 1022 4236 Etcum
1047 4184 1256 4252 spiritu.

320 4272 474 4326 Dicat
493 4270 693 4327 Chorus
714 4283 737 4320 ις
754 4272 955 4326 Lauda.
980 4272 1223 4340 Alleluia.
1248 4272 1281 4340 ᾗ
1306 4310 1322 4325 .
1338 4272 1528 4327 Venite
1547 4275 1844 4328 exaltemus

245 4367 301 4422 in
331 4367 559 4423 Domino
580 4366 869 4437 jubilemus
909 4366 1017 4421 Deo
1046 4366 1301 4421 salvatori
1343 4376 1526 4420 nostro
1555 4367 1787 4435 alleluia.

322 4511 350 4538 ι
382 4504 523 4557 Nam
577 4502 936 4557 ministerium.
982 4499 1077 4553 Est
1125 4501 1348 4554 fortasse
1383 4515 1538 4554 error
1577 4511 1670 4553 aut
1698 4515 1843 4554 ama-

250 4578 498 4635 nuensis.
531 4583 621 4627 aut
670 4572 986 4644 typographi
1017 4589 1030 4625 :
1064 4588 1182 4624 nam
1219 4571 1439 4640 Vulgata
1461 4615 1486 4644 ,_
1527 4571 1737 4638 Syriae.
1788 4581 1841 4624 et

250 4647 428 4699 Graec.
459 4642 757 4714 mysterium
802 4642 1020 4706 habent,
1052 4652 1103 4695 et
1146 4644 1214 4695 ita
1266 4642 1578 4708 Primasius,
1614 4652 1838 4714 sanctus

250 4713 690 4781 Chrysostomus,
722 4724 775 4767 et
796 4715 1063 4781 interpres
1088 4722 1327 4767 vetustus
1354 4714 1452 4765 sub
1481 4713 1695 4765 nomine
1718 4727 1841 4765 san-

251 4788 319 4840 cti
354 4785 645 4847 Ambrosii,
682 4789 884 4854 legunt.

320 4855 349 4894 δ
378 4854 549 4908 Μὶιιε(
582 4856 697 4907 illos
736 4851 876 4907 'ileus
918 4854 970 4905 in
1007 4854 1354 4922 operationem
1399 4855 1606 4907 erroris.
1658 4851 1838 4920 Vulg“

254 4926 430 4980 Graec.
486 4935 540 4977 et
588 4923 917 4978 Priinasins:
964 4923 1119 4976 Μὶιιὶι
1170 4925 1274 4977 illis
1327 4924 1459 4976 Deus
1498 4924 1839 4993 operationem

253 4998 467 5059 erroris,
498 5005 550 5046 nt
578 5000 789 5047 credant
816 4995 1099 5047 mendacio.
1137 4994 1402 5060 interpres
1424 4996 1561 5061 apml
1593 5003 1837 5047 sanctum

254 5065 602 5121 Ambrosium
629 5066 753 5132 legit
777 5082 792 5118 :
817 5064 882 5135 η
913 5064 1008 5117 hoc
1032 5075 1086 5117 ut
1110 5069 1318 5118 credant
1344 5066 1627 5118 mendacio.
1655 5064 1840 5135 Syria-

254 5153 314 5191 ca
347 5154 363 5191 :
399 5136 646 5189 Immittet
675 5136 779 5189 illis
803 5133 942 5188 Deus
971 5136 1259 5203 efﬁcaciam
1287 5135 1614 5189 seductionis.

329 5219 352 5247 ε
383 5208 537 5274 Quod
565 5206 771 5278 elegerit
801 5223 903 5278 gnos
945 5206 1102 5278 Deus:
1140 5207 1204 5259 Et
1234 5207 1367 5278 infra
1403 5224 1416 5258 :
1460 5204 1527 5258 In
1555 5222 1657 5273 qua
1688 5213 1733 5258 et
1760 5220 1843 5257 vo-

258 5280 390 5332 cavit
428 5293 544 5331 nos.
581 5275 756 5344 Vtilg.,
788 5277 909 5347 Syr.
957 5290 1011 5331 et
1060 5275 1231 5330 Gneo.
1278 5277 1473 5329 habent
1515 5292 1620 5338 vos,
1663 5286 1715 5329 et
1748 5278 1840 5337 itt.

260 5361 406 5419 puto.
440 5361 524 5401 est
552 5348 853 5416 legendum.
1427 5366 1436 5378 ο

328 5420 354 5456 ⁸³
390 5418 520 5473 Cap.
553 5418 603 5470 Ι.
632 5420 789 5472 ‘Vers.
824 5420 949 5473 1-8.

431 5438 520 5472 an.
553 5420 603 5470 Ι.
632 5420 789 5472 ‘Vers.
824 5420 949 5472 1-8.

331 5438 354 5456 ¹¹
390 5438 520 5484 Lap.
553 5438 603 5470 1.
646 5438 789 5472 VCI'S-
824 5438 949 5473 1⁸6.

331 5500 357 5527 ⁸
392 5491 591 5545 Sancti.
628 5489 785 5543 Deest
822 5490 994 5553 γυιαη
1027 5486 1201 5559 ϐιαιο.
1222 5497 1276 5541 et
1296 5488 1416 5559 Syr.

331 5562 353 5600 τ
394 5562 503 5634 Ego
522 5562 722 5628 baptizo
745 5561 910 5634 posin
936 5575 1094 5634 aqua_,
1120 5557 1350 5634 ille‘vero
1373 5557 1645 5625 baptisabil
1680 5573 1780 5634 vos
1794 5558 1850 5634 in

263 5628 462 5701 Spiritu
500 5641 701 5684 sancto.
751 5629 1011 5697 Vulgata:
1044 5628 1155 5698 Ego
1204 5630 1404 5700 bnptiso
1434 5645 1533 5701 quos
1562 5644 1724 5701 aqua,
1763 5628 1851 5701 ille

261 5697 373 5758 iero
416 5702 692 5771 baptisabit
720 5716 807 5755 vos
847 5700 1045 5767 Spiritu
1088 5697 1283 5754 sancto.
1325 5700 1529 5771 Syriae.
1565 5716 1578 5771 :
1612 5697 1719 5766 Ego
1763 5699 1854 5771 ιιι(-

264 5786 398 5844 ptrsn
425 5769 509 5844 nos
539 5789 695 5841 aqua,
713 5772 824 5844 _ille
852 5787 969 5844 vero
1016 5771 1289 5844 baptizobit
1320 5769 1405 5824 vos
1431 5770 1632 5844 Spiritu
1661 5769 1852 5844 sancti-

269 5850 400 5897 tatis.
430 5840 600 5897 ϐιαία
636 5858 651 5897 :
701 5840 812 5911 Ego
840 5841 1045 5909 quidem
1082 5842 1331 5911 baptizavi
1358 5857 1444 5894 vos
1486 5842 1537 5891 in
1565 5856 1732 5907 aqua,
1768 5840 1854 5890 ille

1960 1992 2059 2045 dus
2088 1990 2356 2044 inimicus.

2044 2081 2082 2147 ﬁ
2106 2123 2118 2134 .
2150 2082 2344 2135 Amen.

2028 2170 2155 2223 Post
2178 2172 2403 2224 nomina.
2433 2169 2631 2223 Oratio.
2656 2167 3010 2235 Omnipotens
3030 2162 3357 2233 sempiterno
3378 2162 3544 2218 Deus:

1958 2262 2192 2317 ﬁdelium
2225 2263 2399 2317 lumen
2433 2278 2445 2314 :
2478 2271 2653 2315 rector
2682 2262 2979 2313 animarum
3008 2273 3022 2311 :
3051 2260 3140 2327 qui
3173 2272 3272 2311 nos
3302 2256 3449 2311 verbi
3473 2260 3547 2311 tui

1957 2355 2323 2409 incarnatiooe
2366 2354 2380 2403 i
2440 2360 2781 2422 preparatum
2824 2349 3045 2404 materie
3088 2347 3321 2418 Virginis
3359 2362 3540 2403 conse-

1955 2458 2094 2497 cras.
2136 2443 2326 2499 Veniat
2355 2458 2646 2511 quesutnus
2674 2456 2837 2507 super
2866 2454 2964 2493 nos
2995 2440 3168 2494 virtus
3206 2439 3441 2508 Spiritus
3472 2439 3546 2493 tui

1955 2537 2135 2589 Sancti
2167 2554 2178 2587 :
2208 2544 2262 2590 et
2291 2534 2655 2589 misericordia
2686 2532 2948 2587 Altissimi
2977 2530 3261 2586 obumbret
3292 2544 3414 2584 nos.

2041 2627 2076 2695 ἢ
2101 2669 2109 2678 .
2138 2628 2329 2681 Amen.

2023 2719 2103 2771 Ad
2126 2735 2325 2788 pacem.
2351 2718 2555 2772 Oratio.
2581 2717 2871 2771 Cltaritatis
2900 2728 2990 2782 lue
3012 2716 3237 2769 Domine
3258 2716 3310 2768 in
3334 2731 3434 2769 nos
3462 2714 3543 2770 di-

1952 2810 2158 2864 stribue
2189 2808 2213 2846 ¹ι
2247 2810 2503 2865 unitatem
2535 2825 2552 2865 :
2582 2818 2637 2863 et
2673 2825 2774 2863 una
2809 2808 3068 2876 perpetim
3101 2806 3409 2863 dilectionis
3441 2823 3539 2864 co-

1952 2901 2067 2969 pula
2095 2900 2327 2970 jungat:
2377 2903 2517 2971 quod
2563 2904 2722 2955 unius
2766 2899 2886 2953 fidei
2930 2908 3264 2954 sacramenta
3313 2900 3545 2971 locuple-

1952 3003 2081 3047 tattt.
2115 2998 2308 3049 Amen.

2021 3083 2232 3135 lulatio.
2263 3083 2485 3153 Dignum
2524 3093 2576 3137 et
2610 3082 2812 3151 justum
2843 3091 2925 3136 est
2956 3100 2967 3133 :
3003 3098 3122 3136 vere
3151 3098 3349 3152 equum
3377 3091 3432 3138 et
3458 3099 3545 3139 sa-

1952 3174 2127 3228 lutare
2154 3182 2237 3228 est
2269 3190 2282 3226 :
2317 3190 2414 3229 nos
2445 3183 2493 3225 te
2525 3172 2693 3226 Deum
2732 3181 2973 3226 nostrum
3012 3188 3076 3227 ac
3117 3174 3399 3229 Dominum
3429 3179 3541 3231 col-

1957 3263 2172 3317 laudare
2199 3281 2210 3315 :
2246 3262 2335 3329 qui
2363 3262 2573 3331 pietatis
2604 3271 2691 3314 tne
2716 3263 3137 3330 magnitudinem
3176 3280 3203 3317 a
3234 3274 3415 3320 nostro
3446 3266 3543 3320 hu-

1953 3357 2189 3411 utilitatis
2220 3355 2395 3425 inopia
2431 3355 2449 3392 ι
2482 3354 2741 3409 distulisti
2775 3371 2788 3405 :
2822 3355 2914 3407 sed
2944 3358 3186 3409 errorum
3235 3367 3537 3412 nostrorum

1950 3452 2229 3503 miseratus
2257 3458 2294 3485 ω
2326 3447 2530 3516 piacula
2565 3466 2577 3498 :
2612 3446 2940 3517 unigenitum
2969 3457 3116 3500 tuum
3149 3449 3217 3499 ob
3244 3457 3426 3502 nostre
3456 3449 3539 3502 iti-

1952 3540 2211 3593 lirinitatis
2241 3538 2656 3607 redemptionem
2695 3537 2910 3592 misisti.
2935 3537 3037 3602 Qui
3079 3536 3233 3591 nobis
3260 3537 3365 3591 vite
3396 3549 3539 3593 eter-

1951 3646 2016 3684 ne
2033 3630 2244 3697 ianuam
2276 3630 2599 3698 patefaceret
2636 3648 2647 3683 :
2691 3638 2745 3682 et
2782 3643 2968 3682 omnes
3000 3630 3145 3697 pravi
3181 3628 3478 3686 seductoris
3508 3646 3537 3683 a

1948 3722 2144 3775 nostris
2170 3722 2435 3775 mentibus
2454 3720 2782 3773 dominatum
2822 3718 3136 3774 excluderet
3166 3738 3180 3774 :
3212 3735 3415 3788 nosque
3444 3736 3538 3776 sue

1948 3812 2311 3878 opitulationis
2346 3811 2693 3864 advocatione
2738 3809 2831 3862 tibi
2874 3808 2985 3862 Deo
3023 3821 3205 3864 nostro
3245 3826 3338 3878 per
3368 3813 3537 3866 sancti

1946 3902 2121 3971 operis
2148 3900 2411 3955 exercicia
2445 3899 2833 3953 recitnciiiaret.
2867 3898 2963 3952 Cui
2998 3902 3188 3953 merito
3217 3901 3324 3971 20
3350 3916 3539 3956 omnes

1947 3992 2135 4061 Angeli
2174 3999 2232 4046 et
2273 3990 2587 4059 Arcliangeli
2629 4005 2733 4043 non
2781 3999 2994 4044 cessant
3030 3991 3263 4046 clamare
3300 3994 3539 4061 quotidie

1946 4098 2052 4137 una
2077 4095 2206 4135 voce
2228 4080 2488 4134 dicentes.
2518 4078 2732 4132 Chorus.
2770 4078 3015 4132 Sanctus.

2018 4172 2143 4228 Post
2167 4174 2405 4228 Sanctus.
2433 4172 2621 4225 Veram
2663 4182 2751 4225 lue
2789 4170 3064 4226 Trinitatis
3093 4172 3400 4240 omnipoten
3429 4175 3534 4228 iam

1948 4266 2168 4321 Domine
2187 4264 2532 4319 concinentes
2559 4278 2570 4313 :
2604 4261 2675 4314 tui
2704 4276 2917 4330 semper
2941 4262 3171 4317 nominis
3198 4264 3534 4319 confessione

1949 4358 2208 4427 iocupleta
2243 4373 2256 4412 :
2290 4366 2348 4410 ut
2376 4364 2405 4392 ιι
2432 4354 2570 4426 quod
2603 4354 2697 4408 tibi
2740 4353 3008 4409 Cherubin
3051 4370 3114 4411 ac
3152 4354 3411 4425 Seraphin
3454 4355 3539 4411 in-

1948 4509 2065 4547 ucro
2089 4491 2359 4563 baptizabit
2387 4508 2473 4546 vos
2502 4492 2554 4544 in
2586 4490 2789 4561 Spiritu
2816 4500 3014 4546 sancto.

2024 4573 2048 4606 κ
2081 4564 2278 4619 Lauda.
2309 4564 2454 4616 Psal.
2488 4578 2642 4625 xcrv,
2676 4563 2725 4615 1.

2018 4631 2042 4669 ἰ
2076 4634 2417 4697 Sacri/icium.
2451 4632 2737 4700 Sepboniae
2770 4647 2858 4697 ut;
2891 4640 2946 4688 et
2970 4630 3038 4687 ibi
3070 4631 3293 4703 Vulgata
3327 4649 3341 4688 :
3369 4632 3536 4689 Juxta

1947 4715 2018 4759 est
2044 4705 2156 4757 dies
2184 4703 2413 4755 Domini.

2025 4776 2037 4811 ί
2090 4775 2124 4844 ﬁ
2151 4815 2164 4827 .
2199 4775 2437 4842 SOphon.
2466 4786 2545 4833 tu,
2581 4772 2671 4837 Η,
2709 4771 2795 4826 15.

2023 4849 2034 4898 i
2076 4846 2459 4914 Prwparatum.
2511 4844 2681 4897 Locus
2718 4843 3027 4898 mendosus.
3062 4843 3312 4899 Fortasse
3356 4844 3536 4914 legen-

1946 4919 2072 4970 tium
2104 4935 2117 4970 :
2146 4916 2245 4981 Qui
2274 4931 2364 4967 nos
2405 4913 2552 4967 Verbi
2582 4915 2659 4967 tui
2700 4914 3068 4986 incarnatione.
3096 4931 3159 4979 ac
3200 4927 3349 4986 partu
3379 4913 3537 4970 beata:

1949 4988 2135 5041 Maria:
2187 4986 2397 5055 virginis
2441 4986 2765 5037 consecrasti.
2820 4985 2873 5038 lit
2926 4985 3277 5039 Ambrosiana
3331 4987 3533 5051 Iiturgia

1958 5059 2174 5113 Pamelii
2200 5057 2371 5111 oratio
2400 5072 2552 5127 super
2572 5056 2840 5127 papulum,
2875 5057 3089 5110 ineunte
3120 5057 3206 5109 die
3236 5057 3536 5109 Nativitatis

1957 5128 2185 5192 Domini,
2218 5136 2299 5180 est
2333 5144 2346 5178 :
2390 5126 2545 5187 Deus,
2575 5126 2663 5195 qui
2690 5129 2826 5179 hunc
2858 5128 2991 5178 diem
3019 5127 3417 5178 sacratissimum
3445 5141 3535 5192 per

1956 5201 2356 5251 incarnatiortmt
2395 5194 2544 5249 Verbi
2568 5194 2640 5249 tui
2663 5207 2708 5249 et
2739 5207 2940 5262 partum
2975 5195 3154 5251 Μαῐέιιε
3183 5197 3390 5263 virginis
3413 5213 3533 5247 com

1956 5271 2186 5335 sect'asti,
2211 5272 2277 5320 da
2299 5268 2499 5338 populis
2519 5270 2639 5330 tuis,
2667 5275 2768 5321 etc.
2793 5266 2922 5320 Vide
2938 5266 3146 5338 Missale
3170 5264 3532 5338 GallooGutii.,

1959 5341 2010 5394 iu
2035 5341 2280 5393 oratione
2314 5336 2426 5407 past
2456 5353 2650 5406 pacem.
2682 5340 2767 5391 die
2790 5338 2988 5389 Natalis
3022 5336 3250 5407 Domini.

2031 5410 2054 5446 ιι
2091 5406 2369 5463 Unitatem.
2422 5410 2533 5462 iioc
2570 5418 2652 5461 est
2701 5409 2990 5477 animarum
3031 5406 3351 5459 concordiam
3377 5447 3392 5471 ,
3428 5422 3536 5477 quo

1958 5497 2119 5537 sensu
2147 5483 2350 5535 Seneca
2378 5480 2428 5533 in
2454 5479 2588 5531 libro
2615 5477 2682 5531 de
2707 5476 2819 5528 Vita
2845 5477 3016 5537 beata,
3050 5492 3166 5543 cap.
3200 5477 3251 5541 9,
3288 5477 3421 5530 hanc
3444 5476 3537 5529 vo-

1959 5568 2075 5607 cent
2099 5547 2773 5619 usurpavit,et_etiatulih.
2800 5560 2873 5610 tv,
2898 5562 3014 5619 cap.
3037 5547 3121 5609 l8,
3142 5550 3205 5601 de
3232 5548 3532 5603 Beneficiis.
3569 5559 3583 5566 ‘

2038 5624 2055 5659 ι
2090 5616 2368 5675 Distulisti.
2399 5616 2619 5687 Videtur
2643 5616 2829 5671 deesse
2859 5618 3112 5686 particula
3133 5636 3254 5687 non,
3278 5628 3331 5675 et
3356 5620 3534 5687 legen-

1966 5694 2089 5747 tium
2116 5708 2214 5743 non
2245 5689 2504 5751 distulisti,
2539 5686 2590 5740 id
2614 5697 2819 5741 estnon
2846 5691 3100 5744 amovisti.

2033 5773 2070 5800 τη
2105 5762 2343 5823 Piacula,
2377 5757 2426 5811 id
2457 5768 2538 5811 est
2566 5758 2802 5828 crimina,
2834 5761 3037 5813 delicta.

2035 5842 2061 5870 ιι
2104 5832 2270 5897 Quod.
2309 5830 2448 5900 Lege
2477 5844 2607 5898 quam
