4058 6178
524 335 622 390 143

1225 332 1512 390 MISSALE
1550 333 1819 390 MIXTUM
1858 331 2004 389 SEC.
2048 331 2206 388 REG.
2252 333 2310 387 Β.
2355 332 2620 388 lSlDORl.
2662 363 2729 373 —
2769 332 2944 388 PARS
2986 332 3021 387 1.

3680 332 3783 388 Μαι

520 454 847 511 cessabliter
879 449 1105 519 jubilant
1144 464 1157 499 :
1193 447 1420 514 Spiritus
1446 447 1671 503 Sanctus
1707 461 1802 501 nos
1829 447 1946 515 igne
1978 461 2093 513 per-
2130 450 2169 505 Λ
2214 445 2287 506 ἡ.
2316 444 2493 499 Gloria
2525 444 2577 498 in
2622 445 2847 501 excels’s
2892 446 3024 503 Deo.
3067 445 3283 501 Chorus.
3319 445 3382 500 Et
3412 446 3462 500 in
3495 455 3631 501 terra
3663 461 3786 517 pax.

520 546 749 615 ﬂagrans
782 558 793 591 :
825 540 920 592 hec
943 540 1247 605 incorrupte
1269 538 1462 589 mentis
1495 546 1688 589 statuta
1714 551 1812 590 nos
1837 536 1929 590 tibi
1960 544 1982 571 ιι
2012 536 2097 605 ju-

518 639 649 692 beas
680 632 979 688 concinere.
1025 630 1155 698 Quia
1196 639 1249 684 t'u
1289 645 1347 683 es
1389 628 1643 683 Dominus
1681 642 1741 683 ac
1780 628 2102 697 Redemptor

520 736 752 785 ειετηυε.

592 838 716 894 Post
748 839 930 908 pridie.
958 837 1331 904 Preceptorum
1366 844 1572 889 tuorum
1603 835 1828 889 Domine
1856 837 2104 905 mysteria

520 930 856 986 hrecolentes
881 947 894 981 :
919 928 1200 982 oblationis
1224 928 1380 995 hujus
1403 924 1649 979 libamina
1676 925 2009 979 sanctiﬁcare
2027 926 2107 977 di-

521 1026 700 1094 gneris
733 1042 745 1075 :
774 1032 831 1076 ut
854 1031 941 1078 tue
970 1020 1137 1091 gratie
1175 1019 1596 1072 sanctiﬁcatione
1616 1033 1857 1086 respersa
1883 1034 1899 1070 :
1931 1018 2109 1070 abluat

521 1114 846 1170 sumentium
876 1111 1125 1166 cordibus
1145 1125 1302 1164 omne
1329 1110 1603 1165 delictum.
1657 1108 1692 1176 ti
1715 1148 1728 1161 .
1757 1108 1948 1161 Amen.

593 1228 675 1280 Ad
717 1226 1010 1279 Orationem
1044 1221 1382 1275 Dominicam.

599 1348 833 1400 Oremus.
860 1344 1066 1411 Exurge
1096 1339 1315 1393 Domine
1344 1346 1399 1392 et
1429 1336 1639 1406 prevale
1674 1334 1725 1388 in
1760 1334 1949 1387 virtute
1979 1342 2062 1385 tua
2092 1347 2106 1384 :

520 1448 582 1493 et
618 1438 683 1492 ad
726 1445 961 1490 nostrain
1002 1431 1364 1486 de’fensionem
1407 1428 1576 1482 excita
1622 1422 1907 1494 potentiam
1939 1429 2106 1474 tuam.

530 1529 755 1598 Respice
793 1523 1059 1594 propicius
1100 1519 1265 1574 noswi
1301 1517 1478 1573 cordis
1514 1512 1967 1584 presumptionem
2012 1528 2024 1562 :
2057 1519 2111 1563 et

526 1636 593 1675 ex
616 1620 946 1690 presentium
977 1613 1339 1669 calamitatum
1365 1608 1624 1680 angustiis
1656 1614 1926 1678 paternam
1958 1604 2110 1658 nobis

524 1710 727 1765 exhibe
749 1710 1018 1779 pietatem.

596 1827 753 1881 Pater
784 1832 986 1877 noster.
1020 1818 1171 1872 Dicat
1203 1816 1387 1872 Presb.
1429 1812 1717 1868 llumiliate
1763 1824 1858 1865 vos
1886 1805 2107 1863 henedi-
2140 1806 2187 1866 Β

527 1918 691 1974 ctioni

600 2027 913 2083 Benedictio.
945 2024 1169 2079 Domine
1197 2022 1325 2077 Jesu
1362 2018 1572 2075 Christe
1599 2017 1687 2087 qui
1719 2012 1993 2083 discipulis
2014 2008 2118 2064 tuis

534 2136 679 2175 tuum
707 2121 947 2189 spiritum
989 2117 1213 2171 tribuisti
1243 2133 1255 2168 :
1284 2114 1516 2169 Ecclesie
1543 2121 1631 2165 tue
1654 2108 1928 2163 Catholice
1956 2106 2119 2175 ipsius

532 2213 768 2266 muneris
807 2212 945 2264 dona
982 2209 1197 2277 largire.
1257 2207 1329 2274 ἢ.
1376 2208 1567 2259 Amen.
1612 2201 1681 2257 Ut
1717 2200 2016 2271 quicunque
2053 2212 2118 2250 ex

529 2314 667 2368 aqua
704 2307 758 2351 et
786 2296 987 2366 Spiritu
1036 2294 1234 2350 Sancto
1267 2291 1436 2347 renati
1479 2300 1603 2345 sunt
1641 2306 1656 2342 :
1707 2297 1757 2341 te
1786 2300 1998 2353 semper
2028 2285 2118 2337 in-

538 2391 704 2444 duant
743 2389 859 2458 ejus
894 2386 1222 2457 protectione
1253 2383 1462 2438 muniti.
1505 2384 1542 2449 ti
1565 2422 1577 2434 .
1618 2384 1809 2435 Amen.
1842 2376 2121 2432 Reduudet

540 2484 595 2536 in
628 2482 705 2535 eis
750 2480 983 2535 charitas
1020 2476 1207 2532 diiiusa
1247 2492 1342 2545 per
1384 2475 1638 2543 Spiritum
1681 2473 1931 2527 Sanctum
1975 2485 1989 2522 :
2032 2467 2120 2535 qui

532 2574 741 2642 operiat
790 2586 853 2625 ac
899 2579 1112 2641 superet
1172 2566 1561 2622 multitudinem
1625 2571 1983 2633 peccatorum.
2045 2559 2116 2626 ti.

533 2665 725 2718 Amen.

606 2776 753 2828 Dicat
776 2773 954 2828 Presb.
980 2772 1081 2827 Per
1101 2772 1516 2826 misericordiam
1544 2782 1683 2826 tuam
1706 2783 1809 2828 etc.

568 2908 632 2962 IN
669 2919 689 2946 ε
716 2906 956 2963 SANCTI
980 2905 1363 2960 CLEMENTIS
1390 2905 1564 2959 PAPE
1597 2906 1682 2960 ET
1712 2907 2084 2964 MARTYRIS.

989 3018 1068 3071 Ad
1103 3017 1335 3072 Missam.
1363 3017 1387 3055 ἀ
1419 3017 1682 3087 Officium.

608 3112 683 3167 De
721 3111 1260 3179 profundis-clamavi
1295 3110 1360 3164 ad
1401 3122 1452 3166 te
1482 3111 1705 3166 Domine
1747 3112 1978 3181 alleluja.
2023 3112 2121 3165 Do-

537 3204 679 3257 mine
705 3202 892 3258 exaudi
923 3217 1105 3257 vocctn
1134 3217 1304 3255 meam
1353 3203 1561 3271 alleluja
1598 3203 1827 3273 alleloja.
1864 3205 1898 3273 Ῡ
1922 3244 1938 3258 .
1968 3204 2119 3260 Fiant
2148 3177 2194 3239 Ο

534 3308 691 3348 aures
732 3303 819 3348 tue
864 3294 1195 3348 intendentes
1232 3292 1283 3346 in
1323 3309 1506 3348 vocem
1546 3294 1935 3363 deprecationis
1978 3311 2114 3351 mee.

542 3387 605 3441 Ρ.
642 3387 863 3441 Domine
900 3386 1121 3440 exaudi.
1164 3386 1420 3455 i.Gloria
1458 3397 1511 3441 et
1552 3388 1721 3442 honor
1742 3388 1882 3442 Patri
1913 3399 1965 3442 et
1986 3389 2121 3444 Filio

537 3492 594 3538 et
623 3482 842 3552 Spiritui
870 3482 1066 3536 Sancto
1091 3482 1143 3536 in
1166 3481 1346 3536 secula
1387 3481 1682 3536 seculorum
1714 3497 1889 3537 auten.
1920 3481 1983 3538 P.
2020 3484 2122 3537 Do—

537 3573 680 3627 mine
699 3570 911 3626 exaudi.

616 3662 760 3714 Dicat
797 3660 971 3715 Presb.
1004 3661 1104 3716 Per
1132 3661 1309 3715 omnia
1344 3676 1558 3730 semper
1584 3665 1762 3719 secula
1799 3664 2118 3721 seculorum.

614 3892 640 3922 ι
670 3883 878 3962 Iubeas.
913 3885 1093 3962 Lege;
1129 3886 1197 3941 Ut
1224 3902 1338 3962 (Luce
1365 3887 1455 3962 tibi
1483 3888 1744 3944 cherubim
1782 3908 1844 3945 ac
1872 3894 2128 3962 seraphin:

539 3955 904 4034 incessabiliter
925 4028 934 4034 _
950 3956 1198 4034 jubilant,
1232 3955 1461 4022 Spiritus
1506 3971 1712 4034 sanctus
1741 3980 1833 4017 nos
1870 3980 1964 4017 suo
1987 3955 2128 4034 'igne

543 4027 883 4105 perﬂagraus,
916 4027 1024 4080 hare
1045 4028 1355 4098 incorrupti:
1377 4033 1556 4087 mentis
1581 4042 1768 4086 statuta
1798 4051 1891 4088 nos
1914 4034 2002 4087 tibi
2024 4027 2127 4105 Ju-

542 4100 652 4150 bcat
681 4099 971 4160 concinere,
996 4108 1100 4153 etc.

614 4186 642 4225 1’
673 4186 990 4242 Recolentes.
1028 4188 1178 4243 Adde
1200 4206 1508 4259 quwsumus.

619 4289 642 4317 ε
674 4278 852 4335 Sancti
874 4279 1146 4351 Clementis
1172 4278 1334 4349 Papa:
1360 4290 1406 4334 et
1440 4279 1711 4351 Martyris.
1741 4283 1965 4335 Sanctus
2008 4283 2125 4337 Cle-

2207 546 2365 587 totum

2275 646 2471 700 lterum
2500 649 2636 703 dicat
2662 649 2841 703 Presb.
2874 650 2976 704 Per
3004 651 3180 704 omnia
3212 666 3425 721 semper
3446 653 3646 709 secala.

2279 754 2481 811 Oratio.
2510 758 2691 813 Gloria
2721 768 2899 812 nostra
2941 759 3082 813 Deus
3113 770 3295 814 noster
3326 778 3338 813 :
3372 764 3456 829 qui
3490 763 3539 815 in
3567 765 3696 819 celis
3726 770 3798 821 at)

2208 851 2427 919 Angelis
2468 851 2853 905 demonstraris
2884 870 2895 904 :
2925 864 2978 906 et
3019 855 3067 905 in
3101 864 3410 920 perpetuum
3441 856 3742 911 decantaris
3775 875 3791 911 :

2208 939 2292 993 hic
2331 939 2556 995 fideliter
2591 956 2655 994 ac
2698 943 2997 998 solenniter
3037 945 3328 1012 predicaris
3370 966 3384 1000 :
3428 957 3600 1015 presta
3640 950 3796 1005 nobis

2208 1032 2532 1097 amplissima
2566 1037 2758 1100 pietate
2791 1043 2875 1086 tua
2916 1048 2945 1086 a
2979 1035 3131 1088 malis
3161 1037 3392 1102 propriis
3431 1038 3643 1093 liberari
3684 1057 3699 1093 :
3739 1049 3800 1096 et

2210 1135 2426 1188 semper
2470 1121 2522 1174 in
2566 1123 2669 1177 tuis
2716 1123 2959 1177 laudibus
2993 1126 3232 1195 gloriari.
3280 1126 3355 1194 ἡ.
3394 1129 3583 1183 Amen.

2284 1209 2434 1264 Dicat
2460 1210 2639 1266 Presb.
2670 1213 2770 1267 Per
2790 1214 3206 1269 misericordiam
3231 1229 3371 1270 tuam
3393 1226 3496 1272 etc.
3523 1228 3704 1274 totum.

2302 1341 2477 1398 Lectio
2496 1344 2612 1398 libri
2634 1344 2899 1416 Sapientie
2920 1346 3211 1403 Salomonis
3239 1349 3259 1420 (
3284 1359 3307 1387 ο
3337 1348 3464 1419 Cap.
3499 1348 3683 1421 IIII).

2286 1476 2468 1531 Justus
2508 1479 2549 1531 si
2585 1488 2755 1534 morte
2778 1490 3159 1550 preoccupatus
3191 1482 3348 1536 fuerit
3378 1500 3391 1536 :
3422 1483 3440 1521 ί
3475 1486 3651 1538 anima
3682 1485 3803 1555 ejus

2212 1568 2262 1620 in
2293 1568 2569 1638 refrigerio
2597 1571 2721 1625 erit.
2755 1571 3011 1627 Senectus
3035 1578 3177 1627 enim
3202 1575 3518 1629 venerabilis
3544 1585 3625 1630 est
3648 1591 3665 1630 :
3695 1594 3800 1630 nou

2209 1659 2455 1712 diuturna
2498 1675 2597 1714 nec
2624 1676 2846 1716 numero
2883 1678 3143 1718 annorum
3175 1675 3496 1733 computata.
3523 1666 3648 1719 Cani
3680 1676 3805 1720 sunt

2212 1763 2388 1804 autem
2414 1766 2602 1805 sensus
2625 1752 2854 1807 hominis
2884 1770 2898 1807 :
2937 1764 2992 1809 et
3018 1765 3135 1810 etas
3159 1758 3453 1811 senectutis
3477 1758 3582 1811 vita
3611 1760 3803 1813 imma-

2220 1842 2414 1895 culata.
2452 1842 2673 1897 Placcus
2716 1845 2825 1899 Deo
2866 1846 3032 1901 lactus
3067 1849 3292 1902 dilectus
3325 1867 3338 1901 :
3370 1860 3423 1904 et
3455 1853 3639 1904 vivens
3668 1851 3807 1906 inter

2222 1934 2527 2001 peacatort-s
2565 1938 2854 1990 translatus
2881 1946 2984 1994 est.
3016 1937 3218 2008 Raptus
3248 1950 3330 1995 est
3358 1955 3424 1995 ne
3447 1940 3653 1995 malicia
3684 1959 3805 1995 mu-

2225 2031 2358 2076 taret
2388 2022 2712 2077 intellectum
2737 2023 2851 2096 ejus
2883 2045 2894 2077 :
2929 2039 3021 2081 aut
3051 2043 3117 2082 ne
3138 2028 3280 2081 iictio
3304 2028 3511 2082 malicie
3534 2029 3808 2098 deciperet

2220 2112 2455 2168 animam
2494 2114 2656 2169 illius.
2699 2115 2999 2173 Fascinatio
3028 2120 3172 2173 enim
3203 2120 3521 2187 nugacitatis
3548 2122 3805 2173 obscurat

2223 2204 2359 2258 bona
2402 2222 2415 2257 :
2467 2215 2520 2258 et
2563 2207 2916 2262 inconstantia
2959 2219 2983 2257 ε
3026 2210 3455 2279 concupiscentia
3496 2212 3809 2268 transvertit

2220 2309 2437 2351 sensum
2485 2296 2600 2351 sine
2645 2299 2875 2354 malicia.
2918 2301 3275 2356 Consumatus
3317 2304 3365 2355 itt
3396 2303 3544 2357 brevi
3572 2303 3811 2369 explevit

2228 2392 2469 2455 tempora
2496 2391 2659 2444 multa
2694 2408 2707 2442 :
2753 2391 2941 2458 placita
2980 2393 3123 2447 enim
3154 2401 3270 2446 erat
3300 2393 3409 2446 Deo
3437 2394 3612 2447 anima
3644 2394 3811 2447 illius.

2222 2477 2443 2545 Propter
2470 2480 2571 2535 hoc
2608 2483 2910 2551 properavit
2948 2483 3181 2538 educere
3217 2485 3362 2538 illum
3402 2484 3470 2538 de
3501 2485 3674 2538 medio
3700 2483 3807 2537 ini-

2221 2570 2500 2638 quitatuut.
2526 2571 2709 2641 Populi
2733 2582 2907 2627 autent
2935 2573 3174 2629 videntes
3197 2584 3250 2629 et
3279 2591 3381 2629 non
3405 2574 3761 2644 iutelligentes
3794 2594 3810 2631 :

2224 2675 2321 2715 nec
2349 2673 2607 2730 ponentes
2640 2666 2690 2718 in
2725 2666 3017 2734 precm-diis
3056 2666 3165 2720 suis
3196 2667 3335 2722 talia.
3374 2665 3397 2702 ιι
3428 2667 3685 2732 Quoniam
3712 2668 3815 2721 Ini-

2222 2755 2510 2809 sericordia
2540 2755 2635 2810 Dei
2664 2770 2717 2813 et
2743 2763 2906 2827 gratia
2943 2761 2992 2811 in
3017 2770 3201 2814 sancto
3223 2759 3401 2825 illius;
3440 2771 3497 2813 et
3535 2768 3813 2829 respectus

2224 2844 2276 2896 in
2307 2848 2477 2901 electo
2504 2848 2691 2915 ipsius.
2737 2849 2773 2917 [ἢ
2799 2888 2810 2900 .
2842 2850 3034 2904 Amen.

2295 2974 2444 3029 Dicat
2476 2975 2655 3031 Presb.
2686 2978 2943 3033 Dominus
2968 2980 3031 3034 sit
3063 2993 3278 3050 semper
3302 2978 3599 3034 vobiscum.
3647 2979 3715 3048 ἢ.
3750 2978 3817 3033 Et

2178 3110 2185 3117 .
2222 3081 2343 3121 cum
2376 3068 2584 3138 spiritu.

2302 3179 2319 3219 ί
2354 3178 2653 3236 Psallendo.
2687 3182 2902 3238 Salvum
2944 3197 3029 3238 me
3073 3181 3155 3237 fac
3197 3180 3211 3232 i
3254 3182 3515 3236 Domine:
3555 3180 3813 3250 quoniam

2229 3276 2465 3345 iugi-esse
2494 3283 2619 3327 sunt
2644 3289 2778 3343 aque
2804 3289 2972 3343 usque
2998 3274 3061 3328 ad
3094 3275 3330 3327 animam
3354 3288 3545 3327 meam.
3574 3271 3597 3309 ιι
3641 3273 3675 3342 ᾖ
3720 3273 3815 3325 Iu-

2232 3369 2365 3422 lixus
2386 3382 2503 3421 sum
2528 3369 2579 3419 in
2604 3367 2731 3420 limo
2760 3365 3001 3435 profundi
3034 3373 3089 3420 et
3115 3380 3220 3419 non
3252 3376 3335 3420 est
3364 3365 3656 3419 substantia
3689 3381 3701 3417 :
3730 3380 3820 3419 ve-

2231 3454 2283 3508 rti
2310 3454 2361 3508 in
2392 3454 2722 3509 altitudinem
2754 3455 2918 3509 maris
2959 3471 2974 3510 :
3016 3464 3387 3525 et‘tempestas
3416 3454 3677 3509 demersit
3703 3470 3820 3508 me.

2234 3547 2299 3602 P.
2333 3546 2598 3614 Quoniam
2628 3546 2885 3616 ingreSse.

2306 3660 2451 3714 Dicat
2481 3659 2658 3715 Presb.
2682 3657 2960 3715 Silentium
2992 3658 3168 3715 facite.

2233 3889 2468 3945 ctissime
2498 3889 2635 3943 rexit
2665 3885 2960 3957 (Catalogus
2988 3883 3368 3947 Bucherianus,
3419 3890 3467 3934 et
3493 3879 3823 3957 alter-para-

2234 3944 2401 4032 lag_ns,
2424 3959 2455 4013 Ι
2466 3944 2721 4032 ustiniano
2739 3944 3042 4022 impe'i'atore
3056 3944 3367 4032 contpactus,
3386 3956 3525 4021 apud
3537 3944 3793 4032 Dolland.
3804 3998 3826 4022 ,

2232 4022 2326 4086 μ’]
2351 4022 2567 4099 Α’ρτὶι.).
2602 4030 2677 4081 Eo
2705 4036 2882 4080 autem
2909 4039 3070 4090 anno,
3112 4025 3229 4079 sive
3269 4023 3515 4099 inductus
3540 4022 3829 4082 desiderio

2233 4096 2539 4169 Evangelii,
2595 4102 2905 4169 pecvarias
2950 4104 3177 4169 gentes_,
3218 4096 3580 4169 aposolorum
3633 4108 3825 4164 more,

2230 4164 2636 4231 dissefniuandi,
2669 4166 2782 4221 sive
2826 4175 2884 4219 ut
2931 4165 3095 4234 quieti
3137 4164 3411 4226 Ecclesiae,
3438 4178 3531 4216 sua
3560 4176 3747 4227 causa,
3783 4186 3822 4220 ει

2230 4243 2544 4310 quibusdam
2569 4237 2888 4310 sollicitatus.
2919 4236 3503 4310 prospiceret,‘§ponte_
3521 4236 3835 4310 pontiﬁca-

2232 4302 2341 4363 titttt
2364 4307 2626 4363 abdicatit
2654 4306 2742 4378 (S.
2775 4302 3230 4378 Epiphan.,_ltaf.
3256 4304 3355 4367 37;
3387 4302 3658 4378 [fallar-td”
3684 4314 3829 4378 tam.

2233 4379 2258 4431 Ι
2304 4380 2495 4447 April.,
2526 4390 2571 4432 et
2616 4372 2674 4431 in
2700 4372 2927 4446 propileo
2959 4375 3119 4441 Maii;
3154 4372 3346 4447 rane.
3381 4373 3721 4447 Dianchinus,
3759 4377 3834 4430 in

2233 4443 2584 4513 Anastasium,
2615 4443 2805 4517 ibid.).'
2825 4446 3029 4500 Exinde
3059 4445 3190 4500 nulli
3215 4443 3329 4499 sedi
3355 4444 3584 4517 afﬁxus,
3617 4458 3834 4517 proptr-

2227 4520 2427 4589 gationi
2474 4520 2597 4573 lidei
2637 4514 2852 4573 onmem
2898 4531 3114 4584 operam
3153 4514 3445 4589 impendit,
3488 4528 3714 4589 eamque
3743 4516 3838 4569 ob

2227 4582 2443 4644 causam
2494 4591 2724 4656 primunt
2773 4582 3073 4656 relegatus,
3132 4582 3348 4656 demunt
3384 4582 3833 4656 tertior’l‘rajani

2229 4675 2372 4728 anno
2400 4653 2600 4728 martyr
2622 4659 2870 4713 occubuit
2891 4653 3622 4728 '(Cataloquapudpotauit"
3654 4653 3835 4721 ibid..-

2227 4727 2324 4783 Fr.
2354 4723 2688 4795 Blanc/iinus,
2721 4730 2879 4791 ibid.;
2909 4723 3129 4790 Eusebf,
3165 4723 3309 4780 Hist.
3347 4724 3492 4795 Eccl.
3523 4724 3613 4795 l_ib.
3648 4738 3745 4795 ut,
3768 4743 3837 4779 ιε.

2228 4802 2329 4864 54;
2378 4799 2439 4854 S.
2474 4791 2716 4865 Ηὶετοηζ,
2763 4803 2827 4852 de
2864 4796 2973 4851 Vir.
3021 4798 3237 4863 illustr.,
3283 4811 3333 4850 ο.
3381 4792 3470 4859 15,
3513 4791 3660 4848 Edit.
3703 4793 3841 4850 Ve-

2225 4887 2402 4924 reneri.
2417 4887 2452 4924 I.
3467 4888 3471 4895 '

2297 4870 2630 5008 ἱιιωδίἦὶείαηι.
2664 4938 2806 4993 Psal.
2835 4952 3016 5008 cxxtx,
3054 4939 3105 4991 i.

2301 5019 2324 5048 ε
2359 5007 2485 5078 Cap.
2520 5007 2627 5062 IV.
2665 5009 2818 5063 Vers.
2850 5007 2989 5061 7-15.

2304 5099 2325 5222 fi
2353 5102 2540 5154 Anima
2583 5104 2717 5172 ejus.
2765 5099 2892 5154 llaec
2919 5102 3077 5155 verba
3108 5098 3301 5154 desunt
3344 5098 3396 5152 in
3437 5096 3611 5152 Graec.
3660 5105 3720 5151 et
3769 5101 3846 5157 in

2304 5185 2471 5222 inata.

2231 5171 2795 5309 vugglj'bftcupiscentia.
2828 5239 3003 5296 Graec.
3052 5250 3106 5297 et
3154 5238 3333 5307 Vulg.,
3364 5236 3847 5306 concupiscentia.

2298 5330 2326 5369 δ
2357 5332 2634 5399 Quoniam.
2660 5331 2862 5385 Sensus
2882 5330 3049 5396 idem,
3086 5332 3179 5385 sed
3208 5331 3491 5384 verboiunt
3527 5327 3854 5399 dispositio

2228 5398 2437 5458 diversa
2460 5413 2543 5458 est
2590 5405 2641 5455 in
2671 5402 2845 5455 Graec.
2874 5411 2929 5455 et
2956 5401 3198 5471 Vulgata,
3225 5400 3277 5453 in
3302 5402 3496 5468 quibus
3534 5398 3588 5450 in
3617 5412 3856 5455 sanctas

2229 5478 2340 5545 ejus
2360 5482 2406 5526 et
2429 5475 2481 5525 in
2509 5472 2678 5525 electis
2706 5473 2818 5536 eius
2844 5471 3054 5541 legitur.

2306 5544 2321 5581 ί
2358 5542 2663 5595 Psallendo.
2695 5542 2839 5595 Psal.
2869 5556 3051 5595 vaut.
3087 5541 3110 5594 1

2306 5565 2321 5581 ⁸
2358 5565 2663 5595 ι’δαιιεηαυ.
2695 5565 2839 5595 ruat.
2869 5565 3051 5603 LXVIII,
3087 5565 3138 5594 Ἰι

2303 5615 2317 5665 i
2370 5613 2604 5677 Domine,
2630 5612 2869 5682 quoniam
2891 5614 3131 5680 ingressa?
3149 5621 3265 5665 sunt
3292 5624 3457 5677 aqum.
3483 5603 3649 5674 LXX,
3689 5605 3854 5670 Ital.

2232 5696 2283 5739 et
2317 5686 2467 5753 Vulg.
2498 5702 2510 5737 :
2547 5684 2703 5746 Deus,
2732 5684 2971 5749 quoniam
2994 5684 3308 5736 intrauerunt
3333 5695 3500 5749 aqum.

2301 5754 2326 5792 κ
2375 5756 2445 5825 ᾖ.
2478 5754 2617 5810 Psal.
2653 5767 2833 5819 mut,
2862 5755 2916 5819 5,
2950 5754 3003 5805 4.

544 4363 717 4419 mens,
752 4353 920 4418 patria
969 4349 1239 4419 Romanus
1285 4354 1301 4419 (
1329 4350 1476 4403 Librr
1507 4349 1854 4419 Ponti/iratis,
1886 4354 2121 4407 Sacram.

540 4419 605 4474 S.
653 4417 872 4501 Leonis,
922 4420 989 4501 ad
1126 4417 1310 4501 Dec),
1341 4421 1462 4474 lidei
1502 4417 1771 4501 mysteriis
1818 4420 2124 4501 fortasse‘a
2158 4446 2203 4501 ο

541 4499 735 4561 sancto
756 4488 992 4561 Dalmatia
1017 4486 1390 4561 (LeoOst'ienn
1424 4507 1485 4544 ea;
1511 4486 1672 4556 Actis,
1694 4496 1832 4561 apud
1854 4490 2123 4558 Bolland.,

543 4572 667 4629 tam.
712 4556 777 4610 ΙΙ
808 4555 1108 4629 Μανιίἱίρ.
1142 4560 1253 4629 ib),
1291 4573 1437 4615 certe
1472 4564 1537 4615 ab
1585 4555 1859 4628 apustolis,
1895 4555 2126 4617 imbutus

570 4628 819 4693 Irenazus,
865 4628 954 4680 lib.
986 4628 1064 4692 ttt,
1108 4645 1155 4682 c.
1187 4628 1265 4696 ὃ),
1291 4646 1320 4683 a
1350 4640 1535 4684 sancto
1563 4630 1720 4687 Petro
1768 4633 2025 4687 Caesareae
2074 4637 2124 4687 in

568 4698 1153 4779 ‘alatstinabaptizatus
1180 4698 1314 4779 (Leo
1347 4700 1565 4766 Ostien.,
1599 4701 1775 4779 i_bid_.),
1812 4704 1974 4779 Paulo
2000 4717 2128 4772 apo-

544 4772 966 4841 stoiocomitetn
998 4772 1506 4841 peregrinationum,
1536 4783 1589 4826 et
1613 4775 1665 4827 in
1697 4774 1968 4840 Evangelii
1994 4788 2127 4841 pra:-

542 4840 811 4912 dicatione
841 4840 1152 4912 adjutorem
1193 4856 1252 4894 se
1299 4840 1542 4912 adiunxit
1587 4842 1809 4912 (Philip.
1844 4858 1914 4904 tv,
1945 4840 2011 4908 5;
2062 4844 2122 4898 S.

542 4910 721 4975 Hien,
749 4910 811 4981 de
841 4907 980 4981 V_iris
1010 4909 1225 4975 illustr.,
1254 4926 1299 4962 c.
1333 4907 1432 4977 f5;
1459 4907 1879 4981 Chrysostomus,
1912 4912 1938 4965 Ι
1963 4912 2123 4979 Tim.,

542 4983 598 5034 in
629 4979 830 5050 prati).
866 4977 1089 5051 Romam
1144 4982 1307 5051 redu}
1327 5022 1340 5043 ,
1374 4996 1403 5032 a
1451 4977 1634 5037 sancto
1662 4984 1820 5037 Petro
1848 4977 2127 5051 episcopus

544 5047 823 5107 ordinatus
853 5058 935 5103 est
955 5047 1144 5117 (Tert,
1178 5052 1240 5102 de
1266 5049 1561 5120 Prwscrip.,
1593 5067 1640 5106 c.
1672 5052 1788 5120 δὲ),
1815 5047 1899 5107 die
1931 5053 1974 5106 Χ
2006 5047 2122 5107 Kal.

546 5121 887 5184 Februarias,
919 5135 1023 5187 quo
1049 5120 1173 5174 olim
1207 5122 1465 5174 lestivitas
1494 5122 1775 5175 Cathedrze
1806 5125 1975 5177 sancti
1998 5125 2126 5178 Cle-

548 5196 745 5247 mentis
792 5190 1158 5262 celebrabatur
1193 5190 1317 5259 (Leo
1367 5189 1585 5257 Ostiam,
1614 5190 1790 5262 ibid.).
1838 5194 1963 5248 Post
2000 5207 2126 5261 apo-

550 5264 804 5316 stolorum
825 5260 967 5315 Petri
982 5269 1039 5314 et
1057 5260 1202 5315 Pauli
1221 5263 1529 5331 martyrium
1552 5274 1604 5315 et
1625 5260 1837 5315 brevem
1863 5263 1979 5317 Lini
2000 5260 2129 5330 pon-

554 5331 827 5401 tiﬁcatum,
862 5330 1107 5385 Clemens
1136 5330 1387 5385 summam
1416 5333 1602 5401 recepit
1635 5331 1862 5386 Civitatis
1911 5334 2129 5401 prapriie

549 5400 872 5469 dignitatem,
900 5411 1021 5456 cuin
1062 5417 1203 5456 anno
1244 5403 1439 5457 Christi
1463 5400 1553 5466 (:8,
1585 5402 1843 5456 Tracltalo
1865 5413 1919 5457 et
1949 5404 2128 5458 Italico

549 5468 688 5544 caus.)
720 5468 1009 5544 Romanam
1050 5472 1935 5544 Ecclesiumregendamsusceipit
1976 5474 2125 5544 (Sac.

644 5538 858 5612 Leonis,
876 5541 1028 5612 ibid.;
1053 5542 1333 5612 Calalogus
1358 5538 1631 5609 Eucherii;
1668 5542 1815 5597 Liber
1842 5538 2129 5610 Ponti/ica-

550 5610 645 5674 lis;
669 5607 1011 5683 Blanchinus,
1042 5614 1094 5663 in
1133 5607 1467 5683 Clll'DltOlOg.,
1499 5614 1567 5666 ad
1596 5607 1683 5667 an.
1717 5614 1806 5680 67,
1836 5624 1881 5668 et
1909 5616 1959 5667 in
1998 5607 2128 5667 uotis

551 5683 619 5733 ad
644 5682 1161 5754 Anas_tasiunt,_tam_._
1203 5681 1285 5743 ll,
1319 5701 1369 5754 μ.
1395 5681 1491 5746 ‘27,
1534 5695 1581 5737 et
1614 5686 1700 5747 51,
1735 5684 1845 5751 55),
1876 5700 2032 5754 quam
2064 5685 2130 5739 ad

551 5766 747 5807 annum
772 5749 966 5803 Christi
999 5750 1087 5817 76,
1129 5751 1449 5818 Vespasiano
1472 5769 1540 5820 vit
1564 5764 1617 5811 et
1640 5754 1760 5810 Tito
1790 5749 1982 5823 v'cos.,
2012 5772 2132 5813 san-
