4058 6178
314 347 425 403 “5

1032 333 1321 391 MISSALE
1362 332 1636 390 MIXTUM
1677 328 1819 385 SEC.
1869 328 2025 384 ΒΕΘ.
2071 328 2128 381 Β.
2171 324 2435 383 lSlDORl.
2477 354 2545 367 —-
2586 324 2763 381 PARS
2802 322 2839 379 l.

3496 321 3596 377 HG

358 474 384 500 ι
426 457 705 530 Sequentia
742 450 1160 530 Epistolcfauli
1187 450 1417 530 Apostoli
1443 450 1511 503 ad
1537 447 1876 503 Timotheum.
1941 454 1990 511 Α
2018 458 2158 497 eam.
2208 444 2272 496 Et
2298 444 2387 510 qui
2428 441 2542 530 odit
2577 439 2810 493 animam
2855 435 3091 530 suamﬁin
3122 436 3221 530 hoc
3268 436 3467 530 mundo
3499 456 3509 489 :
3542 440 3593 493 in

888 520 1052 591 (1³11,
1082 539 1198 592 cap.
1229 519 1337 591 fl).

387 638 737 695 Charissime.
766 634 1080 689 Confortare
1110 632 1160 685 in
1184 630 1352 703 gratia
1379 625 1481 699 que
1506 637 1589 683 est
1616 629 1669 681 in
1698 625 1915 681 Christo

314 734 445 789 Iesu
477 751 492 785 :
520 745 625 800 que
663 729 853 782 audisti
883 743 912 780 a
946 740 1031 780 me
1057 741 1153 795 per
1182 726 1378 777 multos
1418 733 1601 776 testes.
1632 721 1741 775 Ilec
1770 734 1917 773 eom-

316 827 515 880 tnenda
550 823 797 877 fidelibus
820 817 1123 872 homi‘nibus
1145 815 1233 886 qui
1261 826 1284 853 ο
1316 815 1491 869 idonei
1516 822 1641 867 sunt
1669 832 1681 867 :
1711 824 1765 867 et
1786 813 1916 867 alios

315 919 544 973 docere.
570 915 777 969 [Abora
804 915 939 966 sicut
961 911 1134 965 bonus
1165 907 1322 961 miles
1346 906 1473 961 Jesu
1498 906 1718 960 Christi.
1752 904 1919 959 Nemo

315 1009 559 1063 militans
586 1008 694 1060 Deo
726 1023 739 1056 :
776 1004 1010 1070 implicet
1035 1016 1094 1055 se
1121 999 1355 1069 negociis
1377 997 1708 1053 secularibus
1738 1015 1751 1051 :
1781 1006 1840 1051 ut
1868 998 1918 1052 ei

318 1101 533 1169 placeat
563 1098 649 1151 cui
676 1112 733 1150 se
756 1093 1019 1164 probavit.
1050 1091 1180 1146 Nam
1223 1100 1275 1144 et
1301 1090 1393 1158 qui
1423 1098 1631 1143 certant
1669 1089 1720 1142 in
1750 1102 1919 1157 agone

320 1204 435 1244 nou
465 1198 790 1244 coronantur
822 1203 836 1237 :
868 1185 970 1239 nisi
1011 1183 1241 1253 legitime
1268 1182 1612 1236 certaverint.
1645 1178 1918 1234 Laboran-

320 1293 436 1335 tem
488 1280 774 1350 agricolam
813 1285 1067 1345 :oportet
1107 1274 1337 1342 primum
1382 1274 1450 1327 de
1483 1273 1740 1326 fructibus
1781 1271 1920 1325 acci-

319 1388 476 1441 pere.
512 1372 749 1439 lntellige
777 1385 879 1439 que
908 1369 1067 1423 dico:
1093 1367 1237 1421 dabit
1274 1368 1416 1420 enim
1458 1365 1549 1420 tibi
1578 1364 1836 1419 Dominus
1870 1364 1919 1415 in

317 1465 580 1519 omnibus
602 1462 946 1517 intellectum.
980 1460 1181 1514 Memor
1201 1469 1318 1513 esto
1338 1457 1519 1511 .lesum
1544 1455 1814 1508 Christum
1840 1468 1920 1507 re-

318 1555 637 1611 surrexisse
675 1570 704 1608 a
748 1554 976 1607 mortuis
1005 1566 1070 1606 ex
1116 1550 1323 1605 setitine
1366 1548 1529 1601 Dthiu
1579 1564 1591 1598 :
1630 1546 1921 1599 secundum

322 1647 677 1719 Evangelium
720 1661 898 1701 meum
940 1646 993 1699 in
1024 1660 1129 1713 quo
1169 1644 1353 1697 laboro
1404 1656 1572 1711 usque
1611 1639 1678 1694 ad
1717 1638 1923 1693 vincula

326 1739 352 1777 δ
373 1740 527 1808 quasi
556 1739 690 1792 latro
716 1755 728 1789 :
754 1738 846 1791 sed
876 1736 1095 1790 verbum
1126 1734 1219 1787 Dei
1244 1748 1345 1786 non
1378 1741 1460 1785 est
1479 1731 1773 1799 alligatum.
1801 1728 1925 1784 ldeo

320 1831 510 1885 omnia
556 1827 798 1883 sustineo
831 1838 1043 1895 propter
1070 1825 1266 1879 electos
1306 1822 1327 1877 ξ

323 1931 747 1989 ctmsequantur.
784 1929 809 1957 ο
834 1920 888 1973 ln
919 1918 1136 1972 Christo
1157 1917 1284 1972 .lesu
1318 1915 1542 1968 Domino
1573 1924 1775 1967 nostro.

420 2016 495 2083 ῆι
530 2018 720 2069 Amen.
1810 2014 1837 2022 '

407 2110 512 2178 21
544 2105 692 2159 Dicat
734 2104 911 2158 Presb.
957 2104 1211 2157 Dominus
1256 2102 1326 2155 sit
1369 2114 1582 2168 semper
1612 2097 1917 2153 vobiscum.

346 2200 389 2255 ἂ
413 2240 428 2251 .
454 2199 519 2254 Et
545 2212 687 2253 cum.
744 2186 747 2189 I

449 2311 465 2348 ί
492 2309 665 2364 Lectio
696 2309 878 2366 Sancti
922 2306 1199 2379 Evangelii
1220 2304 1500 2379 secundum
1528 2301 1817 2357 Iohannem

927 2380 977 2449 (Β
1002 2376 1127 2448 Cui).
1156 2376 1271 2431 ΧΗ

409 2475 524 2530 Una
560 2475 768 2528 dierum
815 2471 1073 2525 Dominus
1121 2480 1302 2524 noster
1327 2468 1481 2523 Jesus
1519 2466 1765 2521 Christus
1801 2477 1923 2517 omn

333 2563 666 2619 ascendisset
711 2565 763 2616 in
797 2563 1095 2616 naviculam
1118 2570 1172 2615 et
1195 2560 1440 2627 discipuli
1482 2557 1729 2627 eiuszait
1755 2553 1822 2607 ad
1858 2554 1921 2606 il-

336 2653 919 2709 lusz'l‘ransfretemus
960 2660 1106 2704 trans
1150 2659 1415 2719 stagnum.
1465 2650 1528 2702 Et
1569 2647 1928 2701 a~cenderunt

334 2758 389 2798 et
439 2746 821 2813 navigaverunt
865 2747 916 2796 iu
948 2743 1222 2811 regionem
1256 2741 1645 2795 Gerasenorum
1670 2755 1684 2790 :
1709 2746 1763 2791 et
1803 2752 1924 2792 cum

332 2849 589 2905 egressus
616 2844 761 2887 esset
800 2832 864 2885 ad
893 2842 1089 2886 terram
1116 2849 1128 2884 :
1158 2831 1289 2885 dixit
1319 2830 1595 2899 discipulis
1640 2830 1771 2883 suis.
1812 2827 1925 2882 Nisi

334 2939 565 2993 granum
613 2923 861 2976 frumenti
893 2923 1093 2977 cadens
1141 2923 1190 2975 in
1233 2931 1373 2976 terra
1420 2929 1687 2975 mortuum
1722 2920 1923 2974 fuerit:

338 3018 514 3083 ipsum
544 3018 715 3068 solum
750 3026 949 3069 manet.
974 3016 1031 3070 Si
1060 3025 1237 3069 autem
1272 3026 1536 3069 martuum
1568 3014 1764 3069 fuerit:
1790 3013 1925 3067 mul-

341 3120 454 3161 tum
489 3110 717 3163 fructum
752 3108 923 3163 affert.
954 3108 1053 3174 Qui
1090 3117 1233 3161 amat
1262 3107 1493 3161 animam
1523 3122 1672 3161 suam
1701 3124 1716 3161 :
1744 3108 1929 3175 perdet

416 3273 441 3300 ι
476 3264 775 3332 Sequentia.
800 3263 858 3317 In
892 3262 1089 3316 Missali
1120 3263 1398 3327 Toletauo,
1435 3264 1577 3317 Edit.
1606 3279 1730 3316 anu.
1762 3262 1920 3325 1550.
1954 3263 1999 3325 C

338 3334 501 3387 lectio
533 3338 584 3386 in
634 3335 796 3387 missa
848 3334 1016 3387 sancti
1062 3332 1351 3387 Clementis
1394 3345 1472 3387 est
1511 3348 1573 3385 es
1605 3334 1829 3400 epistola
1861 3334 1925 3385 ad

343 3404 620 3463 llebrzeos,
654 3420 775 3468 cap.
831 3419 949 3466 sttt,
980 3404 1013 3457 9
1041 3422 1054 3458 :
1098 3404 1355 3457 Doctriuis
1390 3404 1620 3473 rariiswet
1656 3406 1933 3473 peregrinis

338 3478 500 3526 mlite
546 3475 771 3538 abduci,
824 3489 991 3537 usque
1045 3475 1109 3527 ad
1175 3490 1313 3528 vers.
1370 3474 1480 3528 f7:
1539 3472 1746 3527 Talibus
1802 3478 1933 3528 enim

340 3546 522 3596 hostiis
549 3555 863 3611 promeretur
895 3544 1186 3613 Deus,qu:e
1213 3561 1313 3597 una
1336 3556 1417 3598 est
1441 3561 1504 3597 ex
1532 3544 1595 3597 iis
1620 3544 1935 3601 lectionibus

345 3630 486 3684 quas
510 3614 561 3665 in
596 3615 753 3667 natali
786 3617 941 3669 unius
969 3615 1295 3670 confessoris
1321 3614 1587 3684 pontilicis
1615 3615 1815 3685 legunt.

419 3686 447 3721 δ
478 3684 605 3739 Cap.
638 3683 725 3738 ll.
760 3685 911 3739 Vers.
946 3686 1095 3739 l-lO.

520 3701 605 3751 ap.
638 3701 725 3738 ιι.
765 3701 911 3739 Vers.
946 3701 1095 3739 1-10.

421 3765 445 3792 ε
475 3752 657 3807 [dauci
686 3766 824 3808 sunt.
856 3756 1028 3809 (inec.
1054 3766 1108 3811 et
1132 3755 1374 3825 Vulgata,
1400 3756 1569 3809 idonei
1597 3765 1765 3821 erunt;
1790 3763 1841 3809 et
1864 3757 1932 3809 ita

344 3827 483 3887 lt-git
511 3836 725 3878 sanctus
747 3827 1082 3880 Ambrosius.

416 3896 445 3932 ⁴
475 3896 634 3961 Quasi
666 3895 813 3948 latro.
849 3897 918 3949 lta
946 3908 1103 3949 vetus
1130 3896 1391 3963 interpres
1422 3901 1559 3948 Inter
1579 3909 1737 3964 opera
1767 3897 1934 3950 sancti

342 3965 644 4036 Ambrosii:
690 3965 926 4035 Syriaca,
966 3970 1303 4035 facinorosos.
1352 3965 1606 4034 Vulgata,
1638 3967 1770 4019 male
1815 3983 1936 4036 ape-

341 4035 577 4111 rans._ln
606 4034 815 4111 Cra-co,
839 4034 1132 4111 κᾳκοῧρσχος.

424 4114 448 4140 ε
494 4102 561 4157 In
600 4104 816 4175 Christo
862 4102 1001 4160 lesu'
1032 4102 1254 4161 Domino
1302 4114 1496 4159 nostra.
1552 4104 1818 4175 Vu'gata:
1872 4107 1936 4161 In

341 4175 553 4229 Christo
582 4174 703 4229 Jesu
734 4191 848 4228 cum
874 4176 1039 4244 gloria
1076 4180 1281 4231 carl-sti.
1329 4177 1398 4228 lla
1438 4177 1595 4230 etiam
1648 4174 1936 4231 Primasius

346 4247 499 4314 legit.
545 4244 762 4316 Syriaca
791 4257 845 4301 et
889 4247 1062 4303 Graec.
1098 4265 1113 4303 :
1142 4246 1209 4301 Iit
1241 4248 1441 4302 Christo
1470 4246 1595 4300 Jcsu
1627 4264 1744 4302 cum
1771 4248 1936 4318 gloria

346 4328 560 4369 ωιετηα.

423 4383 673 4457 (Lectio.
706 4386 761 4441 lu
796 4388 990 4443 Missali
1018 4389 1275 4457 Toletano
1309 4388 1465 4443 lectio
1490 4400 1570 4443 est
1597 4402 1662 4441 ex
1697 4388 1937 4457 Evange-

349 4456 421 4508 Iio
452 4454 692 4528 Joannis,
719 4474 838 4515 can.
864 4475 959 4520 stt,
978 4459 1080 4513 εις
1104 4454 1229 4512 Nisi
1247 4476 1461 4528 granum
1485 4460 1744 4526 frumenti,
1767 4454 1935 4527 usque

348 4528 415 4577 ad
452 4541 593 4581 vers.
622 4527 690 4580 27
717 4545 731 4581 :
768 4528 1142 4597 Honoriﬁcabit
1188 4527 1301 4583 eum
1331 4527 1488 4580 Pater
1509 4546 1681 4591 meus;
1709 4544 1827 4595 qua:
1851 4537 1936 4583 est

2013 535 2173 588 vitam
2211 529 2500 587 eternamll
2527 531 2759 584 inveniet
2811 542 2951 583 eam.
3000 526 3058 583 Si
3101 529 3222 593 quis
3268 528 3397 582 mihi
3442 530 3599 583 mini-

2014 636 2184 680 strat:
2212 639 2296 679 me
2344 632 2596 692 sequatur
2622 639 2633 673 :
2658 629 2712 676 et
2752 619 2841 674 ubi
2874 634 2989 674 sum
3035 634 3166 687 ego:
3200 620 3306 673 i'lic
3342 629 3397 673 et
3442 622 3600 675 mini-

2014 726 2125 772 ster
2150 730 2299 770 meus
2325 718 2444 770 erit.
2464 715 2518 771 Si
2540 713 2659 782 quis
2685 711 2814 765 mihi
2838 710 3250 764 ministraverit:
3273 710 3599 765 honorifica-

2016 808 2094 861 bit
2135 822 2259 861 eum
2294 808 2447 860 Pater
2492 818 2662 858 meus.
2714 802 2881 856 Amen
2908 816 3063 856 amen
3109 802 3228 855 dico
3266 804 3417 855 vobis
3450 820 3461 854 :
3495 817 3601 856 non

2016 911 2098 955 est
2126 916 2313 955 servus
2342 899 2515 966 major
2550 896 2776 950 Domino
2813 908 2931 947 suo.
2962 892 3144 958 Neque
3174 892 3457 959 Apostolus
3489 909 3602 946 ma-

2015 993 2102 1063 ior
2134 1010 2146 1045 :
2173 1008 2239 1047 eo
2268 992 2359 1059 qui
2390 991 2534 1044 misit
2563 990 2737 1043 illum.
2772 986 2830 1042 Si
2861 988 2959 1041 hec
2988 986 3138 1040 scitis
3162 1002 3176 1037 :
3211 986 3349 1039 beati
3378 986 3528 1039 eritis
3556 985 3604 1039 si

2020 1085 2259 1141 feceritis
2284 1098 2369 1137 ea.
2417 1084 2517 1150 Qui
2550 1081 2742 1149 accipit
2771 1079 2786 1117 ί
2817 1081 2895 1134 sic
2927 1093 3085 1147 Quem
3118 1078 3314 1132 misero
3338 1092 3352 1130 :
3379 1091 3465 1131 me
3509 1091 3601 1129 ac-

2020 1178 2172 1245 cipit.
2205 1177 2306 1244 Qui
2353 1185 2531 1228 autem
2578 1188 2663 1226 me
2700 1170 2932 1240 accipit:
2979 1170 3172 1236 accipit
3221 1182 3341 1221 eum
3390 1167 3481 1236 qui
3520 1181 3607 1220 me

2023 1270 2188 1323 misit.
2240 1270 2351 1336 Ego
2379 1282 2495 1320 sunt
2545 1264 2631 1318 via
2666 1280 2679 1316 :
2714 1265 2910 1316 veritas
2960 1268 3015 1315 et
3048 1259 3171 1312 vita.
3206 1257 3305 1323 Qui
3350 1256 3522 1311 credit
3550 1255 3606 1309 iu

2022 1378 2109 1418 me
2145 1378 2159 1416 :
2196 1377 2357 1429 opera
2388 1373 2492 1428 que
2539 1373 2638 1425 ego
2681 1356 2816 1410 facio
2846 1362 2901 1408 et
2946 1355 3057 1422 ipse
3087 1353 3279 1406 faciet:
3312 1359 3366 1405 et
3403 1349 3607 1417 majora

2026 1454 2212 1506 horum
2258 1452 2436 1503 faciet.
2485 1448 2497 1498 i
2536 1448 2599 1501 Et
2646 1446 3002 1513 quodcunque
3042 1443 3254 1512 petierit
3300 1441 3351 1495 in
3394 1440 3608 1495 nomine

2024 1550 2304 1603 tneozhoc
2344 1546 2650 1600 faciamzut
2685 1541 3006 1598 clariﬁcetur
3055 1549 3207 1611 pater
3257 1539 3311 1593 in
3358 1536 3487 1592 filio.
3532 1536 3607 1606 ἡ.

2023 1639 2219 1693 Amen.

2094 1727 2244 1781 Dicat
2273 1726 2449 1780 Prcsb.
2480 1724 2732 1779 Dominus
2754 1724 2823 1778 sit
2850 1736 3061 1791 semper
3090 1720 3386 1777 vobiscum.

1372 1831 1428 1876 ut
1470 1830 1523 1876 et
1560 1821 1659 1890 ipsi
1689 1820 1913 1874 salutem
1949 1818 1995 1877 B
2092 1817 2119 1857 ¹ι
2153 1818 2352 1872 Lauda.
2385 1817 2628 1885 Alleluia.
2678 1818 2711 1885 ᾗ
2737 1856 2749 1869 .
2797 1816 2870 1871 De
2902 1814 3176 1881 profundis
3207 1812 3428 1867 clamavi
3454 1810 3519 1865 ad
3554 1821 3604 1866 te

2026 1911 2285 1965 Domine:
2316 1910 2536 1964 Domine
2556 1908 2747 1963 exaudi
2778 1922 2962 1961 vocem
2995 1920 3186 1961 meam.
3218 1903 3284 1958 P.
3317 1902 3566 1972 Alleluia.

2097 2003 2248 2059 Dicat
2282 2003 2458 2057 Presb.
2482 2003 2742 2071 Adiuvate
2772 2016 2855 2055 me
2885 1998 3095 2054 fratres.

2100 2096 2493 2165 iSacriﬁcium.
2544 2094 2783 2164 Fulgebit
2826 2095 2998 2161 iustus
3040 2093 3179 2146 sicut
3231 2090 3417 2158 splend
3447 2106 3483 2142 ιι·
3523 2088 3611 2141 fir~

2025 2191 2284 2245 mamenti
2310 2206 2323 2242 :
2357 2198 2411 2243 et
2437 2187 2575 2241 sicut
2601 2187 2752 2242 stelle
2782 2187 2880 2240 celi
2924 2185 3117 2240 dantes
3146 2185 3441 2238 claritatem
3474 2179 3609 2234 lucis

2028 2285 2099 2337 ita
2132 2291 2185 2338 et
2219 2282 2395 2352 iustus
2441 2280 2779 2350 splendebit:
2815 2279 2864 2331 itt
2908 2292 3161 2347 perpetua
3212 2277 3499 2331 etcrnitate
3528 2278 3609 2329 ει.

2026 2374 2208 2442 leluia.
2254 2375 2288 2441 ᾗ
2316 2415 2329 2428 .
2364 2373 2608 2441 Fulgebit
2654 2379 2708 2425 et
2756 2380 3005 2439 tauquam
3058 2370 3291 2424 scintille
3337 2369 3389 2423 iu
3433 2371 3613 2423 arudi-

2027 2478 2151 2520 neto
2195 2466 2503 2519 discurrunt
2534 2463 2783 2531 iudicabit
2823 2464 3066 2516 nationes
3097 2480 3110 2515 :
3144 2472 3196 2516 et
3245 2464 3607 2517 dominabitur

2029 2556 2234 2625 populis
2260 2564 2315 2608 et
2342 2555 2582 2623 regnabit
2619 2569 2738 2607 cunt
2770 2553 3014 2606 Domino.
3052 2552 3115 2604 Ρ.
3152 2554 3203 2605 ltt
3240 2562 3510 2622 perpetua.

2098 2645 2249 2700 Dicat
2304 2644 2480 2700 Presb.
2522 2644 2775 2699 Dominus
2817 2646 2889 2698 sit
2932 2657 3145 2711 semper
3193 2646 3485 2698 tobiscutu.
3534 2646 3609 2715 ἡ.

2029 2738 2096 2793 Ει
2125 2752 2268 2791 cum.

2102 2828 2278 2882 Missa.
2312 2826 2802 2882 Clementissimum
2844 2835 2900 2882 et
2939 2826 3344 2883 invictissimum
3375 2825 3606 2895 clipeum

2030 2922 2314 2975 Dominum
2347 2930 2590 2975 nostrum
2620 2919 2801 2973 .lesutu
2832 2920 3103 2974 Christum
3140 2939 3152 2973 :
3184 2920 3374 2975 fratres
3406 2921 3611 2974 charis-

2029 3015 2150 3068 simi
2196 3013 2550 3081 deprecemur
2593 3031 2605 3065 :
2634 3022 2687 3067 ut
2713 3014 3154 3068 convenientibus
3185 3015 3336 3068 nobis
3367 3016 3419 3068 itt
3447 3024 3487 3050 ιιι
3512 3014 3611 3066 hn-

2029 3106 2213 3161 dierna
2242 3105 2535 3161 Clementis
2564 3106 2644 3159 sui
2675 3106 2995 3160 solennitate
3037 3106 3355 3160 clementem
3388 3116 3441 3161 et
3473 3104 3607 3158 iuef~

2102 3259 2130 3299 ιι
2162 3261 2362 3315 Lauda.
2393 3262 2479 3315 Ps.
2508 3277 2733 3325 cum,
2764 3263 2813 3316 1.

2060 3402 2071 3413 ο
2115 3330 2132 3369 ι
2162 3332 2507 3454 δησὲἱρείαηι.
2542 3335 2620 3386 Ex
2660 3334 2896 3396 Daniele,
2930 3348 3024 3403 xu,
3057 3332 3107 3387 5.
3158 3334 3229 3401 y.
3284 3332 3360 3386 Ex
3391 3335 3614 3402 Sapien-

2062 3418 2130 3454 ta.
2164 3418 2244 3454 Ill.
2310 3441 2324 3454 .

2037 3412 2130 3466 tia,
2164 3418 2244 3465 Ill,
2269 3412 2324 3456 7.

2107 3483 2145 3509 ω
2178 3473 2445 3527 Hodierna
2472 3474 2571 3527 die.
2602 3473 2697 3527 Die
2726 3490 2776 3527 ιχ
2811 3473 2927 3528 Kal.
2958 3474 3269 3530 Decembris
3303 3474 3533 3530 celebris
3565 3476 3614 3529 in

2034 3544 2344 3608 Occidente,
2392 3556 2446 3599 et
2488 3554 2727 3599 vetustus
2757 3557 2841 3599 est
2885 3546 3061 3599 cultus
3106 3546 3277 3599 sancti
3322 3544 3616 3601 Clementis

2035 3629 2185 3683 papa:
2211 3623 2266 3667 et
2292 3618 2562 3685 martyris.
2589 3615 2663 3669 De
2692 3631 2757 3669 eo
2784 3618 2883 3670 hac
2904 3616 2989 3668 die
3018 3616 3233 3669 missam
3267 3619 3533 3685 prOpriam
3562 3625 3617 3672 et

2039 3692 2308 3753 proprium
2341 3686 2577 3740 oflieium
2606 3687 2875 3740 celebrant
2903 3685 3336 3753 Gotho-flispani
3360 3705 3372 3751 ;
3402 3689 3617 3741 codem-

2037 3770 2139 3821 que
2182 3756 2268 3807 die
2319 3756 2535 3811 missam
2587 3759 2851 3825 propriam
2896 3758 3055 3811 habet
3093 3759 3143 3810 in
3193 3760 3620 3814 Sacramentariu

2038 3826 2209 3879 Sancti
2255 3825 2479 3894 Leonis,
2510 3826 2561 3880 in
2607 3826 2891 3880 Gelasiano
2943 3837 2999 3881 et
3044 3828 3095 3882 in
3128 3829 3471 3896 Gregorianis
3511 3833 3621 3881 vul-

2039 3896 2194 3959 gatis.
2228 3896 2301 3948 De
2328 3897 2540 3964 eodem,
2573 3898 2660 3950 die
2688 3897 2758 3951 ‘25
2790 3899 3135 3962 Novembris,
3170 3908 3329 3962 agunt
3353 3897 3620 3952 Kalenda-

2040 3968 2175 4037 rjutn
2220 3965 2543 4037 Frontonis,
2608 3968 2930 4034 Capitularia
2983 3969 3430 4037 Evangeliurum,
3480 3971 3617 4035 apud

2040 4034 2345 4103 Georgium,
2394 4036 2463 4091 de
2506 4037 2671 4090 Litur.
2700 4037 2855 4091 llum.
2909 4047 3080 4104 pont.,
3112 4034 3154 4091 ιῖ
3202 4038 3296 4101 lll,
3336 4040 3386 4092 in
3427 4034 3620 4106 appen-

2039 4106 2186 4178 dice;
2216 4115 2417 4178 vetusta
2443 4120 2653 4178 quoque
2673 4108 3039 4178 Martyrologia
3068 4108 3368 4162 Gelouense
3399 4118 3453 4162 et
3484 4111 3615 4163 Cor-

2039 4174 2253 4229 bt-ieuse
2274 4176 2512 4242 Acherii,
2541 4174 2825 4245 utrumque
2857 4174 3322 4231 Antissindorense
3352 4180 3616 4246 lllartenii,

2044 4246 2197 4299 Deda:
2242 4247 2553 4316 genuinum,
2599 4252 2738 4314 apud
2788 4248 3161 4312 Bollandistas,
3211 4257 3343 4303 tom.
3378 4248 3391 4299 Ι
3424 4250 3617 4316 Martii,

2039 4317 2288 4369 collatum
2330 4332 2449 4371 eum
2480 4315 2675 4370 Codice
2720 4315 3014 4372 Veronensi
3054 4332 3084 4371 a
3116 4319 3322 4371 elariss.
3358 4318 3415 4372 Ρ.
3461 4315 3617 4372 Βιειηὲ

2040 4386 2238 4451 chinio,
2287 4388 2339 4441 in
2389 4389 2593 4455 proleg.
2644 4388 2707 4440 ad
2762 4398 2891 4443 tom.
2926 4387 2990 4439 ιν
3038 4387 3339 4454 Anastasii;
3383 4387 3627 4445 Usuardi‘

2040 4457 2250 4511 Sollerii
2280 4457 2576 4511 Romanum
2605 4457 2859 4521 Parvum;
2909 4457 3108 4512 Adonis
3153 4458 3387 4525 Georgii,
3417 4468 3471 4511 et
3515 4459 3621 4512 Ro-

2042 4543 2253 4580 manum
2279 4529 2509 4583 Baronii.
2542 4528 2595 4581 In
2621 4528 2799 4583 Africa
2822 4528 3008 4583 eodem
3032 4530 3119 4583 die
3148 4546 3195 4582 tx
3220 4528 3337 4583 Kal.
3361 4530 3612 4584 Decemb.

347 4610 416 4649 ex
475 4598 537 4649 iis
574 4598 893 4679 iectionibus
921 4605 1054 4670 Quas
1080 4600 1133 4654 in
1177 4600 1339 4653 natali
1380 4598 1537 4655 unius
1580 4602 1831 4671 martyris
1859 4601 1931 4653 le-
1967 4621 2020 4679 Β
2045 4599 2499 4679 [etiivit-as‘san‘cti
2526 4598 2821 4679 Clementis
2850 4599 3174 4679 celebratur,
3222 4608 3371 4679 uter
3409 4609 3622 4655 vetusto

350 4680 482 4735 gere
506 4668 705 4721 solent.

384 4746 453 4816 ηε
482 4736 609 4816 Cap.
643 4736 810 4816 ΧΗ.⁸
837 4738 1020 4794 Lectio
1052 4740 1184 4804 haec,
1214 4742 1458 4816 centenis
1488 4740 1677 4816 instar,
1710 4754 1792 4816 eg
1816 4739 1935 4807 Ριυ-

350 4806 505 4879 ribus
529 4808 840 4879 fragmentis
872 4820 1091 4864 con-uta
1121 4821 1219 4865 est.
1255 4810 1462 4864 lnitiutn
1493 4810 1635 4879 capit
1659 4826 1722 4863 ex
1756 4806 1932 4863 Evan-

352 4877 495 4942 gelio
536 4876 715 4943 Lucae,
746 4894 867 4947 cap.
911 4895 1020 4941 \llf.
1049 4881 1119 4934 25
1152 4898 1165 4934 :
1204 4879 1415 4935 Factum
1453 4891 1526 4933 est
1553 4876 1719 4933 autem
1752 4882 1801 4933 in
1830 4896 1934 4933 una

354 4948 578 5011 dierum,
609 4959 660 5000 et
699 4964 876 5001 statim
922 4952 1221 5005 adnectitur
1250 4954 1546 5004 versiculus
1582 4950 1649 5003 2'7
1690 4951 1930 5016 eiusdem

354 5019 589 5090 capitis:
638 5016 705 5069 Et
755 5035 869 5071 cum
910 5038 1137 5090 egressus
1187 5032 1313 5076 esset
1359 5022 1411 5072 in
1448 5034 1663 5076 terram.
1690 5023 1824 5073 'I'um
1864 5036 1927 5073 ex

355 5085 725 5163 Joanne,4cap.
758 5105 861 5163 stt,
884 5085 975 5154 ἓξ,
1006 5091 1097 5155 95,
1128 5094 1200 5148 26
1232 5111 1246 5148 :
1276 5092 1393 5146 Nisi
1423 5107 1637 5160 granum
1666 5094 1929 5163 frumenti,

359 5168 415 5229 ut
474 5161 629 5210 modo
679 5162 731 5211 in
786 5162 982 5215 Missali
1035 5163 1294 5217 Toletano
1343 5164 1554 5229 legitur.
1613 5161 1813 5214 Deinde
1861 5177 1927 5215 ex

357 5226 581 5293 Joanne,
616 5243 734 5293 cap.
769 5246 881 5290 stu.
920 5234 1118 5297 16,17,
1153 5236 1252 5299 20;
1292 5248 1355 5287 ac
1382 5226 1596 5286 demum
1623 5248 1686 5285 es
1719 5232 1929 5295 eodem,

357 5311 477 5352 cap.
513 5315 597 5352 xv.
628 5300 683 5352 6.
718 5301 806 5352 12.
844 5304 931 5352 1‘5.

357 5311 477 5359 cap.
513 5315 597 5358 xv,
628 5311 683 5363 b’,
718 5311 806 5363 Η,
844 5311 931 5355 1'5.

426 5315 477 5359 p.
513 5315 597 5358 sv,
628 5301 683 5363 6,
718 5301 806 5364 Η,
844 5304 931 5355 1‘5.

430 5365 457 5403 ⁵
489 5367 712 5444 Inveniet
742 5387 872 5425 eam.
897 5374 1051 5427 Joan.
1084 5388 1174 5435 stt,
1198 5371 1287 5425 25.
1306 5372 1483 5441 Vulg.,
1509 5370 1685 5426 Graec.
1713 5380 1766 5427 et
1786 5369 1930 5441 Syr.,

359 5442 575 5490 custodit
601 5454 733 5493 eam.

437 5517 451 5543 ι
484 5507 593 5581 Sic,
620 5527 767 5577 quem
805 5512 1005 5565 misero.
1042 5513 1195 5581 Vulg.
1218 5522 1270 5565 et
1316 5511 1487 5565 Graec.
1522 5528 1535 5564 :
1564 5512 1634 5565 Se
1660 5528 1805 5580 quem
1837 5513 1929 5564 mi-

358 5580 636 5653 ser_o.§yr.
672 5598 684 5630 :
713 5583 949 5653 Quisquis
972 5580 1315 5653 recipitque-nt
1346 5601 1436 5651 ego
1467 5585 1669 5634 misero.

432 5647 448 5698 i
488 5638 927 5722 Et'quod‘cuntiue
941 5638 1161 5722 petierit.
1183 5638 1247 5705 'ln
1276 5638 1446 5707 Grece.
1485 5663 1539 5705 et
1577 5653 1723 5719 εῖν..
1763 5655 1931 5720 quod.

358 5732 554 5793 cunque
594 5718 855 5793 petieritis.
910 5718 1084 5791 Vulg"
1139 5725 1380 5793 petieritis
1437 5718 1660 5774 Patrem.
1705 5718 1932 5776 Sanctus

362 5790 706 5857 Augustinus,
735 5792 787 5845 itt
812 5793 949 5848 hunc
978 5790 1168 5859 locum,
1203 5809 1511 5863 quwcuitqne
1536 5794 1795 5861 petieritis.

2045 4666 2366 4737 Kalendario
2396 4670 2797 4734 Carthaginensi
2835 4668 3094 4737 suspicari
3122 4671 3266 4731 licet,
3300 4670 3350 4722 in
3393 4686 3617 4736 quo.....

2042 4736 2165 4790 Kal.
2203 4737 2437 4791 Deccmb.
2485 4740 2646 4792 sancti
2694 4736 2965 4792 Clcmt'nlis
3024 4740 3234 4807 legitur,
3277 4751 3327 4791 et
3378 4742 3621 4801 quamvis

2038 4822 2254 4861 corrosa
2288 4810 2595 4863 membrana
2625 4808 2901 4862 abstulerit
2929 4810 3030 4863 diei
3061 4820 3260 4869 notam,
3285 4820 3460 4863 tamen
3492 4826 3615 4866 cum

2039 4879 2294 4931 continuo
2320 4890 2638 4942 sequatur...
2670 4876 2795 4933 Kal.
2825 4880 3058 4933 Decemb.
3086 4881 3250 4933 sancti
3276 4880 3617 4949 Chrysogoni,

2039 4963 2195 5022 quem
2228 4952 2521 5022 nonAalium
2546 4965 2702 5022 quam
2734 4963 2973 5003 sanctum
2999 4952 3401 5022 Chrysogonum
3444 4951 3618 5006 Mobil-

2042 5018 2215 5072 lonius
2246 5029 2299 5073 et
2323 5020 2598 5083 Sullerius,
2626 5021 2809 5073 harum
2842 5036 3019 5076 rerum
3055 5018 3228 5087 periti,
3256 5038 3375 5075 esse
3404 5033 3619 5076 conten-

2039 5089 2193 5148 dunt,
2225 5106 2381 5156 quem
2414 5102 2516 5143 tant
2546 5091 2715 5142 Latini
2756 5109 2909 5157 quam
2942 5091 3112 5145 Cra-ci
3150 5108 3237 5145 vttt
3265 5092 3377 5144 Kal.
3407 5091 3621 5145 Decem-

2041 5157 2150 5212 bris
2179 5168 2376 5223 colunt,
2409 5161 2710 5214 vet‘ositttile
2732 5174 2814 5213 est
2832 5174 3072 5215 sanctum
3096 5163 3422 5216 Clementem
3452 5161 3539 5215 die
3563 5178 3615 5217 Ix

2041 5229 2158 5282 Kal.
2196 5229 2471 5284 Decembr.
2515 5230 2913 5298 Carthaginensi
2955 5232 3272 5284 Kalendario
3301 5232 3617 5298 inscriptum

2044 5300 2222 5351 fuisse.
2275 5298 2408 5353 thli
2458 5301 2626 5361 olim,
2677 5302 2897 5354 fortaSSe
2942 5304 3063 5369 quia
3107 5303 3275 5355 nullas
3304 5310 3612 5356 sanctorum

2043 5371 2355 5440 festivitates
2405 5373 2454 5422 itt
2491 5372 2728 5423 Adventu
2769 5373 3131 5440 celebrabant,
3180 5372 3396 5423 missam
3444 5373 3619 5430 sancti

2043 5439 2352 5505 Clementis,
2399 5452 2449 5493 ut
2480 5452 2562 5495 est
2602 5444 2651 5494 iu
2697 5439 3124 5502 Gallo-Gothico,
3168 5443 3303 5494 inter
3332 5457 3425 5494 eas
3455 5460 3615 5508 repo-

2035 5521 2254 5562 suerunt
2278 5526 2393 5578 qure
2420 5512 2487 5564 ab
2507 5523 2688 5564 octava
2723 5510 3026 5577 Epiphaniae
3050 5512 3113 5565 ad
3146 5512 3349 5565 initium
3375 5515 3617 5577 Quadra-

2036 5581 2247 5645 gt-sitnze
2264 5582 2687 5635 celebrabantur.
2714 5578 3084 5633 Kalendarium
3111 5582 3350 5635 Bucherit
3370 5596 3613 5637 sanctum

2037 5650 2360 5703 (lletttentem
2385 5667 2483 5703 IIIDI
2501 5663 2665 5720 tyreut
2691 5665 2787 5699 una
2813 5665 2933 5703 eum
2957 5650 3363 5720 Semproniano,
3392 5654 3618 5706 Claudio

2039 5730 2090 5769 et
2136 5720 2507 5782 Nit-ostrato,v
2559 5721 2632 5773 Id.
2692 5721 3003 5775 Novembris
3052 5733 3454 5776 commemorat.
3506 5724 3615 5777 Sed

2044 5790 2182 5843 hunc
2224 5805 2341 5846 esse
2366 5791 2691 5845 Clementem
2728 5808 2940 5861 ittpam,
2977 5795 3062 5848 alii
3097 5795 3353 5849 incertum
3377 5808 3496 5846 esse
3530 5792 3609 5847 is-
