4058 6178
404 328 506 381 H9

1122 321 1418 378 HISSALE
1457 321 1722 375 MIXTUM
1766 319 1913 376 SEC.
1960 314 2122 370 HEC.
2162 314 2221 368 Β.
2264 315 2531 371 ISIDORI.
2568 347 2637 359 —
2667 316 2843 385 PARS
2885 317 2924 370 1.

3574 318 3677 373 156

396 445 536 497 riale
561 441 950 497 commonitum
980 456 992 492 :
1020 439 1120 493 hoc
1159 438 1403 492 Publium
1427 446 1451 475 ο
1477 436 1823 504 Tarquinium
1864 449 1992 489 con-
2024 435 2070 495 Λ
2098 440 2302 499 septem
2357 448 2465 499 quo
2512 432 2742 487 mundus
2804 432 3035 487 volvitur
3069 431 3184 485 dies
3217 448 3230 484 :
3276 448 3430 486 suum
3480 434 3679 489 invimu

399 542 507 586 stat
533 532 779 597 accipere
821 530 872 584 in
918 543 1233 597 responsum
1261 546 1275 584 :
1302 538 1357 582 ut
1396 544 1517 581 eum
1540 526 1567 566 δ
1595 536 1741 580 trans
1775 534 1992 594 pontum

397 640 553 678 mare
584 624 797 677 mittere
847 636 952 675 non
995 631 1231 674 moretur
1284 620 1337 674 in
1388 621 1588 673 heremi
1623 619 1841 673 crudele
1880 617 1995 672 exi-

398 720 559 771 lium.
592 716 651 770 ln
696 732 805 784 quo
847 729 969 768 cum
998 716 1082 767 vir
1125 713 1337 768 Domini
1374 712 1617 767 Julianus
1645 728 1764 767 eum
1800 710 1994 766 ceteris

397 809 574 863 [tome
606 810 850 877 plebibus
889 809 1230 875 deplorantes
1257 826 1268 861 :
1293 808 1373 861 sui
1419 808 1645 874 pastoris
1696 806 1993 861 absentiam

395 901 747 955 devenissent
772 918 785 951 :
814 910 838 937 ο
865 909 920 953 et
966 907 1183 953 satietas
1216 897 1412 952 ibidem
1451 913 1521 952 ex
1568 898 1821 951 diuturno
1862 907 1995 950 tem-

399 1009 537 1063 pore
576 1007 740 1047 causa
790 992 1025 1046 nominis
1065 989 1264 1044 Christi
1313 990 1377 1042 ad
1429 991 1641 1043 metalla
1672 989 1992 1060 precidenda

399 1086 727 1152 impiissime
768 1093 943 1137 lentos
989 1084 1312 1150 reperissent
1339 1098 1352 1135 :
1378 1081 1516 1135 inter
1545 1082 1658 1133 lues
1687 1094 1918 1134 annosas
1942 1089 1996 1134 et

398 1176 626 1244 penales
656 1189 787 1245 quas
831 1169 1027 1227 ibidem
1071 1174 1367 1226 sustinebat
1405 1172 1689 1240 pernicies.
1736 1172 1885 1225 lluuc
1913 1172 1996 1225 in—

399 1266 758 1319 tullerahilem
811 1264 985 1317 ﬂendo
1022 1272 1077 1317 et
1129 1262 1414 1331 religiendo
1463 1263 1725 1316 dederunt
1774 1278 1996 1329 respon-

396 1372 519 1409 sum
548 1374 562 1411 :
589 1354 616 1393 ἀ
650 1357 738 1424 qui
766 1370 796 1409 a
836 1355 1040 1408 clivoso
1067 1354 1296 1408 miliario
1340 1370 1473 1421 aque
1503 1355 1607 1407 sibi
1648 1355 1996 1422 deportarent

398 1446 886 1501 laboriosissimum
923 1446 1188 1513 poculum.
1237 1444 1315 1497 Ad
1362 1445 1461 1499 hec
1491 1444 1720 1500 Sanctus
1748 1444 1997 1499 Clemens

396 1541 567 1595 solari
609 1537 868 1608 incipiens
902 1554 965 1592 ex
997 1537 1193 1592 divinis
1223 1537 1455 1590 oraculis
1482 1553 1641 1604 grave
1664 1553 1849 1591 eorum
1878 1538 1996 1592 esi-

400 1634 531 1685 lium
561 1634 792 1702 :gratias
815 1646 977 1700 agens
1012 1631 1159 1685 Deo:
1191 1629 1279 1699 qui
1304 1630 1774 1685 communicaverit
1806 1646 1994 1687 ncces-

396 1725 652 1778 sitatibus
674 1741 687 1776 :
713 1724 969 1777 orationis
992 1721 1169 1777 statim
1199 1723 1325 1787 petit
1354 1721 1681 1791 juvaculum.
1715 1722 1823 1777 Nec
1844 1738 1995 1776 mora

2095 524 2303 592 signum
2353 538 2620 592 apparens
2653 525 3045 578 demonstravit
3092 522 3208 592 ejus
3245 523 3428 592 iudicii
3478 525 3677 580 altissi—

2096 631 2240 669 mum
2273 616 2450 670 locum
2485 633 2497 669 :
2524 617 2691 671 nitido
2720 618 3001 685 sarcofago
3028 618 3363 671 tumulatum.
3397 618 3548 684 Quod
3580 620 3682 674 hoc

2095 710 2278 764 divino
2302 710 2453 779 jussu
2497 710 2725 779 prestitit
2754 708 3069 764 bénelicium
3096 727 3110 763 :
3136 718 3191 762 ut
3221 712 3433 764 annuali
3462 727 3681 765 recursu

2096 801 2148 853 in
2189 800 2305 867 ejus
2336 801 2674 854 solemnitate
2700 798 2841 854 hun'c
2871 801 3191 853 elementum
3224 802 3442 867 martyri
3474 800 3682 855 delerat

2096 892 2427 946 famulatum.
2467 895 2512 946 υ
2548 908 2706 961 quam
2765 892 3007 945 mirabile
3054 894 3275 946 testibus
3318 895 3419 946 tuis
3470 894 3684 952 Christe

2095 984 2325 1039 tribuisti
2356 983 2679 1052 adjutorium
2706 999 2721 1035 :
2747 993 2804 1036 ut
2834 982 2965 1036 nihil
3008 983 3108 1036 sibi
3139 983 3280 1051 quod
3312 984 3393 1035 his
3424 999 3526 1037 non
3555 1002 3683 1039 cou-

2098 1075 2281 1129 tuleris
2316 1076 2559 1129 evenisse
2609 1075 2927 1144 applaudeat
2981 1075 3132 1143 plebs
3179 1076 3488 1131 .ludeorum.
3541 1076 3683 1133 Nihil

2098 1170 2322 1225 Domine
2351 1179 2479 1223 aute
2508 1181 2596 1223 tue
2628 1168 3007 1223 incarnationis
3034 1168 3345 1239 mysterium
3376 1186 3388 1221 ε
3425 1167 3513 1221 ulli
3541 1186 3685 1224 utor-

2098 1264 2281 1316 talimn
2335 1262 2612 1331 prestitisli
2655 1263 2914 1315 solacium
2947 1280 2959 1313 :
2988 1279 3142 1329 quem
3194 1277 3295 1314 non
3344 1262 3446 1314 tuis
3489 1264 3688 1316 sanctis

2100 1362 2218 1421 post
2246 1353 2420 1407 crucis
2463 1353 2847 1409 exultationem
2890 1353 3187 1421 prestiteris
3220 1353 3270 1405 in
3301 1355 3686 1407 emolumento.

2098 1445 2252 1500 Unde
2295 1446 2489 1498 merito
2539 1460 2726 1498 omnes
2776 1445 2950 1514 angeli
2990 1452 3045 1497 et
3086 1443 3428 1514 archangeli:
3462 1444 3636 1498 throni
3669 1459 3685 1497 :

2096 1536 2491 1590 dominationes
2525 1553 2536 1588 :
2564 1536 2824 1590 virtutes:
2851 1536 3179 1605 principatus
3206 1553 3218 1588 :
3251 1545 3305 1590 et
3351 1544 3644 1606 potestates
3673 1553 3687 1585 :

2096 1627 2358 1682 cherubin
2390 1642 2452 1682 ac
2475 1628 2722 1694 seraphin
2753 1626 2806 1680 in
2831 1643 3054 1695 quorum
3085 1636 3230 1681 sorte
3268 1627 3442 1681 omnis
3482 1629 3689 1681 consti-

2100 1719 2161 1772 tit
2202 1733 2459 1773 rinmerus
2485 1718 2777 1773 electorum
2804 1734 2817 1771 :
2846 1728 2895 1772 te
2922 1716 3225 1787 gloriﬁcare
3253 1725 3306 1770 et
3339 1716 3683 1786 magniﬁcare

396 1816 551 1868 solus
572 1816 713 1868 inter
740 1816 983 1868 homines
1011 1814 1195 1883 aspicit
1230 1813 1324 1867 Dei
1351 1789 1544 1882 agnum
1575 1813 1832 1867 occultam
1860 1827 1997 1882 aque
2029 1789 2074 1849 Β
2100 1822 2261 1879 atque
2289 1811 2504 1865 laudare
2537 1825 2639 1863 non
2657 1818 2866 1864 cessant
2893 1826 2907 1862 :
2932 1810 3001 1863 ita
3031 1809 3290 1863 dicentes.

398 1921 593 1960 venam
636 1915 660 1942 ε
682 1906 966 1961 ostendere
995 1906 1185 1959 dextro
1217 1906 1349 1972 pede
1394 1906 1595 1958 levato.
1628 1904 1645 1942 τ
1673 1905 1773 1971 Qui
1820 1904 1884 1958 ad
1919 1922 1998 1958 m-

397 2008 515 2052 star
546 1998 851 2065 Mosaycum
884 2002 1020 2052 inter
1044 2004 1264 2049 cunctos
1292 2010 1449 2049 manu
1484 1995 1693 2064 propria
1721 2014 1732 2047 :
1763 2011 1865 2049 non
1889 1996 1998 2048 vir-

397 2103 523 2155 gam
561 2088 971 2156 apprehendens
1024 2094 1350 2140 metuentem
1386 2100 1400 2138 :
1433 2083 1527 2138 sed
1575 2085 1839 2138 sarculum
1871 2084 1999 2139 lide-

403 2184 535 2232 limu
567 2181 726 2233 corda
762 2181 1129 2247 exculpentem
1158 2197 1171 2233 :
1199 2180 1409 2233 modice
1441 2178 1723 2233 fossorium
1766 2180 1818 2232 in
1857 2188 1999 2233 terra

399 2273 644 2325 deﬁxum
672 2288 685 2324 :
711 2272 992 2325 alﬂuentes
1021 2271 1415 2324 illllttdth'runl
1443 2272 1679 2340 gurgites
1715 2285 1992 2339 aquarum.

404 2364 486 2416 Ad
519 2364 621 2418 hoc
662 2374 715 2417 et
760 2364 864 2416 tale
908 2363 1216 2416 miraculum
1263 2363 1439 2416 omnis
1489 2359 1816 2416 conveniens
1848 2361 1999 2415 turba

405 2454 682 2507 civitatum
710 2453 961 2507 viciniam
997 2452 1212 2506 laudant
1234 2462 1288 2506 et
1322 2453 1665 2519 magnilieaut
1697 2452 1873 2519 procul
1904 2450 2002 2502 du-

410 2544 500 2597 bio
534 2544 817 2598 Dominum
844 2560 856 2595 :
883 2553 1077 2611 Bqttem
1110 2543 1235 2597 olim
1277 2551 1591 2612 spreverant
1617 2544 1853 2597 concreti
1886 2541 2000 2594 cul-

408 2637 542 2690 turis
576 2634 964 2690 demoniormn.
1004 2635 1155 2690 Unde
1185 2634 1478 2689 labefactus
1512 2633 1582 2689 de
1630 2633 1792 2688 tantis
1829 2632 2000 2686 mira-

406 2730 550 2785 aulis
577 2728 823 2783 diabolus
864 2727 1155 2783 seditiones
1179 2744 1191 2779 :
1218 2727 1285 2781 ad
1323 2726 1772 2795 interpellandmu
1814 2726 2000 2796 Traja-

413 2836 540 2873 num
560 2821 755 2874 excitat
777 2818 1110 2887 pepulorum.
1132 2819 1231 2884 Qui
1273 2818 1453 2871 statim
1480 2816 1744 2885 perlidum
1782 2817 1998 2869 mittens

414 2910 725 2965 IIAufidium
746 2928 757 2964 :
782 2926 902 2964 eum
933 2925 1126 2963 ancora
1160 2907 1285 2963 ferri
1319 2916 1593 2979 gravatum
1622 2926 1632 2961 :
1670 2906 1887 2961 marinis
1916 2906 2003 2961 llu-

413 3005 589 3058 ctbus
635 3005 873 3073 precepit
915 3002 1357 3073 demergendum.
1404 3001 1646 3071 Cumque
1676 3016 1797 3057 eum
1843 3001 2001 3056 disci-

416 3097 525 3164 puli
558 3111 681 3149 com
708 3096 958 3149 omnibus
980 3097 1179 3150 sanctis
1219 3096 1308 3149 tali
1330 3093 1585 3148 vidissent
1616 3095 1868 3165 martyrio
1898 3108 2002 3148 co-

416 3296 538 3334 sum
562 3296 577 3333 :
610 3281 657 3333 si
680 3281 817 3335 forte
848 3278 1213 3348 prospicerent
1238 3293 1358 3334 eum
1383 3278 1449 3332 ad
1473 3278 1651 3364 littora
1675 3280 1836 3338 maris
1861 3278 2003 3347 vagis

416 3370 671 3424 [luctibus
720 3370 1132 3440 reciprocatum.
1184 3369 1338 3437 Quod
1365 3385 1526 3423 mare
1563 3370 1747 3423 videns
1778 3385 2005 3437 expave-

414 3476 573 3517 scens
592 3463 771 3517 collidi
798 3462 995 3518 Christi
1024 3464 1343 3532 discipulum
1376 3482 1387 3516 :
1420 3462 1436 3501 ί
1466 3464 1578 3519 fere
1611 3464 1711 3517 tria
1745 3464 1885 3517 milia
1912 3480 2006 3533 per

415 3604 735 3655 ministrator
765 3599 1079 3663 Romuleus,
1120 3600 1270 3655 etab
1315 3616 1421 3655 em.
1481 3601 1709 3655 Baronio
1757 3601 1999 3666 (Annal.,

418 3686 544 3725 tom.
577 3670 661 3737 ΙΙ,
693 3672 760 3724 ad
788 3688 912 3723 ann.
945 3670 1068 3724 Chr.
1096 3672 1221 3741 100)
1256 3671 1538 3737 praefectus
1578 3671 1733 3726 Urbis
1764 3673 2001 3740 appella-

418 3753 530 3804 tur,
571 3758 600 3795 a
640 3744 904 3806 scriptore
943 3741 1132 3796 Graeco
1171 3743 1414 3812 martyrii
1456 3743 1626 3796 sancti
1661 3742 2000 3798 Clementis?»

418 3812 668 3888 ἔπαρχος
709 3820 802 3867 τοῦ
853 3812 1107 3888 πᾳλεῖικρῦ
1147 3811 1348 3888 Operae,
1394 3823 1454 3888 et_
1490 3814 1540 3865 in
1601 3811 1844 3881 Epitome
1883 3814 2003 3867 Cle-

417 3880 796 3953 nieritinarmn,
818 3898 871 3935 n.
901 3880 1022 3945 166,
1046 3880 1397 3953 57:55:61.9);
1421 3880 1681 3953 ἕπαρχοξ,
1703 3899 1819 3951 qua:
1850 3892 1999 3937 utro-

418 3969 525 4023 que
558 3955 673 4006 loco
693 3952 989 4006 Cotelerius
1016 3954 1281 4022 prwfcclus
1311 3951 1462 4006 Urbis
1492 3951 1870 4021 interpretatus
1892 3964 1994 4007 est.

487 4032 516 4059 ⁸
549 4022 616 4075 Ρ.
644 4021 1001 4092 Tarquinium.
1027 4021 1080 4074 In
1106 4024 1378 4092 Martyrio,
1409 4039 1464 4077 n.
1487 4023 1574 4084 18.
1602 4032 1656 4077 et
1679 4025 1730 4076 in
1756 4024 1998 4091 Epitome

418 4093 763 4153 Clementin.,
796 4109 851 4145 n.
886 4090 1009 4156 161,
1048 4095 1150 4148 iste
1173 4090 1545 4162 Tarquitianus
1571 4090 1887 4161 appellatur.
1916 4116 1917 4119 η

493 4164 522 4202 ι’
547 4163 715 4217 Trans
740 4172 948 4231 pontum
977 4180 1132 4217 mare.
1165 4166 1279 4216 Ado
1302 4161 1393 4230 (In
1416 4162 1587 4217 libello
1618 4162 1998 4232 Festiuilatum)

420 4236 493 4288 ait
547 4244 791 4287 sanctum
848 4232 1183 4288 Clementem
1232 4236 1567 4300 deportatum
1631 4234 1795 4289 fuisse
1856 4244 1998 4288 trans

492 4314 634 4357 ntum
658 4320 793 4356 mare
815 4304 867 4355 in
894 4320 1063 4357 eremo
1080 4344 1095 4369 ,
1120 4305 1206 4369 qui
1244 4306 1444 4374 adjacet
1473 4305 1666 4357 civitati
1704 4304 1994 4359 Cltersontc.

419 4320 634 4427 sontum
658 4320 793 4356 mare
815 4320 867 4355 ιιι
894 4320 1063 4357 eremo
1080 4344 1095 4369 ,
1120 4320 1205 4369 qui
1244 4320 1444 4374 παλαίει
1473 4320 1664 4357 cnntan
1704 4320 1994 4359 urersonar.

466 4375 587 4438 eda,
621 4375 673 4427 in
694 4374 1089 4442 Martyrologio,
1110 4384 1250 4427 trans
1270 4377 1663 4440 pontummaris.
1691 4376 1996 4443 Martyrium

420 4446 589 4498 sancti
622 4443 912 4498 Clementis
939 4443 1182 4511 Epitoine
1210 4445 1528 4498 Clementin.
1549 4486 1564 4510 ,
1595 4462 1648 4498 υ.
1690 4446 1811 4511 166,
1844 4443 1999 4499 Nice-

422 4487 2011 4585 ;.'.;;;.'.;;(a'.-';I."i:1.117193Saxas“;assambis.
2035 4487 2087 4551 1)

422 4585 754 4649 Novembris)
788 4584 1004 4646 habent,
1039 4595 1282 4637 sanctum
1314 4586 1646 4639 Clementem
1682 4588 1731 4637 in
1765 4584 2011 4639 exsilium

421 4655 634 4725 pulsum
658 4669 776 4708 e~se
799 4656 849 4706 in
880 4655 1152 4708 desertum
1178 4664 1319 4708 trans
1350 4665 1560 4724 pontum
1578 4654 1831 4724 adiacens
1857 4658 2014 4725 oppi-

421 4725 550 4777 dulo
579 4723 891 4778 Cluersoum.
925 4725 1192 4778 Craterum
1220 4726 1287 4777 de
1323 4723 1441 4778 luco
1484 4723 1659 4779 exsilii
1690 4728 1859 4778 sancti
1884 4723 2010 4782 Cle-

422 4796 619 4848 mentis
643 4796 958 4848 consulendi
988 4797 1250 4848 Baronius
1281 4796 1331 4847 iu
1388 4798 1526 4849 notis
1574 4796 1640 4849 ad
1694 4796 2012 4865 Martyrolo-

423 4869 569 4931 gium
601 4864 936 4925 Romanum,
990 4865 1322 4935 llosweydus
1369 4864 1422 4919 in
1474 4867 1615 4920 notis
1658 4866 1723 4918 ad
1769 4864 2011 4935 libellum

424 4937 626 4987 Adonis
651 4936 717 4987 de
742 4934 1142 4989 Festivitatibus
1160 4934 1539 5001 Apostolorum
1575 4935 1732 4999 (Bibl.
1764 4934 2007 5002 Patrum,

424 5016 549 5055 toni.
592 5004 757 5069 XVI,
792 5021 912 5074 pag.
944 5006 1094 5074 917),
1127 5006 1468 5061 Bollandisue
1498 5006 1562 5060 ad
1596 5008 1734 5062 diem
1765 5010 1796 5059 9
1836 5008 2011 5062 Martii

422 5075 737 5147 agenti-sude
766 5076 971 5147 sam'tis
995 5076 1194 5145 Cyrillo
1229 5086 1282 5129 et
1308 5077 1574 5130 Methodio
1607 5078 1693 5147 (Τ.
1750 5076 1838 5143 Il,
1891 5090 2012 5132 nota

425 5144 514 5208 ﬁ,
537 5146 604 5216 ad
639 5144 811 5196 Vitam
841 5144 901 5199 S.
935 5146 1225 5210 Clementis,
1258 5164 1378 5216 pag.
1408 5147 1511 5200 5:5
1565 5144 1624 5200 et
1644 5164 1728 5215 seq
1757 5151 1794 5215 ).

504 5225 525 5251 ε
554 5213 619 5266 Et
658 5225 877 5267 sanctos.
907 5216 1148 5281 Epitome
1169 5213 1432 5271 Clement.
1461 5213 1763 5271 christianos
1786 5219 1851 5271 ad
1876 5234 2012 5285 opus

421 5285 479 5336 in
503 5287 773 5337 ntarmoris
811 5285 1104 5354 lapidicinis
1150 5288 1429 5341 damnatos
1476 5289 1541 5342 ad
1590 5290 1736 5343 mille
1766 5300 2009 5344 sanctum

424 5355 754 5428 Clementem
784 5358 1054 5428 invenisse
1077 5365 1323 5421 testatur,
1352 5376 1403 5411 u.
1436 5358 1560 5425 167,
1608 5375 1767 5428 quem
1818 5358 2008 5414 nume‘-

427 5440 544 5500 rum
565 5425 786 5500 aridae
805 5427 965 5479 millia
997 5441 1153 5500 auget
1183 5430 1413 5500 scriptor
1454 5425 1726 5500 martyrii,
1762 5448 1814 5482 n.
1851 5432 1934 5483 19.

496 5499 522 5528 ⁸³
553 5494 656 5556 Qui
675 5511 706 5547 α
722 5497 912 5548 clivoso
936 5494 1201 5551 milliaria.
1224 5494 1394 5553 Locus
1422 5494 1730 5554 mendosus.
1760 5500 2010 5555 Fortasse

426 5560 708 5639 legendum
742 5581 756 5618 :
796 5566 896 5631 Qui
928 5568 1081 5639 cliaos
1127 5573 1305 5622 itinere
1336 5588 1367 5623 a
1394 5572 1638 5623 milliaria
1676 5581 1815 5624 sexto
1864 5587 2010 5639 aqua:

423 5636 518 5685 sibi
574 5638 900 5709 deportarent
945 5638 1397 5692 laboriosissimum
1451 5643 1687 5709 poculum
1721 5658 1740 5694 :
1772 5636 1917 5693 nam'
1956 5642 2006 5693 iu

425 5714 702 5777 martyrio,
753 5722 808 5758 n.
838 5707 931 5773 2|,
963 5723 1156 5777 aquam
1188 5709 1416 5764 distasse
1444 5707 1539 5765 Sex
1571 5710 1906 5775 milliarilms,
1953 5712 2006 5765 in

427 5771 675 5842 Epitmne
718 5771 1221 5845 Clcmeutq'stadiis
1260 5780 1495 5851 quinque
1550 5792 1604 5838 ct
1658 5771 2005 5852 quadraginta

2029 3144 2077 3208 C

416 3199 667 3243 renatum
694 3206 706 3239 :
736 3198 991 3257 ceperunt
1022 3204 1115 3255 per
1154 3189 1471 3241 immensum
1516 3204 1659 3241 mare
1691 3202 1888 3257 ponere
1925 3187 2002 3241 vi-
2030 3187 2074 3253 ’Ἴ

2176 1903 2377 1955 Chorus
2406 1903 2562 1955 dicat.
2596 1899 2842 1955 Sanctus.

2176 1993 2330 2047 Dicat
2364 1993 2541 2047 Presb.

2177 2084 2302 2138 Post
2332 2087 2574 2139 Sanctus.
2606 2086 2744 2141 Vere
2769 2095 2984 2140 sanctus
3008 2096 3061 2140 et
3085 2086 3359 2141 clemens:
3384 2101 3507 2141 vere
3529 2086 3693 2141 bene-

2103 2178 2280 2232 dictus
2307 2185 2364 2232 et
2384 2178 2559 2245 justus
2587 2195 2599 2230 :
2627 2192 2751 2232 vere
2775 2177 3109 2232 admirabilis
3130 2186 3187 2232 et
3212 2177 3478 2246 gloriosus
3509 2177 3692 2232 Domi-

2102 2286 2204 2325 nus
2232 2269 2389 2325 Jesus
2417 2268 2663 2325 Christus
2712 2269 2851 2322 (ilius
2882 2280 3035 2323 tuus:
3069 2268 3157 2339 qui
3206 2267 3543 2322 inestimabili
3583 2268 3692 2322 cle-

2104 2364 2306 2418 mentie
2349 2378 2444 2417 sue
2482 2362 2622 2416 dono
2672 2360 2873 2415 nullum
2929 2361 3103 2430 perire
3136 2360 3287 2429 jubet
3315 2376 3331 2414 :
3356 2360 3449 2413 sed
3502 2374 3690 2414 Omnes

2107 2457 2321 2525 pietatis
2343 2456 2548 2523 gremio
2569 2465 2832 2509 conVocat
2863 2453 2926 2507 ad
2952 2455 3176 2509 salutem
3203 2470 3217 2508 :
3246 2452 3490 2507 Christus
3513 2451 3695 2505 Domi-

2106 2562 2209 2600 nus
2240 2563 2302 2601 ac
2331 2545 2660 2614 Redemptor
2681 2555 2920 2599 eternus.

2192 2640 2227 2707 ιῆ
2250 2678 2263 2691 .
2294 2642 2486 2693 Amen.

2178 2732 2304 2784 Post
2325 2731 2512 2801 pridie.
2545 2728 2971 2783 Clementissime
2987 2743 3049 2783 ac
3070 2727 3408 2782 sanctissime
3428 2726 3651 2781 Domine
3672 2742 3691 2781 :

2104 2824 2377 2877 sanctilica
2422 2821 2519 2877 hec
2563 2835 2824 2875 munera:
2860 2820 3079 2887 impuris
3128 2820 3373 2873 manibus
3424 2818 3513 2873 tibi
3559 2818 3695 2873 deli-

2108 2914 2253 2967 bata.
2289 2913 2387 2967 Per
2411 2928 2514 2982 que
2543 2920 2597 2965 et
2626 2910 2961 2966 offerentium
2994 2908 3225 2975 accipias
3259 2917 3378 2963 vota
3406 2926 3419 2962 :
3453 2918 3509 2964 et
3530 2924 3595 2963 ex
3626 2923 3691 2965 ea

2108 3007 2434 3063 sumentium
2463 3014 2652 3059 cuncta
2695 3004 2937 3059 dimittas
2971 3011 3208 3073 pet-cata.

2197 3098 2234 3165 ti)
2260 3138 2271 3151 .
2306 3098 2496 3150 Amen.

2182 3190 2262 3242 Ad
2293 3188 2587 3241 Orationem
2611 3184 2953 3240 Dominicam.

2182 3282 2435 3335 Clemens
2486 3291 2539 3335 et
2592 3281 2851 3333 immense
2903 3288 2959 3333 et
3007 3279 3342 3333 admirabilis
3398 3280 3575 3334 Deus:
3608 3280 3696 3334 cui

2113 3373 2295 3428 omnia
2320 3372 2583 3425 elementa
2614 3368 2939 3423 famulantur
2979 3380 3034 3425 et
3063 3384 3250 3423 omnes
3280 3370 3539 3424 elationes
3579 3386 3695 3424 ma-

2112 3465 2187 3518 ris
2221 3462 2568 3519 deserviunt:
2595 3464 2760 3518 libera
2803 3477 2899 3518 nos
2939 3464 3006 3519 de
3037 3464 3186 3533 aquis
3242 3461 3460 3517 multis:
3490 3461 3503 3512 i
3538 3471 3590 3518 et
3628 3463 3694 3518 de

2108 3602 2358 3656 legimus.

2162 3619 2211 3709 ge'
2223 3619 2536 3726 [urgendum
2570 3672 2709 3741 Lege
2730 3672 3097 3727 ostendentem.

2185 3741 2203 3779 ί
2239 3744 2338 3809 Qui
2365 3744 2431 3794 ad
2458 3744 2635 3795 instar.
2678 3744 2849 3798 Locus
2889 3742 3198 3797 mendosus.
3245 3742 3493 3797 Fortasse
3536 3747 3695 3799 resti-

2109 3814 2361 3867 tuendum
2387 3814 2465 3867 sic
2492 3830 2503 3864 :
2535 3814 2731 3879 Quare,
2777 3814 2844 3867 ad
2876 3815 3038 3867 instar
3062 3812 3110 3865 Μ
3120 3814 3275 3884 aysis,
3308 3815 3439 3867 inter
3466 3827 3695 3877 cunctos,

2107 3900 2268 3936 manu
2297 3883 2507 3953 propria
2537 3887 2946 3954 apprehendens,
2979 3899 3081 3935 non
3108 3883 3300 3951 virgam
3353 3888 3694 3949 metuendam,

2106 3956 2192 4006 sed
2251 3954 2544 4015 sarculum,
2587 3955 2819 4018 ﬁdelium
2864 3955 3023 4007 corda
3070 3956 3417 4019 exculpentem
3444 3997 3458 4019 ,
3503 3956 3698 4008 modice

2106 4024 2381 4089 fossarium
2424 4024 2477 4077 in
2509 4034 2695 4077 terram
2744 4025 2947 4090 deﬁxit,
3006 4023 3147 4095 unde
3183 4036 3389 4095 repente
3434 4026 3690 4095 aﬂluentes

2104 4095 2474 4217 inundaverguinl
2520 4097 2747 4165 gurgites
2795 4110 3061 4163 aquarum.
3109 4094 3306 4149 Confer
3368 4095 3501 4149 Acta
3551 4111 3693 4150 mar-

2110 4173 2337 4217 tvrtl.n.
2442 4202 2457 4217 .

2110 4165 2252 4234 tyrii,
2282 4181 2337 4217 n.
2364 4165 2457 4218 21.

2179 4241 2205 4279 ε
2284 4236 2466 4298 Quem.
2491 4234 2629 4300 Lege
2652 4250 2665 4287 :
2697 4231 2761 4286 In
2787 4250 2932 4299 quem
2954 4242 3308 4302 speraverant,
3327 4233 3452 4288 olim
3471 4238 3698 4291 concreti

2118 4304 2320 4358 'ulturis
2342 4305 2732 4359 daemoniorum.

2177 4371 2205 4411 ιι
2243 4376 2526 4442 Auﬁdium.
2561 4376 2699 4439 Ado,
2724 4376 2775 4429 in
2801 4374 2978 4430 libello
3006 4372 3075 4430 de
3119 4373 3265 4429 Fest.
3319 4382 3496 4444 apost.
3537 4377 3691 4431 Auli-

2112 4444 2429 4516 dium__huuc
2449 4446 2637 4516 ducem
2666 4447 2918 4516 appellat.

2196 4516 2208 4553 ί
2243 4514 2374 4569 Fere
2396 4516 2493 4587 tria
2525 4514 2712 4568 millia.
2755 4519 2839 4587 Esl
2878 4516 3148 4587 vulgatum
3186 4515 3325 4587 apud
3364 4531 3561 4587 omnes
3594 4516 3698 4571 mi-

2113 4587 2374 4650 raculum,
2399 4586 2465 4657 de
2492 4602 2598 4653 quo
2630 4585 3366 4657 IegeiTillemontjum(Citat.
3389 4605 3506 4657 pag.
3532 4585 3690 4656 565),

2112 4668 2187 4721 et,
2214 4656 2353 4725 apud
2376 4656 2698 4711 Cotelerium
2717 4656 2921 4726 (Patres
2937 4658 3234 4727 Apostolici,
3257 4668 3379 4710 tom.
3400 4656 3519 4721 l,iu
3541 4659 3694 4726 ﬁne).

2113 4727 2399 4796 Hotiiiliam
2430 4727 2598 4779 sancti
2633 4728 2805 4782 Patris
2849 4728 3013 4781 nostri
3043 4728 3273 4795 Ephrem
3304 4727 3697 4796 archiepisclipi

2110 4795 2423 4859 Chersonis,
2457 4799 2523 4852 de
2552 4813 2659 4866 quo
2686 4800 2846 4852 etiam
2875 4799 3101 4853 Allatius
3140 4798 3190 4851 in
3243 4797 3477 4851 Diatriba
3502 4799 3568 4851 de
3599 4799 3694 4852 tri-

2113 4866 2211 4920 bus
2243 4867 2586 4923 Simeouihus
2618 4869 2877 4923 meminit.
2923 4869 3153 4923 Sanctus
3190 4867 3478 4933 Gregorius
3518 4866 3694 4922 Turo-

2112 4938 2294 4993 nensis
2322 4936 2423 5007 (De
2443 4936 2589 4992 Glor.
2613 4948 2853 5009 martyr.,
2886 4940 2977 4995 lib.
3010 4955 3047 5006 t,
3085 4956 3130 4994 c.
3188 4937 3280 5007 35)
3305 4940 3372 4994 de
3406 4940 3504 4993 hoc
3525 4939 3690 4992 mira-

2112 5010 2253 5073 colo,
2287 5020 2533 5075 utinquam
2565 5011 2632 5064 de
2655 5026 2709 5063 re
2730 5018 2900 5077 certa,
2931 5012 3181 5078 loquitur,
3232 5009 3370 5075 quod
3421 5025 3519 5062 suo
3550 5021 3689 5063 tem-

2114 5094 2243 5144 pore
2272 5082 2426 5149 annis
2450 5082 2671 5148 singulis
2695 5081 3039 5149 contingebat
3064 5098 3075 5134 :
3112 5079 3265 5132 Nunc
3284 5089 3472 5141 autem,
3495 5080 3687 5148 inquit,

2113 5150 2195 5201 die
2229 5148 2566 5202 solemnitaiis
2598 5152 2708 5218 ejus
2761 5154 2836 5217 (S.
2884 5148 3194 5215 Clementis)
3235 5150 3421 5201 recedit
3456 5166 3595 5201 utare
3624 5153 3690 5201 ad

2113 5220 2211 5291 tria
2262 5221 2426 5272 millia
2466 5222 2657 5273 siccum
2696 5221 3093 5291 ingredientibus
3136 5221 3230 5272 iter
3267 5220 3495 5288 prrcbens
3531 5237 3690 5289 usque

2111 5290 2179 5341 ad
2196 5294 2481 5353 sepulcrum
2507 5290 2785 5360 martyris;
2809 5292 2973 5357 ibique
2999 5301 3111 5343 uota
3132 5290 3401 5342 reddentes
3421 5299 3466 5343 el
3489 5301 3693 5346 orantes

2112 5361 2293 5429 populi
2322 5362 2682 5430 regrediuutur
2711 5363 2777 5413 ad
2803 5362 2962 5414 littus.
2997 5361 3061 5412 Et
3112 5363 3285 5424 capite
3332 5361 3575 5429 sequenti
3607 5379 3693 5417 re-

2112 5432 2215 5484 fert
2241 5432 2308 5484 de
2338 5434 2576 5503 parvulo,
2606 5431 2718 5499 qni,
2749 5447 2873 5483 casu
2903 5431 3121 5503 relictus
3150 5445 3183 5503 a
3212 5433 3543 5499 parentibus,
3569 5443 3691 5503 post

2110 5516 2308 5573 annum
2341 5502 2884 5573 incolumisrepertus
2911 5508 2995 5554 est.
3025 5500 3075 5553 in
3106 5501 3227 5573 uade
3254 5506 3525 5573 martyris.

2194 5572 2206 5619 i
2252 5570 2319 5621 Et
2341 5571 2404 5621 de
2424 5586 2598 5622 manu.
2627 5571 2751 5623 llu-c
2773 5569 2971 5639 optime
3002 5572 3331 5625 conveniunt
3362 5569 3484 5626 cum
3514 5572 3689 5640 pessi-

2110 5656 2199 5694 mo
2227 5650 2367 5691 statu
2400 5654 2577 5709 rerum
2609 5641 3039 5709 llispzuucarum,
3070 5657 3189 5695 cum
3221 5642 3434 5697 Barbari
3461 5646 3687 5709 primum

2108 5718 2295 5765 eontra
2328 5708 2547 5781 militem
2575 5708 2872 5765 ltotnanum
2905 5722 2959 5767 et
2996 5713 3295 5781 indigenas,
3326 5724 3433 5766 tum
3464 5708 3606 5765 inter
3630 5726 3689 5764 se

2112 5781 2307 5837 bellum
2337 5780 2629 5836 satvissime
2650 5792 2901 5853 gererent
2927 5782 3089 5855 (Vide
3116 5780 3392 5849 ’ldalium,
3435 5783 3485 5835 in
3516 5781 3653 5834 Claro
