4058 6178
325 228 422 284 151

1065 241 1359 297 M‘iSSALE
1398 241 1668 297 MIXTUM
1712 238 1867 301 SEC.
1907 238 2068 296 REG.
2113 240 2174 295 Β.
2214 237 2486 295 1510081.
2528 271 2599 285 -—
2640 240 2816 297 PARS
2850 241 2887 295 1.

3500 238 3605 295 Ωὗίξ

339 376 498 418 manu
523 357 748 415 ﬁliorum
779 359 1095 413 alienorum.
1126 357 1194 411 Ut
1222 372 1309 424 qut
1340 370 1435 425 per
1457 364 1509 409 te
1536 354 1704 409 renati
1735 369 1924 409 sumus
1953 361 1998 415 Α
2027 356 2236 412 devicto
2262 359 2479 416 diabolo
2504 357 2682 412 futuro
2720 354 2959 412 letemini
2987 352 3056 408 de
3083 352 3374 422 triumpho.
3420 353 3456 421 ἢ
3480 396 3491 408 .
3520 356 3608 408 A-

344 470 407 508 ex
435 467 568 523 aqua
589 461 645 508 et
681 449 1109 521 Spiritu.Sancto
1137 465 1150 501 :
1177 464 1282 501 non
1316 448 1580 516 patiamur
1602 448 1669 503 ab
1690 445 1921 502 ethnicis

342 556 394 600 et
427 543 798 614 irregeneratis
838 539 1025 594 divelli
1075 554 1102 590 a
1146 548 1330 592 sancto
1371 536 1647 609 proposito
1673 552 1689 591 :
1713 536 1807 591 sed
1837 552 1921 589 ar-

348 649 462 688 :um
511 648 695 694 eorum
746 630 1210 685 inconvertibilem
1253 640 1517 682 contere:
1562 627 1788 697 sagittas
1828 626 1924 681 de-

345 735 490 777 strun
519 733 531 775 ε
562 722 843 791 pharetras
890 721 1115 776 retunde
1155 719 1396 787 :gladios
1441 719 1681 788 perime:
1708 718 1922 772 lanceas

343 812 537 866 divetle
568 827 578 863 :
612 811 834 864 consilia
885 825 989 878 que
1026 810 1078 863 in
1128 824 1225 862 nos
1281 816 1480 862 acuunt
1528 805 1759 875 maligna
1793 820 1923 859 con—

347 900 618 954 fundezet
667 900 720 951 in
753 901 895 966 ipsos
940 898 984 951 si
1028 897 1244 952 credere
1289 896 1553 952 noluerint
1580 904 1671 950 :et
1716 895 1767 948 in
1810 894 1921 961 ipsa

344 989 701 1059 returqnen‘do
729 989 832 1059 23
856 997 1102 1041 converte
1129 1004 1144 1041 :
1175 996 1333 1055 atque
1371 1000 1586 1053 semper
1608 984 1727 1036 ﬁdei
1771 993 1923 1035 scuto

346 1094 444 1134 nos
476 1075 709 1148 protege‘.
740 1081 974 1145 Qualiter
1003 1078 1088 1146 qui
1135 1077 1222 1131 hic
1253 1085 1467 1145 propter
1498 1090 1689 1129 nomen
1720 1074 1810 1127 ﬁlii
1845 1074 1919 1127 tni

348 1186 538 1224 novum
585 1170 723 1238 quod
771 1172 823 1225 iu
882 1169 1227 1239 margaritum
1269 1168 1525 1239 fulgidum
1576 1183 1588 1218 :
1638 1166 1689 1218 id
1734 1174 1818 1218 est
1870 1165 1921 1217 in

350 1261 375 1288 ⁸
405 1263 662 1317 calculum
693 1262 973 1316 candidum
1004 1261 1265 1330 scripsisti
1293 1279 1304 1312 :
1337 1262 1558 1315 diversa.
1594 1274 1623 1312 a
1680 1257 1923 1326 gentibus

346 1358 671 1413 sustinemus
717 1353 1001 1425 opprobria
1043 1369 1059 1409 :
1097 1364 1368 1423 portamus
1420 1349 1633 1405 infanda
1676 1348 1919 1403 ludibria.

347 1449 459 1504 Illic
480 1464 576 1518 pro
602 1448 707 1502 ﬁde
725 1462 883 1518 quant
911 1446 1179 1501 credimus
1206 1454 1261 1499 et
1287 1460 1382 1512 pro
1403 1458 1463 1496 ca
1495 1458 1660 1511 usque
1680 1440 1746 1494 ad
1777 1455 1925 1493 men-

347 1540 617 1594 dicitatem
641 1550 691 1594 et
719 1548 942 1593 mortem
970 1537 1316 1590 distrahimur
1340 1552 1354 1589 :
1379 1534 1704 1589 concedatur
1734 1532 1924 1588 remis-

347 1631 428 1683 sio
456 1640 791 1696 peccatorum
822 1648 834 1681 :
860 1640 917 1683 ut
958 1631 1187 1698 potiatur
1214 1627 1452 1682 inﬁnitus
1491 1627 1636 1679 locus
1658 1625 1922 1694 justorum

2024 463 2169 501 men.

2098 540 2200 594 Per
2232 540 2656 595 misericordiam
2695 539 2863 608 ipsius
2897 538 2985 591 Dei
3016 536 3183 591 nostri
3212 538 3300 604 qui
3334 546 3417 592 est
3446 538 3609 593 bene-

2024 630 2201 684 dictus
2228 641 2283 686 et
2312 632 2443 685 vivit
2487 641 2543 686 et
2581 632 2760 686 omnia
2801 630 2939 701 regit
2980 628 3033 683 in
3083 629 3265 683 secnla
3304 630 3607 683 seculorum

2025 736 2206 775 amen.

2096 808 2244 863 Dicat
2275 809 2446 864 Presb.
2487 807 2745 863 Dominus
2761 809 2829 863 sit
2854 822 3068 877 semper
3096 808 3390 863 vobiscum.
3441 808 3477 875 ιῆ
3500 848 3513 861 .
3545 808 3611 862 Et

2027 914 2171 954 Cllm.

2097 992 2295 1047 Cltarus
2320 994 2479 1045 dicat.
2512 991 2732 1046 Gustate
2759 1004 2813 1046 et
2843 991 3037 1045 videte.

2094 1085 2413 1139 Communia.
2465 1086 2665 1140 ltelecti
2697 1084 2891 1139 Christi
2919 1098 3164 1151 corpore.
3190 1092 3237 1136 et
3264 1082 3464 1137 Oratio.
3507 1098 3614 1136 om-

2025 1175 2111 1226 nia
2137 1184 2189 1227 ut
2216 1175 2269 1228 in
2296 1176 2463 1245 prima
2492 1173 2658 1228 Missa
2685 1190 2853 1242 quere.
2893 1172 2988 1243 fol.
3023 1175 3078 1227 7.

2098 1303 2161 1357 IN
2193 1302 2467 1358 NATALE
2497 1316 2518 1343 ο
2551 1302 2794 1359 SANGTI
2824 1302 3187 1358 SATURNINI
3217 1302 3535 1359 EPISCOPI.

2480 1417 2560 1472 Ad
2585 1416 2639 1471 )l
2645 1418 2816 1471 issam.
2838 1413 2865 1453 ἀ
2906 1417 3158 1487 Officium.

2098 1527 2331 1582 Gloriam
2365 1536 2419 1583 et
2442 1544 2691 1598 magnum
2726 1530 2976 1584 decorem
3007 1529 3247 1598 impones
3288 1544 3449 1599 super
3487 1544 3616 1585 eum

2026 1618 2279 1684 alleluja:
2334 1632 2390 1673 et
2425 1621 2577 1674 dabis
2620 1636 2741 1674 eum
2774 1620 2825 1674 in
2859 1620 3252 1676 benedictione.
3286 1622 3341 1676 In
3372 1622 3615 1687 sect-lum

350 1721 731 1788 proclamando
771 1736 834 1775 ac
864 1721 1090 1774 dicendo
1130 1722 1181 1773 in
1214 1720 1389 1773 terris.
1423 1717 1578 1771 Pater
1607 1726 1794 1772 noster
1820 1718 1927 1787 qui.
1965 1725 2006 1783 Β
2034 1710 2197 1764 seculi
2230 1711 2440 1780 alleluja
2472 1711 2707 1782 allelnja.
2754 1713 2787 1782 ᾗ
2815 1752 2827 1765 .
2855 1713 3049 1768 Beatus
3088 1717 3168 1767 vir
3195 1715 3283 1783 qui
3316 1717 3485 1769 tiniet'
3511 1717 3614 1769 Do-

424 1834 731 1888 Ben‘edictio.
764 1836 1013 1889 Clemens
1060 1844 1110 1888 et
1160 1833 1431 1901 piissimus
1472 1832 1765 1887 Dominus:
1793 1831 1924 1886 Cle-

352 1928 551 1982 mentis
578 1926 659 1981 sui
701 1937 913 1981 tueatur
941 1926 1322 1981 amminiculo:
1370 1935 1424 1980 et
1462 1924 1648 1979 liberet
1685 1924 1754 1979 ab
1780 1924 1927 1978 omni

350 2032 588 2091 peccato.
637 2023 675 2092 ἡ
697 2063 710 2077 .
739 2024 930 2078 Amen.

420 2135 718 2191 Clementie
744 2150 842 2191 sue
882 2135 1024 2190 dono
1052 2151 1147 2190 vos
1187 2136 1408 2193 letiﬁcet
1446 2137 1497 2191 in
1531 2137 1633 2191 hoc
1661 2135 1844 2191 seculo
1872 2144 1927 2191 et

353 2228 419 2281 ab
462 2230 607 2282 omni
658 2229 815 2283 sorde
873 2230 1180 2298 puriﬁcatos
1228 2231 1474 2285 restituat
1525 2230 1792 2298 paradiso.
1849 2229 1923 2298 ἢ.

350 2320 538 2373 Amm.

428 2432 493 2487 Ut
524 2434 665 2487 sicut
694 2432 937 2489 Clemens
966 2450 1095 2502 papa
1126 2431 1153 2470 δ
1186 2450 1281 2504 per
1304 2434 1543 2505 martyrii
1576 2434 1797 2502 gratiam
1836 2432 1931 2487 ho-

356 2532 492 2578 stem
538 2525 801 2580 vincendo
840 2526 1105 2595 gloriOSus
1148 2528 1393 2595 migravit
1421 2541 1452 2580 e
1489 2525 1710 2581 seculo:
1742 2526 1811 2579 ita
1840 2538 1933 2579 vos

359 2664 493 2723 nico,
527 2664 590 2716 ab
623 2662 929 2733 Olympiade
956 2662 1107 2733 297).
1141 2664 1256 2717 Huc
1284 2663 1441 2715 etiam
1466 2661 1628 2716 refert
1658 2676 1778 2729 qua!
1808 2660 1935 2733 Avi-

363 2742 447 2786 tus
481 2732 757 2804 ptesbyter
803 2736 990 2787 scribit
1034 2750 1181 2802 papa:
1212 2734 1483 2804 Palrronin,
1530 2747 1781 2800 ep'scnpti
1809 2732 1937 2784 Bra-

361 2804 571 2857 caitnisi
609 2802 783 2869 (Apud
836 2804 1224 2865 Mabillonium,
1274 2802 1506 2855 Analect.
1558 2812 1707 2855 ceter.
1740 2842 1756 2865 ,
1808 2811 1932 2853 tom.

364 2870 474 2937 IV,
537 2890 585 2938 ρ.
625 2874 779 2938 181),
822 2889 942 2926 cum
985 2874 1056 2927 illi
1088 2890 1181 2936 per
1226 2873 1471 2926 Orosinm
1524 2875 1757 2925 mitteret
1808 2872 1934 2925 reli-

362 2945 512 3006 quias
535 2945 703 2996 s'aucti
733 2943 985 3012 Stephani
1019 2960 1187 3012 nuper
1204 2943 1441 2997 deleCIas
1468 2941 1936 3012 :Tribnlationibus

358 3014 553 3074 reatris,
605 3015 795 3082 inquit,
831 3010 1168 3079 compatiens,
1214 3025 1258 3066 et
1296 3030 1386 3080 pro
1417 3013 1629 3065 discidio
1682 3010 1935 3082 [excidio]

2030 1803 2268 1855 ntinnm:
2323 1806 2375 1855 in
2417 1803 2685 1858 mandatis
2738 1803 2855 1874 ejus
2891 1806 3033 1873 cupit
3063 1806 3238 1860 nimis.
3275 1804 3340 1859 Ρ.
3376 1807 3428 1858 lii
3456 1822 3613 1861 secu-

2029 1893 2159 1947 lum.
2221 1894 2293 1963 ᾖ.
2329 1893 2509 1948 Gloria
2555 1904 2609 1948 et
2656 1897 2827 1949 honor
2871 1896 3008 1949 Patri
3055 1910 3108 1951 et
3147 1896 3285 1951 Filio
3312 1906 3367 1951 et
3391 1899 3615 1964 Spiritui

2030 1982 2228 2038 Sancto
2262 1985 2311 2037 itt
2363 1987 2541 2039 secula
2587 1989 2886 2041 seculorum
2934 2003 3112 2043 amen.
3163 1988 3230 2042 Ρ.
3266 1989 3320 2043 ltt
3350 1990 3611 2045 secutum.

2114 2075 2265 2128 Dicat
2290 2075 2472 2133 Presb.
2506 2077 2681 2132 Gloria
2717 2080 2767 2132 in
2799 2079 3046 2133 excelsis.

2111 2168 2313 2223 Oratio.
2343 2168 2521 2225 Gloria
2552 2182 2731 2226 nostra
2765 2173 2904 2226 Detts
2930 2182 3111 2227 noster
3140 2189 3153 2226 :
3185 2171 3272 2242 qui
3303 2172 3356 2226 in
3384 2174 3515 2227 celis
3545 2172 3616 2226 ab

2036 2261 2255 2331 Angelis
2278 2263 2695 2318 demonstraris:
2728 2273 2783 2318 et
2830 2264 2886 2318 in
2931 2276 3242 2333 perpetuum
3272 2264 3611 2319 decantaris:

2039 2352 2124 2406 hic
2162 2352 2391 2407 ﬁdeliter
2432 2368 2496 2407 ac
2542 2355 2832 2409 solenniter
2881 2355 3212 2423 predicaris:
3259 2365 3432 2421 presta
3466 2354 3617 2408 nobis

2040 2441 2369 2509 amplissima
2395 2442 2591 2512 pietate
2622 2452 2708 2496 tua
2750 2460 2777 2497 a
2820 2445 2974 2498 malis
3015 2446 3244 2512 propriis
3271 2443 3484 2498 liberari
3514 2460 3531 2498 :
3560 2453 3616 2498 et

2042 2530 2143 2583 tuis
2171 2544 2383 2599 semper
2411 2533 2655 2587 laudibus
2681 2533 2912 2603 gloriari.
2964 2534 3001 2601 ἡ
3023 2573 3036 2587 .
3068 2536 3256 2589 Amen.

2043 2663 2210 2716 viario
2232 2674 2285 2716 et
2314 2662 2605 2718 Oratinnali
2638 2664 2863 2719 Gothico
2902 2680 2930 2717 a
2961 2666 3253 2720 Mozarahis
3295 2665 3503 2719 colitur.
3538 2665 3618 2721 De

2043 2748 2106 2785 eo
2135 2744 2298 2804 agunt
2326 2735 2538 2788 Missale
2559 2734 3022 2790 Gallo-Gothicnm
3061 2737 3275 2802 propria
3307 2738 3465 2789 missa
3494 2752 3615 2804 qua:

2042 2812 2164 2870 post
2190 2803 2541 2871 Epiphaniam
2567 2807 2885 2869 celebratur,
2939 2816 2994 2860 et
3048 2822 3103 2859 Ill
3135 2805 3251 2860 Kal.
3300 2803 3613 2860 Decembris

2045 2873 2417 2943 Martyrologia
2452 2874 2673 2939 Adonis,
2709 2875 2957 2939 l'sttartli,
2990 2875 3153 2937 Flori,
3188 2878 3481 2931 Romanum
3513 2875 3612 2927 Ba-

2045 2944 2201 3008 ronii,
2238 2947 2475 3016 Lticettse
2531 2944 2999 3016 Hierouyuiiattum
3050 2944 3384 3007 Florentinii,
3430 2944 3615 3000 Gello-

2047 3028 2268 3097 uenae,"
2290 3014 2591 3097 [iuldensem
2610 3014 2861 3097 Georgii,
2913 3026 2967 3069 et
3003 3017 3255 3096 _qu:edam
3306 3018 3429 3068 alia.
3483 3018 3613 3069 Acta

360 3086 538 3155 pati-ite
567 3075 889 3138 incessabiles
915 3075 1168 3154 [ἀει-ψηαέ
1210 3075 1449 3155 [κη’άρηε,
1482 3092 1534 3135 ut
1563 3094 1609 3137 et
1636 3075 1771 3155 [aut]
1800 3075 2008 3137 robis'C
2040 3075 2507 3138 sancti'Saturnini
2551 3075 2798 3139 Tolosani
2831 3075 2860 3138 ξι
2912 3075 3193 3151 scripture,
3250 3095 3451 3140 tantum
3503 3102 3611 3155 non

362 3153 612 3206 Dominus
642 3156 875 3208 restituat
913 3153 1221 3218 libertatem,
1262 3171 1387 3223 quos
1415 3153 1688 3206 admonere
1738 3154 1898 3205 voluit
1924 3193 1939 3218 ,

362 3238 451 3276 aut
490 3224 596 3278 illis
632 3226 818 3278 tribuat
858 3226 1297 3280 mansuetudinem
1318 3269 1332 3294 ,
1365 3241 1488 3294 quos
1520 3224 1797 3295 prtevalere
1824 3240 1941 3291 per-

365 3295 496 3349 mia’il
505 3334 525 3347 .

434 3372 459 3399 ⁸
509 3364 776 3419 Calcatum
827 3368 1123 3420 candidum.
1160 3366 1381 3434 Apocal.
1436 3383 1509 3431 ιι,
1567 3364 1654 3420 Π.
1711 3364 1841 3430 Qua:
1890 3373 1945 3420 et

366 3446 561 3501 quanta
603 3452 697 3504 pro
723 3452 848 3489 sana
881 3438 985 3492 lide
1019 3448 1073 3490 et
1106 3438 1195 3490 Dei
1218 3440 1361 3489 cultu
1394 3438 1533 3506 passi
1564 3437 1674 3493 sint
1719 3434 1941 3502 Hispani

368 3507 610 3560 catholici
656 3522 685 3559 a
719 3508 955 3560 barbaris
989 3508 1101 3561 istis
1132 3509 1455 3572 nationibus,
1498 3508 1766 3573 conjicere
1822 3507 1945 3560 licet

368 3592 432 3629 ex
465 3577 528 3629 iis
559 3592 675 3642 qua:
699 3578 764 3646 de
794 3577 1075 3646 VAaniIalica
1109 3581 1479 3646 persecutione
1522 3580 1733 3642 scripsit
1766 3576 1944 3646 Victor

378 3646 606 3700 Vitensis
663 3644 768 3712 (De
817 3644 965 3702 Pera.
1028 3644 1256 3714 vam),
1311 3646 1563 3701 Sidonius
1619 3645 1944 3714 Apollinaris

374 3715 513 3780 (Lib.
567 3716 920 3784 vtt,cap.6),
973 3727 1027 3772 et
1053 3717 1344 3787 Gregorius
1396 3716 1727 3771 Turonensis
1777 3714 1940 3785 (llist.

370 3789 458 3841 lib.
486 3802 548 3849 ti,
579 3804 691 3855 cap.
746 3788 902 3851 2)de
933 3801 1298 3855 persecutione
1340 3787 1570 3850 Erarici,
1625 3798 1677 3855 et
1728 3799 1945 3841 sant-tus

371 3857 599 3909 Mdorus
625 3854 836 3925 (Chron.
892 3854 1073 3927 Cotti.)
1111 3858 1180 3913 de
1221 3859 1591 3927 persecutione
1622 3854 1942 3927 Leovigildi,

371 3927 723 3980 tradiderunt.

443 3995 467 4033 δ
498 3995 596 4069 f’er
644 3999 878 4069 martyrii
910 4001 1150 4068 gratiam.
1198 4000 1451 4053 Sanctum
1484 4000 1814 4054 Clementem
1846 4013 1943 4068 pa-

373 4084 490 4133 pam
516 4068 652 4121 inter
681 4068 942 4138 martyres
969 4073 1352 4124 numerandum
1398 4086 1538 4134 esse,
1590 4079 1782 4137 pra-ter
1810 4071 1945 4123 auti-

372 4139 625 4200 qnitatnm
656 4140 851 4213 cultus,
880 4151 936 4193 et
967 4150 1233 4213 vetustam
1274 4139 1711 4213 cjus__tneinoria:
1764 4138 1946 4195 Romae

371 4219 623 4279 struetatn
652 4210 930 4264 ecclesiam
965 4212 1050 4279 (S.
1085 4210 1259 4275 Ilier.,
1294 4210 1356 4265 de
1394 4211 1501 4263 Vir.
1555 4213 1744 4264 itlnstr.
1766 4248 1783 4274 ,
1826 4226 1942 4279 cap.

376 4277 485 4342 15),
515 4289 568 4350 et
607 4282 779 4332 locum
801 4277 1043 4348 quem‘in
1074 4297 1276 4350 canoiie
1308 4283 1483 4335 ιιιὶεδω
1523 4281 1773 4350 Romamn
1800 4277 1946 4350 obti-

352 4360 485 4410 anet,
516 4347 645 4401 facit
669 4347 920 4416 expressa
945 4347 1236 4404 auctoritas
1266 4350 1460 4403 Zosimi
1491 4366 1639 4418 papa:
1667 4349 1859 4419 (Epist.
1911 4348 1946 4401 ὅ

2043 3156 2369 3224 synchrono,
2396 3166 2608 3210 exarata
2644 3159 2905 3209 habentur
2949 3155 3086 3221 apud
3135 3156 3348 3210 Surium
3406 3156 3492 3209 die
3537 3154 3608 3207 ‘29

2043 3224 2376 3287 Novembris,
2400 3235 2455 3279 et
2483 3225 2947 3295 casﬁgazius'apud
2975 3226 3033 3279 D.
3058 3226 3320 3280 Theudor.
3346 3226 3613 3288 Ruinam,
3702 3276 3711 3287 _

2046 3296 2185 3350 inter
2212 3294 2342 3350 Acta
2375 3296 2583 3349 sincera
2630 3294 2684 3348 et
2712 3298 2907 3351 st-lecta
2950 3308 3263 3366 martyrum,
3324 3311 3439 3363 pag.
3490 3296 3616 3350 109.

2048 3366 2340 3421 Venantins
2364 3366 2684 3420 Fuituuatus
2712 3366 2849 3435 (Lib.
2885 3382 2943 3429 II,
2971 3383 3133 3420 carm.
3186 3369 3239 3433 ὃ)
3282 3376 3336 3419 et
3363 3366 3620 3421 Sidonius

2044 3436 2367 3494 Apollinaris
2395 3436 2533 3504 (Lib.
2563 3452 2633 3500 ix,
2666 3440 2812 3505 epist.
2865 3438 2954 3507 115)
2979 3450 3237 3507 sanctnut
3269 3437 3613 3490 Saturninum

2046 3508 2370 3561 Tolosanum
2401 3508 2640 3561 versibus
2669 3506 3027 3562 celebrarmit.
3084 3506 3333 3576 Ejusdem
3382 3507 3622 3561 mentio-

2046 3592 2166 3646 nem
2215 3578 2338 3631 facit
2403 3586 2621 3631 sanctus
2684 3578 2974 3645 Gregorius
3034 3577 3366 3631 Turonensis
3426 3576 3617 3646 (Hist.

2046 3645 2238 3718 Franc.
2273 3647 2365 3701 lib.
2385 3663 2422 3713 ι,
2450 3664 2563 3718 cap.
2595 3647 2694 3714 50;
2722 3650 2785 3703 de
2803 3647 2950 3702 Glor.
2978 3658 3281 3718 martyrum,
3314 3649 3402 3702 lib.
3436 3645 3473 3708 ι,
3501 3663 3617 3710 cap.

2044 3716 2163 3780 28).
2193 3719 2263 3771 De
2291 3734 2475 3772 mense
2502 3716 2564 3771 ac
2584 3718 2669 3770 die
2695 3720 2954 3786 passioms
2976 3716 3143 3772 sancti
3169 3718 3439 3772 Saturnini
3463 3718 3622 3772 silent

2046 3787 2200 3859 Arta,
2226 3806 2340 3853 quae
2362 3804 2565 3859 pannum
2595 3804 2808 3857 quoque
2838 3790 3078 3859 martyrii
3103 3790 3217 3855 ejus
3260 3789 3309 3840 in
3341 3789 3504 3842 dubio
3536 3806 3621 3841 te-

2047 3858 2322 3924 lintptunt;
2356 3858 2426 3911 ita
2451 3860 2592 3911 enim
2614 3860 2809 3913 habent
2835 3876 2848 3913 :
2880 3861 3008 3912 Ante
3036 3876 3195 3912 annos
3225 3859 3616 3927 quinquaginta,

2046 3928 2176 3981 sicut
2224 3930 2349 3982 actis
2379 3929 2590 3999 publicis
2620 3931 2925 3992 continetur,
2957 3929 3010 3982 id
3041 3939 3113 3982 est
3160 3930 3311 3981 Decio
3364 3938 3410 3983 et
3466 3928 3623 3982 Grato

2047 3999 2361 4062 consulibus,
2384 4001 2513 4052 sicut
2544 3999 2685 4067 fideli
2721 4000 3071 4054 recordatione
3103 3999 3365 4060 retinetur,
3399 4000 3624 4059 primum

2048 4085 2107 4120 ac
2135 4086 2387 4123 sumntum
2408 4069 2596 4122 Christi
2626 4069 2752 4122 Toto
2783 4087 2814 4122 a
2863 4072 3039 4123 civitas
3094 4079 3325 4122 sanctum
3376 4070 3618 4123 Saturni-

2050 4156 2169 4191 num
2197 4141 2381 4194 habere
2394 4149 2611 4206 (mperat
2633 4142 2969 4194 sacerdotem.
3007 4140 3135 4205 Qute
3169 4139 3419 4195 videntur
3449 4138 3624 4204 potius

2052 4210 2288 4263 indicare
2314 4226 2509 4263 annum
2541 4224 2647 4277 quo
2668 4223 2883 4265 sanctus
2910 4209 3229 4265 Saturninus
3259 4210 3440 4262 Sedetn
3469 4224 3622 4262 suam

2050 4280 2259 4332 Tolosa:
2291 4281 2423 4343 ﬁxit,
2446 4296 2602 4347 quam
2633 4296 2828 4334 annum
2851 4297 2956 4349 quo
2979 4291 3062 4335 est
3113 4282 3370 4349 martyrio
3398 4294 3623 4333 corona-

2052 4359 2157 4401 tus.
2189 4352 2329 4404 Sane
2353 4355 2395 4404 si
2428 4351 2496 4403 de
2545 4365 2685 4422 anno
2716 4352 2952 4422 martyrii
3005 4350 3388 4422 intelligantur,
3438 4364 3627 4422 passus

371 4420 438 4469 ad
476 4420 797 4492 Africanos),
848 4421 1021 4492 ltuiini
1078 4423 1095 4490 (
1132 4419 1204 4473 De
1231 4418 1801 4492 adnlteratione__libr._
1826 4418 1948 4472 Ori-
1984 4433 2032 4492 ι)
2060 4429 2142 4473 est
2166 4435 2309 4492 anno
2336 4436 2457 4473 atrae
2488 4421 2718 4492 vulgaris
2742 4418 2938 4475 Christi
2967 4419 3095 4481 251).
3122 4491 3127 4492 γ
3153 4433 3205 4474 et
3260 4419 3625 4492 verosimilius

373 4489 557 4559 genis),
580 4501 633 4543 et
663 4490 916 4544 Ecclesia":
936 4492 1368 4559 Carthaginensis
1402 4492 1453 4544 in
1483 4506 1581 4543 suo
1601 4489 1947 4555 Kalendario,

372 4560 697 4622 eniuulllus,
750 4562 848 4613 nisi
901 4562 1170 4630 martyris,
1203 4561 1317 4614 dies
1374 4564 1569 4614 natalis
1624 4560 1947 4616 inscribitur.

376 4630 558 4697 Neque
613 4632 791 4684 obstat
838 4630 1106 4684 silentium
1168 4631 1469 4685 Kalendarii
1505 4632 1845 4694 Bucheriani,
1898 4644 1952 4685 et

377 4700 547 4753 saneti
576 4700 797 4767 Irenmi;
827 4717 946 4755 nam
973 4704 1035 4753 all
1063 4705 1360 4770 catalognni
1387 4698 1775 4757 Bttc’lterianum
1806 4703 1949 4768 quod

375 4771 586 4837 attinet,
608 4772 673 4825 ab
696 4786 760 4824 ro
788 4781 1003 4826 sanctus
1017 4771 1374 4839 TeleSpliorus
1397 4787 1549 4841 papa,
1574 4774 1953 4826 celeberrimus

378 4850 599 4910 martyr,
632 4843 830 4908 altique
883 4859 986 4895 linit
1033 4844 1185 4909 pauci
1238 4844 1383 4895 taciti
1432 4844 1948 4910 prtetermittuntur;

376 4926 601 4977 quorum
635 4928 769 4964 unus
799 4923 877 4966 est
908 4923 1125 4966 sanctus
1148 4912 1419 4977 Clemens,
1471 4913 1572 4966 nisi
1621 4912 1760 4966 forte
1814 4911 1952 4966 inter

379 4993 640 5053 martyres
678 4998 705 5034 v
743 4983 863 5053 ldus
896 4982 1214 5037 Novembris
1254 4984 1554 5037 recensitus
1602 4983 1781 5037 fuerit.
1814 4982 1952 5036 Satt-

376 5060 516 5104 ctum
549 5060 725 5106 autem
758 5052 1038 5115 Irenaittm,
1070 5054 1159 5120 qtti
1195 5054 1339 5106 Vitas
1364 5053 1727 5107 Romanorum
1779 5054 1952 5119 ponti-

379 5125 533 5174 tic'uin
560 5141 662 5176 nun
690 5126 918 5186 texebat,
943 5138 1165 5178 necesse
1196 5140 1298 5177 non
1316 5124 1638 5177 eratdocere
1660 5138 1763 5191 qua
1780 5137 1952 5177 morte

378 5194 572 5245 obierit
621 5209 841 5248 sanctus
889 5194 1157 5256 Clemens.
1192 5196 1426 5248 maxime
1456 5208 1574 5245 eum
1622 5196 1665 5247 is
1712 5192 1953 5260 pluribus

379 5271 503 5312 ante
532 5274 753 5316 mortem
780 5269 931 5319 annis
956 5266 1314 5330 pontiﬁcatum
1348 5263 1696 5318 abdicaverit.

455 5342 476 5367 ο
515 5332 755 5404 Βυιὶνὴειο
785 5337 870 5388 die.
914 5336 984 5389 ‘29
1035 5335 1351 5390 Novembris
1401 5338 1651 5388 coluntur
1693 5344 1954 5404 martyres

379 5401 673 5457 Saturnini.
701 5406 834 5457 alter
857 5407 1038 5459 Ranae
1071 5411 1149 5458 ria
1183 5408 1407 5470 Salaria,
1443 5408 1508 5458 de
1557 5422 1662 5472 quo
1695 5401 1955 5459 Kalenda-

382 5473 519 5523 riunt
579 5472 883 5537 Ftoutouis,
916 5477 1340 5531 Sacramentaria
1377 5477 1713 5529 Gelusianuiu
1743 5486 1794 5529 et
1824 5477 1954 5529 Gre—

383 5544 683 5615 gmiamim,
707 5558 755 5596 et
786 5547 1156 5615 Martyrologia
1191 5551 1356 5601 ferme
1386 5563 1510 5600 omn
1535 5562 1563 5599 a
1592 5556 1771 5613 agunt.
1808 5548 1954 5600 Alter

385 5613 705 5667 Saturninus
748 5613 1045 5670 Tolosnuus
1078 5613 1411 5686 fcpiseopns,
1458 5619 1558 5669 ritu
1604 5618 1802 5685 duplici
1858 5632 1952 5671 sex

389 5698 697 5753 capparutn,
753 5700 914 5739 missa
946 5693 1001 5740 et
1029 5685 1207 5741 cilicio
1239 5685 1455 5756 proprio
1488 5689 1538 5740 in
1567 5687 1786 5755 Missali,
1822 5691 1952 5743 Bre-

2056 4498 2139 4542 est
2167 4490 2415 4543 Tolosam
2450 4489 2661 4544 venisse
2694 4493 2990 4558 itnperante
3019 4491 3279 4557 Philippo.
3312 4491 3382 4544 At
3404 4490 3449 4542 si
3498 4504 3621 4542 cum

2052 4571 2238 4613 saneto
2269 4559 2525 4628 Gregorio
2555 4559 2849 4617 Turonensi
2880 4560 3046 4632 (Hist.
3086 4559 3278 4613 Franc.
3313 4561 3399 4632 lib.
3438 4575 3475 4623 t,
3503 4576 3619 4626 cap,

2052 4631 2145 4699 50)
2172 4632 2513 4698 intelligenda
2538 4632 2645 4685 sint
2673 4636 2737 4686 tle
2759 4630 2901 4687 anno
2932 4647 3038 4699 quo
3068 4644 3283 4683 sanctus
3306 4630 3625 4684 Saturninus

2054 4699 2262 4755 Tolosa:
2294 4702 2475 4756 sedem
2507 4703 2863 4769 episeopaletn
2893 4701 3189 4766 constituit,
3224 4700 3499 4768 probabile
3518 4709 3622 4766 est,

2053 4786 2174 4824 eum
2207 4772 2505 4839 imperante
2534 4771 2815 4828 Valeriano
2865 4777 3179 4843 martyrium
3236 4772 3451 4829 fecisse,
3481 4771 3624 4843 scii-

2056 4850 2371 4910 ptoremque
2400 4851 2639 4896 actorum
2665 4843 2929 4910 passionis
2958 4840 3076 4912 ejus
3105 4856 3166 4894 ea
3213 4856 3333 4912 quae
3359 4840 3628 4912 oculatus

2055 4913 2206 4966 testis
2234 4913 2363 4967 vidit
2391 4914 2616 4977 posteris
2647 4909 2947 4967 tradidisse.
2985 4909 3059 4967 De
3086 4911 3336 4965 Ecclesiis
3359 4910 3407 4963 in
3442 4909 3630 4975 llispa-

2055 4982 2140 5033 nia
2167 4998 2194 5033 a
2219 4996 2403 5036 saucio
2434 4983 2720 5036 Saturnino
2751 4983 3012 5047 fundatis,
3042 4981 3261 5036 consule
3290 4981 3625 5033 Ambrosium

2055 5051 2277 5106 Morales
2301 5052 2389 5113 (In
2418 5051 2688 5111 Chronico.
2722 5054 2809 5107 lib.
2849 5069 2937 5119 Ix,
2985 5069 3101 5118 cap.
3136 5050 3248 5119 14).
3280 5050 3627 5103 Fiam-iscum

2057 5124 2255 5175 l’adilla
2290 5122 2456 5191 (Hist.
2479 5124 2674 5176 Eccles.
2701 5123 2880 5190 Πήρη
2904 5135 3095 5175 rentur.
3129 5137 3165 5176 l.
3200 5137 3313 5188 cap.
3346 5119 3631 5191 ‘20),Snus-

2053 5193 2220 5262 saintu
2245 5189 2334 5258 (In
2361 5193 2729 5262 Martyrologio
2756 5192 3073 5260 Gallicana),
3108 5192 3447 5245 Frattmscuut
3467 5189 3629 5258 Diego

2057 5261 2194 5333 (Lib.
2240 5279 2273 5315 ιι
2330 5261 2512 5330 Antiq.
2542 5261 2785 5333 uacent).

2125 5331 2149 5368 ἀ
2185 5333 2448 5402 Ofﬁcium.
2477 5334 2562 5386 Ps.
2590 5349 2666 5395 tit,
2701 5330 2749 5385 ιζ
2785 5333 2847 5387 In
2870 5334 3122 5398 mandatis
3147 5334 3255 5400 ejus
3286 5332 3426 5399 cupit
3458 5330 3627 5402 nimis.

2060 5400 2237 5471 Vulg,
2254 5400 2410 5458 LXX
2433 5412 2488 5458 et
2513 5416 2730 5458 sanctus
2751 5406 3097 5473 Augustinus,
3128 5404 3253 5456 v'olet
3278 5403 3461 5473 nimis.
3484 5400 3630 5473 i‘sal-

2058 5483 2247 5528 terium
2281 5475 2600 5537 liniuanuni,
2650 5471 2858 5529 editutii
2882 5492 2909 5528 a
2950 5490 3075 5528 vett.
3124 5474 3413 5527 'I'h0uiasio
3443 5471 3628 5541 (Oper.

2056 5555 2178 5597 tam.
2212 5543 2308 5607 ΙΙ,
2354 5542 2452 5597 Ed.
2492 5545 2700 5613 Hann),
2751 5550 2891 5613 quod
2933 5544 3170 5597 Italicum
3224 5546 3497 5596 versionem
3538 5554 3633 5615 apo

2058 5616 2231 5681 pello,
2275 5616 2411 5683 cupit
2453 5618 2621 5669 nimis.
2674 5617 2990 5671 Psadenuur
3038 5615 3409 5679 Musarabum,
3456 5618 3629 5678 cupiet

2057 5703 2223 5739 ιιιηιιε.
