4058 6178
253 340 340 397 153
979 339 1267 396 MISSALE
1306 342 1572 401 Ml-XTUM
1614 342 1765 400 SEC.
1809 341 1968 397 RBG.
2032 342 2089 396 Β.
2130 341 2403 397 ISIDORI.
2442 373 2503 385 -
2535 340 2714 398 PARS
2748 340 2786 394 1.

3389 343 3495 399 154

311 457 405 512 Per
431 453 858 511 misericordiam
887 462 1030 509 tuam
1062 456 1202 511 Dens
1245 468 1429 511 noster
1460 477 1474 512 :
1510 460 1598 530 qui
1625 474 1682 514 es
1712 458 1804 513 be-
1838 459 1891 516 Α
1924 466 1981 509 et
2008 457 2277 510 doctrina.
2309 454 2425 509 Erit
2462 457 2612 511 enim
2641 466 2858 526 tempus
2884 470 3019 512 cum
3051 470 3244 512 sanam
3286 455 3497 513 ἀραί-ἰη-

253 550 481 605 nedictus
512 556 570 602 et
603 548 739 601 vivis
763 557 818 601 et
846 546 1021 601 omnia
1051 548 1192 615 regis
1223 550 1275 603 in
1314 548 1492 603 secula
1516 551 1815 604 seculorum

250 657 409 697 amen.

313 733 564 789 Dominus
592 732 663 785 sit
682 745 897 799 semper
922 729 1221 786 vobiscum.

343 823 511 877 Lectio
532 823 648 877 libri
677 821 1021 876 Ecclesiastici
1052 822 1349 876 Salomonis
1380 821 1431 894 (³ι
1463 821 1591 893 Cap.
1622 821 1712 891 L).

324 920 360 986 ἡ
382 960 396 974 .
437 918 548 971 Deo
576 916 795 987 gratias.

314 1008 400 1061 \‘ir
425 1008 525 1059 iste
566 1004 909 1060 conservavit
936 1004 1105 1073 legem
1136 1006 1230 1058 Dei
1271 1002 1467 1059 exeelSi
1494 1022 1508 1059 :
1537 1014 1589 1060 et
1618 1005 1668 1058 in
1693 1013 1813 1060 ten-

252 1100 433 1154 tatione
460 1100 706 1152 inventus
736 1107 818 1151 est
841 1095 1027 1149 ﬁdelis.
1068 1096 1134 1151 Et
1163 1096 1348 1151 statuit
1376 1097 1424 1151 ei
1458 1098 1710 1151 Dominus
1740 1105 1815 1151 te-

252 1201 563 1244 stamentum
593 1200 835 1243 eternum
864 1206 877 1241 :
911 1197 965 1243 et
993 1188 1142 1243 de‘dit
1171 1190 1242 1243 illi
1285 1191 1645 1244 sacerdotium
1688 1208 1815 1262 gen-

254 1280 350 1332 tis:
383 1288 438 1333 et
479 1280 803 1333 beatificatit
834 1279 982 1333 illum
1034 1279 1084 1332 in
1126 1280 1315 1349 gloria.
1362 1281 1423 1334 lit
1446 1281 1817 1341 circumcinxit

253 1368 383 1421 illum
411 1383 603 1422 zonam
626 1369 807 1435 gloria:
832 1384 847 1422 :
870 1378 925 1423 et
949 1370 1118 1424 induit
1140 1370 1283 1424 illum
1305 1371 1355 1424 in
1373 1370 1513 1425 vasis
1535 1371 1813 1427 virtutum.

254 1458 338 1526 Qui
368 1458 569 1512 curavit
591 1470 803 1527 gentem
838 1475 986 1513 suam
1015 1477 1029 1513 :
1060 1470 1112 1514 et
1139 1460 1380 1515 liberavit
1408 1462 1553 1516 illam
1580 1477 1607 1515 a
1641 1463 1817 1529 perni-

252 1552 333 1604 tie.
377 1550 475 1618 Qui
510 1553 775 1618 prevaluit
808 1552 1057 1607 edifit-are
1095 1552 1362 1608 civitatem
1400 1569 1415 1608 :
1457 1554 1546 1622 qui
1594 1556 1817 1623 adeptus

250 1652 321 1697 est
370 1644 597 1711 gloriam
652 1645 705 1697 in
744 1644 1153 1698 conversatione
1201 1645 1412 1713 gentis:
1451 1656 1505 1700 et
1550 1648 1817 1715 ingressus

249 1736 429 1786 domus
459 1744 512 1786 et
533 1733 654 1787 atrii
679 1732 1035 1801 amplificatus
1065 1744 1163 1788 est.
1206 1735 1367 1799 Quasi
1387 1736 1537 1790 stella
1562 1736 1813 1789 matutina

1924 562 2050 599 nam
2082 563 2192 600 non
2226 544 2581 601 sustinebunt
2609 564 2625 603 :
2650 548 2743 601 sed
2774 547 2839 600 ad
2862 563 2964 602 sua
2986 547 3253 602 desideria
3273 563 3497 604 coacer.

1922 640 2129 694 vabunt
2151 640 2255 694 sibi
2276 640 2563 708 Magistros
2588 640 2904 709 prurientes
2926 640 3153 696 auribus
3177 659 3199 693 :7
3216 651 3269 696 et
3295 656 3326 695 a
3353 642 3498 695 veri-

1924 741 2032 787 tate
2061 734 2281 802 quidem
2315 732 2566 785 auditum
2597 738 2851 785 avertent
2905 749 2919 784 :
2964 732 3029 785 ad
3060 731 3270 786 fabulas
3307 741 3498 786 autem

1922 834 2341 881 convertentur.
2374 824 2454 877 Tu
2489 838 2616 877 vero
2650 822 2813 893 vigila
2852 840 2865 875 :
2900 823 2952 875 in
2988 824 3243 876 omnibus
3280 822 3493 877 laboras

1921 917 2071 986 Opus
2102 917 2187 969 fac
2220 916 2564 986 Evangeliste
2598 933 2613 970 :
2649 915 3011 969 Ministerium
3064 923 3218 967 tuum
3246 912 3273 951 ἀ
3312 914 3494 982 imple.

1921 1010 2035 1080 Ego
2064 1010 2210 1064 enim
2241 1010 2350 1079 jam
2386 1009 2601 1062 delibor
2633 1026 2645 1060 :
2676 1017 2731 1062 et
2753 1017 2970 1073 tempus
2995 1007 3347 1059 resolutionis
3380 1020 3504 1060 mee

1924 1101 2111 1158 instat.
2147 1101 2361 1155 Bonum
2396 1110 2677 1155 certamen
2708 1100 2949 1163 certavi;
3009 1098 3169 1151 fidem
3229 1098 3441 1150 servavi
3478 1110 3499 1149 :

1923 1212 2146 1252 cursum
2173 1197 2571 1250 consummavi.
2604 1196 2662 1250 In
2718 1195 2931 1264 reliquo
2963 1193 3204 1262 reposita
3254 1198 3337 1245 est
3368 1190 3501 1243 tnihi

1923 1302 2125 1344 corona
2153 1289 2373 1358 justicie
2407 1306 2419 1341 :
2453 1303 2617 1356 quam
2645 1287 2838 1341 reddet
2865 1284 2997 1337 mihi
3032 1282 3507 1351 Dominusjustus

1920 1378 2089 1449 judex
2115 1380 2168 1432 in
2191 1379 2280 1433 die
2306 1379 2421 1433 illa.
2440 1379 2558 1432 Non
2582 1380 2758 1433 solum
2783 1388 2969 1433 autem
2992 1376 3127 1430 mihi
3157 1394 3170 1430 :
3197 1374 3293 1430 sed
3318 1383 3373 1429 et
3417 1372 3509 1427 his

1924 1471 2019 1540 qui
2053 1470 2291 1540 diligunt
2316 1470 2617 1525 adventum
2654 1470 2796 1541 ejus.

1994 1552 2039 1615 ’ἡ
2062 1595 2075 1608 .
2108 1556 2300 1611 Amen.
2756 1572 2759 1573 '

1989 1644 2140 1697 Dicat
2170 1645 2349 1698 Presb.
2382 1646 2636 1699 Dominus
2663 1645 2735 1700 sit
2757 1660 2968 1715 semper
2991 1647 3283 1704 vobiscum.

1921 1735 2092 1789 Lectio
2117 1735 2295 1789 Sancti
2307 1734 2575 1806 Evangelii
2588 1737 2865 1789 secundum
2882 1735 3067 1790 Lucam
3092 1739 3141 1807 (ε
3157 1737 3286 1806 Cap.
3304 1738 3350 1791 Χ
3359 1737 3386 1791 I
3390 1738 3493 1809 Χ).

250 1823 293 1874 in
334 1823 503 1877 media
552 1824 734 1878 nube:
764 1832 819 1877 et
843 1825 991 1891 quasi
1039 1825 1159 1879 luna
1209 1825 1357 1890 plena
1410 1826 1461 1880 in
1494 1827 1679 1881 diebus
1708 1828 1819 1881 suis
1850 1801 1897 1861 Β
1993 1828 2048 1882 lit
2077 1827 2264 1881 diebus
2291 1827 2413 1880 illis.
2452 1801 2708 1880 Dominus
2730 1838 2910 1881 noster
2949 1801 3104 1883 Je-us
3133 1801 3375 1883 Christus
3406 1801 3488 1883 Io-

251 1914 395 1966 lucet.
442 1913 509 1965 Et
529 1913 677 1978 quasi
700 1913 776 1966 sol
804 1913 1107 1981 refulgens:
1143 1915 1220 1968 sic
1253 1916 1342 1969 ille
1367 1913 1573 1969 relulsit
1601 1920 1650 1970 in
1684 1927 1819 1971 teut-

254 2004 329 2064 plo
354 2002 469 2056 Dei.
512 2004 677 2067 Quasi
705 2019 861 2059 arcus
890 2003 1157 2076 refulgens
1202 2008 1339 2061 inter
1368 2004 1587 2061 nebulas
1609 2010 1816 2076 glorie:

249 2104 295 2149 et
315 2097 464 2163 quasi
492 2096 592 2151 ﬂos
614 2113 854 2151 rosarum
882 2101 930 2151 iu
956 2100 1142 2154 diebus
1170 2101 1340 2154 verni.
1394 2101 1551 2167 Quasi
1582 2099 1688 2155 lilia
1719 2117 1821 2170 que

249 2199 360 2241 sunt
388 2189 442 2242 in
477 2191 703 2243 transitu
731 2205 905 2257 aque:
943 2200 997 2245 et
1023 2193 1171 2259 quasi
1198 2192 1319 2245 thus
1349 2193 1597 2247 redolens
1626 2194 1676 2248 in
1703 2195 1816 2249 die-

250 2278 336 2331 bus
379 2281 594 2334 estatis.
657 2281 818 2347 Quasi
867 2282 1003 2351 ignis
1050 2282 1357 2352 refulgens:
1388 2293 1440 2337 et
1470 2284 1594 2337 thus
1626 2285 1820 2340 ardens

250 2368 365 2436 igni.
406 2370 575 2436 Quasi
609 2385 702 2423 vas
730 2370 844 2424 auri
889 2370 1151 2424 solidum:
1182 2382 1427 2426 omatum
1466 2373 1612 2427 omni
1652 2375 1822 2443 lapide

255 2462 515 2526 prerioso.
538 2461 699 2526 Quasi
730 2462 867 2514 oliva
900 2461 1200 2530 pullulans:
1231 2473 1287 2517 et
1311 2478 1595 2532 cypressus
1622 2464 1671 2517 in
1702 2464 1821 2517 alti-

252 2553 478 2605 tudinem
512 2568 572 2606 se
605 2554 818 2608 tollens.
863 2553 918 2607 lu
944 2553 1256 2623 accipiendo
1284 2556 1453 2623 ipsum
1487 2556 1677 2609 stolam
1703 2558 1821 2625 glo-

250 2646 374 2698 riae:
415 2654 471 2699 et
519 2644 699 2699 vestiri
749 2648 1205 2701 consummatione
1229 2649 1459 2702 virtutis.
1512 2650 1563 2701 lu
1596 2663 1820 2702 ascensu

250 2737 422 2789 altaris
449 2738 627 2791 sancti
655 2754 667 2789 :
696 2738 918 2806 gloriam
947 2738 1090 2792 dedit
1120 2741 1418 2792 sanctitatis
1445 2739 1712 2793 amictam.
1765 2739 1822 2792 lu

247 2827 554 2896 accipiendo
582 2839 759 2883 autem
788 2838 964 2895 partes
990 2829 1057 2884 de
1080 2845 1240 2883 manu
1268 2830 1596 2883 sacerdotis:
1627 2839 1681 2884 et
1708 2829 1824 2897 ipse

250 2930 391 2973 stans
419 2920 571 2985 juxta
614 2935 759 2974 aram
787 2924 926 2976 circa
971 2923 1116 2975 illum
1152 2937 1346 2977 corona
1373 2922 1615 2977 fratrum.
1659 2923 1822 2990 Quasi

247 3012 501 3080 plantatio
528 3012 673 3066 cedri
699 3014 750 3066 in
781 3021 966 3069 monte
991 3014 1192 3067 Libano
1218 3032 1231 3067 :
1260 3016 1337 3069 sic
1364 3014 1502 3069 circa
1538 3014 1682 3068 illum
1715 3025 1824 3068 ste-

248 3114 418 3158 terunt
459 3106 613 3174 quasi
660 3107 795 3177 r,.mi
846 3110 898 3160 in
934 3110 1123 3174 palma.
1157 3107 1395 3162 Porrexit
1424 3124 1637 3181 multum
1668 3124 1817 3162 suam

248 3195 293 3246 in
323 3195 580 3251 libatione
607 3214 620 3248 :
654 3205 709 3250 et
753 3198 931 3251 libavit
966 3199 1035 3253 tle
1075 3200 1331 3269 sanguine
1359 3215 1462 3253 uve
1487 3218 1501 3253 :
1526 3210 1580 3255 et
1605 3199 1740 3255 fudit
1769 3201 1819 3253 in

248 3284 648 3342 fundamentum
693 3288 879 3343 altaris
918 3290 1135 3344 odorem
1165 3291 1402 3345 divinum
1436 3293 1648 3347 excelso
1677 3292 1822 3362 prin-

247 3379 363 3444 cipi.
410 3378 567 3432 Tunc
595 3379 1029 3434 exclamaverunt
1060 3380 1150 3434 lilii
1180 3384 1354 3435 Aaron
1382 3399 1396 3437 :
1435 3382 1487 3435 in
1530 3383 1672 3436 tubis
1703 3398 1824 3449 per-

247 3469 531 3527 duetiltbns
577 3483 904 3528 souaverunt
932 3491 944 3525 :
976 3487 1029 3528 et
1075 3475 1307 3527 auditam
1354 3476 1597 3529 fecerunt
1636 3488 1820 3527 vocem

248 3562 297 3614 in
322 3566 639 3618 memoriam
681 3581 859 3619 coram
910 3566 1041 3621 Deo.
1101 3567 1175 3635 ti}.
1206 3566 1398 3621 Amen.
1443 3566 1594 3621 Dicat
1638 3566 1819 3622 Presb.

248 3653 499 3709 Dominus
528 3656 599 3709 sit
630 3671 843 3727 semper
868 3659 1165 3712 vobiscum.
1200 3658 1224 3695 ι
1258 3657 1557 3712 Psallendo.
1594 3658 1824 3712 Posuisti

247 3756 401 3813 super
422 3757 586 3815 caput
618 3746 735 3815 ejus
758 3764 1011 3803 Coronam
1033 3751 1100 3805 de
1124 3750 1299 3820 lapide
1330 3750 1592 3817 precioso.
1637 3751 1669 3819 ᾗ
1695 3749 1826 3806 .Su-

248 3852 339 3904 per
366 3840 609 3892 salutare
639 3848 783 3894 tuum
817 3841 1038 3897 Domine
1064 3843 1325 3897 exultabit
1358 3842 1704 3897 vehementer
1730 3842 1823 3898 de-

246 3924 497 3982 siderium
546 3930 723 3981 anime
750 3930 868 3995 ejus
909 3930 1103 3985 dedisti
1140 3931 1228 3986 ei:
1258 3941 1311 3986 et
1354 3933 1627 3986 voluntate
1666 3931 1825 3985 labio-

246 4031 354 4071 I'um
389 4019 513 4092 ejus
555 4036 660 4075 non
688 4020 939 4077 fraudasti
969 4024 1039 4079 ei.
1088 4022 1155 4077 Ρ.
1203 4024 1489 4081 CorOuant.
1540 4024 1719 4079 Presb.
1742 4025 1829 4080 Si-

249 4108 464 4164 lentium
498 4111 676 4167 facite.

249 4223 521 4293 Sequentia
554 4225 782 4294 Epistolc
818 4226 975 4281 Pauli
1007 4228 1232 4369 Αἵῖἥοῖἰ
1258 4230 1325 4281 ad
1360 4227 1678 4283 Timotheum
1709 4227 1823 4298 (II,

860 4310 1017 4367 ccap.
1144 4308 1149 4313 '
1220 4340 1232 4352 .

860 4310 882 4337 ε
904 4315 1017 4367 cap.
1044 4308 1172 4352 ΗΠ
1191 4308 1232 4367 ).

332 4393 369 4459 ti
394 4434 407 4445 .
438 4393 549 4448 Deo
572 4392 796 4463 gratias.

1925 1917 2189 1987 quebatur
2218 1916 2495 1984 discipulis
2522 1916 2633 1970 suis
2661 1930 2713 1971 et
2740 1917 2909 1970 turbis
2937 1918 3145 1973 dicens.
3186 1919 3355 1973 llomo
3385 1918 3494 1988 qui-

1920 2008 2039 2062 dam
2074 2006 2268 2060 nobilis
2298 2006 2427 2061 abiit
2471 2006 2523 2060 in
2570 2006 2837 2074 regionem
2882 2008 3222 2079 longitquam
3253 2009 3497 2077 accipere

1920 2101 2020 2154 sibi
2052 2114 2273 2170 regnum
2316 2109 2370 2151 et
2410 2096 2620 2153 reverti.
2667 2098 2878 2152 Vocatis
2907 2109 3083 2154 autem
3112 2099 3297 2153 decem
3329 2100 3500 2156 servis

1921 2192 2070 2246 suis:
2102 2192 2247 2245 dedit
2279 2192 2385 2245 illis
2416 2192 2599 2245 decem
2626 2206 2799 2246 muas.
2845 2192 2909 2245 Et
2936 2191 3008 2245 ait
3028 2193 3091 2245 ad
3122 2191 3265 2247 illos.
3326 2191 3501 2261 Nego-

1921 2281 2133 2338 ciamini
2155 2284 2277 2335 dtttn
2302 2282 2475 2335 venio.
2516 2282 2673 2337 Cives
2711 2294 2886 2337 autem
2915 2284 3031 2351 ejus
3060 2285 3283 2338 oderant
3310 2285 3454 2339 illum
3481 2303 3497 2338 :

1921 2383 1976 2429 et
2007 2373 2266 2429 miserunt
2309 2373 2624 2442 legationem
2655 2384 2771 2442 post
2798 2390 2917 2428 eum
2942 2375 3201 2428 dicentes.
3244 2374 3430 2428 Nolum
3472 2390 3503 2429 s

1924 2468 2061 2520 hunc
2112 2481 2337 2535 regnare
2386 2479 2547 2533 super
2590 2482 2706 2518 nos.
2769 2465 2834 2517 Et
2878 2465 3068 2517 factum
3103 2476 3185 2518 est
3215 2475 3271 2517 ut
3301 2464 3501 2517 rediret

1920 2566 2139 2625 accepto
2190 2571 2401 2627 regno:
2462 2555 2617 2624 jttSsit
2664 2554 2842 2609 vocari
2890 2569 3074 2610 servos
3120 2555 3311 2622 quibus
3354 2554 3501 2608 dedit

1923 2651 2200 2719 pecuniam
2231 2668 2243 2702 :
2289 2660 2345 2703 ιιι
2377 2650 2539 2703 sciret
2568 2658 2819 2718 quantum
2853 2649 2969 2717 quis
2995 2647 3303 2718 negociatus
3333 2656 3494 2699 esset.

1922 2743 2078 2798 Venit
2104 2753 2277 2797 autem
2309 2743 2511 2811 primus
2542 2742 2725 2796 dicens
2755 2759 2767 2795 :
2818 2741 3073 2795 Domine:
3119 2756 3240 2793 mna
3283 2752 3366 2793 tua
3397 2741 3497 2793 de-

1920 2849 2035 2889 cem
2068 2850 2218 2888 muas
2262 2832 2562 2903 acquisivit.
2609 2833 2673 2885 Et
2701 2832 2775 2886 ait
2802 2832 2899 2886 ili.
2950 2833 3093 2901 Euge
3137 2845 3289 2885 serve
3320 2830 3501 2884 bone:

1921 2925 2045 2994 quia
2079 2923 2132 2978 in
2159 2924 2367 2978 modico
2409 2923 2578 2977 fidelis
2601 2921 2743 2976 fuisti
2774 2939 2787 2975 ε
2818 2924 2925 2976 eris
2957 2929 3264 2989 potestatem
3298 2920 3501 2974 habens

1921 3031 2080 3084 supra
2128 3015 2313 3069 decem
2361 3012 2626 3067 civitates.
2671 3012 2734 3066 Et
2772 3012 2907 3066 alter
2948 3012 3093 3065 venit
3135 3012 3316 3064 dicens
3356 3010 3505 3064 :llo-

1926 3107 2105 3160 mine:
2140 3122 2259 3159 mna
2291 3114 2376 3159 tua
2406 3102 2529 3157 fecit
2558 3101 2789 3172 quinque
2818 3116 2989 3155 muas.
3034 3103 3094 3154 lit
3137 3100 3257 3154 huic
3294 3100 3385 3154 ait.
3433 3099 3503 3153 Et

1927 3208 1979 3251 tu
2027 3206 2144 3251 esto
2190 3210 2350 3261 supra
2390 3192 2620 3263 quinque
2667 3191 2929 3245 civitates.
2989 3190 3054 3243 Et
3090 3190 3221 3244 alius
3250 3189 3395 3244 venit
3422 3190 3503 3242 di-

1926 3302 2071 3342 cens.
2118 3285 2342 3339 Domine
2366 3300 2380 3337 :
2408 3297 2534 3337 ecce
2578 3298 2699 3335 mna
2750 3290 2835 3333 tua
2866 3298 2879 3333 :
2912 3295 3067 3348 quam
3100 3280 3258 3333 habui
3290 3279 3501 3348 reposi-

1928 3387 2030 3431 tam
2060 3375 2113 3429 itt
2136 3374 2373 3430 sudario.
2413 3372 2586 3428 Timui
2617 3371 2756 3427 enim
2786 3369 2905 3438 quia
2934 3370 3092 3423 homo
3121 3379 3368 3425 auster-us
3395 3385 3454 3424 es
3484 3386 3499 3423 :

1928 3468 2067 3523 tollis
2093 3468 2230 3536 quod
2264 3482 2367 3519 non
2400 3463 2622 3533 posuisti
2648 3481 2661 3516 :
2691 3470 2745 3516 et
2775 3460 2932 3516 metis
2973 3460 3112 3527 quod
3144 3476 3247 3513 non
3272 3458 3504 3514 semina-

1924 3559 2013 3614 sti.
2058 3557 2194 3611 Dicit
2222 3555 2290 3611 ei.
2339 3555 2414 3609 De
2456 3570 2551 3608 ore
2598 3563 2687 3607 tuo
2729 3562 2781 3608 te
2825 3551 3007 3619 judico
3035 3566 3186 3605 set-ve
3228 3565 3498 3620 nequam:

1926 3649 2132 3705 sciebas
2173 3648 2294 3715 quia
2336 3662 2434 3714 ego
2463 3656 2708 3700 austeros
2752 3644 2915 3699 homo
2945 3660 3062 3699 sum
3090 3662 3102 3697 :
3140 3644 3331 3699 tollens
3359 3642 3499 3711 quod

1928 3759 2033 3799 non
2068 3743 2217 3811 posui
2252 3758 2265 3792 :
2294 3750 2341 3794 et
2375 3750 2585 3794 metens
2613 3738 2753 3806 quod
2784 3754 2892 3791 non
2921 3736 3216 3792 semiuavi:
3257 3746 3310 3790 et
3338 3749 3508 3805 quare

1928 3859 2032 3897 non
2065 3838 2259 3896 dedisti
2289 3840 2565 3906 pecuniam
2597 3851 2769 3890 meant
2798 3835 2864 3888 ad
2898 3849 3171 3888 mensam:
3213 3842 3265 3886 et
3291 3846 3389 3901 ego
3411 3845 3506 3884 ve-

1930 3933 2081 3988 niens
2106 3945 2227 3983 eum
2260 3928 2434 3981 usuris
2466 3927 2644 3992 utique
2672 3925 2971 3993 exegissem
3002 3923 3182 3977 illam?
3222 3922 3285 3975 Et
3321 3930 3505 3974 astan-

1930 4030 2069 4084 tibus
2097 4027 2249 4081 dixit.
2290 4022 2511 4078 Auferte
2556 4023 2623 4075 ab
2673 4022 2764 4075 illo
2808 4036 2985 4074 mnam
3014 4040 3025 4072 :
3059 4030 3112 4073 et
3156 4020 3279 4074 date
3316 4021 3386 4073 illi
3416 4020 3509 4088 qtti

1928 4122 2113 4174 decem
2160 4130 2311 4171 muas
2357 4114 2536 4167 habet.
2580 4113 2645 4165 Et
2670 4112 2921 4165 dixerunt
2946 4111 3017 4163 ei.
3063 4109 3511 4163 Dominc:habet

1928 4211 2112 4266 decem
2144 4222 2315 4262 muas.
2360 4206 2487 4258 Dico
2517 4213 2693 4257 autem
2721 4201 2909 4254 vobis:
2942 4201 3065 4269 quia
3108 4200 3250 4252 omni
3286 4200 3506 4255 habenti

1930 4302 2140 4358 dabitur
2168 4310 2221 4353 et
2268 4297 2573 4351 abundabit.
2635 4295 2715 4348 Ab
2743 4308 2808 4347 eo
2850 4302 3025 4346 autem
3056 4291 3144 4360 qui
3169 4305 3274 4343 non
3305 4290 3506 4344 habet:

1930 4406 1984 4451 et
2012 4394 2150 4463 quod
2198 4390 2357 4445 habet
2402 4387 2673 4442 auferetur
2721 4384 2787 4437 ab
2828 4398 2913 4437 eo.
2958 4382 3371 4443 Verumtamen:
3406 4380 3507 4435 iui-

315 4486 667 4540 Charissime.
716 4485 909 4541 Omnis
946 4483 1206 4552 scriptura
1245 4482 1495 4537 divinitus
1528 4482 1781 4548 inspirata
1809 4500 1822 4535 :
1855 4500 1903 4560 ι)
1932 4487 2099 4541 micos
2126 4497 2273 4536 meos
2298 4480 2418 4533 illos
2444 4478 2531 4547 qui
2561 4476 2844 4531 noluerunt
2872 4488 2957 4528 me
2976 4486 3200 4543 regnare
3225 4486 3385 4541 super
3403 4485 3462 4526 se
3487 4487 3501 4524 :

251 4577 392 4631 utilis
421 4588 523 4632 est.
576 4578 655 4632 Ad
686 4578 1006 4632 docendum.
1055 4576 1133 4629 Ad
1162 4575 1515 4643 arguendutn.
1550 4575 1628 4628 Ad
1657 4575 1796 4627 corri

248 4670 502 4735 gendum.
544 4671 623 4724 Ad
668 4670 1018 4724 erudiendum
1059 4667 1111 4721 in
1147 4666 1355 4736 justieia
1397 4685 1409 4719 :
1457 4676 1515 4720 ut
1560 4666 1823 4734 perfectus

249 4758 311 4809 sit
336 4762 497 4815 homo
525 4762 615 4815 Dei
649 4779 664 4815 :
698 4762 761 4814 ad
789 4776 948 4816 Omne
975 4774 1109 4826 opus
1147 4760 1341 4813 bonum
1374 4758 1686 4813 instructus.
1724 4759 1828 4812 Te-

249 4851 451 4905 stilicor
482 4870 664 4907 coram
700 4856 806 4906 Deo
850 4861 905 4907 et
946 4852 1159 4907 Christo
1188 4851 1349 4907 Jesu:
1375 4854 1465 4922 qui
1496 4851 1832 4920 judicaturus

252 4952 335 4995 est
357 4944 505 4998 vivos
535 4954 589 4999 et
618 4956 854 4999 mortuos
879 4961 894 5001 :
918 4958 967 4998 et
989 4945 1271 4998 adventum
1292 4943 1459 5012 ipsius
1486 4961 1500 4996 :
1523 4953 1577 4998 et
1606 4960 1824 5010 regnum

252 5032 383 5098 ejus.
437 5035 543 5106 24
566 5036 784 5090 Predir-a
813 5036 1052 5090 verbum.
1089 5037 1246 5090 Iusta.
1289 5037 1602 5104 Opportune
1630 5037 1831 5104 impor-

256 5133 401 5180 tune.
463 5134 682 5195 Argue:
714 5130 980 5184 obsecra:
1027 5131 1241 5199 increpa
1291 5130 1344 5184 in
1386 5128 1528 5182 omni
1577 5129 1828 5198 patientia

328 5260 353 5287 ⁸
381 5262 506 5329 Cap.
554 5266 617 5316 L.
648 5264 771 5317 llaec
804 5261 1079 5330 prophetia
1125 5270 1208 5316 est
1253 5272 1410 5315 cento
1455 5270 1707 5314 consutus
1755 5276 1826 5316 ex

262 5327 562 5399 ﬁgmentis
590 5335 708 5388 libri
764 5327 1147 5393 Ecclesiastit'i.
1198 5348 1319 5393 cap.
1377 5346 1517 5394 κων,
1571 5330 1672 5395 20;
1704 5346 1822 5399 cap.

264 5415 380 5465 va,
409 5404 477 5469 8;
503 5421 619 5474 cap.
650 5421 702 5469 ι,
729 5407 783 5471 lt,
812 5406 900 5466 Η,
936 5405 1025 5467 l6,
1053 5402 1139 5456 19.
1160 5403 1320 5474 Initio
1344 5402 1589 5467 adjicitur
1609 5403 1685 5453 vir
1708 5403 1820 5467 iste,

263 5474 394 5543 quod
423 5479 485 5529 ad
514 5475 807 5543 Scriptura?
831 5485 1031 5528 textum
1062 5490 1164 5526 ttou
1195 5473 1445 5543 pertinet.

327 5541 352 5578 δ
380 5541 672 5600 Psallendo.
702 5548 790 5600 Ps.
822 5560 911 5603 xx.
936 5546 992 5608 4,
1037 5545 1065 5611 ᾖ
1092 5581 1107 5595 .
1139 5543 1292 5606 lbid.,
1324 5541 1378 5602 2,
1412 5541 1464 5594 ὖ.

334 5626 355 5653 ε
388 5618 505 5685 Cap.
532 5616 651 5669 111.
692 5619 841 5669 \‘ers.
880 5616 962 5677 lli,
990 5616 1053 5667 ad
1075 5629 1193 5685 cap.
1222 5630 1294 5677 tv,
1320 5627 1461 5666 vers.
1488 5613 1540 5685 8.

328 5688 350 5719 ’³
391 5679 568 5755 Ιηὶριε.
599 5690 763 5741 Addit
815 5687 1065 5749 Vulgata,
1111 5679 1311 5737 sobrius
1358 5679 1822 5755 esto._Ambro_sia-

262 5764 363 5809 Her
394 5752 502 5830 legit
536 5776 548 5813 :
583 5759 662 5812 Tu
694 5774 810 5812 vero
852 5760 1051 5812 sobrias
1103 5766 1231 5823 ccta,
1263 5756 1313 5807 in
1343 5753 1570 5807 omnbus
1609 5752 1828 5818 patiens,

1929 4574 2179 4629 adducite
2208 4572 2311 4625 huc
2343 4586 2361 4627 :
2389 4579 2445 4624 et
2486 4567 2769 4623 interficite
2803 4574 2929 4619 ante
2956 4578 3065 4619 me.
3094 4563 3193 4628 Qui
3225 4560 3388 4616 habet
3410 4577 3506 4614 au-

1932 4688 2043 4726 rem
2073 4668 2325 4723 audiendi
2355 4667 2552 4720 audiat.

2011 4760 2535 4917 llal..tiAtt'tIt‘:.nAIlelnja.
2582 4848 2655 4916 ᾗ.
2680 4845 2757 4899 Tu
2793 4860 2852 4899 es
2892 4840 3154 4898 Sacerdos
3181 4841 3232 4896 iu
3263 4846 3509 4894 eteruum

1935 4944 2229 5001 secundum
2260 4940 2499 4995 ordinem
2542 4936 2932 4992 Melchisedech
2955 4932 3188 5002 alleluja.

2007 5046 2031 5083 Β
2066 5034 2415 5102 Sacri/icium.
2445 5031 2606 5084 Stans
2623 5027 2887 5082 Sacerdos
2915 5026 2978 5077 ad
3007 5026 3173 5078 altare
3200 5023 3251 5075 in
3283 5020 3510 5076 circuitu

1936 5128 2095 5198 ejus:
2148 5139 2347 5180 corona
2396 5123 2618 5176 fratrum
2661 5117 2812 5189 quasi
2857 5132 3073 5186 germen
3122 5114 3401 5168 cedrorutu
3450 5109 3505 5163 in

1935 5277 2064 5325 Opas
2097 5263 2181 5329 [ac
2237 5255 2572 5329 Ettaggclistat
2596 5294 2611 5318 ,
2651 5250 2991 5329 ministerium
3028 5256 3170 5329 tanta
3213 5242 3510 5329 i‘ntple.g‘At

1935 5314 2135 5394 Graeci,
2163 5329 2312 5397 Syr..
2338 5314 2672 5379 Pritttasioet
2701 5323 2943 5397 pluribus
2977 5317 3177 5372 Latinis
3223 5314 3511 5369 Codtctbus

1935 5403 2048 5455 lucc
2073 5395 2253 5458 verba.
2288 5397 2488 5449 sobrius
2518 5406 2645 5451 esto.
2681 5395 2893 5445 desunt.

2004 5482 2027 5509 ε
2060 5471 2187 5539 Cap.
2221 5466 2383 5523 XIX.
2418 5466 2575 5539 Vers.
2605 5461 2791 5515 12-27.

2007 5540 2025 5580 τ
2060 5534 2260 5593 Lauda.
2294 5540 2379 5591 i’s.
2413 5551 2520 5596 Ωιι.
2549 5534 2603 5586 .4.

2000 5621 2024 5659 8
2058 5610 2402 5676 Sacri/icium.
2450 5608 2521 5659 Plx
2558 5598 2965 5667 Eccledastico,
3006 5611 3124 5667 cap.
3165 5612 3218 5663 ι,
3276 5595 3361 5651 15.
3428 5596 3502 5667 ᾖ.

1931 5680 2083 5747 una,
2119 5679 2172 5743 6,
2200 5682 2252 5744 7,
2293 5678 2425 5743 8,9.
