4058 6178
526 293 628 351 155

1265 290 1556 346 MISSALE
1596 286 1862 344 MIXTUM
1900 284 2049 343 SEC.
2091 286 2251 343 REG.
2296 288 2355 343 Β.
2398 287 2669 345 ISIDORI.
2701 316 2771 329 —-
2805 285 2982 342 PARS
3022 285 3061 340 Ι.

3673 286 3777 342 156

524 408 727 462 Libano
755 424 771 461 :
796 402 1265 461 circumdederunt
1310 418 1431 455 eum
1480 402 1616 455 sicut
1650 400 1869 455 arbores
1899 399 2095 467 palma-
2123 404 2173 458 Δ
2204 404 2415 457 nomine
2454 401 2794 457 beatissimus
2818 400 3158 463 Saturninus,
3205 398 3400 453 Praesul
3432 408 3487 453 et
3534 398 3733 469 Iiartyr
3760 414 3780 454 :

527 504 769 551 rumzet
814 494 1005 547 obtulit
1052 493 1376 545 oblationem
1433 490 1657 545 Domino
1707 492 1759 544 in
1811 501 2098 556 conspectu

524 589 767 641 universe
789 583 1041 639 Ecclesiae
1069 582 1302 648 alleluja.
1333 583 1367 651 Ῡ
1393 623 1409 639 .
1427 582 1700 637 Exaltatus
1729 591 1813 637 est
1834 582 2098 650 refulgens

523 684 577 730 tn
607 678 805 743 templo
835 675 964 730 Dei:
998 674 1149 743 quasi
1180 676 1335 728 stella
1364 674 1620 728 matutina
1646 674 1697 728 in
1714 674 1832 727 med
1845 674 1892 726 ia
1920 674 2095 726 nube:

522 780 577 823 et
601 770 741 823 sicut
767 771 891 825 luna
923 769 1077 835 plena
1122 766 1173 820 in
1201 766 1392 821 diebus
1422 769 1571 823 suis:
1610 766 1746 820 sicut
1769 781 1925 820 arcus
1956 764 2099 833 pacis

522 862 831 915 illuminaus
876 861 927 913 in
976 858 1205 913 nubibus
1243 859 1430 927 gloria:
1455 874 1469 912 :
1495 866 1552 912 et
1580 858 1877 912 sicutoliva
1905 857 2101 925 germi-

525 970 657 1009 nans
712 954 939 1007 fructmn
971 954 1178 1021 accepit
1212 951 1406 1005 stolam
1446 960 1708 1006 sanctam.
1744 948 1811 1005 Ρ.
1847 951 1912 1004 Et
1938 951 2099 1003 obtu-

523 1049 583 1103 lit
611 1048 952 1101 oblationem.

600 1137 778 1192 Missa.
829 1139 1072 1207 lllaguutn
1122 1136 1275 1190 nobis
1318 1150 1533 1202 semper
1567 1135 1813 1190 festivum
1849 1139 1871 1167 ³
1901 1133 2097 1190 summi

522 1229 788 1294 pontificis
827 1238 880 1278 et
929 1226 1181 1295 martyris
1210 1223 1483 1278 Saturnini
1522 1239 1536 1275 :
1572 1225 1763 1278 fratres
1792 1224 2097 1278 cltatissimi

520 1321 768 1386 dcpensis
796 1320 1019 1372 fideliter
1044 1319 1291 1383 precibus
1317 1319 1627 1371 excolamus
1652 1333 1665 1368 :
1689 1316 1779 1385 qui
1807 1316 2100 1370 Salvatoris

522 1413 689 1468 nostri
723 1423 970 1482 precepta
1003 1412 1310 1466 custodiens
1337 1427 1349 1463 :
1382 1425 1488 1466 non
1534 1410 1708 1464 solum
1739 1409 2097 1463 sacerdotium

517 1520 582 1560 ac
609 1504 710 1558 vite
752 1503 1138 1558 beatitudinem
1188 1503 1419 1555 meruit:
1451 1501 1544 1555 sed
1576 1502 1737 1555 etiam
1771 1501 1900 1554 tanti
1932 1500 2099 1553 bono-

518 1598 594 1650 ris
640 1594 878 1648 officintu
931 1594 1065 1649 felici
1115 1594 1375 1664 martyrio
1416 1594 1772 1648 consecravit.
1832 1592 1915 1647 Ad
1944 1594 2098 1659 cujus

522 1686 846 1748 presentiam
895 1694 1042 1738 tanto
1090 1685 1378 1738 demonum
1416 1685 1677 1752 sagacitas
1707 1685 1901 1739 timore
1927 1685 2098 1739 conti-

2197 493 2320 546 dum
2355 495 2507 547 litare
2548 493 2657 546 aris
2704 493 3002 547 demonicis
3051 491 3227 544 renuit
3260 505 3277 545 :
3310 490 3373 543 ad
3405 490 3720 558 Capitolium
3748 507 3777 544 a

2198 584 2367 637 turbis
2397 583 2678 636 attrahitur
2712 602 2725 636 :
2757 580 3084 649 furentisque
3116 580 3255 633 tauri
3285 580 3551 649 supplicio
3583 597 3777 636 conse-

2198 683 2392 726 cratur.
2420 672 2498 726 Tu
2529 676 2646 739 ejus
2673 673 2876 726 meritis
2902 670 3242 723 offerentium
3291 671 3504 739 suscipe
3526 680 3644 722 vota
3680 687 3694 722 :
3725 675 3782 722 et

2199 778 2384 818 omnes
2426 765 2479 817 in
2507 778 2792 818 commune
2842 777 2939 829 pro
2967 775 3051 814 tua
3099 760 3483 830 justificatioue
3538 776 3779 814 eonnnu-

2200 857 2338 911 nica.
2365 856 2480 921 Quo
2511 856 2744 909 exauditi
2772 872 2867 924 pro
2896 856 3048 908 nobis
3094 856 3330 925 requiem
3360 857 3523 909 etiam
3553 856 3693 925 apud
3726 864 3781 908 te

2201 963 2505 1002 mereamur
2532 949 2816 1020 impetrare
2842 946 3097 1004 defuncti.

2285 1038 2323 1105 ἡ
2344 1078 2358 1092 .
2392 1042 2584 1093 Amen.

2272 1128 2351 1180 Ad
2371 1145 2565 1198 pacem.
2596 1128 2794 1181 Oratio.
2828 1127 3036 1181 Chrism
3068 1128 3206 1182 Deus
3235 1127 3471 1181 omnium
3492 1127 3781 1197 gratiarum

2201 1220 2420 1289 largitor
2449 1238 2463 1274 :
2492 1220 2635 1302 qui:1
2655 1221 2878 1287 primum
2911 1235 2975 1274 ac
2997 1235 3261 1272 summum
3287 1220 3568 1273 'l'olosanre
3590 1218 3780 1272 civita-

2203 1310 2269 1361 tis
2316 1309 2568 1363 Sanctum
2606 1308 2955 1363 Saturninum
2995 1309 3338 1363 Sacerdotem
3371 1307 3667 1363 iuSIituiSIi.
3704 1307 3784 1361 Ad

2199 1400 2350 1468 cujus
2400 1401 2831 1467 praedicationem
2894 1410 3054 1469 atque
3083 1400 3329 1453 virtutem
3359 1400 3430 1452 ita
3479 1413 3573 1453 ora
3600 1400 3789 1453 demo-

2199 1506 2324 1544 num
2348 1491 2608 1544 siluerunt
2632 1507 2644 1543 :
2668 1501 2723 1543 ut
2742 1505 2802 1544 se
2822 1490 3213 1544 consulentium
3237 1490 3534 1544 cultoribus
3554 1490 3663 1543 suis
3688 1488 3788 1543 ob-

2199 1592 2373 1637 strusa
2403 1583 2564 1635 veluti
2592 1582 2832 1637 absentia
2852 1584 3225 1650 probarentur.
3246 1581 3322 1633 Tu
3341 1596 3434 1633 ora
3460 1590 3637 1634 nostra
3663 1596 3788 1647 pre-

2199 1675 2355 1727 couio
2397 1688 2521 1729 vere
2564 1672 2950 1741 predicationis
3000 1673 3217 1740 acciuge
3248 1682 3302 1727 et
3346 1672 3602 1727 viciorum
3634 1673 3783 1725 inso-

516 1746 658 1831 cuit:
681 1784 737 1829 ut
765 1777 924 1844 largis
944 1775 1180 1829 victimis
1208 1776 1435 1830 invocati
1462 1746 1650 1829 :solila
1674 1774 1968 1830 cultoribus
1984 1777 2095 1829 suis
2132 1746 2175 1805 Β
2206 1765 2424 1820 lentim"
2453 1765 2751 1820 Simllllales
2782 1780 2809 1818 il
2835 1764 3030 1818 ηοειτίε
3054 1764 3354 1830 pectoribus
3382 1764 3577 1833 ahllce-
3611 1761 3677 1818 υι
3711 1764 3783 1817 ila

521 1882 781 1934 responsa
816 1883 918 1922 non
951 1867 1259 1922 redderent.
1311 1867 1474 1936 Cujus
1511 1866 1591 1922 rei
1621 1866 1892 1937 gentilitas
1922 1868 2101 1924 furore

521 1973 780 2014 succensa
807 1959 1266 2027 comprehendere
1291 1975 1305 2013 :
1339 1957 1405 2013 ad
1434 1957 1751 2027 supplicium
1780 1972 1978 2013 vesano
2018 1958 2100 2012 fu-

518 2065 643 2105 rore
688 2064 793 2103 non
842 2049 1054 2103 timuit:
1084 2064 1241 2119 quem
1288 2036 1342 2103 in
1371 2049 1465 2103 Dei
1494 2048 1829 2103 confessione
1851 2057 2103 2103 constan-

520 2150 627 2195 tem
672 2142 959 2195 evincere:
992 2138 1254 2208 presentis
1295 2140 1483 2194 mortis
1530 2139 1965 2194 interminatione
1993 2154 2098 2195 non

517 2232 706 2295 potuit.
753 2232 981 2286 Proinde
1028 2231 1286 2287 debemus
1330 2232 1381 2285 in
1434 2230 1563 2285 tanti
1608 2234 1858 2302 martyris
1884 2232 2093 2287 laudem

519 2323 629 2377 lteo
665 2322 784 2375 vivo
830 2334 881 2376 et
927 2322 1244 2395 placationis
1291 2321 1518 2375 hostiam
1569 2321 1822 2375 adolere:
1853 2336 1960 2390 quo
2004 2336 2100 2390 per

523 2416 664 2470 hunc
685 2417 892 2469 cunctis
925 2416 1079 2470 nobis
1110 2414 1379 2484 impartiat
1409 2416 1548 2482 quod
1593 2425 1844 2484 rogatur:
1870 2416 1960 2484 qui
2007 2431 2099 2483 per

516 2523 638 2563 eum
660 2506 808 2562 dedit
839 2509 1045 2577 populis
1073 2526 1085 2561 :
1122 2523 1228 2578 quo
1272 2508 1420 2562 solus
1469 2508 1520 2561 in
1547 2508 1814 2562 Triuitate
1845 2508 2099 2569 Dominus

515 2601 850 2656 crederetur.
892 2606 1080 2655 Amen.

586 2693 724 2746 Atia.
753 2690 779 2728 δ
818 2692 1033 2746 Debitas
1071 2690 1166 2745 tibi
1194 2692 1419 2747 Domine
1451 2703 1638 2746 eterne
1667 2691 1948 2746 referimus
1978 2708 2100 2762 gra-

514 2784 649 2838 tias:
683 2792 738 2837 et
790 2782 913 2836 Jesu
956 2782 1169 2838 Christo
1222 2782 1334 2837 filio
1391 2794 1482 2837 tuo
1535 2783 1760 2837 Domino
1795 2793 1999 2838 nostro.
2042 2785 2096 2838 ln

515 2875 669 2943 cujus
720 2872 1122 2928 similitudinem
1179 2874 1520 2928 leatissimus
1566 2875 1924 2929 Saturninus:
1970 2875 2096 2928 dum

513 2966 674 3021 olfert
697 2966 999 3019 victimant:
1048 2964 1161 3033 ipse
1188 2974 1270 3017 est
1312 2964 1547 3018 victima.
1592 2964 1830 3033 Dumque
1857 2964 1963 3036 25
1991 2965 2098 3019 ele.

2203 1859 2349 1928 pacis
2396 1867 2742 1913 monumento
2792 1858 3229 1913 convalescamus
3271 1858 3337 1911 ad
3370 1857 3601 1911 invicem
3634 1874 3647 1909 :
3678 1871 3787 1925 quo

2202 1951 2326 2004 dum
2368 1965 2428 2006 ea
2458 1966 2575 2017 qua:
2620 1949 2956 2020 predicamus
2978 1950 3314 2003 sermonibus
3345 1965 3358 1999 :
3392 1961 3556 2015 Opere
3586 1946 3784 2014 imple-

2203 2040 2444 2095 vcrimns
2468 2057 2480 2093 :
2511 2040 2576 2094 ad
2597 2050 2645 2095 te
2672 2040 2762 2109 qui
2778 2053 2838 2093 es
2861 2038 3145 2094 retributor
3165 2037 3494 2107 justissimus
3519 2038 3634 2092 sine
3654 2052 3788 2091 con-

2202 2134 2412 2187 fusione
2442 2135 2837 2204 pervcniamus.
2867 2137 3057 2190 Amen.

2274 2246 2491 2302 lutatio.
2524 2248 2749 2318 Dignum
2784 2258 2837 2303 et
2863 2249 3063 2318 justum
3093 2259 3174 2304 est
3204 2266 3217 2302 :
3242 2249 3502 2318 optimum
3532 2265 3661 2305 sane
3676 2258 3785 2318 est,

2202 2342 2460 2411 nobisque
2490 2342 2703 2409 speciali
2736 2343 3017 2396 devotione
3048 2342 3379 2410 praecipuum
3418 2358 3432 2394 :
3468 2351 3522 2396 ut
3547 2342 3640 2395 tibi
3674 2342 3785 2395 Do-

2202 2431 2345 2485 mine
2373 2433 2702 2484 inccssanter
2733 2433 2930 2500 gratias
2964 2446 2979 2482 :
3011 2431 3136 2484 dum
3168 2441 3430 2501 martyres
3470 2440 3588 2485 tuos
3617 2431 3783 2485 mira-

2201 2524 2381 2579 biliter
2400 2523 2692 2577 excolimus
2717 2521 3033 2576 referamus.
3058 2521 3241 2589 Neque
3261 2524 3401 2575 enim
3432 2521 3651 2577 Domine
3678 2522 3786 2576 dia-

2203 2616 2360 2669 bolici
2394 2615 2585 2668 furoris
2610 2616 2861 2683 impetum
2891 2616 3135 2667 humana:
3173 2614 3480 2697 fragilitatis
3502 2614 3785 2669 infirmitas

2202 2707 2497 2760 sustineret
2523 2722 2536 2758 :
2562 2703 2664 2759 nisi
2696 2705 2993 2770 subjectum
3025 2705 3358 2760 inimicoium
3391 2707 3782 2760 tentationibus

2200 2812 2435 2865 corpus:
2467 2797 2645 2850 anima
2695 2796 2988 2864 spiritualis
3014 2798 3291 2852 evinceret
3336 2815 3351 2852 :
3403 2800 3616 2865 tuisque
3644 2812 3781 2853 con-

2201 2890 2405 2943 firmata
2435 2888 2688 2943 doctrinis
2738 2889 3055 2943 imbecillum
3107 2890 3388 2944 babi'acnli
3440 2891 3521 2943 sui
3552 2891 3785 2945 domici-

2203 2984 2330 3037 lium
2363 2982 2481 3036 fidei
2513 2980 2804 3035 munimine
2846 2981 3139 3035 roboraret.
3176 2980 3304 3034 Nam
3327 2996 3444 3035 cum
3496 2984 3780 3049 praesentia

511 3066 630 3110 ctus
677 3055 783 3125 agit
826 3054 1137 3124 martyrium
1184 3054 1409 3108 dev0tus
1459 3055 1729 3123 implevit:
1764 3067 1818 3109 ut
1851 3071 1945 3124 per
1970 3056 2092 3110 emi-

2201 3072 2452 3128 antistitis
2477 3074 2547 3126 tui
2575 3080 2629 3126 et
2657 3072 2906 3141 martyris
2933 3071 3206 3127 Saturnini
3252 3072 3459 3141 garrula
3487 3072 3781 3127 demonum

512 3147 747 3202 nentiam
800 3147 1021 3216 iustitia:
1067 3158 1227 3215 atque
1284 3148 1519 3202 victoria:
1561 3159 1615 3203 et
1665 3150 1816 3204 testis
1854 3149 2007 3205 fleret
2037 3159 2090 3205 et

512 3242 757 3295 antistes.
801 3239 855 3293 in
880 3254 984 3308 quo
1015 3240 1299 3309 proficiens
1327 3240 1448 3295 fidei
1477 3241 1721 3308 latitudo,
1753 3242 1880 3296 dum
1904 3244 2091 3298 cathe-

513 3329 666 3384 dram
706 3329 942 3399 suscepit
985 3330 1324 3398 sanctitatis,
1367 3346 1617 3385 coronam
1666 3334 1838 3401 rapuit
1888 3333 2091 3403 passio.

517 3423 619 3475 tris.
653 3434 674 3462 ε
704 3422 910 3476 Probus
940 3423 1004 3475 ad
1036 3422 1269 3476 offirium
1297 3441 1310 3475 :
1355 3424 1629 3492 improbus
1656 3425 1720 3478 ad
1746 3426 2090 3495 triumphum.

515 3514 649 3568 Dum
688 3516 906 3581 ungitur
952 3528 1314 3567 eouswrans:
1349 3515 1473 3567 dttm
1517 3515 1775 3568 occiditur
1811 3532 2095 3571 conStecra-

513 3616 622 3660 tur.
660 3605 811 3659 Prius
844 3605 965 3659 fidei
1015 3605 1294 3674 predicans
1335 3621 1621 3661 sermone:
1656 3619 1770 3672 post
1814 3611 2090 3679 sanguine.

517 3697 714 3751 Ductor
761 3699 825 3753 ad
872 3700 1161 3752 altarium:
1213 3701 1381 3753 vietor
1428 3700 1493 3753 ad
1544 3716 1783 3771 regnum.
1818 3702 2001 3757 Erexit
2027 3705 2094 3759 ad

515 3787 770 3844 laudem:
822 3805 955 3856 quos
994 3792 1203 3845 erudiat
1250 3791 1315 3845 ad
1364 3791 1611 3847 salutem.
1652 3793 1944 3849 Ambulans
1969 3811 2095 3851 vere

511 3880 577 3932 de
610 3880 895 3934 virtutibus
927 3883 978 3936 in
1009 3884 1278 3939 virtutem.
1311 3885 1377 3941 Ut
1405 3888 1495 3955 qui
1526 3891 1934 3945 conversatione
1962 3906 2095 3947 cun-

512 3969 709 4023 tulerat
749 3968 1120 4028 intellectuin':
1170 3978 1437 4033 conferret
1484 3986 1946 4036 consummatione
1984 3983 2095 4037 suf-

510 4059 760 4126 fragium.
798 4064 1048 4119 Obtineat
1094 4067 1252 4136 igitur
1286 4069 1422 4124 Deus
1462 4070 1683 4126 Summe
1723 4073 1862 4140 apud
1893 4084 1942 4128 te
1965 4074 2099 4129 dare

512 4153 726 4206 mist-ris
778 4155 1165 4226 indulgentiam
1221 4169 1339 4228 post
1391 4161 1692 4215 delictum:
1752 4166 1840 4232 qui
1893 4165 2094 4219 meruit

513 4247 1027 4315 postSacerdoIinm
1059 4254 1238 4308 subire
1270 4258 1605 4325 martyrium.

595 4339 633 4406 ἢ
655 4378 669 4393 .
713 4343 903 4393 Amen.

2194 3166 2486 3234 laquacitas
2508 3163 2743 3218 siluisset
2774 3180 2789 3217 :
2821 3179 2991 3232 neque
3020 3164 3208 3217 solutis
3251 3164 3488 3217 latrarent
3507 3180 3599 3217 ora
3628 3163 3785 3217 falla-

2192 3259 2289 3315 ciis
2315 3276 2328 3311 :
2363 3258 2426 3311 ad
2474 3272 2597 3311 aras
2639 3256 2922 3311 demonum
2951 3256 3220 3311 horrendo
3248 3257 3462 3325 gentilis
3493 3258 3675 3327 populi
3702 3258 3787 3311 fu-

2194 3366 2317 3405 rore
2346 3358 2646 3419 pertractus
2673 3361 2748 3402 est
2780 3366 2793 3413 ;
2823 3362 2877 3403 et
2908 3364 3028 3404 eum
3075 3350 3380 3404 sacrificare
3401 3350 3589 3404 mortis
3618 3350 3787 3404 inter-

2197 3442 2487 3496 minatione
2511 3441 2901 3509 ccunpnlernnt.
2933 3440 3011 3495 Ad
3041 3443 3195 3508 cujus
3222 3442 3498 3510 imperium
3529 3457 3785 3511 repressa

2197 3533 2483 3585 demonum
2538 3545 2757 3583 suorum
2814 3528 3018 3584 fallacia
3052 3531 3327 3586 siluissent
3352 3550 3364 3585 :
3392 3533 3481 3601 qui
3510 3547 3631 3586 cum
3661 3547 3790 3586 cor-

2199 3631 2407 3690 rcptnm
2442 3631 2465 3659 ⁸
2493 3621 2559 3675 ad
2588 3622 2905 3690 Capitolium
2935 3622 3231 3680 ducerent:
3264 3631 3318 3677 et
3341 3622 3522 3678 Sancti
3554 3624 3789 3692 Spiritus

2197 3715 2337 3767 dono
2371 3721 2670 3781 presentem
2702 3712 2904 3778 peritur
2931 3714 3107 3765 carnis
3130 3714 3349 3767 exitium
3381 3728 3485 3767 non
3514 3724 3737 3782 paveret
3765 3732 3785 3768 :

2198 3810 2251 3855 te
2294 3818 2455 3855 unum
2507 3800 2560 3854 in
2607 3800 2870 3855 Trinitate
2895 3801 3177 3856 Dominum
3227 3804 3498 3856 confiteri:
3535 3805 3585 3857 in
3638 3811 3794 3859 tanta

2198 3908 2448 3961 perverse
2478 3892 2642 3959 plebis
2673 3889 2691 3928 ί
2721 3890 2982 3945 seditione
3005 3908 3108 3944 non
3143 3893 3335 3946 timuit.
3361 3893 3441 3947 Ad
3466 3893 3617 3962 cujus
3651 3909 3797 3947 cono

2196 3982 2448 4036 stantiam
2473 3979 2647 4035 acrior
2672 3981 2904 4036 nefande
2931 3983 3326 4037 vociferationis
3351 3985 3763 4037 tumultuserar
3782 4014 3800 4028 -

2195 4074 2266 4127 sit
2316 4092 2327 4126 :
2360 4076 2411 4128 itt
2442 4088 2626 4129 necem
2677 4073 2965 4128 beatissimi
3004 4075 3309 4129 Sacerdotis
3351 4086 3571 4130 cunctus
3612 4092 3799 4145 popu-

2197 4170 2279 4221 lus
2322 4167 2479 4221 unico
2527 4167 2760 4220 clamore
2807 4168 3099 4234 conspirat.
3134 4167 3302 4237 Cujus
3333 4168 3498 4235 pedes
3538 4170 3800 4237 protinus

2194 4259 2422 4312 vinculis
2454 4258 2774 4324 inliganles:
2810 4258 2874 4311 ad
2909 4260 3200 4325 posteriora
3246 4263 3383 4314 tauri
3429 4277 3587 4328 quem
3621 4261 3801 4315 victi-

2195 4367 2279 4405 nte
2303 4360 2713 4419 procuraverant
2735 4351 2956 4406 nefanda
2976 4363 3190 4407 nectere
3207 4353 3508 4408 temeritate
3530 4369 3634 4406 non
3667 4365 3803 4407 tre-

580 4431 708 4486 Post
736 4436 965 4487 nomina.
995 4436 1191 4487 Oratio.
1233 4436 1451 4491 Domine
1481 4438 1604 4493 Jesn
1636 4441 1884 4496 Ciuis-tu:
1918 4445 2004 4511 qui
2028 4459 2086 4499 es
2124 4462 2171 4520 Ι)
2199 4444 2376 4511 pidant
2409 4460 2422 4495 :
2464 4459 2696 4513 eumque
2744 4445 3041 4499 acrioribus
3089 4445 3318 4499 stimulis
3352 4446 3692 4501 verberatum
3770 4466 3792 4506 :

505 4521 793 4576 ineffabilia
839 4524 1091 4579 bonitas:
1122 4537 1173 4579 et
1214 4527 1406 4581 invicta
1442 4540 1674 4596 potestas
1734 4548 1746 4584 :
1790 4549 1885 4600 pro
1936 4536 2091 4603 cujus
2199 4547 2250 4590 et
2273 4522 2623 4591 multitudinis
2650 4539 2885 4592 clamore
2905 4554 3221 4593 succensum
3247 4554 3339 4607 per
3362 4539 3559 4605 gradus
3582 4540 3804 4609 quibus

581 4660 606 4731 ξ
655 4656 855 4731 Summi
906 4654 1195 4723 Pontiﬁcis.
1238 4656 1556 4731 Episcopum
1610 4660 1868 4731 intelligo.
1924 4663 2079 4716 Anti-

504 4727 722 4795 qniures
742 4725 1105 4795 episcopatum
1154 4730 1346 4779 snunni
1407 4725 1690 4784 sacerdotii
1721 4725 2073 4786 ininismrinnt

505 4800 678 4869 (Sacr.
706 4794 928 4869 Ceius”
982 4796 1035 4848 iu
1101 4797 1216 4849 ord.
1249 4798 1428 4868 episc.)
1451 4839 1467 4864 ,
1510 4803 1839 4855 sacerdotale
1863 4805 2076 4857 eultnen

508 4866 732 4930 (Minui.
802 4867 1071 4937 Ambros,
1131 4883 1183 4919 tu
1235 4866 1417 4937 prmia
1453 4870 1621 4924 missa:
1671 4873 1781 4925 ard.
1843 4872 1906 4927 S.
1959 4874 2079 4926 Am-

502 4938 705 5007 brosii),
737 4946 786 4989 et
817 4934 960 5007 ipsos
984 4936 1264 5007 episcopos
1292 4934 1528 4992 summos
1544 4940 1809 4995 antistites
1831 4942 1916 4996 fS.
1951 4942 2073 5005 Leo,

500 5027 600 5065 ser.
654 5005 721 5079 id
742 5007 805 5079 de
820 5006 1086 5079 _Qttadrag
1112 5005 1157 5079 ),
1209 5022 1446 5079 summos
1470 5011 1774 5066 sacerdotes
1827 5012 1980 5079 (Acta
2012 5014 2074 5069 S.

503 5078 794 5141 Saturnini,
818 5074 979 5149 Ten”
1011 5074 1370 5149 debaptismo,
1402 5095 1518 5147 cap.
1567 5081 1682 5149 1⁸1),
1714 5074 1954 5138 summos
1985 5085 2079 5138 Dei

501 5151 808 5205 sacerdotes
840 5147 1024 5214 (Coac.
1050 5145 1165 5201 Tot.
1200 5162 1272 5217 tr,
1292 5164 1337 5200 ε.
1369 5145 1479 5215 t7),
1526 5145 1765 5205 summos
1798 5156 2081 5217 pontifices

536 5220 682 5273 Pass.
716 5217 969 5281 Μαι-συί..
1014 5219 1156 5285 apud
1207 5216 1595 5282 Mabtllouium,
1628 5216 1859 5276 Analect.
1907 5234 2008 5278 cel.
2041 5234 2082 5279 t.

545 5288 611 5356 V,
641 5308 695 5358 p.
722 5288 872 5359 1&6),
907 5298 961 5344 et
980 5291 1244 5343 similibus
1266 5290 1526 5343 honorum
1546 5291 1717 5344 titulis
1737 5308 1929 5347 ornare
1951 5310 2083 5349 con-

498 5372 805 5413 suevernnt.

570 5427 863 5499 t{Definitum
914 5431 1124 5485 Initiqu
1173 5429 1330 5499 hujus
1382 5433 1640 5487 orationis
1684 5432 1869 5487 eadem
1915 5445 1999 5489 est
2029 5433 2082 5489 in

503 5497 921 5572 Gallo-Gothico
947 5501 1088 5556 Edit.
1116 5497 1307 5565 Paris.,
1342 5517 1462 5572 pag.
1494 5501 1621 5557 219.

572 5571 597 5601 ο
627 5565 849 5644 Probus.
889 5570 1077 5644 Lege:
1125 5565 1439 5644 Probus-ad
1479 5575 1738 5641 ofﬁcium,
1779 5577 1971 5644 probus
2014 5576 2083 5630 ad

496 5639 835 5707 triumphum,
850 5640 989 5711 dum
1011 5643 1155 5711 ungit
1176 5659 1492 5706 consecrant,
1515 5639 1650 5696 idum
1676 5639 1927 5701 occiditur
1955 5663 2084 5701 con-

496 5720 745 5780 secratur,
782 5708 923 5767 prius
956 5708 1384 5777 ﬁdei'doctrinam
1399 5715 1683 5783 prwdicans
1702 5732 1953 5785 sermone,
1970 5728 2084 5790 post

2182 4682 2451 4736 sanguine.

2253 4736 2279 4773 ἀ
2317 4738 2544 4791 Primum
2590 4756 2650 4791 ac
2691 4755 2966 4793 sumntum.
3002 4738 3124 4791 [Luc
3179 4754 3244 4792 ex
3301 4740 3435 4791 actis
3486 4739 3803 4806 desumpta

2182 4818 2326 4869 sunt,
2357 4826 2496 4876 quae,
2528 4813 2572 4863 si
2600 4822 2769 4871 vacat,
2804 4809 3026 4873 confer;
3063 4809 3116 4862 in
3143 4811 3204 4861 iis
3228 4810 3371 4861 enim
3404 4824 3521 4877 qua:
3550 4810 3603 4862 in
3652 4827 3810 4867 ora-

2184 4880 2422 4932 tionibus
2453 4883 2586 4934 etin
2620 4882 2860 4933 illatione
2909 4885 3230 4943 reteruntur,
3262 4880 3328 4933 de
3357 4883 3527 4933 Sancti
3584 4884 3815 4937 Satur-

2184 4947 2289 5000 nini
2324 4952 2580 5013 martyrio
2610 4952 2838 5004 tideliter
2861 4949 3126 5016 descripta
3159 4953 3415 5003 invenies.

2262 5023 2285 5049 °
2318 5020 2397 5072 Ad
2445 5020 2777 5090 Capitolium.
2827 5020 2942 5074 Non
2972 5025 3131 5072 modo
3160 5018 3367 5082 Runiar,
3400 5021 3492 5073 sed
3517 5023 3684 5075 etiam
3730 5025 3807 5081 in

2189 5090 2470 5159 praecipuis
2497 5093 2814 5159 quibusdam
2846 5093 3241 5155 provinciarum
3284 5090 3591 5144 civitatibus
3618 5108 3817 5154 erant

2186 5157 2469 5235 Capitolia.
2499 5157 2728 5235 maxime
2759 5164 2811 5214 in
2844 5162 2903 5214 iis
2934 5175 3053 5235 qua:
3069 5160 3305 5235 colonia;
3328 5159 3816 5235 Romamedigui-

2189 5238 2298 5284 tate
2329 5232 2655 5284 fruebantur.
2691 5231 2890 5284 Praeter
2938 5230 3259 5283 Tolosanum
3295 5231 3415 5293 huc,
3449 5234 3587 5297 apud
3636 5230 3818 5291 εἶξε-ε-

2192 5314 2369 5367 pmres
2428 5303 2673 5370 leguntur
2713 5300 3054 5370 Carthagine,
3109 5302 3324 5369 Capuze,
3357 5300 3641 5364 Narbonaa,
3673 5307 3819 5361 Au-

2191 5380 2358 5434 gustae
2385 5370 2801 5437 Vindelicorum,
2848 5371 3114 5433 Treveris,
3136 5386 3243 5425 etc.
3299 5371 3429 5425 Vide
3483 5373 3818 5434 llarOnium

2193 5438 2283 5517 (fu
2342 5444 2474 5517 notis
2522 5445 2589 5517 ad
2648 5441 3243 5517 yartyrotogiunt._die
3404 5439 3756 5513 Novembris)
3799 5493 3821 5517 ,

2194 5513 2527 5582 Glossarium
2556 5512 2624 5565 du
2654 5511 2873 5577 Fresne,
2902 5511 3063 5566 verbo
3108 5511 3416 5580 Capitolium
3442 5554 3456 5575 ,
3501 5511 3820 5582 aliosqu‘e;

2268 5580 2287 5620 ί
2322 5582 2603 5637 Seditione.
2638 5583 2750 5635 Non
2773 5586 2913 5635 enim
2942 5584 3202 5636 sententia
3231 5583 3453 5652 judicis,
3504 5586 3600 5639 sed
3633 5580 3808 5645 seui-

2196 5656 2340 5710 tione
2362 5653 2529 5724 plebis
2557 5654 2622 5708 ad
2648 5653 2966 5723 supplicium
2999 5663 3183 5722 raptus
3206 5664 3304 5708 est.
