4058 6178
325 357 427 411 Ιῖἱῖ

1078 351 1369 408 MISSALE
1413 351 1686 409 MIXTUM
1726 349 1874 407 SEC.
1922 347 2084 403 RBG.
2129 350 2187 403 Β.
2233 350 2503 408 ISIDORI.
2536 383 2605 393 —
2635 354 2813 412 PARS
2853 355 2888 410 Ι.

3508 366 3607 419 138

321 470 647 542 Capitolium
687 468 1115 524 descendebatur
1166 469 1316 523 turba
1362 469 1661 538 precipitat.
1710 477 1737 506 κ
1786 466 1909 523 Sta-
1941 468 1990 525 Α
2024 465 2187 519 Deum
2229 469 2570 523 commendet
2602 488 2615 523 :
2650 470 2738 538 qui
2767 471 3085 539 supplicium
3136 473 3335 530 nullum
3370 480 3605 547 patimur

326 570 533 637 timque
581 573 719 619 mter
749 564 894 630 ipsos
918 562 1194 630 primordii
1227 562 1425 630 gradus
1462 560 1789 616 :confractis
1817 573 1912 613 ca-

330 659 460 725 pitis
511 655 860 725 compagibus
910 654 1082 709 soluta
1128 656 1334 709 cerebri
1387 655 1593 708 interna
1623 652 1915 707 dissiliunt.

334 750 449 805 Nec
484 748 628 817 prius
660 748 896 801 lacerum
929 761 1123 812 corpus
1151 746 1284 800 trahi
1317 746 1523 801 destitit
1551 763 1562 799 :
1598 761 1754 814 quam
1786 760 1917 813 rup-

329 852 419 895 tus
452 839 735 894 fructuosis
763 837 1007 890 cursibus
1030 834 1168 890 funis
1212 837 1414 890 conlisa
1445 836 1650 888 tumqu
1675 834 1912 888 membra

326 935 552 987 iasaret.
592 929 985 995 Victriccmqne
1012 929 1244 982 animam
1275 936 1329 983 et
1361 929 1591 997 gloriosa
1626 925 1914 993 professio-

323 1043 396 1080 ne
424 1027 707 1080 sublimem
734 1042 747 1076 :
782 1024 847 1075 ad
874 1023 1025 1076 beate
1047 1021 1189 1076 sedis
1204 1022 1546 1075 amenilatem
1572 1021 1908 1074 tendentem:

326 1120 380 1170 in
417 1118 660 1169 llabrabe
683 1114 1074 1181 suscipiendam
1096 1114 1303 1181 gremio
1326 1127 1545 1166 securus
1574 1111 1772 1167 emisit.
1804 1111 1913 1166 Un-

321 1207 393 1261 de
421 1209 611 1259 merito
637 1215 861 1260 cunctus
886 1205 975 1257 ille
1003 1204 1243 1271 angelice
1290 1202 1718 1273 congregationis
1749 1219 1910 1257 exer-

324 1299 463 1352 citus
497 1316 511 1353 :
546 1298 599 1351 in
630 1297 728 1350 hac
784 1298 1036 1366 martyris
1064 1296 1136 1349 tui
1169 1298 1551 1364 congressione
1580 1315 1592 1349 :
1617 1306 1761 1350 tuam
1809 1296 1909 1347 Do-

323 1392 469 1444 mine
497 1390 689 1444 diebus
736 1403 800 1443 ac
844 1387 1090 1442 noctibus
1116 1386 1364 1441 virtutem
1414 1386 1758 1457 magniﬁcare
1802 1398 1909 1475 wn

318 1480 518 1534 desinit
549 1496 564 1537 :
604 1482 941 1548 proclamans
970 1490 1129 1547 atque
1155 1478 1225 1532 ita
1252 1478 1463 1532 dicens.

394 1575 542 1627 Dicat
572 1572 791 1627 Chorus.
819 1573 884 1627 Sa
893 1581 1045 1627 nctus
1060 1617 1065 1623 .

391 1664 518 1719 Post
546 1664 796 1718 Sanctus.
829 1662 969 1717 Vere
1006 1674 1224 1717 sanctus
1250 1679 1264 1715 :
1292 1660 1562 1730 gloriosus
1593 1667 1821 1727 :potens
1850 1667 1908 1713 et

317 1755 655 1811 admirabilis
702 1755 959 1809 Dominus
1014 1762 1197 1808 noster
1247 1752 1405 1807 Jesus
1452 1749 1698 1807 Christus
1761 1749 1900 1803 ﬁlius

2024 568 2241 626 propter
2284 559 2462 613 ﬁdem.
2502 560 2566 613 Ut
2606 576 2729 629 spes
2759 578 2853 616 nos
2897 579 3001 616 non
3054 562 3309 619 destituat
3332 569 3602 626 miseros:

2019 667 2155 720 quos
2187 667 2292 706 nou
2348 651 2514 706 efﬁcit
2540 652 2730 705 eﬁ'nsio
2760 656 3037 723 sanguinis
3080 656 3366 725 gloriosos.
3426 662 3603 728 Atque

2022 743 2245 798 recreati
2277 758 2370 811 per
2398 755 2665 797 momenta
2693 761 2706 796 :
2730 744 2926 797 divinis
2958 747 3300 800 consolemur
3334 751 3603 802 sermoni-

2020 832 2116 886 bus
2144 849 2301 888 :cum
2351 834 2416 887 ad
2449 834 2616 887 Deum
2648 837 3154 902 proclamaverimus
3177 854 3207 891 e
3238 840 3415 891 tt-rris.
3447 840 3607 894 Pater

2021 938 2203 982 noster
2241 930 2328 994 qui
2377 944 2433 981 es
2468 929 2521 981 in
2551 929 2722 983 caelis.

2090 1021 2408 1074 Benedictio.
2441 1021 2687 1075 Cbrisms
2738 1020 2987 1075 Dominus
3013 1038 3026 1075 :
3049 1020 3204 1088 cujus
3234 1036 3425 1075 nomen
3476 1020 3607 1075 bea-

2016 1113 2252 1167 tissimus
2282 1114 2600 1167 Saturninus
2632 1113 2772 1167 inter
2796 1113 3001 1168 furores
3026 1114 3263 1178 gentium
3295 1114 3438 1166 clara
3469 1127 3602 1166 voce

2014 1206 2290 1264 confessus
2310 1215 2393 1258 est
2424 1205 2779 1257 :conliteatur
2826 1206 3038 1257 nomina
3071 1215 3244 1257 vestra
3285 1218 3465 1258 coram
3500 1205 3599 1257 Ρα-

2016 1311 2094 1352 tre
2121 1313 2219 1351 suo
2238 1309 2292 1351 et
2314 1313 2495 1351 coram
2529 1298 2746 1363 Angelis
2776 1297 2913 1364 ejus.
2958 1299 2995 1359 ti}
3020 1339 3033 1351 .
3054 1297 3246 1351 Amen.

2083 1389 2289 1457 Quique
2313 1389 2363 1442 in
2389 1388 2697 1456 prtedictum
2724 1400 3008 1458 martyrem
3036 1388 3281 1440 habitans
3300 1386 3601 1441 simulacris

2011 1479 2307 1533 demonicis
2334 1478 2535 1531 ademit
2573 1491 2890 1544 responsum
2924 1494 2938 1529 :
2982 1478 3097 1546 ipse
3137 1477 3470 1531 orationibus
3510 1490 3604 1531 ve-

2010 1569 2138 1623 stris
2160 1568 2365 1636 aperiat
2393 1583 2490 1623 sue
2515 1568 2726 1636 pietatis
2746 1568 3007 1622 auditum.
3048 1568 3086 1636 ti
3107 1608 3122 1622 .
3150 1570 3343 1622 Amen.

2086 1661 2154 1717 Ut
2174 1676 2293 1714 cum
2329 1674 2397 1714 eo
2416 1668 2537 1728 post
2566 1658 2695 1712 illud
2717 1658 2957 1711 secutum
2984 1658 3145 1711 vitam
3179 1656 3458 1711 retineatis
3480 1670 3602 1725 per-

2016 1762 2226 1819 petuam
2253 1765 2268 1803 :
2301 1749 2370 1800 ob
2398 1747 2554 1816 cujus
2582 1760 2822 1801 amorem
2872 1750 3138 1815 presentis
3163 1745 3269 1802 diei
3314 1745 3602 1802 celebratis

318 1862 442 1904 tuus
476 1866 491 1903 :
531 1849 684 1918 cujus
726 1849 833 1918 26
859 1847 1255 1903 confessionem
1285 1847 1337 1901 in
1362 1847 1683 1918 martyribus
1731 1846 1905 1900 illatus
1942 1813 1985 1873 Β
2014 1838 2279 1894 so'ennia.
2328 1836 2363 1902 ἢ
2386 1874 2400 1888 .
2435 1840 2627 1889 Amen.

314 1943 465 1997 furor
497 1956 602 1994 non
632 1940 865 1994 admittit
913 1957 926 1993 :
952 1939 1215 2008 eujusque
1246 1952 1482 1993 amorem
1525 1937 1907 1992 insanientium

313 2032 582 2087 cruciatio
614 2048 721 2085 non
752 2031 1035 2100 extinguit.
1087 2031 1256 2100 Hujus
1285 2030 1464 2098 itaque
1486 2045 1682 2085 nomen
1716 2029 1911 2084 beatis-

314 2128 488 2178 simus
519 2124 842 2179 Saturninus
891 2130 1093 2192 martyr
1125 2132 1249 2176 tuus
1276 2138 1289 2175 :
1316 2134 1369 2176 et
1420 2132 1546 2176 ante
1590 2120 1908 2188 supplicium

315 2217 643 2287 praedicavit
675 2226 770 2270 :et
797 2215 939 2287 inter
984 2215 1245 2284 supplicia
1280 2230 1382 2268 non
1437 2213 1741 2283 denegavit.
1774 2213 1907 2267 Cum

310 2308 757 2379 persequentium
782 2282 1142 2360 ciicumdatus
1168 2306 1409 2361 obicibus
1437 2324 1451 2359 :
1475 2317 1798 2373 coactusque
1830 2319 1912 2357 sa-

309 2403 561 2457 criﬁcare
588 2401 909 2455 demonibus
943 2400 1120 2453 renuit
1144 2417 1157 2453 :
1180 2408 1231 2453 te
1256 2413 1421 2453 unum
1450 2407 1504 2451 et
1530 2412 1713 2451 verum
1741 2396 1909 2450 Deum

309 2510 445 2548 voce
466 2495 613 2548 clara
641 2509 698 2546 se
732 2502 956 2546 testatus
986 2503 1065 2544 est
1106 2490 1326 2545 credere
1358 2505 1373 2543 :
1399 2504 1492 2558 pro
1523 2504 1629 2557 quo
1663 2488 1823 2542 etiam
1856 2492 1911 2540 ct

308 2590 545 2641 animam
578 2588 755 2654 posuit
786 2599 952 2646 usuue
982 2584 1045 2635 ad
1091 2596 1316 2635 mortem
1359 2599 1371 2633 :
1403 2596 1498 2650 per
1525 2580 1697 2650 ipsum
1723 2577 1908 2633 Domi-

309 2694 439 2732 num
474 2691 539 2729 ac
573 2675 985 2740 Redemptorem
1026 2684 1293 2727 eternutn.

380 2768 511 2821 Post
533 2767 717 2836 pridie.
739 2766 991 2820 Oblatum
1017 2766 1108 2817 tibi
1129 2765 1230 2817 hoc
1247 2762 1568 2817 sacriﬁcium
1590 2761 1730 2817 Deus
1748 2760 1908 2815 Pater

308 2858 364 2912 in
399 2858 560 2927 hujus
605 2857 858 2927 martyris
908 2858 979 2908 tni
1008 2856 1281 2911 Saturnini
1313 2854 1638 2908 solennitate
1682 2868 1907 2907 serenus

307 2966 531 3021 accepta
560 2971 573 3006 :
609 2963 663 3007 et
684 2954 829 3006 illius
878 2950 1163 3005 invisibilis
1213 2952 1385 3021 gratie
1416 2958 1503 3004 tua
1533 2949 1907 3004 benedictione

310 3046 609 3101 sanctifica.
649 3046 714 3098 Et
740 3045 881 3098 sicut
930 3045 1068 3098 idem
1121 3053 1325 3111 martyr
1376 3040 1789 3109 participatione
1817 3051 1903 3096 tua

2086 1931 2188 1985 Per
2216 1926 2640 1983 miscricordiam
2698 1924 2868 1993 ipsius
2901 1924 2994 1979 Dei
3048 1923 3220 1979 nostri
3246 1924 3335 1991 qui
3384 1922 3512 1978 vivit
3542 1932 3602 1978 et

2013 2024 2189 2077 omnia
2213 2022 2348 2092 regit
2370 2022 2421 2075 in
2452 2018 2631 2075 secula
2663 2017 2989 2072 seculorum.
3032 2017 3072 2082 ti
3093 2055 3109 2070 .
3140 2018 3332 2071 Amen.

2088 2117 2190 2171 Hic
2217 2118 2354 2170 dicat
2400 2114 2597 2170 Chorus
2630 2130 2648 2167 :
2676 2114 2901 2169 Gustata
2927 2121 2984 2167 et
3006 2113 3207 2168 videte.
3263 2112 3445 2166 Oratio
3485 2120 3599 2182 post

2014 2209 2441 2263 communionem.
2486 2207 2775 2261 Gustantes
2805 2204 3031 2260 Domine
3061 2204 3360 2259 suavitatis.
3413 2201 3595 2259 Cetera

2014 2303 2187 2355 omnia
2218 2310 2272 2354 ut
2301 2301 2354 2353 in
2386 2301 2551 2367 prima
2585 2296 2770 2352 Missa.

2251 2408 2316 2463 IN
2355 2393 2597 2463 SANCTI
2643 2415 2668 2443 ε
2698 2403 2975 2459 ANDREE
3016 2402 3371 2458 APOS'I‘OLI.

2441 2501 2521 2552 At!
2564 2496 2796 2550 Missam.
2839 2493 2867 2534 δ
2898 2496 3167 2565 Ofﬁcium.
3235 2474 3243 2485 Ι

2084 2594 2276 2647 Sancta
2317 2590 2455 2645 Crux
2487 2598 2771 2656 antequam
2815 2598 2865 2641 te
2891 2586 3149 2639 Dominus
3181 2585 3499 2639 ascenderet
3527 2582 3597 2637 ti-

2013 2700 2219 2739 morem
2249 2693 2520 2736 terrenum
2555 2678 2785 2733 habuisti
2819 2695 2832 2731 :
2868 2677 3027 2732 modo
3057 2692 3186 2730 vero
3233 2691 3474 2729 amorem
3505 2689 3597 2728 ce-

2011 2778 2202 2831 lestem
2244 2774 2455 2829 obtines
2481 2770 2695 2840 alieluja
2739 2769 2979 2840 allelnja.
3015 2778 3039 2806 ο
3086 2769 3158 2837 ᾖ.
3203 2767 3427 2822 Domine
3464 2780 3592 2834 pro-

2010 2869 2143 2922 basti
2178 2882 2264 2921 me
2311 2873 2366 2920 et
2390 2863 2685 2934 cognovisti
2740 2878 2826 2916 me
2856 2872 2910 2915 tu
2951 2860 3247 2931 cognovisti
3296 2858 3593 2913 sessionem

2010 2973 2182 3012 meam
2238 2967 2292 3011 et
2336 2954 2781 3009 resurrectionem
2842 2967 3039 3006 meam.
3101 2950 3170 3004 P.
3217 2948 3372 3003 Modo
3435 2961 3589 3001 vero.

2023 3050 2059 3119 Ῡ
2084 3089 2099 3105 .
2131 3048 2312 3104 Gloria
2340 3056 2394 3101 et
2422 3046 2593 3100 honor
2624 3044 2762 3099 Patri
2794 3052 2848 3097 et
2880 3043 3019 3097 Filio
3058 3051 3114 3097 et
3141 3041 3362 3112 Spiritui
3396 3040 3601 3095 Sancto

307 3138 560 3207 gracidus
588 3138 853 3207 presentia
897 3151 991 3188 sua
1020 3134 1340 3189 demonilica
1370 3132 1493 3187 fecit
1520 3131 1801 3186 simulacra
1824 3132 1901 3187 si-
1928 3173 1975 3234 Ο
2007 3143 2060 3196 in
2084 3141 2264 3197 secuta
2291 3140 2613 3193 seculorum.
2643 3135 2707 3190 P.
2739 3136 2893 3189 Modo
2924 3150 3070 3189 vero.

311 3230 422 3285 lere
449 3246 461 3280 :
491 3230 561 3280 ita
590 3242 688 3281 nos
719 3228 908 3281 horum
940 3228 1407 3279 Sacramentorum
1444 3224 1790 3292 perceptione
1810 3239 1903 3279 ex-

314 3321 573 3388 tirpetnus
599 3321 651 3372 in
675 3320 829 3373 nobis
856 3332 1072 3373 omnem
1102 3317 1365 3372 diabolica
1389 3318 1755 3385 temptationis
1780 3319 1906 3373 hor-

315 3426 516 3465 rorem.

396 3503 473 3571 ιι.
505 3503 725 3559 Απιεη..

384 3594 467 3646 ΑΔ
500 3593 803 3667 Orationem
835 3592 1182 3647 ﬂaminicam.

383 3683 528 3738 Ecce
564 3684 897 3741 dilectissimi
928 3686 1121 3739 fratres
1152 3684 1254 3739 ﬁde
1305 3685 1472 3739 relata
1501 3686 1853 3756 cognovimus
1888 3704 1901 3739 :

314 3775 686 3830 beatissimum
708 3778 1053 3833 Saturninum
1087 3794 1101 3830 :
1133 3787 1187 3831 et
1209 3776 1234 3814 ι’
1265 3776 1422 3845 gladii
1450 3779 1771 3846 pontiﬁcalis
1809 3779 1907 3834 Sa-

313 3868 554 3921 cerdotio
579 3869 816 3923 functum
851 3887 865 3922 :
893 3878 947 3923 et
975 3870 1039 3922 ad
1060 3879 1207 3938 terga
1234 3871 1369 3923 tauri
1393 3870 1649 3941 illigatum
1682 3871 1906 3940 pedibus

324 3963 589 4033 martyrio
629 3973 1022 4018 consecratum.
1071 3962 1223 4019 Unde
1267 3964 1689 4032 omnipotentem
1738 3966 1903 4021 Deum

315 4053 403 4118 qui
430 4053 480 4106 ei
502 4054 771 4119 geminam
793 4070 1042 4109 coronam
1066 4054 1376 4111 Sacerdotis
1420 4058 1631 4112 scilicet
1657 4065 1713 4112 et
1759 4074 1903 4113 mar-

314 4144 444 4215 tyrii
474 4145 694 4215 largitus
722 4157 805 4200 est
842 4147 1216 4216 deprecemur.
1253 4148 1318 4202 Ut
1349 4148 1436 4203 vel
1468 4150 1598 4205 ﬁdes
1639 4166 1738 4205 nos
1765 4151 1904 4220 apud

392 4279 417 4306 "
452 4277 759 4345 Sla.’i;uqtte.
807 4277 1039 4333 Consule
1093 4281 1246 4343 Acta,
1297 4277 1614 4333 Venantium
1661 4280 1911 4336 Fortuna~

314 4357 452 4409 tum,
480 4359 543 4417 et
570 4350 849 4401 Sidoniunt
892 4351 1255 4417 Apollinarem
1297 4352 1510 4404 citatos.

384 4419 411 4456 ι’
455 4416 631 4472 Gladii
668 4416 1015 4488 Pontiﬁcalis.
1062 4420 1195 4473 Num
1230 4419 1366 4475 forte
1405 4420 1684 4488 legendum
1715 4423 1908 4487 gradus

314 4490 674 4560 pontiﬁcalis;
708 4500 883 4542 tamen
925 4490 1165 4560 episcopi
1205 4490 1294 4559 jus
1339 4492 1499 4559 gladii
1546 4492 1843 4558 spiritualis
1872 4510 1898 4545 a

312 4557 538 4612 Christo
565 4570 913 4627 acceperunt,
943 4557 995 4613 et
1022 4562 1089 4613 ab
1117 4557 1270 4614 initio
1296 4557 1361 4614 eo
1388 4561 1509 4629 jure
1538 4557 1617 4614 tisi
1648 4571 1793 4615 sunt.

391 4643 413 4668 ε
462 4630 522 4684 S.
556 4630 794 4683 Andrem.
829 4630 1202 4685 Kalendarium
1237 4631 1622 4686 Bucherianum
1671 4635 1793 4686 silet
1837 4633 1902 4688 de

311 4699 612 4771 festivitate
656 4703 825 4755 sancti
860 4702 1086 4756 Andreae
1116 4703 1362 4770 apostoli.
1414 4704 1639 4756 fortasse
1668 4704 1788 4771 quia
1818 4719 1904 4759 se-

308 4771 483 4824 dente
516 4770 729 4825 Liberio
761 4772 1009 4838 pontiﬁce
1057 4774 1292 4826 nondum
1328 4783 1444 4828 erat
1470 4772 1653 4827 Roma:
1686 4770 1902 4828 basilica

308 4841 436 4910 ejus
484 4842 688 4895 nomini
717 4844 909 4895 dicata.
946 4842 1252 4910 Simplicius
1296 4846 1460 4905 enim,
1489 4844 1576 4911 qui
1626 4859 1768 4895 anno
1796 4843 1901 4899 468

305 4911 559 4979 pontifex
596 4914 877 4968 ordinatus
906 4921 1021 4973 est,
1055 4914 1309 4965 translata
1342 4914 1406 4967 ad
1442 4915 1580 4967 hunc
1613 4929 1764 4966 usum
1812 4915 1904 4968 ba-

302 4983 467 5035 siliCa
510 4983 814 5046 Siciniana,
870 4987 1073 5051 primus
1121 4984 1402 5037 ecclesiam
1458 4995 1646 5036 sancto
1675 4984 1904 5040 Andreae

303 5055 678 5116 consecravit,
716 5062 773 5107 ut
802 5069 988 5108 versus
1019 5054 1227 5106 musivo
1271 5069 1434 5121 opere
1464 5054 1634 5122 apsidi
1668 5054 1904 5111 basilica:

299 5123 560 5190 inscripti
588 5122 976 5179 demonstrant.
1009 5123 1143 5178 Vide
1164 5122 1499 5193 Ciampiuum
1536 5124 1703 5178 Veter.
1726 5124 1906 5179 Monu-

300 5206 479 5246 ment.
529 5207 661 5257 part.
716 5212 751 5258 ι,
804 5213 849 5249 c.
884 5196 936 5259 7,
968 5194 1075 5263 17).
1134 5195 1205 5248 De
1234 5198 1420 5249 eodem
1449 5206 1638 5250 sancto
1663 5199 1906 5260 apostolo

296 5266 438 5318 Silet
472 5267 665 5331 pariter
694 5264 978 5336 Kalendar.
1013 5266 1150 5329 apud
1186 5267 1426 5319 Bollnnd.
1460 5266 1627 5336 (Tom.
1677 5265 1782 5319 VII
1808 5267 1905 5321 Ju-

296 5338 406 5395 nii,
438 5354 563 5405 p'g.
603 5337 674 5393 l).
695 5335 977 5390 Festivntas
1008 5338 1172 5389 sancti
1204 5338 1418 5390 Andrete
1441 5335 1659 5404 apostoli
1686 5350 1734 5391 et
1764 5354 1905 5389 mar-

297 5411 445 5478 tyris
498 5407 808 5478 inscribitur
855 5416 1065 5460 vetusto
1110 5408 1516 5478 tiartltagineusi
1565 5408 1902 5462 Kalendario.

295 5476 387 5530 De
420 5477 897 5545 eodemaguutdie
921 5478 990 5531 30
1016 5476 1333 5531 Novembris
1364 5478 1729 5545 Martyrologia
1760 5479 1906 5531 Lati-

295 5495 387 5530 un
420 5495 897 5545 eouemaguutute
922 5495 990 5531 ou
1016 5495 1331 5531 novembris
1364 5495 1488 5531 atart
1536 5495 1729 5545 rotogta
1760 5495 1906 5531 ωυ-

292 5564 531 5609 nurutn,
562 5546 875 5601 Graecorum
909 5548 1225 5615 Meuologia,
1258 5558 1311 5599 et
1342 5548 1461 5601 libri
1499 5495 1750 5618 iiturgici,
1783 5550 1907 5602 Mis-

290 5619 424 5672 luit!
456 5630 507 5668 et
541 5619 863 5671 Breviarium
890 5619 1247 5682 Mozaralmtn,
1272 5618 1577 5672 Orationale
1598 5619 1902 5684 Gotlticum,

290 5704 347 5742 et
389 5690 605 5742 Missaie
636 5688 1131 5747 Gallo-Gotlticuut,
1176 5688 1226 5740 iu
1276 5704 1382 5757 quo
1412 5691 1573 5741 missa
1598 5690 1764 5742 sancti
1796 5690 1907 5743 Au-

289 5762 459 5812 dreae
496 5773 611 5827 post
645 5761 991 5825 Epiphaniam
1035 5774 1157 5812 cum
1192 5759 1307 5812 aliis
1337 5760 1651 5828 quibusdam
1706 5777 1823 5831 qua:
1852 5763 1906 5815 in

292 5836 381 5886 At}
398 5843 616 5885 sentum
650 5834 849 5884 cadunt
879 5831 1190 5885 collaCatur.

1933 4529 1984 4587 lt

2079 3232 2231 3289 Dicat
2264 3232 2449 3291 Presb.
2479 3231 2658 3286 Gloria
2691 3230 2743 3283 in
2772 3230 3020 3283 excelsis.

2080 3326 2276 3380 Oratio.
2309 3322 2490 3377 Gloria
2523 3330 2704 3374 nostra
2752 3319 2889 3372 Deus
2921 3330 3101 3371 noster
3128 3333 3142 3370 :
3169 3314 3261 3386 qui
3288 3315 3340 3369 in
3367 3315 3497 3371 celis
3527 3316 3605 3370 ab

2009 3418 2225 3487 Angelis
2269 3413 2658 3470 demonSIraris
2690 3428 2703 3463 :
2735 3420 2789 3466 et
2814 3411 2866 3463 in
2901 3417 3213 3479 perpetuum
3244 3408 3547 3462 decantaris
3579 3426 3591 3459 :

2010 3510 2095 3563 hic
2132 3508 2430 3563 solenuiter
2473 3520 2537 3560 ac
2577 3504 2805 3557 ﬁdeliter
2840 3500 3130 3570 predicaris
3164 3517 3177 3551 :
3216 3512 3389 3567 presta
3440 3499 3601 3552 nobis

2008 3600 2337 3668 amplissima
2370 3595 2583 3668 pietatis
2616 3605 2706 3650 tue
2728 3610 2757 3648 a
2787 3594 2943 3649 malis
2985 3589 3211 3661 propriis
3243 3590 3458 3645 liberari
3492 3609 3508 3647 ε
3536 3599 3598 3645 et

2007 3688 2218 3761 semper
2264 3693 2317 3746 in
2368 3692 2472 3745 tuis
2524 3689 2769 3744 laudibus
2819 3688 3061 3758 gloriari.
3102 3687 3176 3755 ἢ.
3211 3690 3404 3741 Amen.

2080 3790 2184 3841 Per
2213 3784 2635 3840 misericordiam
2657 3823 2672 3847 ,
2703 3792 2809 3838 etc.

2078 3877 2382 3948 Pmphetia.
2407 3875 2589 3930 Justus
2618 3876 2663 3929 si
2712 3881 2884 3928 morte
2912 3882 3225 3943 occupatus.
3260 3870 3477 3941 nequire
3511 3887 3603 3926 re-

2008 3982 2086 4025 tro
2118 3971 2169 4022 in
2198 3969 2377 4023 Sancti
2405 3967 2678 4022 Clementis
2707 3969 2800 4038 fol.
2826 3970 2898 4023 20

2085 4060 2102 4098 ί
2133 4058 2298 4114 Psall.
2332 4058 2686 4127 Magnilicavit
2710 4059 2968 4112 Dominus
2992 4068 3236 4112 sanetum
3262 4073 3414 4113 suum
3447 4076 3459 4113 :
3485 4058 3597 4112 Do-

2010 4152 2186 4205 minus
2211 4149 2459 4204 exaudiet
2488 4163 2575 4203 me
2600 4148 2727 4202 dum
2752 4149 3057 4203 clamavero
3085 4148 3152 4202 ad
3181 4162 3328 4202 eum.
3362 4149 3397 4217 Ῡ
3423 4187 3437 4202 .
3462 4147 3605 4203 Cum

2082 4283 2108 4322 ἀ
2151 4283 2406 4354 Ofﬁcium.
2457 4282 2803 4349 Desumptum
2831 4289 2915 4337 est
2959 4281 3253 4354 admissam
3284 4281 3603 4354 o/jiciumrex

2009 4353 2217 4426 vulgata
2233 4353 2455 4426 epistola
2474 4360 2972 4426 presbyterorum‘et
2988 4353 3336 4426 diaconatum
3356 4353 3595 4426 Achaia,

2009 4422 2148 4493 quae,
2198 4426 2367 4491 inquit
2413 4422 2677 4479 Sollerius
2724 4422 2834 4494 (In?
2867 4422 3205 4492 Martyrolog.
3232 4422 3493 4485 Usuardi,
3523 4422 3603 4474 ad?

2011 4498 2147 4549 diem
2169 4495 2238 4549 29
2272 4494 2322 4547 Ν
2329 4495 2599 4561 ovenrbr,.),
2640 4493 2785 4548 omni
2814 4493 2982 4550 ferme
3007 4494 3311 4547 Christiano
3341 4507 3455 4548 arvo
3485 4494 3600 4545 cir-

2007 4569 2236 4620 cumlata
2264 4575 2365 4619 est.
2398 4565 2473 4618 Ex
2506 4559 2603 4618 b‘ac
2633 4562 2853 4630 epistola
2894 4564 3067 4619 locum
3102 4565 3361 4631 insignem
3392 4564 3459 4617 de
3501 4578 3592 4616 sa-

2006 4638 2210 4690 criﬁcio
2257 4636 2612 4690 eucharistico
2649 4634 2969 4702 depromunt
3017 4633 3267 4688 Etherius
3311 4644 3364 4687 et
3403 4635 3608 4687 Beatus

2007 4707 2146 4773 (Lib.
2177 4723 2190 4759 l
2218 4708 2331 4761 adv.
2375 4705 2734 4771 Elipandnm).
2785 4704 3046 4758 Nonnulla
3093 4720 3158 4759 ex
3206 4704 3393 4758 eodem
3441 4705 3593 4757 fonte

2010 4778 2302 4832 hauserunt
2350 4777 2562 4830 Missale
2612 4775 3100 4838 Gallo-Gothicum,
3171 4776 3601 4843 Antiphonarius

2007 4849 2363 4917 Gregorianus
2422 4848 2471 4898 in
2530 4846 2747 4899 introitu
2797 4849 2975 4917 missa:
3022 4848 3192 4901 sancti
3220 4849 3493 4917 iAntlreaz,
3539 4853 3605 4897 eL

2009 4915 2248 4985 praefatio
2273 4918 2513 4985 ejusdem
2542 4916 2720 4970 missa:
2754 4918 2804 4970 in
2836 4915 3168 4983 Gregoriauo
3187 4916 3443 4980 Meuardi,
3473 4916 3593 4983 qni-

2008 4992 2125 5045 bus.
2160 4997 2216 5042 ut
2246 4996 2432 5041 notant
2481 4988 2676 5041 eruditi
2710 4987 2954 5041 Editores
2983 5002 3205 5054 opctum
3257 4988 3426 5042 sancti
3464 4987 3596 5039 Gre-

2008 5060 2167 5130 gorii,
2211 5059 2608 5111 corroborantur
2638 5058 2762 5112 Acta
2791 5060 2951 5111 sancti
2980 5060 3222 5123 Andreat,
3258 5059 3607 5125 probaturque

2008 5148 2107 5183 non
2137 5132 2211 5183 ita
2236 5139 2481 5182 recentem
2508 5144 2620 5181 esse
2650 5144 2824 5182 eorum
2854 5130 3272 5192 pubb'catianem.
3304 5130 3376 5181 De
3406 5131 3501 5180 hac
3536 5142 3608 5180 re

2009 5204 2157 5270 plura
2213 5200 2329 5267 lege
2376 5200 2513 5267 apud
2570 5198 2971 5254 Tillemontiutn
3023 5196 3311 5270 (Tom._ll.
3351 5196 3609 5270 trahite

2010 5267 2072 5325 Β.
2094 5270 2396 5338 Andream),
2425 5271 2858 5325 Bartbolomeum
2890 5267 3140 5322 German.
3173 5268 3272 5335 (De
3297 5278 3447 5338 ceter.
3467 5267 3597 5319 Ha!-

2008 5350 2102 5395 νει.
2130 5357 2267 5395 sacr.
2292 5340 2418 5394 Cod.
2445 5352 2758 5407 corruptor.,
2792 5341 2881 5393 lib.
2919 5355 2984 5401 .tt,
3013 5356 3131 5407 pag.
3172 5337 3327 5404 sil),
3358 5337 3597 5392 Natalem

2008 5413 2374 5466 Alexandrum
2409 5411 2581 5480 (Tom.
2607 5409 2660 5475 ι,
2701 5427 2823 5480 pag.
2851 5408 2964 5477 46),
2994 5410 3260 5462 Andream
3286 5410 3610 5464 Saussaiutrs

2008 5484 2318 5553 episcopum
2343 5479 2670 5553 'l‘ttilensem,
2692 5479 3045 5553 ildVindi‘ciis
3075 5493 3207 5548 quas
3241 5496 3337 5553 pro
3369 5481 3607 5553 Hismria

2011 5548 2273 5620 passionis
2318 5551 2517 5620 adjecit
2563 5548 2845 5604 duodecim
2894 5550 3043 5604 libris
3091 5554 3159 5606 de
3202 5548 3373 5622 gloria
3425 5552 3610 5606 sancti.

2010 5626 2254 5678 Andreae.

2084 5702 2107 5729 ο
2164 5695 2233 5761 Ῡ.
2274 5691 2355 5744 Ps.
2394 5705 2645 5754 cxxxvm,
2686 5691 2735 5743 l.

2088 5764 2104 5803 ί
2152 5762 2448 5818 I’sallettda.
2490 5762 2578 5817 l‘s.
2612 5777 2684 5830 tv,
2718 5762 2774 5818 ’5.
