4058 6178
433 352 529 407 169

1184 346 1480 404 MISSALE
1517 346 1784 403 MIXTUM
1827 345 1976 403 SEC.
2020 344 2180 400 IiEG.
2224 345 2284 400 Η.
2327 344 2594 403 ISIDORI.
2637 376 2705 388 -
2745 347 2920 404 PARS
2958 348 2997 403 l.

3586 349 3691 406 160

430 467 730 518 invocarem
756 471 807 516 te
836 459 1095 515 exaudisti
1124 474 1207 514 me
1248 459 1635 529 Deusjustieize
1664 474 1797 513 mea:
1828 458 1880 512 in
1914 460 2008 513 tri-
2035 465 2087 522 Α
2112 473 2307 516 vocare
2345 461 2601 517 Dominus
2627 462 2938 533 dignaretur
2968 481 2982 517 :
3010 462 3188 517 audita
3240 478 3371 519 voce
3396 468 3688 523 vocationis

428 554 720 609 bulatione.
754 551 817 604 P.
853 550 1104 603 Dominus
1130 550 1343 604 exaudi.

500 643 779 711 Sequentia
831 628 1251 776 Ερὶιιόιῗιιὲαιιιί
1280 641 1535 780 VAlp)omli
1591 641 1659 693 ad
1689 639 1937 695 Galathas

1152 727 1240 780 ap.
1400 750 1414 764 .

1152 727 1240 780 ap.
1285 727 1414 780 Vl).

499 800 715 855 Fratres
755 801 958 854 Bonum
1000 801 1255 856 facientes
1284 817 1350 855 ne
1378 800 1689 854 deficiamus
1719 817 1732 854 :
1768 808 2011 868 tempore

424 895 564 947 enim
593 907 691 945 suo
711 902 975 946 mrteums
1003 908 1106 945 non
1130 893 1462 946 deficientes.
1494 894 1629 962 Ergo
1651 894 1776 945 dum
1801 903 2007 960 tempus

430 984 686 1037 habemus
722 998 736 1035 :
769 997 1053 1051 operemus
1104 982 1302 1036 bonunt
1342 983 1408 1034 ad
1455 996 1644 1037 omnes
1702 981 1947 1037 homines
1990 998 2005 1035 :

432 1077 668 1129 maxime
704 1085 882 1129 antn-m
915 1076 979 1129 ad
1007 1075 1331 1128 domesticos
1366 1074 1509 1129 fidei.
1544 1074 1733 1129 Videte
1760 1067 2008 1144 qualibus

431 1167 599 1220 literis
633 1183 645 1217 :
689 1165 878 1232 scripsi
910 1166 1063 1219 vobis
1106 1180 1263 1217 manu
1297 1179 1436 1217 mea.
1468 1164 1802 1233 Quicumque
1824 1165 2010 1218 volunt

430 1257 637 1324 placere
667 1257 717 1311 in
742 1273 903 1312 carne
937 1275 949 1309 :
985 1255 1036 1309 hi
1068 1265 1265 1324 cogunt
1301 1272 1395 1311 vos
1418 1257 1725 1311 circumcidi
1758 1272 1775 1309 :
1806 1266 2006 1310 tantum

428 1358 487 1401 ut
507 1350 681 1402 ctnc‘is
699 1349 894 1403 Christi
920 1349 1344 1415 persecutionem
1371 1362 1476 1402 non
1510 1350 1793 1421 patiamur.
1822 1349 2007 1416 Neque

427 1440 569 1494 enim
592 1441 681 1509 qui
709 1440 1184 1508 circumciduntur,
1220 1440 1391 1509 legem
1418 1439 1724 1493 custodiunt
1747 1456 1761 1492 :
1788 1440 1882 1494 sed
1915 1455 2008 1493 vo-

430 1532 549 1585 lunt
575 1546 669 1585 vos
712 1531 1045 1585 circumcidi:
1077 1531 1144 1586 Ut
1194 1532 1244 1585 in
1276 1541 1456 1586 vestra
1500 1545 1664 1584 carne
1692 1531 2007 1599 glorientur.

430 1623 553 1676 Mihi
576 1634 752 1676 autem
787 1623 1161 1691 absitgloriari
1194 1623 1296 1676 nisi
1321 1625 1374 1676 in
1398 1636 1557 1675 cruce
1587 1620 1803 1674 Domini
1838 1623 2005 1676 nostri

425 1712 553 1767 desn
583 1714 779 1768 Christi
814 1732 826 1766 :
852 1730 949 1784 per
971 1728 1128 1783 quem
1157 1713 1285 1766 mihi
1318 1712 1549 1765 mundus
1578 1711 1867 1766 cruciﬁxus
1886 1723 1966 1767 est
1990 1728 2005 1765 :

426 1813 482 1857 et
509 1820 607 1874 ego
636 1805 855 1859 mundo.
897 1805 951 1859 In
983 1804 1195 1859 Christo
1225 1804 1368 1859 enim
1391 1803 1515 1858 Jesu
1539 1820 1554 1856 :
1578 1818 1753 1873 neque
1782 1804 2013 1858 circum-

429 1893 562 1946 cisio
584 1895 781 1962 aliqui'd
804 1895 942 1949 valet
966 1911 980 1946 :
1000 1909 1177 1964 neque
1206 1894 1514 1962 prepucium
1547 1911 1561 1945 :
1587 1894 1682 1948 sed
1706 1908 1839 1947 nova
1857 1909 2008 1949 crea-

428 1994 573 2040 tura.
607 1986 991 2055 thuicunqne
1023 1986 1160 2041 hanc
1184 1986 1420 2057 regulam
1447 1989 1613 2042 secuti
1646 1987 1875 2041 fuerint:
1904 2002 2009 2055 pax

430 2095 593 2149 super
620 2080 738 2134 illos
763 2093 848 2135 :et
877 2082 1240 2135 misericordia
1256 2091 1312 2136 et
1332 2082 1666 2150 superlsrael
1696 2082 1810 2137 Dei.
1838 2083 2012 2138 Dece-

432 2179 580 2223 tero:
603 2187 757 2225 nemo
778 2173 883 2242 27
905 2173 1030 2225 mihi
1056 2174 1310 2227 molestus
1328 2174 1416 2227 sit.
1437 2173 1547 2242 Ego
1565 2184 1742 2229 autem
1762 2174 2010 2243 stigmata

428 2262 636 2318 Domini
668 2266 834 2319 nostri
881 2265 1007 2320 Jesu
1057 2265 1252 2320 Christi
1304 2264 1357 2319 in
1391 2280 1618 2334 corpore
1667 2280 1788 2320 meo
1821 2276 2004 2334 porto.

429 2354 610 2409 Gratia
660 2357 867 2412 Domini
918 2358 1086 2413 nostri
1115 2359 1244 2414 Jesu
1276 2356 1473 2412 Christi
1517 2373 1637 2413 cum
1680 2358 1870 2427 spiritu
1913 2373 2007 2414 ve-

428 2456 561 2501 stro.

512 2538 551 2602 ἡ
574 2579 586 2592 .
612 2538 797 2595 Amen.

536 2645 709 2701 Lectio
740 2647 922 2701 Sancti
972 2646 1236 2713 Evangelii
1285 2647 1564 2699 secundum
1621 2645 1904 2699 Mattlteum

990 2716 1039 2786 (ι’
1078 2718 1205 2783 Cap.
1240 2715 1437 2785 XVI

507 2831 599 2884 Illo
630 2831 680 2884 in
724 2842 963 2900 tempore
1013 2833 1266 2885 Dnniuus
1322 2841 1503 2885 noster
1559 2831 1714 2885 Jesas
1767 2832 2010 2888 Christus

431 2923 745 2991 loquebatur
773 2924 1049 2992 discipulis
1096 2925 1204 2977 suis
1238 2923 1440 2976 dicens.
1475 2924 1530 2978 Si
1584 2922 1702 2990 quis
1727 2924 1836 2977 vult
1889 2933 2011 2991 post

431 3029 516 3068 me
569 3016 750 3069 venire
794 3016 1019 3085 abneget
1070 3016 1412 3083 semetipsum
1448 3035 1460 3070 :
1493 3024 1548 3069 et
1594 3016 1743 3069 tollat
1790 3031 2006 3070 crucem

430 3116 580 3158 suam
607 3114 657 3159 et
695 3115 949 3173 sequatur
1005 3120 1111 3158 me.
1167 3106 1267 3169 Qui
1309 3108 1448 3158 enim
1500 3106 1727 3161 voluerit
1774 3107 2003 3160 animam

2110 549 2306 603 Chrisﬁ
2341 568 2355 604 :
2386 561 2595 607 terrena
2661 556 2836 608 omnia
2890 554 3325 623 derelinquentes
3354 567 3689 627 :cunctaquo

2112 638 2269 693 simul
2297 641 2418 694 vitia
2461 643 2569 696 vite
2613 644 2808 698 veteris
2857 655 3262 723 respuentes:a
3296 646 3685 703 tnuttdanaruui

2107 733 2322 802 jamque
2371 750 2549 791 rerum
2597 738 2741 793 curis
2797 739 3033 804 expediti
3085 746 3140 791 et
3195 738 3348 792 liberi
3384 756 3397 793 :
3432 748 3592 809 atque
3621 742 3691 796 ab

2111 828 2347 880 omnium
2403 831 2651 884 vitiorum
2722 832 2946 885 nexibus
2990 831 3257 886 absoluti:
3289 832 3581 889 Salvatoris
3628 851 3692 891 ac

2112 917 2322 972 Domini
2354 922 2575 990 vestigia
2604 933 2729 976 sunt
2765 924 2954 977 secuti.
2990 922 3190 976 Horum
3221 939 3349 993 ergo
3380 941 3477 978 nos
3504 940 3693 979 exem-

2111 1006 2211 1075 plis
2255 1012 2462 1065 accensi
2511 1025 2526 1065 :
2569 1026 2856 1081 sequamur
2911 1013 3183 1067 Christum
3232 1024 3692 1070 :contenmatnus

2109 1099 2364 1151 mundum
2398 1118 2409 1152 :
2436 1116 2556 1154 cum
2584 1103 2697 1157 suis
2728 1103 2980 1170 operibus
3010 1103 3384 1158 transiturum.
3412 1105 3559 1159 Nulla
3593 1121 3692 1160 nos

2109 1190 2372 1257 cupiditas
2419 1192 2686 1247 mundana
2737 1193 3005 1248 retineat:
3036 1209 3134 1249 nec
3165 1195 3515 1261 periturarum
3540 1212 3694 1253 amor

2110 1295 2289 1334 rerum
2322 1296 2350 1333 a
2375 1282 2668 1338 Salvatoris
2695 1285 2861 1338 nostri
2896 1298 2993 1337 nos
3016 1300 3199 1339 amore
3218 1284 3508 1355 disiungat.
3541 1288 3691 1354 Qua-

2112 1384 2266 1441 lens
2296 1375 2612 1431 Sanctorum
2660 1377 2936 1446 sequendo
2964 1377 3187 1447 vestigia
3219 1395 3234 1433 :
3270 1378 3549 1447 pervenire
3578 1394 3690 1435 me-

2112 1480 2325 1545 reamur
2352 1466 2416 1519 ad
2449 1467 2644 1537 gaudia
2662 1469 3012 1538 sempiterna.

2197 1559 2234 1623 ἡ
2257 1599 2271 1613 .
2304 1562 2495 1613 Amen.

2182 1650 2298 1702 Atia
2329 1650 2529 1703 Oratio.
2552 1648 2833 1719 Supplices
2883 1659 2936 1705 te
2980 1664 3229 1719 rogamus
3279 1650 3693 1707 clementissime

2112 1740 2279 1794 Deus:
2300 1751 2352 1794 ut
2368 1741 2563 1795 Sancto
2586 1750 2675 1795 tuo
2703 1740 2914 1795 Andrea
2937 1742 3183 1810 apostolo
3199 1756 3261 1795 ac
3285 1751 3517 1811 martyre
3546 1742 3691 1797 obti-

2045 1811 2091 1869 Β
2118 1840 2275 1884 nente
2308 1847 2320 1881 :
2353 1840 2438 1884 tue
2473 1830 2794 1901 cognitionis
2838 1830 3060 1899 gratiam
3093 1829 3326 1884 uberiori
3357 1831 3508 1897 copia
3530 1839 3693 1898 atque

2113 1920 2450 1974 cminenliori
2476 1920 2793 1990 perspicatia
2828 1935 3244 1988 consequamur.
3282 1920 3390 1975 Nec
3415 1922 3556 1974 enim
3590 1921 3693 1976 hoc

2115 1995 2361 2077 rogantes
2392 2026 2404 2060 :
2439 2010 2627 2064 eodem
2674 2010 3071 2065 interveniente
3092 2024 3191 2063 nos
3243 2009 3530 2077 adepturos
3570 2025 3695 2067 esse

2112 2099 2403 2153 difﬁdimus
2436 2115 2449 2151 :
2482 2114 2638 2169 quem
2680 2093 2826 2155 tanto
2865 2110 2968 2153 tuae
3011 2100 3312 2154 dilectionis
3343 2099 3522 2155 calore
3572 2114 3694 2154 suc-

2112 2206 2330 2244 censum
2363 2192 2723 2259 agnoscimus.
2757 2192 2823 2246 Ut
2856 2206 2959 2244 non
2991 2190 3163 2245 solum
3197 2192 3276 2261 eis
3306 2192 3393 2260 qui
3420 2207 3490 2246 eo
3511 2192 3691 2261 predi-

2113 2292 2269 2334 caute
2302 2282 2353 2335 in
2398 2290 2449 2336 te
2492 2282 2779 2336 credebant
2822 2282 3072 2335 salutaria
3101 2259 3245 2336 verbi
3299 2284 3485 2350 pocula
3541 2285 3695 2337 mini-

2110 2384 2307 2429 straret
2350 2393 2362 2427 :
2408 2375 2500 2429 sed
2548 2377 2719 2443 ipsum
2769 2390 2978 2442 quoque
3032 2374 3401 2442 impiissimum
3448 2386 3471 2413 α
3499 2378 3690 2445 Egesm

2114 2475 2505 2534 persecutorem
2533 2474 2618 2517 :ut
2646 2466 2711 2518 ab
2734 2458 2995 2519 idolorum
3030 2466 3320 2518 vanissimo
3369 2466 3510 2519 cultu
3542 2482 3694 2519 rere-

2110 2556 2261 2612 deret
2296 2567 2387 2610 :et
2415 2573 2597 2611 verum
2634 2558 2798 2612 Deum
2840 2570 3156 2629 agnosceret
3192 2576 3203 2610 :
3240 2560 3342 2625 piis
3364 2557 3694 2613 adhortatio-

2113 2647 2269 2700 nibus
2298 2657 2649 2701 ammoneret.
2690 2647 2879 2701 \‘ernm
2903 2648 3027 2717 quia
3053 2648 3340 2715 nepharius
3365 2649 3453 2703 ille
3478 2664 3541 2702 ac
3572 2664 3695 2717 per-

2114 2735 2249 2787 fidus
2270 2735 2493 2804 gratiam
2527 2747 2628 2787 tum
2662 2736 2981 2804 cognitionis
3014 2753 3211 2806 :quam
3266 2752 3389 2792 ceca
3438 2740 3691 2806 superba-

2111 2841 2214 2895 que
2234 2838 2412 2879 mente
2442 2827 2763 2894 contempsit
2794 2844 2807 2879 :
2840 2828 2961 2895 quia
2987 2844 3089 2883 non
3116 2828 3307 2881 meruit
3342 2847 3353 2879 :
3384 2830 3562 2897 utique
3593 2844 3692 2884 nec

2112 2918 2339 2981 accepit.
2370 2917 2553 2971 PreSIa
2584 2919 2737 2972 nobis
2778 2920 3091 2972 humillimis
3123 2919 3294 2973 servis
3326 2918 3465 2971 tuis:
3499 2930 3556 2972 ut
3599 2921 3692 2987 qui

2112 3016 2165 3063 te
2196 3007 2360 3062 Deum
2389 3021 2479 3064 tuo
2507 3010 2648 3065 dono
2693 3012 2973 3065 credentes
3017 3013 3356 3081 agnoscimus
3384 3030 3397 3064 ε
3423 3023 3477 3066 et
3523 3028 3691 3081 agno-

2113 3108 2323 3154 scentes
2356 3099 2617 3154 fatemur:
2648 3116 2677 3153 a
2707 3110 2757 3156 te
2782 3118 3047 3168 nunquam
3111 3104 3321 3171 penitus
3352 3102 3691 3158 recedamus.

430 3210 579 3249 suam
611 3170 812 3250 salvam
838 3195 1012 3251 facere
1041 3212 1057 3251 :
1090 3196 1268 3265 perdel
1301 3212 1437 3251 e-m.
1464 3196 1564 3264 Qui
1592 3197 1732 3253 enim
1764 3198 2007 3265 perdide-
2034 3170 2081 3235 ο
2113 3195 2217 3251 Sed
2244 3198 2366 3249 dum
2400 3198 2494 3252 tibi
2515 3198 2859 3268 subjicimur:
2894 3199 3091 3268 tibique
3116 3170 3341 3255 fideliter
3363 3200 3692 3255 inhaeremus

430 3286 502 3340 rit
522 3288 751 3341 animam
779 3303 926 3341 suam
972 3298 1187 3357 propter
1234 3302 1321 3343 me
1353 3307 1366 3343 :
1395 3289 1632 3344 inveniet
1673 3305 1813 3345 eam.
1869 3290 2005 3358 Quid

429 3378 571 3432 enim
593 3378 807 3447 prodest
835 3378 1034 3432 homini
1060 3388 1116 3433 ut
1132 3381 1384 3433 ηιιιιιιιιιιη
1400 3382 1702 3435 universum
1720 3381 1954 3437 lucretur
1988 3399 2004 3436 :

432 3481 491 3521 se
520 3477 695 3523 autem
728 3470 899 3538 ipsum
932 3468 1119 3537 perdat
1149 3487 1161 3522 :
1190 3480 1243 3524 et
1267 3470 1639 3525 detrimentum
1673 3473 1755 3525 sui
1805 3472 2009 3526 faciat?

431 3556 561 3611 Nam
583 3559 672 3627 qui
712 3574 798 3613 me
823 3560 1061 3627 arguerit
1107 3571 1160 3614 et
1184 3576 1329 3614 meos
1362 3577 1637 3617 sermones
1668 3579 1681 3615 :
1711 3564 1849 3619 hunc
1871 3564 2008 3618 filius

432 3646 664 3702 hominis
685 3650 961 3704 erubescet
992 3667 1004 3701 :
1035 3665 1155 3704 cum
1191 3653 1401 3706 venerit
1456 3654 1506 3707 in
1551 3655 1827 3723 majestate
1868 3670 1961 3708 sua
1989 3673 2003 3707 :

431 3748 486 3792 et
506 3738 686 3792 Patris
714 3746 770 3794 et
790 3748 1093 3793 sanctorum
1122 3742 1464 3807 Angelorum.
1493 3743 1618 3796 Dico
1648 3754 1824 3798 autem
1855 3745 2006 3799 vobis

435 3846 608 3885 vere:
638 3841 763 3885 sunt
789 3830 948 3899 aliqui
993 3832 1076 3885 hic
1118 3842 1358 3887 astantes
1388 3851 1401 3887 :
1432 3834 1522 3904 qui
1573 3852 1679 3889 non
1724 3837 2008 3906 gustabunt

432 3933 655 3976 mortem
690 3941 702 3977 :
732 3923 902 3979 donec
933 3923 1145 3977 videant
1167 3940 1389 3994 regnum
1420 3926 1535 3981 Dei.

517 4015 553 4079 ἡ
575 4054 588 4067 .
620 4018 809 4069 Amen.

504 4109 703 4163 Lauda.
782 4109 1025 4181 Alleluja.
1092 4111 1168 4179 ᾖ.
1242 4108 1519 4179 Loquebar
1577 4110 1644 4164 de
1689 4112 2005 4166 testimoniis

434 4203 542 4258 tuis
572 4204 622 4257 in
649 4213 941 4273 conspectu
996 4202 1201 4274 Regum
1248 4213 1435 4259 etnon
1482 4204 1845 4259 confundebar
1875 4204 2005 4259 alle-

432 4297 559 4367 luja.

499 4388 843 4455 Sacriﬁcium.
898 4387 1137 4457 Fulgebit
1185 4386 1379 4456 justus.
1434 4384 1652 4454 qunire
1705 4385 1757 4439 in
1820 4386 2006 4442 Sancti

428 4481 701 4534 Clementis
732 4480 825 4549 fol.
849 4481 910 4533 ‘21
925 4520 938 4533 .
1511 4534 1520 4544 ,

502 4571 682 4625 Missa.
712 4570 1087 4625 Anniversaria
1109 4570 1247 4624 beati
1274 4569 1485 4624 Andree
1515 4572 1738 4639 apostoi‘i
1771 4585 1832 4623 ac
1863 4586 2002 4625 mar~

429 4660 565 4729 tyris
594 4661 834 4715 natalicia
888 4660 1216 4715 celebrantes
1252 4678 1266 4716 :
1297 4661 1696 4723 consideremus
1718 4661 2004 4716 dilectissi-

430 4756 500 4809 tni
534 4756 723 4807 fratres
751 4762 944 4821 quanta
972 4752 1167 4807 mentis
1186 4754 1462 4806 alacritate
1491 4752 1658 4805 isdem
1684 4753 1764 4805 vir
1789 4765 2005 4805 sanctus

432 4848 581 4913 sequi
612 4846 754 4914 cepit
802 4845 1156 4898 Salvatorem.
1208 4844 1340 4898 Nam
1372 4844 1508 4897 sicut
1538 4844 1819 4913 Evangelia
1852 4860 2003 4897 sacra

429 4949 691 4995 testantur
715 4956 727 4991 :
752 4938 876 4992 dum
898 4951 1053 4992 secus
1073 4953 1222 4992 mare
1244 4937 1522 4992 ambulans
1549 4938 1689 4991 hunc
1709 4947 1764 4991 et
1792 4938 2003 4992 l‘etrum

500 5078 522 5104 υ
565 5074 692 5141 Cap.
734 5071 833 5127 VI.
865 5071 1017 5127 γεγε.
1049 5071 1202 5128 9-18.

502 5144 529 5182 δ
571 5149 696 5212 ιῖαρ.
746 5144 790 5197 Χ
812 5142 903 5195 γι.
954 5144 1080 5197 Pars
1112 5144 1278 5209 prima
1308 5142 1466 5208 hujus
1501 5141 1772 5212 Evangelii
1819 5152 1899 5198 est
1931 5158 1995 5197 ex

431 5215 657 5268 Manlian
691 5232 798 5279 xvt,
826 5213 930 5277 ‘25;
967 5229 1086 5280 pars
1112 5215 1276 5267 altera
1309 5229 1376 5266 ex
1409 5214 1563 5266 Lucae
1594 5228 1667 5274 ix,
1695 5211 1785 5264 :25.

506 5298 527 5323 ε
569 5284 778 5353 Egeom.
834 5285 887 5338 lu
933 5284 1076 5338 Actis
1105 5285 1273 5339 sancti
1320 5284 1548 5337 Andreae
1579 5282 1773 5346 IEgeas
1803 5282 1996 5338 dicitur

434 5358 735 5423 proconsul,
779 5370 877 5409 nec
918 5356 1093 5407 obstat
1135 5356 1275 5423 quod
1328 5368 1517 5405 nomen
1552 5354 1846 5406 Romanum
1892 5369 1994 5406 non

430 5429 517 5478 sit.
567 5424 787 5476 Romani
827 5427 967 5478 enim
1024 5440 1399 5490 nonnunquam
1444 5424 1631 5476 Graeca
1678 5424 1994 5489 cognomina

432 5495 715 5549 habebant.
749 5493 802 5545 in
834 5495 1029 5562 hymno
1061 5496 1213 5549 Beda:
1240 5497 1304 5547 de
1336 5504 1521 5546 sancto
1552 5493 1762 5547 Audrea
1797 5492 1995 5562 IEgvas

428 5565 621 5619 dicitur
644 5563 748 5615 dux
769 5564 1005 5624 Achivae.
1022 5567 1158 5631 quod
1194 5567 1255 5619 iis
1279 5564 1418 5618 favet
1438 5566 1521 5635 nui
1552 5565 1856 5635 opinantur,
1875 5577 1997 5616 Sau-

427 5646 569 5689 ctnm
600 5636 860 5688 Andream
894 5648 1103 5702 passum
1134 5651 1253 5689 esse
1282 5634 1559 5701 postquam
1591 5634 1730 5687 Nero
1770 5636 1996 5687 Achzeos

430 5707 657 5760 libertati
690 5703 1025 5765 restituerat;
1060 5706 1093 5756 ii
1122 5705 1339 5770 A‘deom
1370 5705 1517 5757 aiunt
1539 5706 1699 5757 fuisse
1728 5704 1994 5757 hominem

430 5778 674 5833 Graecum
702 5775 1016 5830 Achaeorum
1069 5782 1456 5843 magistratum.
1503 5774 1556 5828 In
1591 5774 1769 5828 libello
1800 5774 1868 5828 de
1914 5773 1996 5828 Vi-

2112 3290 2408 3343 eternitatis
2437 3299 2526 3343 tne
2574 3305 2792 3345 munera
2818 3292 3124 3345 Sortiamnr.

2182 3378 2379 3434 Chorus
2400 3397 2536 3451 resp.
2570 3382 2761 3436 Amen.

2183 3470 2308 3524 Post
2336 3472 2567 3525 nomina.
2603 3471 2800 3526 Oratio.
2822 3471 3139 3526 Nominibus
3197 3474 3513 3528 Sanctorum
3547 3471 3690 3526 Mar-

2114 3570 2288 3631 tyrum
2320 3560 2763 3630 oil‘erentiumque
2796 3561 3028 3615 fidelium
3056 3580 3067 3615 :
3103 3572 3263 3630 atque
3285 3577 3470 3617 eorum
3501 3561 3591 3628 qui
3620 3560 3691 3615 ab

2112 3650 2215 3705 hoc
2237 3650 2421 3706 seculo
2450 3650 2776 3705 transierunt
2810 3668 2822 3703 :
2852 3666 2879 3702 a
2900 3652 3158 3705 Ministris
3181 3651 3290 3719 jam
3313 3651 3449 3704 sacri
3476 3650 3693 3704 Ordinis

2112 3743 2388 3797 recensitis
2415 3759 2430 3796 ε
2455 3754 2505 3795 te
2538 3743 2815 3797 Dominum
2840 3741 3005 3797 Deum
3030 3752 3266 3796 nostrum
3299 3757 3394 3810 per
3427 3742 3692 3795 interces-

2110 3852 2229 3893 sum
2256 3838 2426 3893 sancti
2451 3838 2523 3891 tui
2559 3839 2767 3892 Andree
2817 3837 3043 3906 apostoli
3073 3846 3126 3890 et
3157 3834 3405 3904 martyris
3435 3833 3694 3900 depreca-

2109 3946 2249 3983 mur.
2282 3931 2346 3987 Ut
2368 3941 2422 3983 et
2450 3939 2739 3999 martyrum
2773 3928 3069 3998 patrocinia
3091 3928 3245 3980 nobis
3273 3940 3486 3993 semper
3513 3922 3695 3992 opitu-

2110 4022 2290 4075 lentur
2324 4038 2337 4075 :
2363 4033 2417 4076 et
2444 4020 2781 4075 offerentium
2812 4019 3063 4085 obsequia
3092 4033 3121 4071 a
3151 4026 3201 4071 te
3230 4018 3529 4070 clementer
3552 4013 3693 4067 acci—

2110 4114 2319 4179 piantur
2351 4128 2365 4164 :
2395 4126 2459 4165 ac
2503 4109 2871 4164 defunctorum
2902 4108 3137 4162 ﬁdelium
3194 4106 3472 4160 animabus
3526 4104 3693 4157 celes~

2110 4202 2237 4257 ιίιιιιι
2271 4202 2606 4269 receptacula
2639 4200 2973 4255 mansionum
3005 4214 3019 4251 :
3052 4211 3104 4252 et
3133 4197 3459 4265 sempiterna
3489 4192 3690 4263 quietis

2110 4296 2363 4349 tutamina
2390 4293 2718 4350 tribuantur.

2194 4385 2231 4452 ἡ
2254 4425 2266 4437 .
2296 4386 2485 4437 Amen.

2178 4478 2259 4531 Ad
2281 4494 2475 4547 pacem.
2512 4472 2835 4546 Redemptor
2877 4485 3058 4531 noster
3081 4482 3137 4529 et
3168 4472 3393 4528 Domine
3440 4466 3691 4531 Omnipo-

2112 4574 2227 4621 tens
2267 4567 2389 4621 Jesu
2440 4566 2649 4621 Christe
2683 4585 2694 4619 :
2727 4567 2814 4636 qui
2860 4581 2957 4636 per
2996 4563 3306 4634 sanguinem
3350 4559 3523 4615 crucis
3582 4567 3688 4611 tum

2106 4659 2282 4713 omnia
2308 4659 2582 4725 pacificare
2609 4657 2855 4729 dignatus
2881 4672 2941 4710 es
2968 4672 2983 4710 :
3016 4656 3132 4710 sive
3160 4668 3263 4724 que
3286 4658 3337 4706 In
3364 4652 3491 4706 celis
3520 4659 3644 4703 sunt
3671 4665 3686 4703 :

2111 4756 2223 4808 sive
2246 4769 2349 4823 que
2380 4755 2430 4808 in
2458 4755 2635 4808 terris.
2669 4754 2800 4806 Dum
2823 4751 3143 4805 discordiam
3171 4765 3275 4818 que
3297 4751 3436 4801 inter
3459 4746 3692 4813 Angelos

2107 4856 2160 4900 et.
2189 4845 2427 4897 homines
2460 4860 2551 4912 per
2576 4845 2782 4911 culpam
2830 4842 2982 4911 primi
3009 4842 3241 4910 parentis
3266 4846 3543 4892 contracta
3571 4833 3694 4890 fue-

2110 4946 2192 4991 rat
2221 4954 2235 4991 :
2261 4953 2443 4991 verum
2475 4938 2744 4993 hominem
2796 4935 3117 4990 assumendo
3153 4948 3253 4986 :ac
3296 4946 3392 5001 pro
3440 4929 3691 4983 omnibus

2108 5074 2175 5128 tis
2200 5075 2601 5143 Apostolorum.
2625 5073 2859 5129 versioni
2893 5073 3095 5128 (ἔτ-απαξ
3125 5070 3253 5143 libri
3294 5068 3463 5143 sancti
3498 5066 3692 5143 Hiero-

2105 5138 2345 5213 nymi‘de
2374 5145 2510 5200 Viris
2542 5145 2833 5199 illustribus
2858 5148 3087 5201 adnexa,
3114 5141 3256 5193 cruci
3280 5140 3468 5213 afﬁxus
3492 5138 3688 5191 dicitur

2103 5206 2320 5270 sanctus
2352 5217 2591 5269 Andreas
2642 5220 2702 5266 α’)
2743 5213 2934 5283 [Εθινα.
2967 5221 3058 5269 τοῦ
3096 5213 3347 5283 βασιλέως
3387 5206 3686 5283 Ἐδεσηνῷν,

2102 5285 2627 5356 νερεΕάειεεηοι-ωη,
2661 5296 2713 5356 et
2744 5285 2794 5337 in
2821 5277 3174 5356 iranslattitine
3208 5282 3414 5356 Latina,
3443 5295 3472 5328 α
3502 5277 3687 5356 prafe-

2103 5350 2185 5407 clo
2214 5355 2605 5410 Edessenorum.
2659 5354 2905 5408 Fortasse
2936 5355 3056 5406 huic
3087 5352 3381 5405 narrationi
3411 5363 3565 5401 error
3593 5350 3689 5399 ali-

2103 5427 2220 5498 quis
2245 5428 2428 5498 subest
2444 5445 2454 5476 ;
2472 5434 2679 5479 Constat
2704 5436 2901 5498 tamen,
2921 5425 3064 5498 ipsos
3088 5422 3352 5489 Augustos
3376 5416 3680 5498 aliquando,

2105 5487 2324 5549 honoris
2373 5512 2531 5549 causa
2560 5539 2573 5559 ,
2624 5494 2858 5562 gessisse
2889 5487 3246 5559 'tnagislratus
3298 5487 3688 5553 municipales;

2103 5568 2226 5629 quid
2256 5568 2446 5620 mirum
2479 5561 2639 5634 igitur
2666 5567 2709 5623 si
2742 5566 2953 5631 regulus
2978 5566 3065 5616 ille
3091 5561 3387 5635 susceperit
3416 5571 3687 5635 summum

2104 5627 2243 5701 apud
2292 5627 2523 5689 Achaeos
2565 5627 2957 5702 magistra—tum.
3005 5642 3062 5686 ut
3108 5627 3412 5687 adularetur
3465 5627 3694 5691 Neroni,

2104 5707 2192 5774 qni
2222 5707 2472 5760 Achaiam
2504 5707 2721 5761 liberam
2751 5721 2869 5762 esse
2895 5704 3147 5774 jusscrat.
