4058 6178
317 5449 341 5461 ν

343 326 441 385 itii

1110 323 1403 379 MISSALE
1443 321 1712 379 M‘IXTUM
1752 319 1903 379 SEC.
1945 315 2108 373 RBG.
2154 318 2211 371 Β.
2256 317 2526 374 lSlDORl.
2565 347 2635 358 —
2676 317 2853 374 PARS
2895 319 2933 371 l.

3516 320 3619 372 1ῦί

345 438 665 495 moriendo:
695 452 789 505 per
827 434 1005 489 crucis
1051 444 1140 488 tue
1196 441 1218 486 t
1248 434 1479 501 opheum
1527 433 1796 487 resolvisti
1832 448 1846 483 :
1878 441 1931 484 ct
1955 435 2010 491 Δ
2035 426 2147 496 ipse
2164 442 2372 484 summe
2402 440 2715 499 provocaret
2744 449 2757 483 :
2783 432 2898 500 ipse
2925 431 3179 485 Dominus
3207 445 3268 483 ac
3295 430 3617 501 Redemptor

350 546 536 600 pacem
569 529 709 582 inter
736 527 968 580 celestes
1025 534 1410 591 terrestresque
1435 532 1711 577 creaturas
1767 521 1937 575 factor

347 637 403 679 et
425 630 700 690 reparator
720 617 962 672 omnium
1006 632 1022 668 z
1054 624 1215 683 atque
1244 613 1563 682 Angelorum
1586 612 1831 666 conditur
1856 624 1939 664 re-

352 714 601 772 formnsti
626 730 640 765 :
664 714 772 783 28
798 709 1032 764 acclines
1060 719 1112 762 te
1138 721 1257 761 cum
1285 706 1431 760 omni
1452 704 1753 758 humilitate
1773 703 1938 769 depo-

351 810 556 862 scimus
588 822 600 855 :
627 813 685 855 ut
716 817 808 867 per
832 800 1108 854 obtentum
1140 797 1308 850 sancti
1344 793 1581 862 Apostuli
1611 801 1666 846 et
1692 792 1940 861 martyris

357 899 432 952 ttti
461 896 674 949 Andree
699 908 884 962 pacem
914 901 1057 943 tuam
1093 906 1108 941 :
1139 902 1243 956 que
1269 897 1531 953 exuperat
1574 900 1784 940 omnem
1819 898 1942 936 sen-

356 1004 475 1042 sum
509 1004 613 1040 non
637 985 810 1038 solum
840 980 1113 1036 hominum
1142 994 1158 1032 :
1188 978 1280 1031 scd
1312 976 1474 1030 etiam
1498 977 1734 1044 ipsorqu
1760 974 1941 1040 Auge-

360 1081 534 1133 lorum
564 1082 617 1129 itt
650 1074 848 1130 nostris
898 1072 1149 1127 cordibus
1180 1067 1522 1139 perhcnniter
1552 1065 1789 1121 exultare
1810 1079 1943 1120 con-

358 1172 522 1223 cedas

448 1281 488 1347 ιῆ
510 1320 523 1331 .
560 1282 753 1333 Amen.

433 1369 652 1424 Inlatt'o.
685 1367 911 1436 DLgnum
962 1371 1016 1416 et
1038 1362 1243 1430 justum
1297 1366 1381 1414 est
1412 1375 1426 1411 :
1459 1371 1557 1411 nos
1614 1356 1707 1411 tibi
1752 1355 1949 1424 gratias

362 1476 523 1531 agere
547 1474 562 1511 :
590 1468 640 1512 te
662 1470 871 1523 semper
896 1452 1209 1506 benedicere
1238 1464 1251 1502 :
1277 1455 1434 1516 teque
1457 1446 1674 1500 laudare
1706 1461 1718 1496 :
1744 1457 1952 1497 summe

366 1566 418 1608 et
446 1552 785 1617 omnipotens
824 1546 965 1599 Deus
1017 1543 1195 1597 Pater.
1226 1540 1271 1592 Δ
1323 1554 1427 1607 quo
1478 1539 1666 1591 beatus
1712 1534 1955 1588 Andreas

366 1645 642 1717 apostolus
672 1636 1018 1707 insuperabili
1069 1632 1400 1703 protectioue
1431 1631 1664 1683 munitus
1690 1645 1703 1681 :
1735 1641 1959 1681 conver-

369 1749 491 1793 tens
512 1736 577 1789 ad
608 1733 766 1787 iidem
796 1730 1018 1798 populos
1045 1727 1271 1796 gloriam
1323 1724 1498 1777 crucis
1529 1721 1725 1775 Christi
1774 1718 1952 1789 prodi—

364 1830 510 1883 cavit
536 1827 832 1895 intrepidus
866 1844 879 1878 :
912 1832 967 1876 et
993 1823 1172 1874 crucis
1224 1820 1586 1895 cruciamenta
1640 1830 1734 1883 pro
1780 1813 1953 1867 cruci-

370 1923 477 1975 ﬁx‘o
508 1893 735 1973 Domino
756 1913 992 1979 suscepit
1038 1915 1173 1966 letus
1223 1893 1382 1976 atque
1436 1920 1677 1960 securus.
1715 1904 1954 1971 Dumque

370 2015 438 2066 de
472 2008 737 2079 passionis
760 2022 853 2060 suc
881 2003 1206 2058 cruciatibus
1233 1999 1486 2052 letaretur
1516 2014 1528 2049 :
1557 1998 1622 2049 de
1646 2006 1957 2063 persecuto-

373 2103 449 2156 ris
476 2103 557 2153 sui
587 2098 953 2153 tantummodo
982 2094 1195 2147 interitu
1222 2087 1541 2144 condolebat
1566 2104 1578 2137 :
1602 2083 1957 2150 eumdcmque

373 2203 776 2265 persecutorem
809 2205 821 2238 :
850 2196 905 2240 ut
929 2195 1143 2240 eternas
1197 2194 1363 2248 penas
1413 2178 1713 2231 evaderet‘
1742 2181 1957 2227 exorta-

374 2289 483 2341 bat.
513 2283 623 2340 Sed
651 2282 792 2351 quod
820 2279 1133 2348 plerumque
1160 2273 1331 2341 magis
1386 2284 1449 2324 ac
1477 2270 1644 2339 magis
1672 2267 1957 2321 dannatiu-

368 2379 460 2432 nis
491 2390 627 2446 petra
657 2376 1094 2442 augmentaretur
1127 2384 1139 2418 :
1172 2379 1276 2434 quo
1305 2364 1543 2417 veritatis
1570 2361 1687 2431 ejus
1718 2358 1961 2429 predica-

379 2471 453 2522 tio
482 2482 588 2521 nun
618 2478 843 2518 tacetur.
874 2459 1027 2515 Unde
1054 2455 1329 2527 apostolus
1370 2463 1424 2507 et
1464 2462 1666 2522 martyr
1706 2448 1959 2503 salutaria

382 2558 407 2597 δ
441 2561 829 2614 honoramenla
862 2552 933 2605 illi
965 2565 1069 2604 non
1122 2547 1324 2601 tacuit:
1355 2553 1411 2597 et
1454 2543 1576 2596 inde
1605 2540 1961 2611 persecutoris

381 2650 631 2703 immanis
657 2643 845 2711 majori
869 2638 1199 2694 crudelitatis
1247 2633 1525 2688 atrocitate
1551 2632 1761 2685 seviens
1788 2629 1839 2682 in
1872 2645 1962 2684 ne-

382 2757 497 2797 cem
524 2738 754 2810 apostoli
779 2734 927 2803 quasi
954 2748 1103 2787 more
1135 2730 1376 2785 irenetici
1410 2745 1422 2780 :
1449 2731 1515 2780 ad
1541 2728 1825 2781 vindictam
1852 2740 1963 2780 me-

382 2833 485 2887 dici
517 2829 852 2885 consulentis
880 2823 1111 2879 exarsit:
1133 2831 1291 2889 atque
1316 2818 1610 2873 antidotum
1640 2818 1799 2871 saluti
1847 2833 1965 2871 cnn-

383 2942 568 2995 gruutn
594 2921 738 2992 quod
771 2920 848 2974 illi
875 2918 1113 2971 medicus
1142 2914 1334 2968 obtulit
1366 2929 1378 2964 :
1408 2910 1557 2980 quasi
1587 2910 1748 2964 vitam
1772 2908 1963 2963 medici

385 3023 802 3084 perempturus:
837 3010 955 3076 ipse
1006 3004 1216 3059 medico
1269 3002 1451 3056 furens
1495 3016 1619 3070 eger
1675 2999 1963 3053 bibendum

383 3108 547 3163 dedit.
570 3108 704 3158 Dum
723 3100 1008 3171 patibulum
1024 3096 1253 3166 gloriose
1266 3094 1435 3147 crucis
1459 3106 1473 3144 :
1495 3091 1632 3159 quod
1651 3091 1791 3144 onmi
1816 3090 1965 3144 tande

384 3200 661 3270 predicans
672 3194 943 3264 apostolus
953 3192 1140 3245 extulit
1156 3206 1168 3239 :
1186 3198 1487 3256 persecutor
1500 3183 1725 3237 crudelis
1738 3186 1962 3236 eundem

382 3292 683 3361 apostolum
714 3287 895 3342 subire
919 3285 1180 3352 prccepit.
1211 3280 1314 3334 Sed
1340 3279 1472 3330 Ietus
1501 3282 1843 3346 gnuiensqne
1866 3275 1968 3327 hoc

384 3384 625 3439 medicus
648 3382 876 3448 sumpsit
904 3394 917 3430 :
947 3375 1087 3446 quod
1122 3386 1247 3441 eger
1288 3370 1598 3424 insanabilis
1621 3381 1723 3420 non
1746 3361 1967 3419 creden-

387 3478 454 3532 do
481 3476 705 3545 abiecit.
737 3471 994 3527 Ncsciens
1041 3465 1202 3521 miser
1229 3464 1351 3534 quia
1382 3464 1481 3516 hoc
1502 3460 1796 3513 antidotum
1846 3457 1969 3511 licet

388 3570 440 3623 itt
470 3576 630 3637 gustu
671 3577 693 3603 ε
726 3576 909 3632 parum
962 3559 1155 3613 sentiat
1191 3568 1430 3609 amarum
1468 3569 1481 3605 :
1511 3552 1564 3605 in
1588 3550 1847 3603 suavitate
1890 3557 1969 3600 ta-

392 3678 509 3716 men
533 3660 691 3714 dulce
735 3666 819 3710 est
845 3669 908 3707 ac
934 3650 1245 3721 jocundum.
1279 3646 1411 3699 Dum
1462 3659 1553 3712 per
1581 3645 1679 3698 hoc
1728 3651 1780 3695 et
1826 3639 1969 3693 salus

391 3752 565 3805 habita
596 3744 948 3818 pet'henniter
976 3739 1219 3794 habenda
1241 3746 1484 3790 servatur
1514 3750 1528 3789 :
1561 3744 1616 3787 et
1645 3733 1788 3785 salus
1809 3730 1967 3783 amis-

389 3854 742 3910 sanunquam
790 3836 997 3905 penitus
1045 3831 1330 3886 amittenda
1378 3828 1650 3894 recipitur.
1688 3824 1788 3877 Per
1845 3837 1965 3875 eum

392 3947 547 4003 quem
578 3943 754 3984 tecum
783 3937 838 3981 et
866 3941 988 3979 cum
1014 3925 1211 3978 Sancto
1240 3920 1438 3990 Spiritu
1469 3934 1632 3971 unum
1666 3915 1827 3968 Deum
1855 3916 1968 3967 col-

394 4024 612 4078 laudant
640 4020 826 4089 Angeli
854 4033 869 4069 :
898 4029 1191 4083 omnesque
1213 4025 1443 4081 superne
1490 4008 1718 4063 virtutes
1741 4007 1856 4059 sine
1887 4006 1968 4058 itt-

396 4117 732 4173 termissione
756 4116 829 4167 ita
858 4111 1114 4165 dicentes.

462 4230 615 4285 Dicat
646 4229 866 4283 Chorus.
903 4224 1152 4281 Sanctus.
1184 4219 1431 4275 Sanctus.

463 4347 592 4401 Post
624 4345 869 4399 Sanctus.
906 4338 1042 4393 Vere
1065 4336 1295 4389 Sanctus
1325 4348 1340 4384 :
1374 4346 1499 4385 vere
1523 4328 1832 4384 benedictus
1863 4325 1968 4379 Re-

397 4441 639 4507 demptor
667 4445 849 4489 n05ter
871 4440 925 4484 et
958 4430 1209 4482 Dominus
1233 4425 1388 4478 .lesus
1405 4421 1668 4476 Christus.
1693 4419 1791 4485 Qui
1814 4432 1964 4470 ama-

398 4546 512 4586 rum
542 4527 807 4599 passionis
864 4524 1109 4591 poculum
1160 4518 1279 4569 ideo
1310 4514 1460 4584 quasi
1516 4526 1674 4566 verus
1726 4509 1965 4564 medicus

398 4619 721 4692 ιιιεέιιειιινίι
756 4634 768 4667 :
803 4625 857 4669 et
906 4624 960 4665 ut
1021 4610 1306 4663 admissam
1353 4615 1534 4660 nostre
1572 4602 1759 4656 salutis
1813 4601 1968 4653 nobis

398 4688 602 4784 cOpiam
633 4714 891 4765 restauret
930 4722 943 4757 :
975 4713 1029 4757 et
1078 4715 1174 4755 nos
1202 4702 1269 4753 ad
1304 4697 1406 4751 hoc
1455 4695 1771 4750 sumendum
1822 4690 1971 4761 prior
2041 4688 2047 4701 ‘

469 4923 493 4950 ι
533 4909 839 4965 Exortabat.
871 4905 1009 4973 Lego
1036 4898 1414 4973 exhortabatur.

470 4982 495 5020 δ
538 4970 1153 5036 Ηοηοταηιρηιαξῐῖυτιε,
1186 4970 1534 5021 hortamenta.

474 5065 494 5091 ε
538 5029 937 5105 Parum'seutiat
967 5029 1220 5102 amarum,
1251 5042 1305 5092 in
1328 5041 1578 5091 suavitate
1607 5044 1793 5087 tamen.
1820 5029 1972 5105 Tolle

400 5102 791 5193 Win—ltum“!
821 5132 1073 5177 amarum,
1098 5122 1152 5167 et
1182 5110 1310 5193 illud
1355 5110 1408 5161 in
1428 5107 1712 5193 Isaavitate.
1740 5114 1794 5157 et
1822 5102 1966 5170 lege:

404 5177 535 5247 λήσει
562 5202 1005 5263 gustuAamorum,
1038 5180 1363 5263 pereuntibus
1406 5177 1554 5231 dulce
1583 5186 1751 5229 tamen
1779 5183 1871 5240 est,
1911 5186 1972 5225 ac

390 5254 678 5334 jucundum
709 5258 949 5334 ﬁdelibus
977 5254 1198 5308 sanctis.

469 5335 496 5371 ά
538 5336 651 5400 Quo
679 5331 898 5400 expleto.
930 5325 1070 5400 Lege
1092 5339 1196 5400 quo
1208 5321 1460 5390 exemplo.

471 5414 496 5443 σ
535 5383 899 5457 ἓὲᾶάεέᾙίιιιι
924 5383 1565 5471 ωξέιδξνιιιειιιιιιίιμιιτιρ
1591 5383 1730 5471 quod
1760 5391 1975 5463 sanctus

404 5453 843 5531 Andreasicrucis
893 5453 1227 5534 supp‘liciu‘tu'
1242 5453 1462 5534 obieritﬁ.
1503 5458 1575 5534 De
1605 5453 1768 5523 ligura
1801 5453 1975 5534 erasis

734 5550 817 5593 est
855 5523 1125 5603 disputant
1152 5530 1363 5603 Lipsius
1381 5528 1497 5603 ρο
1521 5526 1720 5603 (ξηαπς,¹
1744 5538 1859 5603 cap.

401 5592 886 5673 ibatinesvilacobus
912 5592 1337 5673 C'hiflletius'tln
1370 5592 1596 5673 Historia
1628 5594 1852 5673 eiEi-tatis.
1878 5592 1974 5645 Vi-

402 5663 818 5751 ἱᾶτῖἱὲῆᾇῴάη.
870 5693 907 5742 ι,
956 5674 1103 5751 c.l)_.
1147 5672 1203 5726 Si
1254 5672 1386 5723 lides
1427 5663 1971 5751 Διιεεειιόο-Ιξιιιροιξιο,

405 5734 1195 5814 auctusA'ttdrcas'crucilixus
1222 5752 1305 5798 est
1332 5734 1498 5793 rectus
1536 5738 1588 5791 in
1617 5734 1796 5787 arbore
1825 5739 1936 5787 olea
1952 5748 1974 5798 ,-

2036 530 2274 577 eteruus.

2125 634 2162 703 ἡ
2185 671 2201 688 .
2231 636 2419 689 Αηιυιι.

2111 746 2239 801 Post
2267 748 2451 817 pridie.
2483 746 2766 801 Credimus
2825 749 3022 815 pariter
3051 758 3105 803 et
3154 748 3380 804 fatentur
3409 763 3618 805 Summe

2040 854 2103 892 ac
2125 838 2461 892 credulitatis
2491 838 2722 905 impulsu
2754 848 2929 892 tacere
2952 854 3054 892 non
3078 839 3305 893 sinimur
3334 858 3348 894 :
3381 852 3430 894 te
3453 840 3621 894 Deum

2043 929 2457 996 Bedemptorem
2487 945 2502 982 :
2533 943 2689 997 quem
2736 938 2976 980 nostrum
3011 945 3105 995 pro
3130 929 3283 983 nobis
3336 930 3544 985 miseris
3568 932 3621 984 iu

2044 1034 2203 1074 cruce
2234 1019 2397 1073 fuisse
2427 1033 2769 1086 suspensum.
2802 1017 3157 1071 Descendisse
3184 1020 3343 1071 etiam
3372 1020 3422 1072 in
3456 1019 3621 1074 infer-

2047 1127 2171 1165 nutn
2200 1124 2216 1164 :
2251 1117 2309 1164 ut
2336 1124 2432 1164 nos
2461 1123 2745 1177 resurgens
2774 1111 3014 1162 elevares
3043 1109 3108 1161 ad
3131 1112 3293 1163 celos.
3323 1108 3626 1178 Reliquisse

2048 1204 2206 1257 etiam
2233 1203 2387 1257 nobis
2415 1202 2717 1270 exemplum
2744 1217 2757 1255 :
2792 1210 2848 1254 ιιι
2878 1212 2928 1255 te
2960 1210 3248 1270 sequentes
3301 1200 3582 1254 Dominum
3607 1217 3625 1255 :

2051 1294 2331 1361 passiones
2364 1290 2675 1346 tolleremus
2697 1291 2748 1343 in
2778 1290 3057 1343 mundum.
3087 1287 3112 1324 ά
3140 1303 3244 1357 quo
3263 1288 3478 1356 expleto
3507 1290 3631 1343 bea-

2052 1392 2137 1436 tus
2169 1382 2411 1436 Andreas
2433 1381 2724 1447 discipulus
2767 1391 2887 1433 tuus
2908 1395 2971 1433 ac
3022 1390 3224 1449 martyr
3251 1387 3305 1432 et
3358 1383 3631 1446 apostolus

2054 1471 2369 1525 informatus
2400 1488 2414 1523 :
2454 1480 2475 1505 ε
2499 1471 2675 1524 crucis
2705 1486 2800 1539 pro
2828 1481 2880 1524 te
2895 1470 3212 1539 supplicium
3240 1470 3429 1523 devota
3452 1480 3632 1524 mente

2057 1562 2307 1629 portavit.
2343 1562 2449 1615 Fac
2489 1576 2588 1613 nos
2617 1575 2909 1630 quesumus
2964 1561 3186 1614 Domine
3238 1562 3351 1628 ipso
3404 1562 3633 1616 interce-

2058 1653 2216 1708 dente
2246 1653 2345 1706 hoc
2375 1653 2448 1705 tui
2482 1653 2728 1721 corporis
2777 1650 3158 1720 sanguinisque
3186 1653 3500 1719 mysterium
3522 1650 3633 1718 spi-

1984 1777 2031 1838 Β
2061 1746 2191 1799 ritus
2223 1744 2295 1797 tui
2324 1758 2443 1798 rore
2467 1742 2849 1796 sanctiﬁcatum
2877 1757 2891 1795 :
2922 1741 2990 1795 ad
3018 1749 3317 1795 nostrarutu
3338 1742 3632 1796 remedium

2056 1853 2271 1895 sumere
2296 1837 2617 1891 animarum.

2142 1952 2179 2015 ti
2204 1993 2214 2004 .
2248 1951 2435 2005 Amen.

2126 2068 2206 2120 Ad
2239 2067 2529 2120 Orationem
2560 2063 2902 2117 Dominicam.

2131 2178 2331 2234 Oratio.
2360 2179 2549 2233 Deusa
2579 2192 2686 2246 quo
2723 2174 2741 2212 ί
2774 2174 2963 2228 unicus
2987 2181 3109 2226 tuus
3131 2172 3182 2226 in
3212 2172 3352 2226 hunc
3382 2166 3636 2226 mundum

2060 2271 2258 2325 missus
2293 2287 2306 2323 :
2339 2284 2402 2322 ac
2447 2282 2541 2337 pro
2570 2267 2722 2321 nobis
2772 2266 2825 2318 in
2874 2277 3036 2318 cruce
3084 2276 3380 2329 suspensus
3409 2279 3423 2315 :
3457 2270 3641 2316 nostro

2060 2362 2449 2431 redemptionis
2495 2360 2732 2430 precium
2784 2357 2931 2412 dedit
2982 2357 3295 2425 sanguinem
3348 2369 3502 2409 suum
3533 2370 3551 2408 :
3581 2363 3641 2408 ut

2061 2454 2389 2511 reconciliati
2417 2468 2511 2520 per
2531 2453 2648 2521 ejus
2671 2459 2897 2505 mortem
2928 2450 3157 2503 liliorutn
3186 2448 3325 2514 apud
3358 2459 3409 2503 te
3434 2463 3643 2517 prome-

2067 2565 2309 2605 reremur
2360 2548 2698 2617 adoptionem
2743 2560 2757 2598 :
2808 2542 3048 2613 ejusdem
3100 2543 3267 2595 no~tri
3327 2541 3641 2596 mediatoris

2062 2644 2280 2699 obtentu
2304 2640 2455 2693 nobis
2480 2654 2579 2692 nec
2607 2636 2939 2690 merentibus
2970 2643 2994 2680 ε
3026 2635 3261 2687 tribuat:
3288 2641 3343 2685 ut
3374 2633 3643 2700 possimus

2066 2744 2117 2789 te
2151 2744 2354 2803 patrem
2384 2729 2701 2784 ﬁducialtter
2734 2726 3003 2795 appellare
3031 2741 3044 2777 :
3078 2734 3132 2779 et
3159 2722 3453 2777 orationem
3480 2737 3642 2791 quam

2066 2828 2180 2894 ipso
2200 2825 2426 2879 docente
2457 2822 2742 2875 didicimus
2772 2836 2789 2876 ;
2824 2818 2890 2871 ad
2924 2827 2975 2872 te
3018 2832 3121 2871 non
3152 2816 3326 2869 solum
3377 2813 3596 2868 vocibus
3626 2830 3642 2867 :

2066 2919 2161 2974 sed
2192 2929 2245 2972 et
2275 2917 2478 2971 meritis
2499 2914 2829 2985 proclamare
2857 2913 2910 2965 in
2944 2910 3123 2966 terris.
3154 2907 3311 2963 Pater
3338 2914 3520 2961 noster
3544 2905 3640 2977 qui

2065 3026 2124 3066 es
2155 3012 2205 3063 in
2229 3009 2375 3063 celis.

1993 3123 2037 3183 C
2153 3124 2192 3187 il
2211 3161 2231 3182 .
2260 3125 2449 3177 Amen.

2139 3239 2454 3293 Benedictio.
2488 3236 2714 3292 Sanctus
2745 3230 2990 3286 Andreas
3038 3225 3310 3297 apostolus
3343 3241 3358 3278 :
3390 3225 3479 3295 qui
3543 3238 3643 3293 pro

2066 3332 2326 3385 crucilixo
2384 3327 2609 3381 Domino
2658 3338 2721 3376 ac
2776 3321 3136 3388 lledemptore
3190 3325 3373 3371 nostro
3407 3324 3530 3370 :est
3591 3316 3645 3369 in

2068 3437 2227 3478 cruce
2248 3434 2539 3488 suspensus
2566 3432 2581 3470 :
2616 3432 2710 3483 pro
2743 3412 2895 3467 vobis
2927 3410 3026 3478 ipsi
3056 3408 3281 3463 Domino
3308 3407 3492 3476 gratia:
3518 3422 3646 3476 pro-

2066 3516 2221 3570 vidus
2248 3515 2441 3568 existat
2464 3524 2676 3579 semper
2706 3516 2979 3577 patronus.
3022 3503 3059 3569 ἢ
3082 3539 3096 3554 .
3127 3504 3318 3556 Amen.

2142 3630 2296 3685 Etob
2322 3627 2475 3698 cuius
2503 3622 2875 3679 celebrandam
2907 3618 3284 3675 solennitatem
3324 3614 3504 3669 alacer
3552 3621 3637 3671 est

2071 3721 2230 3775 hodie
2256 3732 2433 3774 vester
2456 3724 2749 3771 conventus
2781 3731 2794 3767 :
2819 3716 2889 3767 sit
2914 3727 3009 3781 pro
3037 3707 3273 3781 peccatis
3295 3706 3490 3761 vestris
3517 3714 3645 3760 ante

2072 3813 2240 3868 Deum
2264 3811 2587 3865 intercessor
2611 3805 2881 3862 assiduus.
2925 3804 2961 3859 ti
2981 3842 2995 3857 .
3021 3804 3213 3857 Amen.

2108 3932 2114 3939 ·
2142 3926 2220 3978 Ac
2248 3932 2389 3976 sicut
2419 3922 2507 3975 hic
2533 3928 2752 3974 sanctus
2780 3916 2975 3970 virtute
3032 3914 3200 3968 fretus
3258 3911 3353 3967 Dei
3405 3905 3650 3965 cruciﬁxi

2070 4030 2165 4085 per
2204 4017 2381 4067 crucis
2435 4012 2714 4065 victoriam
2760 4007 3030 4063 diabolum
3079 4004 3188 4075 29
3226 4000 3546 4071 superavit:
3580 3999 3651 4053 ita

2069 4121 2167 4161 vos
2192 4120 2284 4174 per
2315 4101 2781 4157 mortiﬁcationem
2835 4100 3011 4152 crucis
3038 4108 3229 4149 cuncta
3279 4092 3407 4146 vitia
3434 4091 3653 4145 concul-

2070 4203 2224 4253 cetis.
2267 4196 2303 4253 ἡ
2328 4233 2343 4249 .
2372 4194 2562 4248 Amen.
2590 4189 2693 4245 Per
2714 4186 3133 4242 misericordiam
3164 4183 3331 4253 ipsius
3356 4191 3461 4237 etc.

2146 4309 2294 4364 Dicat
2325 4306 2502 4360 l’resb.
2526 4304 2782 4357 Dominus
2809 4300 2878 4354 sit
2904 4310 3113 4366 semper
3135 4294 3430 4349 vobiscum.
3480 4294 3516 4363 ιῆ
3536 4330 3553 4348 .
3585 4294 3651 4348 Et

2072 4423 2192 4463 cum
2233 4403 2332 4474 Spit
2346 4400 2443 4455 itu.

2145 4521 2295 4575 Dicat
2319 4508 2778 4573 Chorus.Gustate
2806 4515 2860 4562 et
2888 4503 3080 4560 videte.
3107 4510 3162 4557 ut
3199 4516 3356 4570 supra
3395 4514 3449 4553 ut
3484 4499 3652 4569 prima

2075 4615 2258 4670 Missa.

2079 4895 2160 4951 cui
2193 4893 2329 4946 l’avet
2371 4893 2586 4942 sanctus
2632 4881 2821 4936 Petrus
2858 4875 3219 4947 Chrysttlogus
3249 4875 3457 4951 (Serm.
3494 4873 3647 4951 ᾤετ’),

2077 4944 2205 5019 cum
2244 4944 2357 5015 ait:
2387 4958 2571 5012 Petrus
2610 4967 2825 5021 namque
2868 4944 3094 5012 crucem,
3132 4944 3402 5021 arborea
3425 4944 3654 5021 Andreas

2075 5014 2325 5089 caecidit.
2358 5029 2502 5083 Crux
2528 5025 2697 5081 sancti
2723 5014 2972 5082 Andreas,
3004 5032 3161 5089 quam
3182 5014 3657 5089 apudplassilieu-

2076 5083 2474 5160 Eéé'iii’éétebrt
2501 5093 2673 5151 sancti
2706 5091 2938 5146 Victoris
2982 5083 3240 5160 crenobio‘
3262 5085 3391 5160 vidi.
3421 5098 3487 5138 ex
3516 5083 3653 5138 duo-

2077 5155 2176 5232 bus
2195 5155 2374 5242 ilignis
2403 5166 2664 5242 dedtilatis
2692 5165 3104 5242 compactaest,
3129 5157 3198 5236 ad
3226 5155 3652 5242 angulosiretctos

2076 5224 2399 5311 annilius,
2447 5240 2600 5311 adeo
2632 5246 2689 5286 ut
2707 5272 2764 5311 ,ῃ
2779 5224 2875 5311 pro
2915 5229 3058 5309 .situs
3088 5226 3347 5311 varietate
3372 5224 3460 5311 Ivel
3515 5226 3654 5280 hanc

2080 5293 2406 5385 ζιέἶῐξίίτὶίίιζ
2437 5308 2522 5362 vel
2551 5305 2690 5385 illam
2782 5293 3124 5385 telliciatE-est
3148 5303 3342 5385 Jautem
3370 5293 3527 5385 Longa
3556 5308 3653 5376 pe.

2079 5366 2423 5443 desiimus}
2448 5388 2590 5440 octo,
2621 5384 2673 5429 et
2723 5372 2944 5443 totidem
2973 5368 3098 5443 lata,
3140 5366 3342 5443 dequo
3370 5366 3656 5443 Saussaius

2080 5434 2390 5528 ῖιῖαῖίῄἷὸὶζ
2404 5434 2407 5435 ⁷
2431 5434 2712 5528 Gallicam,
2757 5442 2869 5528 diem
2886 5439 2954 5494 δυ
2977 5436 3141 5528 ΜΨ
3170 5437 3261 5491 tib.
3305 5436 3370 5489 de
3393 5438 3558 5507 gloria
3588 5434 3652 5491 s.

2078 5505 2328 5589 hiéié‘é;
2353 5541 2408 5592 ρ.
2437 5535 2495 5583 ιι,
2529 5505 2729 5592 libanu,
2756 5527 2801 5563 c.
2833 5509 2891 5573 2,
2919 5516 3020 5590 art.
3039 5505 3124 5592 2)τ

2156 5575 2413 5651 Ϊιιῖοἶιε
2442 5575 2581 5642 tuus.
2614 5575 2879 5649 Fortasse,
2906 5575 3086 5634 unicus
3108 5575 3280 5633 Filius
3302 5588 3439 5633 titus.

2152 5678 2177 5716 ε
2222 5666 2452 5719 Tribuat.
2495 5659 2634 5726 Lege
2657 5654 2840 5708 tribue.
