4058 6178
302 278 404 333 Ηῖὗ
1048 277 1347 335 MISSALE
1392 279 1664 337 MIXTUM
1705 282 1853 339 SEC.
1898 285 2057 343 REG.
2100 289 2157 343 Β.
2201 290 2469 349 lSiDORl.
2500 324 2570 336 —
2609 295 2788 354 PARS
2826 295 2867 351 i.
3480 305 3583 360 166

297 390 351 447 in
384 389 735 460 generatione
773 387 1100 443 seculorum.
1129 389 1231 455 Qui
1253 388 1417 442 edunt
1446 405 1533 445 me
1561 392 1733 447 adhuc
1770 409 1865 447 esu

1971 451 1972 456 η
2000 400 2190 456 Dicunt
2217 403 2287 457 ei.
2315 404 2512 459 Etiam.
2543 408 2631 461 Ait
2660 407 2783 463 illis.
2812 408 2937 464 ld‘eo
2966 410 3143 467 omnis
3187 412 3360 467 scriba
3390 414 3582 471 doctus

297 483 441 537 rient
474 499 487 534 :
520 491 574 535 et
599 480 690 550 qui
721 478 905 535 bibunt
942 494 1028 534 me
1054 480 1230 534 adhuc
1256 482 1464 535 silium.
1519 482 1621 548 Qui
1673 483 1894 540 audient.
1997 495 2048 548 in
2076 508 2243 563 regno
2257 495 2495 549 celerum
2518 496 2710 550 similis
2734 507 2816 553 est
2847 501 3213 569 patrifamilias
3261 521 3275 557 :
3323 508 3412 576 qui
3460 526 3585 577 pro-

295 587 387 628 me
419 589 435 626 :
474 586 581 625 non
612 568 1012 625 confundentur
1046 586 1058 621 :
1089 579 1139 623 et
1169 571 1258 638 qui
1306 579 1599 638 operantur
1646 572 1700 626 iu
1747 589 1832 628 me

1995 585 2097 639 fert
2126 587 2193 640 de
2220 586 2469 640 thesauro
2493 601 2591 641 suo
2620 604 2757 643 nova
2786 568 3063 647 etivetera.

294 679 409 717 non
457 661 781 730 peccabunt.
827 660 929 726 Qui
975 659 1248 715 elueidant
1295 675 1382 716 me
1430 660 1594 715 vitam
1651 672 1891 717 eternam

295 755 674 824 possidebunt.

372 845 767 989 Igitur.
803 944 827 972 ι
859 932 1161 989 Psallendo.
1200 934 1336 989 Audi
1370 933 1474 989 lilia
1497 944 1552 991 et
1576 936 1696 991 vide
1728 957 1741 991 :
1767 940 1890 1007 quia

295 1026 602 1097 concupivit
626 1036 716 1080 rex
746 1026 997 1080 decorem
1030 1036 1199 1079 tuum.
1229 1029 1293 1079 Et
1322 1027 1435 1096 ipse
1465 1037 1547 1080 est
1582 1027 1720 1080 Deus
1745 1039 1887 1082 tuu-.

312 1121 347 1182 Ῡ
372 1158 387 1170 .
423 1119 629 1186 Lingua
660 1128 750 1170 tua
779 1117 1019 1171 calamus
1058 1117 1233 1171 scribe
1275 1117 1526 1172 velociter
1568 1120 1885 1172 scribentis:

293 1208 486 1262 diffusa
516 1218 596 1262 est
621 1207 788 1277 gratia
814 1208 865 1259 in
890 1207 1040 1261 labiis
1061 1211 1162 1261 tuis
1192 1220 1470 1276 propterea
1526 1209 1800 1263 benedixit
1839 1222 1889 1266 te

298 1300 442 1354 Deus
471 1300 524 1352 in
552 1308 818 1352 eternutn.
860 1298 1020 1350 P..Et
1050 1300 1164 1367 ipse
1192 1309 1274 1352 est
1302 1298 1442 1352 Deus
1464 1307 1603 1353 tuus.

366 1391 521 1445 Dicat
552 1390 735 1446 Presb.
767 1391 1046 1446 Silentium
1080 1394 1258 1447 facite.

295 1501 578 1572 Sequenda
611 1502 838 1571 Epistole
864 1500 1019 1555 Pauli
1043 1503 1272 1643 Αιίἕείοιί
1301 1502 1368 1556 ad
1395 1501 1687 1559 Corinthios
1718 1504 1766 1577 (δ
1798 1503 1823 1558 Ι
1832 1503 1883 1571 1,

952 1590 1070 1642 cap.
1198 1611 1215 1627 .

952 1590 1070 1642 cap.
1103 1590 1147 1627 Α
1174 1590 1215 1642 ι.

380 1662 421 1730 ἡ
441 1703 455 1716 .
499 1662 610 1717 Deo
635 1663 851 1733 gratias.

362 1752 699 1807 Charissimi.
731 1754 831 1818 Qui
864 1753 1118 1823 gloriatur
1163 1770 1177 1807 :

294 1858 403 1897 non
432 1841 578 1897 enit‘n
606 1844 693 1909 qui
716 1843 951 1914 seipsum
975 1845 1317 1899 commendat
1342 1864 1355 1899 :
1378 1847 1468 1900 ille
1494 1849 1745 1914 probatus
1776 1849 1843 1900 sit
1869 1863 1880 1898 :

290 1936 383 1991 sed
434 1935 596 2002 q'uem
645 1935 784 1989 Deus
836 1936 1195 1991 commendat.
1237 1950 1257 1976 ο
1296 1936 1506 1992 Utinam
1550 1939 1887 1994 sustineretis

299 2026 567 2080 modicum
595 2026 721 2094 quid
746 2027 1050 2095 insipientie
1079 2044 1197 2082 mee
1215 2044 1229 2082 :
1250 2028 1342 2083 sed
1372 2039 1425 2084 et
1450 2040 1757 2098 supper-tate
1780 2044 1887 2085 me:

292 2118 504 2170 emuler
525 2117 670 2170 enim
699 2132 794 2170 vos
820 2117 913 2170 Dei
936 2118 1283 2173 emulatienc.
1313 2121 1576 2186 Despondi
1608 2124 1749 2175 enim
1789 2135 1885 2174 vos

292 2206 378 2258 uni
409 2203 526 2259 viro
554 2223 567 2256 :
600 2206 857 2275 virginem
880 2215 1081 2260 castam
1115 2207 1373 2262 exhibere
1416 2208 1653 2264 Christo.
1696 2210 1885 2265 Timeo

289 2306 467 2351 autem
492 2311 560 2351 ne
588 2299 725 2351 sicut
753 2313 979 2367 serpens
1012 2299 1177 2352 Evam
1207 2300 1420 2354 seduxit
1464 2304 1664 2355 astutia
1716 2317 1810 2356 sua
1864 2320 1879 2356 :

291 2390 365 2441 ita
393 2400 809 2459 corrumpantur
832 2406 1023 2445 sensus
1052 2392 1215 2446 vestri
1241 2401 1298 2444 ut
1323 2392 1573 2447 excidant
1598 2408 1626 2445 a
1667 2394 1873 2463 simpli-

291 2483 453 2535 citate
475 2490 530 2535 et
555 2481 817 2536 charitate
844 2496 948 2550 que
975 2492 1057 2535 est
1085 2483 1140 2534 in
1168 2482 1403 2537 Christo.
1436 2483 1565 2536 Nam
1607 2484 1652 2537 si
1701 2499 1746 2537 is
1788 2484 1879 2552 qui

295 2573 440 2626 venit
477 2573 640 2624 alium
667 2572 938 2626 Christum
990 2573 1226 2639 predicat
1251 2588 1409 2643 quem
1453 2589 1557 2627 non
1612 2575 1876 2643 pred.cavi

288 2661 439 2715 vobis
467 2676 482 2713 :
514 2670 608 2714 aut
634 2661 796 2715 alium
825 2661 1067 2730 spiritum
1108 2663 1351 2730 accipitis
1386 2679 1543 2732 quem
1588 2680 1692 2719 non
1723 2680 1873 2720 acce-

288 2751 441 2817 pistis
468 2769 485 2806 :
517 2762 607 2805 aut
635 2752 774 2805 aliud
800 2751 1134 2821 evangelium
1160 2754 1301 2816 quod
1343 2755 1620 2822 recepistis
1663 2771 1678 2809 :
1730 2769 1878 2811 recte

287 2843 625 2910 pateremini.
656 2851 715 2898 et
734 2845 936 2898 extimo
965 2847 1106 2899 enim
1138 2845 1270 2899 nihil
1298 2861 1384 2899 me
1408 2847 1585 2903 minus
1608 2846 1801 2902 fecisse
1822 2850 1873 2902 in

287 2934 445 2987 vobis
478 2949 509 2985 a
540 2934 745 3004 magnis
774 2935 1074 3003 Apostolis.
1112 2936 1177 2989 Et
1204 2938 1247 2988 si
1278 2937 1555 3004 imperitus
1594 2953 1712 2992 sum
1760 2952 1875 2992 ser-

286 3038 447 3077 mone
478 3039 493 3075 :
524 3024 616 3078 sed
642 3039 747 3080 non
776 3026 1021 3079 sciemia.
1055 3025 1110 3079 In
1139 3027 1389 3080 omnibus
1419 3038 1593 3080 autem
1649 3028 1874 3083 manife-

284 3123 399 3166 stus
418 3128 537 3166 sum
571 3115 723 3167 vobis
755 3131 769 3167 :
804 3113 829 3151 ἀ
861 3128 957 3182 per
987 3116 1142 3169 ﬁdere
1164 3131 1268 3185 que
1294 3127 1378 3171 est
1408 3116 1461 3171 in
1493 3118 1705 3172 Christo
1740 3117 1867 3173 .icsu
1897 3124 1939 3183 ο

286 3203 509 3258 Domino
539 3214 741 3259 nostro.

365 3297 405 3362 ﬁ
425 3336 441 3351 .
468 3300 659 3351 Amen.

285 3385 454 3441 Lectio
484 3388 669 3443 Sancti
700 3388 966 3459 Evangelii
968 3390 1274 3526 ἱῇιγιῖίκηι
1305 3389 1607 3445 Mattltteum
1638 3391 1657 3461 (
1686 3396 1709 3424 °
1739 3390 1869 3461 Cap.

350 3548 446 3603 Ille
465 3549 520 3603 in
545 3559 782 3618 tempore
804 3549 935 3603 dixit
961 3549 1217 3604 Dominus
1237 3549 1389 3604 Jesus
1411 3549 1686 3619 discipulis
1718 3553 1828 3607 suis
1850 3566 1866 3606 :

279 3640 585 3708 parabolam
642 3641 799 3696 hanc.
838 3641 1034 3697 Simile
1073 3652 1157 3698 est
1195 3642 1302 3714 30
1348 3642 1584 3713 Regnum
1627 3645 1866 3701 celerum

277 3741 533 3785 thesauro
551 3732 867 3788 abscondito
888 3732 941 3787 in
962 3747 1091 3803 agro
1115 3752 1127 3785 :
1154 3749 1312 3803 quem
1336 3737 1424 3799 qui
1449 3736 1649 3791 invenit
1665 3735 1825 3792 homo
1850 3756 1864 3795 :

287 3819 612 3873 abscondit:
646 3831 700 3874 et
732 3836 828 3889 pre
855 3824 1049 3891 gaudio
1070 3823 1208 3877 illius
1240 3824 1381 3876 vadit
1413 3840 1427 3876 :
1457 3831 1513 3878 et
1549 3826 1719 3879 vendit
1753 3829 1864 3883 nni-

274 3922 434 3962 versa
463 3924 567 3975 que
594 3911 754 3965 habet
789 3928 801 3962 :
834 3923 888 3966 et
912 3914 1043 3966 emit
1068 3927 1256 3982 agrum
1276 3914 1447 3969 illum.
1474 3914 1669 3971 lterum
1686 3917 1863 3974 simile

274 4007 358 4051 est
406 4014 626 4067 regnum
681 4001 918 4055 celerum
972 4003 1172 4057 homini
1219 4006 1539 4073 negotiatori
1572 4023 1585 4060 :
1618 4013 1862 4077 querenti

272 4089 443 4144 bonas
465 4093 805 4159 margaritas.
844 4093 1055 4147 Inventa
1082 4104 1258 4148 autem
1302 4110 1400 4148 una
1449 4097 1687 4166 preciosa
1720 4115 1861 4155 mar-

270 4182 443 4248 garita
471 4198 486 4234 :
518 4181 648 4235 abiit
676 4192 731 4235 et
766 4183 1009 4236 vendidit
1039 4185 1287 4238 universa
1335 4200 1454 4255 quae
1502 4188 1687 4243 habuit
1733 4207 1747 4243 :
1806 4200 1861 4245 et

269 4277 403 4325 emit
434 4287 577 4327 eam.
609 4272 805 4328 iterum
837 4275 1014 4329 simile
1043 4284 1126 4329 est
1146 4291 1367 4344 regnum
1396 4278 1632 4332 celerum
1660 4295 1857 4351 sageue

268 4366 434 4417 misse
456 4364 509 4416 in
536 4379 686 4418 mare
716 4381 730 4417 :
758 4374 813 4418 et
842 4379 908 4419 ex
934 4366 1082 4419 omni
1119 4381 1318 4436 genere
1368 4368 1589 4437 piscium
1628 4385 1852 4439 congre-

2080 677 2116 743 ᾗ)
2139 718 2150 730 .
2178 676 2367 731 Amen.

2067 767 2217 820 Dicat
2251 768 2426 823 Presb.
2471 770 2727 825 Dominus
2747 770 2814 825 sit
2843 786 3057 842 semper
3078 776 3370 833 vobiscum.
3414 779 3451 848 ἡ
3474 820 3487 833 .
3516 782 3581 835 Et

1993 873 2111 912 cum
2142 859 2325 924 sttiritn
2352 870 2462 914 tuo.

2064 948 2479 1005 CantetCltorus.
2516 949 2536 988 τ
2573 951 2775 1006 Lauda.
2804 954 3051 1024 Alleluja.
3112 958 3147 1025 Ῡ
3174 998 3186 1013 .
3238 958 3412 1014 Lauda
3473 963 3576 1019 lilia

1994 1038 2136 1110 Syen
2172 1042 2336 1094 letare
2360 1051 2413 1095 et
2441 1044 2614 1096 exulta
2651 1045 2752 1097 lilia
2811 1045 3163 1103 Hierusalem.
3215 1047 3278 1101 Ρ.
3324 1052 3574 1124 Alleluja.

2065 1133 2218 1186 Dicat
2242 1132 2419 1188 Prcsb.
2446 1135 2716 1204 Adjuvate
2740 1154 2825 1193 me
2858 1138 3067 1194 fratres.

2063 1236 2089 1275 ι
2123 1227 2472 1297 Sacriﬁcium.
2497 1230 2644 1285 Sicut
2670 1231 2860 1285 cedrus
2888 1235 3115 1288 exalata
3144 1252 3259 1290 sum
3290 1241 3339 1292 in
3373 1239 3577 1294 Libano

1991 1329 2045 1374 et
2075 1319 2221 1388 quasi
2249 1319 2538 1388 cypressus
2578 1323 2630 1374 in
2680 1331 2860 1377 monte
2908 1324 3051 1395 Syon
3105 1343 3118 1379 :
3174 1330 3325 1396 quasi
3378 1332 3576 1385 tnirrlta

1989 1410 2154 1462 electa
2180 1398 2298 1463 dedi
2321 1411 2634 1465 suavitatem
2659 1413 2836 1467 odoris
2857 1415 3092 1484 alleluja.
3132 1417 3165 1485 ᾗ
3194 1458 3205 1471 .
3231 1418 3377 1473 Sicut
3398 1428 3574 1478 sturax

1988 1507 2042 1552 et
2069 1499 2328 1568 galbanus
2351 1510 2404 1554 et
2435 1502 2557 1554 enix
2592 1510 2643 1554 et
2666 1511 2812 1569 gutta
2847 1520 2862 1556 :
2889 1513 2943 1558 et
2971 1509 3117 1575 quasi
3153 1508 3381 1565 Libanus
3414 1511 3437 1547 δ
3469 1529 3574 1568 non

1989 1589 2243 1645 incensus
2268 1592 2517 1659 vaporati
2564 1594 2945 1649 habitationem
2999 1613 3169 1653 meum
3218 1620 3231 1655 :
3276 1618 3375 1672 ego
3425 1606 3574 1674 quasi

1990 1682 2283 1736 terebintus
2311 1684 2536 1750 expendi
2570 1700 2747 1740 ramos
2781 1702 2796 1740 :
2827 1695 2880 1739 et
2922 1690 3048 1742 rami
3102 1690 3203 1744 mei
3250 1691 3465 1749 honoris
3520 1706 3575 1751 et

1222 1754 1277 1810 ίη
1324 1755 1548 1810 Domino
1573 1755 1833 1825 Βιοτίθιυν
1864 1771 1877 1807 ³
1910 1774 1957 1833 Β
1988 1772 2170 1842 gratiae
2198 1790 2210 1825 :
2243 1788 2342 1841 ego
2363 1773 2514 1842 quasi
2537 1775 2659 1828 vitis
2682 1775 2991 1830 fructificavi
3015 1782 3328 1835 suavitatem
3349 1784 3530 1839 oderis
3556 1802 3569 1838 :

1990 1864 2042 1918 in
2095 1880 2182 1920 me
2228 1880 2353 1936 spes
2394 1866 2570 1921 omnis
2613 1868 2721 1922 vite
2761 1880 2813 1923 et
2854 1869 3065 1926 virtutis
3098 1888 3110 1923 :
3144 1874 3363 1929 transite
3389 1875 3455 1929 ad
3488 1892 3573 1931 me

1987 1980 2171 2022 omnes
2193 1967 2281 2037 qui
2302 1967 2679 2037 concupiscitis
2707 1983 2793 2023 tne
2821 1985 2836 2025 :
2867 1979 2919 2024 et
2944 1986 2971 2023 a
2993 1972 3420 2039 generationibus
3438 1974 3572 2029 meis

1986 2059 2381 2128 adimpletnini;
2412 2060 2627 2129 spiritus
2657 2064 2799 2116 enim
2832 2077 2983 2116 mens
3005 2077 3166 2130 super
3223 2066 3322 2120 mel
3375 2065 3569 2120 dulcis.

1988 2144 2054 2200 P.
2072 2149 2230 2214 Quasi
2254 2150 2449 2204 mirrba
2463 2148 2633 2206 electa
2652 2151 2772 2205 dedi
2793 2154 3108 2206 suavitatem
3128 2153 3309 2208 odoris
3336 2156 3567 2224 alleluja.

2056 2260 2238 2316 Missa.
2272 2262 2471 2317 Omnes
2515 2263 2602 2331 qui
2653 2263 2753 2318 sub
2809 2264 3231 2334 impugnantium
3276 2269 3571 2323 certamine

1982 2356 2237 2410 vicierum
2271 2370 2286 2412 :
2321 2365 2413 2408 aut
2456 2355 2720 2410 vulnerati
2761 2356 2986 2425 turpiter
3017 2371 3033 2408 :
3062 2367 3153 2411 aut
3197 2360 3455 2427 perempti
3503 2360 3570 2414 de

1981 2448 2156 2501 carnis
2205 2446 2487 2516 fragilitate
2534 2448 2912 2515 conquerimur
2965 2464 2980 2501 :
3042 2447 3057 2484 ί
3118 2450 3316 2519 quique
3364 2451 3569 2520 ignavie

1979 2537 2177 2592 mentis
2203 2538 2549 2591 excusatione
2582 2552 2843 2607 corporee
2868 2538 3244 2594 imbecillitatis
3272 2545 3567 2599 occulitnus

1981 2628 2176 2682 fratres
2206 2628 2505 2683 cbarissimi
2530 2644 2546 2682 :
2574 2638 2627 2683 et
2657 2630 2986 2698 propositum
3016 2632 3336 2700 aspiciamus
3359 2634 3567 2693 Eulalia

1981 2718 2201 2787 virginis
2231 2735 2246 2772 :
2280 2728 2335 2773 et
2363 2719 2710 2787 triumphum.
2737 2718 2852 2786 Que
2880 2734 2977 2773 nec
3006 2719 3160 2775 sexui
3184 2722 3422 2791 subjecta
3465 2741 3565 2780 nec

1974 2809 2189 2877 corpori
2222 2826 2235 2864 :
2270 2810 2424 2864 virile
2451 2811 2847 2865 contemnendo
2887 2816 3189 2882 contagium
3222 2830 3237 2867 :
3268 2815 3326 2869 fit
3374 2815 3561 2873 virilis.

1976 2902 2030 2955 ln
2061 2916 2162 2970 qua
2194 2917 2297 2957 non
2329 2902 2424 2955 fuit
2451 2903 2756 2972 corruptele
2794 2906 2964 2972 portio
3011 2920 3024 2956 :
3083 2915 3140 2957 ut
3191 2916 3335 2960 esset
3389 2911 3564 2977 gratie

1974 2992 2267 3061 plenitudo.
2332 2996 2347 3043 l
2418 2997 2585 3060 Quam
2636 2997 3001 3051 credulitatem
3051 2997 3157 3051 fide
3215 3014 3231 3051 :
3287 2988 3597 3057 libidin‘emi

1974 3085 2218 3139 castitate
2247 3086 2550 3138 vincentem
2577 3102 2591 3138 :
2617 3095 2672 3140 et
2716 3089 2922 3140 ornavit
2972 3088 3231 3157 virginem
3282 3092 3562 3147 admiratio

1978 3175 2234 3229 castitatis
2266 3192 2278 3227 :
2305 3184 2357 3229 et
2381 3178 2653 3229 coronavit
2677 3188 2976 3247 martyrem
3020 3180 3189 3248 gloria
3234 3184 3495 3249 passionis
3540 3202 3557 3239 :

1976 3281 2079 3337 que
2126 3269 2250 3321 dum
2304 3268 2445 3321 vitiis
2488 3279 2748 3340 repugnat
2786 3279 2840 3323 et
2878 3271 3087 3339 gladiis.
3120 3273 3246 3327 dum
3275 3286 3327 3331 et
3360 3275 3558 3333 ferrum

1973 3360 2176 3426 spernit
2203 3374 2216 3415 :
2249 3368 2302 3413 et
2329 3360 2548 3415 coitum.
2581 3371 2631 3415 et
2660 3360 2993 3417 credulitatis
3013 3378 3108 3419 sue
3131 3365 3336 3419 hostem
3376 3376 3557 3434 pertu-

1974 3448 2035 3502 lit
2060 3465 2075 3501 :
2100 3458 2154 3503 et
2177 3451 2353 3504 etatis.
2386 3450 2553 3520 Hujus
2593 3466 2723 3522 ergo
2766 3452 3061 3507 intercessu
3115 3457 3554 3524 omnipotentiam

1972 3540 2163 3594 summi
2195 3540 2358 3609 patris
2404 3556 2615 3596 oremus
2647 3559 2662 3596 :
2693 3552 2749 3596 tit
2792 3544 2928 3598 sicut
2973 3547 3041 3598 ab
3085 3561 3150 3601 eo
3197 3546 3313 3615 ejus
3361 3548 3554 3606 invicta

1969 3631 2245 3700 virginitas
2268 3631 2431 3686 locari
2455 3635 2648 3689 meruit
2668 3633 2720 3688 in
2743 3636 2964 3705 regione
2986 3638 3222 3693 celerum
3252 3656 3267 3694 :
3298 3641 3368 3696 ita
3392 3641 3548 3698 nobis

1967 3735 2219 3777 concessa
2250 3722 2404 3777 venia
2432 3723 2753 3781 delictorum
2785 3743 2803 3781 :
2833 3729 3159 3785 concedatur
3178 3730 3327 3785 locus
3364 3733 3420 3787 in
3458 3748 3549 3788 re-

1966 3818 2123 3885 gione
2150 3816 2458 3870 viventium.

2054 3906 2090 3971 ἡ
2113 3943 2127 3958 .
2170 3909 2360 3959 Amen.

2034 4019 2149 4071 Alia
2178 4017 2378 4072 Oratio.
2414 4019 2629 4073 Letetur
2666 4023 2717 4076 in
2750 4032 2800 4077 te
2844 4024 3067 4079 Domine
3111 4041 3294 4096 quaeso
3334 4030 3553 4099 virgini-

1964 4121 2044 4166 tas
2076 4128 2089 4161 :
2122 4120 2178 4166 et
2209 4108 2235 4148 ¹ι
2260 4110 2380 4164 huic
2412 4116 2656 4180 proxima
2684 4117 3011 4184 CODgBUdetll
3040 4120 3389 4173 continentia.
3428 4122 3545 4178 Non

1959 4219 2144 4257 sexum
2168 4204 2723 4274 querunthnjusmodi
2765 4207 2901 4261 bella
2946 4225 2962 4261 :
3005 4210 3097 4261 sed
3140 4212 3396 4264 animum.
3432 4214 3545 4267 bon

1958 4297 2227 4350 mucronis
2274 4295 2646 4350 confidentiam
2704 4314 2718 4349 :
2772 4298 2862 4351 sed
2925 4298 3162 4365 pudoris.
3224 4299 3336 4353 Non
3381 4304 3543 4355 etiam

1957 4400 2215 4453 personas
2273 4387 2610 4442 discussnras
2663 4402 2679 4439 :
2737 4390 2828 4441 sed
2873 4403 3078 4442 causas.
3139 4390 3354 4457 impune
3400 4391 3541 4445 inter

265 4457 437 4522 ganti.
462 4454 637 4519 Quam
664 4467 784 4508 cum
816 4456 1029 4522 impleta
1053 4465 1195 4510 esset
1228 4473 1241 4509 :
1276 4459 1563 4513 educentes
1605 4470 1658 4514 et
1699 4476 1854 4518 secus

1971 4486 2193 4529 armatas
2224 4478 2572 4531 transitacies
2603 4479 2859 4533 innocens
2893 4479 3218 4533 conscientia
3254 4499 3267 4532 :
3302 4497 3404 4549 que
3453 4499 3549 4535 stt-

265 4545 393 4599 litus
420 4545 673 4600 sedentes
708 4536 1216 4616 :elegeritntbOnes
1242 4548 1294 4601 in
1321 4562 1443 4603 vasa
1478 4564 1574 4605 sua
1619 4569 1634 4604 :
1680 4555 1850 4608 malos

260 4644 441 4689 autem
464 4635 610 4690 foras
642 4635 923 4691 miserunt.
954 4636 1045 4693 Sic
1066 4638 1165 4692 erit
1198 4638 1249 4692 in
1280 4642 1743 4698 consummatione
1763 4658 1850 4698 se-

258 4724 387 4779 culi.
423 4725 660 4780 Exibunt
686 4727 872 4798 Angeli
902 4737 957 4783 et
986 4730 1311 4798 separabunt
1335 4733 1502 4787 malos
1528 4750 1543 4788 :
1573 4734 1642 4787 de
1668 4738 1849 4792 medio

252 4814 525 4885 iustorum
560 4834 575 4871 :
607 4827 661 4873 et
688 4821 905 4874 mittent
930 4834 1025 4876 eos
1053 4821 1105 4875 itt
1135 4826 1405 4878 caminum
1438 4825 1590 4891 ignis.
1640 4827 1715 4881 ibi
1745 4833 1849 4884 erit

253 4909 419 4966 ﬂetus
443 4922 499 4967 et
540 4913 742 4969 stridor
786 4915 1053 4972 dentium.
1102 4917 1446 4974 intellexistis
1501 4922 1598 4975 hec
1628 4925 1849 4978 omnia?

322 5047 701 5124 {Psallendm
740 5051 844 5124 _Ps.
888 5066 1034 5124 xm,
1082 5053 1169 5114 tt,
1218 5051 1304 5105 t2.
1372 5055 1445 5122 ᾗ.
1498 5056 1656 5124 lbid.,
1701 5059 1843 5124 2,5.

282 5119 434 5173 ‘erba
482 5132 659 5175 autem
706 5120 861 5175 aliter
907 5122 1164 5190 disposita
1212 5132 1337 5176 sunt
1375 5119 1543 5195 quam
1594 5119 1652 5183 in
1699 5119 1843 5185 testu

254 5234 259 5237 _
655 5260 805 5344 Yers.
834 5262 920 5324 l7,
951 5260 1162 5344 adrcap.
1192 5278 1245 5344 x_l
1273 5278 1413 5344 vers.
1447 5265 1501 5320 6.

318 5340 343 5368 ε
393 5329 628 5399 Qunam.
662 5330 873 5384 initium
904 5332 1096 5399 capitis
1124 5334 1413 5390 undecimi.

312 5399 342 5481 cl
385 5397 494 5480 Per
747 5401 894 5481 "me,
927 5397 984 5455 et
1027 5417 1156 5481 quae
1187 5414 1482 5481 supersunt
1526 5407 1682 5476 hujus
1712 5412 1834 5481 Epi-

241 5471 431 5547 stolas...
457 5471 507 5522 in
538 5469 1386 5547 vulgata._Gr.rea,-Svriaca'non
1420 5469 1686 5547 leguntur.

313 5552 341 5578 '
385 5540 518 5607 Cap.
550 5540 729 5596 XIII.
769 5541 919 5596 Vers.
953 5540 1141 5597 «ιι-ω.

318 5610 337 5647 τ
386 5612 586 5665 Lauda.
619 5612 863 5680 Sephon.
897 5629 973 5679 nt,
1007 5612 1096 5665 M.

310 5690 338 5727 ι
387 5680 739 5749 Sacriﬁcium.
796 5682 872 5735 Ex
906 5683 1263 5741 Ecclesiastici
1310 5702 1461 5757 xxiv,
1498 5689 1587 5757 l7,
1618 5689 1705 5747 ΞΟ.
1758 5694 1827 5761 ᾗ.

1958 4568 2409 4633 peravitcrimina
2441 4586 2453 4619 :
2487 4578 2707 4638 superat
2755 4580 2810 4623 et
2850 4571 3089 4624 metalla.
3142 4570 3323 4625 Facile
3370 4575 3542 4628 vincit

1953 4656 2092 4711 alios
2123 4673 2137 4709 :
2169 4659 2408 4727 quisquis
2437 4674 2496 4715 se
2520 4661 2725 4715 vicerit.
2758 4672 2810 4715 et
2838 4676 2959 4715 cum
3004 4661 3270 4716 laudabile
3316 4665 3385 4717 sit
3424 4666 3545 4717 viro

1952 4746 2145 4802 fecisse
2176 4749 2421 4803 virtutum
2454 4767 2468 4803 :
2501 4751 2720 4821 majoris
2751 4762 2927 4807 tamen
2955 4754 3205 4821 prmconti
3236 4764 3318 4808 est
3346 4753 3542 4808 iecisse

1950 4839 2210 4907 virginem
2238 4854 2351 4893 rem
2380 4841 2606 4894 virilem.
2651 4842 2987 4911 Propbanum
3042 4859 3196 4899 sacra
3244 4846 3541 4912 ingreditur

1952 4929 2121 4997 puella
2153 4931 2434 4984 concilium
2464 4949 2477 4984 :
2506 4941 2562 4985 et
2589 4935 2759 4987 solum
2807 4934 2970 4989 Deum
2999 4934 3051 4990 in
3080 4946 3297 5007 pectore
3324 4947 3541 5009 gestans

1951 5064 2109 5132 ibid.,
2143 5067 2329 5121 90-27.

2020 5132 2045 5209 ξ
2091 5136 2213 5209 {Ven
2239 5144 2474 5192 incensus
2524 5139 2664 5209 Lege
2694 5159 2795 5195 non
2822 5143 3036 5197 incisus.

2025 5204 2041 5281 ξ
2086 5208 2302 5281 Quique.
2335 5209 2511 5277 Lege:
2548 5204 2745 5281 Quique
2768 5214 3019 5281 ignaviam
3049 5214 3251 5267 mentis.

2019 5276 2033 5352 ξ
2087 5279 2253 5352 Quam
2280 5276 2636 5335 credulitatem
2660 5276 2953 5351 ﬁde."Lege
2983 5285 3340 5339 crudelitatem
3369 5287 3495 5352 ﬁde.

2018 5344 2042 5384 κ
2087 5348 2224 5402 Huic
2261 5353 2519 5425 proxima.
2569 5344 2766 5425 Auctor
2796 5356 2862 5407 de
2891 5344 3040 5407 Bono
3071 5344 3538 5425 pudicitiagdnter

1940 5431 2103 5486 opera
2126 5422 2300 5494 sancti
2324 5420 2579 5494 Cypriani
2608 5439 2621 5475 ε
2653 5422 2761 5477 Sed
2788 5425 2924 5477 enim
2955 5420 3203 5488 pudicitia
3229 5420 3397 5481 locant
3429 5433 3535 5494 pri-

1942 5504 2079 5565 munt
2119 5490 2194 5565 in‘
2215 5490 2491 5565 virginibus
2530 5500 2684 5565 tenet,
2716 5495 3001 5546 secundum
3055 5498 3106 5547 in
3135 5490 3530 5565 continentibus,

1942 5559 2143 5612 tet-tium
2176 5560 2614 5638 in__matrin_ioniis,
2643 5578 2815 5616 verum
2846 5566 2896 5617 in
2920 5564 3154 5620 omnibus
3191 5572 3417 5638 gloriosa
3461 5559 3536 5625 esi

1940 5644 2055 5682 cum
2090 5629 2336 5698 gradibus
2366 5631 2493 5683 suis.
