4058 6178
404 281 505 336 ίϐἷ

1145 241 1438 335 iussam:
1477 278 1752 334 MIXTUM
1793 276 1943 334 ssc.
1988 274 2150 330 nec.
2192 276 2253 330 ις.
2297 276 2569 333 ISIDURI.
2601 306 2671 318 —
2710 276 2887 333 rans
2928 277 2967 331 ι.

3565 279 3666 333 If?!

410 394 574 448 infert
598 386 898 447 violentiam
924 391 1177 462 passioni.
1199 391 1308 446 Nec
1330 393 1480 447 deest
1503 392 1660 447 lictor
1682 403 1788 445 tam
1821 391 1987 458 impu-
2014 395 2058 448 A
2090 392 2331 446 rentibus
2356 392 2642 460 perhennis
2669 393 2839 461 gratie
2866 392 3068 445 lucrum
3102 408 3115 442 :
3148 401 3201 445 et
3230 388 3498 446 defunctis
3519 401 3668 448 eter-

414 490 551 542 dens
578 501 736 555 quam
766 484 999 539 crudelis
1032 501 1045 535 :
1071 491 1094 518 ε
1126 485 1214 552 qui
1246 497 1495 551 sponsam
1543 486 1561 550 (
1592 498 1778 537 secure
1830 482 1992 535 dixe-

411 577 558 644 rim)
608 574 851 629 Christi:
893 572 1260 626 fornicantium
1302 572 1612 627 verberibus
1660 571 1935 625 oculorum
1975 588 1988 623 :

410 667 672 734 supplicio
699 663 1009 717 libidinante
1033 671 1323 731 torqueret.
1357 661 1550 730 thue
1576 676 1741 730 penas
1773 661 1824 714 in
1854 658 1995 712 adul.

410 757 551 805 terio
581 768 686 806 non
719 751 898 805 luebat
927 769 939 803 :
970 752 1156 804 saltem
1192 765 1351 818 penas
1381 750 1648 803 adulteras
1681 748 1992 803 sustineret.

410 841 619 894 Dudum
651 841 791 909 quod
838 842 1053 909 gravius
1104 839 1344 893 carnifex
1403 849 1551 907 putat
1598 840 1993 907 expectantium

412 932 581 985 oculis
609 943 803 999 corpus
828 932 1044 998 exponit
1076 947 1090 983 :
1120 939 1174 985 et
1220 945 1314 999 per
1359 928 1687 983 divaricatas
1733 944 1995 983 viscerum

424 1034 601 1091 partes
635 1041 649 1077 :
683 1025 881 1077 ictuum
914 1024 1090 1075 sulcos
1113 1036 1302 1076 cursus
1334 1021 1437 1075 fusi
1460 1020 1736 1087 sanguinis
1774 1031 1990 1073 antece—

416 1116 514 1167 dit.
549 1115 715 1168 Periit
773 1123 897 1167 tunc
939 1116 1155 1166 tortoris
1205 1113 1367 1180 iniqui
1411 1119 1771 1165 commentum
1824 1127 1840 1164 :
1886 1111 1997 1165 sola

423 1210 699 1277 patiuntur
725 1213 985 1259 tormenta
1017 1203 1321 1257 ludibrium.
1368 1202 1535 1255 liabet
1581 1201 1794 1271 quidem
1842 1201 2003 1271 virgi-

427 1315 548 1353 nem
580 1309 813 1352 nostram
848 1297 1060 1350 nuditas
1092 1313 1104 1347 :
1138 1293 1165 1333 δ
1196 1295 1288 1349 sed
1321 1295 1585 1364 pudicam.
1620 1293 1799 1348 Discat
1829 1308 1954 1362 ergo
1981 1310 1993 1345 :

420 1390 596 1445 discat
617 1399 840 1455 uterque
865 1402 1024 1440 sexus
1045 1400 1109 1439 ex
1142 1384 1378 1453 virgine:
1412 1398 1517 1437 non
1551 1384 2002 1452 pulchritudinem

419 1482 600 1534 colere
631 1496 644 1532 :
670 1480 759 1532 sed
794 1479 1062 1530 virtutem.
1091 1475 1274 1528 Fidem
1314 1489 1495 1527 amare
1543 1492 1556 1527 :
1605 1490 1712 1529 non
1758 1475 2004 1529 formam.

428 1568 730 1626 Plzieiturus
749 1570 972 1624 Domino
996 1583 1011 1620 :
1032 1582 1135 1620 non
1159 1565 1365 1621 decoris
1387 1575 1699 1634 exspectare
1714 1565 1969 1635 judicium
1991 1580 2007 1618 :

424 1663 517 1717 sed
551 1660 790 1732 pudoris.
820 1659 926 1714 Sed
969 1658 1092 1726 quia
1130 1668 1276 1712 tuum
1316 1666 1401 1712 est
1441 1656 1546 1728 31
1591 1656 1805 1712 Christe
1844 1665 2009 1711 tctutn

421 1759 563 1825 quod
592 1758 691 1811 hec
721 1755 871 1825 virgo
894 1754 1086 1807 vicerit
1116 1769 1131 1806 :
1161 1763 1307 1806 tuum
1358 1752 1501 1821 quod
1541 1751 1737 1805 meruit

421 1849 586 1903 etiam
617 1846 759 1916 quod
792 1845 1016 1914 peregit.
1048 1842 1157 1896 Nec
1184 1846 1325 1896 enim
1360 1845 1464 1896 tela
1485 1841 1792 1908 repellimus
1821 1842 2013 1896 adver-

427 1942 656 1992 santium
694 1954 706 1988 :
742 1934 840 1989 nisi
870 1943 959 1988 tue
1004 1931 1296 1987 divinitatis
1338 1930 1598 1985 beneﬁcio
1645 1931 2007 1985 suhlevemur.

426 2029 576 2083 Nunc
605 2036 778 2095 presta
802 2024 960 2077 nobis
981 2032 1036 2076 ut
1058 2022 1195 2076 sicut
1219 2021 1319 2076 hec
1347 2018 1651 2075 beatissima
1687 2029 1888 2091 martyr
1924 2029 2011 2075 tua

428 2120 713 2192 pugnando
738 2117 1013 2186 praemium
1044 2116 1233 2183 adepta
1281 2122 1365 2169 est
1407 2113 1667 2167 castitatis
1722 2128 1738 2167 :
1793 2113 1867 2166 ita
1915 2127 2013 2168 nos

424 2212 835 2268 commissorum
868 2216 1170 2262 nostrorum
1198 2204 1266 2260 ad
1318 2215 1370 2260 te
1418 2203 1654 2259 dimissis
1704 2203 2008 2274 contagiis:

431 2288 788 2372 adipiscamur
812 2299 1017 2370 premia
1047 2307 1131 2352 tue
1156 2294 1548 2366 promissionis.

519 2397 557 2461 ti)
579 2433 594 2449 .
634 2394 829 2449 Amen.

516 2486 640 2540 Post
671 2485 902 2539 nomina.
944 2480 1167 2537 Domine
1197 2488 1380 2533 sancte
1429 2476 1586 2532 Pater
1614 2485 1800 2531 eterne
1841 2475 2015 2529 omni-

444 2589 634 2648 puteus
664 2576 801 2630 Deus
836 2591 849 2628 :
882 2573 934 2627 in
961 2572 1110 2641 cujus
1134 2572 1350 2624 nomine
1382 2570 1532 2624 beate
1564 2568 1770 2623 Eulalie
1800 2567 2017 2637 virginis

442 2684 508 2723 ac
538 2666 785 2736 martyris
819 2674 904 2717 lue
933 2664 1171 2717 solennia
1200 2662 1535 2716 celebramus
1568 2675 1582 2713 :
1613 2674 1717 2728 que
1750 2667 1771 2695 ε
1799 2658 1924 2712 dum
1951 2656 2017 2711 ad

436 2758 832 2814 cotifessiouem
862 2757 1145 2809 duceretur
1176 2770 1191 2807 :
1221 2768 1329 2806 non
1362 2752 1503 2805 illam
1539 2754 1723 2804 u~ortls
1753 2750 1909 2803 timor
1939 2749 2019 2803 itt-

440 2851 765 2903 travitznec
808 2849 985 2898 vultus
1039 2842 1205 2908 pallor
1254 2842 1480 2894 obsedit.
1547 2840 1661 2895 Non
1712 2842 1789 2893 ira
1833 2839 2020 2893 terruit

437 2938 817 3010 comminantis
852 2953 995 2990 :nou
1028 2935 1143 2989 dira
1185 2949 1325 2990 vox:
1358 2948 1462 2987 non
1505 2942 1727 2988 cruenta
1776 2947 1965 2985 manus
2002 2947 2015 2983 :

444 3045 550 3083 non
598 3028 758 3083 etiam
802 3025 1044 3080 turbidus
1089 3034 1336 3091 aspectus
1382 3038 1411 3074 a
1460 3022 1726 3090 proposita
1778 3020 2021 3089 passione

2094 496 2162 536 ne
2189 482 2520 549 pausationis
2546 483 2822 538 solatium.

2236 609 2251 624 .
2284 573 2453 626 Amen
2478 590 2490 624 :

2236 609 2251 624 .
2284 573 2490 626 Amen:

2165 572 2245 715 fd
2302 679 2500 730 pacem.
2562 664 2702 718 Deus
2752 671 2937 717 eterue
2970 662 3165 733 :cujus
3215 663 3385 732 gratia
3434 671 3673 732 protecta

2096 752 2244 821 virgo
2274 752 2480 806 Eulalia
2511 753 2649 806 inter
2689 751 2928 807 flammas
2973 766 3078 806 non
3126 752 3341 806 erubuit
3385 752 3671 806 confiteri:

2094 844 2237 913 quod
2266 859 2332 898 ex
2378 845 2591 898 ﬂamma
2637 844 2711 897 tui
2739 845 2938 898 amoris
2982 842 3195 898 haurire
3225 843 3536 911 promeruit.
3594 843 3675 898 Tu

2097 950 2196 989 nos
2223 934 2341 1002 ejus
2375 942 2589 1001 precatu
2622 934 2761 988 inter
2789 933 2969 987 mundi
2999 932 3158 1003 hujus
3181 933 3515 986 flammarum
3546 948 3677 1000 pro-

2099 1024 2303 1077 celloso
2347 1024 2658 1078 discrimina
2707 1032 2925 1093 protege
2955 1040 2969 1075 :
3006 1031 3061 1077 et
3103 1032 3193 1077 tue
3221 1022 3367 1092 pacis
3394 1023 3678 1093 multiplici

2102 1116 2431 1169 incremento
2471 1098 2731 1183 adimple.‘
2781 1115 2897 1181 Quo
2924 1122 2980 1169 et
3011 1112 3096 1167 hic
3131 1113 3269 1168 bene
3309 1114 3589 1167 vivamus:
3620 1125 3678 1169 et

2101 1205 2167 1258 ad
2212 1214 2265 1260 te
2312 1205 2379 1260 de
2420 1206 2519 1260 hac
2557 1206 2665 1260 vita
2693 1204 3087 1261 remuneraturi
3134 1218 3322 1260 secura
3352 1206 3677 1261 conscientia

2104 1310 2474 1365 properemus.

2249 1427 2262 1440 .
2294 1388 2487 1443 Amen.

2189 1389 2227 1456 ἡ
2249 1427 2262 1440 .
2294 1389 2487 1443 Amen.
3416 1444 3421 1448 .

2180 1479 2329 1531 Dicat
2361 1478 2541 1532 Presb.
2570 1478 2701 1547 Quia
2724 1488 2777 1534 tu
2804 1494 2863 1535 es
2889 1495 3012 1536 vera
3038 1495 3137 1550 pax
3170 1492 3349 1536 nostra
3376 1490 3481 1536 etc.

2179 1566 2394 1622 Inlatio.
2423 1569 2649 1639 Dignum
2674 1578 2728 1623 et
2742 1569 2945 1638 justum
2966 1578 3049 1623 est
3071 1570 3294 1625 Domine
3326 1573 3461 1624 Deus
3492 1589 3503 1624 :
3539 1570 3565 1607 ά
3591 1568 3680 1640 qui

2113 1671 2217 1714 tam
2270 1659 2583 1729 prudentem
2634 1661 2889 1729 virginem
2930 1660 3053 1715 fidei
3109 1662 3311 1715 sociata
3354 1662 3506 1729 apice
3561 1663 3680 1732 glo-

1795 1769 1809 1804 :
1861 1759 2006 1804 tuum
2115 1751 2193 1806 rie
2226 1751 2559 1807 consecrasti
2590 1768 2604 1804 :
2638 1751 2732 1804 tibi
2786 1750 2983 1820 gratias
3027 1765 3205 1820 agere.
3271 1750 3339 1806 Ut
3382 1765 3476 1820 per
3523 1766 3680 1819 quem

2116 1842 2253 1893 tacta
2299 1824 2389 1893 θεῖ
2427 1850 2601 1895 mater
2646 1840 2807 1894 Maria
2840 1839 3029 1895 :lieret
3070 1850 3272 1910 martyr
3311 1841 3514 1896 Eulalia
3545 1857 3561 1897 :
3594 1843 3682 1898 illa

2111 1932 2354 2001 pariendi
2398 1930 2589 1987 aﬂ’ectu
2636 1932 2762 1986 felix
2806 1934 2947 1987 :ista
2989 1932 3273 1988 moriendi.
3320 1930 3409 1987 llla
3457 1934 3683 2003 impleas

2112 2022 2492 2078 incarnationis
2523 2023 2756 2078 officium
2788 2041 2800 2077 ε
2832 2025 2932 2078 ista
2963 2024 3177 2093 rapiens
3205 2024 3467 2093 passionis
3501 2040 3682 2081 exem-

2112 2116 2257 2185 plum
2288 2131 2300 2166 :
2336 2115 2426 2167 Illa
2449 2114 2677 2170 credidit
2706 2117 2895 2184 angelo
2929 2132 2942 2167 :
2970 2116 3068 2169 ista
3099 2115 3298 2169 resistit
3328 2116 3560 2172 inimico.
3593 2117 3685 2172 Illa

2112 2208 2282 2261 electa
2322 2222 2414 2276 per
2445 2223 2603 2277 quam
2628 2207 2877 2263 Christus
2905 2218 3218 2264 nasceretur
3243 2226 3257 2262 :
3283 2212 3383 2264 ista
3410 2221 3684 2279 assumpta

2114 2314 2209 2368 per
2237 2314 2394 2366 quam
2419 2299 2664 2353 diabolus
2694 2300 3017 2354 vinceretur.
3048 2300 3279 2370 Dignare
3308 2301 3509 2356 Eulalia
3540 2316 3685 2355 mar-

2116 2398 2201 2459 tyr
2244 2398 2298 2444 et
2339 2390 2489 2458 virgo
2540 2390 2799 2459 placitura
2847 2389 3075 2444 Domino
3115 2405 3213 2445 suo
3263 2407 3278 2443 :
3332 2405 3438 2459 que
3483 2390 3686 2460 Spiritu

2116 2482 2315 2536 Sancto
2340 2490 2651 2551 protegente
2680 2490 2703 2517 °
2732 2489 2916 2537 tenero
2937 2497 3067 2537 sexu
3094 2482 3285 2537 bellum
3307 2483 3441 2539 forte
3464 2484 3686 2539 sudave—

2118 2568 2184 2623 rit
2216 2584 2231 2622 :
2260 2576 2314 2623 et
2344 2568 2481 2623 ultra
2522 2569 2829 2635 Opinionem
2881 2569 3110 2624 humane
3160 2571 3370 2625 virtutis
3413 2572 3483 2627 ad
3532 2573 3689 2627 tolle-

2119 2661 2351 2715 rantiam
2386 2675 2643 2728 penarnm
2683 2661 2797 2714 zelo
2836 2661 2911 2715 tui
2938 2663 3134 2716 amoris
3164 2676 3223 2717 se
3257 2663 3501 2716 obtulerit
3527 2680 3542 2718 :
3565 2678 3686 2717 cum

2120 2751 2173 2805 in
2224 2751 2407 2819 specie
2459 2752 2685 2818 preciosi
2733 2751 2997 2821 Unigeniti
3040 2753 3352 2822 sanguinem
3399 2768 3551 2808 suum
3589 2757 3689 2808 sub

2122 2844 2431 2897 testimoqu
2476 2843 2613 2897 bone
2660 2842 3011 2897 confessionis
3056 2844 3303 2898 effuderit
3352 2862 3364 2897 :
3416 2854 3469 2898 et
3516 2845 3691 2899 incor-

2127 2944 2281 3004 rupta
2310 2931 2540 2986 ﬂammis
2569 2934 2771 2986 viscera
2801 2934 2852 2988 in
2883 2934 3103 2988 odorem
3142 2936 3443 2989 suavissimi
3474 2934 3689 2988 thimia-

2126 3024 2284 3081 matis
2302 3024 2619 3079 adoleverit.
2650 3020 2669 3061 ί
2698 3023 2856 3077 Vadit
2872 3024 2934 3077 ad
2956 3024 3185 3077 tribunal
3204 3025 3409 3078 cruenti
3433 3022 3690 3090 presidis:

444 3119 730 3173 Submovit.
785 3116 863 3171 Tu
895 3115 1052 3168 nobis
1092 3088 1339 3182 martyris
1373 3088 1528 3181 hujus
1560 3088 1915 3180 gaudentibus
1954 3112 2023 3164 de
2050 3088 2096 3150 C
2127 3132 2230 3170 non
2272 3116 2498 3184 quesita.
2557 3114 2611 3168 In
2634 3128 2736 3183 qua
2769 3124 2873 3167 tam
2898 3115 3065 3167 solum
3107 3114 3204 3167 fuit
3232 3088 3443 3168 animi",
3470 3114 3695 3168 incauta-

448 3208 721 3278 triumpho
753 3226 767 3259 :
800 3215 853 3261 et
888 3206 954 3259 ad
993 3216 1044 3259 te
1090 3202 1438 3257 convertendi
1487 3204 1685 3257 aditum
1739 3204 1900 3271 prebe
1926 3221 1941 3259 :
1971 3216 2026 3259 et

456 3310 639 3354 sancte
660 3298 1085 3352 conversationis
1115 3294 1333 3348 trihnito
1355 3293 1687 3362 dignitatem.
1719 3293 2027 3347 Concedens

449 3408 544 3462 per
574 3393 710 3447 banc
737 3392 1061 3446 oblationem
1095 3388 1185 3443 tibi
1232 3403 1263 3442 a
1310 3389 1464 3443 nobis
1500 3388 1734 3441 oblatam
1766 3405 1779 3441 :
1812 3398 1865 3443 et
1892 3390 2021 3444 olle

521 3542 545 3568 ⁸
590 3532 688 3598 Qui
714 3544 977 3598 sponsam.
1036 3523 1091 3576 In
1121 3523 1266 3598 Actis
1296 3522 1432 3598 apud
1460 3521 2021 3598 .Ioan‘netnu'l‘amajutn

450 3592 751 3657 beaﬂswsima'
782 3597 991 3649 Eulalia
1035 3593 1435 3648 uinctimontult's
1480 3592 1653 3660 puella
1696 3592 1922 3647 dicitur.‘
1968 3597 2022 3648 In

451 3671 743 3728 Orationali
774 3666 999 3720 Gothico
1033 3661 1331 3732 ,(Pag120,
1362 3671 1490 3713 orat.
1516 3660 1580 3732 _5)
1639 3670 1793 3714 orant
1823 3662 2026 3718 Gotho-

450 3740 670 3810 Hispani
704 3756 717 3810 :
752 3737 965 3810 Domine
1013 3730 1139 3810 {esu
1187 3731 1403 3795 Christe,
1443 3730 1703 3810 cuirirgo
1728 3738 1795 3809 _et
1834 3744 2028 3810 martyr

451 3802 660 3866 Eulalia
697 3806 985 3876 integritate
1012 3804 1267 3873 jungitur,
1298 3809 1343 3852 et
1368 3802 1614 3868 sanguine
1633 3802 2026 3876 sociaturpdu'm

456 3883 546 3936 tibi
576 3893 620 3934 et
654 3872 1019 3934 ess'rtitonnu
1042 3872 1231 3942 vovtr,
1272 3879 1318 3924 et
1344 3887 1433 3938 pro
1462 3882 1508 3942 te
1533 3872 1834 3942 sanguinem
1871 3874 2026 3940 fudit,

457 3963 643 4020 praesta
674 3947 880 4020 [uirtutis
907 3948 1024 4009 tuis,
1052 3952 1162 4020 _etc.
1209 3941 1437 4020 .Demutu
1470 3941 1808 4002 Prudentius.
1842 3942 2028 4020 in_hy_-

455 4011 580 4076 iuno
605 4011 684 4075 «ιε’
705 4017 822 4085 ejus
850 4013 1102 4083 martjrio
1126 4013 1310 4085 eadem
1332 4011 1530 4085 docet,
1562 4026 1683 4085 cum
1726 4026 1837 4085 non
1874 4015 2028 4084 virgi-

456 4108 591 4158 nem,
625 4089 716 4143 sed
736 4082 946 4153 vaperte
986 4082 1185 4136 sacram
1216 4082 1460 4151 virginem
1486 4084 1720 4151 appellat
1748 4082 2028 4139 Eulaliam.

525 4161 551 4199 δ
594 4158 698 4214 Sed
728 4158 983 4214 pudicam.
1020 4153 1159 4214 Lege
1183 4153 1270 4205 sed
1290 4152 1492 4214 pudeo.

637 4168 698 4213 ed
728 4168 983 4222 pudicam.
1020 4168 1159 4222 Lege
1183 4168 1269 4205 sea
1290 4168 1492 4222 putica.

530 4176 551 4199 "
594 4176 697 4214 aea
728 4176 983 4226 pudicam.
1020 4176 1159 4222 uege-
1183 4176 1269 4205 ὕεα
1290 4176 1492 4220 pauca.

530 4244 551 4271 ο
593 4230 751 4283 Dum.
786 4229 1034 4282 Sanctam
1069 4223 1327 4276 Eulaliam
1365 4221 1750 4275 Emeritensem
1782 4222 1834 4274 in
1865 4219 2031 4277 fundo

457 4299 774 4369 Pnrcejano,
806 4297 912 4361 vel,
947 4304 1003 4347 ut
1034 4294 1141 4369 alii‘
1168 4294 1378 4369 legunt,_
1400 4290 2029 4369 Percejano,__vigesiir_to,

458 4383 553 4425 aut
582 4359 840 4440 vi'gvsimo
885 4359 1097 4432 quarto,
1128 4362 1303 4483 lvalpide
1332 4360 1661 4439 abEmerita
1695 4359 1881 4414 dissito
1908 4359 2031 4431 (Iti-

458 4457 630 4483 ηρνην,
679 4436 919 4483 Antoniu.
965 4433 1086 4483 edit.
1197 4430 1448 4483 essetinat.
1498 4445 1618 4483 nae.
1660 4428 1813 4483 452).
1862 4429 2031 4483 laten-

457 4433 919 4496 nerar.'Attt0ttin.
965 4433 1086 4487 edit.

460 4521 588 4577 tem,
614 4528 640 4563 a
673 4503 1127 4577 conquisitoribus
1149 4501 1434 4577 detectam,
1463 4500 1765 4577 et_pu_blicu.
1784 4501 2031 4554 vehiculo

462 4569 1296 4649 impositam,'uLCalphurniauo
1323 4569 1534 4649 praesidi
1570 4570 1873 4649 sisteretur,
1909 4585 2030 4649 per:

460 4640 670 4705 ductam
711 4640 829 4701 esSe
863 4644 1150 4699 Emeritam
1199 4649 1459 4710 testantur
1484 4642 1614 4693 Acta
1645 4640 1760 4706 ejus
1788 4640 2033 4710 martyrii

465 4722 604 4786 apud
636 4719 904 4772 laudatum
934 4713 1209 4786 Tamajum
1252 4709 1345 4778 (1η
1377 4710 1742 4786 tlltgtyrologio
1774 4708 2033 4786 Hispano)

464 4780 516 4844 ei
566 4791 616 4843 in
666 4786 897 4855 antiquis
931 4783 1213 4835 Breviuriis
1255 4780 1406 4855 apud
1440 4780 1783 4833 Franciscum
1836 4780 2035 4855 lfadrlla

464 4859 543 4925 (Η
551 4863 632 4913 ist.
660 4850 812 4910 Eccl:
835 4854 1081 4925 Ιιίερηῃη
1104 4859 1237 4925 cent.
1268 4850 1348 4925 il).
1381 4850 1632 4925 Actorum
1665 4850 2034 4925 auctoritatem

466 4918 640 4984 firmat
674 4935 886 4979 sanctus
934 4918 1185 4989 Eulogius
1236 4920 1554 4989 (Memorial.
1599 4929 1785 4974 sanct..
1826 4919 1942 4989 libs
1969 4918 2033 4985 ι),

466 5001 701 5066 quicum
746 4994 1035 5048 illustribus
1061 4988 1336 5066 ‘exemplls
1369 4988 1640 5066 indigeret
1682 4991 1747 5041 ad
1788 4988 2035 5066 tuendam

467 5059 681 5125 causam
729 5073 1020 5133 martyrum
1051 5059 1497 5133 Cordubettsiutn,
1531 5059 1736 5133 iustum
1771 5069 1824 5133 et
1857 5060 2039 5111 l’a~to-

466 5156 603 5205 rem,
626 5128 885 5193 Eulaliam
914 5134 1353 5205 Barcinoneusem
1383 5139 1440 5205 et
1464 5128 1697 5182 Babilam
1726 5130 2037 5205 episcopum

467 5199 775 5279 compellat,
803 5206 869 5259 de
895 5204 1094 5279 Eulalia
1128 5201 1443 5279 Ernerite‘nsi
1494 5205 1665 5262 tacet;
1704 5214 1865 5279 quam
1891 5199 2042 5277 illus-

473 5268 608 5349 treni
640 5268 928 5349 martyrem
964 5272 1407 5349 utique_silentio
1451 5284 1555 5349 non
1588 5268 2040 5349 prattermisisset,

472 5347 518 5400 si
538 5364 598 5400 ea
628 5337 817 5417 spont'e
842 5360 902 5400 se
929 5337 1206 5398 tormentis
1237 5350 1291 5391 et
1317 5342 1471 5417 morti
1496 5337 2043 5417 Christicausa-obje-

472 5407 910 5484 cissethgregie
956 5428 1168 5484 quoque
1213 5407 1525 5484 earumdem
1575 5409 2039 5484 Act_orutu_lidem

471 5476 1349 5540 corroborant'Missale'nostrum
1398 5478 1497 5533 hac
1544 5481 1804 5539 oratione,
1857 5476 1909 5529 in
1940 5491 2041 5543 qua

473 5563 708 5610 sanctam
742 5548 1000 5607 Eulaliam
1047 5555 1165 5605 dum
1206 5554 1272 5602 ad
1313 5550 1681 5618 confessionem
1726 5560 2039 5618 nocens'rtjn

475 5635 700 5680 mortem
753 5639 857 5676 non
907 5623 1145 5675 timuisse
1176 5617 1489 5689 legitur;’et
1517 5620 1821 5689 Orationale
1847 5617 2041 5689 Gothi-

474 5710 595 5751 cum
623 5695 794 5767 (Orat.
824 5693 878 5753 5,
911 5708 1028 5760 pag.
1060 5689 1149 5759 ευ)
1198 5687 1253 5743 ni
1275 5705 1380 5758 quo
1419 5690 1608 5757 legitur
1634 5687 1905 5742 Christum
1935 5687 2038 5741 Do-

1197 4429 1448 4499 esselingi,
1498 4445 1618 4500 pag.
1660 4428 1813 4499 452),
1862 4416 2032 4484 laien-
2061 4416 2112 4475 D

2130 3222 2261 3262 nens
2288 3209 2351 3260 ad
2377 3215 2645 3261 secretum
2682 3222 2695 3258 :
2728 3221 2886 3274 quam
2914 3206 3063 3260 locus
3083 3218 3391 3274 competens
3418 3205 3485 3259 ad
3506 3206 3695 3258 trium-

2130 3303 2316 3370 phum.
2345 3300 2637 3352 Lucratura
2664 3312 2883 3367 regnum
2914 3306 3313 3364 :contemptura
3340 3298 3650 3367 supplicium
3677 3314 3693 3348 :

2133 3394 2414 3447 inventura
2462 3390 2726 3460 quesitum
2762 3406 2777 3442 :
2811 3390 2986 3443 visura
3042 3390 3366 3444 confessum.
3420 3389 3534 3443 Non
3590 3400 3697 3442 tre-

2133 3527 2335 3580 minum
2379 3533 2617 3578 sanctam
2649 3522 2907 3576 Eulaliam
2938 3523 3010 3575 ita
3038 3523 3347 3590 impavidum
3376 3523 3697 3591 reddidisse,

2133 3609 2188 3650 ut
2212 3597 2604 3665 persecutionem
2632 3595 2947 3662 sequentium
2988 3595 3258 3662 impiorum
3288 3595 3699 3663 (conquisitores

2134 3663 2389 3735 intelligo)
2430 3680 2538 3735 non
2582 3678 2849 3735 russam,
2882 3680 2968 3717 nec
3009 3678 3359 3719 DECLINARET.
3408 3665 3480 3717 Ea
3522 3673 3699 3719 autem

2133 3753 2250 3803 qua:
2282 3734 2386 3788 neu
2420 3734 2552 3802 fugit
2598 3734 2961 3801 insequentes,
2990 3750 3110 3801 qua:
3138 3734 3348 3788 ducitur
3398 3736 3462 3786 ad
3488 3735 3702 3789 confes-

2134 3802 2360 3865 Sionem,
2388 3804 2622 3873 profecto
2664 3817 2724 3857 se
2753 3802 2804 3855 in
2835 3804 3124 3869 periculum
3170 3818 3359 3871 sponte
3390 3818 3496 3858 non
3527 3805 3703 3872 conji-

2134 3878 2226 3929 cit.
2274 3874 2425 3929 Adde
2468 3874 2609 3942 quod
2639 3873 2986 3939 Prudentius,
3017 3874 3106 3941 qui
3151 3888 3215 3927 ex
3245 3874 3450 3927 duibus
3483 3875 3702 3930 Eulaliis

2138 3960 2295 3999 unam
2330 3943 2473 4010 fecit,
2497 3959 2616 3997 cum
2643 3942 3004 4011 virgunculam
3037 3944 3308 4009 tenellam,
3340 3944 3510 3997 aetatis
3536 3944 3703 3999 ferme

2139 4015 2379 4084 puerilis,
2406 4015 2593 4068 laceris
2621 4015 2864 4082 pedibus,
2892 4023 3045 4067 nocte
3067 4015 3310 4077 obscura,
3335 4012 3497 4084 millia
3520 4020 3701 4079 multa,

2139 4082 2412 4158 vigintihut
2442 4084 2737 4146 minimum,
2769 4097 3038 4158 emensam
3071 4098 3194 4158 esse
3214 4082 3427 4158 scribit,
3472 4098 3587 4138 rem
3618 4086 3705 4137 itt-

2137 4152 2446 4211 crédibilem
2492 4163 2675 4206 narrat
2717 4167 2730 4203 :
2777 4152 2925 4205 addit
2972 4154 3060 4206 ille
3104 4153 3338 4221 quidem,
3363 4153 3482 4221 jure
3524 4163 3707 4220 poeta-

2141 4241 2283 4287 rum,
2333 4223 2550 4292 angelos
2597 4224 2838 4286 comites,
2889 4223 2982 4276 sed
3034 4222 3130 4275 hos
3164 4224 3420 4276 l~.ulaliam
3465 4233 3708 4290 portasse

2143 4310 2247 4348 non
2276 4296 2371 4359 ait,
2397 4294 2535 4359 quod
2566 4302 2740 4344 tanten
2769 4305 2987 4346 necesse
3013 4302 3149 4355 erat,
3181 4306 3238 4347 ut
3280 4294 3382 4346 iter
3410 4304 3513 4346 tam
3544 4296 3708 4360 proli-

2139 4378 2263 4417 xum
2293 4379 2384 4434 per
2407 4363 2519 4434 loca
2548 4371 2689 4414 senta
2715 4361 2814 4414 situ
2837 4372 2882 4414 et
2902 4361 3133 4434 vepribus
3160 4369 3316 4434 nocte
3333 4376 3447 4434 una
3476 4366 3709 4434 contice-

2140 4443 2237 4486 rct.
2273 4431 2403 4486 Illud
2430 4433 2586 4485 etiam
2622 4446 2726 4483 non
2760 4431 3295 4499 praetermittendum,
3330 4433 3581 4486 Ecclesiae
3628 4434 3708 4486 Ie-

2135 4502 2291 4571 gibus
2327 4504 2546 4555 vetitum
2586 4502 2749 4554 fuisse
2792 4515 2857 4571 ne
2883 4502 3002 4570 quis
3035 4517 3094 4556 se
3122 4511 3311 4571 spattte
3343 4503 3709 4569 persequenti-

2138 4563 2236 4626 bus
2263 4571 2541 4639 objiceret.
2595 4571 2701 4624 Nec
2732 4563 3070 4639 aliter'quam
3099 4563 3318 4638 speciali
3346 4563 3441 4624 Dei
3476 4563 3709 4637 impulsu

2139 4651 2423 4696 excusatur
2452 4642 2647 4694 factum
2691 4640 2914 4694 Eulalia:
2956 4641 3371 4696 Barcinonensis
3402 4650 3456 4693 et
3482 4642 3709 4694 aliorum

2139 4712 2511 4780 quorumdam,
2538 4710 2630 4781 qui
2660 4717 2848 4765 contra
2890 4711 3026 4765 hanc
3074 4710 3247 4781 legem
3293 4709 3711 4765 ecclesiasticam

2138 4785 2399 4836 fecerunt.

2200 4859 2228 4887 α
2262 4849 2363 4914 Qui
2407 4858 2539 4903 tam.
2587 4850 2733 4915 Haec,
2769 4866 2943 4919 usque
2986 4850 3052 4904 ad
3097 4850 3186 4905 illa
3242 4850 3434 4912 verba,
3491 4852 3714 4919 dignare

2132 4919 2347 4991 Eulalia
2378 4927 2604 4991 martyr,
2632 4920 2899 4991 vcrbatim
2926 4922 3118 4977 eadem
3144 4921 3418 4991 habentur
3436 4921 3491 4991 in
3510 4923 3712 4991 prmia-

2132 4990 2272 5043 tione
2302 4991 2471 5043 missrc
2497 4989 2698 5044 sanctze
2729 4990 2949 5045 Eulalia:
2983 4991 3215 5046 Missalis
3268 4989 3707 5045 Gallo-Gothici.

2207 5071 2230 5099 ο
2260 5059 2456 5131 Tenere
2479 5076 2630 5131 sexu.
2663 5057 2789 5115 Hmc
2816 5071 2873 5114 et
2899 5062 3192 5131 sequentia
3229 5060 3451 5119 ibidem.
3507 5061 3707 5114 iisdem

2134 5127 2305 5184 ferme
2328 5130 2530 5195 verbis,
2558 5130 2832 5184 habentur
2857 5132 2910 5183 in
2936 5127 3299 5184 immolatione
3314 5132 3487 5184 missa:
3506 5138 3714 5185 sanctae

2138 5198 2386 5259 Eulaliae,
2422 5210 2480 5253 ut
2505 5202 2722 5268 opinor.
2758 5199 3214 5255 Barcinonensis.

2212 5268 2231 5307 τ
2275 5268 2456 5324 Vadit.
2488 5269 2611 5324 Haec
2637 5270 2703 5325 ad
2737 5269 3005 5325 Eulaliam
3037 5270 3498 5324 Barcinonensem
3539 5268 3714 5339 perti-

2136 5349 2290 5399 nent,
2319 5355 2440 5406 qua:
2470 5342 2587 5393 sine
2616 5341 2725 5395 ullo
2757 5341 3022 5395 miraculo
3056 5343 3158 5394 tria
3198 5351 3293 5393 aut
3322 5347 3561 5408 quatuor
3589 5353 3718 5408 pas-

2139 5424 2298 5479 suum
2337 5409 2504 5463 millia
2538 5424 2649 5462 ttna
2702 5420 2865 5465 nocte
2916 5410 3098 5465 facere
3144 5411 3347 5479 potuit.
3376 5412 3469 5463 Ast
3498 5409 3716 5463 Eulalia

2137 5478 2495 5549 Emeritensis
2516 5479 2582 5533 ad
2614 5480 2851 5534 tribunal
2881 5496 2990 5534 non
3022 5478 3249 5549 quasna
3280 5480 3505 5533 minime
3529 5493 3717 5533 acces-

2138 5548 2228 5670 sit,
2262 5547 2357 5629 sed
2385 5548 2547 5605 ducta
2573 5551 2641 5603 ad
2657 5547 3199 5621 confessionem—mori
3232 5564 3331 5621 pro
3355 5549 3579 5605 Christo
3601 5562 3716 5603 non

2166 5629 2340 5670 ιιιιυη.

2166 5629 2340 5673 ιιιιυη.
