4058 6178
313 384 409 442 159

1059 380 1348 437 MISSALE
1388 380 1656 435 MIXTUM
1698 378 1847 435 SEC.
1892 376 2050 431 REG.
2096 375 2152 427 Β.
2200 373 2468 429 lSlDORI.
2510 402 2577 415 --
2621 373 2797 428 PARS
2838 371 2872 426 Ι.
3203 366 3229 391 ⁸

3477 377 3577 430 170

310 500 427 567 pida
455 498 523 550 de
553 509 689 563 pena
719 512 731 548 :
770 508 879 549 non
906 493 1158 567 mbigna
1188 494 1256 547 de
1285 508 1480 547 corona
1511 512 1521 543 :
1552 508 1658 545 non
1683 491 1893 546 defessa
1926 493 1969 551 Α
2001 489 2054 542 in
2098 487 2354 539 honorem
2404 485 2655 554 martyris
2708 496 2797 539 lue
2834 484 3068 537 oblatam
3124 484 3215 539 tibi
3264 488 3575 541 sanctifiees

314 590 381 642 de
408 588 599 642 eculeo
626 602 641 638 :
673 601 779 639 non
811 582 982 638 difflsa
1005 585 1072 638 de
1097 584 1322 653 premio.
1349 585 1707 655 lnterrogatur
1731 602 1742 635 :
1768 598 1895 638 con-

316 681 496 733 fitetur
521 696 538 731 :
562 676 827 731 occiditur
871 694 883 727 :
928 685 1235 729 coronatur.
1283 674 1597 745 Ingentique
1635 674 1894 728 miraculo

314 769 569 835 maiestas
615 775 700 819 tua
750 765 1016 820 exalatum
1082 764 1305 833 virginis
1358 764 1600 832 spiritum
1637 772 1704 816 τ’·
1734 778 1892 831 quem

308 862 600 927 assumpsit
646 871 742 924 per
790 854 1059 907 ﬂammam
1097 870 1108 906 :
1142 853 1377 923 suscepit
1427 869 1521 923 per
1564 852 1892 908 columbam.

312 948 380 1003 Ut
410 948 512 1000 hoc
541 946 782 1014 prodigio
816 945 868 997 in
906 945 1037 998 celis
1074 954 1281 1014 martyr
1308 945 1625 997 ascenderet
1658 957 1677 998 :
1705 957 1812 1012 quo
1842 941 1894 995 in

316 1038 478 1091 terris
524 1036 689 1088 filium
734 1043 885 1103 pater
911 1032 1241 1087 ostenderat.
1289 1030 1566 1101 Siquidem
1599 1045 1700 1085 nec
1743 1031 1897 1085 inbo-

317 1143 504 1183 norum
539 1127 808 1194 patiantur
844 1124 1101 1178 elementa
1126 1123 1499 1191 corpusculum
1530 1139 1542 1174 :
1576 1120 1716 1190 quod
1744 1120 1895 1174 deei-

312 1220 432 1273 duis
468 1218 557 1271 nix
591 1231 806 1285 aspersa
847 1213 1132 1269 velleribus
1168 1227 1184 1267 :
1216 1222 1269 1268 et
1314 1214 1525 1268 virtutis
1560 1210 1798 1281 rigorem
1841 1220 1897 1267 et

317 1308 641 1375 virginitatis
665 1317 799 1360 tecta
826 1304 1110 1359 candorem
1135 1304 1394 1358 eluceret.
1417 1302 1657 1358 vestiret.
1681 1302 1897 1357 abscon.

310 1397 391 1451 de:
407 1404 464 1450 et
497 1413 510 1448 :
545 1395 761 1462 superni
808 1393 1090 1447 velaminis
1120 1391 1147 1430 δ
1180 1392 1538 1460 operimento.
1583 1391 1755 1447 celum
1805 1388 1895 1445 fu-

313 1487 424 1541 neri
454 1494 657 1553 prestat
684 1484 953 1551 exequias.
979 1493 1032 1537 et
1067 1496 1163 1551 per
1205 1481 1621 1537 misericordiam
1662 1480 1894 1536 Redem-

317 1578 484 1645 ptoris
532 1574 691 1627 daret
729 1576 906 1627 anime
954 1572 1132 1627 sedem
1163 1589 1177 1623 :
1205 1586 1300 1641 pro
1330 1570 1604 1641 sepultura
1647 1569 1896 1624 redderet

312 1665 650 1733 dignitatem.
706 1660 819 1729 Ipse
865 1677 1022 1730 quem
1070 1660 1378 1716 collaudant
1418 1674 1604 1714 omnes
1656 1658 1891 1729 Angeli:

309 1769 605 1820 clunesque
625 1751 905 1808 Smctiita
928 1752 1189 1806 dicentes.
1217 1752 1366 1804 Dicat
1389 1751 1605 1805 Chorus.
1640 1750 1888 1806 Sanctus.

2001 574 2227 629 hostiam
2274 592 2286 625 :
2329 582 2383 627 et
2433 573 2685 628 cordibus
2727 574 2925 627 nostris
2980 576 3358 643 consequentis
3406 576 3575 646 gratio

1998 665 2328 735 spiritualem
2360 666 2635 733 impartias
2666 665 3004 720 medicinam.

2085 756 2121 821 ἡ
2143 794 2157 809 .
2200 755 2393 808 Amen.

2070 845 2150 897 Ad
2188 845 2465 898 orationem
2515 841 2857 895 Dominicam.
2912 840 3193 894 Recensito
3242 842 3573 896 dilectissimi

2003 934 2194 987 fratres
2227 931 2252 970 ά
2283 932 2513 986 simbolo
2558 942 2740 987 nostre
2776 931 3109 985 credulitatis
3139 949 3153 985 :
3188 932 3390 987 Eulalia
3419 935 3579 1003 virgi—

2003 1026 2084 1079 nis
2110 1026 2414 1079 intueamur
2444 1023 2610 1078 robur
2639 1022 2761 1077 fidei
2793 1024 2873 1077 vel
2904 1022 3083 1077 etatis.
3114 1022 3228 1089 Que
3259 1024 3395 1078 inter
3430 1025 3581 1078 flam-

2002 1132 2117 1171 mas
2148 1118 2258 1187 jam
2303 1117 2356 1170 in
2397 1115 2861 1170 consummatione
2905 1115 3284 1184 suppliciorum
3330 1134 3489 1171 unum
3525 1129 3581 1173 et

2000 1222 2185 1260 verum
2236 1207 2402 1259 Deum
2445 1205 2499 1259 in
2541 1203 2806 1259 Trinitate
2848 1205 3090 1272 predicat
3117 1206 3469 1262 adorandum.
3515 1209 3581 1261 Et

2004 1297 2126 1352 ideo
2165 1296 2485 1351 accedamus
2516 1296 2583 1349 ad
2618 1295 2783 1350 Deum
2820 1310 2941 1349 cum
2981 1295 3254 1351 lacbrimis
3284 1314 3297 1349 :
3328 1297 3392 1350 ad
3418 1312 3580 1367 quem

2002 1386 2086 1439 illa
2137 1386 2365 1440 accessit
2407 1392 2778 1439 consummato
2828 1384 3089 1452 supplicio
3120 1385 3406 1453 passionis.
3438 1386 3579 1439 Con-

1999 1486 2286 1546 querentes
2314 1476 2453 1545 apud
2483 1491 2604 1530 eum
2641 1475 2709 1530 de
2731 1474 3041 1529 infirmitate
3080 1482 3262 1530 nostra
3293 1475 3423 1542 :qui
3462 1476 3581 1545 ejus

2000 1570 2269 1625 roboravit
2299 1566 2600 1621 infantiam.
2644 1566 2893 1620 Petentes
2936 1565 3005 1619 ab
3034 1580 3100 1620 eo
3126 1566 3269 1634 quod
3299 1566 3527 1634 precipit
3562 1582 3575 1617 :

2000 1669 2055 1713 ut
2102 1659 2215 1725 ipse
2264 1657 2461 1711 tribuat
2510 1654 2649 1724 quod
2693 1655 2953 1723 promisit.
3010 1653 3328 1708 lnvocantes
3354 1669 3475 1708 cum
3513 1670 3576 1708 ea

2000 1748 2212 1819 pietatis
2276 1746 2571 1800 intentione
2624 1753 2648 1781 θ
2694 1743 3016 1811 parcendum
3082 1742 3301 1796 miserie
3349 1750 3575 1796 nostre:

384 1846 510 1899 Post
546 1845 792 1899 Sanctus.
826 1844 963 1898 Vere
1000 1852 1217 1897 sanctus
1247 1860 1261 1897 :
1287 1857 1413 1899 vere
1448 1842 1758 1897 benedictus
1790 1842 1894 1895 Do-
1932 1835 1972 1893 Β
2000 1853 2101 1907 qua
2133 1835 2479 1890 miseratione
2511 1846 2609 1887 nos
2651 1831 2832 1886 docuit
2858 1845 3018 1886 orare
3047 1846 3265 1899 semper
3293 1840 3348 1886 et
3376 1831 3579 1887 dicere.

308 1941 483 1991 minus
525 1946 710 1990 noster
732 1936 886 1991 Jesus
924 1935 1171 1992 Christus
1210 1934 1351 1991 illius
1398 1944 1565 1990 tuus:
1601 1952 1696 2004 pro
1741 1934 1892 2004 cujus

306 2028 523 2081 nomine
557 2026 865 2080 beatissima
898 2033 1101 2096 martyr
1139 2025 1343 2079 Eulalia
1387 2026 1733 2081 cremandum
1771 2042 1890 2080 cor-

307 2134 404 2189 pus
432 2132 589 2171 suum
622 2115 817 2170 obtulit
847 2114 1077 2168 flammis
1108 2133 1119 2167 :
1154 2116 1452 2184 suscipiens
1476 2116 1758 2171 candentis
1788 2118 1890 2171 o'ei

308 2205 630 2273 supplicium
674 2204 728 2257 in
762 2203 1073 2257 mammillis
1108 2220 1121 2256 :
1154 2218 1216 2258 ac
1250 2218 1343 2273 per
1374 2204 1578 2274 reliqua
1610 2205 1893 2274 supplicio-

305 2314 418 2350 rum
444 2309 644 2366 genera
670 2295 829 2349 finem
863 2293 1067 2349 faciens
1098 2294 1382 2363 passionis.
1418 2296 1505 2350 illa
1533 2298 1730 2351 etenim
1767 2306 1907 2352 ecu-'

307 2390 387 2441 leo
433 2386 684 2455 imposita
729 2385 981 2452 erucique
1008 2400 1241 2455 appensa
1280 2404 1292 2438 :
1329 2398 1381 2441 te
1430 2402 1595 2441 unum
1626 2397 1679 2442 et
1711 2404 1893 2443 verum

311 2481 474 2532 Deum
507 2477 559 2530 in
591 2475 857 2530 Trinitate
892 2475 1131 2541 professa
1182 2484 1265 2530 est
1298 2477 1351 2531 in
1390 2490 1521 2532 voce
1558 2492 1655 2533 sue
1688 2477 1893 2532 confes-

307 2568 475 2622 sionis
506 2584 519 2618 :
543 2576 597 2621 et
619 2565 828 2620 laudem
861 2565 933 2618 tui
966 2565 1182 2621 honoris
1210 2583 1221 2617 :
1245 2565 1325 2620 0b
1350 2569 1448 2620 hoc
1477 2575 1528 2620 te
1553 2568 1780 2635 petimus
1808 2569 1896 2622 im-

310 2672 493 2712 mensa
520 2657 730 2710 bonitas
765 2670 975 2710 summe
997 2656 1133 2710 Deus
1159 2672 1171 2708 :
1196 2666 1253 2710 ut
1277 2656 1365 2725 qui
1399 2672 1515 2712 eam
1534 2658 1602 2712 tle
1629 2666 1705 2712 tot
1734 2673 1897 2726 pena-

310 2765 427 2804 rum
476 2750 762 2819 generibus
810 2747 1135 2815 triu'nphare
1184 2748 1355 2803 fecisti
1400 2764 1413 2800 :
1468 2749 1572 2820 32
1632 2764 1729 2803 nos
1781 2749 1898 2819 ejus

309 2842 556 2911 precibus
574 2849 628 2894 et
648 2839 735 2893 hic
755 2839 806 2893 in
829 2840 1005 2894 seculo
1029 2839 1349 2909 protegendo
1372 2841 1632 2895 salvilices
1657 2858 1670 2894 :
1696 2848 1751 2896 et
1775 2857 1899 2911 per-

310 2943 425 2985 acto
459 2930 748 2985 luctamine
777 2931 957 2983 mundi
981 2949 992 2982 :
1015 2932 1211 2985 sanctis
1231 2931 1332 2985 tuis
1348 2931 1550 2986 efficias
1571 2933 1899 2989 coheredes:

310 3022 553 3076 Christus
588 3021 839 3075 Dominus
865 3034 927 3073 ac
956 3019 1282 3089 Redemptor
1311 3032 1548 3075 eternus.

384 3110 513 3163 Post
539 3112 704 3181 pridie
736 3110 933 3163 Oratio.
973 3110 1109 3164 Deus
1143 3112 1231 3179 qui
1273 3110 1487 3166 fervens
1513 3123 1535 3150 ε
1569 3115 1893 3184 supplicium

1998 1930 2155 1985 Pater
2182 1938 2365 1983 noster
2392 1926 2480 1996 qui
2504 1940 2562 1980 es
2586 1925 2663 1979 in.

2074 2017 2388 2072 Benedictio.
2427 2013 2584 2070 Jesus
2614 2011 2860 2067 Christus
2884 2011 3137 2067 Dominus
3164 2010 3254 2081 qui
3287 2020 3579 2084 martyrem

1996 2123 2150 2163 suam
2196 2106 2454 2161 Eulaliam
2488 2103 2506 2143 τ
2542 2104 2819 2159 coronavit
2860 2112 2980 2172 post
3024 2103 3294 2161 ﬂammam
3327 2120 3341 2157 :
3373 2104 3487 2173 ipse
3525 2104 3577 2157 in

1998 2200 2149 2255 vobis
2190 2198 2331 2253 male
2377 2195 2688 2265 cupiditatis
2736 2196 3020 2266 restringat
3056 2195 3324 2251 incendia.
3378 2195 3444 2250 Et
3485 2196 3582 2264 qui

1999 2295 2117 2365 ejus
2170 2292 2550 2363 corpusculum
2601 2290 2737 2345 nivei
2790 2289 3041 2345 candoris
3095 2289 3292 2344 velavit
3328 2288 3525 2343 amictu
3569 2304 3584 2340 :

2002 2386 2118 2452 ipse
2160 2397 2254 2437 vos
2295 2399 2322 2435 a
2370 2390 2591 2451 peccato
2639 2380 2882 2450 purificet
2923 2389 2975 2433 et
3011 2380 3227 2437 delicto.
3275 2381 3347 2449 ii.
3381 2382 3572 2433 Amen.

1999 2477 2210 2547 Quique
2256 2476 2371 2543 ejus
2414 2474 2659 2542 spiritum
2692 2472 2875 2527 ce’csti
2907 2472 3100 2525 locavit
3132 2472 3181 2525 iu
3226 2485 3391 2541 regno
3424 2489 3437 2523 :
3465 2486 3585 2539 pre.

2000 2570 2166 2624 mium
2198 2568 2348 2621 vobis
2381 2566 2579 2619 tribuat
2601 2565 3003 2631 svmpitcrunm.
3050 2563 3088 2631 ἡ
3110 2604 3124 2616 .
3152 2562 3344 2616 Amen.

2074 2656 2177 2711 Hic
2211 2657 2350 2711 dicat
2384 2655 2602 2710 Chorus.
2635 2654 2854 2707 Gustate
2883 2660 2937 2707 et
2977 2652 3169 2707 videte.
3222 2651 3290 2706 Ut
3322 2667 3481 2722 supra
3527 2652 3581 2704 in
3616 2688 3624 2696 .

2003 2750 2274 2804 Dominica
2301 2749 2469 2819 prima
2493 2747 2764 2801 Adventus.
3537 2804 3543 2808 Ι

2002 2851 2029 2890 s
2062 2840 2127 2899 IN
2182 2838 2632 2898 FESTIVITATE
2678 2835 3248 2893 ANNUNCIATIONlS
3304 2833 3572 2895 SANCTE

2522 2927 2736 2984 MARIE
2777 2926 3066 2982 VIRGINIS

2114 3025 2223 3089 Qua
2252 3021 2440 3075 dicitur
2466 3018 2495 3057 ιι
2524 3018 2587 3074 de
2611 3018 2663 3073 la
2696 3018 2760 3073 Ο.
2789 3019 2867 3072 Ad
2898 3018 3131 3073 Missam.
3166 3019 3178 3056 ί
3210 3018 3475 3091 Ofﬁcium.

2078 3115 2308 3184 Aileluja
2354 3114 2594 3168 :Christi
2636 3113 2917 3181 generatio
2960 3115 3037 3166 sic
3084 3121 3199 3168 erat
3232 3132 3243 3165 :
3275 3128 3393 3167 cum
3444 3122 3588 3165 esset

316 3201 519 3271 plumbi
540 3179 673 3256 ante
713 3203 900 3255 oculos
929 3202 1131 3255 illatum
1178 3201 1381 3256 Eulalie
1414 3204 1602 3272 virg'ni
1631 3179 1719 3260 tue
1750 3205 1889 3275 frigi-
1924 3179 1966 3240 C
2004 3179 2326 3275 desiionsaia
2355 3205 2522 3259 Mater
2553 3179 2671 3273 ejus
2702 3205 2859 3257 Maria
2891 3202 3114 3270 .loseph.
3148 3213 3433 3272 antequam
3459 3216 3585 3254 cou-

314 3293 434 3344 dum
494 3290 766 3345 effecisti:
803 3300 855 3345 tu
908 3306 937 3345 e
983 3292 1113 3345 celis
1169 3292 1341 3361 ignem
1384 3293 1528 3347 illum
1577 3296 1649 3350 tui
1698 3302 1895 3354 ameris

312 3384 495 3437 emitte
530 3402 543 3435 :
576 3382 667 3451 qui
700 3396 969 3452 nunquam
998 3384 1145 3437 novit
1174 3382 1461 3453 frigescere
1498 3404 1508 3437 :
1543 3401 1646 3453 quo
1674 3397 1727 3440 et
1754 3395 1891 3443 hanc

382 3553 409 3580 ι
430 3546 596 3610 Quem
608 3552 901 3609 assumpsit.
924 3540 1118 3594 Eadem
1140 3540 1190 3594 iIt
1205 3538 1626 3604 Gallo-Gothico,
1648 3540 1799 3604 ibid.,
1820 3541 1904 3594 ha-

314 3617 522 3670 bentur.
543 3614 615 3666 De
629 3614 869 3665 Columba
887 3627 1024 3679 qua),
1045 3613 1300 3663 moriente
1317 3620 1498 3664 sancta
1531 3612 1730 3664 Eulalia
1760 3613 1907 3665 Ente-

313 3686 524 3749 ritensi,
557 3686 665 3734 visa
688 3696 766 3735 es:
797 3680 850 3734 in
878 3683 1069 3734 caelum
1094 3680 1296 3744 volans,
1332 3692 1492 3736 testes
1521 3692 1643 3733 sunt
1668 3684 1902 3735 Pruden-

313 3758 436 3818 tius,
465 3762 685 3806 saoclus
709 3751 997 3819 Gregorius
1026 3753 1353 3821 'l'urouensis
1379 3750 1480 3815 (De
1502 3750 1681 3805 Gloria
1714 3767 1904 3821 marty-

312 3825 449 3890 rum)
476 3822 682 3889 aliique
699 3835 804 3873 non
830 3826 999 3887 pauci.
1030 3820 1214 3890 Refert
1241 3820 1435 3875 Paulus
1462 3823 1721 3874 Diaconos
1747 3820 1903 3875 Eme-

312 3889 527 3948 ritensis
556 3890 648 3960 (In
680 3890 809 3943 Vitis
843 3890 1054 3941 Patrum
1085 3889 1491 3953 Emeritensinm,
1515 3907 1632 3958 cap.
1672 3892 1743 3960 1),
1776 3907 1899 3945 san-

315 3975 451 4018 ctam
488 3961 752 4015 Eulaliam
784 3962 1170 4013 Emeritensem
1212 3962 1388 4026 specie
1425 3961 1689 4015 columba:
1717 3963 1900 4014 condi-

314 4035 548 4088 dissimze
598 4031 910 4100 apparuisse
971 4028 1228 4083 Mai-sonu:
1284 4031 1598 4085 litncritensi
1652 4034 1902 4100 episcopo

314 4104 597 4157 catholica:
642 4099 759 4152 fidei
790 4114 945 4152 causa
997 4101 1046 4152 in
1094 4102 1340 4153 exsilium
1384 4116 1411 4153 a
1446 4102 1749 4170 Leovigildo
1779 4099 1903 4170 rege

316 4174 486 4241 pulso,
514 4173 673 4238 eique
702 4171 928 4223 reditum
958 4170 1021 4241 ad
1061 4170 1345 4241 Ecclesiun
1377 4186 1527 4224 suam
1561 4173 1898 4236 prtedixisse;

316 4239 379 4295 de
408 4243 657 4295 columba
704 4256 842 4306 quae,
876 4239 1134 4293 moriente
1167 4240 1367 4291 Eulalia
1416 4241 1816 4305 Barcinoneusi,
1847 4244 1898 4294 in

319 4316 507 4366 cadum
539 4312 790 4371 evolavit,
816 4319 1076 4361 testantur
1104 4312 1219 4377 ejus
1249 4312 1378 4363 Acta
1412 4311 1566 4379 plane
1584 4315 1816 4374 sincera,
1847 4320 1901 4364 et

323 4382 454 4435 Beda
486 4380 774 4448 genuinus,
807 4381 856 4431 in
890 4379 1284 4449 Martyrologio.

387 4451 411 4489 δ
447 4452 801 4517 Uperimento.
836 4450 977 4503 ldctn
1008 4450 1216 4518 utrique
1248 4449 1467 4503 Eulaliae
1502 4450 1747 4519 Hispanae
1775 4467 1899 4504 con-

320 4522 496 4592 tigisse
524 4522 773 4592 traditur.

393 4604 411 4629 ε
448 4590 775 4659 Supplicium
822 4589 1031 4655 plumbi.
1090 4588 1163 4643 Dc
1197 4590 1455 4658 supplicio
1487 4590 1683 4658 plumbi
1720 4591 1897 4659 liquati

319 4672 369 4716 et
396 4662 497 4715 olei
542 4662 844 4724 candentis,
872 4660 938 4712 de
984 4675 1086 4727 quo
1117 4661 1167 4712 in
1206 4665 1447 4715 oratione
1494 4670 1602 4730 post
1654 4661 1894 4724 Sanctus,

320 4734 605 4801 meminere
655 4740 771 4784 acta
816 4730 1021 4799 vulgata
1070 4730 1183 4799 ejus
1227 4733 1487 4801 martyrii.
1527 4732 1659 4785 Silet
1702 4732 1768 4785 de
1816 4735 1896 4785 his

320 4800 654 4855 Prudentius.

384 4873 408 4909 ἀ
441 4870 694 4927 Sintbolo.
727 4869 1039 4941 Symbolum
1072 4868 1420 4924 Constantim
1448 4871 1735 4939 politauum
1778 4882 1900 4925 ante

317 4943 612 4995 orationem
650 4941 1002 5004 Dcininieam,
1031 4956 1093 4995 ex
1125 4943 1342 4996 decreto
1386 4943 1610 4997 Concilti
1657 4944 1901 4997 Toletani

317 5025 367 5067 tu
398 5025 624 5065 rec-nant
655 5011 980 5065 Mozarabes.

388 5091 413 5118 ο
445 5082 789 5133 Parcendum.
828 5082 938 5133 lloc
981 5092 1061 5135 est
1092 5081 1363 5137 Christum
1412 5083 1713 5151 Dominum,
1744 5100 1791 5152 qi
1815 5098 1901 5138 em

319 5163 590 5219 speramus
621 5153 734 5204 fore
762 5164 809 5203 ut
838 5161 1034 5218 parcat.

391 5222 408 5259 ί
444 5220 713 5273 Coronavit
771 5233 881 5290 post
926 5224 1209 5289 ﬂairimant.
1261 5226 1391 5277 Acta
1437 5234 1632 5278 sancta:
1686 5224 1903 5277 Eulalia:

323 5290 667 5346 Emeritensis
693 5291 920 5355 habent,
952 5308 1089 5355 eam,
1134 5309 1359 5347 accenso
1406 5296 1547 5348 circa
1577 5311 1812 5360 crucem,
1846 5297 1896 5348 in

318 5380 415 5436 qua
464 5364 949 5436 ieut'ebatkrogo,
992 5364 1203 5417 tandem
1262 5365 1650 5419 vivicomburio
1694 5378 1890 5436 marty-

318 5434 451 5504 rium
479 5474 493 5493 ,
527 5435 712 5485 hausta
760 5431 1011 5499 flamma,
1056 5449 1489 5503 consummasse;
1542 5445 1595 5489 et
1648 5431 1895 5504 quamvis

320 5501 631 5556 Prudentius
678 5518 793 5555 eam
826 5518 946 5570 igne
979 5506 1363 5571 lampadarum,
1399 5501 1454 5558 et
1482 5501 1692 5558 ﬂamina
1736 5522 1893 5575 quam

317 5588 479 5625 eoum
526 5582 907 5641 conceperant,
938 5575 1254 5627 exelinctain
1287 5589 1407 5628 eSse
1451 5577 1613 5638 dicat,
1647 5578 1787 5643 quod
1828 5579 1896 5630 de

322 5643 513 5697 Eulalia
539 5644 920 5697 Barcinonensi
943 5652 1205 5697 test-uitur
1229 5646 1348 5712 ejus
1378 5647 1528 5709 Acta,
1564 5659 1740 5698 tamen
1765 5650 1896 5699 actis

315 5726 509 5766 sancta:
538 5714 760 5767 Eulalia:
800 5716 1147 5766 {Cineritensis
1180 5722 1579 5781 patrocinantur
1602 5716 1812 5770 llltssale
1842 5728 1895 5769 et

315 5782 639 5839 Breviarium
670 5794 937 5850 nostrum,
958 5798 1011 5837 et
1038 5788 1340 5839 Urationale
1366 5785 1672 5853 Gotliicum,
1698 5788 1749 5840 in
1782 5788 1895 5857 qni-

756 5877 1005 5937 l’nnor.
1064 5878 1385 5939 LXXXV.

1929 4840 1981 4897 D

2004 3298 2246 3351 venirent
2291 3296 2505 3349 inventa
2550 3303 2635 3347 est
2688 3296 2739 3347 in
2800 3303 2951 3346 utero
3014 3293 3218 3349 habens
3258 3292 3325 3348 de
3379 3292 3585 3361 Spiritu

2004 3391 2223 3446 Sancto.
2256 3387 2503 3457 Alleluia.
2573 3387 2645 3454 ᾖ.
2693 3385 2924 3454 Spiritus
2971 3386 3197 3441 Sanctus
3241 3384 3586 3453 superveniet

2014 3545 2110 3598 bus
2133 3545 2563 3620 ﬂammmrogns
2586 3553 2633 3620 et
2660 3543 2803 3620 ignis
2834 3552 2936 3620 tam
2972 3540 3273 3620 [requenter
3299 3552 3583 3620 recnr‘rttnt

2012 3625 2069 3668 ut
2093 3614 2321 3681 amplius
2348 3614 2546 3683 aliquid
2587 3614 2865 3667 videantur
2894 3613 3130 3665 indicare
3156 3625 3315 3680 quam
3342 3613 3582 3666 tormen-

2012 3695 2120 3738 tum
2154 3684 2289 3737 ltaud
2320 3686 2582 3738 insuetum
2615 3685 3002 3749 lampadarum.

2084 3764 2107 3801 ε
2143 3753 2207 3808 In
2251 3756 2535 3824 festivitate.
2568 3755 2695 3822 Qua:
2725 3753 2879 3809 Griec
2901 3751 3233 3826 s__fes_tivit_as
3281 3755 3311 3812 ἠ
3354 3753 3474 3826 ἁγία
3498 3763 3584 3810 τοῦ

2007 3822 2373 3900 fountain—pati
2422 3828 2605 3900 ἡμέρᾳ,
2645 3837 2722 3888 ut,
2752 3840 2871 3900 can.
2904 3822 2996 3900 52,
3040 3824 3272 3900 loquitur
3298 3822 3582 3900 cntt'cdiuul

2006 3894 2340 3955 Trullanu'n,
2366 3894 2723 3962 suci'a'fuustw
2755 3894 3111 3948 Nuntiationis
3156 3895 3284 3959 dies,
3317 3896 3398 3948 vel
3430 3897 3587 3947 abSo-

2010 3967 2118 4020 lute
2164 3967 2522 4038 εὐαγγελισμ⁷ς
2570 3964 2845 4019 Nuntiatio
2885 3966 3214 4035 appellatur,
3250 3965 3587 4038 LatiuisrAn-

3335 4037 3590 4088 nnnuano

2078 4165 2103 4203 ιι
2130 4166 2204 4219 De
2243 4168 2292 4220 la
2322 4166 2385 4220 0.
2417 4167 2733 4221 Solemnitas
2773 4168 3201 4222 Annuutiationis
3254 4168 3423 4221 beata:
3470 4168 3589 4222 Vir-

2005 4236 2139 4305 ginis
2163 4238 2241 4291 bis
2269 4238 2318 4290 in
2348 4236 2539 4291 Missali
2567 4246 2620 4290 et
2652 4240 2916 4291 Brevia'in
2948 4238 2993 4292 Μ
3020 4239 3285 4291 izarahum
3330 4239 3583 4302 recurrit,

2003 4318 2059 4363 et
2079 4308 2359 4376 quotannis
2381 4308 2458 4361 bis
2481 4306 2858 4362 celebraturab
2885 4308 3093 4369 iisdem.
3119 4314 3217 4361 sub
3252 4308 3355 4362 ritu
3386 4308 3586 4367 duolici

2006 4394 2096 4431 sex
2136 4392 2451 4446 capparum,
2477 4378 2563 4432 die
2595 4380 2661 4433 18
2694 4380 3019 4443 Decembris,
3048 4393 3111 4432 ex
3155 4380 3371 4433 decreto
3418 4378 3584 4433 citato

2003 4450 2212 4501 concilii
2262 4448 2504 4503 Toletani
2535 4464 2583 4512 it,
2615 4458 2669 4502 et
2696 4447 2768 4502 ‘25
2798 4450 2989 4515 Martii,
3023 4457 3080 4504 ut
3120 4457 3349 4516 recepta:
3393 4451 3443 4503 in
3484 4450 3587 4503 Ec-

2002 4522 2163 4571 clcsia
2207 4521 2440 4573 Romana
2488 4521 2858 4574 consuetudini
2902 4535 3021 4576 sese
3064 4520 3398 4588 adaptarent.
3435 4520 3584 4586 llaec,

2002 4604 2120 4656 qua:
2161 4593 2427 4644 recentior
2448 4590 2587 4657 apud
2625 4591 2741 4644 illos
2770 4592 3030 4645 festivitas
3057 4600 3159 4656 est,
3188 4590 3345 4642 modo
3377 4590 3589 4643 Annuu-

2002 4660 2227 4711 tiutionis
2262 4676 2451 4713 nomen
2479 4662 2720 4725 obtinet;
2761 4662 2846 4714 illa
2878 4676 3003 4715 vero
3034 4661 3305 4728 antiquior
3331 4662 3587 4713 solemni-

2004 4730 2292 4800 tas,_modi
2337 4730 2419 4783 vel
2453 4728 2774 4799 Exspectalio
2806 4744 3002 4800 partas,
3040 4734 3118 4785 vel
3154 4746 3253 4784 usu
3284 4730 3419 4799 vulgi
3450 4731 3590 4784 San-

2003 4810 2083 4851 cta
2107 4797 2276 4852 Maria
2298 4801 2361 4853 de
2387 4802 2438 4852 la
2467 4800 2509 4852 0
2535 4797 2830 4870 appellatur
2860 4820 2871 4853 :
2905 4817 3061 4867 qinm
3087 4802 3119 4854 d
3144 4797 3582 4855 :uominaiionem

2010 4886 2111 4921 non
2136 4869 2257 4924 ideo
2283 4872 2469 4924 sortita
2491 4882 2591 4937 est,
2609 4869 2732 4940 Quia
2766 4887 2794 4925 a
2827 4889 2889 4925 xv
2914 4874 3027 4925 Kal.
3053 4871 3289 4926 Januarii
3319 4872 3585 4925 Soletnnes

2006 4940 2307 5005 antiphonae
2358 4943 2425 4994 ab
2465 4942 2507 4993 0
2569 4943 2739 4994 littera
2791 4942 3107 5010 incipientes
3157 4942 3207 4995 in
3265 4945 3587 5008 vespertinis

2009 5010 2252 5076 precibus
2273 5011 2642 5075 decantentur,
2670 5015 2749 5063 ba:
2770 5029 2856 5066 um
2875 5018 3017 5067 enim
3042 5015 3450 5081 antiphouarum
3474 5013 3593 5066 uul-

2008 5083 2113 5133 lunt
2141 5092 2361 5149 apparet
2386 5086 2662 5151 Vestigium
2700 5084 2748 5136 in
2787 5086 3056 5138 Rreviarin
3090 5086 3422 5136 llozarabun
3450 5100 3461 5144 ;
3496 5084 3588 5136 sed

2006 5166 2163 5223 causa
2190 5154 2418 5206 nominis
2451 5154 2670 5221 petenda
2712 5164 2792 5207 est
2833 5171 2895 5208 ex
2929 5156 3176 5223 peculiari
3213 5170 3305 5205 uu
3340 5155 3591 5207 Ecclesiae

2007 5222 2300 5287 Toletani-,
2330 5241 2485 5291 quem
2527 5240 2588 5277 ex
2624 5226 2681 5277 l’.
2720 5222 3056 5278 [liba-lineira
3101 5223 3250 5290 (Flos
3278 5231 3589 5292 mactarunt)

2009 5294 2169 5365 veleri
2194 5296 2425 5348 Joannes
2466 5295 2714 5363 Τείως]νῶ
2763 5295 3067 5365 (Μανιςινοι.
3103 5294 3257 5360 Uisp.
3304 5293 3363 5346 Τ.
3404 5292 3501 5356 γι,
3533 5313 3587 5365 ρ.

1998 5361 2151 5431 483).
2183 5366 2452 5418 Absnlutis
2498 5361 2722 5433 namque
2756 5361 2988 5434 resper'is
3035 5369 3261 5419 festivita
3290 5365 3331 5416 is
3381 5361 3588 5431 Evspe-

2000 5435 2247 5488 Ctationis
2279 5447 2488 5500 partus,
2522 5451 2705 5489 omnes
2726 5478 2741 5501 ,
2765 5447 3024 5505 quotquot
3054 5436 3269 5497 adsunt,
3303 5436 3352 5487 in
3380 5438 3587 5501 choro,

2001 5505 2205 5570 clerici,
2250 5506 2365 5558 sine
2394 5507 2601 5570 ordine,
2635 5523 2762 5559 voce
2792 5510 2934 5559 clara
2967 5508 3010 5558 0
3046 5509 3257 5576 longum
3286 5505 3586 5574 proferunt,

2002 5576 2071 5647 ad
2111 5576 2338 5647 ﬂagrans
2371 5576 2494 5628 illud
2526 5577 2850 5629 desiderium
2878 5577 3285 5647 significandum
3329 5592 3434 5643 quo
3461 5594 3586 5647 san-

2005 5643 2072 5695 cti
2104 5643 2290 5718 oin’nes
2319 5646 2371 5718 in
2417 5647 2617 5718 limbo,
2654 5648 2702 5718 in
2736 5649 2872 5701 cmlo
2916 5643 3087 5718 angeli
3114 5688 3129 5712 ,
3163 5658 3409 5715 totusque
3440 5646 3585 5700 orbis

2007 5717 2283 5787 tenebatur
2314 5716 2613 5769 Nutivitatis
2658 5716 3050 5787 Redemptoris.

2079 5785 2089 5820 ί
2131 5785 2378 5855 Ofﬁcium.
2412 5788 2514 5841 Mat
2542 5787 2641 5843 luci
2677 5805 2712 5855 ι,
2750 5790 2831 5845 l8.
2872 5790 2901 5859 ᾗ
2932 5831 2943 5842 .
2995 5785 3151 5845 Lucce
3188 5806 3225 5857 ι,
3257 5789 3344 5843 55.

3098 5884 3138 5943 6
