4058 6178
385 423 490 479 I73

1112 411 1400 470 MISSALE
1438 408 1709 467 nixum
1754 390 1902 466 sec.
1947 406 2103 465 nec.
2149 408 2206 462 ιι.
2254 406 2521 464 lSIDORl.
2576 438 2641 449 -
2685 408 2862 465 rans
2903 410 2939 464 ι.

3556 407 3654 463 ΓΗ

380 542 481 594 bus
516 555 530 591 :
566 537 820 591 Dominus
855 546 1019 602 prope
1045 537 1149 586 est.
1195 527 1333 583 Nihil
1369 526 1564 581 soliciti
1589 525 1707 581 sitis
1742 544 1755 579 :
1790 524 1882 579 sed
1912 525 1965 578 in
1998 530 2045 587 Α
2073 516 2217 578 enim
2253 522 2397 577 Dens
2429 530 2610 575 noster
2661 524 2905 576 retribuit
2932 522 2988 591 ju
3011 521 3215 576 licium.
3243 520 3360 589 lpse
3400 524 3578 577 veniet
3605 534 3660 576 et

380 630 531 685 omni
563 627 807 682 oratione
845 632 899 677 et
938 620 1352 676 obsecratione:
1387 632 1509 672 cum
1554 616 1842 686 gratiarum
1871 630 1963 669 ac-

378 720 530 775 tlone
559 736 573 771 :
607 714 889 785 petitiones
917 722 1097 767 vestre
1127 712 1470 765 innotescaut
1496 706 1635 777 apud
1664 706 1854 760 Deum.
1899 703 1970 759 Et

380 825 487 879 pax
544 807 637 861 Dei
687 820 792 875 que
838 810 1097 871 exuperat
1146 815 1362 855 omnem
1414 813 1633 855 sensum
1704 795 1970 852 custodiat

376 900 544 956 corda
575 908 752 952 vestra
782 904 837 951 et
860 892 1243 964 intelligentias
1268 893 1373 963 33
1399 899 1646 946 vestras:
1673 890 1725 945 in
1753 887 1969 945 Christo

376 994 536 1049 Jesu.
568 992 644 1045 De
666 1001 848 1044 cetero
870 985 1103 1041 fratres:
1132 998 1452 1056 quecnnque
1480 991 1604 1038 sunt
1636 987 1760 1037 ve'ra
1788 996 1803 1035 :
1835 996 1969 1049 que-

376 1097 598 1151 cunque
642 1079 835 1149 pudica
870 1095 885 1131 :
918 1090 1234 1145 quacunque
1259 1074 1404 1143 justa
1439 1088 1801 1143 :quecunque
1847 1086 1971 1126 san-

385 1183 471 1226 cta
500 1180 860 1240 :quecunque
908 1167 1153 1221 amabilia
1197 1183 1209 1218 :
1251 1178 1567 1234 quocunque
1624 1163 1760 1217 bone
1810 1161 1966 1215 fame.

380 1261 440 1317 Si
464 1277 565 1331 qua
594 1261 786 1315 virtus.
812 1259 839 1287 ⁸
868 1257 924 1312 Si
946 1272 1046 1326 qua
1075 1257 1187 1309 laus
1211 1273 1224 1307 :
1257 1256 1356 1309 hec
1384 1255 1614 1323 cogitate
1635 1269 1738 1323 que
1758 1264 1812 1309 et
1834 1252 1974 1307 didi-

378 1353 536 1407 cistis
564 1370 579 1405 :
609 1362 664 1405 et
706 1349 987 1417 accepistis
1019 1364 1033 1399 :
1065 1352 1119 1400 et
1143 1344 1367 1400 audistis
1398 1362 1413 1399 :
1446 1353 1500 1400 et
1541 1345 1748 1400 vidistis
1777 1345 1829 1400 in
1861 1360 1968 1400 me.

382 1442 495 1495 Ilec
515 1444 656 1510 agite
686 1458 699 1495 :
724 1448 775 1493 et
802 1439 940 1492 Dens
971 1437 1115 1506 pacis
1142 1438 1244 1491 erit
1270 1436 1563 1489 vobiscum.

472 1532 512 1599 ἡ
534 1573 549 1588 .
591 1530 810 1585 Charus.
839 1531 1009 1581 Amen

456 1619 780 1688 Principium
836 1620 1017 1673 Sancti
1084 1616 1348 1688 Evangelii
1414 1618 1693 1671 secundum
1766 1615 1960 1671 Matth.

386 1711 448 1785 (δ
476 1709 602 1778 Cap.
635 1709 711 1778 ι).

458 1804 615 1857 Liber
676 1799 1034 1871 generationis
1070 1798 1189 1856 lesu
1228 1796 1429 1854 Christi
1477 1796 1571 1852 lilii
1620 1797 1836 1853 David:
1884 1795 1974 1851 lilii

2074 615 2259 669 salvos
2319 629 2415 667 nos
2466 612 2625 667 faciet
2678 614 2915 681 alb-luja.
2972 613 3163 667 Audite
3229 614 3409 681 itaque
3464 614 3665 668 domus

2076 704 2289 760 David:
2339 704 2368 741 ιι
2397 718 2503 759 non
2564 706 2810 772 pusillum
2860 704 3012 758 vobis
3082 713 3353 760 certamen
3422 715 3663 773 prostare

2072 796 2375 853 hominibus
2398 798 2650 867 quoniam
2691 797 2945 852 Dominus
2986 804 3190 864 prestat
3222 808 3493 853 certamen
3536 814 3656 867 pros

2073 900 2253 959 pterea
2273 888 2419 944 dabit
2440 888 2596 943 vobis
2616 888 2823 959 signum
2853 905 2865 939 :
2896 902 3022 942 ecce
3051 888 3196 957 virgo
3226 888 3276 941 in
3308 896 3460 943 utero
3481 891 3660 943 conci-

2074 983 2186 1050 piet
2246 988 2303 1035 et
2355 979 2529 1048 pariet
2584 979 2748 1032 tilium
2794 996 2807 1033 :
2868 989 2923 1033 et
2982 978 3244 1032 vocabitfs
3300 993 3493 1033 nomen
3546 980 3662 1047 ejus

2075 1070 2356 1125 Emanuel.
2386 1068 2451 1123 Ρ.
2477 1068 2595 1140 Ipse
2614 1070 2814 1123 veniet.

2150 1160 2332 1216 Missa.
2367 1161 2647 1231 Erigamus
2674 1174 2844 1229 queso
2874 1159 3066 1214 fratres
3089 1160 3387 1213 charissiini
3424 1161 3481 1212 in
3504 1160 3663 1211 subli-

2075 1268 2163 1309 me
2185 1254 2367 1307 oculos
2396 1262 2612 1308 nostros
2648 1269 2661 1304 :
2696 1251 2859 1306 visuri
2889 1252 3117 1320 gloriam
3165 1251 3479 1305 Salvatoris.
3513 1250 3664 1317 Quo-

2078 1352 2238 1407 modo
2260 1352 2527 1422 Virginem
2556 1352 2802 1422 dignatus
2833 1368 2845 1403 :
2871 1362 2925 1402 nt
2952 1350 3236 1417 concipiat.
3261 1348 3529 1415 quomodo
3553 1364 3665 1401 ma-

2076 1450 2211 1495 trem
2236 1450 2639 1496 remuneratur:
2666 1453 2721 1494 ut
2746 1440 2933 1506 pariat.
2964 1438 3078 1505 Ipse
3106 1445 3160 1491 et
3188 1451 3381 1490 munus
3413 1436 3580 1489 factus
3610 1452 3666 1490 et

2077 1529 2243 1584 filius:
2265 1530 2351 1599 qui
2369 1539 2423 1584 et
2440 1527 2644 1582 infusus
2662 1527 2867 1582 confert
2883 1529 3022 1595 quod
3042 1526 3226 1581 deerat
3245 1542 3257 1578 :
3279 1533 3334 1579 et
3348 1523 3544 1579 eﬂusus
3563 1541 3665 1579 non

2078 1620 2249 1676 aufert
2264 1620 2405 1690 quod
2427 1620 2668 1674 donarat.
2686 1619 2784 1685 Qui
2800 1633 2895 1674 nec
2915 1628 3188 1687 gerentem
3207 1619 3409 1672 honore
3425 1618 3631 1673 fraudat
3653 1638 3667 1672 :

2080 1726 2179 1766 nec
2190 1710 2498 1780 genitricem
2513 1708 2690 1763 labore
2702 1712 2997 1763 contristat.
3013 1708 3110 1776 Qui
3127 1716 3180 1761 et
3194 1708 3443 1762 nascendi
3465 1708 3477 1746 ¹
3499 1709 3671 1778 abiur-

2080 1811 2169 1870 gat
2203 1799 2497 1869 gemitum:
2527 1806 2581 1853 et
2602 1798 2706 1852 nati
2727 1796 3009 1867 consignat
3029 1797 3293 1851 all'ectum.
3321 1797 3502 1867 Neque
3525 1801 3666 1853 enim

385 1894 641 1947 Abraam.
700 1893 930 1946 Abraam
952 1893 1143 1962 genuit
1173 1891 1341 1945 Isaac.
1387 1889 1533 1944 Isaac
1561 1899 1736 1943 autem
1788 1886 1971 1958 genuit
2002 1880 2047 1939 Β
2076 1886 2157 1942 fas
2174 1898 2290 1944 erat
2312 1898 2366 1944 ut
2389 1889 2607 1944 haberet
2624 1888 2712 1944 illa
2732 1887 2998 1957 suspiria:
3025 1902 3128 1958 que
3154 1888 3391 1942 omnium
3418 1888 3665 1959 gaudium

384 1983 569 2038 Iacob.
606 1992 628 2021 ε
660 1982 825 2039 Jacob
871 1990 1046 2037 autem
1069 1980 1470 2052 genuitJoseph
1530 1980 1707 2035 virum
1761 1977 1972 2035 Μειτίεά

388 2076 455 2129 de
482 2091 589 2144 qua
620 2083 774 2129 natus
804 2084 886 2129 est
920 2073 1181 2129 Christus.
1223 2073 1421 2129 Omnes
1451 2087 1579 2142 ergo
1607 2072 1978 2143 generationes

384 2169 451 2221 ab
473 2170 702 2222 Abraam
733 2182 903 2237 usque
950 2167 1018 2221 ad
1066 2166 1270 2222 David:
1300 2167 1676 2235 generationes
1722 2174 1980 2235 quatuor-

384 2257 579 2313 decim.
641 2259 707 2312 Et
736 2274 765 2310 a
799 2257 961 2313 David
1007 2273 1172 2325 usque
1199 2256 1264 2311 ad
1295 2255 1819 2325 transmigrationem
1870 2252 1973 2307 Ba-

388 2349 595 2421 bylonis
631 2350 1001 2418 generationes
1023 2346 1428 2418 quatuordecim
1461 2363 1476 2400 :
1507 2354 1557 2399 et
1579 2360 1608 2398 a
1638 2344 1980 2414 transmigra-

388 2444 527 2496 tione
581 2440 867 2512 Babylonis
937 2455 1107 2509 usque
1155 2438 1224 2494 ad
1287 2438 1557 2494 Christum
1608 2437 1982 2507 generationes

386 2534 811 2603 quatuordecim.
843 2532 1044 2587 Christi
1076 2541 1252 2586 autem
1279 2530 1555 2602 generatio
1582 2528 1660 2583 sic
1684 2537 1816 2583 erat.
1849 2527 1982 2581 Cum

386 2626 864 2692 cssetdesponsata
887 2632 1058 2677 mater
1072 2623 1191 2691 ejus
1218 2621 1380 2675 Maria
1414 2619 1614 2690 Josepb
1656 2628 1981 2688 :antrquam

387 2719 737 2771 convenirent
776 2732 791 2770 :
820 2716 1031 2769 inventa
1074 2724 1159 2769 est
1188 2713 1239 2768 in
1282 2721 1434 2769 utero
1465 2712 1665 2767 habens
1693 2710 1760 2767 de
1785 2709 1983 2778 Spiritu

393 2807 613 2863 Sancto.
637 2806 833 2875 .Ioseph
858 2814 1037 2860 autem
1092 2804 1173 2859 vir
1227 2804 1341 2873 ejus
1379 2820 1499 2860 cum
1528 2801 1901 2873 essetjustus:
1929 2808 1985 2855 et

392 2897 552 2951 nollet
567 2897 843 2953 traducere
858 2911 976 2952 eam
994 2914 1007 2949 :
1026 2895 1191 2950 voluit
1203 2896 1410 2951 occulte
1427 2896 1695 2950 dimittere
1712 2908 1850 2949 eam.
1876 2890 1986 2946 Hec

393 2996 570 3041 autem
601 3003 667 3042 eo
706 2989 973 3057 cogitante
999 3005 1009 3039 :
1039 3001 1164 3042 ecce
1189 2987 1419 3057 Angelus
1447 2985 1655 3042 Domini
1702 2985 1754 3040 in
1783 2982 1997 3038 somnis.

389 3078 637 3145 apparuit
658 3079 704 3132 ei
731 3079 915 3133 dicens
938 3076 1168 3146 :Joseph
1192 3077 1265 3134 fili
1288 3077 1489 3132 David:
1514 3076 1620 3131 noli
1640 3077 1826 3131 timere
1848 3073 1987 3129 acci-

388 3184 512 3237 pere
541 3170 756 3224 hiariam
782 3169 1061 3240 conjugem
1096 3179 1271 3224 tuam:
1305 3169 1445 3238 quod
1472 3172 1615 3223 enim
1638 3169 1690 3223 in
1715 3183 1776 3223 ea
1801 3177 1983 3222 natum

2079 1982 2320 2053 pariebat
2343 1993 2468 2040 :aut
2496 1984 2647 2053 origo
2677 1980 3019 2037 exultationis
3043 1990 3290 2037 nosceret
3318 1981 3422 2035 vim
3446 1981 3665 2036 doloris.

2084 2075 2141 2130 ln
2162 2090 2387 2131 recensu
2419 2075 2713 2145 peccatoris
2741 2087 3043 2128 sermonem
3063 2071 3350 2127 credulitas
3381 2072 3627 2127 calefacit
3654 2090 3665 2125 ε

2081 2166 2541 2236 indubitatumque
2582 2163 2805 2220 verbum
2827 2164 3039 2234 stringit
3068 2160 3297 2218 auditus.
3327 2161 3396 2217 Et
3417 2162 3481 2216 ad
3508 2162 3674 2216 virtu-

2082 2268 2188 2315 tem
2214 2258 2304 2313 Dei
2328 2272 2475 2325 spem
2498 2253 2930 2326 repromissionis
2955 2254 3088 2309 ﬂdes
3113 2266 3299 2309 secura
3323 2254 3674 2324 congluainat.

2088 2350 2102 2401 i'
2131 2351 2219 2406 Sic
2238 2349 2482 2418 concepit
2502 2349 2743 2404 animus:
2768 2348 2909 2417 quod
2925 2346 3157 2403 credidit
3178 2363 3192 2400 :
3214 2346 3292 2402 sic
3314 2346 3552 2416 implevit
3566 2349 3672 2415 spi-

2084 2445 2216 2498 ritus
2230 2459 2384 2511 quem
2397 2443 2553 2512 elegit
2576 2458 2590 2496 :
2616 2451 2673 2496 ut
2687 2443 2739 2496 in
2762 2440 3121 2510 Redemptore
3132 2449 3315 2494 nostro
3335 2453 3440 2495 non
3454 2439 3675 2494 diStarrt

2083 2534 2313 2589 hominis
2327 2534 2553 2588 veritas:
2576 2530 2597 2569 ¹ι
2614 2532 2708 2587 sed
2735 2541 2994 2601 potestas.
3019 2530 3062 2585 Ο
3086 2529 3371 2584 ineffabilis
3387 2528 3676 2585 divinitatis

2083 2621 2384 2703 operazsic
2421 2622 2643 2678 interior
2688 2630 2862 2692 portio
2886 2620 2989 2675 add
3017 2629 3067 2674 te
3108 2620 3319 2674 virtutis
3366 2620 3534 2675 sensit
3577 2632 3673 2675 au-

2082 2727 2354 2787 gmentum
2374 2731 2388 2769 :
2409 2711 2426 2751 ι
2446 2728 2511 2768 ne
2522 2714 2757 2767 exterior
2780 2720 2973 2767 statum
2990 2711 3306 2780 integritatis
3332 2711 3645 2767 amitteretu
3660 2743 3674 2751 -

2086 2806 2351 2876 nigri-nitus
2364 2805 2499 2860 filius
2518 2805 2608 2859 Dei
2624 2804 2676 2858 in
2693 2804 2945 2858 maternis
2958 2801 3252 2857 visceribus
3271 2803 3511 2873 pariendi
3532 2803 3669 2857 viain

2087 2913 2187 2953 nec
2223 2898 2423 2954 invenit
2448 2912 2581 2952 :nec
2608 2896 2842 2966 reliquit.
2868 2894 2958 2952 Sic
2983 2905 3277 2966 conceptus
3298 2896 3671 2967 atqueeditus:

2087 2992 2261 3061 signat
2286 2989 2725 3058 virginisnterum
2747 3002 2851 3043 non
2878 2987 3107 3041 desinat.
3137 2986 3192 3041 In
3218 3002 3324 3058 quo
3340 2990 3672 3059 quannnnad

2087 3080 2384 3136 remedium
2418 3079 2607 3134 salutis
2628 3091 2810 3135 nostre
2833 3080 3061 3149 pertinet
3083 3096 3096 3133 :
3118 3088 3156 3116 ω
3173 3079 3286 3149 ipsa
3299 3090 3485 3135 natura
3513 3082 3673 3136 victo.

2088 3173 2164 3227 ria
2195 3183 2297 3229 est.
2343 3173 2472 3227 Nam
2506 3171 2871 3228 adversarium
2921 3171 3153 3227 hominis
3203 3184 3411 3241 partum
3460 3190 3673 3243 superat

384 3236 464 3316 est
488 3282 500 3315 :
525 3262 593 3317 de
615 3263 815 3332 Spiritu
838 3236 1035 3318 Sancto
1058 3273 1140 3317 est
1160 3271 1263 3317 est.
1287 3236 1469 3317 Dariet
1490 3272 1666 3316 autem
1691 3260 1855 3314 tilium
1883 3277 1896 3313 :
1918 3268 1975 3314 et
2007 3236 2053 3299 C
2084 3271 2111 3299 ιι
2137 3277 2363 3334 quacum
2392 3263 2442 3316 in
2466 3263 2817 3330 conceptione
2838 3263 3075 3334 mystcrii
3097 3236 3282 3317 didicit
3306 3236 3668 3334 regnaturum.

387 3354 600 3407 vocabis
629 3370 823 3409 nomen
852 3355 968 3425 ejus
996 3354 1177 3409 Jesum
1204 3372 1216 3406 :
1250 3356 1364 3423 ipse
1394 3354 1536 3409 enim
1566 3354 1774 3408 salvum
1811 3352 1976 3408 faciet

387 3445 639 3515 populum
670 3461 826 3499 suum
867 3462 893 3498 a
937 3445 1168 3515 peccatis
1198 3461 1403 3499 eorum.
1443 3446 1554 3498 lloe
1588 3454 1763 3498 autem
1807 3455 1973 3499 totum

388 3535 581 3591 laetum
600 3545 685 3591 est
701 3553 715 3589 :
733 3549 786 3591 ut
810 3536 1194 3605 adiinplcretnr
1212 3534 1352 3606 quod
1374 3534 1572 3590 dictum
1595 3544 1676 3588 est
1696 3551 1722 3587 a
1749 3533 1791 3588 ι)
1828 3536 1976 3588 mino

388 3640 480 3693 per
512 3634 536 3660 °
568 3626 778 3679 Esaiam
830 3626 1139 3695 prophetam
1190 3627 1454 3681 dicentem
1488 3643 1501 3678 :
1537 3625 1675 3681 Ecce
1726 3625 1872 3695 virgo
1923 3624 1974 3679 in

389 3728 538 3772 utero
559 3717 777 3773 habebit
801 3728 855 3773 et
881 3720 1054 3788 pariet
1082 3719 1245 3773 tilium
1270 3737 1282 3771 :
1303 3730 1355 3774 et
1372 3719 1632 3773 vocabunt
1650 3735 1842 3773 nomen
1862 3719 1977 3791 ejus

388 3807 641 3863 Emanuel
677 3826 692 3863 :
722 3810 861 3876 quod
891 3819 974 3865 est
1023 3810 1425 3880 interpretatum
1455 3832 1465 3862 :
1493 3811 1771 3867 nobiscum
1809 3812 1970 3866 Deus.

469 3901 506 3967 ιζ
529 3938 543 3953 .
589 3904 785 3955 Amen.

434 3985 453 4025 ί
487 3986 689 4041 Lauda.
706 3989 949 4057 Alleluja.
972 3991 1227 4045 Adextrts
1250 3991 1352 4045 tuis
1368 3991 1589 4046 Domine
1613 3992 1820 4047 ad.~istit
1843 3996 1985 4064 regi-

387 4093 446 4131 na
462 4096 475 4131 :
492 4079 543 4134 in
568 4080 759 4134 vestitu
785 4081 1041 4136 deaurato
1062 4083 1454 4137 circumamicta
1473 4084 1728 4139 varietate
1747 4086 1978 4156 alleluja.

437 4180 462 4218 ι
484 4170 834 4241 Sacrificium.
853 4174 1238 4229 Confortamini
1252 4176 1423 4243 etjaui
1440 4176 1601 4231 nolite
1620 4178 1806 4233 timere
1828 4196 1983 4238 :ecce

453 4318 477 4345 ⁸
509 4308 571 4362 Si
600 4325 704 4376 qua
730 4311 862 4382 laus.
895 4308 965 4382 ita
1015 4318 1227 4364 Sanctus
1272 4312 1683 4382 Clirysostonius
1712 4322 1763 4367 et
1795 4325 1969 4371 textus

386 4381 597 4453 διέκαιε
622 4397 637 4443 ;
666 4381 868 4453 air-cedit
893 4381 1110 4451 Syriaca
1142 4381 1339 4453 versiq,
1369 4381 1417 4435 in
1447 4400 1546 4451 qua
1570 4387 1614 4437 si
1647 4400 1763 4453 quin
1786 4386 1971 4440 lauda-

386 4451 520 4501 tntia.
576 4461 643 4503 At
677 4451 916 4516 Vulgata,
976 4451 1368 4507 Ambrosiaswr
1410 4463 1464 4505 et
1506 4451 1892 4520 Themi-ratus,
1927 4459 1971 4510 si

2077 3354 2221 3411 Talis
2243 3356 2420 3426 itaque
2451 3355 2610 3410 homo
2644 3354 2803 3410 habet
2853 3357 2960 3410 vite
2997 3364 3313 3424 potestatem
3346 3372 3361 3411 :
3389 3373 3491 3427 qua
3534 3361 3670 3415 alios

2079 3459 2387 3503 muneratur
2419 3464 2433 3501 :
2464 3447 2552 3517 qui
2578 3462 2703 3503 eam
2733 3462 2837 3502 non
2868 3448 3075 3517 accepit
3101 3447 3317 3504 aliunde
3344 3464 3448 3521 qua
3477 3452 3663 3505 utitur.

2082 3540 2191 3596 Nec
2214 3542 2406 3595 mirum
2442 3550 2523 3597 est
2543 3556 2665 3597 cum
2696 3544 2968 3597 nascendo
2992 3543 3398 3612 reciperetquos
3420 3544 3617 3599 creavit
3649 3564 3661 3597 :

2078 3632 2168 3699 qui
2208 3642 2490 3701 antequam
2526 3643 2839 3688 nasceretur
2867 3634 3048 3689 habuit
3073 3649 3209 3704 quos
3240 3634 3494 3690 redemit.

2173 3719 2212 3789 [ἢ
2236 3759 2251 3775 .
2276 3722 2466 3776 Amen.

2160 3812 2276 3866 Alia
2309 3812 2506 3867 Oratio.
2543 3813 2765 3869 Domine
2810 3813 2935 3869 .lesn
2968 3814 3179 3868 Christe
3208 3829 3313 3884 quo
3343 3817 3413 3869 ita
3439 3815 3668 3872 Verbum

2087 3920 2213 3959 caro
2257 3904 2451 3958 factum
2483 3916 2563 3959 est
2594 3923 2607 3957 :
2640 3916 2697 3959 ut
2729 3907 2779 3958 in
2828 3905 3231 3976 conceptionem
3293 3909 3361 3961 tui
3398 3910 3669 3979 virginalis

2092 4006 2275 4051 uterus
2297 3997 2537 4051 altissimi
2572 3998 2981 4052 obumbratione
3029 4001 3362 4069 susciperet:
3396 4012 3449 4057 et
3480 4006 3543 4055 ad
3575 4020 3668 4072 pa-

2094 4090 2331 4146 riendum
2387 4099 2652 4160 te:porta
2708 4094 2932 4146 materni
2991 4096 3235 4162 corporis
3292 4113 3395 4150 non
3432 4108 3665 4165 pateret:

2094 4183 2446 4238 soleninitatis
2490 4183 2647 4252 hujus
2695 4182 2952 4253 obsequia
2999 4185 3275 4254 propicius
3331 4190 3673 4259 suscipcmt.

2080 4319 2294 4371 B-atam
2324 4315 2596 4389 Virginem
2642 4317 2963 4373 conveniebat
3011 4329 3221 4373 matrem
3272 4320 3461 4390 absque
3489 4323 3671 4379 dolore

2077 4390 2212 4458 ﬁeri.
2234 4391 2383 4455 Apud
2408 4391 2889 4444 Sucratnentarium
2917 4390 3194 4452 Bobiense.
3222 4391 3274 4444 in
3301 4396 3667 4449 εοηιεειαιίυηιε

2079 4461 2243 4533 naiasin
2269 4462 2335 4533 in
2376 4461 2725 4533 assumptione
2747 4470 2936 4533 sancta:
2978 4461 3163 4514 Maria:
3186 4462 3371 4527 legitur
3400 4467 3540 4533 quod
3573 4468 3662 4521 Dei

385 4536 477 4605 qua
510 4520 624 4605 fans
652 4522 964 4588 disciplima,
990 4522 1294 4586 l'riiuasius,
1325 4524 1369 4576 si
1393 4541 1495 4593 qua
1523 4526 1635 4577 laus
1665 4530 1966 4592 tolerantur,
2004 4547 2048 4605 υ
2079 4530 2314 4582 (ianitrix
2346 4547 2446 4605 non
2469 4520 2673 4605 subdita
2694 4532 2790 4605 {ait
2816 4531 2981 4584 labori
3012 4548 3099 4605 per
3119 4520 3343 4600 pun-um,
3375 4520 3476 4605 non
3501 4520 3670 4591 dolori

386 4592 576 4657 legunt.

449 4661 637 4785 b'Cnp.
686 4660 734 4716 I.
798 4661 946 4717 νη..
1005 4660 1155 4716 ί-Ξι.
1208 4662 1566 4718 Pra't-rmissa
1625 4675 1797 4719 tamen
1844 4677 1969 4721 Sunt

452 4751 464 4783 t
494 4747 563 4783 ta.

384 4747 563 4783 multa.

452 4816 472 4840 ε
504 4800 689 4855 Ιαευὺ.
722 4805 762 4855 Α
795 4803 1058 4858 versiculo
1101 4800 1136 4854 Ξ.
1159 4802 1225 4856 ad
1258 4800 1348 4870 16,
1384 4805 1560 4859 omnia
1606 4810 1965 4875 pra-termissu

384 4884 524 4925 t-ttnt.

449 4943 471 4979 ἀ
506 4943 582 4996 De
609 4960 712 5010 qua
736 4952 885 5017 natus
914 4955 987 4997 est
1030 4944 1283 4999 Christus.
1322 4943 1496 5017 Vulg.
1534 4944 1683 5017 Syr.,
1714 4947 1807 5003 Cr.
1844 4968 1854 5002 :
1894 4949 1968 5004 De

380 5030 474 5081 qua
504 5023 658 5067 natus
690 5023 764 5068 est
792 5012 966 5073 Jesus.
1000 5016 1087 5082 qui
1118 5025 1325 5067 vocatur
1352 5012 1606 5071 Christus:

450 5094 470 5121 ο
504 5083 737 5138 Esaiam.
785 5084 1065 5156 Prophctia
1116 5097 1195 5141 est
1259 5092 1471 5156 quidem
1532 5086 1676 5142 Isaia:
1726 5105 1826 5155 vn,
1879 5093 1961 5146 14.

383 5154 714 5229 Ejus‘tamen
738 5171 931 5229 nonien
964 5157 1014 5210 in
1043 5155 1220 5229 γυιε..
1246 5154 1340 5210 Gr.
1359 5165 1415 5211 et
1444 5158 1592 5228 Syr.,
1618 5178 1722 5214 non
1754 5154 1962 5229 legitur.

451 5224 469 5262 ί
503 5226 705 5297 Lauda.
740 5226 829 5281 Ps.
870 5241 1017 5291 κων,
1057 5224 1404 5281 1οῘ8ωιιῑιιει
1440 5224 1700 5297 Αἱιειιειη
1743 5224 1962 5286 circum-

378 5298 582 5350 anu'ctn.
617 5296 797 5363 ναις..
837 5298 1176 5351 circumdata.

445 5376 469 5440 ξ
502 5366 856 5440 Summanus.
893 5369 1041 5440 Isaia:
1072 5385 1231 5432 xxxv,
1259 5366 1309 5420 ιι.
1354 5369 1425 5440 7.
1464 5369 1593 5423 lbid.
1632 5388 1721 5436 vn,
1771 5373 1853 5427 t5.

449 5436 472 5473 δ
503 5438 625 5491 Non
674 5441 939 5505 pusillum.
990 5438 1169 5510 Vulg.,
1206 5436 1438 5510 nunquid
1480 5457 1664 5507 parum
1712 5446 1851 5498 vobis
1890 5455 1964 5500 est

380 5509 614 5562 molestos
646 5528 753 5562 esse
780 5509 1233 5578 nontinibus,'qnia
1255 5509 1447 5564 "mrem
1477 5512 1596 5564 estis
1621 5523 1670 5566 et
1699 5513 1802 5567 Deo
1829 5532 1962 5570 meo.

386 5578 565 5649 Versiu
614 5581 844 5634 Missnlis
891 5584 1055 5636 nOstri
1113 5597 1211 5635 nec
1235 5597 1353 5634 cuin
1416 5582 1655 5649 Vulgata,
1687 5600 1784 5638 nec
1839 5604 1959 5640 cunt

383 5654 478 5724 nila
516 5647 689 5705 ferme
718 5668 782 5705 ex
808 5652 978 5724 editis
1005 5652 1295 5724 scriptura:
1329 5647 1662 5724 versionibns
1690 5660 1958 5710 convenit.

456 5720 771 5793 f‘Abjurgnt.
798 5720 1301 5791 .Imnncs'l‘amnjus
1326 5721 1413 5793 (In
1449 5721 1671 5793 :ilartyr.
1710 5724 1958 5793 Ilispan.,

381 5789 529 5864 t._H,
557 5789 687 5863 pag:
705 5793 829 5863 585)
855 5792 1012 5864 habet
1032 5789 1239 5864 obiugth
1254 5810 1278 5864 ,‘7
1296 5789 1522 5848 furtassa
1541 5789 1818 5860 legendum
1844 5789 1957 5851 abi;-

386 5861 711 5927 gitqemitum.
732 5861 955 5919 Sani-tus
981 5861 1209 5933 Eplirein
1229 5863 1403 5932 (Orat.
1422 5866 1483 5917 de
1502 5881 1728 5937 margar.
1746 5876 1914 5937 pra’t.)
1938 5888 1950 5921 :

2080 4617 2166 4677 per
2196 4602 2675 4677 ti'riiisitttin__l’lura
2718 4603 2833 4668 lege
2874 4605 3018 4677 apud
3048 4603 3319 4677 [letasiuin
3353 4603 3454 4677 (De
3484 4606 3664 4663 Theot.

2076 4672 2403 4745 demiratum.
2444 4669 2545 4745 VIA,
2579 4672 2667 4724 lib.
2702 4687 2807 4736 xtv,
2841 4669 2958 4738 cap.
2991 4675 3041 4738 6,
3131 4674 3242 4742 15).

2150 4741 2162 4790 i
2210 4742 2299 4795 Sic
2326 4742 2552 4811 concepit
2597 4746 2800 4796 animus
2829 4745 2965 4812 quod
3003 4741 3240 4799 credidit.
3282 4746 3506 4801 Sanctus
3557 4750 3661 4802 Au-

2074 4811 2426 4885 gu~tirius,in
2460 4814 2786 4885 tnehiridio,
2808 4811 3006 4885 citatus
3036 4833 3063 4868 a
3090 4827 3275 4870 sancto
3301 4818 3660 4885 llildeplionsn

2073 4882 2255 4951 (llam.
2287 4884 2408 4958 adv.
2437 4895 2679 4958 asserem.
2700 4883 2766 4938 Β.
2803 4883 3059 4958 Ytrgment
3088 4900 3269 4942 eontra
3289 4882 3467 4958 legata
3485 4892 3660 4943 Donu-

2072 4970 2194 5005 nunt
2220 4970 2253 5022 p
2283 4955 2491 5024 perisse)
2521 4958 2696 5024 ducet,
2715 4957 2987 5010 Christum
3009 4974 3112 5010 nun
3138 4962 3295 5013 talem
3328 4955 3507 5013 natum
3536 4976 3655 5015 esse

2069 5025 2236 5096 qualis
2278 5026 2340 5077 de
2383 5038 2594 5096 utroque
2631 5044 2756 5081 sexu
2798 5030 3027 5081 nascitur
3066 5047 3155 5095 per
3200 5030 3658 5095 concupiscentiam

2070 5094 2242 5168 carnis
2272 5111 2387 5168 cum
2409 5094 2733 5168 roblignlt'utte
2759 5100 3034 5168 maledicti,
3068 5103 3219 5161 cuius
3247 5094 3413 5154 reatus
3444 5118 3625 5168 regem

2069 5165 2266 5218 ratione
2287 5166 2360 5219 dil
2400 5165 2643 5225 itur.'sed
2661 5169 2861 5234 qualem
2885 5167 2948 5221 de
2978 5168 3187 5237 Virgine
3207 5174 3344 5224 nasci
3370 5165 3654 5237 oportebat.

2068 5251 2217 5304 queat
2250 5251 2397 5291 τιθεῖς
2427 5240 2623 5298 nutris.
2650 5254 2748 5291 non
2785 5240 2943 5291 libido
2986 5251 3303 5304 δοκῶμεν-αι.

2144 5304 2167 5376 ¹ξ
2200 5306 2306 5361 Sed
2339 5319 2577 5376 poti-stas.
2605 5307 2877 5368 Flbl‘li‘Sse.
2903 5325 2992 5362 nec
3016 5321 3234 5370 potrstus
3260 5313 3485 5366 ueitutis.

2149 5374 2164 5413 ι
2230 5374 2347 5453 Ne;
2376 5380 2639 5453 exterior.
2694 5378 2931 5453 Sanctus
3002 5382 3190 5435 Petrus
3260 5383 3650 5453 ()Iiryqilomts.

2069 5446 2254 5528 (flant.
2285 5448 2377 5519 42)
2405 5453 2487 5528 αθ.
2505 5448 2716 5517 Virgine
2744 5451 2815 5502 ait
2834 5468 2860 5528 _:
2890 5449 3049 5528 Beata
3070 5467 3183 5519 qua:
3203 5446 3431 5507 divinant
3463 5458 3647 5527 pignus

2066 5521 2143 5571 sic
2171 5536 2263 5572 suo
2291 5522 2512 5586 suscepit
2557 5531 2606 5573 et
2651 5521 2866 5573 servavit
2915 5526 2969 5575 in
3006 5534 3229 5590 pectore,
3281 5534 3333 5579 ut
3380 5521 3649 5581 illuzt'tum

2067 5590 2292 5654 corporis
2320 5602 2527 5643 externa
2567 5591 2829 5643 nescirent.

2140 5670 2176 5694 ιη
2208 5657 2335 5722 Ipsa
2367 5670 2572 5713 natura.
2617 5659 2866 5717 Fortasse
2914 5663 3025 5731 ipsa
3076 5674 3276 5719 natura:
3311 5667 3519 5721 victoria
3549 5680 3643 5729 est,

2068 5745 2184 5783 nam
2216 5732 2563 5803 adversarium
2592 5732 2808 5789 hominis
2843 5744 3011 5797 partas
3035 5748 3307 5803 superat...

2147 5809 2170 5834 ι’
2200 5802 2451 5874 Quacum.
2490 5800 2659 5857 Locus
2699 5806 2987 5861 mendosus
3029 5800 3217 5862 vocum
3267 5805 3639 5874 quarumdam,

2080 5880 2135 5924 ut
2167 5873 2372 5925 vide-iur
2404 5873 2637 5927 delectu.
