4058 6178
409 359 513 415 175

1122 349 1412 407 MISSALE
1452 345 1724 402 MIXTUM
1771 342 1920 401 SEC.
1967 342 2124 398 “EG.
2169 344 2229 401 Β.
2274 344 2541 402 ISIDORI.
2580 375 2649 386 —
2692 344 2870 405 PA'BS
2909 346 2949 401 l.

2640 184 2715 193 ﬁ

3585 346 3687 405 173

409 486 650 532 nostrum
688 484 899 541 quoque
941 482 1034 523 cor
1085 464 1194 536 35.
1227 464 1261 517 d
1286 471 1484 534 gnatus
1528 460 1828 531 ingredere.
1880 455 1997 513 Tibi
2034 460 2073 513 Α
2110 457 2410 515 hominibus
2437 459 2607 515 iactus
2628 460 2695 516 de
2724 472 2934 516 secreto
2954 471 3102 517 utero
3120 461 3686 533 virginaliimmacnla-

410 564 511 619 soli
531 562 595 618 sit
619 559 857 632 pervium
881 573 896 613 :
920 556 1004 610 cui
1024 556 1124 610 soli
1145 554 1195 608 id
1218 568 1337 608 esse
1363 552 1605 621 cupimus
1627 557 1986 620 properatum.

412 654 478 712 Ut
504 669 622 708 cum
648 658 949 705 nostrarum
984 646 1244 701 mentium
1279 643 1565 713 puritatem
1592 640 1988 710 beneplacitam

411 747 503 801 tibi
531 744 626 811 ipsi
669 742 950 797 fecerimus
995 739 1223 805 :Operis
1278 735 1355 789 tui
1397 744 1579 789 custos
1624 738 1993 801 etperpetuas

410 836 673 890 habitator
699 845 819 887 esse
849 830 1105 901 digneris.
1154 829 1191 893 ti
1213 867 1227 881 .
1260 826 1453 881 Amen.

481 925 608 981 Post
631 926 838 979 nomina
872 923 1076 976 Oratio.
1112 920 1306 974 Eterne
1361 917 1452 973 Dei
1486 915 1627 970 ﬁlius
1655 931 1669 970 :
1701 914 1790 984 qui
1822 913 1993 982 virgi—

411 1038 508 1079 nee
529 1020 715 1076 matris
743 1027 949 1073 uterum
974 1019 1050 1071 sic
1081 1014 1288 1070 intraSti
1322 1029 1387 1067 ne
1433 1023 1729 1080 rumperes.
1762 1007 1839 1060 sic
1868 1020 1995 1072 ape-

411 1115 597 1169 ruisti:
648 1127 715 1166 ne
743 1111 947 1178 signata
974 1108 1082 1161 ullo
1126 1105 1283 1161 modo
1309 1104 1557 1157 violares.
1591 1099 1815 1164 Suscipe
1845 1096 1994 1149 beni-

408 1219 546 1271 gnus
575 1206 674 1256 hoc
698 1200 1018 1253 sacrificium
1044 1214 1061 1251 :
1096 1194 1234 1264 quod
1265 1193 1358 1247 tibi
1391 1193 1458 1245 ob
1496 1188 1875 1244 incarnationis
1907 1195 1995 1240 tne

410 1294 717 1347 dedieamus
773 1288 1107 1359 mysterium.
1165 1284 1428 1338 Tribuens
1484 1295 1578 1348 per
1636 1280 1736 1332 hoc
1774 1286 1830 1331 et
1859 1275 1991 1329 vitis

411 1382 587 1437 anime
628 1379 978 1445 corporisque
1009 1374 1235 1428 salutem
1270 1389 1282 1424 :
1315 1381 1366 1425 et
1398 1367 1664 1424 defunctis
1694 1378 1880 1421 eterne
1911 1379 1996 1419 re-

411 1469 699 1540 parationis
722 1466 1050 1522 felicitatem.

484 1560 805 1624 Respondeat
830 1557 1047 1611 Cltorns.
1084 1557 1277 1608 Amen.

480 1649 559 1703 Ad
588 1663 759 1716 pacem
793 1645 995 1699 Oratio.
1047 1643 1261 1697 Christe
1301 1639 1523 1694 verbum
1562 1636 1755 1691 summi
1789 1646 1993 1704 patris:

411 1738 500 1807 qui
534 1751 658 1792 caro
705 1734 874 1789 iactus
902 1747 961 1787 es
992 1750 1008 1786 :
1034 1741 1089 1785 ut
1145 1730 1412 1783 habitares
1462 1730 1515 1781 in
1544 1727 1700 1781 nobis
1728 1743 1741 1779 :
1777 1725 1998 1779 illabere

2095 560 2178 619 tus
2190 552 2425 607 emicuit.
2441 552 2732 609 Nunciatus
2748 564 2826 608 est
2840 554 3217 625 concipiendus
3232 556 3300 611 ab
3315 557 3515 626 A-ngelo
3531 575 3545 611 :
3561 573 3687 613 con-

2092 652 2277 711 ceptus
2293 641 2413 696 ﬁdei
2433 643 2716 714 singularis
2747 660 2943 699 arcano
2975 662 2989 699 :
3023 654 3075 700 et
3100 655 3255 701 natus
3283 646 3399 700 sine
3428 646 3535 701 ullo
3566 662 3682 715 pec-

2093 730 2413 801 cato.Cujus
2435 734 2530 787 fuit
2562 735 2726 789 solius
2754 734 2871 789 sine
2890 735 3232 805 corruptione
3254 751 3387 790 nova
3412 746 3465 791 et
3481 737 3681 791 inusita-

2096 832 2148 878 ta
2176 824 2493 895 conceptio:
2525 836 2578 881 et
2598 827 2713 881 sine
2742 826 2922 881 dolore
2943 828 3008 881 de
3044 836 3213 883 matre
3240 828 3443 897 virgine
3466 828 3683 882 inviola-

2098 913 2218 969 bilis
2247 914 2259 964 i
2297 916 2562 983 paritndo.
2587 916 2721 971 lluic
2749 922 2918 972 solum
2962 918 3219 984 possibile
3250 919 3345 973 fuit
3374 920 3492 976 sine
3518 922 3685 974 semi-

2097 1019 2163 1058 ne
2190 1005 2506 1061 mirabiliter
2551 1010 2761 1078 concipi
2795 1018 2887 1063 :et
2924 1008 3040 1064 sine
3083 1012 3423 1079 corruptione
3454 1010 3685 1066 feliciter

2097 1095 2263 1149 nasci.
2320 1096 2546 1164 Propter
2585 1098 2728 1166 quod
2783 1098 3010 1154 eundem
3057 1100 3389 1154 Salvatorem
3442 1108 3683 1154 nostrum

2098 1187 2426 1258 unigenitum
2482 1197 2674 1245 tuum:
2711 1198 2884 1244 tecum
2942 1206 3159 1261 semper
3206 1201 3261 1246 et
3305 1207 3424 1245 cum
3481 1192 3684 1262 Spiritu

2098 1275 2294 1332 Sancto
2344 1287 2651 1347 regnantem
2683 1294 2699 1333 :
2728 1280 2829 1332 celi
2874 1280 3114 1334 celorum
3162 1292 3214 1334 et
3253 1281 3489 1352 angelice
3534 1291 3685 1351 pote-

2098 1374 2263 1419 states
2278 1367 2393 1420 sine
2410 1370 2709 1427 cessatione
2735 1370 3056 1425 conlaudant
3079 1371 3148 1426 ita
3174 1373 3428 1429 dicentes.
3458 1375 3683 1445 Respon-

2098 1457 2213 1510 drat
2242 1456 2458 1512 Chorus.
2483 1458 2730 1513 Sanctus.
2765 1460 3011 1516 Sanctus.
3037 1462 3284 1519 Sanctus.

2177 1546 2297 1601 Post
2324 1546 2565 1602 Sanctus.
2602 1549 2739 1606 Vere
2769 1563 2985 1606 sanctus
3016 1570 3027 1605 :
3058 1569 3184 1609 vere
3233 1554 3544 1610 benedictus
3575 1557 3683 1612 Do-

2101 1637 2278 1689 m’nus
2309 1648 2493 1692 noster
2522 1638 2759 1695 Christus
2790 1638 2941 1696 Jesus
2969 1642 3111 1697 ﬁlius
3138 1653 3257 1697 tuus
3291 1661 3303 1695 :
3341 1644 3454 1712 lpse
3481 1654 3563 1699 est
3591 1646 3681 1713 qui

2106 1728 2403 1782 casritatern
2456 1731 2723 1784 contulit:
2764 1732 3083 1803 virginitatis
3113 1734 3274 1789 decus
3315 1750 3420 1789 non
3469 1735 3686 1789 abstulit

409 1794 655 1884 sensibus
698 1826 894 1879 nostris
926 1838 942 1878 :
974 1837 1078 1888 quo
1127 1836 1314 1874 omnes
1369 1820 1455 1885 qui
1491 1829 1578 1872 tne
1619 1817 2000 1871 incarnationis
2032 1794 2077 1854 Β
2109 1820 2281 1873 mairi.
2313 1818 2411 1886 Qui
2443 1830 2496 1873 et
2520 1836 2618 1889 pro
2643 1822 2793 1876 nobis
2822 1838 2884 1877 ex
2908 1824 3092 1879 eadem
3118 1825 3360 1895 dignatus
3390 1836 3469 1881 est
3498 1827 3639 1881 nasci
3667 1843 3683 1878 ;

413 1915 667 1988 mysterio
699 1927 881 1968 sumus
903 1911 1162 1979 redempti
1188 1926 1203 1964 ε
1235 1916 1488 1979 perpetne
1518 1922 1826 1962 maneamus
1856 1908 2001 1976 pacis

411 2008 666 2062 societate
684 2002 926 2058 connexi.
972 2001 1007 2069 ἡ
1028 2040 1042 2054 .
1073 2002 1264 2055 Amen.
1938 2080 1941 2081 ν

482 2093 698 2147 Inlatio.
734 2093 957 2161 Dignum
998 2098 1259 2159 ctjustum
1283 2096 1359 2142 est
1389 2103 1403 2139 :
1433 2101 1529 2141 nos
1559 2086 1649 2140 tibi
1664 2085 2001 2156 omnipotens

412 2188 569 2241 Pater
613 2186 809 2254 gratias
838 2198 1018 2255 agere.
1048 2184 1103 2238 Si
1161 2181 1493 2237 debitoribus
1523 2180 1609 2249 qui
1658 2180 1884 2235 reddere
1908 2179 2001 2234 de-

413 2281 573 2335 beant
616 2278 863 2348 dignatus
892 2276 1056 2330 fueris
1089 2288 1377 2347 prorogare
1402 2288 1493 2343 per
1514 2271 1695 2328 Jesum
1728 2270 1999 2327 Christum

412 2373 578 2427 filium
625 2379 771 2425 tuum
831 2367 1108 2423 Dominum
1163 2375 1425 2420 nostrum.
1490 2365 1652 2419 Exte
1690 2363 1799 2417 Deo
1844 2363 2000 2420 Patre

411 2462 529 2519 sine
582 2460 733 2515 initio
789 2466 970 2512 natum
1021 2473 1036 2510 :
1099 2455 1298 2526 tibique
1355 2454 1724 2509 indifferenter
1781 2472 1793 2507 :
1841 2464 2002 2523 atque

410 2547 911 2607 lindemntabiliter
958 2553 1266 2600 coeternum
1296 2558 1358 2600 ac
1410 2559 1506 2615 per
1561 2543 1741 2598 omnia
1768 2558 2001 2614 coequa-

412 2620 586 2699 lem.b
608 2642 722 2697 Non
745 2640 1032 2710 adoptione
1058 2638 1152 2694 sed
1176 2651 1372 2708 genere
1396 2651 1533 2691 :inec
1552 2636 1717 2707 gratia
1741 2634 1833 2690 sed
1857 2642 2002 2690 natu-

410 2749 489 2790 ra.
514 2733 616 2803 Qui
639 2733 692 2788 in
713 2740 866 2787 utero
888 2727 1219 2785 sanctiﬁcate
1240 2735 1426 2782 sancte
1442 2742 1502 2781 ac
1526 2726 1745 2796 virginis
1766 2727 1998 2781 clemen-

411 2840 497 2887 ter
544 2830 762 2899 illapsus
786 2844 800 2880 :
824 2835 877 2881 et
907 2825 1026 2881 sine
1061 2823 1164 2878 ulla
1217 2822 1376 2877 sorde
1431 2820 1634 2891 peccati
1663 2819 2002 2874 ineﬁ‘abiliter

412 2931 585 2977 natus.
623 2931 646 2959 ε
680 2919 799 2975 Vidi
830 2917 1088 2988 virginem
1128 2922 1227 2969 :ut
1254 2924 1474 2968 matrem
1523 2927 1582 2967 se
1638 2910 1839 2967 diceret
1864 2918 2003 2969 :‘aut

410 3015 672 3086 virginem
700 3012 791 3083 qui
824 3010 1070 3080 diligeret
1124 3006 1417 3062 dubitabat.
1451 3004 1584 3074 Quia
1615 3004 1807 3070 duplex
1842 3004 2002 3058 homo

414 3108 440 3147 ά
474 3110 527 3163 in
558 3107 780 3161 formam
813 3101 1086 3157 hominem
1133 3099 1352 3169 ligabat.
1406 3094 1701 3151 includitur
1733 3095 1869 3148 intra
1902 3095 1998 3149 bo-

413 3200 607 3254 minem
645 3197 785 3252 Deus
815 3211 829 3248 :
863 3192 949 3249 cui
998 3200 1141 3248 totus
1186 3204 1375 3260 parvus
1432 3195 1517 3242 est
1569 3186 1839 3243 mundus:
1890 3186 1998 3240 illic

414 3287 693 3344 tenebatur
732 3292 884 3339 utero
916 3281 1143 3338 matris:
1170 3291 1192 3319 ο
1226 3280 1336 3334 illic
1364 3278 1483 3333 tecti
1517 3277 1731 3348 pudoris
1762 3278 1999 3347 pulsatur

414 3378 638 3433 tumoris
661 3374 862 3431 invidia
897 3390 909 3427 :
942 3382 994 3429 et
1054 3387 1241 3428 secura
1292 3383 1371 3425 est
1420 3371 1772 3425 conscientia.
1805 3371 1999 3424 Mater-

414 3485 538 3524 num
563 3482 759 3524 nomen
809 3463 1015 3533 accepit
1052 3480 1065 3517 :
1098 3472 1152 3518 et
1184 3463 1435 3517 damnum
1488 3461 1805 3530 tirginitntis
1830 3460 1999 3514 nesci-

414 3561 509 3615 vit.
542 3560 703 3613 Maria
742 3556 866 3626 quid
922 3555 1054 3624 agis.
1114 3553 1261 3621 Elige
1308 3552 1415 3619 jnn
1452 3552 1573 3617 quid
1635 3554 1862 3605 vocer's.
1909 3552 1999 3606 Sic

414 3647 673 3704 t-astitatis
703 3656 935 3715 potestas
969 3643 1271 3699 obuntbrnri
1308 3659 1319 3693 :
1345 3656 1443 3695 nec
1467 3641 1739 3711 virginitas
1760 3643 1985 3710 aliquan-

415 3743 483 3796 do
515 3738 747 3794 mentiri.
781 3736 928 3791 Tuus
965 3743 1046 3788 est
1074 3734 1214 3789 enim
1265 3742 1445 3787 uterus
1481 3749 1496 3787 :
1528 3731 1543 3769 ί
1591 3744 1641 3786 et
1664 3732 1866 3787 alienus
1917 3742 2000 3788 est

418 3840 617 3900 partus.
643 3828 844 3882 Novum
876 3825 1106 3894 denique
1151 3824 1462 3878 miraculum
1508 3824 1609 3877 ridi
1661 3825 1711 3877 in
1760 3826 1996 3896 virgine:

421 3931 444 3966 ι
477 3931 531 3973 ιιι
557 3933 749 3973 nomen
780 3915 1096 3986 virginitatis
1115 3930 1217 3968 non
1248 3914 1518 3967 amitteret
1554 3932 1565 3967 :
1595 3929 1692 3969 nec
1722 3916 1998 3984 genitricis

422 4012 557 4065 ferre
585 4005 1119 4078 ponderadidieisset.
1157 4005 1265 4060 llec
1298 4006 1410 4058 sola
1443 4005 1797 4063 tnernitt'rrre
1829 4007 1997 4063 Deum

423 4112 539 4167 ιτομι
560 4101 729 4156 celum
756 4118 771 4157 :
794 4111 848 4155 et
870 4099 981 4154 sola
1000 4098 1195 4154 meruit
1216 4098 1363 4168 virgo
1382 4099 1605 4153 inveniri
1634 4111 1748 4169 post
1768 4111 1997 4170 partum.

422 4197 529 4250 llec
559 4196 669 4248 sola
702 4194 891 4247 meruit
919 4192 1086 4247 Deum
1112 4200 1165 4246 et
1188 4192 1455 4245 hominem
1480 4188 1537 4245 :h
1570 4192 1734 4245 Deum
1763 4192 2003 4260 imperiis

420 4288 531 4341 suis
574 4286 710 4340 l:.cte
754 4284 931 4339 uberis
959 4293 1152 4351 portat.
1186 4282 1334 4335 llnnc
1364 4281 1500 4336 diem
1536 4282 1687 4335 nobis
1720 4297 1878 4351 quem
1910 4286 2003 4339 de-

423 4381 693 4433 votissime
716 4375 1046 4430 celebremus
1075 4373 1301 4427 instituit
1330 4386 1345 4427 :
1376 4370 1391 4407 ί
1425 4382 1474 4426 et
1496 4374 1653 4425 homo
1679 4375 2004 4431 redimendis

498 4524 521 4550 ο
558 4507 1025 4593 ζιιςζεηιυιαρἱιὶιετ,
1052 4506 1719 4593 ,Ιιιιιχρειγξιηιιιιιιηὺὶιιιρν,
1765 4526 1820 4569 ut
1852 4517 1998 4575 inde-
2036 4536 2082 4593 ι)

427 4584 681 4639 mutabilis
708 4597 802 4651 pro
829 4578 1141 4651 imtntnalrli
1177 4578 1384 4651 legi'ur.

496 4656 521 4691 ι»
558 4655 675 4706 Non
712 4647 1023 4729 'adoptione.‘
1064 4648 1359 4729 Concilium
1398 4647 1751 4729 .T.ttielillllllli_
1775 4674 1823 4712 xl
1885 4663 1903 4729 (
1938 4662 1999 4718 1η

427 4726 899 4801 ρι’ίείίιιὶοηε,ῌξρε.
954 4722 985 4774 8
1014 4720 1030 4787 )
1080 4720 1314 4801 tle‘linivit
1348 4736 1358 4769 :
1389 4718 1487 4801 [ᾖξε
1514 4722 1806 4801 ctione-in
1835 4718 1995 4801 Intus,

428 4790 609 4851 itatztra
639 4805 709 4847 est
749 4793 907 4860 ﬁlius,
934 4791 1218 4866 __n_on_n_dop
1242 4790 1376 4842 iane.
1410 4792 1637 4866 Structus
1671 4790 1996 4866 llildepbmﬁ

427 4882 518 4920 t-‘ltS
549 4866 659 4936 (De
701 4859 889 4936 perprt.
934 4859 1169 4936 Virginit.
1214 4870 1405 4936 sancta:
1436 4859 1642 4936 Marica)
1676 4867 1742 4917 tle
1785 4859 1998 4928 (litt-isto

428 4939 501 4991 ait
534 4930 799 4989 {Nonert
828 4930 915 4984 ille
960 4933 1229 4994 adoptivus
1275 4931 1434 4995 ﬁlius,
1482 4933 1568 4984 sed
1612 4930 1902 5001 adoptatur,
1945 4957 1998 4998 ιιι

428 5011 497 5059 ita
521 5009 682 5059 dicam
711 5012 1022 5062 c-terorum,
1080 5002 1163 5066 qni
1211 5016 1325 5053 cum
1369 5003 1467 5053 sint
1510 5017 1761 5070 corrupta:
1809 5025 1893 5067 ηαι
1919 5033 2004 5068 ne

433 5080 548 5142 pm,
595 5086 637 5129 ρι
667 5074 800 5143 ﬁmi
832 5087 895 5133 (ι’,
944 5087 1189 5149 tunicas}
1229 5086 1589 5149 fhpttMltfﬁ'l‘t)
1621 5090 1999 5149 narrtsums,

434 5141 520 5212 per
537 5141 678 5222 quod
720 5146 977 5199 solventur
1008 5159 1068 5222 ra:
1115 5141 1507 5222 Clit'isti_gt'atiu
1541 5159 1572 5195 α
1596 5146 1789 5222 delictis
1827 5141 2004 5222 priimé

432 5218 770 5270 «irrumatiouis
802 5256 816 5277 ,
870 5224 915 5267 et
959 5214 1267 5280 adoptentur
1317 5214 1370 5264 in
1409 5213 1544 5280 ﬁlios
1594 5213 1726 5279 Dei;
1777 5213 1836 5275 αι’
1886 5241 2000 5279 νει-ο

435 5287 664 5340 Christus
708 5304 807 5339 non
856 5285 1143 5353 adoptiius,
1189 5287 1275 5336 sed
1326 5282 1561 5352 promitte
1610 5283 1700 5337 Dei
1741 5292 1898 5353 ﬁlius.
1952 5298 2003 5350 in

436 5357 749 5424 plenitudine
786 5368 1098 5424 temporum,
1147 5356 1300 5419 venit,
1348 5355 1533 5407 missus
1560 5370 1591 5407 a
1634 5354 1806 5423 Patre,
1854 5374 2004 5419 nam;

437 5443 498 5478 ea:
526 5428 875 5501 ntuliere.....,
923 5433 978 5501 et.
1006 5425 1067 5501 iri
1092 5425 1297 5501 ll_ymno
1353 5424 1607 5501 Breviarii
1642 5430 1706 5501 ad
1757 5446 2007 5501 vesperas
2074 5426 2081 5431 ’

440 5496 556 5577 l'eS'i
581 5496 1000 5549 certItthi~ittliiS
1028 5493 1261 5548 Christus
1285 5498 1492 5549 canitur
1535 5493 1680 5550 Patri
1709 5516 1809 5555 non
1840 5493 2005 5577 ddop-

440 5569 594 5627 tione,
626 5579 711 5617 sea
734 5573 1012 5617 coa'ternns
1042 5583 1240 5633 grnere.

513 5650 535 5674 τι
570 5635 701 5688 Vidi.
751 5633 997 5706 Fortasse
1024 5636 1126 5686 vidi
1151 5639 1427 5706 _virginem,
1463 5653 1578 5706 qum
1615 5655 1680 5693 an
1720 5653 1927 5700 matrem
1957 5663 2010 5701 se

440 5708 644 5767 diceret,
670 5704 1017 5775 ant-irginegn,
1039 5704 1159 5767 quid
1195 5704 1398 5775 eligeret
1428 5704 1707 5764 dubitabat.

506 5776 536 5814 ‘
567 5776 629 5830 In
660 5777 773 5846 [ort'
795 5791 892 5831 (.m.
922 5771 1189 5838 Furtassc,
1219 5771 1275 5825 iii
1301 5777 1483 5843 (omni.

2104 1917 2156 1962 et
2183 1923 2276 1975 pro
2308 1919 2485 1963 nostra
2513 1909 2798 1979 adOptione
2826 1929 2929 1967 non
2955 1900 3514 1984 abborruitsuscipere
3543 1931 3686 1970 mor-

2106 2008 2232 2052 tem.
2256 1998 2375 2067 Ipse
2408 2000 2665 2054 Dominus
2697 2017 2759 2056 ac
2780 2002 3108 2070 Redemptor
3127 2012 3368 2059 eternus.

2179 2088 2304 2159 Post
2330 2091 2515 2159 pridie.
2536 2091 2857 2147 Nuneiamns
2874 2094 3092 2147 Domine
3109 2095 3246 2162 quod
3268 2093 3534 2148 credimus
3557 2108 3686 2148 :ncc

2106 2190 2361 2235 tacemus.
2417 2181 2492 2237 Te
2543 2185 2670 2238 totis
2725 2185 3023 2239 visceribus
3069 2184 3551 2255 deprecanteszut
3594 2188 3685 2255 qui

2102 2269 2347 2339 genitrici
2376 2271 2650 2338 prestitisti
2686 2281 2741 2325 ut
2773 2284 2945 2327 mater
2986 2284 3127 2329 esset
3176 2284 3229 2328 et
3262 2276 3410 2343 virgo
3443 2290 3456 2329 :
3486 2274 3687 2327 tribuas

2106 2362 2344 2417 Ecclesie
2368 2373 2455 2418 tue
2488 2374 2543 2417 ut
2572 2365 2642 2419 sit
2663 2364 2764 2419 ﬁde
2786 2365 3089 2434 incorrupta
3120 2376 3204 2419 :et
3229 2367 3471 2421 casritate
3500 2365 3686 2421 fecun-

2104 2452 2168 2507 da
2197 2470 2210 2506 :
2236 2462 2394 2523 atque
2435 2453 2533 2508 bec
2565 2453 2815 2507 libamina
2849 2455 2918 2508 ita
2975 2466 3062 2510 tne
3110 2455 3281 2526 gratie
3307 2455 3534 2509 dulcedo
3562 2470 3686 2509 san-

2105 2544 2342 2600 ctiﬁcet:
2401 2554 2456 2599 ut
2485 2544 2818 2602 sumentibus
2861 2556 2916 2602 et
2970 2548 3197 2601 salutem
3251 2563 3580 2617 corporum:
3632 2557 3687 2602 et

2103 2634 2419 2688 delictorum
2450 2637 2657 2689 veniam
2691 2646 2952 2705 prestent.
3002 2638 3039 2705 ti)
3061 2676 3075 2690 .
3109 2640 3293 2693 Amen.

2175 2725 2256 2779 Ad
2288 2726 2579 2779 Orationem
2614 2726 2953 2782 Dominicam.
2988 2729 3155 2782 Deum
3193 2714 3346 2798 cujus
3377 2727 3685 2798 magnitudo

2102 2819 2395 2873 divinitatis
2421 2820 2536 2888 capi
2568 2834 2670 2873 non
2733 2828 2909 2889 potest
2940 2838 2954 2874 :
2987 2822 3182 2891 quique
3213 2822 3329 2876 sine
3358 2821 3518 2874 inicio
3547 2821 3685 2874 Deus

2104 2928 2344 2967 summus
2390 2926 2441 2967 et
2474 2923 2623 2982 pater
2651 2925 2771 2969 est:
2804 2915 3153 2983 deprecemur
3193 2915 3530 2971 dilectissimi
3579 2916 3687 2968 fra-

2107 3010 2215 3057 tres
2248 3019 2261 3055 :
2294 3012 2349 3056 ut
2377 3003 2515 3057 idem
2545 3014 2694 3071 pater
2720 3004 2807 3072 qui
2841 3008 2988 3059 nasci
3022 3007 3184 3059 ﬁlium
3224 3022 3381 3060 suum
3413 3006 3582 3059 voluit
3618 3020 3684 3058 ex

2112 3105 2260 3148 utero
2305 3093 2537 3165 Virginis
2569 3094 2753 3148 matris
2780 3112 2794 3149 :
2829 3095 3049 3149 mundet
3095 3110 3191 3150 nos
3241 3096 3307 3150 ab
3338 3096 3483 3150 omni
3510 3098 3685 3165 inqui-

2024 3155 2071 3220 Ο
2105 3201 2355 3241 namento
2404 3187 2583 3240 carnis
2628 3198 2682 3242 et
2727 3187 3017 3258 sanguinis.
3051 3189 3165 3256 Quo
3194 3188 3329 3242 sient
3373 3188 3549 3242 divina
3578 3189 3685 3260 35

2101 3277 2513 3333 obumbratione
2532 3282 2775 3347 concepit
2797 3280 2943 3349 virgo
2962 3288 3017 3333 ut
3035 3292 3235 3348 pareret
3266 3296 3279 3332 :
3300 3279 3366 3333 ita
3390 3294 3486 3333 nos
3508 3280 3684 3333 divina

2104 3370 2455 3438 inspiratione
2504 3370 2762 3423 accensi:
2829 3382 3150 3439 conceptum
3221 3374 3456 3441 Spiritus
3503 3372 3684 3428 Sancti

2101 3477 2255 3530 quem
2284 3461 2399 3529 ipso
2447 3460 2669 3515 Domino
2690 3460 2817 3515 Jesu
2849 3462 3059 3517 Christo
3087 3463 3309 3518 docente
3339 3465 3640 3535 accepimus
3665 3478 3682 3521 :

2102 3552 2437 3622 proferamus
2464 3554 2670 3622 publice
2701 3564 2754 3608 et
2784 3554 3042 3610 dicamus.
3077 3557 3234 3612 Pater
3255 3568 3460 3612 noster.

2171 3642 2487 3698 Benedictio.
2518 3646 2766 3699 Dominus
2796 3645 2952 3702 Jesns
2981 3649 3222 3703 Christus
3245 3668 3257 3703 :
3278 3652 3365 3718 qui
3396 3651 3448 3704 in
3480 3651 3686 3705 seculo-

2100 3749 2217 3790 rum
2249 3738 2351 3791 line
2377 3740 2637 3804 processit
2664 3753 2727 3792 ex
2759 3738 2962 3808 virgine
2991 3755 3084 3793 cor
3112 3750 3378 3795 vestrum:
3411 3742 3685 3811 virginita-

2104 3827 2169 3881 tis
2202 3829 2507 3895 incorrupte
2538 3828 2707 3881 nitorc
2724 3830 2997 3884 clarificet.
3035 3829 3105 3899 ἢ.
3140 3831 3326 3885 Amen.

2176 3922 2239 3976 Et
2268 3920 2355 3989 qui
2386 3921 2669 3975 nunciante
2692 3922 2896 3992 Angelo
2924 3922 3152 3991 Virginis
3174 3924 3446 3993 ingressus
3466 3933 3546 3979 est
3572 3931 3687 3978 ute-

2104 4031 2243 4069 rum.
2276 4012 2514 4082 ejusdem
2545 4028 2636 4067 vos
2666 4012 2899 4085 mysterii
2929 4024 2982 4068 et
3012 4014 3239 4070 instruat
3266 4024 3319 4069 et
3346 4016 3545 4069 muniat
3587 4016 3687 4072 Sa-

2103 4116 2456 4161 cratnentum.
2503 4105 2540 4172 [ἢ
2564 4145 2575 4157 .
2608 4105 2796 4160 Amen.
2821 4106 3023 4176 Quique
3054 4107 3213 4162 hodie
3237 4108 3469 4177 virginee
3490 4104 3685 4163 festum

2105 4199 2130 4235 κ
2158 4197 2521 4267 cont-optionis
2548 4198 2895 4252 devotissime
2924 4199 3237 4255 celebratis:
3260 4201 3324 4253 ad
3358 4200 3687 4255 nativitatem

2108 4293 2271 4344 trustri
2322 4289 2695 4357 Redemptoris
2745 4290 3107 4345 exultantibus
3162 4291 3355 4346 animis
3394 4301 3448 4345 et
3488 4293 3691 4346 mundo

2106 4386 2264 4437 corde
2294 4380 2629 4448 pervenistis.
2678 4380 2713 4449 ti}
2736 4422 2749 4435 .
2782 4380 2969 4435 Amen.

2190 4528 2212 4555 ο
2247 4518 2531 4590 ΙιΙίοίιρειὶ.
2558 4517 2717 4587 Lege,
2756 4520 2862 4573 illic
2888 4528 3074 4573 tectum
3104 4521 3315 4590 pudoris
3344 4521 3576 4590 pulsatur
3603 4531 3694 4576 tu-

2110 4592 2262 4645 moris
2281 4589 2495 4641 invidia.

2183 4660 2200 4697 τ
2236 4660 2298 4731 Et
2324 4659 2542 4712 alienus.
2579 4660 2847 4725 Fortasse,
2879 4676 2970 4714 nec
2998 4663 3193 4715 alienus
3223 4673 3293 4715 est
3316 4673 3514 4731 partus.

2177 4742 2199 4779 ις
2237 4730 2301 4785 Ut
2346 4746 2553 4804 nomen.
2592 4731 2747 4804 Lege,
2799 4741 2845 4784 et
2893 4749 3073 4804 nomen
3113 4730 3330 4804 Virginis
3362 4750 3461 4787 non
3492 4735 3697 4802 amisit,

2105 4817 2149 4858 et
2174 4803 2427 4870 genitricis
2454 4805 2590 4870 [rrre
2613 4803 2837 4871 pondera
2869 4802 3067 4856 didicit.

2179 4874 2204 4913 ιι
2235 4873 2396 4926 Deum
2447 4874 2689 4938 imperiis.
2742 4873 2900 4940 Lege,
2946 4873 3056 4927 lucc
3079 4874 3189 4925 solt
3220 4877 3399 4927 meruit
3453 4874 3621 4928 Deum
3648 4888 3706 4931 et

2107 4946 2358 5015 hominem
2379 4942 2641 5015 subditum
2681 4943 2905 5015 imperiis
2927 4945 3034 4996 s-tis
3058 4944 3189 4997 lacte
3220 4945 3383 4998 uberis
3409 4954 3618 5015 potare.

2180 5015 2195 5053 ί
2235 5013 2300 5067 Et
2332 5014 2503 5065 humo.
2546 5012 2682 5081 Lege
2714 5031 2726 5064 :
2753 5011 2913 5066 Hunc
2954 5015 3085 5067 diem
3141 5016 3305 5079 nobis,
3349 5011 3498 5084 quem
3541 5017 3711 5069 dum.

2082 5088 2292 5139 "tissime
2329 5084 2669 5146 celebremus,
2722 5085 2969 5151 instituit,
3023 5086 3108 5153 qui
3147 5085 3318 5147 homo,
3372 5088 3706 5143 redimendis

2107 5155 2413 5227 hominibus,
2456 5154 2620 5227 [actus
2652 5156 2714 5206 de
2742 5164 2931 5208 secreto
2977 5155 3107 5209 uteri
3136 5156 3402 5227 virginalis
3433 5158 3718 5211 inimum—

2108 5231 2241 5281 latns
2281 5225 2506 5277 emicuit.

2181 5297 2194 5346 i
2232 5294 2500 5348 Paritndo.
2538 5292 2647 5347 Vox
2680 5294 2939 5348 Plautina.

2181 5365 2205 5403 ιι
2227 5364 2598 5438 Cinceptionis,
2625 5365 2893 5428 nitniruzn,
2927 5380 3028 5437 qua
3055 5366 3208 5421 beata
3240 5367 3401 5438 Virgo
3417 5369 3717 5428 Christum

2110 5437 2373 5511 concepit.
2427 5435 2697 5511 ‘Tradont
2742 5435 2984 5492 sanctum
3042 5435 3464 5507 Hildepltonsum
3539 5440 3718 5511 dum,

2115 5507 2270 5576 bnjus
2320 5503 2619 5558 festivitatis
2650 5506 2735 5560 die
2764 5520 3071 5562 reenrrente
3094 5551 3108 5575 ,
3169 5503 3354 5577 noctu,
3389 5516 3437 5563 in
3472 5503 3720 5570 basilic.i

2110 5578 2389 5638 Toletana,
2419 5585 2615 5648 oraret,
2642 5590 2672 5648 a
2704 5577 2854 5648 beata
2894 5578 3105 5648 Virgine
3134 5591 3333 5634 vestem
3371 5582 3509 5635 illam
3536 5597 3727 5641 acce-

2113 5653 2255 5717 pisse
2280 5686 2295 5711 ,
2330 5660 2439 5724 qua
2460 5645 2510 5698 in
2543 5647 2706 5699 sneris
2735 5645 3169 5724 solemnitatibus
3210 5660 3388 5724 postea
3425 5665 3549 5724 usus
3582 5668 3721 5724 est,

2113 5715 2338 5788 eantque
2393 5716 2460 5769 ob
2508 5730 2752 5782 causam,
2810 5727 2944 5788 teste
2991 5715 3219 5788 Loaisa,
3264 5721 3378 5775 lucc
3428 5715 3729 5784 festivitas

2119 5786 2301 5858 majori
2342 5800 2460 5841 cum
2493 5788 2827 5845 solemnitate
2857 5787 3027 5844 'l‘oleti
3058 5786 3321 5847 celebrari
3352 5806 3588 5848 consuev
3617 5804 3669 5851 ι.
