4058 6178
389 270 497 328 17⁸1

1130 274 1424 332 MISSALE
1463 274 1731 332 MIXTUM
1771 275 1917 332 SEC.
1961 275 2122 332 “EG.
2169 278 2227 331 Β.
2271 275 2545 333 lSlDORI.
2592 302 2659 312 --—
2703 271 2886 327 PARS
2929 271 2965 327 1.

3590 271 3682 330 I78

465 386 567 441 Per
598 385 1021 444 misericordiam
1052 389 1216 459 ipsius
1238 388 1330 443 Dei
1363 391 1529 444 nostri
1558 389 1646 458 qui
1679 401 1761 443 est
1809 391 1974 445 bene-
2009 393 2050 450 Α
2081 389 2218 443 rium
2242 388 2381 458 quod
2413 385 2779 442 absconditum
2821 387 2916 441 fuit
2954 401 2981 438 a
3018 385 3216 440 serulis
3239 395 3293 441 et
3332 386 3684 455 generationi-

392 476 567 531 dictos
606 487 659 531 et
702 478 834 534 vivit
873 488 926 533 et
957 481 1137 535 omnia
1178 481 1315 550 regit
1354 480 1406 534 in
1449 481 1622 534 secula
1659 482 1984 536 seculorum.

396 565 661 619 Dominus
688 565 759 620 sit
787 581 1005 637 semper
1033 570 1329 623 vobiscum.
1377 569 1448 637 ri}.
1481 570 1543 622 Et
1568 582 1707 622 cum.

469 653 573 707 Hic
600 655 742 708 dirat
764 655 984 711 Chorus.
1017 657 1259 713 Gustate.

468 743 592 799 Post
616 746 942 804 Communia.
966 749 1163 803 Oratio.
1193 748 1400 803 Gratias
1430 748 1519 801 tibi
1545 748 1745 816 agimus
1771 748 1993 803 Domine

392 833 534 889 Deus
557 854 569 889 :
597 846 651 891 et
672 848 723 892 te
742 838 909 893 Deum
931 839 1293 893 benedicitnus
1310 838 1376 892 de
1397 837 1561 892 die-in
1584 838 1757 893 diem:
1781 838 1868 907 qui
1897 853 2005 893 nos.

396 936 495 977 nac
516 924 602 978 die
630 935 813 980 sancte
842 927 1178 981 solennitatis
1203 936 1292 981 tne
1324 929 1613 994 perducere
1642 927 1884 995 dignatus
1910 941 1990 993 es,

394 1014 479 1068 iac
506 1029 602 1069 nos
632 1016 773 1070 diem
815 1018 975 1073 istum
1022 1019 1451 1073 annunciationis
1495 1034 1587 1086 per
1618 1020 1783 1073 multa
1823 1019 1993 1073 curri-

394 1107 515 1161 cula
540 1121 803 1162 annorum
828 1113 879 1163 in
912 1124 1044 1179 pace
1067 1120 1119 1165 et
1151 1110 1538 1179 tranquillitate
1559 1112 1832 1179 suscipere
1870 1126 1995 1166 cum

395 1198 542 1251 ﬁdeli
572 1198 769 1267 populo
793 1212 903 1253 tuo.
942 1201 977 1266 ἢ
1000 1240 1012 1252 .
1042 1202 1235 1255 Amen.

468 1287 571 1341 Per
599 1288 1019 1344 misericordiam
1050 1299 1192 1345 tuam
1227 1292 1365 1346 Deus
1398 1300 1581 1347 noster
1616 1292 1712 1362 qui
1738 1306 1796 1348 es
1821 1292 1985 1348 bene-

395 1379 571 1434 dictus
593 1396 608 1435 :
634 1391 689 1436 et
720 1382 854 1437 vivis
893 1392 949 1438 et
975 1383 1151 1437 omnia
1186 1384 1325 1454 regis
1356 1386 1405 1438 in
1441 1386 1621 1440 secula
1662 1385 1988 1441 seculorum.

409 1472 451 1539 ἢ
473 1512 487 1525 .
511 1473 703 1527 Amen.
732 1474 987 1528 DOminus
1017 1476 1086 1529 sit
1105 1490 1321 1544 semper
1348 1475 1637 1530 vobiscum.
1660 1476 1697 1544 ἡ
1719 1516 1733 1529 .
1761 1476 1821 1530 Ει
1844 1492 1987 1539 cum.

474 1561 728 1618 Solennia
764 1566 1032 1633 completa
1064 1576 1192 1621 sunt
1234 1567 1289 1621 in
1324 1568 1537 1622 nomine
1566 1567 1778 1622 Domini
1822 1569 1988 1624 nostri

396 1652 521 1707 Iesu
548 1653 769 1707 Christi.
796 1653 991 1711 Votum
1025 1663 1264 1711 nostrum
1291 1657 1359 1711 sit
1380 1666 1654 1726 acceptum
1683 1673 1802 1713 cum
1837 1673 1985 1729 pace.

411 1747 454 1812 ἡ
475 1785 489 1799 .
522 1745 632 1801 Deo
664 1748 886 1815 gratias.

551 1843 616 1898 IN
668 1845 781 1899 DIE
828 1854 855 1881 ι
901 1845 1145 1901 SANCTI
1187 1846 1421 1901 TIIOME
1470 1847 1820 1903 APOSTULI.

868 1925 948 1977 Ad
977 1924 1215 1980 Missam.
1244 1925 1400 1996 Ofﬁci
1412 1944 1515 1982 um.

468 2011 705 2066 Gloriam
731 2019 786 2066 et
811 2027 1060 2083 magnum
1083 2012 1357 2071 decorem.
1386 2014 1604 2085 Iiequirc
1632 2018 1685 2071 in
1707 2018 1869 2072 sancti
1896 2016 1992 2073 Sa-

397 2104 610 2157 turnini.
652 2103 751 2172 fol.
776 2102 867 2158 95.

475 2195 677 2248 Oratio.
735 2194 918 2250 Gloria
979 2205 1160 2251 nostra
1218 2195 1361 2252 Deus
1413 2204 1616 2254 noster.
1674 2196 1893 2269 chuirc
1940 2198 1992 2252 in

396 2287 577 2340 eodem
596 2291 748 2355 festo.

471 2377 776 2446 Prophetia.
802 2377 982 2433 Justus
999 2379 1041 2433 si
1066 2387 1237 2435 morte
1256 2389 1661 2451 preoccupatus.
1692 2382 1913 2452 Requirc
1938 2383 1992 2437 in

400 2470 580 2525 Sancti
606 2470 895 2524 Clementis.
929 2473 1024 2541 fol.
1055 2471 1146 2526 20.

476 2562 623 2615 Dicat
650 2560 841 2615 Presb.»
864 2561 1117 2617 Dominus
1155 2563 1225 2617 sit
1250 2577 1462 2634 semper
1483 2565 1774 2620 vobiscum.

472 2655 672 2709 Chorus
719 2654 791 2722 ἡ.
823 2663 873 2708 et
897 2664 1083 2708 cantet.
1139 2653 1168 2691 ι’
1217 2654 1519 2711 Psallendo.
1562 2657 1788 2712 Posoisti
1834 2672 1994 2727 super

401 2757 565 2817 caput
602 2748 723 2816 ejus
748 2762 1000 2802 coronam
1030 2748 1098 2803 de
1126 2748 1301 2819 lapide
1350 2752 1610 2819 precioso.
1650 2763 1670 2789 ε
1718 2752 1791 2819 ᾗ.
1821 2751 1994 2821 Super

400 2843 644 2897 salutate
665 2851 813 2895 tuutn
848 2842 1070 2897 Domine
1090 2842 1349 2897 exultabit
1377 2844 1737 2899 vehementer.
1775 2845 1995 2901 Deside-

401 2932 542 2986 rium
570 2932 748 2989 anime
787 2932 905 3002 ejus
935 2933 1159 2987 tribuisti
1205 2934 1291 2987 ei:
1330 2942 1384 2987 et
1412 2934 1688 2990 voluntate
1734 2935 1994 2991 labiorutn

403 3023 521 3094 ejus
561 3040 663 3078 non
707 3023 961 3079 fraudasti
1001 3040 1145 3079 eum.
1183 3024 1247 3082 P.
1270 3025 1533 3079 Coronam
1571 3026 1638 3081 de
1672 3027 1845 3096 lapide
1876 3042 1997 3099 pre-

404 3117 570 3171 tioso.
604 3114 753 3169 Dicat
784 3114 963 3170 Presb.
994 3116 1272 3172 Silentium
1297 3115 1475 3172 facile.

504 3234 783 3304 Sequentia
812 3230 1465 3374 cpistole(l;a&lzip:170\s.toli
1498 3234 1567 3288 ad
1588 3232 1903 3289 Cellossens.

477 3394 695 3450 Fratres
722 3393 929 3464 gaudeo
956 3395 1007 3448 in
1041 3395 1378 3462 passionibus
1407 3410 1506 3463 pro
1540 3396 1718 3455 vobis:
1743 3408 1797 3453 et
1825 3398 1995 3455 adim-

409 3488 531 3559 pleo
558 3501 619 3542 ea
649 3502 755 3555 que
775 3486 969 3540 desunt
1002 3487 1315 3555 passionum
1362 3484 1557 3541 Christi
1589 3487 1641 3543 in
1672 3504 1833 3546 carne
1872 3506 1991 3547 mea

409 3595 505 3647 pro
533 3592 760 3646 corpore
789 3576 906 3646 ejus
931 3576 1072 3645 quod
1098 3586 1178 3630 est
1203 3576 1454 3631 Ecclesia.
1487 3576 1648 3647 Cujus
1679 3579 1849 3636 factus
1877 3597 1996 3638 sum

411 3689 510 3743 ego
549 3670 837 3725 minister:
876 3668 1181 3725 Secundum
1214 3668 1665 3738 dispensationem
1712 3672 1807 3727 Dei
1849 3690 1863 3726 :
1897 3690 2000 3744 que

411 3766 529 3821 data
555 3775 641 3823 est
671 3764 800 3820 mihi
829 3766 881 3817 in
914 3777 1041 3818 vos:
1070 3773 1122 3815 ut
1155 3761 1401 3832 impleam
1432 3762 1652 3817 verbum
1679 3764 1772 3820 Dei
1802 3778 2001 3839 myste-

486 3915 510 3941 °
563 3904 876 3960 Solemnitas
928 3901 1088 3957 sancti
1141 3900 1356 3955 Thomas
1397 3904 1625 3969 apostoli
1677 3916 1801 3962 ante
1844 3909 2003 3967 linem

414 3992 539 4034 mae
607 3976 927 4029 Christianas
1004 3973 1184 4026 saeculi
1233 3988 1304 4037 tv,
1360 3973 1410 4026 in
1464 3974 1721 4031 Ecclesiis
1775 3979 2009 4036 Orientis

416 4048 617 4119 passim
670 4044 1176 4166 frerjuentahaturé
1207 4042 1361 4096 llam.
1409 4043 1509 4108 36,
1542 4047 1675 4100 inter
1728 4063 1883 4116 Opera
1944 4051 2006 4108 S.

417 4117 772 4166 (thrasostomi
812 4122 936 4166 tam.
976 4112 1099 4166 νιι.
1181 4114 1352 4166 desse:
1395 4114 1448 4166 in
1480 4114 1719 4166 Osroena
1773 4122 2006 4166 snatimn

417 4112 772 4187 Cltrysostomi
812 4122 936 4187 tam.
973 4112 1099 4187 ιιι).
1134 4112 1352 4187 Edessa:
1395 4114 1448 4167 in
1472 4114 1719 4187 _eroena
1758 4112 2006 4187 'spatios'a

418 4182 587 4244 sancti
614 4186 841 4257 Thema:
868 4182 1114 4248 basilica,
1147 4184 1443 4257 imperante
1469 4184 1655 4254 Magno
1679 4182 2010 4257 Theodosio,

418 4261 663 4315 dedicata
696 4265 799 4328 est,
834 4256 1089 4328 inquam,
1123 4269 1213 4306 an.
1255 4254 1773 4328 7:94,_s_acrutn_ejus
1811 4254 2008 4328 corpus

417 4332 509 4385 die
550 4328 623 4380 ξιξ).
683 4324 1162 4398 Attgttsti_il[atttttt
1217 4332 1299 4377 est
1333 4323 1565 4398 (Chron.
1610 4323 1817 4398 Edam,
1871 4323 2009 4398 apud

419 4403 784 4458 Assemannm,
818 4394 955 4447 Bibl.
993 4393 1191 4466 Qt'ient.
1225 4404 1344 4446 tant.
1374 4393 1433 4466 VI,
1463 4412 1584 4466 pag.
1630 4395 1768 4464 399;
1807 4393 2008 4455 Socra-

420 4483 517 4537 tes,
552 4471 645 4522 tib.
698 4483 770 4529 tv,
794 4482 840 4518 c.
874 4467 963 4530 18;
998 4464 1335 4538 Sozomenus,
1362 4465 1453 4538 lib.
1481 4464 1556 4531 vt,
1584 4483 1632 4538 ρ.
1668 4469 1782 4538 1ί8).
1831 4471 2011 4527 Mense

418 4534 600 4595 autem
632 4538 790 4599 Julii,
829 4546 883 4589 ut
911 4534 1097 4589 scribit
1128 4544 1345 4606 sanctus
1375 4536 1663 4606 Gregorius
1685 4534 2014 4595 Turonensis

420 4612 522 4680 (De
544 4610 699 4664 ϐίον.
731 4615 971 4680 marty_r.,
1009 4621 1123 4680 cap.
1155 4603 1242 4666 51,
1277 4604 1365 4680 lib.
1399 4603 1816 4680 t),:solemnitas
1844 4614 2011 4666 sancti

419 4676 647 4736 Thomas
682 4695 776 4747 per
806 4678 1003 4750 inultos
1028 4676 1172 4750 dies
1192 4676 1448 4750 agebatur
1482 4677 1719 4750 Edessa),
1753 4681 1818 4735 ad
1850 4698 2010 4750 quam

420 4744 1353 4820 undiquecontinebant'lidehutn
1392 4758 1470 4820 et”
1498 4748 1774 4820 gentilium
1822 4744 2008 4806 turbat.

418 4824 527 4878 Sed
579 4816 877 4887 antequam
935 4819 1112 4881 ampla
1152 4816 1285 4887 haec
1342 4816 1558 4887 basilica
1612 4819 2010 4886 aedificaretur,

415 4897 592 4949 stabat
632 4884 849 4945 Edessa:
878 4888 978 4941 alia
1011 4884 1254 4959 qutedam
1299 4885 1468 4939 sancti
1492 4887 1713 4943 Thomas
1754 4884 2011 4959 Ecclesia,

417 4965 492 5017 ad
522 4964 679 5029 cujus
704 4962 844 5015 fores
888 4968 1104 5029 sanctus
1136 4957 1367 5029 Ephrem
1402 4959 1747 5029 paralyticunt
1799 4957 2014 5017 Sanitati

418 5026 686 5089 resumit.
710 5031 888 5097 Siqua
913 5028 1046 5082 tides
1068 5036 1152 5100 est
1172 5026 1321 5100 _Vit_:e
1343 5026 1584 5100 ejusdem
1615 5032 1783 5084 sancti
1818 5032 2011 5100 levitm,

415 5105 570 5168 apud
626 5096 1040 5170 Assemanumkl
1064 5096 1199 5150 Bibl.
1232 5098 1430 5153 Oriettt.
1472 5108 1511 5152 t.
1548 5097 1600 5166 Ι,
1633 5119 1683 5170 ρ.
1729 5102 1844 5167 49),
1888 5096 2016 5157 τειίὲ

415 5177 678 5244 quiarunt
735 5175 907 5244 sancti»
940 5168 1219 5244 _':l‘ltontz_t_3_.
1271 5184 1388 5244 qua:
1445 5174 1549 5224 late
1599 5168 2014 5244 per_0r_ientem

414 5236 635 5315 s'parsue
687 5252 838 5297 erant
891 5238 1088 5315 (Haut.
1144 5236 1250 5301 5‘5,
1308 5240 1441 5294 inter
1489 5236 1632 5305 oper.
1685 5242 1745 5295 S.
1785 5241 2013 5315 ϐίω-ψη

412 5308 557 5371 ιὸιη,
594 5314 705 5383 γι),
764 5313 1006 5381 qua-dam
1039 5308 1353 5383 .l'ragtnenta
1406 5324 1621 5383 saueius
1687 5308 2017 5368 Gaudentius

416 5378 729 5442 BrixienSis
760 5378 1135 5452 episcomts’in
1164 5380 1505 5452 (lt-citlcntem
1558 5382 1765 5450 detulit,
1814 5385 2014 5452 primus

413 5461 662 5513 fortasse
696 5454 781 5523 (S.
799 5449 1265 5524 Gaudentium-Tr,
1290 5452 1350 5503 de
1368 5452 1529 5505 dedis.
1557 5454 1727 5519 basil.,
1753 5449 1868 5524 pst—g.
1890 5452 2012 5519 554,

417 5528 579 5582 Edit.
614 5525 947 5590 Brin'ensis).
997 5522 1410 5593 Exindecu'tus
1439 5524 1678 5591 ejusdem
1704 5522 1931 5593 apOStoli
1963 5524 2016 5579 in

411 5600 581 5656 Italia
631 5597 760 5649 etin
814 5594 1021 5661 reliquo
1069 5591 1359 5664 Occidente
1408 5595 1686 5664 propagari
1740 5591 1925 5663 coepit.
1960 5595 2014 5649 ln

412 5676 646 5725 vetusto
681 5666 1024 5724 Lcctionario
1056 5661 1537 5719 Atuhrosiano'ent.
1571 5661 1867 5733 Thornasii,
1898 5678 2015 5736 poet

2096 481 2217 535 bus.
2258 479 2409 534 Nunc
2437 489 2611 534 autent
2641 480 2983 534 manifestum
3024 486 3109 531 est
3141 476 3351 532 Sanctis
3375 477 3524 546 ejus:
3573 477 3688 547 qui-

2100 572 2195 625 bus
2244 570 2411 625 voluit
2446 571 2583 623 Deus
2632 577 2787 623 notas
2820 571 2994 622 lacere
3039 565 3251 620 divitias
3297 566 3465 636 glorie
3494 566 3686 620 Sacra-

2096 665 2260 718 menti
2293 663 2449 733 hujus
2476 664 2528 716 in
2574 662 2847 732 gentibus:
2881 660 3020 730 quo]
3054 668 3137 713 est
3165 656 3406 713 Christus
3448 658 3500 713 in
3532 658 3685 713 vobis
3774 642 3775 645 Ἴ

2096 770 2218 820 Spes
2246 755 2411 825 glorie
2440 770 2596 822 quem
2623 767 2718 806 nos
2742 752 3148 805 atlnunciamus.
3172 748 3538 820 Corripientes
3568 766 3687 804 ont-

2098 860 2217 899 ncm
2256 846 2525 898 hominem
2556 855 2607 896 ct
2637 842 2889 897 docentes
2922 844 2972 894 in
3004 841 3150 896 omni
3180 842 3477 911 sapientia:
3513 851 3568 894 ut
3594 856 3689 896 ex-

2101 935 2374 987 hibeamus
2394 949 2602 987 omnem
2632 932 2895 986 hominem
2913 929 3207 999 perlectum
3235 931 3286 984 in
3300 927 3512 985 Christo
3529 929 3687 984 Jesu:

2096 1026 2151 1081 In
2198 1040 2302 1094 quo
2354 1034 2408 1079 et
2458 1024 2646 1079 laboro
2687 1023 2941 1078 certando
2988 1020 3277 1076 secundem
3320 1021 3684 1090 operationem

2095 1120 2211 1190 ejus
2238 1134 2394 1188 quam
2426 1127 2675 1186 operatur
2704 1117 2754 1170 in
2786 1132 2871 1170 me
2898 1116 2948 1169 in
2973 1115 3183 1169 virtute.
3218 1123 3242 1152 ο
3269 1113 3366 1168 Coi
3396 1122 3479 1168 est
3518 1113 3690 1167 honor

2095 1223 2151 1271 et
2175 1215 2348 1284 gloria
2381 1214 2434 1270 in
2457 1212 2634 1267 secula
2665 1210 2985 1265 seculorem.
3034 1209 3070 1279 ἡ
3091 1246 3109 1264 .
3140 1213 3331 1263 Amen.

2094 1354 2265 1407 Lectio
2288 1350 2450 1404 sancti
2467 1346 2732 1416 Evangelii
2748 1344 3023 1399 secundum
3035 1343 3289 1398 Joannem
3311 1338 3358 1411 (ί
3382 1338 3511 1409 Cap.
3535 1337 3686 1407 XX).

2163 1445 2259 1500 illo
2290 1445 2341 1497 in
2370 1452 2614 1511 tempore
2645 1440 2879 1493 Thomas
2902 1452 3037 1492 unus
3066 1453 3128 1490 ex
3153 1434 3433 1490 duodecim
3475 1429 3565 1501 qui
3606 1431 3688 1485 di-

2094 1533 2228 1588 citur
2250 1532 2489 1587 Didimus
2511 1544 2613 1583 non
2635 1536 2880 1595 eratcum
2902 1528 2979 1580 eis
3003 1527 3213 1595 quando
3238 1526 3382 1579 venit
3401 1523 3578 1579 Iesus.
3599 1522 3688 1575 lti-

2094 1636 2286 1681 xerunt
2316 1625 2362 1680 ei
2386 1622 2473 1677 alii
2501 1620 2745 1688 discipuli
2773 1636 2786 1672 :
2813 1617 3037 1672 vidimus
3061 1619 3363 1670 Dominum.
3390 1616 3485 1671 Ille
3506 1622 3685 1668 autem

2029 1738 2074 1797 Β
2104 1718 2235 1770 dixit
2263 1718 2341 1770 eis
2366 1733 2377 1767 :
2406 1714 2508 1768 nisi
2529 1712 2715 1767 videro
2743 1711 2794 1764 in
2828 1709 3073 1764 manibus
3100 1706 3219 1778 ejus
3250 1707 3471 1760 ﬁxuram
3500 1706 3685 1757 clavo-

2093 1826 2245 1869 rum:
2276 1820 2329 1865 et
2358 1809 2561 1863 mittam
2596 1806 2818 1876 digitum
2864 1818 3039 1858 meum
3073 1804 3124 1855 in
3161 1802 3334 1854 locum
3375 1800 3680 1854 clavorum:

2091 1913 2148 1958 et
2172 1903 2377 1957 mittam
2411 1914 2624 1957 manum
2648 1912 2822 1953 meam
2849 1897 2903 1952 in
2934 1897 3070 1949 latus
3106 1894 3251 1962 ejus:
3296 1907 3401 1945 non
3440 1892 3681 1946 credam.

2094 1994 2162 2049 Et
2189 2001 2308 2061 post
2332 1992 2447 2047 dies
2477 1999 2599 2046 octo
2641 1990 2832 2045 iterum
2863 1995 3018 2041 erant
3057 1983 3320 2050 discipuli
3339 1983 3455 2052 ejus
3487 1983 3634 2036 intus
3666 1998 3683 2035 τ

2093 2095 2149 2141 et
2176 2085 2411 2139 Thomas
2442 2096 2561 2135 cum
2592 2080 2692 2136 eis.
2726 2079 2882 2134 Venit
2906 2076 3059 2132 Je-us
3085 2074 3271 2145 januis
3289 2074 3480 2127 clausis
3507 2083 3558 2126 et
3579 2082 3690 2124 ste-

2098 2176 2160 2229 tit
2202 2176 2254 2227 in
2300 2172 2505 2227 medio:
2542 2178 2596 2226 et
2629 2170 2762 2223 dixit
2808 2168 2907 2222 eis.
2942 2166 3047 2220 Pax
3099 2158 3277 2217 vobis.
3310 2162 3513 2217 Deinde
3560 2161 3689 2214 dicit

2092 2265 2340 2320 Thome:
2388 2262 2525 2318 infer
2561 2261 2785 2331 digitum
2828 2270 2972 2313 tuum
3034 2259 3170 2313 huc:
3219 2266 3275 2312 et
3326 2255 3449 2311 vide
3502 2268 3691 2308 manus

2095 2372 2274 2413 meas:
2301 2364 2356 2413 et
2376 2355 2507 2411 all‘er
2535 2370 2748 2409 manum
2781 2362 2922 2408 tuam
2950 2369 2963 2404 :
3013 2360 3067 2406 ct
3094 2353 3243 2405 mitte
3263 2349 3317 2404 in
3346 2348 3481 2404 latus
3514 2362 3688 2403 meum

2095 2459 2149 2503 et
2178 2449 2285 2503 noli
2314 2462 2435 2503 esse
2462 2446 2796 2501 incredulus:
2848 2444 2940 2497 sed
2975 2442 3168 2497 ﬁdelis.
3204 2439 3501 2509 Respondit
3541 2439 3687 2492 Tho-

2096 2553 2242 2593 mas:
2285 2547 2341 2592 et
2385 2538 2551 2591 dixit:
2595 2535 2846 2590 Dominus
2900 2548 3048 2589 meus
3074 2541 3128 2588 et
3159 2533 3298 2587 Deus
3331 2545 3502 2584 meus.
3547 2529 3689 2583 Dixit

2095 2630 2144 2684 ei
2172 2628 2325 2685 Jesus
2353 2644 2367 2682 :
2395 2630 2516 2697 quia
2546 2626 2720 2681 vidisti
2751 2641 2836 2680 me
2869 2623 3072 2678 Thoma
3100 2622 3390 2677 credidisti.
3423 2622 3565 2675 Beati
3596 2621 3686 2688 qui

2096 2735 2204 2774 non
2236 2719 2518 2774 viderunt:
2550 2727 2602 2772 et
2628 2716 2987 2771 crediderunt.
3028 2714 3065 2783 ἡ
3087 2753 3100 2767 .
3137 2714 3327 2767 Antea.

2172 2842 2199 2881 s
2225 2832 2426 2887 Lauda.
2455 2831 2698 2887 AHeluia.
2748 2830 2779 2897 ᾖ
2804 2868 2819 2884 .
2846 2828 3121 2897 Loquebar
3148 2827 3215 2881 de
3242 2826 3562 2882 testimoniis
3587 2831 3693 2883 tuis

2100 2924 2154 2980 in
2176 2932 2464 2992 conspectu
2490 2922 2688 2991 Regum
2719 2929 2772 2974 et
2801 2934 2905 2973 non
2931 2915 3315 2972 conftwdebar.
3353 2917 3414 2970 Ρ.
3441 2915 3688 2971 Alleluia.

2172 3033 2196 3072 ιι
2239 3034 2583 3103 Sacri/icium.
2635 3030 2876 3107 Folgebit
2922 3029 3123 3085 Justus.
3192 3028 3409 3099 Require
3456 3037 3591 3083 retro
3639 3026 3707 3080 in.

2022 3093 2070 3157 ο
2101 3128 2279 3184 Sancti
2300 3093 2572 3182 Clementis
2599 3123 2694 3194 fol.
2725 3093 2816 3177 ἐι.

2172 3221 2355 3274 Missa.
2387 3216 2468 3273 Ad
2511 3216 2674 3270 Deum
2727 3214 2917 3268 fratres
2959 3213 3255 3268 charissimi
3281 3226 3440 3280 puras
3485 3221 3708 3265 mentes:

2098 3317 2318 3386 erigite:
2359 3313 2584 3383 ejusque
2635 3314 2879 3380 pietatem
2923 3309 3234 3378 suppliciter
3265 3308 3585 3377 implorato:
3630 3317 3690 3360 ut

2096 3408 2184 3479 qui
2212 3421 2304 3476 per
2331 3402 2556 3473 primum
2580 3416 2689 3456 nos
2703 3399 2928 3455 redemit
2951 3400 3237 3452 adventum
3255 3411 3284 3450 a
3308 3397 3424 3449 labe
3448 3395 3650 3462 peccati
3674 3421 3690 3457 ε

2098 3499 2214 3566 ipse
2245 3509 2342 3549 nos
2378 3494 2454 3547 sic
2484 3494 2666 3547 in.evo
2692 3490 2888 3559 degere
2917 3486 3076 3544 faciat
3100 3504 3113 3540 :
3163 3495 3222 3540 ut
3249 3485 3302 3539 in
3330 3484 3564 3538 secundo
3588 3482 3692 3535 ad-

2105 3589 2322 3645 veniens
2346 3588 2400 3643 in
2420 3584 2681 3656 Sapernis
2702 3582 3039 3638 coronandos
3067 3580 3297 3634 attollat.
3314 3579 3509 3646 Sicque
3529 3584 3699 3644 patro-

2103 3682 2317 3735 cinante
2362 3676 2515 3733 nobis
2558 3676 2667 3747 36
2700 3673 2955 3742 suﬂ'ragio
2996 3669 3289 3726 beatissimi
3330 3668 3566 3735 Apostoli
3608 3666 3691 3719 sui

2110 3771 2128 3810 ί
2160 3770 2348 3826 Diditni
2376 3786 2388 3822 :
2414 3777 2469 3823 et
2505 3766 2591 3821 hic
2624 3781 2715 3835 per
2744 3766 2861 3834 ejus
2902 3763 3144 3834 exempla
3188 3761 3346 3817 vitam
3393 3760 3691 3815 ducentes:

2115 3912 2293 3965 natale
2318 3919 2608 3963 sanctorum
2648 3907 2796 3964 Petri
2832 3920 2877 3963 et
2909 3908 3064 3964 Pauli
3084 3906 3511 3979 consequitnrin
3538 3904 3701 3979 sancti

2117 3981 2324 4036 Thamar
2373 3981 2626 4049 apostoli;
2658 3980 2885 4034 lortasse
2934 3981 3022 4034 die
3059 3980 3092 4032 5
3120 3979 3244 4033 Julii
3270 3972 3545 4049 'lestivitas
3581 3972 3697 4042 ejus

2113 4046 2699 4121 celcltraltatttr,_qua,_
2750 4058 2812 4121 ut.
2859 4049 3246 4121 animadvertit
3292 4046 3522 4114 (Ιένὶει.)
3572 4058 3695 4121 ven.

2116 4116 2456 4180 'l‘hotnasius,
2513 4114 2902 4172 Translationis
2932 4119 3103 4171 sancti
3133 4120 3355 4170 'l‘honta:
3386 4121 3443 4168 tit
3472 4114 3697 4168 mentio.

2111 4191 2247 4246 Sero
2280 4189 2539 4243 foStivitas
2568 4186 2735 4240 sancti
2784 4186 3007 4241 Thomze
3033 4198 3247 4254 recepta
3296 4196 3381 4239 est
3420 4185 3624 4254 Roma),
3652 4184 3700 4237 si

2113 4262 2360 4316 sandum
2391 4260 2459 4312 sit
2489 4256 2702 4311 silentio
2730 4255 3034 4311 Kalendarii
3072 4253 3700 4321 Frontonis,et.t;apitu-

2116 4332 2233 4386 larii
2288 4329 2696 4399 Evangeliorum
2724 4328 3021 4399 Thomasii.
3059 4327 3135 4381 De
3174 4326 3362 4399 eadem
3407 4321 3699 4399 festivitate

2116 4410 2297 4457 tacent
2365 4394 2578 4453 Missale
2640 4394 3147 4464 Gallo-Gothicum,
3209 4394 3698 4452 Sacramentarium

2115 4471 2429 4536 Bobianutn,
2484 4468 2852 4523 Lectionarius
2882 4468 3253 4531 Luxoviensis,
3288 4476 3343 4520 et
3388 4464 3702 4536 Urationale

2113 4543 2397 4596 Gothicum
2418 4534 2447 4606 ';,
2469 4542 2611 4594 unde
2642 4554 2799 4604 sero,
2828 4547 2886 4592 ιιι
2926 4541 3201 4607 suspicor,
3225 4536 3496 4591 celebrata
3523 4542 3609 4589 est
3644 4534 3698 4607 in

2115 4610 2286 4665 Gallia
2344 4604 2498 4665 et'in
2549 4609 2824 4679 Hispania.
2898 4604 3102 4666 Tant-en
3158 4608 3470 4679 memoriam
3531 4604 3703 4679 sancti

2113 4683 2333 4736 Thomre
2372 4676 2758 4735 celebrantidie
2785 4680 2846 4731 ‘2!
2882 4678 3193 4734 Decembris
3231 4676 3442 4731 Missale
3483 4684 3538 4730 et
3576 4677 3702 4727 Bre-

2113 4753 2340 4807 viariutn
2412 4752 2792 4813 Mozarabutn,
2861 4748 3294 4805 Sacramentaria
3356 4745 3699 4798 Celasiauurn

2114 4821 2413 4889 Thomasii,
2466 4830 2520 4876 ct
2551 4822 2898 4890 Gregoriana,
2932 4820 3309 4890 Martyrologia
3336 4814 3513 4890 Deda}.
3560 4814 3704 4890 Ado-

2115 4894 2221 4959 nis,
2257 4886 2483 4947 Usuardi
2506 4933 2520 4955 ,
2555 4886 2987 4961 llieronyminna,
3028 4886 3089 4945 et
3107 4891 3404 4945 Retnanutn
3450 4886 3701 4950 Baronii;

2116 4965 2284 5020 (ἕτωεί
2314 4978 2449 5017 vero
2479 4963 2567 5017 die
2604 4970 2757 5016 sexto
2785 4961 3055 5018 Octobris.

2188 5033 2214 5071 δ
2244 5031 2544 5087 Psallendo.
2577 5032 2665 5087 Ps.
2692 5048 2781 5098 xx,
2815 5032 2870 5084 4.

2192 5113 2213 5142 ο
2263 5104 2295 5170 ᾖ
2323 5142 2337 5157 .
2370 5103 2458 5158 Ps.
2491 5119 2579 5166 xx,
2610 5100 2745 5165 2,3.

2187 5172 2213 5210 ιι
2242 5173 2369 5244 cap.
2403 5171 2453 5228 ι.
2490 5173 2643 5244 ιἐιεξ,
2670 5172 2857 5244 sese.

2117 5315 2131 5369 Ι
2193 5237 2337 5325 {Cui
2381 5243 2564 5298 honor.
2597 5242 2723 5297 Haec
2764 5243 2816 5297 in
2863 5251 3010 5297 textu
3058 5240 3297 5311 Apostoli
3325 5240 3427 5294 hoc
3447 5237 3565 5295 loco
3596 5252 3705 5294 non

2138 5325 2329 5369 Eillllll‘.

2138 5325 2329 5382 egttur.

2196 5384 2211 5423 τ
2245 5384 2371 5453 Cap.
2402 5382 2526 5437 XX.
2552 5382 2704 5437 Vers.
2737 5381 2925 5453 2459.

2193 5466 2217 5503 ις
2255 5448 2452 5509 Lauda.
2489 5454 2573 5509 lis.
2599 5469 2783 5515 cxvut,
2816 5448 2908 5506 46.

2191 5523 2221 5562 h
2252 5524 2598 5590 Sacri/icium,
2626 5534 2681 5576 ut
2704 5525 2756 5575 in
2789 5523 2955 5576 sancti
2982 5521 3291 5580 Clementis.

2196 5594 2211 5632 ί
2245 5594 2459 5647 Didimi.
2514 5594 2709 5647 Joann.
2762 5608 2829 5645 xx
2851 5634 2866 5658 ,
2899 5592 3007 5648 24:
3036 5592 3257 5649 Thomas
3284 5604 3454 5648 autem
3484 5610 3617 5647 unus
3644 5608 3708 5647 ex

2121 5664 2383 5720 duodecim
2391 5663 2496 5735 ,qui
2511 5663 2698 5717 dicitur
2715 5663 2985 5737 Didymus,
3002 5681 3101 5737 nan
3117 5678 3223 5721 erat
3242 5682 3356 5723 cum
3371 5666 3460 5718 eis.
3478 5666 3705 5719 'l‘houttts
