4052 6182
328 234 425 288 1⁸79

323 349 440 412 ejus
489 360 791 400 mereamur
836 361 956 400 esse
1002 346 1318 414 sequipech
1359 362 1371 398 :

325 439 440 509 ejus
464 438 792 493 inveniamur
819 450 1092 492 consortes

412 533 449 595 ἢ
471 572 483 584 .
517 534 705 587 Anien.

395 627 511 678 Alia
537 625 734 680 Oratio.
749 622 823 676 Te
847 632 897 676 te
919 622 1077 691 igitur
1098 635 1307 675 summe
1323 629 1372 676 et
1398 619 1726 674 admirabilis
1746 618 1914 674 Deus:

326 718 449 769 lotis
470 713 756 784 prceordiis
776 712 1150 780 deprecamur.
1176 711 1244 767 Ut
1267 713 1354 781 qui
1380 710 1688 765 beatissimo
1707 708 1916 764 Thome

324 813 379 858 et
407 804 745 872 sagacitatem
777 810 800 839 ⁸
833 801 1150 870 inquirendo
1182 801 1449 868 inspiras:
1481 800 1632 853 nobis
1661 809 1711 853 et
1737 798 1913 852 indul-

324 891 553 961 gentiam
585 892 948 961 peccaminum
966 891 1166 946 tribuas
1192 909 1203 943 :
1228 901 1280 945 et
1297 890 1451 944 donis
1478 891 1581 943 tuis
1605 889 1914 956 inspirando

326 984 622 1052 prevenias.
652 980 680 1020 δ
721 983 928 1051 Quique
967 981 1286 1036 sanctissimi
1332 981 1539 1034 Thome
1587 980 1914 1033 dubitatione

327 1085 422 1125 nos
449 1071 671 1126 roburas
695 1072 812 1141 ejus
837 1086 1127 1140 quesumus
1155 1070 1344 1124 merito
1374 1083 1470 1122 nos
1499 1070 1549 1122 in
1585 1069 1684 1122 lide
1711 1068 1780 1121 ita
1805 1078 1912 1122 sta-

325 1162 458 1215 biles
487 1163 735 1230 operibus
761 1161 929 1215 soli‘da
957 1178 970 1214 :
1023 1171 1076 1214 ut
1100 1160 1376 1230 judicante
1407 1169 1457 1214 te
1486 1159 1643 1226 digne
1671 1159 1912 1212 invenias

322 1271 456 1324 quos
484 1256 790 1310 coronan‘du
817 1272 831 1308 :
864 1258 1086 1310 etherea
1113 1254 1364 1308 sustolias
1396 1253 1448 1306 in
1492 1253 1684 1322 patria.
1717 1252 1913 1316 Quate-

325 1363 424 1402 nus
449 1355 505 1402 et
536 1348 768 1401 ﬁdelium
796 1363 1073 1402 servorum
1103 1356 1316 1400 tuorum
1349 1353 1595 1411 acceptes
1619 1343 1866 1397 libamina
1893 1359 1908 1395 :

322 1454 428 1507 que
460 1438 718 1494 hodierno
739 1439 826 1493 die
857 1439 1006 1508 plebs
1032 1439 1122 1492 tibi
1148 1438 1257 1492 Deo
1279 1446 1460 1490 nostro
1484 1443 1661 1490 mente
1682 1434 1912 1490 offerunt

321 1541 501 1594 grata:
531 1536 586 1586 et
613 1547 708 1600 pro
731 1533 927 1600 Quibus
957 1542 1008 1586 te
1029 1531 1296 1585 submisso
1323 1529 1605 1584 obsecrant
1623 1527 1794 1596 capite
1824 1535 1912 1582 tue

327 1621 532 1688 pietatis
563 1623 901 1677 cletnentiam
928 1635 1048 1677 sese
1071 1621 1292 1675 adeptos
1321 1617 1711 1688 congaudeant.

409 1712 446 1778 ri
467 1748 481 1762 .
509 1712 700 1766 Amen.

399 1801 520 1856 Post
542 1804 766 1856 nomina.
785 1804 984 1857 Oratio.
1009 1803 1146 1857 Deus
1160 1803 1250 1873 qui
1269 1813 1413 1859 tuum
1436 1805 1716 1869 Thomam.
1736 1819 1758 1848 ε
1772 1823 1926 1879 egre-

323 1894 465 1960 gium
509 1893 740 1961 predicis
769 1894 1118 1949 architectum
1145 1912 1161 1953 '.
1211 1903 1266 1949 et
1294 1896 1345 1950 in
1376 1897 1491 1950 foro
1531 1913 1636 1952 non
1665 1899 1922 1970 dedignas

323 1989 594 2044 ambulare
641 1989 948 2042 venalium:
995 1999 1048 2042 tu
1081 2004 1178 2043 nos
1206 2005 1270 2045 ex
1302 1991 1407 2044 illis
1451 1990 1713 2058 lapidibus
1765 1994 1920 2048 effice

324 2079 498 2132 vivis:
545 2095 574 2132 a
611 2079 804 2147 quibus
827 2079 915 2133 illa
960 2079 1097 2134 visio
1129 2083 1271 2148 pacis
1312 2081 1637 2136 instauratur
1676 2084 1911 2138 celetis.

325 2170 564 2234 Qualiter
592 2170 826 2225 candore
854 2170 1117 2225 castitatis
1145 2173 1298 2226 niveo
1328 2175 1658 2230 renitentes:
1695 2174 1916 2230 Sancto-

329 2278 446 2315 rum
492 2262 580 2331 qui
613 2275 710 2317 nos
751 2262 804 2315 in
839 2262 1062 2317 Domino
1088 2267 1196 2330 jam
1233 2276 1608 2332 precessernnt
1653 2267 1918 2335 possimus

328 2366 447 2408 esse
474 2353 528 2407 in
561 2353 964 2423 participatione
987 2356 1206 2424 equalrs
1236 2373 1247 2406 :
1297 2366 1354 2409 ut
1381 2357 1468 2427 qui
1499 2373 1594 2427 pro
1625 2363 1920 2428 peccatori-

331 2446 429 2499 bus
459 2445 527 2499 ab
550 2445 638 2499 illa
665 2445 879 2500 sublimi
911 2446 1040 2500 sede
1064 2446 1386 2502 descendisti
1416 2449 1482 2502 ad
1533 2459 1702 2505 terras
1729 2470 1743 2504 :
1800 2469 1921 2522 pre-

331 2539 478 2592 cibus
509 2539 706 2592 nnstris
734 2541 971 2608 placatus
1002 2541 1262 2595 assistas:
1297 2543 1540 2597 omnibus
1563 2547 1800 2615 requiem
1825 2549 1918 2604 de-

331 2629 522 2683 functis
554 2629 797 2685 tilelibus
823 2639 1046 2699 prestcs.

415 2721 453 2787 ἡ
477 2761 488 2771 .
515 2724 706 2775 Amen.

404 2814 483 2865 Ad
513 2829 705 2880 parem.
739 2812 935 2866 Oratio.
965 2812 1390 2868 Clementissiute
1414 2813 1552 2872 Dens
1575 2817 1662 2886 qui
1694 2818 1743 2873 in
1777 2825 1918 2890 pacis

337 2950 489 3023 Syris
513 2949 826 3023 idemsonat
840 2945 982 3023 quod
1007 2945 1224 3023 Aiaopo;
1247 2947 1468 3011 Graecis,
1493 2951 1753 3018 geminum
1770 2956 1935 3023 enim,

1038 232 1327 288 MISSALE
1365 229 1639 286 MIKTUM
1684 229 1833 286 SEC.
1878 229 2038 284 ΠΕΟ.
2082 230 2139 283 Β.
2183 230 2452 286 lSlDORl.
2494 261 2563 273 —
2602 230 2778 290 PARS
2816 233 2836 288 l

3510 237 3608 292 180

1415 356 1469 400 et
1511 347 1616 402 illic
1649 344 1919 401 felicitatis
1948 351 1996 406 Α
2027 347 2224 399 unitate
2253 348 2463 402 lettris:
2519 351 2726 406 scilicet
2772 349 2862 420 qui
2893 359 3079 406 auctor
3107 368 3168 408 es
3197 368 3343 421 pacis
3369 373 3382 407 :
3433 361 3491 410 et
3517 374 3613 424 pax

2017 438 2085 489 ab
2111 438 2365 506 angelicis
2396 442 2757 496 conclamatus
2787 456 2846 496 es
2875 442 3078 509 eboris.
3109 441 3363 498 Concede
3387 461 3483 513 per
3514 448 3614 500 hu-

2012 527 2099 595 jus
2130 529 2564 588 intercessionem
2613 536 2843 590 alleete:
2893 545 2948 588 ut
2981 536 3147 601 ipsius
3165 536 3472 591 dilectionis
3505 541 3616 591 viu-

2015 620 2136 672 euln
2177 638 2280 686 quo
2323 624 2613 692 discipulos
2653 625 2717 678 ad
2762 626 2909 680 celos
2951 640 3199 680 remeans
3239 628 3615 695 conglobasti:

2016 709 2131 779 ipso
2169 727 2265 766 nos
2309 717 2544 770 aimifieo
2581 731 2724 775 nexu
2769 717 2822 769 in
2856 726 2944 770 tua
2991 725 3046 771 et
3076 720 3300 785 proximi
3331 717 3620 773 dilectione

2015 801 2346 872 constringe.

2101 892 2136 956 ti)
2161 933 2171 943 .
2210 892 2396 948 Amen.

2087 981 2303 1040 lutatio.
2354 988 2577 1057 Dignum
2620 999 2672 1043 et
2718 988 2918 1058 justum
2973 998 3092 1044 est:
3156 1004 3282 1044 vere
3340 1003 3506 1046 suave
3557 1005 3620 1046 ac

2015 1075 2257 1140 pulcrum
2289 1091 2408 1134 est:
2446 1090 2498 1135 te
2531 1090 2679 1146 pater
2723 1081 3068 1148 omnipotens
3099 1097 3192 1149 per
3233 1082 3413 1136 Jesum
3457 1084 3618 1138 Chri-

2013 1177 2152 1218 stum
2175 1168 2455 1223 Dominum
2475 1183 2714 1224 nostrum
2738 1189 2749 1224 :
2776 1170 3116 1225 iuefl‘abiliter
3135 1172 3457 1226 conlaudare
3481 1173 3620 1228 hanc

2012 1266 2313 1311 creaturam
2353 1269 2494 1313 tuam
2531 1262 2581 1314 in
2607 1256 2768 1316 ierris
2796 1278 2809 1314 :
2839 1263 2927 1329 qui
2957 1263 3116 1316 etiam
3141 1279 3169 1314 a
3195 1263 3480 1318 celestibus
3514 1268 3618 1318 vir-

2016 1345 2214 1401 tutibus
2271 1350 2636 1406 indesinenter
2702 1351 2971 1419 precuniis
3045 1352 3370 1406 sublimaris.
3430 1354 3621 1408 Merito

2013 1439 2156 1490 enim
2192 1440 2372 1495 nullus
2414 1456 2590 1496 sermo
2628 1442 2724 1495 tibi
2770 1444 2978 1512 attingit
3026 1443 3207 1498 Iaudes
3237 1445 3465 1500 deferre.
3493 1447 3620 1514 quia

2014 1538 2114 1592 pax
2140 1536 2225 1580 tua
2241 1545 2460 1585 sensum
2489 1543 2993 1600 exuperatomnem.
3011 1533 3142 1600 Quis
3161 1549 3386 1604 namque
3411 1546 3620 1594 creatus

2014 1619 2246 1673 creatori
2271 1622 2523 1676 exhibeat
2553 1623 2768 1692 dignam
2789 1624 3086 1677 carminum
3121 1625 3331 1680 laudem
3357 1626 3534 1680 ?Cum
3560 1644 3622 1683 se

1939 1692 1985 1752 Β
2016 1707 2160 1764 horis
2176 1713 2378 1766 cunctis
2401 1713 2636 1783 indigere
2661 1724 2803 1768 tuam
2829 1715 3252 1784 prospicitopem
3273 1733 3286 1768 :
3311 1727 3364 1770 et
3401 1719 3618 1787 ligmeuo

2031 1808 2141 1853 tum
2174 1815 2329 1854 suum
2359 1803 2558 1858 recolat
2583 1803 2822 1872 fragilem
2855 1818 2919 1858 ac
2964 1814 3234 1871 sumptum
3262 1821 3328 1861 ex
3363 1809 3615 1874 pulvere:

2025 1904 2145 1945 eum
2176 1906 2274 1946 nec
2300 1891 2385 1946 illa
2420 1893 2673 1960 pulverea
2705 1894 2872 1946 virtus
2909 1894 3240 1949 sufficienter
3270 1895 3366 1949 tibi
3409 1897 3622 1953 insonet

2023 1985 2254 2040 laudem.
2288 1985 2344 2041 ln
2374 1985 2528 2056 cujus
2562 1986 2718 2042 laude
2743 1986 2978 2041 Thomas
3002 1987 3288 2055 Apostolus
3311 1996 3430 2042 tuus
3453 2003 3622 2056 popu-

2019 2077 2100 2131 los
2128 2079 2393 2133 convertit
2421 2076 2446 2115 d
2464 2079 2708 2148 judaieos
2748 2095 2775 2137 a
2801 2079 3024 2148 pristino
3051 2081 3198 2134 cultu
3224 2081 3454 2135 erroris:
3483 2092 3536 2136 et
3566 2082 3622 2137 in

2029 2169 2163 2224 lilios
2190 2170 2463 2239 adoptavit
2487 2185 2641 2224 sacro
2667 2171 2878 2240 gurgite
2906 2170 3178 2225 tinetiouis
3207 2171 3462 2225 miracula
3492 2188 3622 2240 ope-

2026 2276 2174 2315 rum:
2203 2261 2334 2316 fides
2361 2261 2537 2316 extitit
2581 2263 2931 2331 perditorum.
2961 2261 3296 2331 Operabatur
3322 2263 3540 2317 visibilis
3567 2263 3621 2317 in

2025 2355 2342 2424 corporibus
2381 2355 2547 2410 virtus
2574 2373 2585 2407 :
2612 2364 2667 2409 et
2692 2355 2975 2409 invisibilis
3004 2356 3224 2410 curabat
3253 2355 3512 2424 magualia
3547 2357 3624 2411 in-

2027 2452 2290 2507 trinsecus
2311 2449 2525 2504 morbos
2552 2468 2563 2501 :
2590 2449 2831 2503 redditur
2846 2449 3046 2504 sentire
3067 2451 3242 2504 lumen
3266 2464 3616 2516 corporeum:

2027 2553 2087 2597 ut
2115 2555 2300 2597 secum
2332 2539 2595 2595 illuminat
2618 2553 2801 2593 eccum
2833 2547 2856 2576 ο
2887 2539 3108 2608 'l‘reptie
3138 2541 3325 2594 merito
3349 2541 3620 2597 ulcerosus

2028 2646 2284 2688 curatur:
2319 2639 2375 2686 ut
2400 2629 2650 2686 strabedo
2672 2629 2936 2685 idolorum
2974 2630 3042 2685 ab
3071 2632 3318 2685 omnibus
3336 2631 3619 2700 effugetur.

2031 2727 2051 2767 ί
2081 2726 2225 2782 Solis
2249 2724 2448 2778 corruit
2495 2721 2728 2776 idolum:
2756 2730 2782 2768 8
2823 2731 2880 2776 ut
2905 2732 3090 2778 auctor
3109 2720 3225 2790 ejus
3244 2722 3449 2778 editicet
3475 2726 3625 2778 thro—

2027 2835 2176 2876 num.
2209 2814 2233 2852 ιι
2265 2815 2379 2869 Rex
2429 2823 2673 2867 terrenus
2713 2827 2808 2881 per
2846 2811 3022 2883 fugam
3053 2813 3343 2868 dilabitur:
3379 2825 3436 2868 ut
3479 2823 3625 2869 eter-

2047 2971 2138 3008 vus
2162 2952 2301 3013 talis,
2324 2964 2472 3019 quem
2498 2949 2542 3002 si
2570 2946 2792 3001 volueris
2818 2949 3157 3020 comparabis,
3187 2950 3340 3020 eique
3359 2950 3622 3009 Thomam

340 3017 453 3076 sive
484 3018 756 3094 gemellum
787 3017 1067 3094 significat.
1100 3018 1266 3071 l'orro
1286 3017 1526 3094 sanctum
1553 3023 1694 3088 hunc
1715 3017 1933 3091 apos:o.:
1960 3031 2006 3094 C
2045 3023 2303 3087 ostendit,
2339 3017 2511 3094 ‘quettt
2559 3027 2796 3094 θιιιριιξψ
2849 3019 3014 3094 Mihi
3045 3034 3224 3094 εθεμιη
3255 3017 3440 3094 ’άμμῖμ
3474 3024 3618 3094 “asc

344 3095 451 3144 lum
485 3086 730 3161 ἰιοιιξὶιιβ
787 3086 1116 3161 appellaturi:
1163 3102 1285 3161 esse
1341 3086 1574 3155 Judam,‘
1614 3086 1934 3161 cognomine

339 3165 591 3216 Thomam
608 3156 1064 3228 Syris,Didymum
1082 3158 1301 3225 Graecis,
1317 3170 1500 3227 aperte
1512 3156 1704 3217 ducent
1719 3177 1935 3224 sanctus

343 3227 781 3305 [irilttetttbyrus
812 3227 1032 3305 (Utinm.
1063 3230 1124 3305 ’ξιξ
1145 3231 1214 3305 ac
1247 3229 1371 3305 ﬁde,
1401 3232 1542 3305 apud
1571 3235 1931 3305 Assemanum,

339 3298 477 3359 Bibl.
507 3298 728 3362 Uticam,
753 3309 878 3352 tom.
905 3298 954 3362 l,
982 3315 1033 3364 p.
1069 3299 1190 3366 l0l,
1216 3309 1263 3353 et
1289 3298 1585 3367 Eusebium,
1613 3303 1754 3358 Hist.
1786 3298 1931 3363 Eccl;

343 3377 432 3427 lib.
473 3388 508 3436 ι,
543 3387 666 3442 _rap.
707 3369 817 3433 15),
849 3381 898 3421 et
933 3369 986 3442 in
1019 3368 1264 3442 Perin‘dis
1296 3369 1514 3442 Thema:
1546 3373 1712 3442 (apud
1741 3373 1937 3432 σοιειε.

339 3447 496 3505 rium,
532 3440 716 3513 l’atres
747 3438 1050 3513 Apostolici,
1093 3449 1129 3492 t.
1165 3438 1213 3513 _I,
1242 3457 1298 3508 p.
1326 3441 1457 3508 501)
1497 3438 1690 3512 legitur
1708 3444 1927 3513 Jul/am,

339 3515 426 3579 qui
456 3524 504 3564 et
529 3511 752 3562 Thomas
782 3511 1000 3580 dicitur,
1049 3511 1301 3564 sortitum
1329 3525 1452 3566 esse
1483 3511 1706 3580 Indiam,
1742 3525 1797 3570 et
1821 3511 1938 3573 rur-

343 3577 432 3636 Sus
461 3582 653 3633 ludum
679 3579 764 3648 qui
787 3577 1132 3648 etiThomam.
1589 3603 1592 3608 -

415 3661 438 3685 θ
476 3647 810 3719 Inquireudo.
840 3647 980 3714 Lege
1009 3651 1061 3700 in
1092 3651 1418 3718 inquirendo.

414 3721 443 3758 δ
484 3721 681 3795 Quique
725 3719 1036 3795 sanctissimi
1074 3719 1266 3795 'l'ltome
1313 3723 1644 3795 dubitatione.
1677 3725 1788 3781 Huc
1816 3744 1938 3795 spe-

349 3803 457 3866 ctat
505 3789 719 3843 effatum
763 3787 891 3866 illud
936 3791 1107 3866 sancti
1144 3789 1384 3866 Gregorii
1416 3794 1590 3866 Magni
1621 3797 1808 3866 (llam.
1840 3787 1931 3860 ῥυ,

348 3867 401 3914 in
425 3861 702 3936 Joannem)
725 3874 744 3912 :
770 3858 903 3936 ll’lus.
945 3858 1088 3936 nobis
1137 3862 1415 3936 inﬁdelitas
1446 3858 1658 3921 Tlioma:
1685 3871 1752 3920 ad
1781 3858 1937 3936 ﬁdo-nt

343 3949 496 4006 quam
529 3929 665 4006 fides
678 3945 746 3979 rrr
763 3928 989 4006 dentium
1007 3931 1390 4006 discipulorum
1418 3939 1638 4005 profuit,
1667 3928 1790 4006 quia
1815 3941 1938 3990 dum

348 4003 437 4077 ille
465 4005 565 4077 al
595 4001 746 4066 fidem
789 4000 1049 4077 palpandi
1070 4000 1571 4077 reducitur,_nostia
1603 4000 1764 4077 mens,
1798 4009 1937 4062 omni

350 4074 665 4125 dubitatione
711 4071 1016 4144 postposita,
1071 4073 1123 4144 in
1154 4073 1256 4140 ﬁde
1303 4074 1576 4130 solidatur.
1641 4071 1937 4144 Singularis

346 4150 638 4216 autemest
669 4143 848 4216 opinio
895 4144 1063 4196 saneti
1087 4143 1373 4216 (gaudet-lii
1405 4147 1706 4213 Brixiensis
1735 4143 1936 4216 (Tract.

347 4217 400 4267 in
431 4214 662 4266 Dedicat.
692 4211 932 4286 basilica,
966 4230 1089 4281 pag.
1114 4212 1240 4286 536,
1266 4216 1386 4268 edit.
1413 4211 1669 4286 Briaien.)
1701 4211 1821 4280 cum
1852 4236 1937 4272 as-

347 4286 478 4339 serit
532 4293 774 4337 sanetutu
819 4281 1081 4335 ’l‘homam
1130 4284 1198 4337 de
1239 4287 1463 4340 veritate
1509 4281 1938 4344 ltosurrectonis

347 4355 544 4408 Christi
578 4355 795 4406 minimc
825 4352 1124 4419 dubitasse,
1156 4368 1316 4422 atque
1343 4356 1492 4419 illud,
1528 4358 1649 4411 Nisi
1690 4359 1862 4412 videro
1889 4369 1936 4412 et

347 4435 748 4491 contrectat-ero,
774 4438 872 4473 non
901 4423 1130 4488 credam,
1157 4425 1320 4479 fuisse
1342 4426 1605 4489 desiderii,
1636 4444 1737 4481 non
1763 4433 1929 4482 incre-

347 4497 575 4550 dulitatis
629 4509 812 4567 \‘Qt'elll
841 4508 855 4555 ;
886 4493 1108 4567 sieuim,
1156 4494 1348 4567 inquit,
1374 4498 1696 4562 inﬁdelitatis
1731 4500 1932 4567 fuisset,

349 4568 583 4621 Christus
615 4565 834 4638 illi__post
879 4561 1324 4638 Besrsrrectionem
1356 4561 1606 4633 apparere
1631 4561 1936 4638 non'digna;

350 4653 426 4690 tus
458 4638 654 4705 fuisset.
685 4633 819 4686 Tum
847 4635 910 4686 ad
947 4651 1054 4686 teut
1091 4645 1323 4688 nostram
1348 4641 1568 4694 subdit:
1595 4641 1776 4693 Sancti
1801 4633 1938 4694 Tho-

350 4725 447 4762 uta:
498 4705 719 4771 apostoli
749 4707 1028 4780 curios’tts
1065 4707 1411 4780 ambiguitatis
1463 4715 1650 4780 futura:
1695 4715 1936 4778 scrupulo

349 4780 597 4847 satisfecit
619 4793 635 4840 ;
657 4780 792 4851 quod
821 4778 956 4851 enim
979 4777 1157 4829 absens
1181 4777 1300 4851 fuit,
1330 4777 1472 4851 quod
1494 4785 1672 4835 avidus
1701 4795 1746 4836 et
1771 4785 1940 4836 videre

349 4862 395 4902 et
422 4846 691 4902 attrectare
727 4846 1012 4923 ΔΟιξιιιὶηωιξ
1041 4846 1363 4923 perquisivit,
1407 4862 1565 4905 totum
1596 4865 1783 4906 nostra:
1818 4871 1940 4923 pro-

352 4924 628 4972 curabatur
657 4917 830 4978 saluti,
859 4926 914 4968 ut
937 4917 1219 4971 erideuius
1257 4936 1579 4977 nosci-remus
1606 4917 1940 4977 resurrectio-

355 4993 432 5042 uis
463 4989 734 5042 dominica:
765 4989 1048 5039 veritatem.

427 5071 449 5099 ο
484 5060 762 5129 Egregium
805 5059 1023 5125 predicis
1072 5060 1424 5116 mchitectum.
1473 5061 1659 5116 Refert
1706 5063 1941 5116 Pseudo-

354 5131 552 5184 Abdias
580 5142 828 5202 sanetqu
848 5130 1131 5202 Thomam,
1171 5146 1289 5184 cum
1325 5132 1709 5202 Hierosolymis
1740 5135 1942 5188 diutius

355 5210 676 5264 morari-tur,
728 5216 755 5249 a
801 5198 1026 5252 Domino
1056 5216 1158 5252 non
1188 5203 1350 5256 semel
1380 5198 1592 5269 jussuui
1618 5217 1738 5257 esse
1771 5205 1820 5256 in
1857 5208 1941 5258 ln-

355 5273 498 5322 diatn
531 5271 819 5338 prolieisci,
855 5283 908 5322 ut
940 5272 989 5321 itt
1019 5288 1078 5324 ea
1109 5273 1325 5336 regiOttc
1375 5274 1720 5334 Evangelium
1770 5274 1942 5328 disse-

359 5341 605 5393 :ninarct.
652 5345 721 5394 At
764 5357 882 5394 eum
917 5343 1002 5394 ille
1036 5344 1137 5396 iter
1166 5344 1426 5407 differret,
1455 5354 1508 5397 ct
1533 5345 1817 5396 Dominum
1852 5362 1940 5398 ru-

360 5421 508 5482 garet
557 5425 622 5462 ne
651 5413 717 5462 ad
748 5427 869 5482 eam
898 5424 1111 5479 gentem
1133 5455 1146 5476 ,
1178 5430 1334 5481 quam
1369 5415 1522 5468 valde
1563 5430 1787 5482 nequam
1821 5431 1943 5470 esse

359 5479 640 5554 audierat,
693 5479 1018 5554 mitteretur,
1050 5479 1263 5554 accidit
1313 5485 1518 5539 Abbam
1570 5479 1854 5554 quemdam
1913 5502 1942 5538 a

364 5567 487 5617 rege
514 5551 762 5626 Indorum
797 5551 1014 5626 missum
1049 5553 1472 5626 Hierosolymam
1505 5551 1709 5620 venire,
1743 5565 1801 5609 ut
1831 5571 1944 5609 ser-

365 5638 483 5672 vum
511 5620 735 5690 peritum
761 5620 1105 5676 architectum
1129 5620 1352 5690 eutcrc't;
1379 5629 1494 5682 huic
1513 5637 1688 5682 autent
1710 5627 1944 5682 Christus

367 5693 637 5758 Dominus,
657 5695 702 5742 in
721 5690 885 5761 [artua
904 5691 1464 5766 lttnnanuapparrns,di
1484 5699 1542 5754 tit
1563 5717 1572 5750 :
1593 5696 1681 5752 Es!
1703 5701 1823 5753 milii
1844 5715 1944 5754 ser-

2040 3095 2260 3153 Abdias.
2312 3098 2366 3144 et
2406 3089 2570 3163 _|lis_c_e
2611 3089 2830 3163 similia,
2860 3088 2917 3163 in
2965 3089 3203 3163 Menaeis,
3232 3101 3282 3163 et
3311 3091 3623 3163 Menologiis

2039 3167 2369 3225 Graecorum,
2406 3160 2458 3211 in
2489 3160 2673 3212 Nieeta
2705 3157 3068 3228 Paphiagone,
3099 3169 3152 3214 et
3179 3162 3231 3214 in
3263 3157 3617 3220 Orientalium

2038 3235 2191 3290 libris
2221 3229 2478 3296 liturgicis
2502 3230 2569 3282 de
2591 3239 2775 3299 saneto
2801 3229 3003 3282 Thema
3037 3233 3229 3296 passim
3257 3231 3526 3299 leguntur.

2105 3304 2133 3341 ἀ
2163 3302 2433 3356 Iudaicos.
2487 3299 2627 3367 Lege
2675 3297 2908 3351 Indicos.
2957 3301 3211 3353 Sanctum
3255 3297 3517 3355 Thomam
3565 3304 3620 3360 in

2038 3368 2760 3441 blesOpOIamia,_Cltald:r;a.
2813 3369 3053 3441 Assyria,
3091 3369 3330 3437 Perside,
3363 3373 3534 3426 Media
3562 3384 3621 3428 et

2041 3437 2306 3504 llirca'nia,
2335 3438 2656 3506 praedicasse
2675 3437 3021 3508 Evangelium
3050 3453 3302 3494 constans
3327 3452 3411 3495 est
3432 3443 3621 3498 Orien-

2039 3515 2158 3570 talis
2197 3523 2248 3567 et
2274 3508 2628 3566 Occidentalis
2675 3510 2926 3580 Ecclesia:
2955 3509 3276 3575 scriptorum
3308 3511 3486 3580 opinio
3518 3530 3531 3577 ;
3563 3515 3615 3568 in

2039 3585 2240 3640 Indiam
2273 3590 2605 3650 penetrasse,
2637 3589 2690 3632 et
2710 3577 2848 3644 apud
2877 3592 2969 3650 eas
2995 3588 3183 3650 gentes
3211 3577 3368 3635 fidem
3417 3582 3620 3639 Christi

2038 3648 2442 3711 disseminasse.
2465 3658 2792 3702 monumenta
2815 3649 2986 3701 omnia
3011 3648 3391 3715 Ecclesiastica,
3415 3651 3619 3716 Grteca,

2041 3724 2258 3789 Latina,
2306 3719 2546 3790 Syriaca.
2589 3727 2864 3784 testantur,
2902 3721 3425 3790 ittquthssemanus
3457 3723 3619 3782 (Bibl.

2043 3788 2267 3856 Orient.,
2314 3788 2502 3860 tilll,
2533 3798 2666 3858 part.
2701 3803 2759 3852 ll,
2809 3806 2930 3860 pag.
2977 3789 3130 3858 355),
3165 3802 3219 3845 et
3258 3791 3621 3848 Florentinius

2044 3865 2133 3935 (In
2159 3864 2292 3916 notis
2322 3863 2389 3913 ad
2417 3859 2718 3935 _lttd.t:ulum
2732 3859 3132 3935 apostolorum”
3147 3878 3264 3930 pag.
3297 3862 3445 3935 Mli).
3480 3864 3622 3918 Nihil

2041 3930 2244 3989 certius
2291 3932 2429 3993 apud
2479 3941 2694 3983 sanctos
2731 3930 2918 3984 Patres
2960 3931 3134 3986 inveni
3173 3947 3328 3997 quam
3359 3933 3620 3987 Thomam

2043 4005 2185 4059 Indis
2217 4001 2561 4070 Evangelium
2593 4001 2858 4068 vulgasse.
2902 4001 3029 4054 Vide
3058 4001 3195 4068 apud.
3227 4004 3397 4070 ipsum
3428 4005 3622 4058 citatos

2039 4069 2456 4134 Nazianzenu’m,
2503 4069 2870 4130 Ambrosium.
2929 4069 3329 4140 Hieronymum,
3378 4081 3434 4127 et
3475 4074 3622 4127 Gau-

2041 4146 2317 4208 dentium;
2363 4151 2418 4195 et
2439 4141 2574 4194 adde
2605 4141 2879 4214 lfaulinuut
2914 4139 3067 4214 (Nat.
3093 4139 3166 4205 xi,
3191 4145 3465 4214 rers18l),
3497 4143 3626 4199 Gre-

2042 4219 2248 4280 gorium
2302 4215 2546 4282 Magnum
2595 4209 2686 4282 (in
2735 4210 2934 4280 Evang.
2974 4211 3114 4266 hom.
3160 4212 3271 4280 l5).
3305 4209 3618 4282 Gregorium

2042 4279 2412 4353 Turonenseni
2467 4279 2568 4353 (De
2597 4279 2745 4334 ϐίον.
2779 4279 2931 4336 mart.
2973 4283 3065 4353 lib.
3100 4297 3137 4346 t,
3171 4279 3287 4353 cap.
3321 4279 3436 4350 59.):
3465 4285 3625 4340 Nice-

1969 4390 2019 4450 Ι.)
2049 4358 2274 4423 phorum
2321 4352 2473 4432 (Cap.
2493 4351 2597 4436 ‘40,
2648 4353 2739 4405 lib.
2771 4353 2853 4432 ll),
2888 4363 2940 4404 et
2967 4351 3339 4434 hlartyrolttgia
3371 4355 3627 4434 Epterua.

2048 4443 2202 4450 μη-..
2233 4429 2248 4450 ι
2269 4424 2444 4450 ι)---.,.
2475 4423 2502 4450 ι
2563 4421 2770 4450 Tum...
2793 4439 2844 4450 ...
2880 4420 3048 4450 r..,i...\
3114 4425 3268 4450 u...i...
3298 4423 3593 4450 nmmum...

2043 4420 2204 4482 cense
2231 4420 2444 4496 (Passio
2563 4421 2845 4496 Tltomazin
2871 4420 3074 4492 India),
3108 4420 3278 4477 Bede
3298 4420 3622 4493 Genuinum,

2039 4491 2367 4551 Corbeieuse
2397 4492 2636 4556 Arherii,
2669 4491 3012 4554 Gellouense,
3045 4507 3148 4546 etc.

2113 4577 2135 4603 ο
2167 4566 2390 4634 Treptie.
2453 4563 2507 4634 In
2543 4562 2914 4631 ilagiographo
2963 4565 3102 4630 apud
3142 4563 3524 4620 Florentinium
3566 4577 3627 4621 et

2042 4640 2092 4692 in
2129 4633 2532 4692 Pseudo-Abdia
2565 4635 2821 4701 'l‘hrepsia
2861 4644 2944 4688 est
2983 4651 3119 4688 uxor
3151 4636 3310 4705 Regis
3351 4638 3624 4694 ludorum.

2117 4708 2135 4746 τ
2171 4712 2310 4764 Solis
2333 4707 2524 4759 corruit
2550 4705 2760 4757 idolum.
2787 4705 3013 4758 Sanetus
3041 4707 3275 4760 'l‘homas
3304 4724 3422 4762 eum
3447 4723 3475 4760 a
3501 4725 3629 4774 rege

2041 4783 2106 4834 ad
2138 4785 2396 4846 templum
2429 4776 2561 4829 solis
2591 4775 2780 4829 ductus
2808 4775 2997 4829 fuisset
3017 4821 3030 4840 ,
3067 4788 3123 4829 ut
3152 4779 3318 4832 solem
3353 4779 3626 4845 adoraret,

2045 4848 2323 4917 imperaiit
2353 4846 2584 4901 dzemuni
2614 4846 2798 4901 latenti
2843 4846 2896 4899 in
2944 4847 3088 4898 idolo
3116 4859 3172 4900 ut
3202 4859 3430 4902 statuam
3473 4866 3627 4902 eom-

2042 4924 2344 4974 minueret':
2376 4918 2651 4990 statimque
2695 4918 2842 4990 quasi
2883 4932 3000 4970 cera
3041 4920 3196 4987 juxta
3244 4920 3411 4988 ignem
3455 4921 3627 4990 posita

2042 4989 2614 5060 liqueactumidolum
2647 4988 2926 5060 resolutum
2955 4999 3053 5055 est,
3092 4991 3256 5043 refert
3286 4988 3634 5044 l’scud'o-Ab-

2043 5058 2179 5116 dias.
2244 5058 2434 5114 Subdit
2492 5059 2942 5128 llagiographus,
3007 5062 3148 5128 apud
3214 5061 3628 5126 Florentiniuut,

2045 5149 2096 5198 ιι.
2141 5130 2258 5195 149,
2302 5131 2533 5182 relatus:
2575 5129 2816 5198 Pontifex
2853 5141 3025 5182 autem
3051 5131 3260 5196 tentpli,
3285 5135 3485 5186 elevans
3515 5135 3634 5199 qla-

2042 5205 2206 5265 dium,
2263 5201 2677 5253 transverberavit
2712 5200 3034 5270 apostolum,
3069 5210 3219 5269 cujus
3260 5218 3456 5270 corpus
3503 5219 3630 5258 cum

2047 5275 2248 5326 liOtmt‘c
2283 5272 2596 5325 tttmulatum
2630 5270 2747 5322 luit.

2115 5353 2139 5389 s
2169 5344 2230 5396 Ut
2269 5344 2456 5395 author
2485 5343 2597 5412 ejus
2617 5341 2820 5405 edificet
2845 5342 3107 5396 thronum.
3134 5342 3272 5412 Lege
3300 5360 3310 5395 :
3345 5353 3396 5396 ut
3425 5345 3632 5398 auctori

2045 5418 2155 5484 ejus
2186 5413 2467 5484 aediﬁcetur
2494 5410 2724 5484 thronus.

2116 5482 2140 5519 h
2197 5483 2327 5536 Rex.
2381 5483 2779 5551 llagiograpltus
2824 5481 3137 5538 Florentiuii
3177 5494 3228 5536 et
3278 5483 3626 5538 l‘seudn-Ab—

2045 5553 2158 5606 dias
2202 5552 2440 5607 rcicrttnt
2473 5567 2675 5620 regem,
2724 5556 2904 5608 statim
2955 5567 3114 5624 atque
3167 5555 3293 5608 vidit
3347 5557 3473 5608 solis
3519 5564 3632 5607 sta-

2047 5636 2186 5676 tuatn
2232 5640 2350 5678 es:e
2391 5625 2728 5694 liquefactam
2757 5665 2771 5691 ,
2825 5643 2932 5696 pra:
2983 5630 3171 5681 timore
3201 5642 3231 5681 e
3270 5627 3466 5697 lett-plu
3506 5628 3630 5694 lugu

2043 5697 2248 5766 lapsum
2270 5709 2407 5751 esse.
