4052 6182
326 281 418 339 ΙἩ

1048 269 1342 328 MISSALE
1383 269 1655 326 MIXTUM
1699 268 1850 327 SEC.
1897 269 2056 327 REG.
2101 270 2161 325 Β.
2203 268 2474 326 lSIDORl.
2520 299 2584 310 --
2625 267 2805 326 PARS
2846 270 2885 325 l.

3513 268 3609 324 182

322 406 417 444 nus
448 389 501 444 in
544 399 730 440 eorum
770 383 1036 438 mentibus
1079 384 1386 436 intIOVclttr.
1422 381 1532 436 Tua
1570 391 1693 436 sunt
1740 388 1915 436 rector
1940 383 1993 443 Α
2020 382 2278 437 Dominus
2326 390 2505 436 noster
2552 380 2708 436 Jesus
2759 379 3008 436 Christus
3040 382 3126 449 qui
3177 393 3261 438 est
3318 382 3453 438 ﬁlius
3493 392 3617 438 tuus

321 482 415 536 ista
449 478 705 534 miracula
731 489 744 533 :
777 489 880 545 que
906 473 958 526 in
984 482 1074 526 tuo
1100 475 1315 528 nomine
1338 473 1508 526 sancti
1539 481 1714 527 mente
1745 472 1912 538 impe-

321 580 460 626 trant
487 585 708 626 cernua.
739 567 872 634 Quia
908 576 962 621 et
1003 574 1147 620 tuum
1191 565 1523 634 unigenitum
1551 579 1672 619 eum
1702 562 1912 618 ﬁdelem

318 665 604 720 deuunciat
627 678 840 718 servum
868 680 882 715 :
933 671 986 715 et
1016 659 1364 713 architectum
1395 660 1587 712 asserit
1625 671 1745 712 esse
1775 657 1917 725 peri-
1947 696 1951 700 ς

321 769 454 810 tum.
488 756 626 810 Vere
665 755 715 808 in
757 753 1148 808 ediﬁcationem
1196 749 1389 804 doctus
1435 747 1719 803 Ecclesie:
1763 755 1819 801 et
1863 747 1915 801 in

316 845 753 917 congregandum
788 844 1039 914 populum
1084 840 1183 895 tibi
1211 839 1491 893 laudabilis
1518 837 1694 892 valde.
1719 845 1746 873 ⁸
1788 835 1920 892 Ter-

318 956 446 996 rena
478 954 667 1008 erogas
707 947 765 992 ut
789 937 1009 992 celestia
1039 933 1283 1003 largiaris
1312 949 1324 985 :
1358 939 1635 1002 argentum
1675 929 1919 998 indigen-

318 1032 450 1086 tium
489 1028 789 1085 visceribus
823 1039 1123 1094 congerens
1167 1031 1221 1077 et
1257 1032 1410 1076 cetus
1455 1020 1818 1088 amplissimos
1869 1018 1921 1071 in

319 1123 608 1181 celestibus
638 1121 928 1175 instruens.
956 1115 1188 1169 Carcere
1213 1111 1504 1166 intruditur
1533 1120 1592 1165 ut
1612 1111 1783 1164 virtus
1805 1107 1924 1178 ejus

320 1216 368 1270 in
416 1212 672 1267 omnibus
716 1206 1043 1279 propaletur.
1075 1200 1102 1240 δ
1138 1202 1234 1256 Dat
1274 1203 1469 1271 migrat
1511 1214 1544 1255 e
1594 1201 1822 1254 seculo:
1866 1209 1925 1252 ut

320 1304 612 1376 Apostolus
657 1298 916 1355 liberetur
945 1313 974 1350 a
1019 1295 1255 1349 vinculo.
1299 1291 1573 1346 Occiditur
1613 1291 1926 1345 temeratrix

323 1410 346 1439 ε
371 1398 548 1467 μιειια
572 1410 676 1465 que
701 1401 977 1464 percutere
1002 1403 1128 1443 ausa
1155 1397 1238 1443 est
1257 1385 1555 1456 apostolum
1573 1385 1777 1453 palma:
1810 1398 1928 1452 pre-

320 1495 566 1545 sentatur
594 1503 622 1539 a
651 1490 786 1540 c‘ane
808 1495 1060 1537 comesa:
1102 1487 1162 1533 ut
1188 1482 1365 1533 omnis
1409 1476 1501 1531 illa
1533 1476 1603 1530 sit
1654 1475 1799 1530 salva
1840 1489 1930 1529 ca-

323 1591 490 1637 terva.
521 1580 830 1634 ﬁrmaratur
856 1589 886 1629 a
915 1574 1086 1629 bestia
1113 1589 1128 1627 :
1152 1585 1310 1642 quem
1341 1579 1529 1625 natura
1558 1569 1807 1639 despexit
1831 1567 1931 1621 hu-

324 1677 503 1728 mana.
559 1671 625 1724 Et
682 1669 819 1723 miro
865 1665 1026 1721 modo
1073 1665 1142 1718 ab
1192 1661 1545 1718 irrationabili
1592 1659 1931 1715 rationabilis

2017 485 2202 528 natttra
2236 489 2341 528 non
2382 473 2672 543 adoptione
2700 488 2803 530 nec
2845 474 3014 544 gratia
3043 491 3056 528 :
3092 474 3187 529 sed
3245 476 3614 544 generatione.

2016 564 2116 631 Qui
2149 565 2198 618 in
2231 575 2454 633 utraque
2487 574 2671 619 natura
2700 581 2835 618 unus
2882 566 3022 619 ﬁlius
3052 566 3292 621 creditur
3324 584 3338 620 :
3384 564 3404 605 ί
3430 577 3484 622 et
3506 577 3617 622 ter-

2019 655 2087 708 tia
2118 656 2167 708 in
2191 655 2450 710 'l‘rinitate
2482 671 2704 724 persona
2737 665 2910 710 tecum
2953 667 3008 712 et
3055 671 3178 712 cum
3222 657 3428 727 Spiritu
3473 658 3614 714 San-

2018 757 2106 803 cto
2145 764 2282 803 unus
2330 749 2473 803 Deus
2509 747 2746 802 creditur
2788 757 2842 802 et
2891 749 3144 806 adorator
3177 767 3191 805 :
3232 750 3479 807 Christus
3512 750 3620 804 Do-

2021 839 2195 892 minus
2219 851 2282 892 ac
2310 837 2641 905 Redemptor
2669 847 2906 895 eternus.

2095 927 2220 982 Post
2275 929 2460 996 pridie.
2528 930 2778 984 Concede
2827 930 2981 984 nobis
3034 929 3262 984 Domine
3313 932 3618 984 interventu

2023 1020 2252 1089 apostoli
2285 1022 2358 1074 tui
2388 1021 2594 1076 Thome
2620 1029 2675 1076 et
2716 1020 3088 1076 remissionem
3119 1022 3487 1089 peccaminum
3517 1040 3528 1075 :
3564 1033 3618 1076 et

2024 1111 2165 1165 bone
2212 1110 2320 1166 vite
2351 1110 2609 1180 inspirata
2664 1111 2818 1166 nobis
2874 1126 3133 1180 peragere
3177 1127 3415 1165 cursum.
3450 1110 3521 1166 Ut
3565 1121 3618 1165 et

2025 1199 2284 1254 sacriﬁcia
2315 1199 2371 1254 in
2415 1209 2440 1247 ε
2475 1201 2630 1269 hujus
2660 1201 2980 1256 solennitate
3028 1201 3294 1270 passionis
3323 1191 3613 1268 acceptes';

2025 1299 2079 1344 et
2126 1291 2461 1344 sumentibus
2505 1305 2567 1343 ea
2619 1290 3059 1346 sanctiﬁcationis
3116 1289 3285 1362 gratia
3336 1300 3428 1346 tue
3477 1291 3617 1346 inlu-

2027 1391 2188 1437 stres.

2115 1476 2151 1542 πῆ
2174 1515 2186 1528 .
2231 1474 2421 1529 Amen.

2102 1567 2181 1620 Ad
2222 1566 2522 1621 Orationem
2552 1564 2897 1619 Dominicam.

2101 1657 2314 1712 Christe
2342 1656 2430 1724 qui
2471 1656 2793 1711 beatissimis
2825 1654 3097 1724 Apostolis
3128 1654 3231 1711 tuis
3269 1655 3454 1712 orandi
3496 1674 3620 1726 pre-

325 1762 667 1833 perdocetur.
700 1757 726 1797 ἀ
754 1754 1394 1824 Consecranturjuveues
1423 1751 1793 1808 benedictione
1827 1765 1920 1806 ce-
1953 1746 2000 1807 Β
2026 1759 2179 1820 cepta
2213 1748 2446 1803 instituis
2479 1766 2493 1803 :
2529 1758 2706 1818 presta
2737 1757 2795 1804 ut
2816 1747 3072 1818 suﬁragio
3099 1750 3326 1818 apostoli
3371 1751 3444 1804 tui
3479 1750 3620 1804 Tho-

325 1852 446 1907 lesti
500 1866 595 1918 per
640 1847 1044 1902 venerationem
1073 1844 1321 1898 animalis
1362 1842 1541 1898 bruti:
1583 1855 1717 1910 quos
1765 1847 1921 1894 antea

325 1945 605 1997 brutorum
643 1953 795 1995 more
824 1938 1002 1994 federa
1041 1935 1433 2005 conjunxerant
1471 1935 1744 2004 nuptialia.
1779 1943 1803 1972 ο
1856 1934 1924 1990 Ut

324 2032 480 2088 sicuti
504 2030 654 2085 arioli
683 2028 1025 2084 confunditur
1057 2028 1186 2082 olim
1223 2022 1490 2096 insipi‘Etia
1521 2027 1825 2096 peranimal
1845 2027 1923 2082 in-

326 2119 573 2177 sensatﬁ:
599 2122 671 2175 ita
713 2136 853 2174 nunc
873 2130 929 2175 et
965 2114 1133 2175 istor‘r‘i
1163 2117 1449 2189 corrigitur
1500 2118 1604 2189 37
1649 2133 1744 2187 per
1768 2117 1924 2187 hujus

329 2215 595 2269 meritum.
630 2214 781 2268 Tunc
826 2228 919 2282 per
946 2211 1264 2268 locutionem
1293 2210 1589 2266 inauditam
1635 2225 1724 2266 res
1745 2211 1919 2281 agitur

329 2318 426 2358 nec
453 2301 741 2372 corrigitur
769 2319 784 2357 :
827 2316 969 2356 nunc
1008 2316 1103 2370 per
1127 2301 1377 2355 virtutem
1411 2300 1575 2355 virtus
1625 2301 1828 2370 geritur
1863 2307 1921 2355 et

329 2403 542 2448 curatur
569 2412 582 2448 :
613 2394 714 2448 hoc
744 2408 938 2462 nempe
965 2401 1055 2447 tuo
1078 2392 1144 2447 ab
1169 2393 1452 2462 Unigenito
1480 2392 1654 2460 agitur
1681 2390 1769 2460 qui
1793 2404 1915 2444 cum

335 2486 526 2540 Sancto
569 2485 772 2555 Spiritu
822 2501 960 2540 unus
1006 2485 1143 2539 Deus
1191 2484 1258 2538 ab
1310 2484 1659 2539 invisibilibus
1700 2491 1756 2537 et
1785 2482 1924 2537 visi-

335 2576 528 2632 bilibus
576 2576 930 2631 conlaudatur
965 2577 1032 2630 ita
1077 2576 1335 2630 dicentes.
1383 2575 1454 2644 ti.
1487 2575 1739 2630 Sanctus.
1790 2572 1926 2628 San-

337 2678 468 2721 ctus.
495 2668 744 2722 Sanctus.

404 2757 538 2812 Post
605 2761 852 2818 sanctus.
924 2759 1058 2814 Vere
1104 2770 1373 2814 sanctus:
1433 2772 1557 2812 vere
1613 2755 1925 2812 benedictus

399 2904 426 2931 ⁸
452 2893 680 2948 Terrena
708 2909 908 2965 erogas.
937 2894 1090 2965 (Lege
1115 2911 1129 2948 :
1170 2892 1412 2965 Terrena
1433 2909 1654 2965 erogaus
1682 2902 1740 2948 ut
1760 2893 1914 2948 ciale-

339 2967 432 3020 stia
481 2965 756 3034 largiatur.
793 2963 988 3034 Alludit
1023 2963 1165 3018 enim
1193 2963 1259 3017 ad
1290 2963 1417 3019 illud
1449 2963 1588 3032 quod
1619 2963 1689 3034 de
1729 2973 1918 3019 sancto
1951 2993 1964 3006 -

2029 1860 2114 1898 me
2152 1843 2296 1911 digiti
2329 1840 2505 1897 eﬂecti
2535 1859 2550 1895 :
2600 1843 2712 1911 ipsa
2746 1850 2834 1898 tua
2861 1843 3048 1898 deiﬁca
3077 1843 3238 1898 verba
3278 1843 3618 1912 proclaman-

2029 1942 2109 1988 tes
2131 1947 2437 1988 mereamur
2465 1932 2715 1988 exaudiri
2737 1947 2767 1989 e
2798 1935 2974 1988 terris.
3010 1933 3172 1990 Pater
3200 1943 3404 1990 noster.

2099 2026 2413 2081 Benedictio.
2465 2026 2712 2081 Christus
2779 2026 3032 2082 Dominus
3091 2027 3179 2097 qui
3234 2025 3478 2096 apostolo
3521 2041 3621 2081 suo

2028 2118 2236 2173 Thume
2292 2118 2500 2188 c0piam
2551 2116 2842 2173 dimicandi
2874 2119 3146 2174 concessit
3196 2119 3450 2173 virtutis:
3504 2116 3618 2187 ipse

2027 2210 2282 2267 etuuudet
2315 2224 2404 2262 vos
2434 2207 2502 2264 ab
2529 2208 2675 2263 omni
2717 2208 3036 2278 contagione
3082 2206 3357 2262 facinoris.
3426 2206 3463 2275 ἢ
3485 2247 3497 2260 .
3547 2211 3616 2261 A-

2027 2316 2169 2355 men.
2201 2298 2412 2369 Quique
2449 2299 2610 2360 etiam
2660 2300 2712 2354 in
2753 2315 2925 2371 agone
2978 2314 3103 2356 eum
3156 2299 3282 2353 fecit
3311 2297 3567 2354 victorem
3604 2314 3618 2352 :

2030 2392 2144 2462 ipse
2170 2390 2320 2445 vobis
2344 2391 2424 2452 sui
2456 2391 2640 2446 auxilii
2687 2391 2925 2461 porrigat
2971 2405 3148 2460 opem.
3215 2391 3253 2456 ti
3276 2431 3290 2446 .
3323 2392 3516 2446 Amen.
3544 2389 3618 2446 Ut

2030 2483 2120 2552 qui
2188 2483 2241 2535 in
2302 2481 2444 2535 illius
2504 2481 2799 2537 festivitate
2857 2481 3094 2536 letamini
3148 2481 3448 2535 interventu
3496 2478 3618 2546 ejus

2030 2581 2216 2627 eterno
2247 2571 2454 2641 premio
2499 2571 2879 2626 muneremini.
2924 2571 3000 2640 ἡ.
3039 2573 3230 2626 Amen.
3275 2570 3375 2625 Per
3404 2569 3615 2624 miseri—

2032 2661 2273 2717 cordiam
2305 2662 2493 2731 ipsius.

2107 2751 2208 2807 Hic
2233 2751 2432 2807 Chorus
2454 2752 2616 2806 dicat.
2657 2751 2899 2807 Gustate.
2996 2788 3009 2796 -

2026 2891 2170 2947 Edit.
2206 2890 2432 2946 Maurin.
2447 2893 2482 2960 ).

2103 2972 2127 3035 φ
2160 2961 2226 3016 Ut
2253 2964 2427 3035 sicuti.
2463 2961 2539 3016 Ad
2569 2977 2630 3016 ea
2652 2971 2906 3035 spectant
2926 2972 3055 3032 qua:
3105 2963 3620 3035 pseudo-prophetae

338 3037 536 3108 Thema
564 3032 742 3088 narrat
773 3033 1719 3108 Pseu‘do-Abdas,Aeumpecuniam
1757 3049 1916 3108 quam
1948 3046 1993 3108 ρ
2028 3033 2243 3108 Balaam
2272 3033 2579 3108 acciderunt
2609 3032 2801 3108 (Num.
2836 3037 2994 3108 xx__ll).

338 3105 397 3158 ad
430 3109 699 3171 impensas
745 3103 926 3173 palatii
976 3105 1117 3172 regis
1159 3103 1456 3159 aediﬁcandi
1507 3103 1812 3173 acceperat,
1865 3105 1919 3158 in

341 3189 596 3242 pauperes
643 3188 928 3244 erogasse,
979 3189 1139 3244 quam
1182 3175 1252 3230 ob
1293 3189 1508 3229 causam
1555 3175 1611 3228 in
1650 3189 1924 3231 carcerem

340 3247 585 3300 truditur.

401 3313 428 3352 δ
454 3314 579 3368 Bal.
614 3313 748 3368 Num
782 3313 882 3368 hoc
908 3315 1126 3369 nomine
1157 3315 1320 3369 frater
1353 3313 1493 3384 regis
1519 3315 1926 3384 appellabatur?

340 3385 389 3440 lu
416 3386 656 3456 periods
693 3385 916 3438 Thomas
957 3385 1151 3454 legitur
1188 3384 1410 3439 fratrem
1459 3388 1600 3454 regis
1626 3386 1774 3456 gravi
1804 3401 1926 3439 cor-

339 3464 544 3524 reptum
593 3455 722 3525 febri
750 3471 776 3507 e
807 3456 997 3507 saeculo
1037 3457 1310 3525 migrasse,
1352 3466 1407 3525 e_t
1436 3457 1504 3510 ab
1533 3455 1775 3522 apostqu
1803 3459 1927 3510 vita:

340 3523 639 3579 reStitutum
684 3523 871 3578 fuisse.
917 3526 987 3578 At
1015 3523 1456 3579 Pse'udo-Abdias
1483 3527 1674 3580 scribit
1708 3527 1926 3580 fratrem

339 3597 492 3664 regis,
530 3596 724 3647 tnurtui
758 3595 942 3657 instar,
979 3595 1155 3648 triduo
1199 3596 1456 3663 jacuisse,
1510 3598 1561 3650 in
1608 3613 1666 3651 se
1711 3597 1924 3652 tandem

338 3678 609 3719 reversum
659 3664 792 3717 mira
841 3680 1090 3718 narraSsc
1135 3665 1202 3718 de
1246 3666 1534 3733 splendore
1567 3668 1741 3734 palatii
1785 3669 1926 3735 quod

337 3742 674 3788 exstruxerat
703 3734 936 3806 Thomas
962 3751 976 3798 ;
1007 3750 1108 3803 qua
1144 3736 1350 3789 visione
1393 3736 1600 3790 illectus
1637 3752 1752 3804 rex,
1783 3734 1929 3806 ejus-

336 3820 429 3871 que
457 3807 648 3870 lratcr,
679 3804 875 3856 Christi
909 3806 1063 3857 fidem
1094 3806 1510 3872 amplectuntur.
1541 3808 1774 3860 'l‘ltontas
1805 3804 1925 3861 cum

340 3877 436 3926 bon
465 3890 539 3927 ire
578 3873 647 3926 de
685 3889 904 3926 Currere
933 3875 1204 3936 educitur,
1240 3891 1354 3935 res,
1387 3877 1609 3943 ejusque
1643 3878 1831 3943 frater,
1874 3889 1929 3930 et

341 3945 502 4016 inulti
533 3945 600 4016 de
635 3943 1266 4016 populo,__bapttzantur.
1322 3944 1436 3998 Huc
1488 3949 1654 4000 etiam
1706 3947 1930 4016 respicit

342 4013 756 4068 Wandelbertus
788 4016 839 4066 in
865 4013 1246 4085 Martyrologio
1275 4029 1378 4070 suo
1403 4031 1600 4071 canens
1625 4035 1636 4069 :

487 4125 732 4175 Translati
763 4125 962 4176 Thomas
982 4127 1205 4178 celebrat
1229 4129 1483 4180 duodenus
1508 4132 1742 4180 honorem

484 4192 622 4254 aure
641 4206 673 4249 ι,
696 4202 793 4249 quo
816 4190 1172 4254 structoreDei
1197 4204 1496 4252 cognowere
1525 4207 1680 4254 regna

488 4249 622 4297 ania
647 4254 921 4310 promeruit
953 4252 1108 4313 signis
1132 4249 1360 4302 comitata
1392 4249 1680 4304 tremendis.

405 4363 427 4393 ε
478 4354 692 4429 Puella.
747 4356 901 4429 Apud
951 4356 1440 4429 Pseudo-Abdiam,
1489 4360 1918 4429 llagiograpbum

2107 3102 2126 3141 ί
2163 3102 2231 3174 Et
2254 3105 2427 3156 tertia.
2456 3102 2642 3156 Modus
2670 3105 2918 3174 loquendi
2950 3102 3088 3172 apud
3116 3105 3299 3162 Patres
3324 3113 3380 3160 et
3410 3104 3619 3160 theolo-

2029 3190 2124 3242 gos
2152 3173 2463 3240 infrequens
2493 3182 2723 3238 tantum,
2766 3189 2871 3227 non
2911 3176 3171 3230 vet-batim
3195 3191 3259 3229 ex
3290 3185 3478 3230 sancto
3509 3177 3621 3229 ilii-

2028 3243 2308 3313 dephonso
2359 3242 2461 3309 (De
2513 3251 2709 3312 perpet.
2773 3242 2975 3312 νει-σξη.
3039 3243 3245 3313 Moriar)
3297 3245 3618 3313 desumptus

2028 3326 2150 3384 e_st:
2185 3314 2470 3367 Personam
2499 3328 2616 3366 vero
2647 3314 2864 3367 hominis
2903 3315 3019 3367 ideo
3059 3331 3162 3367 non
3204 3318 3477 3384 assumpsit
3525 3315 3618 3367 Dei

2031 3382 2227 3453 Filius,
2257 3384 2346 3436 sed
2373 3392 2568 3453 tantum
2600 3384 2874 3442 hominem.
2913 3385 3034 3453 quia
3069 3385 3176 3447 ipse
3215 3382 3431 3453 persona
3468 3387 3617 3437 tertia

2027 3471 2143 3508 cum
2184 3452 2343 3507 Patre
2367 3463 2411 3507 et
2443 3451 2646 3515 Spiritu
2692 3465 2868 3507 sancto
2908 3451 2964 3508 in
3016 3451 3263 3508 Trinitate
3316 3453 3452 3508 Deus
3483 3471 3618 3507 unus

2025 3541 2225 3591 semper
2264 3523 2361 3590 fuit
2399 3521 2563 3590 (Bibl.
2595 3524 2740 3578 Patr.
2766 3524 3058 3586 Coloniam,
3087 3533 3126 3577 t.
3169 3523 3301 3591 VII,
3330 3542 3448 3592 pag.
3482 3523 3612 3588 448,

2029 3595 2129 3649 col.
2155 3595 2210 3658 ἓ,
2245 3593 2357 3654 E.).
2390 3595 2458 3650 Et
2483 3605 2701 3648 sanctus
2730 3595 2982 3657 Isidorus.
3014 3597 3079 3648 ad
3122 3610 3365 3649 sutorem
3399 3596 3618 3650 Floren-

2029 3667 2155 3719 tiatn
2189 3664 2279 3732 (In
2305 3664 2435 3719 libro
2467 3664 2530 3717 de
2567 3664 2853 3719 Natiuitate
2902 3665 3134 3730 Domini,
3186 3664 3451 3727 Passione.
3484 3677 3613 3729 etc.,

2029 3753 2144 3799 cap.
2169 3735 2250 3802 4),
2280 3736 2502 3789 scribit:
2537 3733 2662 3790 Post
2680 3737 2792 3794 lure
2819 3735 2882 3788 de
2912 3738 3064 3790 tertia
3086 3753 3318 3805 persona.
3348 3738 3401 3790 id
3431 3745 3526 3802 est,
3555 3739 3618 3788 de

2034 3807 2193 3867 Filio,
2218 3808 2299 3876 _ita
2326 3805 2555 3876 subjicit,
2580 3817 2684 3860 etc.
2722 3807 2784 3860 Et
2815 3806 2978 3860 Paulo
3001 3806 3138 3861 infra
3167 3826 3178 3858 :
3210 3807 3338 3861 Ecce
3359 3809 3476 3860 dum
3502 3825 3618 3874 pcr-

2031 3892 2172 3930 some
2204 3874 2456 3946 Dominus
2483 3884 2530 3928 et
2550 3876 2782 3946 ASpii-itus
2829 3877 2942 3946 ejus
2983 3880 3070 3945 qui
3107 3880 3335 3941 mittunt,
3374 3889 3421 3932 et
3469 3879 3618 3931 tertia

2030 3961 2250 4015 persona
2280 3945 2513 4013 ejusdem
2539 3944 2742 3999 Domini
2768 3944 2859 4014 qui
2885 3944 3122 4000 mittitur.

2104 4023 2129 4061 s
2164 4014 2335 4084 Hujus
2381 4016 2703 4070 solemnitate
2750 4015 3039 4071 Passionis.
3069 4019 3321 4072 Sanctum
3351 4019 3614 4071 Thomam

2035 4085 2332 4148 apostolum
2375 4095 2663 4152 martyrem
2700 4088 3040 4149 occubuisse,
3075 4098 3268 4154 praztcr
3300 4086 3611 4142 Graecorum

2033 4156 2350 4222 Mennlogia,
2383 4155 2760 4223 Martyrologia
2792 4156 3100 4209 Latinorum
3131 4168 3186 4211 et
3215 4165 3467 4211 constans
3518 4160 3615 4210 lac-

2033 4225 2322 4278 clesiarum
2349 4225 2584 4278 Orientis
2617 4226 2891 4291 persuasio
2931 4236 3115 4290 aperte
3160 4235 3460 4282 testantur:
3489 4242 3614 4279 san-

2035 4305 2151 4366 ctus
2182 4296 2422 4349 Asterius
2451 4293 2635 4366 (Ιζοςςη.
2672 4295 2783 4358 16),
2814 4304 3028 4350 sanctus
3054 4295 3384 4350 Gaudentius
3418 4297 3532 4364 (Tr.
3559 4298 3613 4349 in

2039 4365 2217 4418 Dedic.
2251 4365 2468 4435 basil.),'
2502 4365 2872 4430 Tltebdoretus
2921 4366 3023 4435 (De
3042 4383 3150 4422 cur.
3205 4366 3371 4421 Griec.
3398 4367 3611 4433 ΑΙῙεει..

340 4421 1143 4515 Elmetttinii,‘etujpxta.libros
1176 4421 1617 4515 Manichgiorun't,
1657 4421 1795 4497 apud
1951 4421 1996 4479 Ι)
2025 4451 2138 4515 cap.
2171 4436 2247 4504 8).
2283 4421 2464 4515 Neque
2492 4423 2741 4515 audiendi
2782 4421 3378 4515 sunt‘quiuindubium
3416 4421 3612 4515 vocant

340 4509 452 4547 vum
484 4497 844 4569 Augustinum
871 4497 1009 4566 (Lib.
1037 4513 1145 4552 ml
1174 4510 1354 4552 contra
1378 4498 1651 4558 Faustum.
1685 4518 1802 4569 cap.
1829 4503 1919 4569 79,

341 4573 382 4616 et
405 4576 584 4619 contra
605 4566 964 4634 Adimantum,
989 4585 1109 4637 cap.
1142 4571 1229 4635 17,
1258 4587 1398 4623 num.
1425 4569 1507 4637 ‘2),
1539 4566 1757 4625 sanctus
1780 4566 1923 4625 'l'ltoQ

341 4648 581 4710 nias-non
607 4647 699 4710 est
713 4651 996 4705 percussus
1020 4655 1048 4692 a
1074 4640 1272 4708 puella,
1296 4640 1390 4694 sed
1419 4655 1447 4693 a
1475 4641 1723 4707 pincerna
1754 4643 1924 4710 regis,

340 4704 494 4779 quod,
525 4719 649 4779 cum
686 4704 970 4763 interesset
1001 4704 1519 4779 convivio'nuptiali,
1547 4713 1778 4778 puellam
1812 4704 1923 4767 lle;

342 4775 530 4849 brzam
559 4777 781 4830 calamis
811 4789 1089 4833 canentem
1131 4775 1444 4849 in-piceiet.
1477 4775 1586 4834 Nec
1618 4785 1925 4849 percussori

342 4845 662 4904 imprecatus
679 4859 770 4920 est
799 4853 1092 4917 apostolus,
1126 4860 1182 4904 ut
1204 4845 1342 4918 apud
1382 4845 1629 4906 sanctuni
1663 4855 1916 4920 Augusrl-

342 4930 459 4986 nutu
509 4918 803 4972 narrabant
846 4920 1145 4985 Manichaai,
1190 4923 1309 4986 sed,
1345 4930 1485 4976 teSIe
1513 4921 1706 4985 Ahdia,
1749 4918 1919 4978 dixit:

341 4984 609 5058 Indulgent
633 4989 723 5040 tibi
747 4988 998 5062 Dominus
1019 4994 1070 5044 in
1095 4984 1272 5061 futuro
1293 4984 1517 5062 judicio,
1541 4991 1639 5060 ﬁli.
1672 4984 1926 5060 Egressus

338 5066 507 5129 autem
552 5062 804 5125 pincerna
836 5060 900 5112 ad
931 5060 1122 5129 aquam
1168 5060 1549 5125 hauriendam,
1585 5077 1612 5114 a
1650 5064 1836 5126 leone,
1869 5073 1928 5118 ut

343 5127 664 5190 praedixerat
696 5130 951 5202 Thomas.
983 5127 1270 5198 Occiditur,
1315 5135 1536 5202 ejusque
1577 5149 1768 5186 manus
1795 5135 1926 5188 dex-

340 5207 445 5273 tera
475 5215 502 5248 a
528 5213 663 5278 cane
710 5200 783 5283 in“
805 5202 1107 5257 convivium
1154 5200 1630 5258 delata’omnibus
1674 5206 1925 5260 timorem

339 5279 602 5326 ingentem
634 5279 830 5326 intulit.

391 5279 602 5335 gentem
634 5272 830 5326 intulit.

402 5335 429 5372 ἀ
468 5340 870 5414 Consecrantur.
896 5342 1128 5414 _Rngatu
1167 5344 1310 5414 regis
1357 5344 1594 5398 Thomas
1638 5344 1760 5398 ﬁlias
1809 5347 1928 5414 ejus

341 5419 450 5485 cum
483 5424 685 5485 sthtlSD
716 5412 1004 5467 benedixit.
1048 5415 1123 5468 llli
1156 5412 1458 5469 castitatem
1497 5412 1850 5485 proﬁtentur,
1871 5431 1927 5472 et

341 5478 490 5556 Iidem
547 5481 1120 5556 Christipraedicant.
1183 5486 1293 5540 Rex
1355 5478 1587 5555 primum
1642 5478 1922 5556 irascitur,

339 5545 521 5601 deinde
582 5551 646 5602 ad
714 5545 872 5608 ﬁdem
940 5570 1236 5610 conversus
1294 5545 1558 5615 diaconus
1617 5545 1922 5614 ordinatur:

339 5615 806 5696 (_l’semlu-itbdias,
850 5636 896 5677 et
947 5627 1071 5679 liber
1120 5628 1532 5696 llrsponsorialis
1571 5627 1631 5682 S.
1669 5628 1923 5696 Gregorii,

341 5688 458 5750 [esto
486 5689 546 5745 S.
578 5690 813 5761 ΤΙιοηιω,
841 5713 980 5765 oper.
1009 5697 1071 5753 S.
1097 5688 1334 5769 Gregorii
1364 5707 1488 5753 tam.
1525 5697 1646 5767 Ill,
1673 5688 1921 5768 ευιῖεηζ

2027 4506 2143 4573 ejus
2179 4506 2517 4574 martyrium,
2551 4507 2661 4560 nixi
2692 4509 3010 4562 auctoritate
3041 4508 3383 4562 lleracleonis
3411 4508 3607 4563 vetusti

2029 4575 2263 4629 haeretici
2313 4587 2476 4629 secta:
2515 4576 3025 4632 Valentinianorum.
3071 4579 3221 4646 Apud
3270 4580 3440 4632 Clem.
3482 4580 3608 4631 Ate-

2027 4645 2343 4718 xandrinum
2375 4647 2598 4715 (Strom.
2623 4648 2713 4700 lib.
2740 4648 2840 4716 tv),
2869 4649 2919 4702 in
2950 4649 3093 4702 India
3116 4645 3330 4718 passum
3357 4663 3476 4702 esse
3501 4649 3611 4714 ple-

2026 4716 2182 4784 rique
2219 4718 2510 4788 scriptores
2563 4727 2850 4781 testantur,
2899 4718 2988 4774 alii
3033 4716 3233 4788 gladio.
3286 4721 3378 4773 alii
3425 4721 3608 4772 lancea

2029 4800 2339 4855 percussum
2383 4787 2555 4840 aiunt.
2601 4789 2675 4841 lle
2720 4806 2859 4841 anno
2884 4787 3144 4854 passioitis
3173 4791 3300 4844 nihil
3324 4789 3455 4844 certi
3487 4803 3611 4841 con-

2026 4867 2157 4930 stat.
2186 4855 2385 4930 Locum
2434 4857 2677 4930 martyrii
2723 4858 3052 4930 Calatniuatn
3100 4863 3386 4930 designant
3426 4868 3605 4912 auctor

2035 4927 2137 4980 sub
2167 4929 2384 4996 nomine
2413 4927 2724 4996 SophrOnii,
2753 4929 2817 4982 ad
2841 4931 3044 4984 calcem
3075 4931 3191 4985 Iihri
3218 4927 3388 4985 sancti
3422 4929 3604 4984 lliero-

2029 4995 2299 5068 niytni(De
2334 4996 2464 5068 Viris
2493 4995 2797 5061 illustribus)
2826 5001 2997 5055 editus
3026 5001 3200 5068 (Edit.
3240 5000 3432 5054 Veron.
3465 5014 3617 5068 aper.

2030 5066 2093 5142 Si.
2149 5066 2368 5142 llier.t.
2394 5066 2480 5134 ll,
2523 5085 2646 5140 pag.
2674 5068 2824 5142 tida),
2855 5066 3153 5141 anonyinus
3175 5072 3312 5141 apud
3342 5066 3620 5142 (Ecuine;

2029 5141 2200 5204 nium,
2249 5141 2465 5210 aliique.
2515 5139 2812 5196 At’urbetn
2849 5139 3173 5196 Calaminant
3208 5139 3260 5196 in
3292 5143 3437 5195 India
3466 5139 3608 5209 apud

2030 5210 2236 5276 priscos
2261 5211 2595 5280 gengraphos
2623 5212 2815 5265 frustra
2845 5213 3142 5279 quaasieris.
3177 5213 3427 5268 Fortasse
3457 5213 3608 5266 locus

2027 5280 2155 5351 olim
2180 5281 2462 5342 obscurus.
2493 5282 2719 5337 fortasse
2740 5283 2847 5336 alio
2874 5284 3130 5336 vocabulo
3151 5283 3414 5351 appellata
3451 5284 3601 5336 urbs.

2031 5348 2378 5406 Recentiores
2400 5351 2728 5407 Calaminam
2753 5368 2869 5406 eam
2897 5353 3079 5406 urbem
3105 5348 3606 5418 esseetmtendunt,

2027 5436 2146 5488 quin
2170 5423 2337 5494 modo
2366 5421 2626 5494 Meliapor
2653 5423 2952 5492 appellatur
2971 5463 2987 5489 ,
3019 5425 3069 5476 in
3093 5441 3195 5494 qua
3224 5425 3351 5479 urbe
3373 5427 3609 5493 glorian-

2031 5502 2116 5564 tur
2158 5491 2397 5547 Chaldwi
2441 5493 2579 5564 apud
2599 5508 2670 5564 _se
2699 5491 2962 5564 repositas
2992 5491 3125 5548 esse
3145 5491 3398 5564 reliquias
3437 5495 3609 5550 sancti

2029 5563 2522 5635 'Al'ltomtngapostoli
2565 5561 2725 5632 (Bibl.
2768 5561 2981 5619 Orient.
3013 5574 3052 5619 t.
3081 5565 3199 5632 Ill,
3229 5561 3362 5634 part.
3396 5581 3453 5628 ιι,
3487 5583 3605 5635 pag.

2025 5631 2143 5706 2i),
2177 5641 2232 5706 ct
2259 5632 2496 5706 Lusitani
2521 5648 2548 5684 a
2576 5631 2636 5686 Se
2665 5635 2939 5689 inventum
2967 5653 3159 5706 corpus
3188 5631 3355 5693 salicti
3385 5631 3606 5690 TtanEe

2029 5704 2082 5760 in
2123 5703 2253 5760 urbe
2297 5703 2555 5774 Meliapor
2593 5719 2716 5761 cum
2752 5721 2873 5763 vase
2902 5707 2989 5765 lict
3015 5703 3129 5766 li'et
3157 5709 3353 5766 lancea:
3383 5708 3610 5776 Cuspide
