  <div class='ocr_page' id='page_1' title='image "/cluster/home/n/w/nwhite01/storage/ocr_20150623/85/hvd.32044054758891/098.png"; bbox 0 0 4052 6182; ppageno 0'>
   <div class='ocr_carea' id='block_1_1' title="bbox 348 225 448 282">
    <p class='ocr_par' dir='ltr' id='par_1_1' title="bbox 348 225 448 282">
     <span class='ocr_line' id='line_1_1' title="bbox 348 225 448 282; baseline -0.01 -1"><span class='ocrx_word' id='word_1_1' title='bbox 348 225 448 282; x_wconf 80' lang='grc'><strong>183</strong></span> 
     </span>
    </p>
   </div>
   <div class='ocr_carea' id='block_1_2' title="bbox 1055 220 2874 279">
    <p class='ocr_par' dir='ltr' id='par_1_2' title="bbox 1055 220 2874 279">
     <span class='ocr_line' id='line_1_2' title="bbox 1055 220 2874 279; baseline 0 -2"><span class='ocrx_word' id='word_1_2' title='bbox 1055 222 1345 279; x_wconf 73' lang='lat' dir='ltr'><strong>MISSALE</strong></span> <span class='ocrx_word' id='word_1_3' title='bbox 1386 223 1662 278; x_wconf 77' lang='lat' dir='ltr'><strong>MIXTUM</strong></span> <span class='ocrx_word' id='word_1_4' title='bbox 1703 221 1851 278; x_wconf 81' lang='lat' dir='ltr'><strong>SEC.</strong></span> <span class='ocrx_word' id='word_1_5' title='bbox 1893 220 2053 275; x_wconf 69' lang='grc' dir='ltr'><strong>ΠΕΟ.</strong></span> <span class='ocrx_word' id='word_1_6' title='bbox 2099 222 2159 278; x_wconf 86' lang='grc' dir='ltr'><strong>Β.</strong></span> <span class='ocrx_word' id='word_1_7' title='bbox 2200 221 2464 277; x_wconf 81' lang='lat' dir='ltr'><strong>lSlDORI.</strong></span> <span class='ocrx_word' id='word_1_8' title='bbox 2507 252 2576 262; x_wconf 91' lang='lat'><strong>—</strong></span> <span class='ocrx_word' id='word_1_9' title='bbox 2614 222 2795 279; x_wconf 79' lang='lat' dir='ltr'><strong>PARS</strong></span> <span class='ocrx_word' id='word_1_10' title='bbox 2832 221 2874 277; x_wconf 90' lang='grc' dir='ltr'><strong>Ι.</strong></span> 
     </span>
    </p>
   </div>
   <div class='ocr_carea' id='block_1_3' title="bbox 3498 223 3599 277">
    <p class='ocr_par' dir='ltr' id='par_1_3' title="bbox 3498 223 3599 277">
     <span class='ocr_line' id='line_1_3' title="bbox 3498 223 3599 277; baseline -0.02 0"><span class='ocrx_word' id='word_1_11' title='bbox 3498 223 3599 277; x_wconf 77' lang='grc'><strong>186</strong></span> 
     </span>
    </p>
   </div>
   <div class='ocr_carea' id='block_1_4' title="bbox 337 338 3600 413">
    <p class='ocr_par' dir='ltr' id='par_1_4' title="bbox 337 338 3600 413">
     <span class='ocr_line' id='line_1_4' title="bbox 337 338 3600 413; baseline 0.001 -18"><span class='ocrx_word' id='word_1_12' title='bbox 337 354 394 395; x_wconf 86' lang='lat' dir='ltr'><strong>et</strong></span> <span class='ocrx_word' id='word_1_13' title='bbox 419 353 586 409; x_wconf 84' lang='lat' dir='ltr'><strong>usque</strong></span> <span class='ocrx_word' id='word_1_14' title='bbox 614 340 668 393; x_wconf 91' lang='lat' dir='ltr'><strong>in</strong></span> <span class='ocrx_word' id='word_1_15' title='bbox 698 338 1106 407; x_wconf 87' lang='lat' dir='ltr'><strong>sempiternum.</strong></span> <span class='ocrx_word' id='word_1_16' title='bbox 1140 338 1296 392; x_wconf 83' lang='lat' dir='ltr'><strong>Zelus</strong></span> <span class='ocrx_word' id='word_1_17' title='bbox 1327 338 1538 393; x_wconf 90' lang='lat' dir='ltr'><strong>Domini</strong></span> <span class='ocrx_word' id='word_1_18' title='bbox 1583 339 1917 395; x_wconf 68' lang='lat' dir='ltr'><strong>exercituum</strong></span> <span class='ocrx_word' id='word_1_19' title='bbox 1948 338 1995 397; x_wconf 75' lang='grc' dir='ltr'><strong>Δ</strong></span> <span class='ocrx_word' id='word_1_20' title='bbox 2027 338 2092 392; x_wconf 79' lang='lat' dir='ltr'><strong>Et</strong></span> <span class='ocrx_word' id='word_1_21' title='bbox 2118 339 2253 394; x_wconf 74' lang='lat' dir='ltr'><strong>dixit</strong></span> <span class='ocrx_word' id='word_1_22' title='bbox 2314 341 2418 396; x_wconf 85' lang='lat' dir='ltr'><strong>illis</strong></span> <span class='ocrx_word' id='word_1_23' title='bbox 2476 344 2717 413; x_wconf 77' lang='lat' dir='ltr'><strong>angelus.</strong></span> <span class='ocrx_word' id='word_1_24' title='bbox 2765 344 2943 399; x_wconf 78' lang='lat' dir='ltr'><strong>Nolite</strong></span> <span class='ocrx_word' id='word_1_25' title='bbox 2995 344 3205 400; x_wconf 79' lang='lat' dir='ltr'><strong>timete.</strong></span> <span class='ocrx_word' id='word_1_26' title='bbox 3277 345 3411 399; x_wconf 82' lang='lat' dir='ltr'><strong>Ecce</strong></span> <span class='ocrx_word' id='word_1_27' title='bbox 3456 346 3600 401; x_wconf 88' lang='lat' dir='ltr'><strong>enim</strong></span> 
     </span>
    </p>
   </div>
   <div class='ocr_carea' id='block_1_5' title="bbox 342 431 998 496">
    <p class='ocr_par' dir='ltr' id='par_1_5' title="bbox 342 431 998 496">
     <span class='ocr_line' id='line_1_5' title="bbox 342 431 998 496; baseline -0.006 -9"><span class='ocrx_word' id='word_1_28' title='bbox 342 432 645 487; x_wconf 87' lang='lat' dir='ltr'><strong>tacietlioc.</strong></span> <span class='ocrx_word' id='word_1_29' title='bbox 694 431 765 496; x_wconf 68' lang='grc' dir='ltr'><strong>ἠ.</strong></span> <span class='ocrx_word' id='word_1_30' title='bbox 812 432 998 484; x_wconf 85' lang='lat' dir='ltr'><strong>Amen.</strong></span> 
     </span>
    </p>
   </div>
   <div class='ocr_carea' id='block_1_6' title="bbox 414 520 1915 590">
    <p class='ocr_par' dir='ltr' id='par_1_6' title="bbox 414 520 1915 590">
     <span class='ocr_line' id='line_1_6' title="bbox 414 520 1915 590; baseline -0.001 -15"><span class='ocrx_word' id='word_1_31' title='bbox 414 522 561 575; x_wconf 86' lang='lat' dir='ltr'><strong>Dicat</strong></span> <span class='ocrx_word' id='word_1_32' title='bbox 589 520 771 573; x_wconf 80' lang='lat' dir='ltr'><strong>Presb.</strong></span> <span class='ocrx_word' id='word_1_33' title='bbox 818 520 1078 573; x_wconf 81' lang='lat' dir='ltr'><strong>Dominus</strong></span> <span class='ocrx_word' id='word_1_34' title='bbox 1107 520 1177 573; x_wconf 89' lang='lat' dir='ltr'><strong>sit</strong></span> <span class='ocrx_word' id='word_1_35' title='bbox 1224 535 1439 590; x_wconf 84' lang='lat' dir='ltr'><strong>semper</strong></span> <span class='ocrx_word' id='word_1_36' title='bbox 1488 522 1781 575; x_wconf 82' lang='lat' dir='ltr'><strong>vobiscum.</strong></span> <span class='ocrx_word' id='word_1_37' title='bbox 1844 522 1915 588; x_wconf 65' lang='grc' dir='ltr'><strong>ἢ.</strong></span> 
     </span>
    </p>
   </div>
   <div class='ocr_carea' id='block_1_7' title="bbox 344 614 1920 687">
    <p class='ocr_par' dir='ltr' id='par_1_7' title="bbox 344 614 1920 687">
     <span class='ocr_line' id='line_1_7' title="bbox 344 614 1920 687; baseline -0.001 -16"><span class='ocrx_word' id='word_1_38' title='bbox 344 618 407 671; x_wconf 82' lang='grc' dir='ltr'>Ει</span> <span class='ocrx_word' id='word_1_39' title='bbox 452 631 593 670; x_wconf 87' lang='lat' dir='ltr'><strong>cum.</strong></span> <span class='ocrx_word' id='word_1_40' title='bbox 638 614 784 667; x_wconf 86' lang='lat' dir='ltr'><strong>Dicat</strong></span> <span class='ocrx_word' id='word_1_41' title='bbox 828 614 1052 668; x_wconf 82' lang='lat' dir='ltr'><strong>Chorus.</strong></span> <span class='ocrx_word' id='word_1_42' title='bbox 1102 625 1128 652; x_wconf 78' lang='grc' dir='ltr'><strong>ι</strong></span> <span class='ocrx_word' id='word_1_43' title='bbox 1172 614 1470 670; x_wconf 74' lang='lat' dir='ltr'><strong>Paul/endo.</strong></span> <span class='ocrx_word' id='word_1_44' title='bbox 1506 618 1615 687; x_wconf 76' lang='lat'><strong>38</strong></span> <span class='ocrx_word' id='word_1_45' title='bbox 1666 616 1920 670; x_wconf 86' lang='lat' dir='ltr'><strong>Dominus</strong></span> 
     </span>
    </p>
   </div>
   <div class='ocr_carea' id='block_1_8' title="bbox 340 706 1918 777">
    <p class='ocr_par' dir='ltr' id='par_1_8' title="bbox 340 706 1918 777">
     <span class='ocr_line' id='line_1_8' title="bbox 340 706 1918 777; baseline -0.001 -18"><span class='ocrx_word' id='word_1_46' title='bbox 340 710 474 762; x_wconf 78' lang='lat' dir='ltr'><strong>dixit</strong></span> <span class='ocrx_word' id='word_1_47' title='bbox 501 708 566 759; x_wconf 88' lang='lat' dir='ltr'><strong>ad</strong></span> <span class='ocrx_word' id='word_1_48' title='bbox 611 722 697 759; x_wconf 89' lang='lat' dir='ltr'><strong>me</strong></span> <span class='ocrx_word' id='word_1_49' title='bbox 729 706 869 759; x_wconf 86' lang='lat' dir='ltr'><strong>titius</strong></span> <span class='ocrx_word' id='word_1_50' title='bbox 911 721 1062 759; x_wconf 90' lang='lat' dir='ltr'><strong>meus</strong></span> <span class='ocrx_word' id='word_1_51' title='bbox 1100 721 1159 759; x_wconf 85' lang='lat' dir='ltr'><strong>es</strong></span> <span class='ocrx_word' id='word_1_52' title='bbox 1186 714 1279 759; x_wconf 92' lang='lat' dir='ltr'><strong>tu:</strong></span> <span class='ocrx_word' id='word_1_53' title='bbox 1324 722 1424 774; x_wconf 90' lang='lat' dir='ltr'><strong>ego</strong></span> <span class='ocrx_word' id='word_1_54' title='bbox 1467 707 1621 760; x_wconf 88' lang='lat' dir='ltr'><strong>hodie</strong></span> <span class='ocrx_word' id='word_1_55' title='bbox 1650 708 1806 777; x_wconf 86' lang='lat' dir='ltr'><strong>genui</strong></span> <span class='ocrx_word' id='word_1_56' title='bbox 1846 718 1918 763; x_wconf 87' lang='lat' dir='ltr'><strong>te.</strong></span> 
     </span>
    </p>
   </div>
   <div class='ocr_carea' id='block_1_9' title="bbox 352 793 1919 863">
    <p class='ocr_par' dir='ltr' id='par_1_9' title="bbox 352 793 1919 863">
     <span class='ocr_line' id='line_1_9' title="bbox 352 793 1919 863; baseline 0.002 -17"><span class='ocrx_word' id='word_1_57' title='bbox 352 797 389 863; x_wconf 54' lang='grc' dir='ltr'><em>ᾗ</em></span> <span class='ocrx_word' id='word_1_58' title='bbox 412 836 428 848; x_wconf 90' lang='grc'><strong>.</strong></span> <span class='ocrx_word' id='word_1_59' title='bbox 465 796 586 847; x_wconf 78' lang='lat' dir='ltr'><strong>Pete</strong></span> <span class='ocrx_word' id='word_1_60' title='bbox 608 809 637 847; x_wconf 89' lang='lat' dir='ltr'><strong>a</strong></span> <span class='ocrx_word' id='word_1_61' title='bbox 668 808 791 848; x_wconf 86' lang='lat' dir='ltr'><strong>me:</strong></span> <span class='ocrx_word' id='word_1_62' title='bbox 826 802 879 847; x_wconf 91' lang='lat' dir='ltr'><strong>et</strong></span> <span class='ocrx_word' id='word_1_63' title='bbox 898 793 1037 847; x_wconf 86' lang='lat' dir='ltr'><strong>dabo</strong></span> <span class='ocrx_word' id='word_1_64' title='bbox 1066 794 1159 848; x_wconf 89' lang='lat' dir='ltr'><strong>tibi</strong></span> <span class='ocrx_word' id='word_1_65' title='bbox 1182 803 1367 861; x_wconf 80' lang='lat' dir='ltr'><strong>gentes</strong></span> <span class='ocrx_word' id='word_1_66' title='bbox 1400 796 1749 849; x_wconf 85' lang='lat' dir='ltr'><strong>hereditatem</strong></span> <span class='ocrx_word' id='word_1_67' title='bbox 1777 805 1919 849; x_wconf 88' lang='lat' dir='ltr'><strong>tuam</strong></span> 
     </span>
    </p>
   </div>
   <div class='ocr_carea' id='block_1_10' title="bbox 338 884 1743 955">
    <p class='ocr_par' dir='ltr' id='par_1_10' title="bbox 338 884 1743 955">
     <span class='ocr_line' id='line_1_10' title="bbox 338 884 1743 955; baseline 0.001 -15"><span class='ocrx_word' id='word_1_68' title='bbox 338 896 392 940; x_wconf 90' lang='lat' dir='ltr'><strong>et</strong></span> <span class='ocrx_word' id='word_1_69' title='bbox 423 886 814 953; x_wconf 66' lang='lat' dir='ltr'><strong>possessionem</strong></span> <span class='ocrx_word' id='word_1_70' title='bbox 846 895 990 937; x_wconf 81' lang='lat' dir='ltr'><strong>tuam</strong></span> <span class='ocrx_word' id='word_1_71' title='bbox 1019 885 1276 939; x_wconf 84' lang='lat' dir='ltr'><strong>terminos</strong></span> <span class='ocrx_word' id='word_1_72' title='bbox 1315 894 1475 939; x_wconf 88' lang='lat' dir='ltr'><strong>terre.</strong></span> <span class='ocrx_word' id='word_1_73' title='bbox 1509 884 1578 939; x_wconf 94' lang='lat' dir='ltr'><strong>P.</strong></span> <span class='ocrx_word' id='word_1_74' title='bbox 1610 886 1743 955; x_wconf 83' lang='lat' dir='ltr'><strong>Ego.</strong></span> 
     </span>
    </p>
   </div>
   <div class='ocr_carea' id='block_1_11' title="bbox 412 976 1315 1032">
    <p class='ocr_par' dir='ltr' id='par_1_11' title="bbox 412 976 1315 1032">
     <span class='ocr_line' id='line_1_11' title="bbox 412 976 1315 1032; baseline 0 -1"><span class='ocrx_word' id='word_1_75' title='bbox 412 977 565 1031; x_wconf 79' lang='lat' dir='ltr'><strong>Dicul</strong></span> <span class='ocrx_word' id='word_1_76' title='bbox 605 976 785 1031; x_wconf 83' lang='lat' dir='ltr'><strong>Presb.</strong></span> <span class='ocrx_word' id='word_1_77' title='bbox 817 976 1100 1032; x_wconf 88' lang='lat' dir='ltr'><strong>Silentium</strong></span> <span class='ocrx_word' id='word_1_78' title='bbox 1136 977 1315 1031; x_wconf 88' lang='lat' dir='ltr'><strong>facite.</strong></span> 
     </span>
    </p>
   </div>
   <div class='ocr_carea' id='block_1_12' title="bbox 448 1088 1808 1159">
    <p class='ocr_par' dir='ltr' id='par_1_12' title="bbox 448 1088 1808 1159">
     <span class='ocr_line' id='line_1_12' title="bbox 448 1088 1808 1159; baseline 0.001 -16"><span class='ocrx_word' id='word_1_79' title='bbox 448 1088 767 1159; x_wconf 79' lang='lat' dir='ltr'><strong>Principium</strong></span> <span class='ocrx_word' id='word_1_80' title='bbox 800 1089 1010 1156; x_wconf 72' lang='lat' dir='ltr'><strong>epistola</strong></span> <span class='ocrx_word' id='word_1_81' title='bbox 1040 1088 1194 1142; x_wconf 82' lang='lat' dir='ltr'><strong>Pauli</strong></span> <span class='ocrx_word' id='word_1_82' title='bbox 1231 1090 1450 1156; x_wconf 79' lang='lat' dir='ltr'><strong>apostoli</strong></span> <span class='ocrx_word' id='word_1_83' title='bbox 1488 1090 1556 1143; x_wconf 84' lang='lat' dir='ltr'><strong>ad</strong></span> <span class='ocrx_word' id='word_1_84' title='bbox 1581 1089 1808 1145; x_wconf 83' lang='lat' dir='ltr'><strong>Hebrcos</strong></span> 
     </span>
    </p>
   </div>
   <div class='ocr_carea' id='block_1_13' title="bbox 981 1177 1302 1251">
    <p class='ocr_par' dir='ltr' id='par_1_13' title="bbox 981 1177 1302 1251">
     <span class='ocr_line' id='line_1_13' title="bbox 981 1177 1302 1251; baseline 0 -18"><span class='ocrx_word' id='word_1_85' title='bbox 981 1177 1029 1251; x_wconf 70' lang='grc' dir='ltr'><strong>(δ</strong></span> <span class='ocrx_word' id='word_1_86' title='bbox 1063 1178 1194 1249; x_wconf 83' lang='lat' dir='ltr'><strong>Cap.</strong></span> <span class='ocrx_word' id='word_1_87' title='bbox 1227 1179 1302 1249; x_wconf 81' lang='grc' dir='ltr'><strong>Ι).</strong></span> 
     </span>
    </p>
   </div>
   <div class='ocr_carea' id='block_1_14' title="bbox 422 1251 906 1320">
    <p class='ocr_par' dir='ltr' id='par_1_14' title="bbox 422 1251 906 1320">
     <span class='ocr_line' id='line_1_14' title="bbox 422 1251 906 1320; baseline -0.002 -16"><span class='ocrx_word' id='word_1_88' title='bbox 422 1252 498 1320; x_wconf 67' lang='grc' dir='ltr'><strong>ἡ.</strong></span> <span class='ocrx_word' id='word_1_89' title='bbox 543 1251 653 1305; x_wconf 90' lang='lat' dir='ltr'><strong>Deo</strong></span> <span class='ocrx_word' id='word_1_90' title='bbox 690 1251 906 1320; x_wconf 79' lang='lat' dir='ltr'><strong>gratias.</strong></span> 
     </span>
    </p>
   </div>
   <div class='ocr_carea' id='block_1_15' title="bbox 413 1334 1921 1412">
    <p class='ocr_par' dir='ltr' id='par_1_15' title="bbox 413 1334 1921 1412">
     <span class='ocr_line' id='line_1_15' title="bbox 413 1334 1921 1412; baseline 0.002 -15"><span class='ocrx_word' id='word_1_91' title='bbox 413 1344 649 1399; x_wconf 82' lang='lat' dir='ltr'><strong>Fratres.</strong></span> <span class='ocrx_word' id='word_1_92' title='bbox 681 1334 965 1398; x_wconf 81' lang='lat' dir='ltr'><strong>Multifarie</strong></span> <span class='ocrx_word' id='word_1_93' title='bbox 1014 1344 1304 1412; x_wconf 81' lang='lat' dir='ltr'><strong>multisque</strong></span> <span class='ocrx_word' id='word_1_94' title='bbox 1371 1344 1544 1399; x_wconf 86' lang='lat' dir='ltr'><strong>modis</strong></span> <span class='ocrx_word' id='word_1_95' title='bbox 1588 1344 1726 1399; x_wconf 84' lang='lat' dir='ltr'><strong>olim</strong></span> <span class='ocrx_word' id='word_1_96' title='bbox 1780 1345 1921 1400; x_wconf 86' lang='lat' dir='ltr'><strong>Deus</strong></span> 
     </span>
    </p>
   </div>
   <div class='ocr_carea' id='block_1_16' title="bbox 347 1434 1921 1503">
    <p class='ocr_par' dir='ltr' id='par_1_16' title="bbox 347 1434 1921 1503">
     <span class='ocr_line' id='line_1_16' title="bbox 347 1434 1921 1503; baseline 0.001 -15"><span class='ocrx_word' id='word_1_97' title='bbox 347 1436 558 1489; x_wconf 78' lang='lat' dir='ltr'><strong>locutus</strong></span> <span class='ocrx_word' id='word_1_98' title='bbox 588 1442 672 1489; x_wconf 89' lang='lat' dir='ltr'><strong>est</strong></span> <span class='ocrx_word' id='word_1_99' title='bbox 702 1434 945 1503; x_wconf 87' lang='lat' dir='ltr'><strong>patribus</strong></span> <span class='ocrx_word' id='word_1_100' title='bbox 984 1435 1183 1490; x_wconf 85' lang='lat' dir='ltr'><strong>nostris</strong></span> <span class='ocrx_word' id='word_1_101' title='bbox 1232 1436 1285 1489; x_wconf 94' lang='lat' dir='ltr'><strong>in</strong></span> <span class='ocrx_word' id='word_1_102' title='bbox 1329 1434 1636 1503; x_wconf 80' lang='lat' dir='ltr'><strong>PrOphetis.</strong></span> <span class='ocrx_word' id='word_1_103' title='bbox 1683 1436 1921 1491; x_wconf 85' lang='lat' dir='ltr'><strong>Novissi—</strong></span> 
     </span>
    </p>
   </div>
   <div class='ocr_carea' id='block_1_17' title="bbox 346 1524 1919 1595">
    <p class='ocr_par' dir='ltr' id='par_1_17' title="bbox 346 1524 1919 1595">
     <span class='ocr_line' id='line_1_17' title="bbox 346 1524 1919 1595; baseline 0.002 -16"><span class='ocrx_word' id='word_1_104' title='bbox 346 1527 444 1579; x_wconf 85' lang='lat' dir='ltr'><strong>mis</strong></span> <span class='ocrx_word' id='word_1_105' title='bbox 472 1525 667 1579; x_wconf 86' lang='lat' dir='ltr'><strong>diebus</strong></span> <span class='ocrx_word' id='word_1_106' title='bbox 688 1526 894 1579; x_wconf 88' lang='lat' dir='ltr'><strong>locutus</strong></span> <span class='ocrx_word' id='word_1_107' title='bbox 926 1535 1006 1579; x_wconf 90' lang='lat' dir='ltr'><strong>est</strong></span> <span class='ocrx_word' id='word_1_108' title='bbox 1023 1524 1179 1580; x_wconf 90' lang='lat' dir='ltr'><strong>nobis</strong></span> <span class='ocrx_word' id='word_1_109' title='bbox 1209 1525 1265 1579; x_wconf 88' lang='lat' dir='ltr'><strong>in</strong></span> <span class='ocrx_word' id='word_1_110' title='bbox 1289 1525 1398 1579; x_wconf 85' lang='lat' dir='ltr'><strong>ﬁlio</strong></span> <span class='ocrx_word' id='word_1_111' title='bbox 1420 1540 1553 1579; x_wconf 89' lang='lat' dir='ltr'><strong>suo:</strong></span> <span class='ocrx_word' id='word_1_112' title='bbox 1587 1541 1746 1595; x_wconf 87' lang='lat' dir='ltr'><strong>quem</strong></span> <span class='ocrx_word' id='word_1_113' title='bbox 1787 1542 1919 1582; x_wconf 87' lang='lat' dir='ltr'><strong>con-</strong></span> 
     </span>
    </p>
   </div>
   <div class='ocr_carea' id='block_1_18' title="bbox 342 1615 1917 1684">
    <p class='ocr_par' dir='ltr' id='par_1_18' title="bbox 342 1615 1917 1684">
     <span class='ocr_line' id='line_1_18' title="bbox 342 1615 1917 1684; baseline 0.001 -13"><span class='ocrx_word' id='word_1_114' title='bbox 342 1616 511 1671; x_wconf 76' lang='lat' dir='ltr'><strong>stituit</strong></span> <span class='ocrx_word' id='word_1_115' title='bbox 536 1616 789 1671; x_wconf 82' lang='lat' dir='ltr'><strong>heredem</strong></span> <span class='ocrx_word' id='word_1_116' title='bbox 814 1615 1204 1670; x_wconf 83' lang='lat' dir='ltr'><strong>universorum.</strong></span> <span class='ocrx_word' id='word_1_117' title='bbox 1234 1615 1336 1670; x_wconf 87' lang='lat' dir='ltr'><strong>Per</strong></span> <span class='ocrx_word' id='word_1_118' title='bbox 1379 1631 1535 1684; x_wconf 89' lang='lat' dir='ltr'><strong>quem</strong></span> <span class='ocrx_word' id='word_1_119' title='bbox 1557 1616 1683 1671; x_wconf 90' lang='lat' dir='ltr'><strong>fecit</strong></span> <span class='ocrx_word' id='word_1_120' title='bbox 1708 1616 1805 1671; x_wconf 87' lang='lat' dir='ltr'><strong>hec</strong></span> <span class='ocrx_word' id='word_1_121' title='bbox 1833 1631 1917 1672; x_wconf 83' lang='lat' dir='ltr'><strong>se-</strong></span> 
     </span>
    </p>
   </div>
   <div class='ocr_carea' id='block_1_19' title="bbox 338 1681 1999 1775">
    <p class='ocr_par' dir='ltr' id='par_1_19' title="bbox 338 1681 1999 1775">
     <span class='ocr_line' id='line_1_19' title="bbox 338 1681 1999 1775; baseline 0.002 -16"><span class='ocrx_word' id='word_1_122' title='bbox 338 1705 593 1773; x_wconf 83' lang='lat' dir='ltr'><strong>cula.Qui</strong></span> <span class='ocrx_word' id='word_1_123' title='bbox 632 1720 749 1758; x_wconf 89' lang='lat' dir='ltr'><strong>cum</strong></span> <span class='ocrx_word' id='word_1_124' title='bbox 770 1706 841 1759; x_wconf 87' lang='lat' dir='ltr'><strong>sit</strong></span> <span class='ocrx_word' id='word_1_125' title='bbox 868 1704 1120 1774; x_wconf 79' lang='lat' dir='ltr'><strong>Splendor</strong></span> <span class='ocrx_word' id='word_1_126' title='bbox 1143 1706 1344 1774; x_wconf 89' lang='lat' dir='ltr'><strong>glorie:</strong></span> <span class='ocrx_word' id='word_1_127' title='bbox 1372 1681 1424 1760; x_wconf 73' lang='lat' dir='ltr'><strong>et</strong></span> <span class='ocrx_word' id='word_1_128' title='bbox 1448 1706 1613 1775; x_wconf 90' lang='lat' dir='ltr'><strong>ﬁgura</strong></span> <span class='ocrx_word' id='word_1_129' title='bbox 1628 1707 1923 1763; x_wconf 87' lang='lat' dir='ltr'><strong>substantie</strong></span> <span class='ocrx_word' id='word_1_130' title='bbox 1955 1681 1999 1739; x_wconf 77' lang='grc' dir='ltr'><strong>Β</strong></span> 
     </span>
    </p>
   </div>
   <div class='ocr_carea' id='block_1_20' title="bbox 338 1799 1920 1871">
    <p class='ocr_par' dir='ltr' id='par_1_20' title="bbox 338 1799 1920 1871">
     <span class='ocr_line' id='line_1_20' title="bbox 338 1799 1920 1871; baseline 0.003 -20"><span class='ocrx_word' id='word_1_131' title='bbox 338 1800 453 1863; x_wconf 87' lang='lat' dir='ltr'><strong>ejus</strong></span> <span class='ocrx_word' id='word_1_132' title='bbox 486 1815 499 1849; x_wconf 91' lang='lat'><strong>:</strong></span> <span class='ocrx_word' id='word_1_133' title='bbox 535 1807 859 1867; x_wconf 81' lang='lat' dir='ltr'><strong>portansque</strong></span> <span class='ocrx_word' id='word_1_134' title='bbox 886 1799 1065 1852; x_wconf 89' lang='lat' dir='ltr'><strong>omnia</strong></span> <span class='ocrx_word' id='word_1_135' title='bbox 1110 1799 1279 1854; x_wconf 82' lang='lat' dir='ltr'><strong>verbo</strong></span> <span class='ocrx_word' id='word_1_136' title='bbox 1310 1799 1523 1854; x_wconf 88' lang='lat' dir='ltr'><strong>virtutis</strong></span> <span class='ocrx_word' id='word_1_137' title='bbox 1557 1814 1694 1855; x_wconf 91' lang='lat' dir='ltr'><strong>sue:</strong></span> <span class='ocrx_word' id='word_1_138' title='bbox 1730 1816 1920 1871; x_wconf 87' lang='lat' dir='ltr'><strong>purga-</strong></span> 
     </span>
    </p>
   </div>
   <div class='ocr_carea' id='block_1_21' title="bbox 340 1890 1923 1958">
    <p class='ocr_par' dir='ltr' id='par_1_21' title="bbox 340 1890 1923 1958">
     <span class='ocr_line' id='line_1_21' title="bbox 340 1890 1923 1958; baseline 0.003 -15"><span class='ocrx_word' id='word_1_139' title='bbox 340 1890 534 1945; x_wconf 85' lang='lat' dir='ltr'><strong>tionem</strong></span> <span class='ocrx_word' id='word_1_140' title='bbox 568 1900 908 1958; x_wconf 85' lang='lat' dir='ltr'><strong>peecatorum</strong></span> <span class='ocrx_word' id='word_1_141' title='bbox 936 1890 1139 1946; x_wconf 89' lang='lat' dir='ltr'><strong>faciens</strong></span> <span class='ocrx_word' id='word_1_142' title='bbox 1164 1908 1177 1945; x_wconf 88' lang='lat'><strong>:</strong></span> <span class='ocrx_word' id='word_1_143' title='bbox 1210 1892 1364 1947; x_wconf 84' lang='lat' dir='ltr'><strong>sedet</strong></span> <span class='ocrx_word' id='word_1_144' title='bbox 1409 1894 1475 1947; x_wconf 89' lang='lat' dir='ltr'><strong>ad</strong></span> <span class='ocrx_word' id='word_1_145' title='bbox 1506 1893 1782 1949; x_wconf 81' lang='lat' dir='ltr'><strong>dexteram</strong></span> <span class='ocrx_word' id='word_1_146' title='bbox 1810 1910 1923 1948; x_wconf 87' lang='lat' dir='ltr'><strong>ma-</strong></span> 
     </span>
    </p>
   </div>
   <div class='ocr_carea' id='block_1_22' title="bbox 336 1982 1918 2053">
    <p class='ocr_par' dir='ltr' id='par_1_22' title="bbox 336 1982 1918 2053">
     <span class='ocr_line' id='line_1_22' title="bbox 336 1982 1918 2053; baseline 0.004 -18"><span class='ocrx_word' id='word_1_147' title='bbox 336 1982 545 2051; x_wconf 79' lang='lat' dir='ltr'><strong>iestatis</strong></span> <span class='ocrx_word' id='word_1_148' title='bbox 574 1982 624 2033; x_wconf 91' lang='lat' dir='ltr'><strong>in</strong></span> <span class='ocrx_word' id='word_1_149' title='bbox 667 1982 919 2036; x_wconf 75' lang='lat' dir='ltr'><strong>excelsis.</strong></span> <span class='ocrx_word' id='word_1_150' title='bbox 966 1983 1139 2037; x_wconf 86' lang='lat' dir='ltr'><strong>Tanto</strong></span> <span class='ocrx_word' id='word_1_151' title='bbox 1184 1984 1376 2038; x_wconf 88' lang='lat' dir='ltr'><strong>melior</strong></span> <span class='ocrx_word' id='word_1_152' title='bbox 1418 1986 1624 2053; x_wconf 83' lang='lat' dir='ltr'><strong>angelis</strong></span> <span class='ocrx_word' id='word_1_153' title='bbox 1655 1986 1918 2042; x_wconf 80' lang='lat' dir='ltr'><strong>eﬁ&#39;ectns:</strong></span> 
     </span>
    </p>
   </div>
   <div class='ocr_carea' id='block_1_23' title="bbox 338 2072 1921 2142">
    <p class='ocr_par' dir='ltr' id='par_1_23' title="bbox 338 2072 1921 2142">
     <span class='ocr_line' id='line_1_23' title="bbox 338 2072 1921 2142; baseline 0.008 -19"><span class='ocrx_word' id='word_1_154' title='bbox 338 2083 536 2139; x_wconf 74' lang='lat' dir='ltr'><strong>quanto</strong></span> <span class='ocrx_word' id='word_1_155' title='bbox 567 2072 903 2128; x_wconf 67' lang='lat' dir='ltr'><strong>differendus</strong></span> <span class='ocrx_word' id='word_1_156' title='bbox 948 2088 1042 2142; x_wconf 85' lang='lat' dir='ltr'><strong>pre</strong></span> <span class='ocrx_word' id='word_1_157' title='bbox 1076 2075 1180 2128; x_wconf 91' lang='lat' dir='ltr'><strong>illis</strong></span> <span class='ocrx_word' id='word_1_158' title='bbox 1206 2072 1401 2131; x_wconf 85' lang='lat' dir='ltr'><strong>nomen</strong></span> <span class='ocrx_word' id='word_1_159' title='bbox 1434 2077 1777 2133; x_wconf 88' lang='lat' dir='ltr'><strong>hereditavit.</strong></span> <span class='ocrx_word' id='word_1_160' title='bbox 1826 2080 1921 2136; x_wconf 86' lang='lat' dir='ltr'><strong>Cui</strong></span> 
     </span>
    </p>
   </div>
   <div class='ocr_carea' id='block_1_24' title="bbox 336 2167 1921 2245">
    <p class='ocr_par' dir='ltr' id='par_1_24' title="bbox 336 2167 1921 2245">
     <span class='ocr_line' id='line_1_24' title="bbox 336 2167 1921 2245; baseline 0.006 -24"><span class='ocrx_word' id='word_1_161' title='bbox 336 2170 477 2221; x_wconf 82' lang='lat' dir='ltr'><strong>enim</strong></span> <span class='ocrx_word' id='word_1_162' title='bbox 507 2167 645 2221; x_wconf 73' lang='lat' dir='ltr'><strong>dixit</strong></span> <span class='ocrx_word' id='word_1_163' title='bbox 671 2167 954 2237; x_wconf 81' lang='lat' dir='ltr'><strong>aliquando</strong></span> <span class='ocrx_word' id='word_1_164' title='bbox 975 2170 1318 2245; x_wconf 77' lang='lat' dir='ltr'><strong>angelorum.</strong></span> <span class='ocrx_word' id='word_1_165' title='bbox 1352 2173 1515 2227; x_wconf 84' lang='lat' dir='ltr'><strong>Filius</strong></span> <span class='ocrx_word' id='word_1_166' title='bbox 1555 2190 1707 2229; x_wconf 88' lang='lat' dir='ltr'><strong>meus</strong></span> <span class='ocrx_word' id='word_1_167' title='bbox 1736 2191 1793 2229; x_wconf 91' lang='lat' dir='ltr'><strong>es</strong></span> <span class='ocrx_word' id='word_1_168' title='bbox 1823 2186 1875 2230; x_wconf 91' lang='lat' dir='ltr'><strong>tu</strong></span> <span class='ocrx_word' id='word_1_169' title='bbox 1906 2194 1921 2232; x_wconf 91' lang='lat'><strong>:</strong></span> 
     </span>
    </p>
   </div>
   <div class='ocr_carea' id='block_1_25' title="bbox 337 2257 1922 2333">
    <p class='ocr_par' dir='ltr' id='par_1_25' title="bbox 337 2257 1922 2333">
     <span class='ocr_line' id='line_1_25' title="bbox 337 2257 1922 2333; baseline 0.006 -23"><span class='ocrx_word' id='word_1_170' title='bbox 337 2273 434 2323; x_wconf 78' lang='lat' dir='ltr'><strong>ego</strong></span> <span class='ocrx_word' id='word_1_171' title='bbox 465 2257 628 2312; x_wconf 81' lang='lat' dir='ltr'><strong>hodie</strong></span> <span class='ocrx_word' id='word_1_172' title='bbox 667 2259 823 2327; x_wconf 83' lang='lat' dir='ltr'><strong>genui</strong></span> <span class='ocrx_word' id='word_1_173' title='bbox 874 2259 959 2313; x_wconf 88' lang='lat' dir='ltr'><strong>te?</strong></span> <span class='ocrx_word' id='word_1_174' title='bbox 990 2259 1058 2314; x_wconf 88' lang='lat' dir='ltr'><strong>Et</strong></span> <span class='ocrx_word' id='word_1_175' title='bbox 1084 2276 1312 2316; x_wconf 87' lang='lat' dir='ltr'><strong>rursus:</strong></span> <span class='ocrx_word' id='word_1_176' title='bbox 1364 2278 1465 2331; x_wconf 81' lang='lat' dir='ltr'><strong>ego</strong></span> <span class='ocrx_word' id='word_1_177' title='bbox 1512 2278 1607 2319; x_wconf 89' lang='lat' dir='ltr'><strong>ero</strong></span> <span class='ocrx_word' id='word_1_178' title='bbox 1638 2264 1713 2317; x_wconf 73' lang='lat' dir='ltr'><strong>illi</strong></span> <span class='ocrx_word' id='word_1_179' title='bbox 1746 2266 1795 2319; x_wconf 92' lang='lat' dir='ltr'><strong>in</strong></span> <span class='ocrx_word' id='word_1_180' title='bbox 1829 2281 1922 2333; x_wconf 83' lang='lat' dir='ltr'><strong>pa-</strong></span> 
     </span>
    </p>
   </div>
   <div class='ocr_carea' id='block_1_26' title="bbox 338 2346 1923 2417">
    <p class='ocr_par' dir='ltr' id='par_1_26' title="bbox 338 2346 1923 2417">
     <span class='ocr_line' id='line_1_26' title="bbox 338 2346 1923 2417; baseline 0.006 -17"><span class='ocrx_word' id='word_1_181' title='bbox 338 2358 469 2403; x_wconf 87' lang='lat' dir='ltr'><strong>trem</strong></span> <span class='ocrx_word' id='word_1_182' title='bbox 501 2366 515 2400; x_wconf 94' lang='lat'><strong>:</strong></span> <span class='ocrx_word' id='word_1_183' title='bbox 549 2356 608 2401; x_wconf 91' lang='lat' dir='ltr'><strong>et</strong></span> <span class='ocrx_word' id='word_1_184' title='bbox 634 2348 748 2417; x_wconf 89' lang='lat' dir='ltr'><strong>ipse</strong></span> <span class='ocrx_word' id='word_1_185' title='bbox 778 2346 907 2402; x_wconf 87' lang='lat' dir='ltr'><strong>milii</strong></span> <span class='ocrx_word' id='word_1_186' title='bbox 936 2349 1036 2403; x_wconf 88' lang='lat' dir='ltr'><strong>erit</strong></span> <span class='ocrx_word' id='word_1_187' title='bbox 1065 2349 1116 2403; x_wconf 93' lang='lat' dir='ltr'><strong>in</strong></span> <span class='ocrx_word' id='word_1_188' title='bbox 1146 2349 1338 2406; x_wconf 90' lang='lat' dir='ltr'><strong>ﬁlium.</strong></span> <span class='ocrx_word' id='word_1_189' title='bbox 1378 2353 1443 2406; x_wconf 89' lang='lat' dir='ltr'><strong>Et</strong></span> <span class='ocrx_word' id='word_1_190' title='bbox 1472 2368 1594 2407; x_wconf 89' lang='lat' dir='ltr'><strong>cum</strong></span> <span class='ocrx_word' id='word_1_191' title='bbox 1624 2356 1815 2409; x_wconf 85' lang='lat' dir='ltr'><strong>iterum</strong></span> <span class='ocrx_word' id='word_1_192' title='bbox 1840 2356 1923 2409; x_wconf 83' lang='lat' dir='ltr'><strong>in-</strong></span> 
     </span>
    </p>
   </div>
   <div class='ocr_carea' id='block_1_27' title="bbox 341 2438 1926 2507">
    <p class='ocr_par' dir='ltr' id='par_1_27' title="bbox 341 2438 1926 2507">
     <span class='ocr_line' id='line_1_27' title="bbox 341 2438 1926 2507; baseline 0.006 -16"><span class='ocrx_word' id='word_1_193' title='bbox 341 2438 576 2493; x_wconf 66' lang='lat' dir='ltr'><strong>traducit</strong></span> <span class='ocrx_word' id='word_1_194' title='bbox 627 2440 1045 2507; x_wconf 78' lang='lat' dir='ltr'><strong>primogenitum</strong></span> <span class='ocrx_word' id='word_1_195' title='bbox 1111 2442 1162 2495; x_wconf 93' lang='lat' dir='ltr'><strong>in</strong></span> <span class='ocrx_word' id='word_1_196' title='bbox 1218 2444 1403 2498; x_wconf 91' lang='lat' dir='ltr'><strong>orbem</strong></span> <span class='ocrx_word' id='word_1_197' title='bbox 1455 2453 1600 2501; x_wconf 88' lang='lat' dir='ltr'><strong>terre</strong></span> <span class='ocrx_word' id='word_1_198' title='bbox 1655 2447 1804 2500; x_wconf 88' lang='lat' dir='ltr'><strong>dicit.</strong></span> <span class='ocrx_word' id='word_1_199' title='bbox 1861 2448 1926 2501; x_wconf 84' lang='lat' dir='ltr'><strong>Et</strong></span> 
     </span>
    </p>
   </div>
   <div class='ocr_carea' id='block_1_28' title="bbox 339 2531 1919 2609">
    <p class='ocr_par' dir='ltr' id='par_1_28' title="bbox 339 2531 1919 2609">
     <span class='ocr_line' id='line_1_28' title="bbox 339 2531 1919 2609; baseline 0.007 -26"><span class='ocrx_word' id='word_1_200' title='bbox 339 2532 561 2585; x_wconf 84' lang='lat' dir='ltr'><strong>adorent</strong></span> <span class='ocrx_word' id='word_1_201' title='bbox 588 2547 709 2585; x_wconf 91' lang='lat' dir='ltr'><strong>eum</strong></span> <span class='ocrx_word' id='word_1_202' title='bbox 733 2546 919 2587; x_wconf 89' lang='lat' dir='ltr'><strong>omnes</strong></span> <span class='ocrx_word' id='word_1_203' title='bbox 958 2531 1143 2602; x_wconf 79' lang='lat' dir='ltr'><strong>Angeli</strong></span> <span class='ocrx_word' id='word_1_204' title='bbox 1187 2535 1303 2590; x_wconf 82' lang='lat' dir='ltr'><strong>Dei.</strong></span> <span class='ocrx_word' id='word_1_205' title='bbox 1351 2536 1417 2589; x_wconf 86' lang='lat' dir='ltr'><strong>Et</strong></span> <span class='ocrx_word' id='word_1_206' title='bbox 1442 2539 1508 2590; x_wconf 83' lang='lat' dir='ltr'><strong>ad</strong></span> <span class='ocrx_word' id='word_1_207' title='bbox 1539 2538 1759 2609; x_wconf 82' lang='lat' dir='ltr'><strong>angelos</strong></span> <span class='ocrx_word' id='word_1_208' title='bbox 1805 2542 1919 2608; x_wconf 90' lang='lat' dir='ltr'><strong>qui-</strong></span> 
     </span>
    </p>
   </div>
   <div class='ocr_carea' id='block_1_29' title="bbox 337 2622 1927 2696">
    <p class='ocr_par' dir='ltr' id='par_1_29' title="bbox 337 2622 1927 2696">
     <span class='ocr_line' id='line_1_29' title="bbox 337 2622 1927 2696; baseline 0.009 -23"><span class='ocrx_word' id='word_1_209' title='bbox 337 2622 454 2676; x_wconf 86' lang='lat' dir='ltr'><strong>dem</strong></span> <span class='ocrx_word' id='word_1_210' title='bbox 484 2623 633 2675; x_wconf 84' lang='lat' dir='ltr'><strong>dicit.</strong></span> <span class='ocrx_word' id='word_1_211' title='bbox 663 2622 761 2689; x_wconf 86' lang='lat' dir='ltr'><strong>Qui</strong></span> <span class='ocrx_word' id='word_1_212' title='bbox 801 2622 927 2678; x_wconf 87' lang='lat' dir='ltr'><strong>lacit</strong></span> <span class='ocrx_word' id='word_1_213' title='bbox 963 2626 1179 2694; x_wconf 80' lang='lat' dir='ltr'><strong>angelos</strong></span> <span class='ocrx_word' id='word_1_214' title='bbox 1216 2641 1354 2681; x_wconf 85' lang='lat' dir='ltr'><strong>suos</strong></span> <span class='ocrx_word' id='word_1_215' title='bbox 1380 2627 1601 2696; x_wconf 89' lang='lat' dir='ltr'><strong>spiritus</strong></span> <span class='ocrx_word' id='word_1_216' title='bbox 1632 2649 1645 2682; x_wconf 92' lang='lat'><strong>:</strong></span> <span class='ocrx_word' id='word_1_217' title='bbox 1693 2640 1747 2684; x_wconf 89' lang='lat' dir='ltr'><strong>et</strong></span> <span class='ocrx_word' id='word_1_218' title='bbox 1778 2631 1927 2687; x_wconf 87' lang='lat' dir='ltr'><strong>mini-</strong></span> 
     </span>
    </p>
   </div>
   <div class='ocr_carea' id='block_1_30' title="bbox 338 2711 1921 2785">
    <p class='ocr_par' dir='ltr' id='par_1_30' title="bbox 338 2711 1921 2785">
     <span class='ocr_line' id='line_1_30' title="bbox 338 2711 1921 2785; baseline 0.008 -20"><span class='ocrx_word' id='word_1_219' title='bbox 338 2722 477 2766; x_wconf 85' lang='lat' dir='ltr'><strong>stros</strong></span> <span class='ocrx_word' id='word_1_220' title='bbox 496 2727 626 2766; x_wconf 88' lang='lat' dir='ltr'><strong>suos</strong></span> <span class='ocrx_word' id='word_1_221' title='bbox 654 2711 924 2767; x_wconf 81' lang='lat' dir='ltr'><strong>ﬂammam</strong></span> <span class='ocrx_word' id='word_1_222' title='bbox 950 2714 1108 2785; x_wconf 88' lang='lat' dir='ltr'><strong>ignis.</strong></span> <span class='ocrx_word' id='word_1_223' title='bbox 1142 2717 1222 2771; x_wconf 88' lang='lat' dir='ltr'><strong>Ad</strong></span> <span class='ocrx_word' id='word_1_224' title='bbox 1246 2717 1411 2771; x_wconf 88' lang='lat' dir='ltr'><strong>ﬁlium</strong></span> <span class='ocrx_word' id='word_1_225' title='bbox 1437 2730 1635 2775; x_wconf 89' lang='lat' dir='ltr'><strong>autem.</strong></span> <span class='ocrx_word' id='word_1_226' title='bbox 1672 2721 1921 2778; x_wconf 88' lang='lat' dir='ltr'><strong>Thronus</strong></span> 
     </span>
    </p>
   </div>
   <div class='ocr_carea' id='block_1_31' title="bbox 337 2804 1924 2882">
    <p class='ocr_par' dir='ltr' id='par_1_31' title="bbox 337 2804 1924 2882">
     <span class='ocr_line' id='line_1_31' title="bbox 337 2804 1924 2882; baseline 0.008 -26"><span class='ocrx_word' id='word_1_227' title='bbox 337 2813 511 2858; x_wconf 86' lang='lat' dir='ltr'><strong>autem</strong></span> <span class='ocrx_word' id='word_1_228' title='bbox 544 2814 665 2858; x_wconf 89' lang='lat' dir='ltr'><strong>tuus</strong></span> <span class='ocrx_word' id='word_1_229' title='bbox 712 2804 849 2858; x_wconf 86' lang='lat' dir='ltr'><strong>Deus</strong></span> <span class='ocrx_word' id='word_1_230' title='bbox 877 2806 928 2860; x_wconf 93' lang='lat' dir='ltr'><strong>in</strong></span> <span class='ocrx_word' id='word_1_231' title='bbox 957 2809 1194 2862; x_wconf 87' lang='lat' dir='ltr'><strong>seculum</strong></span> <span class='ocrx_word' id='word_1_232' title='bbox 1243 2810 1431 2863; x_wconf 88' lang='lat' dir='ltr'><strong>seculi.</strong></span> <span class='ocrx_word' id='word_1_233' title='bbox 1478 2811 1635 2881; x_wconf 79' lang='lat' dir='ltr'><strong>Virga</strong></span> <span class='ocrx_word' id='word_1_234' title='bbox 1674 2814 1924 2882; x_wconf 85' lang='lat' dir='ltr'><strong>equitatis</strong></span> 
     </span>
    </p>
   </div>
   <div class='ocr_carea' id='block_1_32' title="bbox 341 2896 1922 2971">
    <p class='ocr_par' dir='ltr' id='par_1_32' title="bbox 341 2896 1922 2971">
     <span class='ocr_line' id='line_1_32' title="bbox 341 2896 1922 2971; baseline 0.007 -24"><span class='ocrx_word' id='word_1_235' title='bbox 341 2898 479 2965; x_wconf 84' lang='lat' dir='ltr'><strong>virga</strong></span> <span class='ocrx_word' id='word_1_236' title='bbox 509 2896 657 2964; x_wconf 84' lang='lat' dir='ltr'><strong>regni</strong></span> <span class='ocrx_word' id='word_1_237' title='bbox 691 2896 782 2951; x_wconf 92' lang='lat' dir='ltr'><strong>tui.</strong></span> <span class='ocrx_word' id='word_1_238' title='bbox 819 2896 1056 2951; x_wconf 77' lang='lat' dir='ltr'><strong>Dilexisti</strong></span> <span class='ocrx_word' id='word_1_239' title='bbox 1081 2897 1349 2966; x_wconf 90' lang='lat' dir='ltr'><strong>justiciam</strong></span> <span class='ocrx_word' id='word_1_240' title='bbox 1381 2909 1435 2953; x_wconf 89' lang='lat' dir='ltr'><strong>et</strong></span> <span class='ocrx_word' id='word_1_241' title='bbox 1473 2901 1630 2955; x_wconf 86' lang='lat' dir='ltr'><strong>odisti</strong></span> <span class='ocrx_word' id='word_1_242' title='bbox 1673 2902 1922 2971; x_wconf 86' lang='lat' dir='ltr'><strong>iniquita-</strong></span> 
     </span>
    </p>
   </div>
   <div class='ocr_carea' id='block_1_33' title="bbox 340 2988 1995 3088">
    <p class='ocr_par' dir='ltr' id='par_1_33' title="bbox 340 2988 1995 3088">
     <span class='ocr_line' id='line_1_33' title="bbox 340 2988 1995 3088; baseline 0.006 -50"><span class='ocrx_word' id='word_1_243' title='bbox 340 2992 442 3038; x_wconf 86' lang='lat' dir='ltr'><strong>tem</strong></span> <span class='ocrx_word' id='word_1_244' title='bbox 472 3002 485 3036; x_wconf 89' lang='lat'><strong>:</strong></span> <span class='ocrx_word' id='word_1_245' title='bbox 512 2996 791 3053; x_wconf 83' lang='lat' dir='ltr'><strong>propterea</strong></span> <span class='ocrx_word' id='word_1_246' title='bbox 829 2988 977 3039; x_wconf 77' lang='lat' dir='ltr'><strong>unxit</strong></span> <span class='ocrx_word' id='word_1_247' title='bbox 1003 2996 1054 3040; x_wconf 93' lang='lat' dir='ltr'><strong>te</strong></span> <span class='ocrx_word' id='word_1_248' title='bbox 1096 2988 1234 3042; x_wconf 89' lang='lat' dir='ltr'><strong>Deus</strong></span> <span class='ocrx_word' id='word_1_249' title='bbox 1267 3004 1280 3040; x_wconf 89' lang='lat'><strong>:</strong></span> <span class='ocrx_word' id='word_1_250' title='bbox 1317 2989 1456 3044; x_wconf 85' lang='lat' dir='ltr'><strong>Deus</strong></span> <span class='ocrx_word' id='word_1_251' title='bbox 1485 2998 1605 3044; x_wconf 91' lang='lat' dir='ltr'><strong>tuus</strong></span> <span class='ocrx_word' id='word_1_252' title='bbox 1638 3002 1659 3028; x_wconf 80' lang='grc' dir='ltr'><strong>ο</strong></span> <span class='ocrx_word' id='word_1_253' title='bbox 1686 2992 1739 3045; x_wconf 85' lang='lat' dir='ltr'><strong>in</strong></span> <span class='ocrx_word' id='word_1_254' title='bbox 1770 3002 1920 3047; x_wconf 86' lang='lat' dir='ltr'><strong>eter-</strong></span> <span class='ocrx_word' id='word_1_255' title='bbox 1949 3024 1995 3088; x_wconf 64' lang='grc' dir='ltr'>ϐ</span> 
     </span>
    </p>
   </div>
   <div class='ocr_carea' id='block_1_34' title="bbox 340 3076 1917 3152">
    <p class='ocr_par' dir='ltr' id='par_1_34' title="bbox 340 3076 1917 3152">
     <span class='ocr_line' id='line_1_34' title="bbox 340 3076 1917 3152; baseline 0.005 -23"><span class='ocrx_word' id='word_1_256' title='bbox 340 3092 460 3130; x_wconf 88' lang='lat' dir='ltr'><strong>num</strong></span> <span class='ocrx_word' id='word_1_257' title='bbox 489 3077 612 3131; x_wconf 89' lang='lat' dir='ltr'><strong>oleo</strong></span> <span class='ocrx_word' id='word_1_258' title='bbox 642 3076 821 3131; x_wconf 88' lang='lat' dir='ltr'><strong>leticie</strong></span> <span class='ocrx_word' id='word_1_259' title='bbox 853 3092 947 3145; x_wconf 89' lang='lat' dir='ltr'><strong>pre</strong></span> <span class='ocrx_word' id='word_1_260' title='bbox 979 3080 1319 3148; x_wconf 84' lang='lat' dir='ltr'><strong>participibus</strong></span> <span class='ocrx_word' id='word_1_261' title='bbox 1357 3082 1484 3137; x_wconf 87' lang='lat' dir='ltr'><strong>tuis.</strong></span> <span class='ocrx_word' id='word_1_262' title='bbox 1520 3082 1581 3136; x_wconf 86' lang='lat' dir='ltr'><strong>Et</strong></span> <span class='ocrx_word' id='word_1_263' title='bbox 1608 3093 1659 3137; x_wconf 87' lang='lat' dir='ltr'><strong>tu</strong></span> <span class='ocrx_word' id='word_1_264' title='bbox 1688 3084 1741 3137; x_wconf 92' lang='lat' dir='ltr'><strong>in</strong></span> <span class='ocrx_word' id='word_1_265' title='bbox 1768 3085 1917 3152; x_wconf 83' lang='lat' dir='ltr'><strong>prin-</strong></span> 
     </span>
    </p>
   </div>
   <div class='ocr_carea' id='block_1_35' title="bbox 340 3171 1921 3243">
    <p class='ocr_par' dir='ltr' id='par_1_35' title="bbox 340 3171 1921 3243">
     <span class='ocr_line' id='line_1_35' title="bbox 340 3171 1921 3243; baseline 0.004 -19"><span class='ocrx_word' id='word_1_266' title='bbox 340 3171 473 3237; x_wconf 89' lang='lat' dir='ltr'><strong>cipio</strong></span> <span class='ocrx_word' id='word_1_267' title='bbox 498 3171 725 3224; x_wconf 89' lang='lat' dir='ltr'><strong>Domine</strong></span> <span class='ocrx_word' id='word_1_268' title='bbox 758 3181 951 3225; x_wconf 88' lang='lat' dir='ltr'><strong>terram</strong></span> <span class='ocrx_word' id='word_1_269' title='bbox 988 3172 1218 3226; x_wconf 80' lang='lat' dir='ltr'><strong>fundasti</strong></span> <span class='ocrx_word' id='word_1_270' title='bbox 1251 3182 1304 3227; x_wconf 90' lang='lat' dir='ltr'><strong>et</strong></span> <span class='ocrx_word' id='word_1_271' title='bbox 1338 3190 1498 3243; x_wconf 86' lang='lat' dir='ltr'><strong>opera</strong></span> <span class='ocrx_word' id='word_1_272' title='bbox 1528 3191 1777 3229; x_wconf 90' lang='lat' dir='ltr'><strong>manuum</strong></span> <span class='ocrx_word' id='word_1_273' title='bbox 1809 3189 1921 3231; x_wconf 89' lang='lat' dir='ltr'><strong>tua-</strong></span> 
     </span>
    </p>
   </div>
   <div class='ocr_carea' id='block_1_36' title="bbox 340 3262 1916 3336">
    <p class='ocr_par' dir='ltr' id='par_1_36' title="bbox 340 3262 1916 3336">
     <span class='ocr_line' id='line_1_36' title="bbox 340 3262 1916 3336; baseline 0.006 -22"><span class='ocrx_word' id='word_1_274' title='bbox 340 3276 450 3314; x_wconf 88' lang='lat' dir='ltr'><strong>rum</strong></span> <span class='ocrx_word' id='word_1_275' title='bbox 477 3270 606 3315; x_wconf 84' lang='lat' dir='ltr'><strong>sunt</strong></span> <span class='ocrx_word' id='word_1_276' title='bbox 626 3262 750 3329; x_wconf 88' lang='lat' dir='ltr'><strong>celi,</strong></span> <span class='ocrx_word' id='word_1_277' title='bbox 777 3262 873 3330; x_wconf 90' lang='lat' dir='ltr'><strong>ipsi</strong></span> <span class='ocrx_word' id='word_1_278' title='bbox 909 3264 1155 3329; x_wconf 89' lang='lat' dir='ltr'><strong>peribunt</strong></span> <span class='ocrx_word' id='word_1_279' title='bbox 1184 3280 1200 3320; x_wconf 89' lang='lat'><strong>:</strong></span> <span class='ocrx_word' id='word_1_280' title='bbox 1236 3274 1289 3318; x_wconf 94' lang='lat' dir='ltr'><strong>tu</strong></span> <span class='ocrx_word' id='word_1_281' title='bbox 1314 3278 1490 3320; x_wconf 89' lang='lat' dir='ltr'><strong>autem</strong></span> <span class='ocrx_word' id='word_1_282' title='bbox 1533 3268 1871 3336; x_wconf 87' lang='lat' dir='ltr'><strong>permanebis</strong></span> <span class='ocrx_word' id='word_1_283' title='bbox 1904 3288 1916 3323; x_wconf 91' lang='lat'><strong>:</strong></span> 
     </span>
    </p>
   </div>
   <div class='ocr_carea' id='block_1_37' title="bbox 340 3353 1923 3415">
    <p class='ocr_par' dir='ltr' id='par_1_37' title="bbox 340 3353 1923 3415">
     <span class='ocr_line' id='line_1_37' title="bbox 340 3353 1923 3415; baseline 0.008 -13"><span class='ocrx_word' id='word_1_284' title='bbox 340 3360 389 3403; x_wconf 82' lang='lat' dir='ltr'><strong>ct</strong></span> <span class='ocrx_word' id='word_1_285' title='bbox 433 3366 624 3405; x_wconf 88' lang='lat' dir='ltr'><strong>omnes</strong></span> <span class='ocrx_word' id='word_1_286' title='bbox 666 3353 803 3406; x_wconf 86' lang='lat' dir='ltr'><strong>sicut</strong></span> <span class='ocrx_word' id='word_1_287' title='bbox 845 3354 1222 3409; x_wconf 79' lang='lat' dir='ltr'><strong>vestimentum</strong></span> <span class='ocrx_word' id='word_1_288' title='bbox 1272 3368 1627 3413; x_wconf 86' lang='lat' dir='ltr'><strong>veterascent.</strong></span> <span class='ocrx_word' id='word_1_289' title='bbox 1679 3361 1743 3414; x_wconf 85' lang='lat' dir='ltr'><strong>Et</strong></span> <span class='ocrx_word' id='word_1_290' title='bbox 1781 3362 1923 3415; x_wconf 85' lang='lat' dir='ltr'><strong>velut</strong></span> 
     </span>
    </p>
   </div>
   <div class='ocr_carea' id='block_1_38' title="bbox 340 3442 1920 3505">
    <p class='ocr_par' dir='ltr' id='par_1_38' title="bbox 340 3442 1920 3505">
     <span class='ocr_line' id='line_1_38' title="bbox 340 3442 1920 3505; baseline 0.009 -14"><span class='ocrx_word' id='word_1_291' title='bbox 340 3442 591 3496; x_wconf 83' lang='lat' dir='ltr'><strong>amictum</strong></span> <span class='ocrx_word' id='word_1_292' title='bbox 638 3443 866 3496; x_wconf 90' lang='lat' dir='ltr'><strong>mutabis</strong></span> <span class='ocrx_word' id='word_1_293' title='bbox 898 3458 1034 3498; x_wconf 90' lang='lat' dir='ltr'><strong>eos:</strong></span> <span class='ocrx_word' id='word_1_294' title='bbox 1095 3454 1149 3499; x_wconf 89' lang='lat' dir='ltr'><strong>et</strong></span> <span class='ocrx_word' id='word_1_295' title='bbox 1216 3448 1581 3503; x_wconf 89' lang='lat' dir='ltr'><strong>mutabuntur.</strong></span> <span class='ocrx_word' id='word_1_296' title='bbox 1616 3450 1694 3503; x_wconf 91' lang='lat' dir='ltr'><strong>Tu</strong></span> <span class='ocrx_word' id='word_1_297' title='bbox 1742 3460 1920 3505; x_wconf 90' lang='lat' dir='ltr'><strong>autem</strong></span> 
     </span>
    </p>
   </div>
   <div class='ocr_carea' id='block_1_39' title="bbox 342 3532 1923 3610">
    <p class='ocr_par' dir='ltr' id='par_1_39' title="bbox 342 3532 1923 3610">
     <span class='ocr_line' id='line_1_39' title="bbox 342 3532 1923 3610; baseline 0.006 -25"><span class='ocrx_word' id='word_1_298' title='bbox 342 3532 478 3586; x_wconf 86' lang='lat' dir='ltr'><strong>idem</strong></span> <span class='ocrx_word' id='word_1_299' title='bbox 508 3535 625 3602; x_wconf 87' lang='lat' dir='ltr'><strong>ipse</strong></span> <span class='ocrx_word' id='word_1_300' title='bbox 652 3548 711 3588; x_wconf 86' lang='lat' dir='ltr'><strong>es</strong></span> <span class='ocrx_word' id='word_1_301' title='bbox 744 3549 758 3587; x_wconf 86' lang='lat'><strong>:</strong></span> <span class='ocrx_word' id='word_1_302' title='bbox 791 3544 843 3587; x_wconf 91' lang='lat' dir='ltr'><strong>et</strong></span> <span class='ocrx_word' id='word_1_303' title='bbox 865 3535 988 3588; x_wconf 92' lang='lat' dir='ltr'><strong>anni</strong></span> <span class='ocrx_word' id='word_1_304' title='bbox 1027 3537 1099 3589; x_wconf 92' lang='lat' dir='ltr'><strong>tui</strong></span> <span class='ocrx_word' id='word_1_305' title='bbox 1144 3552 1247 3591; x_wconf 93' lang='lat' dir='ltr'><strong>non</strong></span> <span class='ocrx_word' id='word_1_306' title='bbox 1279 3536 1549 3593; x_wconf 88' lang='lat' dir='ltr'><strong>deficient.</strong></span> <span class='ocrx_word' id='word_1_307' title='bbox 1602 3538 1923 3610; x_wconf 66' lang='lat' dir='ltr'><strong>Respondeat</strong></span> 
     </span>
    </p>
   </div>
   <div class='ocr_carea' id='block_1_40' title="bbox 341 3621 789 3678">
    <p class='ocr_par' dir='ltr' id='par_1_40' title="bbox 341 3621 789 3678">
     <span class='ocr_line' id='line_1_40' title="bbox 341 3621 789 3678; baseline 0.004 -2"><span class='ocrx_word' id='word_1_308' title='bbox 341 3621 555 3676; x_wconf 71' lang='lat' dir='ltr'><strong>Chorus.</strong></span> <span class='ocrx_word' id='word_1_309' title='bbox 598 3628 789 3678; x_wconf 77' lang='lat' dir='ltr'><strong>Amen.</strong></span> 
     </span>
    </p>
   </div>
   <div class='ocr_carea' id='block_1_41' title="bbox 339 3711 1917 3792">
    <p class='ocr_par' dir='ltr' id='par_1_41' title="bbox 339 3711 1917 3792">
     <span class='ocr_line' id='line_1_41' title="bbox 339 3711 1917 3792; baseline 0.007 -26"><span class='ocrx_word' id='word_1_310' title='bbox 339 3711 508 3766; x_wconf 80' lang='lat' dir='ltr'><strong>Lectio</strong></span> <span class='ocrx_word' id='word_1_311' title='bbox 547 3715 712 3767; x_wconf 75' lang='lat' dir='ltr'><strong>sancti</strong></span> <span class='ocrx_word' id='word_1_312' title='bbox 738 3712 1006 3787; x_wconf 82' lang='lat' dir='ltr'><strong>Evangelii</strong></span> <span class='ocrx_word' id='word_1_313' title='bbox 1046 3719 1328 3772; x_wconf 80' lang='lat' dir='ltr'><strong>secundum</strong></span> <span class='ocrx_word' id='word_1_314' title='bbox 1359 3719 1553 3773; x_wconf 86' lang='lat' dir='ltr'><strong>Lucam</strong></span> <span class='ocrx_word' id='word_1_315' title='bbox 1574 3720 1624 3792; x_wconf 60' lang='grc' dir='ltr'>(ιι</span> <span class='ocrx_word' id='word_1_316' title='bbox 1655 3722 1781 3789; x_wconf 77' lang='lat' dir='ltr'><strong>Cap.</strong></span> <span class='ocrx_word' id='word_1_317' title='bbox 1810 3721 1917 3791; x_wconf 85' lang='lat' dir='ltr'><strong>II).</strong></span> 
     </span>
    </p>
   </div>
   <div class='ocr_carea' id='block_1_42' title="bbox 412 3803 1925 3880">
    <p class='ocr_par' dir='ltr' id='par_1_42' title="bbox 412 3803 1925 3880">
     <span class='ocr_line' id='line_1_42' title="bbox 412 3803 1925 3880; baseline 0.009 -26"><span class='ocrx_word' id='word_1_318' title='bbox 412 3803 634 3857; x_wconf 84' lang='lat' dir='ltr'><strong>Factum</strong></span> <span class='ocrx_word' id='word_1_319' title='bbox 682 3815 764 3860; x_wconf 87' lang='lat' dir='ltr'><strong>est</strong></span> <span class='ocrx_word' id='word_1_320' title='bbox 813 3818 993 3860; x_wconf 89' lang='lat' dir='ltr'><strong>autem</strong></span> <span class='ocrx_word' id='word_1_321' title='bbox 1039 3823 1158 3861; x_wconf 88' lang='lat' dir='ltr'><strong>cum</strong></span> <span class='ocrx_word' id='word_1_322' title='bbox 1192 3819 1373 3864; x_wconf 85' lang='lat' dir='ltr'><strong>essent</strong></span> <span class='ocrx_word' id='word_1_323' title='bbox 1405 3812 1516 3865; x_wconf 85' lang='lat' dir='ltr'><strong>ibi:</strong></span> <span class='ocrx_word' id='word_1_324' title='bbox 1567 3813 1771 3880; x_wconf 85' lang='lat' dir='ltr'><strong>impleti</strong></span> <span class='ocrx_word' id='word_1_325' title='bbox 1801 3822 1925 3867; x_wconf 90' lang='lat' dir='ltr'><strong>sunt</strong></span> 
     </span>
    </p>
   </div>
   <div class='ocr_carea' id='block_1_43' title="bbox 340 3893 1922 3972">
    <p class='ocr_par' dir='ltr' id='par_1_43' title="bbox 340 3893 1922 3972">
     <span class='ocr_line' id='line_1_43' title="bbox 340 3893 1922 3972; baseline 0.008 -27"><span class='ocrx_word' id='word_1_326' title='bbox 340 3893 454 3946; x_wconf 87' lang='lat' dir='ltr'><strong>dies</strong></span> <span class='ocrx_word' id='word_1_327' title='bbox 477 3907 530 3945; x_wconf 89' lang='grc' dir='ltr'><strong>ιιι</strong></span> <span class='ocrx_word' id='word_1_328' title='bbox 576 3903 826 3962; x_wconf 88' lang='lat' dir='ltr'><strong>pareret:</strong></span> <span class='ocrx_word' id='word_1_329' title='bbox 858 3905 915 3950; x_wconf 86' lang='lat' dir='ltr'><strong>et</strong></span> <span class='ocrx_word' id='word_1_330' title='bbox 955 3899 1160 3967; x_wconf 82' lang='lat' dir='ltr'><strong>peperit</strong></span> <span class='ocrx_word' id='word_1_331' title='bbox 1198 3900 1360 3953; x_wconf 87' lang='lat' dir='ltr'><strong>lilium</strong></span> <span class='ocrx_word' id='word_1_332' title='bbox 1408 3916 1559 3955; x_wconf 89' lang='lat' dir='ltr'><strong>suum</strong></span> <span class='ocrx_word' id='word_1_333' title='bbox 1593 3904 1922 3972; x_wconf 81' lang='lat' dir='ltr'><strong>primogeni-</strong></span> 
     </span>
    </p>
   </div>
   <div class='ocr_carea' id='block_1_44' title="bbox 339 3989 1926 4065">
    <p class='ocr_par' dir='ltr' id='par_1_44' title="bbox 339 3989 1926 4065">
     <span class='ocr_line' id='line_1_44' title="bbox 339 3989 1926 4065; baseline 0.009 -27"><span class='ocrx_word' id='word_1_334' title='bbox 339 3996 447 4038; x_wconf 87' lang='lat' dir='ltr'><strong>tum</strong></span> <span class='ocrx_word' id='word_1_335' title='bbox 472 4002 487 4041; x_wconf 91' lang='lat'><strong>:</strong></span> <span class='ocrx_word' id='word_1_336' title='bbox 518 3997 575 4041; x_wconf 87' lang='lat' dir='ltr'><strong>et</strong></span> <span class='ocrx_word' id='word_1_337' title='bbox 600 3989 789 4055; x_wconf 87' lang='lat' dir='ltr'><strong>pannis</strong></span> <span class='ocrx_word' id='word_1_338' title='bbox 813 4004 932 4043; x_wconf 87' lang='lat' dir='ltr'><strong>eum</strong></span> <span class='ocrx_word' id='word_1_339' title='bbox 958 3992 1182 4045; x_wconf 84' lang='lat' dir='ltr'><strong>involvit</strong></span> <span class='ocrx_word' id='word_1_340' title='bbox 1208 4002 1260 4046; x_wconf 90' lang='lat' dir='ltr'><strong>et</strong></span> <span class='ocrx_word' id='word_1_341' title='bbox 1291 3994 1565 4049; x_wconf 76' lang='lat' dir='ltr'><strong>reclinavit</strong></span> <span class='ocrx_word' id='word_1_342' title='bbox 1589 4011 1709 4050; x_wconf 90' lang='lat' dir='ltr'><strong>eum</strong></span> <span class='ocrx_word' id='word_1_343' title='bbox 1734 3998 1784 4049; x_wconf 91' lang='lat' dir='ltr'><strong>in</strong></span> <span class='ocrx_word' id='word_1_344' title='bbox 1808 4014 1926 4065; x_wconf 82' lang='lat' dir='ltr'><strong>pie-</strong></span> 
     </span>
    </p>
   </div>
   <div class='ocr_carea' id='block_1_45' title="bbox 341 4078 1922 4146">
    <p class='ocr_par' dir='ltr' id='par_1_45' title="bbox 341 4078 1922 4146">
     <span class='ocr_line' id='line_1_45' title="bbox 341 4078 1922 4146; baseline 0.009 -16"><span class='ocrx_word' id='word_1_345' title='bbox 341 4078 484 4145; x_wconf 83' lang='lat' dir='ltr'><strong>se‘pio</strong></span> <span class='ocrx_word' id='word_1_346' title='bbox 512 4096 525 4129; x_wconf 91' lang='lat'><strong>:</strong></span> <span class='ocrx_word' id='word_1_347' title='bbox 553 4079 680 4146; x_wconf 83' lang='lat' dir='ltr'><strong>quia</strong></span> <span class='ocrx_word' id='word_1_348' title='bbox 706 4093 814 4133; x_wconf 91' lang='lat' dir='ltr'><strong>non</strong></span> <span class='ocrx_word' id='word_1_349' title='bbox 858 4093 971 4135; x_wconf 89' lang='lat' dir='ltr'><strong>erat</strong></span> <span class='ocrx_word' id='word_1_350' title='bbox 1000 4091 1023 4119; x_wconf 72' lang='grc' dir='ltr'>θ</span> <span class='ocrx_word' id='word_1_351' title='bbox 1058 4082 1127 4135; x_wconf 90' lang='lat' dir='ltr'><strong>ibi</strong></span> <span class='ocrx_word' id='word_1_352' title='bbox 1174 4084 1321 4141; x_wconf 87' lang='lat' dir='ltr'><strong>locus</strong></span> <span class='ocrx_word' id='word_1_353' title='bbox 1377 4086 1429 4137; x_wconf 91' lang='lat' dir='ltr'><strong>in</strong></span> <span class='ocrx_word' id='word_1_354' title='bbox 1474 4086 1796 4144; x_wconf 75' lang='lat' dir='ltr'><strong>diversorio.</strong></span> <span class='ocrx_word' id='word_1_355' title='bbox 1855 4089 1922 4144; x_wconf 81' lang='lat' dir='ltr'><strong>Et</strong></span> 
     </span>
    </p>
   </div>
   <div class='ocr_carea' id='block_1_46' title="bbox 342 4172 1927 4244">
    <p class='ocr_par' dir='ltr' id='par_1_46' title="bbox 342 4172 1927 4244">
     <span class='ocr_line' id='line_1_46' title="bbox 342 4172 1927 4244; baseline 0.008 -23"><span class='ocrx_word' id='word_1_356' title='bbox 342 4179 587 4238; x_wconf 84' lang='lat' dir='ltr'><strong>pastores</strong></span> <span class='ocrx_word' id='word_1_357' title='bbox 638 4180 794 4224; x_wconf 88' lang='lat' dir='ltr'><strong>erant</strong></span> <span class='ocrx_word' id='word_1_358' title='bbox 835 4186 888 4224; x_wconf 89' lang='lat' dir='ltr'><strong>in</strong></span> <span class='ocrx_word' id='word_1_359' title='bbox 938 4172 1210 4240; x_wconf 84' lang='lat' dir='ltr'><strong>regionem</strong></span> <span class='ocrx_word' id='word_1_360' title='bbox 1268 4178 1494 4230; x_wconf 88' lang='lat' dir='ltr'><strong>eamlem</strong></span> <span class='ocrx_word' id='word_1_361' title='bbox 1547 4177 1824 4244; x_wconf 68' lang='lat' dir='ltr'><strong>vigilantes</strong></span> <span class='ocrx_word' id='word_1_362' title='bbox 1872 4188 1927 4233; x_wconf 92' lang='lat' dir='ltr'><strong>et</strong></span> 
     </span>
    </p>
   </div>
   <div class='ocr_carea' id='block_1_47' title="bbox 341 4261 1922 4336">
    <p class='ocr_par' dir='ltr' id='par_1_47' title="bbox 341 4261 1922 4336">
     <span class='ocr_line' id='line_1_47' title="bbox 341 4261 1922 4336; baseline 0.005 -21"><span class='ocrx_word' id='word_1_363' title='bbox 341 4261 703 4315; x_wconf 85' lang='lat' dir='ltr'><strong>custodientes</strong></span> <span class='ocrx_word' id='word_1_364' title='bbox 751 4262 959 4331; x_wconf 84' lang='lat' dir='ltr'><strong>vigilias</strong></span> <span class='ocrx_word' id='word_1_365' title='bbox 1007 4264 1217 4319; x_wconf 85' lang='lat' dir='ltr'><strong>noctis:</strong></span> <span class='ocrx_word' id='word_1_366' title='bbox 1276 4280 1437 4333; x_wconf 89' lang='lat' dir='ltr'><strong>super</strong></span> <span class='ocrx_word' id='word_1_367' title='bbox 1481 4282 1696 4336; x_wconf 89' lang='lat' dir='ltr'><strong>gregem</strong></span> <span class='ocrx_word' id='word_1_368' title='bbox 1747 4284 1922 4323; x_wconf 89' lang='lat' dir='ltr'><strong>suum.</strong></span> 
     </span>
    </p>
   </div>
   <div class='ocr_carea' id='block_1_48' title="bbox 2024 430 3599 504">
    <p class='ocr_par' dir='ltr' id='par_1_48' title="bbox 2024 430 3599 504">
     <span class='ocr_line' id='line_1_48' title="bbox 2024 430 3599 504; baseline 0.006 -23"><span class='ocrx_word' id='word_1_369' title='bbox 2024 430 2330 498; x_wconf 85' lang='lat' dir='ltr'><strong>evangelizo</strong></span> <span class='ocrx_word' id='word_1_370' title='bbox 2355 433 2501 486; x_wconf 91' lang='lat' dir='ltr'><strong>vobis</strong></span> <span class='ocrx_word' id='word_1_371' title='bbox 2529 434 2779 501; x_wconf 85' lang='lat' dir='ltr'><strong>gaudium</strong></span> <span class='ocrx_word' id='word_1_372' title='bbox 2811 450 2826 488; x_wconf 88' lang='lat'><strong>:</strong></span> <span class='ocrx_word' id='word_1_373' title='bbox 2869 434 3010 503; x_wconf 87' lang='lat' dir='ltr'><strong>quod</strong></span> <span class='ocrx_word' id='word_1_374' title='bbox 3036 435 3137 487; x_wconf 93' lang='lat' dir='ltr'><strong>erit</strong></span> <span class='ocrx_word' id='word_1_375' title='bbox 3176 435 3319 489; x_wconf 87' lang='lat' dir='ltr'><strong>omni</strong></span> <span class='ocrx_word' id='word_1_376' title='bbox 3368 437 3599 504; x_wconf 86' lang='lat' dir='ltr'><strong>populo:</strong></span> 
     </span>
    </p>
   </div>
   <div class='ocr_carea' id='block_1_49' title="bbox 2024 520 3602 593">
    <p class='ocr_par' dir='ltr' id='par_1_49' title="bbox 2024 520 3602 593">
     <span class='ocr_line' id='line_1_49' title="bbox 2024 520 3602 593; baseline 0.004 -21"><span class='ocrx_word' id='word_1_377' title='bbox 2024 520 2155 587; x_wconf 80' lang='lat' dir='ltr'><strong>Quia</strong></span> <span class='ocrx_word' id='word_1_378' title='bbox 2199 532 2353 577; x_wconf 89' lang='lat' dir='ltr'><strong>natus</strong></span> <span class='ocrx_word' id='word_1_379' title='bbox 2384 535 2461 577; x_wconf 88' lang='lat' dir='ltr'><strong>est</strong></span> <span class='ocrx_word' id='word_1_380' title='bbox 2505 526 2653 578; x_wconf 88' lang='lat' dir='ltr'><strong>vobis</strong></span> <span class='ocrx_word' id='word_1_381' title='bbox 2697 525 2852 579; x_wconf 82' lang='lat' dir='ltr'><strong>hodie</strong></span> <span class='ocrx_word' id='word_1_382' title='bbox 2892 525 3177 579; x_wconf 85' lang='lat' dir='ltr'><strong>Salvator:</strong></span> <span class='ocrx_word' id='word_1_383' title='bbox 3210 527 3296 593; x_wconf 82' lang='lat' dir='ltr'><strong>qui</strong></span> <span class='ocrx_word' id='word_1_384' title='bbox 3328 536 3410 579; x_wconf 88' lang='lat' dir='ltr'><strong>est</strong></span> <span class='ocrx_word' id='word_1_385' title='bbox 3439 526 3602 579; x_wconf 85' lang='lat' dir='ltr'><strong>Chri-</strong></span> 
     </span>
    </p>
   </div>
   <div class='ocr_carea' id='block_1_50' title="bbox 2024 614 3601 673">
    <p class='ocr_par' dir='ltr' id='par_1_50' title="bbox 2024 614 3601 673">
     <span class='ocr_line' id='line_1_50' title="bbox 2024 614 3601 673; baseline 0.002 -5"><span class='ocrx_word' id='word_1_386' title='bbox 2024 625 2137 668; x_wconf 86' lang='lat' dir='ltr'><strong>stus</strong></span> <span class='ocrx_word' id='word_1_387' title='bbox 2164 616 2419 672; x_wconf 81' lang='lat' dir='ltr'><strong>Dominus</strong></span> <span class='ocrx_word' id='word_1_388' title='bbox 2465 617 2515 670; x_wconf 89' lang='lat' dir='ltr'><strong>in</strong></span> <span class='ocrx_word' id='word_1_389' title='bbox 2570 619 2785 671; x_wconf 84' lang='lat' dir='ltr'><strong>civitate</strong></span> <span class='ocrx_word' id='word_1_390' title='bbox 2834 618 3038 673; x_wconf 83' lang='lat' dir='ltr'><strong>David:</strong></span> <span class='ocrx_word' id='word_1_391' title='bbox 3082 626 3135 671; x_wconf 90' lang='lat' dir='ltr'><strong>et</strong></span> <span class='ocrx_word' id='word_1_392' title='bbox 3184 614 3279 670; x_wconf 90' lang='lat' dir='ltr'><strong>hoc</strong></span> <span class='ocrx_word' id='word_1_393' title='bbox 3332 618 3484 670; x_wconf 85' lang='lat' dir='ltr'><strong>vobis</strong></span> <span class='ocrx_word' id='word_1_394' title='bbox 3528 620 3601 671; x_wconf 83' lang='lat' dir='ltr'><strong>si-</strong></span> 
     </span>
    </p>
   </div>
   <div class='ocr_carea' id='block_1_51' title="bbox 2022 707 3606 775">
    <p class='ocr_par' dir='ltr' id='par_1_51' title="bbox 2022 707 3606 775">
     <span class='ocr_line' id='line_1_51' title="bbox 2022 707 3606 775; baseline 0.003 -19"><span class='ocrx_word' id='word_1_395' title='bbox 2022 720 2208 773; x_wconf 90' lang='lat' dir='ltr'><strong>gnum.</strong></span> <span class='ocrx_word' id='word_1_396' title='bbox 2251 707 2537 760; x_wconf 81' lang='lat' dir='ltr'><strong>invenietis</strong></span> <span class='ocrx_word' id='word_1_397' title='bbox 2578 707 2832 760; x_wconf 82' lang='lat' dir='ltr'><strong>infantem</strong></span> <span class='ocrx_word' id='word_1_398' title='bbox 2863 709 2915 760; x_wconf 91' lang='lat' dir='ltr'><strong>in</strong></span> <span class='ocrx_word' id='word_1_399' title='bbox 2947 707 3134 775; x_wconf 87' lang='lat' dir='ltr'><strong>pannis</strong></span> <span class='ocrx_word' id='word_1_400' title='bbox 3158 707 3450 761; x_wconf 88' lang='lat' dir='ltr'><strong>involutum</strong></span> <span class='ocrx_word' id='word_1_401' title='bbox 3487 724 3499 758; x_wconf 91' lang='lat'><strong>:</strong></span> <span class='ocrx_word' id='word_1_402' title='bbox 3548 715 3606 760; x_wconf 86' lang='lat' dir='ltr'><strong>et</strong></span> 
     </span>
    </p>
   </div>
   <div class='ocr_carea' id='block_1_52' title="bbox 2024 797 3603 868">
    <p class='ocr_par' dir='ltr' id='par_1_52' title="bbox 2024 797 3603 868">
     <span class='ocr_line' id='line_1_52' title="bbox 2024 797 3603 868; baseline -0.003 -15"><span class='ocrx_word' id='word_1_403' title='bbox 2024 799 2249 868; x_wconf 84' lang='lat' dir='ltr'><strong>positum</strong></span> <span class='ocrx_word' id='word_1_404' title='bbox 2284 800 2334 851; x_wconf 93' lang='lat' dir='ltr'><strong>in</strong></span> <span class='ocrx_word' id='word_1_405' title='bbox 2369 798 2635 864; x_wconf 87' lang='lat' dir='ltr'><strong>presepio.</strong></span> <span class='ocrx_word' id='word_1_406' title='bbox 2668 798 2731 849; x_wconf 84' lang='lat' dir='ltr'><strong>Et</strong></span> <span class='ocrx_word' id='word_1_407' title='bbox 2759 797 2934 850; x_wconf 85' lang='lat' dir='ltr'><strong>subito</strong></span> <span class='ocrx_word' id='word_1_408' title='bbox 2978 797 3113 850; x_wconf 84' lang='lat' dir='ltr'><strong>facta</strong></span> <span class='ocrx_word' id='word_1_409' title='bbox 3144 806 3225 851; x_wconf 88' lang='lat' dir='ltr'><strong>est</strong></span> <span class='ocrx_word' id='word_1_410' title='bbox 3262 813 3381 851; x_wconf 86' lang='lat' dir='ltr'><strong>cum</strong></span> <span class='ocrx_word' id='word_1_411' title='bbox 3412 799 3603 865; x_wconf 82' lang='lat' dir='ltr'><strong>angelo</strong></span> 
     </span>
    </p>
   </div>
   <div class='ocr_carea' id='block_1_53' title="bbox 2025 885 3606 942">
    <p class='ocr_par' dir='ltr' id='par_1_53' title="bbox 2025 885 3606 942">
     <span class='ocr_line' id='line_1_53' title="bbox 2025 885 3606 942; baseline -0.003 0"><span class='ocrx_word' id='word_1_412' title='bbox 2025 888 2303 942; x_wconf 73' lang='lat' dir='ltr'><strong>multitudo</strong></span> <span class='ocrx_word' id='word_1_413' title='bbox 2334 888 2522 941; x_wconf 87' lang='lat' dir='ltr'><strong>niilitie</strong></span> <span class='ocrx_word' id='word_1_414' title='bbox 2546 886 2762 940; x_wconf 85' lang='lat' dir='ltr'><strong>celestis</strong></span> <span class='ocrx_word' id='word_1_415' title='bbox 2795 885 3120 940; x_wconf 83' lang='lat' dir='ltr'><strong>laudantium</strong></span> <span class='ocrx_word' id='word_1_416' title='bbox 3152 887 3312 941; x_wconf 88' lang='lat' dir='ltr'><strong>Deum</strong></span> <span class='ocrx_word' id='word_1_417' title='bbox 3342 897 3393 941; x_wconf 92' lang='lat' dir='ltr'><strong>et</strong></span> <span class='ocrx_word' id='word_1_418' title='bbox 3421 889 3606 942; x_wconf 87' lang='lat' dir='ltr'><strong>dicen-</strong></span> 
     </span>
    </p>
   </div>
   <div class='ocr_carea' id='block_1_54' title="bbox 2026 975 3606 1044">
    <p class='ocr_par' dir='ltr' id='par_1_54' title="bbox 2026 975 3606 1044">
     <span class='ocr_line' id='line_1_54' title="bbox 2026 975 3606 1044; baseline -0.003 -12"><span class='ocrx_word' id='word_1_419' title='bbox 2026 980 2175 1032; x_wconf 90' lang='lat' dir='ltr'><strong>tium.</strong></span> <span class='ocrx_word' id='word_1_420' title='bbox 2208 978 2384 1032; x_wconf 88' lang='lat' dir='ltr'><strong>Gloria</strong></span> <span class='ocrx_word' id='word_1_421' title='bbox 2410 976 2461 1029; x_wconf 93' lang='lat' dir='ltr'><strong>in</strong></span> <span class='ocrx_word' id='word_1_422' title='bbox 2487 975 2762 1030; x_wconf 70' lang='lat' dir='ltr'><strong>altissimis</strong></span> <span class='ocrx_word' id='word_1_423' title='bbox 2788 977 2897 1030; x_wconf 88' lang='lat' dir='ltr'><strong>Deo</strong></span> <span class='ocrx_word' id='word_1_424' title='bbox 2923 994 2936 1030; x_wconf 65' lang='grc' dir='ltr'><strong>ι</strong></span> <span class='ocrx_word' id='word_1_425' title='bbox 2965 986 3020 1029; x_wconf 92' lang='lat' dir='ltr'><strong>et</strong></span> <span class='ocrx_word' id='word_1_426' title='bbox 3050 976 3101 1029; x_wconf 93' lang='lat' dir='ltr'><strong>in</strong></span> <span class='ocrx_word' id='word_1_427' title='bbox 3134 985 3276 1030; x_wconf 90' lang='lat' dir='ltr'><strong>terra</strong></span> <span class='ocrx_word' id='word_1_428' title='bbox 3308 992 3408 1044; x_wconf 83' lang='lat' dir='ltr'><strong>pax</strong></span> <span class='ocrx_word' id='word_1_429' title='bbox 3435 978 3606 1033; x_wconf 85' lang='lat' dir='ltr'><strong>homi-</strong></span> 
     </span>
    </p>
   </div>
   <div class='ocr_carea' id='block_1_55' title="bbox 2026 1065 3606 1123">
    <p class='ocr_par' dir='ltr' id='par_1_55' title="bbox 2026 1065 3606 1123">
     <span class='ocr_line' id='line_1_55' title="bbox 2026 1065 3606 1123; baseline 0 -1"><span class='ocrx_word' id='word_1_430' title='bbox 2026 1069 2180 1122; x_wconf 73' lang='lat' dir='ltr'><strong>nibus</strong></span> <span class='ocrx_word' id='word_1_431' title='bbox 2213 1070 2349 1123; x_wconf 90' lang='lat' dir='ltr'><strong>bone</strong></span> <span class='ocrx_word' id='word_1_432' title='bbox 2381 1068 2667 1120; x_wconf 88' lang='lat' dir='ltr'><strong>voluntatis</strong></span> <span class='ocrx_word' id='word_1_433' title='bbox 2696 1080 2714 1117; x_wconf 74' lang='grc' dir='ltr'><strong>ε’</strong></span> <span class='ocrx_word' id='word_1_434' title='bbox 2743 1075 2798 1121; x_wconf 91' lang='lat' dir='ltr'><strong>et</strong></span> <span class='ocrx_word' id='word_1_435' title='bbox 2828 1065 3027 1121; x_wconf 84' lang='lat' dir='ltr'><strong>factum</strong></span> <span class='ocrx_word' id='word_1_436' title='bbox 3052 1077 3129 1121; x_wconf 91' lang='lat' dir='ltr'><strong>est</strong></span> <span class='ocrx_word' id='word_1_437' title='bbox 3160 1076 3218 1121; x_wconf 91' lang='lat' dir='ltr'><strong>ut</strong></span> <span class='ocrx_word' id='word_1_438' title='bbox 3244 1069 3606 1122; x_wconf 87' lang='lat' dir='ltr'><strong>discesserunt</strong></span> 
     </span>
    </p>
   </div>
   <div class='ocr_carea' id='block_1_56' title="bbox 2022 1157 3606 1227">
    <p class='ocr_par' dir='ltr' id='par_1_56' title="bbox 2022 1157 3606 1227">
     <span class='ocr_line' id='line_1_56' title="bbox 2022 1157 3606 1227; baseline -0.002 -14"><span class='ocrx_word' id='word_1_439' title='bbox 2022 1161 2089 1213; x_wconf 88' lang='lat' dir='ltr'><strong>ab</strong></span> <span class='ocrx_word' id='word_1_440' title='bbox 2120 1160 2223 1214; x_wconf 87' lang='lat' dir='ltr'><strong>illis</strong></span> <span class='ocrx_word' id='word_1_441' title='bbox 2245 1158 2422 1227; x_wconf 86' lang='lat' dir='ltr'><strong>angeli</strong></span> <span class='ocrx_word' id='word_1_442' title='bbox 2468 1160 2517 1210; x_wconf 91' lang='lat' dir='ltr'><strong>in</strong></span> <span class='ocrx_word' id='word_1_443' title='bbox 2546 1158 2717 1212; x_wconf 87' lang='lat' dir='ltr'><strong>celum</strong></span> <span class='ocrx_word' id='word_1_444' title='bbox 2744 1167 2985 1227; x_wconf 87' lang='lat' dir='ltr'><strong>pastores</strong></span> <span class='ocrx_word' id='word_1_445' title='bbox 3010 1157 3359 1227; x_wconf 85' lang='lat' dir='ltr'><strong>loquebantur</strong></span> <span class='ocrx_word' id='word_1_446' title='bbox 3381 1158 3444 1209; x_wconf 89' lang='lat' dir='ltr'><strong>ad</strong></span> <span class='ocrx_word' id='word_1_447' title='bbox 3474 1159 3606 1210; x_wconf 84' lang='lat' dir='ltr'><strong>invi-</strong></span> 
     </span>
    </p>
   </div>
   <div class='ocr_carea' id='block_1_57' title="bbox 2021 1245 3608 1315">
    <p class='ocr_par' dir='ltr' id='par_1_57' title="bbox 2021 1245 3608 1315">
     <span class='ocr_line' id='line_1_57' title="bbox 2021 1245 3608 1315; baseline -0.003 -12"><span class='ocrx_word' id='word_1_448' title='bbox 2021 1262 2138 1303; x_wconf 86' lang='lat' dir='ltr'><strong>cem</strong></span> <span class='ocrx_word' id='word_1_449' title='bbox 2172 1246 2435 1301; x_wconf 78' lang='lat' dir='ltr'><strong>dicentes.</strong></span> <span class='ocrx_word' id='word_1_450' title='bbox 2478 1246 2838 1300; x_wconf 86' lang='lat' dir='ltr'><strong>Trauseamus</strong></span> <span class='ocrx_word' id='word_1_451' title='bbox 2878 1262 3049 1315; x_wconf 89' lang='lat' dir='ltr'><strong>usque</strong></span> <span class='ocrx_word' id='word_1_452' title='bbox 3091 1247 3143 1299; x_wconf 94' lang='lat' dir='ltr'><strong>in</strong></span> <span class='ocrx_word' id='word_1_453' title='bbox 3195 1245 3505 1299; x_wconf 84' lang='lat' dir='ltr'><strong>Bethleem:</strong></span> <span class='ocrx_word' id='word_1_454' title='bbox 3554 1256 3608 1299; x_wconf 89' lang='lat' dir='ltr'><strong>et</strong></span> 
     </span>
    </p>
   </div>
   <div class='ocr_carea' id='block_1_58' title="bbox 2023 1337 3608 1406">
    <p class='ocr_par' dir='ltr' id='par_1_58' title="bbox 2023 1337 3608 1406">
     <span class='ocr_line' id='line_1_58' title="bbox 2023 1337 3608 1406; baseline -0.002 -14"><span class='ocrx_word' id='word_1_455' title='bbox 2023 1339 2294 1392; x_wconf 84' lang='lat' dir='ltr'><strong>videamus</strong></span> <span class='ocrx_word' id='word_1_456' title='bbox 2329 1338 2433 1391; x_wconf 89' lang='lat' dir='ltr'><strong>hoc</strong></span> <span class='ocrx_word' id='word_1_457' title='bbox 2464 1337 2684 1391; x_wconf 90' lang='lat' dir='ltr'><strong>verbum</strong></span> <span class='ocrx_word' id='word_1_458' title='bbox 2736 1338 2876 1405; x_wconf 89' lang='lat' dir='ltr'><strong>quod</strong></span> <span class='ocrx_word' id='word_1_459' title='bbox 2922 1337 3114 1391; x_wconf 88' lang='lat' dir='ltr'><strong>factum</strong></span> <span class='ocrx_word' id='word_1_460' title='bbox 3148 1348 3228 1392; x_wconf 92' lang='lat' dir='ltr'><strong>est</strong></span> <span class='ocrx_word' id='word_1_461' title='bbox 3262 1354 3275 1390; x_wconf 92' lang='lat'><strong>:</strong></span> <span class='ocrx_word' id='word_1_462' title='bbox 3318 1338 3456 1406; x_wconf 86' lang='lat' dir='ltr'><strong>quod</strong></span> <span class='ocrx_word' id='word_1_463' title='bbox 3504 1337 3608 1390; x_wconf 81' lang='lat' dir='ltr'><strong>Do—</strong></span> 
     </span>
    </p>
   </div>
   <div class='ocr_carea' id='block_1_59' title="bbox 2024 1429 3611 1485">
    <p class='ocr_par' dir='ltr' id='par_1_59' title="bbox 2024 1429 3611 1485">
     <span class='ocr_line' id='line_1_59' title="bbox 2024 1429 3611 1485; baseline -0.001 -2"><span class='ocrx_word' id='word_1_464' title='bbox 2024 1431 2197 1484; x_wconf 90' lang='lat' dir='ltr'><strong>minus</strong></span> <span class='ocrx_word' id='word_1_465' title='bbox 2229 1429 2463 1483; x_wconf 90' lang='lat' dir='ltr'><strong>ostendit</strong></span> <span class='ocrx_word' id='word_1_466' title='bbox 2487 1430 2661 1484; x_wconf 90' lang='lat' dir='ltr'><strong>nobis.</strong></span> <span class='ocrx_word' id='word_1_467' title='bbox 2716 1430 2781 1483; x_wconf 83' lang='lat' dir='ltr'><strong>Et</strong></span> <span class='ocrx_word' id='word_1_468' title='bbox 2824 1439 3086 1485; x_wconf 88' lang='lat' dir='ltr'><strong>venerunt</strong></span> <span class='ocrx_word' id='word_1_469' title='bbox 3134 1429 3452 1483; x_wconf 75' lang='lat' dir='ltr'><strong>festinanter</strong></span> <span class='ocrx_word' id='word_1_470' title='bbox 3492 1446 3505 1481; x_wconf 91' lang='lat'><strong>:</strong></span> <span class='ocrx_word' id='word_1_471' title='bbox 3556 1436 3611 1483; x_wconf 85' lang='lat' dir='ltr'><strong>et</strong></span> 
     </span>
    </p>
   </div>
   <div class='ocr_carea' id='block_1_60' title="bbox 2023 1519 3608 1588">
    <p class='ocr_par' dir='ltr' id='par_1_60' title="bbox 2023 1519 3608 1588">
     <span class='ocr_line' id='line_1_60' title="bbox 2023 1519 3608 1588; baseline -0.004 -13"><span class='ocrx_word' id='word_1_472' title='bbox 2023 1521 2344 1575; x_wconf 80' lang='lat' dir='ltr'><strong>invenerunt</strong></span> <span class='ocrx_word' id='word_1_473' title='bbox 2386 1520 2601 1574; x_wconf 78' lang='lat' dir='ltr'><strong>Mariam</strong></span> <span class='ocrx_word' id='word_1_474' title='bbox 2653 1530 2707 1573; x_wconf 92' lang='lat' dir='ltr'><strong>et</strong></span> <span class='ocrx_word' id='word_1_475' title='bbox 2738 1519 2938 1588; x_wconf 82' lang='lat' dir='ltr'><strong>Joseph</strong></span> <span class='ocrx_word' id='word_1_476' title='bbox 2970 1530 3022 1575; x_wconf 91' lang='lat' dir='ltr'><strong>et</strong></span> <span class='ocrx_word' id='word_1_477' title='bbox 3066 1520 3328 1573; x_wconf 87' lang='lat' dir='ltr'><strong>infantem</strong></span> <span class='ocrx_word' id='word_1_478' title='bbox 3383 1520 3608 1587; x_wconf 89' lang='lat' dir='ltr'><strong>positum</strong></span> 
     </span>
    </p>
   </div>
   <div class='ocr_carea' id='block_1_61' title="bbox 2026 1608 3611 1682">
    <p class='ocr_par' dir='ltr' id='par_1_61' title="bbox 2026 1608 3611 1682">
     <span class='ocr_line' id='line_1_61' title="bbox 2026 1608 3611 1682; baseline -0.003 -16"><span class='ocrx_word' id='word_1_479' title='bbox 2026 1615 2076 1667; x_wconf 93' lang='lat' dir='ltr'><strong>in</strong></span> <span class='ocrx_word' id='word_1_480' title='bbox 2104 1612 2367 1682; x_wconf 87' lang='lat' dir='ltr'><strong>presepio.</strong></span> <span class='ocrx_word' id='word_1_481' title='bbox 2402 1611 2655 1666; x_wconf 78' lang='lat' dir='ltr'><strong>Videutes</strong></span> <span class='ocrx_word' id='word_1_482' title='bbox 2701 1621 2880 1664; x_wconf 88' lang='lat' dir='ltr'><strong>autem</strong></span> <span class='ocrx_word' id='word_1_483' title='bbox 2932 1618 3299 1678; x_wconf 86' lang='lat' dir='ltr'><strong>cognoverunt</strong></span> <span class='ocrx_word' id='word_1_484' title='bbox 3347 1608 3413 1663; x_wconf 90' lang='lat' dir='ltr'><strong>de</strong></span> <span class='ocrx_word' id='word_1_485' title='bbox 3444 1608 3611 1663; x_wconf 91' lang='lat' dir='ltr'><strong>verbo</strong></span> 
     </span>
    </p>
   </div>
   <div class='ocr_carea' id='block_1_62' title="bbox 2026 1698 3611 1774">
    <p class='ocr_par' dir='ltr' id='par_1_62' title="bbox 2026 1698 3611 1774">
     <span class='ocr_line' id='line_1_62' title="bbox 2026 1698 3611 1774; baseline -0.004 -17"><span class='ocrx_word' id='word_1_486' title='bbox 2026 1704 2163 1774; x_wconf 88' lang='lat' dir='ltr'><strong>quod</strong></span> <span class='ocrx_word' id='word_1_487' title='bbox 2188 1704 2384 1757; x_wconf 86' lang='lat' dir='ltr'><strong>dictum</strong></span> <span class='ocrx_word' id='word_1_488' title='bbox 2413 1711 2530 1756; x_wconf 89' lang='lat' dir='ltr'><strong>erat</strong></span> <span class='ocrx_word' id='word_1_489' title='bbox 2558 1701 2660 1756; x_wconf 88' lang='lat' dir='ltr'><strong>illis</strong></span> <span class='ocrx_word' id='word_1_490' title='bbox 2712 1702 2778 1754; x_wconf 89' lang='lat' dir='ltr'><strong>de</strong></span> <span class='ocrx_word' id='word_1_491' title='bbox 2821 1716 2987 1769; x_wconf 89' lang='lat' dir='ltr'><strong>puero</strong></span> <span class='ocrx_word' id='word_1_492' title='bbox 3032 1700 3131 1753; x_wconf 90' lang='lat' dir='ltr'><strong>hoc</strong></span> <span class='ocrx_word' id='word_1_493' title='bbox 3162 1717 3176 1752; x_wconf 93' lang='lat'><strong>:</strong></span> <span class='ocrx_word' id='word_1_494' title='bbox 3222 1708 3275 1753; x_wconf 91' lang='lat' dir='ltr'><strong>et</strong></span> <span class='ocrx_word' id='word_1_495' title='bbox 3304 1714 3491 1752; x_wconf 88' lang='lat' dir='ltr'><strong>omnes</strong></span> <span class='ocrx_word' id='word_1_496' title='bbox 3520 1698 3611 1767; x_wconf 88' lang='lat' dir='ltr'><strong>qui</strong></span> 
     </span>
    </p>
   </div>
   <div class='ocr_carea' id='block_1_63' title="bbox 2028 1790 3613 1859">
    <p class='ocr_par' dir='ltr' id='par_1_63' title="bbox 2028 1790 3613 1859">
     <span class='ocr_line' id='line_1_63' title="bbox 2028 1790 3613 1859; baseline -0.005 -10"><span class='ocrx_word' id='word_1_497' title='bbox 2028 1794 2308 1850; x_wconf 88' lang='lat' dir='ltr'><strong>audierunt</strong></span> <span class='ocrx_word' id='word_1_498' title='bbox 2333 1794 2508 1846; x_wconf 88' lang='lat' dir='ltr'><strong>mirati</strong></span> <span class='ocrx_word' id='word_1_499' title='bbox 2535 1801 2657 1847; x_wconf 89' lang='lat' dir='ltr'><strong>sunt</strong></span> <span class='ocrx_word' id='word_1_500' title='bbox 2687 1793 2750 1845; x_wconf 93' lang='lat' dir='ltr'><strong>de</strong></span> <span class='ocrx_word' id='word_1_501' title='bbox 2775 1790 2855 1844; x_wconf 89' lang='lat' dir='ltr'><strong>his</strong></span> <span class='ocrx_word' id='word_1_502' title='bbox 2883 1805 2984 1859; x_wconf 82' lang='lat' dir='ltr'><strong>que</strong></span> <span class='ocrx_word' id='word_1_503' title='bbox 3012 1791 3152 1844; x_wconf 85' lang='lat' dir='ltr'><strong>dicta</strong></span> <span class='ocrx_word' id='word_1_504' title='bbox 3194 1798 3345 1843; x_wconf 87' lang='lat' dir='ltr'><strong>erant</strong></span> <span class='ocrx_word' id='word_1_505' title='bbox 3368 1805 3396 1842; x_wconf 91' lang='lat' dir='ltr'><strong>a</strong></span> <span class='ocrx_word' id='word_1_506' title='bbox 3432 1798 3613 1857; x_wconf 88' lang='lat' dir='ltr'><strong>pasto-</strong></span> 
     </span>
    </p>
   </div>
   <div class='ocr_carea' id='block_1_64' title="bbox 2030 1881 3612 1954">
    <p class='ocr_par' dir='ltr' id='par_1_64' title="bbox 2030 1881 3612 1954">
     <span class='ocr_line' id='line_1_64' title="bbox 2030 1881 3612 1954; baseline -0.004 -14"><span class='ocrx_word' id='word_1_507' title='bbox 2030 1887 2179 1940; x_wconf 87' lang='lat' dir='ltr'><strong>ribus</strong></span> <span class='ocrx_word' id='word_1_508' title='bbox 2234 1884 2301 1938; x_wconf 91' lang='lat' dir='ltr'><strong>ad</strong></span> <span class='ocrx_word' id='word_1_509' title='bbox 2355 1886 2521 1954; x_wconf 91' lang='lat' dir='ltr'><strong>ipsos.</strong></span> <span class='ocrx_word' id='word_1_510' title='bbox 2574 1882 2737 1936; x_wconf 82' lang='lat' dir='ltr'><strong>Maria</strong></span> <span class='ocrx_word' id='word_1_511' title='bbox 2794 1892 2972 1936; x_wconf 89' lang='lat' dir='ltr'><strong>autem</strong></span> <span class='ocrx_word' id='word_1_512' title='bbox 3029 1881 3379 1934; x_wconf 80' lang='lat' dir='ltr'><strong>conservabat</strong></span> <span class='ocrx_word' id='word_1_513' title='bbox 3434 1881 3612 1933; x_wconf 87' lang='lat' dir='ltr'><strong>omnia</strong></span> 
     </span>
    </p>
   </div>
   <div class='ocr_carea' id='block_1_65' title="bbox 2029 1970 3607 2035">
    <p class='ocr_par' dir='ltr' id='par_1_65' title="bbox 2029 1970 3607 2035">
     <span class='ocr_line' id='line_1_65' title="bbox 2029 1970 3607 2035; baseline -0.008 0"><span class='ocrx_word' id='word_1_514' title='bbox 2029 1982 2188 2035; x_wconf 87' lang='lat' dir='ltr'><strong>verba</strong></span> <span class='ocrx_word' id='word_1_515' title='bbox 2221 1978 2317 2033; x_wconf 91' lang='lat' dir='ltr'><strong>hec</strong></span> <span class='ocrx_word' id='word_1_516' title='bbox 2347 1995 2361 2030; x_wconf 87' lang='lat'><strong>:</strong></span> <span class='ocrx_word' id='word_1_517' title='bbox 2390 1976 2675 2030; x_wconf 89' lang='lat' dir='ltr'><strong>conferens</strong></span> <span class='ocrx_word' id='word_1_518' title='bbox 2704 1973 2755 2025; x_wconf 91' lang='lat' dir='ltr'><strong>in</strong></span> <span class='ocrx_word' id='word_1_519' title='bbox 2796 1972 2958 2026; x_wconf 82' lang='lat' dir='ltr'><strong>corde</strong></span> <span class='ocrx_word' id='word_1_520' title='bbox 2992 1986 3107 2024; x_wconf 91' lang='lat' dir='ltr'><strong>suo.</strong></span> <span class='ocrx_word' id='word_1_521' title='bbox 3140 1972 3203 2023; x_wconf 82' lang='lat' dir='ltr'><strong>Et</strong></span> <span class='ocrx_word' id='word_1_522' title='bbox 3248 1970 3443 2024; x_wconf 84' lang='lat' dir='ltr'><strong>reversi</strong></span> <span class='ocrx_word' id='word_1_523' title='bbox 3488 1978 3607 2023; x_wconf 70' lang='lat' dir='ltr'><strong>sunt</strong></span> 
     </span>
    </p>
   </div>
   <div class='ocr_carea' id='block_1_66' title="bbox 2028 2059 3606 2141">
    <p class='ocr_par' dir='ltr' id='par_1_66' title="bbox 2028 2059 3606 2141">
     <span class='ocr_line' id='line_1_66' title="bbox 2028 2059 3606 2141; baseline -0.008 -16"><span class='ocrx_word' id='word_1_524' title='bbox 2028 2081 2267 2141; x_wconf 90' lang='lat' dir='ltr'><strong>pastores</strong></span> <span class='ocrx_word' id='word_1_525' title='bbox 2306 2067 2664 2138; x_wconf 88' lang='lat' dir='ltr'><strong>gloriﬁcantes</strong></span> <span class='ocrx_word' id='word_1_526' title='bbox 2694 2073 2747 2118; x_wconf 89' lang='lat' dir='ltr'><strong>et</strong></span> <span class='ocrx_word' id='word_1_527' title='bbox 2771 2063 3047 2117; x_wconf 86' lang='lat' dir='ltr'><strong>laudantes</strong></span> <span class='ocrx_word' id='word_1_528' title='bbox 3082 2062 3244 2116; x_wconf 91' lang='lat' dir='ltr'><strong>Deum</strong></span> <span class='ocrx_word' id='word_1_529' title='bbox 3278 2063 3328 2114; x_wconf 91' lang='lat' dir='ltr'><strong>in</strong></span> <span class='ocrx_word' id='word_1_530' title='bbox 3356 2059 3606 2115; x_wconf 82' lang='lat' dir='ltr'><strong>omnibus</strong></span> 
     </span>
    </p>
   </div>
   <div class='ocr_carea' id='block_1_67' title="bbox 2029 2151 3613 2231">
    <p class='ocr_par' dir='ltr' id='par_1_67' title="bbox 2029 2151 3613 2231">
     <span class='ocr_line' id='line_1_67' title="bbox 2029 2151 3613 2231; baseline -0.001 -24"><span class='ocrx_word' id='word_1_531' title='bbox 2029 2177 2130 2231; x_wconf 79' lang='lat' dir='ltr'><strong>que</strong></span> <span class='ocrx_word' id='word_1_532' title='bbox 2156 2160 2435 2213; x_wconf 86' lang='lat' dir='ltr'><strong>audierant</strong></span> <span class='ocrx_word' id='word_1_533' title='bbox 2475 2167 2531 2213; x_wconf 91' lang='lat' dir='ltr'><strong>et</strong></span> <span class='ocrx_word' id='word_1_534' title='bbox 2561 2156 2808 2211; x_wconf 85' lang='lat' dir='ltr'><strong>viderant</strong></span> <span class='ocrx_word' id='word_1_535' title='bbox 2836 2173 2848 2208; x_wconf 87' lang='lat'><strong>:</strong></span> <span class='ocrx_word' id='word_1_536' title='bbox 2876 2157 3017 2209; x_wconf 88' lang='lat' dir='ltr'><strong>sicut</strong></span> <span class='ocrx_word' id='word_1_537' title='bbox 3044 2153 3245 2208; x_wconf 87' lang='lat' dir='ltr'><strong>dictum</strong></span> <span class='ocrx_word' id='word_1_538' title='bbox 3274 2160 3357 2206; x_wconf 89' lang='lat' dir='ltr'><strong>est</strong></span> <span class='ocrx_word' id='word_1_539' title='bbox 3382 2152 3446 2206; x_wconf 89' lang='lat' dir='ltr'><strong>ad</strong></span> <span class='ocrx_word' id='word_1_540' title='bbox 3472 2151 3613 2206; x_wconf 88' lang='lat' dir='ltr'><strong>illos.</strong></span> 
     </span>
    </p>
   </div>
   <div class='ocr_carea' id='block_1_68' title="bbox 2115 2249 2487 2315">
    <p class='ocr_par' dir='ltr' id='par_1_68' title="bbox 2115 2249 2487 2315">
     <span class='ocr_line' id='line_1_68' title="bbox 2115 2249 2487 2315; baseline -0.011 -10"><span class='ocrx_word' id='word_1_541' title='bbox 2115 2252 2185 2315; x_wconf 75' lang='grc' dir='ltr'><strong>ἀ).</strong></span> <span class='ocrx_word' id='word_1_542' title='bbox 2233 2249 2250 2288; x_wconf 71' lang='grc' dir='ltr'>ί</span> <span class='ocrx_word' id='word_1_543' title='bbox 2294 2253 2487 2305; x_wconf 81' lang='lat' dir='ltr'><strong>Amen.</strong></span> 
     </span>
    </p>
   </div>
   <div class='ocr_carea' id='block_1_69' title="bbox 2099 2328 3615 2408">
    <p class='ocr_par' dir='ltr' id='par_1_69' title="bbox 2099 2328 3615 2408">
     <span class='ocr_line' id='line_1_69' title="bbox 2099 2328 3615 2408; baseline -0.009 -13"><span class='ocrx_word' id='word_1_544' title='bbox 2099 2351 2125 2389; x_wconf 71' lang='grc' dir='ltr'><strong>ε</strong></span> <span class='ocrx_word' id='word_1_545' title='bbox 2156 2341 2352 2394; x_wconf 83' lang='lat' dir='ltr'><strong>Lauda.</strong></span> <span class='ocrx_word' id='word_1_546' title='bbox 2384 2338 2631 2408; x_wconf 85' lang='lat' dir='ltr'><strong>Allelnja.</strong></span> <span class='ocrx_word' id='word_1_547' title='bbox 2680 2338 2751 2405; x_wconf 68' lang='lat' dir='ltr'><strong>it.</strong></span> <span class='ocrx_word' id='word_1_548' title='bbox 2798 2334 3237 2402; x_wconf 82' lang='lat' dir='ltr'><strong>Redemptiouem</strong></span> <span class='ocrx_word' id='word_1_549' title='bbox 3268 2330 3411 2385; x_wconf 85' lang='lat' dir='ltr'><strong>misit</strong></span> <span class='ocrx_word' id='word_1_550' title='bbox 3435 2328 3615 2383; x_wconf 83' lang='lat' dir='ltr'><strong>Denti-</strong></span> 
     </span>
    </p>
   </div>
   <div class='ocr_carea' id='block_1_70' title="bbox 2028 2426 3604 2501">
    <p class='ocr_par' dir='ltr' id='par_1_70' title="bbox 2028 2426 3604 2501">
     <span class='ocr_line' id='line_1_70' title="bbox 2028 2426 3604 2501; baseline -0.01 -13"><span class='ocrx_word' id='word_1_551' title='bbox 2028 2450 2127 2488; x_wconf 90' lang='lat' dir='ltr'><strong>nus</strong></span> <span class='ocrx_word' id='word_1_552' title='bbox 2151 2434 2345 2501; x_wconf 85' lang='lat' dir='ltr'><strong>populo</strong></span> <span class='ocrx_word' id='word_1_553' title='bbox 2373 2448 2469 2484; x_wconf 76' lang='lat' dir='ltr'><strong>suo</strong></span> <span class='ocrx_word' id='word_1_554' title='bbox 2495 2449 2509 2484; x_wconf 91' lang='lat'><strong>:</strong></span> <span class='ocrx_word' id='word_1_555' title='bbox 2544 2427 2816 2481; x_wconf 80' lang='lat' dir='ltr'><strong>mandavit</strong></span> <span class='ocrx_word' id='word_1_556' title='bbox 2842 2426 2899 2479; x_wconf 85' lang='lat' dir='ltr'><strong>in</strong></span> <span class='ocrx_word' id='word_1_557' title='bbox 2947 2436 3189 2479; x_wconf 89' lang='lat' dir='ltr'><strong>eternum</strong></span> <span class='ocrx_word' id='word_1_558' title='bbox 3223 2429 3604 2476; x_wconf 52' lang='lat' dir='ltr'><strong>testamentum</strong></span> 
     </span>
    </p>
   </div>
   <div class='ocr_carea' id='block_1_71' title="bbox 2025 2511 3612 2580">
    <p class='ocr_par' dir='ltr' id='par_1_71' title="bbox 2025 2511 3612 2580">
     <span class='ocr_line' id='line_1_71' title="bbox 2025 2511 3612 2580; baseline -0.008 -3"><span class='ocrx_word' id='word_1_559' title='bbox 2025 2540 2227 2577; x_wconf 89' lang='lat' dir='ltr'><strong>suum:</strong></span> <span class='ocrx_word' id='word_1_560' title='bbox 2277 2535 2517 2574; x_wconf 69' lang='lat' dir='ltr'><strong>sanetum</strong></span> <span class='ocrx_word' id='word_1_561' title='bbox 2562 2527 2615 2571; x_wconf 92' lang='lat' dir='ltr'><strong>et</strong></span> <span class='ocrx_word' id='word_1_562' title='bbox 2648 2515 2883 2570; x_wconf 87' lang='lat' dir='ltr'><strong>terribile</strong></span> <span class='ocrx_word' id='word_1_563' title='bbox 2939 2529 3132 2567; x_wconf 92' lang='lat' dir='ltr'><strong>nomen</strong></span> <span class='ocrx_word' id='word_1_564' title='bbox 3176 2513 3313 2580; x_wconf 88' lang='lat' dir='ltr'><strong>ejus.</strong></span> <span class='ocrx_word' id='word_1_565' title='bbox 3351 2511 3421 2566; x_wconf 81' lang='grc' dir='ltr'><strong>Ρ.</strong></span> <span class='ocrx_word' id='word_1_566' title='bbox 3471 2512 3612 2564; x_wconf 86' lang='lat' dir='ltr'><strong>Alle-</strong></span> 
     </span>
    </p>
   </div>
   <div class='ocr_carea' id='block_1_72' title="bbox 2029 2616 2159 2683">
    <p class='ocr_par' dir='ltr' id='par_1_72' title="bbox 2029 2616 2159 2683">
     <span class='ocr_line' id='line_1_72' title="bbox 2029 2616 2159 2683; baseline 0.008 -15"><span class='ocrx_word' id='word_1_567' title='bbox 2029 2616 2159 2683; x_wconf 87' lang='lat' dir='ltr'><strong>luja.</strong></span> 
     </span>
    </p>
   </div>
   <div class='ocr_carea' id='block_1_73' title="bbox 2103 2692 3613 2769">
    <p class='ocr_par' dir='ltr' id='par_1_73' title="bbox 2103 2692 3613 2769">
     <span class='ocr_line' id='line_1_73' title="bbox 2103 2692 3613 2769; baseline -0.007 -11"><span class='ocrx_word' id='word_1_568' title='bbox 2103 2707 2249 2759; x_wconf 82' lang='lat' dir='ltr'><strong>Dicat</strong></span> <span class='ocrx_word' id='word_1_569' title='bbox 2282 2702 2458 2757; x_wconf 75' lang='lat' dir='ltr'><strong>Pi&#39;t’sb.</strong></span> <span class='ocrx_word' id='word_1_570' title='bbox 2504 2700 2766 2769; x_wconf 86' lang='lat' dir='ltr'><strong>Adjuvate</strong></span> <span class='ocrx_word' id='word_1_571' title='bbox 2810 2712 2894 2752; x_wconf 90' lang='lat' dir='ltr'><strong>me</strong></span> <span class='ocrx_word' id='word_1_572' title='bbox 2943 2697 3134 2751; x_wconf 78' lang='lat' dir='ltr'><strong>fratres</strong></span> <span class='ocrx_word' id='word_1_573' title='bbox 3179 2694 3230 2747; x_wconf 90' lang='lat' dir='ltr'><strong>iu</strong></span> <span class='ocrx_word' id='word_1_574' title='bbox 3278 2692 3613 2748; x_wconf 88' lang='lat' dir='ltr'><strong>orationibus</strong></span> 
     </span>
    </p>
   </div>
   <div class='ocr_carea' id='block_1_74' title="bbox 2028 2797 2239 2851">
    <p class='ocr_par' dir='ltr' id='par_1_74' title="bbox 2028 2797 2239 2851">
     <span class='ocr_line' id='line_1_74' title="bbox 2028 2797 2239 2851; baseline -0.009 0"><span class='ocrx_word' id='word_1_575' title='bbox 2028 2797 2239 2851; x_wconf 63' lang='lat' dir='ltr'><strong>vestris.</strong></span> 
     </span>
    </p>
   </div>
   <div class='ocr_carea' id='block_1_75' title="bbox 2098 2892 3613 2970">
    <p class='ocr_par' dir='ltr' id='par_1_75' title="bbox 2098 2892 3613 2970">
     <span class='ocr_line' id='line_1_75' title="bbox 2098 2892 3613 2970; baseline -0.011 -11"><span class='ocrx_word' id='word_1_576' title='bbox 2098 2904 2125 2943; x_wconf 71' lang='grc' dir='ltr'><strong>ιι</strong></span> <span class='ocrx_word' id='word_1_577' title='bbox 2167 2903 2516 2970; x_wconf 81' lang='lat' dir='ltr'><strong>Sacri/icium.</strong></span> <span class='ocrx_word' id='word_1_578' title='bbox 2564 2899 2817 2953; x_wconf 80' lang='lat' dir='ltr'><strong>Parvulas</strong></span> <span class='ocrx_word' id='word_1_579' title='bbox 2859 2906 3012 2950; x_wconf 90' lang='lat' dir='ltr'><strong>natus</strong></span> <span class='ocrx_word' id='word_1_580' title='bbox 3038 2904 3120 2949; x_wconf 90' lang='lat' dir='ltr'><strong>est</strong></span> <span class='ocrx_word' id='word_1_581' title='bbox 3150 2894 3303 2947; x_wconf 90' lang='lat' dir='ltr'><strong>nobis</strong></span> <span class='ocrx_word' id='word_1_582' title='bbox 3336 2904 3430 2947; x_wconf 92' lang='lat' dir='ltr'><strong>:et</strong></span> <span class='ocrx_word' id='word_1_583' title='bbox 3474 2892 3613 2945; x_wconf 81' lang='lat' dir='ltr'><strong>ﬁlius</strong></span> 
     </span>
    </p>
   </div>
   <div class='ocr_carea' id='block_1_76' title="bbox 2026 2976 3616 3053">
    <p class='ocr_par' dir='ltr' id='par_1_76' title="bbox 2026 2976 3616 3053">
     <span class='ocr_line' id='line_1_76' title="bbox 2026 2976 3616 3053; baseline -0.011 -3"><span class='ocrx_word' id='word_1_584' title='bbox 2026 2996 2183 3050; x_wconf 86' lang='lat' dir='ltr'><strong>datus</strong></span> <span class='ocrx_word' id='word_1_585' title='bbox 2207 3006 2289 3048; x_wconf 87' lang='lat' dir='ltr'><strong>est</strong></span> <span class='ocrx_word' id='word_1_586' title='bbox 2317 2994 2470 3047; x_wconf 87' lang='lat' dir='ltr'><strong>nobis</strong></span> <span class='ocrx_word' id='word_1_587' title='bbox 2501 3007 2515 3043; x_wconf 93' lang='lat'><strong>:</strong></span> <span class='ocrx_word' id='word_1_588' title='bbox 2548 2999 2602 3043; x_wconf 93' lang='lat' dir='ltr'><strong>et</strong></span> <span class='ocrx_word' id='word_1_589' title='bbox 2636 2990 2806 3042; x_wconf 88' lang='lat' dir='ltr'><strong>factus</strong></span> <span class='ocrx_word' id='word_1_590' title='bbox 2848 2994 2929 3039; x_wconf 71' lang='lat' dir='ltr'><strong>est</strong></span> <span class='ocrx_word' id='word_1_591' title='bbox 2958 2983 3279 3053; x_wconf 85' lang='lat' dir='ltr'><strong>principatus</strong></span> <span class='ocrx_word' id='word_1_592' title='bbox 3310 2976 3616 3049; x_wconf 28' lang='lat' dir='ltr'><strong>ejns&#39;soper</strong></span> 
     </span>
    </p>
   </div>
   <div class='ocr_carea' id='block_1_77' title="bbox 2026 3075 2970 3150">
    <p class='ocr_par' dir='ltr' id='par_1_77' title="bbox 2026 3075 2970 3150">
     <span class='ocr_line' id='line_1_77' title="bbox 2026 3075 2970 3150; baseline -0.011 -11"><span class='ocrx_word' id='word_1_593' title='bbox 2026 3086 2278 3139; x_wconf 87' lang='lat' dir='ltr'><strong>humeros</strong></span> <span class='ocrx_word' id='word_1_594' title='bbox 2305 3082 2441 3150; x_wconf 85' lang='lat' dir='ltr'><strong>ejus.</strong></span> <span class='ocrx_word' id='word_1_595' title='bbox 2485 3080 2710 3146; x_wconf 83' lang='lat' dir='ltr'><strong>Alleluja</strong></span> <span class='ocrx_word' id='word_1_596' title='bbox 2738 3075 2970 3143; x_wconf 86' lang='lat' dir='ltr'><strong>alleluja.</strong></span> 
     </span>
    </p>
   </div>
   <div class='ocr_carea' id='block_1_78' title="bbox 2103 3162 3611 3233">
    <p class='ocr_par' dir='ltr' id='par_1_78' title="bbox 2103 3162 3611 3233">
     <span class='ocr_line' id='line_1_78' title="bbox 2103 3162 3611 3233; baseline -0.009 -5"><span class='ocrx_word' id='word_1_597' title='bbox 2103 3175 2121 3214; x_wconf 76' lang='grc' dir='ltr'><strong>ί</strong></span> <span class='ocrx_word' id='word_1_598' title='bbox 2170 3175 2347 3228; x_wconf 75' lang='lat' dir='ltr'><strong>Missa.</strong></span> <span class='ocrx_word' id='word_1_599' title='bbox 2393 3172 2530 3225; x_wconf 85' lang='lat' dir='ltr'><strong>Ecce</strong></span> <span class='ocrx_word' id='word_1_600' title='bbox 2587 3183 2726 3221; x_wconf 90' lang='lat' dir='ltr'><strong>nunc</strong></span> <span class='ocrx_word' id='word_1_601' title='bbox 2783 3177 2991 3233; x_wconf 88' lang='lat' dir='ltr'><strong>tempus</strong></span> <span class='ocrx_word' id='word_1_602' title='bbox 3036 3162 3360 3232; x_wconf 88' lang='lat' dir='ltr'><strong>acceptabile</strong></span> <span class='ocrx_word' id='word_1_603' title='bbox 3418 3180 3430 3214; x_wconf 93' lang='lat'><strong>:</strong></span> <span class='ocrx_word' id='word_1_604' title='bbox 3483 3176 3611 3216; x_wconf 75' lang='lat' dir='ltr'><strong>ecce</strong></span> 
     </span>
    </p>
   </div>
   <div class='ocr_carea' id='block_1_79' title="bbox 2025 3254 3609 3324">
    <p class='ocr_par' dir='ltr' id='par_1_79' title="bbox 2025 3254 3609 3324">
     <span class='ocr_line' id='line_1_79' title="bbox 2025 3254 3609 3324; baseline -0.012 0"><span class='ocrx_word' id='word_1_605' title='bbox 2025 3284 2163 3324; x_wconf 91' lang='lat' dir='ltr'><strong>nunc</strong></span> <span class='ocrx_word' id='word_1_606' title='bbox 2203 3267 2316 3319; x_wconf 87' lang='lat' dir='ltr'><strong>dies</strong></span> <span class='ocrx_word' id='word_1_607' title='bbox 2371 3263 2554 3318; x_wconf 87' lang='lat' dir='ltr'><strong>salutis</strong></span> <span class='ocrx_word' id='word_1_608' title='bbox 2588 3278 2602 3315; x_wconf 93' lang='lat'><strong>:</strong></span> <span class='ocrx_word' id='word_1_609' title='bbox 2654 3262 2740 3314; x_wconf 85' lang='lat' dir='ltr'><strong>lux</strong></span> <span class='ocrx_word' id='word_1_610' title='bbox 2769 3276 2796 3311; x_wconf 91' lang='lat' dir='ltr'><strong>a</strong></span> <span class='ocrx_word' id='word_1_611' title='bbox 2828 3271 2964 3311; x_wconf 90' lang='lat' dir='ltr'><strong>terra</strong></span> <span class='ocrx_word' id='word_1_612' title='bbox 3014 3258 3248 3324; x_wconf 89' lang='lat' dir='ltr'><strong>prodiit:</strong></span> <span class='ocrx_word' id='word_1_613' title='bbox 3298 3254 3551 3308; x_wconf 82' lang='lat' dir='ltr'><strong>exeamus</strong></span> <span class='ocrx_word' id='word_1_614' title='bbox 3582 3270 3609 3305; x_wconf 86' lang='lat' dir='ltr'><strong>a</strong></span> 
     </span>
    </p>
   </div>
   <div class='ocr_carea' id='block_1_80' title="bbox 2028 3346 3616 3416">
    <p class='ocr_par' dir='ltr' id='par_1_80' title="bbox 2028 3346 3616 3416">
     <span class='ocr_line' id='line_1_80' title="bbox 2028 3346 3616 3416; baseline -0.011 0"><span class='ocrx_word' id='word_1_615' title='bbox 2028 3360 2280 3416; x_wconf 91' lang='lat' dir='ltr'><strong>tenebris.</strong></span> <span class='ocrx_word' id='word_1_616' title='bbox 2314 3357 2619 3410; x_wconf 79' lang='lat' dir='ltr'><strong>Advocatus</strong></span> <span class='ocrx_word' id='word_1_617' title='bbox 2650 3370 2677 3406; x_wconf 88' lang='lat' dir='ltr'><strong>e</strong></span> <span class='ocrx_word' id='word_1_618' title='bbox 2704 3353 2818 3405; x_wconf 89' lang='lat' dir='ltr'><strong>celo</strong></span> <span class='ocrx_word' id='word_1_619' title='bbox 2864 3349 3137 3403; x_wconf 77' lang='lat' dir='ltr'><strong>descendit</strong></span> <span class='ocrx_word' id='word_1_620' title='bbox 3171 3365 3183 3399; x_wconf 89' lang='lat'><strong>:</strong></span> <span class='ocrx_word' id='word_1_621' title='bbox 3235 3346 3371 3416; x_wconf 86' lang='lat' dir='ltr'><strong>quod</strong></span> <span class='ocrx_word' id='word_1_622' title='bbox 3402 3353 3616 3414; x_wconf 83' lang='lat' dir='ltr'><strong>oportet</strong></span> 
     </span>
    </p>
   </div>
   <div class='ocr_carea' id='block_1_81' title="bbox 2024 3436 3613 3521">
    <p class='ocr_par' dir='ltr' id='par_1_81' title="bbox 2024 3436 3613 3521">
     <span class='ocr_line' id='line_1_81' title="bbox 2024 3436 3613 3521; baseline -0.009 -16"><span class='ocrx_word' id='word_1_623' title='bbox 2024 3463 2262 3521; x_wconf 84' lang='lat' dir='ltr'><strong>agamus.</strong></span> <span class='ocrx_word' id='word_1_624' title='bbox 2298 3446 2620 3512; x_wconf 74' lang='lat' dir='ltr'><strong>Redemptor</strong></span> <span class='ocrx_word' id='word_1_625' title='bbox 2668 3440 2849 3496; x_wconf 91' lang='lat' dir='ltr'><strong>mundi</strong></span> <span class='ocrx_word' id='word_1_626' title='bbox 2895 3440 3141 3508; x_wconf 90' lang='lat' dir='ltr'><strong>apparuit</strong></span> <span class='ocrx_word' id='word_1_627' title='bbox 3176 3456 3189 3491; x_wconf 91' lang='lat'><strong>:</strong></span> <span class='ocrx_word' id='word_1_628' title='bbox 3238 3453 3333 3507; x_wconf 90' lang='lat' dir='ltr'><strong>pro</strong></span> <span class='ocrx_word' id='word_1_629' title='bbox 3365 3436 3613 3491; x_wconf 85' lang='lat' dir='ltr'><strong>libertate</strong></span> 
     </span>
    </p>
   </div>
   <div class='ocr_carea' id='block_1_82' title="bbox 2024 3527 3603 3601">
    <p class='ocr_par' dir='ltr' id='par_1_82' title="bbox 2024 3527 3603 3601">
     <span class='ocr_line' id='line_1_82' title="bbox 2024 3527 3603 3601; baseline -0.011 -5"><span class='ocrx_word' id='word_1_630' title='bbox 2024 3543 2316 3596; x_wconf 89' lang='lat' dir='ltr'><strong>clainemus</strong></span> <span class='ocrx_word' id='word_1_631' title='bbox 2349 3553 2363 3589; x_wconf 89' lang='lat'><strong>:</strong></span> <span class='ocrx_word' id='word_1_632' title='bbox 2397 3536 2540 3589; x_wconf 87' lang='lat' dir='ltr'><strong>venit</strong></span> <span class='ocrx_word' id='word_1_633' title='bbox 2572 3533 2635 3586; x_wconf 89' lang='lat' dir='ltr'><strong>ad</strong></span> <span class='ocrx_word' id='word_1_634' title='bbox 2666 3539 2877 3601; x_wconf 84' lang='lat' dir='ltr'><strong>egrotos</strong></span> <span class='ocrx_word' id='word_1_635' title='bbox 2907 3528 3147 3582; x_wconf 87' lang='lat' dir='ltr'><strong>medicus</strong></span> <span class='ocrx_word' id='word_1_636' title='bbox 3184 3545 3196 3579; x_wconf 91' lang='lat'><strong>:</strong></span> <span class='ocrx_word' id='word_1_637' title='bbox 3228 3527 3443 3581; x_wconf 87' lang='lat' dir='ltr'><strong>vulnera</strong></span> <span class='ocrx_word' id='word_1_638' title='bbox 3476 3542 3603 3594; x_wconf 87' lang='lat' dir='ltr'><strong>pro-</strong></span> 
     </span>
    </p>
   </div>
   <div class='ocr_carea' id='block_1_83' title="bbox 2028 3616 3617 3686">
    <p class='ocr_par' dir='ltr' id='par_1_83' title="bbox 2028 3616 3617 3686">
     <span class='ocr_line' id='line_1_83' title="bbox 2028 3616 3617 3686; baseline -0.01 0"><span class='ocrx_word' id='word_1_639' title='bbox 2028 3634 2282 3686; x_wconf 87' lang='lat' dir='ltr'><strong>feramus.</strong></span> <span class='ocrx_word' id='word_1_640' title='bbox 2316 3627 2475 3681; x_wconf 85' lang='lat' dir='ltr'><strong>Panis</strong></span> <span class='ocrx_word' id='word_1_641' title='bbox 2524 3625 2672 3678; x_wconf 80' lang='lat' dir='ltr'><strong>vivus</strong></span> <span class='ocrx_word' id='word_1_642' title='bbox 2718 3619 3057 3675; x_wconf 88' lang='lat' dir='ltr'><strong>credentibus</strong></span> <span class='ocrx_word' id='word_1_643' title='bbox 3099 3618 3254 3672; x_wconf 88' lang='lat' dir='ltr'><strong>datus</strong></span> <span class='ocrx_word' id='word_1_644' title='bbox 3295 3624 3425 3671; x_wconf 91' lang='lat' dir='ltr'><strong>est:</strong></span> <span class='ocrx_word' id='word_1_645' title='bbox 3475 3616 3617 3670; x_wconf 89' lang='lat' dir='ltr'><strong>hunc</strong></span> 
     </span>
    </p>
   </div>
   <div class='ocr_carea' id='block_1_84' title="bbox 2024 3707 3606 3783">
    <p class='ocr_par' dir='ltr' id='par_1_84' title="bbox 2024 3707 3606 3783">
     <span class='ocr_line' id='line_1_84' title="bbox 2024 3707 3606 3783; baseline -0.011 -6"><span class='ocrx_word' id='word_1_646' title='bbox 2024 3735 2318 3777; x_wconf 82' lang='lat' dir='ltr'><strong>sumamus.</strong></span> <span class='ocrx_word' id='word_1_647' title='bbox 2344 3718 2483 3773; x_wconf 78' lang='lat' dir='ltr'><strong>Fons</strong></span> <span class='ocrx_word' id='word_1_648' title='bbox 2512 3713 2758 3783; x_wconf 85' lang='lat' dir='ltr'><strong>perennis</strong></span> <span class='ocrx_word' id='word_1_649' title='bbox 2782 3710 3027 3764; x_wconf 89' lang='lat' dir='ltr'><strong>ﬁdelibus</strong></span> <span class='ocrx_word' id='word_1_650' title='bbox 3056 3719 3206 3763; x_wconf 89' lang='lat' dir='ltr'><strong>ortus</strong></span> <span class='ocrx_word' id='word_1_651' title='bbox 3234 3715 3318 3762; x_wconf 88' lang='lat' dir='ltr'><strong>est</strong></span> <span class='ocrx_word' id='word_1_652' title='bbox 3351 3723 3366 3759; x_wconf 90' lang='lat'><strong>:</strong></span> <span class='ocrx_word' id='word_1_653' title='bbox 3398 3707 3606 3760; x_wconf 82' lang='lat' dir='ltr'><strong>animas</strong></span> 
     </span>
    </p>
   </div>
   <div class='ocr_carea' id='block_1_85' title="bbox 2026 3797 3614 3880">
    <p class='ocr_par' dir='ltr' id='par_1_85' title="bbox 2026 3797 3614 3880">
     <span class='ocr_line' id='line_1_85' title="bbox 2026 3797 3614 3880; baseline -0.009 -15"><span class='ocrx_word' id='word_1_654' title='bbox 2026 3812 2359 3880; x_wconf 80' lang='lat' dir='ltr'><strong>impleamus.</strong></span> <span class='ocrx_word' id='word_1_655' title='bbox 2402 3806 2566 3873; x_wconf 87' lang='lat' dir='ltr'><strong>Cujus</strong></span> <span class='ocrx_word' id='word_1_656' title='bbox 2612 3801 2977 3857; x_wconf 89' lang='lat' dir='ltr'><strong>misericordia</strong></span> <span class='ocrx_word' id='word_1_657' title='bbox 3009 3801 3204 3853; x_wconf 90' lang='lat' dir='ltr'><strong>virtute</strong></span> <span class='ocrx_word' id='word_1_658' title='bbox 3251 3807 3304 3853; x_wconf 91' lang='lat' dir='ltr'><strong>et</strong></span> <span class='ocrx_word' id='word_1_659' title='bbox 3350 3797 3516 3867; x_wconf 83' lang='lat' dir='ltr'><strong>gratia</strong></span> <span class='ocrx_word' id='word_1_660' title='bbox 3560 3797 3614 3851; x_wconf 84' lang='lat' dir='ltr'><strong>in</strong></span> 
     </span>
    </p>
   </div>
   <div class='ocr_carea' id='block_1_86' title="bbox 2029 3889 3609 3966">
    <p class='ocr_par' dir='ltr' id='par_1_86' title="bbox 2029 3889 3609 3966">
     <span class='ocr_line' id='line_1_86' title="bbox 2029 3889 3609 3966; baseline -0.009 -12"><span class='ocrx_word' id='word_1_661' title='bbox 2029 3902 2121 3955; x_wconf 93' lang='lat' dir='ltr'><strong>illo</strong></span> <span class='ocrx_word' id='word_1_662' title='bbox 2153 3901 2270 3953; x_wconf 88' lang='lat' dir='ltr'><strong>ﬁdei</strong></span> <span class='ocrx_word' id='word_1_663' title='bbox 2304 3911 2553 3966; x_wconf 87' lang='lat' dir='ltr'><strong>processu</strong></span> <span class='ocrx_word' id='word_1_664' title='bbox 2588 3894 2804 3964; x_wconf 88' lang='lat' dir='ltr'><strong>justicie</strong></span> <span class='ocrx_word' id='word_1_665' title='bbox 2845 3892 2989 3946; x_wconf 89' lang='lat' dir='ltr'><strong>cultu</strong></span> <span class='ocrx_word' id='word_1_666' title='bbox 3035 3889 3394 3944; x_wconf 87' lang='lat' dir='ltr'><strong>confessionis</strong></span> <span class='ocrx_word' id='word_1_667' title='bbox 3436 3889 3609 3958; x_wconf 86' lang='lat' dir='ltr'><strong>gradu</strong></span> 
     </span>
    </p>
   </div>
   <div class='ocr_carea' id='block_1_87' title="bbox 2026 3981 3609 4053">
    <p class='ocr_par' dir='ltr' id='par_1_87' title="bbox 2026 3981 3609 4053">
     <span class='ocr_line' id='line_1_87' title="bbox 2026 3981 3609 4053; baseline -0.008 -7"><span class='ocrx_word' id='word_1_668' title='bbox 2026 3991 2289 4047; x_wconf 85' lang='lat' dir='ltr'><strong>castitatis</strong></span> <span class='ocrx_word' id='word_1_669' title='bbox 2325 3988 2517 4041; x_wconf 68' lang='lat' dir='ltr'><strong>alfrctu</strong></span> <span class='ocrx_word' id='word_1_670' title='bbox 2553 4004 2566 4039; x_wconf 92' lang='lat'><strong>:</strong></span> <span class='ocrx_word' id='word_1_671' title='bbox 2598 3994 2742 4040; x_wconf 88' lang='lat' dir='ltr'><strong>stare</strong></span> <span class='ocrx_word' id='word_1_672' title='bbox 2767 3986 2875 4053; x_wconf 83' lang='lat'><strong><em>39</em></strong></span> <span class='ocrx_word' id='word_1_673' title='bbox 2906 3997 3002 4036; x_wconf 90' lang='lat' dir='ltr'><strong>nos</strong></span> <span class='ocrx_word' id='word_1_674' title='bbox 3035 3982 3192 4035; x_wconf 87' lang='lat' dir='ltr'><strong>faciat</strong></span> <span class='ocrx_word' id='word_1_675' title='bbox 3224 3997 3238 4033; x_wconf 93' lang='lat'><strong>:</strong></span> <span class='ocrx_word' id='word_1_676' title='bbox 3290 3982 3341 4035; x_wconf 93' lang='lat' dir='ltr'><strong>in</strong></span> <span class='ocrx_word' id='word_1_677' title='bbox 3367 3996 3474 4050; x_wconf 84' lang='lat' dir='ltr'><strong>quo</strong></span> <span class='ocrx_word' id='word_1_678' title='bbox 3496 3981 3609 4033; x_wconf 83' lang='lat' dir='ltr'><strong>ani-</strong></span> 
     </span>
    </p>
   </div>
   <div class='ocr_carea' id='block_1_88' title="bbox 2027 4072 3615 4141">
    <p class='ocr_par' dir='ltr' id='par_1_88' title="bbox 2027 4072 3615 4141">
     <span class='ocr_line' id='line_1_88' title="bbox 2027 4072 3615 4141; baseline -0.008 -4"><span class='ocrx_word' id='word_1_679' title='bbox 2027 4100 2140 4138; x_wconf 87' lang='lat' dir='ltr'><strong>mas</strong></span> <span class='ocrx_word' id='word_1_680' title='bbox 2171 4082 2413 4136; x_wconf 80' lang='lat' dir='ltr'><strong>ﬂoruisse</strong></span> <span class='ocrx_word' id='word_1_681' title='bbox 2443 4078 2543 4130; x_wconf 89' lang='lat' dir='ltr'><strong>sibi</strong></span> <span class='ocrx_word' id='word_1_682' title='bbox 2573 4090 2680 4129; x_wconf 89' lang='lat' dir='ltr'><strong>non</strong></span> <span class='ocrx_word' id='word_1_683' title='bbox 2728 4076 2933 4127; x_wconf 89' lang='lat' dir='ltr'><strong>aruisse</strong></span> <span class='ocrx_word' id='word_1_684' title='bbox 2980 4074 3281 4127; x_wconf 82' lang='lat' dir='ltr'><strong>convincat.</strong></span> <span class='ocrx_word' id='word_1_685' title='bbox 3338 4072 3512 4141; x_wconf 83' lang='lat' dir='ltr'><strong>Atque</strong></span> <span class='ocrx_word' id='word_1_686' title='bbox 3560 4072 3615 4125; x_wconf 88' lang='lat' dir='ltr'><strong>in</strong></span> 
     </span>
    </p>
   </div>
   <div class='ocr_carea' id='block_1_89' title="bbox 2027 4161 3617 4232">
    <p class='ocr_par' dir='ltr' id='par_1_89' title="bbox 2027 4161 3617 4232">
     <span class='ocr_line' id='line_1_89' title="bbox 2027 4161 3617 4232; baseline -0.008 -2"><span class='ocrx_word' id='word_1_687' title='bbox 2027 4176 2118 4230; x_wconf 92' lang='lat' dir='ltr'><strong>illo</strong></span> <span class='ocrx_word' id='word_1_688' title='bbox 2160 4182 2299 4227; x_wconf 87' lang='lat' dir='ltr'><strong>statu</strong></span> <span class='ocrx_word' id='word_1_689' title='bbox 2336 4170 2483 4223; x_wconf 85' lang='lat' dir='ltr'><strong>illum</strong></span> <span class='ocrx_word' id='word_1_690' title='bbox 2516 4166 2619 4220; x_wconf 91' lang='lat' dir='ltr'><strong>vita</strong></span> <span class='ocrx_word' id='word_1_691' title='bbox 2651 4175 2831 4219; x_wconf 87' lang='lat' dir='ltr'><strong>nostra</strong></span> <span class='ocrx_word' id='word_1_692' title='bbox 2864 4164 3182 4227; x_wconf 86' lang='lat' dir='ltr'><strong>delectetur,</strong></span> <span class='ocrx_word' id='word_1_693' title='bbox 3216 4162 3473 4232; x_wconf 88' lang='lat' dir='ltr'><strong>nobisque</strong></span> <span class='ocrx_word' id='word_1_694' title='bbox 3502 4161 3617 4217; x_wconf 87' lang='lat' dir='ltr'><strong>fru-</strong></span> 
     </span>
    </p>
   </div>
   <div class='ocr_carea' id='block_1_90' title="bbox 2027 4253 3617 4329">
    <p class='ocr_par' dir='ltr' id='par_1_90' title="bbox 2027 4253 3617 4329">
     <span class='ocr_line' id='line_1_90' title="bbox 2027 4253 3617 4329; baseline -0.008 -7"><span class='ocrx_word' id='word_1_695' title='bbox 2027 4268 2224 4322; x_wconf 88' lang='lat' dir='ltr'><strong>ctilicct</strong></span> <span class='ocrx_word' id='word_1_696' title='bbox 2282 4281 2295 4316; x_wconf 90' lang='lat'><strong>:</strong></span> <span class='ocrx_word' id='word_1_697' title='bbox 2360 4263 2413 4316; x_wconf 93' lang='lat' dir='ltr'><strong>in</strong></span> <span class='ocrx_word' id='word_1_698' title='bbox 2463 4276 2570 4329; x_wconf 85' lang='lat' dir='ltr'><strong>quo</strong></span> <span class='ocrx_word' id='word_1_699' title='bbox 2623 4272 2683 4312; x_wconf 91' lang='lat' dir='ltr'><strong>se</strong></span> <span class='ocrx_word' id='word_1_700' title='bbox 2737 4255 2950 4325; x_wconf 86' lang='lat' dir='ltr'><strong>generis</strong></span> <span class='ocrx_word' id='word_1_701' title='bbox 3004 4268 3109 4306; x_wconf 91' lang='lat' dir='ltr'><strong>non</strong></span> <span class='ocrx_word' id='word_1_702' title='bbox 3162 4253 3403 4307; x_wconf 88' lang='lat' dir='ltr'><strong>criminis</strong></span> <span class='ocrx_word' id='word_1_703' title='bbox 3449 4256 3617 4309; x_wconf 88' lang='lat' dir='ltr'><strong>nostri</strong></span> 
     </span>
    </p>
   </div>
   <div class='ocr_carea' id='block_1_91' title="bbox 344 4343 3619 4439">
    <p class='ocr_par' dir='ltr' id='par_1_91' title="bbox 344 4343 3619 4439">
     <span class='ocr_line' id='line_1_91' title="bbox 344 4343 3619 4439; baseline -0.002 -34"><span class='ocrx_word' id='word_1_704' title='bbox 344 4353 404 4405; x_wconf 80' lang='lat' dir='ltr'><strong>Et</strong></span> <span class='ocrx_word' id='word_1_705' title='bbox 427 4367 555 4408; x_wconf 89' lang='lat' dir='ltr'><strong>ecce</strong></span> <span class='ocrx_word' id='word_1_706' title='bbox 578 4352 800 4421; x_wconf 87' lang='lat' dir='ltr'><strong>angelus</strong></span> <span class='ocrx_word' id='word_1_707' title='bbox 832 4352 1039 4408; x_wconf 90' lang='lat' dir='ltr'><strong>Domini</strong></span> <span class='ocrx_word' id='word_1_708' title='bbox 1076 4356 1223 4409; x_wconf 76' lang='lat' dir='ltr'><strong>stetit</strong></span> <span class='ocrx_word' id='word_1_709' title='bbox 1244 4354 1397 4424; x_wconf 72' lang='lat' dir='ltr'><strong>juxta</strong></span> <span class='ocrx_word' id='word_1_710' title='bbox 1442 4358 1564 4411; x_wconf 91' lang='lat' dir='ltr'><strong>illos</strong></span> <span class='ocrx_word' id='word_1_711' title='bbox 1593 4376 1603 4411; x_wconf 96' lang='lat'><strong>:</strong></span> <span class='ocrx_word' id='word_1_712' title='bbox 1635 4370 1687 4414; x_wconf 89' lang='lat' dir='ltr'><strong>et</strong></span> <span class='ocrx_word' id='word_1_713' title='bbox 1710 4360 1924 4415; x_wconf 83' lang='lat' dir='ltr'><strong>claritas</strong></span> <span class='ocrx_word' id='word_1_714' title='bbox 1953 4379 2004 4439; x_wconf 71' lang='grc' dir='ltr'><strong>Β</strong></span> <span class='ocrx_word' id='word_1_715' title='bbox 2033 4368 2347 4428; x_wconf 86' lang='lat' dir='ltr'><strong>permanens</strong></span> <span class='ocrx_word' id='word_1_716' title='bbox 2399 4353 2538 4406; x_wconf 86' lang='lat' dir='ltr'><strong>Deus</strong></span> <span class='ocrx_word' id='word_1_717' title='bbox 2582 4349 2633 4403; x_wconf 93' lang='lat' dir='ltr'><strong>in</strong></span> <span class='ocrx_word' id='word_1_718' title='bbox 2685 4348 2839 4401; x_wconf 90' lang='lat' dir='ltr'><strong>nobis</strong></span> <span class='ocrx_word' id='word_1_719' title='bbox 2892 4344 3197 4398; x_wconf 82' lang='lat' dir='ltr'><strong>nasciturus</strong></span> <span class='ocrx_word' id='word_1_720' title='bbox 3244 4343 3468 4397; x_wconf 89' lang='lat' dir='ltr'><strong>inseruit</strong></span> <span class='ocrx_word' id='word_1_721' title='bbox 3498 4360 3514 4399; x_wconf 93' lang='lat'><strong>:</strong></span> <span class='ocrx_word' id='word_1_722' title='bbox 3564 4352 3619 4399; x_wconf 89' lang='lat' dir='ltr'><strong>et</strong></span> 
     </span>
    </p>
   </div>
   <div class='ocr_carea' id='block_1_92' title="bbox 314 4442 1914 4520">
    <p class='ocr_par' dir='ltr' id='par_1_92' title="bbox 314 4442 1914 4520">
     <span class='ocr_line' id='line_1_92' title="bbox 314 4442 1914 4520; baseline 0.006 -26"><span class='ocrx_word' id='word_1_723' title='bbox 314 4442 429 4496; x_wconf 78' lang='lat' dir='ltr'><strong>Dei</strong></span> <span class='ocrx_word' id='word_1_724' title='bbox 474 4442 831 4501; x_wconf 78' lang='lat' dir='ltr'><strong>cireuuilulsit</strong></span> <span class='ocrx_word' id='word_1_725' title='bbox 859 4445 977 4503; x_wconf 79' lang='lat' dir='ltr'><strong>iUos</strong></span> <span class='ocrx_word' id='word_1_726' title='bbox 1011 4462 1025 4497; x_wconf 92' lang='lat'><strong>:</strong></span> <span class='ocrx_word' id='word_1_727' title='bbox 1055 4456 1111 4501; x_wconf 78' lang='lat' dir='ltr'><strong>et</strong></span> <span class='ocrx_word' id='word_1_728' title='bbox 1140 4446 1426 4501; x_wconf 74' lang='lat' dir='ltr'><strong>timuerunt</strong></span> <span class='ocrx_word' id='word_1_729' title='bbox 1466 4450 1656 4503; x_wconf 85' lang='lat' dir='ltr'><strong>timore</strong></span> <span class='ocrx_word' id='word_1_730' title='bbox 1700 4465 1914 4520; x_wconf 83' lang='lat' dir='ltr'><strong>magno.</strong></span> 
     </span>
    </p>
   </div>
   <div class='ocr_carea' id='block_1_93' title="bbox 412 4582 1456 4652">
    <p class='ocr_par' dir='ltr' id='par_1_93' title="bbox 412 4582 1456 4652">
     <span class='ocr_line' id='line_1_93' title="bbox 412 4582 1456 4652; baseline 0 -14"><span class='ocrx_word' id='word_1_731' title='bbox 412 4597 435 4623; x_wconf 74' lang='grc' dir='ltr'>δ</span> <span class='ocrx_word' id='word_1_732' title='bbox 481 4584 780 4638; x_wconf 81' lang='lat' dir='ltr'><strong>Psallendo.</strong></span> <span class='ocrx_word' id='word_1_733' title='bbox 812 4582 899 4637; x_wconf 86' lang='lat' dir='ltr'><strong>Ps.</strong></span> <span class='ocrx_word' id='word_1_734' title='bbox 924 4598 983 4649; x_wconf 86' lang='lat' dir='ltr'><strong>tt,</strong></span> <span class='ocrx_word' id='word_1_735' title='bbox 1013 4584 1066 4636; x_wconf 87' lang='lat'><strong>7.</strong></span> <span class='ocrx_word' id='word_1_736' title='bbox 1110 4584 1142 4652; x_wconf 67' lang='grc' dir='ltr'><strong><em>Ῡ</em></strong></span> <span class='ocrx_word' id='word_1_737' title='bbox 1169 4623 1183 4638; x_wconf 92' lang='grc'><strong>.</strong></span> <span class='ocrx_word' id='word_1_738' title='bbox 1212 4583 1370 4650; x_wconf 83' lang='lat' dir='ltr'><strong>lbid.,</strong></span> <span class='ocrx_word' id='word_1_739' title='bbox 1404 4584 1456 4638; x_wconf 91' lang='lat'><strong>8.</strong></span> 
     </span>
    </p>
   </div>
   <div class='ocr_carea' id='block_1_94' title="bbox 413 4652 1926 4724">
    <p class='ocr_par' dir='ltr' id='par_1_94' title="bbox 413 4652 1926 4724">
     <span class='ocr_line' id='line_1_94' title="bbox 413 4652 1926 4724; baseline 0.002 -16"><span class='ocrx_word' id='word_1_740' title='bbox 413 4656 442 4695; x_wconf 71' lang='grc' dir='ltr'><strong>ιι</strong></span> <span class='ocrx_word' id='word_1_741' title='bbox 482 4656 616 4723; x_wconf 81' lang='lat' dir='ltr'><strong>Cap.</strong></span> <span class='ocrx_word' id='word_1_742' title='bbox 651 4653 897 4724; x_wconf 18' lang='lat' dir='ltr'><strong>1.7Vers.</strong></span> <span class='ocrx_word' id='word_1_743' title='bbox 930 4652 1092 4709; x_wconf 71' lang='grc'><strong>1-15.</strong></span> <span class='ocrx_word' id='word_1_744' title='bbox 1139 4655 1336 4710; x_wconf 80' lang='lat' dir='ltr'><strong>Eadem</strong></span> <span class='ocrx_word' id='word_1_745' title='bbox 1370 4655 1604 4724; x_wconf 87' lang='lat' dir='ltr'><strong>Epistola</strong></span> <span class='ocrx_word' id='word_1_746' title='bbox 1651 4656 1926 4724; x_wconf 86' lang='lat' dir='ltr'><strong>iegiturin</strong></span> 
     </span>
    </p>
   </div>
   <div class='ocr_carea' id='block_1_95' title="bbox 346 4723 1922 4792">
    <p class='ocr_par' dir='ltr' id='par_1_95' title="bbox 346 4723 1922 4792">
     <span class='ocr_line' id='line_1_95' title="bbox 346 4723 1922 4792; baseline 0 -10"><span class='ocrx_word' id='word_1_747' title='bbox 346 4727 676 4781; x_wconf 84' lang='lat' dir='ltr'><strong>Lectionario</strong></span> <span class='ocrx_word' id='word_1_748' title='bbox 707 4723 1058 4790; x_wconf 78' lang='lat' dir='ltr'><strong>Luxoviensi,</strong></span> <span class='ocrx_word' id='word_1_749' title='bbox 1092 4726 1143 4779; x_wconf 92' lang='lat' dir='ltr'><strong>in</strong></span> <span class='ocrx_word' id='word_1_750' title='bbox 1172 4723 1599 4781; x_wconf 85' lang='lat' dir='ltr'><strong>Sacramentario</strong></span> <span class='ocrx_word' id='word_1_751' title='bbox 1645 4726 1922 4792; x_wconf 83' lang='lat' dir='ltr'><strong>Bobiensi,</strong></span> 
     </span>
    </p>
   </div>
   <div class='ocr_carea' id='block_1_96' title="bbox 348 4793 1923 4866">
    <p class='ocr_par' dir='ltr' id='par_1_96' title="bbox 348 4793 1923 4866">
     <span class='ocr_line' id='line_1_96' title="bbox 348 4793 1923 4866; baseline 0.001 -16"><span class='ocrx_word' id='word_1_752' title='bbox 348 4797 397 4850; x_wconf 91' lang='lat' dir='ltr'><strong>in</strong></span> <span class='ocrx_word' id='word_1_753' title='bbox 423 4813 527 4866; x_wconf 89' lang='lat' dir='ltr'><strong>quo</strong></span> <span class='ocrx_word' id='word_1_754' title='bbox 546 4796 613 4849; x_wconf 86' lang='lat' dir='ltr'><strong>ad</strong></span> <span class='ocrx_word' id='word_1_755' title='bbox 646 4807 790 4866; x_wconf 87' lang='lat' dir='ltr'><strong>vers.</strong></span> <span class='ocrx_word' id='word_1_756' title='bbox 816 4793 1245 4866; x_wconf 56' lang='lat' dir='ltr'><strong>ﬁlatitumnioilo</strong></span> <span class='ocrx_word' id='word_1_757' title='bbox 1278 4796 1562 4866; x_wconf 78' lang='lat' dir='ltr'><strong>pertingit,</strong></span> <span class='ocrx_word' id='word_1_758' title='bbox 1594 4803 1649 4850; x_wconf 87' lang='lat' dir='ltr'><strong>et</strong></span> <span class='ocrx_word' id='word_1_759' title='bbox 1696 4797 1763 4851; x_wconf 85' lang='lat' dir='ltr'><strong>ad</strong></span> <span class='ocrx_word' id='word_1_760' title='bbox 1813 4806 1923 4851; x_wconf 88' lang='lat' dir='ltr'><strong>ter-</strong></span> 
     </span>
    </p>
   </div>
   <div class='ocr_carea' id='block_1_97' title="bbox 349 4863 1329 4920">
    <p class='ocr_par' dir='ltr' id='par_1_97' title="bbox 349 4863 1329 4920">
     <span class='ocr_line' id='line_1_97' title="bbox 349 4863 1329 4920; baseline 0 -1"><span class='ocrx_word' id='word_1_761' title='bbox 349 4863 467 4920; x_wconf 86' lang='lat' dir='ltr'><strong>tiam</strong></span> <span class='ocrx_word' id='word_1_762' title='bbox 495 4869 713 4919; x_wconf 86' lang='lat' dir='ltr'><strong>tnissam</strong></span> <span class='ocrx_word' id='word_1_763' title='bbox 740 4865 791 4916; x_wconf 92' lang='lat' dir='ltr'><strong>in</strong></span> <span class='ocrx_word' id='word_1_764' title='bbox 825 4863 1019 4917; x_wconf 78' lang='lat' dir='ltr'><strong>Missali</strong></span> <span class='ocrx_word' id='word_1_765' title='bbox 1049 4863 1329 4920; x_wconf 88' lang='lat' dir='ltr'><strong>Toletano.</strong></span> 
     </span>
    </p>
   </div>
   <div class='ocr_carea' id='block_1_98' title="bbox 414 4934 1674 5004">
    <p class='ocr_par' dir='ltr' id='par_1_98' title="bbox 414 4934 1674 5004">
     <span class='ocr_line' id='line_1_98' title="bbox 414 4934 1674 5004; baseline -0.002 -17"><span class='ocrx_word' id='word_1_766' title='bbox 414 4947 438 4976; x_wconf 72' lang='grc' dir='ltr'>α</span> <span class='ocrx_word' id='word_1_767' title='bbox 480 4936 545 4987; x_wconf 84' lang='grc' dir='ltr'><em>1η</em></span> <span class='ocrx_word' id='word_1_768' title='bbox 569 4949 817 4989; x_wconf 82' lang='lat' dir='ltr'><strong>eternum.</strong></span> <span class='ocrx_word' id='word_1_769' title='bbox 862 4934 1096 5004; x_wconf 72' lang='lat' dir='ltr'><strong>ln&#39;Vulg.</strong></span> <span class='ocrx_word' id='word_1_770' title='bbox 1122 4944 1174 4988; x_wconf 89' lang='lat' dir='ltr'><strong>et</strong></span> <span class='ocrx_word' id='word_1_771' title='bbox 1203 4937 1298 4991; x_wconf 90' lang='lat' dir='ltr'><strong>Gr.</strong></span> <span class='ocrx_word' id='word_1_772' title='bbox 1331 4952 1433 4989; x_wconf 87' lang='lat' dir='ltr'><strong>non</strong></span> <span class='ocrx_word' id='word_1_773' title='bbox 1467 4936 1674 5004; x_wconf 83' lang='lat' dir='ltr'><strong>legitur.</strong></span> 
     </span>
    </p>
   </div>
   <div class='ocr_carea' id='block_1_99' title="bbox 418 5003 1928 5074">
    <p class='ocr_par' dir='ltr' id='par_1_99' title="bbox 418 5003 1928 5074">
     <span class='ocr_line' id='line_1_99' title="bbox 418 5003 1928 5074; baseline -0.001 -13"><span class='ocrx_word' id='word_1_774' title='bbox 418 5005 443 5043; x_wconf 68' lang='grc' dir='ltr'><em>ά</em></span> <span class='ocrx_word' id='word_1_775' title='bbox 478 5007 609 5073; x_wconf 88' lang='lat' dir='ltr'><strong>Cap.</strong></span> <span class='ocrx_word' id='word_1_776' title='bbox 641 5005 728 5058; x_wconf 85' lang='lat' dir='ltr'><strong>ll.</strong></span> <span class='ocrx_word' id='word_1_777' title='bbox 776 5005 926 5058; x_wconf 84' lang='lat' dir='ltr'><strong>Vers.</strong></span> <span class='ocrx_word' id='word_1_778' title='bbox 960 5003 1109 5057; x_wconf 63' lang='lat'><strong>6-22.</strong></span> <span class='ocrx_word' id='word_1_779' title='bbox 1162 5005 1305 5061; x_wconf 88' lang='lat' dir='ltr'><strong>Idem</strong></span> <span class='ocrx_word' id='word_1_780' title='bbox 1338 5003 1679 5073; x_wconf 78' lang='lat' dir='ltr'><strong>Evangelium</strong></span> <span class='ocrx_word' id='word_1_781' title='bbox 1732 5003 1928 5074; x_wconf 90' lang='lat' dir='ltr'><strong>legitur</strong></span> 
     </span>
    </p>
   </div>
   <div class='ocr_carea' id='block_1_100' title="bbox 346 5074 1927 5144">
    <p class='ocr_par' dir='ltr' id='par_1_100' title="bbox 346 5074 1927 5144">
     <span class='ocr_line' id='line_1_100' title="bbox 346 5074 1927 5144; baseline 0.003 -20"><span class='ocrx_word' id='word_1_782' title='bbox 346 5074 398 5128; x_wconf 92' lang='lat' dir='ltr'><strong>in</strong></span> <span class='ocrx_word' id='word_1_783' title='bbox 426 5077 745 5130; x_wconf 80' lang='lat' dir='ltr'><strong>Luxoviensi</strong></span> <span class='ocrx_word' id='word_1_784' title='bbox 778 5074 1133 5138; x_wconf 81' lang='lat' dir='ltr'><strong>Lectionario,</strong></span> <span class='ocrx_word' id='word_1_785' title='bbox 1160 5087 1215 5131; x_wconf 89' lang='lat' dir='ltr'><strong>et</strong></span> <span class='ocrx_word' id='word_1_786' title='bbox 1253 5076 1319 5131; x_wconf 89' lang='lat' dir='ltr'><strong>ad</strong></span> <span class='ocrx_word' id='word_1_787' title='bbox 1365 5077 1591 5144; x_wconf 88' lang='lat' dir='ltr'><strong>pritnam</strong></span> <span class='ocrx_word' id='word_1_788' title='bbox 1625 5077 1840 5129; x_wconf 84' lang='lat' dir='ltr'><strong>missam</strong></span> <span class='ocrx_word' id='word_1_789' title='bbox 1876 5078 1927 5129; x_wconf 93' lang='lat' dir='ltr'><strong>in</strong></span> 
     </span>
    </p>
   </div>
   <div class='ocr_carea' id='block_1_101' title="bbox 352 5144 1933 5214">
    <p class='ocr_par' dir='ltr' id='par_1_101' title="bbox 352 5144 1933 5214">
     <span class='ocr_line' id='line_1_101' title="bbox 352 5144 1933 5214; baseline 0 -15"><span class='ocrx_word' id='word_1_790' title='bbox 352 5147 542 5201; x_wconf 81' lang='lat' dir='ltr'><strong>Missali</strong></span> <span class='ocrx_word' id='word_1_791' title='bbox 575 5146 857 5208; x_wconf 74' lang='lat' dir='ltr'><strong>Toletani),</strong></span> <span class='ocrx_word' id='word_1_792' title='bbox 883 5144 1201 5211; x_wconf 83' lang='lat' dir='ltr'><strong>inquibusa</strong></span> <span class='ocrx_word' id='word_1_793' title='bbox 1235 5162 1375 5201; x_wconf 86' lang='lat' dir='ltr'><strong>vers.</strong></span> <span class='ocrx_word' id='word_1_794' title='bbox 1414 5149 1437 5199; x_wconf 81' lang='lat' dir='ltr'><strong>l</strong></span> <span class='ocrx_word' id='word_1_795' title='bbox 1474 5146 1538 5199; x_wconf 33' lang='lat' dir='ltr'><strong>in.</strong></span> <span class='ocrx_word' id='word_1_796' title='bbox 1562 5146 1677 5214; x_wconf 90' lang='lat' dir='ltr'><strong>ipit.</strong></span> <span class='ocrx_word' id='word_1_797' title='bbox 1732 5146 1787 5199; x_wconf 90' lang='lat' dir='ltr'><strong>lu</strong></span> <span class='ocrx_word' id='word_1_798' title='bbox 1833 5146 1933 5199; x_wconf 87' lang='lat' dir='ltr'><strong>Sa-</strong></span> 
     </span>
    </p>
   </div>
   <div class='ocr_carea' id='block_1_102' title="bbox 352 5215 1931 5285">
    <p class='ocr_par' dir='ltr' id='par_1_102' title="bbox 352 5215 1931 5285">
     <span class='ocr_line' id='line_1_102' title="bbox 352 5215 1931 5285; baseline 0.001 -17"><span class='ocrx_word' id='word_1_799' title='bbox 352 5217 708 5285; x_wconf 75' lang='lat' dir='ltr'><strong>Cranwntario</strong></span> <span class='ocrx_word' id='word_1_800' title='bbox 758 5215 1003 5285; x_wconf 83' lang='lat' dir='ltr'><strong>Bobieusi</strong></span> <span class='ocrx_word' id='word_1_801' title='bbox 1034 5216 1175 5285; x_wconf 86' lang='lat' dir='ltr'><strong>bina</strong></span> <span class='ocrx_word' id='word_1_802' title='bbox 1232 5219 1476 5285; x_wconf 87' lang='lat' dir='ltr'><strong>leguntur</strong></span> <span class='ocrx_word' id='word_1_803' title='bbox 1525 5216 1807 5284; x_wconf 85' lang='lat' dir='ltr'><strong>Evangelia</strong></span> <span class='ocrx_word' id='word_1_804' title='bbox 1864 5230 1931 5269; x_wconf 82' lang='lat' dir='ltr'><strong>ex</strong></span> 
     </span>
    </p>
   </div>
   <div class='ocr_carea' id='block_1_103' title="bbox 357 5284 1931 5356">
    <p class='ocr_par' dir='ltr' id='par_1_103' title="bbox 357 5284 1931 5356">
     <span class='ocr_line' id='line_1_103' title="bbox 357 5284 1931 5356; baseline 0 -18"><span class='ocrx_word' id='word_1_805' title='bbox 357 5284 639 5356; x_wconf 67' lang='lat' dir='ltr'><strong>Evangelii)</strong></span> <span class='ocrx_word' id='word_1_806' title='bbox 687 5285 856 5356; x_wconf 85' lang='lat' dir='ltr'><strong>sancti</strong></span> <span class='ocrx_word' id='word_1_807' title='bbox 898 5284 1131 5356; x_wconf 68' lang='lat' dir='ltr'><strong>blattbai</strong></span> <span class='ocrx_word' id='word_1_808' title='bbox 1162 5303 1173 5337; x_wconf 89' lang='lat'><strong>:</strong></span> <span class='ocrx_word' id='word_1_809' title='bbox 1207 5284 1434 5355; x_wconf 83' lang='lat' dir='ltr'><strong>primum</strong></span> <span class='ocrx_word' id='word_1_810' title='bbox 1464 5301 1525 5341; x_wconf 82' lang='lat' dir='ltr'><strong>ex</strong></span> <span class='ocrx_word' id='word_1_811' title='bbox 1555 5302 1673 5354; x_wconf 89' lang='lat' dir='ltr'><strong>cap.</strong></span> <span class='ocrx_word' id='word_1_812' title='bbox 1708 5300 1745 5350; x_wconf 88' lang='lat' dir='ltr'><strong>t,</strong></span> <span class='ocrx_word' id='word_1_813' title='bbox 1781 5287 1829 5351; x_wconf 80' lang='lat' dir='ltr'><strong>l,</strong></span> <span class='ocrx_word' id='word_1_814' title='bbox 1866 5285 1931 5338; x_wconf 89' lang='lat' dir='ltr'><strong>ad</strong></span> 
     </span>
    </p>
   </div>
   <div class='ocr_carea' id='block_1_104' title="bbox 356 5355 1986 5431">
    <p class='ocr_par' dir='ltr' id='par_1_104' title="bbox 356 5355 1986 5431">
     <span class='ocr_line' id='line_1_104' title="bbox 356 5355 1986 5431; baseline -0.001 -24"><span class='ocrx_word' id='word_1_815' title='bbox 356 5355 749 5431; x_wconf 69' lang='lat' dir='ltr'><strong>linemcapitis,</strong></span> <span class='ocrx_word' id='word_1_816' title='bbox 785 5355 1028 5426; x_wconf 83' lang='lat' dir='ltr'><strong>pluribus</strong></span> <span class='ocrx_word' id='word_1_817' title='bbox 1067 5359 1475 5431; x_wconf 69' lang='lat' dir='ltr'><strong>prmtermissis;</strong></span> <span class='ocrx_word' id='word_1_818' title='bbox 1521 5356 1663 5409; x_wconf 77' lang='lat' dir='ltr'><strong>aliud</strong></span> <span class='ocrx_word' id='word_1_819' title='bbox 1703 5369 1766 5408; x_wconf 83' lang='lat' dir='ltr'><strong>ex</strong></span> <span class='ocrx_word' id='word_1_820' title='bbox 1811 5370 1929 5424; x_wconf 83' lang='lat' dir='ltr'><strong>cap.</strong></span> <span class='ocrx_word' id='word_1_821' title='bbox 1980 5410 1986 5417; x_wconf 57' lang='grc'><em>,</em></span> 
     </span>
    </p>
   </div>
   <div class='ocr_carea' id='block_1_105' title="bbox 354 5428 588 5479">
    <p class='ocr_par' dir='ltr' id='par_1_105' title="bbox 354 5428 588 5479">
     <span class='ocr_line' id='line_1_105' title="bbox 354 5428 588 5479; baseline -0.004 -1"><span class='ocrx_word' id='word_1_822' title='bbox 354 5428 588 5479; x_wconf 84' lang='lat' dir='ltr'><strong>tt.i-&#39;l.</strong></span> 
     </span>
    </p>
   </div>
   <div class='ocr_carea' id='block_1_106' title="bbox 406 5466 1932 5565">
    <p class='ocr_par' dir='ltr' id='par_1_106' title="bbox 406 5466 1932 5565">
     <span class='ocr_line' id='line_1_106' title="bbox 406 5466 1932 5565; baseline 0.001 -17"><span class='ocrx_word' id='word_1_823' title='bbox 406 5466 751 5551; x_wconf 49' lang='lat' dir='ltr'><strong>’ellb&#39;i&#39;locus.</strong></span> <span class='ocrx_word' id='word_1_824' title='bbox 782 5496 934 5565; x_wconf 80' lang='lat' dir='ltr'><strong>Vulg.</strong></span> <span class='ocrx_word' id='word_1_825' title='bbox 959 5506 1012 5550; x_wconf 88' lang='lat' dir='ltr'><strong>et</strong></span> <span class='ocrx_word' id='word_1_826' title='bbox 1039 5494 1157 5559; x_wconf 66' lang='lat' dir='ltr'><strong>Gn,</strong></span> <span class='ocrx_word' id='word_1_827' title='bbox 1181 5512 1279 5550; x_wconf 83' lang='lat' dir='ltr'><strong>non</strong></span> <span class='ocrx_word' id='word_1_828' title='bbox 1309 5507 1418 5551; x_wconf 86' lang='lat' dir='ltr'><strong>crat</strong></span> <span class='ocrx_word' id='word_1_829' title='bbox 1440 5496 1511 5549; x_wconf 83' lang='lat' dir='ltr'><strong>eis</strong></span> <span class='ocrx_word' id='word_1_830' title='bbox 1535 5496 1693 5548; x_wconf 84' lang='lat' dir='ltr'><strong>locus.</strong></span> <span class='ocrx_word' id='word_1_831' title='bbox 1721 5494 1932 5551; x_wconf 81' lang='lat' dir='ltr'><strong>Missale</strong></span> 
     </span>
    </p>
   </div>
   <div class='ocr_carea' id='block_1_107' title="bbox 356 5563 1188 5630">
    <p class='ocr_par' dir='ltr' id='par_1_107' title="bbox 356 5563 1188 5630">
     <span class='ocr_line' id='line_1_107' title="bbox 356 5563 1188 5630; baseline 0 -13"><span class='ocrx_word' id='word_1_832' title='bbox 356 5563 681 5630; x_wconf 71' lang='lat' dir='ltr'><strong>Toletanutu,</strong></span> <span class='ocrx_word' id='word_1_833' title='bbox 700 5584 799 5620; x_wconf 84' lang='lat' dir='ltr'><strong>non</strong></span> <span class='ocrx_word' id='word_1_834' title='bbox 825 5563 930 5619; x_wconf 79' lang='lat' dir='ltr'><strong>erat</strong></span> <span class='ocrx_word' id='word_1_835' title='bbox 952 5569 996 5619; x_wconf 85' lang='lat' dir='ltr'><strong>ei</strong></span> <span class='ocrx_word' id='word_1_836' title='bbox 1027 5567 1188 5618; x_wconf 79' lang='lat' dir='ltr'><strong>locus.</strong></span> 
     </span>
    </p>
   </div>
   <div class='ocr_carea' id='block_1_108' title="bbox 427 5635 1928 5707">
    <p class='ocr_par' dir='ltr' id='par_1_108' title="bbox 427 5635 1928 5707">
     <span class='ocr_line' id='line_1_108' title="bbox 427 5635 1928 5707; baseline 0.001 -21"><span class='ocrx_word' id='word_1_837' title='bbox 427 5635 444 5671; x_wconf 76' lang='grc' dir='ltr'><strong>ι</strong></span> <span class='ocrx_word' id='word_1_838' title='bbox 490 5640 671 5691; x_wconf 77' lang='lat' dir='ltr'><strong>Amen.</strong></span> <span class='ocrx_word' id='word_1_839' title='bbox 734 5645 801 5695; x_wconf 70' lang='lat' dir='ltr'><strong>tit</strong></span> <span class='ocrx_word' id='word_1_840' title='bbox 865 5640 1176 5707; x_wconf 78' lang='lat' dir='ltr'><strong>pra-scripto</strong></span> <span class='ocrx_word' id='word_1_841' title='bbox 1231 5637 1437 5691; x_wconf 79' lang='lat' dir='ltr'><strong>Concilii</strong></span> <span class='ocrx_word' id='word_1_842' title='bbox 1502 5636 1840 5691; x_wconf 67' lang='lat' dir='ltr'><strong>Bracat‘ensis</strong></span> <span class='ocrx_word' id='word_1_843' title='bbox 1895 5650 1928 5688; x_wconf 91' lang='grc' dir='ltr'><strong>ιι</strong></span> 
     </span>
    </p>
   </div>
   <div class='ocr_carea' id='block_1_109' title="bbox 2028 4434 3618 4521">
    <p class='ocr_par' dir='ltr' id='par_1_109' title="bbox 2028 4434 3618 4521">
     <span class='ocr_line' id='line_1_109' title="bbox 2028 4434 3618 4521; baseline -0.009 -16"><span class='ocrx_word' id='word_1_844' title='bbox 2028 4466 2123 4521; x_wconf 90' lang='lat' dir='ltr'><strong>pro</strong></span> <span class='ocrx_word' id='word_1_845' title='bbox 2146 4448 2298 4503; x_wconf 85' lang='lat' dir='ltr'><strong>nobis</strong></span> <span class='ocrx_word' id='word_1_846' title='bbox 2328 4444 2616 4499; x_wconf 85' lang='lat' dir='ltr'><strong>moriturus</strong></span> <span class='ocrx_word' id='word_1_847' title='bbox 2644 4439 2911 4509; x_wconf 76' lang='lat' dir='ltr'><strong>apparuit.</strong></span> <span class='ocrx_word' id='word_1_848' title='bbox 2956 4436 2990 4504; x_wconf 62' lang='lat' dir='ltr'><strong>it</strong></span> <span class='ocrx_word' id='word_1_849' title='bbox 3012 4474 3026 4489; x_wconf 92' lang='lat'><strong>.</strong></span> <span class='ocrx_word' id='word_1_850' title='bbox 3052 4434 3242 4490; x_wconf 81' lang='lat' dir='ltr'><strong>Amen.</strong></span> <span class='ocrx_word' id='word_1_851' title='bbox 3274 4435 3618 4491; x_wconf 51' lang='lat' dir='ltr'><strong>Concedente</strong></span> 
     </span>
    </p>
   </div>
   <div class='ocr_carea' id='block_1_110' title="bbox 2038 4577 3615 4655">
    <p class='ocr_par' dir='ltr' id='par_1_110' title="bbox 2038 4577 3615 4655">
     <span class='ocr_line' id='line_1_110' title="bbox 2038 4577 3615 4655; baseline -0.006 -15"><span class='ocrx_word' id='word_1_852' title='bbox 2038 4586 2191 4655; x_wconf 81' lang='lat' dir='ltr'><strong>(Con.</strong></span> <span class='ocrx_word' id='word_1_853' title='bbox 2221 4587 2278 4651; x_wconf 80' lang='lat'><strong>9)</strong></span> <span class='ocrx_word' id='word_1_854' title='bbox 2308 4593 2424 4653; x_wconf 88' lang='lat' dir='ltr'><strong>post</strong></span> <span class='ocrx_word' id='word_1_855' title='bbox 2466 4588 2659 4655; x_wconf 83' lang='lat' dir='ltr'><strong>tectum</strong></span> <span class='ocrx_word' id='word_1_856' title='bbox 2696 4577 3065 4655; x_wconf 78' lang='lat' dir='ltr'><strong>Evangelium,</strong></span> <span class='ocrx_word' id='word_1_857' title='bbox 3090 4577 3392 4655; x_wconf 78' lang='lat' dir='ltr'><strong>episcopus,</strong></span> <span class='ocrx_word' id='word_1_858' title='bbox 3425 4583 3539 4655; x_wconf 75' lang='lat' dir='ltr'><strong>aut.</strong></span> <span class='ocrx_word' id='word_1_859' title='bbox 3570 4578 3615 4630; x_wconf 91' lang='lat' dir='ltr'><strong>si</strong></span> 
     </span>
    </p>
   </div>
   <div class='ocr_carea' id='block_1_111' title="bbox 2035 4645 3614 4726">
    <p class='ocr_par' dir='ltr' id='par_1_111' title="bbox 2035 4645 3614 4726">
     <span class='ocr_line' id='line_1_111' title="bbox 2035 4645 3614 4726; baseline -0.009 -13"><span class='ocrx_word' id='word_1_860' title='bbox 2035 4645 2322 4726; x_wconf 75' lang='lat' dir='ltr'><strong>episcopus</strong></span> <span class='ocrx_word' id='word_1_861' title='bbox 2348 4668 2450 4726; x_wconf 88' lang='lat' dir='ltr'><strong>non</strong></span> <span class='ocrx_word' id='word_1_862' title='bbox 2479 4652 2686 4712; x_wconf 86' lang='lat' dir='ltr'><strong>aderat,</strong></span> <span class='ocrx_word' id='word_1_863' title='bbox 2711 4649 3011 4717; x_wconf 83' lang='lat' dir='ltr'><strong>presbyter,</strong></span> <span class='ocrx_word' id='word_1_864' title='bbox 3040 4646 3235 4726; x_wconf 75' lang='lat' dir='ltr'><strong>populo</strong></span> <span class='ocrx_word' id='word_1_865' title='bbox 3254 4645 3450 4725; x_wconf 82' lang='lat' dir='ltr'><strong>astanti</strong></span> <span class='ocrx_word' id='word_1_866' title='bbox 3472 4649 3614 4726; x_wconf 77' lang='lat' dir='ltr'><strong>clara</strong></span> 
     </span>
    </p>
   </div>
   <div class='ocr_carea' id='block_1_112' title="bbox 2038 4715 3618 4789">
    <p class='ocr_par' dir='ltr' id='par_1_112' title="bbox 2038 4715 3618 4789">
     <span class='ocr_line' id='line_1_112' title="bbox 2038 4715 3618 4789; baseline -0.007 -11"><span class='ocrx_word' id='word_1_867' title='bbox 2038 4715 2164 4780; x_wconf 75' lang='lat' dir='ltr'><strong>voce</strong></span> <span class='ocrx_word' id='word_1_868' title='bbox 2194 4715 2470 4779; x_wconf 72' lang='lat' dir='ltr'><strong>nuntiabat</strong></span> <span class='ocrx_word' id='word_1_869' title='bbox 2500 4715 2812 4789; x_wconf 86' lang='lat' dir='ltr'><strong>quomense</strong></span> <span class='ocrx_word' id='word_1_870' title='bbox 2840 4726 3080 4789; x_wconf 65' lang='lat' dir='ltr'><strong>etquota</strong></span> <span class='ocrx_word' id='word_1_871' title='bbox 3111 4715 3198 4789; x_wconf 82' lang='lat' dir='ltr'><strong>die</strong></span> <span class='ocrx_word' id='word_1_872' title='bbox 3242 4719 3443 4789; x_wconf 80' lang='lat' dir='ltr'><strong>mensis</strong></span> <span class='ocrx_word' id='word_1_873' title='bbox 3483 4717 3618 4789; x_wconf 84' lang='lat' dir='ltr'><strong>jeju-</strong></span> 
     </span>
    </p>
   </div>
   <div class='ocr_carea' id='block_1_113' title="bbox 2039 4785 3617 4864">
    <p class='ocr_par' dir='ltr' id='par_1_113' title="bbox 2039 4785 3617 4864">
     <span class='ocr_line' id='line_1_113' title="bbox 2039 4785 3617 4864; baseline -0.007 -13"><span class='ocrx_word' id='word_1_874' title='bbox 2039 4800 2181 4851; x_wconf 88' lang='lat' dir='ltr'><strong>nium</strong></span> <span class='ocrx_word' id='word_1_875' title='bbox 2209 4785 2668 4864; x_wconf 77' lang='lat' dir='ltr'><strong>quadragesitnale</strong></span> <span class='ocrx_word' id='word_1_876' title='bbox 2707 4787 3012 4855; x_wconf 85' lang='lat' dir='ltr'><strong>incipiebat,</strong></span> <span class='ocrx_word' id='word_1_877' title='bbox 3045 4796 3103 4840; x_wconf 89' lang='lat' dir='ltr'><strong>ut</strong></span> <span class='ocrx_word' id='word_1_878' title='bbox 3155 4785 3432 4842; x_wconf 87' lang='lat' dir='ltr'><strong>introitum</strong></span> <span class='ocrx_word' id='word_1_879' title='bbox 3476 4787 3617 4854; x_wconf 81' lang='lat' dir='ltr'><strong>Qua-</strong></span> 
     </span>
    </p>
   </div>
   <div class='ocr_carea' id='block_1_114' title="bbox 2039 4861 2856 4935">
    <p class='ocr_par' dir='ltr' id='par_1_114' title="bbox 2039 4861 2856 4935">
     <span class='ocr_line' id='line_1_114' title="bbox 2039 4861 2856 4935; baseline -0.015 -12"><span class='ocrx_word' id='word_1_880' title='bbox 2039 4861 2352 4935; x_wconf 73' lang='lat' dir='ltr'><strong>dragesitnm</strong></span> <span class='ocrx_word' id='word_1_881' title='bbox 2376 4864 2548 4935; x_wconf 80' lang='lat' dir='ltr'><strong>nullus</strong></span> <span class='ocrx_word' id='word_1_882' title='bbox 2572 4861 2856 4935; x_wconf 78' lang='lat' dir='ltr'><strong>ignoraret.</strong></span> 
     </span>
    </p>
   </div>
   <div class='ocr_carea' id='block_1_115' title="bbox 2107 4933 2825 4993">
    <p class='ocr_par' dir='ltr' id='par_1_115' title="bbox 2107 4933 2825 4993">
     <span class='ocr_line' id='line_1_115' title="bbox 2107 4933 2825 4993; baseline 0 -9"><span class='ocrx_word' id='word_1_883' title='bbox 2107 4933 2152 4984; x_wconf 74' lang='grc' dir='ltr'><strong>ις’</strong></span> <span class='ocrx_word' id='word_1_884' title='bbox 2175 4935 2373 4988; x_wconf 82' lang='lat' dir='ltr'><strong>Lnuda.</strong></span> <span class='ocrx_word' id='word_1_885' title='bbox 2409 4933 2506 4986; x_wconf 84' lang='lat' dir='ltr'><strong>Ps.</strong></span> <span class='ocrx_word' id='word_1_886' title='bbox 2535 4947 2621 4988; x_wconf 81' lang='lat' dir='ltr'><strong>cx.</strong></span> <span class='ocrx_word' id='word_1_887' title='bbox 2656 4933 2708 4993; x_wconf 82' lang='lat'><strong>9,</strong></span> <span class='ocrx_word' id='word_1_888' title='bbox 2739 4933 2825 4984; x_wconf 77' lang='lat' dir='ltr'><strong>ili.</strong></span> 
     </span>
    </p>
   </div>
   <div class='ocr_carea' id='block_1_116' title="bbox 2106 4998 2900 5072">
    <p class='ocr_par' dir='ltr' id='par_1_116' title="bbox 2106 4998 2900 5072">
     <span class='ocr_line' id='line_1_116' title="bbox 2106 4998 2900 5072; baseline -0.014 -11"><span class='ocrx_word' id='word_1_889' title='bbox 2106 5005 2133 5044; x_wconf 66' lang='grc' dir='ltr'><strong>ιι</strong></span> <span class='ocrx_word' id='word_1_890' title='bbox 2176 5005 2520 5072; x_wconf 76' lang='lat' dir='ltr'><strong>Sacrificium.</strong></span> <span class='ocrx_word' id='word_1_891' title='bbox 2564 5002 2729 5063; x_wconf 63' lang='lat' dir='ltr'><strong>Isaiae,</strong></span> <span class='ocrx_word' id='word_1_892' title='bbox 2758 4998 2900 5072; x_wconf 57' lang='lat'><strong>“,6.</strong></span> 
     </span>
    </p>
   </div>
   <div class='ocr_carea' id='block_1_117' title="bbox 2115 5063 3582 5129">
    <p class='ocr_par' dir='ltr' id='par_1_117' title="bbox 2115 5063 3582 5129">
     <span class='ocr_line' id='line_1_117' title="bbox 2115 5063 3582 5129; baseline -0.007 1"><span class='ocrx_word' id='word_1_893' title='bbox 2115 5075 2130 5114; x_wconf 81' lang='grc' dir='ltr'>ί</span> <span class='ocrx_word' id='word_1_894' title='bbox 2178 5063 2360 5129; x_wconf 67' lang='lat' dir='ltr'><strong>Missa.</strong></span> <span class='ocrx_word' id='word_1_895' title='bbox 2389 5073 2604 5127; x_wconf 87' lang='lat' dir='ltr'><strong>Unicam</strong></span> <span class='ocrx_word' id='word_1_896' title='bbox 2635 5073 2851 5125; x_wconf 84' lang='lat' dir='ltr'><strong>missam</strong></span> <span class='ocrx_word' id='word_1_897' title='bbox 2876 5069 3010 5122; x_wconf 88' lang='lat' dir='ltr'><strong>festo</strong></span> <span class='ocrx_word' id='word_1_898' title='bbox 3039 5067 3240 5122; x_wconf 80' lang='lat' dir='ltr'><strong>Natalis</strong></span> <span class='ocrx_word' id='word_1_899' title='bbox 3272 5063 3479 5120; x_wconf 90' lang='lat' dir='ltr'><strong>Domini</strong></span> <span class='ocrx_word' id='word_1_900' title='bbox 3529 5069 3582 5119; x_wconf 84' lang='lat' dir='ltr'><strong>at</strong></span> 
     </span>
    </p>
   </div>
   <div class='ocr_carea' id='block_1_118' title="bbox 2042 5134 3598 5201">
    <p class='ocr_par' dir='ltr' id='par_1_118' title="bbox 2042 5134 3598 5201">
     <span class='ocr_line' id='line_1_118' title="bbox 2042 5134 3598 5201; baseline -0.01 0"><span class='ocrx_word' id='word_1_901' title='bbox 2042 5146 2227 5201; x_wconf 70' lang='lat' dir='ltr'><strong>tribuit</strong></span> <span class='ocrx_word' id='word_1_902' title='bbox 2250 5144 2459 5199; x_wconf 79' lang='lat' dir='ltr'><strong>Missale</strong></span> <span class='ocrx_word' id='word_1_903' title='bbox 2506 5139 2993 5198; x_wconf 82' lang='lat' dir='ltr'><strong>Gallo-Gothicam,</strong></span> <span class='ocrx_word' id='word_1_904' title='bbox 3039 5137 3403 5191; x_wconf 89' lang='lat' dir='ltr'><strong>Lectionarius</strong></span> <span class='ocrx_word' id='word_1_905' title='bbox 3451 5134 3598 5187; x_wconf 76' lang='lat' dir='ltr'><strong>Luxu</strong></span> 
     </span>
    </p>
   </div>
   <div class='ocr_carea' id='block_1_119' title="bbox 2040 5208 3610 5282">
    <p class='ocr_par' dir='ltr' id='par_1_119' title="bbox 2040 5208 3610 5282">
     <span class='ocr_line' id='line_1_119' title="bbox 2040 5208 3610 5282; baseline -0.009 -13"><span class='ocrx_word' id='word_1_906' title='bbox 2040 5216 2257 5282; x_wconf 86' lang='lat' dir='ltr'><strong>viensis,</strong></span> <span class='ocrx_word' id='word_1_907' title='bbox 2284 5225 2337 5270; x_wconf 89' lang='lat' dir='ltr'><strong>et</strong></span> <span class='ocrx_word' id='word_1_908' title='bbox 2364 5209 3163 5282; x_wconf 82' lang='lat' dir='ltr'><strong>Sacratneutarium_Bobie_nse._</strong></span> <span class='ocrx_word' id='word_1_909' title='bbox 3182 5211 3248 5282; x_wconf 66' lang='lat' dir='ltr'><strong>At</strong></span> <span class='ocrx_word' id='word_1_910' title='bbox 3294 5208 3497 5282; x_wconf 68' lang='lat' dir='ltr'><strong>llomze,</strong></span> <span class='ocrx_word' id='word_1_911' title='bbox 3527 5221 3610 5256; x_wconf 61' lang='grc' dir='ltr'><strong>νε.</strong></span> 
     </span>
    </p>
   </div>
   <div class='ocr_carea' id='block_1_120' title="bbox 2041 5275 3613 5349">
    <p class='ocr_par' dir='ltr' id='par_1_120' title="bbox 2041 5275 3613 5349">
     <span class='ocr_line' id='line_1_120' title="bbox 2041 5275 3613 5349; baseline -0.008 -8"><span class='ocrx_word' id='word_1_912' title='bbox 2041 5297 2182 5341; x_wconf 89' lang='lat' dir='ltr'><strong>tusto</strong></span> <span class='ocrx_word' id='word_1_913' title='bbox 2212 5275 2380 5349; x_wconf 85' lang='lat' dir='ltr'><strong>more,</strong></span> <span class='ocrx_word' id='word_1_914' title='bbox 2408 5293 2516 5336; x_wconf 90' lang='lat' dir='ltr'><strong>tres</strong></span> <span class='ocrx_word' id='word_1_915' title='bbox 2540 5282 2717 5335; x_wconf 65' lang='lat' dir='ltr'><strong>missas</strong></span> <span class='ocrx_word' id='word_1_916' title='bbox 2746 5282 2796 5330; x_wconf 86' lang='lat' dir='ltr'><strong>iii</strong></span> <span class='ocrx_word' id='word_1_917' title='bbox 2821 5278 2989 5331; x_wconf 81' lang='lat' dir='ltr'><strong>Natali</strong></span> <span class='ocrx_word' id='word_1_918' title='bbox 3017 5276 3223 5349; x_wconf 81' lang='lat' dir='ltr'><strong>Domini</strong></span> <span class='ocrx_word' id='word_1_919' title='bbox 3245 5275 3613 5349; x_wconf 78' lang='lat' dir='ltr'><strong>celebrantur:</strong></span> 
     </span>
    </p>
   </div>
   <div class='ocr_carea' id='block_1_121' title="bbox 2042 5344 3609 5417">
    <p class='ocr_par' dir='ltr' id='par_1_121' title="bbox 2042 5344 3609 5417">
     <span class='ocr_line' id='line_1_121' title="bbox 2042 5344 3609 5417; baseline -0.008 -6"><span class='ocrx_word' id='word_1_920' title='bbox 2042 5374 2199 5412; x_wconf 88' lang='lat' dir='ltr'><strong>unatn</strong></span> <span class='ocrx_word' id='word_1_921' title='bbox 2232 5344 2408 5417; x_wconf 80' lang='lat' dir='ltr'><strong>nocte,</strong></span> <span class='ocrx_word' id='word_1_922' title='bbox 2437 5353 2595 5406; x_wconf 91' lang='lat' dir='ltr'><strong>aliam</strong></span> <span class='ocrx_word' id='word_1_923' title='bbox 2653 5364 2807 5403; x_wconf 87' lang='lat' dir='ltr'><strong>mane</strong></span> <span class='ocrx_word' id='word_1_924' title='bbox 2860 5348 3073 5417; x_wconf 55' lang='lat' dir='ltr'><strong>primo.</strong></span> <span class='ocrx_word' id='word_1_925' title='bbox 3106 5345 3335 5417; x_wconf 86' lang='lat' dir='ltr'><strong>ter_tiatn</strong></span> <span class='ocrx_word' id='word_1_926' title='bbox 3364 5344 3431 5399; x_wconf 90' lang='lat' dir='ltr'><strong>de</strong></span> <span class='ocrx_word' id='word_1_927' title='bbox 3477 5345 3567 5399; x_wconf 89' lang='lat' dir='ltr'><strong>die</strong></span> <span class='ocrx_word' id='word_1_928' title='bbox 3594 5362 3609 5399; x_wconf 93' lang='lat'><strong>:</strong></span> 
     </span>
    </p>
   </div>
   <div class='ocr_carea' id='block_1_122' title="bbox 2042 5413 3612 5483">
    <p class='ocr_par' dir='ltr' id='par_1_122' title="bbox 2042 5413 3612 5483">
     <span class='ocr_line' id='line_1_122' title="bbox 2042 5413 3612 5483; baseline -0.008 -6"><span class='ocrx_word' id='word_1_929' title='bbox 2042 5429 2226 5483; x_wconf 82' lang='lat' dir='ltr'><strong>confer</strong></span> <span class='ocrx_word' id='word_1_930' title='bbox 2250 5413 2670 5480; x_wconf 79' lang='lat' dir='ltr'><strong>Sacratneutaria</strong></span> <span class='ocrx_word' id='word_1_931' title='bbox 2702 5413 2871 5471; x_wconf 81' lang='lat' dir='ltr'><strong>sancti</strong></span> <span class='ocrx_word' id='word_1_932' title='bbox 2918 5416 3130 5477; x_wconf 67' lang='lat' dir='ltr'><strong>Leonis,</strong></span> <span class='ocrx_word' id='word_1_933' title='bbox 3164 5413 3527 5478; x_wconf 82' lang='lat' dir='ltr'><strong>Gelasiauuin,</strong></span> <span class='ocrx_word' id='word_1_934' title='bbox 3560 5426 3612 5471; x_wconf 78' lang='lat' dir='ltr'><strong>et</strong></span> 
     </span>
    </p>
   </div>
   <div class='ocr_carea' id='block_1_123' title="bbox 2042 5486 3614 5567">
    <p class='ocr_par' dir='ltr' id='par_1_123' title="bbox 2042 5486 3614 5567">
     <span class='ocr_line' id='line_1_123' title="bbox 2042 5486 3614 5567; baseline -0.007 -14"><span class='ocrx_word' id='word_1_935' title='bbox 2042 5492 2663 5567; x_wconf 28' lang='lat' dir='ltr'><strong>Gregoriana,‘etsii_r_i_ul</strong></span> <span class='ocrx_word' id='word_1_936' title='bbox 2690 5487 3001 5567; x_wconf 69' lang='lat' dir='ltr'><strong>Kalendaria</strong></span> <span class='ocrx_word' id='word_1_937' title='bbox 3036 5486 3319 5565; x_wconf 79' lang='lat' dir='ltr'><strong>Frontonis</strong></span> <span class='ocrx_word' id='word_1_938' title='bbox 3344 5495 3398 5543; x_wconf 88' lang='lat' dir='ltr'><strong>et</strong></span> <span class='ocrx_word' id='word_1_939' title='bbox 3423 5486 3614 5542; x_wconf 82' lang='lat' dir='ltr'><strong>Marte-</strong></span> 
     </span>
    </p>
   </div>
   <div class='ocr_carea' id='block_1_124' title="bbox 2042 5556 3187 5634">
    <p class='ocr_par' dir='ltr' id='par_1_124' title="bbox 2042 5556 3187 5634">
     <span class='ocr_line' id='line_1_124' title="bbox 2042 5556 3187 5634; baseline -0.011 -12"><span class='ocrx_word' id='word_1_940' title='bbox 2042 5573 2108 5622; x_wconf 91' lang='lat' dir='ltr'><strong>nii</strong></span> <span class='ocrx_word' id='word_1_941' title='bbox 2138 5556 2189 5621; x_wconf 60' lang='lat' dir='ltr'><strong>et</strong></span> <span class='ocrx_word' id='word_1_942' title='bbox 2212 5556 2530 5634; x_wconf 64' lang='lat' dir='ltr'><strong>tiapitularia</strong></span> <span class='ocrx_word' id='word_1_943' title='bbox 2570 5557 2839 5613; x_wconf 78' lang='lat' dir='ltr'><strong>&#39;l‘liouiasii</strong></span> <span class='ocrx_word' id='word_1_944' title='bbox 2871 5568 2916 5608; x_wconf 87' lang='lat' dir='ltr'><strong>et</strong></span> <span class='ocrx_word' id='word_1_945' title='bbox 2954 5556 3187 5625; x_wconf 77' lang='lat' dir='ltr'><strong>Georgii.</strong></span> 
     </span>
    </p>
   </div>
  </div>
