4052 6182
422 232 514 285 187

1135 233 1429 290 MISSALE
1471 229 1738 287 MIXTUM
1778 231 1925 289 SEC.
1977 233 2142 292 REG.
2189 232 2249 291 Β.
2299 235 2564 292 lSiDORI.
2593 273 2663 283 —-
2721 240 2896 298 PARS
2934 237 2977 295 1.

3591 248 3696 304 133

413 349 577 415 gratia
607 348 962 404 miserationis
988 349 1128 401 illius
1153 365 1165 400 :
1199 347 1352 416 cujus
1379 361 1602 416 regnum
1629 357 1682 402 et
1711 348 1994 415 imperium
2025 350 2074 408 Α
2137 348 2295 403 buisti
2325 350 2631 409 hominibus
2652 356 2792 411 boue
2806 356 3093 414 voluntatis
3119 375 3132 410 :
3167 357 3219 412 in
3247 358 3347 414 hoc
3376 359 3462 416 die
3495 364 3688 419 natalis

413 454 531 508 ptge
557 455 611 494 et
643 442 933 511 gloriosum
965 439 1018 493 in
1048 440 1225 494 secula
1257 440 1584 495 seculorum.
1653 442 1691 507 ἡ
1711 480 1724 495 .
1769 439 1994 498 Chorus.

413 538 604 587 Amen.

484 653 596 703 Alia
638 650 838 705 Oratio.
879 649 955 703 Te
996 648 1216 705 Domine
1252 649 1381 705 Jesu
1419 651 1633 708 Christe
1671 670 1684 708 :
1728 661 1780 709 te
1823 655 1989 708 Deum

413 743 689 811 pluraliter
731 742 972 797 homines
1012 744 1347 798 salvautem:
1386 753 1441 798 et
1479 745 1750 800 hominem
1792 746 1843 800 in
1886 747 1996 801 Deo

416 835 752 902 singulariter
771 845 1038 904 potentem
1063 835 1392 901 invocamus,
1412 837 1709 903 laudamus,
1727 854 1996 907 rogamus.

411 921 477 977 Ut
507 923 648 976 adsis
670 940 688 974 :
720 940 907 994 parcas
934 943 949 979 :
983 926 1255 979 miseraris
1282 943 1295 979 :
1323 926 1587 996 ignoscas.
1627 927 1727 980 Des
1758 928 1809 980 in
1835 926 1998 982 corde

412 1023 535 1066 vota
566 1030 671 1082 que
689 1017 998 1084 compleas:
1039 1017 1133 1071 des
1174 1017 1226 1070 in
1266 1031 1358 1070 ore
1380 1018 1539 1071 verba
1571 1033 1672 1087 que
1693 1017 1951 1072 exaudias
1981 1035 1993 1069 :

409 1104 568 1157 desin
598 1121 762 1172 opere
785 1105 918 1160 facta
946 1123 1049 1174 que
1093 1107 1400 1161 benedicas.
1432 1108 1545 1163 Non
1573 1110 1802 1178 petimus
1839 1127 1997 1167 reuo-

406 1195 517 1246 vari
560 1195 711 1250 nobis
739 1213 751 1247 :
784 1197 919 1249 sicut
951 1196 1002 1248 in
1036 1197 1135 1250 hac
1165 1197 1250 1250 die
1278 1198 1403 1252 olim
1436 1209 1552 1254 aeta
1595 1209 1674 1254 est
1701 1203 1996 1270 corporalis

409 1284 655 1338 nativitas
689 1295 775 1339 tua
810 1304 821 1338 :
856 1286 948 1340 sed
977 1289 1202 1355 petimus
1224 1288 1554 1356 incorporari
1579 1291 1732 1344 nobis
1759 1291 1998 1346 invisibi-

405 1378 506 1429 lctn
537 1377 871 1432 divinitatem
921 1390 1060 1431 tttam
1093 1395 1107 1431 :
1142 1380 1282 1450 quod
1324 1384 1606 1448 prestitum
1649 1393 1729 1436 cst
1767 1383 1995 1437 carnali-

407 1474 488 1520 ter
514 1482 528 1519 :
554 1467 646 1521 sed
679 1469 1020 1537 singulariter
1048 1478 1174 1523 tunc
1205 1471 1384 1526 Maria:
1413 1490 1424 1524 :
1460 1489 1603 1527 nunc
1641 1473 1996 1540 Spiritualiter

405 1565 674 1623 prestetur
706 1559 964 1612 Ecclesie.
1011 1559 1079 1614 Ut
1109 1567 1160 1614 te
1191 1560 1322 1615 ﬁdes
1353 1562 1650 1616 indubitata
1680 1564 1948 1635 concipiat
1977 1581 1989 1617 :

403 1657 454 1700 te
489 1663 639 1702 mens
669 1648 735 1702 de
765 1652 1106 1711 corruptione
1146 1651 1368 1706 liberata
1413 1655 1675 1721 parturiat
1705 1670 1720 1712 :
1754 1665 1805 1708 te
1845 1670 1989 1708 sem-

2104 439 2307 494 efﬁcias
2336 458 2433 496 nos
2467 449 2689 501 nuncios
2717 461 2779 502 ac
2813 448 2949 501 ﬁlios
2982 449 3148 518 pacis.

2191 530 2226 597 ἡ
2249 571 2263 583 .
2310 536 2496 588 Amen.

2173 620 2389 678 lutatio.
2437 625 2657 691 Dignum
2695 635 2748 680 et
2781 629 2982 695 justum
3014 639 3096 684 est
3128 648 3140 683 :
3175 646 3271 685 nos
3299 633 3688 700 omnipotentie

2101 721 2156 765 et
2190 712 2372 780 pietati
2425 725 2514 770 tue
2564 717 2766 773 referre
2805 734 2938 787 quas
2981 733 3139 788 posse
3179 723 3464 778 donaveris
3505 726 3690 782 laudes

2100 805 2522 863 clementissime
2568 819 2740 875 pater.
2789 811 2922 876 Quia
2974 822 3091 881 post
3133 815 3298 868 multa
3347 825 3589 885 tempora
3635 820 3686 873 in

2103 895 2203 951 hac
2236 899 2322 953 die
2356 909 2378 938 ο
2408 909 2532 955 ante
2561 916 2667 954 non
2700 903 2864 957 multa
2899 913 3137 975 tempora
3169 925 3182 960 :
3215 924 3320 975 que
3351 910 3441 964 ti—hi
3475 913 3553 966 vel
3585 915 3684 968 sibi

2101 1004 2316 1061 Semper
2359 1003 2519 1048 erat:
2564 995 2716 1050 nobis
2766 1008 2921 1052 natus
2966 1009 3048 1053 est
3089 1001 3334 1057 Christus
3373 1004 3533 1059 Jesus
3579 1009 3692 1060 uni-

2100 1083 2312 1151 genitus
2365 1093 2507 1140 tuus.
2565 1086 2757 1142 Factus
2807 1099 2891 1144 est
2943 1092 3138 1146 ancille
3190 1093 3371 1148 ﬁlius:
3428 1096 3686 1152 Dominus

2101 1173 2287 1228 Matris
2316 1191 2431 1231 sue.
2469 1177 2659 1232 Partus
2689 1179 2854 1236 Marie
2885 1198 2898 1234 :
2942 1181 3144 1236 fructus
3176 1184 3438 1242 Ecclesie.
3487 1187 3587 1254 Qui
3616 1190 3685 1245 ab

2100 1262 2186 1317 illa
2217 1264 2434 1320 editur:
2465 1267 2532 1322 ab
2561 1268 2659 1322 ista
2690 1273 2999 1339 suscipitur.
3021 1274 3119 1340 Qui
3153 1291 3249 1344 per
3280 1277 3421 1331 illam
3457 1281 3684 1347 pusillus

2097 1356 2411 1423 egreditur:
2447 1373 2543 1427 per
2571 1359 2730 1413 istam
2777 1362 3035 1418 mirificus
3078 1365 3349 1422 dilatatur.
3401 1369 3491 1423 Illa
3535 1371 3682 1425 salu-

2101 1453 2204 1497 tem
2235 1446 2444 1514 populis
2473 1449 2676 1503 creavit
2707 1467 2720 1503 :
2757 1450 2856 1506 hec
2897 1459 3143 1522 populos.
3192 1457 3282 1511 Illa
3325 1467 3478 1513 utero
3518 1462 3681 1516 vitam

2098 1535 2372 1601 portavit:
2418 1536 2517 1592 hec
2562 1539 2774 1596 lavacro
2805 1560 2817 1593 :
2851 1543 2905 1596 in
2952 1544 3097 1600 illius
3139 1548 3393 1602 membris
3437 1549 3684 1609 Christus

2103 1625 2311 1683 infusus
2352 1639 2476 1684 est:
2523 1631 2577 1686 in
2621 1633 2778 1688 istius
2815 1637 2967 1704 aquis
3018 1637 3265 1694 Christus
3313 1641 3529 1696 indutus
3575 1655 3681 1699 est.

621 1701 632 1702 ί
717 1701 727 1702 ί
807 1701 1020 1711 ή-ίνσνή
1059 1701 1102 1704 ε-
1146 1701 1368 1706 ’π’-ην*-
1417 1701 1674 1721 r""“""'
1705 1701 1719 1712 τ
1755 1701 1804 1708 "
1845 1701 1957 1708 *ν’-⁷
2235 1718 2244 1727 .
2488 1720 2499 1731 .
2812 1725 2823 1736 .
3118 1729 3130 1739 .
3392 1731 3405 1744 .
3551 1733 3563 1744 .

403 1752 498 1806 per
526 1738 702 1791 anima
735 1749 934 1794 Virtute
963 1741 1208 1794 altissimi
1241 1743 1558 1798 obumbrata
1589 1747 1881 1800 contineat.
1915 1746 1992 1800 Ne
2027 1701 2072 1760 Β
2103 1715 2204 1770 Per
2235 1717 2377 1772 "lam
2412 1735 2499 1788 q'"
2531 1730 2648 1776 erat
2677 1736 2916 1779 "35mm
2943 1742 2958 1782 ³
2993 1741 3089 1795 por
3118 1741 3272 1782 ¹⁵¹³¹¹¹
3317 1746 3405 1799 Ψ³¹
3453 1745 3686 1800 penem!

399 1827 645 1882 discedas
673 1845 703 1883 a
734 1831 890 1883 nobis
918 1848 933 1884 :
968 1831 1059 1884 scd
1100 1833 1358 1899 procedas
1384 1850 1448 1888 ex
1483 1836 1661 1891 uobis.-
1691 1837 1776 1891 Sis
1807 1855 1992 1894 revera

402 1918 658 1973 Emanuel
689 1930 870 1975 noster
901 1923 1177 1975 nobiscum
1216 1923 1374 1977 Deus.
1412 1925 1654 1995 Digneris
1687 1944 1906 1984 manere
1937 1931 1991 1984 in

401 2009 599 2064 nobis:
644 2021 698 2066 et
739 2027 973 2083 pugnare
1014 2031 1112 2084 pro
1152 2016 1329 2071 nobis.
1371 2017 1447 2072 Te
1483 2020 1626 2072 enim
1671 2031 1939 2092 pugnante
1972 2039 1985 2074 :

402 2105 500 2156 n‘os
531 2103 776 2158 vicimus.
820 2106 984 2161 Solve
1013 2123 1112 2162 nos
1141 2124 1432 2178 quesumus
1464 2125 1494 2164 a
1523 2114 1712 2180 pannis
1743 2114 1989 2180 putribus

403 2205 743 2262 peccatorum
775 2216 790 2252 :
822 2200 911 2268 qui
947 2210 996 2254 te
1026 2217 1120 2270 pro
1154 2205 1387 2270 peccatis
1418 2205 1616 2260 nostris
1647 2206 1897 2274 dignatus
1927 2223 1987 2264 es

402 2287 686 2355 putredine
736 2289 885 2359 ligari
931 2307 1250 2360 pannorunt.
1302 2295 1406 2350 Lac
1447 2309 1592 2349 tuum
1628 2299 1866 2352 Ecclesie
1898 2311 1986 2356 tue

395 2381 648 2446 parvulos
691 2383 911 2436 nutriat.
953 2384 1102 2438 Adeo
1145 2384 1389 2440 inﬁrmos
1421 2395 1443 2420 ο
1477 2387 1736 2442 δθτὶοίιιυε
1780 2391 1983 2446 olerum

381 2471 548 2536 ici'hus
582 2483 764 2538 pascat
794 2492 808 2528 :
843 2484 898 2528 ut
926 2477 990 2528 ad
1024 2477 1428 2546 percipiendum
1459 2480 1731 2536 fortiorem
1763 2497 1826 2535 ac
1856 2484 1983 2539 soli-

394 2560 521 2615 dum
554 2563 730 2618 cibum
762 2583 773 2617 :
811 2567 1096 2622 validiores
1147 2570 1388 2638 quotidie
1423 2573 1563 2625 vires
1603 2584 1866 2627 crescant.
1918 2575 1982 2630 Et

396 2652 466 2706 ita
496 2655 804 2710 noverimus
845 2656 1143 2712 defecatam
1187 2661 1514 2716 voluntatem
1549 2679 1562 2713 :
1596 2669 1652 2716 et
1699 2663 1854 2716 ﬁdem
1886 2679 1979 2718 ex-

395 2741 577 2796 hibere
611 2744 974 2800 ﬁrmissimam
1006 2764 1019 2799 :
1055 2756 1113 2801 ut
1137 2747 1334 2818 jugiter
1362 2751 1630 2805 enitamur
1658 2753 1858 2808 auxilio
1889 2765 1978 2810 tuo

389 2833 455 2885 ad
489 2835 647 2887 vitam
681 2837 969 2903 pervenire
999 2848 1333 2908 perpetuam.

479 2927 516 2989 li
540 2961 555 2977 .
593 2925 780 2978 Amen.

463 3036 590 3092 Post
631 3041 856 3095 nomina.
902 3041 1108 3098 Famuli
1151 3043 1224 3098 tui
1265 3045 1467 3118 indigni
1499 3060 1550 3103 et
1581 3050 1757 3121 exigui
1797 3067 1974 3111 sacer-
2004 3072 2051 3135 ρ

391 3131 544 3185 dotes
569 3133 847 3188 tremende
879 3135 1141 3206 majestati
1160 3146 1247 3192 tue
1269 3140 1576 3206 Spirituaies
1603 3144 1849 3202 victimas
1876 3150 1978 3202 im-

396 3223 679 3278 molantes.
712 3223 739 3261 δ
771 3225 1056 3281 Ulierimus
1085 3228 1180 3282 tibi
1224 3229 1365 3284 Deus
1408 3232 1637 3286 hostiam
1668 3235 1978 3294 immacula-

393 3327 545 3372 tam:
592 3335 750 3388 quam
792 3337 1070 3376 maternus
1119 3334 1299 3378 uterus
1345 3326 1627 3394 impolluta
1673 3331 1977 3401 virginitate

387 3409 678 3476 produxit:
715 3412 886 3480 pudor
927 3414 1094 3468 edidit
1125 3432 1137 3467 :
1171 3416 1526 3474 sanctiﬁcatio
1567 3423 1792 3490 genuit:
1842 3425 1980 3480 inte-

385 3503 554 3569 gritas
603 3502 759 3557 fudit.
812 3506 1106 3574 iiostiaque
1159 3499 1429 3565 immolata
1475 3511 1650 3568 vivit:
1693 3525 1746 3570 et
1789 3516 1976 3572 vivens

381 3593 585 3664 jugiter
615 3599 942 3654 immolatur.
979 3601 1160 3656 llostia
1194 3619 1297 3673 que
1327 3607 1438 3660 sola
1471 3608 1580 3662 Deo
1611 3611 1825 3679 placere
1855 3630 1974 3684 pre—

384 3689 571 3742 valet:
623 3691 746 3758 quia
798 3691 1054 3747 Dominus
1099 3703 1203 3748 est.
1250 3696 1396 3752 lianc
1441 3698 1532 3754 tibi
1576 3716 1784 3758 summe
1826 3714 1976 3774 pater

385 3778 664 3839 oﬂ'critttus
697 3797 794 3849 pro
824 3792 1010 3837 sancta
1039 3784 1281 3841 Ecclesia
1317 3796 1404 3841 tua
1436 3806 1449 3841 :
1483 3805 1578 3856 pro
1609 3791 1975 3852 satisfactione

384 3871 553 3932 seculi
611 3873 1018 3945 delinquentis:
1079 3895 1176 3948 pro
1235 3882 1619 3941 emundatione
1671 3886 1971 3945 animarum

389 3974 692 4021 nostrarum
727 3985 741 4021 :
787 3984 883 4037 pro
928 3972 1160 4028 sanitate
1202 3975 1443 4030 omnium
1487 3977 1864 4037 inﬁrmorum:
1909 4000 1972 4040 ac

369 4057 616 4123 requie:
660 4059 744 4114 vel
788 4059 1118 4132 indulgentia
1166 4065 1402 4120 ﬁdelium
1451 4067 1851 4130 defunctorum.
1904 4074 1972 4132 Ut

382 4156 580 4206 mutata
630 4161 776 4205 sorte
807 4153 1035 4207 trisrium
1079 4158 1460 4215 mansionum:
1505 4161 1646 4217 felici
1693 4164 1972 4233 perfruan-

382 4250 468 4294 tur
497 4241 757 4298 societate
790 4245 1083 4313 justorum.

466 4337 542 4404 ἢ.
585 4339 808 4393 Charus.
845 4341 1037 4396 Amen.

2099 1807 2394 1864 invenitur.
2439 1811 2494 1865 In
2528 1813 2616 1866 illa
2651 1815 2959 1884 redemptor
2989 1821 3225 1886 gentium
3259 1821 3552 1876 viviﬁcatur
3582 1842 3596 1887 ;
3627 1825 3683 1879 in

2097 1895 2195 1948 ista
2227 1909 2414 1966 gentes
2444 1900 2800 1956 viviﬁcantur.
2845 1904 2947 1960 Per
2986 1907 3131 1961 illam
3176 1910 3325 1962 venit
3363 1919 3421 1963 ut
3465 1923 3685 1979 peccata

2097 1986 2305 2043 tolleret
2339 2006 2352 2042 :
2386 2004 2482 2058 per
2509 1992 2667 2047 istam
2701 1995 2819 2049 tulit
2850 2008 3064 2064 peccata
3099 2009 3323 2068 propter
3364 2018 3468 2071 que
3511 2006 3681 2060 venit.

2091 2077 2202 2149 40
2231 2079 2330 2135 Per
2357 2082 2500 2138 illam
2531 2100 2628 2138 nos
2659 2087 2889 2155 ploravit
2920 2106 2933 2142 :
2969 2105 3064 2158 per
3091 2091 3250 2146 isutm
3294 2108 3392 2147 nos
3429 2098 3634 2149 curavit
3664 2114 3680 2150 :

2093 2170 2144 2224 in
2195 2173 2282 2224 illa
2335 2171 2552 2229 infans:
2608 2177 2659 2230 itt
2715 2178 2818 2231 ista
2849 2176 2876 2216 ἀ
2909 2180 3140 2250 gigans:
3194 2181 3263 2235 ibi
3313 2185 3539 2241 exulat:
3593 2187 3682 2241 hic

2092 2261 2404 2332 triumphat.
2441 2265 2543 2321 Per
2571 2267 2718 2323 illam
2747 2273 3038 2339 crepundia
3069 2275 3297 2344 gestavit
3325 2292 3340 2329 :
3384 2293 3477 2344 per
3521 2279 3679 2334 istaut

2090 2368 2248 2422 regna
2283 2357 2534 2426 subjecit.
2567 2359 2711 2413 Iliam
2747 2363 2949 2430 parvuli
2985 2362 3321 2433 jocunditate
3363 2366 3616 2422 demulsit
3649 2387 3666 2423 :

2091 2445 2246 2500 istam
2278 2449 2461 2516 εροηεί
2492 2451 2812 2507 credulitate
2854 2453 3162 2522 despondit.
3208 2456 3404 2510 Extant
3442 2458 3678 2528 denique

2092 2540 2325 2607 preciosi
2355 2541 2557 2596 amoris
2591 2543 2902 2612 incorrupta
2933 2549 3270 2602 commertia.
3316 2547 3470 2602 Dedit
3509 2563 3677 2616 Sport-

2086 2644 2180 2685 sus
2209 2645 2408 2699 sponse
2436 2648 2532 2688 sue
2563 2649 2786 2690 munera
2812 2654 2825 2688 :
2861 2646 2883 2673 ο
2907 2652 3075 2705 aquas
3105 2639 3252 2692 vivas
3278 2657 3292 2693 :
3322 2640 3372 2693 id
3403 2648 3484 2693 est
3511 2640 3672 2694 Chri-

2086 2733 2202 2774 stus
2244 2720 2486 2778 Ecclesia
2517 2741 2530 2775 :
2566 2739 2596 2778 e
2625 2725 2821 2794 quibus
2850 2727 3018 2782 semel
3052 2729 3116 2782 ad
3149 2729 3391 2798 placendi
3422 2731 3551 2784 meri
3582 2745 3672 2785 um

2085 2811 2380 2870 lavaretur.
2441 2814 2596 2870 Dedit
2638 2815 2657 2854 τ
2699 2817 2877 2873 oleum
2937 2819 3160 2875 leticie:
3227 2838 3324 2890 pro
3397 2821 3674 2878 odorifero

2084 2913 2354 2972 unguento
2402 2906 2672 2962 crismatis
2722 2919 3026 2978 ungeretur.
3084 2911 3310 2967 Vocavit
3357 2928 3474 2968 eam
3529 2922 3554 2960 ι
3599 2917 3669 2969 ad

2083 3007 2323 3047 mensam
2363 3009 2514 3049 suam
2548 3013 2560 3049 :
2596 2998 2755 3067 adipe
2795 3000 3048 3056 frumenti
3089 3004 3303 3057 satiavit
3335 3005 3497 3058 illam.
3535 3005 3673 3061 Vino

2083 3084 2362 3139 suavitatis
2401 3087 2686 3156 implevit:
2724 3090 2941 3159 justicie
2983 3094 3233 3162 imposuit
3272 3106 3670 3152 ornamentum.

2087 3175 2312 3230 Donavit
2372 3176 2688 3234 deauratum
2751 3183 3007 3238 virtutum
3073 3186 3332 3240 varietate
3394 3187 3668 3247 vestitum.

2082 3267 2328 3322 Animam
2369 3284 2520 3323 suam
2551 3285 2650 3340 pro
2693 3272 2780 3326 illa
2830 3275 3023 3340 posuit.
3063 3275 3323 3345 Suscepte
3366 3283 3421 3330 et
3467 3280 3672 3333 calcate

2082 3363 2273 3413 mortis
2303 3359 2474 3429 spolia
2504 3359 2559 3414 in
2591 3360 2772 3417 dotem
2804 3363 2896 3419 ille
2935 3374 3254 3435 regnaturus
3297 3367 3467 3421 victor
3505 3369 3670 3423 exhi-

2080 3450 2238 3506 buit:
2283 3467 2342 3507 se
2383 3453 2558 3522 ipsum
2609 3455 2699 3510 ille
2743 3456 2794 3510 itt
2840 3457 2960 3513 cibo
2988 3474 3051 3513 ac
3082 3470 3206 3528 potu
3248 3459 3671 3532 indumentoque

2079 3545 2364 3598 concessit.
2399 3544 2654 3600 Promisit
2681 3547 2729 3600 ei
2763 3562 2823 3602 se
2853 3548 2929 3603 illi
2960 3548 3208 3604 daturum
3254 3566 3478 3621 regnum
3519 3563 3668 3606 eter-

2078 3651 2226 3690 num.
2256 3635 2430 3705 ipsam
2463 3636 2734 3705 pollicitus
2762 3647 2844 3693 est
2869 3639 3208 3695 statuendam
3237 3641 3289 3694 itt
3321 3641 3544 3696 dextere
3569 3656 3670 3696 sue

2078 3735 2230 3794 parte
2259 3729 2522 3798 reginam.
2553 3729 2834 3787 Concessit
2872 3742 2928 3788 et
2969 3733 3071 3803 ipsi
3103 3752 3116 3787 :
3163 3734 3302 3803 quod
3345 3748 3666 3790 concessum

2075 3827 2158 3872 est
2196 3819 2440 3888 genitrici
2479 3839 2490 3874 :
2536 3823 2791 3890 impleri:
2847 3839 2951 3878 non
3011 3824 3222 3882 violari.
3272 3825 3510 3880 Parere:
3551 3841 3665 3881 non

2075 3909 2388 3977 corrumpi:
2443 3911 2521 3965 illi
2567 3911 2778 3966 semel:
2835 3913 2923 3968 isti
2973 3927 3234 3982 semper:
3295 3915 3490 3969 sedere
3544 3924 3664 3968 tan-

2075 4014 2233 4067 quam
2271 4016 2525 4069 sponsam
2558 4003 2611 4056 in
2643 4004 2880 4059 thalamo
2920 4004 3298 4072 pulcritudinis
3337 4021 3352 4058 :
3392 4016 3448 4060 et
3485 4008 3667 4072 multi-

2076 4091 2271 4160 plicare
2298 4094 2433 4149 ﬁlios
2460 4097 2666 4164 gremio
2695 4097 2928 4166 pietatis.
2963 4099 3243 4154 Fectosam
3271 4113 3392 4153 esse
3421 4099 3663 4168 prolem:

2072 4200 2178 4239 non
2212 4188 2431 4241 fetidam
2464 4189 2750 4243 voluntate.
2785 4190 2872 4244 Sic
2903 4199 2958 4244 et
2987 4190 3099 4259 ipsa
3130 4191 3184 4246 in
3215 4193 3331 4260 ipso
3363 4208 3457 4261 per
3487 4193 3662 4259 ipsum

2071 4277 2222 4332 dives
2264 4281 2450 4334 eliecta
2484 4297 2496 4333 :
2538 4296 2735 4348 sponso
2775 4296 2838 4336 ac
2869 4282 3085 4336 domino
3116 4300 3215 4338 suo
3249 4285 3464 4338 humilia
3497 4286 3668 4341 refert

2071 4384 2312 4424 munera.
2340 4369 2449 4424 lloc
2471 4372 2612 4425 enim
2635 4372 2702 4426 de
2727 4375 2942 4442 proprio
2961 4387 3059 4426 suo
3083 4374 3360 4430 offerendo
3383 4377 3521 4445 qttod
3544 4392 3665 4430 cre-

449 4449 529 4502 Ad
564 4467 760 4517 pacem.
807 4452 1004 4508 Oratio.
1054 4455 1332 4537 Excelsum
1375 4467 1426 4512 te
1467 4458 1631 4513 Deum
1665 4462 1866 4530 pariter
1895 4474 1968 4520 at-
1993 4436 2044 4494 θ
2072 4459 2228 4514 didit.
2264 4461 2367 4516 hoc
2397 4463 2465 4518 de
2496 4436 2747 4533 exemplo
2779 4436 2919 4532 quod
2950 4482 3072 4519 cum
3105 4436 3419 4522 redamavit'.
3455 4468 3567 4522 iloc
3594 4470 3666 4523 de

377 4555 482 4609 que
532 4542 784 4596 humilem
837 4543 1108 4599 hominem
1151 4547 1421 4604 Christum
1464 4550 1691 4610 Jcsum:
1737 4557 1966 4614 acclives

373 4632 572 4686 servuli
639 4636 909 4703 supplices
965 4638 1376 4706 deprecamur:
1436 4653 1494 4698 ut
1551 4661 1736 4713 pacem
1805 4666 1964 4719 quam

375 4735 698 4779 ascensurus
741 4726 804 4777 ad
849 4727 1037 4780 celos:
1083 4729 1184 4782 tuis
1227 4733 1403 4786 charis
1444 4736 1641 4792 noticia
1687 4754 1965 4797 commen-

375 4813 512 4866 dasti
545 4830 559 4866 :
593 4814 762 4869 dones
791 4831 805 4870 :
842 4828 1155 4887 augmentes
1186 4837 1198 4874 :
1240 4822 1487 4890 perﬁcias
1523 4843 1535 4879 :
1584 4839 1743 4896 atque
1784 4843 1965 4888 custo-

375 4905 509 4959 dias.
539 4904 710 4975 Atque
734 4907 800 4960 ita
833 4908 924 4962 flat
954 4923 1051 4977 pax
1078 4918 1161 4962 ttta
1189 4912 1239 4965 in
1263 4913 1457 4968 virtute
1487 4931 1502 4969 .'
1546 4929 1600 4970 et
1638 4919 1962 4976 abundantia

375 5001 424 5056 itt
459 5005 690 5058 turribus
724 5005 824 5060 tuis
856 5024 867 5059 :
902 5023 968 5061 ne
998 5007 1160 5062 ofﬁcii
1190 5011 1367 5065 oscula
1398 5012 1507 5066 sint
1535 5016 1766 5083 tegmina
1817 5019 1964 5073 virus

373 5097 590 5153 ovenlti.
640 5097 746 5154 Sed
797 5100 884 5170 qui
933 5100 1339 5158 decantantibus
1387 5105 1592 5176 angelis
1643 5123 1828 5176 pacem
1877 5112 1967 5166 tri-

450 5265 476 5292 ει
519 5255 935 5331 Πειὶεαιιιδηιιίο
961 5267 1042 5314 est
1069 5257 1290 5315 minime
1333 5259 1536 5329 gravis,
1570 5272 1621 5317 et
1662 5262 1752 5331 qui
1809 5264 1962 5321 facile

375 5339 735 5392 cuttcoquatur
757 5329 924 5383 cibus.

451 5395 490 5470 b_
525 5398 819 5460 Olferimus.
855 5402 1109 5468 Egregius
1141 5401 1296 5470 plane
1327 5403 1476 5458 locus
1499 5402 1565 5455 de
1591 5403 1816 5457 veritate
1849 5422 1964 5459 cor-

381 5467 524 5534 poris
570 5477 622 5519 ct
653 5471 922 5536 sanguinis
945 5467 1221 5526 Clir'isli'in
1255 5473 1614 5528 eucharistictt
1654 5476 1830 5528 missa:
1873 5491 1961 5531 sa-

374 5538 578 5611 criﬁcio
611 5552 638 5587 a
662 5541 1028 5594 sacerdotibus
1055 5559 1149 5611 pro
1178 5545 1312 5598 vivis
1339 5555 1393 5600 et
1435 5543 1703 5599 defunctis
1751 5549 1954 5602 oblato.

449 5622 469 5647 ι’
512 5609 766 5683 Antenori
792 5613 945 5683 multa
971 5609 1217 5676 (eniparo.
1266 5616 1640 5669 Animadverte
1674 5631 1826 5683 quam
1864 5633 1952 5672 v.6-

373 5691 515 5738 tusta
547 5680 616 5735 sit
648 5680 759 5734 huc
807 5678 989 5746 iiiatio,
1022 5694 1180 5754 atque
1227 5686 1361 5741 adco
1404 5689 1511 5757 ipsa
1561 5678 1763 5757 iiturgia
1809 5689 1950 5743 Μοι-

2072 4553 2214 4608 douo
2248 4554 2410 4620 ipsius
2441 4554 2490 4608 id
2523 4555 2690 4623 ipsam
2719 4555 2958 4625 potuisse
2988 4559 3130 4627 quod
3165 4559 3372 4613 voluit:
3407 4559 3456 4612 Id
3489 4559 3658 4626 ipsam

2074 4645 2306 4700 voluisse
2335 4645 2474 4714 quod
2507 4647 2696 4715 potuit.
2747 4647 2899 4702 Dedit
2931 4648 3004 4702 illi
3037 4659 3284 4718 tanquam
3330 4663 3479 4705 rosas
3520 4665 3666 4704 mar-

2073 4746 2218 4806 tyres
2248 4755 2259 4788 :
2293 4739 2438 4792 velut
2465 4737 2574 4792 lilia
2604 4740 2837 4809 virgines
2859 4779 2874 4805 ,
2905 4740 3056 4808 quasi
3089 4741 3259 4794 violas
3289 4742 3663 4798 continentes.

2071 4828 2180 4882 llec
2223 4829 2288 4883 ad
2334 4830 2477 4884 illam
2521 4844 2616 4898 per
2657 4831 2933 4885 ministros
2974 4833 3264 4886 voluntatis
3294 4833 3412 4902 ejus
3444 4845 3664 4904 aposto-

2073 4921 2152 4975 los
2180 4937 2194 4973 :
2225 4921 2461 4975 conferta
2502 4923 2682 4990 operis
2721 4924 2803 4977 sui
2853 4924 3094 4991 impensa
3136 4926 3450 4980 transmisit.
3508 4925 3667 4983 Unde

2070 5029 2211 5069 nunc
2250 5028 2279 5067 a
2322 5014 2525 5069 dextris
2563 5015 2680 5083 ejus
2724 5013 2862 5070 felici
2895 5033 2908 5068 :
2944 5026 2998 5070 et
3043 5015 3277 5082 gloriosa
3326 5019 3667 5084 perennitate

2067 5108 2369 5163 consistens
2405 5124 2417 5160 :
2460 5122 2582 5161 eum
2633 5118 2803 5160 tecum
2852 5107 3194 5176 omnipotens
3241 5107 3401 5163 Pater
3442 5117 3495 5163 et
3537 5123 3661 5161 cum

2071 5270 2315 5324 arabum.

2138 5338 2163 5375 ά
2209 5340 2426 5409 Gigans.
2460 5336 2571 5392 Vox
2608 5336 2745 5390 haud
2784 5347 2985 5394 temere
3013 5339 3369 5394 excludenda.

2142 5419 2164 5445 θ
2193 5413 2364 5478 Aquas
2393 5410 2547 5464 vivas.
2581 5411 2909 5463 Sacramenti
2944 5410 3293 5478 baptismatis.

2143 5481 2159 5520 ί
2209 5483 2504 5535 Uleunt.....
2533 5478 2842 5532 chrismatis.
2885 5479 3658 5535 Sacramentorutnconﬁrma-

2065 5553 2245 5610 tionis.
2274 5553 2495 5615 ordinis,
2528 5559 2792 5608 extrema:~
2812 5553 3094 5605 unctionis.

2137 5635 2161 5674 tt
2200 5626 2282 5677 Ad
2323 5639 2569 5678 mensum.
2601 5623 2931 5677 Sacratnenti
2960 5621 3333 5679 eucltaristici.
