4052 6182
217 251 313 308 189

926 198 1218 298 iussam-2
1256 239 1525 295 mxruu
1569 236 1719 293 sec.
1765 234 1925 291 nec.
1968 237 2029 293 Β.
2076 238 2341 293 tsmom.
2381 270 2452 281 —
2492 240 2666 296 rans
2705 240 2747 295 ι.

3379 244 3480 301 190

214 366 411 420 Sancto
430 361 633 432 Spiritu
649 367 961 429 regnantem
986 373 1139 413 :cum
1169 358 1418 412 omnibus
1446 357 1647 426 angelis
1675 370 1804 411 con-
1832 361 1881 417 Α
1909 356 2223 410 vesci-udus.
2274 357 2313 425 ιῆ
2332 396 2347 410 .
2383 354 2603 411 Chorus.
2657 358 2849 412 Amen.
2904 356 3005 411 Per
3054 356 3480 415 misericordiam

218 453 414 509 litendo
442 449 732 505 conlaudat
756 456 811 504 et
836 447 987 504 dicit.
1027 447 1064 515 ἢ
1092 491 1101 502 .
1128 446 1347 503 Chorus.
1381 447 1632 502 Sanctus.
1666 445 1803 501 San-

215 555 349 599 ctus.
385 543 637 598 Sanctus.

289 636 440 689 Dicat
480 632 663 686 Presb.

287 726 416 781 Post
458 726 703 783 Sanctus.
736 723 874 778 Vere
905 732 1125 777 sanctus
1153 736 1167 772 :
1198 735 1323 776 vere
1356 720 1666 774 benedictus
1699 720 1804 773 Do-

222 819 393 872 minus
416 827 600 872 noster
613 817 769 872 Jesus
781 814 1023 871 Christus
1035 814 1173 866 (ilius
1192 821 1314 868 tuus
1330 813 1421 883 qui
1444 813 1583 868 venit
1597 829 1625 862 α
1638 813 1767 866 celis
1787 830 1800 867 :

222 918 276 964 ut
298 917 715 963 conversaretur
750 908 806 959 in
828 904 983 958 terris
1013 916 1177 957 :caro
1201 903 1373 956 factus
1402 910 1486 956 est
1515 914 1573 956 ut
1602 902 1806 955 habita-

223 1010 299 1056 ret
326 1001 381 1054 in
408 1000 565 1054 nobis
587 996 831 1052 Christus
854 994 1112 1050 Dominus
1132 1007 1193 1047 ac
1216 991 1543 1062 Redemptor
1567 1003 1801 1046 eternus.

294 1095 448 1148 Dicat
492 1090 669 1145 Presb.

293 1183 425 1237 Post
462 1181 653 1251 pridie.
696 1178 804 1233 llec
852 1175 1077 1231 Domine
1124 1175 1265 1230 dona
1316 1182 1405 1229 tua
1450 1183 1506 1229 et
1560 1183 1808 1243 precepta

226 1281 507 1328 servantes
540 1288 554 1323 :
590 1271 643 1323 in
674 1269 845 1324 altare
874 1277 1023 1321 tuum
1056 1267 1208 1334 panis
1236 1279 1301 1320 ac
1345 1264 1451 1319 vini
1498 1264 1810 1321 holocausta

229 1360 602 1432 proponimus.
632 1358 902 1426 Rogantes
931 1354 1359 1425 profusissimam
1391 1366 1479 1408 tne
1510 1354 1802 1408 misericorv

227 1457 309 1510 die
336 1456 595 1520 pietatem
624 1466 642 1506 :
675 1458 733 1504 ut
764 1448 817 1502 in
846 1446 1041 1503 eodem
1084 1447 1274 1515 spiritu
1318 1462 1424 1515 quo
1470 1455 1521 1501 te
1559 1447 1609 1499 in
1652 1458 1813 1501 carne

228 1548 506 1617 virginitas
539 1546 847 1611 incorrupta
875 1541 1123 1611 concepit
1152 1560 1164 1594 :
1198 1541 1313 1596 has.
1335 1542 1539 1596 hostias
1580 1541 1813 1596 Trinitas

232 1638 460 1694 indivisa
496 1632 794 1690 sanctiﬂcet
824 1650 837 1685 :
873 1642 930 1687 ut
957 1647 1080 1686 cum
1124 1647 1154 1685 a
1193 1632 1350 1687 nobis
1387 1631 1545 1686 fuerit
1573 1646 1677 1685 non
1710 1630 1813 1685 mi-

1908 452 2073 521 ipsius
2120 452 2214 506 Dei
2256 454 2422 508 n0slt‘i
2467 453 2558 523 qui
2586 461 2667 507 est
2694 450 3009 508 benedictus
3038 459 3093 505 et
3118 451 3251 508 vivit
3276 462 3331 507 et
3358 469 3481 507 out-

1905 546 1988 600 nia
2021 547 2161 615 regit
2192 546 2245 599 in
2277 546 2456 601 secula
2487 546 2810 599 seculorum.
2860 543 2895 613 ἢ
2918 583 2931 596 .
2968 546 3158 597 Amen.

1978 638 2124 690 Dicat
2158 636 2342 690 Presb.
2378 636 2638 690 Dominus
2670 635 2739 688 sit
2767 648 2983 701 semper
3012 632 3311 687 vobiscum.

1977 727 2080 781 Hic
2104 727 2241 779 dicat
2270 726 2488 780 Chorus.
2520 726 2742 780 Gustate
2772 734 2825 778 et
2854 723 3049 778 videte.

1975 817 2102 872 Post
2116 819 2425 872 communio.
2461 817 2661 872 Oratio.
2688 813 2901 870 Gratias
2921 813 3011 867 tibi
3035 814 3238 881 agimus
3263 811 3487 867 Domine

1910 908 2050 962 Deus
2080 927 2096 964 :
2127 917 2180 961 et
2208 918 2259 961 te
2298 908 2462 960 Deum
2495 904 2859 960 benedicimus
2888 903 2955 955 de
2983 904 3068 956 die
3093 904 3146 956 in
3169 904 3307 956 diem
3333 918 3348 956 :
3393 903 3483 971 qui

1908 1004 2068 1057 nOsiu
2086 1002 2183 1057 hac
2206 1002 2292 1056 die
2314 1011 2495 1056 sancte
2516 999 2853 1055 solenuitatis
2880 1010 2967 1051 tuc
2991 996 3281 1065 perducere
3304 996 3487 1062 digna-

1910 1103 1998 1150 tus
2018 1110 2097 1149 es.
2132 1096 2213 1148 fac
2243 1109 2339 1149 nos
2368 1094 2509 1148 diem
2542 1092 2701 1146 istum
2734 1088 3025 1145 nativitatis
3055 1098 3142 1141 tue
3184 1102 3278 1155 per
3320 1088 3485 1137 multa

1910 1186 2173 1241 curricula
2196 1198 2456 1238 annorum
2485 1183 2536 1236 in
2560 1196 2692 1251 pace
2714 1189 2769 1234 et
2792 1179 3177 1247 tranquillitate
3217 1176 3490 1243 suscipere

1911 1289 2035 1329 cum
2069 1274 2211 1329 lideli
2244 1273 2438 1343 populo
2472 1282 2582 1329 tuo.
2630 1272 2669 1337 ἢ
2691 1310 2704 1324 .
2740 1268 2957 1323 Chorus.
2994 1272 3184 1322 Amen.

1998 1366 2035 1434 7
2059 1403 2073 1418 .
2118 1364 2219 1418 Per
2261 1360 2682 1417 misericordiam
2727 1369 2867 1413 tuam
2912 1357 3053 1412 Deus
3091 1365 3272 1410 uoster
3308 1356 3396 1423 qui
3434 1368 3493 1409 es

1914 1453 2227 1508 benedittus
2257 1470 2271 1507 :
2303 1460 2357 1505 et
2386 1450 2522 1505 vivis
2552 1458 2607 1504 et
2635 1448 2815 1503 omnia
2848 1448 2989 1517 regis
3020 1446 3071 1500 in
3114 1444 3293 1500 secula
3333 1459 3492 1498 secu-

1917 1545 2109 1599 lorum.
2168 1542 2242 1609 ιῆ.
2275 1545 2468 1595 Amen.
2524 1540 2598 1609 ᾗ.
2643 1538 2898 1593 Dominus
2945 1537 3015 1589 sit
3061 1550 3272 1603 semper
3316 1532 3497 1587 vobis-

1917 1650 2059 1688 cum.
2107 1636 2180 1699 ti).
2233 1633 2298 1687 Et
2352 1646 2497 1685 cum.
2555 1631 2631 1699 ᾖ.
2670 1628 2923 1684 Solennia
2970 1626 3229 1695 completa
3273 1635 3395 1679 sunt
3442 1626 3495 1679 in

227 1729 341 1783 nori
375 1726 737 1795 trepidatione
764 1738 923 1793 quam
952 1723 1296 1777 veneratione
1327 1732 1615 1792 percepta:
1648 1723 1802 1791 quic-
1844 1701 1890 1761 Β
1920 1724 2136 1779 nomine
2169 1721 2375 1776 Domini
2407 1721 2574 1774 nostri
2602 1719 2729 1773 .Iesu
2760 1717 2959 1773 Christi
2989 1733 3004 1771 :
3034 1727 3214 1771 votum
3254 1727 3494 1770 nostrum

231 1818 350 1889 quid
384 1825 571 1871 contra
615 1814 853 1870 animam
901 1814 1044 1869 male
1088 1813 1219 1866 vivit
1261 1812 1533 1872 intereat:
1564 1811 1817 1884 quicquid

236 1909 516 1964 interierat
543 1909 853 1961 nullatenus
882 1906 1188 1959 reviviscat.
1384 1898 1387 1899 ⁷

316 2000 352 2065 ἢ
373 2039 388 2051 .
434 1999 626 2053 Amen.

302 2086 453 2140 Dicat
487 2084 668 2141 Presb.
699 2086 768 2139 ad
797 2086 1080 2139 orationem
1113 2084 1458 2139 Dominicam.

302 2178 457 2245 Quod
500 2179 584 2233 via
616 2195 631 2233 :
666 2187 725 2232 ut
763 2191 1115 2247 sequeremur
1156 2178 1436 2231 oatendit:
1479 2176 1619 2246 quod
1667 2176 1816 2230 vita:

238 2284 291 2329 nt
314 2275 662 2345 loqueremur
690 2271 939 2327 edocuit:
972 2270 1114 2339 quod
1148 2270 1347 2324 veritas
1380 2287 1392 2321 :
1428 2280 1484 2322 ut
1515 2279 1822 2324 teneremus

243 2366 516 2423 instituit:
570 2364 666 2420 tibi
713 2377 923 2418 summe
974 2362 1135 2417 Pater
1183 2378 1305 2417 cum
1362 2370 1595 2417 tremore
1645 2361 1823 2418 cordis

240 2455 631 2526 proclatnemus
660 2468 693 2509 e
725 2452 903 2507 terris.
942 2452 1099 2507 Pater
1127 2460 1334 2507 noster.

310 2547 465 2601 Dicat
505 2545 687 2601 Presb.

308 2637 628 2692 Benedictio.
658 2634 915 2690 Dominus
942 2634 1100 2690 Jesus
1127 2634 1376 2690 Christus
1401 2652 1417 2691 :
1446 2634 1537 2706 qui
1568 2635 1695 2691 olim
1730 2648 1827 2704 pro

241 2729 392 2785 nobis
448 2727 611 2784 hodie
661 2726 911 2797 dignatus
946 2734 1028 2781 est
1075 2727 1271 2781 nasci:
1318 2727 1433 2795 ipse
1461 2742 1555 2782 vos
1600 2740 1694 2780 sua
1723 2724 1825 2780 Na-

242 2822 443 2878 tivitate
472 2819 725 2876 viviﬁcel.
765 2819 805 2889 ti
826 2858 841 2872 .
867 2819 1061 2877 Amen.
1094 2819 1160 2876 Et
1186 2821 1276 2889 qui
1306 2821 1577 2875 infantiam
1610 2832 1825 2874 sumens

244 2912 591 2969 humanitatis
618 2926 636 2967 :
670 2911 868 2967 vilibus
897 2909 1115 2965 indutus
1156 2922 1239 2965 est
1279 2912 1470 2982 pannis
1502 2929 1515 2963 :
1545 2912 1825 2966 celestium

242 3009 494 3062 vinnium
524 3020 621 3062 vos
645 3005 847 3061 vestiat
878 3006 1228 3062 indumentis.
1274 3007 1345 3076 ἡ.
1382 3005 1597 3061 Chorus.
1634 3009 1824 3061 Amen.

243 3097 427 3169 Sitque
470 3107 770 3154 vestrorum
810 3097 1054 3152 cordium
1099 3096 1320 3153 interior
1363 3106 1589 3166 pastus:
1633 3097 1722 3166 qui
1769 3099 1823 3152 iu

245 3188 489 3258 presepio
542 3189 749 3257 positus
801 3188 1150 3243 credentibus
1200 3202 1261 3243 se
1313 3187 1483 3242 voluit
1536 3189 1826 3244 monstrari

312 3374 335 3399 ι
378 3362 530 3436 Ius.
562 3363 833 3426 Stephani.
865 3365 940 3419 De
960 3374 1147 3436 sancto
1176 3373 1569 3436 protomartyre
1599 3366 1827 3436 Stepha—

248 3451 313 3488 no
345 3434 553 3503 prolixe
576 3436 676 3502 agit
714 3444 930 3487 sant-tus
963 3434 1133 3505 Lucas
1155 3436 1205 3505 in
1239 3435 1386 3489 Actis
1428 3434 1524 3505 (vi,
1550 3436 1582 3487 5
1624 3434 1726 3504 seq.
1778 3448 1825 3491 et

248 3502 591 3575 integroicap.
623 3514 755 3567 vlt);
789 3512 975 3575 auctor
1001 3502 1447 3575 Constitutionum'
1483 3502 1827 3573 Apostoliea-

248 3572 367 3630 runi
414 3573 552 3643 (Lib.
581 3589 675 3627 vut
698 3614 713 3633 .
739 3590 853 3643 cap.
882 3573 986 3638 55,
1012 3572 1153 3627 Edit.
1184 3573 1299 3629 Lat.
1333 3572 1574 3629 Turriani
1603 3617 1617 3638 ,
1649 3586 1695 3629 et
1732 3577 1828 3635 (Ir.

248 3646 361 3700 Lat.
394 3643 656 3715 Cotelerii,
686 3643 874 3715 Patres
902 3644 1211 3715 Apostolici,
1239 3658 1361 3698 ιοηι.
1386 3643 1440 3715 Ι)
1463 3659 1702 3699 sanctum
1735 3648 1832 3702 Pe-

250 3725 385 3770 trum
416 3713 619 3767 inducit
650 3712 1179 3785 aliisAl‘estivitatibus
1224 3714 1357 3767 diem
1388 3712 1554 3769 sancti
1580 3716 1829 3785 Stephani

250 3792 713 3855 annumerantem.
743 3782 1020 3838 Vetustam
1044 3784 1259 3855 quidem
1286 3799 1404 3838 esse
1431 3789 1591 3839 etiam
1636 3782 1687 3839 in
1726 3788 1831 3841 0c-

251 3858 461 3910 cidente
488 3854 961 3922 apostolorumque
982 3855 1345 3921 praedicationi
1376 3870 1609 3910 coaavam
1636 3857 1829 3911 solem-

253 3925 467 3979 nitatem
494 3926 665 3978 sancti
696 3924 975 3991 Stephani,
1000 3925 1260 3991 suspicari
1295 3925 1431 3978 haud
1466 3937 1666 3979 temere
1706 3927 1831 3981 licet

252 4010 313 4049 ex
351 3995 419 4050 iis
446 4009 568 4063 qua:
604 4004 821 4048 sanctus
853 3995 1176 4063 Augustinus
1207 3995 1225 4061 (
1249 3995 1417 4050 Serm.
1444 3994 1568 4055 553.
1594 4006 1717 4049 tam.
1757 3996 1828 4059 V,

255 4066 369 4119 edit.
395 4062 544 4134 non.)
582 4064 744 4118 refert
772 4064 837 4119 de
866 4064 1039 4132 lapide
1069 4079 1175 4133 quo
1200 4080 1483 4132 percussus
1501 4073 1585 4120 est
1617 4076 1833 4121 sanctus

258 4134 644 4204 Prntomartyr,
675 4149 705 4187 a
734 4135 872 4189 lideli
897 4135 1127 4198 quodam
1161 4135 1397 4199 homine,
1428 4136 1516 4204 qui
1549 4136 1687 4189 forte
1710 4136 1829 4203 ejus

256 4205 489 4269 passimti
528 4204 791 4267 interfuit.
819 4204 1053 4270 sublato,
1075 4215 1131 4259 et
1157 4206 1412 4271 Anconae,
1438 4222 1557 4274 qua:
1603 4207 1834 4261 celebris

256 4285 335 4329 est
380 4276 436 4329 in
471 4276 687 4333 Piceno.
721 4274 786 4328 ad
814 4290 962 4328 mare
991 4290 1262 4343 superum,
1292 4277 1500 4339 civitas,
1535 4277 1602 4330 ab
1642 4277 1833 4331 eodem

258 4345 341 4413 pio
363 4347 504 4406 viro,
528 4344 623 4398 Dei
654 4355 806 4411 nutu,
822 4346 989 4413 depos
1014 4353 1085 4412 to,
1106 4347 1284 4414 utique
1304 4348 1441 4413 apud
1475 4346 1687 4410 fideles;
1715 4362 1833 4401 nam

260 4432 316 4470 επ
340 4414 431 4469 illo
452 4417 601 4483 carpit
632 4432 739 4469 esse
766 4419 1001 4469 Anconae
1030 4415 1265 4471 basilica.
1286 4430 1378 4471 seu
1409 4418 1650 4470 memoria
1672 4418 1836 4470 sancti

261 4486 530 4552 Stephani,
560 4488 616 4539 in
646 4500 751 4553 qua
780 4484 921 4540 Deus
968 4486 1131 4539 multa
1188 4488 1506 4555 operabatur
1559 4488 1834 4541 miracula.

263 4556 382 4610 "ac
407 4559 552 4610 enim
582 4564 870 4624 potuerunt
899 4555 1012 4610 fieri
1042 4556 1226 4625 viginti
1260 4557 1478 4611 circiter
1527 4568 1618 4610 aut
1660 4557 1842 4625 viginti

263 4629 491 4697 quinque
547 4627 706 4697 annis
764 4633 885 4694 post
939 4630 1107 4681 sancti
1179 4627 1434 4693 Stephani
1504 4628 1841 4697 martyrium.

266 4696 502 4753 Basilica:
554 4695 711 4766 hujus
751 4699 920 4750 sancti
959 4696 1238 4762 Stephan',
1289 4712 1409 4765 qua:
1456 4697 1608 4761 juxta
1649 4695 1843 4751 urbem

266 4771 535 4821 Anconam
572 4766 629 4821 in
660 4767 808 4821 edito
854 4768 989 4822 colle
1038 4770 1233 4832 stabat,
1282 4776 1501 4822 sanctus
1557 4766 1848 4835 Gregorius

266 4838 425 4903 (Dial.
442 4838 540 4892 lib.
566 4852 670 4899 t,c.
702 4838 760 4907 3)
800 4837 1068 4900 meminit;
1129 4838 1289 4893 modo
1318 4839 1369 4891 in
1400 4840 1515 4905 ejus
1562 4835 1750 4901 ruinis,
1792 4849 1847 4892 ut

270 4911 375 4970 ipse
393 4911 591 4976 saepius
619 4906 749 4974 vidi,
778 4917 1105 4979 exstructum
1134 4917 1218 4963 est
1245 4924 1348 4961 non
1376 4910 1645 4979 inelegans
1678 4911 1845 4962 sancti

272 4980 523 5044 Stephani
553 4979 835 5049 sacellum,
865 4989 919 5033 et
946 4978 1080 5047 lapis
1110 4994 1230 5033 cum
1275 4979 1395 5035 aliis
1431 4980 1672 5049 reliquiis
1726 4994 1850 5032 san-

275 5062 473 5104 etorutu
501 5060 555 5104 et
583 5048 807 5119 cuspide
836 5050 1034 5121 lancea;
1059 5065 1161 5121 qua
1187 5051 1326 5104 latus
1351 5048 1561 5104 Chrisri
1586 5052 1636 5103 in
1686 5064 1849 5103 cruce

278 5131 511 5185 apertum
542 5130 625 5175 εει
653 5132 902 5175 servatur
922 5122 973 5174 in
994 5119 1247 5176 thesauro
1267 5122 1510 5175 ecclesia:
1531 5120 1853 5175 catltedralis

281 5191 635 5245 Anconitanc.
668 5190 900 5245 Detectis
930 5206 1070 5245 anno
1100 5207 1221 5246 terte
1250 5190 1571 5246 Christianae
1594 5189 1700 5244 M5
1732 5192 1842 5243 reli-

282 5262 409 5337 quiis
436 5261 609 5337 sancti
634 5260 1108 5337 δρεριιειιιίμειιιιιιε
1136 5262 1254 5331 eius
1286 5277 1379 5337 per
1404 5276 1618 5316 omnem
1670 5261 1853 5337 Eccle—

280 5330 402 5384 siam
448 5334 638 5387 ntiruut
672 5330 972 5386 iu’modum
1002 5330 1187 5387 auctus
1210 5330 1315 5396 est,
1346 5333 1453 5387 Deo
1476 5348 1570 5401 per
1625 5330 1851 5400 primum

287 5415 560 5471 martyrem
582 5417 736 5457 suum
762 5404 993 5471 ingentia
1023 5413 1077 5457 et
1104 5403 1294 5459 crebra
1319 5412 1562 5471 patrante
1592 5402 1851 5471 miractrla

287 5468 433 5544 (Libri
459 5472 564 5544 duo
592 5472 656 5526 de
683 5468 966 5544 κήπὶ-8,
993 5471 1174 5542 Steph.
1195 5515 1209 5538 ,
1240 5474 1294 5544 in
1317 5468 1537 5544 append.
1589 5483 1710 5524 tam.
1746 5468 1855 5544 γυ

291 5536 434 5620 (ξιιειζ
544 5543 841 5620 έηῃυδιίηἱ,
866 5541 1011 5620 Edit.
1039 5536 1214 5620 nocte;
1244 5543 1314 5620 S._
1338 5536 1667 5620 Ahgaitittus.
1688 5544 1751 5596 de
1774 5542 1857 5596 Ci-

292 5613 367 5683 vt".
398 5612 503 5677 Dei,
538 5612 626 5666 lib.
661 5630 792 5677 xxtt,
816 5631 931 5681 cap.
968 5615 1049 5683 8).
1078 5618 1187 5669 Nec
1216 5612 1465 5668 alldlt'lldi
1493 5624 1619 5667 sunt
1647 5615 1851 5667 linter-o-

293 5680 400 5738 dosi
430 5685 691 5753 nonnulli;
720 5694 799 5752 et,
831 5680 888 5739 si
923 5680 1018 5757 qui
1065 5686 1193 5754 sim,
1221 5702 1251 5742 e
1296 5685 1586 5741 Catholitis
1628 5686 1857 5757 pseudo-

1920 1818 1988 1871 sit
2016 1824 2292 1883 acceptum
2322 1826 2444 1867 cum
2479 1825 2631 1880 pace.
2677 1810 2713 1879 ἢ
2736 1848 2749 1863 .
2787 1809 2896 1863 Deo
2926 1807 3148 1878 gratias.

1970 1925 2078 1997 Α]
2128 1933 2156 1962 ⁸
2195 1924 2261 1981 IN
2327 1924 2573 1981 SANCTI
2636 1920 2975 1979 STEPHANI
3044 1917 3289 1973 LEVITE
3349 1917 3436 1972 ET

2528 2012 2903 2070 MARTYRIS.

2348 2108 2429 2162 Ad
2470 2107 2700 2162 Missam.
2741 2104 2767 2143 ι’
2810 2104 3074 2174 Ofﬁcium.

1997 2210 2019 2239 ε
2064 2199 2383 2255 Fremebant
2431 2198 2678 2252 cordibus
2707 2197 2819 2249 suis
2856 2194 3110 2248 adversus
3152 2192 3499 2260 Stephanum.

1925 2289 2230 2346 Stridebant
2265 2286 2512 2343 dentibus
2538 2287 2589 2339 iu
2620 2301 2740 2340 eum
2770 2301 2784 2338 :
2817 2285 2930 2353 ipse
2959 2292 3137 2336 autent
3165 2283 3350 2348 plenus
3376 2278 3502 2348 Spi-

1926 2380 2030 2434 ritu
2071 2380 2265 2433 Sancto
2312 2376 2591 2431 intendens
2616 2376 2762 2430 celos
2792 2392 2806 2429 :
2832 2374 2961 2429 vidit
2988 2375 3205 2444 glori-tm
3240 2372 3331 2426 Dei
3374 2371 3507 2424 alle-

1926 2468 2031 2536 luja
2060 2466 2274 2536 alleluja
2299 2467 2533 2535 alleluja.
2567 2464 2595 2503 ἀ
2636 2467 2670 2535 Ῡ
2695 2504 2709 2520 .
2765 2468 2957 2519 Beatus
2984 2464 3063 2517 vir
3104 2465 3190 2531 qui
3221 2464 3367 2516 timet
3399 2461 3506 2514 Do-

1925 2558 2169 2613 utinum:
2199 2559 2251 2611 in
2276 2558 2538 2610 mandatis
2558 2556 2675 2624 ejus
2699 2556 2846 2624 cupit
2884 2555 3061 2608 nimis.
3090 2552 3154 2607 P.
3177 2551 3505 2607 Stridebant.

1944 2646 1980 2715 ᾗ
2006 2684 2022 2698 .
2055 2645 2233 2701 Gloria
2262 2654 2317 2699 et
2346 2646 2515 2699 honor
2547 2642 2693 2698 Patri
2731 2652 2787 2697 et
2834 2642 2968 2697 Filio
2995 2654 3047 2696 et
3071 2641 3287 2710 Spiritui
3309 2641 3507 2697 Sancto

1929 2737 1983 2791 in
2011 2737 2189 2792 secula
2215 2736 2517 2790 seculorum
2547 2749 2726 2789 amen.
2758 2731 2827 2787 P.
2859 2732 3186 2787 Stridebant.

2002 2827 2151 2880 Dicat
2181 2824 2359 2880 Presb.
2388 2824 2570 2880 Gloria
2599 2826 2651 2878 iu
2679 2825 2909 2879 excelsis
2940 2824 3069 2877 Deo.

2004 2917 2206 2972 Oratio.
2249 2915 2550 2971 Laudamus
2599 2926 2652 2971 te
2679 2915 2902 2970 Domine
2930 2930 3051 2969 cum
3075 2914 3276 2984 angelis
3306 2930 3322 2968 :
3349 2912 3512 2967 bene-

1934 3012 2162 3067 dicimus
2189 3020 2240 3065 te
2268 3026 2390 3067 cum
2414 3010 2701 3066 virtutibus
2727 3009 2947 3063 sanctis.
2976 3007 3346 3063 Glorilicatnus
3391 3019 3510 3059 cum

1935 3102 2279 3172 potestatibus
2305 3100 2570 3167 supernis.
2603 3108 2627 3137 ⁸
2662 3098 2727 3153 Et
2752 3099 2842 3168 qui
2874 3109 2926 3153 te
2982 3098 3227 3164 opificem
3270 3102 3514 3149 nostrum

1935 3207 2032 3246 nos
2053 3192 2343 3246 subsistere
2372 3206 2478 3246 non
2511 3190 2746 3244 hesimus
2774 3199 2920 3243 recte
2947 3186 3151 3240 honore
3180 3183 3255 3238 tui
3283 3183 3513 3239 nominis

1927 3370 2122 3433 critici,
2155 3369 2242 3437 qui
2275 3369 2535 3437 integrum
2564 3369 2664 3421 hoc
2712 3372 3158 3437 caput‘octavu‘tn
3213 3363 3282 3437 de
3328 3370 3517 3437 sancto

1928 3431 2226 3511 Augustino
2250 3431 2509 3511 anfeFunt.
2544 3436 2723 3511 Sancti
2750 3431 3004 3511 Stephani
3036 3433 3287 3511 reliquias
3309 3431 3515 3511 primus

1928 3508 1983 3564 in
2011 3500 2356 3564 Occidentem
2384 3506 2527 3561 misit
2560 3508 2743 3560 Avitus
2773 3500 3051 3576 presbyter
3096 3502 3380 3576 Hispanus,
3414 3500 3508 3576 qui

1940 3591 2049 3634 tum
2080 3578 2465 3647 Hierosolymis
2491 3578 2739 3645 dego-bat.
2766 3570 2884 3647 llas
2932 3570 3178 3647 ieliqnias
3221 3574 3285 3647 ad
3328 3570 3512 3625 Eccle-

1937 3653 2070 3704 siatn
2113 3644 2491 3703 Bracarensetn
2524 3644 2840 3701 deferendas
2872 3645 3085 3699 tradidit
3124 3644 3311 3696 Orosio
3360 3656 3514 3709 pres-

1940 3722 2127 3791 bytero
2152 3720 2407 3791 llispano,
2423 3718 2505 3771 cui
2529 3718 2685 3791 etiam
2713 3716 2930 3791 tradidit
2953 3713 3304 3791 narrationem
3328 3711 3515 3791 Latine

1938 3781 2192 3858 scriptam
2227 3781 2402 3858 totius
2436 3787 2779 3841 revelationis
2824 3786 2977 3840 facta:
3026 3781 3266 3858 Luciano
3299 3781 3520 3858 presby;

1942 3850 2079 3921 tet-0',
2107 3869 2162 3912 ct
2197 3856 2520 3911 inventionis
2549 3872 2833 3925 corporum
2883 3866 3191 3925 sant-torum
3236 3850 3515 3925 Stephani,

1940 3918 2268 3988 Cain-alieEis,
2298 3926 2603 3992 Nicodemi,
2635 3918 2689 3980 et
2731 3923 3023 3979 Abibbonis
3057 3921 3253 3989 (Epist.
3290 3923 3423 3974 Aviti
3452 3918 3520 3973 ad

1936 4015 2123 4071 papam
2143 3996 2469 4071 Paic_oniuttt,
2485 3998 2623 4056 apud
2735 3995 2787 4047 51
2795 3996 3094 4071 αὺὶΙιοίιΙὶιέίιι
3116 3992 3517 4071 .4nale3t.yeter_‘.

1937 4060 1975 4122 ἱ.
2005 4060 2089 4122 Ἰν
2117 4066 2463 4137 p.ll8,etin
2487 4065 2779 4137 appendice
2801 4075 2920 4137 tam.
3096 4060 3319 4137 (φειδ.
3341 4062 3520 4130 Ang.),

1937 4138 2027 4193 ubi
2056 4129 2280 4205 epistola
2313 4136 2507 4205 legitur
2527 4129 2735 4200 scripta
2764 4129 3520 4205 ad_l’alchoaiuntDracnren-

1936 4226 2042 4264 sent
2066 4198 2392 4275 episcopum:
2420 4198 2664 4259 Narratio
2717 4199 3058 4275 revelationis
3104 4212 3158 4254 et
3204 4198 3520 4275 dulcedo-nis

1938 4268 2426 4348 culparum-sancti
2456 4275 2795 4348 Stephaniet
2838 4272 3063 4348 aliorum
3108 4278 3296 4348 exstat.
3328 4279 3367 4319 ι.
3406 4268 3517 4333 γιι,

1943 4338 2095 4419 ορέτ.
2121 4349 2289 4419 sancti
2320 4338 2623 4412 Augustini,
2659 4344 2753 4419 bid.
2791 4357 2950 4419 nov.,_
2974 4341 3026 4394 in
3071 4338 3395 4419 appendice;
3420 4416 3428 4419 _
3454 4352 3521 4391 (ιιι

1948 4408 2075 4474 vero
2103 4417 2342 4486 reliquiae
2373 4408 2479 4473 illa:
2506 4408 2674 4469 saneti
2699 4413 2980 4486 Stephani,
3013 4426 3144 4486 quas
3176 4408 3365 4486 Oresio
3417 4416 3514 4485 trao

1945 4492 2155 4545 diderat
2182 4480 2392 4551 A'vitus,
2424 4486 2711 4556 aliquando
2737 4480 2811 4537 in'
2836 4482 3170 4556 liispauiattL
3186 4480 3525 4556 devenerint,

1947 4562 2212 4616 incertum
2242 4566 2323 4613 est
2352 4548 2553 4627 (Nicoi.
2587 4558 2799 4618 Antam,
2828 4548 2963 4627 Bibi.
2991 4561 3089 4627 oet.
3122 4548 3306 4627 Disp”
3329 4549 3419 4627 Eb.
3447 4562 3525 4627 ut,

1985 4650 2068 4703 ag.
2122 4629 2222 4703 7187
2244 4669 2261 4695 ,
2288 4618 2459 4703 ηξξίῦ,
2487 4636 2532 4679 et
2556 4626 2752 4703 bibi-Ill:
2773 4622 3052 4703 pagaibi),
3086 4638 3137 4672 ιι.
3166 4618 3276 4703 i9).
3308 4619 3420 4703 “Est
3443 4620 3531 4703 .lli-

1985 4651 2068 4703 (lg.
2128 4651 2217 4684 IOJ
2244 4669 2261 4695 ,
2288 4651 2341 4683 η.
2368 4651 2459 4693 ιω,
2487 4651 2532 4679 ει
2558 4651 2645 4678 ιιυ.
2670 4651 2746 4683 Ill,
2773 4651 2891 4692 pug.
2927 4651 3052 4686 ἰου,
3086 4651 3137 4672 η.
3170 4651 3276 4685 ια]-
3328 4651 3420 4671 uas
3449 4651 3529 4670 uu-

1947 4651 2237 4756 ftilnmiuus
2263 4699 2418 4752 valde
2443 4697 2700 4751 credibile
2731 4694 3073 4747 festivitatem
3106 4690 3274 4742 sancti
3308 4688 3529 4756 Steplta~

1950 4775 2003 4827 tti
2034 4788 2100 4825 ex
2142 4769 2320 4825 Africa
2367 4769 2420 4822 iu
2472 4766 2777 4831 llispaniatn
2825 4764 3056 4817 delatam
3090 4776 3245 4825 esse,
3274 4768 3331 4813 et
3384 4759 3535 4815 brevi

1951 4854 2070 4914 post
2099 4856 2293 4914 annum
2317 4836 2431 4914 “5‘
2444 4836 2704 4914 celebrari
2732 4835 3092 4914 con‘s‘uevisse.

2024 4912 2050 4951 δ
2094 4912 2364 4979 Ofﬁcium.
2410 4912 2525 4963 Act.
2559 4923 2660 4968 vu,
2690 4906 2777 4969 ενι,
2808 4905 2901 4960 55.

2029 4995 2050 5023 ε
2095 4971 2424 5036 Fremebant.
2459 4980 2607 5049 Vulg.
2638 4988 2691 5032 et
2726 4979 2844 5043 UL,
2878 4975 3257 5030 dissecabantttr
3295 4971 3535 5025 cordibus

1951 5056 2078 5110 suis.

2026 5125 2052 5164 ιι
2098 5126 2169 5193 ᾗ.
2194 5122 2281 5177 Ps.
2318 5121 2471 5193 tuti.

2033 5206 2055 5234 ε
2098 5181 2173 5247 Ἰσίι
2222 5195 2329 5261 qni.
2388 5181 2641 5247 Fortasse
2708 5186 2986 5261 legendum
3040 5203 3053 5236 :
3112 5182 3173 5261 ξι
3220 5181 3307 5261 qui
3358 5197 3445 5246 p”r
3495 5190 3540 5233 te

1956 5268 2192 5334 api/irem
2222 5254 2451 5319 nostrum
2500 5278 2595 5334 nos
2642 5259 2915 5313 subsistere
2969 5271 3069 5307 non
3120 5254 3379 5332 hwsimns,
3406 5261 3540 5303 recte

1958 5324 2208 5390 honorare
2240 5375 2255 5395 ,
2318 5350 2409 5405 per
2457 5332 2689 5399 ofﬁcium
2721 5337 2993 5405 ⁸ενειιιιιναε
3053 5324 3345 5405 οτεαιςὶεςιη
3398 5333 3535 5405 tuam

1960 5391 2368 5477 potentiaman
2397 5391 2662 5471 negamus.
2696 5400 2883 5477 Quare
2920 5409 3146 5477 ιιοείνιιιπ
3196 5391 3350 5477 facito
3395 5391 3540 5443 bona:

1958 5464 2206 5534 coluntati
2236 5488 2336 5530 tua
2362 5464 2561 5547 placere
2576 5471 2855 5547 servitium,
2887 5478 2932 5547 et
2962 5464 3035 5518 vel
3067 5466 3117 5516 in
3141 5465 3276 5547 cadis
3308 5480 3538 5547 (tun-(In.-

1997 5532 2218 5616 elis,vel
2249 5549 2301 5599 in
2345 5532 2495 5616 terris
2550 5558 2665 5594 cum
2708 5537 2997 5591 hominibus
3044 5536 3253 5605 paciﬁca
3300 5532 3537 5603 glozim'i,

1964 5612 2015 5677 in
2048 5612 2184 5675 tuam
2210 5614 2629 5685 giariﬁcationem
2657 5625 2922 5667 ascensum
2949 5612 3229 5681 prtcl'entcs
