4052 6182
341 316 443 371 197

1052 320 1343 379 MISSALE
1385 320 1653 378 MIXTUM
1693 320 1776 377 SE
1808 323 1840 375 ἶ.
1881 320 2045 376 RBG.
2086 326 2147 382 Β.
2188 326 2457 387 ISIDORI.
2502 364 2567 375 —
2610 335 2799 396 PARS
2839 339 2877 394 l.

3514 342 3615 397 198

333 435 449 489 me
498 430 823 488 sacriﬁcium
874 431 1097 487 solenne
1132 433 1458 501 persolvere.
1493 432 1659 498 Quem
1700 431 1770 486 ita
1816 432 1911 485 Do-
1948 435 1993 492 Δ
2024 448 2266 495 ruerunt.
2322 442 2437 498 Hoc
2483 444 2591 500 illis
2636 446 2782 503 l'uror
2805 450 2934 519 jecit
2966 465 3110 521 :quo
3138 466 3298 508 cccus
3328 468 3480 509 error
3519 458 3617 511 im-

333 524 464 577 mini
512 526 684 578 nostri
733 522 863 579 Jesu
910 522 1106 579 Christi
1133 523 1225 577 lilii
1269 525 1342 577 tui
1392 524 1558 593 gratia
1591 522 1751 591 elegit
1782 522 1927 576 :do-

329 617 506 669 ctrina
535 614 735 670 erudiit
763 632 774 666 :
809 615 1049 685 potentia
1072 613 1429 669 conﬁrmavit.
1462 613 1529 669 Ut
1557 613 1695 667 inter
1717 612 1927 667 Levitas

332 706 593 772 premium
624 719 641 757 :
669 704 809 759 inter
856 704 1152 773 discipulos
1186 719 1407 773 regnum
1441 720 1454 758 :
1489 704 1629 758 inter
1664 715 1925 774 martyres

330 801 512 848 teneat
567 793 940 863 principatum.
1004 792 1103 860 Qui
1161 794 1401 847 veritatis
1454 792 1619 847 verbo
1678 801 1925 849 errantes

328 884 687 940 conﬁdentius
716 883 993 954 arguendo
1024 901 1040 939 :
1071 883 1143 938 ibi
1167 885 1405 938 studeret
1436 898 1635 952 ponere
1661 898 1878 938 causam
1906 901 1919 935 :

328 977 419 1031 ubi
468 975 794 1045 intelligeret
842 974 1074 1043 pendere
1126 974 1428 1029 victoriam.
1489 976 1556 1029 Ut
1608 975 1818 1041 objecta
1869 976 1921 1028 in

327 1065 522 1119 faciem
570 1064 756 1121 Judeis
804 1065 1097 1133 impietatis
1125 1063 1299 1133 elogio
1332 1082 1345 1117 :
1377 1066 1419 1118 si
1471 1079 1576 1117 non
1625 1064 1923 1133 corriperet

326 1155 697 1211 deviosznon
746 1156 960 1210 timeret
1017 1155 1200 1209 iratos.
1262 1156 1451 1210 Sciens
1501 1155 1553 1209 in
1603 1156 1918 1211 alterutrum

324 1246 656 1302 fructuosam
702 1246 1124 1315 prC‘dicaliOqu
1176 1262 1298 1301 esse
1333 1245 1548 1314 justicie
1577 1262 1591 1299 :
1623 1247 1666 1299 si
1699 1258 1791 1301 aut
1844 1248 1920 1302 illi

323 1347 576 1408 suscepta
617 1338 908 1407 penitentia
967 1338 1199 1404 placeret
1262 1337 1463 1391 oblatio
1513 1338 1755 1392 sanitatis
1789 1352 1918 1394 :aut

326 1431 430 1485 sibi
460 1430 690 1484 excitata
724 1430 919 1484 invidia
952 1429 1102 1484 ﬁeret
1123 1431 1336 1484 occasio
1368 1430 1656 1498 passionis.
1692 1431 1817 1485 Erat
1847 1431 1916 1487 ibi

330 1523 530 1576 Christi
560 1532 617 1575 et
643 1522 1003 1589 proximorum
1047 1522 1101 1577 in
1146 1521 1239 1576 tali
1271 1521 1544 1577 voluntate
1574 1522 1796 1578 dilectio
1826 1532 1921 1579 aut

323 1613 391 1666 de
422 1611 725 1666 emendatis
752 1612 1001 1681 gaudium
1034 1620 1221 1682 optare
1250 1612 1492 1681 cognatis
1525 1629 1541 1666 :
1573 1621 1664 1667 aut
1688 1613 1756 1667 de
1798 1614 1916 1668 illa-

324 1704 393 1761 tis
423 1708 682 1774 premium
709 1714 1004 1772 expectare
1030 1704 1305 1774 suppliciis
1337 1722 1351 1759 :
1382 1720 1535 1761 suum
1567 1705 1785 1776 quidem
1818 1706 1914 1761 ho-

2030 528 2192 597 pegit.
2254 529 2382 587 Inde
2429 535 2684 591 obruerat
2724 541 3007 595 docentem
3050 559 3066 597 :
3118 542 3259 598 unde
3311 545 3619 601 ceciderant

2028 630 2134 672 non
2172 620 2474 676 credentes.
2522 624 2623 692 Qui
2666 627 2773 681 illis
2807 627 2978 683 factus
3006 640 3089 686 est
3139 642 3287 701 petra
3326 636 3566 690 scandali
3600 654 3615 689 :

2026 704 2331 775 Stephanus
2375 710 2545 766 factus
2584 722 2667 769 est
2704 730 2901 770 corona
2948 723 3212 792 martyri.
3271 721 3367 777 Cui
3420 728 3613 781 merito

2026 797 2168 854 inter
2196 801 2462 870 gloriosos
2491 807 2716 874 angelos
2743 824 2756 859 :
2791 809 3124 880 celestesque
3156 814 3379 869 virtutes
3409 831 3424 868 :
3457 818 3612 885 hym-

2026 906 2154 944 nnm
2186 893 2360 950 laudis
2408 897 2590 954 debite
2619 900 2736 956 sine
2762 905 3066 958 cessatione
3096 908 3429 972 proclamat:
3453 922 3613 980 atque

2023 980 2175 1036 dicit.

2098 1113 2249 1167 Dicat
2281 1120 2491 1174 chorus.
2528 1120 2760 1176 Sanctus
2788 1120 3018 1181 Sanctus
3046 1126 3293 1182 Sanctus.

2096 1222 2224 1279 Post
2275 1227 2521 1286 Sanctus.
2572 1231 2706 1286 Vere
2762 1246 3024 1290 sanctus:
3058 1253 3184 1291 vere
3241 1240 3292 1292 in
3340 1240 3613 1298 altissimis

2021 1316 2291 1387 gloriosus
2321 1320 2578 1377 Dominus
2623 1335 2807 1381 noster
2834 1327 2987 1382 Jesus
3019 1330 3263 1386 Christus
3296 1332 3437 1389 titius
3467 1344 3607 1389 tuus.

2022 1408 2064 1460 A
2098 1423 2203 1472 quo
2230 1409 2532 1479 Stephanus
2572 1420 3017 1485 martyrprimus
3062 1430 3223 1490 atque
3263 1423 3418 1477 levita
3452 1440 3611 1479 coro-

2021 1497 2133 1551 nari
2161 1502 2455 1567 promeruit
2506 1506 2762 1571 passione
2805 1520 3051 1577 suscepta
3086 1526 3102 1568 :
3136 1512 3265 1567 dum
3292 1525 3347 1567 et
3377 1532 3498 1569 cum
3524 1531 3613 1571 ce-

2021 1589 2150 1640 teris
2204 1592 2604 1647 consecrandus
2656 1597 3037 1663 Apostolorum
3078 1600 3348 1658 electione
3402 1606 3455 1659 in
3506 1608 3608 1659 nii-

2020 1677 2242 1733 nisterio
2267 1681 2482 1749 eligitur
2512 1683 2773 1749 septimus
2799 1698 2853 1740 et
2880 1688 3232 1757 singulariter
3272 1708 3369 1761 pro
3393 1694 3609 1749 Christo

322 1770 511 1849 norem
566 1797 744 1850 aliene
790 1770 1018 1850 erimina
1069 1770 1175 1851 ’,δὴ
1229 1798 1489 1867 quem“,
1518 1815 1532 1852 τ
1562 1770 1657 1852 s'ed
1699 1798 1910 1852 videbat
1944 1788 1987 1846 Β
2020 1770 2330 1867 martyrium
2358 1772 2590 1867 adeptus
2610 1785 2693 1829 est
2740 1778 2965 1843 primus.
3013 1781 3111 1846 Qui
3153 1782 3271 1836 ideo
3302 1785 3517 1852 izlpitiztl'i
3546 1804 3606 1841 se

322 1898 611 1957 utrumque
639 1888 740 1944 sibi
772 1890 891 1944 sine
912 1888 1021 1961 44
1049 1890 1216 1958 gloria
1254 1905 1363 1944 non
1415 1890 1673 1945 futurum.
1727 1890 1785 1946 Si
1812 1907 1911 1946 au-

324 1988 431 2035 tem
463 1996 559 2049 per
589 1982 872 2036 veritatem
908 1984 1020 2050 ipse
1048 1982 1186 2036 alios
1210 1981 1534 2048 predicando
1556 1982 1860 2051 acquireret
1893 2000 1907 2035 :

320 2080 414 2123 aut
461 2085 525 2125 se
554 2085 650 2140 pro
691 2072 920 2125 veritate
950 2070 1214 2139 quispiam
1264 2082 1575 2140 persecutor
1619 2069 1906 2125 occideret.

325 2160 665 2229 Agnoscebat
702 2163 879 2217 locum
910 2175 1101 2215 suum:
1131 2161 1399 2231 cogitabat
1445 2158 1699 2224 ofﬁcium,
1730 2170 1753 2197 ⁸
1788 2164 1909 2230 quia

317 2252 493 2307 altare
531 2267 592 2307 se
620 2266 744 2307 esse
771 2260 1037 2307 noverat:
1064 2252 1414 2322 semetipsum
1463 2252 1694 2307 hostiam
1726 2266 1907 2322 prepa-

318 2345 493 2399 rabat.
543 2344 739 2400 Plenus
779 2344 981 2415 Spiritu
1010 2344 1207 2400 Sancto
1241 2353 1577 2401 sacramenta
1625 2345 1909 2401 ructabat:

316 2440 503 2491 volens
536 2438 759 2491 calicem
790 2437 979 2492 bibere
1000 2435 1026 2475 δ
1058 2452 1217 2507 quem
1249 2436 1518 2492 tradebat.
1560 2434 1749 2491 Stabat
1772 2436 1912 2491 inter

318 2525 437 2579 illos
461 2527 687 2595 populos
720 2544 732 2578 :
767 2527 857 2597 qui
887 2527 1056 2582 servis
1082 2541 1188 2581 non
1222 2540 1439 2595 parcere
1465 2543 1477 2579 :
1505 2526 1713 2580 Domini
1738 2536 1911 2580 morte

315 2617 600 2683 didicerat,
654 2628 746 2673 aut
772 2618 864 2689 qui
908 2619 1076 2687 magis
1115 2633 1284 2687 usque
1334 2617 1399 2671 ad
1455 2616 1669 2671 Domini
1720 2630 1907 2670 neci-m

312 2721 602 2761 servorum
631 2718 805 2763 morte
829 2717 1207 2777 prevenerant.
1254 2706 1299 2761 0
1331 2707 1521 2777 ingens
1560 2705 1773 2758 Domini
1807 2705 1910 2759 de-

314 2798 574 2853 siderium
622 2800 905 2855 charitatis
935 2816 950 2855 :
982 2800 1111 2869 quid
1142 2807 1227 2854 est
1267 2798 1371 2852 ni—i
1416 2797 1587 2851 occidi
1627 2796 1763 2852 velle
1813 2811 1909 2865 pro

320 2889 548 2943 Domino
580 2906 595 2944 :
627 2899 681 2945 et
708 2890 875 2946 occisi
916 2905 1155 2956 amorem
1202 2890 1342 2944 inter
1396 2888 1691 2943 homicidas
1739 2886 1909 2955 impa-

316 2980 434 3032 vida
462 2978 748 3033 devotione
799 2978 950 3034 l'ateri
983 2977 1005 3030 7
1030 2978 1261 3033 Noverat
1288 2993 1347 3032 se
1376 2977 1451 3031 illi
1482 2976 1763 3033 moriendo
1782 2976 1907 3045 jun-

314 3069 548 3136 gendum
584 3086 597 3121 :
628 3068 712 3122 cui
759 3082 818 3123 se
856 3068 1074 3124 dolebat
1100 3078 1123 3107 ο
1152 3066 1513 3137 superbiendo
1552 3066 1903 3137 disjunctum.

2016 1862 2185 1917 voluit
2220 1866 2400 1922 saxeis
2424 1866 2622 1922 ictibus
2654 1870 2977 1937 perﬁdorum
3009 1891 3022 1926 :
3051 1882 3108 1927 ut
3159 1874 3368 1930 facilius
3421 1895 3609 1945 perve-

2017 1957 2133 2011 nire
2162 1957 2330 2025 possit
2370 1961 2438 2013 ad
2479 1960 2711 2029 lapidem
2746 1965 3071 2030 preciosum.
3122 1966 3393 2023 Christum
3424 1969 3607 2027 Domi-

2016 2064 2143 2103 num
2169 2064 2231 2104 ac
2260 2050 2672 2121 lledemptorem
2696 2064 2963 2110 eternum.

2088 2176 2216 2233 Post
2254 2180 2440 2250 pridie.
2486 2180 2690 2236 Oratio.
2723 2184 3077 2254 Omnipotens
3109 2184 3248 2241 Deus
3295 2198 3445 2257 pater
3477 2191 3607 2261 :qui

2015 2281 2136 2340 post
2185 2274 2510 2330 oblationem
2560 2274 2817 2345 unigeniii
2861 2279 2933 2331 tui
2981 2277 3211 2334 hostiam
3256 2280 3430 2336 vivam
3481 2282 3603 2338 Ste-

2016 2364 2248 2431 phanum
2286 2366 2514 2436 primum
2558 2380 2873 2437 martyrem.
2929 2373 3213 2441 suscepisti
3246 2390 3259 2426 :
3289 2384 3343 2428 ιιι
3393 2390 3490 2429 nos
3535 2377 3601 2430 ad

2012 2454 2128 2524 ejus
2159 2458 2469 2526 exemplum
2500 2457 2660 2513 facito
2696 2474 2818 2513 esse
2862 2461 3131 2515 victimam
3165 2462 3516 2531 placationis:
3549 2477 3603 2519 ot

2014 2545 2242 2600 hostiam
2278 2546 2544 2614 puritatis.
2596 2548 2715 2614 Quo
2746 2551 2870 2603 dum
2899 2551 2997 2619 ipsi
3031 2566 3124 2619 per
3150 2554 3232 2606 trit
3254 2555 3451 2607 tionem
3494 2555 3602 2622 spio

2016 2641 2151 2696 ritus
2190 2640 2533 2696 immolantur
2565 2658 2580 2697 :
2616 2644 2715 2698 ltec
2737 2643 2987 2698 libamina
3014 2645 3066 2698 in
3099 2646 3427 2700 ablutionem
3464 2664 3603 2715 pec-

2010 2732 2277 2785 caminum
2309 2748 2337 2785 a
2372 2744 2425 2786 te
2450 2734 2779 2787 sanctiﬁcata
2812 2750 3108 2791 sumamus.
3154 2736 3190 2802 ti
3213 2777 3227 2791 .
3257 2738 3450 2793 Amen.

2081 2846 2162 2899 Ad
2190 2846 2472 2900 orationem
2501 2844 2840 2903 ﬂaminicam.

2082 2960 2279 3016 Etcrne
2312 2961 2405 3015 Dei
2442 2961 2581 3017 ﬁlius
2616 2964 2839 3019 Domine
2890 2964 3016 3020 Jesu
3047 2983 3061 3022 :
3090 2982 3248 3035 quem
3293 2968 3599 3037 Stephanus

2011 3051 2138 3104 dum
2181 3052 2507 3120 lapidaretur
2540 3068 2556 3108 :
2589 3062 2646 3107 ut
2674 3053 2791 3123 ejus
2815 3058 3060 3124 spiritum
3100 3059 3404 3125 susciperes
3444 3061 3598 3115 invo-

318 3158 563 3213 Tenebat
603 3160 840 3229 Magistri
889 3170 1138 3229 prrcepta
1177 3136 1280 3227 que
1331 3160 1588 3214 didicerat
1624 3174 1770 3214 :tton
1802 3158 1904 3212 sibi

2012 3147 2168 3200 cabat
2202 3159 2405 3214 :quem
2452 3147 2640 3214 positis
2686 3148 2913 3216 genibus
2957 3164 3053 3217 pro
3093 3150 3322 3206 inimicis
3364 3154 3595 3207 orabat:

313 3248 529 3319 dignum
573 3264 694 3305 esse
732 3250 1097 3319 discipulum:
1128 3251 1219 3319 qui
1264 3265 1322 3305 se
1356 3266 1465 3304 non
1500 3258 1706 3318 portata
1743 3264 1904 3304 cruce

312 3351 655 3409 sequeretur.
691 3340 919 3396 Volebat
958 3344 1238 3410 pervenire
1278 3358 1384 3411 qtto
1408 3351 1525 3397 erat
1558 3358 1571 3393 :
1602 3342 1690 3409 qui
1722 3341 1906 3409 cupie-

313 3429 403 3483 bat
429 3430 613 3487 levare
641 3431 783 3499 quod
819 3430 1077 3501 iusserat.
1121 3446 1220 3486 nec
1262 3430 1399 3485 lallit
1443 3446 1538 3485 sua
1570 3431 1753 3499 Opinio
1794 3430 1903 3497 jam

314 3529 578 3585 paratum.
636 3517 776 3576 Ecce
805 3522 881 3575 illi
918 3522 1008 3589 qui
1053 3523 1106 3576 in
1134 3520 1350 3577 Christo
1393 3532 1639 3591 tanquam
1674 3521 1726 3575 in
1769 3521 1903 3588 lapi-

311 3608 434 3665 dem
481 3610 821 3667 offenderunt
852 3613 943 3667 :in
984 3613 1315 3683 Stephanum
1362 3628 1483 3669 cum
1535 3611 1797 3682 lapidibus
1826 3612 1901 3666 ir-

387 3800 412 3828 ο
448 3791 580 3855 Οιιίιι
602 3792 767 3844 altare
792 3808 844 3844 se
864 3808 968 3845 esse
998 3808 1226 3849 noverat.
1257 3793 1367 3848 lloc
1398 3793 1585 3847 eodem
1615 3806 1775 3846 sensu
1823 3789 1905 3841 di-

312 3870 476 3934 ctuni_
490 3869 594 3934 est,
628 3873 992 3934 quosanclus
1019 3865 1432 3934 Clirysostomns
1455 3862 1642 3933 (Hom.
1663 3862 1733 3917 ‘20
1756 3862 1809 3913 in
1840 3857 1904 3912 11

310 3932 380 3982 ad
434 3928 663 3991 Corint.)
710 3931 842 3984 dixit
878 3950 891 3985 :
924 3932 1050 3985 Cum
1085 3928 1353 4001 pauperem
1377 3928 1479 4000 ﬁde
1500 3934 1794 4001 prazditum.
1822 3941 1904 3985 at-

313 4016 419 4072 que
499 4001 635 4053 adeo
693 4017 1064 4071 quemcunque
1114 4006 1254 4072 pium
1301 4003 1661 4057 Christianum
1711 4003 1899 4072 cernis,

310 4071 550 4121 existima
600 4080 649 4123 te
668 4072 829 4123 altore
858 4073 1050 4135 videre;
1075 4071 1128 4127 ct
1158 4075 1415 4141 Origenes
1448 4073 1633 4141 (Hom.
1663 4074 1686 4127 1
1718 4074 1771 4125 in
1806 4071 1906 4125 ιε-

310 4141 426 4205 rit.)
477 4154 578 4213 eos
601 4142 736 4194 dixit
764 4144 931 4213 altare
955 4141 1071 4203 Dei,
1100 4144 1154 4193 in
1181 4143 1363 4213 quibus
1392 4160 1591 4213 semper
1616 4145 1762 4195 ardet
1785 4144 1905 4195 dioi-

310 4225 407 4280 ιιιιε
469 4211 606 4280 ignis
649 4210 946 4272 charitatis,
992 4223 1044 4265 et
1088 4210 1201 4279 quo
1235 4210 1904 4267 Clemens-Alexandrinus

312 4279 536 4346 (Slrom.
571 4282 668 4347 vn)
694 4283 830 4334 dixit
862 4296 1007 4333 aram
1044 4298 1157 4335 vere
1183 4296 1411 4354 sanctam
1442 4298 1549 4354 esse
1572 4286 1795 4336 animam
1805 4284 1902 4354 ju-

313 4360 481 4423 s_tam;
509 4360 558 4403 et
583 4361 799 4404 sanctus
831 4354 1158 4423 Augustinus
1187 4352 1401 4423 (Euarr.
1430 4354 1481 4405 in
1508 4352 1596 4407 I’s.
1624 4354 1770 4423 χειν)
1796 4352 1897 4406 ait:

312 4417 372 4471 Si
420 4435 514 4471 nos
542 4435 719 4473 animus
746 4417 989 4486 teMplnm
1024 4422 1136 4486 Dei,
1168 4417 1259 4475 ara
1288 4422 1381 4477 Dei
1408 4425 1582 4476 anima
1603 4417 1777 4477 nostra
1802 4433 1896 4485 est,

2007 3248 2061 3292 tu
2108 3252 2205 3291 nos
2253 3240 2412 3292 facito
2443 3249 2497 3292 et
2540 3238 2743 3294 amicos
2772 3240 2824 3294 in
2867 3249 2918 3296 te
2959 3241 3183 3297 ﬁdenter
3231 3244 3505 3313 diligere:
3543 3257 3597 3301 et

2005 3346 2102 3400 pro
2134 3331 2366 3386 inimicis
2418 3343 2469 3386 te
2512 3333 2797 3387 sinceriter
2850 3335 3137 3400 postulare.
3182 3336 3299 3403 Quo
3328 3339 3456 3393 dum
3503 3340 3594 3394 de-

2005 3422 2253 3477 bentibus
2293 3424 2447 3477 nobis
2475 3439 2539 3478 ex
2571 3424 2744 3479 corde
2788 3424 3110 3480 dimittimus
3138 3444 3149 3478 :
3183 3442 3246 3481 ea
3276 3444 3380 3498 que
3410 3445 3593 3497 prere-

2006 3517 2125 3585 pisti
2158 3514 2282 3568 ﬁdut
2302 3514 2476 3569 ialiter
2518 3515 2913 3583 proclzunemus
2943 3531 2974 3572 e
3006 3516 3182 3572 terris.
3230 3519 3385 3575 Pater
3409 3532 3593 3576 noster

2002 3608 2094 3677 qui
2118 3621 2176 3662 es
2198 3605 2250 3660 in
2278 3606 2426 3661 celis.
2476 3605 2513 3663 ti
2534 3644 2549 3659 .
2587 3605 2775 3661 Amen.

2014 3786 2319 3841 sumebant.
2348 3782 2573 3851 Sumpta
2597 3793 2773 3839 autem
2815 3798 3039 3854 corpore
3062 3785 3290 3851 Domini,
3323 3793 3589 3850 arcliialia.

2012 3869 2183 3910 conus
2234 3855 2455 3928 calicem
2503 3855 2780 3928 deferebat
2811 3856 2875 3909 ad
2909 3858 3089 3928 sedem
3123 3858 3501 3928 pantiﬁcalem,
3533 3880 3589 3923 et

2012 3937 2137 4003 ante
2169 3924 2466 4003 pontiﬁcem
2495 3926 2745 3979 manibus
2786 3927 3035 4003 tenebat;
3068 3924 3228 3998 equo
3261 3924 3497 4003 pomifer
3526 3940 3589 4003 ﬂ-

2009 3996 2200 4073 stulah
2229 4008 2324 4049 seu
2375 3996 2595 4073 calamo,
2649 4004 2747 4073 aut
2796 3997 2919 4073 pipa
2957 4014 3022 4051 ea;
3047 3996 3312 4073 aurochl
3342 3996 3587 4073 argento,

2016 4066 2327 4139 sanguinem
2347 4071 2653 4139 __sunie_bat.
2708 4064 3154 4139 Ordollomanus
3183 4070 3245 4123 Vl
3266 4064 3434 4139 (apud
3467 4064 3587 4131 ,διαᾷ

2013 4131 2299 4195 ὸίιιὸηἱιηη.
2335 4132 2473 4187 Mm.
2522 4131 2648 4188 Ital.
2679 4134 2913 4206 tomJl,
2940 4154 3056 4206 pag.
3083 4138 3171 4206 75)
3201 4156 3213 4190 :
3248 4131 3373 4194 Ιίηὲε
3415 4155 3588 4201 autem

2012 4207 2261 4281 diaconus
2287 4216 2456 4258 tenens
2480 4205 2691 4281 Calicem
2718 4214 2765 4256 et
2784 4205 3016 4274 ﬁstulam
3034 4205 3276 4281 s‘et_ante
3294 4214 3586 4281 epistopum

2109 4293 2171 4329 tte
2194 4349 2200 4351 Α
2227 4276 2351 4329 dum
2404 4291 2469 4328 ex
2510 4276 2757 4351 sanguine
2794 4287 2841 4328 et
2866 4276 3313 4351 icorporegC/rristi
3341 4276 3585 4351 quantum

2007 4345 2220 4422 voluerit
2249 4356 2458 4422 stimuli
2477 4355 2530 4399 et
2562 4345 2824 4422 Honorius
2851 4345 3506 4422 AugustodunensistLib.
3542 4372 3584 4422 ι,

2008 4432 2054 4469 c.
2089 4418 2182 4482 65)
2241 4420 2317 4494 ait
2344 4414 2638 4494 :__Diacom's
2664 4417 2880 4494 calicem
2905 4414 3040 4494 tenet
3064 4418 3183 4471 dum
3216 4438 3349 4494 papa
3374 4414 3584 4494 stingui.

313 4497 367 4540 ει
416 4492 569 4557 plura
597 4490 928 4557 istiusmodi,
962 4507 1079 4561 qua
1109 4494 1246 4562 apud
1274 4494 1457 4547 Patres
1484 4495 1680 4563 pagg-im
1712 4510 1894 4549 recup-
1934 4495 1986 4555 Ι)
2012 4488 2325 4563 ncmsatmit.
2364 4488 2595 4563 "ire,
2626 4487 2757 4563 nihil
2778 4488 2944 4563 aliud,
2980 4487 3455 4563 innuunt'tlrdines
3470 4487 3581 4550 Ῐὶο-

308 4568 450 4612 runt.

382 4628 409 4665 δ
444 4630 605 4704 Quem
662 4631 912 4704 tradebat.
966 4630 1113 4686 More
1154 4634 1374 4704 antiquo
1399 4633 1653 4704 diaconus
1679 4634 1898 4689 calicem

312 4700 511 4774 populo
561 4702 996 4774 communicanti
1029 4700 1335 4774 porrigebat
1371 4704 1459 4773 (S.
1495 4703 1800 4774 Cyprianus,
1836 4705 1902 4759 de

310 4765 497 4837 Lupa;
559 4771 623 4824 S.
682 4772 883 4844 Ambrﬂ
940 4765 1045 4844 liba
1074 4765 1339 4840 ιόευυθὶ,
1366 4765 1413 4828 é.
1444 4765 1664 4844 “inec
1694 4765 1896 4828 tantum

308 4846 644 4914 sanguinem,
680 4845 772 4914 sed
800 4841 1085 4914 aliquando
1116 4859 1311 4910 corpus
1341 4841 1552 4914 quoque
1570 4846 1765 4898 Christi
1793 4854 1900 4898 tra-

305 4910 439 4986 deba
448 4922 507 4986 ιιιΔ
530 4912 741 4964 diaetmi
766 4913 1283 4986 conmumicantibps
1296 4914 1347 4986 (J
1357 4910 1573 4976 astinus.
1590 4916 1795 4986 apolog.
1812 4914 1894 4985 2).

302 4978 617 5053 Concilian
656 4986 997 5053 Ancyranum
1031 4982 1182 5053 (Can.
1211 4983 1268 5051 2)
1300 4978 1439 5037 hunc
1473 4978 1676 5039 morem
1708 4978 1895 5053 aperte

302 5050 529 5127 indicat.
590 5052 694 5127 Sed
747 5050 1048 5127 a’nconcilio‘
1090 5050 1511 5127 NicmnotCan.
1556 5056 1642 5118 t8,
1672 5050 1757 5109 at.
1804 5056 1895 5127 lli)

306 5122 605 5195 irelatensi
661 5137 694 5174 ιι
749 5120 908 5187 (Con.
963 5123 1074 5195 15),
1119 5134 1173 5177 et
1200 5120 1608 5194 Carthaginiensi
1650 5141 1703 5180 tv
1736 5120 1890 5195 (Can'.

303 5189 419 5256 38),
467 5195 692 5245 vetitum
721 5194 837 5267 fuit
889 5208 956 5267 ne
983 5194 1213 5267 diaconi.
1241 5207 1330 5248 aut
1354 5189 1683 5267 presbyteris
1717 5189 1893 5252 trade-

308 5260 933 5335 rent_corpus‘_Christi.
986 5274 1079 5317 aut
1120 5265 1241 5317 aliis
1293 5260 1590 5333 traderent,
1624 5279 1891 5335 prmsente

307 5332 660 5405 presbytero:
685 5332 877 5405 Mansit
904 5343 1083 5405 tamen
1114 5336 1460 5405 diaconisjus
1494 5332 1734 5393 tradendi
1762 5343 1891 5393 cali-

303 5403 377 5471 ris
406 5403 599 5455 saltem
630 5402 834 5466 Romae,
868 5404 920 5457 in
980 5404 1253 5471 HiSpania.
1308 5402 1384 5459 ρι’
1420 5408 1470 5461 in
1528 5412 1672 5463 omni
1729 5411 1886 5465 Occi-

301 5470 485 5553 dente.
528 5472 758 5553 Sanctius
808 5474 1041 5553 Isidorus
1081 5470 1195 5553 ωε
1226 5476 1436 5553 Ofﬁciis,
1471 5479 1563 5553 lib.
1600 5496 1659 5543 ll,
1688 5497 1803 5549 cap.
1830 5484 1886 5553 8)

300 5544 537 5610 scribit:
597 5540 734 5610 Ipsis
776 5547 911 5597 enim
965 5540 1315 5601 sacerdotibus
1366 5540 1467 5603 non
1508 5540 1685 5605 liceta
1714 5540 1887 5609 niensa

301 5609 511 5679 Dmaitu'
552 5609 734 5667 tollere
763 5616 994 5677 calicem,
1022 5618 1122 5670 nisi
1151 5622 1221 5672 eis
1245 5622 1463 5674 traditus
1491 5624 1557 5675 sit
1585 5640 1618 5675 a
1642 5626 1883 5679 diacono.

299 5678 503 5762 Rom-:0.
530 5694 588 5738 et
618 5684 670 5737 in
689 5686 821 5762 aliis
843 5686 1157 5762 quihusdam
1205 5690 1480 5762 Ecclesiis,
1507 5696 1741 5762 cpiscotii
1778 5678 1882 5750 noti

297 5751 361 5801 ad
391 5756 584 5819 altare,
610 5755 702 5809 scd
728 5756 793 5809 ad
826 5751 1007 5812 sedent
1038 5775 1231 5829 corpus
1262 5751 1874 5833 Christi-ct'sangitincm

2009 4559 2190 4633 niani;
2228 4556 2613 4633 primus
2647 4574 2700 4627 p.
2739 4558 2838 4633 Η)
2859 4572 2979 4612 cum
3003 4560 3110 4614 ait:
3145 4566 3441 4633 “pontifex
3463 4584 3586 4621 (on-

2005 4627 2241 4705 [irritatur
2294 4628 2358 4679 ab
2381 4628 3007 4705 (archidiacono._'l‘ertins
3030 4647 3163 4705 vero
3194 4627 3381 4703 (Ibit.
3408 4654 3459 4702 ρ.
3491 4638 3585 4705 59)

2004 4698 2327 4769 distinctius,
2380 4712 2501 4769 cum
2534 4700 2645 4751 ait:
2678 4696 2741 4750 Et
2763 4700 2869 4769 ipse
2899 4702 3131 4767 pontifex
3158 4696 3490 4769 conﬁrmatur
3517 4696 3583 4761 αὖ

2003 4768 2364 4838 archidiacono
2392 4767 2456 4820 de
2482 4770 2637 4821 calice
2664 4767 2861 4823 sancto.
2891 4771 3028 4838 Lege
3048 4778 3091 4826 si
3117 4767 3269 4827 vacat
3295 4776 3363 4828 cl.
3417 4776 3586 4831 Geor-

2000 4839 2143 4900 gium
2190 4837 2543 4916 (Debitarg.
2608 4839 2762 4916 (lout1
2803 4838 3003 4909 Pontif.
3046 4856 3167 4916 t_o_m.
3201 4843 3251 4909 1,
3276 4846 3492 4916 disquis.
3520 4850 3585 4902 de

1999 4924 2146 4987 sacro
2199 4909 2498 4987 ministerio,
2550 4925 2665 4979 cap.
2698 4908 2782 4971 18,
2818 4908 3021 4987 etiam.
3044 4911 3159 4977 III,
3192 4908 3307 4981 cap.
3348 4908 3424 4978 l8,
3459 4935 3577 4987 pag.

2000 4977 2105 5052 164
2124 4988 2172 5031 et
2198 4984 2349 5052 ηιμ).
2383 4980 2592 5032 Modum
2615 4977 3043 5052 comitiiitiicatidi
3075 4988 3126 5037 in
3158 4977 3429 5052 Hispania.
3453 4977 3581 5042 con—

1997 5051 2177 5102 cilium
2236 5050 2550 5103 'l‘oletanum
2604 5066 2654 5103 tv
2680 5051 2833 5119 (Cati.
2870 5056 2955 5119 i8)
3003 5050 3300 5111 consuluit.
3329 5062 3478 5124 Quod
3511 5065 3576 5112 ad

1996 5132 2108 5191 rem
2143 5130 2459 5188 prtcsentetn
2501 5130 2729 5188 spectat,
2761 5126 3044 5191 episcnpus
3070 5141 3194 5179 ante
3216 5130 3379 5181 altare
3406 5144 3575 5182 sacer-

1994 5187 2151 5243 dotes
2164 5200 2217 5244 et
2232 5191 2485 5263 diaconos
2502 5187 3162 5258 comm"incauta-clerum
3179 5214 3305 5250 vero
3324 5215 3372 5251 in
3388 5203 3505 5252 choi
3520 5216 3574 5263 ο,

1992 5270 2140 5314 extra
2190 5264 2414 5316 chorum
2460 5262 2510 5315 in
2562 5268 2831 5318 senatorio
2858 5282 2904 5320 et
2936 5282 3215 5320 inasronco
3244 5262 3575 5331 splendidio;

1993 5344 2091 5411 rcs_
2125 5334 2318 5387 civium
2373 5334 2648 5411 utriusque
2686 5351 2879 5411 sexus;
2916 5338 3161 5411 populum
3189 5355 3314 5391 vero
3347 5341 3566 5411 presby-

1994 5402 2093 5478 teri
2136 5420 2360 5472 corpore
2408 5404 2617 5459 Domini
2671 5402 3010 5471 reﬁciebant,
3067 5408 3131 5461 iis
3174 5402 3574 5478 auteniqnib'us

1990 5476 2276 5547 cpi~c0pus
2304 5491 2499 5545 corpus
2533 5478 2739 5530 Domini
2775 5479 3065 5530 tradiderat
3092 5480 3312 5535 Calicem
3348 5476 3572 5547 porrige-

1991 5544 2081 5617 bat
2135 5544 2565 5611 archidiaconus,
2603 5550 2808 5617 reliquo
2843 5565 2978 5615 p0pu
3004 5569 3034 5598 ιι
3061 5549 3181 5607 diac
3203 5554 3291 5605 :ni.
3322 5544 3451 5607 Vide
3473 5544 3574 5606 0r-

1989 5614 2163 5695 dinem
2190 5617 2488 5695 Ennianum
2514 5614 2735 5695 tertium
2760 5618 2858 5691 (N.
2900 5614 2961 5695 16
2987 5634 3031 5673 (ι
3054 5638 3157 5686 seq.
3213 5640 3332 5695 pag.
3351 5623 3568 5689 570,60).

2062 5696 2084 5723 ε
2119 5686 2490 5756 Superbiemlo.
2529 5688 2667 5762 Lege
2711 5686 3107 5763 su'perviveitdo.
