4052 6182
247 382 337 440 SOI

959 377 1248 436 MISSA'LE
1290 377 1560 433 MIXTUM
1598 376 1749 433 SEC.
1795 376 1835 429 11

1948 416 1957 431 .
2001 377 2059 430 Π.
2103 378 2377 436 13100111.
2420 415 2488 427 ——
2530 388 2706 445 PARS
2749 392 2788 445 l.

3422 394 3528 447 ευρ.

245 513 356 552 sum
387 495 619 550 adducet
666 508 789 548 cum
829 508 919 548 eo.
974 493 1087 548 lloc
1116 492 1261 548 enim
1305 492 1460 547 vobis
1506 491 1732 545 dicimus
1774 491 1825 545 in
1859 499 1905 554 Λ
2006 492 2116 564 48
2143 495 2558 553 Considerantes
2579 500 2911 557 dilectissimi
2938 503 3128 559 fratres
3153 505 3517 565 beatissimum

248 591 407 643 verbo
437 586 653 643 Domini
681 603 695 639 :
729 590 871 656 quod
902 600 1000 641 nos
1026 584 1114 655 qui
1140 584 1370 639 vivimus
1399 584 1489 653 qui
1514 584 1712 639 residui
1744 597 1835 636 su-
1860 608 1861 611 η

245 700 361 740 mus
409 684 462 738 in
510 682 745 737 adventu
796 680 1045 734 Domini:
1075 696 1184 733 non
1217 679 1591 747 preveniemus
1623 691 1719 730 eos
1745 676 1837 745 qui

243 777 599 832 dormierunt.
640 774 905 840 Quoniam
957 774 1072 839 ipse
1128 771 1386 825 Dominus
1410 769 1462 825 in
1508 771 1657 839 jussu
1683 779 1737 823 et
1782 769 1837 823 in

246 883 376 922 voce
409 866 769 935 Archangeli:
804 874 857 919 et
885 865 938 919 in
968 866 1090 918 tuba
1125 863 1215 917 Dei
1256 861 1546 917 descendet
1572 862 1642 917 de
1680 862 1835 915 celo:

246 969 299 1012 et
334 958 530 1013 mortui
562 957 723 1026 quiin
762 956 980 1011 Christo
1008 964 1131 1010 sunt
1161 963 1443 1025 resurgent
1470 951 1647 1021 primi.
1682 952 1837 1007 Dein-

245 1048 310 1103 de
341 1064 443 1103 nos
472 1048 563 1117 qui
598 1048 868 1102 vivimus:
897 1046 988 1116 qui
1033 1044 1421 1112 relinquimur:
1450 1042 1607 1096 simul
1651 1042 1838 1109 rapie-

254 1156 373 1195 mur
397 1155 523 1195 eum
562 1139 671 1193 illis
724 1139 778 1193 in
830 1138 1059 1191 nubibus
1087 1137 1297 1191 obviam
1339 1133 1560 1189 Christo
1581 1134 1634 1189 in
1661 1148 1784 1188 acra
1820 1150 1834 1187 :

250 1244 299 1286 et
320 1233 401 1287 sic
429 1247 650 1300 semper
669 1247 791 1287 cum
824 1230 1054 1286 Domino
1081 1230 1302 1285 erimus.

332 1325 409 1393 ἢ.
438 1329 633 1380 Amen.

406 1438 584 1493 Lectio
613 1440 781 1493 sancti
823 1439 1073 1504 evangelii
1117 1438 1396 1492 secundum
1432 1437 1691 1491 Joannem

812 1512 860 1578 (³³
890 1508 1018 1579 Cap.
1044 1507 1230 1577 XXI).

332 1606 408 1671 ιι.
442 1602 627 1658 Gloria
650 1603 746 1657 tibi
779 1603 1025 1656 Domine.

318 1697 414 1751 Illo
444 1697 498 1750 in
528 1705 809 1764 tempore:
846 1695 1101 1749 Dominus
1138 1704 1319 1748 noster
1362 1694 1519 1749 Jesus
1546 1691 1789 1748 Christus
1824 1709 1835 1743 :

248 1788 380 1841 dixit
412 1786 617 1840 Simoni
648 1786 846 1840 Petro:
878 1785 1065 1840 Simon
1102 1785 1360 1840 Johannis
1390 1786 1567 1855 diligis
1606 1800 1691 1839 me
1724 1785 1843 1854 plus

1941 581 2243 639 Johannern
2272 589 2571 653 apostolum
2623 593 2764 647 inter
2791 604 3001 650 ceteros
3053 611 3081 648 a
3136 597 3362 651 Domino
3407 598 3523 667 plus

1940 674 2235 729 dilectum:
2285 675 2575 734 offeramus
2625 681 2726 749 ipsi
2775 684 2987 739 Christo
3021 686 3129 740 Deo
3160 696 3213 741 et
3257 688 3520 745 Salvatori

1942 775 2127 819 nostro
2173 767 2460 837 singularis
2490 771 2711 827 victinte
2754 774 2980 829 hostiam
3010 794 3025 831 :
3059 779 3128 833 ob
3159 778 3326 845 ipsius
3352 783 3524 837 sancti

1940 854 2165 923 apostoli
2196 867 2405 912 sacrate
2443 856 2461 895 ί
2495 864 2874 930 assumptiouis
2914 870 3244 923 memoriam.
3280 870 3526 927 Peteotes

1939 944 2009 998 ab
2030 959 2095 999 eo
2120 961 2134 997 :
2170 956 2225 1001 ut
2257 946 2399 1003 hunc
2426 950 2581 1005 nobis
2603 954 2864 1009 concedat
2887 970 3005 1009 esse
3025 968 3303 1024 patronum
3330 978 3341 1014 :
3368 978 3525 1030 quem

1941 1049 2096 1091 suum
2142 1039 2311 1093 voluit
2356 1040 2611 1096 dilectum
2659 1058 2781 1098 esse
2830 1045 3175 1114 discipulum.
3219 1048 3531 1121 Elliciatque

1941 1142 2063 1181 eum
2113 1130 2320 1184 ruentis
2370 1132 2452 1187 evi
2504 1142 3146 1207 sustent:itorem:quem
3178 1140 3259 1193 sui
3304 1144 3537 1208 pectoris

1942 1212 2071 1270 fecit
2114 1219 2368 1273 rccubam
2419 1236 2561 1277 esse.
2606 1223 2912 1280 Exaudiens
2951 1226 3096 1282 illum
3144 1243 3239 1296 pro
3279 1231 3535 1287 membris

1944 1308 2107 1363 totius
2126 1309 2379 1364 Ecclesia:
2398 1327 2412 1365 :
2441 1326 2596 1380 quem
2616 1316 2802 1369 matris
2817 1331 2916 1371 sue
2935 1317 3100 1372 voluit
3114 1333 3295 1374 curam
3311 1320 3530 1378 habere.

2030 1399 2105 1461 ἢ.
2135 1403 2328 1454 Amen.

2016 1493 2137 1545 Alia
2170 1493 2371 1546 Oratio.
2403 1492 2594 1550 Ceuite
2624 1496 2845 1565 ingeniei
2878 1499 3019 1552 lilius
3055 1500 3147 1554 Dei
3174 1494 3369 1556 summi
3396 1522 3410 1555 :
3444 1507 3534 1572 qui

1944 1599 2158 1639 sacrum
2194 1586 2321 1638 illud
2368 1587 2662 1641 archauum
2714 1591 2945 1656 pectoris
2976 1592 3047 1644 tui
3090 1591 3287 1647 dilecto
3317 1602 3407 1649 tuo
3437 1596 3533 1649 lo-

1948 1676 2108 1731 hanni
2142 1678 2387 1742 apostolo
2428 1677 2720 1732 reserasti:
2748 1694 2869 1735 cum
2905 1681 2959 1734 in
2994 1682 3114 1735 sinu
3154 1690 3248 1737 tuo
3274 1683 3537 1738 recubans

1948 1769 2205 1839 evangelii
2243 1771 2320 1822 sui
2362 1769 2560 1824 ﬂuenta
2603 1786 2670 1825 ex
2715 1772 2830 1840 ipso
2861 1772 3089 1840 pectoris
3118 1773 3199 1829 sui
3228 1773 3373 1829 fonte
3406 1777 3510 1830 hau

246 1882 361 1935 his?
394 1881 533 1936 Dicit
570 1882 640 1934 ei.
689 1879 863 1935 Etiam
896 1880 1157 1934 Domine:
1192 1889 1247 1933 ιιι
1298 1882 1402 1934 scis
1440 1854 1561 1949 quia
1600 1894 1724 1932 amo
1766 1888 1836 1933 te.

1952 1860 2043 1914 riri
2077 1860 2387 1928 promet-uit.
2430 1860 2509 1915 Tu
2551 1877 2649 1916 nos
2680 1862 2889 1917 intuere
2932 1864 3240 1932 propicius:
3276 1875 3330 1920 ιιι
3364 1882 3457 1934 per
3486 1877 3538 1923 te

248 1974 380 2029 Dicit
406 1974 481 2027 ei.
524 1973 690 2029 Pasce
730 1986 896 2041 agnos
933 1986 1107 2027 meos.
1153 1972 1292 2026 Dicit
1320 1974 1369 2025 ei
1406 1973 1621 2026 iterum.
1654 1969 1849 2024 Simon,

243 2061 506 2117 Johannis
537 2062 713 2133 diligis
735 2062 860 2117 me?
902 2062 971 2116 At
997 2062 1086 2117 ille
1112 2077 1126 2115 :
1158 2062 1321 2117 etiam
1355 2062 1615 2116 Domine:
1650 2070 1703 2114 tu
1732 2060 1841 2115 scis

243 2155 365 2224 quia
404 2169 530 2207 amo
553 2165 623 2208 te.
667 2154 807 2208 Dicit
844 2154 916 2209 ei.
959 2152 1126 2209 Pasce
1174 2168 1344 2224 agnos
1392 2169 1563 2206 meos.
1618 2152 1755 2207 Dicit
1792 2153 1840 2206 ei

243 2244 426 2298 tertio.
462 2244 650 2299 Simon
674 2243 941 2299 Johannis
969 2260 1119 2299 amas
1142 2258 1249 2300 me.
1282 2244 1351 2298 Et
1372 2243 1503 2298 dicit
1533 2244 1581 2297 ei
1609 2260 1624 2297 :
1658 2243 1840 2296 Domi-

244 2351 348 2391 ne:
386 2348 445 2389 tn
476 2336 655 2393 omnia
702 2337 883 2390 nosti:
919 2346 972 2390 tu
1014 2337 1122 2392 scis
1152 2336 1278 2406 quia
1321 2349 1444 2389 amo
1486 2346 1556 2389 te.
1604 2335 1740 2389 Dicit
1767 2334 1838 2388 ei.

248 2428 415 2483 Pasce
450 2443 583 2483 oves
617 2442 786 2482 meas.
837 2428 1007 2482 Amen
1033 2443 1192 2483 amen
1223 2427 1344 2481 dico
1379 2426 1470 2481 tibi
1500 2445 1512 2479 :
1542 2442 1664 2483 cum
1693 2440 1843 2481 esses

245 2520 431 2590 iunior
458 2522 713 2590 cingebas
743 2532 832 2576 te:
865 2529 922 2574 et
947 2519 975 2559 ι)
1008 2521 1125 2576 ibas
1154 2520 1243 2575 ubi
1276 2520 1495 2575 volebas
1523 2537 1538 2574 :
1580 2534 1702 2574 cum
1745 2532 1843 2571 au-

248 2621 357 2667 tem
387 2612 636 2668 senueris
663 2629 677 2665 :
707 2612 973 2666 extendes
1006 2625 1197 2666 manus
1224 2618 1344 2665 tuas
1369 2627 1383 2663 :
1408 2618 1463 2665 et
1488 2610 1624 2663 alius
1655 2619 1707 2664 te
1726 2607 1843 2663 ein-

249 2713 370 2773 get:
404 2714 463 2758 ct
491 2703 652 2758 ducet
680 2718 786 2772 quo
816 2713 870 2756 tu
916 2716 1023 2757 non
1052 2703 1171 2757 vis:
1203 2700 1308 2756 hoc
1349 2710 1525 2754 autem
1558 2700 1693 2753 dixit
1724 2716 1735 2752 :
1769 2700 1842 2753 si-

247 2794 507 2862 gniﬁcans
532 2809 637 2864 qua
684 2802 855 2849 morte
905 2794 1295 2856 clariﬁcaturus
1335 2802 1479 2847 esset
1529 2792 1714 2846 Deum.
1778 2790 1845 2844 Et

251 2886 351 2941 hoc
376 2901 503 2941 cum
530 2885 792 2941 dixisset:
837 2884 974 2941 dixit
998 2885 1073 2941 ei.
1120 2885 1361 2955 Sequere
1397 2900 1502 2941 me.
1535 2884 1844 2940 Conversus

254 2974 450 3031 Petrus
478 2977 616 3031 vidit
661 2975 810 3032 illum
860 2976 1177 3047 discipulum
1208 2992 1365 3046 quem
1398 2975 1655 3045 diligebat
1687 2974 1845 3031 Jesus

251 3076 609 3138 sequentem:
652 3070 744 3139 qui
792 3079 847 3125 et
888 3070 1134 3126 recubuit
1183 3071 1235 3126 in
1285 3085 1418 3125 cena
1465 3085 1627 3140 super
1658 3078 1846 3141 pectus

248 3163 365 3233 eius
394 3174 447 3231 ε,
476 3173 531 3220 et
576 3162 735 3219 dixit.
784 3163 1043 3219 Domine:
1077 3164 1162 3219 hic
1209 3174 1386 3219 autem
1438 3163 1606 3233 quid?
1636 3163 1845 3220 Dicitei

1944 1952 2123 2006 abdita
2150 1966 2540 2021 cognoscamus
2564 1970 2575 2005 :
2611 1967 2705 2022 per
2735 1965 2786 2008 te
2817 1953 2952 2007 bona
2977 1968 3081 2024 que
3110 1953 3388 2011 manifesta
3414 1968 3539 2011 sunt

1945 2044 2281 2113 impleamus.
2353 2044 2617 2099 Itescrans
2665 2046 2819 2101 nobis
2870 2048 3102 2117 pectoris
3150 2049 3224 2103 tui
3278 2063 3357 2103 oet
3378 2051 3535 2103 ulta:

1944 2136 2135 2204 quibus
2177 2136 2446 2204 possimus
2491 2152 2851 2208 ceguoscere:
2881 2148 2937 2195 et
2982 2140 3306 2196 conditionis
3354 2152 3539 2197 nosne

1946 2226 2348 2281 inﬁrmitatem:
2379 2237 2434 2282 et
2468 2228 2534 2280 ad
2576 2239 2665 2283 tue
2703 2229 3000 2286 divinitatis
3040 2232 3325 2303 pervenire
3354 2232 3537 2303 cogni-

1947 2320 2166 2375 tionem.
2208 2318 2553 2375 Manilestans
2596 2320 2666 2376 de
2716 2329 2769 2376 te
2809 2321 2936 2391 quid
2983 2337 3265 2380 amemus:
3299 2324 3540 2380 indicans

1945 2408 2017 2486 de
2043 2409 2200 2464 nobis
2231 2410 2357 2477 quid
2385 2410 2739 2480 corrigamus.
2791 2413 2910 2478 Quo
2937 2412 3095 2482 hujus
3122 2414 3300 2470 dilecti
3331 2416 3405 2471 tui
3437 2414 3538 2470 sul-

1945 2499 2130 2569 l‘ragiis
2155 2517 2168 2553 :
2195 2501 2430 2555 moribus
2455 2500 2654 2556 nostris
2682 2501 2735 2555 in
2763 2502 2953 2557 melius
2974 2506 3317 2559 commutatis
3342 2522 3355 2559 :
3386 2506 3540 2560 aulu-

1943 2591 2055 2661 giat
2104 2592 2273 2661 pestis
2315 2609 2328 2644 :
2388 2592 2658 2665 dispereat
2702 2594 2974 2664 languor:
3029 2597 3258 2666 pellatur
3312 2613 3535 2654 mucro:

1947 2683 2200 2754 quicquid
2239 2682 2521 2739 adversum
2544 2693 2628 2740 cst
2651 2685 2775 2742 ﬁdei
2799 2686 3088 2743 christiano
3114 2688 3366 2744 intereat:
3391 2691 3538 2759 quic-

1949 2773 2077 2844 quid
2109 2788 2423 2844 prosperum
2450 2790 2466 2828 :
2496 2774 2861 2832 convalescat.
2888 2780 3185 2833 Arceantur
3213 2778 3421 2833 fames:
3454 2794 3539 2834 sc-

1946 2864 2141 2920 dentur
2170 2865 2331 2921 lites:
2363 2867 2615 2922 hcresum
2646 2867 3005 2923 obtrudantur
3030 2866 3288 2925 fautores.
3333 2869 3539 2925 Fecun-

1947 2958 2105 3012 detur
2151 2956 2391 3029 frugibus
2448 2968 2627 3013 terra:
2681 2961 2936 3015 vestiatur
2980 2960 3263 3017 virtutibus
3314 2962 3538 3017 anima:

1948 3060 2111 3120 atque
2156 3059 2353 3107 cuncta
2397 3050 2553 3106 nobis
2601 3051 2653 3105 in
2700 3066 2987 3109 commune
3025 3054 3339 3123 proveniant
3375 3053 3534 3109 bona.

1947 3143 2065 3211 Quo
2096 3143 2189 3199 tibi
2230 3143 2343 3199 Deo
2392 3154 2577 3200 nostro
2616 3145 2845 3200 ﬁdeliter
2873 3148 3171 3202 servientes
3196 3163 3211 3211 ;
3237 3157 3292 3203 et
3317 3148 3399 3203 his
3423 3149 3539 3203 sine

250 3256 404 3313 Jesus
431 3274 447 3310 :
477 3256 558 3312 sic
580 3271 704 3311 eum
736 3256 857 3310 volo
881 3271 1103 3312 manere
1126 3257 1298 3311 donec
1320 3256 1554 3310 veniam.
1607 3255 1743 3323 Quid
1773 3256 1840 3310 ad

1950 3243 2171 3304 peccato
2221 3246 2435 3290 utamur
2479 3236 2791 3291 concessis:
2824 3249 2877 3291 et
2906 3247 3028 3307 post
3067 3237 3274 3293 deliciis
3303 3239 3539 3295 l‘ruamur

248 3346 334 3403 te?
363 3347 445 3403 Tu
478 3362 565 3404 me
594 3362 842 3417 sequere.
882 3348 1061 3403 Exivit
1088 3364 1216 3419 ergo
1237 3364 1417 3404 sermo
1441 3349 1544 3404 iste
1573 3350 1713 3404 inter
1741 3349 1846 3402 fra—

253 3446 404 3494 tres:
434 3440 562 3508 quia
595 3439 889 3510 discipulus
917 3439 1007 3495 ille
1054 3457 1157 3495 non
1195 3440 1458 3495 moritur:
1490 3448 1546 3494 et
1582 3455 1688 3494 non
1715 3439 1849 3495 dixit

248 3526 407 3584 Jesus
442 3547 456 3582 :
492 3545 600 3585 non
630 3532 860 3588 moritur
888 3548 902 3586 :
945 3532 1039 3587 sed
1089 3532 1169 3587 sic
1196 3548 1319 3587 eum
1343 3532 1466 3588 volo
1492 3546 1713 3588 manere
1742 3532 1845 3586 do-

252 3635 351 3676 nec
382 3622 601 3676 veniam
628 3638 645 3677 :
677 3623 805 3691 quid
836 3623 900 3677 ad
948 3624 1038 3678 te?
1071 3624 1172 3680 llic
1211 3634 1294 3679 est
1320 3624 1615 3692 discipulus
1644 3623 1732 3693 qui
1763 3632 1845 3676 te-

256 3713 576 3767 stimonium
607 3713 855 3782 perhibet
895 3712 965 3768 de
996 3713 1115 3768 his:
1157 3724 1209 3769 et
1237 3715 1325 3784 qui
1355 3714 1571 3783 scripsit
1598 3713 1718 3769 hec.
1779 3712 1849 3766 Et

252 3808 453 3862 scimus
480 3806 607 3874 quia
630 3822 819 3862 verum
853 3819 933 3863 est
960 3807 1327 3863 testimonium
1356 3807 1496 3878 ejus.

335 3898 374 3954 l‘s
396 3938 411 3952 .
443 3897 642 3953 Amen.

315 3983 346 4025 ἀ
373 3987 583 4043 Lauda.
610 3988 858 4060 Alleluia.
908 3991 942 4060 ᾗ
966 4029 982 4045 .
1015 3990 1157 4047 Deus
1194 4006 1344 4046 meus
1381 4006 1440 4046 es
1470 4000 1525 4045 tu
1553 4010 1563 4044 :
1595 4000 1649 4046 et
1679 3993 1845 4045 conli-

252 4080 399 4134 tebor
430 4080 526 4135 tibi
551 4098 565 4134 :
603 4080 742 4136 Deus
764 4095 914 4137 meus
934 4097 992 4138 es
1014 4090 1067 4137 tu
1093 4100 1105 4135 :
1147 4090 1203 4137 et
1223 4081 1472 4137 exaltabo
1498 4091 1569 4137 te.
1612 4080 1677 4134 Ρ.
1704 4081 1850 4136 Alle-

253 4167 379 4240 luja.
405 4169 669 4241 Adjuvate
698 4188 784 4229 me
813 4174 1025 4230 fratres.

330 4270 355 4297 ⁸
390 4261 745 4329 Sacriﬁcium.
776 4264 964 4321 Omnis
1001 4268 1089 4333 qui
1132 4281 1217 4321 me
1258 4266 1539 4320 confessus
1569 4264 1726 4323 luerit
1757 4278 1849 4318 co-

254 4364 368 4403 ram
396 4351 705 4409 hominibus
735 4355 863 4410 dicit
906 4356 1195 4412 Dominus:
1240 4358 1537 4411 conlitebor
1582 4369 1704 4411 eum
1747 4368 1845 4407 co-

257 4458 371 4499 ram
401 4446 561 4501 Patre
591 4462 715 4504 meo
744 4449 992 4518 alleluia:
1046 4450 1077 4518 ᾗ
1104 4490 1119 4506 .
1160 4450 1223 4503 Ει
1250 4449 1575 4518 quicumque
1603 4446 1850 4516 perdide-

249 4532 321 4590 rit
345 4538 582 4593 animam
608 4553 760 4594 suam
792 4548 1015 4610 propter
1040 4557 1125 4595 me
1150 4557 1163 4593 :
1211 4541 1263 4595 in
1293 4541 1455 4593 vitam
1487 4550 1729 4594 eternam
1761 4540 1847 4591 in-

249 4628 431 4684 veniet
450 4644 592 4685 eam.
624 4629 690 4685 P.
723 4630 1049 4687 Conlitebor.

320 4719 509 4777 Missa.
534 4722 688 4777 Dicat
716 4722 894 4778 Presb.
930 4724 1185 4777 Dominus
1204 4722 1277 4776 sit
1295 4736 1507 4791 semper
1536 4720 1837 4779 vobiscum.

258 4808 300 4879 ἡ
318 4848 337 4867 .
371 4812 439 4868 Et
464 4827 585 4867 cum
618 4814 829 4884 spiritu.

314 4981 345 5012 ι
369 4970 502 5041 Cap.
553 4969 713 5024 XXI.
750 4970 903 5025 Vers.
949 4967 1172 5041 15-24.
1220 4970 1273 5041 ln
1306 4969 1630 5025 Luxoviensi
1659 4971 1839 5027 Evan-

278 5040 455 5097 etiam
484 5042 557 5095 de
581 5052 766 5095 sancto
803 5042 983 5096 Marco
1028 5040 1180 5111 (Cap.
1216 5040 1272 5111 ιι)
1296 5042 1619 5094 desumitur.
1654 5042 1712 5097 in
1747 5044 1847 5097 Bo-

278 5058 446 5097 enum
484 5058 557 5095 oe
581 5058 766 5095 sancto
803 5058 983 5096 marco
1028 5058 1180 5111 (Cap.
1216 5058 1272 5111 ιι)
1296 5058 1619 5094 oesumuur.
1654 5058 1712 5097 in
1747 5058 1834 5097 uol

242 5058 421 5168 ﬁiensi
467 5112 906 5167 Sacramentario
934 5112 1002 5166 de
1049 5119 1239 5164 sancto
1267 5111 1519 5165 Matthaao
1551 5111 1705 5182 (Cap.
1743 5130 1834 5179 xx,

239 5184 501 5239 20-24).
1000 5216 1005 5221 -

312 5213 358 5292 δ’
550 5251 732 5321 Vulg.,
765 5216 1087 5305 ambulabas.

315 5337 339 5364 ε
375 5324 444 5377 Et
482 5324 638 5377 dixit.
666 5320 721 5379 lu
754 5324 977 5391 Vulgata
1005 5322 1168 5377 etGr.
1193 5323 1271 5375 sic
1306 5321 1500 5390 legitur
1527 5340 1537 5373 :
1576 5320 1642 5374 Et
1674 5323 1830 5391 dixit,

242 5392 374 5457 Quis
408 5405 487 5465 est
509 5396 609 5465 qui
628 5395 794 5448 tradet
812 5397 900 5447 te?
925 5394 1083 5448 Hunc
1109 5410 1229 5465 ergo
1254 5410 1371 5465 (tum
1396 5394 1599 5447 vidisset
1624 5393 1831 5458 Petrus,

240 5464 514 5534 disitJesu
538 5479 558 5517 :
580 5463 822 5527 Domine,
842 5465 925 5518 hic
952 5475 1145 5533 autem,
1169 5463 1297 5534 quid
1311 5465 1335 5517 ?

309 5532 338 5571 δ
368 5535 574 5588 Lauda.
610 5536 702 5590 Ps.
728 5550 893 5601 cxvn,
916 5534 1008 5588 9.8.

239 5614 339 5729 263
367 5606 721 5673 Sacriﬁcium.
752 5606 1009 5670 Matth.x,
1043 5604 1132 5660 32.
1170 5606 1203 5673 ᾖ
1239 5605 1394 5669 Ibid.,
1426 5604 1514 5668 39;
1545 5604 1703 5660 Joan.
1736 5621 1831 5673 xtl,

317 5747 335 5782 ¹
372 5748 777 5815 Assumptionis.
839 5747 1118 5801 Transitus
1154 5748 1323 5801 sancti
1354 5747 1578 5802 Joannis
1601 5748 1830 5812 apostoli

238 5830 294 5869 tn
326 5818 631 5887 Menologio
659 5817 834 5871 Basilii
866 5820 898 5876 ri
924 5820 1268 5887 μετάστασις,
1294 5819 1593 5883 translatio;
1630 5818 1682 5871 in
1701 5818 1831 5871 Mar-

538 5912 814 5975 ΡΑι-ιιοι.
860 5912 1185 5973 LXXXV.

1947 3334 2133 3381 eterne
2159 3326 2535 3395 possessionis.

2036 3415 2075 3482 ἡ
2094 3454 2113 3471 .
2144 3417 2341 3472 Amen.

2027 3510 2151 3566 Post
2174 3514 2409 3567 nomina.
2446 3512 2649 3569 Oratio.
2675 3514 2802 3569 Jesu
2830 3514 2946 3569 Rex
2980 3523 3161 3569 noster
3190 3524 3244 3569 et
3271 3515 3495 3571 Domine
3523 3535 3536 3571 :

1948 3601 2039 3671 qui
2084 3618 2144 3658 es
2174 3604 2278 3658 vita
2308 3605 2609 3661 mortalium
2634 3623 2647 3659 :
2684 3615 2737 3662 ttt
2766 3622 2891 3677 spes
2915 3609 3069 3664 unica
3098 3608 3530 3678 redemptorum:

1953 3696 2165 3765 suscipe
2196 3696 2298 3751 hoc
2324 3698 2643 3752 sacriﬁcium
2678 3698 2822 3769 quod
2848 3700 2941 3753 tibi
2969 3699 3021 3754 in
3057 3700 3313 3755 honorem
3341 3699 3539 3756 Johan.

1951 3784 2035 3840 nis
2065 3788 2295 3855 apostoli
2328 3788 2405 3842 tui
2437 3790 2794 3846 dedicandum
2826 3791 3085 3846 olTertur:
3123 3806 3185 3847 ac
3212 3803 3388 3863 prcsta
3417 3810 3538 3864 pro-

1950 3879 2157 3949 picius:
2191 3889 2248 3934 ut
2275 3880 2413 3935 sicut
2443 3883 2568 3937 olim
2622 3885 2765 3940 idem
2813 3884 3041 3941 dilectus
3074 3893 3193 3941 tuus
3223 3889 3457 3956 presenti
3486 3889 3538 3943 in

1950 3972 2136 4027 seculo
2174 3972 2749 4043 degens:exanimata
2797 3993 3027 4046 corpora
3079 3981 3352 4035 revocavit
3398 3991 3423 4030 Β
3475 3983 3540 4038 ad

1951 4063 2111 4118 vitam
2141 4082 2153 4119 :
2186 4066 2257 4119 ita
2289 4079 2428 4119 nunc
2457 4065 2711 4133 sull'ragio
2738 4082 2874 4123 suo:
2905 4078 2959 4122 et
2999 4070 3287 4125 viventium
3320 4079 3538 4139 torpen-

1950 4166 2031 4213 tes
2077 4158 2283 4213 animas
2332 4158 2587 4227 suscipiat
2628 4158 2695 4212 ad
2741 4159 2990 4213 virtutem
3028 4168 3127 4214 :et
3163 4160 3539 4217 defunctorum

1950 4250 2169 4320 spiritus
2200 4250 2387 4305 liberet
2430 4265 2462 4304 a
2512 4251 2684 4319 penali
2720 4250 3051 4306 conditione.
3112 4252 3228 4319 Quo
3258 4269 3353 4322 per
3380 4254 3537 4308 istum

1951 4356 1979 4394 a
2011 4350 2063 4395 te
2095 4341 2236 4396 Deus
2268 4352 2375 4395 tam
2420 4341 2524 4396 vivi
2575 4355 2734 4411 quam
2780 4340 3016 4397 defuncti
3046 4344 3278 4412 speciale
3316 4358 3376 4398 se
3403 4360 3537 4414 gau-

1951 4432 2408 4489 deautinvenisse
2432 4433 2727 4489 remedium
2754 4451 2767 4489 :
2794 4448 2952 4503 quem
2992 4448 3210 4489 manere
3264 4435 3535 4504 predixisti

1950 4521 2125 4577 donec
2151 4522 2333 4577 venias
2364 4523 2752 4592 incorruptum.

1873 4603 1928 4662 D
2035 4614 2074 4682 ἡ
2096 4651 2109 4666 .
2142 4616 2337 4668 Amen.

2016 4720 2098 4773 Ad
2132 4736 2329 4788 pacem.
2381 4720 2635 4775 Novimus
2687 4720 2914 4777 Domine
2944 4721 3084 4792 quod
3129 4737 3225 4790 pax
3261 4723 3425 4778 multa
3467 4725 3536 4779 sit

1944 4811 2290 4882 diligentibus
2323 4827 2517 4867 nomen
2569 4822 2714 4866 tuum
2744 4830 2755 4864 :
2791 4828 2963 4880 neque
2991 4813 3059 4866 sit
3086 4812 3138 4867 in
3180 4812 3284 4867 illis
3310 4816 3533 4869 scanda-

1949 4973 2216 5039 tyrologio
2262 4970 2486 5025 Lucensi
2532 4970 2868 5036 Florentiuii,
2917 4971 3227 5027 Corbeiensi
3262 4974 3529 5038 Darlierii,

1995 5043 2279 5104 ellonensi,
2337 5042 2591 5094 Vaticano
2642 5043 2863 5109 praeﬁxo
2902 5042 3329 5097 Sacramentario
3357 5049 3527 5099 sancti

1948 5113 2213 5181 Gregorii,
2269 5116 2321 5166 in
2343 5111 2615 5175 Fuldensi,
2647 5121 2702 5181 et
2730 5112 3089 5166 Ottoboniano
3117 5114 3353 5180 Georgii,
3386 5124 3438 5167 et
3470 5118 3519 5168 in

1944 5180 2081 5239 aliis
2117 5183 2409 5251 Assumptia
2451 5184 2613 5235 sancti
2660 5180 2883 5236 Joannis
2926 5182 3163 5244 dicitur;
3224 5199 3382 5253 quem
3442 5186 3519 5238 lo-

1944 5256 2139 5323 quendi
2172 5256 2389 5308 modum
2420 5254 2472 5307 in
2508 5254 2756 5324 Hispania
2788 5264 3058 5324 receptum
3084 5255 3244 5307 tuisse
3270 5255 3523 5324 colligere

1946 5326 2067 5381 licet
2092 5342 2155 5381 ex
2190 5326 2489 5393 fragmento
2516 5323 2894 5393 chronologico
2924 5323 3063 5391 quod
3092 5338 3159 5376 ex
3200 5323 3523 5381 Kalendario

1946 5397 2184 5464 Hispano
2237 5398 2576 5465 desumptnm
2617 5394 2781 5449 edidit
2802 5395 2870 5447 cl.
2900 5394 3220 5465 hluratorius
3248 5394 3421 5465 (Tom.
3457 5396 3516 5450 11

1948 5463 2144 5534 Script.
2177 5484 2297 5537 rora
2324 5464 2473 5531 Ital.,
2523 5475 2658 5534 part.
2706 5479 2767 5537 tt,
2792 5480 2911 5533 pag.
2944 5463 3128 5531 1⁸024).
3153 5463 3470 5537 ubi‘legitur
3505 5486 3520 5523 :

1948 5537 2086 5592 xEra
2117 5540 2236 5603 l38,
2264 5536 2493 5589 Joannes
2512 5535 2816 5605 evangelista
2842 5545 3133 5606 assumptus
3154 5548 3247 5591 est.

2016 5619 2041 5657 s
2076 5608 2375 5679 Adfuitam.
2423 5606 2753 5679 Apollonius,
2786 5605 2950 5679 (apud
2980 5606 3280 5679 Eusebium
3308 5606 3449 5679 (Lib.
3486 5624 3517 5659 v

1944 5678 2369 5737 llistor.Eccles..
2402 5692 2516 5745 cap.
2549 5675 2634 5741 l7,
2664 5681 2736 5731 al.
2774 5677 2864 5745 l8)
2889 5677 3074 5733 scribit
3104 5675 3516 5736 sanctuthoan-

1943 5769 2063 5807 nctn
2099 5745 2291 5820 Ephesi
2318 5756 2581 5801 mortuum
2610 5748 2919 5804 suseitasse.

2974 5906 3013 5964 ’ἵ
