4052 6182
542 244 649 299 ξοδ

542 360 649 411 lum
697 374 708 408 :
755 355 910 409 sicuti
972 353 1197 407 fatemur
1250 351 1417 404 fuisse
1472 352 1767 407 Joliauucm
1827 354 2123 420 apostolum

1286 240 1566 297 MISSALE
1608 240 1878 298 MIXTUM
1922 240 2072 297 SEC.
2119 242 2277 299 ΠΕΟ.
2326 242 2384 297 Β.
2430 243 2699 300 lSlDORl.
2733 273 2801 286 ——-
2844 242 3017 298 PARS
3057 241 3097 296 1.

3705 238 3810 291 201

2303 351 2426 405 Post
2460 355 2703 407 Sanctus.
2736 354 2871 407 Vere
2906 362 3121 407 sanctus
3166 368 3179 404 :
3214 365 3338 405 vere
3371 352 3486 419 pius
3524 367 3536 403 :
3573 366 3699 404 vere
3731 352 3811 402 iu-

526 460 732 503 tuum:
776 446 864 513 qui
911 445 976 499 de
1024 442 1256 511 pectoris
1299 444 1371 496 tui
1415 444 1649 497 art-hane
1686 444 1891 499 vividos
1919 445 2125 499 alterne
2158 414 2199 473 Α
2229 443 2601 497 estimahiliter
2628 444 2894 512 gloriosus
2938 442 3197 496 Dominus
3241 449 3422 495 noster
3452 440 3605 494 Jcsus
3646 439 3813 493 Chri-

542 536 844 592 diiectionis
891 534 1095 587 rivulos
1140 533 1392 587 hauriens
1424 535 1664 603 predicat
1691 549 1875 589 omnes
1903 536 1953 587 in
1981 551 2127 589 com-

528 640 740 680 .mune:
788 640 892 677 non
942 624 1116 677 solum
1170 638 1416 677 sermone
1462 624 1843 693 diligerezsed
1882 640 2043 694 opere
2073 634 2128 678 et

543 720 795 775 veritate.
834 716 1001 784 Cujus
1050 714 1283 770 veridica
1316 717 1553 785 prerepti
1591 718 1867 772 sanctione
1892 734 2125 772 commo-

541 810 636 863 niti
669 826 681 862 :
717 819 768 862 te
797 819 822 844 ιι
856 808 1171 877 simpliciter
1217 821 1507 875 quesumus
1559 808 1628 860 fili
1682 808 1813 863 Dei:
1849 816 1906 862 ut
1933 822 1994 862 ea
2028 823 2125 861 nos

539 901 703 954 facias
747 899 969 967 implere
1014 912 1117 967 que
1163 899 1444 965 predicat:
1497 914 1559 953 ea
1602 900 1669 954 de
1719 910 1770 956 te
1795 905 1994 956 sentire
2020 917 2124 971 quc

544 995 656 1062 ipse
685 994 886 1048 sentit:
918 1006 981 1046 ea
1012 992 1242 1045 veritate
1286 1000 1340 1044 et
1374 1002 1425 1044 te
1471 991 1732 1059 diligere:
1762 1004 1814 1047 et
1842 1009 1874 1048 a
1905 1005 1957 1049 te
1979 996 2123 1063 diligi

534 1099 883 1163 n’iercainur:
918 1097 1019 1151 qua
1068 1082 1183 1151 ipse
1217 1082 1298 1135 vel
1332 1093 1385 1135 te
1418 1082 1638 1136 dilexit:
1671 1085 1751 1138 vel
1782 1098 1811 1137 a
1844 1094 1894 1138 te
1918 1096 2124 1138 constat

538 1190 657 1229 esse
687 1175 933 1230 dilectus.
974 1173 1044 1229 Ut
1088 1173 1140 1226 in
1185 1188 1315 1241 pace
1343 1175 1619 1228 viventes:
1651 1185 1704 1230 et
1730 1176 1873 1242 pacis
1900 1177 2122 1244 gloriam

543 1267 965 1336 amplectentes:
995 1266 1059 1319 ad
1092 1276 1141 1319 te
1165 1266 1537 1333 perveniamus
1570 1266 1824 1320 fructibus
1860 1267 2000 1335 pleni
2031 1282 2124 1335 pa-

537 1358 613 1413 cis
639 1375 649 1411 :
680 1367 734 1412 et
760 1357 909 1424 copia
943 1356 1345 1411 benedictionis.

623 1448 662 1515 ιῆ
684 1488 697 1502 .
728 1449 921 1502 Amen.

615 1537 828 1594 lutatio.
855 1539 1078 1608 Dignum
1110 1550 1161 1593 et
1204 1538 1405 1609 justum
1446 1548 1531 1594 est
1567 1540 1911 1609 omn’potens
1941 1540 2081 1595 Deus
2109 1559 2120 1593 :

534 1630 633 1686 tibi
664 1632 716 1686 in
748 1629 998 1685 omnibus
1044 1646 1107 1684 ac
1153 1646 1248 1699 pro
1290 1630 1538 1685 omnibus
1571 1643 1879 1685 sanctorum
1914 1642 2123 1686 tuorum

536 1721 781 1777 meritis:
815 1736 878 1775 ex
928 1722 1032 1776 tuis
1079 1722 1280 1776 scilicet
1331 1720 1487 1774 donis
1536 1731 1787 1788 quantum
1845 1737 2125 1790 possumus
2159 1760 2201 1817 Β

543 1826 761 1881 semper
794 1825 951 1880 agere
991 1811 1228 1879 gratias:
1282 1819 1503 1877 tuasque
1551 1813 1826 1877 predicare
1875 1812 2119 1867 virtutes.

540 1906 641 1973 Qui
674 1905 917 1960 excelsus
943 1902 1162 1958 humilia
1196 1904 1455 1971 respicis:
1484 1914 1539 1958 et
1581 1903 1783 1957 attollis
1806 1904 2037 1959 humiles
2069 1905 2121 1959 in

536 1996 791 2052 excelsis.
830 1994 929 2062 Qui
984 1993 1140 2049 nobis
1187 2003 1304 2059 post
1347 1993 1830 2050 manifestationem
1876 1996 1929 2050 in
1960 2011 2124 2051 carne

521 2087 895 2155 tredemptoris
926 2085 1094 2140 nostri
1125 2083 1338 2139 Domini
1382 2084 1509 2140 Jesu
1551 2083 1749 2140 Christi
1778 2086 2074 2143 Salvatoris
2106 2106 2121 2144 :

528 2182 693 2238 cverbi
727 2179 1127 2250 predicatores:
1158 2192 1327 2235 censu
1359 2192 1652 2247 pauperes:
1691 2178 1895 2249 Spiritu
1926 2180 2124 2235 Sancto

530 2273 874 2343 locupletes:
908 2272 1179 2340 apostolos
1224 2269 1620 2338 predestinasti.
1664 2269 1808 2325 Inter
1838 2285 1972 2340 quos
2004 2271 2122 2342 glo-

524 2364 867 2421 riosissimus
915 2362 1255 2432 Evangelista
1304 2362 1577 2417 Johannes
1619 2362 1863 2418 doctrina
1911 2366 2127 2431 vitaque

516 2460 765 2531 insignis
806 2459 1032 2513 multum
1072 2458 1336 2513 emicuit:
1371 2457 1461 2526 qui
1512 2458 1565 2511 in
1611 2457 1831 2511 exordio
1859 2459 2123 2528 evangelii

530 2553 619 2607 sui
666 2552 718 2607 in
746 2550 1006 2622 principio
1050 2548 1269 2603 verbum
1321 2557 1469 2605 tuum
1515 2548 1654 2614 apud
1703 2558 1757 2602 te
1808 2548 1972 2603 Deum
2005 2564 2128 2604 esse

528 2659 757 2713 semper
795 2643 997 2699 docuit.
1060 2640 1158 2695 Cui
1206 2640 1458 2695 Dominus
1499 2640 1608 2708 jam
1656 2640 1939 2695 crucifixus
1968 2656 2125 2710 quem

541 2734 769 2787 celihetn
815 2732 1104 2801 elegerat:
1156 2738 1379 2784 matrem
1425 2744 1576 2784 suam
1626 2730 1881 2800 virginem
1917 2730 1940 2768 δ
1975 2746 2126 2786 com-

524 2823 855 2889 mendavit,
888 2823 1047 2892 eique
1097 2821 1426 2877 revelatione
1472 2819 1690 2875 mirifica
1733 2823 1857 2891 quid
1898 2839 1989 2895 my
2024 2825 2126 2878 tice

540 2919 765 2971 doceret
804 2914 1056 2969 ostendit.
1116 2915 1286 2981 Quem
1317 2914 1434 2967 sine
1458 2913 1716 2968 effusione
1743 2915 2016 2985 sanguinis
2045 2915 2128 2970 cf-

546 3007 732 3061 tieiens
762 3005 1051 3076 gloriosum
1087 3018 1254 3074 usque
1280 3004 1345 3057 ad
1384 3005 1674 3058 adventum
1710 3020 1822 3058 sua:
1865 3005 2124 3059 claritatis

2228 546 2341 587 stus
2375 535 2514 588 filius
2549 545 2688 588 tutis.
2725 532 2750 571 ⁸
2783 536 2882 599 Qui
2931 533 3318 602 profluentihus
3370 548 3436 588 ex
3475 543 3661 587 ventre
3708 548 3810 586 suo

2228 627 2542 681 fluminibus
2576 627 2975 681 rccunibcnti-m
2999 630 3048 679 in
3070 626 3193 680 sinu
3214 640 3310 679 suo
3335 624 3587 679 dilectum
3610 624 3810 678 Johan-

2231 735 2352 771 nem
2387 721 2464 772 sic
2515 720 2752 787 irrigavit
2783 737 2796 773 :
2833 720 2911 773 sic
2942 720 3161 774 docuit:
3193 721 3271 774 sic
3296 720 3582 785 .replevit:
3624 731 3681 771 ut
3717 734 3811 772 cor
3871 734 3874 745 θ

2227 811 2394 879 ipsius
2424 810 2545 863 illnc
2570 810 2633 863 ad
2663 811 3025 865 enarrandum
3053 812 3457 879 incorruptibile
3487 811 3807 879 principium

2228 900 2517 952 ascendere
2562 910 2789 965 posset:
2824 916 2928 968 quo
2974 901 3109 954 alius
3156 916 3259 954 non
3311 902 3476 954 valuit
3508 912 3805 969 penetrare.

2229 989 2323 1042 Hie
2341 1005 2460 1041 vera
2480 989 2546 1043 de
2566 990 2730 1044 verbo
2750 991 2991 1045 sentiens
3022 990 3417 1059 predicamenta
3446 991 3766 1059 conscripsit
3796 1008 3807 1043 :

2226 1081 2310 1131 cui
2360 1078 2497 1133 idem
2555 1081 2860 1149 unigenitus
2918 1083 3057 1135 filius
3089 1092 3208 1135 tuus
3254 1100 3267 1133 ε
3313 1091 3366 1135 et
3415 1091 3639 1135 matrem
3693 1097 3807 1137 mo-

2229 1175 2375 1224 riens
2411 1182 2434 1207 ε
2471 1173 2886 1227 commendavit.
2922 1174 3184 1226 Etrursns
3208 1188 3329 1225 eum
3359 1183 3598 1226 materno
3623 1172 3809 1225 honori

2230 1263 2563 1317 consimilem
2602 1265 2837 1319 reddidit
2872 1282 2884 1317 :
2925 1280 3044 1318 cum
3082 1282 3185 1317 uno
3225 1265 3520 1331 eodemque
3552 1281 3809 1319 munere:

2228 1368 2280 1408 et
2329 1366 2550 1409 matrem
2608 1356 2873 1425 glorificat
2916 1373 2930 1408 :
2969 1364 3022 1409 et
3068 1356 3388 1425 discipulum
3435 1356 3572 1409 inter
3622 1357 3812 1409 fratres

2228 1447 2429 1501 exaltat
2460 1465 2471 1498 :
2506 1462 2626 1501 cum
2684 1457 2911 1502 matrem
2962 1449 3133 1518 gloria
3187 1448 3428 1517 pariendi
3460 1448 3684 1503 honorat
3716 1466 3729 1501 :
3760 1461 3809 1503 ct
3844 1472 3849 1475 Α

2230 1540 2552 1608 discipulum
2608 1541 2953 1595 recumbendi
3012 1542 3215 1597 honore
3266 1541 3542 1608 glorificat.
3572 1543 3616 1596 0
3653 1559 3803 1611 quau

2229 1630 2357 1686 felix
2388 1643 2576 1687 venter
2601 1634 2691 1702 qui
2726 1635 2885 1690 talem
2916 1636 3100 1705 genuit
3149 1637 3349 1703 prolem
3388 1653 3400 1688 :
3432 1650 3591 1704 quam
3643 1638 3787 1689 hono

2230 1724 2398 1777 rabile
2439 1734 2598 1789 caput
2634 1742 2646 1778 :
2680 1725 2819 1794 quod
2865 1734 2919 1780 et
2977 1727 3113 1780 alias
3166 1726 3442 1780 recubavit
3470 1726 3521 1780 in
3572 1740 3807 1796 pectore.

2229 1813 2474 1869 Gloriosa
2525 1814 2739 1882 quidem
2795 1815 2961 1870 Maria
3006 1831 3113 1885 que
3159 1816 3341 1886 genuit
3379 1814 3675 1871 Christum.
3703 1816 3810 1871 Sed

2225 1913 2281 1959 et
2308 1904 2584 1961 Johannes
2614 1906 2702 1974 qui
2753 1907 2997 1961 recubuit
3028 1922 3185 1976 supra
3216 1906 3509 1962 Chrismm.
3556 1908 3599 1961 0
3645 1908 3814 1975 parile

2228 1995 2485 2063 premium
2517 1995 2567 2048 iu
2592 1996 2827 2064 utrisque
2857 1995 3180 2066 virginitatis
3214 2013 3226 2048 :
3259 1995 3399 2065 quod
3429 1995 3509 2049 sic
3538 2010 3812 2050 commen-

2226 2088 2386 2143 datur
2413 2090 2462 2143 in
2491 2092 2635 2144 exitu
2662 2092 2782 2145 tinis
2822 2106 2941 2146 cum
2973 2102 3026 2146 et
3054 2092 3215 2145 Maria
3247 2092 3390 2146 nullo
3422 2091 3813 2161 persecutionis

2228 2182 2414 2236 mortis
2463 2196 2558 2236 sue
2611 2181 2977 2252 coangustiata
3030 2190 3299 2237 tormento
3359 2182 3584 2237 Ietanter
3615 2197 3680 2235 ex
3711 2181 3814 2235 hac

2227 2274 2331 2327 vita
2356 2274 2698 2329 subducitur:
2724 2273 2810 2328 fet
2833 2274 3105 2329 Johannes
3122 2274 3264 2329 diem
3285 2288 3527 2329 recessus
3552 2273 3631 2327 sui
3656 2283 3814 2327 antea

2231 2369 2506 2437 presciens
2561 2368 2721 2422 effodi
2777 2370 2890 2436 ipse
2922 2369 3022 2422 sibi
3056 2367 3289 2437 precepit
3336 2367 3508 2421 locum
3557 2365 3812 2433 sepulcri.

2230 2457 2283 2511 In
2310 2474 2415 2523 quo
2444 2457 2747 2512 valediecns
2776 2456 3029 2514 fratribus
3062 2473 3079 2513 :
3115 2459 3232 2512 sine
3276 2458 3422 2511 nulfo
3468 2457 3655 2510 mortis
3705 2456 3815 2510 do-

2232 2548 2344 2602 lore
2383 2549 2696 2617 ingressus:
2740 2548 3029 2617 requiescit
3068 2560 3237 2617 usque
3284 2546 3350 2599 ad
3389 2546 3676 2599 adventum
3710 2545 3817 2598 Do-

2231 2640 2363 2694 mini
2407 2640 2766 2709 incorruptus.
2801 2639 2931 2694 Tam
2970 2653 3265 2693 estraneus
3297 2653 3326 2691 a
3360 2646 3626 2692 tormento
3665 2651 3813 2690 rnor—

2232 2732 2339 2786 tis:
2372 2748 2529 2800 quam
2586 2732 2794 2787 alienus
2846 2748 2875 2786 a
2927 2732 3267 2799 corruptione
3312 2729 3491 2785 extitit
3533 2738 3554 2777 ε
3611 2731 3811 2783 carnis.

2234 2825 2367 2881 llinc
2398 2825 2560 2895 igitur
2588 2827 2710 2895 quia
2744 2827 2986 2894 preciosa
3013 2833 3095 2877 est
3135 2824 3187 2877 in
3226 2831 3519 2891 conspectu
3572 2830 3660 2876 tuo
3712 2821 3813 2875 Do-

2231 2917 2375 2971 mine
2417 2932 2563 2971 mors
2592 2918 2779 2970 horum
2811 2923 3120 2971 sanctorum
3155 2925 3363 2967 tuorum
3398 2930 3412 2966 :
3454 2920 3509 2967 te
3554 2912 3813 2980 depreca—

2232 3023 2351 3061 mur
2399 3018 2455 3063 ut
2480 3009 2595 3062 haec
2644 3009 2952 3064 holocausta
3000 3017 3184 3062 nostra
3232 3006 3576 3074 suscipiens:
3615 3006 3817 3058 nostris

548 3109 835 3155 conservat
863 3097 1075 3154 sibimet
1101 3107 1123 3135 ε
1161 3097 1546 3165 incorruptum.
1572 3094 1679 3166 47
1704 3094 1803 3161 Qui
1835 3112 1975 3151 nunc
2006 3096 2127 3152 libi-
2151 3107 2199 3170 ο
2231 3102 2545 3157 criminibus
2578 3101 2787 3157 veniam
2844 3110 3072 3171 prestes.
3107 3102 3225 3164 Quo
3254 3099 3319 3152 ad
3362 3100 3528 3153 instar
3572 3096 3815 3166 Apostoli

536 3199 657 3244 .met
700 3190 888 3259 spiritu
935 3190 1148 3257 junctus
1189 3206 1200 3240 :
1249 3187 1386 3241 inter
1445 3196 1749 3241 sanctorum
1814 3188 2123 3257 angelorum

549 3282 854 3336 innumeras
888 3280 1123 3349 legiones
1150 3276 1459 3348 splendifico
1490 3276 1855 3345 apostolorum
1880 3278 1929 3331 in
1958 3278 2125 3331 choro

543 3372 848 3443 refulgens:
880 3383 930 3427 te
959 3371 1123 3426 Deum
1168 3384 1288 3425 cum
1313 3367 1584 3423 Cherubin
1616 3383 1679 3424 ac
1716 3370 1979 3439 Seraphin
2006 3369 2126 3424 sine

540 3466 847 3521 cessatione
874 3464 1160 3520 conlaudat
1185 3472 1240 3517 et
1267 3461 1416 3517 dicit.

598 3556 838 3611 Chorus.
873 3556 1120 3611 Sanctus.
1155 3552 1404 3608 Sanctus.
1434 3551 1678 3608 Sanctus.

610 3748 638 3774 λ
673 3734 1015 3803 Simpliciter.
1044 3732 1315 3798 Fortasse,
1343 3739 1388 3784 te
1410 3730 1731 3799 suppliciter.

612 3808 639 3847 ιι
671 3801 1072 3873 Conimemlavit.
1101 3803 1328 3873 Sanctus
1346 3802 1707 3873 Hieronymus
1731 3801 2111 3873 (epis_t_ola127,

542 3892 664 3934 tom.
690 3876 742 3939 Ι,
769 3875 871 3928 Ed.
908 3871 1125 3941 Veron.)
1150 3872 1213 3925 ad
1248 3870 1564 3943 Principiam
1589 3872 1776 3943 scribit
1806 3887 1819 3923 :
1852 3870 2115 3943 Virginem

540 3962 758 4003 matrem
804 3946 1037 4000 Joannes
1065 3944 1203 4013 ﬁlius
1234 3945 1375 4014 virgo
1395 3942 1642 4014 suscepit.
1674 3942 1733 3994 Et
1767 3949 1875 4014 tom
1906 3942 1947 3995 11
1971 3942 2111 4007 (Lib.

541 4037 555 4075 ι
588 4021 703 4075 adv.
746 4016 1032 4076 laciniam.
1066 4011 1128 4067 ’n.
1152 4015 1245 4075 26)
1272 4011 1345 4067 ait
1374 4031 1388 4068 :
1420 4015 1465 4068 A
1495 4011 1716 4067 Domino
1744 4013 1934 4081 virgine
1956 4022 2118 4066 mater

543 4094 686 4157 virgo
742 4086 949 4157 Joanni
980 4086 1165 4157 virgini
1202 4086 1459 4157 discipulo
1485 4083 1887 4157 commendatur.
1908 4086 2115 4157 faueto

542 4150 842 4232 Epiphanio
875 4150 1165 4232 (Ηωνξῖὸ,
1199 4150 1535 4232 Antidicom.)
1565 4153 1921 4232 asseritqimd
1954 4155 2120 4232 mani-

544 4222 734 4302 festum
760 4238 833 4302 est
884 4222 1079 4282 .Ioauni
1106 4235 1312 4296 propter
1340 4225 1683 4302 virginitatem
1709 4222 1977 4302 Christum
2016 4224 2119 4274 Do-

530 4293 745 4356 ~ininmn
798 4301 862 4352 de
904 4312 1066 4350 cruce
1108 4293 1348 4348 matrem
1400 4295 1656 4360 Virginem
1688 4293 2115 4346 commendasse.

545 4373 699 4426 l‘lura
724 4368 915 4424 similia
946 4365 1085 4434 apud
1115 4374 1326 4418 sanctos
1350 4365 1532 4417 Patres
1565 4370 1868 4434 recurrunt.

619 4454 639 4481 ο
672 4432 1054 4504 Incorruptum.
1116 4436 1190 4487 De
1213 4443 1381 4487 morte
1408 4434 1574 4486 sancti
1616 4432 1835 4487 Joannis
1852 4432 2117 4504 evangeli-

544 4523 647 4567 stae
686 4514 819 4564 mira
852 4503 935 4561 est
965 4506 1229 4559 dissensio
1261 4504 1403 4557 inter
1438 4505 1681 4571 antiquos
1706 4512 1758 4555 et
1792 4503 2119 4557 recentiores

543 4584 872 4650 scriptores:
921 4578 1074 4644 longe
1124 4574 1431 4650 credibilior
1471 4589 1654 4629 eormn
1685 4573 1911 4650 vide_tur_
1938 4574 2121 4650 opinio

542 4656 631 4721 qui
657 4643 897 4705 sanctum
947 4643 1259 4715 Apostoluin
1281 4654 1596 4721 ‘mortuum,
1634 4652 1689 4697 et
1720 4643 1913 4711 Ephesi
1945 4645 2120 4711 sepul-

547 4716 659 4776 t'um
694 4722 929 4775 tradunt.
966 4722 1032 4770 At
1060 4716 1342 4770 contraria:
1370 4716 1648 4784 opiniones
1682 4728 1783 4784 non
1806 4722 2119 4784 carentma-

534 4797 633 4861 gni
666 4790 896 4846 nominis
923 4785 1216 4861 fautoribus
1248 4804 1259 4837 :
1296 4781 1651 4861 Florentinius
1679 4781 1968 4861 (In_l
1991 4799 2119 4861 apo-

544 4852 746 4927 stolica,
768 4860 993 4922 εχει-σέ),
1016 4874 1069 4927 p.
1102 4856 1201 4927 1ᾷῦ
1222 4866 1267 4907 et
1293 4858 1446 4923 seq.),
1480 4852 2117 4927 Tillemontiusi('1"om._l,

547 4948 646 4988 art.
694 4923 784 4993 10,
818 4932 905 4994 11,
936 4923 1087 4981 αδδ.
1118 4923 1317 4979 Joanne
1345 4924 1617 4996 Apostolo,
1641 4924 1964 4996 etnot.__i_7_).
1996 4924 2121 4977 Mis-

546 5007 645 5059 szdi
699 4992 898 5056 nostra
924 4999 1276 5067 astipulantur
1298 4992 1513 5049 sanctus
1539 4994 1777 5067 Hilarius
1807 4992 1948 5061 (Lib.
1976 5009 2047 5067 vr_
2061 4996 2124 5045 de

544 5073 742 5145 Trin.),
765 5072 1007 5127 scribens
1032 5064 1049 5121 Ξ
1076 5067 1302 5145 Joannes
1331 5068 1403 5119 sic
1431 5082 1586 5135 usque
1607 5064 1675 5145 ad
1707 5064 1979 5145 adventum
2012 5064 2117 5143 Do.-

550 5134 958 5205 mini'ntanens,
1009 5148 1059 5193 et
1106 5139 1199 5191 sub
1243 5134 1573 5205 sacramento,
1618 5134 2123 5205 dminte‘voluutatis

546 5219 755 5269 relictus
805 5202 1101 5281 deputatur;
1150 5218 1205 5261 et
1227 5210 1313 5281 alii
1352 5206 1507 5281 apud
1527 5202 2118 5281 florentiniumcitati,

553 5289 744 5351 quibus
770 5273 958 5337 addam
970 5290 1207 5351 sanctum
1229 5277 1511 5330 Maximum
1526 5274 1911 5351 Tant-incusem
1933 5273 2120 5351 (Hom.

554 5343 792 5409 denatat.
838 5355 1076 5409 Sanctor.
1140 5348 1399 5418 Martyr.,
1451 5344 1589 5415 apud
1628 5343 2119 5418 cl._AMuratorium,

552 5426 795 5478 Anecdot.
816 5432 865 5477 vt.
892 5423 997 5486 IV,
1032 5438 1147 5489 pag.
1178 5414 1302 5485 id);
1331 5420 1415 5472 tibi
1447 5414 1577 5477 ha'c,
1598 5426 1662 5489 ut
1682 5414 1786 5468 alia
1808 5416 2125 5489 praetermit-

553 5504 700 5547 tam:
754 5493 973 5546 Joannis
1024 5486 1190 5544 tamen
1232 5490 1452 5558 apostoli
1523 5487 1760 5539 ltobcimts
1815 5486 2119 5558 exeuiplum,

550 5581 698 5636 quem
720 5564 947 5616 tumulus
975 5557 1518 5630 susceptumrlaudere
1544 5558 1726 5623 potuit,
1744 5557 1997 5609 custodire
2026 5572 2124 5607 non

590 5636 735 5688 otuit.

548 5654 787 5770 poema“;
832 5700 1222 5771 proﬂuentibus.
1269 5700 1408 5755 Inter
1458 5698 1794 5769 Ρτωίθίίαηθδ
1831 5712 1858 5750 ³
1892 5695 2128 5751 mmelio

2152 4367 2199 4427 D

2233 3193 2305 3245 tui
2337 3202 2429 3248 :et
2459 3203 2511 3245 te
2557 3196 2864 3260 incorrupto
2891 3206 3182 3260 sequamur
3210 3204 3277 3244 ex
3307 3188 3470 3244 corde
3510 3205 3523 3240 :
3555 3196 3609 3240 et
3661 3195 3715 3240 tu
3746 3187 3816 3239 ad

2233 3298 2332 3338 nos
2357 3282 2576 3339 veniens
2606 3282 2743 3353 apud
2777 3296 2875 3337 nos
2902 3282 3068 3337 facias
3100 3280 3432 3335 mansionem
3462 3277 3597 3333 Deus
3630 3286 3819 3331 noster

2230 3391 2291 3431 ac
2319 3376 2643 3443 Redemptor
2667 3383 2910 3429 eternus.

2307 3465 2430 3520 Post
2462 3465 2645 3532 pridie.
2675 3463 2873 3519 Oratio.
2898 3462 3111 3518 Christe
3133 3462 3275 3516 filius
3296 3461 3388 3515 Dei
3415 3478 3429 3514 :
3453 3460 3539 3527 qui
3570 3456 3817 3511 elevatus

2236 3558 2287 3611 in
2336 3569 2495 3609 cruce
2546 3554 2864 3621 discipulum
2926 3552 3085 3607 matri
3122 3568 3138 3606 :
3169 3561 3500 3618 matremque
3551 3546 3819 3616 discipulo

2231 3735 2636 3805 (Litargicortrm
2683 3743 2805 3787 tom.
2843 3733 2951 3801 ll),
3011 3747 3071 3787 ea
3127 3746 3245 3800 qua:
3292 3729 3451 3805 (Pag.
3512 3729 3819 3805 55|)_festo

2225 3801 2633 3860 sanctiVJoannis
2662 3804 2995 3866 attribuitur,
3027 3816 3273 3873 magnam
3306 3802 3465 3855 habet
3497 3815 3622 3854 cum
3650 3801 3817 3854 initio

2227 3875 2384 3941 hujus
2407 3877 2662 3929 orationis
2684 3875 2900 3928 similiiu
2926 3875 3105 3927 linem.

2301 3940 2325 3984 ⁸
2354 3945 2755 4000 Commmdavit.
2807 3944 3017 3998 Missale
3061 3940 3493 4005 Ambrosianum,
3526 3941 3577 3992 in
3607 3941 3819 4007 prmia-

2227 4019 2364 4072 tione
2401 4018 2572 4072 Sancti
2615 4014 2875 4071 Joannis:
2931 4014 3090 4077 Quem
3125 4011 3375 4062 Dominus
3390 4009 3541 4063 Jesus
3566 4009 3814 4063 Christus

2228 4105 2332 4142 non
2379 4087 2548 4140 solum
2597 4084 2843 4155 peculiari
2881 4081 3307 4155 semper__tlec_ore
3332 4081 3551 4144 ornavit,
3584 4081 3734 4133 sedet
3759 4082 3818 4132 in

2232 4174 2384 4212 crure
2420 4151 2612 4224 positus
2657 4165 2897 4222 tauquam
2925 4151 3253 4224 hereditario
3276 4166 3486 4224 munere
3513 4160 3818 4224 prosecutus

2230 4221 2479 4281 uicarium
2512 4244 2601 4293 pro
2628 4242 2680 4278 se
2704 4224 2853 4277 matri
2877 4224 3040 4290 ﬁlium
3065 4222 3331 4293 clementer
3345 4221 3576 4293 attribuit
3603 4257 3616 4270 .
3645 4258 3661 4274 .
3698 4256 3713 4271 .
3750 4259 3762 4272 .
3799 4260 3814 4272 .

2235 4298 2434 4352 Eadem
2465 4290 2722 4349 verhatim
2755 4295 2806 4348 in
2826 4292 3186 4362 .Arubrosiano
3219 4291 3437 4344 Painelii
3466 4290 3734 4362 leguntur.

2306 4365 2323 4404 ί
2361 4365 2425 4419 Et
2465 4365 2753 4420 Joltaunes.
2815 4360 3014 4418 Eadem
3064 4363 3324 4415 habentur
3370 4360 3506 4426 apud
3559 4369 3817 4413 sanetum

2232 4437 2345 4506 Aug
2372 4441 2599 4506 istinunr
2642 4435 2758 4504 (Tr.
2818 4436 2970 4506 124,Δ
2995 4435 3047 4506 in
3066 4431 3389 4506 _Joaun‘em)§
3424 4430 3474 4483 in
3504 4429 3817 4506 Menologiu

2232 4497 2430 4569 Bas'ilii,
2463 4508 2549 4557 die
2574 4497 3001 4573 27'Septetnbris
3030 4502 3213 4573 (Εάὶιτ
3237 4499 3331 4555 Gr.
3362 4499 3478 4573 lant.
3499 4497 3725 4573 (lfuini);
3763 4503 3818 4552 in

2232 4578 2365 4632 libro
2414 4566 2482 4631 de
2527 4575 2644 4630 Vita
2695 4566 2760 4629 et'
2800 4576 2969 4630 Morte
3004 4566 3305 4626 sanctorum
3341 4571 3491 4639 (Cap.
3526 4566 3642 4639 75),
3675 4570 3822 4623 inter

2232 4662 2389 4717 opera
2420 4646 2819 4717 sanctiglsidori.

2308 4729 2331 4765 Β
2360 4717 2561 4771 Carnis.
2586 4715 2813 4771 Sanetus
2846 4711 3295 4781 Angustinus(Tr.
3324 4709 3514 4772 124,ἱη
3532 4707 3822 4781 Joannem)

2232 4790 2465 4841 ostendit
2491 4801 2590 4840 suo
2618 4797 2860 4854 tempore
2890 4778 3150 4837 creditum
3186 4785 3345 4834 fuisse
3372 4788 3618 4854 sanetum
3648 4778 3820 4854 Joano

2234 4874 2355 4911 nem
2398 4871 2581 4912 revera
2627 4848 2746 4908 non'
2766 4871 2884 4908 esse
2931 4865 3222 4917 mortuum,
3250 4854 3338 4903 sed
3367 4851 3419 4901 in
3450 4850 3541 4902 illo
3569 4848 3819 4917 sepulcro

2234 4933 2367 5000 ejus,
2415 4928 2551 4996 quod
2593 4935 2667 4979 est
2688 4924 2825 5000 apud
2870 4921 3157 5000 Ephesum,
3188 4922 3433 5000 _do-rmire
3481 4933 3594 5000 eum
3636 4918 3820 4999 potius

2234 4987 2384 5065 quam
2414 4987 2669 5051 mortuum
2684 4987 2889 5065 jacere;
2915 4987 3002 5065 qui
3023 5007 3159 5065 _vero
3188 4991 3239 5045 in
3269 4995 3368 5044 hac
3388 4998 3542 5065 erant
3563 4987 3830 5056 opinione

2236 5061 2332 5136 pro
2374 5061 2695 5133 argumento
2729 5061 2946 5120 aiebant
2971 5063 3079 5136 illic
3110 5074 3295 5136 terram
3320 5061 3508 5136 sensim
3525 5069 3738 5121 scatere,
3770 5068 3831 5110 et

2234 5130 2381 5208 quasi
2405 5130 2638 5203 ebullire,
2670 5149 2823 5205 atque
2845 5130 3477 5208 Itoccjusanhelituﬂeri,
3491 5136 3547 5181 et
3567 5137 3686 5192 post
3711 5141 3831 5208 no_u

2237 5199 2401 5277 pauca
2425 5199 2635 5262 tandem
2660 5199 2926 5259 concludit
2949 5199 3231 5258 {Cedamus
3246 5200 3477 5277 opinioni
3491 5214 3646 5268 quant
3662 5199 3832 5277 certis

2234 5267 2553 5333 documentis
2601 5278 2832 5346 refellere
2878 5291 2980 5327 non
3005 5277 3254 5346 valemus.
3282 5267 3413 5325 vllam
3443 5267 3599 5323 terrm
3627 5267 3834 5346 ebulli-

2235 5353 2308 5402 tio
2338 5352 2402 5403 ad
2430 5350 2597 5403 sancti
2625 5341 2843 5401 Joannis
2873 5345 3200 5413 sepulcrum,
3219 5356 3377 5409 quam
3398 5348 3615 5413 sanctus
3638 5341 3835 5413 Augu-

2234 5423 2405 5475 Stinns
2459 5418 2647 5491 (Ibid.}
2702 5407 2950 5471 testatur'
2983 5430 3043 5468 se
3073 5432 3105 5467 a
3146 5407 3248 5491 non
3294 5411 3492 5491 levibus
3529 5407 3839 5461 hominibus

2233 5480 2529 5559 acepiss‘c,
2576 5480 2712 5543 adeo
2761 5498 2906 5559 certa
2932 5494 3075 5559 erat,
3107 5492 3164 5537 ut
3187 5484 3429 5559 Ecclesia
3455 5480 3664 5559 Crates,
3698 5491 3841 5559 eam

2232 5563 2301 5615 ob
2333 5549 2463 5625 rem,
2514 5549 2600 5614 die
2630 5567 2817 5614 octava
2843 5557 2961 5612 Maii
2990 5553 3218 5627 (Menol.
3246 5552 3436 5621 Basil.)
3467 5549 3838 5606 festivitatem

2232 5632 2606 5688 celebraverit.
