4052 6182
311 234 412 289 £05

1056 236 1348 294 MISSALE
1394 237 1656 294 MlXTUll
1698 237 1845 293 SEC.
1893 237 2049 292 ΠΕΟ.
2090 238 2148 293 Β.
2193 239 2463 295 lSlDORl.
2505 271 2570 283 ——-
2612 241 2789 299 PARS
2829 244 2867 298 l.

3476 247 3583 301 216

306 350 733 407 commendans:
762 351 1027 420 passionis
1051 361 1230 405 nostre
1253 354 1475 406 calicem
1500 353 1723 406 ebihens
1754 366 1888 404 con-
1917 354 1963 407 Α
1996 351 2082 417 qui
2112 367 2168 404 es
2200 353 2507 407 benedictus
2536 363 2592 409 et
2636 355 2767 408 vivis
2810 363 2865 409 et
2909 358 3088 411 omnia
3119 358 3259 426 regis
3299 358 3348 411 iu
3398 362 3576 416 secula

304 444 585 499 sununasti
622 463 635 498 :
669 455 724 497 tu
755 458 856 498 nos
915 444 1203 512 placabiles
1248 442 1450 497 el‘licito
1496 444 1590 498 tibi
1628 463 1637 497 :
1676 454 1731 497 ut
1783 454 1889 496 tam

304 538 608 593 oblationes
636 552 794 606 quam
828 538 1096 591 oblatores
1136 536 1207 591 ita
1260 537 1598 607 respiciendo
1649 539 1891 592 sanctili-

302 645 393 685 ces
415 647 430 683 :
450 629 881 698 vividi-sudoque
911 629 1004 681 tibi
1026 631 1139 694 ipse
1155 628 1503 683 commendes
1529 646 1541 679 :
1561 644 1667 696 quo
1695 629 1892 683 Johan-

303 736 425 775 nem
456 721 760 790 apostolum
805 729 951 774 tuum
986 719 1205 774 dilectio
1246 728 1334 773 tua
1368 717 1494 773 fecit
1526 719 1891 773 honorabilcm

303 813 443 867 inter
473 811 681 866 fratres.
731 811 804 880 ἡ.
840 813 1032 865 Amen.

376 924 460 977 Ad
488 925 772 977 aratioan
812 924 1154 978 Dominicam.

378 994 513 1048 Vide
541 995 663 1049 vide
694 996 832 1049 Deus
861 997 1054 1063 quibus
1081 995 1285 1067 gravati
1334 995 1547 1051 delictis
1598 998 1887 1054 obruimur:

301 1084 639 1154 qualiterque
663 1084 815 1139 nobis
840 1086 937 1154 ipsi
962 1085 1199 1152 quotidie
1224 1086 1489 1141 ellicimur
1513 1103 1671 1144 causa
1698 1089 1890 1144 veneni

299 1187 353 1231 et
375 1191 512 1245 pena
545 1175 792 1245 supplicii
821 1176 979 1230 :dum
1012 1191 1132 1231 cum
1164 1177 1475 1245 quotidiano
1501 1180 1676 1234 carnis
1708 1192 1890 1236 nostre

298 1284 508 1324 veneno
528 1269 815 1338 polluimur
832 1286 846 1322 :
864 1269 999 1323 etde
1016 1270 1352 1335 reparatione
1373 1272 1608 1326 melioris
1627 1274 1732 1329 vite
1747 1274 1890 1328 nullo

300 1358 461 1414 modo
477 1359 796 1429 cogitamus.
830 1358 935 1414 Sed
976 1359 1103 1429 quia
1134 1368 1339 1415 certum
1381 1364 1632 1431 estquod
1673 1364 1774 1419 hoc
1812 1366 1889 1417 vi-

297 1455 427 1504 deas
455 1468 468 1503 :
494 1451 585 1519 qui
610 1464 825 1519 semper
852 1466 913 1506 es
943 1451 1182 1507 clemens
1211 1469 1225 1505 :
1255 1460 1310 1505 et
1335 1451 1456 1507 ideo
1474 1469 1569 1521 per
1595 1456 1891 1510 confessio-

298 1556 420 1596 nem
452 1555 553 1595 nos
581 1543 647 1597 ad
679 1552 730 1596 te
752 1542 1021 1598 redituros
1051 1555 1348 1612 expectas:
1382 1547 1505 1602 ideo
1532 1548 1885 1618 suggerimus.

299 1640 358 1685 ut
382 1631 635 1699 apostolo
676 1640 769 1687 tuo
821 1631 1067 1688 Johanne
1098 1635 1494 1692 intercedente:
1518 1638 1609 1708 qui
1644 1640 1887 1695 invocato

1996 441 2318 494 seculorum.
2366 442 2438 510 ἢ.
2487 446 2675 497 Amen.
2721 444 2975 500 Dominus
3022 447 3093 499 sit
3143 462 3355 515 semper
3392 452 3566 504 vobis-

1995 545 2134 583 cutn.
2180 531 2217 599 ti}
2237 571 2253 584 .
2287 532 2492 586 Etcum
2518 532 2724 601 spiritu.
2767 536 3035 590 Solemnis
3065 540 3327 607 completa
3356 552 3482 596 sunt
3525 540 3577 595 in

1996 622 2209 676 nomine
2240 621 2447 677 Domini
2478 626 2663 687 {nostri
2690 626 2814 680 Jesu
2841 628 3035 682 Christi
3064 647 3077 682 :
3112 640 3294 685 Votum
3335 643 3576 687 nostrum

1993 711 2062 764 sit
2083 723 2357 782 acceptum
2387 730 2507 768 cum
2542 729 2689 781 pace.
2724 715 2794 785 ἡ.
2825 717 2935 771 Deo
2963 722 3177 789 gratias.

2236 825 2297 876 IN
2345 835 2365 862 ε
2410 826 2684 880 NATALE
2725 827 2822 882 SS.
2866 828 3307 887 INNOCENTUM

2425 918 2505 967 Ad
2538 916 2771 989 Missam.
2816 915 2840 955 ἀ
2887 920 3143 989 Οῇἱείυηι.

2066 983 2211 1036 Dabo
2233 987 2433 1039 sanctis
2464 988 2598 1041 lllt'iS
2624 988 2849 1053 primam
2880 983 3177 1045 sessionem
3202 994 3407 1063 alleluja
3458 1014 3469 1047 :
3519 996 3571 1049 in

1995 1074 2385 1130 resurrec1i0uc
2438 1088 2625 1132 eterna
2678 1086 2733 1131 et
2784 1084 3063 1150 exquiram
3122 1083 3241 1136 illos
3298 1087 3349 1138 in
3381 1088 3576 1154 gaudio

1996 1179 2116 1218 meo
2148 1182 2161 1219 :
2194 1177 2247 1219 et
2286 1167 2374 1220 lux
2406 1179 2657 1237 perpetua
2694 1170 2892 1226 lucebit
2940 1174 3152 1242 allelujrt
3184 1193 3195 1227 :
3232 1187 3286 1229 at
3317 1180 3576 1232 eternitas

1995 1263 2293 1325 temporum
2335 1268 2617 1327 preparato
2654 1268 2737 1315 est
2766 1262 2977 1333 alleluja
3030 1266 3267 1334 alleluja.
3304 1277 3326 1304 ο
3368 1268 3402 1336 ᾗ
3427 1307 3439 1320 .
3475 1269 3578 1322 Do-

1996 1350 2137 1402 mine
2169 1350 2406 1416 probas‘ti
2444 1367 2528 1405 me
2565 1362 2620 1407 et
2667 1355 2964 1423 cognovisti
3016 1373 3102 1413 me
3134 1376 3146 1410 :
3179 1368 3230 1412 tu
3278 1361 3579 1429 cognovisti

1994 1440 2290 1494 seSsiuttettl
2326 1457 2497 1495 meatu
2528 1452 2582 1497 et
2605 1446 3052 1500 resurrectionem
3079 1464 3272 1502 meam.
3307 1447 3373 1502 P.
3403 1451 3469 1505 Et
3489 1452 3578 1506 lux

1995 1541 2267 1601 perpetua.
2310 1535 2344 1603 ᾗ
2369 1574 2382 1587 .
2412 1534 2590 1590 Gloria
2619 1544 2673 1591 et
2701 1536 2871 1591 honor
2892 1537 3251 1597 PatrietFilio
3276 1554 3328 1599 et
3354 1544 3572 1614 Spiritui

1994 1625 2190 1681 Sancto
2220 1627 2274 1680 in
2294 1628 2477 1682 secula
2500 1630 2805 1685 seculorum
2834 1646 3012 1685 amen.
3050 1631 3114 1687 P.
3152 1634 3217 1687 Et
3249 1635 3362 1694 lux.

297 1724 520 1780 nomine
545 1733 636 1779 ιηο
663 1725 863 1781 [emata
895 1733 921 1763 ι
943 1724 1168 1781 ebibens
1209 1727 1359 1783 νίι-υε
1392 1746 1404 1781 ε
1439 1704 1549 1783 ηοιί
1575 1729 1748 1786 solum
1777 1732 1891 1798 ipse
1929 1704 1974 1762 Β
2076 1718 2275 1770 Uratio.
2312 1718 2479 1772 llodie
2516 1720 2669 1773 nobis
2713 1724 2994 1775 thesaurus
3024 1732 3177 1778 natus
3216 1735 3315 1780 est.
3351 1727 3576 1798 Require

296 1810 471 1866 evasit
500 1827 516 1864 :
550 1811 643 1866 sed
690 1812 853 1866 etiam
882 1813 1019 1866 alios
1050 1827 1115 1867 ex
1151 1813 1341 1868 eodem
1365 1814 1663 1872 exstinctos
1694 1819 1890 1888 poculo

294 1901 599 1956 suscitavit.
660 1901 853 1957 Procul
883 1917 914 1955 a
959 1902 1114 1958 nobis
1161 1903 1367 1961 efﬁcias
1404 1922 1417 1957 :
1452 1916 1507 1961 et
1562 1906 1886 1963 incentivum

296 1995 482 2049 carnis
508 2004 696 2049 nostre
727 1994 1007 2051 libidinem
1044 2006 1135 2051 :et
1156 1997 1302 2052 virus
1330 2001 1690 2067 persuasionis
1722 2003 1890 2057 hostis

296 2085 526 2155 antiqui.
564 2084 633 2141 Ut
653 2086 759 2141 ﬁde
787 2097 837 2142 te
857 2088 1098 2144 colentes
1132 2106 1146 2143 :
1178 2091 1316 2145 sicut
1348 2090 1650 2149 Jobannetu
1674 2105 1890 2163 aposto-

298 2182 405 2233 lum
450 2194 559 2234 non
585 2180 765 2236 nocuit
789 2179 1026 2237 oblatum
1067 2197 1330 2237 venenum
1376 2201 1391 2238 :
1421 2185 1495 2239 ita
1524 2200 1624 2240 nos
1650 2202 1756 2241 non
1787 2203 1887 2241 no-

296 2279 417 2325 ceat
446 2269 725 2325 latentium
759 2270 1008 2328 vitiorum
1041 2273 1187 2328 virus
1213 2275 1518 2331 occultum:
1554 2279 1888 2349 proclaman-

297 2371 378 2417 tes
403 2371 563 2431 atque
588 2363 657 2416 ita
685 2363 945 2419 dicentes.
971 2364 1130 2421 Pater
1160 2376 1344 2421 noster
1365 2369 1454 2434 qui
1480 2382 1562 2434 es,
1594 2382 1701 2428 etc.

364 2452 687 2508 Benedictio.
715 2455 857 2510 Deus
898 2466 1117 2511 eternus
1169 2474 1183 2511 :
1216 2457 1308 2527 qui
1334 2456 1634 2515 Johannem
1666 2471 1885 2531 aposto-

295 2547 406 2601 lum
435 2562 589 2599 suum
616 2563 713 2613 pre
742 2547 939 2602 ceteris
971 2547 1090 2617 plus
1118 2548 1312 2604 dilexit
1339 2549 1621 2619 discipulis
1646 2569 1659 2606 :
1688 2554 1889 2610 elliciat

297 2654 391 2693 vos
416 2654 513 2693 sue
540 2640 832 2709 participes
878 2640 1177 2696 charitatis.
1220 2643 1259 2712 ἢ
1283 2685 1296 2697 .
1325 2646 1521 2700 Amen.
1553 2647 1762 2716 Quique
1791 2662 1889 2716 per

292 2746 417 2785 eum
447 2730 476 2768 ιδ
514 2731 830 2788 Drusianam
856 2736 1134 2789 suscitavit
1168 2748 1199 2788 a
1227 2751 1420 2792 somno
1450 2739 1641 2793 mortis
1672 2739 1886 2794 :susci—

294 2830 369 2877 tet
399 2837 496 2877 vos
525 2838 555 2876 a
583 2823 887 2891 torporibus
918 2825 1023 2879 vite
1051 2826 1306 2881 carnalis.
1345 2830 1383 2897 ἡ
1405 2868 1419 2883 .
1446 2829 1638 2883 Amen.
1675 2829 1744 2884 Ut
1765 2844 1885 2884 eum

293 2927 511 2981 semper
561 2915 840 2968 retineatis
895 2913 948 2969 in
1003 2926 1219 2985 pectore
1254 2934 1268 2971 :
1303 2917 1356 2971 in
1412 2919 1564 2988 cujus
1594 2920 1711 2975 sinu
1767 2920 1888 2992 ipse

294 3005 591 3073 promeruit
624 3007 901 3061 recubare.
949 3010 1025 3077 ἢ.
1068 3010 1260 3062 Amen.
1309 3010 1411 3065 Per
1458 3012 1883 3069 misericordiam

292 3098 463 3164 ipsius
488 3098 583 3152 Dei
610 3099 810 3153 nostri:
839 3100 926 3169 qui
954 3110 1036 3155 est
1059 3101 1375 3159 benedictus
1401 3107 1603 3161 etvivit
1629 3120 1682 3163 et
1705 3111 1883 3164 omnia

293 3189 429 3259 regit
457 3190 509 3243 in
543 3191 725 3245 secula
758 3193 1088 3247 seculorum.
1135 3194 1171 3261 ti
1196 3235 1208 3247 .
1241 3198 1434 3253 Amen.

362 3281 517 3336 Dicat
562 3281 735 3337 Presb.
771 3283 1027 3340 Dominus
1053 3287 1358 3358 sitsemper
1381 3289 1679 3345 vobiscum.
1712 3293 1748 3361 ἢ
1772 3330 1785 3344 .
1822 3292 1887 3346 Et

292 3387 415 3427 cum
439 3374 639 3441 spiritu
673 3383 786 3429 tuo.

363 3463 590 3518 Chorus.
622 3465 847 3521 Gustate
876 3476 933 3523 et
969 3468 1171 3523 videte.

362 3555 495 3612 Post
542 3561 952 3615 communionem
1013 3561 1214 3619 Oratio.
1271 3563 1477 3620 Gratias
1531 3568 1625 3623 tibi
1679 3571 1887 3641 agimus

292 3649 522 3707 Domine
576 3651 719 3707 Deus
774 3661 829 3708 et
878 3661 931 3709 te
982 3654 1148 3710 Deum
1200 3656 1569 3714 benedicimus
1598 3662 1665 3717 de
1713 3662 1800 3719 die
1831 3666 1884 3720 in

289 3744 431 3798 diem
460 3745 587 3812 :qui
619 3757 715 3798 nos
742 3743 795 3797 in
821 3744 921 3799 hac
944 3745 1030 3800 die
1062 3755 1247 3801 sancte
1275 3750 1612 3805 solennitatis
1646 3761 1733 3809 tue
1755 3770 1881 3825 per-

291 3838 491 3893 ducere
523 3835 771 3909 dignatus
802 3852 861 3894 es
888 3856 901 3891 :
929 3837 1013 3894 lac
1042 3854 1141 3894 nos
1172 3841 1313 3896 diem
1359 3841 1467 3913 48
1514 3844 1673 3899 istum
1711 3847 1882 3902 sancti

290 3930 557 3985 Johannis
577 3931 807 3999 apostoli
836 3930 910 3986 tui
943 3941 999 3987 et
1017 3933 1345 4001 evangelistc
1378 3950 1470 4001 per
1507 3935 1676 3990 multa
1707 3938 1884 3993 curri-

290 4024 407 4078 cula
442 4039 708 4078 annorum
733 4024 787 4077 iu
819 4038 949 4095 pace
976 4023 1432 4095 ettranquillitate
1461 4028 1735 4096 suscipere
1762 4045 1882 4083 cum

294 4114 438 4169 lldeli
465 4116 663 4183 populo
690 4125 800 4170 tuo.
851 4115 925 4183 ti}.
969 4117 1166 4169 Amen.

363 4206 520 4261 Dicat
550 4206 733 4262 Presb.
770 4206 871 4263 Per
897 4207 1326 4263 misericordiam
1358 4216 1501 4263 tuam
1538 4209 1675 4266 Deus
1701 4221 1886 4267 noster

362 4347 389 4376 ⁸
420 4338 645 4394 Ebibens
675 4340 840 4412 virus.
868 4340 1099 4412 §anctus
1126 4339 1359 4412 Isidorus
1386 4341 1473 4412 (de
1504 4341 1623 4396 Vita
1645 4353 1692 4398 et
1722 4355 1884 4399 morte

1991 1818 2127 1861 retro
2152 1808 2204 1860 in
2238 1806 2429 1861 Natale
2462 1808 2688 1862 Domini.
2721 1810 2815 1880 fol.
2850 1811 2939 1866 57.

2099 1919 2271 2000 Lectio
2323 1922 2446 2000 libri
2499 1921 2750 1977 Ilicremie
2791 1925 3033 1995 prophete
3075 1926 3131 1998 (t
3168 1926 3297 2000 Cap.
3327 1929 3571 1995 XXXI).

2079 1992 2116 2059 ιῆ
2140 2032 2150 2041 .
2175 1993 2284 2046 Deo
2312 1995 2532 2061 gratias.

2066 2083 2174 2138 llec
2200 2086 2331 2139 dicit
2374 2087 2648 2141 Dominus.
2684 2096 2709 2135 κ
2745 2085 2857 2143 Vox
2901 2088 2954 2143 in
3009 2089 3174 2144 ﬂama
3228 2093 3407 2147 audita
3452 2102 3575 2149 est:

1992 2174 2389 2234 lamentationis
2434 2177 2593 2233 ﬂetus
2620 2188 2675 2236 et
2705 2179 2879 2236 luctus
2910 2181 3195 2251 :ploratus
3241 2196 3295 2239 et
3349 2185 3580 2240 ululatus

1992 2270 2207 2323 multus.
2244 2268 2442 2323 Rachel
2475 2270 2693 2341 plorans
2724 2271 2862 2326 lilios
2886 2287 3016 2327 suos
3044 2289 3057 2326 :
3086 2282 3142 2328 et
3187 2274 3358 2330 noluit
3383 2290 3581 2333 conso-

1992 2360 2088 2413 lari
2119 2373 2283 2428 super
2320 2372 2415 2415 eos
2452 2362 2575 2430 quia
2627 2376 2733 2416 non
2775 2370 2921 2418 sunt.
2960 2363 3068 2419 llec
3116 2364 3247 2420 dicit
3299 2366 3579 2423 Dominus.

1990 2454 2242 2520 Quiescat
2263 2468 2366 2509 vox
2395 2462 2482 2508 tua
2513 2470 2541 2508 a
2568 2454 2775 2521 ploratu
2811 2464 2905 2511 :et
2933 2458 3074 2512 oculi
3106 2459 3179 2512 tui
3202 2474 3230 2511 a
3264 2459 3577 2516 lachrimis:

1991 2560 2093 2613 que
2120 2555 2203 2598 est
2226 2558 2435 2600 merces
2461 2546 2609 2615 operi
2635 2555 2725 2601 tuo
2752 2564 2767 2599 :
2800 2548 2873 2601 ait
2902 2547 3178 2603 Dominus.
3215 2551 3282 2604 Et
3307 2562 3579 2608 reverten-

1992 2644 2077 2691 tur
2103 2638 2168 2690 de
2199 2646 2343 2691 terra
2387 2638 2610 2694 inimici.
2644 2639 2709 2694 Et
2748 2640 2851 2696 erit
2901 2656 3027 2712 spes
3066 2644 3371 2700 novissimis
3430 2647 3532 2703 tuis
3559 2689 3574 2702 .

1990 2729 2067 2780 ait
2104 2726 2383 2781 Dominus.
2436 2729 2503 2782 Et
2551 2738 2891 2786 revertentur
2937 2731 3030 2787 lilii
3074 2735 3150 2789 tui
3204 2735 3272 2790 ad
3323 2739 3580 2796 terminos

1989 2832 2134 2874 suos.
2162 2817 2401 2875 Audiens
2429 2819 2606 2875 audivi
2631 2814 2849 2877 Ell‘raim
2874 2826 3366 2896 transmigrantem.
3398 2827 3578 2883 Casti-

1989 2913 2125 2984 gasti
2157 2928 2247 2969 me
2286 2924 2339 2969 et
2367 2913 2614 2969 eruditus
2640 2930 2791 2971 sum:
2819 2918 2968 2987 quasi
2996 2918 3316 2988 juvenculus
3338 2918 3368 2958 ιι
3401 2924 3451 2977 in
3484 2923 3581 2978 do-

1992 3005 2187 3060 mibus.
2220 3003 2492 3061 Converte
2521 3021 2607 3060 me
2640 3022 2656 3063 :
2686 3015 2738 3061 et
2764 3018 3009 3063 revertar
3040 3025 3054 3064 :
3085 3013 3207 3081 quia
3237 3020 3291 3067 tu
3331 3028 3391 3069 es
3436 3014 3580 3069 Deus

1993 3111 2166 3152 meus.
2198 3096 2484 3167 Postquam
2521 3097 2664 3151 enim
2689 3099 3002 3154 convertiSti
3036 3116 3121 3155 me
3154 3119 3169 3157 :
3202 3103 3287 3172 egi
3330 3107 3577 3173 peniten-

1994 3190 2119 3243 tiam
2150 3206 2165 3245 :
2200 3199 2251 3244 et
2277 3200 2558 3259 postquam
2604 3190 2889 3246 ostendisti
2923 3192 3053 3246 mihi
3085 3210 3098 3245 :
3132 3196 3371 3262 percussi
3404 3198 3578 3253 femur

1991 3294 2190 3333 meum.
2219 3278 2487 3334 Confusus
2514 3293 2634 3333 sum
2681 3291 2735 3335 et
2778 3282 3009 3337 erubui:
3043 3287 3296 3352 quoniam
3347 3290 3578 3344 sustinui

1991 3369 2341 3439 obprobrium
2366 3370 2731 3427 adolescentie
2754 3386 2874 3427 mee
2906 3388 2920 3426 :
2950 3374 2995 3428 si
3038 3374 3179 3430 ﬁlius
3223 3392 3376 3432 meus
3409 3381 3577 3435 hono-

1992 3462 2172 3518 rabilis
2202 3462 2331 3517 mihi
2353 3460 2569 3517 El'lraim
2605 3481 2618 3515 :
2645 3462 2690 3517 si
2721 3477 2852 3533 puer
2872 3465 3134 3523 delicatus
3166 3471 3322 3539 :quia
3355 3486 3421 3526 ex
3472 3488 3579 3540 quo

1992 3555 2202 3609 locutus
2254 3569 2372 3609 sum
2421 3553 2531 3609 Deo
2588 3554 2763 3610 adhuc
2818 3558 3145 3614 recordabar
3187 3561 3325 3630 ejus.
3378 3562 3578 3618 Idcirco

1989 3646 2299 3702 conturbata
2339 3653 2466 3723 sunt
2491 3646 2692 3700 viscera
2729 3661 2845 3701 mea
2875 3662 3037 3717 super
3088 3665 3236 3706 eum.
3281 3652 3574 3709 llliserebor

1989 3740 2249 3794 miserans
2278 3739 2394 3808 ejus
2421 3754 2437 3791 :
2470 3739 2545 3792 ait
2580 3739 2834 3794 Dominus
2863 3743 3226 3813 omnipotens.
3271 3744 3308 3813 ἡ
3331 3785 3344 3800 .
3378 3747 3569 3802 Amen.

2064 3829 2083 3870 ί
2112 3831 2412 3887 Psallendo.
2445 3832 2524 3886 Ex
2557 3847 2652 3887 ore
2688 3832 2967 3889 infantium
3007 3844 3063 3890 et
3109 3837 3418 3893 lactentium
3452 3856 3576 3909 per-

1989 3924 2158 3979 lecisti
2207 3923 2417 3977 laudem
2478 3932 2699 3993 propter
2746 3925 2994 3981 inimicos
3038 3936 3176 3982 tuos.
3231 3930 3299 3984 Ut
3328 3932 3575 3989 destruas

1987 4014 2261 4070 inimicum
2290 4023 2344 4068 et
2374 4014 2388 4063 l
2418 4013 2780 4071 delensorem.
2821 4015 2858 4085 y
2882 4056 2897 4070 .
2922 4018 3184 4083 Quoniam
3211 4021 3402 4077 videbo
3428 4025 3574 4079 celos

1991 4124 2109 4167 tuos
2167 4130 2181 4167 :
2228 4127 2392 4181 opera
2432 4112 2723 4183 digitorum
2780 4123 2990 4168 tuorum
3027 4133 3038 4166 :
3073 4116 3253 4170 lunam
3287 4129 3338 4170 et
3393 4120 3576 4171 stellas

1990 4219 2122 4275 quas
2147 4215 2201 4260 tu
2226 4205 2479 4260 fundani.
2511 4204 2577 4258 P.
2616 4205 2703 4259 lit.

1990 4339 2416 4394 vetustissunum
2468 4337 2904 4408 Martyrologium
2937 4353 2951 4390 :
2992 4336 3034 4390 V
3065 4334 3190 4391 Kal.
3224 4337 3375 4402 lam,
3404 4340 3577 4397 B.tle-

294 4422 612 4473 sanctorum,
661 4425 778 4479 cap.
832 4410 925 4479 73)
952 4410 1142 4463 eadem
1166 4411 1359 4480 habet;
1395 4407 1448 4467 et
1480 4412 1666 4467 Passio
1709 4418 1878 4470 sancti
1912 4413 1961 4473 D
1986 4410 2125 4477 Item,
2159 4410 2365 4463 Natalis
2414 4420 2709 4480 sanctorum
2754 4407 3047 4467 Infantiam
3074 4418 3119 4462 et
3143 4409 3462 4477 larlentium,
3491 4416 3577 4480 qui

295 4481 535 4545 Joannis,
568 4496 689 4552 quae
718 4496 911 4552 nomen
938 4481 1125 4535 Melliti
1164 4479 1450 4552 Latttjocize
1480 4486 1717 4548 episcopi
1740 4494 1877 4552 prm-

295 4553 414 4627 le_rt,
460 4551 600 4627 apud
631 4550 701 4627 c_l.
732 4550 1123 4627 Florentinium
1151 4548 1241 4623 (In
1275 4548 1449 4605 lndic.
1477 4555 1722 4622 apostol.,
1743 4548 1873 4627 'pag.

295 4624 445 4691 150),
479 4622 546 4675 de
574 4621 764 4675 eadem
799 4638 856 4675 re
885 4620 1003 4675 fuse
1028 4622 1161 4691 agit.

361 4690 763 4745 1tDrttsianam.
820 4690 1172 4759 Apollonius,
1217 4691 1355 4761 apud
1390 4691 1706 4757 Eusebium,
1752 4710 1878 4751 san-

294 4776 441 4819 ctum
474 4763 733 4817 Joannem
762 4773 1025 4815 mortuum
1054 4762 1245 4829 Ephesi
1277 4767 1564 4817 suscitasse
1586 4766 1793 4825 scribit.
1820 4775 1879 4819 ut

293 4850 457 4905 supra
511 4833 744 4905 tuonui._
765 4832 994 4905 Mellitus
1025 4832 1113 4905 ille
1140 4830 1422 4887 Laodociae
1472 4835 1756 4905 episcopus
1786 4833 1878 4905 (In

296 4899 550 4958 Passione
602 4901 663 4955 S.
711 4899 955 4971 Joannis)
999 4901 1165 4957 refert
1207 4899 1518 4971 apostolum
1555 4899 1872 4960 Dru’siauam

294 4978 607 5031 suscitas-se.

370 5059 394 5086 ο
428 5044 625 5099 Natale
678 5055 973 5114 sanctorum
1005 5045 1365 5103 lnnocentttm.
1398 5045 1522 5100 Haec
1573 5047 1834 5102 festivitas
1857 5093 1871 5114 ,

296 5133 415 5186 qua!
459 5116 661 5186 illAaiilS
691 5113 883 5170 Natale
902 5127 1191 5169 sanctorum
1215 5115 1595 5186 lnnoccntium,
1630 5132 1720 5172 aut
1752 5121 1873 5173 bea-

298 5184 467 5240 torum
519 5184 897 5249 Innocentium,
955 5187 1005 5239 in
1057 5186 1172 5241 aliis
1224 5186 1411 5239 Natale
1454 5185 1742 5253 Infantum,
1786 5201 1878 5243 aut

297 5272 590 5312 sanctarum
616 5255 907 5323 Infantum,
939 5256 1323 5327 inquibusdam
1352 5257 1564 5310 Necatio
1586 5256 1871 5327 Infantem,

298 5340 392 5383 aut
419 5328 582 5381 etiam
615 5327 795 5379 Allasio
828 5326 1117 5395 Infan'tum,
1150 5326 1481 5391 inscribitur,
1514 5342 1543 5379 ει
1574 5326 1772 5382 Griecis
1789 5331 1876 5385 die

299 5400 365 5453 ἓξ)
415 5399 727 5453 Decembris
773 5399 1077 5452 celebratur
1105 5396 1323 5467 (Menol.
1355 5396 1589 5462 Basilii),
1618 5415 1647 5452 a
1681 5400 1880 5455 Latinis

299 5474 386 5526 die
432 5470 506 5524 28
557 5468 888 5534 Decembris,
922 5472 1162 5536 quamvis
1200 5469 1266 5521 de
1317 5469 1405 5521 die
1455 5483 1562 5535 quo
1610 5470 1879 5525 interfecti

298 5551 420 5596 sunt
476 5540 611 5594 nihil
654 5540 787 5611 certi
815 5546 1047 5611 constet.
1095 5540 1154 5611 lu
1198 5538 1572 5611 vetustissimo
1600 5539 1881 5611 Carthagi-

300 5612 450 5666 nettsi
500 5610 854 5665 Kalendario:
919 5607 962 5661 V
1000 5606 1125 5664 Kal.
1180 5608 1333 5673 Jan.,
1369 5609 1565 5662 Natale
1589 5606 1883 5664 sanctorum

301 5682 593 5753 Infantiam,
636 5696 763 5752 quos
810 5680 995 5736 occidit
1039 5678 1293 5735 Herodes.
1326 5681 1653 5738 Corbeiense
1686 5683 1883 5751 pariter

1984 4481 2076 4534 sub
2131 4480 2340 4535 Herode
2385 4497 2480 4548 pro
2531 4479 2734 4533 Christo
2783 4479 2923 4550 passi
2971 4490 3113 4534 sunt.
3141 4481 3337 4535 Eadem
3365 4479 3577 4548 quoque

1984 4551 2417 4605 Sacramentaria
2474 4551 2645 4604 Sancti
2704 4550 2922 4622 Leonis,
2966 4551 3576 4622 Gelasianum,Grego-

1984 4627 2154 4685 riana,
2215 4634 2269 4675 et
2314 4621 2745 4693 Ambrosianum
2775 4621 2991 4693 Pamelii
3038 4623 3240 4693 {torum
3273 4621 3568 4693 martyrum

1986 4694 2299 4764 memoriam
2331 4693 2592 4764 recolunt.
2631 4691 3009 4764 ln_0ratiouali
3041 4690 3267 4764 Gothico
3298 4690 3456 4764 (Pag.
3484 4696 3575 4762 52)

1986 4779 2083 4832 per
2125 4762 2464 4815 oscitantiam
2503 4761 2802 4832 quamdam?
2824 4763 3097 4814 orationes
3128 4766 3190 4815 de
3213 4761 3454 4819 allisioue
3481 4761 3572 4817 In?

1987 4831 2329 4903 Ῑαῃιωυροει
2361 4832 2551 4903 lestum
2582 4832 2751 4903 sancti
2783 4831 2979 4903 Juliaui
3010 4834 3361 4887 collocantur.

2058 4900 2083 4940 δ
2117 4902 2369 4971 Ofﬁcium.
2400 4902 2581 4956 Esdrtn
2606 4901 2695 4967 1V,
2728 4916 2787 4966 11,
2812 4902 2905 4969 9.5,
2931 4904 3019 4957 35.

2061 4984 2084 5010 θ
2132 4974 2165 5039 ᾗ
2193 5014 2207 5026 .
2237 4975 2321 5027 Ps.
2356 4988 2610 5035 cum",
2640 4974 2690 5026 1.

2062 5043 2081 5082 ί
2116 5044 2247 5113 Cap.
2280 5041 2495 5097 ΧΧΧέ.
2530 5045 2680 5096 \‘ers.
2717 5043 2903 5099 i5-20.
2952 5042 3009 5097 lu
3040 5044 3380 5103 Lectionario
3404 5046 3577 5100 Lnxo-

1986 5118 2154 5173 viensi
2189 5115 2376 5169 eadem
2428 5116 2706 5182 pr0phetia
2751 5117 2959 5181 legitur.
3000 5116 3052 5168 lu
3093 5119 3340 5170 Bobieusi
3376 5120 3572 5173 Sacra-

1986 5187 2250 5241 mentario
2283 5189 2381 5238 hac
2408 5186 2498 5240 die
2529 5186 2671 5239 nulla
2696 5195 2780 5240 est
2806 5186 3107 5253 prophetia.

2060 5268 2083 5305 8
2116 5256 2230 5313 Vox
2250 5258 2302 5311 in
2332 5258 2517 5329 Ranta.
2551 5257 2621 5329 Ita
2645 5256 2831 5310 Matth.
2862 5272 2921 5322 tt,
2956 5257 3041 5322 18,
3075 5268 3127 5311 et
3162 5255 3321 5311 LXX.
3358 5258 3579 5329 Vulgata

1988 5344 2106 5384 eum
2143 5329 2396 5383 Hebrmo:
2439 5326 2555 5381 Voa:
2582 5328 2635 5379 in
2661 5329 2881 5379 excelso.

2063 5398 2085 5436 ιι
2121 5399 2187 5453 1η
2210 5398 2469 5452 dantibus.
2507 5396 2749 5463 Vulgata.
2784 5397 3088 5450 indomitus.

2068 5470 2082 5508 ί
2125 5468 2425 5524 Psallendo.
2464 5470 2553 5521 Ps.
2578 5482 2692 5529 vn.
2726 5470 2779 5522 5.
2824 5468 2861 5536 Ῡ
2885 5510 2898 5522 .
2937 5469 3067 5521 Ibid.
3102 5466 3154 5519 4.

2066 5545 2080 5592 i
2132 5541 2485 5610 Defensorem.
2540 5538 2614 5591 Ita
2664 5538 2779 5592 ital.
2830 5550 2885 5593 et
2942 5548 3160 5594 Sanctus
3214 5539 3570 5609 Augustinus,

1992 5612 2144 5682 Vulg.
2159 5656 2172 5682 ,
2205 5612 2444 5665 ultorem.
