4052 6182
450 321 553 378 207

524 435 796 507 Sequenda
851 428 1080 566 epistol:ﬂ
1109 422 1531 564 fxitgiaﬁppyoii
1576 422 1643 473 ad
1675 419 1966 475 Corinthios

542 625 578 688 ἡ
598 661 616 679 .
644 622 751 674 Deo
778 626 998 687 grattas.

531 737 767 789 Fratres.
799 728 980 785 Gratia
1014 725 1167 780 vobis
1203 734 1262 779 et
1306 738 1407 793 pax
1441 736 1471 774 a
1505 723 1614 777 Deo
1644 721 1802 776 Patre
1859 727 2043 772 nostro

458 840 512 884 et
562 826 787 881 Domino
815 821 940 877 Jesu
971 818 1206 874 Christo.
1244 816 1563 872 Benedictus
1614 814 1753 868 Deus
1784 822 1840 867 et
1884 811 2044 864 Pater

457 917 671 972 Domini
701 914 867 969 nostri
918 910 1045 967 Jesu
1076 908 1272 964 Christi
1310 926 1321 961 :
1362 906 1519 960 Pater
1549 902 2041 959 misericordiarutn

458 1020 511 1063 et
546 1007 685 1061 Deus
713 1005 877 1058 totius
906 999 1339 1057 consolationis:
1378 997 1466 1063 qui
1503 994 1813 1049 consolatur
1862 1006 1963 1045 nos
1990 990 2042 1043 in

458 1100 603 1153 omni
636 1096 975 1151 tribulatione
996 1102 1177 1146 nostra
1211 1106 1226 1144 :
1259 1097 1318 1143 ιιι
1371 1086 1640 1158 possimus
1693 1094 1750 1140 et
1780 1084 1881 1148 ipsi
1910 1097 2043 1135 cono

460 1194 620 1247 solari
660 1205 755 1245 eos
785 1191 873 1257 qui
900 1188 952 1241 in
977 1187 1119 1239 omni
1149 1197 1397 1252 pressura
1441 1190 1565 1234 sunt
1596 1197 1610 1233 :
1656 1194 1749 1246 per
1787 1178 2046 1231 exhorta-

456 1274 658 1337 tionem
686 1296 785 1347 qua
819 1284 1163 1331 exhortamur
1187 1287 1235 1329 et
1264 1274 1363 1337 ipsi
1395 1288 1423 1325 a
1460 1268 1867 1336 l)eo.Quuniant
1901 1267 2044 1321 sicut

461 1374 735 1429 abundant
792 1379 1065 1438 paSStmtcs
1119 1365 1313 1419 Christi
1371 1364 1422 1416 in
1481 1362 1635 1415 nobis
1678 1377 1691 1412 :
1738 1359 1809 1413 ita
1852 1366 1906 1411 et
1954 1371 2048 1424 per

462 1465 734 1518 Christum
793 1459 1027 1514 almmlet
1078 1455 1380 1510 consolatio
1430 1461 1632 1505 nostra.
1684 1448 1811 1504 Sive
1868 1459 2045 1501 autem

465 1556 818 1610 trihttlautur:
855 1566 951 1620 pro
983 1557 1160 1602 vestra
1202 1546 1577 1600 exhortatione
1616 1548 1669 1594 et
1694 1539 1892 1593 salute.
1920 1536 2049 1591 Sive

380 1676 383 1677 ν
463 1647 802 1701 consolamur
834 1659 928 1713 pro
974 1650 1151 1696 vestra
1184 1636 1577 1693 consolatione.
1625 1632 1751 1688 Sive
1792 1627 2048 1685 exhorta-

464 1754 587 1793 mur
618 1754 712 1807 pro
749 1747 923 1792 vestra
975 1734 1347 1790 exhortatione
1384 1738 1457 1784 et
1485 1730 1655 1782 salute
1690 1743 1702 1779 :
1756 1739 1861 1795 que
1916 1737 2049 1792 ope-

469 1843 617 1885 ratur
648 1829 979 1883 tolerantiam
1027 1824 1315 1879 earundem
1349 1821 1655 1889 passionum
1682 1834 1694 1870 :
1723 1831 1855 1885 quas
1883 1825 1937 1868 et
1958 1826 2055 1866 nos

475 1923 744 1992 patimur:
775 1929 826 1974 et
865 1932 988 1986 spes
1043 1922 1224 1969 nostra
1258 1913 1408 1966 firma
1461 1926 1557 1980 pro
1603 1908 1777 1964 vobis.
1811 1907 2059 1963 Scientes

464 2014 718 2085 quoniam
752 2013 891 2066 sicut
929 2008 1060 2064 socii
1094 2007 1401 2078 passionum
1450 2003 1583 2059 estis
1619 2020 1631 2056 :
1678 2002 1756 2056 sic
1804 2000 1957 2056 eritis
2006 2007 2061 2053 et

472 2101 881 2161 consolationis.

559 2220 631 2284 ἢ.
668 2215 860 2270 Amen.

572 2346 741 2400 Lectio
782 2342 964 2399 Sancti
1010 2337 1595 2410 Et-ongeliiaecundum
1634 2332 1919 2389 Mattheum

1004 2412 1063 2483 (ιι
1096 2405 1225 2481 cap.
1248 2408 1299 2464 ax
1315 2405 1520 2478 VIII).

546 2512 601 2565 In
631 2508 822 2564 diebus
851 2505 958 2561 illis
990 2521 1003 2556 :
1048 2500 1217 2559 oblati
1262 2509 1390 2555 sunt
1439 2497 1666 2553 Domino
1708 2502 1893 2549 nostro
1932 2491 2061 2547 Jesu

472 2604 693 2660 Christo
725 2599 927 2669 parvuli
962 2615 976 2652 :
1017 2605 1075 2651 ut
1119 2608 1312 2649 manus
1341 2594 1421 2648 eis
1451 2598 1722 2662 poneret:
1750 2596 1807 2643 et
1856 2593 2060 2640 oraret.

478 2693 737 2763 Discipuli
766 2700 945 2746 autem
970 2686 1323 2755 increpabant
1349 2698 1465 2739 eos.
1490 2681 1650 2737 Jesus
1680 2694 1807 2734 vero
1831 2677 1907 2732 ait
1934 2677 2017 2732 eis
2047 2693 2060 2729 :

475 2785 633 2841 sinite
658 2782 905 2854 parvulos
935 2797 947 2832 :
982 2789 1036 2833 et
1064 2778 1231 2833 nolite
1259 2790 1354 2831 eos
1390 2773 1675 2846 prohibere
1710 2774 1776 2825 ad
1809 2785 1896 2825 me
1916 2770 2063 2824 veni-

479 2894 537 2934 re
566 2895 581 2932 :
615 2877 797 2931 talium
828 2882 910 2928 est
932 2871 1073 2926 enim
1104 2883 1326 2940 regnum
1357 2867 1619 2922 celerum.
1650 2866 1715 2920 Et
1744 2879 1864 2919 eum
1891 2862 2063 2933 impo-

479 2972 678 3024 suisset
703 2968 781 3022 vis
810 2978 999 3019 manus
1030 2980 1045 3017 :
1074 2963 1206 3017 abiit
1240 2961 1388 3016 inde.
1433 2960 1488 3015 lu
1529 2959 1618 3013 illa
1662 2959 1790 3011 hora
1819 2969 2066 3013 accesse-

480 3070 603 3115 runt
633 3055 881 3126 discipuli
913 3054 980 3110 ad
1006 3054 1185 3109 Jesum
1218 3053 1484 3107 dicentes.
1534 3049 1665 3116 Quis
1697 3056 1851 3118 putas
1892 3045 2063 3114 major

1207 309 1497 366 MISSME
1540 306 1807 363 MIXTUNI
1850 304 2000 360 SEC.
2046 302 2202 359 REC.
2253 302 2312 357 Β.
2359 300 2627 359 lSlDURl.
2678 333 2743 343 —
2788 303 2963 359 PARS
3003 304 3043 358 1.

3628 306 3737 361 903

2069 422 2115 477 Α
2219 417 2365 471 Dicat
2409 416 2590 471 Presb.
2620 416 2873 470 Dominus
2903 419 2972 468 sit
3016 430 3227 483 semper
3252 416 3542 470 vobiscum.
3568 415 3606 486 ἡ
3627 456 3640 470 .
3672 418 3737 472 itit

2143 524 2262 561 NII"
2272 548 2286 561 .

2216 611 2238 638 ο
2266 598 2471 654 Lauda.
2502 598 2755 668 Alleluja.
2775 598 2810 667 ᾗ
2837 636 2850 650 .
2871 597 3227 652 Amlmlahunt
3249 597 3417 652 sancti
3445 597 3740 668 gaudentes

2143 692 2291 745 velut
2315 689 2439 759 agni
2470 690 2612 758 pleni
2642 704 2859 759 pascuo.
2890 688 2955 742 P.
2984 688 3226 760 Atleluja.

2216 802 2240 841 ἀ
2267 804 2618 873 Sacriﬁcium.
2653 802 2767 856 Vidi
2818 804 2918 856 sub
2946 818 3037 855 ara
3071 802 3165 857 Dei
3202 803 3410 857 animas
3442 798 3741 859 occisorum

2147 906 2363 965 propter
2393 895 2615 949 verbum
2648 894 2740 949 Dei
2782 903 2839 949 et
2875 894 3185 964 martyrium
3209 909 3404 948 suum:
3452 904 3507 950 et
3550 910 3744 966 magno

2145 991 2380 1045 clamore
2409 988 2661 1043 dicebant
2689 987 2834 1040 salus
2873 986 2982 1043 Deo
3028 996 3212 1041 nostro
3249 985 3461 1055 alleluja
3506 986 3740 1057 alleluja.

2138 1106 2143 1113 κ
2220 1080 2400 1135 Missa.
2413 1089 2436 1117 ε
2452 1080 3126 1135 Catholieamdilcctissimi
3144 1080 3335 1135 fratres
3349 1079 3598 1149 religiosa
3617 1081 3745 1141 fides

2145 1182 2418 1227 ammonet
2449 1177 2695 1241 pietatem
2724 1189 2737 1223 :
2772 1171 3107 1239 interemptis
3136 1184 3233 1241 pro
3273 1171 3490 1225 Chrism
3532 1172 3748 1226 infanti-

2150 1265 2246 1318 bus
2276 1265 2477 1318 cultutn
2508 1264 2764 1318 exhibere
2798 1278 2900 1316 non
2931 1262 3165 1316 luctum:
3191 1262 3412 1317 honoris
3436 1264 3747 1331 impendere

2150 1354 2505 1411 cerimonias:
2562 1370 2666 1408 non
2727 1353 2941 1408 doloris.
2996 1353 3359 1409 Sacratnentis
3408 1355 3538 1410 dare
3585 1364 3745 1410 vota:

2153 1463 2259 1502 non
2292 1444 2597 1517 lachrymis.
2628 1447 2758 1512 Quia
2800 1447 2983 1514 ipsum
3033 1454 3221 1501 mortis
3251 1459 3467 1500 causam
3517 1448 3751 1501 habeant

2151 1554 2311 1609 quem
2357 1551 2576 1592 comae.
2628 1538 2799 1607 ipsum
2830 1537 2952 1591 odio
2994 1538 3203 1593 (onstet'
3249 1538 3506 1594 interesse
3540 1555 3559 1591 τι
3585 1553 3750 1608 quem

2153 1630 2378 1698 prentio.
2405 1628 2568 1683 Recte
2588 1627 2731 1683 enim
2765 1628 2814 1680 in
2835 1627 2938 1681 illis
2963 1640 2992 1682 a
3022 1627 3362 1683 credentibus
3390 1626 3747 1683 laudabatur:

2157 1723 2299 1777 inter
2342 1736 2479 1791 quos
2521 1736 2549 1774 a
2605 1719 3050 1789 persequentibus
3078 1720 3420 1789 querebatur.
3454 1719 3625 1774 Etiam
3658 1734 3754 1775 no-

2159 1820 2342 1868 centes
2367 1811 2642 1867 Christum
2675 1829 2779 1865 uon
2813 1811 3071 1880 putabant
3098 1826 3258 1868 esse:
3307 1813 3406 1866 nisi
3431 1810 3572 1868 inter
3598 1812 3755 1867 inuo-

2159 1914 2382 1960 centes:
2415 1913 2742 1959 cumtamen
2778 1905 2878 1959 hoc
2923 1920 3029 1958 non
3083 1904 3308 1961 haberet
3358 1904 3627 1961 veneratio
3661 1921 3757 1975 pro

2163 1995 2306 2051 fide:
2334 1995 2430 2052 sed
2459 1996 2730 2052 estimatio
2764 1993 2783 2034 ί
2818 2011 2916 2066 pro
2944 2005 3117 2053 etate.
3138 1997 3283 2064 Quos
3328 1997 3394 2052 iu.
3413 2006 3531 2052 erto
3555 1997 3758 2053 falsitas

2134 2088 2454 2158 'perdebat:
2488 2090 2584 2146 hos
2617 2104 2713 2160 pro
2732 2098 2890 2146 certo
2919 2091 3111 2145 veritas
3136 2093 3469 2161 acquirebat.
3512 2091 3607 2147 Ubi
3636 2108 3758 2146 cru-

2164 2180 2355 2235 delitas
2399 2179 2692 2250 impietatis
2740 2182 2990 2239 errabat:
3025 2181 3097 2236 ibi
3129 2183 3353 2238 hostiam
3385 2198 3532 2237 suam
3569 2183 3761 2239 Salva-

2164 2272 2297 2327 toris
2338 2270 2507 2339 pietas
2555 2274 2899 2341 agnmccbat.
2955 2272 3201 2328 Scientes
3256 2274 3417 2344 igitur
3462 2274 3627 2328 illos:
3681 2276 3762 2328 sie

2166 2364 2356 2419 melius
2383 2365 2660 2420 moriendo
2684 2365 2919 2421 crevisse
2946 2385 2960 2421 :
2984 2374 3039 2420 et
3063 2368 3201 2437 quod
3226 2376 3351 2421 tunc
3375 2368 3529 2421 annis
3550 2366 3719 2422 defuit
3746 2388 3759 2423 :

2166 2470 2272 2510 non
2295 2456 2501 2510 meritis
2516 2455 2728 2512 deesse.
2752 2457 3019 2525 [legemus
3038 2469 3094 2511 ut
3116 2458 3207 2528 qui
3238 2458 3337 2512 sub
3359 2470 3760 2527 persecutorem

2168 2548 2415 2603 manibus
2437 2549 2613 2618 perire
2636 2563 2740 2603 non
2762 2548 3005 2603 dubitant
3029 2549 3252 2618 parvuli:
3269 2550 3322 2605 in
3349 2542 3761 2622 supplicantium

2170 2639 2417 2711 precibus
2443 2640 2731 2711 dignentur
2760 2642 3082 2699 intervenire
3113 2643 3353 2713 perfecti.

2256 2732 2293 2801 ti)
2314 2772 2327 2787 .
2362 2735 2555 2789 Amen.

2240 2848 2357 2902 Alia
2382 2848 2571 2902 oratio.
2603 2846 2744 2902 Deus
2768 2846 2921 2918 cujus
2950 2846 3314 2904 misericordia
3353 2863 3447 2917 per
3477 2860 3765 2919 utrumque

2171 2954 2361 2995 sexum
2387 2950 2441 2995 et
2470 2955 2565 3010 per
2593 2954 2804 2995 omnem
2832 2938 3063 2995 cucurrit
3092 2948 3288 2994 etatem
3316 2956 3329 2992 :
3370 2939 3443 2994 ita
3473 2942 3761 3009 plurimum

2170 3030 2459 3087 infantibus
2513 3031 2761 3088 affectum
2812 3040 3034 3103 paterae
3077 3032 3285 3101 pietatis
3337 3032 3655 3103 indulgens:
3709 3048 3766 3088 ut

476 3164 562 3209 est
590 3154 643 3207 in
672 3165 838 3221 regno
866 3149 1126 3203 celerum.
1152 3146 1220 3200 Et
1240 3144 1511 3200 advocans
1538 3144 1697 3199 Jestts
1734 3138 2012 3210 parvulum
2048 3155 2063 3194 :

2174 3124 2422 3195 parvulos
2472 3138 2572 3180 nec
2621 3124 2690 3179 ab
2738 3132 2766 3173 ι
2818 3123 3007 3194 Egipto
3055 3124 3224 3179 teneri
3274 3123 3519 3180 sineres:
3567 3139 3667 3179 nec
3694 3126 3767 3179 ab

480 3244 665 3300 statuit
692 3257 814 3297 eum
863 3240 917 3295 in
950 3237 1126 3292 tnedio
1168 3251 1373 3291 eorum.
1419 3235 1487 3289 Et
1534 3234 1687 3288 dixit.
1723 3235 1896 3287 Amen
1946 3229 2067 3286 dico

477 3336 634 3391 vobis
663 3353 676 3389 :
709 3334 809 3388 nisi
836 3330 1081 3387 conversi
1110 3328 1315 3386 fueritis
1347 3346 1358 3381 :
1387 3336 1442 3384 et
1461 3326 1765 3395 efficiamini
1788 3326 1927 3379 sicut
1948 3338 2067 3395 par-

481 3426 587 3481 vuli
622 3444 635 3479 :
665 3440 773 3480 non
800 3423 1065 3479 intrabitis
1095 3422 1147 3475 in
1186 3433 1410 3491 regnum
1455 3419 1718 3474 celerum.
1750 3416 2065 3486 Quicunque

484 3519 843 3575 bumiliaverit
867 3531 927 3572 se
966 3517 1105 3571 sicut
1132 3514 1384 3584 parvulus
1407 3512 1669 3567 istezihic
1711 3508 1989 3581 estmajor
2014 3511 2067 3562 in

485 3626 652 3679 regno
676 3608 939 3665 celerum.
972 3606 1037 3658 Et
1059 3606 1146 3672 qui
1177 3601 1478 3671 susceperit
1506 3601 1785 3668 parvulum
1820 3601 1981 3655 talem
2012 3599 2066 3654 in

486 3702 704 3756 nomine
725 3712 847 3752 meo
875 3713 890 3750 :
917 3711 1005 3749 me
1031 3694 1291 3764 suscepit.
1324 3691 1424 3761 Qui
1463 3700 1639 3746 autem
1668 3690 2069 3747 scandalizave-

486 3795 559 3847 rit
586 3806 747 3845 unum
777 3788 846 3843 de
884 3786 1097 3858 pusillis
1125 3785 1240 3840 istis
1283 3786 1376 3855 qui
1405 3784 1458 3839 in
1489 3798 1576 3838 me
1606 3783 1833 3838 credunt
1864 3798 1879 3837 :
1907 3795 2073 3851 expe-

490 3885 568 3935 dit
592 3881 639 3935 ei
673 3888 735 3934 ut
772 3878 1129 3948 suspendatur
1178 3875 1317 3930 mola
1346 3874 1577 3930 asinaria
1626 3874 1679 3930 in
1729 3874 1870 3929 collo
1910 3873 2069 3942 ejus:

480 3983 545 4029 et
571 3973 911 4041 demergatur
954 3970 1008 4024 in
1041 3965 1369 4038 profundum.
1409 3964 1592 4020 maris.
1637 3964 1824 4019 Videte
1864 3962 1975 4035 5.9
2005 3977 2073 4019 ne

490 4063 848 4118 eontemnatis
879 4075 1041 4115 unum
1084 4073 1149 4114 ex
1182 4057 1265 4113 his
1297 4057 1520 4129 pusillis.
1556 4056 1686 4111 Dico
1714 4056 1856 4111 enim
1882 4054 2072 4109 vobis:

490 4157 612 4226 quia
643 4154 820 4226 angeli
849 4167 1033 4210 eorum
1062 4166 1278 4221 semper
1298 4150 1481 4206 vident
1503 4148 1691 4203 faciem
1724 4147 1896 4202 Patris
1924 4148 2027 4201 tnei
2059 4163 2072 4200 :

489 4250 582 4317 qui
614 4250 664 4302 iu
694 4247 825 4303 celis
872 4255 976 4302 est.
1012 4246 1169 4301 Venit
1196 4245 1342 4299 enim
1391 4242 1531 4297 filius
1584 4240 1816 4296 hominis
1860 4240 2072 4295 salvare

492 4341 634 4411 quod
669 4341 919 4410 perierat.
958 4338 995 4405 ἢ
1018 4377 1031 4391 .
1066 4340 1259 4393 Amen.

2172 3218 2449 3288 evangelio
2471 3217 2743 3288 prohiberi
2772 3234 2787 3272 :
2819 3217 2945 3272 dum
2976 3215 3029 3271 in
3061 3217 3179 3286 lege
3211 3232 3331 3271 cum
3364 3216 3601 3286 patribus
3627 3231 3768 3271 eva-

2171 3312 2365 3368 derent
2395 3312 2649 3367 mundum
2676 3327 2690 3365 :
2721 3319 2774 3366 et
2800 3310 2853 3365 in
2879 3310 3050 3381 gratia
3076 3325 3197 3365 cum
3226 3310 3478 3380 perfectis
3503 3324 3763 3365 vocareno

2173 3416 2259 3462 tur
2284 3406 2353 3462 ad
2390 3421 2656 3477 regnum:
2706 3414 2867 3475 atque
2916 3405 3251 3460 institutione
3288 3403 3566 3458 doctrine:
3601 3404 3769 3458 inuo-

2173 3500 2345 3554 centia
2382 3511 2629 3566 .exspers
2678 3497 2803 3550 mali
2868 3498 3036 3551 forma
3106 3494 3448 3566 induceretur
3508 3497 3764 3565 exempli.

2178 3592 2320 3646 Dona
2365 3576 2520 3644 nobis
2570 3587 2777 3644 famulis
2827 3587 2967 3642 tuis:
3017 3596 3074 3642 ut
3120 3587 3331 3642 malicie
3376 3586 3577 3642 viribus
3618 3586 3769 3642 defe-

2174 3687 2328 3742 cati:
2379 3686 2431 3740 in
2482 3699 2636 3740 usum
2698 3683 3134 3755 concttpiscentie
3194 3682 3427 3737 carnalis
3491 3679 3709 3735 invalidi
3750 3697 3766 3733 :

2175 3779 2459 3835 docibilem
2526 3792 2806 3834 servemus
2871 3774 3165 3845 disciplinis
3231 3772 3582 3827 voluntatem.
3648 3770 3771 3838 Quo

2177 3886 2330 3927 mens
2375 3884 2474 3926 nec
2518 3869 2686 3940 rigida
2720 3882 2817 3923 nec
2864 3865 3133 3937 superba:
3186 3863 3270 3919 sic
3321 3865 3391 3919 sit
3422 3861 3650 3917 blanda:
3697 3878 3770 3916 ne

2180 3960 2348 4017 facilis
2378 3979 2389 4013 :
2423 3961 2500 4015 sic
2530 3961 2824 4016 innocens:
2880 3972 2950 4013 ne
2997 3954 3338 4025 imprudens:
3385 3954 3465 4009 sic
3504 3951 3720 4007 humilis
3751 3967 3768 4004 :

2179 4069 2248 4108 ne
2291 4053 2595 4108 imbecillis.
2649 4052 2921 4119 Quatenus
2969 4057 3179 4103 maturo
3205 4046 3542 4101 discretionis
3566 4042 3772 4113 judicio

2179 4151 2258 4203 sic
2287 4147 2514 4202 sufficiat
2544 4146 2771 4215 probare
2809 4142 2951 4214 quod
3001 4142 3243 4211 placeat:
3290 4148 3349 4195 ut
3396 4138 3645 4194 aﬂ'eetare
3672 4153 3771 4192 tte-

2180 4244 2316 4297 sciat
2339 4239 2479 4309 quod
2508 4237 2803 4306 delinquat.
2831 4239 3004 4303 Atque
3031 4234 3103 4288 ita
3131 4231 3399 4287 salubrem
3420 4236 3600 4285 sumat
3630 4239 3771 4284 tem—

2185 4331 2479 4404 perantiam
2533 4327 2846 4383 moderante
2889 4322 3115 4380 consilio
3146 4338 3162 4377 :
3192 4330 3250 4377 ut
3285 4332 3340 4377 et
3372 4318 3769 4390 simplicitatem

571 4511 594 4538 α
624 4500 752 4568 Cap.
798 4497 850 4551 I.
886 4496 1039 4551 Vers.
1076 4494 1113 4546 2
1136 4496 1253 4568 :7.
1284 4490 1650 4568 Lectiouarius
1700 4491 2070 4568 Luxoviensis,
2108 4501 2160 4561 ι)
2188 4468 2353 4568 nitur;
2380 4493 2433 4539 et
2465 4476 3123 4568 Dene_d_icausa“illesapc't'i2
3151 4475 3292 4568 Petri
3316 4474 3617 4568 Canonieus
3638 4473 3759 4542 (qui

494 4582 551 4629 et
602 4560 1395 4627 Sacramentarium'Bobieuse
1434 4560 1726 4630 Epistulam
1755 4576 1819 4617 ex
1864 4565 2077 4631 Apoca-

500 4642 663 4715 lypsi,
690 4655 762 4705 VI,
1024 4635 1300 4715 exhibent:

570 4701 596 4751 Β
626 4701 759 4776 Cap.
786 4704 1014 4763 XVIII.
1057 4705 1398 4776 Evangelium
1429 4717 1494 4776 ex
1515 4701 1766 4776 _Laeiniis
1806 4715 1925 4770 cap.
1961 4718 2075 4776 χιε,

500 4797 665 4845 xvm,
696 4771 883 4833 Matth.
916 4771 1333 4832 eonsutmu'est.
1365 4772 1551 4845 Incipit
1573 4786 1601 4825 a
1632 4774 1804 4845 capite
1837 4789 1949 4837 nx,
1986 4771 2079 4826 15-

504 4852 594 4918 15;
617 4841 727 4904 tum
758 4848 1241 4918 adnectiturcaput
1268 4859 1414 4918 xvttt,
1441 4841 1563 4918 μᾷ)
1586 4842 1654 4918 ad
1685 4843 1928 4918 ultimum
1963 4859 2081 4918 ver-

498 4912 656 4977 siculi
691 4920 780 4981 10,
814 4918 899 4983 ll,
931 4916 1171 4985 ejusdem
1198 4916 1410 4982 capitis,
1439 4912 1784 4985 adjiciuntur.
1804 4915 1857 4985 lu
1889 4913 2079 4967 lectio-

502 4994 654 5048 nario
684 4982 1008 5043 Luxoviensi
1037 5028 1053 5049 ,
1101 5000 1196 5052 pro
1239 4985 1527 5051 Evangelio
1568 4982 1771 5053 legitur
1811 4984 2080 5053 integrum

496 5072 666 5132 caput
708 5059 1002 5132 secundum
1045 5051 1215 5132 sancti
1259 5055 1514 5132 Matthtci.
1566 5051 1621 5105 In
1648 5051 2084 5132 Sac_ran_tctt:ta_r_io

506 5119 753 5188 Bobiensi
777 5129 969 5197 legitur
995 5143 1059 5182 ex
1083 5126 1274 5197 eodem
1310 5126 1485 5197 capite
1509 5121 1948 5197 _sancti_lllatthae_i
1981 5119 2080 5197 1‘3-

505 5205 597 5285 Ξρ.
657 5203 802 5258 Idem
831 5192 1188 5268 'Evangelium
1233 5195 1286 5249 iit
1320 5192 1644 5247 Kalendario
1685 5192 1971 5248 Frontonis
2003 5192 2084 5248 le-

502 5286 835 5395 ΕΙἽιυὶιιιιάιι.
880 5339 957 5393 Ex
978 5337 1268 5406 Sapientia,
1303 5351 1420 5406 tux,
1441 5335 1496 5389 9.

579 5411 603 5451 '3
633 5412 977 5476 Sacri/icium.
1021 5404 1261 5477 Apocalq
1293 5420 1367 5470 vt,
1397 5404 1451 5458 9.

582 5492 607 5519 ο
649 5475 985 5535 Catholicam.
1049 5475 1102 5533 lit
1151 5479 1386 5546 Liturgia
1434 5475 1760 5545 Grcgoriana
1828 5484 2085 5530 consueta

509 5551 707 5607 laetitia:
735 5552 885 5619 signa
928 5554 978 5604 in
1019 5550 1307 5604 festivitate
1348 5548 1719 5619 Innocentium
1761 5546 2086 5619 praetermit-

509 5630 713 5677 tutttur.
745 5615 810 5672 In
834 5618 1015 5674 ofﬁcio
1038 5634 1143 5673 non
1168 5621 1361 5673 dicitur
1389 5617 1461 5672 ’I'e
1488 5615 1676 5684 Deum,
1710 5616 1760 5672 in
1790 5618 1949 5671 missa
1981 5633 2085 5670 non

510 5694 719 5747 canitur
753 5686 953 5751 Gloria,
1006 5705 1103 5743 nec
1145 5689 1391 5751 Alleluia,
1443 5689 1537 5743 sed
1580 5690 1697 5755 ejus
1737 5688 1856 5742 loco
1893 5698 2089 5740 tractus

505 5764 722 5830 dicitur,
755 5774 854 5817 nec
884 5762 936 5815 in
959 5760 1061 5813 fine
1090 5757 1187 5823 Ite,
1222 5758 1315 5813 sed
1345 5759 1715 5812 Bcnedicamus
1747 5756 1966 5810 Domino
1995 5772 2085 5812 ca-

2183 4545 2565 4613 circa'aunum
2599 4551 2736 4605 ill-0
2766 4546 2958 4604 librum
2991 4546 3293 4601 Pollicitum
3325 4545 3561 4613 scripsit,
3603 4559 3765 4612 quem

2183 4630 2256 4681 cl.
2306 4621 2648 4680 Mabillonius
2695 4622 2837 4675 inter
2864 4618 3107 4673 Ordines
3136 4615 3340 4679 edidit,
3390 4615 3575 4669 Musaei
3635 4614 3754 4668 ltal.

2183 4708 2307 4753 tom.
2336 4693 2422 4765 II)
2447 4692 2604 4747 tradit
2629 4687 2816 4765 (Ibid.,
2845 4707 2899 4760 p.
2931 4688 3055 4757 150)
3086 4687 3227 4756 quod
3263 4687 3481 4765 Romani
3510 4687 3776 4765 innocen-

2186 4778 2296 4823 tum
2325 4754 2416 4820 die
2434 4780 2534 4818 non
2563 4754 2833 4815 comedunt
2846 4754 3087 4821 carnem,
3106 4754 3459 4827 'necsagimen
3487 4754 3586 4807 nisi
3615 4768 3773 4827 petie-

2183 4842 2251 4892 rit
2272 4839 2327 4891 in
2354 4835 2622 4889 Dominico
2651 4834 2757 4894 die;
2802 4832 3042 4885 rationes
3074 4823 3463 4897 mysticaslege
3492 4824 3631 4897 apud
3665 4823 3769 4877 Mi.

2184 4908 2458 4976 crologum
2511 4904 2652 4976 (cap.
2681 4892 2800 4976 56),
2850 4892 3229 4976 _Amal_ariu'm_,
3284 4896 3550 4976 aliosque.
3600 4892 3771 4976 ῐξρηο

2187 4980 2289 5033 ista
2330 4963 2662 5032 consuetudo
2705 4963 2809 5027 hoc
2850 4970 2972 5025 loco
3016 4967 3302 5037 improbari
3349 4968 3579 5037 videtur.
3622 4963 3774 5037 Sane

2188 5056 2405 5103 sanctus
2430 5045 2881 5113 Chrodegangus,
2919 5041 2972 5113 in
3002 5033 3367 5113 regula_(Cap.
3402 5034 3516 5103 7i),
3549 5033 3775 5087 festivi-

2189 5128 2352 5173 tatem
2384 5108 2793 5170 lnfantum'intEr
2816 5111 3103 5179 pracipuos
3126 5108 3474 5179 solemuirates
3497 5117 3773 5179 recenset.

2191 5189 2261 5244 Et
2287 5189 2342 5244 in
2368 5186 2623 5242 Ecclesiis
2651 5176 3134 5247 Gallia'rum,'te5te
3155 5178 3451 5247 Atnalario,
3484 5185 3538 5228 et
3568 5176 3620 5247 in
3650 5186 3772 5227 mo-

2192 5259 2461 5321 nasteriis,
2506 5258 2556 5308 in
2578 5254 2756 5309 officio
2784 5245 3127 5321 Innoceutum
3162 5248 3231 5321 'Ife
3253 5246 3423 5321 Deum,
3447 5245 3769 5321 cauebatur,

2191 5340 2246 5384 et
2282 5328 2337 5383 in
2387 5315 2544 5381 Missa
2576 5324 2797 5378 Alleluia
2828 5330 2883 5393 et
2928 5318 3128 5374 Gloria.
3169 5319 3284 5374 Soli
3336 5317 3551 5385 quidem
3580 5315 3773 5393 clerici

2193 5415 2345 5454 usum
2372 5398 2668 5453 Romanum
2703 5392 3083 5447 imitabantur.
3240 5406 3243 5411 ⁴

2269 5469 2287 5508 τ
2322 5468 2428 5523 Pro
2454 5476 2623 5521 actate.
2656 5466 2883 5518 Sanctus
2901 5463 3198 5531 Cyprianus
3220 5457 3417 5531 (Epist.
3445 5457 3541 5531 56)
3570 5455 3775 5512 :cb'taa

2193 5543 2408 5596 necdum
2438 5539 2617 5607 habilis
2644 5538 2712 5587 ad
2732 5526 2961 5607 pugnaui
2980 5526 3163 5607 idonea
3188 5530 3375 5583 exstitit
3386 5526 3779 5607 “adcoronam,

2194 5621 2247 5666 ut
2276 5618 2542 5682 appareret
2569 5597 2874 5682 Innoc'ent'es
2895 5618 3006 5682 esse
3027 5602 3115 5672 qui
3142 5612 3351 5679 propter
3378 5597 3642 5681 Christum
3672 5613 3776 5650 ne-

2192 5671 2391 5743 cant'u'r,
2418 5677 2651 5745 Infantia
2678 5678 2924 5730 innocens
2954 5675 3017 5726 ob
3044 5671 3233 5745 nomen
3260 5671 3371 5741 ejus
3394 5671 3561 5725 occisa
3578 5678 3672 5724 est.

2266 5761 2290 5801 ι
2324 5742 2577 5819 Egypto.
2622 5747 2786 5802 Exodi
2816 5761 2871 5815 ι,
2899 5745 2954 5809 9;
2987 5758 3093 5809 xtv,
3121 5742 3209 5797 57.
