4052 6182
499 513 595 571 ΞΗ

679 634 701 660 ⁸
730 623 791 677 ΙΝ
813 621 1050 675 SANCTI
1078 620 1311 678 IACOBI
1331 624 1626 679 FRATRIS
1648 624 1903 679 DOMINI.

962 714 1040 768 Ad
1088 713 1139 767 Μ
1149 716 1317 768 issam.
1355 714 1432 786 Of
1426 716 1617 783 ﬁcium.

565 807 798 861 Gloriam
823 815 876 859 et
903 821 1147 875 magnum
1172 805 1442 861 decorem.
1469 804 1691 872 Require
1715 805 1767 859 in
1788 807 1950 859 sancti
1981 805 2083 860 Sa-

496 904 689 960 turnini
719 902 811 971 fol.
839 902 930 955 25.

568 995 765 1046 Oratio.
813 992 982 1046 llodie
1030 991 1182 1044 nobis
1232 996 1530 1045 thesaurus.
1571 990 1787 1060 nequire
1831 993 1884 1045 in
1912 991 2082 1044 natale

497 1084 706 1137 Domini
736 1083 826 1151 fol.
860 1082 947 1135 57.

564 1200 732 1253 Lectio
765 1201 882 1254 libri
903 1200 1148 1268 sapientia
1184 1197 1477 1254 Salomonis
1506 1198 1554 1265 (δ
1588 1200 1714 1269 Cap.
1749 1198 2004 1271 XVIII).

578 1315 615 1372 ti
640 1356 650 1367 .
686 1314 796 1368 Deo
825 1314 1043 1382 gratias.

560 1425 756 1497 Tetigit
788 1440 809 1466 ο
841 1427 1042 1495 justum
1092 1436 1311 1481 tentatto
1342 1428 1567 1480 mortis:
1601 1438 1655 1480 et
1698 1429 1989 1482 commotio
2020 1426 2073 1482 in

488 1514 705 1570 heremo
736 1518 872 1572 faeta
916 1526 997 1571 est
1022 1518 1412 1572 multitudinis:
1447 1518 1539 1572 sed
1574 1534 1677 1573 non
1709 1518 1797 1571 diu
1824 1534 2077 1588 perman-

483 1610 549 1663 sit
580 1612 654 1662 ira
684 1619 791 1663 tua.
824 1610 1121 1679 Properans
1149 1610 1289 1664 enim
1316 1610 1474 1663 homo
1505 1610 1620 1665 sine
1648 1611 1864 1679 querela
1887 1607 1911 1647 ά
1948 1626 2073 1679 pto-

484 1702 736 1770 pugnavit
768 1700 1044 1769 proferens
1072 1700 1342 1755 servitutis
1372 1715 1469 1754 sue
1496 1709 1701 1755 scutum
1728 1702 2027 1755 orationem
2058 1721 2070 1752 :

482 1803 531 1845 et
562 1808 656 1861 per
683 1792 957 1845 incensum
991 1791 1422 1856 deprecationem
1454 1790 1699 1859 alligans.
1742 1790 1955 1846 Restitit
1998 1791 2075 1846 ire

484 1891 541 1934 et
580 1882 736 1936 linem
784 1880 1036 1951 imposuit
1088 1882 1439 1936 necessitati:
1491 1882 1780 1938 ostendens
1823 1884 2070 1953 quoniam

1242 508 1536 565 MISSALE
1578 511 1846 566 lllXTUM
1891 508 2033 565 SEC.
2078 508 2234 564 ΠΕΟ.
2283 510 2342 563 Β.
2382 508 2645 564 ISIDORI.
2691 543 2762 552 —
2802 512 2978 568 PARS
3016 513 3055 565 l.

2113 630 2159 685 Α
2189 634 2240 678 et
2290 624 2594 679 Alexander
2639 642 2652 679 :

3666 508 3771 565 212

2696 640 2831 695 quos
2875 627 3066 680 tradidi
3114 625 3352 681 Sathane
3398 642 3414 680 :
3457 636 3513 681 ut
3560 627 3769 685 discant

2188 730 2290 769 non
2333 714 2727 785 hIaSphemare.
2763 716 2778 766 i
2818 716 3055 772 Obsecro
3084 718 3244 787 igitur
3273 718 3500 786 primum
3528 720 3765 773 omnium

2186 806 2295 859 fieri
2326 806 2727 861 obsecrationes
2762 824 2777 861 :
2809 808 3079 862 orationes
3113 826 3123 860 :
3156 809 3540 876 postulationes
3588 824 3603 863 :
3647 826 3771 878 gra-

2187 898 2378 951 tiarum
2411 900 2672 954 actiones.
2706 900 2807 953 Pro
2837 900 3084 954 omnibus
3116 900 3419 954 hominibus
3450 917 3464 953 :
3498 915 3593 969 pro
3624 902 3768 971 regi-

2183 990 2323 1044 bus:
2357 1000 2413 1045 et
2457 1006 2551 1060 pro
2595 993 2844 1046 omnibus
2884 994 2974 1061 qui
3022 993 3073 1045 in
3119 993 3442 1047 sublimitate
3489 1003 3657 1045 sunt:
3704 1002 3765 1046 ut

2179 1082 2413 1149 quietam
2446 1091 2501 1135 et
2531 1083 2870 1152 tranquillam
2904 1083 3064 1137 vitam
3096 1097 3313 1152 agamus
3344 1100 3357 1135 :
3390 1083 3440 1136 itt
3471 1084 3617 1138 omni
3652 1084 3762 1150 pie-

2181 1181 2287 1227 tate
2330 1182 2385 1226 et
2423 1173 2689 1229 castitate.
2722 1174 2835 1228 Hoc
2865 1175 3009 1229 enim
3038 1175 3232 1227 bonum
3265 1183 3349 1228 est
3390 1184 3445 1227 et
3482 1182 3761 1243 acceptum

2178 1278 2356 1317 coram
2406 1264 2683 1319 Salvatore
2732 1273 2917 1319 nostro
2961 1264 3091 1318 Deo.
3141 1264 3241 1331 Qui
3282 1278 3471 1319 omnes
3519 1265 3767 1321 homines

2178 1356 2291 1409 vnit
2330 1356 2505 1410 salvos
2547 1356 2663 1411 ﬁeri
2693 1374 2706 1408 :
2737 1365 2793 1410 et
2822 1356 2886 1409 ad
2929 1356 3253 1425 agnitionem
3290 1357 3526 1411 veritatis
3552 1358 3761 1411 venire.

2182 1446 2436 1501 Dominus
2461 1447 2602 1501 enim
2637 1447 2777 1501 Deus
2808 1462 2823 1502 :
2856 1462 2993 1502 unus
3018 1456 3071 1501 et
3099 1447 3363 1501 mediator
3383 1447 3477 1500 Dei
3509 1456 3562 1500 et
3589 1447 3763 1502 homi-

2179 1553 2303 1591 num
2338 1538 2497 1593 bomo
2540 1537 2784 1593 Christus
2814 1538 2987 1594 Iesus.
3032 1540 3132 1605 Qui
3163 1538 3312 1593 dedit
3338 1538 3762 1607 redemptionem

2178 1630 2525 1698 semetipsum
2570 1645 2668 1701 pro
2708 1632 2960 1686 omnibus
2993 1648 3005 1684 :
3039 1631 3402 1685 testimonium
3435 1633 3764 1699 temporibus

2176 1724 2308 1776 suis.
2346 1723 2397 1776 in
2428 1737 2535 1790 quo
2570 1722 2773 1791 positus
2803 1739 2919 1777 sum
2950 1738 3048 1792 ego
3078 1723 3382 1793 predicator
3406 1732 3458 1777 et
3487 1726 3763 1792 apostolus

2178 1814 2204 1853 ¹ι
2235 1830 2287 1871 et
2318 1818 2592 1888 magister.
2624 1818 2912 1872 Veritatem
2945 1820 3065 1873 dico
3098 1836 3110 1871 :
3147 1834 3252 1874 non
3285 1819 3533 1874 mentior.
3572 1820 3763 1873 Doctor

2174 1908 2409 1977 gentium
2442 1909 2495 1963 in
2528 1908 2631 1964 fide
2660 1918 2715 1966 et
2742 1911 2989 1965 veritate.

482 1984 601 2029 tuus
655 1984 738 2029 est
789 1975 1033 2029 famulus.
1069 1974 1208 2030 Vicit
1258 1985 1434 2029 autem
1486 1975 1668 2029 turbas
1715 1992 1817 2029 non
1872 1976 2067 2032 virtute
2105 1980 2145 2037 Β
2182 1974 2197 1977 Ὗ
2258 1998 2331 2067 ἢ,
2367 2001 2556 2055 Amen,

480 2066 718 2131 corporis
751 2081 763 2116 :
796 2066 888 2119 sed
921 2075 943 2103 ε
977 2075 1246 2120 armature
1288 2064 1627 2136 potentieque
1656 2067 1821 2122 verbo
1849 2078 2067 2123 vexato-

479 2171 591 2209 rem
616 2156 841 2225 subjecit
870 2176 885 2212 :
919 2154 937 2195 ί
964 2156 1265 2225 juramenta
1291 2167 1568 2226 parentum
1601 2173 2027 2213 commemorans
2052 2177 2065 2211 :

473 2262 593 2298 cum
619 2248 755 2299 vn’m
783 2246 892 2315 jam
926 2256 951 2293 κ
986 2248 1293 2301 catervatim
1326 2248 1644 2303 cecidissent
1686 2264 1847 2319 super
1872 2252 2068 2305 alteru-

478 2348 618 2390 trum
670 2337 862 2390 mortui
893 2355 906 2389 :
961 2339 1250 2411 interstetjt
1278 2356 1290 2391 :
1324 2347 1379 2392 et
1404 2340 1695 2408 amputavit
1725 2340 1981 2410 impetum
2014 2350 2068 2395 et

475 2427 654 2481 divisit
699 2429 841 2482 illam
875 2444 979 2499 que
1022 2429 1085 2482 ad
1137 2429 1287 2483 vivos
1330 2430 1560 2485 ducebat
1607 2431 1767 2484 viam.
1818 2431 1875 2484 ln
1921 2440 2067 2485 veste

475 2519 619 2573 enim
656 2520 868 2589 poderis
898 2537 1054 2590 quam
1090 2520 1359 2577 habebat:
1394 2531 1534 2578 totus
1575 2533 1689 2577 erat
1717 2523 1862 2579 orbis
1894 2534 2066 2579 terra-

475 2626 633 2665 tum:
683 2622 738 2667 et
785 2624 1066 2682 parentum
1119 2616 1378 2685 magnalia
1429 2618 1479 2669 in
1535 2627 1761 2686 quatuor
1789 2618 2066 2672 ordinibus

475 2701 703 2770 lapidum
736 2714 887 2758 erant
914 2707 1119 2774 sculpta
1146 2724 1160 2761 :
1188 2717 1242 2761 et
1265 2708 1653 2777 magnificentia
1680 2719 1766 2763 tua
1802 2710 1850 2763 iu
1882 2708 2065 2769 diade-

472 2807 612 2848 mate
641 2796 830 2865 capitis
860 2797 1003 2851 illius
1031 2799 1307 2866 inscripta.
1360 2800 1397 2867 ἢ
1419 2841 1433 2856 .
1460 2800 1651 2854 Amen.

544 2883 569 2921 δ
604 2883 897 2945 Psallendo.
952 2888 1024 2942 Os
1059 2889 1188 2958 justi
1235 2892 1574 2947 meditab’tur
1618 2894 1931 2958 sapientiam
1964 2912 1977 2948 :
2010 2904 2062 2948 et

472 2978 644 3045 lingua
673 2979 788 3046 ejus
819 2981 1063 3050 loquetur
1098 2983 1375 3052 judicium.
1428 2985 1500 3055 Ῡ.
1532 2986 1637 3039 Lex
1684 2986 1785 3056 51
1825 2988 1916 3041 Dei
1945 2985 2062 3056 ejus

474 3070 524 3122 in
552 3070 713 3125 corde
740 3072 903 3141 ipsius
926 3091 939 3127 :
965 3083 1017 3128 et
1048 3090 1155 3129 non
1183 3078 1665 3145 sttpplantahuntur
1689 3093 1902 3145 gressum
1920 3079 2057 3149 ejus.

477 3159 542 3215 P.
572 3160 635 3214 Et
665 3161 865 3232 lingua.

556 3274 836 3344 Sequentia
864 3278 1077 3349 cpistola
1107 3276 1263 3333 Pauli
1291 3281 1511 3349 apostoli
1539 3283 1607 3335 ad
1637 3282 1959 3335 Timotheum

990 3368 1131 3439 (ll,
1162 3370 1290 3441 Cap.
1322 3370 1373 3437 I,
1408 3369 1529 3440 II).

547 3438 656 3491 Deo
683 3442 900 3507 gratias.

540 3530 882 3587 Cltatissime.
940 3533 1051 3588 lloc
1106 3542 1414 3601 preceptum
1462 3540 1780 3589 commendo
1831 3535 1922 3588 tbi
1977 3534 2052 3590 illi

472 3626 751 3682 Tiutotltee
791 3628 1084 3682 secundum
1132 3629 1480 3697 precedentes
1523 3628 1572 3681 iu
1621 3638 1673 3682 te
1704 3629 2048 3697 prophetias:

475 3724 531 3769 nt
560 3716 757 3770 milites
790 3717 839 3769 in
883 3718 985 3771 illis
1019 3717 1209 3771 bonam
1244 3716 1496 3777 miliciam
1528 3734 1541 3771 :
1578 3717 1781 3773 habens
1814 3719 1968 3773 fidem
1999 3728 2053 3774 et

474 3809 670 3863 bonam
719 3810 1125 3865 conscientiam.
1174 3810 1342 3878 Quam
1393 3812 1607 3882 quidam
1660 3811 1982 3879 repellentes
2034 3828 2049 3866 :

472 3900 610 3957 circa
634 3900 799 3987 fidem
834 3904 1281 3974 naulragaverunt
1310 3921 1322 3955 :
1352 3919 1415 3957 ex
1448 3904 1637 3973 quibus
1666 3913 1747 3959 est
1773 3902 2053 3959 llintineus

542 4044 567 4072 ι
598 4037 661 4089 In
691 4039 857 4090 sancti
877 4036 1060 4091 Jacobi
1096 4037 1275 4107 fratris
1318 4036 1548 4107 Domini.
1585 4038 1799 4091 Minime
1826 4036 2048 4092 dubium

466 4116 549 4161 est
578 4109 703 4174 quin
744 4108 1051 4163 Slozarabes
1079 4106 1176 4162 hac
1207 4108 1294 4161 die
1325 4109 1376 4160 in
1410 4106 1565 4161 Missa
1593 4118 1648 4162 et
1677 4107 1856 4161 officio
1900 4112 2048 4163 cele-

470 4177 622 4231 hrent
654 4179 880 4231 natalem
913 4179 1177 4246 passionis
1197 4177 1368 4231 sancti
1395 4178 1577 4231 Jacobi
1612 4178 1787 4230 fratris
1814 4179 2050 4242 Domini,

468 4258 826 4320 cognomento
867 4247 1043 4309 Iusti,
1094 4250 1587 4320 Hierosolymorum
1629 4249 1900 4320 episcopi.
1947 4251 2048 4301 etsi

469 4319 656 4388 titulus
697 4319 785 4385 qui
837 4320 1064 4372 summis
1100 4319 1303 4388 paginis
1339 4317 1670 4380 inscribitur,
1695 4326 1749 4371 et
1780 4317 2049 4379 Kalenda-

467 4385 562 4455 ria,
616 4398 719 4441 tam
768 4388 1039 4441 Breviario
1088 4385 1248 4455 quam
1309 4388 1505 4441 Missali
1560 4390 1798 4452 pra-lixa,
1857 4388 2048 4441 le~tutn

467 4454 847 4510 Translationis
872 4459 1037 4510 sancti
1064 4454 1249 4510 Jacobi
1278 4458 1595 4510 exhibeant.
1652 4458 1781 4510 Vide
1808 4458 1954 4526 plura
1985 4460 2051 4512 de

470 4527 568 4579 hac
602 4542 656 4581 te
687 4527 736 4579 in
765 4535 889 4578 nota
923 4528 985 4578 ad
1016 4527 1365 4579 Bl‘t'Vlttl‘lllln.

538 4594 563 4631 ι’
596 4595 723 4662 Cap.
750 4595 1140 4651 XVIII.Vcrs.
1171 4596 1371 4650 (ΞΟ-24.

544 4677 566 4701 ε
606 4667 833 4736 .lus'unt.
870 4668 1022 4736 Vulg.
1058 4679 1111 4721 et
1135 4668 1331 4731 Gneo,
1364 4667 1561 4721 Juslos.

541 4736 564 4771 α
600 4734 1059 4806 Ρνορυῃηαυὶιζιη
1094 4737 1251 4807 Vulg.
1283 4748 1336 4790 et
1364 4737 1453 4791 Gr.
1490 4753 1593 4792 non
1618 4738 1901 4806 reperitur.

542 4817 564 4842 ⁸
611 4806 714 4860 Sed
737 4819 1031 4860 armatura'.
1061 4806 1281 4877 Vulgata
1310 4825 1323 4860 :
1359 4808 1469 4861 Nec
1496 4819 1775 4861 armatura:
1799 4811 2045 4875 potentia,

470 4877 565 4949 secl
592 4878 734 4949 verba
756 4877 908 4930 illum
928 4881 1016 4946 qui
1042 4896 1095 4931 se
1115 4880 1327 4949 vt-xabat
1351 4881 1583 4949 subjecit.

546 4945 566 4984 ί
599 4947 901 5000 Juramenta
941 4945 1232 5014 parentum.
1295 4945 1519 5019 Vulgata
1557 4948 1696 5001 addit
1734 4966 1745 4999 :
1778 4947 1845 4999 Et
1892 4959 2048 5003 Iesta-

469 5028 693 5071 mentum
721 5034 1139 5072 commemorans.

541 5097 566 5158 β
600 5086 922 5158 (Σηιμῖυαιὶηι.
952 5088 1134 5158 γυιεη
1165 5090 1459 5142 acervatim.

537 5155 566 5229 ἓ
604 5157 904 5229 Ρδαιιςηάο.
938 5158 1025 5213 Ps.
1058 5155 1241 5222 mw,
1272 5159 1359 5212 ΞΟ.
1404 5161 1474 5229 y.
1510 5160 1666 5221 lbid.,
1700 5160 1787 5211 5|-

540 5228 553 5263 ί
592 5228 722 5296 Cap.
749 5228 801 5281 I.
836 5228 989 5283 Vens.
1022 5231 1107 5282 18.
1144 5246 1201 5293 ll,
1229 5232 1347 5285 ’1-8.

537 5297 553 5369 i
604 5299 844 5369 Obsecro.
876 5300 1085 5355 Initium
1115 5300 1303 5369 capitis
1329 5300 1573 5355 secundi.

535 5368 558 5402 k
603 5368 669 5420 Et
698 5369 968 5439 Magister.
1002 5371 1109 5426 Nec
1134 5368 1193 5426 in
1218 5370 1373 5442 Vulg.
1403 5387 1499 5425 nec
1540 5373 1590 5423 in
1618 5369 1805 5423 Graico
1835 5372 2047 5439 legitur,

468 5452 641 5503 neque
690 5443 829 5507 apud
886 5442 1327 5506 Theodoretum,
1384 5443 1700 5496 i‘rimasiutn
1752 5451 1806 5495 et
1862 5442 2042 5496 divum

463 5508 924 5577 Chrysostomum.

542 5576 804 5658 l’Lautla.
828 5650 839 5658 .
861 5581 946 5634 l’s.
981 5598 1125 5658 sent,
1161 5583 1246 5658 12.
1286 5584 1440 5653 Vulg.
1468 5595 1519 5639 et
1549 5594 1765 5638 sanctus
1797 5583 2047 5653 Angusti-

466 5664 583 5711 ntts,
615 5649 863 5701 crndieris
889 5662 941 5703 et
965 5654 1195 5706 docueris
1225 5649 1441 5707 haben].

533 5727 574 5794 πξ
602 5718 947 5794 Sacri/icium.
976 5724 1060 5775 ΡΑ.
1088 5739 1247 5794 xxxix
1267 5768 1280 5786 ,
1337 5727 1394 5779 11
1420 5766 1434 5788 ,
1480 5723 1566 5789 12,
1591 5742 1621 5778 a
1659 5726 2050 5794 congregatione

468 5791 628 5865 multa
682 5788 813 5865 legit
861 5802 1079 5865 sanctus
1134 5793 1482 5861 Augustinus.
1535 5788 1777 5865 Vulgata,
1830 5788 2047 5849 concilio

466 5863 644 5933 multo.
682 5858 818 5933 L_XX
839 5900 852 5922 ,
887 5876 918 5911 a
950 5858 1239 5933 Synagoya'
1259 5867 1443 5916 multa.

535 5940 562 5968 ιι
609 5930 680 5987 ti.
715 5930 799 5984 l‘s.
832 5930 1015 6000 χχχιχ)
1043 5930 1256 6001 υίχὶεχ,
1295 5935 1378 5987 10.

2080 3342 2126 3403 C

2080 4702 2127 4758 D

2777 2069 3134 2141 Evangeltum.

2244 2160 2360 2215 Una
2391 2161 2597 2216 dierum
2641 2161 2898 2216 Dominus
2936 2170 3123 2217 noster
3164 2161 3318 2217 Iesus
3357 2170 3461 2217 etc.
3501 2162 3665 2230 Querc
3702 2163 3759 2219 in

2174 2251 2302 2319 festo
2336 2249 2514 2306 Sancti
2539 2251 2811 2306 Clementis
2841 2251 2984 2322 Pape
3011 2254 3106 2321 fol.
3136 2252 3229 2308 21.

2246 2336 2261 2375 1
2305 2339 2504 2393 Lauda.
2541 2341 2789 2411 Alleluja.
2834 2342 2866 2410 ᾖ
2893 2380 2908 2396 .
2944 2343 3132 2399 Beatus
3164 2343 3325 2398 homo
3353 2360 3511 2413 quem
3543 2355 3596 2399 tu
3626 2360 3755 2400 eru-

2169 2429 2292 2483 disti
2329 2432 2546 2487 Domine
2576 2448 2590 2485 :
2625 2441 2679 2488 et
2724 2433 2791 2488 de
2834 2437 2949 2504 lege
2982 2442 3068 2488 tua
3099 2434 3329 2491 docuisti
3361 2451 3503 2490 eunt.
3552 2437 3616 2495 Ρ.
3662 2439 3759 2492 Al—

2170 2520 2328 2591 leluja
2339 2561 2351 2575 .

2238 2618 2278 2646 ιι
2318 2609 2667 2680 Sacriﬁcium.
2699 2611 2977 2669 Justieiam
3028 2624 3171 2669 tuam
3218 2615 3441 2671 Domine
3486 2633 3588 2672 non
3627 2618 3755 2672 abs—

2167 2701 2323 2754 condi
2374 2702 2424 2755 in
2475 2702 2638 2757 corde
2682 2719 2803 2760 meo
2848 2720 2873 2761 ι
2908 2706 3181 2761 veritatem
3232 2717 3373 2762 tuam
3424 2718 3479 2763 et
3522 2710 3759 2766 salutare

2168 2800 2314 2845 tuum
2345 2792 2471 2846 dixi.
2512 2809 2620 2849 non
2649 2794 2819 2849 celavi
2851 2797 3270 2853 misericordiam
3303 2809 3443 2854 tuam
3473 2814 3525 2856 et
3559 2804 3754 2857 verita-

2168 2889 2271 2936 tem
2306 2892 2468 2939 tnam.
2520 2888 2561 2939 A
2604 2888 3020 2957 cmgregatione
3049 2890 3212 2942 multa
3242 2890 3477 2960 alleluja.
3514 2900 3539 2929 ι’
3588 2893 3619 2961 9
3648 2934 3661 2946 .
3695 2894 3753 2948 In

2164 2974 2339 3042 capite
2365 2975 2483 3030 libri
2514 2977 2774 3045 scriptum
2800 2987 2884 3033 est
2909 2978 2977 3033 de
3002 2994 3089 3034 me
3114 2990 3172 3033 ut
3200 2978 3388 3034 iaciam
3420 2982 3751 3037 voluntatem

2164 3074 2307 3119 tuam
2338 3083 2352 3119 :
2381 3066 2519 3121 Deus
2542 3082 2692 3122 meus
2720 3069 2864 3123 volui
2889 3079 2943 3123 et
2969 3070 3139 3139 legem
3169 3080 3311 3125 tuam
3340 3074 3395 3127 iu
3429 3074 3603 3128 medio
3630 3088 3754 3128 cor-

2164 3161 2243 3214 dis
2283 3162 2385 3215 mei
2424 3179 2435 3212 :
2482 3160 2619 3217 bene
2657 3163 2906 3218 nunciavi
2943 3163 3215 3233 justiciam
3248 3176 3388 3219 tuam
3425 3169 3474 3220 in
3508 3165 3750 3222 Ecclesia

2166 3265 2377 3320 magna.
2410 3252 2475 3307 P.
2506 3254 2551 3308 Α
2576 3255 3014 3324 congregatione.

2229 3342 2410 3397 Missa.
2444 3344 2631 3401 Letare
2661 3346 2860 3398 sterilis
2902 3361 3008 3414 que
3053 3361 3157 3400 non
3205 3348 3349 3416 paris
3391 3363 3408 3400 :
3454 3347 3625 3413 gaude
3661 3349 3747 3402 nio

2154 3433 2319 3489 mium
2350 3436 2491 3505 quod
2528 3435 2691 3490 habes
2736 3434 3003 3505 premium
3051 3455 3064 3489 :
3111 3454 3213 3492 non
3248 3448 3451 3493 tantum
3486 3454 3580 3508 per
3611 3442 3753 3494 inte-
3792 3468 3795 3471 <

2151 3528 2395 3597 gritatem
2434 3530 2629 3582 tuentis
2662 3546 2674 3581 :
2709 3530 2803 3582 sed
2831 3540 2884 3583 et
2918 3544 3013 3597 per
3041 3531 3357 3598 dignitatem
3393 3532 3597 3588 illibata
3624 3547 3751 3587 car-

2156 3621 2259 3673 nis.
2302 3620 2546 3690 Magnum
2594 3619 2687 3674 tibi
2733 3622 2998 3690 siquidem
3026 3633 3108 3678 est
3140 3624 3403 3691 premium
3438 3642 3451 3678 :
3485 3625 3529 3679 si
3562 3639 3751 3680 servas

2155 3715 2463 3783 pudicitiam
2495 3716 2739 3783 corporis
2777 3734 2790 3769 :
2825 3716 3253 3786 magnificentius
3292 3720 3335 3771 si
3367 3731 3657 3773 conserves
3686 3729 3749 3772 et

2153 3809 2348 3863 cordis.
2386 3808 2596 3863 Intuere
2623 3809 2847 3877 gloriam
2876 3808 3060 3865 Jacobi
3096 3828 3109 3863 :
3142 3810 3234 3877 qui
3272 3810 3468 3880 dignus
3496 3820 3577 3863 est
3606 3824 3748 3862 nun-

2153 3900 2332 3967 cupari
2359 3907 2383 3935 ο
2410 3898 2574 3954 frater
2600 3900 2827 3954 Domini.
2863 3900 3099 3970 Estoque
3120 3909 3372 3955 constans
3395 3898 3447 3953 in
3475 3900 3703 3954 Domino
3727 3917 3742 3953 :

2230 4043 2254 4071 ο
2284 4032 2471 4088 Frater
2496 4032 2723 4089 Domini.
2773 4034 3027 4090 Sanctum
3058 4034 3316 4091 Iacobum
3365 4035 3588 4099 primum
3616 4034 3744 4089 ille-

2155 4106 2545 4176 rosolytnorum
2576 4110 2882 4175 episcopum
2906 4106 3058 4160 divus
3087 4106 3280 4159 Paulus
3303 4108 3318 4171 (
3345 4104 3517 4159 Galut.
3563 4121 3612 4168 ι,
3641 4104 3747 4167 19)

2158 4187 2213 4232 et
2248 4176 2449 4244 antiqui
2491 4192 2678 4232 omnes
2707 4177 2921 4246 fratrem
2960 4177 3168 4230 Domini
3207 4186 3516 4230 constanter
3554 4176 3744 4241 appel-

2158 4248 2289 4301 lant.
2348 4246 2610 4314 Iosephus
2661 4262 2873 4315 quoque
2916 4247 3384 4315 (Antiquitat.,lib.
3430 4261 3484 4306 ι,
3525 4261 3641 4311 cap.
3681 4246 3745 4313 9)

2155 4316 2414 4373 Iacobum
2439 4317 2580 4387 hunc
2608 4318 2732 4372 dicit
2764 4319 2971 4387 fratrem
3015 4318 3156 4387 illius
3182 4315 3307 4369 Jcsu
3353 4318 3440 4385 qui
3472 4315 3743 4387 dicebatur

2157 4388 2408 4460 Christus.
2457 4384 2620 4460 Unde
2649 4396 2703 4440 et
2733 4384 3003 4460 αλϐτεερίε
3033 4386 3323 4460 eadem.“
3343 4384 3373 4448 ,ί
3411 4390 3574 4455 frater
3622 4385 3741 4460 Dei,

2157 4468 2211 4527 et
2273 4456 2509 4527 Ecclesia
2562 4456 3041 4527 Hierosolymitana
3112 4456 3328 4511 honoris
3380 4470 3541 4509 causa
3594 4456 3742 4527 sedes

2156 4525 2532 4601 Tlteadclpltira
2566 4525 2997 4601 cognominatur.
3051 4528 3102 4581 Id
3150 4538 3328 4601 autem
3360 4525 3742 4601 appellationis

2156 4612 2339 4661 saneto
2368 4595 2569 4650 Iacobo
2598 4595 2857 4663 adlussit,
2892 4614 2996 4651 non
3024 4598 3167 4664 quod
3190 4614 3256 4652 ex
3289 4597 3398 4651 Deo
3431 4608 3585 4649 natus
3612 4596 3739 4649 fue-

2160 4669 2260 4729 rit,
2313 4678 2369 4737 ut
2416 4667 2659 4729 Christus
2707 4667 2962 4721 Dominus
2993 4668 3174 4737 (Dial.
3227 4667 3549 4735 impatibilis,
3606 4666 3741 4720 inter

2157 4754 2310 4807 aprra
2333 4736 2679 4807 Tltcodorcti),
2716 4753 2891 4805 neque
2919 4740 3059 4807 qttod
3090 4739 3297 4807 beatam
3328 4738 3742 4807 \irginemma-

2161 4804 2295 4861 trem
2339 4806 2605 4871 habuerit,
2640 4804 2695 4860 ut
2728 4804 2874 4875 impii
2906 4804 3119 4871 quidam
3162 4804 3551 4861 asserere'non
3580 4805 3745 4860 dubio

2159 4887 2423 4939 laverunt,
2450 4877 2519 4930 de
2543 4877 2734 4944 quibus
2755 4885 2972 4932 sanctus
2995 4879 3226 4931 Hilarius
3255 4876 3345 4946 (In
3372 4876 3561 4929 Mat-tit.
3589 4892 3633 4928 c.
3667 4886 3735 4941 ι),

2157 4959 2373 5001 sanctus
2425 4946 2783 5016 Hieronymus
2859 4949 3035 5016 (Adv.
3097 4946 3457 5015 Hcltidium),
3518 4957 3741 5001 Sanctus

2162 5020 2485 5089 Epiphanius
2508 5016 2720 5089 _(_Ha:r.
2756 5016 2823 5070 78
2866 5018 3301 5089 Antidicomar.),
3339 5018 3739 5089 AmbrOstaster

2088 5130 2091 5131 ν
2163 5087 2250 5159 (In
2276 5088 2421 5157 Epist
2448 5087 2516 5139 ad
2545 5086 2728 5145 Colat.
2761 5105 2807 5141 c.
2844 5104 2883 5150 ι,
2918 5087 3025 5158 19),
3060 5089 3173 5153 scd,
3202 5086 3282 5151 vel
3308 5103 3429 5155 quia
3456 5096 3570 5139 erat
3596 5088 3740 5159 filius

2163 5157 2329 5213 sancti
2361 5158 2578 5225 Jo-ephi
2610 5174 2674 5212 ex
2705 5160 2805 5215 alia
2835 5157 3021 5217 uxore.
3059 5172 3115 5210 ut
3143 5160 3483 5227 antiquorum
3515 5157 3737 5223 plurimi

2166 5240 2489 5284 tenuerunt:
2518 5229 2677 5301 iu_his
2708 5229 2972 5301 Eusebius
2996 5228 3159 5301 (Hist.
3188 5230 3319 5301 l._tt,
3346 5244 3395 5282 c.
3423 5228 3495 5297 i),
3520 5240 3741 5301 sanctus

2164 5302 2491 5369 Epiphanius
2522 5298 2692 5365 (Hier.
2726 5299 2818 5366 66,
2838 5298 2953 5366 78).
2972 5297 3188 5354 sanctus
3218 5298 3505 5369 Gregorius
3528 5297 3740 5369 Nysse-

2162 5387 2260 5424 nus
2292 5369 2466 5439 (Orat.
2496 5369 2531 5422 2
2556 5370 2618 5420 de
2651 5370 2988 5438 Resurrect.),
3018 5370 3416 5424 Ambrosia~ter
3447 5368 3537 5438 (In
3564 5368 3736 5439 Epist.

2159 5444 2230 5495 ad
2260 5438 2440 5495 Colat.
2472 5457 2518 5493 c.
2555 5449 2619 5506 ι),
2650 5440 3175 5509 sanctusGregor-ms
3198 5441 3523 5493 Turonensis
3562 5438 3735 5505 (Hist.

2161 5510 2357 5564 Frattc.
2384 5513 2421 5564 l.
2451 5527 2489 5576 1,
2516 5528 2560 5564 c.
2585 5510 2705 5578 22);
2738 5511 2850 5575 vel,
2874 5521 2933 5563 ut
2956 5511 3044 5563 alii
3076 5512 3267 5565 melius
3295 5513 3510 5575 docent,
3540 5510 3741 5575 qn4hus

2157 5583 2501 5651 t-vangelist:e
2532 5579 2745 5652 (Matth.
2779 5596 2942 5646 xxvn,
2977 5581 3065 5645 55';
3099 5580 3266 5633 Marc.
3296 5596 3384 5644 xv,
3415 5579 3505 5643 li;
3541 5594 3651 5642 xvt,
3682 5583 3739 5646 1)

2157 5652 2369 5711 favent.
2403 5650 2804 5718 quia‘Iacobus
2837 5660 2991 5704 natus
3034 5660 3153 5704 erat
3196 5667 3260 5705 ex
3306 5652 3491 5714 Maria,
3545 5663 3741 5703 sorore

2160 5724 2324 5777 beata:
2352 5723 2601 5789 Virginis,
2647 5732 2699 5773 et
2730 5722 2962 5789 Cleoplta
2992 5721 3154 5775 fratre
3182 5723 3349 5774 sancti
3381 5720 3624 5786 Iosephi.
3678 5718 3739 5772 In

2157 5794 2239 5847 his
2271 5803 2395 5847 sunt
2422 5806 2636 5845 sanctus
2665 5792 3077 5860 Chrysostomns
3098 5791 3187 5859 (In
3219 5792 3385 5860 Epist.
3416 5791 3482 5841 ad
3512 5789 3694 5842 Colat.
3721 5829 3738 5854 ,

2158 5880 2205 5919 c.
2234 5866 2297 5933 ι),
2344 5863 2712 5917 Theodoretns
2760 5861 2847 5933 (In
2893 5862 3059 5923 Epist.
3110 5863 3176 5914 ad
3201 5861 3401 5925 Galot.,
3436 5877 3482 5913 c.
3512 5875 3551 5926 ι,
3578 5863 3698 5933 dii)
3725 5901 3740 5925 ,

2158 5931 2374 5990 sanetus
2402 5933 2755 6003 Hieronymus
2784 5932 2884 6005 (Dc
2916 5933 3050 5989 Vnis
3083 5933 3390 5999 illustribus,
3420 5947 3537 6001 cap.
3568 5931 3649 6001 2).
