4052 6182
266 391 373 444 913

1023 387 1317 445 MISSALE
1361 387 1631 446 MIX‘TUM
1673 390 1817 446 SEC.
1863 389 2023 446 ΠΕΟ.
2069 391 2128 446 D.
2174 391 2440 448 lSlDOlil.
2482 425 2550 434 -—
2592 395 2767 451 PARS
2809 397 2843 450 l.

3444 410 3545 462 “lli

264 517 317 558 et
339 501 459 573 ejus
483 501 781 556 mereberis
810 503 1108 571 computari
1135 503 1385 573 collegio.
1416 504 1492 558 illi
1526 509 1725 561 etenim
1761 508 1860 561 soli
1892 513 1936 567 Α
1972 508 2162 564 festum
2187 511 2367 566 Jacobi
2397 513 2624 581 apostoli
2652 516 2723 567 tui
2753 531 2959 568 smmnc
2985 524 3035 570 te
3057 515 3259 586 ﬂagitat
3283 522 3549 588 precibus,

267 595 470 666 ingredi
513 594 662 648 licuit
693 601 718 627 ει
759 601 946 648 sancta
987 606 1300 650 sam-torum
1332 606 1386 650 et
1433 599 1642 651 merito.
1679 599 1744 654 Ut
1775 601 1862 665 qui

268 691 294 725 ι’
336 706 406 746 ex
448 699 604 744 utero
645 691 833 744 matris
877 690 1117 757 gestabat
1151 691 1472 746 castimonie
1518 695 1799 762 ptlrilalt'm
1846 712 1859 748 :

263 783 660 853 adipisceretur
701 782 756 837 in
801 784 1054 840 interiora
1098 785 1281 854 templi
1329 801 1512 841 veram
1559 802 1589 841 a
1638 789 1864 842 Domino

263 877 588 932 claritatem.
632 875 864 947 ideoque
909 877 1050 932 hunc
1091 876 1250 947 digne
1290 881 1505 933 sustulit
1546 881 1644 936 hec
1686 883 1865 949 passio

264 971 329 1025 ad
356 971 667 1040 paradisum
703 988 716 1024 :
752 977 807 1024 et
835 970 1052 1025 castitas
1081 971 1344 1026 exaltarit
1369 987 1537 1040 usque
1565 975 1630 1028 ad
1659 976 1860 1032 celum.

265 1059 399 1113 Nam
441 1070 497 1114 et
524 1060 568 1114 si
600 1060 692 1129 qui
730 1060 929 1114 similia
965 1060 1263 1116 ascendunt
1295 1063 1588 1117 certamina
1621 1066 1664 1118 si
1710 1067 1863 1120 inlesi

267 1152 502 1207 viriliter
544 1152 849 1208 dimicando
893 1167 1243 1224 permaneant
1288 1175 1301 1209 :
1347 1157 1508 1226 parili.
1538 1171 1864 1214 exornantur

265 1229 494 1300 corona.

353 1339 390 1395 ιὲ
411 1377 427 1391 .
463 1341 656 1392 Amen.

337 1432 459 1483 Alia
494 1429 701 1486 Oratio.
739 1432 895 1487 Multa
927 1432 1143 1503 quidem
1172 1444 1329 1490 erant
1358 1436 1661 1501 replicando
1695 1453 1864 1505 quan-

269 1536 374 1578 tam
425 1525 622 1580 habeat
656 1527 971 1581 castimonia
1019 1528 1245 1596 gratiam
1287 1547 1300 1583 :
1340 1529 1434 1584 sed
1467 1531 1608 1598 quod
1639 1546 1702 1585 ex
1735 1547 1864 1586 cru-

268 1626 484 1670 servato
513 1619 716 1685 pudore
745 1618 1022 1681 confertur
1047 1634 1078 1674 a
1106 1621 1213 1675 Deo
1245 1640 1258 1673 :
1293 1621 1522 1677 humana
1556 1624 1731 1688 lingua
1759 1643 1861 1678 non

269 1708 413 1762 valet
459 1711 700 1777 proferre
741 1713 793 1765 in
851 1711 1050 1767 medio.
1121 1711 1251 1767 Cum
1297 1723 1352 1768 et
1399 1715 1753 1772 inestimabile
1796 1721 1864 1772 sit

270 1801 410 1866 quot]
442 1811 692 1868 speratur
736 1820 749 1854 :
793 1813 847 1856 et
887 1804 1181 1872 gloriosum
1219 1806 1362 1874 quod
1402 1808 1716 1878 acquiritur.
1759 1812 1861 1878 Qui

267 1891 412 1946 enim
442 1907 662 1948 carnem
697 1902 1040 1963 mentemque
1081 1913 1230 1952 suam
1260 1910 1434 1968 gestat
1464 1919 1475 1954 :
1515 1914 1535 1941 ο
1569 1913 1620 1956 ιιι
1653 1904 1854 1959 Johan-

270 1992 362 2037 ne‘s
407 1992 463 2037 et
505 1983 726 2038 lacolms
774 1987 1019 2052 pu-Iicam
1067 2004 1082 2042 :
1126 1991 1359 2058 pectoris
1402 1991 1599 2049 Christi
1647 1996 1857 2051 Domini

266 2088 385 2126 esse
414 2074 712 2129 rut-rebitur
750 2072 776 2112 ἀ
803 2078 1019 2131 recuba.
1049 2077 1158 2134 Nec
1202 2081 1343 2135 enim
1375 2085 1635 2152 quispiam
1662 2087 1712 2140 in
1737 2103 1862 2142 san-

267 2177 408 2220 etum
455 2175 643 2231 pectus
681 2168 880 2235 poterit
907 2170 1256 2226 recumbere:
1297 2175 1386 2239 qui
1414 2191 1517 2229 non
1561 2192 1716 2232 suum
1757 2179 1856 2234 du-

268 2258 521 2312 mieilium
554 2258 811 2313 mundum
843 2262 1131 2316 certaverit
1161 2264 1433 2319 custodire
1466 2283 1478 2318 :
1512 2267 1736 2338 illoSque
1769 2285 1854 2322 so-

266 2351 370 2401 lum
399 2359 528 2419 puto
552 2351 696 2419 quod
722 2359 746 2388 ε
771 2351 930 2420 digne
953 2353 1206 2421 suscipiet
1230 2353 1472 2410 Christus
1497 2357 1550 2412 in
1575 2361 1810 2429 requiem
1841 2379 1854 2416 :

266 2455 398 2507 quos
429 2451 523 2496 aut
555 2443 839 2511 integritas
871 2445 1067 2498 mentis
1094 2447 1437 2500 commendat
1478 2465 1494 2503 :
1527 2460 1617 2503 aut
1647 2455 1857 2506 cruoris

264 2533 456 2587 effusio
483 2533 624 2602 juste
653 2535 874 2590 delibat.
918 2535 1070 2592 Unde
1104 2553 1383 2606 precamur
1430 2549 1480 2595 te
1523 2542 1735 2597 Christe
1767 2543 1857 2596 Dei

268 2625 406 2678 titius
436 2635 491 2680 ct
520 2625 767 2679 Salvator
794 2636 978 2681 noster
1007 2645 1020 2684 :
1054 2638 1109 2681 ut
1139 2627 1292 2699 hujus
1320 2631 1418 2685 viri
1449 2631 1576 2701 justi
1607 2632 1861 2696 suffragio

263 2718 550 2772 ecclesiam
594 2728 740 2772 tuam
790 2719 983 2773 liberes
1023 2721 1090 2772 ab
1123 2723 1358 2777 adversis
1403 2725 1539 2794 :qui
1584 2739 1701 2780 eam
1746 2728 1863 2794 ejus

264 2811 516 2882 dignatus
545 2825 605 2866 es
633 2811 894 2881 ampliare
922 2814 1208 2869 doctrinis.

352 2904 389 2970 ἢ
412 2941 426 2955 .
461 2906 654 2958 Amen.

342 2995 468 3050 Post
501 2998 730 3050 nomina.
775 2997 1036 3052 Exultans
1080 2999 1228 3067 pit-bs
1274 3009 1358 3054 tua
1412 3001 1634 3056 Domine
1665 3005 1714 3058 in
1763 3007 1864 3060 hoc

339 3143 364 3170 "
396 3134 593 3189 Sancta
625 3133 956 3188 Sanctorum.
988 3133 1314 3203 llegesippns
1335 3177 1351 3202 ,
1397 3140 1536 3201 apud
1575 3138 1860 3195 Eusebium

1971 610 2027 652 nt
2068 599 2206 656 sicut
2253 601 2394 656 idem
2441 603 2508 657 ab
2555 605 2804 658 omnibus
2850 607 3214 676 cognominari
3261 615 3558 678 promeruit

1975 693 1994 729 ί·
2020 693 2196 761 justus
2225 712 2237 748 :
2271 695 2340 749 ita
2374 709 2472 750 nos
2518 710 2821 754 mereamur
2850 699 2900 752 in
2931 699 3120 755 melius
3148 705 3364 758 mutatis
3391 710 3555 760 mori-

1970 784 2070 839 bus
2100 797 2306 840 rem0ta
2342 788 2575 842 vanitate
2609 788 2623 842 ξ
2664 798 2717 842 et
2747 803 2866 843 esse
2893 800 2947 845 et
2976 792 3235 861 appellari
3269 805 3374 849 tam
3402 797 3557 865 ju5ti-

1969 877 2052 930 eie
2099 879 2338 933 cultores
2373 897 2385 932 :
2417 894 2575 949 quam
2623 880 2993 936 misericordia
3042 893 3353 941 sectatores.
3407 889 3558 943 Obti-

1969 981 2159 1024 nentes
2200 972 2340 1039 apud
2383 981 2435 1025 te
2477 973 2606 1026 dum
2652 971 2879 1027 vivimus
2913 988 2928 1027 :
2961 983 3016 1029 et
3045 976 3198 1030 nobis
3227 979 3440 1046 pietatis
3473 994 3560 1036 tuo

1968 1062 2222 1116 solacium
2254 1079 2266 1115 :
2293 1073 2343 1117 et
2372 1062 2636 1119 defunctis
2660 1064 3004 1120 beatitudinis
3034 1066 3228 1121 locum.
3257 1082 3361 1138 quo
3387 1081 3440 1126 et
3469 1073 3554 1127 hie

1969 1153 2340 1206 misericordia
2392 1165 2478 1208 tua
2529 1154 2582 1208 in
2635 1156 2792 1210 nobis
2840 1158 3053 1212 miseris
3098 1161 3412 1216 ostendatur
3456 1175 3557 1218 :et

1970 1253 2088 1311 pthl
2131 1244 2478 1312 justificantis
2522 1247 2573 1298 in
2621 1246 2774 1300 nobis
2821 1250 3182 1303 remuneratio
3230 1251 3556 1308 declaretur.

2054 1335 2090 1403 ιξ
2112 1375 2126 1388 .
2161 1343 2347 1389 Amen.

2037 1426 2119 1478 Ad
2149 1443 2325 1495 pacem
2361 1427 2561 1483 Oratio.
2610 1426 2750 1481 Deus
2779 1431 2865 1497 qui
2901 1431 3266 1486 beatissimum
3297 1435 3553 1491 Jacobnm

1966 1519 2282 1586 Apostolum
2316 1529 2459 1572 tuum
2507 1536 2536 1572 a
2582 1518 2852 1574 l‘lrariscis
2895 1536 2960 1574 ex
2991 1523 3097 1576 alto
3131 1527 3504 1593 precipitatum
3537 1546 3552 1583 :

1967 1611 2233 1664 valentem
2279 1609 2447 1665 efﬁcis
2489 1620 2544 1666 et
2586 1615 2886 1665 robustum.
2937 1630 3056 1668 cum
3107 1617 3235 1670 fides
3279 1627 3365 1671 tua
3417 1620 3558 1675 inter

1967 1703 2140 1756 undas
2173 1703 2414 1759 erexerit
2461 1704 2675 1759 Petrum
2711 1723 2723 1757 :
2760 1704 2901 1762 hunc
2946 1723 3008 1762 ex
3051 1709 3161 1764 alto
3191 1711 3420 1765 salvaret
3447 1715 3556 1768 ela-

1968 1813 2146 1866 psum.
2175 1797 2254 1852 Tu
2293 1797 2575 1853 ecclesiam
2609 1808 2751 1853 tuam
2795 1799 2934 1854 inter
2962 1802 3552 1869 procellosascommo-

1919 1872 1938 1920 ⁸
1968 1890 2170 1945 lionum
2206 1892 2310 1962 52
2337 1890 2656 1946 secularium
2687 1889 2856 1945 undas
2883 1892 3002 1962 pius
3025 1893 3352 1960 gubernator
3379 1905 3552 1952 tuere.

1968 1991 2021 2037 ct
2047 1980 2286 2053 quotidie
2313 1983 2715 2052 gubernationis
2741 1983 3088 2037 amminiculo
3115 1986 3180 2038 ad
3231 1998 3438 2055 partum
3468 2005 3554 2045 sa-

1968 2073 2092 2127 lutis
2132 2088 2249 2128 eam
2294 2073 2456 2126 facito
2498 2073 2804 2142 pervenire.
2843 2089 2951 2142 quo
2997 2075 3083 2128 bic
3131 2074 3351 2130 liberata
3383 2094 3410 2130 a
3445 2094 3555 2132 ma-

1967 2161 2138 2216 lorum
2194 2161 2460 2229 pressuris
2516 2179 2528 2214 :
2583 2163 2653 2216 ad
2706 2172 2758 2218 te
2806 2164 3084 2232 perveniat
3129 2165 3180 2220 in
3233 2166 3556 2222 abundantia

1968 2253 2134 2319 pacis.
2183 2253 2220 2320 ιῇ
2243 2294 2254 2306 .
2293 2258 2482 2308 Amen.

2037 2344 2254 2400 Inlatio.
2307 2345 2530 2416 Dignum
2579 2354 2634 2401 et
2675 2345 2879 2418 jUstum
2924 2359 3049 2403 est:
3090 2365 3283 2418 equum
3329 2367 3454 2405 vere
3500 2364 3556 2407 et

1965 2439 2246 2508 pulchrum
2271 2449 2353 2493 est
2383 2457 2395 2491 :
2427 2453 2525 2493 nos
2552 2439 2644 2494 tibi
2671 2442 2869 2509 gratias
2890 2455 3050 2511 agere
3076 2459 3088 2494 :
3118 2442 3343 2499 Domine
3365 2458 3551 2500 sancte

1969 2532 2126 2584 l‘ater
2155 2531 2498 2598 omnipotens
2527 2547 2540 2583 :
2577 2538 2631 2585 et
2656 2530 2785 2585 Jesu
2813 2529 3031 2586 Christo
3060 2533 3170 2587 [ilio
3203 2543 3294 2588 tuo
3326 2535 3553 2591 Domino

1971 2631 2176 2677 nostro.
2207 2623 2372 2691 Cujus
2401 2622 2763 2678 inell'abilibus
2789 2623 2988 2678 divitiis
3010 2627 3210 2680 ditatus
3235 2637 3316 2681 est
3340 2631 3559 2684 nomine

1967 2715 2199 2771 Jaciibus
2227 2731 2242 2769 :
2277 2716 2367 2784 qui
2398 2730 2614 2784 semper
2639 2725 2858 2770 vocatus
2880 2725 2961 2771 est
2984 2716 3194 2786 justus:
3229 2728 3286 2774 ut
3313 2721 3402 2790 qui
3437 2738 3558 2791 pro-

1969 2813 2128 2865 missa
2152 2809 2314 2876 justis
2341 2809 2543 2876 premia
2573 2809 2779 2877 populis
2815 2810 3124 2876 predicabat
3158 2831 3170 2865 :
3203 2816 3328 2879 iusti
3361 2831 3556 2868 numen

1969 2904 2162 2960 merito
2195 2911 2220 2950 ϐ
2254 2902 2572 2971 subjetaret.
2620 2903 2729 2957 Nec
2775 2901 2944 2956 defuit
2981 2905 3180 2959 nomini
3219 2917 3406 2962 sancto
3437 2924 3556 2978 pro—

1972 2999 2174 3055 nntnini
2207 3012 2363 3053 sacro
2395 2998 2711 3069 martyrium
2749 3013 2777 3050 a
2818 2998 2972 3066 plebe
3019 3000 3178 3068 impia
3220 3002 3508 3070 irrogatam
3539 3021 3553 3057 :

1977 3136 2149 3201 (Hier.
2185 3133 2272 3201 58,
2307 3131 2720 3201 Valesianorum)
2756 3132 2981 3185 scribit:
3008 3130 3238 3186 Joannes
3266 3135 3471 3201 quidem
3510 3149 3558 3190 ct

269 3205 384 3274 (lib.
422 3221 478 3277 ιι,
513 3221 561 3257 c.
589 3204 709 3271 ἓξ),
741 3217 958 3277 sanctus
1001 3203 1340 3274 Epiphanius
1373 3207 1546 3277 (Har.
1579 3207 1696 3274 29),
1744 3227 1869 3265 san-
1893 3212 1943 3274 Ε
1974 3206 2198 3261 Jacobns
2239 3205 2338 3273 ﬁlii
2363 3203 2593 3257 Zebedwi
2625 3211 2924 3277 inuaserunt
2951 3203 3008 3277 in
3052 3204 3362 3277 virginitate,
3397 3222 3556 3272 neque

266 3292 383 3330 c-us
407 3276 766 3346 Hieronymus
789 3273 890 3341 (De
909 3274 1020 3328 Vir.
1040 3277 1259 3342 illusm,
1290 3273 1408 3348 cap.
1439 3277 1497 3403 2)
1521 3273 1706 3347 aperte
1729 3284 1866 3336 scri-

271 3351 404 3399 lmnt
433 3357 626 3399 saneto
653 3345 859 3400 Jacobo
890 3346 1037 3400 fratri
1079 3347 1290 3402 Domini
1328 3352 1427 3402 soli
1489 3351 1668 3403 icitam
1713 3355 1866 3403 fuisse

271 3351 404 3428 bunt
433 3345 859 3432 saneto‘lacobo
879 3346 1037 3411 fratri
1059 3347 1290 3432 “Domini
1328 3345 1433 3431 soli
1468 3345 1668 3432 licitam
1705 3355 1870 3432 fuisse

271 3417 474 3489 ingredi
501 3424 682 3489 sancta
709 3425 1022 3489 sanctorum.
1059 3416 1388 3489 Sealigerus,
1419 3420 1472 3474 in
1501 3424 1612 3474 suis
1635 3416 1870 3477 animad-

275 3485 620 3562 versionibus
661 3485 726 3562 ad
782 3485 1458 3562 Clu-oriologiea_'Eusebii
1508 3489 1668 3562 (Pag.
1733 3493 1866 3557 I77,

267 3557 366 3611 cat.
393 3558 432 3610 2
457 3568 504 3610 et
531 3559 728 3626 καφ),
771 3559 936 3611 multa
991 3557 1231 3626 congerit
1268 3560 1331 3614 ad
1363 3557 1737 3617 auctoritatem
1767 3565 1868 3617 lle-

274 3629 484 3701 gesippi
531 3627 950 3701 infringendam;
984 3643 1117 3701 qua:
1156 3628 1275 3701 fuse
1326 3640 1511 3696 postea
1554 3647 1869 3701 prosecutus

271 3709 352 3752 est
377 3698 672 3762 Arnaldus,
702 3698 855 3767 cujus
884 3699 1220 3766 difﬁcultates
1246 3699 1448 3756 Gallice
1471 3698 1631 3757 edita:
1651 3719 1773 3758 sunt
1799 3709 1865 3759 ad

270 3769 481 3824 calcem
518 3772 649 3821 tomi
676 3768 832 3836 primi
868 3768 1002 3824 Ilist.
1039 3769 1249 3825 Ecclcs.
1274 3770 1617 3827 Tilletnontii.
1669 3773 1866 3829 Contra

278 3839 910 3913 Scaligeruml‘fetavius
958 3853 1183 3913 conatur
1225 3843 1359 3896 tueri
1405 3843 1759 3913 llcgesippum
1816 3847 1866 3901 in

271 3909 410 3984 notis
433 3907 514 3962 ad
543 3909 899 3984 Epiphaniam
930 3909 1102 3984 (Hier.
1138 3913 1206 3963 78
1241 3907 1549 3968 Antidicom.
1573 3907 1613 3979 ,’
1639 3907 1695 3970 ii.
1725 3917 1779 3984 4,
1813 3935 1863 3981 υ.

273 3979 376 4034 552
404 3989 452 4055 et
473 3979 631 4055 rem),
659 3991 708 4035 et
733 3981 1101 4055 'l'il_le_mon_tius
1122 3985 1370 4038 eumdem
1401 3995 1579 4040 tuetur
1601 3979 1777 4055 (Tom:
1805 3979 1858 4055 Ι)

278 4059 383 4126 tam
404 4052 475 4126 in
503 4049 618 4103 Vita
645 4051 836 4126 sancti
853 4049 1035 4106 Jacobi
1057 4054 1206 4126 (Art.
1236 4055 1268 4109 5
1295 4065 1342 4108 et
1374 4055 1428 4126 7)
1461 4049 1619 4124 quam
1652 4058 1701 4111 in
1726 4049 1867 4114 notis

278 4120 359 4183 it),
401 4122 505 4192 l7,
561 4130 615 4192 et
645 4122 696 4174 in
729 4123 870 4176 notis
901 4123 1284 4192 marginalibus
1309 4120 1494 4180 contra
1527 4127 1868 4184 difficultates

275 4191 522 4245 Arualdi.
570 4191 718 4246 llanc
757 4209 868 4246 rem
901 4191 1063 4245 totam
1101 4194 1167 4248 ad
1217 4210 1440 4251 examen
1482 4198 1676 4251 iterum
1715 4209 1870 4254 vocat

276 4262 760 4338 reverendissimus
786 4261 1024 4338 Paterf‘.
1056 4265 1320 4338 Antonius
1347 4268 1492 4331 Orsi,
1519 4270 1695 4322 ordia.
1730 4285 1869 4338 pra:-

272 4332 578 4387 dicatorum
618 4333 758 4388 sat-ri
803 4334 982 4399 palatii
1015 4337 1296 4405 apostolici
1328 4338 1617 4405 magister,
1651 4339 1702 4392 in
1731 4332 1869 4394 eru-

273 4405 383 4456 dito
443 4411 504 4473 et
553 4405 816 4470 prmelaro
845 4417 1009 4468 onere
1040 4404 1179 4473 quod
1213 4405 1282 4461 de
1317 4404 1546 4462 Historia
1598 4410 1869 4464 Ecclesia-

269 4476 399 4550 stica
436 4472 617 4528 Italica
637 4475 812 4550 edidit
848 4473 1021 4550 (Tum.
1057 4472 1333 4550 1ριιριιι,
1391 4495 1442 4547 p.
1469 4479 1575 4550 214
1615 4491 1662 4536 et
1709 4486 1866 4550 δρψ).

273 4544 454 4598 Nodos
484 4558 618 4599 sane
649 4543 863 4598 Gordio'
885 4545 1304 4599 illtiiSStliilhiiior
1333 4543 1434 4602 est.
1467 4548 1598 4603 Nam
1631 4551 1674 4604 si
1701 4543 1856 4604 fidem

277 4614 587 4686 llegesippo
616 4615 784 4668 babes
805 4655 820 4678 ,
853 4625 908 4668 ut
930 4617 1032 4667 alia
1063 4620 1210 4686 plura
1243 4622 1509 4681 omittam,
1544 4621 1858 4676 incredibile

275 4684 484 4737 videtur
505 4699 828 4758 concessum
863 4686 1024 4758 fuisse
1049 4684 1146 4740 soli
1172 4687 1376 4743 Jacobo
1393 4731 1408 4755 ,
1433 4691 1686 4758 episeopo
1703 4692 1855 4745 Chri-

268 4759 458 4807 stiana:
489 4755 695 4821 plebis,
741 4755 945 4828 ingredi
987 4769 1170 4811 sancta
1213 4755 1555 4825 sanctorum,
1593 4755 1732 4828 quod
1772 4763 1854 4816 lex

271 4841 376 4878 non
406 4827 512 4880 nisi
545 4842 759 4900 sutnmo
788 4826 1099 4900 intimorum
1126 4830 1390 4896 pontiﬁci,
1417 4830 1573 4900 idque
1601 4826 1767 4886 semel
1803 4835 1855 4886 in

269 4911 432 4967 anno,
469 4897 832 4966 permittebat.
866 4897 1234 4952 Dilﬁcultatem
1263 4897 1722 4967 quidem-minuit,
1760 4905 1855 4956 Sed

271 4966 593 5043 ιιοιιέιξξυιι,
628 4967 951 5043 (ιιιοιιξιοιιιι
995 4968 1057 5022 Ρ.
1089 4966 1295 5043 llalloix
1343 4971 1433 5043 (In
1469 4971 1856 5043 llegesippttm,

269 5055 320 5104 p.
354 5038 488 5107 722)
520 5039 752 5114 in_tetttu
781 5035 1360 5114 Graccuscripttnn‘ra‘i'
1380 5041 1522 5114 ἅγια,
1550 5035 1754 5106 saneta,
1805 5035 1859 5098 ct

271 5118 338 5159 ita
371 5123 561 5162 revera
589 5107 782 5176 legitur
809 5108 864 5161 in
895 5109 1143 5163 Editione
1176 5110 1394 5179 Valesii;
1419 5107 1672 5179 additque
1697 5115 1852 5168 Peta~

272 5179 386 5232 vius
425 5189 612 5234 sancta
640 5180 928 5243 aliquando
956 5191 1136 5233 sancta
1164 5193 1456 5236 sanctorum
1500 5188 1695 5238 denunt
1722 5187 1854 5239 nari.

276 5250 339 5301 At
366 5263 434 5302 ex
463 5249 570 5303 alia
612 5258 766 5319 parte
807 5249 852 5303 si
900 5249 1257 5319 llcgesippum
1297 5256 1558 5309 mendacii
1593 5256 1855 5319 damnas,

276 5323 411 5382 quod
445 5320 645 5394 durum
673 5330 776 5394 est,
800 5324 1016 5394 cogeris
1037 5323 1196 5376 simul
1220 5338 1437 5380 onmem
1461 5327 1855 5394 antiquitatem,

277 5405 390 5456 qua:
412 5391 463 5445 ei
495 5391 657 5444 fidem
681 5389 890 5454 habuit,
920 5400 974 5444 et
1005 5389 1144 5444 inter
1169 5403 1394 5450 ceteros
1423 5389 1710 5451 Eusebium
1741 5389 1858 5450 Cai-

279 5465 596 5526 sariensetu,
629 5471 685 5516 et
713 5473 954 5515 sanctum
985 5462 1366 5533 Hieronymum
1388 5507 1403 5529 ,
1433 5465 1575 5520 viros
1599 5483 1774 5522 rerum
1806 5478 1860 5520 et

277 5534 720 5603 consuetudinarii
783 5533 1126 5587 Judaicnrum
1181 5536 1572 5603 prritissimus,
1654 5551 1854 5600 temere

276 5603 609 5656 credulitatis
629 5602 904 5657 damnare.

342 5670 368 5709 δ
398 5673 481 5726 Ea:
534 5675 931 5745 uterogmatris.
999 5675 1334 5745 llegesippns
1379 5677 1515 5744 apud
1571 5678 1856 5732 Eusebium

273 5740 352 5807 (L.
387 5759 444 5807 tt,
470 5760 523 5799 ο.
554 5746 648 5811 2‘2)
675 5743 743 5797 de
772 5755 960 5800 sancto
981 5740 1182 5802 Jacubo
1202 5740 1281 5801 ait
1307 5765 1319 5799 :
1350 5740 1449 5801 ilic
1483 5753 1545 5801 ub
1578 5759 1719 5802 utero
1743 5766 1854 5803 nnt-

273 5816 359 5864 tris
386 5825 595 5866 attractus
625 5816 743 5882 ('nit.

342 5896 365 5922 ο
429 5885 498 5940 Ut
559 5887 790 5939 Joannes
838 5893 881 5939 et
939 5884 1182 5942 lactibus.
1241 5890 1468 5948 Sun-tus
1531 5891 1858 5962 Epiphanius

1884 4579 1936 4639 D

1976 3279 2184 3346 nuptias
2214 3283 2618 3346 contraxerunt.
2663 3273 3086 3346 Snspieorhliauc
3117 3276 3412 3346 orationem
3452 3279 3545 3331 de-

1973 3343 2241 3414 sumptam
2273 3359 2392 3400 esse
2419 3359 2487 3398 ex
2528 3345 2689 3414 missa
2719 3358 2839 3410 qua:
2882 3343 3009 3394 olim
3040 3344 3131 3413 (ut
3160 3344 3324 3414 estin
3355 3346 3553 3402 Missali

1973 3412 2388 3472 Galla-Gothico
2449 3424 2503 3467 ct
2547 3413 2600 3467 iu
2653 3412 3085 3468 Sacrainentario
3135 3412 3428 3482 Bobiensi)
3479 3418 3546 3472 de

1963 3488 2186 3544 .duobus
2216 3485 2470 3540 fratribus
2498 3483 2699 3538 Iacobo
2725 3492 2781 3537 et
2804 3482 3013 3538 Joanne
3052 3485 3308 3553 apostolis
3336 3487 3551 3540 diceba-

1975 3571 2060 3613 tur
2079 3600 2093 3624 ,
2124 3569 2178 3612 et
2207 3572 2336 3610 sane
2361 3555 2621 3624 suSpicari
2657 3553 2836 3608 licebit
2862 3555 2911 3607 iu
2944 3554 3267 3624 quibusdam
3302 3556 3553 3612 Ecclesiis

1974 3629 2243 3694 Hispania:
2286 3627 2411 3682 olim
2469 3641 2568 3679 una
2618 3637 2735 3679 cum
2789 3639 2974 3678 sauc'o
3032 3625 3237 3680 Joanne
3291 3629 3548 3682 celebrari

1972 3699 2320 3755 consuevisse
2364 3699 2504 3752 diem
2539 3695 2835 3763 passionis.
2870 3705 2960 3749 aut
2990 3697 3344 3753 ordinationis
3378 3701 3548 3753 sancti

1973 3771 2160 3826 Jacobi
2208 3768 2392 3823 fratris
2439 3766 2646 3821 Domini
2698 3765 2784 3820 die
2823 3766 2891 3820 27
2930 3768 3254 3823 Decembris.
3303 3769 3444 3825 Sane
3485 3788 3564 3824 ex-

1976 3842 2275 3910 Epiphanio
2317 3835 2740 3910 constatg(ll(rr.
2797 3837 2884 3902 73,
2941 3840 3282 3908 Antidirom.)
3316 3841 3412 3894 hos
3445 3852 3555 3896 tres

1973 3908 2244 3978 apostolos
2272 3910 2485 3964 rmltbes
2511 3908 2730 3965 vixisse.
2766 3920 2816 3961 et
2849 3913 2916 3962 de
2944 3918 3132 3968 sancto
3153 3911 3356 3964 Jaeobo
3385 3911 3545 3965 fratre

1975 3983 2182 4037 Domini
2207 3981 2392 4034 scribit
2415 3988 2632 4051 sanctos
2661 3978 3015 4051 llieronymus
3038 3981 3208 4051 (Adv.
3227 3980 3551 4051 Helvidium)

1973 4070 2092 4108 eum
2127 4061 2382 4119 rerpetua:
2408 4050 2712 4119 virginitatis
2743 4051 3001 4102 cultorem
3034 4050 3326 4106 exstitisse.

2045 4123 2069 4162 ἀ
2101 4122 2322 4177 Recuba.
2352 4121 2618 4178 Forta~se.
2647 4123 2876 4171 rccnbns.

2049 4204 2072 4231 ο
2107 4193 2269 4263 Digne
2298 4192 2538 4256 suscipiet
2563 4187 2822 4263 Christus.
2876 4187 2988 4241 Non
3019 4189 3092 4241 ait
3122 4187 3392 4244 Christum
3429 4208 3546 4246 om.-

1976 4265 2106 4319 ιιῙιιο
2132 4260 2237 4317 non
2281 4271 2651 4327 suscepturum
2699 4260 2748 4311 in
2782 4263 3019 4324 requ‘em
3045 4275 3178 4326 quos
3205 4269 3296 4314 aut
3338 4275 3550 4332 marty-

1978 4338 2112 4390 rium
2138 4344 2228 4388 aut
2259 4333 2533 4399 integritas
2562 4332 2756 4402 trientis
2785 4345 2890 4383 non
2913 4332 3271 4390 commendat;
3302 4331 3395 4386 sed
3425 4331 3544 4402 opi-

1977 4407 2150 4459 nando
2190 4406 2263 4457 ait
2290 4402 2558 4458 Christum
2604 4401 2754 4468 digne
2797 4417 2900 4454 non
2944 4412 3316 4466 suscepturum
3355 4405 3406 4456 in
3459 4401 3543 4458 re-

1977 4479 2178 4545 quiem,
2222 4475 2521 4558 nisiquos_,
2568 4481 2673 4525 etc.
2715 4473 3243 4558 Caatet‘(itii_castitas,
3278 4482 3547 4558 utaucntor

1976 4542 2060 4602 est
2099 4554 2316 4599 sanctus
2345 4542 2646 4613 Cyprianus
2665 4582 2678 4604 ,
2724 4543 2766 4605 si
2791 4542 2948 4594 modo
2991 4542 3076 4594 ille
3105 4553 3294 4598 auctor
3321 4546 3392 4598 sit
3421 4546 3545 4598 libri

1963 4620 2028 4672 de
2059 4618 2204 4671 Bono
2234 4613 2524 4682 ρυάἰειιιιιι,
2570 4613 2635 4665 ad
2679 4627 2866 4666 omnes
2909 4613 3128 4674 otiiuino
3177 4616 3426 4683 pertinet;
3485 4635 3546 4670 ca

1961 4691 2104 4742 enim
2138 4701 2240 4740 non
2273 4687 2445 4738 Solum
2478 4685 2531 4736 in
2576 4683 2887 4752 virginibus,
2921 4683 3014 4736 sed
3051 4686 3103 4738 in
3135 4687 3542 4751 continentibus,

1964 4768 2018 4812 ct
2045 4759 2210 4812 etiam
2238 4757 2291 4808 in
2322 4754 2662 4808 matrimoniis
2693 4753 2982 4808 inven'itur.
3029 4757 3128 4821 Qui
3162 4767 3338 4811 autem
3379 4757 3544 4809 furni—

1961 4831 2063 4882 cati
2095 4839 2184 4882 aut
2205 4826 2458 4880 mtecbati
2488 4825 2721 4893 fuerant,
2747 4841 2888 4891 3:ng
2911 4869 2925 4888 ,
2973 4842 3071 4879 nec
3113 4828 3212 4882 nisi
3257 4837 3380 4896 post
3411 4833 3548 4880 Inul-

1966 4911 2140 4954 tnrutu
2189 4912 2452 4951 annorum
2491 4906 2732 4949 exactam
2766 4897 3169 4963 postiitcntiam,
3211 4903 3275 4952 ad
3307 4913 3547 4952 commu-

1963 4970 2178 5024 nionem
2219 4968 2476 5022 Ecclesiae
2519 4968 2940 5035 recipiebantur.
2980 4971 3112 5020 Atsi
3143 4971 3333 5023 iterum
3376 4970 3427 5022 in
3454 4984 3546 5020 ea-

1963 5043 2084 5094 dem
2112 5040 2347 5109 prolapsi
2382 5039 2610 5092 fuissent
2639 5044 2881 5107 peccata,
2911 5039 3225 5102 paenitentia
3258 5040 3361 5094 illis
3384 5039 3542 5109 mini-

1963 5128 2048 5165 me
2071 5108 2482 5166 concedebatur.
2537 5109 2651 5162 Non
2697 5110 2856 5175 igitur
2885 5110 3184 5163 mirandum
3228 5112 3273 5164 si
3304 5108 3546 5177 antiqui,

1962 5183 2114 5248 juxta
2190 5195 2408 5235 suorum
2471 5190 2771 5248 temporum
2829 5180 3167 5249 tlseiplinam
3226 5181 3547 5247 loquentes,

1966 5257 2097 5306 dura
2147 5252 2215 5306 de
2267 5250 2332 5304 iis
2383 5251 2584 5304 sentire
2643 5251 2892 5304 videntur
2935 5249 3024 5314 qui
3070 5251 3119 5300 iu
3175 5250 3543 5304 conservanda

1965 5324 2158 5378 mentis
2189 5331 2245 5376 et
2273 5323 2516 5389 corporis
2548 5323 2850 5390 integritate
2874 5321 3287 5386 negligentiores
3319 5323 3536 5374 fuerint.

1965 5396 2106 5464 Lege
2150 5409 2269 5464 qua:
2297 5403 2514 5464 sanctus
2558 5392 2856 5462 Cyprianus
2912 5397 2964 5464 iu
3012 5401 3237 5446 tractatu
3269 5391 3335 5445 de
3365 5391 3539 5446 disci-

1967 5463 2201 5532 plinaet
2252 5463 2436 5516 habitu
2487 5464 2753 5529 virginum
2796 5463 3015 5522 scribit,
3079 5464 3165 5530 qui
3214 5478 3343 5518 sane
3387 5463 3543 5531 longe

1964 5537 2134 5590 abfuit
2163 5551 2190 5587 a
2218 5533 2471 5602 dogmate
2496 5533 2795 5602 Novatiaui.

2041 5603 2060 5643 ί
2103 5599 2314 5658 Justus:
2362 5604 2624 5656 Eusebius
2661 5601 2840 5672 (Hist.
2871 5599 3014 5656 Eccl.
3042 5602 3132 5655 lib.
3159 5619 3225 5668 ιι,
3254 5620 3298 5657 c.
3333 5604 3386 5672 l)
3419 5603 3544 5658 :Ja-

1965 5677 2150 5742 cohus,
2183 5675 2270 5742 qui
2302 5674 2364 5726 ob
2393 5675 2635 5728 eximiam
2665 5675 2897 5727 virtutem
2922 5671 3106 5728 Justus
3127 5685 3199 5728 est
3226 5676 3288 5728 ab
3319 5671 3546 5744 antiquis

1964 5748 2374 5814 cognominatus.

2039 5827 2063 5861 κ
2106 5817 2417 5884 Subjrtnrct.
2474 5814 2610 5885 Lege
2643 5835 2653 5871 :
2689 5815 2823 5871 Justi
2857 5833 3034 5871 nomen
3069 5818 3247 5870 merito
3278 5832 3390 5871 eum
3419 5816 3538 5867 διώσ-

1965 5906 2123 5958 st‘quc.
2141 5899 2184 5941 t’l
2197 5907 2274 5943 ttt‘.
