4052 6182
292 354 389 407 217

999 347 1294 404 MISSALE
1332 345 1604 402 MIXTUM
1649 343 1800 400 SEC.
1843 342 1870 396 Ρ

1973 344 2007 394 ι-
2052 344 2109 397 Β.
2155 344 2420 399 ISIDORI.
2464 376 2534 385 —
2574 344 2748 400 PARS
2792 344 2827 398 l.

3458 344 3566 401 218

291 473 340 527 in
372 486 501 523 aure
533 487 547 524 :
575 483 682 540 quo
711 467 959 523 eﬂ'cctum
991 466 1267 532 capiamus
1311 467 1363 520 in
1412 465 1495 520 bis
1536 463 1713 518 verbis
1753 477 1873 516 cum
1904 466 1949 520 A
1981 462 2257 517 vissimus.
2301 462 2490 517 Manus
2524 479 2736 533 quoque
2778 477 2891 518 mea
2935 462 3178 518 fundavit
3216 474 3412 518 terram
3447 481 3461 517 :
3504 475 3560 519 et

289 564 353 618 all
397 573 602 633 patrem
644 561 1156 639 proclamaveriinus
1198 573 1229 613 e
1271 558 1448 614 terris.
1492 556 1651 611 Pater
1693 562 1874 608 noster

287 656 373 724 qui
401 670 461 709 es
486 656 537 708 in
568 654 720 708 celis.

360 745 677 799 Benedictio.
708 743 957 799 Chtislus
998 745 1257 798 Dominus
1289 758 1445 811 quem
1480 741 1754 811 predicare
1783 739 1877 793 in-

288 845 372 888 ter
405 834 783 889 Pliariseorum
814 848 1014 887 cuneos
1040 831 1267 887 Iacobus
1290 838 1641 886 non‘veretur
1667 847 1683 886 :
1714 832 1897 882 intre-'

290 924 442 994 pidos
472 934 569 978 vos
600 939 696 994 pro
726 925 808 978 sui
844 925 1077 978 nominis
1100 924 1432 979 defensione
1464 921 1663 976 efﬁciat
1693 920 1757 974 ad
1792 920 1874 971 Io-

288 1014 584 1084 quendum.
634 1014 669 1081 ιῆ
693 1053 707 1068 .
740 1017 936 1069 Amen.
968 1014 1202 1084 Ejusque
1233 1014 1479 1083 precibus
1509 1027 1603 1065 vos
1631 1010 1875 1065 sustollat

290 1106 341 1161 in
388 1106 514 1160 celo
558 1123 571 1158 :
615 1120 771 1173 quem
817 1120 914 1174 pro
962 1119 1022 1159 se
1068 1108 1258 1173 pasSus
1306 1112 1389 1158 est
1439 1100 1872 1171 persequentium

291 1198 538 1253 manibus
578 1197 879 1267 precipitari
919 1199 985 1251 ab
1027 1195 1156 1250 alto.
1210 1195 1248 1264 ἡ
1274 1236 1288 1250 .
1333 1194 1523 1249 Amen.
1558 1193 1627 1249 Ut
1653 1194 1717 1247 ad
1751 1209 1872 1248 eum

293 1299 595 1358 presentem
622 1293 946 1360 ~respuentes
976 1288 1137 1343 vitam
1168 1287 1565 1341 remuneraturi
1598 1284 1876 1353 pervenia-

294 1384 360 1433 tis
389 1396 405 1435 :
432 1395 557 1435 cum
602 1395 712 1449 quo
744 1393 885 1434 nunc
915 1379 1055 1432 idem
1086 1377 1360 1445 apostolus
1395 1376 1595 1430 collisis
1634 1374 1875 1429 cerebris

295 1474 489 1524 letatur
527 1472 595 1526 de
634 1478 1002 1525 consummata
1047 1470 1212 1539 gloria
1243 1467 1523 1536 passionis.
1571 1466 1609 1535 ἢ
1633 1505 1646 1519 .
1678 1467 1873 1520 Amen.
1902 1494 1905 1495 ν

296 1565 396 1620 Per
435 1565 860 1620 misericordiam
903 1565 1071 1635 ipsius
1110 1571 1214 1617 etc.
1259 1562 1518 1616 Dominus
1553 1560 1623 1615 sit
1661 1575 1877 1630 semper

294 1658 591 1711 vobiscum.
638 1658 675 1725 it}
696 1696 711 1711 .
744 1654 966 1710 Gustate
998 1664 1053 1709 et
1081 1655 1282 1729 videte.
1460 1678 1463 1679 ν
1648 1674 1649 1677 η

366 1749 489 1805 Post
517 1752 828 1804 communio.
859 1748 1067 1803 Gratias
1094 1747 1187 1801 tibi
1215 1747 1439 1816 agimus.
1475 1744 1569 1814 fol.
1599 1745 1693 1799 40.

599 1848 716 1940 αἰξί
755 1881 1281 1939 cuncoucnsroxs
1320 1877 1574 1934 DOMINI.

735 1975 815 2028 Ad
847 1974 1079 2039 Missam.
1108 1972 1137 2011 ι)
1172 1971 1426 2043 Oﬂicium.

366 2087 624 2143 Dominus
644 2085 884 2154 regnavit
904 2084 1149 2138 decorem
1179 2092 1202 2122 ε
1226 2082 1399 2136 induit
1417 2079 1651 2151 alleluia.
1690 2079 1725 2147 Ῡ
1747 2116 1763 2133 .
1790 2078 1875 2133 Ιη-

295 2182 407 2234 duit
439 2180 695 2233 Dominus
724 2176 1086 2232 fortitudinem
1116 2183 1172 2230 et
1202 2176 1461 2244 precinxit
1501 2189 1581 2229 se.
1613 2172 1683 2227 P.
1718 2173 1873 2227 Alle-

297 2272 418 2340 luja.
467 2272 541 2341 ).
583 2270 766 2325 Gloria
813 2278 863 2322 et
899 2269 1071 2321 honor
1117 2267 1255 2320 Patri
1287 2278 1341 2321 et
1383 2266 1519 2320 Filio
1561 2274 1616 2319 et
1646 2264 1871 2333 Spiritui

295 2361 493 2416 Sancto
521 2360 576 2414 in
606 2359 788 2414 secula
818 2358 1124 2414 seculorum
1157 2371 1333 2412 amen.
1365 2356 1432 2412 Ρ.
1467 2355 1718 2426 Alleluja.

367 2449 567 2504 Oratio.
615 2450 783 2504 Ilodie
824 2450 979 2503 nobis
1021 2449 1327 2503 thesaurus.
1369 2448 1538 2513 Quare
1584 2449 1639 2502 in
1681 2447 1877 2504 Natale

296 2538 506 2594 Dommr'
533 2540 627 2610 fol.
654 2539 806 2593 XXX
829 2537 954 2592 VII.

462 2651 643 2706 Lectio
672 2651 839 2722 Esaye
866 2652 1108 2725 propheta
1136 2652 1304 2722 (Cap.
1338 2650 1365 2691 τι
1395 2650 1704 2723 XLVIII).

361 2744 472 2799 Ilec
518 2744 649 2797 dicit
702 2745 977 2799 Dominus.
1022 2744 1161 2799 Audi
1207 2760 1295 2799 me
1345 2743 1508 2799 Iacob
1556 2760 1569 2797 :
1612 2755 1667 2799 et
1710 2743 1877 2799 Israel

293 2842 449 2906 quem
492 2848 594 2905 ego
633 2846 784 2889 voco.
828 2835 937 2904 Ego
974 2834 1090 2905 ipse
1128 2850 1226 2905 ego
1266 2833 1469 2905 primus
1500 2851 1514 2888 :
1547 2846 1595 2888 ct
1637 2849 1739 2905 ego
1777 2850 1879 2890 no-

1979 554 2197 610 dextera
2228 569 2343 608 mea
2380 570 2561 608 mensa
2592 564 2676 610 est
2703 556 2868 609 celos.
2914 554 3024 623 Ego
3065 570 3198 609 voco
3232 570 3326 609 eos
3354 565 3408 608 et
3443 564 3555 609 sta—

1977 643 2108 697 bunt
2140 644 2244 716 53
2275 645 2455 699 simul.
2491 646 2899 715 Congregamini
2944 661 3131 699 omnes
3164 660 3260 700 vos
3309 664 3321 698 :
3370 654 3424 699 et
3458 661 3556 699 au-

1976 734 2087 789 dite
2118 753 2130 788 :
2163 737 2281 803 quis
2311 734 2381 789 de
2411 736 2489 790 eis
2522 737 2868 792 annuuciavit
2902 738 3042 791 hec?
3074 738 3330 791 Dominus
3369 738 3560 792 dilexit

1977 844 2121 883 eum.
2159 828 2343 885 Faciet
2369 832 2697 885 voluntatem
2729 846 2877 885 suam
2913 832 2963 884 in
3012 832 3278 901 Babylone
3310 848 3324 889 :
3356 843 3410 885 et
3441 832 3560 884 bra-

1978 917 2155 972 citium
2184 934 2336 973 suum
2371 922 2421 974 in
2457 920 2732 975 Chaldeis.
2781 931 2805 958 ο
2846 923 2953 989 Ego
2983 922 3190 975 locutus
3230 936 3346 974 sum
3383 931 3436 973 et
3466 936 3561 974 vo-

1978 1009 2097 1063 cavi
2132 1025 2267 1065 eum
2309 1028 2326 1067 :
2368 1012 2563 1066 adduxi
2611 1028 2730 1066 eum
2769 1030 2781 1063 :
2815 1020 2869 1066 et
2917 1012 3119 1065 directa
3164 1019 3245 1065 est
3285 1011 3371 1065 via
3418 1012 3559 1078 ejus.

1980 1100 2233 1154 Accedite
2276 1100 2340 1153 ad
2372 1115 2458 1156 me
2487 1110 2541 1155 et
2579 1101 2755 1156 audite
2802 1100 2904 1155 hoc
2934 1116 2951 1155 :
2978 1104 3089 1155 non
3131 1115 3160 1153 a
3203 1100 3465 1170 principio
3508 1102 3562 1156 iu

1979 1191 2293 1245 abscondito
2324 1192 2531 1247 locutus
2574 1209 2692 1247 sum
2728 1211 2740 1245 :
2771 1210 2838 1249 ex
2870 1204 3115 1262 tempore
3143 1202 3428 1263 antequam
3463 1194 3560 1248 lie-

1980 1290 2064 1336 ret
2098 1281 2169 1336 ibi
2219 1296 2385 1337 eram.
2437 1284 2503 1337 Bt
2547 1298 2686 1338 nunc
2715 1285 2976 1339 Dominus
3008 1285 3149 1338 Dens
3179 1283 3322 1338 misit
3352 1300 3436 1339 me
3469 1302 3482 1337 :
3512 1293 3567 1337 ct

1982 1372 2215 1440 Spiritus
2254 1372 2391 1441 ejus.
2438 1373 2549 1429 IIec
2597 1374 2728 1428 dicit
2769 1375 3026 1430 Dominus
3076 1374 3403 1443 Redemptor
3446 1387 3566 1430 tuus

1979 1470 2197 1516 sanctus
2245 1463 2428 1517 Israel.
2476 1464 2591 1533 Ego
2638 1464 2895 1520 Dominus
2942 1466 3086 1520 Deus
3129 1475 3251 1521 tuus
3282 1467 3481 1521 docens
3513 1477 3565 1521 te

1981 1553 2126 1607 utilia
2152 1570 2167 1607 z
2192 1556 2494 1625 gubernans
2522 1566 2574 1611 te
2602 1558 2655 1610 in
2686 1557 2767 1611 via
2797 1573 2901 1627 qua
2930 1560 3195 1615 ambulas.
3229 1559 3438 1615 Utinam
3468 1560 3561 1614 ad—

1981 1645 2247 1701 tendisses
2278 1647 2526 1699 mandata
2573 1662 2689 1702 mea
2723 1664 2739 1700 :
2788 1648 2929 1702 facta
2959 1647 3151 1703 fuisset
3178 1651 3328 1718 quasi
3370 1650 3567 1704 flumen

1984 1752 2083 1806 pax
2114 1747 2199 1791 tua
2234 1754 2248 1791 :
2280 1748 2335 1793 et
2357 1737 2568 1807 justicia
2596 1749 2682 1793 tua
2704 1739 2842 1794 sicut
2868 1756 3062 1809 gurges
3084 1740 3268 1795 maris.
3299 1739 3319 1778 τ
3348 1741 3414 1794 Et
3437 1740 3569 1794 fuis-

1903 1816 1951 1878 Β
1982 1837 2067 1882 set
2095 1830 2247 1897 quasi
2293 1844 2457 1885 arena
2500 1844 2683 1885 semen
2715 1838 2861 1885 tuum
2899 1848 2912 1884 :
2946 1840 3002 1887 et
3039 1832 3205 1900 stirps
3235 1831 3371 1886 uteri
3402 1832 3477 1886 tui
3508 1841 3567 1884 ut

1966 1916 2140 1985 lapilli
2183 1917 2300 1985 ejus
2332 1935 2345 1970 :
2377 1933 2482 1974 non
2515 1919 2787 1976 interisset
2831 1938 2844 1973 :
2885 1931 2940 1977 et
2984 1920 3173 1976 fuisset
3215 1937 3408 1977 nomen
3450 1921 3569 1989 ejus

1977 2010 2218 2065 attritum
2257 2026 2288 2065 a
2327 2009 2464 2067 facie
2503 2028 2643 2068 mea.
2689 2014 3016 2083 Egredimini
3057 2031 3086 2069 a
3130 2015 3396 2084 Babylone
3429 2032 3442 2068 :
3478 2014 3560 2069 fu-

1979 2103 2085 2170 gite
2113 2117 2142 2155 a
2177 2101 2448 2159 Cbaldeis.
2483 2104 2538 2158 In
2569 2120 2702 2160 voce
2730 2106 3076 2161 exultationis
3106 2106 3425 2161 annunciate
3458 2122 3472 2158 :
3507 2113 3562 2160 et

1977 2194 2218 2249 auditum
2249 2196 2406 2251 facite
2452 2196 2554 2251 hoc
2586 2213 2602 2253 :
2648 2208 2704 2252 et
2744 2198 2879 2253 ferte
2920 2199 3066 2253 illum
3099 2214 3269 2269 usque
3295 2198 3360 2252 ad
3388 2205 3567 2253 extre-

1981 2302 2126 2341 mum
2184 2299 2350 2344 terre.
2406 2289 2466 2343 Et
2516 2289 2699 2344 dicite.
2753 2290 3003 2346 Redemit
3056 2291 3311 2347 Dominus
3349 2307 3565 2347 servum

1980 2395 2133 2435 suum
2162 2380 2348 2436 Iacob.
2395 2380 2433 2449 ιῆ
2456 2420 2470 2434 .
2498 2380 2691 2438 Amen.

2054 2482 2079 2519 8
2116 2472 2417 2527 Psallendo.
2452 2473 2643 2528 Notum
2665 2474 2789 2530 fecit
2818 2474 3075 2531 Dominus
3104 2476 3339 2530 salutare
3360 2491 3516 2531 suum
3547 2495 3562 2531 :

1985 2571 2109 2617 ante
2135 2576 2483 2630 conspectum
2510 2564 2750 2631 gentium
2785 2564 3043 2618 revelavit
3077 2565 3350 2634 justiciam
3387 2581 3562 2623 suam.

1994 2654 2032 2723 Ῡ
2055 2692 2070 2706 .
2108 2654 2371 2709 Viderunt
2398 2667 2587 2708 omnes
2616 2655 2748 2709 lines
2778 2665 2918 2711 terre
2948 2657 3183 2711 salutare
3227 2657 3317 2712 Dei
3349 2658 3516 2712 nostri
3549 2676 3564 2714 :

1978 2745 2199 2815 jubilate
2231 2746 2457 2799 Domino
2486 2747 2659 2802 omnis
2691 2756 2831 2802 terra
2867 2764 2881 2802 :
2913 2757 3130 2803 cantate
3161 2759 3214 2805 et
3245 2749 3482 2807 exultate
3509 2757 3567 2806 et

1984 2835 2216 2906 psallite.
2251 2834 2318 2889 Ρ.
2347 2840 2505 2893 Ante.
2618 2847 2623 2850 ‘
2790 2852 2795 2865 ι
3238 2860 3241 2867 .
3324 2848 3329 2851 «

292 2981 474 3050 aliqui,
504 2981 593 3047 qui
619 2994 723 3034 non
748 2989 897 3053 erant
927 2979 997 3053 de
1031 2994 1252 3053 numero
1279 2979 1556 3053 duodecim
1580 3022 1596 3053 ,_
1628 2980 1858 3045 apostoli
1965 2981 2125 3053 hujus
2151 2983 2505 3053 solemnitatis
2528 2993 2731 3038 certum
2754 2982 2965 3052 aliquod
3000 2981 3396 3053 testimonium.
3427 2980 3559 3037 Nam

291 3053 641 3111 vocabantur.
672 3061 727 3105 et
758 3053 808 3103 in
840 3052 921 3104 his
950 3050 1063 3119 ipse
1092 3051 1248 3103 dirus
1291 3050 1482 3103 Paulus
1509 3049 1598 3118 qui
1644 3066 1702 3119 se
1731 3065 1857 3104 con-

291 3132 492 3175 stanter
523 3122 832 3188 Apostolum
862 3121 1114 3187 appellat.
1164 3120 1335 3173 Graeci
1366 3119 1619 3173 Iacobum
1653 3118 1859 3188 Alphtei

294 3192 554 3247 aIacobo
584 3191 746 3246 fratre
779 3191 986 3245 Domini
1017 3192 1345 3258 distinguunt
1372 3208 1385 3242 :
1414 3191 1556 3243 hunc
1575 3190 1863 3244 coluutdie

290 3262 359 3313 25
382 3262 657 3325 Octobris,
685 3261 939 3316 Iacobum
960 3263 1161 3328 Alpbaci
1192 3262 1280 3315 die
1306 3262 1337 3313 9
1355 3262 1605 3315 Ostobris
1632 3259 1864 3328 (Menol.

292 3331 477 3393 Basil.,
514 3324 766 3402 Manta).
790 3333 845 3384 ln
879 3324 1272 3402 Martyrologiis
1307 3324 1861 3402 qttoqucrantiquiori-

294 3402 389 3455 bus
414 3403 721 3454 Latinorum
748 3401 976 3456 Iacobu’s
1002 3400 1205 3469 Alplia-Ti
1234 3404 1474 3469 signatur
1496 3401 1582 3453 die
1604 3400 1673 3453 22
1694 3400 1819 3455 Iulii
1847 3417 1862 3454 :

293 3473 362 3525 ita
394 3475 447 3525 in
480 3473 887 3538 Epternacensi,
920 3475 975 3525 in
991 3471 1305 3527 Corbeiensi
1330 3471 1595 3533 Dacherii,
1625 3473 1676 3524 in
1701 3470 1866 3525 Gelo-

290 3545 463 3604 nensi,
488 3545 542 3595 iu
574 3542 800 3596 Lucensi
826 3542 1160 3605 Florentiuii,
1188 3544 1315 3597 etin
1343 3543 1461 3595 aliis
1486 3543 1625 3595 haud
1648 3541 1852 3607 paucis.

294 3612 415 3666 Dies
449 3625 583 3666 vero
627 3613 892 3679 passionis
929 3614 1095 3666 sancti
1138 3615 1320 3668 Jacobi
1356 3613 1530 3666 fratris
1570 3612 1776 3665 Domini
1810 3611 1860 3665 in

292 3683 476 3736 iisdem
530 3681 754 3751 aliisque
797 3682 991 3737 tabulis
1037 3681 1417 3738 ecclesiasticis
1463 3682 1550 3736 die
1584 3681 1656 3736 25
1691 3682 1865 3737 Martii

296 3752 513 3820 legitur.
565 3751 747 3817 Quare
781 3768 902 3807 cum
947 3754 1064 3807 dies
1111 3753 1374 3821 passionis
1422 3752 1668 3807 diversus
1718 3753 1866 3807 inve-

292 3824 499 3886 niatur,
530 3836 654 3875 cum
686 3822 898 3887 plurimi
928 3838 998 3876 ex
1028 3823 1260 3891 antiquis
1289 3822 1543 3877 Iacobum
1572 3823 1778 3887 Λιβιιωί
1810 3822 1863 3877 in

291 3907 517 3947 nurnero
548 3892 825 3946 duodecim
847 3903 1028 3963 ap‘irte
1045 3902 1377 3952 recenseam.
1404 3901 1458 3947 et
1481 3893 1676 3960 aliquid
1710 3894 1865 3949 Iaco-

291 3964 412 4016 bum
449 3964 671 4015 fratrem
719 3963 925 4017 Domini
958 3978 1027 4017 ex
1071 3979 1297 4017 numero
1326 3963 1608 4016 duodecun
1652 3972 1865 4031 aposto-

292 4033 467 4086 lorum
500 4030 809 4099 exolndant,
845 4034 997 4099 mihi,
1028 4042 1264 4102 spectata
1294 4034 1632 4101 antiquorum
1681 4047 1867 4086 aneto-

293 4106 476 4168 ritate,
520 4103 777 4157 credibile
826 4104 1035 4157 videtur
1080 4103 1337 4158 Iacobum
1385 4107 1599 4157 fratrem
1655 4103 1863 4156 Domini

292 4174 455 4226 alium
483 4186 609 4226 esse
633 4188 661 4224 a
682 4171 884 4228 Iacobo
912 4173 1140 4240 Alphazi;
1172 4183 1226 4226 et
1256 4174 1374 4225 libri
1403 4172 1629 4240 Iiturgici
1657 4172 1866 4226 Latino-

294 4260 431 4305 rum,
462 4244 707 4309 qunlnvis
731 4259 759 4295 a
788 4244 1025 4311 pluribus
1051 4245 1260 4297 Sacculis
1285 4243 1500 4296 eosdem
1531 4244 1864 4312 distinguere

296 4330 395 4365 non
448 4312 770 4379 videantur,
822 4328 947 4367 raro
986 4323 1159 4367 tamen
1198 4314 1416 4367 eosdem
1461 4312 1865 4381 distinguendos

292 4398 412 4435 esse
447 4390 665 4452 negant.
710 4383 894 4452 Neque
925 4398 989 4436 ex
1029 4398 1095 4436 eo
1123 4384 1261 4450 quod
1294 4385 1343 4435 in
1375 4383 1639 4451 aliquibus
1667 4383 1866 4452 Marty-

293 4443 638 4522 rulugiisjdie
671 4451 694 4504 l
732 4443 851 4507 Maii
891 4443 1422 4522 signetur'festivitas
1463 4443 1630 4506 sancti
1679 4443 1862 4509 Jacobi

1969 3050 2267 3107 concilium
2295 3052 2606 3107 Turonense
2660 3069 2695 3108 II
2746 3050 2898 3120 (Con.
2946 3052 3035 3121 l7)
3074 3062 3257 3119 aperte
3302 3050 3571 3108 Kalendas

1968 3123 2203 3178 Januarii
2228 3123 2294 3177 de
2318 3122 2569 3177 festorum
2590 3140 2812 3179 numero
2839 3124 3060 3187 excipit,
3080 3132 3133 3176 et
3161 3132 3357 3176 statuta
3382 3121 3570 3177 Eccle-

1970 3194 2586 3261 sitelihemensisMpnd
2621 3191 3168 3261 Labbe,Concilior.t.
3205 3192 3569 3261 V,col.1695)

1970 3278 2088 3333 qua)
2119 3264 2379 3317 Sonnatio
2408 3260 2683 3331 episcopo,
2716 3264 2762 3315 ei
2789 3263 2877 3332 qui
2905 3278 2994 3315 an.
3026 3260 3131 3314 625
3165 3263 3391 3316 concilio
3422 3260 3568 3315 Rhe—

1971 3334 2138 3388 mensi
2182 3334 2411 3399 praefuit,
2441 3333 2770 3397 tribuuntur,
2795 3348 2927 3401 opus
2956 3342 3083 3386 sunt
3107 3333 3420 3386 recentioris
3443 3333 3566 3398 aavi,

1971 3412 2029 3456 ut
2084 3404 2459 3456 animadvertit
2520 3403 2577 3456 P.
2635 3404 2974 3472 Longueval,
3022 3402 3288 3472 eruditus_
3317 3402 3568 3472 Histgrize

1973 3472 2360 3541 Ecclesiasticze
2411 3472 2699 3528 Gallicana;
2745 3468 2975 3539 scriptor
3026 3471 3192 3541 (Ifist.
3243 3468 3389 3541 Eccl.
3421 3468 3565 3528 σου.

1971 3554 2093 3599 tom.
2120 3539 2241 3606 III,
2262 3544 2300 3598 ι.
2326 3560 2401 3611 tx,
2430 3542 2650 3611 p.459),
2672 3559 2736 3596 ex
2770 3543 3017 3610 Hispania
3037 3539 3200 3596 brevi
3232 3543 3283 3595 in
3313 3540 3564 3608 Galliam,

1970 3614 2094 3668 inde
2137 3616 2188 3668 in
2220 3616 2558 3668 Germaniam
2593 3614 2852 3668 festivitas
2888 3612 3328 3666 Circutncisionis
3372 3626 3565 3681 pr0pa-

1968 3695 2087 3753 gata
2114 3693 2213 3748 est,
2239 3696 2295 3738 ιιι
2324 3686 2545 3751 probant
2565 3694 2761 3738 statuta
2790 3685 2959 3738 sancti
2988 3682 3562 3753 Bonifacii‘Germauizn

1968 3751 2192 3823 apostoli
2222 3767 2274 3809 et
2302 3755 2554 3822 martyris
2579 3755 2791 3823 (Spicil.
2823 3753 3046 3807 Dacher.
3074 3762 3198 3805 lout.
3232 3751 3339 3823 IX.
3360 3771 3415 3823 ρ.
3445 3753 3560 3822 66),

1968 3825 2566 3894 quibusprtescrihitur,
2600 3836 2655 3878 ut
2686 3825 3033 3879 Circumcisio
3063 3824 3270 3879 Domini
3304 3822 3422 3879 Kal.
3468 3824 3565 3877 Ia-

1968 3896 2142 3949 nuarii
2179 3895 2491 3949 observetur
2521 3895 2770 3948 immunis
2805 3896 2873 3948 ab
2909 3895 3053 3948 omni
3088 3909 3251 3961 opere
3273 3894 3474 3947 servili.
3502 3895 3570 3948 Et

1970 3976 2146 4029 antea,
2175 3964 2387 4018 Missale
2419 3962 2904 4028 Gallo-Gothicum,
2933 3963 3420 4019 Sacramentarium
3465 3965 3565 4018 Bo-

1970 4035 2235 4094 biense.et
2265 4034 2630 4087 Lectionarius
2655 4035 3006 4088 Luxoviensis
3030 4034 3159 4087 Kal.
3183 4033 3429 4087 Januarii
3474 4049 3568 4090 ce‘

1969 4106 2182 4159 lebrant
2222 4104 2696 4158 Circumcisionem
2763 4104 2994 4158 Domini.
3032 4105 3183 4158 Libri
3228 4104 3566 4169 antiquiores

1970 4175 2225 4244 Liturgici
2246 4187 2298 4228 et
2324 4175 2717 4244 Martyrologia,
2748 4175 2833 4226 vel
2858 4184 3056 4227 octavas
3082 4173 3315 4236 Domini,
3337 4187 3387 4244 ut
3407 4173 3565 4227 Gela-

1969 4243 2176 4299 sianuin
2212 4262 2318 4299 em.
2349 4243 2641 4309 'l'liomasii,
2669 4254 2721 4297 et
2762 4245 3171 4298 Ambrosianum
3206 4243 3446 4307 Patuelii,
3479 4246 3562 4297 vel

1971 4315 2416 4368 Circumt'isionem
2442 4313 2667 4378 Domini,
2703 4326 2756 4369 ut
2781 4314 2988 4368 Missale
3010 4324 3065 4368 et
3099 4314 3429 4367 Breviariuttt
3460 4313 3563 4367 Μο-

1970 4385 2243 4449 zarabum,
2293 4386 2372 4439 vel
2425 4397 2727 4454 utrumque,
2762 4395 2835 4439 Aut
2876 4384 3135 4454 pluraque
3183 4383 3561 4454 Martyrolo‘gia

1971 4465 2413 4509 commemorant.
2449 4454 2737 4523 Cancrum,
2772 4457 2860 4522 qui
2903 4456 3330 4510 circutucisiouis
3362 4464 3564 4522 myste~

294 4515 471 4575 fratris
502 4521 734 4588 Domini,
770 4526 821 4576 in
853 4515 972 4594 aliis
1018 4525 1190 4577 sancti
1219 4522 1404 4579 Jacobi
1431 4523 1658 4590 Alpinci,
1691 4527 1867 4594 sequi-
1890 4515 1944 4572 D
1974 4529 2108 4578 rium
2140 4526 2390 4579 distincte
2414 4528 2615 4589 colunt,
2644 4515 2747 4580 non
2780 4515 2941 4594 pauca
2974 4529 3039 4579 de
3068 4515 3459 4589 Incarnatinue,
3488 4525 3559 4579 de

295 4600 377 4643 tur
408 4596 760 4662 hunc_unum
814 4593 1167 4660 eumdemquc
1211 4610 1331 4647 esse
1369 4594 1664 4662 apostolum
1715 4592 1868 4646 Iaco-

294 4663 441 4723 bum,
490 4658 587 4728 qui
618 4662 857 4728 pluribus
898 4658 1204 4718 nominibus
1233 4658 1556 4728 appellatur.
1611 4662 1716 4717 Sed
1750 4674 1869 4716 tan-

292 4743 401 4784 tum
430 4732 680 4797 sequitur
705 4732 906 4803 inaliis
935 4734 1185 4788 Ecclesiis
1220 4744 1275 4788 et
1304 4734 1698 4803 Martyrologiis
1726 4748 1875 4786 com-

294 4803 584 4873 memorari
621 4802 879 4857 Iacobum
909 4804 1114 4873 Alphaai
1143 4848 1154 4859 .
1209 4807 1261 4857 in
1294 4805 1414 4857 aliis
1454 4818 1579 4856 vero
1610 4803 1869 4857 Iacobum

294 4875 510 4925 Iratretn
537 4871 767 4925 Domini.

363 4939 462 4993 -In
490 4938 883 4997 Circumcisione
900 4942 1125 4998 Domini.
1140 4953 1356 4998 Ineunte
1372 4943 1567 4999 saculo
1586 4958 1657 4998 vn
1683 4941 1879 4997 Gotho-

296 5014 511 5080 IItspani
546 5012 799 5068 Kalendis
822 5016 1059 5079 Ianuarii
1089 5028 1283 5070 norum
1312 5030 1507 5069 annum
1531 5030 1649 5067 cum
1670 5013 1877 5081 jejunio

295 5081 815 5153 incipiebaut(Conc.
857 5084 1023 5138 Tolet.
1067 5103 1264 5151 tv,can.
1305 5086 1364 5139 ll
1394 5101 1408 5148 ;
1442 5084 1502 5138 S.
1529 5083 1784 5146 Isidorus,
1816 5086 1879 5138 de

296 5152 433 5223 ofﬁc.
464 5152 553 5225 lib.
588 5168 623 5225 ιλ,
648 5152 692 5205 c.
720 5156 810 5223 40)
858 5168 911 5209 et
942 5161 1004 5207 ad
1036 5173 1311 5225 vesperam
1340 5158 1552 5209 missam
1581 5154 1874 5225 Circumci-

298 5222 457 5297 SIOIIIS
478 5222 818 5279 celebrabant
843 5227 1013 5297 (Orat.
1039 5222 1188 5281 Goth.
1218 5244 1337 5297 pag.
1371 5226 1480 5292 46).
1506 5226 1645 5278 Idem
1670 5238 1800 5297 mos,
1825 5224 1878 5277 in

297 5296 459 5349 Gallia
508 5303 823 5350 servabatur
861 5297 1041 5366 (Cone.
1075 5298 1329 5351 Turonen.
1380 5312 1437 5357 tt.
1488 5312 1601 5347 can.
1630 5296 1739 5364 l7).
1770 5296 1878 5350 Sed

298 5380 415 5422 ante
448 5377 675 5423 mortem
719 5371 884 5421 sancti
926 5369 1131 5434 Isidori,
1165 5384 1283 5434 qua:
1320 5382 1459 5419 anno
1489 5367 1593 5418 656
1634 5367 1875 5433 contigit,

302 5436 547 5492 Kalendis
575 5436 773 5489 Ianuar
798 5437 812 5490 i
834 5439 1146 5492 solemuitas
1168 5436 1597 5492 Circumcisionis
1619 5437 1877 5490 celebrari

296 5509 456 5576 cmpit
489 5506 575 5577 (S.
613 5503 873 5574 Isidorus,
914 5508 1038 5575 Ileg.
1069 5525 1232 5570 mon..
1277 5523 1391 5574 cap.
1427 5507 1538 5573 1'2),
1580 5522 1697 5572 qtnn
1739 5510 1876 5577 circa

299 5574 527 5632 medium
572 5578 727 5643 hujus
757 5579 936 5631 Sil'CIIII
981 5574 1048 5632 vn
1078 5579 1277 5647 legibus
1310 5577 1699 5641 Visigothoruut
1740 5574 1880 5632 inter

300 5650 594 5718 praecipuas
635 5647 964 5718 festivitates.
994 5649 1186 5717 quibus
1222 5649 1381 5701 etiam
1421 5648 1592 5700 forum
1636 5648 1875 5718 vacabat,

298 5716 876 5790 rrlata‘esti(Cod.leg.
911 5716 1161 5790 Visigotlt.
1194 5720 1233 5772 l.
1258 5732 1315 5779 tt.
1346 5729 1383 5771 ι.
1406 5720 1506 5790 t,_l.
1530 5718 1594 5790 ll.
1622 5716 1750 5790 λίην.
1778 5734 1873 5782 xu,

299 5799 379 5842 nt.
409 5805 479 5858 tv,
508 5792 547 5845 ι.
570 5785 649 5859 6),
671 5798 795 5845 ante
819 5785 978 5860 [piam
1008 5785 1264 5862 epocham
1285 5788 1503 5845 difticilc
1523 5785 1877 5845 critinvcuire

1976 4596 2195 4649 Infantia
2220 4595 2450 4663 .(Jhristi,
2479 4603 2535 4649 et
2571 4597 2640 4649 de
2680 4597 2886 4650 octavis
2916 4597 3217 4650 Nativitatis
3255 4596 3500 4660 miscent,
3524 4595 3564 4648 ii

1975 4680 2104 4719 vero
2129 4668 2218 4734 qui
2245 4674 2551 4719 octavaruut
2587 4665 2801 4720 Domini
2826 4667 2968 4720 diem
2996 4667 3293 4731 celebrant,
3317 4667 3564 4719 Circum-

1975 4738 2230 4789 cisionetu
2261 4751 2364 4789 n0n
2391 4740 2831 4804 praetermittunt,
2858 4747 2913 4791 et
2945 4740 2994 4790 in
3025 4738 3272 4791 omnibus
3294 4736 3557 4789 Vetustin-

1974 4808 2123 4861 ribus
2153 4805 2401 4872 Iiturgiis.
2434 4811 2532 4860 hac
2558 4807 2666 4873 dte,
2697 4810 2871 4875 aliqua
2897 4808 3137 4861 invenire
3170 4818 3250 4860 est
3274 4804 3464 4873 quibus
3495 4805 3562 4857 fio

1976 4877 2171 4929 delium
2204 4882 2409 4931 mentes
2428 4887 2613 4930 contra
2646 4876 2894 4946 profanos
2926 4893 3249 4947 paganorum
3275 4879 3405 4930 ritus
3428 4889 3567 4944 prae.

1978 4948 2309 5001 muniuntur.
2836 4974 2857 4979 η
2962 4972 2963 4975 η
3098 4972 3101 4979 .
3172 4976 3173 4981 η

2048 5014 2075 5051 ι)
2110 5017 2377 5083 (It/icium.
2406 5018 2492 5071 Ps.
2527 5033 2657 5082 xcn,
2691 5020 2743 5071 l.

2053 5098 2073 5158 ς
2108 5087 2311 5141 Induit.
2359 5089 2434 5158 lla
2460 5089 2575 5158 Ital.
2611 5089 2787 5158 ναις..
2820 5088 3029 5141 indutus
3059 5098 3133 5140 cst

2048 5157 2075 5193 ά
2104 5158 2231 5227 Cap.
2252 5157 2690 5214 XLVIII.Vers.
2716 5155 2916 5213 iam.
2953 5160 3002 5210 in
3025 5156 3352 5227 Luxoviensi
3375 5155 3565 5220 legitur

1980 5226 2252 5296 prophetia
2300 5245 2363 5283 ex
2418 5230 2572 5295 Isaia,
2634 5246 2775 5297 κων,
2809 5228 3035 5295 tit-xcv,
3070 5230 3176 5282 1-7.
3222 5226 3277 5280 In
3331 5228 3568 5280 Bohiano

1980 5303 2118 5354 trulla
2146 5315 2229 5355 est
2251 5304 2548 5368 prophetia.
2680 5336 2683 5343 ς
2770 5342 2773 5347 .
2962 5338 2965 5339 ν

2053 5382 2075 5407 ε
2110 5370 2222 5439 Ego
2250 5367 2445 5424 locutus
2482 5387 2612 5424 sum.
2650 5370 2799 5438 Vuig.
2832 5380 2878 5420 et
2901 5367 3061 5431 LXX,
3089 5384 3200 5439 ego,
3242 5383 3335 5437 ego
3370 5367 3565 5421 locutus

1977 5459 2109 5497 sum.

2055 5512 2073 5551 ί
2109 5511 2174 5565 Ει
2222 5513 2418 5581 fuisset.
2458 5512 2632 5579 Vulg...
2662 5523 2707 5564 et
2752 5527 2851 5563 non
2898 5511 3094 5579 fuisset.
3140 5510 3405 5564 (Steterunt
3454 5508 3566 5581 haec

1983 5587 2139 5639 lectio
2169 5579 2374 5649 spectat
2404 5582 2467 5633 ad
2501 5584 2681 5635 fideles
2707 5583 2773 5633 ab
2805 5583 3063 5634 idolorum
3090 5582 3322 5635 vanitate
3348 5588 3409 5635 el.
3429 5594 3461 5634 ει
3484 5579 3563 5634 ri-

1983 5660 2123 5711 tihus
2148 5667 2470 5717 paganorum
2494 5652 2831 5706 avertendos.

2051 5734 2075 5773 s
2111 5722 2409 5777 Psallendo.
2438 5723 2521 5776 l’s.
2556 5737 2716 5793 xcvn,
2747 5723 2801 5777 2.
2844 5724 2879 5794 ᾖ
2906 5764 2917 5777 .
2964 5724 3121 5793 lbid.,
3152 5726 3204 5781 5.
