4052 6182
437 424 536 480 H9

1146 420 1436 479 MISSALE
1477 417 1739 474 MIXTUM
1783 413 1934 469 SEC.
1979 407 2136 464 RBG.
2186 408 2242 461 ll.
2287 405 2549 464 lSlDOlil.
2596 433 2665 443 -—
2709 400 2884 456 PARS
2928 399 2967 454 l.

3596 392 3703 446 2—20

438 536 707 604 Sequeutta
771 533 979 601 epistola
1032 531 1187 604 Pauli
1254 531 1473 604 apostoli
1534 528 1601 580 ad
1660 527 2012 599 Philippense:
2040 519 2214 579 Abus
2239 519 2461 571 multis:
2493 528 2546 571 et
2579 515 2786 569 vixerat
2823 529 2960 604 cuin
2998 512 3110 563 viro
3142 525 3238 562 suo
3279 525 3452 604 annos
3502 520 3707 578 septeni

1040 605 1085 673 ('l
1112 602 1238 670 Cap.
1267 601 1411 668 III).

523 697 558 760 ἡ
582 735 596 750 .
636 696 744 749 Deo
776 695 995 765 gratias.

508 807 744 861 Fratres.
799 805 1037 859 Gaudete
1061 806 1110 857 in
1166 804 1410 858 Domino.
1455 802 1652 856 Eadem
1699 802 1854 858 vobis
1884 804 2023 860 scri-

434 899 562 953 bere
593 897 720 951 mihi
755 898 968 965 quidem
1007 911 1111 948 non
1151 895 1355 963 pigrum
1391 910 1406 950 :
1441 895 1590 949 vobis
1619 903 1794 948 autem
1836 909 2023 950 neces-

434 991 656 1044 sirium.
695 988 879 1042 Videte
917 1002 1116 1043 canes:
1158 987 1335 1041 videte
1381 986 1554 1041 malos
1595 986 1872 1054 Operarios
1903 1003 1917 1040 :
1946 985 2023 1038 vi-

437 1081 561 1134 dcte
613 1079 998 1134 concisiouem.
1050 1077 1159 1133 Nos
1202 1079 1345 1132 enim
1403 1091 1590 1132 sumus
1642 1076 2022 1130 circumcisio:

437 1172 528 1238 qui
582 1171 770 1238 spiritu
816 1171 1149 1224 descrvimus
1197 1185 1213 1222 :

438 1262 564 1316 Jcsu
596 1273 690 1318 :et
738 1277 842 1315 nou
898 1261 951 1315 in
1006 1274 1168 1315 carne
1214 1259 1460 1313 ﬁduciam
1515 1259 1772 1313 habentes
1803 1271 2028 1326 :qnam-

440 1371 598 1423 quam
631 1365 684 1409 et
713 1371 811 1424 ego
845 1355 1072 1409 habeam
1100 1352 1480 1407 confidentiam
1512 1353 1566 1407 in
1595 1365 1759 1406 carne
1792 1368 1806 1406 :
1840 1352 1884 1405 si
1908 1350 2026 1419 quis

439 1453 577 1503 al'us
632 1449 842 1504 videtur
889 1447 1166 1502 conﬁdere
1215 1447 1266 1500 in
1321 1461 1485 1499 carne
1518 1463 1532 1499 :
1565 1460 1663 1513 ego
1714 1443 1884 1511 magis
1925 1443 2029 1496 cir-

437 1544 706 1597 cumcisus
742 1553 932 1595 octavo
962 1540 1050 1594 die
1077 1555 1143 1593 ex
1181 1554 1380 1605 genere
1425 1537 1587 1591 Israel
1610 1536 1678 1590 de
1707 1534 1846 1590 tribu
1894 1535 2024 1587 Ben.

438 1635 632 1703 jamin.
688 1635 931 1688 Hebreus
960 1650 1026 1687 ex
1055 1631 1277 1686 Hebreis
1309 1649 1322 1684 :
1357 1629 1647 1684 secundum
1680 1629 1849 1696 legem
1893 1627 2032 1679 l’ha-
2081 1666 2085 1669 -

442 1726 614 1780 riseus
646 1741 661 1780 :
691 1729 981 1780 secundum
1033 1723 1412 1776 emulationem
1467 1734 1795 1790 persequens
1849 1719 2026 1770 eccle-

441 1815 574 1869 siam
610 1816 698 1870 Dei
728 1833 741 1870 :
766 1817 1058 1871 secundum
1101 1813 1371 1882 justiciam
1411 1828 1515 1881 que
1543 1827 1606 1864 ex
1631 1812 1746 1881 lege
1775 1820 1856 1864 est
1891 1825 2023 1864 cou-

1261 1177 1316 1222 et
1368 1168 1660 1237 gloriamur
1706 1169 1758 1220 in
1812 1167 2060 1221 Christo.

2128 619 2162 661 tt
2196 607 2498 678 virginitate
2519 619 2632 660 sua.
2675 611 2730 657 et
2761 604 2857 657 hec
2880 601 3032 656 vidua
3055 613 3221 668 usque
3247 599 3311 651 ad
3337 613 3508 652 annos
3536 610 3703 652 octo—

2124 700 2267 769 ginta
2317 709 2568 766 quatuor.
2619 711 2723 763 que
2765 709 2870 748 non
2924 689 3290 746 descendebat
3343 691 3410 745 de
3459 691 3708 759 templo:

2120 787 2336 858 ieiuniis
2357 790 2429 842 et'
2451 785 2785 842 orationibus
2811 785 3052 840 serviens
3093 772 3251 836 nocte
3282 791 3337 838 et
3367 782 3475 837 die.
3519 784 3584 838 Et
3611 784 3714 837 hec

2126 882 2240 950 ipsa
2299 881 2431 935 hora
2490 878 2875 949 superveniens
2934 877 3292 932 conﬁtebatur
3347 875 3624 930 Domino:
3659 887 3714 928 et

2126 974 2444 1044 loquebatur
2497 973 2566 1027 de
2617 973 2707 1028 iHo
2751 969 3000 1026 omnibus
3043 969 3132 1037 qui
3187 967 3542 1032 exnectabant
3570 977 3593 1006 ο
3623 983 3709 1021 re-

2127 1064 2489 1134 demptionem
2537 1063 2890 1118 Hierusalem.
2947 1061 3013 1115 Et
3043 1069 3100 1114 ut
3145 1059 3488 1129 perfecerunt
3527 1059 3706 1114 omnia

2129 1155 2418 1210 secundum
2447 1155 2618 1224 legem
2649 1152 2860 1208 Domini
2893 1170 2906 1206 :
2941 1152 3143 1207 reversi
3171 1161 3295 1205 sunt
3325 1152 3378 1204 in
3409 1149 3668 1205 Galileam
3697 1167 3711 1203 :

2130 1247 2182 1300 in
2212 1246 2425 1300 civitate
2453 1260 2546 1299 sua
2593 1245 2885 1300 Nazareth.
2933 1244 3075 1298 Puer
3123 1251 3300 1298 autem
3349 1243 3628 1298 crescebat
3660 1251 3714 1296 et

2129 1335 2533 1390 confortabatur
2580 1336 2766 1403 plenus
2814 1334 3119 1402 sapientia:
3159 1345 3212 1388 et
3244 1335 3412 1405 gratia
3464 1333 3556 1388 Dei
3599 1343 3714 1387 erat

2130 1428 2182 1482 in
2214 1428 2325 1482 illo.

2216 1522 2252 1590 ti)
2275 1561 2289 1575 .
2322 1523 2513 1576 Amen.
2888 1561 2890 1564 -

2203 1614 2309 1685 54
2333 1613 2359 1652 ιι
2385 1613 2587 1668 Lauda.
2620 1613 2872 1683 Alleluia.
2930 1613 2964 1683 Ῡ
2989 1652 3002 1668 .
3033 1613 3232 1668 Omnes
3258 1618 3446 1681 gentes
3479 1607 3716 1678 plaudite

2131 1705 2378 1759 manibus
2409 1703 2671 1773 :iubilate
2710 1705 2820 1759 Deo
2849 1704 2900 1758 in
2928 1719 3059 1758 voce
3089 1701 3288 1757 leticie.
3326 1700 3391 1755 Ρ.
3422 1700 3673 1769 Alleluia.

2205 1807 2228 1834 °
2262 1797 2612 1866 Sacrificium.
2675 1798 3022 1866 Suscepimus
3093 1798 3232 1850 Deus
3288 1795 3710 1858 misericordiam

440 1918 684 1962 versatus
712 1910 829 1962 sine
855 1907 1094 1977 quem”,
1137 1907 1230 1961 sed
1261 1920 1364 1975 ψιο
1396 1905 1524 1957 mihi
1578 1906 1792 1957 [uerum
1836 1902 2026 1956 ιηρι-ειῖ
2062 1878 2104 1936 Β
2135 1897 2276 1942 tuam
2309 1889 2362 1942 in
2401 1890 2578 1944 medio
2620 1891 2800 1960 templi
2843 1890 2916 1944 tui
2951 1906 2964 1940 :
2994 1888 3286 1944 secundum
3330 1901 3524 1942 nomen
3567 1895 3710 1941 tuum

443 2000 542 2054 hec
592 2001 881 2055 arbitratus
927 2015 1043 2053 sum
1095 2012 1314 2068 propter
1361 1999 1628 2052 Christum
1681 1997 2026 2053 detrimenta.

447 2094 828 2148 Verumtamen
891 2095 1141 2147 existimo
1207 2093 1386 2146 omnia
1460 2091 1841 2146 detrimentum
1905 2104 2026 2144 ess

444 2195 661 2254 propter
717 2189 1044 2240 eminentem
1095 2186 1374 2240 scientiam
1433 2183 1641 2239 Domini
1692 2183 1860 2237 nostri
1898 2181 2024 2237 .lesu

440 2278 663 2335 Christi.
711 2280 746 2347 ἡ
769 2319 784 2334 .
816 2279 1008 2335 Amen.

752 2410 1049 2467 Secundum
1079 2411 1290 2466 Lucam.
1332 2411 1352 2483 (
1373 2409 1399 2449 ι’
1435 2410 1563 2483 Cap.
1600 2409 1627 2464 1
1637 2409 1709 2482 1).

513 2521 605 2576 lllo
635 2522 688 2576 in
714 2533 956 2592 tempore
990 2541 1005 2578 :
1033 2533 1319 2594 postquam
1346 2524 1700 2581 consummati
1734 2533 1862 2580 sunt
1907 2522 2026 2581 dies

442 2625 564 2670 octo
595 2633 610 2676 :
635 2626 694 2671 ut
721 2617 1200 2672 circumcideretur
1225 2633 1358 2687 puer
1387 2635 1401 2671 :
1432 2629 1678 2673 vocatum
1707 2626 1792 2673 est
1825 2632 2023 2672 nomen

440 2707 558 2775 ejus
585 2707 781 2763 Jesus:
814 2709 955 2777 quod
993 2719 1238 2763 vocatum
1269 2717 1354 2762 est
1387 2710 1456 2762 ab
1483 2711 1673 2779 angelo
1714 2709 2020 2779 priusquam

441 2799 493 2852 in
527 2809 679 2853 utero
705 2802 1096 2867 conciperetur.
1131 2803 1195 2855 Et
1217 2811 1496 2872 postquam
1528 2803 1730 2871 impleti
1761 2812 1887 2857 sunt
1906 2803 2022 2857 dies

440 2891 767 2959 purgationis
809 2891 924 2959 ejus
959 2909 973 2947 :
1006 2893 1301 2947 secundum
1354 2893 1528 2963 legem
1579 2894 1744 2963 Moysi
1787 2893 2024 2948 tulerunt

439 2983 586 3035 illum
643 2981 696 3035 in
754 2981 1088 3038 Hierusalem
1123 3002 1138 3040 :
1172 2993 1224 3039 ut
1281 2985 1537 3039 sisterent
1591 3000 1714 3039 eum
1771 2983 2019 3038 Domino.

436 3072 584 3127 Sicut
638 3073 895 3142 scriptum
946 3086 1028 3128 est
1087 3077 1139 3129 in
1190 3077 1306 3146 lege
1363 3075 1574 3129 Domini
1630 3075 1802 3144 :quia
1861 3090 2023 3132 omne

442 3165 793 3219 masculinum
850 3166 1170 3234 adaperiens
1201 3169 1408 3220 vulvam
1441 3184 1453 3218 :
1485 3168 1739 3222 Sanctum
1795 3169 2023 3223 Domino

2130 1978 2273 2034 Deus
2305 1979 2418 2034 :ita
2459 1990 2512 2034 et
2545 1980 2662 2035 laus
2699 1991 2786 2034 tua
2817 1982 2870 2034 in
2907 1981 3106 2034 ﬁnibus
3142 1989 3284 2035 terre
3317 1978 3530 2046 alleluia
3579 1977 3706 2031 alle-

2127 2072 2252 2142 luia.
2314 2073 2387 2142 [ἢ.
2443 2072 2668 2127 Justicia
2726 2073 2876 2142 plena
2933 2081 3017 2128 est
3065 2072 3283 2126 dextera
3349 2069 3711 2124 tuazletetur

2128 2176 2282 2216 mons
2321 2162 2466 2233 Syou
2510 2173 2565 2218 et
2615 2165 2854 2218 exultent
2908 2162 3017 2217 lilie
3057 2162 3194 2217 .lude
3247 2159 3483 2230 alleluia.
3543 2157 3606 2214 Ρ.
3635 2160 3708 2214 1η

2130 2253 2342 2307 ﬁnibus.

2201 2344 2386 2399 Missa.
2421 2347 2558 2400 Deus
2587 2347 2675 2416 qui
2723 2345 2879 2400 nobis
2908 2344 2962 2400 id
2993 2345 3251 2415 prespicit
3292 2342 3582 2400 convenire
3611 2360 3624 2374 ο
3656 2352 3715 2396 ut

2127 2456 2252 2497 eum
2300 2440 2593 2496 debeamus
2637 2440 2838 2511 iugiter
2861 2439 3234 2495 conlaudare:
3269 2447 3379 2493 tota
3425 2451 3708 2507 poscamus

2127 2531 2460 2587 dilectissimi
2513 2533 2703 2586 fratres
2758 2531 2954 2587 mentis
2993 2530 3312 2586 intentione.
3355 2537 3412 2582 ut
3454 2527 3716 2582 concedat

2128 2622 2288 2677 nobis
2349 2622 2606 2678 hodierna
2655 2621 2741 2677 die
2789 2621 3173 2690 redemptionis
3203 2630 3258 2676 et
3290 2619 3500 2676 Domini
3547 2619 3717 2674 nostri

2126 2713 2252 2768 Jesu
2290 2713 2489 2769 Christi
2539 2715 2628 2769 ﬁlii
2657 2714 2739 2769 sui
2785 2715 3053 2782 preconiis
3079 2711 3389 2768 solennibus
3416 2711 3664 2766 exultare
3696 2729 3709 2763 :

2129 2816 2185 2858 ut
2229 2807 2543 2876 mysterium
2593 2805 2974 2876 incarnationis
3017 2804 3134 2874 eius
3175 2819 3271 2874 pro
3301 2813 3482 2859 nostre
3523 2803 3716 2858 salutis

2127 2897 2493 2967 redemptione
2532 2895 2550 2934 ί
2583 2897 2907 2953 celebratum
2941 2912 2956 2950 :
2986 2903 3180 2965 augeat
3223 2894 3274 2948 in
3315 2895 3470 2948 nobis
3513 2893 3708 2964 gaudia

2128 3003 2398 3059 nunquam
2469 2988 2688 3042 ulterius
2753 2987 2984 3042 ﬁnienda
3032 3004 3046 3040 :
3099 2994 3156 3042 et
3208 2994 3328 3040 vota
3383 2986 3717 3057 tnultiplicct

2127 3081 2423 3148 indisrupta
2458 3098 2471 3132 :
2507 3089 2565 3134 ut
2592 3079 2718 3134 dum
2749 3079 2945 3134 ofﬁciis
2976 3077 3266 3147 impensius
3297 3079 3668 3147 mancipamur
3696 3096 3711 3133 :

2128 3172 2404 3227 celestium
2437 3181 2895 3226 sacramentorum
2938 3170 3272 3240 participium
3303 3169 3563 3238 consequi
3594 3184 3713 3225 me-

437 3260 736 3315 vocabitur.
787 3261 851 3316 Et
900 3269 958 3316 ut
1007 3262 1200 3317 darent
1249 3263 1474 3317 hostiam
1526 3263 1821 3317 secundum
1879 3234 2096 3332 quodC
2127 3280 2358 3320 reamur.
2401 3265 2474 3330 ιῆ.
2509 3269 2698 3320 Amen.

436 3351 634 3407 dictum
675 3354 833 3407 estin
877 3355 990 3425 lege
1023 3353 1232 3409 Domini
1264 3370 1280 3409 :
1315 3370 1410 3422 par
1440 3363 1708 3409 turttnum
1757 3365 1849 3409 aut
1885 3355 2021 3410 duos

441 3446 616 3512 pullos
644 3445 1038 3502 columbarum.
1087 3445 1153 3500 Et
1189 3459 1324 3500 ecce
1357 3445 1516 3500 homo
1541 3455 1656 3500 erat
1687 3448 1736 3498 in
1768 3445 2023 3500 llicrusa-

441 3536 545 3591 lem
579 3554 591 3588 :
621 3537 707 3591 cui
755 3552 948 3590 nomen
995 3534 1214 3590 Simeon
1246 3553 1261 3590 :
1292 3547 1344 3589 et
1403 3537 1562 3589 homo
1615 3537 1715 3588 iste
1761 3537 1936 3604 iustus
1968 3546 2023 3590 et

439 3625 720 3680 timoratus
749 3635 1043 3693 expectans
1092 3626 1514 3679 consolationem
1559 3624 1720 3680 Israel
1758 3639 1773 3680 :
1805 3635 1860 3680 et
1897 3626 2024 3696 Spi-

438 3719 570 3773 ritus
600 3719 826 3772 Sanctus
869 3729 986 3772 erat
1019 3719 1073 3773 in
1102 3733 1188 3773 eo.
1226 3719 1288 3772 Et
1316 3732 1632 3786 responsum
1663 3728 1947 3788 acceperat
1989 3734 2020 3773 a

438 3807 638 3876 Spiritu
695 3809 938 3862 Sancto:
995 3824 1099 3862 non
1157 3809 1396 3863 visurum
1455 3824 1515 3863 se
1575 3819 1800 3864 mortem
1856 3828 1871 3865 :
1920 3811 2022 3866 nisi

439 3897 582 3965 prius
608 3897 816 3953 videret
843 3896 1117 3953 Chrismnt
1165 3899 1400 3953 Domini.
1443 3899 1506 3954 Et
1533 3898 1682 3954 venit
1731 3900 1782 3953 iu
1827 3901 2021 3968 spiritu

438 3989 492 4041 iu
549 3989 805 4058 templum
847 4007 863 4044 :
898 3999 954 4046 et
1009 4005 1130 4045 cum
1190 3990 1507 4047 inducet'ent
1557 4005 1782 4061 puerum
1837 3991 2020 4048 Jcsum

440 4087 686 4147 parentes
715 4078 831 4148 ejus
853 4097 866 4133 :
885 4087 944 4134 ut
974 4079 1215 4135 facerent
1257 4082 1551 4139 secundum
1580 4079 2022 4135 consuetudinem

440 4173 571 4242 legis
603 4190 698 4242 pro
722 4189 808 4229 eo.
845 4175 908 4228 Et
934 4177 1049 4244 ipse
1077 4175 1284 4242 accepit
1324 4190 1446 4229 eum
1493 4175 1545 4228 in
1577 4174 1732 4228 ulnas
1767 4189 1891 4228 suas
1923 4193 1937 4229 :
1970 4183 2024 4229 et

439 4263 709 4318 benedixit
741 4265 905 4319 Deum
929 4273 983 4319 et
1006 4265 1162 4320 dixit.
1196 4265 1348 4320 Nunc
1375 4264 1600 4319 dimittis
1622 4279 1836 4318 servum
1870 4273 2020 4318 tuum

440 4354 1038 4411 Dominczsecuudum
1090 4355 1313 4410 verbum
1365 4364 1514 4410 tuum
1571 4353 1624 4407 in
1678 4368 1830 4422 pare.
1889 4353 2022 4419 Quia

439 4445 692 4500 viderunt
743 4447 882 4501 oculi
941 4447 1043 4501 mei
1096 4448 1332 4501 salutare
1387 4456 1555 4499 tuum.
1619 4445 1770 4512 Quod
1825 4446 2026 4514 parasti

440 4546 563 4590 ante
594 4535 783 4591 faciem
817 4537 1054 4590 omnium
1089 4537 1428 4606 populorum.
1477 4535 1680 4590 Lumen
1727 4535 1790 4589 ad
1824 4538 2024 4590 revela-

441 4631 643 4686 tionem
699 4631 936 4700 gentium
973 4647 986 4684 :
1017 4639 1071 4685 et
1106 4630 1330 4699 gloriam
1381 4629 1556 4699 plebis
1606 4638 1694 4684 tne
1739 4628 1921 4683 Israel.
1957 4628 2023 4682 Et

441 4727 558 4772 erat
597 4730 745 4788 pater
787 4720 905 4788 eius
945 4729 998 4773 et
1052 4731 1224 4774 mater
1274 4721 1536 4773 mirantes
1585 4735 1749 4788 super
1801 4719 1882 4772 his
1920 4733 2025 4787 que

440 4813 756 4870 dicebantur
797 4815 864 4870 de
918 4815 1029 4871 illo.
1091 4815 1157 4870 Et
1215 4816 1491 4870 benedixit
1539 4816 1616 4870 illi
1671 4815 1890 4871 Simeou
1925 4831 1939 4870 ε
1974 4825 2026 4868 et

442 4905 576 4959 dixit
605 4907 671 4960 ad
723 4906 940 4962 Mariam
976 4917 1200 4961 matrem
1231 4907 1372 4975 eius.
1415 4906 1556 4961 Ecce
1583 4907 1786 4975 positus
1833 4919 1913 4960 ρει
1943 4906 2028 4961 hic

443 4997 494 5052 in
527 4997 734 5052 ruinam
775 5005 829 5053 et
879 4999 1327 5054 resurrectionem
1376 5001 1667 5054 multorum
1712 4999 1764 5053 in
1820 5000 2025 5055 Israel:

443 5090 595 5142 etin
651 5087 859 5158 signum
921 5091 1006 5144 cui
1067 5091 1598 5145 contradicetur:et
1661 5101 1801 5144 tuam
1862 5094 2025 5158 ipsius

447 5179 676 5233 animam
708 5182 1057 5250 pertransibit
1099 5183 1306 5251 gladius
1332 5202 1343 5236 :
1375 5194 1430 5236 ut
1461 5185 1766 5239 revelcntur
1795 5201 1859 5238 ex
1891 5185 2026 5238 mul-

445 5269 511 5321 tis
541 5271 789 5327 cordibus
821 5273 1195 5344 cogitationes.
1246 5274 1315 5329 Et
1343 5284 1459 5330 erat
1496 5280 1647 5328 Anna
1692 5275 2025 5342 pr0pltetis>a

449 5359 551 5412 ﬁlia
583 5361 814 5420 Phanuel
837 5366 903 5422 de
929 5368 1070 5423 tribu
1108 5368 1263 5422 Aser.
1297 5367 1407 5422 llec
1455 5375 1791 5438 processerat
1833 5369 1883 5422 in
1917 5369 2027 5422 die—

518 5549 543 5578 "
576 5540 704 5607 Cap.
736 5542 853 5598 III.
881 5545 1031 5601 Vers.
1069 5548 1180 5601 1-8.
1202 5547 1682 5602 Sacramentariutn
1735 5545 2024 5600 Bobianum

449 5611 738 5690 Epistolam
784 5630 848 5690 ex
890 5617 1076 5690 eodem
1131 5633 1229 5686 cap
1282 5622 1390 5672 tad
1426 5617 1674 5690 Philippi,
1707 5616 1823 5680 5-6,
1870 5617 2029 5670 desu-

452 5683 566 5735 mit.
618 5682 967 5738 Luxoviensis
1009 5682 1208 5741 contra
1248 5682 1651 5756 superstitiones
1704 5703 2024 5756 paganorum

451 5753 660 5809 letiitex
704 5753 723 5806 Ι
768 5755 886 5809 Cor.
933 5772 984 5809 ι.
1020 5756 1200 5809 H-125.

489 5770 660 5822 :gttex
704 5770 723 5806 ι
768 5770 886 5810 Lor.
933 5772 984 5821 ι,
1020 5770 1200 5809 ηομ».

491 5823 548 5902 ,δ
576 5824 702 5905 cap.
729 5822 1073 5905 .II.Vers._“2_l
1092 5827 1217 5905 τω..
1235 5823 1376 5905 idem
1413 5826 1751 5905 Evangelium
1780 5827 1832 5879 in
1857 5827 2028 5905 Luxu-

453 5896 618 5951 viensi
642 5897 858 5967 legitur;
891 5898 942 5952 itt
974 5897 1220 5952 Bobiettsi
1246 5896 1436 5964 legitur
1459 5912 1522 5952 ex
1546 5899 1731 5952 codctn
1760 5901 1930 5966 capite
1963 5913 2023 5964 tt,

2196 3359 2313 3411 Alia
2343 3359 2529 3414 oratio.
2563 3357 2802 3412 Perfecta
2829 3355 3048 3426 ingeniti
3073 3353 3333 3424 sapientia
3356 3352 3529 3407 Patris
3560 3367 3716 3408 men-

2127 3448 2266 3502 tibus
2285 3449 2468 3503 celesti
2517 3463 2738 3503 munere
2766 3447 3006 3503 inlabere
3052 3446 3290 3501 nostris:
3323 3444 3719 3500 contemnendo

2124 3540 2264 3608 quod
2308 3539 2630 3594 offendimus
2658 3547 2713 3593 et
2741 3537 3099 3594 condonanda
3145 3545 3198 3591 te
3226 3535 3522 3604 inspirante
3565 3534 3712 3603 quod

2125 3630 2419 3700 querimus.
2467 3629 2696 3685 Abscide
2751 3644 3043 3698 quesumus
3098 3627 3343 3683 cordium
3394 3636 3708 3680 nnatrorum

2123 3721 2440 3791 auriumque
2492 3720 2745 3790 prepucia
2797 3737 2810 3772 :
2859 3719 2948 3788 qui
2995 3733 3092 3788 pro
3141 3716 3296 3772 nobis
3345 3716 3597 3786 dignatus
3654 3729 3718 3769 es

2126 3813 2348 3869 infantie
2391 3821 2602 3884 gestare
2655 3811 2966 3882 crepundia.
3010 3811 3078 3868 Ut
3127 3811 3265 3882 quod
3315 3811 3368 3866 in
3421 3819 3508 3863 tua
3550 3823 3716 3863 carne

2126 3905 2418 3959 secundum
2470 3904 2601 3974 legis
2642 3905 2869 3958 litteram
2901 3903 3014 3958 fieri
3054 3900 3465 3958 circumcisione
3498 3900 3718 3954 voluisti

2126 4007 2385 4061 corporea
2413 4009 2430 4049 :
2463 3993 2515 4047 id
2543 4002 2728 4047 nostre
2758 3993 2916 4047 saluti
2947 4000 3314 4060 competenter
3345 3991 3662 4059 impendens
3695 4005 3712 4044 :

2127 4087 2195 4140 ab
2229 4088 2373 4140 onmi
2423 4085 2805 4156 superstitione
2849 4085 3178 4153 voluptatum
3233 4084 3479 4152 absterge
3531 4091 3716 4136 nostra

2129 4179 2440 4247 precordia.
2490 4177 2597 4231 Lac
2661 4188 2806 4230 tnttm
2867 4177 3068 4230 nutriat
3124 4176 3420 4245 parvulos:
3461 4175 3549 4244 qui
3597 4173 3716 4229 ﬁeri

2127 4272 2376 4341 dignatus
2424 4287 2483 4326 es
2537 4287 2635 4341 pro
2689 4281 2873 4327 nostra
2923 4271 3294 4341 redemptione
3341 4271 3585 4340 pusillus.
3647 4270 3718 4325 lit

2128 4364 2266 4416 sicut
2316 4364 2368 4417 in
2403 4372 2454 4418 te
2482 4376 2606 4416 cum
2639 4363 2738 4416 ista
2767 4375 3039 4430 presmres
3085 4362 3293 4416 nullum
3327 4361 3496 4416 sensit
3540 4361 3718 4414 omni-

2129 4455 2366 4521 potentia
2413 4452 2793 4507 detrimentum
2827 4471 2840 4505 :
2876 4453 2945 4506 ita
2979 4463 3033 4507 et
3077 4452 3210 4506 ﬁdes
3259 4462 3438 4507 nostm
3481 4459 3568 4504 tuo
3599 4467 3718 4503 mtt-

2133 4559 2260 4600 nere
2320 4544 2618 4599 confortata
2663 4562 2678 4599 ε
2723 4545 2925 4598 nullum
2989 4544 3220 4612 patiatur
3273 4540 3560 4610 aliquando
3617 4543 3718 4595 de-

2133 4636 2327 4690 fectum
2354 4653 2369 4690 :
2400 4634 2495 4690 sed
2541 4635 2608 4689 ad
2638 4636 2870 4690 solidum
2901 4635 3071 4703 gratie
3099 4644 3186 4688 tne
3223 4634 3500 4704 perveniat
3540 4633 3722 4685 lirtna-

2132 4736 2393 4783 mentum.
2428 4727 2464 4795 Ii)
2487 4767 2500 4780 .
2525 4728 2717 4781 Amen.

2207 4819 2332 4874 Post
2357 4820 2584 4874 nomina.
2629 4819 2854 4873 Domine
2882 4817 3008 4873 Jesu
3049 4816 3266 4871 Christe
3297 4814 3387 4883 qui
3419 4811 3722 4867 mortalita-

2136 4910 2206 4966 tis
2245 4911 2512 4966 hominem
2567 4909 2647 4966 sic
2701 4909 3032 4977 assumpsisti
3061 4925 3073 4960 :
3101 4916 3160 4960 ut
3202 4917 3432 4960 mortem
3481 4912 3721 4956 nostram

2138 5016 2501 5058 consumeres.
2532 5001 2610 5056 sic
2631 5000 2814 5071 iugum
2847 5000 2976 5068 legis
3002 5001 3054 5052 in
3085 5007 3172 5051 tua
3197 5011 3360 5050 carne
3389 4993 3672 5060 suscepisti
3709 5008 3721 5044 :

2143 5103 2198 5148 ut
2245 5109 2273 5146 a
2308 5103 2485 5148 nostra
2529 5106 2690 5146 carne
2725 5107 2848 5146 eum
2889 5090 3188 5144 discuteres
3220 5105 3233 5142 :
3266 5089 3342 5141 sic
3371 5084 3725 5140 circumcisus

2132 5187 2182 5239 in
2210 5199 2371 5239 carne
2419 5182 2664 5252 corporis
2690 5198 2749 5238 es
2779 5199 2792 5236 :
2824 5189 2880 5234 ut
2921 5194 3018 5235 nos
3063 5181 3181 5235 sine
3209 5179 3436 5232 vulnere
3464 5176 3639 5228 carnis
3671 5180 3722 5228 in

2131 5276 2293 5328 corde
2351 5287 2605 5343 purgares
2663 5289 2676 5324 :
2723 5281 2883 5341 atque
2939 5281 3166 5337 utroque
3222 5271 3374 5324 sexui
3432 5268 3720 5336 proliceret

2133 5365 2470 5421 circumcisio
2500 5363 2791 5433 spiritualis
2826 5379 2840 5416 :
2871 5377 2993 5418 cum
3026 5377 3090 5418 ex
3121 5361 3419 5432 virginitate
3441 5356 3720 5430 genitricis

2134 5543 2310 5612 Luem,
2337 5542 2517 5599 21-24.

2207 5625 2231 5654 α
2259 5608 2672 5682 Redemptionem
2698 5612 3041 5666 Hierusalem.
3076 5612 3146 5664 Ita
3172 5613 3293 5682 Syr.
3322 5612 3519 5676 Grazc.,
3552 5611 3604 5664 iu
3634 5608 3724 5664 Je-

2133 5687 2355 5739 rusalem
2388 5686 2535 5751 Vulg.
2567 5685 2960 5752 redemptionem
3001 5683 3192 5738 Israel.

2201 5753 2225 5790 δ
2263 5755 2461 5808 Lauda.
2491 5755 2577 5807 Ps.
2611 5768 2750 5818 XLVI,
2783 5757 2839 5806 2.

2207 5835 2230 5859 θ
2263 5825 2608 5889 Sacriﬁcium.
2645 5825 2732 5876 l’s.
2767 5839 2927 5889 svnt,
2969 5823 3052 5878 10.
3103 5824 3174 5890 i7.
3211 5823 3368 5885 |bid.,
3401 5821 3487 5886 ll,
3525 5821 3609 5874 l2.

2213 5895 2228 5932 '
2269 5895 2605 5950 Celtbratttm.
2641 5896 2764 5950 llaec
2793 5894 2962 5950 oratio
2987 5904 3064 5950 est
3092 5895 3158 5948 dc
3179 5893 3378 5949 octavis
3421 5890 3655 5949 Domini.
