4052 6182
350 306 452 360 995

1070 294 1363 352 ΜιεςΑιΕ
1407 288 1676 345 MIXTUM
1719 286 1864 341 SEC.
1911 283 2069 337 ΠΕΟ.
2111 282 2170 339 Β.
2216 280 2484 335 ISIDORI.
2525 308 2595 317 —
2627 274 2799 331 PARS
2837 274 2878 328 l.

3492 272 3597 327 224

347 424 691 487 apparentem
718 428 810 481 per
840 410 1059 476 gratiam
1092 423 1105 458 :
1140 404 1363 473 proinde
1386 418 1666 472 poscamus
1690 401 1919 455 clemen-
1949 400 1995 455 Α
2025 394 2350 466 impossibile
2372 401 2456 449 est
2484 390 2695 445 mentiri
2725 391 2888 443 Deum
2927 404 2942 441 :
2969 386 3318 441 fortissimum
3348 389 3599 442 solatium

350 511 476 563 tiam
506 507 620 575 ejus
651 523 663 556 :
694 512 749 555 ut
775 502 963 554 liberet
1008 511 1104 549 nos
1138 512 1150 549 :
1183 504 1235 549 et
1258 502 1471 562 peccata
1495 492 1691 560 populo
1720 503 1818 543 suo
1846 488 1926 542 di—

354 601 570 652 mittat:
604 596 691 662 qui
736 606 830 660 pro
878 590 1029 643 nobis
1084 586 1314 655 impendi
1357 586 1599 653 d'gnatus
1637 590 1719 636 est
1763 588 1926 634 totus.

368 691 403 756 ἡ
426 729 441 742 .
472 692 661 740 Amen.
705 684 803 737 Per
834 679 1252 735 misericordiam
1282 688 1425 731 tuam
1456 676 1595 728 Deus
1626 682 1809 727 noster
1837 667 1928 741 qui

351 792 409 831 es
435 776 743 831 benedictus
769 784 824 828 et
849 772 981 826 vivis
1008 781 1064 825 et
1105 771 1283 823 omnia
1312 769 1452 838 regis
1483 768 1534 821 in
1562 765 1740 821 secula
1770 780 1925 820 secu-

356 867 545 920 lorum.
593 866 663 933 ιῆ.
699 866 892 920 Amen.

424 958 677 1011 Dominus
706 956 775 1009 sit
808 968 1017 1022 semper
1046 951 1341 1006 vobiscum.

440 1050 476 1116 ἡ
498 1089 512 1103 .
544 1050 650 1103 Deo
679 1048 899 1116 gratias.

498 1150 669 1203 Lectio
698 1149 814 1202 libri
847 1147 1012 1217 Esayc
1042 1144 1284 1213 prapltete
1308 1143 1359 1213 (⁸1
1391 1141 1519 1211 Cap.
1562 1139 1791 1211 XLIX).

430 1233 536 1286 IIec
585 1231 713 1284 dicit
762 1230 1035 1283 Dominus.
1076 1228 1101 1266 δ
1129 1227 1325 1281 Audite
1364 1224 1533 1277 insule
1573 1232 1628 1277 et
1682 1219 1937 1275 attendite

361 1326 535 1394 populi
577 1324 643 1378 de
666 1324 819 1392 longe
852 1340 864 1375 :
900 1321 1152 1375 Dominus
1197 1320 1264 1373 ab
1294 1328 1445 1373 utero
1472 1318 1678 1383 vocavit
1703 1330 1793 1370 me
1826 1332 1838 1368 :
1871 1316 1939 1369 de

360 1427 542 1471 ventre
583 1416 766 1468 matris
794 1429 912 1468 mee
942 1412 1251 1466 recordatus
1292 1420 1374 1464 est
1403 1410 1636 1464 nominis
1688 1409 1815 1464 mei.
1873 1410 1939 1463 Et

364 1509 537 1575 pnsuit
564 1522 626 1561 os
664 1521 838 1560 meum
887 1506 1037 1574 quasi
1082 1502 1313 1571 gladium
1360 1511 1613 1555 acutum:
1646 1501 1697 1554 in
1748 1500 1939 1554 umbra

363 1613 550 1651 manus
591 1612 685 1651 sue
712 1597 947 1666 protexit
974 1612 1060 1651 me
1092 1612 1106 1649 :
1131 1603 1187 1649 et
1214 1604 1386 1662 posuit
1414 1609 1499 1648 me
1526 1595 1664 1647 sicut
1692 1592 1938 1659 sagittam

362 1690 607 1747 electam.
642 1688 696 1742 In
753 1689 1013 1755 pharetra
1051 1700 1147 1739 sua
1196 1684 1475 1738 abscondit.
1535 1699 1620 1738 me
1654 1700 1666 1735 :
1699 1692 1753 1737 et
1803 1681 1941 1734 dixit

363 1783 511 1835 mihi.
544 1782 740 1836 Servus
770 1794 921 1833 meus
945 1794 1005 1833 es
1037 1789 1089 1830 ttt
1126 1778 1282 1832 Israel
1316 1795 1327 1828 :
1363 1777 1484 1843 quia
1516 1777 1566 1829 in
1598 1787 1650 1829 te
1679 1773 1939 1844 gloriﬁca-

365 1875 478 1927 bor.
512 1873 576 1925 Et
621 1885 720 1939 ego
749 1869 857 1923 dixi
890 1885 905 1923 :
940 1868 990 1922 in
1023 1882 1242 1921 vacuum
1275 1866 1513 1921 laboravi
1567 1866 1685 1919 sine
1730 1878 1889 1917 causa
1921 1880 1945 1915 ιη

362 1971 418 2016 et
436 1976 571 2016 vane
591 1960 950 2014 fortitudinem
977 1972 1148 2012 meam
1171 1956 1501 2023 consumpsi.
1530 1954 1670 2021 Ergo
1677 1952 1937 2022 judicium

365 2067 539 2106 memn
567 2067 686 2104 cum
718 2049 941 2105 Domino
975 2066 988 2103 :
1019 2060 1073 2102 et
1117 2063 1252 2116 opus
1281 2060 1455 2100 meum
1508 2046 1615 2117 56
1658 2060 1785 2111 cum
1830 2042 1941 2098 Deo

367 2158 509 2199 meo.
541 2143 603 2197 Et
630 2156 770 2197 nunc
795 2142 925 2196 dicit
947 2142 1220 2195 Dominus.
1248 2140 1506 2193 Fortnaus
1557 2154 1646 2193 me
1674 2139 1743 2192 ab
1790 2147 1942 2192 utero

365 2248 576 2288 servum
605 2233 707 2288 sibi
743 2251 756 2285 :
791 2241 849 2287 ut
877 2231 1126 2288 reducam
1168 2230 1337 2286 Jacob
1364 2230 1431 2283 ad
1475 2244 1597 2283 eum
1627 2245 1642 2283 :
1670 2238 1726 2283 et
1778 2228 1943 2283 Israel

366 2340 474 2379 non
496 2324 923 2394 congregabitur.
959 2323 1024 2377 Et
1046 2320 1368 2390 gloriﬁcatus
1392 2334 1508 2375 sum
1557 2321 1609 2373 in
1639 2318 1809 2374 oculis
1841 2319 1945 2372 Do-

370 2416 497 2469 mini
532 2424 628 2469 :et
662 2415 798 2468 Deus
826 2429 976 2468 meus
1030 2413 1199 2467 lactus
1252 2423 1335 2467 est
1386 2410 1644 2465 fortitudo
1692 2425 1833 2464 mea.
1885 2410 1948 2464 Et

367 2508 522 2563 dixit.
554 2508 743 2562 Parum
774 2517 858 2563 est
887 2516 943 2560 ut
969 2509 1045 2560 sis
1075 2506 1204 2560 mihi
1260 2519 1448 2559 servus
1493 2504 1559 2557 ad
1611 2503 1947 2557 suscitandas

371 2601 538 2653 tribus
565 2598 732 2654 Jacoh
763 2616 778 2654 :
811 2606 864 2653 et
893 2598 1036 2653 feces
1062 2596 1226 2651 Israel
1275 2595 1667 2650 convertendas
1699 2611 1714 2648 :
1742 2594 1863 2649 dedi
1898 2605 1950 2650 te

373 2694 424 2745 in
458 2693 628 2745 lucem
655 2691 894 2760 gentium
923 2706 937 2741 :
964 2699 1019 2743 ut
1042 2690 1116 2744 sis
1146 2690 1290 2743 salus
1314 2703 1432 2745 mea
1462 2703 1630 2759 usque
1660 2688 1724 2742 ad
1773 2698 1951 2744 extre-

375 2796 519 2834 mum
554 2790 715 2834 terre.
756 2780 793 2843 ἢ
816 2818 830 2834 .
859 2784 1050 2833 Amen.

450 2885 472 2912 ε
510 2871 805 2925 Ριαιιεηάο.
837 2872 976 2926 Laus
998 2881 1082 2924 tua
1116 2871 1253 2926 Deus
1284 2870 1336 2925 in
1370 2871 1502 2925 lines
1524 2882 1664 2927 terre
1697 2872 1951 2942 :ju-‘ticia

381 2965 531 3031 plena
570 2973 652 3018 est
679 2946 897 3017 dextera
944 2974 1053 3016 tua.
1127 2963 1197 3032 ᾖ.
1244 2964 1664 3018 [θιειιιτληιοηε
1710 2967 1854 3032 Syoii
1903 2975 1954 3019 ct

2033 489 2323 541 habt-anius
2354 503 2367 539 :
2392 484 2479 553 qui
2502 482 2842 550 confugimus
2868 479 2932 533 ad
2956 478 3242 533 tenendam
3274 480 3599 549 propositam

2032 595 2181 643 spem
2219 596 2230 629 ε
2267 591 2424 646 quam
2478 574 2617 629 sicut
2647 586 2899 627 ancoram
2934 571 3189 625 habemus
3215 571 3394 625 anime
3433 580 3603 626 tutam

2030 684 2092 723 ac
2124 668 2331 722 firmam
2364 683 2379 721 :
2412 676 2465 719 et
2495 665 2829 721 incedentem
2861 680 3028 733 usque
3074 665 3126 719 in
3156 666 3411 721 interiora
3456 668 3605 722 vela-

2034 760 2215 815 minis.
2248 758 2347 812 Ubi
2370 771 2652 826 precursor
2675 771 2772 824 pro
2799 756 2949 811 nobis
2975 756 3211 811 introivit
3235 758 3389 813 .Iesus
3415 774 3605 813 secun-

2034 856 2159 908 dum
2200 851 2441 905 ordinem
2482 850 2869 906 Melchisedech
2905 850 3145 906 Pontifex
3188 851 3354 907 factus
3387 854 3438 905 in
3470 862 3611 910 eter-

2034 968 2183 1006 num.
2216 949 2309 1005 llic
2338 948 2481 1009 enim
2510 945 2896 1001 Melchisedech
2951 946 3065 1001 Rex
3114 946 3291 1002 Salem
3347 945 3613 1002 Sacerdos

2038 1044 2131 1099 Dei
2157 1043 2348 1100 summi
2380 1059 2394 1095 :
2424 1042 2513 1111 qui
2544 1039 2781 1095 obviavit
2834 1037 3046 1094 Abrahe
3098 1050 3347 1107 regresso
3401 1052 3432 1091 a
3478 1038 3613 1093 cede

2038 1138 2265 1207 Regum.
2297 1135 2363 1189 Et
2389 1133 2662 1189 benedixit
2682 1135 2752 1188 ei.
2782 1131 2882 1187 Cui
2909 1132 3143 1188 decimas
3165 1132 3402 1186 omnium
3435 1131 3614 1188 divisit

2039 1230 2331 1287 Abraham.
2385 1228 2623 1283 Primum
2671 1225 2885 1295 quidem
2935 1224 3023 1291 qui
3078 1224 3462 1292 interpretatur
3501 1222 3611 1277 Rex

2035 1324 2270 1395 iusticie.
2292 1321 2497 1377 Deinde
2526 1328 2703 1393 autem
2730 1327 2786 1372 et
2818 1317 2930 1372 Rex
2958 1316 3134 1399 Salem
3167 1330 3183 1368 :
3209 1314 3351 1383 quod
3390 1324 3473 1369 est
3502 1313 3615 1368 Rex

2041 1422 2204 1490 pacis.
2235 1418 2364 1473 Sine
2392 1427 2539 1485 patre
2565 1432 2581 1471 :
2612 1417 2727 1469 sine
2752 1422 2922 1470 matre
2949 1430 2962 1465 :
2995 1410 3111 1465 sine
3139 1408 3468 1477 genealogia.
3516 1406 3616 1460 Ne-

2043 1527 2147 1579 que
2178 1511 2386 1565 initinm
2414 1510 2621 1564 dierum
2654 1526 2667 1561 :
2694 1521 2869 1578 neque
2896 1505 3052 1559 linem
3082 1504 3190 1557 vite
3219 1500 3441 1555 habens.
3467 1498 3617 1553 Assi-

2044 1603 2253 1658 milatus
2264 1614 2439 1660 autem
2460 1606 2570 1660 lilio
2588 1606 2679 1661 Dei
2697 1624 2709 1660 :
2724 1600 2947 1661 manens
2959 1593 3271 1652 sacerdosin
3288 1600 3616 1662 perpetuum.

2133 1690 2169 1756 ιῗ
2192 1729 2206 1743 .
2238 1692 2434 1744 Amen.

2044 1852 2048 1856 ,
2078 1803 2117 1840 ο
2151 1801 2473 1873 Principium
2498 1800 2662 1855 sancti
2693 1794 3243 1873 evangeliisecundum
3268 1791 3521 1846 Joannem

2678 1867 3049 1940 (κώμην
3112 1920 3115 1921 ν

2119 1965 2175 2019 In
2204 1966 2465 2035 principio
2494 1975 2608 2021 erat
2657 1964 2919 2019 verbum:
2951 1969 3006 2017 et
3060 1958 3284 2014 verbum
3331 1963 3448 2010 erat
3488 1949 3628 2020 apud

2047 2056 2215 2111 Deum
2250 2074 2263 2109 :
2293 2065 2350 2110 et
2374 2057 2515 2110 Deus
2538 2061 2658 2110 erat
2686 2055 2934 2110 verbum.
2969 2051 3081 2106 lloc
3107 2057 3223 2105 erat
3254 2049 3307 2102 in
3364 2043 3629 2115 principio

2045 2147 2185 2215 apud
2209 2146 2394 2202 Deum.
2424 2146 2613 2209 Omnia
2636 2162 2728 2215 per
2746 2147 2918 2213 ipsum
2944 2142 3082 2197 facta
3103 2147 3226 2194 sunt
3253 2153 3270 2193 :
3300 2146 3358 2191 et
3375 2138 3491 2190 sine
3518 2136 3631 2201 ipso

2048 2240 2241 2294 factum
2272 2250 2355 2295 est
2381 2240 2531 2295 nihil.
2562 2238 2717 2305 Quod
2767 2238 2961 2292 factum
2991 2244 3073 2290 est
3095 2236 3146 2287 in
3170 2234 3324 2301 ipso:
3360 2230 3463 2282 vita
3493 2233 3630 2281 erat.

2048 2330 2116 2385 Et
2132 2331 2236 2385 vita
2259 2342 2377 2387 erat
2392 2332 2479 2386 lux
2500 2330 2773 2386 hominum
2793 2347 2807 2383 :
2827 2338 2880 2385 et
2909 2330 2996 2381 lux
3014 2327 3066 2381 in
3094 2323 3326 2380 tenebris
3365 2321 3505 2375 lucet
3534 2335 3548 2370 :
3581 2326 3635 2370 et

2051 2422 2273 2477 teuebre
2300 2438 2418 2478 eam
2440 2438 2545 2477 non
2568 2423 3107 2491 comprehenderunt.
3126 2418 3247 2473 Fuit
3266 2415 3426 2470 homo
3441 2413 3636 2466 missus

2051 2528 2079 2566 a
2097 2512 2206 2568 Deo
2236 2531 2250 2567 :
2277 2516 2361 2569 cui
2381 2530 2573 2569 nomen
2601 2524 2717 2571 erat
2735 2513 3025 2569 Jobaunes.
3042 2511 3139 2565 Hic
3155 2508 3301 2564 venit
3324 2507 3376 2560 iu
3396 2503 3638 2559 testimo-

2053 2609 2197 2659 nium
2223 2615 2280 2659 ut
2305 2608 2666 2661 testimonium
2691 2606 2994 2675 perhiberet
3016 2605 3082 2657 de
3111 2601 3329 2657 lumine.
3359 2598 3428 2655 Ut
3451 2609 3641 2652 omnes

2053 2697 2337 2751 crederent
2364 2711 2458 2765 per
2488 2697 2656 2750 illum.
2689 2695 2805 2749 Non
2833 2704 2949 2749 erat
2977 2693 3067 2747 ille
3114 2692 3203 2746 lux
3238 2708 3251 2744 :
3283 2690 3376 2745 sed
3404 2697 3459 2742 ut
3489 2687 3640 2742 teSti-

2056 2787 2293 2840 monium
2322 2786 2630 2855 perhiberet
2671 2786 2742 2840 de
2770 2785 2989 2839 lumine.
3041 2782 3171 2836 Erat
3222 2780 3309 2834 lux
3365 2794 3491 2832 vera
3537 2791 3643 2846 que

2057 2879 2317 2934 illuminat
2342 2893 2554 2933 omnem
2592 2878 2862 2933 hominem
2892 2875 3193 2932 venientem
3227 2874 3279 2928 in
3306 2872 3445 2926 hunc
3483 2886 3642 2924 mun-

2062 2968 2210 3023 dum.
2247 2970 2302 3023 In
2336 2968 2534 3023 mundo
2558 2976 2710 3023 erat:
2742 2979 2795 3023 et
2839 2966 3068 3021 mundus
3119 2980 3215 3034 per
3258 2964 3429 3034 ipsum
3477 2961 3646 3015 factus

380 3054 618 3109 exultent
649 3052 755 3108 lilie
784 3051 917 3107 Juda
948 3069 962 3106 :
993 3062 1208 3122 prOpter
1232 3052 1430 3122 judicia
1475 3062 1559 3107 tua
1609 3054 1849 3109 Domine.
1889 3054 1951 3108 Ρ.

2066 3072 2148 3115 est
2173 3078 2186 3114 :
2215 3069 2269 3114 et
2290 3059 2517 3113 mundus
2537 3074 2658 3113 eum
2691 3074 2795 3112 non
2825 3058 3092 3127 cognovit.
3119 3056 3174 3111 In
3207 3053 3419 3125 propria
3454 3051 3597 3106 venit
3626 3069 3642 3104 :

383 3144 621 3199 lustinia.

517 3238 797 3308 Sequentta
823 3236 1036 3305 cpistola
1069 3235 1223 3289 Pauli
1261 3238 1483 3302 apostoli
1509 3239 1577 3291 ad
1606 3238 1831 3293 llcbrcos

983 3324 1032 3397 (ἀ
1055 3326 1186 3396 Cap.
1224 3325 1347 3395 VI).

473 3420 511 3488 ἡ
529 3459 545 3474 .
578 3419 688 3474 Deo
713 3419 934 3488 gratias.

461 3514 693 3567 Fratres.
723 3510 939 3565 Abrahe
969 3509 1283 3577 promittens
1311 3509 1450 3563 Deus
1482 3527 1494 3562 :
1523 3511 1772 3578 quoniam
1799 3512 1965 3566 nemi-

391 3621 511 3662 nem
540 3604 725 3659 habuit
763 3617 859 3671 per
887 3615 1043 3668 quem
1069 3599 1276 3668 juraret
1296 3600 1553 3669 majorem
1589 3618 1601 3652 :
1629 3600 1829 3669 juravit
1875 3617 1969 3672 per

390 3696 734 3763 semetipsum
767 3696 967 3748 dicens.
1004 3691 1113 3745 Νἱμί
1140 3693 1459 3748 benedicens
1490 3695 1800 3748 benedicam
1832 3696 1924 3749 tibi
1951 3711 1966 3751 :

395 3801 448 3845 et
478 3787 833 3857 multiplicans
882 3786 1242 3855 multiplicabo
1275 3797 1345 3843 te.
1378 3786 1444 3841 Et
1473 3788 1551 3843 sic
1597 3787 1970 3859 longanimiter

394 3880 575 3936 ferens
616 3879 839 3947 adeptus
865 3888 945 3931 est
978 3879 1470 3945 repromissionem.
1522 3878 1778 3935 IIomiues
1824 3882 1968 3935 enim

395 3989 490 4044 per
513 3973 777 4041 majorem
800 3986 951 4026 suum
980 3971 1165 4041 jurant
1192 3989 1205 4024 :
1245 3982 1269 4009 ε
1311 3982 1364 4027 et
1393 3988 1581 4028 omnes
1609 3977 1973 4031 controversie

391 4081 577 4121 eorum
609 4064 730 4119 linis
767 4065 832 4119 ad
872 4064 1331 4120 confirmationem
1376 4075 1460 4121 est
1504 4068 1884 4134 jurameutum.
1916 4072 1985 4126 Ιη-

396 4171 502 4223 quo
530 4155 884 4208 abundantius
909 4155 1093 4209 volens
1136 4155 1279 4210 Deus
1330 4159 1615 4213 ostendere
1646 4157 1667 4197 τ
1711 4163 1975 4227 pollicita-

398 4247 569 4302 tiones
599 4248 884 4301 heredibus
916 4264 929 4299 :
965 4247 1330 4302 immobilitate
1359 4250 1570 4304 consilii
1624 4252 1706 4306 sui
1737 4253 1975 4322 interpo-

398 4339 506 4394 suit
526 4337 924 4408 jusjurandum.
956 4340 1025 4395 Ut
1052 4356 1145 4407 per
1174 4341 1307 4395 duas
1339 4357 1423 4395 res
1454 4344 1753 4400 immobiles
1780 4348 1972 4416 quibus

2070 3161 2123 3206 et
2148 3151 2230 3205 sui
2258 3165 2380 3205 eum
2408 3165 2515 3205 non
2548 3160 2881 3220 receperunt.
2913 3150 3185 3219 Quotquot
3214 3158 3394 3201 autem
3424 3157 3648 3211 recepe-

2070 3254 2193 3299 runt
2221 3260 2342 3300 eum
2373 3260 2387 3297 :
2418 3244 2568 3299 dedit
2611 3244 2689 3298 eis
2721 3251 3036 3312 potestatem
3065 3241 3205 3294 filios
3256 3237 3349 3292 Dei
3382 3237 3492 3291 fieri
3518 3253 3531 3287 :
3565 3235 3650 3289 bis

2070 3338 2160 3406 qui
2185 3336 2410 3393 credunt
2435 3337 2489 3390 in
2516 3337 2729 3391 nomine
2752 3333 2888 3404 ejus.
2914 3334 3014 3399 Qui
3041 3349 3146 3387 non
3176 3347 3238 3386 ex
3263 3329 3606 3398 sanguinibus
3631 3344 3645 3379 :

2073 3444 2244 3497 neque
2265 3443 2333 3482 ex
2358 3429 2630 3481 voluntate
2652 3427 2831 3480 carnis
2864 3442 2878 3479 :
2904 3439 3075 3491 neque
3102 3439 3167 3477 ex
3200 3422 3471 3477 voluntate
3499 3418 3597 3471 viri
3631 3433 3647 3470 :

2074 3522 2168 3574 sed
2201 3536 2266 3574 ex
2300 3521 2409 3575 Deo
2459 3521 2571 3573 nati
2594 3530 2737 3572 sunt.
2770 3518 2836 3572 Et
2865 3518 3088 3572 verbum
3119 3530 3246 3569 caro
3278 3512 3475 3567 factum
3527 3519 3649 3565 est:

2071 3622 2127 3666 et
2155 3612 2411 3666 habitavit
2451 3613 2503 3665 in
2543 3611 2717 3667 nobis.
2748 3611 2811 3665 Et
2836 3610 3063 3664 vidimus
3093 3607 3314 3679 gloriam
3366 3606 3481 3674 ejus
3504 3620 3518 3657 τ
3543 3603 3656 3671 glo-

2073 3709 2205 3761 riam
2229 3706 2380 3777 quasi
2412 3705 2668 3776 unigeniti
2705 3722 2735 3759 a
2766 3712 2915 3773 patre
2942 3723 2956 3760 :
2994 3704 3206 3774 plenum
3236 3702 3404 3771 gratie
3431 3708 3485 3754 et
3513 3699 3657 3753 veri—

2077 3799 2220 3854 tatis.
2262 3798 2537 3853 Iohannes
2587 3799 2947 3851 testimonium
3004 3794 3246 3865 perhibet
3301 3794 3369 3847 de
3417 3794 3533 3861 ipso
3564 3806 3577 3844 :
3606 3800 3660 3843 et

2074 3892 2266 3947 clamat
2292 3892 2497 3946 dicens.
2533 3890 2629 3944 llic
2650 3899 2767 3945 erat
2785 3905 2942 3959 quem
2973 3889 3081 3943 dixi
3114 3888 3240 3959 :qui
3276 3896 3395 3957 post
3417 3900 3502 3939 me
3531 3900 3659 3938 ven-

2078 3996 2227 4041 turus
2247 3998 2329 4039 eSt
2350 4002 2376 4039 7:
2407 3993 2530 4039 ante
2563 4000 2647 4039 me
2694 3985 2864 4038 factus
2892 3992 2975 4037 est
3008 4000 3019 4034 :
3052 3982 3142 4051 qui
3192 3982 3337 4050 prior
3388 3994 3473 4032 me
3524 3988 3661 4031 erat.

2077 4075 2144 4131 Et
2162 4077 2228 4132 de
2252 4076 2579 4145 plenitudine
2600 4077 2715 4143 ejus
2738 4089 2835 4128 nos
2854 4088 3043 4128 omnes
3066 4070 3372 4140 accepimus
3398 4088 3413 4124 :
3438 4068 3660 4139 gratiam

2076 4186 2173 4238 pro
2201 4169 2371 4239 gratia
2397 4186 2409 4220 :
2441 4168 2565 4237 quia
2600 4169 2683 4221 lex
2709 4181 2803 4235 per
2822 4166 3039 4236 Moysen
3071 4167 3194 4218 data
3242 4173 3326 4220 est
3350 4178 3364 4218 :
3391 4162 3560 4232 gratia
3608 4171 3667 4215 et

2075 4260 2271 4317 veritas
2301 4275 2396 4328 per
2424 4260 2605 4314 .lesum
2631 4260 2905 4313 Christum
2935 4257 3075 4313 facta
3102 4266 3207 4312 est.

2165 4352 2204 4419 ἡ
2226 4391 2239 4405 .
2271 4355 2461 4406 Amen.

400 4472 764 4558 ETQNEMMWA
790 4469 1035 4558 [EOPKHS]
1061 4470 1159 4558 triti
1187 4470 1390 4558 Missa“
1424 4469 1975 4558 Gallo-ﬁothicmde-
2006 4488 2055 4549 υ
2151 4495 2178 4523 ι
2209 4486 2337 4558 Cap.
2360 4486 2546 4542 XLIX.
2579 4486 2729 4542 Vers.
2764 4485 2877 4540 1-7.
2904 4486 2956 4540 In
2980 4484 3297 4541 Luxoviensi
3329 4483 3519 4555 legitur
3548 4495 3671 4552 pro-

402 4536 613 4597 licieiite
653 4541 981 4603 membrana,
1006 4541 1205 4609 integra
1245 4542 1402 4594 missa
1444 4557 1564 4610 qua:
1602 4536 1978 4603 Circumcisio-

404 4628 523 4667 nem
542 4612 746 4667 Domini
759 4611 1982 4678 consequiturdelicit.pra2terbenedictionem.

406 4683 553 4737 "anc
582 4698 681 4753 ego
706 4684 943 4745 missam,
972 4696 1075 4753 non
1106 4682 1174 4753 ad
1205 4683 1573 4746 prohibendum
1601 4689 1663 4741 ab
1696 4686 1883 4753 Idalis,
1917 4692 1985 4746 de

406 4768 509 4827 qua
536 4752 687 4827 nulla
712 4762 794 4805 est
832 4750 1031 4804 mentio
1060 4752 1486 4827 inbeciinnario
1520 4750 1980 4827 Luxoviensi,‘qui

409 4820 507 4877 hoc
536 4823 651 4876 l0c0
676 4822 879 4895 integer
912 4829 1015 4895 ejt,
1048 4823 1137 4874 sed
1168 4823 1235 4874 ad
1266 4820 1585 4895 Dominicam
1615 4840 1726 4895 post
1754 4820 1983 4883 Circum-

406 4895 641 4947 cisioncm
674 4891 899 4954 Domini,
931 4891 999 4944 dc
1051 4906 1154 4960 qua
1213 4894 1455 4948 meminit
1485 4891 1848 4953 Lectiouarius
1893 4902 1981 4955 ille

407 4962 737 5027 Gallicanus,
787 4961 1101 5028 pertinuisse
1130 4963 1469 5019 crediderim.
1529 4967 1791 5022 Czeterum
1829 4972 1985 5023 missa

409 5049 567 5101 quam
589 5037 641 5085 in
666 5032 931 5085 Dominico
960 5041 1081 5085 ante
1105 5033 1443 5102 Epiphaniam
1468 5047 1657 5091 canunt
1686 5040 1991 5095 Mozarabes

411 5119 473 5156 ca
512 5106 621 5172 ipsa
664 5114 936 5172 estquam
986 5102 1112 5156 olim
1158 5103 1411 5159 Kalendis
1457 5107 1714 5170 Januarii.
1776 5113 1989 5165 ineunte

414 5188 551 5226 novo
574 5189 735 5238 anno,
761 5173 1119 5236 celebrabant,
1143 5185 1423 5243 antequam
1447 5178 1882 5233 ilircumcisionis
1903 5196 1989 5233 so-

418 5244 660 5318 lemnitas
711 5244 951 5318 instituta
994 5245 1197 5318 fuisset,
1230 5256 1287 5298 ut
1330 5256 1513 5311 aperte
1553 5250 1753 5316 patebit
1794 5250 1989 5318 legenti

414 5314 685 5388 orationes
714 5314 868 5383 hujus
892 5319 1087 5388 missm.
1127 5316 1405 5388 Lectiones
1444 5314 1720 5385 scripturae
1762 5314 1989 5388 tempori

418 5384 1013 5463 maximeconveniant
1050 5385 1191 5463 quod
1224 5387 1378 5463 cadit
1420 5387 1720 5463 Nativitatis
1759 5384 1895 5445 inter
1937 5400 1991 5443 et

418 5451 1100 5534 Epiphaniae.leSIivitates,
1129 5457 1360 5534 divinam
1390 5461 1530 5511 enim
1567 5460 1762 5513 Christi
1810 5463 1996 5513 huma—

420 5539 653 5600 namque
708 5528 821 5591 ejus
868 5538 1116 5600 naturam
1165 5537 1223 5600 et
1264 5528 1617 5585 sacerdotium
1686 5532 1995 5600 pradicant,

419 5596 789 5667 admnbratum
867 5595 916 5667 in
974 5601 1120 5667 regio
1182 5598 1587 5655 Melcltitedechi
1662 5595 1998 5665 sacertlmio,

422 5670 700 5743 ῇρευιηιιιιθ
732 5664 978 5743 Messiam
1009 5664 1072 5719 ait
1095 5669 1311 5723 Iudaeos
1339 5680 1390 5724 et
1419 5683 1605 5738 gentes
1634 5688 1724 5741 per
1749 5689 1807 5728 se
1829 5664 2001 5743 ipsum

425 5738 727 5809 loquentem
747 5735 1049 5791 ostendunt.

2094 4559 2271 4627 phetia
2298 4573 2363 4612 ex
2397 4558 2696 4619 Ezechiele,
2727 4572 2875 4622 xLut,
2911 4558 3016 4621 18;
3053 4572 3198 4619 κων,
3225 4558 3299 4611 ιι
3466 4604 3471 4609 .

2160 4626 2187 4667 ι)
2219 4628 2407 4681 Audite
2427 4628 2628 4682 inculte.
2657 4627 2843 4681 Totam
2868 4629 3001 4681 hanc
3022 4627 3352 4696 prophetiam
3376 4626 3441 4681 de
3462 4625 3675 4679 Christo

2089 4698 2484 4767 intelligendam
2516 4713 2636 4753 esse
2665 4698 3004 4751 consentiunt
3042 4698 3246 4752 l’atres.
3280 4697 3509 4767 Sanctus
3550 4696 3671 4767 Ilie-

2088 4783 2340 4838 ronymus
2367 4767 2460 4838 (In
2490 4767 2649 4830 Isaia,
2682 4783 2826 4831 χιιι,
2852 4767 2935 4834 I):
2972 4767 3115 4838 Sqio,
3148 4768 3336 4837 inquit,
3368 4766 3488 4838 Iure
3503 4766 3676 4838 omnia

2084 4853 2149 4892 ea:
2161 4837 2376 4905 persona
2396 4837 2586 4892 Christi
2614 4839 2789 4890 debere
2812 4838 2996 4905 accipi.
3023 4837 3182 4906 Lege,
3211 4842 3253 4891 si
3274 4846 3447 4903 vacat,
3474 4837 3531 4890 Ρ.
3553 4837 3678 4888 (lor-

2091 4909 2288 4964 nelimn
2321 4925 2347 4960 a
2382 4909 2608 4976 Lapide,
2639 4907 2691 4961 in
2719 4910 2857 4961 hunc
2884 4910 3079 4962 locum.

2168 4991 2189 5018 ε
2215 4978 2513 5033 Ριαιιεηάυ.
2550 4978 2834 5044 Ιέεἰιινιι,
2860 4979 2944 5031 Ii.
2997 4979 3067 5045 ᾗ.
3101 4979 3231 5031 Ibid.
3263 4977 3348 5032 12.

2165 5045 2191 5084 ά
2221 5050 2346 5119 Cap.
2393 5046 2486 5103 γι.
2514 5047 2667 5102 Vers.
2700 5047 2883 5107 I5-vu,
2912 5049 3103 5119 i-5._In
3135 5048 3455 5102 Luxoviensi
3487 5046 3680 5115 legitur

2093 5135 2156 5175 ex
2193 5117 2430 5184 Epistula
2459 5118 2525 5172 ad
2553 5118 2837 5185 Ephesios,
2867 5132 2907 5180 ι,
2931 5117 3073 5170 5M.

2169 5199 2192 5261 ξ
2217 5188 2283 5261 Et
2305 5204 2500 5261 euntes.
2516 5188 2683 5261 AVulg.
2698 5191 2919 5261 ,pmnis.

2170 5256 2190 5296 ί
2244 5253 2666 5311 Ροιιὶεἰιαιὶοηεέ.
2718 5258 3029 5316 [’rintasius.
3075 5256 3506 5325 pollicitationes;
3555 5253 3683 5307 Am-

2096 5329 2403 5388 brosiaster.
2460 5330 2923 5398 pollicitationem;
2980 5328 3223 5398 Syriaca,
3271 5326 3683 5398 pollicitationem

2097 5416 2242 5453 suam
2265 5395 2669 5463 immutabilem;
2715 5398 2890 5467 Vulg.,
2927 5395 3314 5466 pollicitationis
3355 5395 3640 5449 heredibus
3664 5432 3681 5456 ,

2101 5469 2297 5531 (ἴε-ενα,
2327 5471 2707 5536 pollicitationis
2732 5470 3153 5521 immobilitatcm.

2175 5548 2199 5585 κ
2225 5534 2354 5609 Cap.
2391 5538 2438 5593 l.
2469 5540 2620 5593 Vers.
2660 5541 2810 5595 1-18.
2844 5538 2903 5594 In
2934 5536 3252 5594 Luxoviensi
3275 5552 3341 5592 ex
3389 5534 3573 5591 Matth.
3611 5549 3663 5590 ιχ

2103 5609 2276 5665 52-35
2293 5611 2607 5666 desumitur.
2651 5616 2656 5621 ’
