3990 6160
447 327 507 391 ιι
1602 300 1943 360 BASILIUS
1981 300 2536 361 SELEUCIENSIS.
3264 356 3269 361 .
3634 297 3704 363 12

442 436 555 486 τόν.
588 430 742 501 Legit
775 426 1021 482 Photius.
1056 422 1231 478 Edidit
1260 419 1550 492 separatim
1584 416 1715 473 Fed.
1757 418 2031 482 Morellus,
2057 417 2259 484 Paris.,
2302 418 2458 484 1602,
2490 418 2545 473 8.
2572 416 2744 489 [Orat.
2781 417 2801 470 1
2842 417 2895 470 in
2927 416 3216 480 Adainuni,
3243 429 3275 468 ο
3296 413 3484 470 Gra'co
3523 430 3703 483 nuper

449 535 738 591 Latinitate
771 531 969 587 donata
1013 544 1108 598 per
1141 527 1296 580 Mart.
1329 524 1656 586 Mestrasum,
1687 521 1748 576 D.
1779 521 1883 577 'l‘h.
1915 538 1946 578 e
1985 532 2188 596 typogr.
2223 522 2412 597 Steph.
2448 522 2798 578 Prevosteau.
2832 520 3036 587 Paris.,
3084 519 3217 576 1602
3237 563 3253 588 ,
3283 519 3339 575 8.
3368 519 3433 575 V.
3461 519 3701 576 Maittar.

447 643 512 696 Α.
544 649 677 695 tom.
714 635 807 699 III,
833 650 955 705 pag.
993 629 1141 702 84L]
1985 659 1995 666 .
3233 693 3242 700 .

516 742 571 796 ι.
610 741 674 796 In
703 738 926 795 Cainum
953 744 1000 789 et
1032 733 1262 788 Abelem.
1301 732 1494 802 Incipit
1530 750 1542 784 :
1583 732 1750 786 Πάλιν
1786 732 1932 802 ἡμᾶς
1963 733 1992 784 6
2018 731 2092 800 τῆ.

1594 732 1750 786 nam
1786 732 1932 802 ἡμᾶς
1963 733 1992 784 6
2018 731 2117 800 τῆς
2152 727 2500 793 διδασκαλίας
2531 729 2716 799 νόμος.
2747 727 2900 800 Legit
2923 727 3170 784 Photius.

517 845 554 900 5
578 854 633 900 et
660 845 717 897 6.
755 843 850 905 Εἰς
879 840 972 894 τὸν
1001 837 1146 903 Νῶε,
1180 838 1243 892 In
1270 836 1575 903 Noacltnm,
1609 837 1724 892 sive
1759 836 2034 894 Noemum.
2063 834 2093 890 Ι

2131 836 2220 892 ’ἱοι
2255 835 2449 906 incipit
2476 854 2491 890 :
2518 834 2682 898 ὐσος
2710 833 2885 888 ἔνεστι
2911 833 3054 905 Θεῷ,
3082 832 3354 889 Posterior
3386 852 3400 888 :
3428 832 3570 889 Οὔτε
3602 834 3707 905 τὴν

448 949 718 1022 ὑμετέραν
749 947 941 1017 ἀκοήν.

518 1055 574 1109 7.
614 1052 683 1107 In
710 1050 1095 1106 Abrahamum.
1131 1047 1325 1117 Incipit
1361 1065 1375 1103 :
1407 1046 1497 1117 Τῷ
1531 1045 1765 1127 φιλοοὲῳ
1795 1047 1890 1100 καὶ
1920 1062 2094 1115 πνευμ

2125 1042 2296 1113 ιτικῷ.
2343 1042 2497 1115 Legit
2536 1041 2784 1098 Photius.
2827 1043 2986 1098 FABR.
3032 1041 3091 1097 In
3142 1042 3316 1098 tribus
3360 1042 3520 1100 codd.
3562 1042 3701 1099 Bibl.

449 1154 599 1225 puhl.
632 1153 803 1209 Paris.
837 1152 1001 1207 IIARL.

519 1260 572 1314 8.
611 1259 678 1313 In
715 1257 1015 1328 Joseplmm,
1068 1255 1454 1326 patriarcham.
1497 1255 1692 1325 Incipit
1726 1274 1737 1309 :
1772 1255 1895 1318 Τοῖς
1947 1254 2046 1325 μὲν
2093 1278 2095 1286 ε

2130 1253 2163 1305 ὰ
2210 1253 2397 1324 μακρὰ
2451 1253 2683 1324 πελάγη.
2716 1254 2870 1325 Legit
2910 1254 3157 1311 Photius.
3210 1253 3313 1326 [In
3364 1254 3484 1310 cod.
3527 1254 3703 1310 Paris.

451 1361 796 1432 Iccccu'in.]

521 1470 575 1523 9.
614 1467 679 1522 In
718 1464 947 1535 Moysen.
982 1463 1218 1533 Incipit:
1249 1461 1428 1516 Πολλὰ
1459 1462 1529 1515 τὰ
1568 1463 1703 1532 πρὸς
1736 1460 1904 1532 ὕμνον
1933 1464 2097 1516 κινοῦε

1084 1463 1175 1533 ipit
1201 1479 1218 1518 :
1249 1461 1428 1516 Πολλὰ
1459 1462 1529 1515 τὰ
1568 1463 1703 1532 πρὸς
1736 1460 1904 1532 ὕμνον
1933 1464 2203 1518 κινοῦντα.
2238 1464 2388 1534 Legit
2417 1465 2660 1520 Photius.

524 1571 606 1625 10.
638 1570 699 1624 1η
731 1569 984 1623 Eliswum
1017 1576 1063 1620 et
1092 1565 1501 1621 Sunamitidcm.
1541 1565 1663 1619 Τῶν
1687 1566 1982 1637 προφητῶν
2010 1569 2058 1620 οἱ
2088 1586 2100 1639 ι

2131 1569 2185 1623 ὲν
2208 1568 2369 1640 λόγῳ.
2402 1568 2588 1625 Graece
2619 1578 2674 1624 ct
2705 1569 2895 1625 Latine
2926 1585 3044 1624 cum
3078 1567 3284 1624 Detlevi
3308 1567 3546 1625 Wolderi
3580 1587 3707 1626 ver-

454 1677 630 1732 sione.
660 1674 874 1738 Hamb.,
911 1674 1073 1738 1618,
1094 1673 1146 1727 8.

526 1782 616 1836 11.
656 1779 723 1834 In
759 1778 956 1833 Etiam.
988 1777 1182 1847 Incipit
1217 1796 1229 1831 :
1268 1777 1372 1830 Τὸν
1402 1779 1500 1847 μὲν
1535 1778 1804 1849 μακάριον
1835 1780 2040 1831 ἐκεῖνον
2065 1796 2097 1830 κ

2197 1777 2370 1848 μέγαν
2398 1779 2705 1847 προφήτην.
2750 1775 2903 1847 Legit
2944 1775 3182 1830 Photius.
3214 1774 3319 1830 Sed
3359 1776 3752 1832 Tillemontio-

411 1948 438 1955 η
451 1883 635 1954 judice
677 1880 898 1937 homilia
942 1881 1058 1936 haec
1103 1882 1300 1937 misera
1328 1892 1494 1937 estet
1524 1898 1714 1952 parum
1742 1883 1902 1953 digna
1934 1881 2242 1939 Christiano
2273 1900 2289 1937 :
2318 1879 2747 1953 Tres-pitoyabte
2785 1889 2833 1934 et
2876 1879 3246 1951 tres-indigne
3287 1879 3412 1933 d’an
3451 1880 3707 1934 chrétien.

458 1989 615 2045 Tom.
655 1985 748 2041 XV
785 1984 1034 2052 Memor.,
1065 2001 1188 2057 pag.
1221 1986 1345 2041 544.
1377 1985 1707 2058 (Mediolani,
1744 1984 1797 2040 in
1826 1986 1962 2042 Bibl.
1988 1986 2267 2061 Amhros.]

531 2093 600 2146 12
627 2102 683 2147 et
721 2092 810 2147 15.
850 2090 914 2146 In
943 2089 1155 2145 Jonam.
1192 2089 1390 2161 Incipit
1429 2091 1576 2160 prior
1610 2109 1622 2143 :
1654 2089 1834 2153 Ἅπας
1864 2089 1966 2161 μὲν
2004 2093 2033 2145 6
2067 2094 2107 2145 τί

2142 2111 2169 2157 ς
2201 2093 2431 2158 κτίσεως
2462 2094 2686 2162 κόσμος.
2719 2090 2992 2148 Posterior
3023 2110 3037 2147 :
3069 2093 3133 2146 Oi.
3172 2092 3270 2155 τὰς
3308 2090 3418 2144 τῶν
3451 2091 3716 2162 φρεάτων

459 2200 663 2270 πηγάς.
694 2199 955 2263 Alteram,
992 2213 1060 2252 an
1091 2207 1377 2267 utramque
1403 2197 1533 2269 legit
1561 2196 1827 2253 Photius?

529 2306 614 2369 11,
655 2304 740 2369 15,
781 2303 869 2369 16,
907 2302 993 2356 17.
1059 2303 1125 2357 In
1162 2304 1436 2358 historiam
1460 2304 1524 2357 de
1550 2302 1766 2357 Itavide.
1798 2303 1992 2372 Incipit
2018 2304 2105 2372 pri

2135 2319 2189 2358 aa
2224 2322 2238 2357 :
2269 2303 2452 2357 ’Δλλοι
2482 2303 2581 2374 μὲν
2606 2303 2782 2357 ἄλλων
2812 2302 3015 2371 τεχνῶν
3049 2302 3363 2366 παιδευτάς.
3402 2303 3656 2357 Secunda
3696 2320 3711 2355 :

455 2408 593 2463 Οὔτε
621 2409 717 2463 τοῦ
747 2407 1017 2476 πελάγους
1050 2408 1333 2478 ἁψάμενος
1368 2408 1613 2475 πλωτήρ.
1649 2404 1833 2458 Tertia
1869 2422 1884 2457 :
1925 2404 2093 2457 Ὅταν
2120 2403 2256 2475 εὕρῃ
2291 2405 2391 2474 τῆς
2420 2405 2587 2474 ἀκοῆς
2618 2403 2928 2475 προθυμίαν
2953 2405 2986 2471 ἡ
3016 2403 3195 2473 χάρις.
3229 2405 3430 2473 Quarta
3461 2406 3717 2477 εἘπειδὴ

454 2516 563 2568 τῶν
594 2515 689 2568 τοῦ
721 2514 884 2567 Δαυῒδ
917 2513 1378 2583 κατορθωμάτων.

528 2620 613 2673 18.
654 2617 720 2672 In
752 2615 1108 2671 Herodiadem
1140 2616 1237 2686 (a).
1274 2614 1484 2685 (Matth.
1518 2613 1655 2682 xw.)
1686 2611 1882 2682 Incipit
1913 2631 1929 2667 :
1958 2613 2070 2685 Τὴν
2100 2636 2104 2650 ι

1274 2614 1484 2685 (Matth.
1518 2613 1655 2682 xw.)
1686 2611 1882 2682 Incipit
1913 2631 1929 2667 :
1958 2613 2070 2685 Τὴν
2100 2614 2204 2685 τῆς
2238 2612 2565 2684 Ἡρωδιάδος
2590 2612 2837 2683 ὄρχησιν.

528 2721 615 2776 19.
660 2720 725 2774 In
754 2719 1138 2776 Centarionem.
1172 2718 1388 2789 (Matth.
1421 2716 1562 2786 vni.)
1592 2715 1789 2786 Incipit
1818 2734 1832 2770 :
1876 2716 1941 2770 'H
1974 2715 2083 2770 τῶν

1633 2715 1789 2786 ιοὶρίι
1818 2734 1832 2770 :
1876 2716 1941 2770 'H
1974 2715 2083 2770 τῶν
2111 2715 2463 2784 Εὑαγγελίων
2494 2715 2748 2783 σάλπιγξ.
2779 2714 2931 2786 Legit
2965 2715 3209 2771 Photius.

525 2826 615 2882 20.
657 2824 726 2879 In
752 2824 1099 2879 Cananceam.
1137 2820 1350 2893 (Matth.
1381 2821 1494 2891 xv.)
1525 2820 1718 2891 Incipit
1748 2839 1762 2875 :
1789 2816 1898 2873 Ἦν
1928 2820 2039 2893 ἄρα
2066 2838 2101 2875 κ

1553 2820 1718 2891 ncipit
1748 2839 1762 2875 :
1789 2816 1898 2873 Ἦν
1928 2820 2039 2893 ἄρα
2066 2821 2162 2875 καὶ
2193 2820 2448 2892 συμφορὰ
2478 2821 2741 2891 μεγίστης
2771 2820 3129 2892 εὐφροσύνης.

525 2930 618 2985 2t.
659 2928 720 2982 In
743 2926 1011 2991 claudum,
1045 2926 1116 2979 ad
1143 2936 1349 2995 portam
1379 2924 1679 2995 Speciosam
1708 2925 1987 2980 sedentem.
2026 2926 2101 2997 (At

1841 2935 1987 2980 atem.
2026 2926 2167 2997 (Act.
2200 2924 2305 2996 ιιι.)
2345 2924 2538 2996 Incipit
2568 2943 2582 2979 :
2613 2925 2678 2979 Oi
2708 2926 2805 2996 μὲν
2836 2927 2933 2990 τὰς
2966 2929 3171 2998 μικρὰς
3193 2929 3417 2995 ταύτας.

530 3034 623 3088 22.
663 3030 723 3086 In
753 3029 882 3085 illud
911 3029 1099 3084 Matth.
1133 3045 1252 3094 vm,
1277 3030 1347 3085 24
1379 3048 1391 3083 :
1428 3028 1687 3099 Discipuli
1719 3030 2039 3101 navigabant
2068 3046 2187 3084 cum
2218 3030 2362 3097 Iesu,
2394 3041 2443 3086 et
2471 3048 2585 3086 ecce
2610 3042 2887 3103 tempestas
2914 3051 3128 3105 magna.
3160 3033 3354 3107 Incipit
3385 3055 3398 3091 :
3425 3038 3489 3090 Οἱ
3515 3039 3620 3108 μὲν
3647 3043 3717 3112 τῇ

461 3137 661 3209 «diem
686 3135 783 3189 καὶ
814 3136 880 3207 τῇ
917 3132 1096 3204 φύσει.
1129 3133 1283 3206 Legit
1308 3132 1559 3190 Photius.

531 3243 621 3299 25.
664 3243 757 3306 Et;
788 3241 879 3296 τὸν
902 3240 1272 3311 δαιμονιῶντα
1301 3259 1314 3295 :
1355 3240 1431 3296 De
1467 3242 1668 3297 obsesso
1693 3259 1725 3295 a
1747 3242 2000 3296 daemone.
2037 3240 2107 3313 (L‘

2145 3255 2193 3296 c.
2225 3257 2342 3308 vm,
2373 3241 2488 3310 27.)
2528 3239 2720 3311 Incipit
2758 3260 2771 3296 :
2806 3242 3002 3297 Πολλαὶ
3050 3244 3149 3314 μὲν
3190 3244 3246 3297 αἱ
3284 3244 3436 3315 παρὰ
3463 3244 3571 3297 τῶν
3601 3247 3721 3303 δαι-

466 3349 664 3419 μόνων.

534 3452 623 3507 24.
665 3452 724 3505 In
756 3451 885 3505 illud
913 3450 1102 3505 Matth.
1135 3448 1316 3519 xx,2I
1343 3464 1358 3501 :
1402 3448 1498 3503 Dic
1526 3460 1580 3503 ut
1613 3451 1828 3503 sedeant
1890 3451 1944 3503 lii
1980 3456 2084 3504 duo

2146 3449 2220 3503 itii
2246 3451 2367 3504 mei.
2403 3448 2597 3521 Incipit
2629 3468 2643 3505 :
2670 3451 2737 3505 'H
2767 3451 2866 3522 μὲν
2897 3452 2989 3505 ὑπ’
3009 3445 3320 3524 ’ἀνθρώπων
3344 3455 3484 3509 κατὰ
3509 3455 3722 3530 ἀνθρώ-

474 3577 604 3611 τιυν.
640 3556 793 3628 Legit
818 3554 1064 3610 Photius.
2339 3555 2345 3563 '
2505 3561 2518 3573 '

535 3647 625 3715 23.
667 3661 721 3714 In
757 3659 887 3714 illud
924 3657 1113 3712 Matth.
1146 3668 1258 3724 xvt,
1292 3658 1396 3712 I5:
1430 3633 1597 3722 Quem
1630 3672 1713 3709 me
1743 3655 1928 3709 dicunt
1952 3673 2061 3712 esse
2089 3659 2324 3713 homines
2357 3657 2556 3715 Filium
2592 3663 2858 3719 hominis?
2898 3662 3094 3734 Incipit
3119 3680 3135 3719 :
3158 3664 3398 3734 Μωῦσῆς
3431 3663 3531 3733 μὲν
3561 3665 3590 3717 ὁ
3617 3664 3724 3717 τῶν

479 3764 751 3835 Ἐϐραίων
777 3763 1094 3833 παιδευτὴς.
1128 3761 1283 3833 Legit
1316 3761 1566 3815 Photius.

535 3869 626 3923 26.
666 3869 725 3924 In
756 3869 886 3923 illud
914 3869 1069 3923 Joan.
1109 3884 1160 3933 χ,
1193 3867 1256 3920 11
1290 3886 1302 3920 :
1337 3865 1448 3938 Ego
1473 3882 1589 3919 sum
1636 3864 1832 3919 Pastor
1867 3862 2049 3919 bonu's.
2085 3864 2107 3919 I

2150 3866 2323 3936 cipit:
2370 3868 2495 3922 Ἡδὺ
2528 3869 2632 3940 μὲν
2674 3869 2735 3924 τὸ
2780 3870 2970 3942 χρῆμα
3019 3871 3247 3940 ποιμήν.
3296 3867 3597 3940 Separatim
3630 3885 3723 3923 ex-

476 3988 577 4033 ttat
624 3977 769 4032 edita
800 3975 1005 4039 Paris.,
1038 3974 1196 4039 1597,
1226 3973 1279 4039 8,
1308 3971 1496 4028 Graece
1537 3980 1595 4026 et
1627 3971 1818 4026 Latine
1869 3971 2010 4042 apud
2065 3971 2196 4026 Fed.
2240 3950 2523 4027 Morellnm
2582 3971 2727 4044 [cum
2774 3975 2894 4047 ejus
2938 3974 3104 4040 notis,
3152 3974 3409 4044 conjectt.
3440 3985 3495 4029 et
3528 3989 3722 4031 emen-

468 4081 650 4156 datu].

536 4191 626 4244 27.
668 4189 765 4252 Εἰς
805 4188 875 4241 τὰ
908 4186 1179 4255 Ὀλύμπια
1213 4204 1226 4238 :
1258 4183 1320 4237 In
1349 4182 1615 4253 Olympia.
1657 4184 1734 4236 me
1757 4181 2102 4235 ethnicorum
2154 4178 2292 4233 ludis
2341 4182 2769 4252 spectaculisque
2797 4180 3090 4254 Olympieis
3121 4181 3375 4238 intersint
3407 4180 3722 4236 Christiani.

473 4293 663 4363 Incipit
695 4310 709 4345 :
743 4291 854 4346 Καὶ
880 4291 1108 4360 τερπνὸς
1131 4288 1491 4361 παρατρέχων
1515 4289 1544 4340 6
1582 4286 1771 4357 χρόνος
1801 4288 1894 4339 καὶ
1925 4284 2049 4353 φοδε

1925 4283 2175 4355 φοϐερός.
2212 4285 2515 4354 Separatim
2543 4286 2710 4341 edidit
2739 4286 2994 4342 Morellus
3024 4288 3233 4351 Paris.,
3270 4285 3427 4352 1602,
3458 4283 3490 4338 8

539 4398 630 4452 28.
675 4394 734 4448 In
761 4392 894 4448 illud
927 4391 1119 4447 Matth.
1148 4407 1303 4458 xvnl,
1332 4391 1366 4446 5
1398 4410 1411 4444 :
1445 4388 1560 4443 Nisi
1616 4389 1846 4443 conversi
1890 4388 2036 4457 βαιὴ
2080 4405 2115 4444 s2

2153 4399 2213 4443 'ut
2260 4390 2489 4460 parvuli,
2518 4399 2624 4446 etc.
2656 4390 2849 4463 Incipit
2878 4410 2891 4446 :
2921 4391 3127 4455 Πολλὰς
3157 4391 3430 4464 σωτηρίας
3479 4392 3508 4444 6
3549 4389 3671 4452 δοὺς
3702 4394 3729 4445 6

473 4498 749 4569 Δεσπότης
779 4497 933 4559 Θεός.

540 4606 631 4661 29.
672 4602 731 4656 In
762 4600 893 4657 illud
929 4599 1114 4654 Matth.
1148 4615 1222 4663 χι,
1255 4599 1326 4655 28
1352 4616 1366 4652 :
1396 4597 1571 4652 Venite
1599 4598 1669 4651 ad
1694 4613 1794 4662 me,
1820 4613 1996 4653 omnes
2028 4600 2116 4671 qui

2153 4598 2423 4666 laboratis,
2446 4610 2551 4658 etc.
2587 4602 2777 4673 Incipit
2809 4622 2822 4658 :
2860 4604 2922 4657 Οἱ
2952 4604 3050 4675 μὲν
3083 4604 3176 4656 ἐπὶ
3203 4604 3304 4676 γῆς
3332 4604 3590 4675 βασιλεῖς.
3622 4602 3714 4655 [θα

476 4710 552 4781 git
575 4706 819 4762 Photius.

545 4815 635 4869 50.
678 4810 737 4865 In
767 4808 897 4864 illud
929 4806 1119 4862 Matth.
1156 4822 1228 4871 Iv,
1262 4806 1329 4860 19
1363 4822 1376 4858 :
1410 4804 1585 4859 Venite
1622 4814 1737 4874 post
1780 4822 1893 4871 me,
1930 4808 2121 4877 faciam

2152 4823 2241 4862 vos
2268 4809 2554 4877 piscatores
2590 4812 2878 4866 hominum.
2929 4811 3121 4881 Incipit
3153 4830 3167 4866 :
3200 4813 3262 4867 Οἱ
3301 4812 3456 4882 σοι,ςοῖ⁵
3500 4810 3605 4865 τῶν
3641 4811 3722 4862 εα-

476 4920 640 4991 τρῶν.
667 4914 759 4989 ιν.
801 4912 1094 4969 Montlauc.
1124 4907 1259 4965 Bibl.
1302 4907 1493 4974 Coisl.,
1524 4924 1646 4981 pag.
1681 4907 1802 4974 182,
1842 4924 1899 4963 ιι.
1926 4908 2044 4981 27.]

545 5026 635 5080 5|.
675 5023 736 5079 In
769 5020 901 5076 illud
930 5017 1121 5073 Matth.
1150 5032 1217 5071 xx
1237 5055 1252 5079 ,
1283 5015 1388 5071 I8:
1428 5012 1560 5067 Ecce
1612 5014 1938 5069 ascendimus
1983 5015 2121 5069 Hiert

2146 5014 2365 5085 solyma.
2402 5016 2638 5086 Incipit:
2674 5014 2834 5082 Αὔξει
2874 5018 2972 5086 μὲν
3018 5017 3114 5088 τῆς
3151 5017 3403 5087 γλώσσης
3443 5017 3540 5085 τὴν
3582 5015 3722 5081 ἀγω-

476 5132 614 5183 νίαν.
649 5124 949 5197 Separatim
984 5120 1185 5192 prodiit
1212 5118 1398 5175 Graece
1431 5127 1485 5172 et
1515 5117 1725 5183 Latine,
1757 5117 1959 5183 Paris.,
2001 5119 2160 5183 1600,
2197 5119 2230 5171 8
2251 5158 2265 5183 ,
2297 5118 2439 5187 apud
2472 5118 2604 5173 Fed.
2636 5116 2937 5172 Morellum.

549 5230 637 5287 52.
678 5231 736 5285 In
767 5226 897 5282 illud
924 5225 1112 5278 Matth.
1147 5240 1266 5277 xxv:
1319 5224 1387 5274 5‘.)
1419 5240 1430 5273 :
1468 5221 1648 5288 Pater,
1675 5221 1721 5272 si
1752 5221 1866 5289 ﬁeri
1892 5232 2079 5289 potest,
2113 5230 2347 5274 transeat
2379 5238 2409 5274 a
2445 5239 2525 5275 me
2565 5221 2706 5276 calix
2734 5222 2849 5275 iste.
2881 5221 3073 5290 Incipit
3104 5241 3116 5274 :
3157 5221 3398 5291 Σάλπιγξ
3432 5221 3531 5292 μὲν
3563 5217 3722 5274 πολε-

483 5337 659 5408 μικὸν.

554 5572 630 5639 (α)
670 5569 730 5623 1η
769 5580 900 5639 mss.
934 5561 1180 5639 Gmsareo
1209 5559 1393 5639 [χινιι
1402 5558 1580 5639 11.161
1613 5558 2047 5639 inscribitur-Li;

2163 5558 2465 5639 grclzifpisc.
2505 5558 2781 5626 Seleuciw;
2812 5563 2871 5615 it.
2909 5562 2961 5615 in
2989 5563 3107 5617 cod.
3143 5561 3313 5616 Paris.
3365 5573 3634 5623 unum,
3665 5571 3720 5611 ιι.

479 5625 579 5711 τὴς.
603 5625 886 5711 amen
911 5630 1007 5684 τοῦ
1042 5625 1301 5711 "Brevem
1334 5629 1419 5698 [ιλ
1444 5630 1534 5711 εθε
1554 5625 1770 5711 ἓιετὶτο
1804 5628 2051 5685 "WW-

873 5630 1007 5684 θτοῦ
1042 5625 1301 5711 ’1.ωᾲννου.
1334 5629 1419 5698 [1).
1444 5625 1770 5711 29εὲιεῖιγ.
1804 5628 2051 5685 Lamhec.
2163 5626 2251 5677 55.
2288 5625 2449 5680 ΙΙ.ιιιι..

480 5697 720 5772 (ἶόιῐιπι.,
748 5697 879 5768 VIII,
912 5717 1030 5769 pag.
1062 5698 1194 5761 101,
1223 5702 1275 5751 in
1304 5697 1410 5768 quo
1434 5699 1552 5753 cod.
1576 5697 1803 5751 Basilius
1837 5711 2054 5754 vocatur
