3990 6160
302 368 362 433 ιτ
1775 364 2102 427 ΝΟΤΙΤΙᾹ.
3486 366 3549 428 18

299 492 479 541 cruce,
513 476 812 540 Zachariae,
841 474 1081 546 episcopi
1106 475 1372 529 llierosol.
1407 475 1472 529 ad
1516 488 1627 529 suae
1671 471 1848 542 plebis
1880 472 2136 541 reliquias
2178 486 2208 526 e
2250 472 2493 537 Perside,
2522 482 2578 528 et
2607 472 2800 529 incerti
2831 473 2897 528 de
2926 472 3116 529 eadem
3153 473 3463 544 captivitate
3500 486 3553 529 et

299 583 445 638 urbis
474 582 708 645 excidio,
741 579 1140 645 Paris.,‘1656,
1171 578 1224 632 8.
1250 579 1411 634 Pana.
1452 610 1519 619 —
1554 577 1741 633 Exstat
1765 577 1932 642 Paris,
1961 578 2016 631 in
2051 577 2189 632 Bibl.
2225 577 2375 648 pubi.
2414 577 2571 635 codd.
2600 594 2813 646 ιειιχι,
2851 594 2909 633 n.
2943 578 3027 634 l8.
3064 570 3233 639 "aut.

361 686 416 740 2.
458 686 704 755 Epistola
731 686 802 739 ad
825 686 1067 747 Leonem,
1086 685 1235 753 imp..
1257 698 1361 754 pro
1385 682 1620 738 concilio
1634 682 2063 737 Chalcedonensi
2104 682 2367 737 adversus
2389 682 2662 738 Timothei
2696 682 2873 737 IEluri
2896 681 3257 737 intrusionem
3287 682 3343 737 in
3369 684 3550 738 sedem

295 791 740 853 Alexandrinam,
766 790 964 859 scripta
986 790 1048 842 A.
1070 789 1131 841 C.
1152 787 1278 849 457,
1306 787 1528 842 nomine
1544 787 1925 856 episcoporum
1954 784 2190 849 lsauriae,
2212 794 2266 839 et
2290 785 2477 839 Latine
2502 786 2720 856 vulgata
2747 785 2801 839 in
2832 768 3388 841 Conciliorum'tomis
3415 786 3554 839 intor

297 894 552 963 epistolas
588 892 862 960 subjectos
906 890 1059 946 Actis
1102 892 1291 962 synodi
1340 890 1823 952 Chalcedonensis,
1850 898 1988 944 tom.
2020 890 2065 943 ll
2097 890 2225 944 edit.
2258 890 2515 955 Binianua,
2548 907 2667 962 pag.
2696 890 2821 946 585.
2852 890 3087 962 Incipit:
3119 888 3283 955 Quem
3326 890 3553 945 alterum

298 998 507 1051 decebat
546 997 963 1063 imperatorem:

259 1100 264 1135 ξ
366 1102 417 1156 5.
460 1099 696 1153 Homilia
727 1101 783 1152 in
814 1098 1023 1153 beatum
1048 1098 1236 1152 Jolmm
1262 1098 1441 1154 adhuc
1487 1098 1711 1160 inedita,
1744 1113 1907 1168 quam
1936 1099 2129 1153 habuit
2157 1098 2405 1162 Allatius,
2438 1106 2561 1169 pag.
2588 1098 2711 1163 “5,
2738 1099 2806 1154 de
2845 1097 3164 1154 Simeonum
3197 1100 3431 1171 scriptis.
3466 1099 3558 1154 ln-

302 1204 465 1272 cipit:
498 1206 707 1275 Ὠσπερ
732 1206 782 1256 oi
817 1203 961 1256 κατὰ
990 1203 1094 1273 γῆν
1123 1201 1500 1271 βασιλεύοντες
1530 1202 1658 1265 τοὺς
1684 1202 1823 1274 ὑπὲρ
1855 1202 2031 1255 αὐτῶν
2062 1202 2120 1255 ὲν
2142 1202 2514 1273 παρατάξεσιν
2543 1203 2992 1274 ἀριστεύσαντας.

369 1311 422 1361 5.
462 1309 690 1364 Humilia
720 1311 777 1362 in
803 1325 1012 1363 sacram
1040 1308 1395 1374 Pentecosten,
1434 1308 1619 1363 itidem
1650 1307 1873 1372 inedita,
1902 1321 2064 1376 quam
2096 1322 2202 1361 una
2227 1321 2352 1360 cum
2382 1307 2468 1360 illa
2491 1307 2546 1360 in
2569 1305 2764 1362 Jobutn
2794 1307 2957 1361 edere
2978 1307 3148 1362 voluit
3173 1309 3397 1365 Allatius
3420 1309 3561 1365 libro

306 1413 630 1485 Συμμίκτων
661 1421 833 1467 sexto.
866 1411 1062 1483 lncipit
1095 1430 1108 1465 :
1142 1411 1352 1483 Ὠσπερ
1383 1412 1434 1463 οἱ
1459 1411 1599 1464 κατὰ
1626 1411 1729 1481 γῆν
1746 1411 1882 1482 βασιῖ

1977 1428 2137 1475 avrae.
2170 1409 2255 1484 [In
2280 1409 2400 1466 cod.
2430 1410 2674 1476 Barocc.,
2701 1427 2758 1464 n.
2788 1426 2997 1467 cuxtv.
3031 1411 3194 1466 FABR.
3230 1442 3301 1453 ——
3324 1412 3382 1467 In
3431 1414 3553 1471 cod.

301 1516 477 1573 Paris.
508 1533 669 1581 nunc,
707 1517 843 1583 n.1,
882 1514 1021 1571 Bibl.
1040 1516 1191 1587 publ.
1219 1516 1403 1571 Basilii
1438 1515 1653 1572 Selene.
1686 1515 1929 1571 llomilia
1956 1515 2012 1569 in
2046 1514 2404 1571 Pentecosten
2435 1514 2568 1569 etin
2595 1490 2811 1570 Jobum.
2841 1517 3040 1571 Acced.
3076 1517 3238 1571 variae
3266 1516 3549 1572 lectiones.

308 1620 514 1677 Citatur
542 1633 599 1678 et
636 1622 819 1677 Basilii
851 1622 1068 1678 Selene.
1131 1631 1269 1678 orat.
1335 1624 1392 1678 in
1466 1623 1816 1679 Pentecostes
1854 1621 1884 1677 17

1983 1637 2057 1676 im
2111 1619 2276 1687 diem,
2335 1618 2755 1690 quaeincipit:
2816 1620 3003 1674 Πυκνὰ
3066 1621 3168 1692 μὲν
3233 1623 3387 1692 ἡμῖν,
3446 1621 3559 1675 ἀλλ’

308 1729 582 1800 ὲπωφελῆ.
615 1729 785 1784 ΒΑΜ..

378 1832 431 1887 5.
472 1831 672 1886 Basilio
707 1831 1043 1888 Seleuciensi
1070 1832 1243 1888 etiam
1286 1831 1542 1889 tribuitur
1593 1834 1651 1887 in
1697 1830 2022 1903 quibusdam
2050 1830 2333 1887 codicibus
2365 1842 2500 1884 mss.
2533 1827 2757 1884 homilia
2795 1827 3075 1883 Athanasii
3103 1828 3158 1883 in
3186 1828 3245 1883 S.
3272 1827 3476 1884 Pascha
3512 1839 3566 1883 et

308 1932 364 1988 in
389 1950 581 1991 recens
602 1936 924 2006 baptizatos,
958 1951 1081 2007 quas
1109 1936 1297 2006 incipit
1321 1954 1337 1993 :
1369 1934 1604 2007 Χριστὸς
1627 1935 1872 2006 ἐγερθεὶς

1998 1933 2225 2006 νεκρῶν.
2257 1934 2513 2004 Idemque
2544 1933 2786 2003 ejusdem
2818 1932 3104 1987 Athanasii
3142 1932 3290 1988 edita
3322 1933 3562 1998 nomine,

308 2040 477 2095 altera
508 2040 575 2095 In
601 2038 794 2096 Christi
818 2041 1249 2110 assumptionem,
1278 2055 1399 2110 qua:
1438 2041 1457 2109 (
1484 2040 1619 2112 stylo
1648 2040 1940 2103 lloridiore,
1963 2054 2127 2109 quam
2152 2053 2261 2110 quo
2284 2039 2456 2095 utitur
2486 2039 2815 2093 Athanasius
2833 2079 2849 2105 ,
2889 2037 3190 2109 concepta)
3227 2038 3418 2111 incipit
3448 2058 3464 2094 :
3503 2039 3568 2091 'H

316 2145 412 2213 μὲν
438 2146 540 2214 τῆς
572 2144 923 2208 ἀναστάσεως
955 2145 1167 2216 μνήμη.
1198 2143 1453 2199 Testatur
1481 2143 1669 2214 id,qui
1702 2151 1892 2200 utramt

1986 2176 1988 2195 ι
2019 2148 2207 2206 Graece
2232 2158 2288 2205 et
2314 2149 2504 2205 Latine
2532 2160 2790 2221 tanquam
2826 2148 3108 2204 Athanasii
3128 2148 3300 2204 edidit
3325 2148 3562 2205 Combe-

304 2246 492 2311 ﬁsius,
529 2256 659 2306 tom.
701 2246 744 2301 ll
782 2249 1015 2304 Auctarii
1045 2263 1198 2315 nom,
1224 2263 1353 2320 pag.
1404 2247 1655 2314 539-551,
1694 2247 1897 2314 Paris.,
1939 2250 2094 2316 1648,
2152 2250 2247 2307 fol.
2302 2251 2464 2307 Fusa.
2501 2251 2713 2308 Citatur
2772 2262 2829 2307 et
2878 2251 3123 2313 bomilia,
3175 2267 3297 2321 quae
3331 2251 3517 2322 incipit
3552 2271 3565 2307 :

317 2352 556 2425 Χριστὸς
580 2351 825 2424 ἐγερθεὶς
848 2355 912 2407 ὲκ
941 2354 1166 2426 νεκρῶν.
1196 2353 1332 2408 Item
1366 2351 1548 2409 Basilii
1577 2353 1687 2408 Sel.
1714 2363 1853 2409 orat.
1880 2355 1893 2410 l

1989 2354 2221 2407 l‘homam
2246 2354 2561 2424 apostolum,
2592 2361 2648 2409 et
2677 2354 2779 2408 alia
2824 2355 2879 2408 in
2923 2354 3179 2410 eumdem
3235 2353 3565 2424 apostolum,

316 2458 477 2527 cujus
514 2462 600 2510 est
633 2455 846 2510 initium
874 2475 889 2511 :
930 2456 987 2510 Ὀ
1020 2457 1116 2528 μὲν
1153 2455 1380 2520 παλαιὸς
1406 2455 1708 2528 ἀνθρώπων
1739 2457 1872 2529 βίος.

1992 2473 2090 2527 que
2128 2458 2184 2511 in
2214 2456 2334 2511 cod.
2368 2471 2544 2520 cxcnx,
2574 2465 2657 2511 est
2695 2472 2751 2511 n.
2783 2458 2839 2520 2,
2869 2457 3053 2513 Basilii
3106 2458 3218 2514 Sel.
3247 2457 3466 2513 homilia
3516 2459 3568 2511 in

318 2559 531 2615 laudem
559 2556 617 2614 S.
654 2557 857 2613 Thom
893 2558 1137 2629 apostoli,
1159 2567 1217 2614 et
1243 2574 1299 2615 η.
1340 2559 1374 2614 5
1397 2559 1643 2630 ejusdem
1674 2560 1824 2616 hom.
1856 2560 1920 2617 In
1954 2562 2164 2618 laudem
2196 2560 2254 2617 S.
2285 2561 2507 2616 Andrei:
2528 2561 2774 2631 apostoli.
2831 2593 2900 2603 —
2921 2562 2985 2618 In
3033 2565 3149 2619 cod.
3185 2579 3410 2629 uenus,
3430 2580 3488 2617 η.
3512 2563 3567 2627 8,

310 2663 563 2735 ejusdem
593 2662 742 2718 hom.
781 2662 847 2718 In
879 2663 1360 2737 quadragesimum.
1391 2662 1561 2721 Han.
