3990 6160
413 310 481 372 ai
1450 297 1756 375 CLAUDII
1800 296 2213 384 DAU‘S‘QUEII
2250 310 2671 372 PREFATIO.
3617 288 3703 371 it

415 427 612 491 evecti,
648 422 743 483 aut
773 409 825 483 in
856 412 1036 486 mé’dio
1062 440 1335 495 curarum,
1379 427 1829 501 negotiorumque
1869 438 2002 483 aestu
2032 427 2242 499 agentis
2279 426 2454 482 virtus
2499 427 2745 488 evanuit,
2794 432 2860 481 ut
2882 412 3136 496 stirpium
3165 425 3525 496 quarumdam
3579 424 3693 484 vis.

418 534 540 587 qua:
580 518 634 573 in
683 518 922 576 alienum
950 523 1226 591 translatae
1254 523 1430 578 solum
1468 520 1822 592 degenerant.
1863 522 2166 591 Episcopus
2196 526 2334 582 erat,
2366 518 2738 590 gravissimam
2770 533 3058 589 personam
3107 519 3413 576 sustinebat
3445 536 3458 572 :
3490 531 3695 570 verum

419 607 743 664 industriam
774 611 935 667 latius
975 612 1137 668 etiam
1165 612 1472 683 explicavit.
1504 612 1756 668 llzeretici
1787 598 2087 667 Ecclesiam
2130 610 2223 665 Dei
2268 609 2687 675 succutiebant;
2724 624 2793 665 ne
2841 600 3231 677 labefacerent,
3278 612 3493 667 obviam
3543 609 3695 663 itum

419 710 522 764 est,
556 710 606 756 et
639 701 1041 759 Chalcedonem
1070 705 1351 776 eOngressi
1380 710 1510 760 sunt
1543 699 1763 760 centum
1798 701 2192 775 quinquaginta
2227 701 2467 772 episc‘dpi
2494 700 2587 771 (ὁ).
2625 699 2762 756 Cum
2794 702 2990 771 primis
3024 702 3181 757 affuit
3208 712 3265 758 et
3295 704 3412 773 ipse
3450 696 3700 756 Basilius

420 793 685 848 Seleucizn
710 795 928 852 l‘saurite.
952 797 1260 868 episcOpus,
1292 799 1480 869 synodi
1504 789 1737 853 Nicaenzc
1764 803 1883 850 acta
1905 794 2189 851 sententia:
2215 795 2455 849 dictione
2476 794 2870 858 corroboravit,
2907 794 3226 849 Dioscorum
3258 795 3379 851 tldei
3413 796 3692 850 vomicam

421 885 579 949 dolis,
621 873 897 956 impietate
924 884 979 943 et
1014 880 1222 944 armata
1270 906 1433 944 manu
1467 891 1520 944 in
1551 892 1787 960 optimos
1827 903 2074 960 quosque
2100 896 2445 958 grassantem
2477 886 2674 941 collato
2700 901 2730 939 a
2760 900 2820 939 se
2872 885 3118 940 subsidio
3155 886 3445 957 confregit.
3493 884 3691 940 Revo-

426 978 585 1033 eabat
623 974 680 1037 se
708 963 773 1035 ad
808 980 1045 1052 propria,
1073 973 1129 1040 et
1152 1001 1374 1057 gregem
1414 986 1583 1042 verbo
1610 985 1936 1041 recumbat?
1970 984 2024 1040 id
2054 983 2265 1054 agebat,
2299 984 2367 1037 ad
2390 983 2535 1052 quod
2572 988 2765 1036 natus.
2805 979 3004 1035 Testes
3042 987 3171 1036 sunt
3200 980 3570 1052 pulcherrima
3597 978 3694 1033 illa

424 1078 589 1139 atque
628 1090 791 1129 aurea
821 1077 1042 1147 scripta,
1072 1080 1193 1148 quae
1221 1080 1430 1135 diutule
1462 1080 1530 1134 ab
1562 1079 1845 1134 heminam
1865 1079 2043 1134 oculis
2075 1076 2336 1148 seposita,
2378 1082 2435 1129 et
2464 1074 2817 1146 semis‘epulta
2852 1075 2996 1131 male
3021 1075 3309 1145 ja'cuerunt
3330 1091 3349 1141 ;.
3377 1072 3602 1144 quibus,
3632 1071 3694 1126 ni

424 1159 601 1226 fallor,

634 1262 812 1351 iiIuLjus
840 1281 905 1335 ab
938 1274 1196 1355 exsequiis
1226 1286 1416 1339 7101mm
1448 1287 1501 1340 iu
1534 1303 1627 1339 ora
1658 1269 1815 1340 venit.

425 1388 596 1454 Quem
626 1394 781 1448 enim
808 1395 1018 1462 florem,
1052 1398 1148 1453 aut
1175 1399 1319 1468 quod
1349 1399 1533 1454 lumen
1582 1398 1909 1466 eloquentia:
1948 1400 2059 1453 no‘n
2087 1382 2339 1454 habent?
2357 1394 2488 1465 Quis
2526 1381 2695 1459 dicat,
2743 1383 2941 1467 quibus
2977 1384 3251 1454 coloribus
3277 1378 3471 1451 Noemi
3502 1411 3692 1451 arcam

427 1485 706 1556 cntingat,
736 1494 839 1544 aut
869 1490 1105 1543 hiemem
1137 1484 1303 1552 illam,
1336 1498 1457 1561 quae
1497 1491 1749 1546 letalibus
1790 1491 1952 1545 undis
1986 1492 2173 1546 orbem
2218 1491 2534 1546 universum
2566 1491 2787 1547 obruit?
2820 1490 3115 1545 Abrahami
3143 1488 3581 1560 prudentiamne,
3617 1504 3698 1542 an

431 1570 875 1634 mutatis-ﬁniam
906 1582 1256 1651 obscquelam
1296 1578 1539 1637 vixaci'u's
1583 1582 1839 1643 delineet,
1878 1581 1933 1635 in
1961 1582 2212 1652 ambiguo
2249 1589 2350 1635 est.
2392 1580 2732 1636 Pertinacem
2777 1580 2908 1635 Elite
2946 1579 3145 1640 zelum,
3179 1587 3236 1634 et
3268 1578 3519 1633 ardorem
3572 1595 3695 1634 non

432 1660 595 1753 reti-ri
617 1687 630 1731 ;
653 1668 883 1753 ipsemet
911 1674 1067 1743 gerit,
1087 1675 1318 1743 ipsemet
1341 1676 1661 1745 prophetam
1677 1674 1742 1727 ad
1761 1674 2155 1727 humanitatem
2175 1682 2471 1742 retorquet.
2488 1660 2624 1727 Tam
2642 1674 2699 1727 in
2719 1672 3014 1743 quamlibet
3039 1679 3247 1741 partem
3266 1670 3582 1725 c'ommodus
3599 1670 3693 1723 in-

430 1750 640 1815 cumbit
661 1765 673 1816 ἶ
696 1743 852 1818 domn
879 1782 1039 1820 casus
1061 1766 1250 1829 \a'r'ios,
1274 1767 1645 1822 innocentimn
1684 1768 1986 1837 pm-llorum
2013 1768 2376 1821 miserabilem
2412 1766 2682 1837 simulque
2707 1766 2981 1821 letabilem
3004 1773 3203 1819 sortem
3215 1764 3323 1818 nun
3347 1763 3551 1831 scribit,
3573 1778 3691 1818 non

432 1852 723 1916 denarrat;
756 1852 984 1925 spectat;
1027 1866 1082 1909 et
1110 1873 1210 1911 nos
1240 1867 1485 1927 Spectare
1527 1857 1671 1909 facit.
1709 1855 1962 1909 Doctrina
1992 1857 2111 1924 ejus
2136 1856 2204 1910 de
2245 1855 2496 1910 abstruso
2537 1856 2718 1923 aliquo
2752 1854 3023 1913 veritatis.
3050 1858 3112 1908 ac
3138 1852 3473 1923 theOgnosiae
3498 1868 3694 1922 prom-

436 1945 651 2013 ptuario
694 1932 884 2001 hausta
918 1942 1021 2009 est,
1057 1957 1167 2002 tota
1203 1950 1435 2013 sincera,
1470 1958 1525 2002 et
1551 1947 1776 2017 liquida,
1813 1956 1921 2002 tota
1965 1948 2135 2002 recta.
2163 1946 2337 2012 Unde,
2370 1955 2427 2001 et
2462 1962 2559 2001 cur
2589 1938 2751 2009 Deus,
2782 1946 2970 2001 mundi
3002 1945 3168 2000 totius
3188 1959 3312 1999 cum
3347 1944 3418 1998 sit
3448 1943 3695 1999 aedifica;

439 2048 542 2100 lor,
571 2036 758 2091 nitt'uli
785 2040 840 2092 et
869 2040 1133 2095 immundi
1163 2042 1412 2095 animalis
1438 2040 1728 2096 discrimen
1760 2032 2026 2095 invexerit
2055 2056 2073 2104 ς
2110 2042 2207 2093 cur
2238 2030 2467 2093 Cainum
2499 2038 2613 2092 tolli
2642 2038 2897 2100 noluerit,
2935 2039 3124 2092 dextre
3155 2035 3349 2103 aperit.
3389 2035 3460 2090 Ut
3487 2025 3671 2106 angeli

438 2130 557 2181 sine
593 2132 821 2195 corpore
849 2131 978 2207 sint,
1015 2140 1179 2201 utque.
1207 2129 1445 2186 molliori
1474 2130 1625 2207 sexui
1657 2115 2003 2201 nequiverint
2027 2130 2254 2194 adulari,
2280 2144 2412 2184 sane
2438 2129 2599 2184 docet
2632 2133 2650 2184 ἑ
2674 2130 2774 2185 etsi
2802 2131 3046 2200 plerique
3069 2139 3313 2185 veterum
3337 2126 3692 2182 dissentiant.

437 2220 557 2283 Quo
598 2218 828 2274 consilio
858 2206 1264 2276 Philistinorum
1296 2223 1558 2293 przeputia
1589 2206 1845 2276 Davidem
1881 2220 2008 2274 Saul
2042 2214 2376 2290 pop‘oscerit,
2408 2232 2520 2274 non
2553 2219 2756 2290 capita,
2796 2226 2904 2273 n'on
2936 2220 3067 2289 quid
3114 2219 3279 2283 aliud,
3321 2216 3488 2287 digito
3531 2231 3693 2270 mon-

438 2324 590 2367 strat.
627 2316 794 2369 Mater
827 2316 1057 2371 filiorum
1078 2317 1330 2372 Zebedzci
1365 2317 1432 2372 de
1460 2319 1640 2377 cruee;
1686 2316 1755 2371 ‘de
1782 2320 1982 2381 mbrte,
2015 2314 2084 2369 de
2111 2312 2551 2384 exquisitissimis
2594 2313 2909 2386 ignominiis
2939 2313 3237 2368 sdbetindis
3265 2311 3540 2368 Christum
3579 2310 3698 2365 dis-

440 2412 711 2461 serrlal'mn
740 2409 910 2473 audit,
931 2419 985 2464 et
1012 2427 1234 2482 magnas
1261 2413 1329 2466 de
1355 2412 1522 2482 regno
1561 2422 1687 2480 spes
1720 2409 1978 2478 concipit.
2016 2408 2167 2464 Unde
2202 2409 2307 2471 illa:
2333 2404 2494 2478 spes?
2530 2406 2762 2464 Basilius
2806 2400 3222 2464 fundamentum
3250 2405 3487 2477 subiicit.
3522 2403 3695 2461 Filius

438 2500 545 2550 non
584 2496 766 2551 iniens
797 2500 959 2568 quam
992 2501 1148 2554 Pater
1177 2499 1263 2555 est
1284 2495 1874 2570 ‘omnipotentissimus,
1913 2508 1968 2552 et
1996 2497 2097 2552 sibi
2138 2494 2461 2568 potestatein
2490 2497 2674 2553 adimit
2706 2514 2993 2570 germanos
3023 2499 3141 2553 ilios
3169 2497 3237 2552 ad
3282 2497 3458 2552 Patris
3496 2496 3693 2550 dentes

439 2600 551 2641 ram
584 2584 637 2642 et
669 2582 945 2643 sinistram
988 2585 1290 2645 collocandi
1336 2611 1348 2644 :
1385 2572 1769 2667 perplcsabilis
1810 2588 2005 2645 oratio.
2045 2588 2149 2642 nisi
2180 2573 2410 2643 Basilius
2449 2588 2583 2644 scite
2612 2590 2902 2645 admodum
2931 2590 3211 2645 enodaret.
3239 2589 3457 2644 Daemon
3489 2586 3694 2657 excipit

439 2678 629 2761 vd'ccin
654 2682 780 2759 cum
811 2682 1040 2736 ostentis
1067 2667 1206 2738 cazlo
1233 2682 1454 2736 missam
1485 2700 1502 2735 :
1526 2683 1625 2735 Hic
1655 2690 1732 2736 est
1770 2680 1949 2735 Filius
1975 2688 2116 2736 'meas
2149 2682 2214 2753 (‘)
2234 2723 2248 2747 ,
2282 2692 2338 2737 et
2365 2683 2579 2754 ignorat
2599 2684 2874 2739 Christum
2903 2699 3023 2740 esse
3049 2668 3256 2738 Deum:
3287 2690 3464 2748 acute,
3496 2690 3552 2736 ut
3584 2687 3696 2736 cte-

442 2778 579 2829 tera.
621 2775 724 2830 hoc
760 2776 850 2831 ille
877 2778 1115 2848 expedit.
1150 2776 1367 2832 Petrum
1386 2792 1576 2831 amore
1604 2778 1816 2831 ebrium
1848 2776 2013 2847 gradu
2048 2777 2368 2833 titubantem
2392 2788 2582 2834 onerat
2609 2778 2824 2834 Satanze
2852 2775 3164 2833 maledictio
3188 2769 3202 2845 ᾖ
3236 2772 3430 2832 ludam
3452 2788 3694 2837 osorem,

442 2876 499 2919 et
530 2866 900 2936 conspiratum
924 2870 1376 2941 coniuratumque
1404 2871 1615 2925 hostem
1641 2869 1836 2926 blande
1879 2860 1935 2923 et
1955 2870 2129 2925 amice
2158 2856 2449 2940 compellat
2477 2890 2489 2926 :
2524 2872 2599 2926 ita
2618 2872 2960 2943 prae'Ceptorc
2995 2855 3190 2925 Basilio
3221 2886 3319 2940 par
3340 2868 3446 2928 fuit
3470 2876 3692 2923 utrum-

442 2958 550 3026 que
581 2959 873 3014 nominari.
913 2960 1161 3032 Denique
1191 2962 1465 3018 uberrima
1499 2964 1605 3028 est,
1633 2980 1695 3019 ac
1725 2960 1998 3019 laetissima
2026 2965 2189 3020 varias
2233 2950 2556 3022 eruditionis
2584 2966 2781 3021 messis
2814 2966 2868 3020 in
2899 2966 2983 3022 his
3021 2948 3202 3020 Basilii
3228 2963 3465 3033 scriptis,
3492 2977 3599 3032 qua
3628 2953 3704 3017 ad

447 3049 669 3118 veteris,
703 3055 807 3123 qua
838 3055 903 3109 ad
930 3056 1085 3111 novas
1116 3057 1251 3129 legis
1274 3050 1450 3128 capita
1480 3056 1799 3130 exponenda
1828 3059 2069 3114 animum
2101 3063 2348 3131 appellit.
2381 3061 2873 3119 Verumcnimvero
2901 3064 3143 3134 linguam
3171 3063 3298 3133 ejus
3319 3058 3702 3134 ignorantibus

447 3144 688 3216 peropus
710 3156 854 3202 esset
874 3148 1162 3203 commodo
1183 3149 1366 3219 aliquo
1390 3151 1709 3221 interprete,
1731 3154 1820 3222 qui
1853 3154 2060 3221 vinum,
2096 3155 2187 3224 qui
2217 3164 2404 3208 nectar
2425 3156 2771 3225 propinaret;
2803 3172 2873 3212 ne
2899 3156 2941 3210 si
2971 3156 3092 3225 quis
3118 3155 3255 3210 alius
3275 3154 3578 3219 accederet,
3604 3152 3702 3206 τὸν

447 3239 614 3318 Οἰνέςκ
648 3242 773 3308 ποιῇ
818 3239 1023 3308 "qua,
1054 3257 1125 3296 ne
1150 3242 1471 3297 suavissima
1512 3253 1617 3299 tam
1644 3260 1781 3300 rarae
1806 3247 2128 3317 cloquentize
2162 3248 2362 3303 ﬂuenta
2394 3264 2553 3303 corno
2578 3249 2840 3304 turbaret.
2861 3251 2974 3320 Ego
2996 3265 3125 3304 vero
3154 3249 3248 3319 qui
3276 3263 3375 3319 per
3408 3247 3697 3302 infantiam

451 3326 703 3386 videbam
736 3328 1055 3388 necessario
1084 3335 1345 3388 nOnnulla
1377 3335 1444 3390 de.
1467 3335 1665 3389 Basilio
1697 3336 1949 3393 dictionis
1980 3349 2299 3395 ornamenta
2317 3341 2673 3406 detrahenda,
2707 3349 2763 3396 et
2792 3343 3020 3412 sparsim
3043 3342 3259 3397 laudem
3288 3341 3409 3410 ejus
3438 3340 3702 3409 aliquam,

448 3413 511 3478 at
541 3423 618 3487 lit,
644 3422 1052 3495 interpretando
1084 3425 1436 3481 deterendam
1471 3446 1483 3481 :
1519 3429 1753 3497 primum
1797 3430 2154 3501 circumspexi
2187 3432 2291 3501 qua
2321 3432 2628 3487 Latinitatis
2653 3435 2893 3503 pomeria
2933 3433 3394 3495 diﬂ‘underentur,
3441 3440 3497 3485 et
3529 3431 3705 3500 majoo

445 3509 564 3568 rem
591 3515 853 3569 ambitum
894 3512 1155 3603 comperi,
1188 3530 1351 3585 quam
1378 3517 1623 3588 plerique
1650 3520 2199 3590 circumscripserint,
2231 3536 2334 3577 nec
2361 3521 2487 3577 inde
2518 3523 2753 3577 versioni
2784 3524 3096 3593 adjumenta
3121 3523 3446 3592 conquirere
3475 3529 3708 3577 cunctas

447 3598 543 3665 tus
576 3606 729 3674 sum;
760 3610 843 3664 vel
875 3619 935 3665 ut
963 3598 1272 3666 Grazcarum
1300 3627 1496 3665 vocum
1544 3613 1766 3683 pondus'
1786 3628 2085 3684 :eqnarem,
2126 3615 2211 3670 vel
2243 3626 2311 3670 ut,
2334 3616 2510 3671 Latini
2544 3618 2642 3671 soli
2672 3618 2890 3673 divitias
2919 3619 3210 3689 aperirem.
3241 3619 3414 3684 Quam
3442 3617 3703 3673 insistens

451 3702 598 3759 ﬁam
629 3705 753 3759 dedi
786 3703 1034 3775 operam,
1072 3714 1131 3760 ut
1155 3706 1485 3761 sententiam
1530 3709 1910 3777 acqhilibri‘tate
1940 3710 2301 3764 examinatam
2347 3710 2726 3781 rependerem.
2756 3706 3039 3782 Siquidem
3072 3720 3158 3767 res
3191 3708 3330 3777 allze,
3380 3719 3544 3781 atque
3583 3710 3704 3765 aliae

451 3794 556 3852 sub
593 3798 710 3853 aliis
738 3807 900 3868 atque
934 3796 1052 3853 aliis
1092 3800 1372 3855 vocabulis
1400 3799 1758 3865 delitescunt;
1790 3807 1893 3856 nec
1921 3800 2196 3856 immerito
2227 3802 2359 3857 illud
2381 3820 2410 3857 a
2440 3804 2853 3873 su‘a’viloqt‘tente
2880 3800 3106 3859 Platone
3137 3804 3415 3860 decretum
3448 3810 3532 3857 est
3561 3820 3575 3857 :
3606 3801 3705 3864 ⁸ος

451 3886 522 3945 tu
548 3893 663 3964 εἰδῇ
694 3894 760 3948 τὰ
780 3893 1046 3964 ὀνόματα,
1076 3892 1283 3947 εἴσεταί
1306 3905 1423 3956 πως
1448 3892 1547 3946 ita).
1570 3888 1636 3945 ea
1669 3891 1990 3963 πράγμὰτα.
2015 3891 2027 3946 ]

2127 3907 2206 3961 [ue
2235 3893 2385 3947 vocis
2408 3886 2660 3962 alicujus,
2688 3894 2785 3948 sed
2813 3893 3106 3948 dimidiatae
3131 3894 3393 3948 duntaxat
3420 3892 3569 3947 vocis
3601 3893 3703 3947 im-

447 3984 773 4067 i'tiiitatioric,
806 3997 897 4045 ant
938 3988 1156 4060 syllabae
1188 3986 1548 4044 maximorum
1582 3986 1921 4058 quoruque
1951 3988 2263 4060 dogmatum
2296 3997 2575 4043 momenta
2604 3994 2912 4044 vertuntur.
2952 3987 3199 4043 llaeretici
3226 3986 3473 4042 nonnulli
3497 3981 3557 4039 Β.
3589 3983 3703 4038 Ma-

450 4079 587 4138 nam
608 4074 973 4152 Xpu-mtdxov
992 4082 1381 4153 appellitabant
1402 4097 1417 4148 ;
1463 4080 1726 4136 Catholici
1750 4080 2026 4142 Gaetdxov,

2126 4080 2488 4150 byevvﬁvopa,
2520 4088 2576 4135 et
2598 4078 2904 4135 consultius
2933 4079 3254 4150 Θεομήτορα
3283 4096 3297 4132 :
3323 4077 3523 4132 Filium
3554 4074 3702 4130 Patri

454 4173 859 4231 éitntendcbant
885 4175 1171 4246 ὁμοούσιον
1211 4174 1543 4239 orthodoxi;
1589 4174 1896 4244 ὁμοιούσιοιν
1933 4190 2030 4244 par

2124 4174 2195 4227 rii.
2235 4173 2572 4229 Salvatorem
2613 4178 2862 4228 nostrum
2896 4187 3007 4225 non
3037 4172 3261 4227 defuere
3286 4173 3378 4241 qui
3407 4170 3700 4234 Chrestum,

454 4278 565 4322 non
590 4267 879 4330 Christum,
914 4266 1286 4320 nominarent:
1318 4265 1477 4330 Quod
1508 4266 1550 4319 si
1588 4265 1724 4320 Novi
1762 4265 2096 4321 Testamenti
2136 4260 2425 4335 interpres,
2463 4265 2607 4335 quod
2639 4272 2753 4319 erat
2786 4265 2841 4319 in
2875 4264 3083 4330 Graeco,
3138 4249 3474 4333 καλσῦμενον
3499 4256 3705 4335 Πέτρον

453 4358 731 4423 vertisset,
764 4357 865 4422 Qui
895 4358 1183 4413 vocabatur
1215 4355 1426 4418 Petrus,
1459 4356 1738 4411 abiisset'a
1769 4372 1901 4411 vero
1932 4374 1945 4410 :
1984 4357 2115 4411 dum
2147 4358 2330 4424 vertit,
2359 4357 2462 4423 Qui
2492 4358 2732 4421 vocatur,
2761 4373 2976 4427 mquam
3009 4356 3166 4422 fecit;
3191 4360 3356 4411 causa
3383 4356 3574 4425 liquet.
3596 4355 3708 4410 Nec

455 4450 755 4522 quidquam
786 4448 1001 4505 facilius
1036 4449 1180 4505 factu
1210 4457 1354 4504 este
1380 4447 1569 4504 Graeco
1613 4446 1803 4502 Latine
1845 4447 2103 4514 vertenti,
2138 4464 2298 4518 quam
2327 4448 2639 4519 longissime
2670 4463 2700 4502 a
2735 4448 2982 4511 veritate,
3031 4456 3192 4517 atque
3227 4446 3295 4501 ab
3343 4444 3581 4501 auctoris
3628 4443 3708 4496 ire

455 4545 755 4608 aementia,
789 4544 834 4599 si
884 4558 1073 4600 vocem
1124 4543 1359 4611 aliquam
1400 4540 1617 4610 reponit
1658 4540 1917 4609 iniquius.
1942 4539 2097 4607 Quod
2138 4556 2249 4596 non
2286 4556 2352 4595 eo
2382 4544 2582 4606 statuo,
2620 4541 2764 4611 quot]
2800 4541 3100 4595 orationem
3132 4540 3380 4595 Graecam
3411 4537 3467 4591 in
3500 4534 3705 4591 Italiam

456 4638 558 4707 per
591 4636 923 4698 “maeandros.
959 4645 1017 4691 et
1041 4636 1297 4705 ambages
1326 4633 1486 4688 velim
1535 4634 1833 4697 transvehi,
1874 4649 1937 4689 ac
1974 4630 2255 4705 multiplici
2301 4634 2590 4689 verborum
2621 4633 2996 4705 aggregatione
3024 4632 3271 4688 Griecum
3303 4645 3473 4685 unum
3500 4626 3657 4684 obrui
3691 4643 3704 4680 :

458 4728 557 4783 sed
594 4728 795 4783 abdita:
816 4727 1117 4783 dictionum
1149 4726 1294 4781 vires
1320 4725 1626 4780 scrutanda:
1648 4723 1867 4790 s'uut,et
1896 4732 1926 4779 a'
1943 4725 2179 4797 propriis
2207 4726 2395 4781 ea'rmn
2418 4724 2721 4780 visceribus
2753 4722 3018 4778 versionis
3045 4721 3382 4792 aequabilitas
3402 4715 3707 4774 statuenda.

457 4819 652 4891 Neque
699 4822 833 4875 v'ero
872 4812 1202 4891 defugienda
1226 4819 1462 4884 novitas,
1494 4819 1585 4874 ubi
1621 4820 1796 4890 prisca
1831 4819 2122 4887 defuerint,
2172 4820 2241 4876 de
2274 4828 2521 4874 veterum
2567 4816 2882 4871 Latinorum
2924 4815 3191 4884 exemplo,
3228 4822 3283 4868 et
3323 4809 3708 4883 praeceptione.

459 4903 668 4970 Gmnes
697 4916 849 4970 enim
875 4915 1123 4973 scientia
1144 4929 1256 4971 non
1286 4914 1461 4970 solum
1488 4918 1523 4968 'e
1544 4915 1816 4970 communi
1849 4931 1973 4980 usu,
2003 4929 2070 4969 ac
2095 4913 2439 4984 possessione
2467 4911 2758 4966 ve‘rb’oro‘m
2784 4911 2952 4965 multa
2978 4909 3393 4964 retraxeruntin
3413 4905 3711 4961 domestica

467 5009 781 5070 «Mmoda.
810 5024 934 5078 quae
966 5008 1019 5063 in
1047 5009 1262 5080 peculio
1292 5017 1604 5075 numerant,
1631 5008 1727 5063 sed
1763 5016 2029 5077 praeterea
2056 5006 2229 5060 multa
2259 5005 2328 5060 de
2365 5019 2508 5059 novo
2549 5004 2923 5074 procuderunt
2964 5000 3274 5056 necessitati
3306 5005 3709 5053 succurrentes.

462 5084 579 5162 Nec
609 5103 664 5159 id
696 5102 773 5156 ita
802 5101 1044 5169 disputo,
1087 5099 1233 5170 quod
1268 5099 1498 5154 Ποιηθηί
1546 5097 1815 5153 sermonis
1858 5097 2112 5152 incudem
2158 5109 2346 5166 parem
2398 5094 2627 5149 tundere
2665 5110 2679 5149 :
2722 5107 2908 5146 verum
2940 5091 3085 5160 quod
3119 5090 3415 5145 necessitas
3454 5087 3711 5144 nonnulla

462 5194 753 5257 c'xtundat,
789 5190 992 5261 quibus
1020 5191 1112 5262 qui
1142 5190 1391 5246 modeste
1421 5190 1612 5254 utitur,
1639 5188 1730 5259 qui
1760 5188 2131 5243 Christianum
2156 5194 2214 5241 et
2241 5183 2580 5240 Catholicam
2610 5183 2677 5238 iis
2710 5196 2769 5239 se
2797 5181 3103 5252 proﬁtetur,
3136 5181 3293 5251 culpa
3328 5189 3496 5236 caret.
3536 5178 3716 5245 Quare

455 5290 732 5359 perpetuo
761 5296 864 5339 usu
893 5282 1309 5349 lncarnationis,
1335 5279 1649 5347 Saluatoris,
1681 5279 1896 5349 aliaque
1935 5277 2165 5347 paucula
2200 5273 2464 5331 voeabula
2491 5274 2728 5345 vulgavi,
2759 5286 2988 5327 securus
3017 5270 3340 5327 insanientis
3369 5270 3601 5324 aliorum
3631 5282 3717 5322 sa-

460 5377 707 5450 pientiae,
740 5374 836 5446 qui
870 5388 1030 5430 secus
1055 5372 1325 5430 fecerunt.
1378 5371 1592 5429 Pridcm
1623 5369 1775 5425 enim
1818 5368 2007 5425 imbibi
2054 5368 2288 5438 primam
2318 5363 2626 5435 interpreti,
2665 5377 2731 5419 ac
2753 5374 2924 5433 prope
2962 5360 3177 5416 unicam
3224 5361 3348 5416 ﬁdei
3372 5374 3566 5415 curam
3594 5366 3717 5414 esse

532 5550 552 5585 ‘
582 5531 777 5606 Matth.
814 5562 902 5613 nt,
939 5530 1024 5601 ΓΙ.

524 5673 609 5760 (tu)
644 5680 784 5739 Vide
816 5680 978 5738 Conc.
1011 5682 1445 5751 Chalcedona“,
1477 5689 1584 5738 act.
1615 5682 1704 5737 l8.
