3990 6160
523 367 594 434 43
1713 367 1990 430 BASILII
2030 365 2566 431 SELEUCI‘ENSIS
3697 367 3764 431 41

529 499 647 539 rum
683 485 862 547 homo.
889 482 1030 552 quod
1061 481 1417 537 lormabatur.
1459 481 1570 538 Illic
1610 486 1861 538 dicebat:
1893 483 2086 538 Facia-

2189 487 2358 554 ἔλεγε*
2375 484 2723 553 Ποιήσωμεν
2743 483 3056 549 ἄνθρωπον
3074 484 3197 536 κατ’
3217 483 3426 536 -εικόνα
3472 484 3764 552 ἡμετέραν

528 589 644 627 mus
691 572 951 627 hominem
999 575 1068 627 ad
1121 573 1399 641 imaginem
1443 582 1489 626 et
1535 573 1934 628 similitudinem
1992 592 2088 628 no-

532 674 700 718 stram
738 665 819 729 ¹⁶;
870 664 962 719 hic
1009 679 1268 734 quoque:
1329 662 1613 718 Faciamus
1667 668 1715 719 ei
1767 667 2091 736 adjutorium

525 743 696 810 simile
753 755 870 809 sibi.
938 753 1087 807 l-Iaud
1166 753 1449 808 dissimilia
1531 755 1808 808 consilia:
1877 757 2085 811 etenim

527 861 646 914 qua:
725 845 1139 909 l'orm'abantur,
1226 845 1444 912 generis
1536 845 1781 914 ejusdem
1871 857 2084 900 erant:

529 937 710 1006 ﬁgura:
768 935 1019 1002 similes,
1085 936 1232 1004 quia,
1299 935 1413 1002 pari
1483 935 1533 989 in
1598 936 1796 1004 pretio,
1864 949 1982 1004 qua:
2034 935 2092 1004 9

529 1028 745 1082 licbant.
787 1026 984 1081 lterum
1035 1026 1196 1095 igitur
1233 1025 1571 1092 deliberatio,
1612 1035 1670 1080 ut
1707 1027 1848 1094 quod
1885 1029 2087 1080 forma-

527 1120 702 1184 batur,
727 1119 779 1171 in
801 1118 1007 1172 honore
1047 1115 1436 1184 esset;a:quali
1471 1131 1594 1169 cum
1626 1115 1888 1185 dignitate
1919 1115 2090 1169 homi-

528 1225 648 1264 nem
706 1209 1082 1272 elIormemus,
1134 1221 1198 1261 ac
1245 1208 1556 1273 ﬁguremus,
1608 1205 1866 1276 aqualem
1919 1206 2089 1276 gloria

527 1317 648 1356 cum
709 1315 774 1356 eo
823 1299 1196 1370 conjugemus,
1229 1314 1296 1353 ne
1322 1299 1391 1352 sit
1419 1299 1625 1352 honore
1680 1298 1943 1353 delectior
1970 1315 2090 1352 mu-

527 1392 766 1460 llercu‘la,
795 1405 930 1446 neve
957 1404 1153 1460 genere
1185 1388 1349 1444 notho
1378 1389 1666 1444 dedecoret
1695 1404 1880 1458 opera.
1905 1387 2085 1460 IEqua

529 1500 763 1553 namque
825 1483 1066 1554 profecto
1113 1480 1246 1535 viris
1293 1489 1347 1534 et
1396 1480 1713 1534 mulieribus
1756 1489 1840 1534 est
1874 1481 2090 1548 pietatis

531 1573 692 1638 ratio,
723 1583 776 1628 et
809 1589 907 1642 par
955 1572 1172 1626 virtutis
1225 1573 1602 1625 consectandae
1648 1571 1881 1625 stadium
1936 1571 2088 1626 alteri

531 1679 652 1718 cum
693 1664 861 1718 altero
892 1672 1130 1733 apertum
1164 1658 1392 1717 est.Nec
1439 1662 1579 1716 enim
1644 1663 1856 1732 generis
1889 1663 2091 1717 discre-

535 1756 680 1810 tione
718 1755 1057 1810 lidesutitur.
1091 1755 1181 1810 Sic
1213 1753 1413 1810 Paulus
1468 1752 1684 1808 delinite
1715 1755 1908 1809 asserit
1935 1771 1948 1808 :
1980 1753 2090 1807 Ne-

537 1861 637 1917 que
664 1846 744 1899 vir
773 1849 884 1899 sine
928 1844 1151 1899 "muliere
1183 1846 1237 1898 in
1271 1843 1516 1908 Domino,
1557 1859 1718 1912 neque
1753 1843 1938 1898 mulier
1979 1844 2092 1898 sine

535 1937 645 1990 tiro
678 1937 720 1967 "
746 1975 761 2000 ,
797 1950 920 1990 cum
978 1945 1184 1990 natura:
1235 1934 1590 1990 differentiam
1654 1933 1869 1988 virtutis
1903 1949 2092 1990 cursus

533 2029 759 2084 nesciat.
789 2027 905 2081 Scit
958 2027 1012 2081 in
1072 2027 1193 2080 lidei
1244 2026 1541 2081 certamine
1579 2025 1874 2080 femineum
1925 2041 2094 2094 genus

527 2119 762 2174 viriliter
787 2133 968 2188 agere,
996 2117 1099 2172 scit
1131 2118 1182 2171 in
1228 2119 1444 2187 pictatis
1487 2119 1782 2173 certamine
1830 2133 2090 2172 coronam

527 2224 756 2278 rapere:
789 2223 1019 2278 quorum
1053 2209 1196 2264 enim
1223 2223 1405 2277 parem
1440 2209 1659 2263 molitus
1693 2219 1774 2264 cst
1815 2209 1956 2264 Dens
1978 2208 2091 2262 for-

525 2302 839 2366 mationem,
875 2301 910 2354 ii
936 2315 995 2356 se
1025 2302 1077 2355 in
1115 2315 1340 2356 cursura
1379 2301 1612 2369 relinqui
1654 2311 1810 2369 turpe
1865 2302 2087 2354 ducunt.

523 2388 658 2445 Vide
691 2389 822 2444 mihi
851 2389 1074 2444 Paulum
1117 2400 1276 2445 terrae
1308 2391 1620 2444 habitabilis
1663 2393 1840 2444 stadia
1869 2407 2093 2459 percur-

524 2489 750 2546 rentem,
781 2490 835 2534 et
875 2495 1034 2535 cursu
1061 2475 1156 2549 pro
1185 2480 1288 2533 lide
1315 2489 1566 2548 suscepto
1610 2481 1794 2532 mtmdi
1818 2483 2092 2548 angustias

523 2571 1009 2633 demonstrantem,
1067 2569 1326 2622 mulieres
1383 2568 1853 2630 adliortantem,ct
1906 2583 2090 2622 earnm

522 2677 739 2716 cursum
771 2649 1204 2730 suSpicienlem':
1241 2659 1495 2712 Evodiam
1549 2669 1693 2728 fago,
1717 2669 1764 2712 et
1797 2658 2090 2731 Syntychen

523 2757 797 2824 deprecor,
836 2763 881 2806 el
921 2763 999 2817 tu,
1032 2768 1273 2823 germane
1304 2767 1534 2819 compar,
1569 2752 1763 2818 adjut'a
1798 2751 1938 2817 illas,
1977 2768 2092 2820 qua:

525 2862 724 2900 mecum
751 2834 1118 2898 laboraverunt
1165 2843 1219 2895 in
1258 2841 1536 2910 Evangelia
1584 2858 1698 2895 cum
1731 2841 2009 2908 Clemente,
2045 2852 2091 2896 cl

525 2936 737 2990 ca'teris
764 2935 1096 3004 adjutoribus
1137 2935 1262 2985 meis
1297 2930 1360 2985 ’⁸.
1391 2932 1548 2985 \‘ides
1579 2931 1871 2986 femineum
1904 2948 2090 2986 sexum

527 3027 673 3096 tangi
700 3025 908 3078 Paulini
943 3040 1131 3079 cursus
1165 3023 1544 3078 aunulatiouc?
1574 3022 1736 3077 Vides
1767 3023 2093 3092 apostolicos

525 3117 753 3170 sudores
801 3115 853 3168 iu
910 3115 1092 3168 mundi
1176 3113 1352 3168 stadio
1401 3113 1702 3167 imitatione
1748 3113 2092 3180 exprimere?

524 3204 810 3258 Faciamus
852 3207 899 3260 ei
939 3205 1260 3274 adjutorium
1303 3203 1470 3257 simile
1508 3203 1623 3257 sibi.
1676 3203 1903 3259 Prorsus
1959 3205 2088 3259 illud

525 3296 824 3367 agnoscis:
863 3294 1171 3348 Faciamus.
1221 3294 1418 3348 Iterum
1475 3294 1633 3348 latius
1686 3295 1950 3364 explicata
1984 3311 2085 3349 vox

526 3384 825 3440 divinitatis
855 3385 1172 3455 bypostases
1221 3384 1420 3448 innuit,
1459 3383 1744 3440 Trinitatis
1809 3386 2084 3441 notionem

595 3563 640 3594 “
663 3560 798 3618 Gen.
825 3577 866 3627 t,
903 3561 996 3617 26.
1071 3561 1113 3592 "
1156 3555 1186 3614 ι’
1212 3560 1336 3616 Cor.
1363 3576 1434 3628 xi,
1469 3561 1556 3618 ll.

1653 3561 1694 3592 ¹⁸
1719 3559 1948 3632 Philipp.
1990 3577 2064 3628 tv,
2094 3560 2148 3617 2.

2191 577 2288 632 καὶ
2321 577 2451 631 καθ’
2491 577 2792 642 ὁμοίωσιν·
2829 574 3062 628 ενταῦθα
3089 573 3144 626 δὲ
3177 574 3339 628 πάλιν
3366 591 3378 605 ο
3410 575 3765 644 Ποιήσωμεν

2190 666 2350 730 αὐτῷ
2399 665 2633 729 ,βοηθὸν
2692 664 2819 716 κατ’
2877 666 3084 717 αὐτόν.
3152 663 3358 733 Ὅμοια
3407 665 3476 718 τὰ
3531 663 3758 734 βουλεύ-

2148 747 2152 756 ”
2195 771 2378 825 ματα·
2434 755 2529 807 καὶ
2592 754 2702 824 γὰρ
2750 757 2984 825 ὁμογενῆ
3039 756 3106 810 τὰ
3155 756 3536 826 πλαττόμενα·
3603 757 3764 826 ὅμοια

2190 848 2257 899 τὰ
2301 847 2584 917 σχήματα·
2652 846 2746 898 καὶ
2778 847 2884 916 γὰρ
2929 847 3166 916 ὁμότιμοι
3201 847 3268 900 τὰ
3329 847 3621 917 γενόμενα.
3651 849 3764 900 Πά-

2189 937 2273 989 λιν
2305 933 2397 990 οῦν
2436 937 2659 1006 σκέψις,
2695 939 2780 990 ἵνα
2807 939 3008 1008 τιμηθῇ
3053 937 3114 990 τὸ
3147 938 3534 1008 πλαττόμενον.
3582 940 3762 991 Ἰσοτι-

2194 1045 2292 1098 μον
2335 1029 2716 1098 διαπλάσωμεν
2767 1029 3052 1099 ἄνθρωπον
3087 1028 3220 1098 (‘25),
3251 1030 3374 1098 ίσην
3430 1029 3582 1098 αύτῷ
3623 1027 3763 1081 κατὰ

2190 1116 2289 1188 τὴν
2318 1117 2474 1182 δόξαν
2517 1118 2882 1187 σοζεύξωμεν,
2904 1119 2978 1189 μὴ
2995 1119 3264 1172 λειπέσθω
3289 1121 3430 1174 κατὰ
3459 1122 3562 1193 τὴν
3581 1112 3762 1192 ὁμοτι-

2193 1208 2325 1277 μίαν
2355 1208 2414 1260 τὸ
2451 1208 2668 1276 γύναιον
2691 1251 2704 1275 ,
2737 1210 2825 1261 ἴνα
2860 1210 2933 1279 μὴ
2977 1209 3118 1279 νόθῳ
3145 1210 3292 1276 γένει
3341 1210 3652 1284 καθυϐρίζῃ
3697 1212 3761 1265 τὰ

2190 1300 2452 1370 γινόμενα
2475 1318 2488 1331 ·
2521 1302 2632 1364 ἴσος
2664 1301 2771 1371 γὰρ
2793 1300 3008 1370 ἀληθῶς
3037 1303 3262 1373 ἀνδράσι
3311 1304 3403 1356 καὶ
3426 1303 3643 1372 γυναιξὶ
3665 1303 3762 1372 τῆς

2191 1391 2475 1454 εὐσεϐείας
2509 1394 2535 1444 ὁ
2564 1392 2842 1462 λογισμὸς,
2880 1393 2974 1446 καὶ
3003 1393 3115 1445 ἴσον
3149 1395 3205 1446 ἐν
3231 1393 3479 1464 ἀλλήλοις
3505 1396 3602 1465 τῆς
3632 1397 3760 1465 ἀρε-

2189 1483 2289 1551 τῆς
2321 1482 2380 1534 τὸ
2409 1482 2621 1535 στάδιον
2651 1483 2919 1552 ἢπλωται.
2958 1483 3035 1535 υύ
3065 1483 3174 1552 γὰρ
3217 1484 3484 1554 διακρίνει
3513 1486 3576 1538 τὸ
3606 1486 3762 1553 γένος

2190 1575 2224 1644 ἡ
2261 1572 2464 1636 πίστις.
2511 1569 2696 1636 Οὕτως
2726 1575 2755 1626 ὁ
2797 1573 3009 1636 Παῦλος
3047 1574 3338 1644 διορίζεται
3368 1575 3576 1644 λέγων·
3615 1577 3762 1629 Οὔτε

2189 1661 2343 1729 ἀνὴρ
2361 1660 2538 1729 χωρίς
2563 1662 2843 1730 γυναικὸς
2862 1661 3274 1732 (⁸2.6)ἐνΚιδοίῳ,
3305 1665 3441 1718 οὔτε
3469 1665 3623 1734 γυνὴ
3647 1683 3762 1733 χω-

2183 1750 2280 1818 ρίς
2307 1750 2544 1818 ἀνδρός·
2566 1750 2776 1819 φύσεως
2797 1750 2904 1821 γὰρ
2920 1751 3205 1821 διαφορὰν,
3230 1753 3642 1825 ἀρετῆςδρόμος
3663 1754 3762 1806 οὐκ

2121 1821 2162 1876 Β
2193 1841 2501 1897 ἐπίσταται.
2531 1837 2653 1894 υἷδε
2686 1841 2779 1895 καὶ
2811 1842 2870 1893 τὸ
2893 1842 3025 1911 θῆλυ
3054 1843 3210 1910 γένος
3241 1847 3296 1896 ἐν
3320 1848 3428 1908 τοῖς
3461 1846 3632 1915 ἀγῶσι
3663 1846 3762 1915 τῆς

2193 1934 2428 1996 πίστεως
2451 1933 2817 2004 ἀνδρίζεσθαι·
2834 1929 2970 1988 οῐδεν
2983 1935 3039 1986 ὲν
3053 1935 3109 1986 εὑ
3120 1953 3172 1987 σε
3182 1936 3330 1999 6είας
3344 1937 3630 2007 σκάμματι
3643 1938 3760 2007 (‘27)

2195 2024 2462 2095 ἁρπάζειν
2491 2023 2582 2076 τὸν
2625 2025 2886 2092 στέφανον
2907 2041 2921 2055 ·
2954 2019 3028 2078 ὧν
3072 2026 3180 2097 γὰρ
3211 2028 3306 2095 τὴν
3335 2027 3528 2082 πλάσιν
3565 2028 3764 2097 ὁμοίαν

2193 2118 2542 2187 ἐτεκτήνατο,
2604 2115 2830 2179 τούτους
2876 2116 3018 2169 κατὰ
3068 2118 3159 2170 τὸν
3201 2118 3398 2190 δρόμον
3441 2119 3763 2188 αἰσχύνεται

2191 2206 2472 2259 λείπεσθαι
2504 2205 2642 2275 (28).
2674 2204 2816 2276 Ὅρα
2850 2223 2937 2275 μοι
2970 2205 3064 2258 καὶ
3097 2205 3307 2259 Παῦλον
3340 2207 3428 2260 τὸν
3458 2208 3553 2277 τὴν
3581 2210 3764 2261 οἰκου-

2195 2299 2364 2370 μένην
2390 2297 2797 2365 σταδιεύσαντα,
2819 2301 2912 2351 καὶ
2937 2297 3013 2368 τῷ
3044 2298 3169 2369 περὶ
3202 2299 3435 2362 πίστεως
3455 2299 3640 2372 ’δρόμῳ
3672 2301 3763 2353 τὸν

2193 2389 2396 2458 κόσμον
2451 2389 2646 2459 μικρὸν
2696 2391 3055 2460 ἀποφήναντα
3093 2391 3224 2461 (‘29),
3263 2395 3521 2459 γυναῖκας
3578 2410 3763 2462 παρα-

2191 2477 2481 2542 καλοῦντα,
2532 2479 2625 2530 καὶ
2677 2479 2768 2532 τὸν
2812 2479 3009 2549 δρόμον
3060 2479 3434 2550 θαυμάζοντα·
3483 2482 3763 2536 Εὑωδίαν

2191 2565 2547 2636 παρακαλῶ,
2603 2570 2700 2622 καί
2756 2573 3072 2640 Συντύχην
3126 2573 3449 2640 παρακαλῶ
3475 2591 3488 2604 ·
3519 2575 3616 2628 καὶ
3653 2575 3757 2638 σὺ,

2193 2658 2407 2728 γνήσιε
2437 2657 2673 2728 σύζυγε,
2719 2661 3154 2730 συλλαμϐἁνου
3184 2663 3413 2728 αὐταῖς,
3449 2662 3673 2730 αἵτινες
3694 2666 3764 2716 ἐν

2191 2749 2272 2816 τῷ
2301 2752 2639 2820 Εὐαγγελίῳ
2676 2753 3080 2821 συνήθλησάν
3123 2773 3244 2823 μοι,
3275 2757 3426 2824 μετὰ
3474 2756 3572 2809 καί
3605 2755 3764 2820 Κλή-

2187 2860 2424 2913 μεντος,
2447 2844 2543 2896 καὶ
2566 2843 2684 2897 τῶν
2712 2844 2940 2897 λοιπῶν
2972 2845 3281 2914 συνεργῶν
3299 2866 3438 2916 μισυ.
3472 2848 3636 2918 Ὁρᾷς
3667 2849 3763 2900 καὶ

2191 2935 2252 2986 τὸ
2293 2934 2423 3005 θῆλυ
2466 2936 2620 3002 γένος
2667 2937 2724 2989 ὲν
2750 2939 2860 2999 τοῖς
2908 2936 3121 2989 Παύλου
3156 2937 3375 3008 δρόμοις
3409 2938 3762 3007 φιλόνεικον.

2192 3023 2289 3076 καὶ
2331 3024 2457 3087 τοὺς
2497 3025 2888 3088 άποστολικοὺς
2937 3025 3168 3096 ἱδρῶτας
3215 3029 3270 3081 ὲν
3311 3027 3387 3097 τῷ
3431 3027 3632 3100 σταδίῳ
3665 3027 3764 3093 τῆς

2195 3116 2520 3186 οἰκουμένης
2566 3116 2932 3186 μιμούμενον,
2968 3117 3315 3186 Ποιήσωμεν
3343 3117 3502 3183 αὐτῷ
3526 3119 3766 3186 ,ϐοηθὸν

2191 3204 2318 3257 κατ’
2353 3207 2557 3258 αὐτόν.
2583 3205 2874 3276 Γνωρίζεις
2899 3206 3114 3269 πάντως
3137 3208 3229 3260 κα).
3261 3208 3340 3259 τό’
3377 3207 3764 3278 Ποιήσωμεν·

2192 3295 2362 3349 Πάλιν
2393 3298 2426 3367 ἡ
2455 3295 2600 3361 λέξις
2638 3296 3036 3368 πλατυνομένη,
3079 3297 3180 3361 τὰς
3207 3299 3307 3369 τῆς
3340 3298 3591 3368 θεότητος
3624 3301 3766 3354 ὕπο-

2195 3386 2410 3450 στάσεις
2455 3388 2757 3441 αίνίττεται
2806 3386 2940 3458 (50),
2988 3387 3086 3459 τὴν
3142 3389 3239 3458 τῆς
3291 3389 3518 3460 Τριάδος
3559 3391 3768 3459 γνῶσιν

1709 3717 1814 3772 CL.
1857 3714 2224 3784 DAUSQUEII
2261 3719 2306 3774 Ν
2313 3718 2495 3773 ΟΤᾹΞ.

595 3872 708 3942 (25)
747 3870 1174 3940 Διαπλάσωμεν
1203 3871 1533 3942 ἄνθρωπον.
1575 3869 1704 3923 Illud
1733 3871 1820 3942 διὰ
1861 3870 2085 3924 miriﬁce

525 3940 975 3997 lineamentorum
1024 3943 1212 3994 ductus
1251 3940 1536 4008 exprimit,
1586 3954 1648 3993 ac
1699 3941 1878 3993 inlutis
1926 3955 2082 4007 quam

525 4012 739 4081 proprie
772 4011 860 4064 tali
897 4012 947 4081 in
986 4025 1042 4064 re
1077 4021 1366 4081 usurpatur
1396 4025 1409 4060 :
1447 4009 1597 4076 quasi
1631 4009 1696 4061 ab
1728 4010 1882 4062 unius
1916 4009 2086 4075 partis

525 4079 868 4136 aut’membri
893 4080 1210 4136 formatione
1234 4079 1541 4133 tid'altcrius
1573 4093 1790 4142 operam
1825 4093 1881 4132 se
1912 4088 2086 4130 trans-

527 4151 662 4205 ferat
711 4150 901 4204 artifex
948 4165 959 4197 :
1005 4150 1103 4202 etsi
1146 4150 1383 4216 perfecto
1424 4149 1579 4201 modo
1610 4147 1745 4201 Deus
1790 4157 2079 4215 operetur:

525 4223 639 4289 pari
673 4220 984 4289 el'licacilate
1008 4217 1290 4289 διάπλασιν
1320 4218 1506 4289 extulit
1539 4218 1604 4269 dc
1633 4217 1771 4270 Eva:
1799 4217 2083 4289 Ἑννοοῦσα

523 4286 634 4360 ⁴ἶτὰρ
670 4290 832 4341 τόπον
853 4288 974 4360 Δτῆς
1005 4287 1360 4360 διαπλάσεως,
1396 4286 1541 4360 _C_um
1572 4287 2084 4360 perpendereljpsa

528 4355 724 4421 locum,
755 4357 892 4408 unde
923 4365 1050 4409 esset
1086 4356 1266 4426 efﬁcta.
1304 4356 1508 4426 Pisidas
1540 4355 1788 4426 similiter
1813 4355 1881 4408 de
1909 4355 2082 4426 visce-

2189 3871 2372 3935 πότες,
2404 3870 2544 3940 quod
2563 3872 2648 3926 sic
2697 3871 2930 3926 elucidat
2961 3871 3350 3940 Harpocration
3379 3889 3395 3927 :
3443 3872 3762 3927 ’Λπολελοιυ

2188 3942 2368 4022 πότες.
2398 3942 2516 3994 ἀντὶ
2532 3941 2657 4022 ίτοῦ,
2679 3943 3063 4022 νενικηκότες..
3089 3942 3164 4022 Ἦ.
3187 3942 3465 4022 μεταφορὰ
3485 3941 3604 4022 duo
3645 3943 3763 3996 τῶν

2185 4010 2449 4080 δρομέων
2498 4011 2547 4062 οί
2594 4011 2701 4079 γὰρ
2744 4010 3002 4073 νικῶντες
3040 4010 3404 4065 ἀπολείπουσι
3421 4013 3544 4075 τοὺς
3570 4013 3760 4080 ἡττω-

2190 4081 2401 4150 μένους,
2451 4080 2499 4133 id
2541 4089 2642 4142 est,
2692 4080 3106 4142 ἀπολελοιπότες
3157 4096 3252 4149 pro
3285 4083 3532 4136 victores.
3585 4081 3761 4135 Meta-

2186 4151 2348 4217 phora
2397 4165 2424 4202 a
2459 4151 2764 4203 cursoribus
2794 4169 2808 4204 :
2843 4165 2964 4202 nam
3003 4152 3092 4217 qui
3127 4166 3283 4203 cursu
3331 4153 3546 4204 vincunt
3579 4153 3763 4205 victos

2190 4220 2517 4285 relinquunt.
2546 4218 2767 4273 Pliotius
2798 4234 2918 4286 cap.
2953 4218 3080 4284 242,
3111 4219 3262 4273 οὐδὲν
3288 4217 3395 4273 τῶν
3421 4219 3638 4283 ζώντων
3673 4222 3762 4280 είς

2190 4287 2377 4356 ἀγῶνα
2397 4289 2836 4356 ἀπολειπόμενοι.

2263 4357 2372 4426 (29)
2419 4358 2529 4410 Τὸν
2573 4355 2802 4425 κόσμον
2834 4355 3050 4426 μικρὸν
3073 4357 3490 4426 ἀποφήναντα.
3525 4357 3757 4410 Easdem

527 4428 675 4482 ribus
706 4426 940 4495 Conopis
963 4422 1172 4478 occulto
1201 4425 1431 4492 quodam
1468 4422 1699 4475 artiﬁcio
1733 4423 2082 4491 compositis:
2118 4445 2164 4500 ι)
2195 4422 2380 4500 mundi
2400 4422 2698 4500 angustias
2715 4422 2966 4481 molestas
3001 4428 3166 4482 fuisse
3197 4422 3476 4483 llaceduui
3501 4425 3761 4496 queritur

594 4520 705 4575 Kal
739 4518 843 4584 τὰς
865 4515 1130 4584 ἀδήλους
1154 4513 1271 4568 τῶν
1293 4514 1413 4584 ἔσω
1441 4511 1818 4578 διαπλάσεις.

596 4590 664 4644 Et
703 4583 905 4643 abditas
940 4583 1079 4640 intus
1114 4585 1313 4653 ﬁguras
1351 4583 1625 4636 uiscerum.

522 4681 674 4752 Apud
705 4679 923 4735 Suidam
959 4675 1137 4745 ἄρτων
1171 4673 1460 4726 διάπλασιν
1487 4672 1730 4742 legimus.
1763 4672 1914 4742 Apud
1952 4673 2079 4730 Pro-

593 4752 750 4804 rtium
775 4765 789 4801 :

522 4767 826 4886 “milia
859 4815 1136 4881 disponens
1161 4813 1397 4866 animum
1432 4827 1531 4864 non
1563 4811 1689 4864 vidit
1719 4812 1773 4864 in
1804 4820 1937 4865 arte.

525 4908 655 4962 Item
699 4905 836 4958 infra
882 4900 1132 4955 διεσθίειν
1171 4910 1253 4955 est
1302 4899 1474 4953 cibum
1511 4899 1842 4968 frustillatim
1885 4901 2082 4954 discere

523 4976 696 5045 pendo
717 4976 886 5045 edere:

596 5043 706 5115 (26)
751 5041 1081 5115 Οὔτε-ἀνὴρ
1116 5041 1295 5115 χωρὶς
1325 5039 1634 5115 γυναικός..
1656 5037 2080 5115 lIoc__Scriptt_i_r:e

525 5108 646 5167 loco
671 5108 841 5166 otiose
889 5108 1169 5180 Crispinus
1191 5108 1472 5180 verborum
1491 5109 1662 5180 vertit
1692 5108 1955 5180 ordinem.
1982 5108 2081 5162 Ve-

524 5183 618 5236 lim
645 5182 859 5235 insimul
885 5177 1165 5236 litercticos
1202 5181 1341 5233 lianc
1366 5178 1543 5231 Basilii
1579 5177 2076 5246 interpretationem

525 5251 986 5316 animadvertere,
1034 5265 1101 5304 ne
1150 5261 1335 5303 contra
1383 5247 1680 5302 caelibatum
1735 5263 1854 5301 eam
1909 5247 2079 5300 intor-

524 5329 742 5392 queant,
761 5335 840 5392 ne
868 5321 1004 5392 caglo
1034 5320 1363 5392 obstrepant.

596 5391 707 5462 (27)
730 5385 734 5386 ί
760 5385 1797 5462 ’ἓν-ευσεϐείαςςσαεάμματι,βοοιριιε
1826 5400 1944 5438 sum
1972 5385 2080 5441 He-

522 5453 765 5531 syc'liiuin
795 5475 806 5510 :
841 5453 1176 5531 E_xép.p_._a_.1:a,
1195 5453 1421 5525 ἀγῶνες,
1451 5455 1658 5508 στάδια.
1689 5453 1874 5508 Grzeca
1905 5466 2079 5512 tamen

524 5525 619 5583 vos
651 5529 822 5581 amica
854 5525 1204 5578 Tertulliano.

593 5599 704 5666 (28)
728 5595 1089 5662 Λισχύνεται
1119 5596 1448 5666 λείπεσθαι.
1484 5591 1644 5666 Iusta
1677 5590 1802 5666 illud
1828 5591 2030 5646 Horatii
2061 5611 2080 5649 :

794 5702 810 5717 .
977 5703 992 5718 .
1071 5701 1083 5714 .
1161 5661 1292 5715 Mihi
1327 5673 1474 5726 turpe
1508 5661 1748 5727 relinqui.

526 5735 683 5790 Tales
710 5735 776 5788 ab
805 5734 1041 5789 Isocrate
1081 5731 1471 5786 Panathenaico
1511 5730 1763 5783 dicuntur
1797 5729 2080 5783 ἀπολελοι-

2193 4495 2462 4550 Juvenalis
2496 4511 2508 4547 :

2259 4603 2406 4686 Ultus
2437 4603 2636 4686 Pellan
2645 4607 2828 4686 arent
2839 4607 3168 4686 nonan/ﬁcit
3190 4607 3362 4686 orbis;

2258 4673 2474 4726 Ai'stuat
2509 4673 2698 4741 infelix
2724 4677 2906 4728 audito
2933 4673 3099 4728 limite
3129 4678 3333 4740 mundi,

2257 4741 2325 4796 Ut
2356 4745 2567 4795 clausus
2604 4741 2788 4811 Tyara:
2815 4745 3061 4812 scopulis,
3090 4761 3355 4813 parvaque
3395 4745 3636 4814 Seripho.

2259 4834 2370 4902 (50)
2405 4834 2472 4903 Ἦ
2499 4833 2668 4898 λέξις
2699 4835 3145 4902 πλατυνομένη,
3176 4838 3281 4901 τὰς
3320 4835 3431 4903 τῆς
3469 4837 3764 4901 θεότητος

2186 4902 2554 4974 ὑποστάσεις
2580 4905 2917 4974 αἰνίττεται.
2964 4904 3071 4974 Voa:
3095 4906 3349 4974 ampliata
3367 4902 3503 4973 (sive
3527 4920 3767 4959 numero
3810 4949 3818 4969 .,

2188 4971 2448 5044 plurativo
2494 4973 2656 5044 elata)
2691 4974 2980 5026 divinitatis
3027 4971 3328 5044 hypos'tases
3377 4971 3765 5044 innuittl'lpia

2189 5042 2491 5111 pliau.lib.t
2523 5040 2719 5096 Contra
2742 5045 2961 5095 haereses
2982 5040 3166 5096 eadem
3189 5044 3242 5096 in
3270 5046 3533 5096 sententia
3556 5043 3642 5096 :‘O
3673 5046 3763 5111 μὴ

2187 5110 2878 5183 ᾁᾼπὸ-γάμου-ὁρμώμενος,
2911 5111 3024 5164 ἀλλ’
3073 5113 3130 5183 ἐν
3182 5113 3326 5183 χειρὶ
3394 5113 3621 5183 ΠατρὸςΔ
3650 5110 3764 5163 καὶ

2188 5179 2317 5232 Υίοῦ
2328 5179 2419 5270 καὶ
2440 5179 2593 5270 ἁγίου
2613 5179 2935 5268 ,Πνεύμίατος
2979 5179 3380 5270 πεπλασμένος,
3411 5179 3636 5270 κατᾶὶτὸ
3662 5196 3767 5270 γε-

2187 5251 2503 5319 γραμμένον
2536 5251 2626 5302 ὑπ’
2655 5250 2817 5303 αὑτοῦ
2845 5250 2938 5302 τοῦ
2996 5251 3153 5316 ἁγίου
3207 5251 3422 5320 Πατρὸς
3464 5251 3600 5320 πρὸς
3651 5250 3765 5302 τὸν

2189 5319 2334 5382 Υίὸν,
2357 5320 2436 5371 ὅτι
2458 5320 2803 5388 Ποιήσωμεν
2821 5320 3134 5386 ἄνθρωπον
3155 5321 3282 5371 κατ’
3303 5322 3508 5372 εἰκόνα
3539 5319 3766 5387 ἡμετέ-

2180 5404 2320 5457 ραν,
2353 5389 2451 5440 καὶ
2486 5389 2617 5443 καθ’
2669 5390 2973 5457 ὁμοίωσιν.
3009 5388 3111 5457 Qui
3146 5404 3247 5441 non
3267 5390 3582 5456 prrnuptins
3599 5398 3764 5439 ortus

2188 5467 2283 5520 est,
2314 5459 2404 5509 sed
2436 5459 2487 5510 in
2535 5475 2691 5510 manu
2735 5456 2932 5519 Patris,
2970 5466 3016 5506 et
3053 5456 3201 5522 Filii,
3231 5470 3278 5510 et
3311 5457 3543 5522 Spiritus
3577 5461 3764 5508 sancti

2191 5527 2464 5594 formatus,
2485 5528 2640 5594 juxta
2670 5527 2807 5594 quod
2837 5527 2941 5588 ipse
2979 5535 3190 5594 sanctus
3234 5527 3396 5578 Pater
3424 5524 3570 5579 Filio
3607 5540 3768 5592 prer-

2188 5593 2394 5658 scripsil
2418 5610 2436 5647 :
2468 5593 2492 5645 «⁷
2529 5593 2811 5647 Faciamus
2855 5593 3114 5646 hominem
3141 5595 3208 5645 ad
3242 5595 3543 5661 imaginem,
3591 5601 3639 5646 et
3669 5596 3767 5645 si-

2191 5663 2538 5716 militudinem
2592 5672 2841 5716 nostrum.
2883 5680 2902 5712 ι
2943 5661 3257 5726 Complures
3309 5672 3552 5717 veterum
3605 5661 3769 5717 idem

2192 5742 2518 5786 senserunt:
2554 5735 2652 5786 etsi
2699 5732 2916 5801 quidam
2971 5729 3128 5785 hodie
3184 5733 3543 5799 relrageutur.
3586 5732 3774 5786 Aiunt
