3990 6160
445 351 514 414 ’47
1635 343 1916 404 ΒΑΞΙΙᾸΙ
1957 343 2011 404 S]

2116 341 2491 403 ZUCIENSIS
3624 341 3697 404 ιδ

447 480 608 520 unam
638 463 700 516 de
737 461 896 516 costis
923 460 1123 530 ejus,et
1159 458 1434 526 wdiﬁcavit
1459 466 1674 522 costam,
1705 456 2011 526 quamtule-

2122 459 2222 509 ϐεν
2242 459 2274 509 ὁ
2304 456 2441 520 Θεὸς
2467 454 2613 522 μίαν
2636 453 2751 505 τῶν
2781 447 3059 518 πλευρῶν
3097 452 3312 517 αὐτοῦ,
3350 452 3449 506 καὶ
3472 453 3697 520 ᾠκοδό-

448 566 552 621 rat,
579 553 631 606 in
657 552 920 606 mulierem
943 551 1011 615 ¹¹,
1033 557 1085 603 et
1107 548 1282 602 fictam
1314 546 1652 612 monstravit,
1680 557 1732 601 et
1762 561 2015 614 sponsam

450 645 666 699 dedite
717 642 906 696 latere.
967 632 1137 705 Quam
1192 636 1260 692 ob
1319 651 1536 691 causam
1591 651 1695 690 non
1741 653 1846 690 una
1889 650 2019 689 voce

451 743 758 802 utrumque,
789 739 845 785 ut
893 737 1236 798 erumperent
1280 727 1334 782 in
1376 727 1578 792 lucem,
1623 727 1892 791 invitavit,
1925 726 2018 779 sed

442 822 759 877 formationi
787 829 990 875 certum
1031 820 1289 888 temporis
1328 818 1672 872 intervallum
1707 817 2014 887 prmﬁnivit,

451 916 500 968 id
533 915 720 968 Adami
753 913 1044 983 cognitioni
1089 913 1352 977 tribuens,
1380 927 1488 982 quo
1532 922 1777 965 naturam
1808 927 2014 979 parem,

436 1021 567 1058 cum
595 1007 776 1067 ﬂebat,
803 1005 1222 1074 contemplatus,
1245 1003 1416 1071 ipsum
1438 1001 1719 1071 utriusque
1753 1002 2015 1055 artiﬁcem

442 1098 700 1151 disceret.
731 1095 916 1167 Neque
951 1110 1080 1151 vero
1115 1111 1178 1151 ex
1218 1105 1386 1158 terra,
1421 1094 1514 1147 sed
1553 1109 1617 1146 ex
1653 1093 1817 1147 latere
1846 1106 2014 1146 mem-

449 1190 598 1240 brum
627 1195 903 1240 mutuatur
922 1205 934 1242 ι
952 1187 1187 1256 partitur
1209 1199 1426 1254 corpus,
1444 1193 1501 1236 ut
1526 1193 1759 1237 mentem
1780 1191 2012 1250 coaptet,

436 1287 498 1330 et
531 1287 724 1332 natura
779 1292 884 1330 una
937 1277 1238 1345 dissipatur
1288 1284 1403 1329 arte
1455 1273 1765 1342 formantis,
1803 1281 1860 1326 ut
1911 1287 2016 1326 una

450 1383 601 1422 mens
624 1375 973 1422 conSIruatur
1007 1369 1069 1420 ad
1095 1365 1448 1420 imitationem
1505 1377 1728 1420 naturae.
1760 1363 2015 1419 Contem-

450 1458 628 1525 platus
661 1459 825 1527 igitur
867 1458 1108 1511 Adamus
1155 1457 1486 1525 inopinatam
1517 1455 1742 1509 membri
1784 1455 1864 1509 sui
1898 1468 2016 1508 am-

447 1549 854 1615 plilicatiouem,
907 1547 1034 1600 item
1079 1555 1386 1613 exemptum
1429 1559 1550 1600 esse
1601 1545 1922 1611 membrum,
1955 1561 2017 1602 ac

449 1639 641 1694 deinde
669 1638 964 1692 animatum
1005 1652 1120 1706 pra:
1148 1635 1375 1705 ingeniti
1416 1635 1612 1705 gaudio
1643 1636 1969 1690 exclamavit
1997 1653 2012 1690 :

451 1728 565 1784 Hoc
595 1745 728 1782 nunc
754 1744 810 1782 os
834 1743 896 1782 ea:
914 1726 1114 1781 ossibus
1138 1727 1286 1791 meis,
1312 1735 1358 1780 et
1384 1741 1509 1779 caro
1534 1726 1597 1778 de
1627 1741 1784 1778 carne
1808 1742 1922 1778 mea
1947 1726 2013 1778 ".

2119 564 2280 615 μησε
2309 545 2421 612 τὴν
2460 545 2759 612 enitamur,
2794 543 2874 609 ἢν
2902 543 3134 606 ἔλαϐεν,
3177 545 3264 608 εἰς
3286 545 3563 612 γυναῖκα,
3600 547 3698 599 καὶ

2124 639 2338 701 πλάσας
2371 638 2591 703 ἔδειξεν,
2635 636 2729 691 καὶ
2766 639 2983 706 νύμφην
3011 637 3076 688 ἐκ
3111 635 3350 704 πλευρᾶς
3381 637 3694 708 ἐχαρίσατο.

2121 728 2219 782 Διὰ
2245 727 2400 780 τοῦτο
2439 728 2498 780 ού
2531 728 2627 797 μιᾷ
2668 727 2818 796 φωνῇ
2849 723 2983 794 πρὸς
3027 723 3236 789 γένεσιν
3272 722 3531 792 ἑκάτερον
3565 725 3699 776 sxa-

2121 821 2299 883 λεσεν,
2339 819 2451 872 ἀλλ’
2487 819 2656 889 ὁρίζει
2694 821 2760 888 τῇ
2797 817 2994 870 πλάσει
3038 815 3318 884 διάστημα
3349 817 3695 886 προθεσμίας

2119 917 2184 984 τῇ
2216 915 2414 982 γνώσει
2459 911 2817 981 δωρούμενος·
2851 909 2936 961 ἵνα
2964 906 3126 976 φύσιν
3159 908 3351 976 ὁμοίαν
3387 907 3695 975 πλαττομέ-

2119 1021 2217 1074 νην
2250 1001 2544 1072 θεώμενος,
2594 999 2755 1051 αὑτὸν
2788 996 3067 1068 ἑκατέρων
3105 997 3436 1068 δημιουργὸν
3479 997 3695 1050 ἐκδιδά-

2122 1109 2338 1163 σκηται.
2392 1093 2502 1146 Καὶ
2533 1092 2639 1144 οὐδ’
2686 1094 2748 1144 ἐκ
2778 1092 2875 1159 τῆς
2921 1091 3044 1160 γῆς,
3082 1089 3196 1141 ἀλλ’
3229 1089 3292 1140 ὲκ
3324 1089 3422 1154 τῆς
3451 1088 3693 1156 πλευρᾶς

2117 1182 2176 1233 τὺ
2206 1181 2367 1250 μέλος
2401 1180 2722 1244 δανείζεται.
2772 1179 3000 1250 Μερίζει
3035 1179 3094 1232 τὸ
3123 1178 3300 1247 σῶμα,
3349 1179 3435 1230 ἵνα
3480 1177 3692 1250 συνάψῃ

2117 1273 2177 1326 τὸ
2210 1272 2482 1344 φρόνημα,
2513 1272 2606 1325 καὶ
2645 1273 2743 1340 μία
2775 1271 2936 1340 φύσις
2975 1271 3265 1340 διαιρεῖται
3295 1274 3361 1340 τῇ
3402 1270 3568 1341 τέχνῃ
3596 1269 3690 1323 τοῦ

2122 1366 2465 1427 πλάττοντος,
2494 1364 2580 1416 ἵνα
2614 1364 2709 1435 μία
2746 1363 2936 1434 γνώμη
2959 1362 3212 1432 τεχνισθῇ
3252 1363 3558 1432 μιμουμένη
3592 1363 3690 1431 τὴν

2119 1457 2302 1527 φύσιν.
2351 1455 2635 1525 Θεώμενος
2676 1455 2806 1522 γοῦν
2837 1457 2864 1507 ὁ
2904 1454 3074 1524 ’Λδὰμ
3101 1453 3194 1507 τοῦ
3237 1455 3438 1508 οἰκείου
3495 1453 3690 1522 μέλους

2118 1545 2419 1618 παράδοξον
2452 1544 2701 1613 αὔξησιν,
2733 1544 2828 1597 καὶ
2861 1544 3020 1613 μέλος
3054 1543 3397 1612 αἱρούμενον,
3433 1543 3527 1596 καὶ
3553 1542 3690 1606 ζῶον

2117 1636 2523 1706 πλαττόμενον,
2593 1634 2903 1704 περιχαρῶς
2965 1633 3248 1702 ὲξεϐόησε·
3328 1633 3510 1686 Τοῦτο
3574 1633 3692 1686 νῦν

2118 1727 2345 1781 ὀστοῦν
2387 1726 2458 1778 ἐκ
2510 1723 2625 1777 τῶν
2687 1723 2885 1777 ὀστῶν
2935 1741 3076 1793 μου,
3131 1721 3229 1775 καὶ
3263 1723 3420 1790 σὰρξ
3455 1722 3520 1774 ὲκ
3581 1721 3690 1788 τῆς

446 1820 696 1889 Agnosco
753 1821 1076 1884 membrum,
1138 1817 1336 1870 donum
1394 1816 1713 1885 amplector,
1751 1817 1912 1870 vertit
1962 1815 2011 1868 in

2117 1818 2346 1886 σαρκός
2365 1833 2506 1884 μου.
2537 1814 2797 1886 Γνωρίζω
2824 1814 2884 1868 τὸ
2909 1813 3088 1885 μέλος,
3107 1815 3202 1866 καὶ
3231 1813 3290 1866 τὸ
3313 1813 3482 1884 δῶρον
3511 1813 3691 1865 ἀσπά-

447 1910 798 1977 desiderium,
840 1911 982 1979 quod
1030 1916 1193 1963 costa:
1219 1908 1459 1961 accidit:
1495 1905 1609 1962 Hoc
1660 1922 1796 1959 num:
1851 1923 1907 1960 os
1952 1923 2016 1960 ex

448 1999 648 2052 assibus
681 2000 828 2053 meis.
863 1997 981 2052 lloc
1016 1999 1157 2067 quod
1187 2013 1330 2052 nunc
1365 2011 1493 2050 vere
1520 1997 1752 2058 iutucor,
1787 2012 1891 2051 non
1926 1996 2016 2050 illa

437 2092 794 2158 .priorn,qu'.e
853 2105 972 2142 cum
1026 2089 1076 2142 in
1129 2103 1248 2142 mea
1291 2096 1472 2143 essent
1513 2096 1794 2156 potestate,
1830 2103 2014 2142 eorum

435 2194 546 2248 ego
587 2180 846 2230 visionem
896 2176 1118 2229 minime
1157 2175 1555 2242 desiderabam,
1591 2176 1682 2230 seJ
1717 2177 1840 2238 hoc,
1871 2177 2014 2246 quod

438 2287 532 2325 tne
581 2269 739 2325 modo
787 2269 932 2324 videt
967 2287 981 2322 :
1011 2283 1242 2334 cumque
1293 2267 1564 2321 desiderio
1614 2267 1846 2330 videtur,
1876 2266 2016 2319 stitit

441 2372 710 2414 errantem
773 2358 1034 2414 visionem
1099 2357 1343 2411 mulieris
1383 2356 1541 2426 hujus
1587 2357 1928 2412 deformatio.
1953 2358 2012 2411 In

443 2462 589 2504 tanta
631 2451 984 2504 animantium
1035 2450 1191 2503 turba
1225 2463 1329 2501 una
1377 2462 1495 2516 quae
1555 2463 1761 2501 mecum
1821 2460 2013 2502 natura

441 2553 606 2607 esset,
637 2558 741 2596 non
777 2541 1132 2610 aspiciebam,
1155 2540 1207 2591 in
1243 2546 1393 2591 tanta
1429 2537 1775 2592 multitudine
1807 2539 2013 2592 desola-

356 2689 363 2696 _
443 2635 642 2686 tionem
687 2631 972 2701 querebar,
1011 2631 1063 2684 in
1098 2638 1247 2683 tanta
1285 2645 1464 2683 rerum
1500 2629 1745 2684 ubertate
1787 2631 1930 2684 velut
1960 2631 2015 2684 in

444 2724 606 2778 terris
637 2722 764 2776 solis
805 2721 1186 2774 commorabar
1215 2737 1228 2773 :
1261 2729 1440 2773 tamen
1471 2734 1498 2772 a
1531 2721 1773 2774 membro
1821 2720 2016 2792 abjnn-

437 2824 562 2869 etus
611 2813 812 2884 philer
842 2811 1048 2864 vincior
1079 2828 1091 2864 :
1129 2810 1250 2865 loco
1296 2809 1595 2877 seiunctum
1658 2821 1761 2879 est,
1794 2824 1847 2866 et
1875 2813 2016 2867 desi-

445 2904 594 2958 derio
657 2900 1025 2968 coniunctum.
1082 2899 1184 2966 Qui
1234 2899 1443 2954 distulit
1502 2915 1752 2970 corpora,
1805 2903 2014 2958 animas

446 3003 659 3049 nostras
700 2993 752 3046 in
801 3007 964 3045 unum
1009 2991 1261 3045 contulit.
1316 2991 1415 3066 ιι
1449 2991 1726 3058 Quomodo
1780 2995 2011 3049 alienam

447 3087 720 3156 rrputabo,
768 3099 885 3158 qua:
939 3098 1046 3137 non
1095 3084 1460 3146 extrinsecus,
1506 3087 1598 3139 scd
1639 3101 1668 3139 a
1717 3104 1801 3140 me
1867 3092 2013 3155 cepit

2117 1910 2304 1978 ζομαι,
2328 1907 2538 1976 καὶτῆς
2566 1906 2806 1977 πλευρᾶς
2833 1923 2922 1976 μοι
2957 1907 3016 1958 τὸ
3046 1905 3215 1967 πάθος
3247 1905 3326 1967 εἰς
3354 1903 3516 1956 πόθον
3541 1903 3684 1973 μεθ-

2125 2000 2370 2052 ίσταται·
2426 1998 2601 2051 Τοῦτο
2649 1997 2766 2050 νῦν
2806 1995 3029 2049 ὀστοῦν
3070 1995 3136 2048 ἐκ
3170 1994 3286 2046 τῶν
3315 1991 3512 2047 ὀστῶν
3541 2010 3684 2060 μου,

2115 2091 2274 2146 τοῦτο
2299 2092 2394 2147 νῦν
2429 2091 2646 2162 ἀληθῶς
2670 2091 2729 2144 τὸ
2747 2090 2840 2144 νῦν
2869 2088 3256 2160 θεωρούμενον,
3277 2087 3377 2140 οὐκ
3404 2089 3586 2139 ἐκεῖνα
3614 2087 3687 2139 τὰ

2117 2184 2421 2252 φθάσαντα,
2463 2177 2536 2237 ὧν
2580 2183 2678 2254 τὴν
2733 2181 2980 2248 ἐξουσίαν
3029 2179 3224 2243 λαϐὼν,
3270 2179 3365 2249 τὴν
3410 2177 3536 2231 θέαν
3585 2179 3688 2232 οὐκ

2114 2276 2406 2347 ἔστεργονο
2441 2276 2577 2330 ἀλλὰ
2618 2275 2795 2337 τοῦτο,
2831 2275 2890 2327 τὸ
2921 2274 3014 2327 νῦν
3059 2273 3193 2344 πρός
3232 2289 3297 2340 με
3343 2271 3556 2342 βλέπον,
3593 2272 3688 2324 καὶ

2115 2367 2213 2421 σὺν
2245 2366 2394 2437 πόθῳ
2427 2367 2780 2436 βλεπόμενον,
2809 2365 3014 2418 ἐπαυσέ
3063 2382 3151 2434 μοι
3181 2363 3540 2433 πλανωμένην
3585 2365 3687 2431 τὴν

2113 2456 2263 2523 θέαν,
2305 2459 2338 2526 ἡ
2364 2457 2568 2526 ταύτης
2597 2456 2903 2517 διάπλασις.
2941 2457 3028 2508 Ἐν
3059 2454 3279 2522 ἀγέλαις
3307 2452 3456 2518 ζώων
3485 2453 3684 2506 τοσαύ-

2112 2566 2234 2610 ταις
2269 2547 2506 2618 ὀμοφυὲς
2539 2548 2600 2600 οὑ
2629 2547 3041 2618 προσέδλεπον’
3083 2547 3142 2598 ἐν
3176 2546 3450 2609 τοσούτοις
3481 2544 3685 2614 πλήθε-

2116 2655 2197 2691 σιν
2227 2639 2516 2710 ὠδυρόμην
2563 2639 2660 2709 τὴν
2697 2639 2968 2708 μόνωσιν·
3016 2638 3074 2692 ἐν
3105 2638 3336 2707 εὐπορίᾳ.
3380 2635 3576 2699 συνὼν,
3609 2637 3686 2699 ὠς

2113 2729 2172 2782 ὲν
2213 2731 2403 2800 ἐρήμῳ
2448 2729 2750 2800 διέτριϐον·
2788 2729 2882 2782 καὶ
2915 2728 3202 2800 χωρισθεὶς
3229 2727 3321 2781 τοῦ
3363 2729 3580 2799 μέλους,
3606 2727 3684 2797 τῷ

2115 2820 2319 2890 φίλτρῳ
2347 2820 2702 2889 δεσμεύομαι·
2723 2821 2871 2888 τόπῳ
2896 2819 3244 2890 κεχώρισται,
3269 2819 3358 2872 καὶ
3392 2818 3541 2889 πόθῳ
3561 2837 3682 2870 συν-

2113 2913 2360 2968 άπτεται.
2387 2914 2629 2966 Ἢνωσεν
2647 2915 2776 2982 ἡμῖν
2798 2913 2893 2975 τὰς
2929 2912 3104 2982 ψυχὰς
3123 2913 3455 2982 ὁδιαστήσας
3485 2912 3555 2965 τὰ
3579 2911 3684 2964 σώ-

2117 3022 2282 3074 ματα.
2303 3004 2424 3066 Πῶς
2442 3005 2725 3075 ἀλλοτρίαν
2747 3005 3022 3074 ἡγήσομαι
3039 3005 3134 3075 τὴν
3161 3003 3303 3076 [οὐκ]
3326 3002 3546 3068 ἔξωθεν,
3572 3005 3684 3058 ἀλλ’

2116 3096 2207 3146 ὑπ’
2253 3093 2388 3163 ἐμοῦ
2421 3093 2692 3147 λαϐοῦσαν
2730 3094 2828 3163 τὴν
2872 3094 3117 3162 γένεσιν;
3155 3094 3270 3157 πῶς
3307 3090 3399 3149 οὖν
3433 3094 3492 3147 οὐ
3524 3094 3686 3147 πάλιν

345 3223 350 3228 .
445 3173 1029 3246 nriginemMuomodo
1064 3172 1225 3242 igitur
1268 3189 1373 3227 non
1436 3174 1630 3227 iterum
1673 3177 1877 3232 erimus
1907 3195 2008 3233 una

2116 3158 2356 3256 ἐσόμεθα
2396 3186 2497 3256 μία
2544 3185 2681 3256 σάρξ
2727 3158 3047 3258 συνημμένη
3097 3189 3162 3257 τῇ
3205 3187 3383 3256 φύσει,
3437 3187 3530 3238 καὶ
3581 3185 3686 3255 πρὸ

442 3285 572 3322 caro
601 3276 806 3321 naturae
837 3266 886 3319 vi
911 3266 1302 3333 conglutinata,
1337 3265 1426 3334 qui
1475 3276 1632 3320 antea
1677 3269 2010 3324 Colla-rentes

444 3357 678 3412 fuimus?
707 3355 1072 3424 Etwdiﬁcavit
1114 3355 1252 3409 Deus
1305 3366 1524 3420 costam,
1571 3374 1729 3426 quam
1790 3360 2007 3424 tulerat,

443 3452 501 3504 in
529 3449 822 3503 mulierem.
859 3447 1200 3514 Concordiae,
1249 3455 1303 3502 et
1357 3449 1700 3503 continentiae
1759 3454 2012 3517 magistra

446 3542 572 3595 talis
603 3540 832 3594 molitio.
872 3537 974 3594 Uni
1023 3539 1138 3592 viro
1192 3537 1403 3592 unicam
1461 3543 1740 3595 associans
1791 3558 2012 3596 uxorem

444 3629 794 3686 continentiae
821 3627 1350 3695 subindicatlcgem.
1397 3627 1468 3682 De
1521 3628 1688 3683 latere
1737 3645 1865 3684 vero
1894 3649 2013 3684 mu-

448 3723 632 3777 lierem
679 3709 1032 3794 desponsans,
1061 3719 1212 3789 jubet
1254 3734 1283 3773 a
1325 3718 1444 3773 viro
1506 3720 1783 3774 mulierem
1844 3720 2014 3775 foveri

447 3830 512 3870 ac
559 3813 664 3884 tegi
705 3811 967 3868 :fovetur
1015 3812 1159 3865 enim
1212 3811 1371 3876 simul
1421 3825 1484 3866 ac
1527 3812 1728 3881 tegitur
1776 3827 1804 3865 a
1851 3829 2012 3867 manu

445 3905 688 3975 subjecta
710 3911 879 3962 costa.
911 3902 1150 3972 Mulieris
1183 3916 1396 3972 quoque
1428 3901 1819 3969 subiectionem
1844 3902 2012 3957 silen-

440 4001 516 4054 tio
549 4007 799 4053 testatam
835 3997 990 4052 facit.
1016 3995 1110 4050 llla
1147 3995 1292 4050 enim
1333 3996 1599 4066 cogitans,
1631 4011 1735 4064 quo
1778 4012 1844 4050 ex
1891 3995 2009 4050 loco

444 4087 512 4141 sit
547 4087 744 4152 ellicta,
811 4085 1136 4140 voluntatem
1186 4085 1252 4138 ad
1309 4085 1658 4156 obsequelam
1709 4083 1912 4151 ﬂectat,
1951 4093 2010 4138 ut

441 4189 590 4233 costa
625 4173 926 4246 coaptetur,
945 4177 1194 4246 illiusque
1225 4176 1396 4232 vicem
1421 4175 1694 4232 foveatur.
1712 4176 2005 4244 Ejusmodi

441 4269 768 4323 conditionis
832 4268 973 4322 ratio
1031 4267 1194 4322 tacita
1262 4267 1508 4336 quadam
1559 4269 1859 4323 admonitio
1903 4276 2006 4322 est.

441 4362 744 4430 sequamur
769 4358 932 4430 igitur
949 4355 1258 4412 Conditoris
1288 4359 1640 4424 voluntatem,
1662 4374 2009 4415 revereamur

442 4461 648 4504 natura:
675 4448 978 4515 Dominum,
1006 4447 1245 4504 libidinis
1264 4448 1379 4508 vias
1407 4449 1666 4508 aversati.
1723 4448 1800 4504 Ne
1853 4464 2014 4510 crea-

509 4605 550 4638 "
578 4602 714 4663 Gen.
743 4618 802 4666 ιι,
835 4603 927 4658 τε.
1003 4600 1200 4678 “ibid.
1227 4598 1316 4654 ‘23.

2110 3275 2301 3328 τούτου
2320 3279 2384 3346 τῇ
2410 3277 2593 3346 σχέσει
2613 3277 2724 3347 (55)
2749 3294 2761 3340 ;
2803 3278 2909 3330 Καὶ
2937 3277 3327 3346 ᾠκοδόμησεν
3345 3281 3376 3331 ό
3397 3278 3541 3342 Θεὸς
3572 3276 3686 3344 τὴν

2110 3367 2398 3432 πλευρὰν,
2453 3365 2533 3433 ῆν
2559 3366 2796 3433 ἐλαϐεν,
2841 3371 2926 3433 εἰς
2959 3367 3230 3435 γυναῖκα.
3276 3366 3686 3438 Ὀμοφροσύνης

2118 3459 2212 3510 καὶ
2245 3458 2601 3530 σωφροσύνης
2645 3461 2678 3530 ἡ
2724 3460 2916 3524 πλάσις
2973 3461 3316 3523 διδάσκαλος.
3373 3462 3482 3515 Ἑνὶ
3530 3461 3685 3531 ἀνδρὶ

2120 3551 2248 3620 μίαν
2261 3551 2650 3621 προσαρμόσας
2669 3555 2924 3620 γυναῖκα,
2963 3552 3316 3622 σωφροσύνης
3337 3552 3684 3621 ύπηγόρευστ

2116 3641 2352 3709 νόμους·
2417 3642 2480 3694 ὲκ
2530 3641 2772 3711 πλευρᾶς
2807 3641 2862 3693 δὲ
2913 3641 3010 3711 τὴν
3067 3643 3299 3708 γυναῖκα
3346 3641 3682 3711 νυμφεύσας,

2117 3729 2419 3782 θάλπεσθαι
2447 3731 2577 3801 παρ’
2609 3729 2801 3800 ἀνδρὸς
2823 3731 2924 3799 τὴν
2954 3733 3188 3799 γυναῖκα
3233 3731 3562 3801 προστάττει
3590 3731 3685 3782 καὶ

2121 3822 2452 3882 σκέπεσθαι’
2487 3822 2748 3877 θάλπεται
2779 3823 2884 3894 γὰρ
2915 3823 3051 3892 ὁμοῦ
3102 3824 3196 3876 καὶ
3237 3822 3492 3876 σκέπεται
3534 3822 3687 3892 παρ-ἰ

2117 3915 2217 3984 τῆς
2257 3916 2436 3986 χειρὸς
2470 3918 2503 3986 ἡ
2535 3916 2868 3986 ὑποκειμένη
2922 3915 3132 3984 πλευρά
3154 3931 3169 3946 ·
3231 3913 3451 3982 γυναικὶ
3484 3913 3541 3966 δὲ
3585 3911 3685 3982 τὴν

2117 4002 2390 4073 ὑποταγὴν
2451 4002 2779 4074 ἀκηρύκτως
2827 4003 3160 4074 μαρτύρεται
3215 4001 3350 4072 (36).
3398 4001 3683 4057 Ἐννοοῦσα

2121 4091 2229 4163 γὰρ
2281 4091 2371 4145 τὸν
2416 4093 2577 4144 τόπον
2625 4092 2724 4161 τῆς
2774 4093 3136 4160 διαπλάσεως,
3189 4093 3486 4164 καμπτέτω
3544 4093 3684 4162 πρὸς

2120 4179 2362 4251 ὑπακοὴν
2391 4181 2492 4250 τὴν
2537 4181 2874 4252 προαίρεσιν,
2905 4183 2981 4246 ὡς
3011 4183 3218 4252 πλευρὰ
3266 4183 3544 4253 συνήφθω,
3588 4183 3687 4236 καὶ

2117 4270 2193 4334 ὡς
2225 4271 2410 4340 ἐκείνη
2443 4270 2750 4326 Θαλπέσθω.
2777 4266 2950 4338 Οὗτος
2976 4275 3004 4328 δ
3032 4275 3132 4343 τῆς
3167 4275 3526 4348 δημιουργίας
3561 4278 3685 4348 τρό-

2115 4377 2236 4425 πος,
2272 4361 2656 4434 σιωπωμένηή
2688 4364 3029 4436 παραίνεσις.
3074 4366 3549 4439 ’Λκολουθήσωμεν
3575 4368 3685 4420 τοί-

2115 4469 2211 4506 νυν
2233 4452 2313 4526 τῷ
2342 4452 2433 4508 τοῦ
2479 4456 2948 4529 Δημιουργοῦντος
2977 4457 3278 4530 βουλήματι
3299 4476 3312 4490 ο
3349 4459 3685 4529 αίδεσθῶμεν

1642 4737 1750 4790 CL.
1795 4736 2166 4806 DAUSQUEII
2204 4741 2437 4804 NOTAE.

513 4893 624 4961 (35)
665 4894 781 4959 Πρὸ
808 4893 1024 4967 τούτου
1065 4889 1138 4967 τῇ
1171 4891 1404 4957 σχέσει.
1441 4886 1830 4967 ροιιίρτειιιῐηη]
1861 4892 2011 4947 intel-

2123 4895 2328 4960 Vcrbo.
2400 4909 2574 4955 tacens
2628 4908 2867 4967 testatur,
2939 4903 3224 4966 antithesis
3277 4905 3682 4962 venustissima.

443 4958 549 5031 lige
567 4958 736 5032 costa:
765 4978 883 5014 cum
908 4963 1097 5014 Adami
1131 4973 1358 5032 corpore
1393 4958 1600 5032 reliquo
1631 4977 1642 5012 :
1687 4977 1790 5032 non
1816 4977 2007 5032 corpo-

443 5029 518 5085 ris
566 5031 687 5082 Eva:
719 5046 838 5082 cum
882 5033 1093 5094 Adami,
1138 5046 1242 5098 qua
1280 5029 1332 5079 in
1363 5029 1626 5098 sententia
1663 5029 2004 5098 producenda

445 5100 762 5167 rabbinitet
784 5103 870 5167 qui
896 5116 988 5153 eos
1012 5096 1202 5160 secuti,
1227 5098 1422 5150 frustra
1449 5096 1730 5167 sudarunt.
1748 5097 1880 5153 Vide
1905 5101 2005 5156 hac

441 5171 512 5225 de
564 5183 623 5220 re
671 5163 948 5224 Tostatum
1005 5172 1315 5237 episcopum
1368 5163 1713 5237 Abulcusem,
1763 5171 1852 5236 qui
1907 5185 2004 5235 pro

441 5237 670 5308 somniis
722 5233 1054 5308 rejectaileisi
1087 5233 1218 5308 eant
1260 5233 1461 5308 excutit
1505 5233 1844 5308 sententiam.
1875 5233 2012 5308 Σχέ-

442 5325 527 5360 σιν
560 5307 748 5360 eadem
776 5301 1130 5371 {significantia
1173 5305 1240 5360 Μ.
1268 5301 1528 5371 Antonius
1561 5306 1874 5358 extulit'lih.
1904 5301 1952 5360 vi
1982 5325 1994 5359 :

442 5376 707 5440 Πολλάκις
743 5369 976 5443 ἐνθυμοῦ
1034 5378 1130 5445 τὴν
1183 5369 1522 5445 ἐπισύνδεσιν
1557 5372 1771 5426 πάντων
1804 5376 1911 5429 τῶν
1950 5379 2007 5428 ἐν

444 5449 652 5518 κόσμῳ,
695 5445 790 5497 καὶ
831 5440 1012 5518 σχέσιν
1048 5440 1179 5518 πρὸς
1211 5440 1437 5518 ἄλληλα,
1483 5440 1594 5518 γιμοο
1623 5453 2006 5518 t-St,__tn_utuam

442 5510 776 5571 retinentium
804 5510 899 5566 ore
927 5510 1178 5574 Lucretii,
1207 5528 1310 5565 nou
1340 5510 1677 5581 nilei-tionem
1728 5511 2006 5581 Xylandri.

514 5589 622 5704 (362
674 5585 1045 5650 Ἀκηρύκτως
1069 5583 1440 5648 μαρτύρεται.
1469 5575 1521 5626 ιιι
1553 5588 1636 5629 est
1662 5596 1673 5630 ε
1707 5575 1836 5633 (ἰιὶηι
1869 5582 2008 5636 Deus

527 5671 585 5704 su
632 5654 759 5704 iecta
791 5652 981 5704 Adami
1013 5661 1152 5702 costa
1190 5651 1343 5704 Euam
1371 5646 1590 5704 format,
1622 5663 1735 5700 eam
1764 5667 1815 5701 re
1842 5663 2008 5703 osten-

443 5646 759 5722 etsttbjecta
791 5646 981 5722 idami
1013 5646 1158 5722 costa
1190 5651 1343 5704 Euam
1371 5646 1590 5712 format,
1622 5663 1735 5700 eam
1764 5667 1815 5701 re
1842 5663 2008 5703 osten-

445 5725 522 5778 αίι
551 5718 749 5775 Aliqum
778 5721 968 5790 subjici
1004 5718 1306 5782 deberem“
1338 5728 1576 5784 prmeoue
1603 5729 1727 5769 usus
1753 5735 1841 5770 uec
1867 5736 2007 5773 rore.

2115 4967 2281 5045 Antea
2321 4969 2528 5045 dixerat
2554 5009 2568 5032 ,
2609 4970 3277 5045 §a1_ctwntbaq_;_d_tuodstv
3305 4975 3401 5044 τῆς
3431 4975 3682 5045 Γραφῆς,

2114 5043 2365 5091 tacentem
2397 5040 2580 5092 audire
2604 5038 2957 5108 Scripturam.
2983 5038 3192 5098 Pisidas
3210 5044 3277 5100 de
3309 5038 3516 5098 turture
3543 5038 3685 5100 fame

2113 5109 2426 5161 tabescente
2469 5123 2641 5176 neque
2671 5120 2922 5164 cantante
2957 5128 2970 5164 :

2183 5195 2359 5268 ᾼάλῳ
2383 5199 2584 5267 σιωπῇ
2621 5199 2972 5268 σωφρονίζει
3001 5201 3106 5254 τὸν
3130 5202 3296 5267 βίον·

2192 5265 2470 5322 l’ocalibus
2496 5265 2723 5322 silentiis
2741 5265 2901 5322 uitam
2928 5270 3123 5324 erudit.

2114 5355 2256 5431 idem
2292 5361 2353 5431 de
2378 5361 2581 5431 ardore
2622 5359 2816 5431 mentis
2856 5360 3182 5431 patriarchae
3228 5361 3398 5430 Sergii
3422 5400 3436 5423 ,
3474 5361 3571 5414 καὶ
3607 5361 3682 5431 μὴ

2113 5426 2286 5498 λαλῶν
2325 5429 2528 5498 ήχησεν
2558 5429 2767 5482 ἔνδοθεν
2801 5427 3134 5498 μέγα-ΜΝ.
3175 5432 3241 5482 At
3283 5426 3384 5486 non
3417 5426 3685 5498 loquendo

2113 5497 2254 5566 intus
2278 5495 2462 5550 sonum
2492 5515 2736 5566 maguum
2771 5495 2930 5566 dedit.
2967 5495 3130 5566 Basil.
3170 5514 3274 5552 non
3311 5495 3684 5566 setncl'junxit

2111 5563 2268 5637 λάλος
2318 5568 2514 5637 σιωπή.
2557 5563 2760 5620 Tullius
2786 5605 2800 5632 ,
2854 5565 2928 5618 De
2950 5565 3219 5632 judicibus
3253 5583 3272 5622 :
3303 5567 3442 5621 Dum
3481 5563 3679 5635 tacent,

2113 5633 2360 5686 clamant.
2393 5636 2458 5688 Et
2481 5633 2617 5688 illud
2651 5655 2664 5688 :

2184 5721 2337 5791 Sa'pe
2359 5732 2536 5780 tacens
2562 5741 2731 5778 uocem
2770 5725 3020 5794 uerbaque
3051 5725 3218 5779 vultus
3249 5726 3423 5781 habet.
