3990 6160
438 327 502 392 51
1625 327 1902 387 BASILII
1939 327 2475 389 SELEUCIENSIS
3616 320 3691 382 52

439 443 601 499 librio
641 439 936 512 perpendat
985 439 1322 509 agendorum
1369 438 1639 495 delectum
1670 445 1803 497 :sed
1841 443 2000 497 simul

2119 443 2400 514 ,ιερίζουσα
2449 441 2582 511 (37),
2619 441 2738 494 οὐδὲ
2786 437 3048 507 λογισμοῦ
3095 437 3368 507 διάκρισις
3411 438 3688 505 ζυγοστα-

441 533 672 601 imperat
695 540 908 597 natura,
936 531 1001 584 ad
1061 530 1325 601 agendum
1364 532 1731 599 impelluntur,
1761 550 1866 590 non
1915 553 2010 590 ex-

441 638 603 678 cusso
637 624 852 677 curiose
901 633 1183 692 pmcepto.
1215 621 1414 676 Contra
1457 623 1642 690 homo,
1681 629 1890 683 ratione
1925 631 2010 683 in-

441 714 699 784 signitus,
751 715 1028 770 electionis
1075 725 1341 783 potestate
1401 729 1652 786 ornatus,
1697 729 1750 775 et
1797 720 2008 774 arbitrii

445 805 691 860 libertate
742 805 1030 875 refulgens,
1051 809 1265 863 consilii
1327 811 1434 864 vim
1493 810 1677 877 habet,
1703 827 1820 880 quae
1866 812 2010 865 nuHa

443 904 692 953 teneatur
719 899 1011 954 voluntatis
1041 902 1323 968 servitute,
1356 902 1822 972 intentionemqne
1846 903 2008 958 habet

445 989 527 1043 sui
581 988 877 1054 dominam,
937 1000 994 1044 et
1040 991 1337 1047 inviolabili
1375 994 1638 1064 gloriatur
1681 995 2012 1064 agendorum

444 1075 728 1131 electione.
758 1076 896 1134 Hine
923 1081 1124 1146 evenit,
1151 1091 1209 1135 ut
1233 1082 1334 1137 hoc
1357 1083 1566 1152 diligat,
1611 1084 1736 1137 illud
1771 1086 1912 1154 quod
1937 1085 2009 1138 ita

442 1166 618 1221 visum
690 1167 876 1233 tuerit,
929 1171 1226 1239 repudiet:
1268 1172 1371 1228 hoc
1421 1167 1723 1239 aversetur,
1767 1175 1832 1229 ad
1886 1174 2017 1229 illud

443 1258 684 1314 animum
713 1259 953 1328 adjiciat,
979 1273 1036 1317 et
1065 1261 1344 1316 liberrima
1375 1279 1496 1318 cum
1523 1274 1792 1332 potestate
1824 1266 2016 1320 volun-

445 1348 573 1403 tatis
594 1363 822 1420 regnans
856 1352 1096 1406 abundat
1120 1353 1431 1423 optionihus
1460 1354 1565 1425 13
1594 1357 2010 1412 sententiarum.

442 1437 624 1506 Quare
654 1440 770 1512 lege
811 1442 984 1512 posita
1027 1444 1168 1500 Deus
1223 1446 1414 1516 agendi
1463 1448 1842 1503 necessitatem
1907 1464 2012 1504 non

446 1529 716 1599 imponit;
763 1534 858 1588 sed
883 1548 1000 1602 quae
1023 1534 1125 1590 sibi
1158 1535 1430 1602 videntur,
1461 1536 1710 1605 imperat,
1729 1548 1783 1593 et
1827 1538 2014 1592 volun-

446 1621 577 1676 tatis
597 1623 853 1691 potestati
880 1625 1144 1699 permittit
1167 1626 1433 1681 actionem
1459 1643 1476 1681 :
1506 1639 1561 1682 et
1582 1629 1626 1682 si
1655 1627 1838 1696 jussus
1856 1644 2012 1682 man-

448 1713 631 1766 datum
666 1722 976 1783 praetereat,
1009 1731 1110 1772 non
1143 1719 1260 1772 ideo
1283 1729 1535 1774 naturam
1559 1719 1820 1786 demutat,
1843 1735 2016 1788 neque

449 1801 796 1856 necessitatis
837 1781 1047 1872 legibus
1093 1806 1264 1861 vincit
1318 1781 2015 1875 inobsequettteitt,'neqtte
2047 1781 2087 1835 Β

447 1893 680 1960 gratiam
712 1909 808 1962 per
849 1895 955 1950 vim
1011 1895 1206 1964 aufert,
1251 1912 1426 1966 neque
1458 1898 1602 1953 intra
1636 1897 2014 1952 necessitatem

449 1985 589 2038 dona
610 1987 903 2051 contrahit,
932 2002 1106 2056 neque
1133 1996 1379 2043 naturam
1411 1997 1748 2058 pervertens,
1778 1996 2012 2042 mentem

449 2076 753 2133 adulterat:
773 2079 868 2134 sed
894 2080 1103 2136 ratione
1132 2081 1184 2136 in
1213 2081 1486 2136 dominatu
1508 2096 1608 2136 suo
1629 2081 1816 2136 relicta
1836 2080 2012 2149 poenis

448 2168 852 2240 delinquentem
891 2173 958 2227 ad
987 2174 1307 2243 sapientiam
1331 2185 1572 2238 revocat,
1606 2171 1847 2241 Principi
1885 2185 2014 2226 vero

449 2261 647 2316 rationi
677 2265 922 2333 corporis
953 2265 1199 2321 habenas
1227 2267 1508 2335 permittit,
1549 2275 1604 2320 et
1638 2267 1871 2319 animam
1893 2277 2015 2318 cor-

446 2351 564 2421 pori
591 2352 759 2408 veluti
784 2355 1056 2410 curriculo
1087 2357 1325 2427 aurigam
1349 2356 1648 2426 prmﬁciens
1672 2356 2012 2422 adhortatur,

445 2451 507 2497 ut
539 2442 605 2498 ad
632 2457 851 2500 cursum
884 2445 1099 2500 virtutis
1133 2447 1566 2516 impellat.’l‘unc
1597 2448 1780 2517 igitur,
1804 2447 1850 2500 si
1875 2446 2015 2499 ratio

449 2533 630 2588 sobria
683 2534 926 2602 corporis
967 2535 1205 2589 habenas
1238 2535 1522 2601 sustineat,
1555 2550 1772 2590 cursum
1822 2537 2014 2604 currit,

448 2638 560 2695 quo
588 2638 786 2678 corona
839 2633 1093 2694 paretur:
1117 2626 1533 2681 dormitabnnda
1565 2642 1693 2683 vero
1743 2628 2016 2697 passioni-

449 2716 553 2771 bus
586 2723 845 2784 tanquam
886 2716 1042 2785 equis
1097 2731 1193 2786 per
1227 2717 1545 2787 praecipitia,
1580 2733 1784 2788 perque
1829 2732 2017 2786 aspera

447 2808 662 2862 viarum
699 2806 870 2862 fertur
895 2807 1219 2879 incogitans,
1262 2818 1317 2864 et
1363 2810 1576 2866 tandem
1610 2809 1814 2876 deiecta
1858 2821 2020 2882 atque

450 2897 519 2954 ad
549 2907 750 2952 terram
780 2897 976 2952 aﬂlicta
1011 2900 1246 2955 trahitur
1263 2900 1482 2970 pulvere
1499 2904 1735 2968 sordida,
1761 2905 1860 2959 sub
1890 2919 2018 2973 pro-

450 2987 554 3057 prii
583 3003 775 3043 currus
815 2988 1000 3059 iugum
1053 2992 1289 3060 captiva,
1327 3007 1390 3045 ac
1416 3002 1606 3047 vexata
1651 2994 1892 3049 clamat:
1922 2994 2016 3048 1η-

452 3079 585 3148 felix
608 3096 702 3149 ego
737 3081 912 3144 homo,
949 3081 1068 3149 quis
1107 3097 1188 3135 me
1219 3081 1462 3136 liberabit
1497 3085 1560 3136 de
1601 3085 2018 3144 corporemortis
2045 3115 2087 3172 ο

452 3172 716 3241 hujus“?
745 3171 878 3227 Nam
919 3187 1014 3242 per
1034 3174 1337 3230 socordiam
1379 3174 1680 3245 principatu
1711 3173 1924 3244 prodito
1957 3175 2016 3229 lit

451 3279 606 3320 serva
651 3265 986 3335 passionum,
1044 3275 1099 3320 et
1167 3267 1627 3322 irrationabilibus
1677 3267 2017 3340 passionibus

452 3371 575 3411 cum
635 3355 889 3410 thronum
941 3357 1077 3409 ratio
1123 3367 1318 3425 prater
1380 3357 1624 3410 ordinem
1664 3357 2014 3424 concesserit,

450 3459 640 3500 earum
689 3461 844 3500 serva
903 3447 1252 3514 comperitur,
1307 3448 1372 3502 ad
1427 3463 1653 3517 quarum
1701 3451 2014 3504 servitutem

451 3535 736 3592 fruendam
765 3546 890 3591 nata
912 3546 1012 3594 est.
1047 3537 1228 3608 Itaque
1246 3548 1442 3607 prmter
1470 3539 1574 3593 alia
1603 3540 1801 3609 quibus
1841 3541 2015 3595 homi-

456 3640 576 3680 nem
633 3627 776 3682 Dcus
839 3629 1235 3684 condecorasse
1285 3630 1513 3695 videtur,
1559 3631 1722 3685 etiam
1781 3641 2014 3684 mentem

454 3716 667 3771 arbitrii
709 3717 960 3773 libertate
989 3719 1286 3783 investivit,
1313 3720 1431 3790 iege
1453 3721 1580 3774 data
1631 3725 1695 3775 ad
1724 3721 2017 3776 voluntatis

453 3806 896 3861 exercitationem
927 3823 944 3862 :
975 3819 1031 3861 et
1062 3810 1114 3861 in
1142 3808 1334 3862 arbore
1355 3809 1516 3864 veluti
1543 3809 1718 3862 tabula
1747 3809 2018 3878 descripto

455 3895 711 3950 mandato
751 3897 896 3951 intus
943 3898 1176 3952 abditam
1218 3899 1540 3966 diiudicandi
1586 3900 1691 3953 vim
1734 3901 2013 3964 excitavit,

455 3987 692 4055 ascripto
730 3988 782 4042 in
820 3987 962 4057 ligno
990 3989 1237 4058 parendi,
1274 3999 1368 4044 aut
1407 4005 1510 4044 non
1559 3991 1781 4059 parendi
1821 3991 2016 4046 discri-

455 4076 616 4130 mine.
647 4075 782 4130 Hinc
815 4088 1000 4131 notum
1026 4078 1147 4132 boni
1180 4077 1373 4132 etmali
1410 4079 1614 4150 lignum
1638 4081 1970 4150 agnontinari
2001 4099 2013 4134 :

455 4166 522 4220 ab
551 4166 655 4221 illis
685 4168 829 4222 enim
860 4185 978 4238 quae
999 4169 1084 4224 hic
1109 4170 1295 4225 didicit
1324 4169 1524 4242 lignum
1557 4172 1882 4242 appellatum
1913 4181 2017 4236 est,

453 4268 509 4312 et
539 4258 700 4325 lmjns
729 4259 1020 4314 instructio
1045 4261 1170 4331 ligni
1196 4261 1293 4317 fuit
1317 4261 1857 4332 appellatio.Quippe
1889 4262 2020 4327 illic,

521 4413 565 4445 “
596 4412 753 4470 Rom.
799 4430 895 4481 νη,
925 4415 1014 4470 24.

2108 535 2278 588 τοῦσα
2303 534 2413 588 τῶν
2444 532 2732 603 πρακτέων
2763 530 2860 602 τὴν
2893 531 3104 600 αἰρεσιν
3127 546 3140 559 ·
3165 528 3281 582 ἀλλ’
3315 526 3455 598 όμοῦ
3488 546 3550 581 τε
3585 546 3683 582 κε-

2110 623 2255 678 λεύει
2289 624 2469 693 φύσις,
2511 624 2606 677 καὶ
2641 625 2697 685 ἐς
2727 621 2788 674 τὸ
2809 621 3073 691 πράττειν
3103 619 3384 688 ἐπείγεται
3420 618 3492 689 μὴ
3515 619 3685 672 πολυ-

2111 713 2531 787 πραγμονοῦντα
2569 713 2629 765 τὸ
2659 711 3008 782 πρόσταγμα.
3065 708 3387 780 Ἀνθρωπος
3421 709 3479 762 δὲ
3532 709 3685 780 λόγῳ

2110 807 2421 877 τετίμηται,
2471 805 2564 857 καὶ
2603 802 2922 874 προαιρέσει
2981 800 3364 870 κεκόσμηται,
3419 801 3512 852 καὶ
3553 801 3686 853 αύτ-

2112 897 2231 960 εξου
2239 895 2338 967 σίῳ
2353 894 2544 964 γνώμῃ
2561 894 2884 965 ἀστράπτει,
2906 891 3204 962 βουλήματι
3223 889 3521 943 ἀδούλωτον
3544 891 3686 960 ἔχων

2111 989 2172 1041 τὸ
2201 988 2476 1057 φρόνημα,
2504 985 2899 1038 αὐτοδέσποτον
2926 982 3068 1053 ἔχων
3088 981 3186 1051 τὴν
3215 981 3493 1051 πρόθεσιν,
3525 981 3683 1035 ἀδία-

2115 1097 2238 1133 στον
2272 1079 2486 1143 δεικνὺς
2521 1079 2630 1133 τῶν
2669 1077 2958 1149 πρακτέων
2993 1076 3094 1146 τὴν
3124 1076 3354 1144 αἵρεσιν.
3402 1073 3682 1126 Ἐντεῦθεν
3775 1149 3779 1154 Ι

2113 1171 2174 1223 τδ
2213 1171 2310 1241 μὲν
2342 1169 2647 1240 ἐκλέγεται,
2675 1169 2736 1222 τὸ
2758 1169 2816 1222 δὲ
2845 1168 2983 1238 πρὸς
3013 1166 3074 1219 τὸ
3101 1164 3290 1219 δοκοῦν
3315 1164 3682 1236 παραπέμπε-

2113 1279 2235 1317 ταιο
2267 1264 2362 1317 καὶ
2387 1263 2449 1315 τὸ
2502 1261 2602 1332 μὲν
2642 1259 3066 1332 ἀποστρέφεται,
3095 1245 3258 1326 τῷδέ
3289 1254 3641 1326 προστίθεται
3664 1272 3679 1286 ο

2114 1356 2209 1410 καὶ
2243 1353 2540 1424 βασιλεύων
2571 1351 2907 1422 αὑτεξουσίῳ
2935 1350 3286 1420 βουλεύματι,
3321 1349 3543 1400 πλουτεῖ
3562 1347 3683 1408 ταῖς

2113 1449 2212 1518 τῆς
2253 1447 2479 1518 γνώμης
2517 1445 2786 1516 αἱρέσεσι.
2825 1443 2925 1497 Διά
2955 1440 3116 1496 τοῦτο
3141 1442 3315 1504 διδοὺς
3339 1441 3502 1511 νόμον
3524 1439 3678 1500 Θεὸς,

2115 1540 2214 1592 οὐκ
2248 1537 2494 1606 ἀνάγκην
2525 1536 2665 1606 πρὸς
2715 1535 2778 1588 τδ
2820 1533 3080 1605 πράττειν
3127 1529 3516 1606 προστίθησιν,
3568 1528 3683 1581 ἀλλ’
3757 1599 3760 1602 ι

2117 1626 2420 1681 ἐντέλλεται
2461 1625 2530 1678 τὰ
2573 1625 2857 1687 δοκοῦντα,
2895 1624 2991 1677 καὶ
3028 1622 3106 1693 τῷ
3139 1621 3315 1674 θέλειν
3358 1619 3455 1690 τὴν
3482 1618 3685 1689 πρᾶξιν

2116 1719 2330 1789 ἀφίησι,
2353 1719 2457 1772 κᾶν
2483 1719 2509 1771 ὁ
2539 1717 3012 1788 προσταττόμενος
3043 1715 3377 1784 παραδράμῃ
3414 1713 3475 1764 τὸ
3511 1711 3678 1781 πρόσ⁸

2113 1826 2322 1880 ταγμα,
2362 1809 2471 1862 οὐδ’
2513 1807 2687 1871 οὕτως
2737 1807 3092 1879 μεταλλάττει
3172 1805 3273 1876 τὴν
3319 1803 3511 1872 φύσιν,
3561 1801 3682 1854 οὐδὲ

2113 1901 2298 1970 νόμοις
2333 1900 2578 1970 ἀνάγκης
2620 1897 2878 1968 δεσμεύει
2921 1897 3013 1950 τὸν
3068 1895 3518 1967 παρακούσαντα,
3562 1890 3680 1946 οὐδὲ

2114 1993 2338 2060 ἀφαιρεῖ
2355 1990 2444 2062 βίᾳ⁴
2459 1990 2555 2060 τὴν
2573 1990 2752 2060 χάριν,
2777 1990 2899 2042 οὐδὲ
2917 1989 3163 2060 περισπᾷ
3176 1986 3235 2039 τδ
3256 1986 3428 2057 δῶρον
3445 1986 3677 2052 ἀνάγκῃ,

2115 2081 2238 2135 οὐδὲ
2261 2080 2471 2134 νοθεύει
2511 2081 2606 2152 τὴν
2639 2079 2890 2151 γνώμην,
2931 2077 3300 2150 παρατρέπων
3336 2076 3436 2145 τὴν
3481 2076 3641 2142 φύσιν
3663 2090 3677 2103 ·

2115 2173 2230 2227 ἀλλ’
2267 2172 2373 2225 ἐῶν
2399 2173 2461 2225 τὸ
2489 2173 2598 2226 τῶν
2629 2171 2908 2241 λογισμῶν
2929 2169 3339 2234 αὑτοδέσποτον,
3363 2165 3680 2238 σωφρονίζει

2117 2264 2414 2335 τιμωρίαις
2469 2264 2577 2317 τὺνι
2605 2263 3114 2334 πλημμελήσανταο
3169 2260 3246 2331 τῷ
3297 2259 3353 2312 δὲ
3393 2257 3682 2328 κρατοῦντι

2115 2356 2360 2426 λογισμῷ
2379 2357 2478 2419 τὰς
2507 2354 2602 2409 τοῦ
2635 2354 2885 2425 σώματος
2908 2355 3069 2425 ἡνίας
3095 2351 3388 2423 ἐπέτρεψεν
3415 2348 3525 2419 (58)
3545 2364 3562 2379 ο
3588 2349 3684 2401 καὶ

2117 2446 2366 2517 καθάπερ
2390 2447 2598 2518 ἅρματι
2632 2445 2708 2516 τῷ
2734 2445 2948 2517 σώματι
2977 2445 3076 2516 τὴν
3107 2443 3285 2512 ψυχὴν
3318 2440 3526 2510 ἡνίοχον
3557 2441 3680 2489 επι-

2117 2539 2354 2608 στήσας,
2412 2539 2503 2591 τδν
2554 2538 2753 2608 δρόμον
2794 2537 2898 2607 τῆς
2949 2535 3149 2608 ἀρετῆς
3193 2533 3436 2588 ἐλαύνειν
3501 2545 3680 2598 παρα-

2119 2628 2420 2684 κελεύεται.
2440 2628 2705 2683 Ἐνταῦθα
2733 2629 2934 2693 τοίνυν,
2958 2631 3004 2681 εί
3037 2629 3136 2698 μὲν
3153 2627 3348 2707 ’νήφων
3371 2626 3399 2676 ό
3425 2619 3685 2689 λογισμὸς

2119 2720 2285 2793 ἀνέχῃ
2317 2723 2415 2787 τὰς
2445 2720 2602 2792 ἡνίας
2633 2721 2728 2775 τοῦ
2764 2721 3040 2791 σώματος,
3069 2719 3253 2791 τρέχει
3296 2715 3494 2786 δρόμον
3546 2729 3682 2780 προ-

2120 2812 2373 2878 ξενοῦντα
2421 2813 2513 2866 τὸν
2569 2812 2866 2881 στέφανον·
2929 2812 3292 2876 ὲπινυστάξας
3335 2811 3391 2865 δὲ
3436 2807 3683 2874 καθάπερ

2119 2903 2304 2965 ἵπποις
2330 2905 2442 2966 τοῖς
2485 2901 2734 2966 πάθεσιν,
2779 2901 2967 2955 έλαθεν
2999 2901 3188 2954 ἑαυτὸν
3252 2900 3393 2954 κατά
3425 2896 3686 2972 κρημνῶν

2120 2993 2213 3045 καὶ
2252 2991 2556 3064 δυσχωρίας
2589 2993 2908 3064 φερόμενος·
2957 2992 3053 3046 καὶ
3083 2992 3387 3045 τελευταῖον
3417 2989 3686 3057 καταϐλη-

2121 3081 2257 3147 θεὶς,
2315 3082 2534 3136 ἕλκεται
2586 3084 2975 3153 κεκονιμένος,
3043 3082 3688 3153 αἰχμάλωτος-ἅρματος

2122 3175 2323 3227 οἰκείου
2351 3175 2668 3244 γενόμενος,
2703 3175 2795 3227 καὶ
2830 3175 3129 3245 συρόμενος
3157 3173 3394 3242 κέκραγε
3414 3187 3429 3201 ο
3481 3169 3687 3223 Ταλαι-

2124 3281 2320 3332 πωρος
2366 3265 2482 3336 ἐγὼ
2513 3267 2845 3334 ἄνθρωπος,
2883 3266 2974 3331 τίς
3010 3281 3086 3334 με
3127 3265 3377 3332 ῥύσεται
3414 3260 3532 3315 ἀπὸ
3580 3259 3690 3314 τοῦ

2123 3356 2400 3423 σώματος
2427 3355 2535 3409 τοῦ
2566 3355 2827 3409 θανάτου
2859 3356 3070 3408 τούτου
3087 3373 3104 3419 ;
3132 3353 3365 3425 Προδοὺς
3385 3352 3490 3422 γάρ
3525 3349 3690 3422 ρᾳθυο

2127 3447 2226 3516 μίᾳ
2250 3446 2347 3515 τὴν
2377 3447 2716 3513 δεσποτείαν,
2748 3447 2954 3515 γίνεται
2988 3447 3170 3509 δοῦλος
3204 3444 3390 3498 παθῶν
3409 3461 3421 3475 ο
3461 3443 3554 3496 καὶ
3585 3441 3690 3495 πά-

2124 3537 2271 3590 θεσιν
2305 3537 2614 3606 ἀλογίστοις
2644 3542 2672 3592 ό
2714 3539 2970 3609 λογισμὸς
2999 3538 3406 3609 παραχωρήσας
3434 3537 3526 3589 τὸν
3563 3533 3690 3603 θρό-

2123 3645 2230 3695 νον,
2280 3628 2464 3692 δοῦλος
2521 3630 2757 3700 ἠλέγχθη
2801 3631 3025 3695 τούτων,
3089 3629 3180 3698 ὑφ’
3217 3623 3290 3682 ὧν
3326 3626 3519 3697 ἐτέχθη
3569 3627 3691 3678 δου-

2121 3720 2394 3775 λεύεσθαι.
2426 3722 2569 3792 Πρὸς
2597 3723 2776 3775 τοίνυν
2813 3725 2923 3786 τοῖς
2953 3721 3153 3785 ἄλλοις,
3183 3717 3264 3783 οἷς
3295 3719 3428 3782 Θεὸς
3451 3720 3688 3788 τιμήσας

2124 3810 2214 3864 τὸν
2260 3810 2545 3881 ἄνθρωπον
2596 3813 2866 3881 φαίνεται,
2917 3813 3009 3865 καὶ
3055 3811 3299 3880 λογισμῷ
3345 3807 3690 3874 αὑτεξουσίου

2123 3901 2330 3973 δωρεᾶς
2384 3903 2683 3972 ἀμφιέσας,
2737 3903 2935 3957 δέδωκε
2971 3903 3134 3972 νόμον
3187 3899 3352 3970 αὐτῷ,
3397 3899 3689 3970 γυμνάζων

2120 3994 2218 4064 τὴν
2253 3993 2482 4064 αἵρεσιν·
2513 3995 2606 4048 καὶ
2636 3994 2888 4066 καθάπερ
2918 3996 2974 4047 έν
2995 3994 3161 4064 δέλτῳ
3189 3991 3266 4062 τῷ
3289 3990 3441 4062 φυτῷ
3462 3989 3690 4059 διαγρά-

2119 4083 2227 4152 ψας
2256 4083 2357 4155 τὴν
2391 4084 2632 4156 ἐντολὴν,
2672 4083 2773 4155 τὴν
2802 4084 2949 4138 ἔνδον
2978 4082 3366 4154 κρυπτομένην
3395 4080 3692 4146 διάγνωσιν

2121 4174 2429 4246 ἀνεκίνησε,
2469 4176 2717 4247 ὑπακοῆς
2748 4177 2842 4228 καὶ
2877 4173 3164 4246 παρακοῆς
3183 4171 3446 4243 διαφορὰν
3480 4169 3574 4222 ἐπὶ
3595 4169 3687 4221 τοῦ

2128 4262 2284 4328 ξύλου
2338 4266 2719 4339 προσγράψας.
2764 4265 3040 4320 Ἐντεῦθεν
3092 4264 3334 4335 γνωστὸν
3384 4260 3549 4316 καλοῦ
3597 4258 3688 4314 καὶ

1683 4572 1786 4627 CL.
1828 4571 2198 4641 DAUSQUEII
2235 4574 2465 4634 ΝΟΤίΕ.

524 4730 636 4798 (37)
663 4731 767 4786 Kal
792 4727 1137 4799 προαίρεσίς
1163 4729 1273 4780 οὐκ
1305 4725 1476 4799 ἐστιν
1503 4727 1706 4793 αὐτοῖς
1729 4727 1824 4799 ἐπ’
1855 4727 2019 4798 ἄμφω

2131 4739 2288 4784 tatem
2334 4733 2483 4784 habet
2533 4733 2816 4799 appetitum
2869 4730 3168 4794 coercendi,
3202 4736 3294 4780 aut
3336 4724 3608 4799 sequendi,
3643 4726 3688 4778 si

455 4793 574 4868 τὴν
603 4793 896 4868 ἐξουσίαις
931 4793 1272 4868 μερίζουσα.
1298 4795 1470 4868 Paria
1496 4807 1663 4868 sunt”
1685 4798 1772 4868 illa
1831 4793 2024 4852 Daunu-

457 4867 602 4924 sceni
651 4871 741 4922 lib.
777 4885 814 4923 ιι
871 4867 941 4920 De

458 4939 628 5005 ἄλογα
675 4939 776 4990 οὐκ
820 4937 959 4989 εἰσὶν
1007 4935 1346 5006 αὐτεξούσια·
1395 4936 1616 5006 ἄγον-ται
1648 4936 1778 5006 γγάρ
1828 4937 2025 5006 μᾶλλον

461 5003 690 5074 ὑπὸτῆς
720 5007 932 5076 φύσεως
951 5046 964 5069 ,
997 5005 1142 5076 ἥπερ
1167 5005 1378 5073 ἄγουσι.
1405 5003 1498 5076 Διᾷ
1521 5003 1665 5076 [οὐκ]
1685 5003 2026 5073 ἀντιλέγουσι

461 5079 527 5147 τῇ
547 5073 757 5147 φυσικῇ
779 5073 1134 5147 egressam)?
1154 5076 1269 5147 ἅμα
1300 5073 1566 5147 όρεχθῶῥί
1605 5073 1748 5147 τινος
1769 5115 1786 5147 ,
1817 5077 2025 5146 ὁρμῶσι

613 5144 713 5214 τὴν
731 5143 949 5231 πρᾶξιν.
1092 5146 1147 5199 δὲ
1180 5143 1725 5231 ἀνθρώποςκλογικδς
1760 5143 1859 5231 ὢν,
1888 5143 2026 5213 ’ἄγει

466 5214 670 5284 μᾶλλον
697 5214 796 5284 τὴν
820 5216 998 5283 φύσιν,
1020 5215 1164 5286 ἢπερ
1190 5215 1401 5282 ἄγεται.
1433 5214 1523 5265 Διὸ
1550 5215 1643 5266 καὶ
1675 5215 2016 5283 ὀρεγόμενος,

464 5286 643 5355 εἴπερ-
669 5283 864 5355 ἐθέλει,
897 5281 1284 5355 ὲξουσίανίέχει
1305 5283 1664 5355 ,ἀναχαιτίσαι
1698 5285 1796 5355 τὴν
1823 5286 2019 5354 ἴρεξιν,

464 5351 889 5423 ἢάκολουθῆσαι
921 5355 1077 5423 αὐτῇ.
1119 5351 1254 5406 mn'c
1293 5351 1455 5405 bruta
1483 5363 1662 5404 carent
1704 5351 1911 5405 arbitrii
1955 5355 2022 5405 Ii-

465 5425 663 5478 bertatc
687 5437 706 5476 .'
734 5439 854 5475 nam
895 5433 1120 5491 aguntur
1147 5425 1319 5492 potius
1353 5440 1384 5475 a
1411 5433 1622 5484 natura,
1651 5439 1806 5490 quam
1843 5435 2023 5486 agunt.

466 5497 643 5556 Quare
669 5506 830 5559 neque
862 5493 1095 5543 naturali
1133 5491 1386 5559 appetitui
1415 5493 1804 5558 contradicunt,
1828 5491 1916 5544 sed
1956 5493 2028 5544 si-

465 5562 648 5612 mulac
676 5560 875 5628 aliquid
896 5560 1428 5627 appetirerint,ruunt
1451 5560 1503 5610 in
1519 5575 1666 5625 opus.
1689 5559 1858 5612 Homo
1889 5577 2024 5621 vero,

467 5629 668 5681 mtione
692 5627 944 5698 prwditus
973 5642 1089 5698 cum
1122 5633 1206 5690 sit,
1241 5633 1344 5698 agit
1379 5639 1623 5682 naturam
1670 5630 1842 5694 potius
1869 5644 2028 5698 quant

466 5698 662 5766 agitur.
717 5697 892 5758 Onare
924 5696 1101 5756 etiam,
1153 5695 1287 5749 thtm'
1310 5700 1538 5767 appetitu
1571 5708 1822 5764 moretur,
1857 5695 2028 5764 {ocul-

974 4867 1078 4935 βόε
1120 4865 1353 4926 ονιΙιοιί..
1401 4881 1450 4920 c.
1488 4866 1558 4920 29
1591 4882 1604 4920 :
1641 4866 1804 4920 Ὅθεν
1835 4869 1929 4920 καὶ
1959 4868 2061 4920 τά“

2129 4802 2332 4868 quidem
2361 4794 2574 4853 tit-itum'
2589 4794 2768 4867 fuerit.
2797 4799 3066 4868 Insignem
3099 4799 3239 4852 hanc
3261 4794 3561 4851 doctrinam
3590 4794 3691 4848 La-

2132 4871 2257 4922 tinis
2289 4870 2357 4922 ita
2392 4877 2571 4922 notant
2604 4870 2763 4923 facio.

2202 4938 2313 5005 (58)
2339 4937 2422 5002 Τῷ
2447 4937 2513 4990 δὲ
2537 4940 2850 5005 κρατοῦντι
2868 4936 3134 5007 λογισμῷ
3165 4938 3272 5002 τὰς
3292 4935 3398 5007 τοῦ
3419 4933 3690 5007 σώμαι-ξος

2130 5000 2309 5073 ήνῖαςέ
2355 5000 2702 5075 ἐπέτρεψεν.
2752 5011 2811 5061 D.
2849 5000 3139 5076 Gregorius
3185 5000 3536 5076 itt__Enconti;o
3571 5000 3689 5054 Ma-

2133 5078 2463 5149 cltabazorrum
2495 5073 3026 5149 λογισμόν-ηοιιιίιιῇι
3055 5074 3430 5149 αὐτοκράτορα
3457 5073 3564 5149 τῷν
3594 5087 3694 5149 παῖ

2135 5145 2263 5199 θῶν.
2297 5140 2698 5214 Athenagoras,
2741 5146 2814 5198 De
2847 5161 3043 5197 resurr.
3082 5159 3100 5197 :
3130 5140 3436 5214 Πέῲυκεδὲ
3467 5143 3492 5214 γ(
3507 5140 3690 5209 ψυχὴ)

2128 5218 2248 5278 ταῖς
2293 5215 2385 5267 τοῦ
2412 5212 2660 5283 σώματος
2687 5217 2993 5266 ἐπιστατεῖν
3023 5215 3238 5283 ὁρμαῖς.
3289 5212 3590 5283 Ingenuum
3616 5219 3692 5283 est

2133 5286 2310 5338 animo
2354 5279 2587 5352 corporis
2622 5283 3023 5352 appetitionibus
3055 5279 3372 5352 pra’siderﬁe.’
3395 5279 3562 5352 Qttcttt
3601 5281 3691 5346 qui

2128 5355 2350 5408 servitio
2394 5349 2496 5406 non
2532 5349 2882 5420 oppresserit,
2917 5351 3044 5417 quin
3095 5351 3272 5420 potius
3305 5351 3358 5402 itt
3384 5349 3684 5420 _d0t_nittatn

2129 5439 2226 5476 suo
2255 5417 2706 5488 retinnerits'trpra
2733 5419 3025 5488 hominem,
3051 5419 3293 5472 evehitur
3324 5434 3352 5471 a
3383 5417 3689 5484 Pythagora

2129 5501 2184 5544 et
2211 5493 2353 5546 Deus
2389 5485 2705 5544 immortalis
2737 5485 2966 5540 habetur
2994 5503 3008 5539 :

2144 5623 2421 5690 Ἦνίοχον
2446 5619 2682 5690 ruitin
2714 5616 2950 5690 στήσας
2975 5617 3342 5690 καθύπερθεν
3363 5616 3626 5690 ᾀρίιγτην

2138 5685 2382 5744 "licuerit
2416 5685 2706 5754 ἀθάνατος
2731 5687 2864 5751 θεὸς
2906 5687 3211 5754 ἄμϐροτος,
3234 5685 3430 5737 οὐκέτι
3457 5688 3699 5753 θνητός.
