3990 6160
327 381 397 445 b3
832 371 837 376 ’
1318 427 1326 436 .
1765 374 1903 435 ΟΗΑ

1986 374 2047 435 LO
2079 374 2192 434 III.
2406 426 2413 433 .
3496 363 3562 429 Μ

334 478 571 553 πονηροῦ
603 479 666 534 τὺ
714 480 877 546 ξύλον
903 480 1298 553 ἐπονομάζεται
1318 496 1333 513 ο
1365 481 1460 551 ἀφ’
1503 474 1578 535 ὧν
1613 480 1722 549 γὰρ
1748 476 1902 545 οὗτος

2004 483 2080 536 ιιιί
2108 481 2242 546 disi,
2264 481 2469 536 Adamo
2520 479 2867 537 excolebatur
2916 477 3293 549 intelligentia,
3320 485 3375 532 et
3409 490 3564 530 exer-

336 573 607 643 ἐδιδᾶχθη,
638 571 746 624 ὑπὸ
778 570 991 625 τούτων
1010 572 1070 625 τὸ
1102 571 1257 637 ξύλον
1279 570 1483 642 ἐκλήθη
1502 592 1516 606 ·
1535 572 1632 625 καὶ
1653 572 1688 642 ἠ
1714 570 1904 625 τούτου

2004 573 2230 629 cebatur
2259 571 2400 626 ratio
2437 587 2450 624 :
2484 569 2565 624 Ea:
2607 571 2747 623 omni
2792 570 2933 639 ligno
2981 568 3215 637 paradisi
3237 566 3567 621 condatis

336 662 671 726 διδασκαλία,
710 660 807 715 τοῦ
851 661 1023 731 φυτοῦ
1051 660 1416 733 προσηγορία.
1467 661 1616 715 Ἐκεῖ
1651 661 1780 732 γὰρ,
1830 660 1907 724 ὡς

2006 663 2146 732 ligno
2178 670 2352 718 autem
2392 662 2625 717 scientiw
2668 662 2787 715 boni
2812 672 2861 715 et
2890 661 3016 714 mali
3042 677 3106 714 ne
3144 660 3403 739 comedas.
3437 656 3568 710 Fru-

271 747 279 755 ’
340 754 494 823 ἔφην,
521 751 603 822 τῷ
647 751 827 822 Ἀδὰμ
854 753 887 822 ἡ
918 750 1121 820 γνῶσις
1147 751 1462 823 ἐμελετᾶτο,
1495 751 1590 803 καὶ
1604 750 1667 803 τδ
1693 749 1847 819 λογικ

2008 762 2153 807 ctum
2179 752 2317 807 habe
2361 751 2496 807 citra
2527 752 2743 806 modum
2769 768 2784 819 ;
2816 766 3030 805 manum
3061 751 3322 805 duntaxat
3363 746 3571 802 abstine

350 841 692 912 ἐγυμνάζετο
713 858 728 873 ·
774 841 916 896 Ἀπὸ
953 841 1182 907 παντὸς
1219 842 1413 903 ξύλου
1449 840 1557 895 τοῦ
1575 840 1648 894 ἐν
1686 839 1767 915 ζῷ
1795 852 1907 893 πα-

2010 842 2078 899 ab
2131 857 2225 898 esu
2274 842 2483 897 insulso
2537 852 2591 897 et
2650 838 2940 910 superﬂuo.
3003 839 3118 907 Quo
3169 839 3222 894 in
3270 838 3443 907 pretio
3502 837 3573 892 sit

337 933 609 999 ραδείσφ
654 933 879 1002 βρώσει
916 931 1111 1002 φαγῆ·
1140 930 1261 987 ἀπὸ
1303 930 1373 984 δὲ
1412 931 1519 985 τοῦ
1562 930 1752 995 ξύλου
1803 929 1911 985 τοῦ

2011 933 2308 1001 legislator,
2353 934 2735 989 observatione
2764 931 2907 1002 legis
2939 931 3179 1001 propala.
3228 928 3572 997 Pcrspectunt

348 1021 672 1088 γινώσκειν
706 1023 896 1078 καλὸν
930 1023 1030 1077 καί
1087 1021 1380 1090 πονηρὸν,
1414 1022 1486 1076 οὐ
1515 1020 1780 1092 φαίνεσθε
1810 1021 1911 1075 ἀπ’

2014 1033 2161 1079 tuum
2190 1025 2412 1079 habeam
2436 1023 2696 1088 animum,
2724 1032 2785 1075 ut
2828 1021 3030 1077 amoris
3060 1021 3135 1075 tui
3169 1020 3275 1073 vim
3307 1019 3360 1073 in
3401 1018 3574 1088 pretio

350 1113 710 1183 αὐτοῦ.¹Εχε
748 1113 847 1183 τὴν
882 1112 1185 1167 ἀπόλαυσιν
1217 1111 1477 1183 ἄμετρον,
1512 1111 1706 1183 στῆσον
1754 1110 1913 1182 μόνον

2012 1116 2238 1171 habeam
2266 1134 2280 1170 :
2315 1124 2498 1185 gratus
2529 1125 2650 1170 esto
2681 1127 2897 1167 manum
2934 1110 3327 1175 contrahendo,
3356 1107 3462 1180 14
3476 1123 3576 1162 an-

352 1200 453 1270 τὴν
482 1204 631 1272 χεῖρα
660 1204 797 1275 πρὸς
826 1202 1027 1257 ἄτοπον
1067 1200 1267 1273 βρῶσιν
1299 1202 1680 1272 ἐπειγομένην.
1731 1200 1914 1266 Δεῖξον

2016 1206 2153 1262 tei‘er
2176 1207 2342 1260 totius
2368 1205 2601 1276 paradisi
2631 1204 2942 1275 largitorem
2966 1202 3127 1257 unico
3147 1202 3326 1271 ligno:
3350 1200 3576 1255 honoris

353 1295 423 1361 τῇ
460 1292 550 1346 τοῦ
580 1294 746 1365 νόμου
794 1293 1038 1364 φυλακῇ,
1086 1293 1184 1363 τὴν
1235 1291 1333 1346 τοῦ
1378 1291 1669 1364 νομοθέτου
1725 1292 1913 1363 τιμήν.

2014 1298 2123 1353 mei
2160 1296 2422 1351 arbitrum
2484 1304 2536 1351 te
2585 1295 2774 1362 statui,
2806 1308 2903 1364 par
2954 1293 3093 1347 bene
3148 1290 3375 1346 merenti
3436 1289 3579 1344 refer

360 1382 479 1437 Ἰδω
503 1384 597 1456 τὴν
620 1384 875 1456 γνώμην,
924 1385 1021 1438 ῐνα
1048 1383 1316 1453 θαυμάσω
1370 1382 1432 1437 τὸ
1462 1382 1708 1454 φίλτρον.
1761 1381 1916 1435 Δίδου

2016 1398 2263 1462 gustatus
2308 1387 2727 1458 contemptione.
2759 1385 2884 1442 Ideo
2925 1384 3113 1440 mortis
3155 1392 3417 1439 terrorem
3454 1396 3576 1436 cum

359 1492 446 1544 μοι
472 1475 628 1547 χάριν
649 1476 757 1534 τὴν
789 1478 952 1547 χεῖρα
981 1473 1287 1538 συστείλας,
1318 1471 1411 1528 τὸν
1438 1473 1563 1528 δλου
1588 1472 1916 1545 παραδείσου

2017 1482 2132 1552 lege
2151 1482 2245 1538 tibi
2265 1481 2433 1537 obtuli
2464 1489 2652 1536 contra
2687 1479 2949 1535 nefariam
2985 1476 3346 1548 appetentiam
3379 1473 3581 1528 auxilio

354 1569 564 1639 δοτῆρα,
596 1570 723 1634 ἑνὸς
759 1569 921 1635 ξύλου
965 1568 1127 1641 μόνον
1158 1569 1498 1640 προτίμησον
1522 1584 1536 1599 ·
1567 1567 1630 1621 αὶ
1658 1567 1919 1637 δικαστὴν

2019 1575 2374 1642 futurum;et
2393 1573 2438 1629 si
2476 1586 2628 1627 mens
2683 1572 2748 1626 ad
2796 1584 2914 1626 eam
2968 1570 3213 1635 inclinet,
3236 1575 3443 1622 terrore
3487 1564 3581 1621 ob-

358 1663 453 1728 τῆς
482 1663 616 1732 ἐμῆς
638 1663 995 1734 ἐποιησάμην
1023 1663 1188 1733 τιμῆς
1205 1677 1220 1691 ο
1249 1660 1477 1731 ἀμείϐου
1504 1660 1597 1714 τὸν
1625 1659 1920 1730 εὐεργέτην

2014 1668 2156 1735 ieeto
2179 1664 2461 1718 ﬁrmatur:
2493 1671 2576 1717 est
2622 1660 2767 1716 enim
2803 1657 3173 1729 temperantiae
3214 1670 3411 1711 nervus
3440 1668 3578 1724 pm-

362 1753 740 1821 περιφρονήσει
778 1752 881 1821 τῆς
904 1750 1166 1819 γεύσεως.
1218 1751 1318 1804 Διὰ
1340 1749 1497 1804 τοῦτό
1518 1766 1599 1802 σοι
1636 1749 1728 1803 τὸν
1752 1747 1920 1802 θάνα-

2021 1754 2370 1813 varicationis
2393 1762 2588 1809 metus.
2615 1752 2695 1808 Tu
2716 1767 2847 1807 vero
2877 1766 2982 1806 non
3021 1758 3245 1815 terrore,
3273 1747 3366 1803 sed
3398 1759 3581 1801 amore

361 1856 443 1892 τον
468 1816 733 1912 φόϐον-τῷ
760 1816 928 1913 νόμιρ
943 1842 1314 1915 προσήνεγκα,
1353 1838 1651 1912 βοηθοῦντὰ
1680 1855 1762 1892 σοι
1783 1837 1921 1909 πρὸς

2021 1848 2280 1904 honorem
2316 1846 2446 1901 mihi
2474 1846 2645 1901 defer.
2673 1843 2755 1899 Tu
2790 1840 2960 1911 major
3004 1857 3125 1897 cum
3158 1841 3255 1908 sis,
3283 1848 3402 1894 esto
3429 1837 3582 1908 pian-

362 1930 454 1997 τὴν
492 1931 806 2003 παράνομον
837 1931 1050 2003 δρεξιν·
1101 1932 1204 1986 κᾶν
1230 1932 1259 1984 ὁ
1295 1930 1558 2001 λογισμὸς
1586 1930 1723 2001 πρὸς
1749 1927 1922 2000 αὐτὴν

2021 1951 2071 1995 ta
2094 1937 2347 2008 paradiso
2369 1936 2654 2000 illustrior,
2678 1943 2733 1990 et
2767 1931 3087 1988 voluntaria!
3129 1938 3234 1986 ture
3264 1927 3583 1985 obedientia-

363 2019 655 2095 ὁλισθαίνῃ,
682 2023 763 2095 τῷ
804 2025 955 2097 φόϐῳ
1009 2023 1352 2095 στηρίζεται·
1407 2020 1597 2095 νεῦρον
1648 2022 1757 2093 γὰρ
1786 2020 1922 2093 πρὸς

2020 2042 2235 2097 carpam
2270 2025 2503 2081 fructum
2535 2027 2758 2081 bonum.
2801 2021 2948 2079 Oﬂ’er
2994 2023 3123 2077 mihi
3171 2021 3381 2076 muneri
3435 2034 3582 2075 men-

363 2110 683 2184 ἐγκράτειαν
714 2118 745 2169 ὁ
767 2116 868 2186 τῆς
887 2114 1254 2186 παραϐάσεως
1285 2114 1470 2184 φόϐος.
1500 2114 1572 2167 Σὺ
1587 2113 1645 2168 δὲ
1670 2114 1744 2184 μὴ
1773 2112 1922 2183 φόϐῳ

2024 2127 2152 2174 tem.
2180 2117 2254 2173 De
2280 2119 2422 2173 omni
2445 2117 2588 2188 ligno
2627 2115 2862 2186 paradisi
2912 2115 3139 2169 comede.
3176 2113 3391 2169 Prolata
3441 2113 3587 2182 cupi-

367 2199 458 2271 τὴν
480 2203 672 2273 τιμὴν,
704 2204 839 2257 ἀλλὰ
864 2203 1011 2275 πόθῳ
1033 2192 1388 2275 προσένεγκε.
1416 2204 1584 2258 ῥυτὸν
1605 2201 1766 2273 γενοῦ
1797 2206 1922 2276 μεῖ-

2021 2210 2204 2265 ditatis
2255 2219 2359 2265 tua:
2428 2210 2728 2274 terminos;
2779 2206 3214 2278 quandoquidem
3285 2219 3415 2260 usus
3465 2214 3583 2259 tuos

381 2290 491 2353 ζον,
522 2293 621 2348 τοῦ
670 2296 987 2366 παραδείσου
1036 2295 1447 2367 λαμπρότεροψ
1506 2294 1774 2367 δρέψομαί
1828 2310 1922 2348 σου

2023 2316 2203 2355 rerum
2254 2313 2637 2355 concessarum
2689 2298 2903 2354 excedit
2955 2296 3247 2351 alluentia.
3297 2295 3585 2350 Paradisos

376 2382 529 2452 κάγὼ
559 2383 663 2454 τὴν
691 2386 957 2457 ὑπακοὴν,
985 2387 1056 2450 ὡς
1074 2387 1286 2458 καρπὸν
1314 2385 1518 2456 ἀγαθὸν
1543 2388 1643 2458 τῆς
1665 2386 1925 2459 προαιρέ-

2022 2388 2300 2457 cupiditati
2328 2389 2512 2457 sit'pro
2541 2388 2773 2443 divitiis:
2794 2400 2984 2441 verum
3013 2387 3101 2442 ubi
3132 2387 3301 2457 legem
3328 2385 3582 2455 scriptam

370 2489 519 2538 σεως.
572 2476 914 2547 Προσένεγκέ
963 2494 1051 2548 μοι
1094 2478 1267 2549 δῶρον
1309 2477 1411 2549 τὴν
1457 2475 1717 2548 γνώμην’
1778 2476 1924 2532 Ἀπὸ

2022 2481 2193 2545 vides,
2237 2479 2310 2535 ibi
2355 2479 2682 2535 desiderium
2721 2493 2930 2545 coerce,
2967 2479 3040 2533 ibi
3087 2492 3274 2534 recusa
3318 2478 3420 2533 cibi
3461 2491 3586 2532 con-

364 2567 586 2632 παντὸς
617 2566 807 2631 ξύλου
827 2568 933 2623 τοῦ
948 2569 1016 2621 ἐν
1030 2567 1111 2635 τῷ
1131 2568 1477 2637 παραδείσῳ
1488 2567 1717 2637 βρώσει
1737 2566 1921 2639 span}.

2026 2578 2250 2635 tactum,
2300 2579 2359 2625 ut
2406 2571 2530 2625 vita:
2571 2583 2857 2625 venenum.
2891 2569 3092 2624 Averte
3144 2568 3352 2634 oculos,
3406 2583 3477 2622 ne
3523 2566 3586 2620 ad

364 2654 637 2711 Πλάτυνον
676 2658 777 2727 τῆς
808 2657 1107 2729 ἐπιθυμίας
1138 2659 1264 2722 τοὺς
1304 2659 1494 2729 ὅρους·
1525 2659 1653 2729 νικᾷ
1683 2658 1791 2728 γάρ
1831 2675 1925 2712 σου

2024 2661 2507 2731 transgressionem
2568 2660 2892 2715 traducant:
2923 2659 3045 2730 fuge
3077 2671 3341 2730 spectare,
3381 2669 3439 2713 ut
3486 2659 3589 2714 sal-

360 2745 451 2815 τὴν
486 2748 708 2819 χρείαν,
734 2749 768 2820 ἡ
797 2749 901 2819 τῆς
920 2750 1213 2822 χορηγείας
1234 2749 1514 2819 δαψίλεια·
1549 2749 1670 2804 ἀντὶ
1693 2748 1926 2803 πλούτου

2022 2753 2142 2807 vari
2180 2753 2373 2823 possis.
2402 2750 2478 2806 De
2510 2752 2652 2806 omni
2666 2750 2809 2821 ligno
2826 2752 3061 2821 paradisi
3089 2752 3316 2806 comede.
3358 2749 3587 2805 Accom-

359 2840 471 2903 ταῖς
514 2840 839 2911 ἐπιθυμίαις
878 2841 1224 2913 παράδεισοςι
1253 2838 1423 2895 ”Αλλ’
1461 2842 1595 2894 ὅπου
1624 2841 1716 2894 τὸν
1763 2840 1927 2912 νόμον

2025 2842 2240 2899 modata
2269 2843 2493 2913 tempori
2522 2842 2631 2907 lex,
2663 2851 2967 2912 congruunt
2999 2842 3296 2898 edictiones
3315 2856 3435 2896 cum
3457 2850 3590 2896 tem-

359 2931 744 2999 γεγραμμένον
769 2930 923 3002 δρᾷς,
966 2934 1082 2986 ἐκεῖ
1106 2932 1196 2986 τὸν
1224 2932 1388 2987 πόθον
1420 2930 1712 2987 ἀνάστελλε
1730 2946 1747 2961 ·
1785 2948 1929 3002 παρ-

2026 2948 2177 3004 pore.
2230 2932 2362 2986 Nam
2416 2934 2507 3002 qui
2577 2936 2816 3004 apposita
2885 2933 3051 3003 possit
3104 2947 3225 2987 esse
3283 2931 3405 2998 lex,
3470 2930 3590 2985 Non

357 3016 511 3072 αιτοῦ
542 3013 688 3090 ἁφὴν
720 3022 820 3094 τῆς
859 3022 1090 3094 τροφῆς,
1109 3021 1188 3087 ὡς
1219 3023 1367 3092 ζωῆς
1391 3024 1735 3096 δηλητήριον.
1773 3023 1929 3077 Ἀπό-

2028 3026 2228 3081 occides
2246 3026 2272 3079 2
2301 3027 2501 3095 Quem?
2523 3027 2661 3082 cur?
2688 3025 2811 3081 Non
2841 3027 3041 3094 furtum
3080 3026 3239 3096 [acies
3255 3026 3283 3080 .’
3329 3037 3554 3092 quorum
3575 3064 3590 3087 ,

357 3127 558 3182 στρεφε
606 3112 668 3166 τὸ
720 3112 944 3185 βλέμμα
990 3114 1366 3188 χειραγωγοῦν
1404 3115 1541 3185 πρὸς
1581 3114 1925 3185 παράϐασιν*

2028 3119 2220 3188 cujus?
2249 3118 2368 3174 Non
2398 3122 2732 3175 machaberis
2752 3120 2798 3153 "
2819 3121 2844 3175 ?
2872 3119 3125 3192 quicum?
3155 3115 3352 3188 cujus?
3372 3115 3592 3185 Ecquod

352 3201 525 3270 φεῦγε
552 3201 651 3273 τὴν
669 3201 822 3269 θέαν,
847 3203 917 3255 ἵν’
948 3203 1077 3275 ἔχῃς
1104 3203 1165 3258 τὸ
1191 3203 1482 3270 σώζεσθαιο
1528 3206 1667 3259 Ἀπὸ
1701 3206 1927 3273 παντὸς

2030 3212 2174 3265 enim
2242 3210 2384 3265 aliud
2439 3213 2609 3281 potuit
2656 3212 2708 3265 in
2767 3212 2938 3281 ipsum
2966 3208 3375 3282 pulchritudinis
3432 3207 3593 3262 telum

352 3291 549 3355 ξύλου
571 3294 679 3349 τοῦ
708 3295 781 3348 ἐν
815 3293 897 3361 τῷ
917 3295 1258 3364 παραδείσῳ
1290 3295 1513 3364 ,βρώσει
1546 3297 1728 3366 ερατ-ᾗ.
1776 3296 1928 3351 Ἀκόα

1842 3298 1928 3351 κό⁴
2027 3300 2277 3372 iaculari,
2306 3313 2363 3358 ut
2398 3305 2505 3360 ictu
2535 3306 2767 3361 devitato
2804 3306 3049 3361 inundata
3089 3304 3418 3361 conficeret?

350 3387 547 3452 λουθος
577 3391 790 3460 όνόμος
824 3391 904 3463 τῷ
945 3391 1136 3463 χρόνῳ.
1178 3392 1471 3462 Πρόσφορα
1517 3390 1596 3463 τῷ
1644 3391 1821 3464 καιρῷ
1860 3395 1929 3447 τὰ
1965 3396 2294 3468 ἐντάλματα.
2334 3399 2495 3454 Ποῖον
2554 3399 2661 3473 γὰρ
2694 3400 2759 3454 ἂν
2821 3399 2982 3470 νόμον
3013 3400 3223 3471 ἥρμοσε
3259 3398 3340 3463 τὸ,
3379 3396 3474 3468 Μὴ
3498 3416 3597 3466 φο-

350 3483 607 3548 νεύσῃς,
638 3482 799 3547 τίνας
834 3484 929 3535 καὶ
966 3482 1053 3537 διὰ
1087 3484 1174 3549 τί;
1205 3483 1300 3551 Μὴ
1333 3483 1593 3553 κλέψῃς,
1639 3485 1708 3537 τὰ
1747 3485 1919 3554 τίνος;
1962 3489 2074 3553 καὶ,
2100 3491 2195 3560 Μὴ
2225 3494 2578 3563 μοιχεύσῃς,
2620 3492 2715 3563 τὴν
2768 3492 2938 3559 τίνος;
3006 3494 3164 3545 Ποῖον
3206 3491 3312 3563 γὰρ
3339 3489 3404 3546 ἂν
3433 3490 3594 3544 αὐτὸν

352 3574 589 3639 κάλλους
621 3574 776 3646 βέλος
806 3576 1049 3643 ἐτόξευεν
1071 3577 1279 3649 ἕτερον,
1316 3578 1403 3632 ἵνα
1427 3579 1527 3649 τὴν
1562 3578 1720 3650 βολὴν
1755 3580 2153 3660 φυλαξάμενος,
2179 3587 2353 3656 φύλαξ
2380 3586 2608 3660 γένηται
2639 3585 2734 3640 τοῦ
2768 3585 3212 3658 προστάγματοςς

418 3672 498 3733 γ’.
534 3666 689 3751 Τέως
725 3665 826 3736 μὲν
850 3661 943 3720 οὖν
969 3667 998 3721 ὁ
1030 3667 1202 3739 Ἀδὰμ
1231 3668 1511 3732 ἀκίνδυνος
1540 3670 1810 3742 ἀπήλαυε,
1836 3657 1932 3725 καί

2105 3679 2158 3735 5.
2195 3677 2343 3733 Tunc
2372 3657 2536 3751 igitur
2560 3679 2726 3733 Adam
2757 3677 2978 3749 periculi
3006 3692 3196 3746 expers
3224 3677 3605 3743 deliciabatur.

350 3753 416 3828 ἦν
450 3746 706 3828 ἀϐλαϐής
747 3759 781 3830 ἡ
818 3758 1027 3830 τρυφὴ,
1073 3759 1301 3830 ἄμικτος
1349 3760 1609 3831 ὀφιὼδους
1657 3762 1758 3817 ίοῦ.
1791 3764 1926 3817 Ἀλλ’

2034 3780 2088 3824 et
2118 3778 2235 3825 erat
2261 3769 2508 3841 voluptas
2539 3770 2776 3836 innoxia,
2805 3785 2997 3826 carens
3024 3768 3348 3828 adtnistione
3374 3788 3598 3845 serpen-

352 3851 582 3919 ἡγειρεν
606 3850 641 3921 ἠ
668 3848 766 3902 θέα
793 3849 929 3921 πρὸς
956 3849 1253 3919 βασκανίαν
1281 3851 1547 3917 διάϐολον,
1580 3853 1674 3906 καὶ
1702 3853 1928 3925 πληγεὶς

2038 3863 2132 3917 tiui
2175 3863 2380 3918 veneni.
2424 3863 2529 3919 Sed
2572 3865 2637 3917 ad
2682 3864 2936 3920 invidiam
2980 3865 3189 3921 excitus
3230 3876 3310 3921 est
3358 3868 3597 3922 diabolus

353 3937 440 4003 οἷς
470 3940 723 4005 ἔϐλεπεν,
759 3941 1138 4013 ἀντιπλήττειν
1185 3944 1440 4012 πειρᾶται
1480 3944 1573 3997 τὸν
1603 3945 1929 4017 πλήττοντα.

2038 3957 2349 4024 (spectando,
2382 3965 2436 4008 et
2469 3972 2677 4021 eorum,
2713 3973 2830 4027 quae
2861 3957 3087 4024 viderat,
3126 3959 3329 4014 visione
3362 3961 3596 4025 saucius,

358 4029 484 4090 Εἶδε
519 4033 704 4102 πάσης
729 4032 958 4098 κτίσεως
980 4033 1226 4101 ἐξουσίαν
1259 4036 1574 4108 ἀμέριστον.
1596 4034 1703 4092 εἶδε
1735 4039 1932 4094 θαλάτ-

2037 4042 2316 4099 ferientem
2348 4045 2572 4101 referire
2602 4050 2916 4103 connititur.
2943 4047 3087 4104 Vidit
3117 4050 3170 4104 in
3199 4066 3412 4105 omnem
3442 4066 3596 4106 crea-

360 4140 461 4194 της
495 4124 813 4178 δεσποτείαν
838 4124 1286 4197 ἐηειρισθεῖσαν,
1310 4125 1465 4191 ζώων
1519 4129 1933 4195 ὑποκυπτούσας

2039 4143 2213 4188 turam
2243 4136 2506 4205 integram
2538 4146 2881 4207 potestatem,
2910 4139 3038 4191 vidit
3071 4140 3121 4192 in
3154 4140 3267 4208 ejus
3298 4156 3461 4193 manu
3490 4156 3602 4195 ma-

367 4216 586 4283 ἁγὲλας,
621 4216 946 4286 παράδεισον
968 4218 1300 4290 οἰκητήριον,
1330 4220 1548 4291 νύμφην
1586 4222 1731 4293 χειρὶ
1760 4222 1931 4275 πλατ-

2038 4222 2116 4274 ris
2151 4221 2457 4291 imperium,
2495 4224 2769 4291 subjectos
2805 4226 3162 4280 animantium
3199 4240 3411 4296 greges,
3446 4242 3604 4296 para—

369 4307 604 4376 τομένην
634 4307 786 4370 Θεοῦ,
819 4311 1020 4378 προῖκα
1055 4307 1337 4381 διδομένην
1367 4310 1466 4384 τὴν
1498 4311 1694 4378 κτίσιν,
1726 4331 1933 4384 νυμφο-

2041 4313 2213 4367 disum
2250 4329 2346 4383 pro
2379 4314 2674 4379 domicilio,
2707 4331 2957 4385 Sponsam
2992 4317 3170 4373 divina
3207 4318 3382 4374 [ictam
3420 4334 3600 4385 manu,

375 4397 662 4451 στολοῖΝτα
692 4398 839 4464 Θεὸν,
882 4400 978 4451 καὶ
1020 4398 1198 4471 φθόνῳ
1239 4400 1562 4472 βαλλόμενος
1583 4442 1598 4466 ,
1633 4403 1755 4472 ὅφιν
1782 4407 1810 4458 ὁ
1838 4404 1933 4474 θη-

2043 4405 2094 4457 iu
2121 4404 2298 4460 dotem
2323 4420 2627 4461 creaturam
2653 4408 2857 4471 datam,
2878 4424 3085 4477 sponsae
3107 4410 3380 4465 ductorem
3407 4411 3592 4478 Deum,

378 4487 572 4560 ριὼδης
625 4488 905 4543 ἐνδύεταιο
955 4488 1133 4559 ὄφεως
1198 4492 1411 4562 ἡνίοχος
1434 4533 1448 4557 ,
1510 4494 1647 4563 μετὰ
1702 4495 1799 4566 τὴν
1842 4494 1935 4548 τοῦ

2045 4502 2100 4548 et
2130 4494 2268 4549 ictus
2294 4495 2493 4550 invidia
2521 4509 2824 4566 serpentem
2855 4498 3110 4556 efferatus
3143 4502 3330 4567 induit,
3364 4514 3482 4570 post
3512 4519 3603 4557 ae-

375 4582 528 4652 ὰέρκ
559 4580 830 4654 ἡνιοχείαν
875 4580 988 4652 (59)
1031 4580 1390 4648 καθίσταται,
1431 4585 1692 4656 πράξεσιν
1723 4587 1938 4656 ἀτίμοις

2044 4584 2118 4639 ris
2152 4588 2443 4641 rectionem
2479 4589 2745 4656 serpentis
2776 4599 2953 4644 rector
2982 4592 3326 4645 constituitur
3355 4594 3495 4661 turpi
3530 4593 3605 4646 fa-

377 4673 578 4743 ἀτίμως
642 4673 1053 4745 ἐπισυρόμενος.
1108 4673 1167 4728 '0
1216 4673 1325 4745 γὰρ
1379 4676 1733 4748 προσκρούων
1782 4676 1937 4748 Θεῷ,

2042 4675 2212 4731 cinori
2258 4677 2485 4746 turpiter
2522 4680 2806 4748 adrepens.
2850 4678 2982 4735 Nam
3020 4683 3110 4750 qui
3150 4682 3314 4737 Deum
3356 4683 3601 4749 oil‘endit,

377 4767 463 4819 καὶ
495 4764 607 4837 πρὸ
650 4765 748 4835 τῆς
772 4764 1062 4837 τιμωρίας,
1091 4765 1363 4836 τιμωρίαν
1406 4765 1518 4836 ἔχει
1557 4767 1657 4838 τὴν
1690 4768 1934 4838 ἀτιμίαν.

2042 4767 2175 4823 satis
2210 4769 2257 4823 ei
2295 4769 2541 4839 supplicii
2576 4780 2658 4825 est
2691 4771 2955 4837 dedecus,
2993 4774 3074 4828 vel
3111 4785 3236 4828 ante
3268 4775 3604 4845 supplicium.

376 4853 525 4906 Οὕτω
571 4851 757 4907 τοίνυν
805 4851 980 4921 ὄφεως
1029 4852 1329 4924 ὑποκριτὴς
1370 4852 1645 4921 γεγονὼς,
1690 4855 1936 4927 πρόσεισι

2045 4855 2227 4927 itaque
2254 4861 2520 4929 serpentis
2550 4860 2685 4917 facie
2714 4874 3031 4932 personatus
3062 4865 3321 4921 insidiose
3351 4866 3606 4920 meditata

376 4948 483 5008 τοῖς
515 4942 1021 5014 ἐπιϐουλευομένοις
1044 4943 1139 4996 τδν
1164 4942 1436 5015 κηδεμόνα
1465 4944 1819 5015 μιμούμενος,
1845 4946 1940 4999 καὶ

2046 4949 2381 5018 aggreditur,
2419 4962 2724 5007 curatorem
2762 4955 3000 5021 imitans,
3037 4966 3089 5011 et
3111 4957 3316 5011 Adamo
3357 4958 3610 5025 tantisper

376 5036 449 5105 τῷ
485 5036 658 5108 ’Δδὰμ
702 5035 840 5099 τέως
875 5035 1031 5103 ἀφεὶς
1065 5034 1127 5087 τὸ
1161 5035 1261 5106 τῆς
1299 5034 1558 5104 συζυγίας
1593 5037 1935 5107 εὐχείρωτον,

2045 5039 2273 5111 cnnjngii
2300 5045 2567 5112 negotium
2597 5047 2780 5102 sinens
2801 5049 2900 5101 sub
2924 5063 3139 5101 Illalllllll
3167 5050 3455 5103 succedere
3478 5049 3612 5102 alias

377 5128 556 5198 ἕτερον
586 5127 1000 5197 περιεξέρχεται
1040 5126 1236 5198 μέρος,
1277 5127 1385 5181 ἀπὸ
1415 5127 1515 5198 τῆς
1548 5128 1790 5199 πλευρᾶς
1824 5146 1938 5183 τοι-

2045 5128 2157 5184 obit
2194 5140 2392 5200 partes,
2411 5147 2507 5202 per
2543 5131 2644 5204 15
2680 5135 2814 5190 latus
2851 5137 3081 5191 hominis
3115 5146 3441 5193 structuram
3482 5137 3610 5192 subr

448 5264 494 5297 "
525 5263 699 5322 Exod.
728 5282 826 5332 xx,
860 5266 1047 5321 15-15.

1590 5397 1696 5453 CL.
1738 5398 2108 5467 DAUSQUEII
2147 5401 2379 5459 NOTAE.

452 5539 561 5607 (39)
599 5538 766 5595 Μετὰ
805 5537 923 5612 τὴν
969 5537 1291 5612 τοῦ-ἀέρος
1327 5539 1659 5612 ᾐνιοχείαν.
1701 5539 1951 5609 lntelligit
2139 5545 2234 5598 Ἐν
2260 5546 2656 5610 ἐπτακύκλοις
2684 5544 2918 5611 ἡμερῶν
2953 5543 3345 5612 περιδρόμοις,

391 5606 673 5685 potestates
702 5609 1054 5685 tenebrarum
1083 5606 1294 5661 barum.
1338 5606 1477 5663 Sunt
1512 5611 1598 5662 illa
1625 5624 1839 5679 quoque
1869 5606 1950 5665 Pi-
2123 5614 2451 5682 Septemplici
2480 5606 2678 5668 dierum
2709 5606 2908 5667 circulo
2934 5606 3084 5685 regit,

392 5679 497 5733 side
527 5679 890 5753 mellitissitna
919 5693 934 5728 ε
2134 5685 2197 5738 Et
2223 5679 2498 5754 aurigalur
2534 5700 2681 5737 omne
2707 5693 2928 5753 tempus.

515 5806 532 5823 .
576 5812 589 5824 ,
635 5812 649 5825 ,
688 5809 706 5825 ,
763 5765 1052 5837 Ἠνιοχῶν
1086 5764 1152 5818 δὲ
1173 5764 1321 5835 τοὺς,
1347 5769 1613 5839 χρόνους
