3990 6160
431 289 501 354 59
1617 280 1896 343 BASILII
1930 279 2467 359 SELEUCIENSIS
3609 285 3683 350 60

432 382 684 468 parentes
714 405 888 454 erant.
927 397 1155 454 Ridebat
1189 398 1323 455 forte
1356 398 1631 463 diabolus,
1667 414 1788 453 cum
1824 399 1989 454 dede-

2109 397 2383 468 ιπλάσθης,
2438 397 2530 449 καὶ
2556 395 2783 450 θανάτου
2810 395 3066 467 πρόξενος
3082 395 3435 470 ἀπηλέγχθης
3458 419 3473 468 ;
3506 401 3683 473 μέλος

435 505 562 547 core
595 490 690 547 Dei
723 500 1140 560 conspurcasset
1170 491 1481 561 imaginem.
1509 488 1670 545 Tales
1706 490 1846 545 enim
1884 491 1993 545 dae-

410 581 613 641 ,monis
643 588 770 635 sunt
800 579 1225 634 machinationes
1257 596 1271 633 :
1305 594 1428 633 cum
1462 579 1734 649 voluptate
1792 581 1997 635 sanciat

436 682 493 724 et
520 682 735 725 accusat
762 669 1063 738 pudendum
1097 669 1148 722 in
1182 668 1430 736 modum;
1464 669 1531 723 ad
1564 670 1775 724 ruinam
1807 671 1998 739 impel-

438 761 519 827 lit,
556 770 609 815 et
648 770 865 817 ruentes
906 760 1131 829 publicis
1171 761 1475 829 ignominiae
1516 762 1654 816 notis
1695 763 1994 831 consignat.

440 848 914 905 Verumenimvero
946 850 1198 905 misertus
1228 853 1433 908 erroris
1462 852 1623 915 Deus,
1652 856 1717 908 ad
1749 854 1996 921 arrigen-

442 941 567 994 dum
598 942 867 996 currebat.
899 940 1165 997 Currebat
1193 952 1369 997 autem
1406 958 1511 996 non
1545 944 1840 998 mutatione
1871 944 1997 1011 loci,

386 1052 391 1057 ·
442 1029 533 1084 sed
567 1030 800 1099 imagine
830 1030 1059 1098 quadam
1092 1032 1320 1087 terribili
1353 1032 1694 1101 praesentiam
1727 1042 2000 1086 contesta-

444 1127 548 1173 tus.
593 1116 671 1172 llli
721 1128 928 1175 terrore
972 1122 1250 1189 percussi,
1298 1121 1506 1190 seipsos
1556 1122 2002 1189 transgressionis

442 1217 785 1263 accusatores
811 1224 876 1265 ac
905 1218 1071 1265 testes
1099 1211 1438 1276 exhibentes,
1468 1211 1660 1265 exsilio
1687 1225 1784 1265 suo
1810 1209 2004 1264 sud‘ra-

410 1310 658 1370 igantur.
690 1300 832 1357 Deus
858 1315 991 1357 vero
1026 1303 1280 1357 territans
1313 1302 1524 1357 incessu
1556 1301 1818 1371 strepenti
1851 1316 2003 1356 com-

438 1391 605 1459 pellat
633 1391 1020 1447 humanissime
1052 1410 1067 1447 :
1099 1392 1288 1455 Adam,
1311 1391 1501 1457 Adam,
1523 1390 1611 1444 ubi
1637 1408 1689 1445 es
1708 1391 1792 1445 “i
1821 1389 1865 1445 Ο
1896 1391 2001 1444 Do-

440 1481 571 1536 mini
603 1482 655 1537 in
687 1482 935 1538 homines
965 1484 1238 1537 amorem!
1271 1481 1547 1552 Tanquam
1567 1483 1785 1550 ignarus
1814 1481 2005 1550 quaerit

441 1584 601 1640 quem
632 1572 748 1642 ipse
777 1571 1027 1640 fugabat,
1053 1581 1109 1628 et
1138 1581 1393 1642 tanquam
1425 1587 1528 1626 non
1558 1571 1766 1636 videat,
1795 1570 1886 1641 qui
1918 1588 2007 1627 re-

440 1661 541 1717 bus
565 1663 721 1716 adest
738 1662 1008 1728 onznihus,
1032 1663 1315 1731 compellat
1341 1680 1356 1716 :
1381 1662 1571 1730 Adam,
1596 1662 1784 1724 Adam,
1806 1662 1893 1717 ubi
1917 1663 2008 1717 es?

442 1751 545 1807 Ubi
575 1750 704 1807 mihi
738 1767 990 1806 manuum
1023 1767 1263 1807 mearum
1293 1752 1461 1825 opus?
1487 1751 1575 1807 ubi
1607 1752 1840 1805 animata
1869 1765 1999 1806 mete

440 1843 718 1914 dignitatis
754 1844 963 1914 imago?
999 1844 1090 1900 ubi
1141 1845 1244 1900 mei
1271 1844 1505 1914 paradisi
1553 1843 1773 1899 custos?
1806 1845 2002 1910 Adam,

440 1932 634 2000 Adam,
656 1932 746 1986 ubi
782 1936 878 1989 es?
906 1949 972 1988 ex
1015 1933 1278 1987 immenso
1320 1947 1504 1988 amore
1541 1932 1884 2002 compellatio
1920 1932 2003 1986 la-

444 2031 625 2078 mento
646 2024 921 2079 assimilis.
946 2022 1049 2078 Ubi
1073 2039 1126 2078 es
1140 2024 1166 2078 Ρ
1191 2024 1279 2079 ubi
1305 2024 1474 2080 mutui
1500 2037 1823 2094 congressus
1845 2024 2005 2092 quid-

443 2114 577 2172 libet
614 2113 899 2171 interi‘andi
941 2114 1199 2173 libertas?
1234 2115 1321 2171 ubi
1363 2124 1562 2172 nostrae
1599 2116 2007 2174 consuetudinis

442 2203 801 2261 conﬁdentia?
823 2207 915 2260 ubi
946 2215 1049 2260 tuae
1077 2206 1353 2276 dignitatis
1375 2202 1680 2263 celsitudo?
1705 2222 1802 2277 pro
1828 2208 2004 2264 amico

444 2295 729 2368 fugitivus?
754 2297 885 2351 ades
915 2310 1097 2352 coram
1129 2298 1507 2366 compellante.
1533 2296 1769 2353 Ostende
1798 2300 2005 2354 medico

445 2387 884 2456 transgressionis
926 2387 1112 2451 ulcus;
1154 2389 1378 2443 ostende
1446 2389 1655 2459 plagam
1696 2389 1953 2446 nuditatis
1988 2408 2003 2445 :

444 2476 830 2532 medicamenta
872 2475 1045 2533 habeo
1080 2478 1302 2533 vulnere
1343 2480 1576 2547 potiora,
1616 2479 1789 2536 habeo
1827 2482 2008 2536 subsi-

443 2560 621 2627 dium,
651 2561 742 2629 qui
775 2562 1041 2629 serpentis
1074 2577 1312 2617 morsum
1345 2580 1552 2620 curem.
1585 2564 1681 2620 His
1714 2565 1884 2623 fretus
1916 2584 2008 2623 ar-

442 2662 731 2722 rectusque
758 2653 1004 2721 vocibus,
1035 2656 1129 2725 qui
1160 2656 1383 2725 latebat,
1418 2656 1565 2713 foras
1594 2668 1923 2727 prospectat,
1956 2668 2010 2717 et

443 2747 510 2800 ad
544 2747 950 2816 responsionem
985 2748 1297 2802 nonnullam
1330 2750 1494 2803 sumit
1525 2749 1846 2817 audaciam,
1884 2753 2009 2807 talia

444 2852 626 2894 secum
661 2837 910 2896 volutans
944 2855 959 2894 :
998 2839 1247 2896 Profecto
1291 2839 1430 2896 Deus
1469 2841 1741 2911 appellare
1779 2858 1865 2898 me
1903 2860 2009 2899 non

445 2928 786 2998 dedignatur,
812 2935 867 2983 et
893 2928 1069 3009 verbis
1095 2930 1354 2998 accersit,
1382 2945 1557 3001 neque
1583 2920 1871 2988 violentum
1900 2933 2005 2989 ful-

2095 485 2353 555 ἐλήφθης,
2380 486 2471 539 καὶ
2500 484 2575 548 ὡς
2606 484 2757 561 βέλος
2786 484 3114 556 ἑπέμφθης;
3162 486 3230 539 Τί
3267 482 3360 541 οὖν
3384 489 3444 543 τὸ
3472 490 3679 557 τέλος

2095 574 2203 629 Καὶ
2224 575 2497 640 ἔγνωσαν
2510 574 2596 627 ὅτι
2618 574 2828 644 γυμνοὶ
2854 573 3037 644 ἦσαν,
3052 575 3149 630 καί
3173 575 3447 647 {Magi-ar
3463 581 3684 649 φύλλα

2097 664 2312 734 συκῆς,
2348 665 2446 719 καὶ
2484 665 2785 733 ἐποίησαν
2830 665 3067 732 ἑαυτοῖς
3114 665 3496 737 περιζώματα.
3530 670 3679 741 Ἤδη

2097 755 2186 809 τὸν
2225 756 2435 827 καρπὸν
2466 759 2566 826 τῆς
2609 755 2823 826 ἀπάτης
2855 755 2968 828 (48)
3003 756 3332 828 ὲτρύγησαν.
3363 758 3685 828 Ἕρῤαψαν

2098 847 2303 915 φύλλα
2347 846 2564 916 συκῆς.
2612 847 2776 900 Αὐτοὶ
2824 845 3203 917 γυμνωθέντες
3270 847 3541 916 γυμνοῦσι
3611 848 3685 903 τὰ

2098 935 2306 1007 δένδραο
2348 935 2473 1006 περὶ
2520 935 2683 1004 φυτὸν
2735 933 3250 1005 πλημμελήσαντες,
3298 933 3454 1005 παρὰ
3503 932 3680 1004 φυτοῦ

2099 1026 2197 1095 τὴν
2226 1026 2434 1095 σκέπην
2471 1023 2824 1089 δανείζονται.
2859 1025 2948 1078 Ἐν
2971 1022 3231 1087 τοιούτοις
3260 1023 3357 1094 μὲν
3385 1019 3479 1077 οὖν
3503 1025 3556 1076 oi
3584 1024 3682 1078 τοῦ

2100 1117 2289 1185 γένους
2316 1117 2570 1187 πατέρες.
2607 1114 2802 1185 Ἐγέλα
2828 1115 2885 1169 δὲ
2930 1115 3040 1187 ἄρα
3067 1115 3096 1166 ὁ
3133 1114 3409 1180 διάϐολος,
3444 1115 3682 1186 αἰσχύνῃ

2106 1205 2337 1276 μολύνας
2375 1206 2470 1258 τοῦ
2502 1205 2637 1259 Θεοῦ
2668 1204 2766 1276 τὴν
2790 1205 2995 1258 είκόνα.
3023 1203 3260 1258 Τοιαῦτα
3289 1204 3397 1276 γὰρ
3428 1203 3526 1257 τοῦ
3560 1205 3684 1258 δια-

2104 1296 2256 1350 ϐόλου
2287 1297 2355 1350 τὰ
2401 1297 2789 1368 μηχανήματα,
2835 1295 2952 1366 μεθ’
2979 1294 3173 1366 ἡδονῆς
3219 1296 3543 1366 τιτρώσκει,
3585 1296 3683 1350 καὶ

2107 1387 2221 1459 μετ’
2245 1387 2504 1459 αἰσχύνης
2540 1387 2771 1458 ἐλέγχει.
2811 1383 2958 1440 Ὠθεῖ
2987 1387 3123 1458 προς
3156 1388 3384 1452 πτῶσιν,
3415 1388 3511 1439 καὶ
3543 1404 3683 1457 στη-

2105 1479 2303 1533 λιτεύει
2351 1480 2633 1543 πεσόντας.
2680 1479 2968 1550 Οίκτείρας
3008 1478 3065 1532 δὲ
3111 1478 3210 1550 τὴν
3254 1478 3468 1548 ἀπάτην
3509 1476 3680 1542 Θεὸς,

2106 1570 2241 1641 πρὸς
2279 1570 2563 1643 διόρθωσιν
2590 1569 2829 1642 ἔτρεχεν.
2857 1567 3087 1641 Ἐτρεχε
3113 1568 3169 1621 δὲ
3199 1569 3261 1622 οὐ
3288 1567 3458 1621 τόπον
3519 1567 3685 1638 ἀμεί-

2107 1663 2238 1727 ϐων,
2270 1662 2404 1715 ἀλλά
2436 1663 2527 1716 διά
2560 1679 2705 1725 τινος
2740 1660 2977 1731 φοϐερᾶς
3007 1661 3183 1730 ὅψεως
3230 1661 3329 1731 τὴν
3374 1659 3686 1730 παρουσίαν

2106 1736 2479 1824 πιστούμενος.
2515 1752 2648 1806 Οίδὲ
2663 1752 2740 1822 τῷ
2771 1750 2918 1822 φόόῳ
2945 1750 3264 1820 πληγέντες,
3296 1750 3520 1814 ἑαυτοὺς
3548 1765 3686 1802 κατ-

2105 1845 2336 1916 ηγόρους
2381 1845 2475 1898 καὶ
2541 1844 2825 1917 μάρτυρας
2881 1845 2978 1914 τῆς
3027 1841 3390 1914 παραϐάσεως
3427 1840 3682 1911 ἔχοντες,

2106 1936 2281 2006 φυγὴν
2312 1935 2521 1990 ἑαυτῶν
2565 1932 3050 2005 καταψηφίζονται.
3096 1933 3339 2003 Φοϐήσας
3370 1931 3427 1984 δὲ
3464 1929 3541 2001 τῷ
3580 1931 3688 1984 τοῦ

2107 2027 2407 2098 περιπάτου
2436 2026 2645 2099 κτύπῳ,
2676 2027 2808 2090 Θεὸς
2834 2029 2902 2098 τῇ
2927 2026 3117 2097 κλήσει
3148 2022 3686 2097 φιλανθρωπεύεται,

2106 2118 2297 2189 λέγων·
2329 2118 2520 2188 Ἀδὰμ,
2561 2119 2751 2187 Ἀδὰμ,
2776 2118 2894 2172 ποῦ
2918 2113 2978 2172 εἷ
2996 2116 3106 2189 (49)
3130 2135 3145 2183 ;
3173 2117 3238 2168 Ὢ
3271 2114 3687 2187 φιλανθρωπίας

2108 2210 2409 2265 Δεσπότουί
2440 2211 2518 2274 ὡς
2579 2209 2787 2278 ἀγνοῶν
2822 2208 2994 2280 ζητεῖ,
3024 2208 3083 2261 ὃν
3126 2206 3290 2271 αὐτὸς
3321 2205 3692 2275 ἐφυγάδευσε,

2110 2302 2203 2354 καὶ
2237 2300 2311 2364 ὡς
2347 2301 2447 2372 οὐχ
2475 2299 2618 2371 ὁρῶν
2652 2300 2809 2353 καλεῖ
2834 2300 2862 2351 ό
2893 2300 3007 2362 τοῖς
3039 2298 3173 2351 πᾶσι
3223 2294 3434 2366 παρών.
3474 2293 3676 2362 Ἀδὰμ,

2123 2390 2316 2462 Ἀδὰμ,
2347 2391 2466 2446 ποῦ
2496 2388 2579 2455 εἷς
2611 2391 2718 2445 Ποῦ
2766 2408 2855 2462 μοι
2882 2389 2988 2442 τῶν
3023 2388 3170 2459 ἐμῶν
3207 2384 3404 2458 χειρῶν
3444 2385 3504 2437 τὸ
3540 2383 3687 2438 πλα-

2113 2483 2464 2555 στούργημα;
2496 2482 2599 2537 ποῦ
2627 2484 2724 2551 τῆς
2756 2480 2895 2552 ἐμῆς
2922 2478 3075 2543 ἀξίας
3100 2479 3129 2531 ὁ
3157 2476 3396 2548 ἔμψυχος
3422 2474 3644 2544 ἀνδριάς
3664 2491 3690 2540 ;

2111 2576 2212 2632 ποῦ
2239 2576 2338 2645 τῆς
2385 2574 2525 2644 ἐμῆς
2557 2572 2889 2643 φυτουργίας
2916 2572 2944 2623 ὁ
2983 2568 3191 2640 φύλαξ;
3228 2565 3400 2634 Ἀδὰμ
3425 2605 3440 2628 ,
3477 2565 3650 2634 Ἀδὰμ
3664 2606 3683 2627 ,η

2112 2667 2229 2722 ποῦ
2264 2662 2353 2730 ei;
2381 2662 2672 2734 Θρηνὼδης
2706 2664 2771 2716 ὲκ
2810 2660 3190 2732 φιλοστοργίας
3231 2660 3264 2729 ἡ
3299 2658 3520 2729 κλῆσις·
3556 2656 3686 2710 Ποῦ

2109 2752 2205 2821 εἷς
2236 2754 2348 2810 Ποῦ
2401 2771 2485 2808 σοι
2518 2754 2621 2824 τῆς
2670 2754 2812 2825 ὲμῆς
2860 2752 3077 2823 ὁμιλίας
3130 2753 3164 2822 ή
3206 2751 3526 2823 παρρησίας
3575 2753 3691 2806 ποῦ

2112 2868 2193 2904 σοι
2226 2849 2324 2920 τῆς
2356 2846 2490 2918 προς
2532 2845 2633 2916 ἐμὲ
2660 2844 2948 2915 συνηθείας
2988 2844 3049 2898 τὺ
3083 2844 3284 2911 θάρσος
3313 2860 3327 2908 ;
3369 2842 3470 2896 ποῦ
3512 2859 3595 2895 σοι
3624 2842 3692 2894 τὸ

2108 2940 2207 3009 τῆς
2239 2937 2392 3003 ἀξίας
2432 2936 2614 3006 ,ὕψου
2649 2936 2772 2990 ἀντὶ
2812 2935 2964 3004 φίλου
3015 2934 3323 3006 δραπέτηςς
3356 2932 3555 3002 φάνηθι
3585 2949 3689 2985 κα-

446 3032 568 3073 men
604 3018 659 3073 in
691 3034 778 3074 me
801 3020 934 3088 jacit
964 3035 1142 3085 suum,
1174 3036 1367 3091 neque,
1393 3036 1551 3092 quam
1582 3023 1730 3092 prius
1762 3025 2006 3080 intermi-

2109 3018 2328 3084 λοῦντι.
2359 3029 2543 3095 Δεῖξον
2591 3026 2670 3097 τῷ
2722 3026 2891 3099 ἰατρῷ
2940 3027 3003 3080 τὺ
3030 3026 3136 3097 τῆς
3179 3023 3548 3096 παραϐάσεως
3594 3022 3701 3075 ἑλέ

447 3118 610 3163 natus
630 3118 765 3177 erat,
789 3120 1015 3165 mortem
1041 3112 1304 3166 immittit.
1328 3110 1514 3167 Nonne
1535 3128 1664 3182 ergo
1685 3113 2006 3169 clamantem

446 3201 753 3268 exaudiam,
780 3217 936 3271 quem
966 3202 1133 3272 legem
1165 3213 1451 3273 ponentem
1479 3219 1586 3259 non
1620 3206 1795 3259 audivi
1825 3205 2010 3273 prius?

462 3290 649 3346 Vocem
681 3301 827 3346 tuam
859 3280 1059 3359 audivi,
1082 3302 1130 3346 et
1152 3294 1327 3357 timui,
1357 3309 1417 3348 eo
1447 3293 1583 3364 quod
1618 3295 1790 3349 nudus
1821 3311 2007 3364 essem,

446 3395 495 3439 et
522 3383 771 3438 abscondi
799 3401 878 3437 me
892 3384 959 3437 ⁸⁸.
988 3381 1131 3438 Nihil
1159 3399 1292 3454 opus
1320 3393 1401 3439 est
1429 3386 1689 3440 instructa
1713 3387 1892 3442 verbis
1917 3402 2009 3442 ac-

448 3475 762 3543 cusatione;
808 3474 911 3528 mei
959 3473 1180 3531 nudatio
1225 3474 1503 3530 verissima
1545 3487 1631 3530 est
1672 3479 2010 3543 accusatrix,

449 3582 557 3623 non
598 3575 908 3637 personata.
947 3565 1084 3633 Quid
1128 3568 1339 3621 tandem
1380 3567 1555 3622 Deus?
1593 3566 1724 3632 Quis
1761 3567 2010 3623 indicavit

449 3658 564 3722 tibi,
589 3658 728 3728 quod
754 3659 923 3712 nudus
946 3674 1103 3727 esses,
1130 3658 1233 3712 nisi
1260 3658 1396 3727 quod
1424 3658 1530 3728 18
1551 3674 1616 3712 ex
1636 3658 1798 3728 ligno,
1824 3660 1887 3715 de
1909 3676 2011 3731 quo

448 3764 796 3819 prmeperam
831 3750 922 3802 tibi
955 3764 1018 3803 ne
1049 3747 1373 3814 comederes,
1408 3748 1681 3803 comedisti
1709 3747 1793 3805 ιιι
1826 3749 1899 3806 Ut
1923 3749 2011 3819 ju-

449 3837 553 3892 dex
578 3837 815 3905 advenit,
841 3846 897 3892 ut
920 3837 1160 3894 medicus
1185 3848 1358 3910 rogat,
1384 3850 1437 3895 et
1464 3841 1528 3894 ad
1548 3839 1810 3908 judicium
1839 3840 2013 3895 feren-

450 3928 577 3981 dum
606 3941 727 3983 cum
759 3930 1113 3994 accessisset,
1145 3937 1202 3984 ut
1235 3932 1465 3986 amicum
1499 3932 1801 4003 increpitat.
1860 3932 2013 3988 llaec-

449 4018 602 4084 cine,
655 4018 862 4088 inquit,
916 4019 1282 4077 beneﬁcentiae
1338 4037 1470 4078 mem
1526 4022 1757 4078 refertur
1803 4023 2015 4094 gratia?

449 4109 672 4165 hoccine
698 4125 793 4180 pro
819 4111 1027 4181 adeptis
1055 4113 1219 4169 animi
1249 4113 1386 4184 grati
1415 4114 1643 4169 munus?
1668 4112 1765 4169 Hic
1793 4129 2014 4184 respon-

448 4200 616 4257 sionis
653 4218 842 4272 egere,
888 4205 1125 4271 haerere,
1165 4207 1217 4261 iu
1263 4205 1545 4263 mulierem
1589 4207 1763 4261 audax
1807 4204 2015 4261 facinus

447 4291 766 4358 transferre,
803 4293 930 4348 vitae
969 4296 1283 4350 societatem
1326 4295 1540 4351 causari
1574 4303 1629 4350 et
1672 4294 1951 4349 criminari
1995 4312 2009 4348 :

2110 3138 2237 3185 κος·
2272 3119 2443 3184 δεῖξον
2491 3118 2588 3190 τὴν
2636 3117 2850 3187 πληγὴν
2882 3115 2983 3186 τῆς
3024 3114 3360 3184 γυμνώσεως
3383 3131 3399 3145 ο
3431 3112 3545 3183 ἔχω
3579 3110 3690 3181 γὰρ

2111 3213 2378 3285 φάρμακα
2423 3207 2523 3264 ιτοῦ
2572 3208 2882 3281 τραύματος
2930 3206 3275 3278 ἰσχυρότερα,
3329 3204 3437 3275 ἔχω
3487 3202 3691 3273 βοηθή-

2113 3322 2280 3376 ματα,
2307 3303 2375 3357 δι’
2401 3294 2476 3356 ὧν
2510 3299 2798 3373 θεραπεύω
2828 3299 2897 3352 τὰ
2927 3298 3019 3352 τοῦ
3045 3298 3221 3368 ὄφεως
3249 3296 3522 3367 δήγματα.
3553 3291 3701 3345 Τού-

2109 3412 2222 3458 τοις
2253 3393 2530 3464 θαρσήσας
2553 3394 2665 3454 τοίς
2695 3391 2902 3462 ῥήμασι
2943 3388 3254 3459 προκύπτει
3284 3388 3688 3458 κρυπτόμενος,

2110 3486 2204 3541 καὶ
2232 3484 2409 3556 τολμᾷ
2444 3484 2544 3552 τὴν
2582 3482 2893 3552 ἀπόκρισιν,
2924 3480 3149 3534 τοιαῦτα
3181 3478 3302 3532 καθ’
3330 3478 3518 3531 ἑαυτὸν
3560 3476 3692 3548 βου-

2109 3575 2439 3645 λευσάμενος
2457 3591 2472 3604 ·
2499 3572 2677 3637 Ὀλως
2701 3572 2841 3637 ἀξιοῖ
2868 3587 2932 3641 με
2950 3570 3231 3640 κλήσεωςό
3248 3568 3398 3634 Θεὸς,
3421 3569 3514 3623 καὶ
3536 3570 3689 3638 φωνῇ

2116 3669 2528 3739 μεταπέμπεται
2548 3680 2563 3694 '
2596 3666 2691 3718 atati.
2723 3665 2784 3717 ού
2827 3663 3066 3733 σκηπτὸν
3100 3661 3395 3733 ἐπαφίησιν
3431 3659 3566 3730 (50),
3588 3659 3692 3712 οὐκ

2112 3758 2309 3826 ἐπάγει
2346 3756 2595 3822 θάνατον,
2630 3755 2689 3809 ὃν
2737 3755 2831 3807 καὶ
2865 3753 3285 3825 προηπείλησεν.
3334 3748 3544 3805 Οὐκοῦν
3588 3751 3692 3801 ἑπ-

2112 3851 2329 3903 ακούσω
2358 3846 2609 3918 βοῶντος,
2635 3847 2710 3917 μὴ
2731 3844 3076 3919 προακούσας
3103 3840 3539 3913 νομοθετοῦντος.
3573 3840 3693 3907 Τὴν

2113 3937 2323 4009 φωνήν
2347 3952 2463 3991 σου
2497 3934 2737 4005 ἤκουσα
2764 3933 3231 4002 περιπατοῦντος
3264 3930 3398 4002 (51),
3429 3928 3529 3982 καί
3558 3928 3694 3998 ἐφο-

2114 4026 2325 4099 ϐήθην,
2355 4025 2446 4080 ὅτι
2480 4026 2702 4096 γυμνός
2744 4027 2891 4095 εἰμι,
2937 4024 3034 4077 καὶ
3083 4022 3361 4091 ἐκρύὄην.
3408 4021 3481 4074 Οὐ
3526 4019 3691 4090 χρεία

2116 4137 2206 4191 μοι
2253 4119 2515 4191 ῥημάτων
2562 4115 3033 4187 κατηγορούντων,
3075 4114 3502 4184 αὐτοπρόσωπον
3540 4111 3693 4180 φέρω

2113 4210 2210 4278 τῆς
2251 4207 2525 4280 ἁμαρτίας
2555 4207 2613 4261 ὲν
2644 4209 2710 4277 τῇ
2743 4204 3021 4276 γυμνώσει
3066 4204 3389 4274 κατήγορον.
3432 4200 3498 4255 Τί
3530 4197 3624 4254 οὖν
3659 4201 3689 4252 ό

2114 4297 2279 4363 Θεός;
2319 4298 2412 4363 Τίς
2452 4293 2767 4367 dmith
2815 4309 2933 4360 σοι,
2978 4295 3068 4348 ὅτι
3119 4293 3346 4364 γυμνὸς
3393 4288 3479 4359 εἷ,
3513 4293 3568 4344 εί
3595 4288 3682 4360 μὴ

449 4378 537 4435 illa
563 4380 618 4436 in
641 4391 943 4453 serpentem
969 4384 1327 4455 prolapsionis
1348 4384 1558 4455 culpam
1581 4383 1845 4439 derivare.
1870 4384 2006 4439 Deus

2115 4388 2234 4447 ἀπὸ
2262 4388 2368 4444 τοῦ
2413 4388 2626 4454 ξύλου,
2666 4383 2739 4442 οὗ
2773 4386 3162 4455 ἐνετειλάμην
3190 4399 3309 4451 σοι,
3344 4385 3559 4438 τούτου
3580 4382 3692 4450 μό-

449 4486 580 4527 vero
609 4474 860 4530 seductos
889 4475 953 4531 ad
984 4476 1304 4547 sapientiam
1331 4473 1399 4529 ab
1425 4488 1615 4530 errore
1644 4473 1828 4528 volens
1859 4488 2015 4529 revo-

449 4575 577 4617 care
609 4564 763 4634 punit
794 4566 1166 4632 seductorem;
1202 4564 1340 4619 dixit
1374 4564 1518 4619 enim
1554 4564 1793 4633 serpenti
1828 4562 2011 4619 Domi-

450 4669 552 4710 nus
580 4654 720 4713 Deus
750 4673 766 4712 :
800 4655 941 4722 Quia
970 4655 1140 4725 fecisti
1168 4654 1286 4721 hoc,
1318 4653 1624 4709 maledictus
1653 4669 1706 4709 es
1736 4654 1871 4710 inter
1896 4670 2011 4709 om-

520 4832 566 4866 “
597 4830 733 4888 Gen.
766 4845 850 4898 ιιι,
876 4828 931 4885 9.
1023 4827 1069 4861 ⁸⁸
1107 4827 1236 4883 ibid.
1263 4826 1352 4882 10.
1441 4828 1489 4861 ⁸⁸
1519 4828 1651 4885 ibid.
1693 4829 1781 4887 Η.

1050 4948 1079 4973 κ

2115 4495 2227 4533 νον
2260 4479 2344 4549 μὴ
2373 4477 2604 4548 φαγεῖν,
2635 4477 2736 4532 ἀπ’
2764 4477 2949 4532 αὐτοῦ
2995 4478 3250 4546 ἕφαγες;
3299 4476 3385 4538 Ὦς
3425 4471 3691 4543 δικαστὴς

2115 4563 2271 4639 ἦλθε,
2300 4568 2395 4620 καί
2422 4566 2497 4630 ὡς
2538 4566 2719 4640 ῑατρδς
2748 4568 2948 4638 ἐρωτᾷ,
2993 4567 3089 4621 καὶ
3118 4567 3359 4632 δικάζειν
3391 4562 3584 4628 ὲλθὼν,
3614 4561 3691 4626 ὼς

2118 4658 2256 4728 φίλῳ
2280 4657 2667 4729 προσονειδίςει
2686 4675 2699 4688 ·
2725 4650 2915 4726 Αῦται,
2949 4657 3144 4727 λέγων,
3163 4658 3271 4713 τῶν
3290 4658 3421 4727 παρ’
3440 4652 3577 4727 ἐμοῦ
3604 4669 3705 4713 σοι.

1639 4981 1748 5038 CL.
1789 4982 2161 5053 DAUSQUEII
2199 4983 2431 5043 NOTE.

521 5140 633 5267 (48)
678 5140 788 5195 Τὸν
833 5139 1067 5209 καρπὸν
1095 5135 1233 5235 στῆς.
1269 5134 1523 5206 ἀπάτης.
1597 5134 1823 5206 Proprie
1872 5155 1886 5191 :
1930 5147 2016 5194 est

549 5228 598 5266 m
647 5210 829 5267 ἀπάτη
874 5225 1024 5265 error
1060 5223 1187 5267 vite.
1220 5205 1449 5267 Ideoque
1479 5206 1763 5261 verborum
1796 5221 2013 5267 parcus.

452 5205 626 5269 enim'
647 5210 829 5281 ἀπάτη
868 5205 1192 5281 ,οἰνογμυὶωξ
1220 5205 1763 5281 ide_oque'_ver_bo_rum
1796 5221 2013 5277 parcus,

454 5299 518 5339 sc
567 5275 911 5351 pr0prietatis
955 5279 1194 5334 retinens
1245 5275 1372 5332 alibi
1424 5275 1742 5346 simpliciter
1790 5275 2017 5330 errorem

454 5353 611 5408 verti.

525 5421 636 5491 (49)
664 5418 866 5491 (Ἀδὰμ.
882 5415 1075 5491 Ἀδὰμ,
1097 5413 1215 5491 ποῦ
1240 5410 1313 5491 si.
1331 5412 1816 5491 Septuagintamon
1849 5412 2018 5491 gemi—

456 5483 823 5561 ιιιιιιιξἍδάμ,
853 5486 957 5541 alia
986 5483 1310 5561 exemplaria
1344 5483 1651 5561 ne'qnitletn
1684 5483 1908 5561 habent.

528 5559 640 5630 (50)
682 5552 1624 5630 Oi}dxnarbﬁéaagotnojtr.Nihil
1665 5552 1733 5605 de
1776 5566 1895 5629 meo
1936 5552 2019 5630 in-

460 5619 733 5700 terposui;
767 5619 907 5684 nam'
932 5625 1022 5697 qni
1057 5619 1248 5692 ἀφίησι
1278 5619 1480 5693 οοίίοἰι,
1518 5621 1701 5692 utique
1729 5634 1759 5674 a
1786 5633 1845 5674 se
1867 5619 2021 5687 iacit,

2122 5141 2237 5198 sive
2265 5155 2456 5208 suum;
2486 5154 2659 5211 neque
2684 5142 2744 5196 τὸ
2765 5140 2868 5211 ἐπι
2893 5138 3139 5211 οιίοειιηι
3155 5151 3261 5210 est,
3286 5141 3500 5211 quando
3523 5147 3691 5211 respl-

2123 5210 2198 5265 cit
2235 5211 2287 5264 id
2328 5211 2381 5264 in
2424 5209 2717 5280 quod‘l'erri
2766 5210 2975 5280 fulmen
2996 5209 3279 5280 potuisset.
3306 5209 3436 5276 Quae
3470 5210 3690 5276 parvula

2124 5279 2215 5349 qui
2263 5278 2480 5347 insuper
2524 5280 2743 5341 habent.
2773 5280 2914 5349 quod
2963 5278 3245 5343 incumbit,
3274 5295 3382 5333 non
3435 5288 3691 5342 vertunt;

2126 5347 2362 5403 ancteris
2393 5349 2713 5404 sententiam
2745 5347 2799 5399 et
2833 5347 2989 5400 [idem
3021 5360 3172 5399 suam
3208 5358 3479 5403 evertunt.

2199 5416 2310 5486 (51)
2350 5417 2561 5483 dim-vir
2584 5416 2971 5486 aoviigtova'a
3005 5416 3497 5486 περιπατοῦντος.
3536 5414 3682 5486 Basi-

2124 5483 2229 5556 lius
2251 5483 2455 5539 omittit
2482 5489 2538 5540 ὲν
2562 5485 2892 5556 παραδείσῳ,
2917 5490 2970 5537 et
3001 5490 3179 5538 textus
3202 5485 3505 5539 communis
3534 5484 3699 5538 vicis.

2128 5553 2227 5609 sint
2269 5553 2691 5625 περιπατοῦντος
2723 5553 2967 5610 omittit.»
