3990 6160
285 369 346 436 61
1695 373 1881 435 ΟΗΑἸ

2017 375 2116 436 IV.
3472 369 3544 433 62

286 484 500 558 δωρεῶν
542 483 600 538 al
644 481 911 553 ἀμοιϐαίς
946 483 1112 536 ταῦτα
1161 482 1268 538 τῶν
1317 483 1752 555 παρεσχημένων
1795 485 1866 539 τά

1986 486 2060 540 tia
2083 485 2378 540 animantia
2426 495 2472 540 et
2497 485 2691 540 bestias
2717 494 2869 538 terra
2893 484 2958 540 ⁸’.
2987 483 3183 539 Contra
3209 491 3538 550 serpentem,

287 577 612 649 χαριστήρια
639 592 653 640 ;
703 569 882 638 Οὗτος
911 574 1011 644 μὲν
1040 569 1132 628 οὖν
1175 575 1470 644 ἀπολογίας
1522 577 1744 646 ἀπορεῖ,
1773 579 1870 630 καὶ

290 669 424 740 πρὸς
453 667 551 738 τὴν
588 669 829 734 γυναῖκα
876 668 1176 736 μεταφέρει
1209 666 1270 719 τὸ
1318 665 1594 736 τόλμημα,
1637 667 1736 738 τὴν
1772 667 1868 720 τοῦ

296 760 407 830 βίου
439 758 727 812 κοινωνίαν
763 757 860 810 τοῦ
891 758 1240 828 ἐγκλήματος
1270 758 1636 829 ποιησάμενος
1667 759 1865 812 αἴτιονο

294 852 327 918 ἡ
355 849 410 902 δὲ
450 847 588 918 πρὸς
627 847 720 900 τὸν
752 847 874 915 ὅφιν
920 847 1219 916 μεταφέρει
1249 849 1316 900 τὰ
1367 848 1706 917 πταίσματα.
1738 847 1870 911 Θεὸς

296 939 354 992 δὲ
386 938 742 1007 σωφρονίζων
776 939 900 1000 τοὺς
929 937 1327 1007 ἀπατηθέντας,
1357 937 1578 1000 κολάζει
1605 938 1696 990 τὸν
1730 938 1872 990 ἀπα·

296 1032 564 1100 τήσαντα.
614 1025 749 1082 Εἷπε
795 1027 901 1099 γὰρ
949 1028 1152 1099 Κύριος
1194 1031 1222 1082 6
1259 1029 1391 1092 Θεὸς
1429 1028 1506 1098 τῷ
1551 1028 1672 1098 ὄφει
1702 1044 1716 1058 ·
1752 1027 1872 1080 Ὅτι

299 1121 598 1187 ἐποίησας
643 1120 844 1184 τοῦτο,
885 1119 1314 1187 ἐπικατὰρατος
1357 1119 1438 1172 σὺ
1483 1119 1603 1173 ἀπὸ
1634 1119 1874 1171 πάντων

302 1211 426 1265 τῶν
466 1213 698 1279 κτηνῶν
744 1209 857 1279 τῆς
888 1209 1017 1280 γῆς.
1057 1211 1120 1264 Ἡ
1167 1212 1265 1280 μὲν
1294 1211 1564 1280 ἀπόφασις
1610 1210 1748 1263 κατά
1777 1208 1871 1262 τοῦ

304 1303 632 1373 φαινομένου
677 1302 853 1370 ὄφεως
922 1302 1180 1371 φέρεται·
1228 1304 1259 1372 ἡ
1304 1303 1362 1356 δέ
1409 1301 1508 1371 τῆς
1547 1301 1874 1368 ἀποφάσεως

304 1394 526 1458 κόλασις
550 1400 688 1448 κατά
713 1394 806 1447 τοῦ
839 1394 1158 1446 ὑπεναντίου
1187 1394 1548 1464 ἐκπέμπεται.
1571 1395 1650 1445 Δι’
1674 1385 1735 1446 οὗ
1766 1393 1874 1463 γάρ

1969 579 2060 647 qui
2106 579 2157 630 in
2199 585 2545 646 conspectum
2582 588 2839 642 venerat,
2876 577 3048 631 fertur
3081 577 3383 638 sententia;
3420 591 3544 630 sen-

1971 670 2152 725 tentia:
2183 685 2311 724 vero
2352 683 2510 738 ptena
2545 668 2597 722 in
2625 685 2784 732 eum,
2820 670 2912 737 qui
2950 679 3135 734 contra
3180 668 3378 720 stabat.
3422 665 3542 732 Quo

1973 761 2115 816 enim
2141 759 2376 826 decepit,
2421 774 2488 813 eo
2544 761 2784 825 punitur.
2846 759 2988 813 Dixit
3038 772 3251 826 quoque
3289 755 3538 808 mulieri:

1975 849 2039 904 In
2068 850 2248 903 dolore
2274 851 2449 918 paries
2491 849 2634 916 ﬁlios
2667 849 2737 902 ³³.
2763 849 2844 903 Tu
2879 864 3001 902 cum
3047 848 3224 901 fructu
3257 846 3544 901 interdicto

1977 951 2031 994 te
2068 956 2172 994 non
2200 941 2552 1005 abstinueris,
2586 938 2763 993 fructu
2799 939 2933 991 uteri
2981 939 3057 990 tui
3101 937 3295 990 misere
3331 936 3545 989 crucia-

1974 1031 2138 1085 beris.
2176 1031 2304 1084 Adae
2351 1045 2480 1084 vero
2529 1030 2706 1084 dixit:
2767 1028 3056 1083 Maledicta
3107 1039 3246 1080 terra
3299 1028 3353 1078 in
3393 1041 3547 1091 apere

1977 1134 2068 1176 tuo
2105 1122 2188 1188 ³⁹;
2225 1120 2436 1177 deliciis
2469 1123 2634 1177 tantis
2660 1132 2845 1191 aperte
2875 1121 3126 1189 indiguus
3149 1134 3230 1185 es,
3261 1129 3419 1173 terra:
3439 1116 3549 1171 cul-

1982 1213 2135 1277 tioni,
2180 1213 2428 1282 natisque
2475 1213 2599 1268 inde
2648 1213 2933 1268 sudoribus
2990 1220 3107 1265 esto
3160 1209 3452 1272 obnoxius,
3486 1216 3546 1262 et.

1979 1315 2100 1356 cum
2135 1301 2316 1356 labore
2347 1301 2471 1354 vitte
2505 1310 2608 1355 tuae
2657 1302 2887 1370 spatium
2923 1313 3204 1363 emensus,
3241 1297 3546 1367 sepulcrum

1981 1395 2222 1448 invenies
2255 1395 2378 1448 vitae
2403 1395 2818 1449 succedaneum.

304 1486 569 1556 ἠπάτησε,
595 1485 684 1540 διὰ
706 1486 900 1540 τούτου
931 1485 1233 1548 κολάζεται.
1263 1485 1340 1555 Τῇ
1369 1485 1426 1537 δὲ
1457 1485 1676 1552 γυναικὶ
1702 1479 1826 1536 εἷπε
1845 1501 1860 1515 ο
1915 1484 2010 1536 Ἐν
2081 1487 2306 1550 λύπαις
2339 1485 2496 1550 τέξει
2527 1485 2722 1540 τέκνα.
2765 1487 2830 1540 Ἢ
2903 1486 2997 1538 τοῦ
3027 1486 3123 1554 τῆς
3163 1484 3381 1552 ἐντολῆς
3412 1499 3550 1551 καρο

306 1575 408 1627 ποῦ
444 1576 519 1644 μὴ
564 1575 902 1644 φεισαμένη,
951 1574 1078 1642 περὶ
1106 1573 1230 1636 τοὺς
1297 1574 1497 1642 ἑαυτῆς
1534 1574 1727 1644 ἀνιάσῃ
1804 1571 2070 1645 καρπούς.
2099 1575 2189 1645 Τῷ
2251 1576 2309 1629 δὲ
2342 1576 2512 1646 ’Λδάμ
2578 1572 2765 1630 εἶπεν·
2816 1576 3268 1646 Ἐπικατάρατος
3301 1578 3338 1643 ἡ
3380 1575 3454 1645 γῆ
3479 1576 3551 1628 ἐν

310 1664 430 1728 τοῖς
450 1664 643 1732 ἔργοις
669 1679 808 1717 σου.
835 1661 1062 1732 Τρυφῆς
1099 1660 1304 1730 ἐφάνης
1332 1660 1570 1726 ἀνάξιος,
1599 1665 1710 1725 τοῖς
1777 1663 1907 1733 περὶ
1945 1663 2048 1732 γῆν
2089 1663 2310 1734 ἱδρῶσιν
2360 1666 2622 1736 ὑπάρξεις
2703 1668 3042 1736 κατάρατος,
3090 1669 3184 1721 καὶ
3218 1669 3399 1730 πόνοις
3451 1684 3548 1737 με-

308 1757 508 1824 τρήσας
531 1752 628 1820 τῆς
657 1749 803 1820 ζωῆς
831 1768 926 1804 σου
950 1750 1040 1802 τὸν
1070 1750 1278 1820 χρόνον,
1302 1751 1469 1818 τάφον
1494 1752 1747 1822 εὑρήσεις
1771 1752 1864 1804 τοῦ
1901 1751 2018 1822 βίου
2051 1755 2313 1826 διάδοχον.
3091 1773 3096 1778 ·

373 1843 434 1896 δ’.
467 1842 616 1909 Αὕτη
646 1843 743 1911 τῆς
787 1840 930 1893 κατά
958 1839 1063 1893 τῶν
1096 1839 1373 1911 προγόνων
1401 1841 1699 1911 καταδίκης
1750 1841 1880 1895 ἀπό-

2049 1845 2105 1898 4.
2141 1845 2315 1921 disne
2368 1848 2694 1901 sententiam
2753 1847 3128 1916 progenitores
3188 1847 3550 1902 damnationis

313 1950 490 2002 φασις,
532 1934 605 1985 Σὺ
637 1932 694 1985 δέ
740 1931 816 2002 μὴ
863 1930 1026 2002 ῥίψῃς
1065 1932 1163 1993 τάς
1193 1931 1292 2000 τῆς
1325 1931 1598 2002 σωτηρίας
1627 1933 1874 1996 ἐλπίδας·

313 2026 370 2078 ού
408 2025 514 2097 γὰρ
544 2025 771 2094 ἔστησεν
800 2025 828 2076 6
861 2023 992 2086 Θεὸς
1039 2023 1165 2094 ἄχρι
1211 2022 1311 2092 τῆς
1346 2023 1590 2092 κατάρας
1622 2023 1691 2076 τά
1741 2023 1880 2094 πρά-

314 2132 529 2186 γματα·
565 2115 665 2168 ούκ
693 2114 872 2184 ἀφῆκε
911 2112 1156 2184 χρηστῆς
1190 2112 1402 2176 ἐλπίδος
1431 2114 1458 2164 6
1491 2112 1622 2176 Θεὸς
1653 2112 1750 2184 τὴν
1780 2113 1880 2181 φύ-

319 2225 398 2260 σιν
421 2207 786 2276 χηρεύσασαν.
807 2203 1040 2276 Χριστοῦ
1070 2203 1177 2274 γάρ
1203 2204 1473 2274 παρουσία
1497 2205 1594 2273 τῆς
1617 2205 1711 2258 τοῦ
1738 2222 1882 2276 πρω-

316 2299 625 2352 τοπλάστου
650 2297 974 2366 λαιμαργίας
1011 2297 1333 2367 ἰσχυροτέρα
1352 2313 1365 2326 ·
1398 2297 1491 2349 καὶ
1521 2297 1620 2367 τῆς
1651 2297 1756 2350 τῶν
1791 2299 1884 2350 ἀν-

322 2387 558 2460 θρώπων
591 2388 701 2459 (52)
735 2387 820 2439 διά
857 2391 1162 2458 παρανόμου
1195 2388 1449 2458 βρώσεως
1489 2389 1879 2458 ἀπατηθείσης,

315 2479 412 2550 τὴν
437 2479 548 2533 τῶν
574 2478 872 2548 ἀνθρώπιον
897 2480 1144 2550 ἀπαρχὴν
1171 2481 1199 2532 6
1234 2478 1543 2549 Μονογενὴς
1567 2478 1880 2531 ἐνεδύσατοο

315 2572 513 2626 καὶτὸν
525 2572 774 2641 δεύτερον
789 2571 959 2643 Ἀδὰμ
971 2591 1038 2625 πε
1048 2573 1295 2643 ριῆἀλλετ
1303 2591 1375 2634 αι,
1399 2573 1707 2641 φαρμάκοις
1727 2575 1884 2624 ἐναν-

313 2665 443 2728 τίοις
496 2664 815 2733 θεραπεύων
857 2663 928 2716 τά
977 2662 1289 2734 τραύματα.
1332 2663 1654 2730 ’Δντέστησε
1706 2678 1882 2730 παρα-

311 2758 468 2826 δείσῳ
495 2755 596 2826 τὴν
643 2754 878 2824 ἔρημον·
909 2757 974 2822 τῇ
1009 2756 1210 2823 τρυφῇ,
1243 2754 1342 2822 τὴν
1376 2752 1655 2822 νηστείανο
1690 2753 1756 2821 τῇ
1797 2751 1884 2804 διὰ

310 2845 482 2912 ὄφεως
520 2842 740 2912 ἀπάτῃ,
783 2841 844 2893 τὸ
881 2841 949 2893 δι’
991 2839 1276 2909 ἀνθρώπου
1317 2840 1456 2892 κατά
1490 2838 1581 2892 τοῦ
1633 2837 1883 2891 διαϐόλου

307 2936 592 3004 τρόπαιον,
635 2933 754 2986 ἀντὶ
785 2931 887 3000 τῆς
918 2929 1081 2993 Εὔας.
1113 2928 1379 3000 παρθένον
1428 2930 1594 2998 χωρὶς
1641 2929 1885 2999 κατάρας

309 3027 628 3089 ὠδίνουσαν,
680 3024 774 3077 καὶ
820 3023 980 3075 τόκον
1031 3019 1359 3091 παρθενικὸν
1414 3019 1589 3089 λύπης
1652 3019 1886 3089 ἀρχαίας

311 3116 614 3186 ἐλεύθερον,
648 3115 742 3168 καὶ
787 3114 957 3183 κόρην
1017 3111 1380 3181 ἀνύμφευτον,
1431 3110 1696 3163 ἀθάνατον
1747 3128 1885 3179 νυμ-

1979 1948 2091 1987 suae
2127 1935 2386 1990 tulerunt.
2427 1934 2505 1989 Tu
2542 1950 2670 1991 vero
2711 1951 2776 1991 ne
2808 1936 2999 1992 salutis
3029 1951 3180 2004 spem
3215 1936 3546 2005 proieceris:

1980 2041 2085 2079 non
2125 2027 2268 2081 enim
2327 2027 2687 2082 exsecrationi
2745 2036 3049 2082 creaturam
3110 2027 3250 2081 Deus
3278 2026 3404 2081 fecit
3453 2027 3549 2079 ob-

1982 2117 2224 2182 noxiam,
2259 2133 2432 2188 neque
2461 2119 2598 2173 bona
2647 2133 2742 2187 spe
2796 2119 3012 2172 interim
3072 2118 3264 2173 orbata
3335 2127 3546 2172 natura.

1979 2207 2224 2277 Namque
2257 2209 2458 2264 Christi
2484 2211 2768 2278 praesentia
2813 2210 2969 2279 longe
3005 2211 3280 2278 potentior
3313 2218 3394 2262 est
3424 2224 3550 2272 pro—

1984 2298 2198 2364 toplasti
2229 2301 2548 2364 voracitate,
2587 2310 2662 2365 et,
2696 2299 2973 2354 hominum
3023 2314 3220 2369 genere
3243 2314 3338 2368 per
3372 2299 3549 2368 gulam

1984 2387 2248 2441 nefariam
2273 2387 2326 2440 in
2360 2387 2603 2442 fraudem
2643 2389 2880 2455 inducto,
2900 2387 3551 2456 Unigenitus,contrariis

1985 2479 2394 2534 medicamentis
2433 2495 2628 2533 curans
2667 2479 2913 2542 vulnera,
2971 2481 3035 2534 de
3079 2479 3298 2533 homine
3329 2495 3548 2547 corpus,

1988 2572 2042 2625 in
2070 2573 2211 2640 quod
2238 2587 2297 2626 se
2330 2573 2652 2636 insinuaret,
2675 2571 2952 2636 delibavit,
2992 2582 3046 2626 et
3085 2574 3379 2627 secundum
3409 2573 3553 2625 Atla-

1986 2677 2130 2717 muut
2161 2663 2264 2717 sibi
2288 2663 2643 2728 circumjecit.
2677 2662 2933 2718 Paradiso
2952 2662 3295 2717 solitudinem
3327 2662 3550 2730 objerit,

1981 2750 2250 2820 jejunium
2276 2752 2507 2820 deliciis,
2539 2755 2868 2823 serpentinae
2899 2753 3072 2806 fraudi
3096 2762 3376 2821 tropaeum,
3407 2753 3549 2818 quod

1983 2856 2080 2910 per
2125 2843 2396 2897 hominem
2446 2854 2631 2898 contra
2673 2842 2946 2898 diabolum
2987 2843 3203 2906 statuit,
3238 2842 3358 2896 Eva;
3390 2842 3554 2910 virgi-

1987 2948 2106 2988 nem
2143 2935 2348 3003 absque
2385 2933 2651 2990 maledicti
2691 2934 2988 2989 acerbitate
3018 2936 3347 3002 parientem,
3375 2945 3428 2988 et
3457 2933 3539 2988 fe-

1990 3035 2100 3080 tum
2144 3025 2440 3096 virgineum
2476 3043 2505 3082 a
2532 3028 2730 3082 veteris
2764 3029 2932 3096 eulpae
2963 3026 3550 3096 atgritudineliberum.

1987 3125 2043 3170 et
2067 3117 2343 3186 innuptam
2392 3117 2643 3185 puellam,
2685 3131 2806 3185 quze
2855 3129 3110 3184 sponsum
3137 3113 3414 3182 generavit
3446 3113 3551 3164 im-

312 3209 430 3276 φίον
459 3209 821 3278 γεννήσασαν.
847 3199 1015 3266 Οὗτος
1038 3205 1066 3256 6
1096 3203 1348 3272 δεύτερος
1381 3202 1551 3271 Ἀδάμ
1581 3201 1880 3271 ἀπετέχθη,

1991 3209 2296 3264 mortalem.
2350 3204 2439 3262 Sic
2489 3209 2626 3264 alter
2680 3207 2850 3262 Adam
2911 3206 3222 3276 progenitus
3266 3205 3318 3256 in
3355 3203 3553 3256 malum

311 3301 430 3353 ἀντὶ
483 3299 814 3370 παραδείσου
858 3297 994 3365 πρὸς
1034 3296 1260 3366 οὐρανὸν
1307 3293 1600 3364 ἀνηνέχθη.
1643 3293 1885 3346 Ἐκεῖθεν

313 3392 515 3456 τοξεύει
561 3389 653 3442 τὸν
687 3388 831 3456 ὅφιν,
859 3386 1012 3456 παρὰ
1041 3385 1133 3438 τοῦ
1172 3383 1381 3454 πατρὸς
1417 3383 1706 3436 ἐπακούων
1736 3401 1748 3412 ·
1779 3383 1887 3436 Κά-

316 3487 416 3538 Οου
435 3483 503 3537 ἐκ
530 3482 748 3546 δεξιῶν
772 3499 914 3550 μου,
946 3480 1057 3545 ἕως
1079 3478 1155 3534 ἂν
1183 3477 1434 3532 τεθῶσιν
1464 3479 1518 3530 οἱ
1547 3478 1748 3545 ἐχθροί
1772 3476 1882 3546 (55)

317 3590 426 3628 σου
454 3572 796 3627 ὑποπόδιον
821 3569 940 3625 τῶν
966 3568 1166 3623 ποδῶν
1195 3584 1340 3632 σου,
1368 3560 1412 3634 ᾧ
1438 3569 1470 3637 ἡ
1495 3566 1625 3630 δόξα
1649 3567 1728 3628 εἰς
1760 3567 1886 3629 τοὺς

317 3664 530 3727 αἰῶνας.
577 3663 634 3714 Ἀ
642 3663 771 3732 μήν.

936 3770 1154 3825 ΛΟΓΟΣ
1194 3773 1268 3821 Δ’.

525 3887 637 3940 Τοῦ
665 3882 856 3939 αὑτοῦ
883 3885 968 3947 εἱς
1005 3881 1113 3935 τὸν
1147 3880 1296 3935 Κάῒν
1322 3878 1420 3932 καί
1449 3880 1650 3932 Ἀϐελ.

386 4025 452 4071 α’.
484 4018 654 4070 Πάλιν
686 4015 836 4086 ἡμᾶς
882 4013 910 4064 6
941 4011 1038 4081 τῆς
1070 4009 1416 4073 διδασκαλίας
1449 4011 1611 4080 νόμος
1665 4009 1799 4079 πρὸς
1826 4007 1886 4060 τὸ

322 4111 493 4179 λέγειν
511 4110 784 4179 ἀνίστησι·
811 4106 978 4160 πάλιν
1005 4106 1103 4176 τὴν
1134 4104 1334 4174 μικρὰν
1359 4103 1516 4173 ἡμῶν
1546 4101 1760 4171 ψεκάδα
1793 4101 1885 4153 τὸν

325 4201 688 4270 πνευματικὸν
713 4197 977 4267 ἀρδεύσαι
1009 4195 1335 4263 παράδεισον
1364 4194 1696 4257 ἐκϐιάζεται.
1718 4191 1885 4245 Πάλιν

321 4293 471 4361 ἡμᾶς
498 4293 620 4354 τοὺς
641 4290 889 4361 πτωχοὺς
911 4288 1009 4356 τῆς
1037 4286 1294 4356 λαμπρᾶς
1332 4285 1520 4347 ἑστίας
1557 4285 1670 4354 (54)
1703 4282 1884 4336 ἑστιά-

323 4401 488 4454 τορας
536 4382 780 4451 γενέσθαι
821 4378 1276 4451 παρακελεύεται.
1342 4377 1480 4429 Ἀλλ’
1533 4376 1594 4429 οὐ
1648 4375 1884 4444 πένηςή

326 4477 504 4545 χάρις,
557 4474 664 4526 οὐδ’
719 4476 922 4544 ἄπορος
960 4473 989 4525 6
1033 4471 1286 4541 χορηγὸς,
1341 4471 1398 4532 ὃς
1435 4470 1534 4538 τῆς
1574 4467 1740 4538 ἀκοῆς
1790 4466 1888 4535 τὴν

1991 3299 2224 3367 paradisi
2261 3300 2430 3353 vicem
2455 3283 2673 3353 evectus
2702 3309 2803 3352 est.
2855 3297 2980 3351 Inde
3014 3307 3319 3364 serpentem
3347 3293 3555 3362 jacnla-

1995 3401 2101 3454 tur,
2138 3389 2364 3444 audiens
2399 3389 2528 3442 illud
2569 3404 2598 3440 a
2653 3387 2812 3442 Patre
2845 3405 2858 3442 :
2910 3388 3044 3441 Sede
3083 3404 3114 3440 a
3145 3387 3344 3439 dextris
3400 3383 3549 3446 meis,

1991 3479 2156 3532 donec
2185 3494 2376 3545 ponam
2426 3478 2667 3530 inimicos
2719 3485 2835 3529 tuos
2882 3476 3162 3529 scabellum
3204 3477 3392 3543 pedum
3433 3482 3550 3524 tuo-

1993 3587 2108 3623 rum
2141 3570 2209 3634 δθ,
2241 3569 2324 3623 cui
2359 3568 2530 3637 gloria
2559 3568 2904 3636 sempiterna.
2938 3569 3130 3622 Amen.

2593 3759 2847 3816 ORATIO
2886 3760 2972 3814 IV.

2239 3873 2343 3946 ιθ
2379 3872 2632 3945 Ejusdem
2659 3874 2712 3927 in
2745 3871 2967 3925 Cainum
2994 3878 3041 3924 et
3071 3868 3312 3923 Abelum.

2067 4013 2118 4069 Ι.
2159 4011 2366 4065 Rursus
2397 4011 2462 4065 ad
2509 4010 2789 4065 dicendum
2840 4024 2940 4062 nos
2991 4004 3300 4061 exstimulat
3335 4001 3561 4057 docendi

1993 4103 2076 4158 lex
2115 4103 2264 4156 :vitn
2302 4117 2488 4156 rursus
2518 4099 2694 4164 alien,
2739 4111 2800 4152 ut
2835 4097 3163 4152 irroratione
3190 4095 3292 4148 levi
3345 4093 3563 4160 spirita-

1995 4192 2099 4245 lem
2147 4189 2430 4258 irrigemus
2505 4189 2844 4256 paradisum;
2903 4200 3090 4238 rursus
3137 4197 3400 4250 pauperes
3463 4195 3562 4234 nos

1996 4281 2330 4343 adhortatur,
2359 4289 2415 4333 ut
2457 4277 2708 4332 luculenti
2770 4277 2874 4330 foci
2925 4276 3301 4331 convivatores
3364 4273 3556 4327 simus.

1997 4371 2100 4426 Sed
2130 4386 2233 4424 non
2269 4370 2581 4440 paupertina
2616 4379 2699 4423 est
2739 4368 2928 4438 gratia,
2966 4369 3238 4436 necinops
3270 4366 3561 4431 choragus,

1997 4463 2085 4531 qui
2117 4461 2366 4516 auditorii
2389 4460 2490 4516 fide
2519 4469 2805 4528 conspecta
2837 4460 3070 4527 linguam
3129 4444 3207 4512 sic
3236 4454 3438 4509 affatim
3475 4455 3564 4505 in-

329 4542 503 4619 πίστιν
531 4565 697 4636 ὁρῶν,
724 4542 950 4636 χορηγεῖ
987 4565 1052 4633 τῇ
1087 4562 1324 4633 γλώττῃ,
1343 4561 1409 4614 δι’
1440 4559 1596 4631 ἡμῶν
1625 4561 1697 4621 εἰς
1746 4559 1881 4627 ὑμᾶς

1995 4555 2179 4621 struit,
2213 4563 2268 4608 ut
2297 4568 2393 4622 per
2417 4567 2514 4607 nos
2559 4551 2828 4621 spiritales
2863 4561 3032 4616 aquas
3077 4546 3132 4600 in
3184 4560 3279 4600 vos
3335 4542 3564 4597 derivet.

396 4720 432 4750 '7
474 4720 610 4776 Gen.
644 4734 728 4785 tu,
771 4719 857 4772 14.
929 4720 971 4750 ³⁸
1003 4718 1132 4773 ibid.
1159 4716 1245 4771 16.
1325 4716 1367 4747 ³⁸
1396 4715 1525 4770 ibid.
1560 4715 1645 4768 17.

1723 4715 1767 4745 ⁸ο
1798 4710 1943 4766 Psal.
1971 4727 2079 4774 δικ,
2109 4713 2156 4763 l.

1516 4867 1624 4923 CL.
1668 4863 2039 4931 DAUSQUEII
2077 4863 2304 4919 NOTAE.

394 5064 504 5133 (52)
548 5061 662 5130 Τῆς
683 5061 808 5133 ,τῶν
835 5056 1178 5126 ἀνθρώπων.
1222 5053 1387 5124 Exple
1417 5053 1652 5122 φύσεως,
1676 5051 1890 5120 γενεῆς,

331 5132 518 5205 φυλῆς,
551 5132 804 5205 similive.
915 5197 974 5205 ﬂ
1200 5197 1213 5205 .
1283 5195 1295 5205 ε
1357 5197 1378 5205 _
1463 5193 1474 5205 .
1548 5190 1579 5205 η
1661 5200 1670 5205 _
1784 5191 1796 5202 .

403 5190 515 5272 τῇ
550 5205 705 5265 Ἕως
727 5200 806 5252 ἄν
837 5197 1102 5272 τεθῷσως
1159 5197 1243 5272 οἱ*
1271 5193 1526 5272 ἐχθροί.Δ
1548 5190 1891 5272 Septuaginta

328 5261 582 5329 lnvariata
617 5261 912 5327 sententia.
943 5268 1048 5329 ’έως
1079 5266 1144 5319 ἂν
1177 5265 1254 5318 θῶ
1282 5264 1408 5326 τοὺς
1436 5261 1662 5330 ἐχθρούς
1705 5278 1819 5312 σου.

393 5345 504 5412 (54)
545 5338 1082 5412 Λαμπζρᾶς-ἐστίας.
1104 5337 1209 5390 Cur
1230 5335 1420 5400 exponi
1447 5329 1548 5412 ιιι)ιὶ
1575 5331 1763 5412 possit.
1793 5329 1861 5412 uti

331 5401 467 5468 nime
489 5401 669 5466 videt}.
712 5401 899 5461 Ἔστία
929 5406 1098 5472 focum
1122 5444 1136 5466 ,
1176 5419 1271 5457 seu
1320 5401 1459 5469 quod
1498 5401 1683 5472 malint
1726 5409 1892 5464 poeta!

334 5484 482 5535 larem
528 5480 825 5546 significat.
862 5469 1122 5546 Apollonii
1164 5471 1492 5546 Scltoliastes
1526 5469 1764 5546 ἐφέστιοι
1795 5483 1891 5546 ex-

332 5553 470 5618 ponit
513 5537 748 5603 ἔποικοι.
777 5537 1188 5618 Λακεδαιμόνιοι
1214 5542 1322 5618 γὰρ
1363 5541 1459 5609 τὴν
1507 5537 1893 5618 οἰκίανὶἐστίαν

333 5607 506 5687 φασίν.
540 5619 723 5672 Partis
749 5615 961 5687 scilicet
995 5607 1345 5687 appellat-ioue
1382 5607 1890 5687 l'é§_|0.l:l:.llbll.(?lll:-

336 5674 436 5750 lur.
483 5674 706 5748 domus,
759 5683 986 5753 familia.
1033 5674 1373 5753 Eustathius,
1409 5678 1573 5753 Iliad.
1614 5674 1713 5753 βία-ε
1758 5675 1891 5753 ’Λτῇ

339 5746 432 5824 τῆέ
454 5758 638 5820 ἑστίας
667 5746 771 5823 τῆξ
799 5751 894 5806 τοῦ
943 5751 1133 5821 πυρὸς,
1163 5749 1236 5812 ὡς
1264 5751 1326 5802 ἐκ
1357 5750 1551 5820 μέρους
1581 5747 1637 5800 τὸ
1665 5747 1784 5799 ὅλον
1816 5746 1888 5797 οἵ-

2002 5067 2173 5120 κημα.
2209 5049 2281 5101 Eo
2311 5047 2541 5120 Basilius
2566 5044 2956 5120 paupertinatn
2995 5041 3122 5120 dicit
3150 5039 3250 5120 sibi
3283 5037 3561 5119 familiam,

2003 5110 2178 5174 locum
2231 5119 2450 5172 ntinittte
2497 5110 2876 5184 splendidum,
2931 5113 3090 5184 unde
3128 5110 3418 5184 opiparatn
3451 5110 3567 5184 suis

2003 5205 2242 5244 mensam
2275 5178 2541 5240 exstruat.
2573 5187 2664 5239 Est
2713 5193 2767 5238 et
2815 5182 2903 5235 ille
2941 5179 3198 5233 Martialis
3230 5180 3375 5232 locus
3407 5178 3565 5244 hujus

2002 5257 2416 5329 magniﬁcentiae
2443 5256 2777 5310 removenda:
2803 5251 2898 5304 lib.
2927 5263 3044 5312 vm,
3077 5250 3247 5317 epigr.
3281 5247 3346 5301 67
3372 5263 3388 5302 :

2111 5353 2254 5419 Alget
2284 5351 2453 5402 adhuc
2484 5347 2622 5399 nudo
2658 5345 2834 5396 clausa
2867 5342 3041 5395 culina
3075 5341 3191 5410 foco

2110 5420 2297 5473 Nudus
2333 5420 2499 5488 focus.
2546 5455 2560 5468 .
2601 5456 2615 5468 .
2662 5455 2675 5467 .
2722 5452 2734 5466 .

2005 5513 2064 5566 Et
2099 5511 2298 5571 Basilii,
2328 5511 2387 5562 οὐ
2422 5507 2650 5577 λαμπρὰ
2679 5504 2831 5577 ἑστία
2879 5503 3008 5558 mihi
3055 5507 3177 5557 sunt
3209 5496 3347 5551 idem
3380 5509 3562 5565 prope.

2003 5583 2066 5635 Et
2097 5584 2269 5649 inquit
2305 5579 2466 5633 Silius
2498 5576 2632 5631 libro
2658 5576 2884 5642 septimo
2915 5593 2926 5628 :

2106 5672 2236 5724 Ante
2262 5669 2424 5738 focos,
2457 5683 2661 5720 meum.
2711 5707 2720 5717 .
2767 5703 2777 5714 .
2824 5703 2836 5715 .
2880 5701 2892 5717 .
