3990 6160
455 285 527 346 67
1640 285 1919 347 ΒΑΞΙΙᾸΙ
1957 285 2036 345 SE

2147 282 2492 344 UCIENSIS
3639 277 3705 342 63

454 421 570 459 ram
591 417 746 460 suam
778 402 1064 460 conferens
1086 404 1314 459 accedit.
1335 401 1582 472 Cognovit
1609 401 1777 455 Adam
1807 417 2020 456 uxorem

2143 395 2474 468 ὅπηρετοῦσα
2505 396 2846 467 μετέρχεται.
2881 395 3066 463 Ἔγνω
3090 391 3158 446 δὲ
3201 391 3383 463 Ἀδὰμ
3403 393 3575 449 Εὔαν
3597 394 3701 461 τὴν

452 513 605 551 suam
644 495 829 560 Evam,
860 513 976 567 qua:
999 498 1251 564 concepit,
1293 506 1340 549 et
1370 497 1565 564 peperit
1600 495 1758 549 Cain.
1790 496 2019 550 Restant

457 597 667 653 venter,
693 595 747 640 et
777 587 1077 655 conceptio,
1113 596 1168 639 et
1216 585 1388 650 dolor,
1423 596 1478 639 et
1514 587 1676 651 fetus,
1716 585 1823 639 lata
1851 599 2020 654 pepu-

459 679 695 748 larisque
744 689 948 733 natura;
1000 679 1108 743 via,
1176 693 1242 732 ac
1291 688 1432 732 stata
1480 678 1744 748 genitura:
1774 677 2022 731 humana:

457 768 616 821 satio.
650 767 784 821 llinc
805 783 997 822 exorsa
1053 777 1136 821 est
1188 775 1402 820 natura.
1439 768 1618 835 spicas
1672 764 2020 820 rationabiles

458 855 780 922 germinare.
802 854 1044 922 Concepit
1076 864 1122 908 et
1143 855 1360 924 peperit,
1394 869 1502 908 non
1523 869 1587 908 ex
1624 863 1788 919 terra,
1827 868 1932 906 non
1954 864 2020 906 cx

457 956 630 1009 costa,
662 943 754 998 sed
781 960 845 998 ex
871 945 991 997 alvo
1047 959 1266 1013 germen
1323 944 1542 1013 prodiit.
1605 943 1718 998 Hoc
1773 949 2024 1010 parentes

457 1037 712 1090 attonitos
748 1036 946 1090 reddit.
985 1033 1135 1088 Vidit
1188 1035 1298 1088 Eva
1349 1033 1717 1104 spectaculum
1777 1033 2023 1101 inopina-

459 1127 584 1194 bile,
625 1137 874 1180 naturam
928 1141 1154 1181 numero
1179 1135 1560 1195 propagatam,
1593 1133 1645 1178 et
1676 1124 1871 1194 partita
1905 1139 2026 1178 cor-

459 1233 612 1285 pora,
649 1232 874 1286 remque
922 1219 1114 1271 miram
1166 1217 1512 1286 promulgans
1548 1226 1852 1270 creatorem
1898 1231 2026 1269 con-

2121 485 2373 558 γυναῐκα
2429 485 2638 551 αὐτοῦ,
2689 484 2788 537 καὶ
2841 483 3239 536 συλλαϐοῦσα
3306 483 3479 538 ἔτεκε
3538 483 3700 538 Kdi‘r.

2123 580 2344 652 Γαστὴρ
2375 577 2579 642 λοιπὸν,
2615 578 2710 630 καὶ
2743 575 3022 646 σύλληψις,
3049 576 3144 627 καὶ
3174 575 3381 641 ὠδῖνες,
3415 578 3516 630 καὶ
3537 577 3703 638 τόκοι,

2124 675 2158 745 ἡ
2191 671 2419 726 πλατεῖα
2443 668 2716 739 λεωφόρος
2741 668 2840 738 τῆς
2879 667 3116 736 φύσεως,
3142 668 3174 736 ἡ
3202 667 3427 738 ἔννομος
3464 669 3708 738 γεωργία

2125 762 2227 830 τῆς
2257 759 2365 813 τῶν
2391 758 2693 828 ἀνθρώπων
2716 758 3005 828 γενέσεως.
3051 757 3331 812 Ἐντεῦθεν
3357 759 3569 832 ἤρξατο
3591 763 3708 824 τοὺς

2122 850 2375 921 λογικοὺς
2406 851 2647 921 στάχυας
2673 848 3046 919 βλαστάνεινή
3083 847 3244 917 φύσις
3276 850 3415 920 (61).
3470 854 3708 905 Συλλα-

2121 945 2311 999 6οῦσα
2335 945 2556 1006 ἔτεκεν,
2587 939 2687 994 οὐκ
2734 943 2797 994 ὲκ
2819 941 2962 1010 χοδς,
3007 942 3106 995 οὐκ
3129 945 3191 994 ὲκ
3210 942 3478 1012 πλευρᾶς,
3493 943 3610 996 ἀλλ’
3646 945 3706 996 ἐκ

2123 1035 2362 1106 γαστρὸς
2393 1032 2779 1100 ἀνεϐλάστησε.
2803 1031 2972 1084 Τοῦτο
3010 1031 3146 1104 πρὸς
3170 1031 3433 1102 ἔκπληξιν
3465 1034 3595 1096 τοὺς
3626 1049 3704 1085 τε·

2122 1125 2319 1189 κόντας
2349 1125 2619 1193 ἐκίνησεν.
2645 1118 2798 1175 Εἷδεν
2824 1123 2856 1193 ἡ
2885 1121 2997 1174 Εὕα
3021 1121 3152 1175 θέαν
3188 1122 3522 1195 παράδοξον,
3549 1123 3705 1192 φύσιν

2124 1214 2343 1287 ἀριθμῷ
2405 1215 2852 1284 πλατυνομένην,
2903 1213 2997 1266 καὶ
3062 1213 3398 1284 μεριζόμενα
3453 1215 3700 1286 σώματα,

458 1318 724 1362 testatur:
755 1307 974 1361 Ροεηάὶ
1021 1308 1279 1361 hominem
1330 1324 1423 1377 per
1475 1307 1639 1360 Deum
1669 1307 1734 1360 “.
1798 1306 1877 1361 Re
1920 1306 2027 1360 Deo

2143 1307 2226 1360 μιαὶ
2259 1306 2319 1359 τὸ
2350 1306 2535 1375 θαῦμα
2556 1303 2900 1376 κηρύττουσα
2925 1301 3014 1357 τδν
3035 1304 3097 1374 δη
3107 1305 3479 1377 μιουργοῦντα
3509 1306 3706 1377 μαρτύ-

468 1399 725 1465 ascripta,
775 1398 955 1466 aperis
1001 1407 1272 1450 auctorem
1308 1397 1567 1466 agnoscit.
1601 1395 1664 1449 Et
1709 1406 1887 1460 recte;
1926 1395 2024 1449 Per

463 1488 626 1541 Deum
654 1498 958 1543 creatorem
989 1503 1134 1553 eum,
1169 1489 1260 1556 qui
1314 1487 1567 1553 finxerat,
1631 1502 1735 1540 non
1790 1486 2025 1540 admini-

462 1594 633 1636 Slrunt
667 1582 1024 1651 proclamans.
1056 1581 1156 1647 Tu,
1185 1583 1302 1648 Ari,
1330 1580 1494 1634 Evam
1519 1596 1788 1645 reverere,
1837 1593 1890 1635 et
1915 1581 2027 1652 syl-

462 1672 598 1728 labis
628 1688 748 1727 cum
777 1671 912 1726 Filio
950 1673 1040 1726 Dei
1084 1674 1292 1727 velitari
1325 1673 1549 1727 desine:
1595 1688 1846 1727 reverere
1876 1688 2027 1727 com—

464 1778 679 1817 munem
718 1764 995 1818 hominum
1025 1775 1275 1828 matrem,
1309 1780 1439 1818 voce
1476 1762 1791 1818 Creatorem
1854 1764 2028 1833 suspi-

465 1857 718 1918 cientem,
781 1873 887 1909 non
955 1856 1334 1909 contumeliam
1407 1856 1755 1924 irrogantem.
1835 1853 2029 1908 Desine

463 1946 618 2000 Caini
672 1946 1026 2007 sacrificium,
1083 1947 1206 1998 (lum
1264 1945 1446 1999 laudes
1500 1947 1727 2012 occiuis,
1784 1945 2026 1999 imilari:

465 2036 660 2103 quibus
705 2035 851 2088 enim
900 2035 1224 2088 sacrificium
1285 2035 1482 2099 oerrs,
1548 2035 1805 2089 conviciis
1863 2035 2028 2088 Deum

465 2124 828 2178 collaudatum
865 2124 1194 2190 insectaris;
1228 2124 1421 2192 quibus
1452 2125 1708 2178 honorem
1758 2123 1956 2177 habere
1982 2133 2033 2178 te

464 2214 713 2276 simulas,
748 2213 1014 2283 dignitate
1037 2213 1257 2281 spolias.
1314 2212 1464 2268 Caini
1496 2214 1742 2284 exemplo
1789 2213 2032 2267 Creatori

463 2303 726 2357 honorem
768 2301 929 2356 aﬂ‘ers
974 2303 1089 2356 sine
1138 2302 1360 2356 honore.
1424 2303 1588 2358 Deum
1641 2304 1938 2364 confiteris,
1981 2312 2035 2357 et

464 2403 772 2448 creaturam
816 2392 989 2458 facis,
1017 2407 1080 2446 ac
1111 2408 1234 2447 mox
1280 2393 1478 2447 iterum
1529 2394 1803 2447 hominem
1860 2393 2032 2447 fuisse

465 2485 687 2548 clamas,
714 2501 780 2539 ex
805 2494 1058 2538 creatura
1084 2485 1136 2537 in
1168 2493 1476 2537 creaturam
1507 2482 1824 2536 Creatorem
1858 2493 2036 2536 trans-

467 2575 728 2636 f'ormans,
774 2584 827 2628 et
866 2575 1130 2641 originem
1185 2573 1395 2642 origine
1444 2573 1663 2627 dictitas
1715 2573 2036 2641 excipi,au-

474 2669 736 2733 dieusqne
765 2666 926 2734 quod,
987 2678 1108 2717 cum
1164 2679 1380 2717 carnem
1436 2664 1687 2732 cepisset,
1741 2665 2033 2718 animalam

471 2758 827 2814 oeconomiam
853 2756 958 2824 22
996 2756 1209 2824 generis
1249 2756 1466 2808 humani
1507 2756 1813 2823 perfecerit,
1845 2759 1910 2811 ad
1943 2773 2040 2809 na-

476 2858 652 2902 turam
685 2847 1091 2913 conceptionem
1125 2845 1314 2909 refers,
1337 2856 1389 2900 et
1421 2847 1622 2901 Christi
1651 2848 2041 2916 apparitionem

475 2952 686 2991 summa
721 2951 844 2989 cum
880 2935 1156 3003 impietate
1185 2932 1300 3002 ejus
1321 2936 1694 3004 interpretaris
1722 2938 2039 2991 essentiam.

475 3029 586 3082 Sed
638 3027 746 3080 Eva
795 3040 900 3079 non
935 3027 1030 3088 ita,
1065 3040 1293 3079 verum:
1360 3026 1578 3080 Possedi
1637 3027 1898 3080 hominem
1955 3046 2046 3096 per

479 3119 666 3172 Deum.
701 3117 855 3181 Novi,
884 3115 1079 3185 inquit,
1144 3131 1318 3169 meam
1382 3118 1551 3174 divini
1596 3119 1828 3171 mandati
1870 3129 2048 3173 trans-

481 3210 838 3280 gressionem,
874 3209 997 3262 novi
1029 3223 1057 3261 a
1088 3208 1344 3276 paradiso
1373 3209 1642 3264 excidisse
1670 3225 1776 3263 me.
1828 3208 1897 3264 lis
1928 3225 2047 3278 qua:

480 3298 697 3369 pertuli,
762 3297 918 3352 docta
967 3311 1110 3350 sum.
1156 3296 1403 3365 Agnosco
1461 3296 1797 3364 puuitorem,
1859 3297 2046 3364 excepi

480 3403 719 3458 prunam,
753 3402 876 3455 quae
903 3399 959 3441 ut
995 3387 1249 3455 magistra
1290 3402 1374 3442 me
1437 3387 1504 3440 ah
1556 3403 1740 3442 errore
1789 3388 2045 3441 vindicet.

479 3479 823 3536 Seductionis
871 3477 1109 3549 pericula
1139 3477 1428 3547 sufﬁciunt,
1463 3478 1664 3534 alteras
1694 3479 1917 3534 insidias
1941 3493 2046 3533 non

393 3615 396 3618 .
482 3571 732 3626 admitto.

551 3747 606 3800 5.
645 3746 776 3811 Qum
801 3747 1058 3812 concepit,
1088 3755 1138 3799 et
1180 3745 1374 3815 peperit
1403 3744 1559 3799 Cain.
1617 3744 1831 3799 Primus
1863 3755 2048 3813 partus

484 3845 588 3904 est,
618 3837 707 3907 qui
739 3837 948 3905 primus
981 3845 1186 3890 naturae
1233 3837 1336 3889 fuit
1388 3836 1647 3901 infestus;
1699 3837 1788 3904 qui
1847 3836 2051 3906 primus

482 3929 693 3998 aperuit
720 3928 952 3998 partioni
977 3943 1220 3991 cursum,
1259 3926 1464 3996 primus
1489 3930 1644 3980 morti
1681 3938 1865 3996 portas
1897 3937 2047 3996 pate-

2135 1413 2290 1466 ρεται
2309 1409 2323 1424 ⁶
2358 1393 2740 1462 Ἐκτησὰμην
2768 1393 3084 1460 ἄνθρωπον
3102 1393 3198 1447 διὰ
3223 1395 3327 1449 τοῦ
3354 1398 3524 1450 Θεοῦ.
3560 1399 3707 1466 Ὁμο-

2127 1485 2277 1552 λογεῖ
2302 1484 2394 1537 τὸν
2440 1483 2678 1535 πλάστου
2692 1482 2837 1551 ργὸν,
2870 1482 2987 1553 Θεῷ
3019 1483 3078 1535 τὺ
3103 1483 3264 1554 ἔργον
3294 1485 3702 1556 προσφέρουσα.

2127 1573 2324 1636 Καλῶς
2361 1573 2476 1639 καὶ,
2504 1573 2600 1626 διὰ
2633 1573 2738 1626 τοῦ
2771 1573 2939 1636 Θεοῦ,
2980 1573 3076 1643 οὐχ
3117 1575 3410 1644 ὑπουργὸν,
3446 1575 3584 1630 άλλὰ
3616 1575 3706 1644 δηο

2133 1665 2391 1735 μιουργδν
2423 1665 2514 1717 τὸν
2547 1662 2796 1734 πλάστην
2848 1663 3212 1734 κηρύττουσα.
3254 1666 3582 1736 Αίσχύνθητι
3610 1667 3706 1736 τὴν

2129 1755 2296 1820 Εὕαν,
2328 1756 2540 1826 Ἀρειε,
2581 1755 2676 1807 καὶ
2702 1753 2908 1807 παῦσαι
2936 1753 3012 1824 τῷ
3032 1753 3147 1824 Υίῷ
3173 1755 3265 1807 τοῦ
3298 1755 3430 1809 Θεοῦ
3464 1757 3554 1809 διά
3590 1761 3708 1808 συ).-

2128 1845 2300 1915 λαεῆς
2323 1845 2575 1914 πολεμῶν
2597 1861 2610 1874 ·
2633 1843 2910 1915 αίδέσθητι
2934 1844 3033 1916 τὴν
3063 1846 3249 1916 κοινὴν
3272 1847 3379 1899 τῶν
3400 1846 3707 1917 ἀνθρώπων

2134 1937 2366 2005 μητέρα,
2401 1933 2786 2004 θαυμάζουσαν
2816 1934 2907 1987 τὸν
2938 1936 3279 2006 Δημιουργὸν
3323 1934 3413 1988 διὰ
3453 1935 3557 2004 τῆς
3595 1953 3710 2004 φω-

2130 2025 2247 2095 νῆς,
2278 2026 2375 2093 οὐχ
2405 2024 2768 2094 ὑϐρίζουσαν·
2803 2024 3007 2078 παῦσαι
3033 2025 3132 2096 τὴν
3154 2025 3242 2079 τοῦ
3272 2027 3410 2080 Κάϊν
3437 2025 3629 2081 Θυσίαν
3651 2029 3709 2078 ὲν

2129 2117 2197 2184 τῇ
2244 2114 2519 2185 δοξολογίᾳ
2574 2114 2929 2186 μιμούμενος.
2993 2119 3069 2168 Δι’
3109 2112 3182 2172 ὧν
3217 2117 3323 2188 γάρ
3374 2118 3709 2190 προσφέρεις

2130 2207 2222 2260 τὸν
2245 2206 2432 2276 ὕμνον,
2460 2205 2800 2277 βλασφημεῖς
2824 2206 2915 2260 τὸν
2943 2208 3281 2280 ὑμνούμενον
3309 2225 3320 2238 ’
3351 2209 3416 2261 δι’
3439 2204 3513 2264 ὧν
3539 2211 3707 2279 τιμᾷν

2136 2298 2432 2366 προσποιῇ,
2486 2296 2586 2367 τὴν
2638 2297 2796 2361 ἀξίαν
2848 2299 3150 2372 λῃστεύεις.
3193 2302 3422 2373 Ἀτιμον
3463 2301 3538 2364 ὡς
3570 2301 3710 2353 Κάῖν

2132 2386 2209 2457 τῷ
2234 2387 2562 2456 Δημιουργῷ
2591 2386 2689 2456 τὴν
2718 2387 2881 2459 τιμὴν
2908 2391 3320 2461 προσκομίζεις.
3359 2391 3487 2445 Θεὸν
3516 2391 3708 2460 ὁμολο-

2134 2479 2272 2543 γεῖς,
2324 2477 2418 2530 xui.
2476 2478 2682 2548 κτίσμα
2729 2482 2924 2544 ποιεῖς,
2961 2481 3056 2534 καὶ
3112 2482 3248 2552 μετὰ
3311 2483 3508 2552 μικρὸν
3548 2482 3709 2535 πάλιν

2141 2567 2429 2638 ἄνθρωπον
2472 2570 2754 2637 γεγονέναι
2806 2571 3118 2642 κηρύττεις,
3160 2575 3224 2626 ἐκ
3272 2575 3574 2643 κτίσματος
3634 2575 3711 2635 εἰς

2139 2657 2344 2728 κτίσμα
2407 2658 2798 2729 μεταπλάττων
2877 2661 2966 2712 τὸν
3015 2663 3297 2729 κτίσαντα,
3348 2666 3439 2717 καὶ
3500 2666 3712 2732 γένεσιν

2141 2750 2403 2817 γενέσεως
2418 2748 2730 2813 άποτίκτεις
2749 2749 3020 2820 διάδοχον·
3049 2755 3140 2807 καὶ
3168 2755 3408 2815 ἀκούσας
3437 2756 3516 2808 ὅτι
3540 2756 3711 2827 σάρκα

2143 2839 2327 2892 λαϐὼν
2383 2840 2808 2910 ὲμψυχωμένην,
2866 2842 2965 2912 τὴν
3015 2843 3156 2914 ὑπὲρ
3212 2846 3369 2916 ἡμῶν
3403 2846 3710 2918 οἰκονομίαν

2145 2932 2462 3002 εἰργάσατο,
2511 2932 2646 3002 πρὸς
2694 2932 2856 3000 φύσιν
2902 2934 3002 3004 τὴν
3054 2935 3313 3007 σύλληψιν
3369 2938 3596 3008 οἰηθεὶς,
3620 2938 3713 3007 τὴν

2147 3021 2455 3091 φανέρωσιν
2506 3022 2586 3084 είς
2638 3022 3035 3093 συμπλήρωσιν
3083 3025 3181 3096 τῆς
3225 3025 3482 3090 ἀσεϐείας
3529 3027 3714 3080 οὐσίαν

2146 3111 2558 3181 ἐκλογιζόμενος
2597 3112 2728 3179 (6‘2).
2783 3114 2922 3166 Ἀλλ’
2966 3116 3066 3183 οὐχ
3110 3114 3281 3179 οὕτως
3325 3118 3358 3186 ή
3404 3115 3538 3178 Εὕα,
3581 3117 3714 3180 ἀλλ’,

2160 3203 2544 3273 Ἐκτησάμην
2593 3203 2909 3272 ἄνθρωπον
2947 3205 3044 3260 διὰ
3079 3206 3186 3260 τοῦ
3233 3207 3402 3262 Θεοῦ.
3430 3203 3563 3260 Οἶδά
3597 3224 3714 3279 μου,

2149 3296 2303 3366 φησὶ,
2337 3296 2436 3366 τῆς
2479 3295 2630 3360 θείας
2665 3297 2888 3366 ἐντολῆς
2932 3297 3030 3367 τὴν
3069 3297 3418 3368 παράϐασιν·
3459 3294 3574 3350 οἶδα
3627 3297 3717 3350 τοῦ

2150 3389 2484 3461 παραδείσου
2517 3389 2616 3460 τὴν
2645 3389 2938 3443 ἔκπτωσιν.
2998 3389 3358 3460 Ἐπαιδεύθην
3385 3384 3468 3453 οἷς
3500 3378 3715 3444 ἔπαθον.

2163 3479 2438 3550 Ὁμολογῶ
2470 3480 2563 3533 τὸν
2603 3483 2928 3552 τιμήσαντα,
2982 3480 3253 3550 ἐδεξάμην
3297 3480 3394 3550 τὴν
3453 3479 3720 3551 τιμωρίαν

2151 3571 2450 3638 ἀσφαλείας
2497 3571 2837 3626 διδάσκαλον.
2886 3571 3070 3642 Ἀρκεῖ
3105 3571 3207 3640 τῆς
3239 3570 3454 3640 ἀπάτης
3490 3572 3518 3623 ὁ
3546 3570 3722 3625 κινδυ⁹

2151 3679 2260 3725 νος,
2291 3662 2549 3734 δευτέραν
2581 3663 2871 3732 ἐπιϐουλὴν
2909 3661 2968 3717 ού
3007 3661 3396 3732 προσδέχομαι.

2222 3758 2290 3818 γ’.
2345 3753 2451 3806 Καὶ
2485 3753 2886 3806 συλλαϐοῦσα
2933 3752 3098 3805 ἔτεκε
3127 3752 3236 3806 τὸν
3273 3751 3442 3805 Κάιν.
3499 3749 3719 3820 Ἐτέχθη

2152 3842 2388 3912 πρῶτος,
2431 3846 2458 3896 ό
2500 3844 2716 3915 πρῶτος
2761 3847 2826 3915 τῇ
2877 3844 3035 3912 φύσει
3088 3843 3379 3913 πολέμιος·
3422 3843 3450 3896 ό
3507 3841 3720 3913 πρῶτος

2151 3934 2367 3998 ἀνοίξας
2397 3933 2475 4005 τῷ
2502 3936 2648 4006 τόκῳ
2675 3935 2766 3988 τὸν
2794 3935 3012 4005 δρόμον,
3050 3935 3264 4005 πρῶτος
3291 3934 3494 4004 ηνὲῳξε
3522 3934 3597 4003 τῷ
3631 3932 3721 3984 θα-

482 4019 642 4086 f’ecit;
677 4020 765 4089 qui
802 4029 1010 4073 natura:
1051 4032 1273 4072 munere
1321 4019 1530 4088 primus
1585 4021 1648 4073 ad
1686 4022 1848 4073 vitam
1879 4022 2036 4084 venitl

2153 4026 2298 4097 νάτῳ
2325 4025 2423 4090 τὰς
2465 4026 2636 4089 πύλας
2661 4041 2675 4056 ·
2713 4026 2929 4096 πρῶτος
2958 4026 3037 4088 εἰς
3069 4026 3180 4096 βίον
3209 4023 3433 4094 δραμὼν
3475 4023 3550 4095 τῷ
3576 4022 3721 4093 νόμῳ

481 4111 759 4178 etprimus
787 4111 915 4164 vitio
943 4111 1233 4164 voluntatis
1273 4111 1323 4164 in
1380 4111 1578 4165 easdem
1641 4113 1770 4166 ruit.
1826 4111 2049 4165 Partum

483 4202 626 4254 hunc
652 4202 852 4256 Abelus
881 4201 1104 4270 excipit,
1145 4202 1234 4256 ille
1268 4201 1483 4272 quidem
1515 4213 1704 4255 natura
1736 4217 2046 4271 germanus,

484 4307 589 4344 non
621 4292 910 4345 voluntate.
940 4291 1164 4359 Aperuit
1197 4293 1340 4345 enim
1377 4294 1670 4347 discrimen
1739 4296 1920 4347 animo
1935 4311 2048 4347 rum

481 4381 846 4436 sacrificatio:
875 4382 958 4438 hic
984 4382 1128 4436 enim
1159 4397 1253 4449 per
1282 4397 1400 4435 eam
1431 4384 1536 4447 sui,
1569 4383 1656 4435 ille
1681 4383 1772 4437 Dei
1803 4385 2054 4453 COgnitus

482 4480 565 4527 est
595 4483 824 4527 amator.
861 4469 1141 4541 Siquidem
1171 4471 1375 4526 Cainus
1399 4471 1853 4525 sacriﬁcationem
1874 4473 2053 4525 multae

483 4562 599 4618 loco
627 4565 828 4617 ducens
863 4563 1186 4632 rejectaneis
1215 4561 1501 4616 sacriﬁciis
1554 4562 1817 4615 honorem
1865 4563 2056 4616 detulit

482 4651 766 4715 honorato,
827 4653 1127 4706 adulterata
1192 4661 1370 4704 mente
1423 4666 1738 4719 cauponans
1791 4654 2048 4723 pretium.

482 4741 678 4797 Abelus
703 4757 829 4797 vero
880 4742 1038 4811 longe
1080 4741 1272 4805 aliter;
1327 4741 1419 4809 qui
1465 4757 1586 4797 cum
1647 4746 1845 4798 donum
1894 4755 2038 4799 totus

573 4899 619 4931 “
640 4899 778 4954 Gen.
812 4910 888 4960 tv,
916 4895 970 4950 1.

2155 4115 2256 4183 τῆς
2299 4114 2533 4183 φύσεως,
2571 4115 2665 4166 καὶ
2713 4113 2934 4184 πρῶτος
2959 4115 3039 4175 είς
3074 4113 3230 4182 φόνον
3259 4112 3429 4165 ἐλθὼν
3456 4116 3522 4182 τῇ
3559 4109 3720 4179 κακίᾳ.

2155 4205 2255 4274 τῆς
2287 4205 2687 4276 προαιρέσεως.
2741 4204 3057 4274 Διαδέχεται
3107 4205 3196 4256 τὸν
3246 4204 3404 4256 τόκον
3456 4205 3485 4255 ὁ
3535 4202 3716 4263 Ἀσελ,

2155 4295 2380 4363 ἀδελφὸς
2409 4296 2506 4365 μὲν
2535 4297 2633 4364 τὴν
2659 4295 2840 4364 φύσιν,
2875 4296 2975 4348 οὐκ
3006 4295 3236 4364 ἀδελφὸς
3265 4294 3361 4365 τὴν
3383 4293 3716 4364 προαίρεσιν.

2160 4385 2366 4449 Ἕδειξε
2395 4386 2502 4456 γὰρ
2530 4387 2562 4457 ή
2593 4386 2752 4440 θυσία
2775 4388 2835 4440 τὸ
2861 4388 2959 4457 τῆς
2980 4386 3204 4457 γνώμης
3235 4386 3510 4457 διάφορον.
3549 4385 3605 4436 ’0
3629 4383 3723 4452 μὲν

2159 4475 2269 4545 γὰρ
2313 4477 2592 4544 φίλαυτος,
2624 4479 2651 4530 ό
2693 4477 2749 4530 δὲ
2790 4477 3036 4547 φιλόθεος
3061 4477 3128 4529 δι’
3163 4477 3332 4546 αὐτῆς
3375 4471 3718 4542 ὲγνωρίξετο.

2161 4567 2302 4619 Κάῖν
2339 4569 2436 4634 μὲν
2459 4567 2568 4638 γὰρ
2596 4569 2695 4639 τὴν
2730 4570 2920 4622 θυσίαν
2946 4569 3148 4640 ζημίαν
3176 4568 3499 4638 ἡγούμενος,
3532 4565 3596 4616 ὲκ
3621 4561 3723 4615 τῶν

2160 4657 2437 4728 ἀδοκίμων
2465 4657 2565 4729 τὴν
2611 4659 2774 4731 τιμὴν
2797 4660 2872 4732 τῷ
2900 4658 3198 4730 τιμωμένῳ
3230 4656 3611 4729 προσεκόμιζε,
3644 4669 3724 4705 νε·

2146 4749 2442 4822 νοθευμένῃ
2513 4750 2704 4822 γνώμῃ
2775 4753 2874 4824 τὴν
2933 4753 3100 4823 τιμὴν
3143 4750 3486 4822 καπηλεύων.
3559 4746 3618 4799 Ὅ
3667 4741 3722 4795 δὶ

1657 5115 1763 5172 CL.
1805 5116 2180 5186 DAUSQUEII
2221 5120 2455 5176 NOTE.

552 5287 661 5360 (6|)
704 5289 1019 5363 Ἐντεῦθεν
1050 5289 1440 5363 ᾔρξατρητοὺς
1467 5291 1748 5359 λογικοὺς
1775 5293 2045 5363 στάχυας

476 5359 854 5429 βλαστάνειν
896 5359 934 5424 ἠ
982 5360 1184 5425 φύσις.
1235 5359 1572 5414 Uberrimnm
1609 5359 2049 5429 proventum-ho}

480 5433 680 5485 minurn
717 5431 816 5483 hoc
847 5428 1097 5503 l_oque_ndi
1120 5445 1287 5503 genus
1319 5428 1620 5495 convolvit,
1635 5435 1777 5500 quod
1803 5432 2049 5503 Euripidi

479 5514 757 5572 acceptum
788 5497 964 5552 refero
989 5494 1267 5552 Phoenissis
1304 5514 1322 5550 :

582 5633 734 5698 Γῆν.
763 5633 824 5706 'I'i_
836 5630 968 5706 ποίν
989 5627 1133 5706 ᾐμῖν
1164 5635 1604 5704 χρυσοπήληκα
1637 5633 1873 5704 στάχυν

582 5701 875 5770 Σπαρτῶν
898 5701 1144 5764 ἀνῆκεν.
1185 5740 1197 5753 .
1240 5740 1252 5752 .
1297 5742 1310 5756 .
1353 5743 1368 5760 .

2263 5297 2395 5368 Quae
2422 5306 2562 5351 terra
2591 5299 2738 5353 nobis
2774 5301 2994 5354 credidit
3022 5299 3244 5368 Sparta:
3273 5315 3458 5354 novam

2266 5367 2488 5421 Messen:
2527 5370 2702 5421 aureis
2732 5371 2897 5438 galeis
2927 5373 3228 5423 micantem.
3270 5407 3284 5420 .
3329 5407 3345 5423 .

2229 5479 2343 5548 (ϐξ)
2395 5477 2892 5550 Ἐκλογιζᾴμενος.
2930 5483 3022 5535 Ἐκ
3075 5481 3344 5550 significat
3393 5480 3558 5535 animi
3609 5495 3733 5550 pro-

2159 5551 2494 5616 gresslonem
2547 5563 2613 5603 ex
2644 5548 2845 5606 Christi
2906 5548 3340 5606 manifestatioue
3387 5551 3453 5605 ad
3489 5548 3734 5622 ejus—na-

2161 5629 2358 5674 turam.
