3990 6160
412 208 488 273 15
1613 190 1894 256 BASILII
1934 194 2479 254 SELEUCIENSIS
3629 200 3699 262 76

414 331 538 373 mus
588 315 642 370 in
677 315 816 370 bene
847 322 1141 370 merentem
1174 312 1368 369 Deum.
1410 308 1697 366 Victimam
1738 309 1862 380 ipsi,
1884 323 2003 378 qua:

2124 306 2409 378 ὔγνωμοψ
2443 307 2758 378 εὐχάριστοι
2782 310 2911 381 περὶ
2932 311 3026 365 τὸν
3047 312 3344 386 εὐεργέτην
3362 312 3695 387 γενώμεθα·

424 426 455 462 a
512 409 716 462 virtute
759 408 864 470 sit,
918 406 1239 473 offeramus,
1292 404 1434 459 dono
1481 402 1581 472 ipsi
1646 402 1856 456 animas
1908 417 1999 457 no-

418 509 564 557 stras
603 499 1038 570 oﬂ'eramuszipsi
1081 496 1249 568 gloria
1301 494 1652 565 sempiterna.
1686 493 1875 548 Amen.

1032 689 1288 749 ORATlO
1335 690 1399 747 ν.

872 807 1123 878 Ejusdem
1173 807 1231 860 in
1286 805 1568 859 Noemum.

496 943 549 998 Ι.
571 942 781 1009 Quanto
815 940 956 1013 Deus
983 936 1468 1007 teneaturjustitim
1494 934 1780 999 desiderio,
1801 942 2003 1004 quanto

426 1034 699 1103 iniustitia:
741 1032 901 1098 odio,
947 1030 1174 1085 historia
1208 1028 1394 1085 Noemi
1442 1025 1713 1080 luculente
1762 1024 2000 1080 clamat:

426 1127 572 1183 solus
605 1128 747 1181 enim
815 1124 869 1178 in
932 1121 1203 1178 communi
1272 1127 1647 1181 creaturarum
1722 1114 2005 1184 naufragio

426 1219 852 1274 conservabatur
907 1214 1172 1285 justitiam
1228 1211 1479 1266 comitem
1535 1218 1724 1263 nactus
1770 1208 1836 1262 ad
1866 1208 2005 1261 salu-

428 1321 570 1376 tem;
611 1322 738 1363 tunc
824 1314 1012 1376 gentes
1075 1302 1412 1357 densissima
1478 1298 1696 1371 profuse
1752 1297 2007 1351 fluctibus

428 1400 827 1455 hauriebantur
876 1392 1151 1463 iniustitia:
1183 1391 1376 1446 merito
1435 1389 1712 1445 demersae.
1762 1388 1841 1442 Ac
1874 1384 2006 1440 mihi

426 1490 643 1544 videtur
675 1487 741 1541 ad
782 1482 996 1540 venturi
1050 1480 1238 1550 iudicii
1268 1521 1283 1547 ,
1310 1480 1376 1535 ad
1407 1490 1665 1534 extremae
1695 1486 1857 1546 atque
1889 1478 2009 1530 bor-

428 1581 603 1637 ribilis
657 1580 764 1634 diei
808 1576 970 1631 tidem
996 1581 1052 1630 et
1080 1572 1395 1627 memoriam
1425 1570 1609 1625 volens
1653 1568 1796 1622 Deus
1835 1554 2009 1620 homi-

2106 397 2298 452 ουσίαν
2323 397 2474 469 αύτῷ
2500 398 2598 470 τὴν
2644 399 2705 465 ἐξ
2737 400 2952 472 ἀρετῶν
2995 405 3488 477 προσκομίσωμεν,
3522 406 3694 479 δῶρον

2106 489 2255 560 απς,
2288 490 2388 554 τὰς
2427 490 2636 544 ἑαυτῶν
2683 491 2864 563 ψυχὰς
2919 495 3402 568 προσενέγκωμεν.
3461 498 3691 572 Αὐτῷἠ

2103 580 2229 645 δόξα
2263 582 2342 645 είς
2370 583 2497 646 τοὺς
2524 582 2749 647 αίῶνας.
2799 585 2993 656 Ἀμήν.

2735 695 2957 749 ΛΟΓΟΣ
2992 696 3067 752 E’.

2540 806 2650 860 Τοῦ
2669 806 2856 861 αὐτοῦ
2881 810 2968 875 εὶς
2998 809 3106 864 τὸν
3129 812 3277 868 Νῶε.

2175 944 2244 991 α’.
2276 938 2440 1001 Ὂσος
2461 937 2639 991 ἔνεστι
2668 938 2787 1017 Θεῷ
2819 941 2958 1012 πρὸς
2994 943 3095 1013 μὲν
3125 943 3485 1017 δικαιοσύνην
3506 949 3690 1012 πόθος,

2105 1029 2242 1100 πρὸς
2274 1028 2330 1082 δὲ
2375 1029 2592 1084 ἀδικίαν
2637 1029 2940 1100 ἀπέχθεια,
2979 1034 3241 1105 κηρύττει
3285 1040 3609 1107 περιφανῶς
3658 1042 3689 1111 ἡ

2107 1118 2245 1172 κατὰ
2279 1119 2367 1172 τὸν
2402 1118 2525 1172 Νῶε
2582 1118 2856 1191 διήγησις.
2900 1122 2958 1176 ’0
2988 1123 3087 1194 μὲν
3119 1125 3227 1196 γὰρ
3260 1128 3422 1195 μόνος
3456 1130 3516 1183 ἐν
3564 1148 3689 1184 ναν-

2106 1212 2316 1283 αγούσῃ
2342 1214 2407 1283 τῇ
2440 1210 2616 1265 κτίσει
2644 1213 3034 1301 περιεσὼζετο,
3063 1217 3404 1289 συνέμπορον
3424 1223 3507 1284 είς
3522 1239 3691 1291 σωτη-

2111 1299 2233 1372 ρίαν
2260 1300 2360 1370 τὴν
2396 1299 2749 1372 δικαιοσύνην
2778 1302 3083 1372 εὑράμενος
3108 1344 3122 1366 ,
3157 1308 3417 1376 τηνικάδε
3462 1311 3695 1364 πολυάν-

2110 1385 2317 1464 θρωποὶ
2343 1391 2505 1461 δῆμοι
2541 1391 2834 1460 πελάγεσιν
2864 1394 3101 1462 ἀφειδῶς
3123 1397 3542 1464 κατεκλύζοντο,
3570 1404 3690 1465 ταῖς

2110 1481 2209 1551 τῆς
2237 1481 2450 1545 ἀδικίας
2479 1481 2737 1535 κολάσεσι
2764 1482 3130 1555 βυθιςόμενοι.
3157 1487 3266 1541 Καί
3295 1507 3386 1560 μοι
3410 1490 3563 1545 δοκεῖ
3583 1492 3689 1546 τῶν

2115 1571 2419 1643 μελλόντων
2466 1573 2767 1645 κριτηρίων
2813 1577 2908 1629 καὶ
2944 1580 3044 1648 τῆς
3075 1578 3314 1651 ἐσχάτης
3347 1582 3445 1636 καὶ
3484 1584 3689 1656 φρικὼ-

431 1687 530 1728 nes
586 1672 924 1742 perducere,
985 1678 1272 1721 commune
1328 1661 1459 1716 illud
1518 1660 1727 1731 pepulis
1761 1659 2009 1714 omnibus

2124 1663 2236 1726 Sou;
2264 1663 2478 1734 ἡμέρας
2508 1664 2589 1727 εἰς
2623 1664 2722 1736 τὴν
2761 1665 2965 1731 πίστιν,
3011 1669 3106 1721 καὶ
3135 1673 3356 1743 μνήμην
3394 1674 3628 1744 ἀγαγεῖν
3654 1677 3683 1728 ὁ

431 1764 726 1833 periculum
769 1773 957 1816 creare
988 1756 1257 1818 voluisse,
1314 1767 1421 1823 quo
1468 1762 1719 1820 aspecms
1752 1760 1899 1803 tanto
1927 1749 2011 1803 itt-

432 1852 673 1911 fortunio
732 1854 888 1907 fidem
938 1858 1189 1905 astruens
1236 1846 1487 1900 timorem
1540 1844 1772 1897 retineat
1822 1840 2012 1895 salutis

430 1949 620 2015 viam;
657 1955 717 2000 ut
742 1959 866 2000 cum
919 1943 1170 1997 homines
1212 1946 1601 2009 cognoscerent
1652 1945 1757 1989 tam
1810 1946 2013 1988 severae

436 2034 922 2093 animadversionis
950 2040 1229 2104 parentem
1265 2030 1434 2085 fuisse
1474 2027 1824 2097 impietatem,
1854 2026 2015 2079 timo-

435 2145 495 2185 re
546 2141 825 2199 pmnarum
905 2125 1238 2195 impietatem
1303 2122 1567 2193 fugerent.
1613 2116 1741 2191 26~
1762 2118 1817 2173 Si
1870 2117 2012 2171 enim

437 2236 567 2278 tunc
592 2235 688 2292 per
702 2218 1060 2276 certaminum
1088 2224 1295 2285 tempus
1328 2223 1382 2269 et
1406 2213 1531 2269 vita“:
1554 2212 1783 2267 stadium
1806 2216 2013 2263 tantum

434 2317 525 2382 iis,
540 2315 629 2385 qui
645 2312 999 2375 offenderant,
1017 2307 1244 2380 periculi
1273 2306 1510 2362 oblatum
1528 2314 1633 2371 est,
1676 2305 1833 2373 quale
1850 2317 2016 2372 quan-

433 2420 657 2477 tumque
679 2403 1001 2475 supplicium
1077 2401 1274 2470 cuique
1333 2407 1578 2453 arcesset
1626 2404 1898 2466 gestorum
1961 2394 2013 2447 in

435 2499 546 2552 vita
584 2492 919 2551 vindicatio!
953 2491 1088 2548 Cum
1132 2488 1279 2544 enim
1325 2487 1579 2557 nequitiae
1612 2486 1803 2539 modus
1849 2497 1906 2537 se
1927 2497 2018 2537 su-

434 2586 821 2660 perell'uderit,
874 2593 1003 2638 tunc
1058 2596 1165 2637 non
1226 2578 1600 2648 infreqttenter
1655 2575 1779 2630 inde
1820 2573 2020 2643 suppli-

435 2680 522 2735 cia
556 2678 820 2746 incocptat
859 2673 1101 2742 irrogare
1132 2671 1293 2741 iudex
1323 2707 1338 2733 ,
1373 2684 1480 2723 non
1530 2667 1807 2721 hominum
1840 2674 2019 2720 motus

436 2769 597 2832 odio,
661 2781 783 2823 cum
826 2765 900 2820 sit
948 2765 1003 2818 in
1050 2777 1144 2819 eos
1199 2761 1692 2833 propensissimus;
1747 2765 1803 2818 at
1840 2757 2020 2812 studio

440 2860 687 2927 malitiaa,
725 2873 843 2929 quae
916 2856 1141 2912 nimium
1224 2855 1567 2918 increverat,
1644 2850 2015 2921 reprimendae.

439 2951 582 3006 ‘I‘ota
652 2950 817 3020 igitur
862 2947 915 3003 id
975 2944 1235 3015 temporis
1289 2944 1504 2999 httmani
1536 2941 1747 3014 generis
1798 2942 2017 2995 univer-

442 3043 604 3097 sitate
651 3040 716 3093 ad
771 3038 1101 3108 impietatem
1148 3043 1404 3105 vergente
1433 3071 1449 3098 ,
1502 3043 1556 3087 et
1597 3049 1699 3087 una
1743 3035 2019 3104 conspira-

442 3132 591 3187 tione
617 3138 801 3185 contra
824 3127 1135 3183 Creatorem
1166 3125 1282 3180 acie
1323 3125 1641 3193 composita,
1680 3124 1823 3178 nulla
1851 3139 2019 3194 quan-

442 3218 646 3276 tumvis
688 3218 995 3287 importuna
1040 3222 1095 3268 et
1145 3212 1374 3267 barbara
1409 3213 1763 3281 praetermissa
1796 3224 1877 3267 est
1922 3227 2018 3266 an-

442 3312 637 3370 dacia:
686 3323 875 3364 verum
925 3320 1113 3363 omnes
1166 3302 1474 3373 cupiditatis
1542 3303 1640 3358 via:
1701 3302 2021 3357 secabantur

443 3410 500 3459 et
551 3403 864 3467 inibantur,
916 3414 981 3455 ac
1065 3397 1231 3468 ipsius
1267 3394 1627 3464 improbitatis
1687 3398 2021 3448 consuetudo

445 3491 770 3561 novabatur.
831 3487 1071 3544 Audacia
1115 3500 1240 3540 vero
1312 3492 1367 3538 et.
1395 3483 1716 3537 crudelitate
1763 3482 1906 3535 velut
1934 3498 2022 3535 ar-

446 3583 552 3638 mis
601 3581 836 3636 animam
892 3577 1130 3648 undique
1189 3573 1533 3638 muniebant,
1579 3585 1643 3627 ac
1676 3573 1728 3627 in
1782 3578 2021 3626 mutuatn

444 3672 743 3744 perniciem
780 3668 1090 3724 utebantur.
1126 3662 1257 3731 Quae
1284 3663 1427 3717 enim
1464 3661 1735 3730 iniustitia:
1774 3662 1985 3732 species
2007 3701 2022 3728 ,

446 3764 539 3834 qui
577 3761 766 3816 modus
818 3755 1249 3825 intemperantia:
1302 3768 1407 3809 non
1452 3753 1591 3807 inter
1622 3768 1713 3808 eos
1771 3756 2025 3809 versaba-

451 3850 577 3908 turl
628 3848 760 3916 Quae
793 3847 970 3916 legum
1011 3843 1248 3914 pravitas
1300 3855 1406 3895 non
1455 3839 1596 3910 apud
1639 3854 1733 3895 eos
1768 3854 1866 3911 pro
1912 3842 2027 3911 lege

449 3939 825 3997 etatuebaturl
866 3934 1072 3991 Virium
1127 3932 1371 4001 corporis
1413 3930 1683 3986 immodici
1731 3930 1785 3986 in
1837 3946 2024 3986 earum

448 4036 691 4089 datorem
717 4046 813 4102 per
841 4028 1041 4086 mentis
1081 4026 1369 4081 elationem
1424 4031 1478 4078 et
1510 4023 1849 4079 insolentiam
1873 4034 2029 4078 erant

450 4123 651 4193 injurii.
702 4122 853 4178 Tunc
895 4127 1015 4175 erat
1050 4129 1207 4173 terra:
1246 4114 1583 4185 corruptela,
1619 4115 1884 4186 vivaxque
1937 4132 2030 4186 pc-

449 4218 589 4285 stis;
640 4231 806 4269 ttntttn
894 4213 960 4268 ad
1030 4211 1393 4282 expiationem
1476 4207 1734 4262 diluvium
1822 4208 2028 4263 deerat.

2113 1753 2245 1818 Θεδς
2292 1754 2420 1817 τοὺς
2479 1755 2801 1827 ἀνθρώπους
2858 1757 3213 1831 βουλόμενος,
3268 1765 3361 1819 τὸν
3408 1769 3691 1840 πάνδημον

2115 1845 2322 1898 ἐκεῖνον
2357 1846 2649 1915 εἰργάσατο
2694 1848 2958 1915 κίνδυνον,
2990 1851 3056 1905 ἵν’
3095 1855 3130 1923 ἡ
3163 1854 3285 1925 ὄψις
3332 1858 3691 1929 μαρτυροῦσα

2115 1938 2226 1999 τοῖς
2272 1937 2468 1990 πάθεσι
2497 1977 2511 1999 ,
2574 1940 2817 2012 φυλάττῃ
2847 1940 2939 1995 τὸν
2978 1943 3143 2013 φόϐον
3182 1948 3260 2009 είς
3290 1949 3567 2019 σωτηρίας
3593 1953 3693 2018 ὲφ-

2117 2029 2259 2082 όδιον
2290 2044 2303 2059 ·
2343 2029 2428 2081 ἵνα
2459 2029 2729 2115 τοσαύτης
2759 2031 3034 2097 κολάσεως
3065 2036 3164 2107 τὴν
3185 2037 3436 2093 ἀσέϐειαν
3472 2042 3693 2112 μητέρα

2116 2119 2477 2188 γινώσκοντες
2508 2121 2809 2193 ἄνθρωποι,
2837 2124 2946 2178 δέει
2984 2126 3075 2195 τῆς
3099 2128 3369 2200 τιμωρίας
3388 2131 3488 2201 τὴν
3512 2133 3694 2205 φυγὴν

2119 2212 2637 2282 πραγματεύωνται.
2671 2215 2735 2267 Ei
2765 2214 2875 2287 γάρ
2916 2218 2944 2269 ὀ
2973 2216 3081 2269 τῶν
3133 2218 3363 2286 ἀγώνων
3391 2222 3529 2286 τέως
3571 2240 3692 2277 και-

2121 2300 2232 2371 ρὸς,
2263 2302 2355 2355 καὶ
2382 2301 2474 2356 τοῦ
2503 2302 2619 2374 βίου
2647 2303 2707 2357 τὸ
2738 2305 2967 2372 στάδιον,
2993 2309 3247 2363 τοσοῦτον
3268 2313 3378 2374 τοῖς
3404 2314 3692 2367 πταίουσιν

2119 2392 2318 2463 ἤνεγκε
2345 2393 2609 2456 κίνδυνον,
2644 2393 2817 2464 πόσην
2838 2434 2853 2459 ,
2884 2396 2917 2467 ἦ
2947 2397 3107 2451 ποίαν
3135 2401 3168 2470 ή
3193 2400 3302 2453 τῶν
3339 2401 3693 2473 βεϐιωμένων

2121 2481 2408 2547 ἀντίδοσις,
2462 2482 2677 2554 ἑκάστῳ
2708 2483 3032 2556 προξενήσει
3080 2488 3181 2558 τὴν
3222 2486 3477 2546 κόλασίνῑ
3526 2492 3695 2546 Ὅταν

2122 2573 2249 2644 γὰρ’
2285 2573 2573 2646 ὑπερϐήσῃ
2616 2574 2714 2646 τῆς
2756 2577 3024 2649 πονηρίας
3068 2579 3130 2633 τὸ
3162 2580 3387 2652 μέτρον,
3418 2583 3540 2637 τότε
3571 2584 3697 2637 πολ-

2128 2665 2285 2730 λάκις
2312 2666 2405 2719 καὶ
2432 2666 2530 2737 τῆς
2564 2667 2836 2739 τιμωρίας
2885 2671 2913 2723 ό
2944 2671 3137 2743 κριτὴς
3167 2673 3419 2728 ἐντεῦθεν
3451 2676 3694 2747 ἀπάρχε-

2122 2772 2252 2822 ται,
2286 2756 2384 2810 οὐκ
2414 2757 2779 2831 ἀπανθρωπίᾳ
2829 2760 3145 2831 κινούμενος
3200 2764 3229 2817 ό
3277 2764 3691 2838 φιλάνθρωπος,

2124 2846 2264 2900 ἀλλά
2314 2846 2511 2901 κακίαν
2559 2848 2888 2919 αὐξηθεῖσαν
2937 2851 3288 2907 ἀναστέλλειν
3350 2855 3691 2928 βουλόμενος.

2135 2928 2416 2995 Ἁπάντων
2469 2943 2755 3013 τοιγαροῦν
2791 2944 3094 3016 ἀνθρώπων
3130 2947 3251 3001 κατ’
3284 2950 3461 3003 ἐκεῖνο
3507 2951 3694 3023 καιροῦ

2121 3029 2258 3099 πρὸς
2282 3029 2951 3096 ἀσέϐειανηέκνευσάντων,
2981 3032 3078 3085 καὶ
3104 3033 3233 3103 μίαν
3268 3037 3589 3105 συμφωνίαν
3619 3039 3695 3102 είς

2119 3119 2218 3190 τὴν
2254 3120 2401 3173 κατά
2434 3120 2529 3174 τοῦ
2564 3123 2928 3193 πεποιηκότος
2955 3123 3332 3178 ἀναλαϐόντων
3372 3126 3693 3196 παράταξιν,

2119 3211 2220 3263 οὐκ
2264 3210 2410 3282 ,ἄλλη
2487 3229 2575 3274 τις
2644 3213 2844 3276 ἄτοπος
2904 3214 2998 3267 καὶ
3038 3200 3282 3283 ⁸ἐκφυλος
3341 3216 3697 3271 ἀπελέλειπτο

2121 3302 2295 3372 τόλμα
2326 3304 2482 3373 (7i‘)‘
2507 3304 2643 3357 ἁλλά
2679 3306 2846 3357 πᾶσαι
2878 3304 2976 3376 μὲν
3007 3306 3363 3376 άνετέμνοντο
3389 3308 3698 3374 πλεονεξίας

2121 3391 2229 3443 ὁδοὶ
2250 3390 2385 3463 (7:2),
2410 3393 2503 3445 καὶ
2528 3392 2790 3462 πονηρίας
2813 3394 2983 3464 αὐτῆς
3016 3395 3452 3467 κεκαινούργητο
3475 3399 3693 3466 τρόπος·

2124 3481 2438 3552 θρασύτητα
2467 3482 2525 3536 δὲ
2559 3483 2655 3536 καὶ
2687 3483 2948 3554 ὠμότητα
3001 3484 3253 3557 καθάπερ
3281 3487 3422 3541 ὅπλα
3446 3491 3513 3559 τῇ
3553 3487 3697 3561 ψυχῇ

2125 3569 2474 3643 περιθέμενοι
2506 3611 2520 3636 ,
2578 3570 2788 3634 τούτοις
2832 3571 3083 3642 ὀργάνοις
3127 3576 3247 3626 κατ’
3299 3574 3543 3647 ἀλλήλων
3577 3575 3697 3628 ἐκέ-

2125 3679 2343 3732 χρηντο.
2386 3662 2543 3714 Ποῖον
2591 3661 2689 3731 μὲν
2734 3662 2842 3732 γάρ
2875 3663 3088 3728 ἀδικίας
3120 3659 3294 3727 εἷδοςί
3342 3668 3492 3728 ποῖος
3523 3666 3578 3718 δέ
3620 3683 3699 3729 τις

2128 3754 2185 3805 ὲν
2234 3754 2417 3815 αὐτοῖς
2453 3753 2748 3816 ἀκολασίας
2777 3752 2877 3805 οὐκ
2909 3754 3251 3807 ἐπολιτεύετο
3293 3757 3526 3826 τρόποςί
3573 3756 3699 3807 ποία

2128 3846 2450 3916 παρανομία
2482 3846 2639 3917 παρά
2670 3845 2881 3910 τούτοις
2915 3847 3014 3899 οὐκ
3062 3847 3346 3916 ἐνομίζετο
3382 3851 3585 3920 νόμοςί
3620 3850 3696 3919 Τῇ

2128 3939 2236 3993 τῶν
2269 3938 2538 4009 σωμάτων
2570 3939 2929 4002 πλουτοῦντες
2954 3939 3213 4009 δυνάμει,
3256 3940 3347 3993 τὸν
3377 3941 3477 4009 τῆς
3521 3940 3698 4009 ἰσχύος

2129 4030 2331 4100 δοτῆρα
2378 4031 2447 4084 δι’
2492 4030 2754 4095 ἀπονοίας
2801 4029 3149 4101 καθύϐριζον.
3202 4031 3338 4083 Τότε
3385 4031 3558 4102 φθορά
3600 4032 3699 4098 τῆς

2131 4125 2254 4193 γῆς,
2282 4122 2376 4175 καὶ
2407 4123 2592 4193 λοιμὸς
2621 4121 2885 4193 ἔμψυχος,
2912 4122 3307 4192 κατακλυσμοῦ
3336 4123 3471 4194 πρὸς
3503 4121 3698 4189 κάθαρ·

2138 4231 2222 4266 σιν
2250 4214 2409 4283 μόνον
2434 4214 2711 4283 δεόμενος.
2751 4214 3031 4278 ’Ἂπαντας
3069 4213 3311 4284 μιμητὰς
3340 4213 3554 4281 ἀληθῶς
3589 4207 3698 4281 εἶχε

451 4307 653 4363 Onmes
682 4304 925 4375 profecto
971 4304 1307 4368 invitatores,
1339 4311 1395 4356 et
1437 4299 1728 4368 impietatis
1795 4300 2021 4355 haeretici

2141 4304 2235 4357 καὶ
2276 4303 2647 4373 κληρονόμους
2680 4306 2708 4357 ὁ
2743 4306 2879 4358 Κάῖν
2905 4346 2919 4371 ,
2949 4305 3070 4357 οὐδὲ
3103 4306 3132 4358 ὁ
3160 4305 3361 4376 τρόμος
3391 4304 3599 4356 ἐκείνου
3628 4300 3702 4370 τῷ

452 4396 685 4453 habebat
711 4397 946 4465 Cainus,
991 4411 1166 4467 neque
1219 4404 1424 4451 tremor
1468 4392 1610 4446 illius
1679 4391 1891 4459 corpori
1923 4392 2032 4444 cir—

2140 4394 2354 4465 σώματι
2410 4395 2796 4468 περικείμενος
2851 4397 2978 4460 τοὺς
3028 4396 3267 4467 ὁρῶντας
3333 4393 3702 4456 κατέστελλεν,

1650 4565 1758 4623 CL.
1801 4565 1883 4619 DA
1896 4564 2170 4633 USQUEII
2210 4567 2442 4623 NOTAE.

528 4748 681 4837 (7l‘)v
703 4763 824 4837 Οζνκ
847 4760 1121 4837 ἇλξιῃτις
1146 4753 1364 4837 ιξτοπος
1382 4835 1392 4837 Α
1412 4748 1510 4837 καί
1538 4749 1803 4837 ξνιςρυτιος
1830 4748 2038 4803 ἀπελέ.

455 4820 666 4893 ,λείπτό
695 4832 905 4895 τόλμα.
947 4820 1393 4895 Τόλμαὲκφυλος
1421 4831 1503 4872 est
1532 4821 1811 4895 audacia‘a
1836 4834 2036 4888 genere

457 4888 736 4962 liotttittum
773 4888 969 4952 aliena.
1006 4888 1150 4947 Verti
1185 4910 1198 4945 :
1235 4888 1424 4954 Nulla,
1468 4891 1795 4962 quantumuis
1813 4895 2032 4962 λοιμον-

459 4957 588 5029 ἷιίηα
613 4984 661 5024 et
720 4968 968 5030 barbara,
1022 4962 1372 5030 prtetermisaa
1422 4957 1495 5030 est
1540 4961 1785 5030 audacia.
1812 4957 2033 5013 Nonnus

590 5041 676 5104 λς’
706 5027 994 5092 committit
1017 5027 1157 5104 ἇρην
1182 5027 1442 5104 ’ἐκφύλιον
1476 5028 1665 5104 bellum
1715 5045 1831 5081 runt
1864 5039 2036 5082 exter-

460 5098 564 5176 nis,
598 5098 654 5163 et
683 5104 923 5177 ῐμφυλον
956 5098 1122 5177 evndi,
1152 5100 1264 5177 sive
1299 5098 1485 5151 bellum
1515 5099 1680 5177 (ξενία.

534 5166 650 5249 (³12)
694 5166 886 5249 ﬁderat
920 5171 1036 5249 μὲν
1056 5166 1459 5249 ἀνετέμνοντο
1500 5168 1856 5249 πλεονεξίας
1883 5168 2032 5249 ὁδοί.

462 5238 742 5305 Verbatim
765 5263 778 5297 :
798 5238 1244 5297 Rerc'indebuntur
1264 5254 1441 5297 omne:
1464 5238 1767 5306 cupiditatis
1786 5240 1902 5291 vim.
1931 5241 2040 5291 Cur

463 5319 725 5377 Basiliam
751 5315 893 5385 quod
910 5313 1084 5385 caeteri
1110 5309 1252 5364 laudi
1279 5309 1536 5385 tribuunt,
1566 5309 1700 5385 _vitio
1733 5309 1891 5362 Vertit
1910 5308 1934 5360 ?
1953 5308 2039 5385 _Ut

465 5394 554 5445 vi.
590 5377 850 5455 corrupta
879 5377 1790 5455 celeriuspertransiturtidcoque
1837 5396 1865 5431 a
1918 5379 2034 5430 via-

462 5473 586 5517 tore
628 5447 890 5529 qua-ritur
922 5470 950 5529 _:
985 5451 1064 5505 sic
1092 5447 1159 5504 ab
1201 5448 1288 5529 illa
1319 5447 1653 5515 generatione
1678 5464 1839 5529 prava
1865 5458 1912 5501 et
1942 5462 2037 5527 ea:-

462 5517 743 5599 aspera'nte
789 5522 968 5599 omnia
1018 5518 1396 5599 quatrebatitur
1446 5517 1799 5599 compendia,
1833 5530 1889 5599 et
1941 5519 2043 5570 via:

466 5587 586 5654 re'tn
624 5593 875 5658 faciendi,
902 5600 955 5643 et
996 5587 1378 5658 cupiditatibus
1427 5587 1786 5655 obsequendi.
1825 5587 1902 5640 Ab
1952 5602 2045 5639 ea.

2141 4751 2263 4806 dem
2295 4762 2473 4807 mente
2495 4763 2578 4808 cst
2608 4751 2737 4807 illud
2769 4751 3139 4806 Maronianum
3166 4770 3179 4805 :

2240 4862 2343 4918 Ille
2377 4865 2510 4919 viam
2545 4875 2686 4919 secat
2715 4867 2783 4918 ad
2813 4880 2987 4918 naves.
3033 4903 3046 4917 .
3092 4900 3106 4915 .
3152 4900 3166 4915 .
3212 4899 3228 4915 .

2137 4979 2253 5035 Non
2284 4982 2426 5036 enim
2458 4993 2542 5037 est
2567 4996 2731 5038 naves
2760 4979 3025 5034 duntaxat
3058 4990 3243 5050 petere
3264 5016 3279 5041 ,
3314 4975 3406 5050 sed
3438 4976 3544 5050 viae
3564 4987 3710 5029 cont-

2139 5052 2353 5119 pendio,
2384 5061 2440 5107 et
2472 5053 2721 5106 semitam
2754 5051 3037 5119 insistere;
3059 5047 3205 5117 'qute
3233 5047 3389 5119 quasi
3418 5047 3604 5119 semita
3621 5050 3713 5119 est

2137 5112 2420 5188 appellata.
2459 5120 2613 5189 Apud
2661 5120 2939 5189 Philonem
2993 5112 3391 5189 Judaeum-legi
3430 5134 3443 5169 :
3491 5112 3713 5189 :Ellcﬁac

2135 5182 2318 5243 ὅδ’καὶ
2348 5191 2456 5245 τῶν
2492 5182 2634 5246 κατά
2655 5189 2754 5253 τὰς
2779 5188 3087 5258 ὁδοιπορίας
3121 5182 3418 5258 επιτομῷν.
3483 5182 3711 5258 Scirum

2136 5261 2339 5331 uiarum
2395 5261 2721 5331 compendia.
2765 5254 3190 5331 Gloss.:SemiIa
3207 5254 3714 5331 _ﬂptéozov.‘Q_uare

2140 5329 2385 5410 Maronis
2426 5321 2798 5410 auspiciisrita
2847 5327 3106 5410 vertitiius
3133 5345 3156 5379 -:
3195 5321 3384 5410 omnes
3412 5321 3714 5410 cupiditatis

2137 5400 2217 5453 via
2247 5395 2579 5465 secabantur,
2610 5410 2659 5454 et
2686 5395 2993 5460 inibantur;
3028 5395 3130 5450 hoc
3161 5404 3245 5450 est
3263 5395 3404 5449 enim
3435 5399 3714 5465 consecta-

2142 5469 2302 5522 rium.
2357 5470 2416 5524 ιιι
2464 5461 2607 5525 facili
2654 5469 2759 5522 erit
2810 5468 3086 5534 expedire,
3142 5465 3187 5518 si
3240 5465 3490 5519 scribas:
3526 5461 3717 5515 ἀνεταο

2142 5534 2457 5608 utimr-cogita:
2487 5538 2875 5608 pandebantur,
2912 5543 3005 5590 aut
3035 5534 3452 5604 explicabuntur.
