3990 6160
415 278 485 346 83
1622 281 1901 343 ΒΛΞΙΙᾸΙ
1943 281 2489 342 SELEUCIENSIS
3622 277 3697 346 84

417 409 474 456 et
514 398 726 456 diluvio
788 399 1208 471 circumquaque
1252 397 1520 454 'obsessus
1573 398 1991 470 inconsumptus

2116 396 2397 469 τακλυσμῷ
2431 396 2693 452 πάντοθεν
2725 395 3203 467 πολιορκούμενος,
3232 396 3516 463 ἀνάλωτος
3560 398 3692 468 ἐμετ-

419 488 696 556 manebar,
730 490 822 560 qui
864 499 1241 546 creaturarum
1275 489 1528 545 servabat
1572 489 1852 559 reliquias,
1885 490 1982 561 qui

2116 504 2184 541 μεν
2213 489 2241 541 6
2278 486 2386 540 τῶν
2419 488 2518 556 τῆς
2563 486 2792 550 κτίσεως
2837 486 3108 557 λειψάνων
3154 489 3411 559 ταμείας,
3451 489 3480 539 6
3517 490 3692 559 φύλαξ

423 580 516 637 Dei
564 581 834 637 creaturis
871 589 1052 636 custos
1105 581 1380 651 appositus
1427 587 1566 644 erat,
1612 581 1702 649 qui
1752 581 1805 635 in
1861 596 1988 636 arca

2113 578 2199 631 τῶν
2229 576 2322 632 τοῦ
2367 576 2502 631 Θεοῦ
2549 577 3045 648 δημιουργημάτων
3088 579 3333 649 ταχθεὶς,
3361 581 3392 633 6
3428 581 3689 654 καθάπερ

420 673 566 728 velut
609 674 737 728 ai'ce
778 672 1014 729 stadium
1047 672 1389 737 decurrebat,
1415 672 1507 743 qui
1569 680 1818 727 creatura
1855 687 1988 725 nau-

2114 685 2150 722 .ν
2192 669 2484 739 ἀκροπόλει
2517 671 2583 740 τῇ
2614 668 2832 739 κιϐωτῷ
2873 668 3226 733 σταδιεύσας,
3260 674 3289 725 6
3323 672 3425 743 τῆς
3455 673 3690 737 κτίσεως

419 764 647 834 fragium
673 764 911 820 faciente
939 763 1151 833 placide
1174 765 1321 821 solus
1360 764 1707 831 enavigabat,
1764 764 1852 832 qui
1885 763 1990 819 fide

2112 760 2435 832 ναυαγούσης
2466 760 2624 831 μόνος
2656 760 2885 831 γαληνὸς
2922 761 2998 826 ὡς
3026 762 3378 827 διαπλεύσας,
3439 765 3471 816 6
3503 765 3688 818 πίστει

421 862 478 909 et
499 842 648 924 ligno
671 852 929 908 diluvioni
958 854 1065 908 vim
1099 853 1381 910 afferebat.
1404 853 1448 908 Ο
1479 869 1565 909 res
1590 853 1983 923 inopinabiles!

2108 853 2183 906 ιαί
2231 851 2372 923 ξύλῳ
2414 851 2506 904 τὸν
2555 851 2936 921 κατακλυσμὸν
2988 853 3336 922 βιασάμενος.
3391 856 3684 929 ’Ὠκπαρα-

414 945 694 1015 Quomodo
724 960 850 1002 arca
887 948 1163 1026 montibus
1194 946 1333 1003 illisa
1366 960 1471 1002 non
1508 946 1629 1001 est?
1669 946 1806 1001 Arca
1848 946 1989 1015 fere-

2105 943 2254 1010 Ξόξων
2294 943 2669 1015 πραγμάτωνί
2704 944 2831 1008 Πῶς
2860 947 2894 1014 ἡ
2939 945 3174 1009 κιϐωτὸς
3207 947 3268 999 ού
3319 949 3681 1020 προσερῤάγη

418 1038 589 1103 batur,
620 1037 815 1107 inquit,
846 1054 1004 1105 super
1038 1055 1201 1109 aquas
1226 1038 1291 1102 °‘,
1325 1039 1472 1094 velut
1509 1037 1783 1094 curriculo
1825 1038 1987 1094 undis

2106 1038 2199 1099 ςοῖς
2234 1035 2451 1107 δρεσιν;
2495 1034 2870 1104 Ἐπεςοέρετω
2901 1037 3093 1105 φησὶν,
3129 1037 3167 1104 ἡ
3200 1038 3454 1102 κιϐωτὸς
3480 1037 3682 1091 ἐπάνω

416 1120 659 1193 invecta;
704 1145 810 1183 non
854 1130 1206 1197 proscindens
1245 1129 1503 1185 fluctuum
1532 1129 1838 1200 profunda,
1888 1130 1985 1185 sed

2104 1125 2194 1179 ῖοῦ
2228 1124 2473 1190 ὕδατος,
2505 1124 2848 1194 ἐποχουμένη
2888 1126 3000 1187 τοῖς
3030 1122 3272 1203 κύμασιν
3293 1141 3306 1154 ·
3343 1127 3444 1178 οὐκ
3485 1126 3680 1179 ἀνατέ-

412 1219 662 1289 equitans
700 1220 754 1275 in
807 1219 924 1276 salo
971 1220 1117 1276 velut
1161 1221 1217 1275 in
1266 1222 1404 1286 solo,
1454 1222 1572 1277 vice
1625 1221 1818 1279 baseos
1869 1231 1986 1278 erat

2103 1233 2302 1285 ανουσα
2329 1216 2439 1270 τῶν
2482 1215 2743 1285 κυμάτων
2782 1215 2850 1269 τὰ
2882 1214 3043 1285 βάθη,
3073 1215 3192 1269 ἀλλ’
3222 1216 3317 1268 ἐπὶ
3346 1215 3458 1268 τῶν
3503 1216 3679 1285 κυμά-

415 1308 656 1381 pelagus,
687 1321 742 1366 et
764 1327 906 1368 arca:
937 1312 1388 1370 substernebatur
1416 1314 1692 1369 inundatio
1718 1314 1875 1383 quasi
1901 1315 1984 1369 via

2101 1322 2195 1360 των
2226 1305 2301 1370 ὡς
2343 1308 2429 1359 ἐπ’
2455 1305 2684 1374 ἐδάφους
2722 1303 3100 1375 ἱππαζομένη,
3139 1303 3298 1374 βάσιν
3342 1304 3405 1357 τὸ
3441 1305 3677 1373 πέλαγος

413 1400 649 1469 publica.
698 1401 812 1457 Hoc
858 1403 977 1458 fidei
1012 1403 1351 1459 vehiculum!
1394 1404 1513 1459 haec
1551 1413 1766 1459 naturae
1812 1415 1988 1462 custo-

2098 1398 2302 1469 ἔχουσα,
2351 1400 2445 1451 καὶ
2487 1397 2743 1469 καθάπερ
2786 1396 3058 1470 λεωφόρος
3088 1398 3115 1450 6
3147 1395 3534 1468 κατακλυσμὸς
3567 1397 3674 1449 ύπ-

415 1490 537 1547 dia!
568 1490 612 1548 Ο
641 1508 768 1548 arca
819 1493 1074 1563 paradiso
1105 1494 1353 1549 firmior!
1389 1494 1496 1550 illic
1547 1510 1780 1565 namque
1860 1512 1990 1551 cum

2099 1487 2441 1561 ιστρώννυτο.
2490 1488 2660 1542 Τοῦτο
2711 1488 2947 1551 πίστεως
2987 1487 3204 1558 ὄχημα,
3255 1487 3417 1540 τοῦτο
3457 1487 3675 1557 φύσεως

415 1581 537 1638 aliis
586 1584 876 1654 navigabat
921 1600 1144 1654 serpens
1183 1585 1335 1657 :30
1373 1586 1482 1640 illic
1534 1586 1737 1657 lignum
1793 1591 1985 1646 mortis

2092 1580 2473 1652 φυλακτήριον.
2515 1575 2587 1633 ’Ὦ
2635 1578 2866 1643 κιϐωτὸς
2908 1579 3241 1649 παραδείσου
3293 1579 3668 1651 βεϐαιωτέραι

417 1667 518 1725 fuit
546 1670 1001 1740 instrumentum;
1055 1675 1143 1731 hic
1187 1675 1387 1745 lignum
1436 1675 1625 1732 salutis
1659 1676 1758 1731 fuit
1785 1681 1984 1748 guher~

2104 1672 2253 1725 Ἐκεῖ
2286 1670 2385 1740 μὲν
2418 1670 2526 1742 γὰρ
2555 1671 2678 1739 δφις
2710 1670 3002 1724 συνέπλεεν
3021 1669 3155 1741 (80),
3181 1673 3299 1724 ἐκεῖ
3330 1671 3483 1736 ξύλον
3508 1671 3674 1726 θανά-

418 1761 671 1816 naculum
705 1780 719 1817 :
754 1763 863 1819 illic
913 1766 1175 1821 Adamum
1223 1767 1563 1836 pra-'varicari
1604 1770 1862 1836 docebat;
1899 1772 1987 1828 hic

2099 1776 2188 1816 του
2231 1761 2455 1832 γέγονεν
2502 1761 2751 1831 ὄργανονο
2788 1761 3019 1816 ἐνταῦθα
3059 1762 3217 1829 ξύλον
3254 1763 3526 1835 σωτηρίας
3564 1779 3675 1834 πη-

417 1854 663 1924 perfugio
699 1853 961 1911 Noemum
1005 1858 1155 1927 petit.
1209 1858 1253 1915 Ο
1300 1858 1499 1916 Nocme
1542 1860 1821 1917 hominum
1857 1879 1982 1930 pro-

2097 1852 2285 1907 Βάλιον.
2327 1853 2475 1906 Ἐκεῖ
2521 1852 2612 1905 τὸν
2648 1851 2817 1922 Ἀδὰμ
2859 1852 3185 1923 παραϐάτην
3240 1854 3552 1907 ἐδίδασκεν·
3584 1856 3673 1908 ὲν.

413 1944 595 2015 gnitor
623 1946 830 2002 Adamo
862 1947 1248 2004 anteferende!
1284 1966 1316 2006 o
1360 1952 1610 2022 imaginis
1643 1954 1732 2022 Dei
1780 1953 1987 2010 firmior

2092 1944 2261 1998 ταῦθα
2288 1943 2535 2016 πρόσφυξ
2565 1943 2638 2013 τῷ
2665 1943 2784 1996 Νῶε
2813 1944 3195 2014 προσέρχεται.
3215 1939 3283 2000 Ὦ
3313 1947 3541 2016 πρόγονε
3570 1947 3668 2001 τοῦ

416 2039 761 2093 asscrvator!
791 2052 823 2094 ο
854 2039 945 2109 qui
984 2039 1126 2103 finis,
1164 2057 1379 2113 unaque
1420 2018 1743 2115 principium
1777 2055 1986 2102 natura:

2092 2035 2311 2101 γένους,
2353 2033 2444 2087 τοῦ
2482 2034 2651 2102 Ἀδὰμ
2690 2029 3093 2103 τιμιώτερεεῶ
3126 2036 3222 2106 τῆς
3259 2036 3407 2099 θείας
3454 2038 3668 2101 εἰκόνος

417 2125 598 2183 fuisti!
642 2145 675 2186 ο
705 2129 937 2185 faustum
968 2133 1327 2189 humanitatis
1356 2135 1603 2191 confine!
1636 2152 1668 2190 ο
1692 2137 1781 2206 qui
1819 2139 1985 2193 tutior

2090 2126 2398 2197 βεϐαιότερε
2435 2125 2639 2194 φύλαξι
2672 2118 2717 2177 ὦ
2752 2124 2901 2189 τέλος
2929 2125 3064 2195 ὁμοῦ
3099 2129 3193 2180 καὶ
3221 2128 3363 2199 ἁρχὴ
3397 2130 3463 2199 τῇ
3501 2128 3666 2197 φύσει

412 2217 608 2275 divinae
638 2221 895 2278 bonitatis
940 2223 1224 2293 fido-jussor
1258 2226 1515 2282 illuxisti!
1554 2244 1586 2281 ο
1612 2229 1699 2297 qui
1728 2244 1984 2299 grasSan-

2091 2218 2405 2286 γενόμενοςῐ
2431 2211 2475 2270 ὦ
2506 2216 2755 2288 μεθόριον
2782 2216 2985 2283 ἀγαθὸν
3012 2216 3464 2288 άνθρωπότητοςῑ
3496 2212 3541 2271 ὦ
3565 2219 3667 2288 τῆς

386 2296 521 2363 ἰεηι
574 2324 668 2379 per
711 2327 881 2381 genus
934 2314 1229 2369 humanum
1284 2296 1942 2375 exsecrationem-Stltisti

2087 2309 2233 2372 θείας
2265 2309 2598 2377 ἀγαθότητος
2628 2307 2904 2378 ἐγγυητὴς
2933 2309 3121 2375 φανεὶς
3148 2309 3584 2393 ἁσφαλέστεροςῐ
3617 2304 3663 2363 ὦ

409 2400 756 2467 oimpietatis
784 2404 1034 2473 exitium,
1070 2405 1301 2477 fideique
1343 2409 1530 2464 radix!
1570 2425 1604 2465 ο
1647 2411 1738 2479 qui
1783 2412 1979 2466 oblite-

2088 2399 2561 2471 στήσαςκατάραν
2590 2400 2729 2452 κατᾶ
2759 2399 2850 2453 τοῦ
2893 2400 3087 2466 γένους
3124 2397 3450 2453 ὁδεύουσανῐ
3487 2394 3531 2452 ὦ
3564 2400 3664 2453 πέ-

409 2500 586 2545 ratum
618 2491 868 2562 imaginis
893 2494 1037 2550 illius
1057 2496 1433 2552 characterem
1459 2497 1806 2556 reformasti!
1833 2517 1866 2557 ο
1889 2502 1979 2571 qui

2087 2509 2185 2562 ρας
2218 2491 2490 2555 ἀσεϐείας,
2532 2491 2627 2543 καὶ
2658 2490 2781 2561 ῥίζα
2808 2491 3096 2561 γενόμενος
3144 2492 3409 2556 πίστεωςί
3444 2486 3489 2545 ὧ
3538 2493 3663 2557 τοὺς

408 2579 573 2635 divini
629 2583 810 2651 operis
878 2585 1088 2639 semina
1144 2588 1476 2642 reservasti!
1539 2603 1573 2642 o
1625 2589 1717 2658 qui
1776 2601 1982 2647 natura:

2084 2583 2180 2652 τῆς
2226 2582 2430 2644 εἰκόνος
2486 2583 2839 2652 χαρακτῆρας
2901 2581 3304 2650 ἁπαλειφὲντας
3357 2583 3660 2637 άνακτισά-

408 2685 609 2727 causas
646 2672 697 2727 in
738 2682 789 2728 te
820 2674 1135 2744 complexus
1178 2678 1267 2731 est
1308 2693 1360 2742 o,
1413 2678 1569 2748 cujus
1603 2694 1707 2748 ope
1744 2681 1983 2739 redarsit

2088 2674 2240 2744 μενεῑ
2264 2667 2309 2727 ὧ
2340 2674 2438 2742 τῆς
2462 2673 2552 2727 τοῦ
2580 2673 2713 2727 Θεοῦ
2739 2673 3102 2745 δημιουργίας
3129 2675 3375 2743 τηρήσας
3401 2672 3472 2725 τά
3497 2672 3664 2743 σπέρ-

409 2772 620 2819 naturae
667 2764 937 2821 scintilla!
976 2780 1010 2821 ο
1039 2767 1238 2824 diluvie
1283 2769 1603 2825 violentior!
1636 2786 1670 2826 ο
1708 2772 1831 2828 ﬁdei
1879 2789 1981 2830 cu-

2087 2765 2260 2835 ματαί
2290 2757 2334 2816 ὦ
2362 2763 2460 2827 τὰς
2490 2764 2743 2835 ἀφορμὰς
2772 2766 2869 2833 τῆς
2915 2764 3130 2833 φύσεως
3169 2766 3226 2816 ἐν
3261 2764 3441 2835 σαυτῷ
3486 2782 3660 2818 κατα-

408 2864 525 2911 stos
552 2856 945 2913 tntissimel'l'u
980 2859 1124 2914 enim
1159 2860 1418 2917 inundato
1463 2863 1779 2919 continente
1829 2865 1981 2935 pela-

2085 2855 2261 2927 σχὼνι
2294 2849 2338 2908 ὦ
2370 2854 2724 2925 σϐεννύμενον
2754 2855 2965 2924 άνάψας
2995 2854 3086 2908 τὸν
3134 2855 3405 2925 σπινθῆρα
3431 2857 3530 2926 τῆς
3557 2855 3660 2925 φύ-

404 2962 506 3019 gus
539 2948 683 3004 illius
711 2949 882 3005 vicem
910 2950 1082 3007 fecisti
1110 2951 1423 3020 habitabile,
1470 2957 1773 3023 repressisti
1803 2960 1978 3015 sacri-

2086 2948 2258 3010 cewgl
2304 2941 2349 3000 ὦ
2393 2946 2778 3017 κατακλυσμοῦ
2840 2946 3145 3018 βιαιότερει
3181 2941 3226 3000 ὦ
3275 2947 3515 3011 πίστεως
3566 2947 3657 3019 βε-

407 3039 531 3095 ficio
582 3039 804 3097 alterius
847 3042 1035 3097 diluvii
1065 3054 1367 3112 tcrrorem;
1404 3056 1458 3101 tu
1496 3049 1746 3119 recepisti
1781 3065 1811 3105 a
1864 3050 1973 3107 Deo

2085 3039 2333 3094 ϐαιότατε
2355 3039 2561 3110 φύλαξ·
2594 3041 2658 3093 σὺ
2687 3040 2794 3111 γὰρ
2817 3038 3287 3110 κατακλυσθείσης
3318 3039 3572 3111 ἠπείρου,
3598 3040 3658 3093 τὸ

1352 3097 1367 3112 ,
1408 3097 1458 3101 -_
1498 3097 1746 3119 -_--,----
1781 3097 1811 3105 _
1864 3097 1971 3107 --ν

403 3131 713 3188 securitatis
753 3130 946 3190 futurae
983 3134 1230 3207 pignora,
1268 3151 1296 3192 a
1322 3138 1750 3207 perniciabilium
1795 3157 1974 3199 rerum

2082 3129 2319 3199 πέλαγος
2348 3097 2424 3194 ὧς
2455 3097 2944 3202 ἠπειρονέκτισας
2976 3129 3111 3201 (8|),
3157 3097 3393 3201 ἐστησάς
3424 3097 3516 3184 δὶά
3557 3097 3656 3183 θυ-

403 3221 811 3288 exspcctatione
838 3233 1143 3281 creaturam
1164 3208 1469 3284 'vindicasti'
1491 3238 1568 3292 et,
1601 3241 1657 3286 ut
1681 3232 1790 3287 Deo
1821 3234 1973 3288 cordi

2080 3222 2201 3286 σίαν
2230 3222 2616 3293 κατακλυσμοῦ
2648 3222 2901 3293 δευτέρου
2942 3224 3033 3276 τὸν
3067 3221 3255 3292 φόϐον,
3296 3220 3463 3288 ἐδέξω
3496 3222 3652 3293 παρὰ

402 3310 475 3367 sit
506 3310 720 3382 religio,
754 3315 1077 3383 patefecisti,
1107 3317 1254 3374 fuisti
1284 3322 1423 3389 apud
1456 3320 1625 3377 Deum
1671 3326 1877 3393 majore
1920 3324 1973 3379 in

2157 3312 2211 3365 οῦ
2237 3313 2335 3382 τῆς
2375 3312 2598 3384 ὕστερον
2631 3313 2929 3380 ἀσφαλείας
2962 3315 3216 3384 ἐνέχυρα,
3250 3312 3495 3383 ἔφθασας
3534 3313 3658 3382 φθο-
3722 3361 3733 3373 ,

403 3402 602 3472 pretio,
650 3404 812 3475 idque
860 3407 984 3462 fidei
1032 3409 1250 3465 merito.
1304 3409 1349 3465 0
1402 3412 1617 3468 virtutis
1674 3415 1966 3484 magister!

2079 3403 2298 3473 ροποιοῦ
2326 3404 2656 3476 προσδοκίας
2678 3403 2776 3474 τὴν
2805 3404 3001 3470 κτίσιν,
3030 3402 3234 3468 ἔδειξας
3258 3403 3391 3456 Θεὸν
3418 3403 3655 3475 ἐραστὴν

401 3509 437 3548 o
469 3496 559 3565 qui
587 3497 833 3553 homines
860 3501 1144 3569 edocuisti,
1170 3502 1366 3571 quibus
1392 3503 1603 3561 Numen
1629 3507 1928 3562 honoretur
1955 3524 1968 3562 :

2080 3494 2375 3559 εὐσεϐείας,
2417 3495 2623 3565 ἐφάνης
2662 3493 2782 3564 Θεῷ
2823 3490 2910 3549 διὰ
2941 3495 3174 3558 πίστεως
3217 3493 3559 3565 τιμιώτερος.
3583 3492 3656 3549 Ὦ

401 3586 488 3641 cui
515 3587 688 3659 gloria
721 3591 1073 3661 sempiterna.
1106 3593 1299 3649 Amen.

2076 3580 2369 3650 παιδευτὴς
2408 3580 2612 3652 ἀρετῆς
2658 3584 2771 3645 τοῖς
2815 3580 3122 3652 ἀνθρώποις
3155 3582 3448 3652 γενόμενει
3482 3577 3527 3635 ὦ
3573 3582 3652 3636 δι-

2072 3671 2237 3736 δάξας
2276 3671 2598 3744 ἀνθρώπους
2627 3672 2797 3736 ποίοις
2826 3673 2885 3726 τὸ
2912 3673 3065 3745 Θείον
3089 3672 3394 3739 δοξάζεται.
3427 3672 3585 3746 Δύτῷ
3617 3674 3653 3746 ἠ

2072 3763 2197 3830 δόξα
2222 3765 2301 3828 είς
2328 3764 2453 3827 τοὺς
2483 3763 2704 3829 αἰῶνας.
2745 3763 2938 3835 Ἀμήν.

991 3870 1252 3929 ORATIO
1290 3872 1376 3930 Vl.

2672 3875 2892 3931 ΛΟΓΟΣ
2922 3880 3014 3946 ς’.

859 3984 1111 4055 Ejusdem
1138 3986 1194 4040 in
1225 3984 1509 4041 Noemum.
2380 3994 2435 4045 Tt

2380 3991 2491 4045 Τοῦ
2524 3990 2710 4046 αὐτοῦ
2738 3991 2827 4057 εις
2852 3991 2958 4045 τὸν
2982 3990 3173 4046 αὐτὸν
3202 3989 3350 4047 Νῶε.

467 4098 523 4154 1.
566 4097 756 4171 Neque
778 4108 975 4156 vestrm
1001 4102 1291 4158 audientiae
1314 4101 1620 4157 divinorum
1654 4119 1967 4160 sermonum

2142 4111 2209 4158 α’.
2251 4103 2390 4158 Οὔτε
2422 4103 2520 4175 τὴν
2548 4101 2816 4172 ὑμετέραν
2849 4102 3039 4175 ἀκοὴν,
3065 4105 3092 4157 6
3123 4102 3230 4157 τῶν
3265 4101 3425 4156 θείων
3456 4100 3649 4171 λογίων

396 4191 727 4248 desiderium
780 4192 833 4248 in
885 4194 1067 4252 Deum.
1100 4210 1430 4266 propensum
1477 4195 1689 4262 defuit,
1746 4214 1964 4269 neque,

2072 4194 2318 4265 φιλόθεος
2348 4193 2688 4247 ἐπιλέλοιπεν
2722 4192 2880 4265 ἔρως,
2906 4192 3028 4247 οὔτε
3059 4194 3157 4265 τῆς
3187 4193 3463 4266 ἡμετέρας
3490 4195 3547 4247 ἐν
3570 4193 3648 4246 λό-

394 4297 558 4353 quem
599 4293 787 4339 nostra
824 4284 1112 4341 verborum
1146 4298 1360 4358 egestas
1406 4295 1580 4352 creat,
1627 4297 1806 4345 metus
1866 4290 1968 4343 im-

2071 4303 2187 4356 γοις
2223 4285 2409 4349 πενίας
2433 4287 2462 4339 6
2496 4285 2659 4355 φόϐος
2687 4285 3014 4355 ⁴Ινιλάττωίιται.
3060 4285 3200 4338 Ἀλλ’
3222 4287 3380 4357 ὑμεῖς
3423 4285 3522 4353 μὲν
3554 4284 3647 4337 αὐ-

397 4372 642 4428 minutus
685 4383 787 4429 est.
835 4372 990 4430 Licet
1038 4387 1220 4432 autem
1258 4391 1353 4432 vos
1390 4391 1456 4432 ex
1499 4391 1560 4431 ea
1604 4390 1663 4431 re
1708 4378 1964 4432 virtutem

2070 4377 2224 4430 τόθεν
2248 4377 2345 4447 τὴν
2376 4377 2474 4448 τῆς
2506 4377 3003 4448 ταπεινοφροσύνης
3036 4378 3237 4450 ἀρετὴν
3281 4374 3644 4441 ἐπεδείξασθε,

390 4460 714 4522 humilitatis
738 4467 1175 4533 demonstrastis,
1200 4467 1343 4540 quod
1366 4467 1654 4521 verborum
1675 4458 1963 4535 pauperem

2071 4467 2133 4520 τὸ
2174 4466 2266 4520 τοῦ
2299 4440 2457 4535 λόγου
2504 4469 2719 4536 πτωχὸν
2743 4440 3346 4541 ’άγαπήσαντες’·ήμῖν
3374 4467 3429 4520 δὲ
3463 4440 3644 4517 πλεῖον

391 4555 717 4612 desideretis
750 4557 951 4614 :nobis
985 4566 1166 4612 tamen
1217 4564 1537 4627 argumenta
1580 4570 1685 4610 non
1735 4556 1967 4626 amplius

2072 4557 2122 4609 οἱ
2149 4556 2360 4628 ἔλεγχοι
2386 4557 2521 4628 πρὸς
2542 4557 2721 4611 ἔνθεον
2742 4558 2920 4631 ὄρεξιν
2944 4561 3207 4626 ἐπαρκεῖν
3228 4559 3329 4611 οὐκ
3355 4555 3643 4627 ἰσχύουσιν.

388 4644 635 4703 sufficere
666 4658 874 4719 queunt
920 4648 1116 4703 divinae
1160 4658 1354 4702 vestrae
1386 4647 1729 4718 appetentius.
1776 4648 1845 4703 At
1872 4648 1964 4719 qui

2086 4646 2223 4702 Ἀλλ’
2247 4648 2275 4700 6
2304 4647 2465 4701 πέντε
2506 4648 2690 4721 ἄρτοις
2718 4650 3184 4721 πεντακισχιλίους
3225 4651 3514 4721 χορτάσας,
3553 4644 3645 4700 καὶ

388 4736 632 4810 quinque
663 4740 897 4807 panibus
931 4739 1153 4793 totidem
1187 4741 1333 4809 pavit
1362 4740 1640 4794 hominum
1685 4738 1877 4805 millia,
1907 4747 1964 4792 ct

2069 4738 2170 4811 τὴν
2205 4738 2314 4794 τῶν
2348 4738 2605 4811 μαθητῶν
2649 4741 2840 4794 πενίαν
2884 4742 2965 4810 τῷ
3015 4740 3233 4810 πλούτῳ
3276 4741 3376 4812 τῆς
3429 4740 3643 4811 χάριτος

389 4823 778 4895 discipulorum
829 4835 1205 4897 paupertatem
1251 4827 1440 4895 gratiae
1489 4828 1692 4885 divitiis
1746 4830 1958 4893 erexit,

2070 4830 2517 4902 διορθωσάμενος,
2544 4830 2703 4895 αὐτὸς
2727 4832 2822 4887 καὶ
2847 4834 2976 4904 ὑμῖν
3001 4833 3067 4886 δι’
3095 4831 3251 4904 ἡμῶν
3279 4830 3519 4885 άπλώσει
3546 4828 3646 4899 τῆς

389 4913 479 4970 ille
511 4925 567 4971 et
599 4917 754 4971 vobis
784 4931 883 4980 per
917 4931 1015 4970 nos
1054 4916 1317 4971 doctrina:
1348 4932 1590 4975 mensam
1637 4919 1952 4990 explicabit.

2068 4921 2409 4987 διδασκαλίας
2437 4920 2535 4994 τὴν
2562 4922 2858 4993 τράπεζαν.
2890 4923 3087 4994 Πρώην
3119 4924 3219 4993 μὲν
3260 4920 3354 4978 οὖν
3386 4923 3514 4994 ὑμῖν
3548 4920 3644 4992 τὴν

477 5075 524 5108 ⁸³
546 5072 683 5129 Gen.
714 5089 811 5138 vlt,
840 5073 927 5129 18.

1605 5234 1714 5290 CL.
1746 5232 2120 5302 muscus"
2164 5199 2409 5292 now.

459 5381 776 5468 ($0)_.'Exsi
828 5380 951 5468 μενγ
990 5382 1101 5468 γὰρ
1138 5386 1294 5468 ,ὄφις
1340 5389 1700 5468 qur-sarisam
1739 5391 1954 5468 Defecta

2068 5395 2198 5468 ptili
2224 5403 2381 5448 terrm
2429 5394 2716 5449 secundum
2754 5407 2917 5464 genus
2948 5405 3137 5456 suum;
3167 5394 3329 5463 male,
3361 5395 3451 5467 qui
3486 5393 3644 5452 aliter

384 5455 690 5527 sententia;
736 5467 1016 5527 nattlctlm
1044 5455 1264 5527 dixisset
1296 5458 1429 5527 :rlbs'
1457 5476 1665 5527 serpens
1705 5465 1952 5518 connavi-
2061 5455 2323 5519 sentiunt.

383 5520 582 5602 gebat.-
610 5520 783 5602 ὁρέει,
824 5522 930 5577 llic
963 5525 1184 5587 arrepsit
1217 5520 1551 5602 infrendens
1571 5531 1818 5602 hotninis,
1859 5542 1956 5588 aut

2134 5532 2246 5602 (8|)
2289 5532 2364 5586 Τὸ
2395 5532 2658 5602 πέλαγος
2693 5533 2775 5598 ὡς
2816 5530 3068 5600 ἤπειρον
3096 5528 3359 5602 ἔκτισας.
3386 5531 3642 5595 Ἐκτισας

381 5593 510 5671 quid
535 5595 727 5671 simile.
748 5599 841 5671 “An
868 5603 1253 5671 cggonserpeng
1286 5593 1339 5652 in
1362 5598 1639 5671 arca,_Aqui
1690 5593 1951 5659 Noemum
2059 5593 2339 5671 proiecisti
2367 5593 2678 5665 habitabile,-
2708 5593 2764 5655 ut
2783 5593 2852 5656 ali
2876 5593 3062 5656 eodem
3087 5599 3251 5655 verbo
3273 5593 3422 5657 duxit
3446 5593 3641 5658 Honreé

379 5657 625 5737 perfugio
650 5660 946 5737 petiverit?
994 5657 1180 5716 Planc.
1211 5663 1341 5721 Gen.
1369 5683 1422 5722 vr
1462 5657 1581 5723 ςἘἱ
1604 5685 1669 5724 ea:
1699 5671 1838 5725 omni
1871 5657 1953 5727 re;

1268 5683 1341 5721 :n.
1369 5683 1422 5722 vr
1462 5657 1581 5723 ςἘἱ
1604 5685 1669 5724 ea:
1699 5671 1838 5725 omni
1871 5657 1953 5727 re;
2056 5657 2182 5742 ius;
2202 5671 2489 5727 ὲΰκτιστον
2515 5657 2844 5746 πτολίεθρον.
