3990 6160
489 391 559 457 95
1684 383 1964 443 BASlLII
1999 382 2540 443 SELEUCIENSIS
3670 377 3747 441 96

492 498 600 571 35
624 504 858 568 septena,
889 497 957 553 de
1003 492 1281 550 immundis
1330 507 1445 547 vero
1496 492 1619 545 bina
1672 500 1723 546 et
1762 490 1885 545 bina
1939 503 2061 545 ser-

2173 489 2280 543 άπὸ
2313 490 2381 544 δὲ
2400 489 2519 543 τῶν
2537 490 2625 558 μὴ
2659 487 2952 556 καθαρῶν,
2976 487 3086 541 δύο
3110 486 3221 540 δύο
3248 485 3541 555 φυλάττειν
3575 488 3734 558 ἀναγ-

493 606 623 645 vare
668 599 911 644 coactus.
974 587 1057 643 Ad
1112 601 1272 654 quam
1333 583 1689 652 quaestionem
1736 582 1866 637 illud
1920 595 2056 652 quo-

495 698 601 752 que
638 696 905 735 annexum
942 689 1055 733 est:
1097 675 1380 743 Quomodo
1414 674 1607 730 unicus
1658 674 1821 729 homo
1862 681 1940 728 tot
1976 687 2062 727 ve.

498 784 658 826 nator
710 769 1066 823 animantium
1121 765 1425 828 exstiterit,
1484 764 1790 819 volucrium
1836 778 1956 832 qua:
2008 762 2060 815 in

500 862 663 923 cmlo,
691 861 931 914 omnium
963 871 1083 927 qua:
1114 865 1256 911 terra
1295 856 1604 910 conduntur
1656 854 2013 908 animantium
2043 891 2059 915 ,

504 951 874 1011 terrestrium,
911 948 1160 1016 inquam.
1206 957 1260 1001 et
1307 946 1607 1001 volucrium
1650 960 1879 1015 quorum
1938 958 2064 999 sex-

499 1050 670 1096 centa'
700 1040 910 1108 species
938 1080 954 1104 ,
990 1038 1261 1102 cicurum,
1292 1036 1529 1091 ferarum
1556 1075 1572 1101 ,
1606 1050 1728 1104 quae
1754 1034 1952 1105 partim
1983 1047 2066 1089 ce-

492 1131 804 1195 leritndine,
838 1129 1033 1198 partim
1068 1129 1281 1191 robore,
1326 1129 1521 1196 partim
1574 1128 1755 1182 volatu
1807 1137 2064 1182 venantes

492 1220 797 1288 ell'ugiunt?
845 1218 1046 1273 Verum
1090 1234 1194 1273 non
1242 1218 1345 1272 hoc
1394 1218 1612 1271 mandat
1663 1216 1831 1279 Deus,
1878 1217 1972 1271 sed
2009 1217 2063 1271 in

495 1322 740 1382 apertam
785 1326 969 1366 arcam
1019 1310 1174 1379 jubet
1222 1307 1414 1378 recipi,
1455 1322 1576 1377 qua:
1616 1323 1682 1362 eo
1720 1307 2059 1377 confugiunt.

501 1405 749 1458 Arranus
782 1402 1000 1471 quidam
1026 1408 1146 1454 erat
1180 1400 1433 1468 impetus,
1460 1408 1515 1453 et
1560 1398 1770 1468 signum
1798 1399 2062 1460 divinum,

494 1510 700 1563 suaque
754 1503 947 1562 sponte
1000 1491 1306 1546 animantes
1343 1489 1786 1543 concurrebant:
1830 1487 2066 1554 Noemns

493 1599 627 1639 vcro
653 1584 983 1639 constitutus
1016 1591 1159 1644 erat,
1192 1578 1285 1648 qui
1316 1588 1668 1645 accurrentes
1696 1577 1933 1645 hospitio
1965 1591 2062 1630 ex-

494 1675 723 1745 ciperet.
763 1673 1154 1729 Accedentium
1200 1681 1381 1726 autem
1418 1669 1693 1723 notionem
1736 1683 1803 1722 es
1839 1676 2061 1737 aspectu

497 1765 707 1821 lubuit.
738 1766 867 1831 Quae
911 1780 970 1819 se
1008 1766 1135 1819 bina
1189 1761 1410 1816 adirent
1454 1760 1749 1814 immundis
1799 1773 2066 1812 annume-

499 1856 664 1909 rsnda
716 1825 1009 1908 cerisebat?
1064 1869 1186 1922 quae
1247 1865 1373 1906 vero
1415 1836 1637 1919 septena
1694 1847 1911 1902 videbat
1964 1848 2063 1913 ire,
2098 1825 2142 1881 Β

495 1960 710 2015 gregem
739 1961 860 2000 esse
892 1944 1150 1999 mundum
1181 1943 1533 2011 intelligebat.
1566 1937 1677 1997 Nec
1706 1939 2064 1993 animantium

497 2034 825 2097 discrimen,
865 2034 1011 2105 quod
1050 2033 1379 2088 metiebatur
1424 2030 1649 2094 oculus,
1679 2030 2065 2096 scribebatur;

499 2127 593 2195 qui
626 2141 692 2181 ex
731 2141 957 2179 numero
987 2125 1102 2180 visa
1136 2123 1482 2186 condisccbat
1508 2122 1752 2178 doctrina
1782 2122 1930 2176 vocis
1962 2136 2067 2174 non

497 2218 708 2286 egebat.
731 2214 845 2271 Hoc
862 2216 1148 2269 declarans
1165 2215 1342 2269 aiebat
1368 2214 1509 2269 Deus
1532 2233 1544 2267 :
1569 2212 1795 2266 lnduces
1813 2222 1979 2265 tecum
1998 2211 2066 2268 ⁸⁸.

498 2306 610 2361 lloc
632 2317 746 2370 est,
782 2322 885 2360 non
917 2306 1235 2370 venaberis,
1269 2321 1374 2358 non
1423 2313 1474 2360 te
1505 2304 1805 2373 fatigabis;
1851 2303 2067 2372 suscipe

495 2397 879 2467 confugientia,
913 2411 1012 2451 nec
1042 2395 1377 2466 aufugientia
1414 2409 1741 2467 persequere
1779 2412 1794 2446 :
1827 2410 1953 2449 nam
1997 2395 2066 2448 ad

498 2500 549 2543 te
595 2489 786 2543 ducam
828 2486 1108 2551 animalia,
1156 2494 1214 2540 ut
1259 2487 1387 2541 olim
1423 2490 1489 2542 ad
1530 2487 1951 2557 protoplastum.
1985 2487 2064 2541 Tu

496 2596 625 2634 vero
656 2595 753 2648 pro
791 2581 1042 2647 paradiso
1072 2580 1177 2633 illis
1204 2595 1387 2633 arcam
1425 2580 1618 2646 pande.
1657 2579 1787 2635 Esto
1830 2581 2068 2635 honora-

499 2666 604 2719 tior
649 2666 1004 2719 animantium
1043 2666 1315 2730 dominus,
1354 2681 1513 2733 quam
1561 2667 1801 2722 Adamus
1850 2685 1864 2722 :

498 2759 589 2813 itle
625 2775 844 2822 nomen,
886 2770 940 2814 tu
988 2760 1217 2814 salutem
1268 2760 1474 2815 confer.
1509 2760 1794 2831 Cur'ergo
1844 2763 2066 2818 tandem

499 2850 904 2905 iunnundorum
941 2867 1224 2906 numerum
1277 2853 1589 2916 contrahit,
1635 2854 1869 2923 binaque
1910 2855 2065 2925 jubet

498 2942 716 2997 induci?
742 2942 875 3008 Cur,
904 2959 1026 2998 eum
1069 2945 1275 2999 servari
1312 2961 1485 3015 genus
1514 2946 1876 3016 praecepisset,
1905 2963 2065 3002 mun—

499 3034 693 3088 dorum
732 3052 1015 3090 numerum
1062 3041 1127 3091 ad
1182 3038 1549 3106 septenarium
1588 3054 1758 3109 mque
1807 3038 2064 3108 profert?

499 3123 631 3177 Nam
665 3123 709 3177 si
746 3133 950 3179 natura:
990 3125 1227 3193 reliquas
1260 3141 1324 3179 es
1356 3141 1509 3195 aequo
1533 3127 1743 3180 servari
1779 3126 1910 3189 vult,
1962 3141 2063 3181 cur

499 3227 608 3265 non
643 3212 959 3277 aequabilem
989 3214 1201 3267 numeri
1230 3215 1444 3268 modum
1480 3224 1661 3268 servat
1689 3215 1743 3268 in
1777 3216 2059 3284 utrisque?

498 3299 562 3353 Et
595 3298 833 3368 profecto
874 3315 1080 3355 summa
1113 3317 1232 3357 cum
1277 3304 1560 3372 sapientia.
1628 3303 1869 3371 Quorum
1917 3309 2062 3362 enim

499 3388 831 3455 frequentior
858 3395 997 3461 apud
1034 3394 1278 3447 homines
1328 3410 1457 3448 usus
1510 3396 1829 3450 absumcnte
1856 3398 2065 3451 sacriﬁ-

496 3481 606 3544 cio,
635 3496 731 3536 esu
769 3484 1100 3551 destruente,
1128 3500 1315 3539 eorum
1357 3486 1641 3557 benignior
1683 3503 1711 3541 a
1747 3496 1937 3542 natura
1968 3503 2064 3543 co-

498 3572 584 3638 pia
612 3586 734 3625 esse
763 3572 966 3627 debuit.
1021 3574 1117 3630 Ubi
1154 3590 1284 3630 vero
1313 3578 1453 3645 quod
1488 3578 1757 3631 residuum
1797 3588 1936 3643 erat,
1969 3595 2066 3648 per

497 3675 556 3712 se
586 3661 651 3713 ad
681 3663 973 3719 creationis
1026 3666 1343 3720 memoriam
1374 3662 1527 3721 '§atis
1569 3678 1710 3731 erat,
1750 3669 1820 3721 ibi
1877 3684 2052 3737 neque

496 3766 722 3819 magnus
754 3770 1008 3811 numerus
1038 3756 1104 3808 ad
1142 3756 1320 3826 g'entis
1360 3760 1829 3815 conservationem
1863 3778 2063 3817 conve-

496 3840 701 3894 niebat.
754 3840 934 3898 Facile
987 3856 1105 3898 erat
1152 3848 1283 3911 Deo,
1311 3850 1413 3905 etsi
1460 3862 1905 3906 conservatorum
1944 3853 2064 3908 ani-

497 3928 760 3983 mantium
789 3946 975 3986 curam
1009 3934 1312 4005 abjecisset,
1339 3938 1560 4006 implere
1592 3956 1777 3996 rursus
1811 3943 2062 3997 animan-

495 4018 638 4072 tibus
669 4022 980 4078 universum
1015 4039 1031 4078 :
1065 4043 1187 4081 nam
1220 4043 1285 4084 eo
1332 4030 1584 4101 loquente
1615 4033 1923 4100 duntaxat,
1964 4035 2065 4089 ite-

492 4123 611 4164 rum
639 4112 840 4169 sobolis
866 4119 1296 4184 procreatricem
1328 4122 1401 4178 sit
1435 4122 1681 4181 invenire
1708 4137 2016 4181 creaturam
2044 4168 2060 4195 ,

555 4258 600 4291 ⁸⁸
630 4261 767 4321 Gen.
809 4285 883 4333 vt,
920 4272 1004 4326 l9.

1920 2667 2070 2722 dedit

2164 582 2480 650 καζόμενος.
2514 580 2852 635 Συνάπτεται
2889 580 2948 634 δὲ
2977 578 3155 650 τούτῳ
3203 579 3301 632 καὶ
3352 578 3543 648 ἕτερον
3570 596 3586 611 ο
3620 580 3740 644 Πῶς

2163 672 2447 743 ἄνθρωπος
2475 667 2556 736 εἷς
2586 671 2857 743 θηρευτὴς
2885 671 2993 725 τῶν
3020 670 3280 725 τοιούτων
3309 668 3463 736 ζώων
3494 671 3738 739 ὲγίνετος

2163 765 2271 818 τῶν
2299 766 2357 818 ὲν
2393 765 2517 836 ἀέρι
2554 765 2795 835 πτηνῶν,
2835 763 2946 817 τῶν
2981 764 3077 817 ἐπὶ
3106 764 3213 832 γῆς
3247 764 3643 836 κρυπτομένων
3664 762 3738 833 (8)

2165 855 2319 920 ζώων
2349 856 2634 921 ἀπάντων;
2666 856 2960 927 χερσαίων,
2992 855 3233 927 πτηνῶν,
3258 850 3332 909 ὧν
3355 855 3499 927 μέρη
3534 855 3737 926 μυρίας

2164 949 2406 1019 ἡμέρων,
2438 946 2681 1017 ἀγρίωνς
2712 947 2781 1001 τά
2817 947 2919 1017 μὲν
2948 947 3103 1017 τάχει
3123 987 3138 1013 ,
3171 946 3243 999 τὰ
3280 946 3339 999 δὲ
3368 946 3598 1015 δυνάμει
3624 985 3639 1009 ,
3671 944 3741 998 τὰ

2163 1040 2219 1094 δὲ
2246 1040 2443 1109 πτήσει
2474 1038 2753 1107 διαφεύγει
2782 1037 2883 1109 τὴν
2907 1038 3114 1109 θήραν;
3150 1037 3289 1091 Ἀλλ’
3309 1038 3371 1091 οὐ
3397 1037 3556 1091 τοῦτο
3578 1053 3738 1107 προσ-

2163 1128 2349 1182 τάττει
2393 1129 2423 1181 ὁ
2486 1126 2620 1189 Θεὸς
2642 1168 2658 1193 ,
2713 1127 2828 1180 ἀλλ’
2872 1125 3290 1180 ἀναπετάσαντα
3340 1127 3442 1196 τὴν
3491 1125 3737 1188 κιϐωτὸν,

2166 1217 2605 1288 ὑποδέχεσθαιτά
2629 1215 3046 1288 προσφεύγοντα
3068 1217 3526 1287 παρακελεύεται.
3562 1217 3742 1287 Ἀπόρι

2170 1313 2333 1381 ρητος
2364 1308 2473 1377 γάρ
2501 1308 2697 1377 ὲπῆξις
2728 1308 2804 1376 (9)
2837 1307 2932 1359 καὶ
2978 1306 3231 1377 σύνθημα
3270 1307 3413 1360 θεῖον
3434 1349 3447 1371 ,
3485 1308 3591 1360 καὶ
3625 1305 3742 1375 δρό-

2169 1416 2267 1470 μος
2305 1399 2522 1467 ἐγένετο
2549 1397 2702 1462 ζώων
2728 1396 3081 1466 αὐτόκλητος.
3121 1396 3245 1449 Νῶε
3280 1397 3337 1448 δὲ
3368 1397 3562 1450 ἵστατο
3597 1396 3742 1462 ξενο-

2165 1488 2335 1558 δοκῶν
2377 1488 2446 1541 τὰ
2494 1486 2920 1559 προστρέχοντα.
2967 1483 3096 1555 Εἶχε
3135 1486 3193 1538 δὲ
3250 1486 3358 1540 τῶν
3410 1486 3742 1557 προσιόντων

2166 1579 2263 1651 τὴν
2292 1579 2493 1649 γνῶσιν
2526 1578 2779 1648 καθάπερ
2811 1577 2977 1648 ἐώρα.
3006 1577 3111 1630 Δύο
3144 1578 3242 1647 μὲν
3273 1577 3408 1648 πρὸς
3439 1577 3606 1630 αὐτὸν
3642 1594 3747 1647 χω-

2170 1670 2389 1743 ροῦντα,
2440 1673 2557 1734 τοῖς
2614 1669 2945 1739 ἀκαθάρτοις
2978 1666 3426 1739 προσελογίξετοο
3482 1667 3626 1721 ἑπτά
3688 1666 3744 1719 δὲ

2172 1763 2456 1834 βαδίζοντα
2490 1761 2724 1831 βλέπων,
2761 1759 2999 1829 καθαρὸν
3041 1755 3184 1812 εἶναι
3219 1758 3523 1826 κατάλογον
3571 1758 3745 1811 ἐδιδά-

2172 1869 2356 1907 σκετο.
2383 1852 2493 1905 Καὶ
2514 1847 2581 1922 ἦν
2607 1851 2854 1921 ἄγραφος
2881 1849 3037 1912 ζώων
3065 1844 3361 1919 διάκρισις,
3399 1849 3750 1919 μετρουμένη

2170 1944 2248 2014 τῷ
2284 1943 2573 2013 βλέμματιο
2608 1942 2708 1994 οὐκ
2736 1941 2916 1994 ἐδέετο
2951 1941 3134 2010 φωνῆς
3177 1938 3543 2009 διδασκούσης
3566 1977 3582 2002 ,
3627 1939 3750 2011 ἀρι-

2171 2037 2306 2105 θμὸν
2334 2035 2472 2106 ἔχων
2499 2033 2608 2089 τῶν
2634 2033 2931 2103 ὁρωμένων
2980 2032 3322 2087 διδάσκαλον.
3372 2031 3540 2084 Τοῦτο
3571 2030 3755 2101 δηλῶν

2169 2129 2198 2181 ὁ
2227 2127 2356 2191 Θεὸς
2397 2126 2600 2193 έλεγεν’
2634 2122 2916 2188 Εἱσάξεις
2953 2122 3111 2189 παρὰ
3138 2119 3372 2186 σεαυτῷ
3405 2120 3514 2191 (10)
3540 2134 3555 2149 ⁸
3586 2136 3749 2173 τουτ-

2169 2218 2335 2283 έστιν,
2373 2218 2448 2270 Οὐ
2497 2215 2804 2286 θηρεύσεις,
2839 2215 2901 2268 οὐ
2929 2213 3247 2275 κοπιάσεις·
3280 2212 3541 2282 ὑποδέχου
3580 2228 3755 2283 προσ-

2169 2308 2461 2378 φεύγοντα,
2499 2308 2573 2375 μὴ
2606 2307 2804 2379 Θήρευε
2855 2303 3151 2373 φεύγοντα.
3187 2302 3334 2367 ’Δξω
3361 2304 3469 2373 γὰρ
3522 2302 3660 2365 πρὸς
3689 2288 3773 2352 es

2167 2400 2235 2454 τά
2262 2399 2397 2464 ζῶα,
2425 2398 2678 2469 καθάπερ
2715 2397 2794 2466 τῷ
2827 2396 3237 2468 πρωτοπλάστῳ
3268 2397 3326 2449 τὸ
3358 2396 3646 2465 πρότερον·
3686 2393 3755 2445 σὺ

2167 2491 2225 2545 δὲ
2266 2492 2480 2553 αὐτοῖς,
2529 2490 2651 2543 ἀντὶ
2683 2487 2777 2541 τοῦ
2820 2487 3150 2557 παραδείσου
3194 2487 3293 2555 τὴν
3347 2484 3580 2538 κιϐωτὸν
3612 2485 3750 2536 ἀνα-

2169 2584 2425 2637 πέτασον.
2472 2580 2634 2633 Γενοῦ
2661 2580 2929 2649 δεσπότης
2959 2577 3113 2643 ζώων
3158 2576 3253 2630 τοῦ
3298 2577 3469 2646 ’Δδὰμ
3499 2572 3753 2645 τιμιώτε-

2170 2689 2283 2743 ρος.
2330 2670 2570 2731 Ἐκεῖνος
2602 2669 2772 2721 ἔδωκε
2802 2668 2899 2737 τὴν
2930 2667 3142 2736 κλῆσιν,
3172 2665 3235 2717 σὺ
3280 2664 3510 2735 χαρίζου
3545 2665 3608 2716 τὸ
3645 2662 3759 2714 σώ-

2168 2760 2378 2825 ζεσθαι.
2414 2760 2479 2813 Τί
2501 2759 2702 2830 δήποτε
2729 2754 2821 2811 οὖν
2846 2758 2954 2810 τῶν
2986 2758 3083 2826 μὲν
3116 2756 3444 2825 ἀκαθάρτων
3471 2753 3759 2808 συστέλλει

2126 2870 2141 2885 κ
2167 2853 2258 2905 τὸν
2284 2850 2537 2922 ἀριθμὸν,
2562 2849 2665 2903 ἀνά
2693 2849 2787 2903 δύο
2807 2848 3071 2910 κελεύσας
3098 2845 3417 2915 εἰσάγεσθαι
3444 2862 3455 2873 ·
3487 2843 3754 2898 πλατύνει

2166 2944 2224 2998 δὲ
2254 2945 2345 2997 τὸν
2372 2942 2478 2995 τῶν
2506 2941 2782 3011 καθαρῶν,
2812 2939 3098 3009 ἐϐδομαίον
3140 2938 3201 2991 τὸ
3234 2938 3391 3005 γένος
3433 2934 3752 3007 προστάξας

2170 3035 2540 3105 φυλάττεσθαι
2566 3033 2677 3105 (ll)
2703 3048 2718 3097 ;
2752 3032 2813 3084 Εἰ
2842 3032 2951 3101 γὰρ
2980 3029 3174 3100 έπίσης
3209 3029 3456 3098 βούλεται
3482 3025 3757 3092 σώζεσθαι

2168 3127 2236 3180 τὰ
2269 3127 2388 3198 ἴχνη
2413 3126 2512 3196 τῆς
2542 3125 2788 3194 φύσεως,
2817 3123 2870 3175 τί
2907 3122 2982 3194 μὴ
3014 3122 3110 3174 τοῦ
3140 3120 3374 3193 ἀριθμοῦ
3406 3120 3671 3188 φυλάττει
3697 3117 3761 3169 τὸ

2170 3217 2367 3289 μέτρον
2426 3218 2511 3284 ἐφ’
2561 3215 2835 3285 ἑκατέρων
2895 3214 3211 3284 ἰσόρῤοπονς
3267 3212 3360 3265 καὶ
3409 3208 3762 3264 πανυπανσό-

2168 3325 2283 3377 φως
2315 3305 2427 3378 (12)
2449 3322 2462 3335 ⁶
2497 3307 2631 3359 ὅπου
2652 3307 2761 3376 γάρ
2780 3306 2979 3358 πλείων
3000 3307 3132 3374 παρ’
3148 3302 3455 3374 ἀνθρώποις
3477 3305 3509 3373 ἡ
3535 3304 3761 3373 χρῆσις,

2169 3397 2358 3461 θυσίας
2389 3397 2825 3466 ἀναλισκούσης,
2862 3396 3117 3467 βρώσεως
3152 3394 3601 3463 διαφθειρούσης,
3639 3395 3766 3447 ἐκεῖ

2170 3492 2267 3543 καὶ
2292 3490 2492 3543 πλείων
2518 3491 2552 3559 η
2574 3489 2798 3559 εὐθηνία
2822 3490 2921 3557 τῆς
2943 3488 3175 3555 φύσεως.
3204 3489 3374 3541 Ὅπου
3395 3486 3454 3538 δὲ
3478 3485 3761 3556 αὔταρκες

2169 3582 2230 3635 τὸ
2257 3582 2416 3653 μένον
2446 3583 2523 3644 εἰς
2553 3582 2915 3651 δημιουργίας
2962 3582 3267 3651 ὑπόμνημα
3290 3619 3305 3643 ,
3358 3580 3476 3631 ἐκεῖ
3500 3580 3608 3631 ’καὶ
3662 3596 3761 3646 μι-

2172 3674 2302 3744 κρὸς
2346 3672 2577 3743 ἀριθμὸς
2611 3672 2747 3743 πρὸς
2796 3671 3044 3742 φυλακὴν
3088 3671 3182 3723 τοῦ
3222 3670 3411 3739 γένους
3458 3670 3752 3741 ἁρμόδιος.

2183 3765 2392 3836 Ῥᾴδιον
2436 3763 2630 3832 μενοῦν
2676 3760 2744 3835 ἦν
2774 3763 2849 3834 τῷ
2899 3763 3019 3832 Θεῷ
3051 3764 3145 3816 καὶ
3189 3764 3297 3815 τῶν
3334 3764 3764 3832 περισωθέντων

2168 3851 2323 3916 ζώων
2369 3856 2864 3923 περιφρονήσαντι,
2909 3852 3069 3904 πάλιν
3100 3850 3212 3922 (15)
3268 3850 3559 3921 πληρῶσαι
3593 3849 3763 3912 ζώων

2166 3946 2237 4000 τά
2285 3944 2596 4016 σύμπαντα.
2629 3943 3011 4015 Φθεγξαμένου
3058 3942 3167 4015 γὰρ
3206 3943 3368 4014 μόνον
3402 3942 3537 3995 Θεοῦ
3562 3980 3577 4005 ,
3615 3959 3761 3994 παι-

2172 4036 2387 4101 δοποιὸς
2428 4036 2589 4090 πάλιν
2636 4037 2669 4105 ή
2717 4037 2891 4098 κτίσις
2931 4036 3245 4107 ηὑρίσκετο·
3296 4035 3392 4087 καὶ
3427 4032 3523 4103 τὴν
3552 4033 3615 4086 ἐκ
3652 4029 3763 4084 τοῦ

2166 4126 2553 4198 κατακλυσμοῦ
2582 4127 2843 4197 διαφοράν
2872 4126 2982 4200 (Η)
3015 4127 3266 4198 ἐνίκησεν
3297 4125 3361 4179 ἂν
3390 4127 3421 4195 ἡ
3456 4122 3550 4176 τοῦ
3584 4124 3761 4191 λόγου

1688 4417 1796 4475 CL.
1840 4419 2207 4487 DAUSQUEII
2246 4420 2476 4477 NOTAE.

562 4566 647 4645 (8)_
806 4568 905 4622 ἐπὶ
930 4568 1047 4638 τῆς
1068 4572 1513 4645 κρυπτομένων.
1551 4571 1764 4645 ιιοιιιίιιί
1798 4576 1933 4629 bene
1957 4579 2055 4630 do-

2173 4577 2414 4630 Ferarum.

483 4648 575 4697 cto
601 4640 881 4697 videbatur
929 4640 1333 4712 rescribentlmn
1377 4641 1750 4711 κυπτομένων,
1784 4661 1902 4712 qua:
1945 4655 2054 4699 ler-

487 4724 613 4790 _ram_
654 4719 950 4790 spectant:
991 4722 1137 4790 nam,
1198 4708 1393 4790 inquit,
1452 4712 1505 4765 in
1551 4708 1710 4790 terra:
1754 4708 2053 4771 visceribus

487 4778 757 4847 lumbrici.
789 4788 843 4831 et
873 4784 1174 4847 serpentes,
1204 4778 1292 4847 qui
1328 4795 1431 4833 nou
1460 4792 1584 4836 sunt
1611 4783 1661 4835 in
1693 4797 1873 4836 arcam
1903 4799 2055 4839 rece-

487 4849 584 4970 φὶ.
624 4846 803 4912 Longe
827 4846 1107 4899 tlissettlio.
1140 4845 1349 4931 Veritas
1376 4866 1402 4932 ξι
1437 4866 1521 4905 me
1548 4861 1653 4910 est.
1682 4850 1874 4908 Matth.
1906 4869 2004 4910 vnt
2039 4872 2053 4909 :

544 4917 688 4970 ulves
719 4919 892 4970 foveas
915 4915 1129 4970 habent.
1159 4916 1424 4970 Martialis
1449 4938 1465 4970 :

544 4917 688 4985 ulpes
717 4919 892 4985 foveas
915 4915 1129 4971 habent.
1159 4916 1424 4975 Martialis
1449 4938 1465 4970 :

557 5026 852 5108 gaudetin
880 5030 1088 5108 emissis
1132 5031 1373 5108 habitare
1404 5037 1678 5093 cuniculus
1719 5040 1910 5108 antris,

561 5098 802 5153 Ostendit
826 5098 1018 5154 tacitas
1042 5101 1275 5157 hostibus
1305 5105 1393 5159 ille
1422 5108 1558 5160 vias.

488 5190 531 5268 _A
559 5190 952 5268 Strab‘ono‘lib.
981 5208 1039 5246 ιιι
1068 5205 1361 5268 narrantur
1394 5199 1661 5268 γεωρύχοι
1690 5199 2058 5268 λαγιδεῖς,οὓς

487 5260 617 5314 ἔνιοι
640 5260 925 5340 λεϐηρίδας
949 5260 1465 5340 προσαγορεύουσιν.
1492 5260 1783 5340 Διεῇιιδειιιῖ
1814 5260 1919 5325 soli
1934 5260 2057 5340 ’[οεξ

487 5346 652 5406 sares,
691 5346 821 5406 quos
851 5333 1012 5400 aliqui
1045 5334 1302 5406 l_e_beridas
1349 5333 1635 5405 appellant.
1677 5340 1827 5406 Apud
1851 5333 2057 5396 Aristo-

490 5403 646 5455 telem
696 5401 830 5478 libro
863 5416 1022 5478 nouo
1054 5402 1272 5478 ζῇἰειον.Δ
1315 5401 1536 5478 animal.
1583 5425 1700 5478 cap.
1726 5401 1793 5475 ’6,
1826 5412 1935 5465 ursi
1972 5413 2056 5465 di-

487 5480 683 5525 cuntur
727 5470 937 5538 φωλεοῦ
969 5470 1221 5538 ἐξελθεῖν,
1254 5475 1481 5530 latibula
1519 5470 1683 5538 exire.
1736 5470 1859 5532 licet
1898 5493 2055 5535 antro

488 5541 663 5612 hieme
712 5542 1084 5592 tantummodo
1119 5543 1321 5598 Plinius
1349 5560 1442 5600 eos
1471 5548 1738 5612 adalliget.
1766 5548 1908 5603 Idem
1952 5551 2058 5604 Pli-

487 5609 607 5688 nius
636 5610 770 5689 libro
807 5623 906 5689 vui
931 5620 1096 5689 κτον.
1134 5612 1203 5664 38
1251 5613 1321 5666 De
1353 5615 1599 5689 sciuris;
1629 5609 1920 5684 Obmralis,
1951 5635 2056 5689 qua

482 5682 782 5761 ,ἶριν-πωπω
815 5684 897 5761 est
923 5678 1130 5761 peritus.
1161 5684 1391 5761 cavernis
1418 5700 1483 5738 ea:
1510 5686 1617 5739 alia
1647 5698 1794 5761 parte
1816 5678 2056 5757 aperiunt

484 5749 645 5819 feres.
690 5746 884 5815 Neque
930 5752 1134 5802 temere
1174 5746 1356 5807 Latius
1396 5763 1545 5810 vates
1595 5746 1812 5827 scripsit
1852 5746 2056 5828 Syrtica

2220 4647 2309 4728 .(9)
2353 4647 2706 4728 'Aa'dﬁpntoc
2734 4647 2841 4716 γὰρ
2888 4647 3125 4717 ἐπῆξις.
3157 4648 3379 4717 Repono
3411 4647 3617 4715 ἔπειξις
3660 4651 3758 4705 in-

2164 4726 2418 4778 stinctus,
2449 4726 2699 4777 Ilnpetus.

2234 4786 2344 4857 (l0)
2384 4785 2666 4853 Εισάξεις
2695 4785 2850 4855 παρὰ
2876 4787 3132 4853 σεαυτῷ.
3172 4786 3347 4844 Locus
3377 4790 3463 4845 hic
3506 4804 3570 4844 ex
3595 4803 3639 4844 c.
3692 4805 3752 4845 vs

2165 4855 2847 4929 gennexprimividetur.
2871 4859 2967 4929 Ubi
3003 4858 3350 4929 Septuaginta
3380 4862 3459 4915 sic
3488 4861 3692 4929 habent
3731 4877 3750 4915 :

2166 4926 2415 5000 Εῑσάξεις
2443 4927 2520 5000 εἰς
2542 4926 2640 5000 τὴν
2664 4927 2916 4992 κιϐωτὸν,
2943 4928 3029 5000 ἵνα
3052 4926 3258 5000 τρέφῄς
3286 4930 3426 4998 μετά
3454 4926 3708 5000 σεαυτοῦ.

2236 4996 2348 5066 (ll)
2395 4996 2465 5050 Τὸ
2506 4996 2680 5064 γένος
2741 4996 3100 5065 προστάξηξ
3133 4996 3561 5066 φυλάττεσθαι.
3600 4998 3749 5053 Cum

2164 5066 2368 5189 sirm};
2401 5080 2570 5136 genus
2615 5069 2981 5137 praecepisset.
3025 5069 3225 5122 Eodem
3260 5071 3421 5124 modo
3449 5067 3751 5139 Virgilius,

2245 5151 2325 5189 ne:
2370 5153 2427 5189 os
2458 5152 2532 5189 vn
2562 5150 2579 5188 :

2245 5150 2427 5189 ηειαοε
2458 5152 2532 5191 νιι
2562 5150 2579 5188 2

2233 5248 2515 5319 Supposita
2540 5250 2604 5306 de
2629 5260 2797 5305 matre
2823 5267 2986 5321 genus
3010 5251 3196 5319 furata
3216 5252 3434 5307 creavit.

2163 5340 2240 5395 Ita
2273 5341 2396 5409 legit
2427 5344 2767 5398 doctissimus
2792 5342 3044 5409 Cuiacius
3072 5359 3088 5406 ;
3122 5343 3212 5396 alii
3242 5344 3451 5400 nothos.

2235 5413 2349 5482 (12)
2382 5414 2902 5485 narentur-adwa
2957 5414 3151 5467 Durius
3182 5428 3197 5465 :
3232 5413 3429 5468 melius
3464 5412 3755 5485 legeretur

2164 5480 2307 5534 πάνυ
2332 5480 2671 5551 πανσόφως.
2720 5480 2944 5535 diserte.

2264 5552 2347 5608 l3)
2384 5550 2593 5605 Πάλιν.
2638 5550 2861 5605 Videtur
2889 5551 3231 5605 scribendum
3257 5553 3425 5608 πάλιν
3449 5554 3533 5607 ἄν.

2264 5552 2325 5603 l3
2384 5552 2593 5605 Πάλιν.
2638 5552 2861 5605 Videtur
2889 5552 3231 5605 scribendum
3257 5553 3425 5608 πάλιν
3449 5554 3533 5607 ἄν.

2237 5552 2347 5689 (μζ
2387 5621 2506 5689 Τὴν
2525 5622 2595 5674 ὲκ
2620 5621 2727 5675 τοῦ
2759 5621 3190 5692 κατακλυσμοῦ
3220 5621 3532 5692 διαφοράν.
3558 5622 3753 5691 Signi—

2168 5688 2393 5743 ﬁcautcr
2440 5688 2726 5744 admndmn
2781 5689 3042 5756 διαφοράν
3073 5688 3361 5757 usurpavit
3392 5688 3457 5747 ea
3491 5688 3753 5756 umidum,

2166 5772 2269 5828 qua
2316 5758 2589 5829 διαφέρειν
2618 5771 2699 5816 cst
2749 5759 3060 5825 distrahere,
3111 5759 3376 5828 divellere,
3412 5761 3751 5830 discerpere,
