3990 6160
237 387 309 449 ‘J'i

1685 383 1965 443 ORATIO
2004 383 2101 445 VI.
3429 396 3496 459 93

245 499 405 573 φορά..
453 498 594 551 Ἀλλ’
629 497 701 550 οὑ
756 497 915 552 τοῦτο
961 497 1135 550 ποιεῖ·
1172 498 1491 566 πανσόφωςο
1532 496 1654 551 οὑδὲ
1702 515 1837 552 παν-

1943 496 2104 553 facile
2124 511 2345 567 quoque
2373 509 2462 552 res
2493 496 2696 552 diluvio
2727 498 2919 554 dilatas
2978 514 3040 554 ac
3073 499 3362 570 dissipatas
3394 519 3496 559 vox

246 589 462 660 ολεθρία
491 587 864 651 καταδικάζει
890 586 985 657 τὴν
1028 585 1210 654 φύσιν,
1245 586 1332 638 ἵνα
1364 585 1440 656 μὴ
1489 586 1614 640 νέαν
1652 586 1826 640 κτίσιν

251 682 503 753 ἐπαγάγῃ
533 681 655 741 τοῖς
697 679 974 748 φθάσασι,
1011 677 1146 748 μηδὲ
1188 678 1410 749 γένηται
1438 677 1536 747 τῆς
1568 677 1827 749 δευτέρας

252 775 286 843 ή
337 774 553 838 πλάσις,
604 772 711 841 τῆς
756 771 1028 842 προτέρας
1072 770 1454 838 κατάγνωσιςο
1500 770 1632 841 μηδὲ
1670 769 1828 835 δόξαν

255 864 477 933 ἁρπάσῃ
512 860 885 932 μεταμελείας
910 862 938 913 ό
965 860 1226 931 Κτίστης,
1260 862 1353 929 ἀφ’
1381 862 1573 933 ἑτέρας
1609 864 1689 926 είς
1714 862 1831 917 ἐτέ-

144 946 159 957 “
257 970 356 1022 ραν
402 952 696 1021 ἐρχόμενος
722 965 738 980 ο
773 950 918 1019 τάχα
961 948 1007 1001 δ’
1041 948 1110 1002 ἂν
1156 951 1251 1003 καὶ
1297 950 1484 1021 ἕτερος
1518 951 1828 1024 ὑποψευσθῇ

254 1042 590 1112 δημιουργὸς
618 1039 709 1092 τοῦ
747 1039 1019 1110 προτέρου
1053 1039 1582 1112 φιλανθρωπότερον
1622 1042 1717 1095 καὶ
1763 1038 1830 1113 ἦν

256 1133 287 1183 ὁ
314 1132 556 1200 πλάστης
580 1128 880 1198 ἀμφίϐολος
898 1169 913 1194 ,
943 1130 1045 1183 οὑκ
1081 1128 1230 1193 ὄντος
1256 1130 1484 1200 ἀρχαίου
1514 1133 1831 1202 γνωρίσμα-

255 1240 370 1284 τος.
410 1222 508 1273 Διά
541 1219 693 1272 τοῦτο
729 1222 889 1289 τηρεῖ
914 1220 982 1272 τά
1020 1220 1119 1288 τῆς
1151 1221 1381 1290 ἀρχαίας
1414 1221 1656 1284 πλάσεως
1689 1221 1830 1292 σύμ-

256 1313 392 1365 ϐολα
414 1350 430 1375 ,
462 1312 553 1363 καὶ
581 1313 690 1374 τοῖς
733 1309 1008 1380 δευτέροις
1039 1311 1101 1364 ὲκ
1146 1311 1255 1363 τῶν
1288 1310 1567 1381 προτέρων
1603 1328 1829 1381 μετοχε-

256 1403 402 1456 τεύει
435 1403 532 1471 τὴν
562 1400 810 1468 αὔξησιν,
862 1400 958 1453 καὶ
989 1398 1082 1452 τοῦ
1127 1400 1514 1470 κατακλυσμοῦ
1564 1400 1835 1469 μεταϐλα-

257 1494 479 1557 ϐοὖντος
504 1531 520 1556 ,
545 1493 577 1561 ἡ
608 1491 702 1543 τοῦ
731 1490 927 1558 γένους
953 1491 1281 1559 ἐφυλάττετο
1311 1491 1436 1562 ῥίζα
1457 1531 1473 1556 ,
1503 1492 1591 1546 ἵνα
1621 1495 1715 1547 καὶ
1735 1493 1834 1560 τῆς

258 1585 493 1647 παλαιᾶς
540 1582 905 1651 δημιουργίας
937 1583 1004 1634 τά
1033 1580 1297 1652 πρεσϐεῖα
1328 1582 1667 1652 φυλάττηται
1687 1624 1702 1648 ,
1742 1586 1836 1637 καὶ

260 1678 289 1729 ό
318 1672 650 1743 δημιουργὸς
698 1673 764 1724 ἐκ
812 1671 1226 1742 φιλανθρωπίας
1260 1671 1639 1743 θαυμάζηται,
1675 1692 1836 1728 κατα-

258 1768 503 1838 κλυσμὸν
533 1763 866 1835 χαλινώσας,
900 1763 997 1817 καὶ
1028 1764 1087 1817 τὸ
1110 1762 1325 1832 λογικὸν
1349 1764 1488 1827 ζῶον
1511 1764 1644 1834 ὑψού
1654 1783 1832 1835 μενος.

1932 602 2039 641 una
2074 587 2235 641 missa
2269 596 2461 655 suapte
2486 587 2540 641 vi
2578 588 2916 641 restaurarit.
2957 589 3023 641 At
3077 604 3180 645 tt0n
3218 591 3320 646 hoc
3357 592 3493 663 agit,

1932 675 2213 745 sapienter
2258 678 2569 733 admodum.
2612 676 2720 748 36
2757 677 2869 731 Non
2905 680 3173 733 communi
3202 682 3370 736 exitio
3401 699 3500 737 na-

1937 778 2114 821 turam
2144 768 2382 832 danmat,
2409 783 2475 824 ne
2503 784 2695 823 novam
2730 779 2855 823 ante
2881 770 3157 836 productis
3187 781 3494 827 creaturam

1938 859 2425 930 superinducat,ne
2463 862 2698 915 seemnla
2726 861 2979 914 formatio
3007 860 3205 930 prioris
3251 861 3323 915 sit
3362 878 3494 917 cun-

1936 952 2231 1018 demnatio,
2284 965 2418 1005 neve
2445 951 2571 1004 dum
2611 953 2677 1006 ab
2722 967 2825 1004 una
2866 961 3116 1005 creatura
3161 953 3229 1005 ad
3269 951 3498 1008 alteram

1941 1044 1997 1095 llt
2029 1042 2361 1111 progressio,
2395 1039 2622 1097 Creator
2650 1042 2828 1095 veniat
2857 1042 2907 1095 in
2931 1042 3293 1111 suspicionem
3319 1053 3487 1099 retra-

1937 1135 2066 1188 ctati
2099 1133 2349 1197 consilii.
2378 1132 2539 1187 Forte
2579 1146 2795 1188 creator
2832 1133 2971 1187 alter
3016 1134 3349 1190 mendaciter
3404 1137 3502 1191 ob-

1940 1237 2121 1279 trusus
2181 1224 2407 1289 fuisset,
2472 1224 2751 1278 hominum
2816 1225 2999 1293 generi
3059 1225 3285 1280 amicior
3340 1241 3500 1296 quam

1874 1384 1883 1389 θ
1939 1317 2122 1384 prior:
2155 1324 2210 1370 et
2240 1325 2385 1370 esset
2426 1316 2619 1369 attil‘ex
2657 1315 2988 1380 dubitabilis,
3033 1316 3076 1370 si
3130 1317 3335 1371 nullum
3384 1317 3502 1387 ejus

1938 1407 2221 1476 antiquum
2271 1417 2513 1460 exstaret
2552 1417 2979 1462 tnonutttentum.
3020 1407 3223 1463 idcirco
3265 1410 3503 1463 creatio-

1938 1498 2021 1550 nis
2063 1498 2299 1565 antiqua:
2334 1496 2575 1568 symbola
2616 1498 2837 1561 retinet,
2861 1506 2911 1549 et
2936 1510 3023 1552 res
3056 1513 3222 1553 novas
3254 1513 3321 1555 ex
3353 1499 3501 1569 prio-

1938 1588 2087 1643 ribus
2126 1600 2343 1643 auctum
2377 1589 2439 1654 it,
2480 1599 2621 1652 esto,
2676 1589 2875 1642 diluvio
2922 1603 3179 1658 perquam
3244 1589 3503 1645 danmosa

1938 1674 2123 1731 fuerit.
2148 1677 2391 1742 ,Generis
2434 1679 2584 1732 radix
2636 1680 2980 1744 serVabatnr,
3020 1688 3079 1732 ut
3130 1678 3290 1747 prisci
3321 1679 3504 1747 operis

1938 1768 2107 1836 prima
2138 1768 2259 1836 jura
2277 1785 2397 1823 cum
2432 1770 2689 1840 dignitate
2723 1772 3079 1832 retineantur,
3104 1780 3160 1823 et
3192 1769 3395 1839 opifex,
3429 1783 3501 1824 ex

257 1862 537 1916 hominum
568 1875 756 1916 amore
794 1859 987 1913 diluvii
1038 1859 1313 1914 refrenato
1358 1859 1560 1927 impetu
1622 1870 1678 1914 et
1748 1862 1969 1917 animali
2003 1864 2232 1920 rationis
2294 1877 2542 1935 compote
2565 1863 2723 1920 altius
2773 1877 2980 1931 evecto,
3038 1866 3295 1922 veniatin
3328 1864 3503 1920 admi-

259 1957 546 2011 rationem.

325 2051 389 2106 δ’.
434 2049 596 2103 ’Λλλά
629 2048 742 2111 πῶς
769 2090 786 2114 ,
814 2047 938 2101 εἰπέ
973 2052 1091 2117 μοι,
1123 2046 1389 2101 τοσούτων
1417 2047 1571 2110 ζώων
1607 2051 1639 2119 ή
1670 2050 1835 2103 κιδω.

2019 2051 2074 2107 4.
2100 2051 2301 2107 Verum
2336 2068 2454 2124 age,
2496 2054 2769 2122 quomodo
2805 2070 2932 2109 area
2983 2055 3100 2124 capi
3140 2064 3391 2125 poterant
3423 2064 3505 2111 tot

261 2140 351 2204 τὸς
371 2140 663 2210 ὑπεδέχετο
692 2139 861 2209 γένης
898 2139 1021 2203 Πῶς
1046 2140 1163 2193 κατ’
1199 2139 1445 2210 ἀλλήλων
1478 2139 1831 2214 ὲκ[πε]πολε-

268 2233 492 2303 μημένα
532 2235 602 2302 τῇ
646 2231 799 2299 φύσει
844 2231 1003 2284 πάλιν
1045 2231 1293 2301 ἀλλήλοις
1343 2232 1664 2298 ὶσπένδετος
1714 2233 1832 2299 πῶς

265 2321 519 2391 ἑρπετῶν
552 2323 793 2391 εἰρηνευε
830 2320 1025 2386 φύσις;
1066 2321 1180 2384 πῶς
1217 2320 1327 2374 τῶν
1360 2320 1565 2391 θηρίων
1602 2323 1671 2375 τὰ
1701 2323 1833 2392 γένη

263 2411 389 2465 καθ’
425 2413 636 2464 ἑαυτῶν
661 2414 1023 2483 κεχαλξνωτο;
1058 2411 1175 2476 πῶς
1203 2414 1528 2482 σαρκοφάγα
1556 2414 1695 2483 μετά
1725 2415 1830 2469 τῶν

261 2502 589 2572 χλοηφάγων
637 2504 889 2572 ηὐλίζετο
913 2481 937 2567 ς’
985 2506 1131 2556 ποίαι
1178 2506 1378 2573 τροφαὶ
1428 2505 1677 2569 τούτοις,
1738 2507 1835 2561 καὶ

262 2595 426 2648 πόσαι
445 2636 461 2659 ,
493 2596 588 2647 καὶ
617 2595 780 2647 πόθεν
820 2594 959 2664 πρὸς
982 2595 1100 2648 ὅλον
1131 2596 1377 2649 ἐνιαυτὸν
1407 2598 1834 2669 φρουρουμένοις

262 2688 616 2758 ἑπήρκεσανς
664 2688 758 2739 καὶ
793 2687 904 2757 πρό
932 2704 996 2753 γε
1033 2686 1235 2742 τούτων
1263 2687 1377 2751 πῶς
1405 2690 1433 2741 ό
1472 2689 1595 2742 Νῶε
1623 2691 1720 2761 τὴν
1752 2709 1835 2744 κι-

262 2781 431 2833 ϐωτὸν
466 2781 890 2841 κατεσκεύασεν,
921 2778 1074 2831 οὔπω
1098 2781 1406 2847 ναυπηγίας
1439 2780 1709 2851 λαϐούσης
1736 2785 1835 2852 ἀρ-

261 2872 400 2941 χήνς
435 2869 552 2931 πῶς
582 2868 652 2922 τὰ
694 2869 825 2936 γένη
871 2868 980 2920 τῶν
1022 2867 1193 2932 ξύλων
1239 2870 1475 2939 διέκρινε
1520 2871 1598 2940 τῷ
1650 2872 1834 2924 πλέειν

260 2960 607 3027 κατάλληλας
662 2961 778 3022 πῶς
850 2960 1052 3029 ἦρκεσε
1107 2959 1337 3023 κιϐωτὸς
1397 2960 1531 3031 πρὸς
1587 2960 1837 3014 τοσοῦτον

260 3051 646 3120 κατακλυσμὸν
670 3050 1080 3117 ἀντιτάξασθαι,
1105 3052 1181 3115 ὡς
1214 3052 1310 3105 καὶ
1340 3053 1440 3122 τῆς
1474 3052 1688 3121 φύσεως
1718 3053 1838 3123 ίχνη

260 3143 654 3212 Quirinalia;
676 3143 792 3196 ἀλλ’
820 3141 1138 3213 ὑπερϐαίνει
1163 3143 1260 3213 τὴν
1284 3143 1446 3214 φύσιν
1471 3144 1539 3197 τὰ
1559 3146 1834 3214 τάγματα·

261 3236 354 3287 καὶ
376 3235 534 3301 λόγος
563 3234 633 3285 τά
664 3234 805 3304 ὑπὲρ
830 3232 990 3300 λόγον
1014 3234 1543 3304 καταπληττόμενος,
1577 3235 1650 3305 μὴ
1682 3235 1845 3288 πολυ-

1933 2144 2247 2198 anitnalium
2283 2147 2529 2216 genera?
2557 2146 2836 2213 Quomodo
2866 2161 2985 2216 qua:
3012 2149 3079 2201 ab
3118 2147 3335 2217 ingenio
3361 2148 3504 2204 inter

1937 2249 1998 2289 se
2042 2234 2378 2303 discordant,
2429 2237 2482 2290 in
2544 2253 2682 2291 nova
2731 2236 3157 2291 secum’ftedera
3203 2239 3502 2293 concorda-

1932 2323 2111 2378 bunt?
2138 2323 2418 2390 Quomodo
2449 2328 2717 2394 reptilium
2752 2337 2956 2397 natura
2996 2338 3204 2396 poterat
3242 2342 3363 2383 esse
3409 2342 3504 2397 pa-

1935 2416 2093 2469 cata?
2138 2415 2346 2481 Quibus
2400 2416 2570 2471 frenis
2610 2419 2747 2472 inter
2806 2434 2864 2472 se
2903 2418 3335 2486 reprimebantur
3368 2419 3504 2474 fera-

1935 2521 2055 2559 rum
2104 2507 2344 2575 genera?
2404 2509 2671 2575 quomodo
2710 2511 2995 2563 carnivora
3041 2525 3164 2565 cum
3216 2512 3504 2581 berbilegis

1936 2596 2392 2651 stabulabanlnr?
2424 2599 2750 2667 cujusmodi,
2804 2613 3177 2669 quantumque
3212 2601 3298 2655 his
3330 2603 3505 2655 muni-

1936 2685 2038 2739 bus
2069 2684 2347 2755 pabnlutn,
2393 2697 2450 2741 et
2480 2688 2618 2741 unde
2654 2687 2876 2755 factum,
2909 2698 2969 2742 ut
3020 2705 3221 2742 annum
3275 2690 3501 2744 solidum

1937 2780 2234 2833 asservatis
2264 2788 2448 2833 essent
2496 2780 2796 2834 contenta?
2828 2789 2904 2843 et,
2939 2783 3083 2849 quod
3122 2782 3208 2835 his
3250 2782 3504 2836 omnibus

1938 2870 2128 2933 anteit,
2156 2871 2425 2939 quomodo
2447 2869 2686 2924 Noemus
2717 2886 2858 2926 arcte
2905 2870 3168 2925 fabricant
3208 2872 3503 2926 concinna-

1940 2961 2036 3022 \‘it,
2064 2976 2187 3014 cum
2235 2962 2387 3015 navis
2434 2962 2840 3031 compingendze
2882 2963 3208 3031 principium
3255 2971 3504 3018 exstaret

1941 3050 2179 3103 nullum?
2228 3049 2510 3116 Quomodo
2563 3052 2827 3122 lignorum
2878 3067 3075 3122 genera
3127 3053 3403 3117 discrevit,
3448 3063 3505 3108 ut

1942 3141 2045 3194 alia
2093 3156 2254 3210 super
2278 3142 2397 3195 aliis
2425 3152 2679 3196 contexta
2711 3143 3068 3212 navigarent?
3103 3141 3374 3212 quomodo
3410 3158 3503 3213 po-

1943 3234 2045 3287 luit
2069 3249 2193 3288 arca
2227 3245 2418 3289 contra
2466 3242 2672 3288 tantam
2728 3235 3136 3290 inundationem
3181 3235 3503 3299 consistere,

265 3327 660 3395 πραγμονείτω
692 3326 761 3378 τά
786 3325 1103 3394 πράγματα.
1140 3326 1374 3395 Μίμημα
1400 3326 1500 3396 τῆς
1523 3327 1840 3396 οἰκουμένης

1947 3335 2002 3376 ιιι
2027 3325 2189 3378 etiam
2224 3335 2432 3380 natura:
2475 3328 2705 3397 vestigia
2748 3326 3138 3381 servarentur?
3173 3324 3368 3379 Verum
3406 3341 3507 3380 na-

264 3420 300 3488 ἡ
328 3419 561 3480 κιϐωτὸς
586 3457 602 3479 ,
654 3420 754 3487 τὴν
786 3418 897 3469 τῶν
940 3418 1094 3481 ζώων
1127 3417 1600 3488 παρακαταθήκην
1647 3418 1839 3485 φυλάτο

1948 3426 2123 3469 turam
2192 3417 2507 3485 supervadit
2553 3419 2803 3471 ordinata
2850 3417 3221 3485 concinnaque
3258 3416 3504 3486 digestio,

263 3526 452 3569 τουσα,
501 3509 740 3562 πλέουσα
780 3508 959 3571 πόλις,
1000 3508 1342 3579 κυοφοροῦσα
1382 3509 1480 3579 τὴν
1510 3509 1712 3573 κτίσιν,
1743 3508 1842 3572 τὰς

264 3601 453 3662 κοινὰς
501 3600 697 3662 ὠδῖνας
740 3602 797 3652 ἐν
842 3600 977 3669 αὐτῇ
1023 3599 1429 3669 περιφέρουσα,
1482 3599 1699 3653 ἅπαντα
1749 3599 1841 3652 τὸν

265 3692 472 3762 κόσμον
504 3690 745 3762 ἔμϐρυον
775 3691 977 3758 ἑαυτῆς
1017 3694 1371 3761 περιάγουσα
1409 3691 1507 3759 μία
1534 3690 1744 3761 γαστὴρ
1775 3690 1845 3745 τὰ

267 3785 490 3836 ποικίλα
515 3784 616 3846 τῆς
634 3784 869 3845 κτίσεως
897 3781 1233 3834 συλλαϐοῦσα
1265 3783 1579 3851 γεννήματα
1598 3822 1613 3845 ,
1642 3783 1845 3853 ἄψυχος

273 3876 457 3944 μήτηρ
498 3875 609 3927 τῶν
647 3873 905 3944 ἐμψύχων
937 3873 1276 3943 ὑπάρχουσα’
1328 3873 1535 3944 πύργος
1576 3874 1846 3927 κατακλυ-

271 3966 414 4036 σμοῦ
448 3965 815 4036 ἰσχυρότερος,
839 3967 1017 4035 τεῖχος
1050 3964 1188 4035 ὀρῶν
1209 3964 1558 4035 ὑψηλότερον.
1593 3964 1845 4035 Προσθῶ-

274 4072 378 4125 μεν
399 4059 513 4118 τοίς
552 4055 886 4127 εἰρημένοις,
912 4055 1012 4122 τῆς
1042 4054 1137 4107 τοῦ
1166 4055 1625 4125 δημιουργοῦντας
1657 4055 1849 4123 σοφίας

268 4148 562 4217 γνώρισμα
600 4146 1030 4217 παραδοξότερον
1070 4145 1148 4199 ὖν.
1206 4145 1295 4198 Ἐν
1342 4145 1492 4215 θέρει
1537 4146 1636 4215 μὲν
1683 4145 1792 4216 γὰρ
1822 4146 1850 4200 ό

269 4240 662 4307 κατακλυσμὸς
696 4241 793 4293 καὶ
818 4239 1054 4308 ἧρξατο,
1086 4237 1181 4291 καὶ
1225 4235 1412 4308 ὑψώθη
1439 4276 1453 4300 ,
1485 4239 1578 4290 καὶ
1619 4237 1719 4301 τὰς
1743 4238 1850 4291 τῶν

268 4330 428 4399 ὀρῶν
476 4331 717 4401 κορυφὰς
744 4328 1162 4381 κατεϐάπτισεν.
1205 4328 1296 4380 Ἑν
1338 4327 1564 4397 χειμῶνι
1601 4327 1657 4380 δὲ
1703 4328 1852 4398 μέσῳ

270 4421 343 4471 τί)
398 4419 594 4487 πλῆθος
637 4419 747 4471 τῶν
794 4418 1001 4471 ὑδάτων
1060 4417 1328 4479 ἐπαύετο,
1369 4416 1724 4487 ἀντίστροφον
1775 4418 1853 4488 τῷ

269 4509 429 4578 νόμῳ
471 4510 575 4578 τῆς
610 4510 825 4577 φύσεως
854 4509 952 4577 τὴν
980 4509 1129 4573 τάξιν
1174 4508 1497 4577 δεξάμενος,
1538 4508 1624 4561 ἵνα
1656 4509 1728 4577 μή
1770 4525 1853 4570 τις

273 4595 506 4666 ὕστερον
549 4596 936 4665 κατακλυσμὸν
981 4595 1288 4657 ἐπακούων,
1323 4597 1611 4666 συντυχίαν
1658 4596 1855 4668 νομίζῃ

270 4686 377 4741 τὸν
401 4689 582 4758 φόϐον,
613 4689 711 4743 καὶ
739 4688 960 4758 ὄμϐρων
989 4688 1126 4759 ἀέρα
1150 4686 1504 4758 φαντάζηται,
1536 4688 1629 4741 καὶ
1659 4687 1853 4761 νοθεύῃ

1946 3512 2003 3559 ut
2037 3505 2198 3571 ratio,
2236 3521 2354 3573 quae
2393 3521 2556 3573 supra
2604 3516 2853 3561 naturam
2899 3517 3023 3561 sunt
3055 3506 3355 3571 admirans,
3406 3510 3504 3559 c'u—

1945 3597 2141 3651 riosius
2165 3611 2268 3651 non
2302 3597 2559 3667 inquirat.
2579 3598 2717 3651 Area
2748 3598 2933 3651 mundi
2954 3597 3259 3652 habitabilis
3287 3595 3508 3651 simula-

1945 3702 2096 3741 crum
2124 3697 2227 3752 est,
2264 3688 2615 3742 animantium
2648 3688 3013 3757 depositorum
3044 3688 3329 3753 servatrix,
3356 3689 3507 3742 navi-

1945 3794 2077 3848 gans
2099 3780 2247 3846 urbs,
2273 3779 2535 3834 creaturis
2566 3779 2784 3850 gravida
2817 3793 3156 3834 communem
3178 3795 3359 3835 secum
3383 3794 3507 3848 par—

1948 3878 2058 3923 tum
2099 3870 2509 3934 circumferens,
2553 3871 2863 3925 universum
2900 3873 3154 3924 mundum
3188 3880 3506 3938 conceptum

1946 3961 2339 4030 circumagens,
2377 3962 2530 4014 alvus
2564 3962 2720 4013 unica
2742 3962 2917 4014 varios
2946 3970 3208 4014 creatura:
3230 3959 3508 4027 complexa

1950 4062 2157 4122 partus,
2201 4053 2563 4105 animator-um
2602 4060 2774 4104 mater
2799 4050 3084 4113 exanimis,
3112 4051 3277 4104 turris
3310 4049 3510 4102 diluvio

1950 4144 2238 4204 valentior,
2270 4156 2458 4196 murus
2500 4142 2775 4193 montibus
2802 4140 3017 4192 celsior.
3052 4139 3222 4191 Dictis
3252 4138 3512 4192 addamus

1952 4231 2324 4289 admirabilius
2395 4228 2677 4284 creatricis
2749 4227 3027 4296 sapientia:
3109 4227 3508 4281 documentum.

1953 4324 2164 4378 Αέειιιιο
2196 4321 2362 4392 coepit
2404 4318 2707 4381 inundatio,
2733 4326 2786 4372 et
2826 4317 2966 4372 elata
3003 4325 3107 4384 est,
3140 4318 3515 4386 montiumque

1954 4416 2180 4470 vertices
2205 4412 2532 4475 submersit;
2586 4408 2764 4465 hieme
2820 4410 3002 4464 adulta
3048 4425 3307 4478 aquarum
3346 4409 3516 4462 abun-

1952 4505 2135 4561 dantia
2167 4504 2379 4559 remisit
2417 4522 2428 4555 :
2455 4502 2562 4573 37
2596 4500 2924 4555 contrarium
2955 4508 3163 4553 natura;
3200 4499 3302 4568 legi
3332 4508 3516 4553 secuta

1955 4610 2036 4652 est
2070 4596 2341 4656 ordinem,
2373 4603 2431 4647 ut
2462 4609 2527 4647 ne
2560 4594 2681 4661 quis
2710 4606 2774 4645 ex
2823 4592 3141 4659 posteritate
3173 4590 3418 4644 inaudito
3446 4590 3520 4644 di-

1959 4688 2102 4744 luvio
2137 4697 2399 4743 terrorem
2430 4683 2708 4739 fortuitum
2747 4682 3080 4751 opinaretur,
3106 4695 3241 4735 neve
3264 4679 3519 4734 imbrium

1483 4882 1592 4938 CL.
1636 4881 2010 4950 DAUSQUEH
2046 4883 2279 4939 NOTAE.

261 5083 556 5149 dissipare.
616 5081 935 5149 Apollonius
983 5080 1035 5133 in
1082 5079 1338 5133 Historiis
1364 5080 1511 5133 miris
1554 5079 1746 5134 scribit
1783 5078 1853 5133 τὰ
1887 5081 1933 5141 D
1959 5080 2278 5137 Paterculus
2316 5080 2419 5135 vol.
2444 5078 2515 5149 ll,
2549 5080 2601 5133 in
2648 5094 2709 5134 ea
2734 5094 2797 5149 re
2824 5076 3046 5132 assimili
3074 5094 3086 5130 :
3111 5073 3368 5143 Majorem
3398 5092 3522 5149 par-

261 5154 651 5220 διαφερόμενα
679 5151 819 5222 κρέα
848 5151 957 5222 τῶν
986 5151 1273 5222 ἱεροθύτων
1303 5149 1704 5222 άθιγῆ-μένειν,
1731 5165 1852 5222 car-

263 5218 883 5289 nes’disc’erptas,'Apud
911 5218 1050 5273 Plut.
1081 5221 1174 5273 lib.
1206 5236 1262 5282 ν,
1290 5235 1410 5286 cap.
1444 5218 1511 5273 l0
1539 5218 1616 5272 De
1640 5219 1850 5285 placitis

262 5292 413 5354 pail.
443 5288 794 5359 Asclepiades
828 5288 992 5342 fetum
1035 5291 1306 5359 geminum
1342 5297 1436 5359 aut.
1491 5289 1847 5359 tergeminum

262 5362 401 5413 fieri
447 5364 556 5413 vult
600 5356 758 5427 παρὰ
784 5360 888 5429 τὴν
912 5358 1022 5411 τῶν
1043 5356 1390 5429 σπερμάτων
1418 5356 1703 5429 διαφοράν,
1727 5356 1839 5429 Pul-

257 5431 332 5484 ch
344 5446 415 5485 re
444 5433 601 5483 etiam
626 5426 907 5483 colludunt
927 5426 1309 5499 κατακλυσμοῦ
1336 5426 1590 5499 διαφορά,
1612 5437 1666 5481 et
1692 5426 1850 5495 λόγου

259 5502 449 5569 φορά.
479 5500 554 5553 Ea
589 5515 694 5554 vox
729 5499 1005 5569 significat
1046 5497 1288 5569 arbores,
1320 5497 1739 5569 asditlcationes,
1771 5499 1851 5569 vi-

259 5566 494 5630 ventes,
528 5584 618 5623 res
651 5566 834 5636 prope
862 5567 1097 5621 inﬁnitas
1124 5568 1328 5621 diluvio
1376 5567 1571 5621 dilatas
1599 5581 1663 5619 ac
1693 5566 1850 5636 ιίὶδείέ

256 5649 463 5707 patas.
506 5634 779 5717 llertetrdo
822 5634 1047 5717 laminas
1099 5646 1349 5717 auctores
1409 5638 1539 5717 mibi
1597 5635 1850 5717 proposui

256 5704 611 5777 sequendos.
673 5706 934 5760 Horatius
970 5707 1052 5785 ait
1082 5722 1094 5758 :
1126 5704 1359 5783 Alembra
1414 5704 1657 5775 (li/Terent
1718 5705 1846 5773 lupi.

256 5777 512 5833 Plautus
544 5778 620 5832 ait
648 5792 663 5828 :
695 5774 904 5845 Populo
929 5774 1009 5827 lttc
1036 5784 1083 5829 te
1106 5774 1345 5842 dtieram
1371 5785 1491 5829 ante
1518 5779 1652 5829 wdes
1690 5790 1846 5827 meus.

1959 5161 2059 5205 tem
2083 5152 2241 5206 classi
2269 5153 2409 5204 circa
2442 5148 2668 5209 Veliam,
2723 5146 3069 5213 Palinurique
3111 5147 3519 5208 promontorium

1957 5222 2145 5285 adorta
2175 5223 2248 5274 vis
2271 5220 2437 5286 Africi
2469 5218 2719 5271 laceravit
2747 5234 2808 5270 ac
2834 5217 3070 5286 distulit.
3091 5213 3331 5277 Tacitus,
3352 5284 3360 5286 ξ
3379 5213 3517 5286 (list.

1959 5289 2051 5344 lib.
2082 5308 2112 5343 ν
2138 5284 2161 5341 ίε
2194 5284 2481 5358 Castraque
2515 5290 2567 5339 in
2614 5288 2772 5358 plano
2819 5288 2921 5339 sita
2960 5287 3006 5358 vi
3040 5285 3274 5358 ﬂuminis
3308 5284 3520 5358 (li/fere-

1960 5361 2170 5414 bantur.
2224 5352 2409 5414 Horat;
2447 5352 2622 5424 Niger
2655 5357 2893 5407 rudentes
2928 5352 3103 5407 Eurus
3134 5356 3334 5424 inverso
3363 5352 3519 5424 mari,

1961 5429 2256 5498 fractosque
2307 5444 2475 5480 remos
2505 5420 2748 5498 di/ferat_._
2786 5425 3013 5498 Attende
3045 5432 3102 5476 ut
3132 5423 3239 5498 vim
3264 5420 3522 5498 ρεξορρεί-

1963 5487 2122 5553 tionis
2151 5487 2307 5564 liuius
2330 5501 2385 5550 in
2422 5512 2478 5549 re
2516 5487 2675 5566 si't'nili
2710 5493 3217 5566 Ettniusadamarit,
3239 5487 3448 5566 aiming
3470 5502 3522 5540 ν.

2035 5555 2282 5636 ὓὶερεγρε
2333 5564 2838 5638 Ιιοειρεη-ιίὶειγιιίιε,
2882 5563 3061 5638 diduc,
3108 5557 3300 5638 divide,
3348 5555 3523 5638 diger.

1959 5637 2107 5693 Alias
2132 5632 2246 5691 non
2278 5636 2462 5705 procul
2494 5632 2727 5705 rejienda
2762 5642 2844 5705 est
2872 5632 3148 5705 cujusdam
3178 5632 3524 5705 conjectatio,

1959 5709 2047 5777 qui
2081 5724 2177 5778 pro
2197 5694 2457 5775 διαφορὰν
2482 5694 2771 5771 repositum
2812 5694 3269 5767 ibat'otacpeopav.
