3990 6160
400 257 510 325 τοι

1597 258 1872 317 BASILII
1913 257 2450 318 SELEUCIENSIS

3571 256 3672 319 103

406 375 544 442 Quid
603 388 668 428 ex
699 387 884 428 amore
937 373 1168 425 lamenta
1228 368 1558 424 concinnas?
1604 367 1824 422 llliusne
1884 368 1978 421 ﬁlii

2090 371 2181 432 τὰς
2239 371 2426 439 χεῖρας
2481 366 2737 431 ἐξέτεινα.
2795 367 3068 438 Πατρικᾶς
3135 365 3339 430 ἱκεσίας
3385 367 3675 438 δεξάμενος

407 466 670 536 sanguine
714 465 993 519 dexteram
1049 462 1358 532 inquinabo,
1404 475 1500 530 pro
1528 473 1634 527 quo
1675 460 1836 513 toties
1882 473 1982 528 ego

410 559 506 612 tibi
544 571 734 612 manus
757 557 972 610 extendi
998 556 1020 608 Ἰ
1047 554 1316 607 Ριιιτίἰειιο
1342 552 1826 621 supplicationibus
1859 561 1983 606 ante

411 649 678 715 susceptis
711 655 918 716 patrem
954 645 1019 699 ad
1057 644 1151 698 ﬁlii
1187 643 1660 710 interemptionem
1691 641 1984 697 obarmas?

409 737 658 802 Domine,
687 736 955 807 promissa
1003 746 1090 789 tua
1129 735 1356 804 respice.
1398 733 1495 788 Cui
1520 733 1785 787 bzeredem
1851 747 1980 802 pro-

410 829 675 891 miseras,
735 840 858 879 cum
933 823 1132 878 lttcredi
1207 836 1584 892 percussorem
1667 820 1982 874 submittis?

410 928 568 982 quem
616 912 840 982 largitus
892 926 1015 965 eras
1048 925 1443 972 successorem,
1497 911 1722 963 mactari
1765 908 1982 977 poscis?

406 1004 512 1077 ιι
551 1002 687 1058 Ecce
723 1003 842 1068 tibi,
865 1003 962 1068 ﬁli,
981 1019 1190 1057 mecum
1216 1002 1485 1070 nuptiales
1513 1001 1697 1068 epulas
1727 1011 1780 1056 et
1811 1001 1982 1054 thala-

408 1112 554 1152 mum
579 1097 845 1167 agitabam
878 1095 1078 1160 animo,
1102 1094 1355 1164 ignorans
1385 1103 1436 1146 te
1463 1091 1844 1146 charissitnum
1873 1093 1980 1162 igni

411 1190 664 1260 ferroque
709 1189 802 1242 ali.
837 1187 912 1241 En
945 1201 1094 1240 aram
1143 1201 1239 1254 pro
1269 1185 1531 1248 thalamo,
1564 1197 1660 1253 pro
1689 1184 1811 1253 igne
1877 1199 1981 1236 nu-

410 1283 562 1351 ptiali
607 1296 718 1335 ara:
750 1279 989 1334 ﬂamma.
1030 1278 1245 1334 Utinam
1280 1291 1550 1343 nunquam
1599 1276 1766 1328 ﬁlium
1800 1290 1984 1343 rogas-

407 1374 565 1428 sem!
599 1373 823 1429 Utinam
878 1385 997 1424 mea
1023 1368 1312 1440 generandi
1365 1377 1488 1421 vota
1534 1366 1677 1420 nulla
1724 1366 1977 1421 fuissent!

413 1465 628 1520 Utinam
665 1474 877 1536 partum
939 1461 1273 1531 inopinatum
1307 1459 1484 1514 nullus
1514 1460 1792 1524 vidissem,
1828 1470 1881 1512 ιιι
1916 1475 1983 1513 ne

409 1557 478 1610 ad
531 1555 731 1610 bellum
779 1553 1022 1609 venirem
1072 1551 1470 1620 inspectatum!
1513 1550 1596 1616 Et,
1651 1551 1794 1620 quod
1849 1549 1980 1603 mihi

410 1645 820 1701 acerbissimum
871 1652 956 1697 est
1017 1642 1296 1705 omnium,
1351 1650 1626 1694 auctorem
1682 1656 1768 1694 me
1815 1640 1979 1694 caedis

2087 456 2331 520 ὁπλίζεις
2385 457 2594 526 πατέρα
2645 458 2776 528 πρὸς
2811 457 2908 528 τήν
2954 456 3048 509 τοῦ
3097 458 3330 528 βρέφους
3369 459 3670 528 ἀναίρεσιν.

2088 546 2231 616 Πρὸς
2259 547 2356 609 τὰς
2397 549 2492 610 σὰς
2534 548 2853 618 ὑποσχέσεις
2879 548 3210 617 ἀπόϐλεψον,
3239 549 3496 603 δέσποτα.
3525 551 3672 616 Κλη-

2087 638 2316 708 ρονόμον
2366 639 2700 709 ὲπηγγείλω,
2753 640 2846 692 καὶ
2892 636 3241 693 παιδοκτόνον
3289 641 3520 713 ἐργάζῃ,
3575 644 3674 695 καὶ

2087 729 2276 783 θυσίαν
2305 731 2555 793 ἀπαιτεῖς
2578 730 2635 782 ὃν
2666 731 2903 801 ἐχαρίσω
2935 731 3218 802 διάδοχον;
3265 731 3402 784 Ἀλλ’
3433 732 3543 800 ἐγὼ
3576 733 3676 802 μέν

2088 837 2170 873 σοι
2206 823 2488 883 παστάδας
2549 822 2888 891 περιενόουν,
2923 815 2967 874 ὧ
3023 819 3234 883 τέκνον,
3265 820 3360 876 καὶ
3395 823 3638 892 θάλαμον
3662 839 3674 850 ·

2084 913 2311 980 ἠγνόουν
2335 913 2378 965 δ’
2401 913 2509 982 ἄρα
2540 913 2672 984 πυρὶ
2701 914 2794 965 καὶ
2826 913 3026 984 σιδήρῳ
3051 915 3260 984 τρέφων
3274 915 3362 967 τὸν
3391 913 3669 981 φίλτατον.

2096 1003 2241 1056 Ἀντὶ
2287 1004 2556 1066 παστάδος
2592 1003 2794 1074 βωμὸς,
2829 1004 2950 1056 ἀντὶ
3000 1004 3168 1071 πυρὸς
3200 1005 3494 1073 νυμφικοῦ,
3540 1004 3675 1072 φλδξ

2083 1094 2406 1166 ἑπιὸώμιος.
2446 1095 2567 1148 Εῐθε
2618 1097 2831 1166 μήποτε
2876 1096 3014 1167 πρὸς
3053 1089 3265 1166 αἴτησιν
3291 1092 3454 1167 ἦλθον
3486 1097 3671 1166 γονῆς,

2084 1186 2194 1239 ετθε
2234 1204 2323 1257 μοι
2370 1187 2594 1256 γέγονεν
2636 1189 2914 1256 ἄπρακτος
2945 1189 2977 1258 ή
3011 1187 3110 1256 τῆς
3141 1187 3484 1256 παιδογονίας
3515 1189 3676 1256 εύχήῖ

2084 1277 2191 1330 είθε
2232 1277 2305 1348 μή
2323 1278 2482 1330 τόκον
2519 1275 2654 1330 εἶδον
2677 1279 2998 1349 παράδοξον,
3027 1279 3114 1332 ἵνα
3141 1279 3215 1351 μὴ
3250 1279 3386 1349 πρὸς
3437 1279 3672 1350 πόλεμον

2081 1363 2245 1438 ἦλθον
2261 1369 2360 1421 οὐκ
2378 1369 2561 1432 ἐλπιζό
2569 1387 2632 1439 με
2642 1370 2747 1422 νονί
2779 1369 2935 1421 Ἀλλά
2957 1386 3043 1438 μοι
3059 1371 3119 1422 τὺ
3139 1371 3351 1422 πάντων
3369 1369 3676 1441 ἀνιαρώτα·

2081 1476 2192 1523 τον,
2213 1461 2508 1531 αὐτουργόν
2529 1472 2592 1530 με
2613 1462 2862 1527 γενέσθαι
2879 1461 2968 1514 τοῦ
2991 1463 3150 1529 φόνου
3169 1459 3400 1524 κελεύει,
3415 1460 3512 1512 καὶ
3536 1476 3676 1529 σφα-

2083 1551 2184 1619 γέα
2201 1550 2293 1603 τοῦ
2309 1551 2544 1621 βρέφους
2559 1552 2682 1603 ίδεῖν
2700 1550 2955 1620 ἐπιθυμεῖ
2973 1550 3062 1604 τὸν
3089 1551 3445 1619 γεννήσαντα.
3462 1550 3674 1603 Οὐκοῦν

2085 1640 2356 1710 πολεμίων
2391 1639 2674 1693 ἐνδιδὸσθω
2709 1641 2900 1710 χερσί’
2951 1640 3234 1710 δυσμενεῖς
3288 1641 3388 1712 τὴν
3457 1642 3673 1711 σφαγὴν

408 1750 533 1790 esse
562 1735 733 1806 jubet,
760 1743 922 1804 atque
955 1749 983 1785 a
1024 1741 1249 1801 parente
1278 1730 1444 1783 lilium
1473 1730 1707 1800 jugulari
1737 1739 1982 1800 peroptat

2090 1731 2475 1801 ὲνεργείτωσαν
2493 1747 2505 1760 ο
2533 1731 2815 1800 πραττέτω
2840 1731 2928 1783 τὸν
2949 1731 3107 1800 φόνον
3129 1730 3276 1795 δεξιά
3308 1731 3382 1803 μὴ
3411 1731 3670 1802 δεδεμένη

411 1825 619 1880 videre.
661 1822 863 1878 Saltem
923 1822 1162 1876 hostium
1217 1821 1468 1874 manibus
1507 1821 1758 1885 dedatur,
1795 1819 1982 1874 hostes

406 1914 653 1985 jugulum
687 1922 894 1983 petant,
923 1913 1122 1967 caedem
1156 1911 1402 1981 perﬁciat
1441 1911 1662 1965 dextera
1693 1911 1760 1965 ab
1784 1910 1986 1965 amoris

413 2006 643 2059 nexibus
669 2003 808 2057 liber
850 2040 864 2054 .
892 2001 1097 2055 Parens
1122 2014 1248 2055 vero
1274 2014 1396 2052 cum
1420 2001 1542 2064 sim,
1567 2000 1620 2055 id
1655 2000 1846 2054 audire
1877 2015 1982 2054 non

411 2095 688 2157 sustineo,
743 2095 941 2148 nedum
1009 2090 1300 2161 jugulare.
1360 2089 1586 2145 Ferrum
1653 2098 1848 2144 natura
1901 2104 1987 2144 re-

414 2187 599 2255 pudiat
627 2203 641 2252 ;
677 2184 742 2238 ad
778 2199 889 2237 rem
923 2193 1029 2238 tam
1058 2191 1292 2238 atrocem
1335 2181 1535 2236 fatiscit
1563 2180 1806 2245 dextera,
1843 2181 1983 2247 oculi

412 2276 779 2349 spectaculum
812 2275 1117 2345 refugiunt;
1145 2275 1339 2344 quibus
1372 2274 1486 2342 ipse
1525 2271 1807 2328 affectibus
1835 2286 1988 2326 natu-

409 2386 528 2424 ram
588 2369 983 2432 obarmaveris,
1042 2365 1208 2421 nosti.
1273 2364 1417 2420 Nihil
1474 2366 1667 2420 horum
1721 2379 1985 2435 generoso

408 2462 719 2517 Abrahamo
773 2468 866 2515 aut
896 2460 1116 2525 excidit,
1145 2470 1238 2513 aut
1276 2459 1330 2513 in
1363 2470 1597 2512 mentem
1628 2457 1855 2512 incidit:
1891 2457 1985 2511 sed

411 2554 498 2608 cui
529 2553 708 2607 divina
738 2553 888 2620 iussa
921 2567 1063 2606 cura:
1097 2560 1276 2614 erant,
1315 2549 1468 2617 quasi
1499 2563 1639 2602 vera:
1672 2547 1788 2602 ovis
1821 2547 1988 2602 alicu-

407 2645 497 2711 jus
520 2659 736 2699 sacrum
771 2652 996 2696 exactus
1026 2643 1091 2694 ad
1121 2639 1517 2708 jugulationem
1543 2638 1985 2707 comparabatur,

415 2747 592 2802 neque
625 2733 690 2786 ad
722 2743 996 2794 naturam,
1025 2743 1146 2799 qua:
1176 2729 1481 2784 retardaret
1525 2729 1808 2798 impetum,
1853 2742 1986 2782 con-

413 2826 750 2881 vertebatur.
802 2823 1093 2877 Silentium
1137 2822 1308 2893 igitur
1357 2822 1602 2876 suhsidio
1642 2836 1986 2890 comparans,

411 2924 564 2969 totus
602 2926 719 2968 erat
750 2914 804 2968 in
835 2915 902 2968 iis
945 2929 1065 2983 qua:
1105 2913 1246 2968 Deus
1273 2913 1581 2982 imperarat.
1617 2913 1852 2967 Facinus
1879 2923 1985 2967 tam

413 3008 592 3062 audax
626 3007 819 3060 Saram
867 3005 1034 3073 celat;
1072 3021 1248 3075 neque
1281 3007 1344 3060 ad
1384 3014 1604 3060 matrem
1650 3003 1802 3059 cﬁ'ert
1838 3020 1988 3058 man-

414 3099 560 3152 data.
593 3095 994 3163 Quamobrem?
1040 3097 1129 3150 Illa
1166 3097 1407 3166 quidem,
1441 3097 1633 3164 inquit,
1658 3111 1847 3148 amans
1890 3094 1982 3149 Dei
2016 3081 2056 3136 (ἶ

416 3200 535 3258 est;
559 3203 657 3259 ego
681 3189 899 3257 quidem
931 3188 1048 3256 ejus
1079 3190 1318 3242 animum
1345 3188 1604 3256 suspicio,
1632 3193 1686 3239 at
1716 3187 1986 3255 ingenium

415 3291 630 3332 vereor.
664 3276 878 3331 lutueor
918 3278 1106 3331 matris
1145 3279 1197 3330 in
1249 3277 1412 3330 Deum
1462 3277 1898 3344 propensionem,
1935 3285 1989 3328 at

423 3378 607 3423 metuo
637 3366 888 3422 affectum
933 3368 988 3421 in
1022 3367 1252 3422 liberos:
1292 3365 1384 3421 Dei
1427 3382 1616 3420 amans
1637 3376 1721 3420 est
1756 3367 1985 3432 mulier,

417 3459 512 3514 sed
545 3467 716 3514 mater
747 3468 850 3514 est.
884 3459 1135 3514 Mulieres
1183 3468 1387 3513 natura:
1417 3459 1728 3526 impotentia
1767 3459 1990 3512 devicta:

419 3567 509 3606 res
541 3552 874 3621 importuna.
914 3553 1131 3617 Vereor,
1181 3566 1248 3605 ne
1306 3551 1458 3620 pueri
1509 3550 1651 3604 furto
1705 3551 1987 3604 materiam

419 3645 709 3698 subtrahat
743 3645 1071 3712 obsequendi
1111 3644 1217 3698 Deo
1255 3643 1508 3712 jubenti;
1560 3659 1772 3728 vereorJ
1812 3659 1876 3697 ne
1909 3644 1988 3697 la-

415 3737 603 3791 crit'nis
639 3751 792 3790 sacra
857 3737 1042 3801 ftndet,
1085 3751 1150 3790 ne
1174 3751 1342 3805 puero
1375 3737 1709 3806 complorato
1738 3734 1988 3803 injuriam

417 3828 704 3896 imperanti
774 3827 1015 3894 inferat;
1066 3844 1132 3881 ne
1173 3827 1320 3881 vultu
1359 3837 1587 3882 contuso
1637 3843 1792 3882 sacra
1841 3827 1989 3896 disji-

419 3920 562 3986 ciat,
605 3919 822 3988 Deoque
863 3922 970 3973 vim
1013 3918 1244 3984 afferat;
1301 3935 1390 3985 ne,
1431 3918 1877 3985 menteinfracta,
1913 3919 1987 3974 rei

427 4022 534 4064 tam
573 4011 923 4078 obstupcnda:
953 4013 1180 4081 gratiam
1231 4012 1448 4080 spoliet.
1487 4010 1596 4082 Ego
1626 4020 1744 4080 post
1779 4011 1988 4081 jugula-

419 4106 616 4157 tionetn
649 4102 1035 4156 lamentantem
1061 4095 1338 4172 alloquar;
1371 4117 1470 4172 ego
1494 4102 1664 4156 colam
1689 4102 1985 4172 plorantem

417 4197 567 4250 hisce
601 4195 818 4249 verbis:
855 4195 1046 4250 Desine
1089 4195 1398 4259 lamentari,
1432 4209 1497 4248 ne
1527 4191 1593 4248 ﬂe
1623 4209 1846 4263 puerum
1876 4195 1984 4262 ipsa

409 4289 746 4361 jugulatione
778 4290 1212 4342 cohonestalum.
1248 4287 1452 4340 Donum
1505 4295 1622 4339 erat
1681 4285 1984 4339 ultroneum

2085 1823 2162 1894 τῷ
2193 1821 2362 1892 πόθῳ.
2394 1821 2582 1894 Πατὴρ
2606 1822 2661 1874 δὲ
2688 1821 2761 1874 ὢν
2793 1824 2851 1874 οὐ
2889 1826 3038 1894 φέρω
3062 1823 3158 1895 τὴν
3188 1823 3380 1894 ἀκοὴν,
3413 1825 3512 1894 οὐχ
3538 1825 3672 1877 ὑπο-

2088 1914 2238 1984 φὲρω
2275 1914 2374 1983 τὴν
2424 1915 2660 1984 σφαγήν.
2705 1910 3030 1966 Ἀπωθεῖται
3084 1915 3144 1967 τὸ
3194 1915 3414 1987 ξίφοςή
3467 1916 3668 1984 φύσις⁶

2087 2001 2303 2066 ὀκλάζει
2351 2001 2488 2072 πρὸς
2520 2001 2581 2054 τὸ
2624 2001 2781 2072 ἔργον
2822 2004 2853 2073 ή
2889 2001 3068 2066 δεξιά·
3101 2003 3366 2074 ὀφθαλμοὶ
3407 2006 3505 2074 τήν
3535 2005 3672 2058 θέαν

2087 2093 2373 2166 ἀρνοῦνται
2397 2108 2410 2123 °
2437 2089 2583 2156 οἶδας
2617 2095 2778 2156 αὐτὸς
2804 2094 2933 2157 οἵοις
2968 2094 3164 2148 πάθεσι
3198 2097 3296 2166 τήν
3330 2095 3492 2164 φύσιν
3524 2095 3664 2149 καθ-

2087 2185 2354 2248 ώπλισας.
2400 2185 2566 2238 Οὐδὲν
2610 2186 2868 2238 τούτωνὸ
2929 2191 3174 2255 γενναῖος
3247 2187 3515 2257 Ἀϐραὰμ,
3573 2189 3675 2241 ούκ

2087 2276 2262 2340 εἶπεν,
2293 2277 2390 2329 ούκ
2419 2277 2638 2348 ἐνόησεν
2659 2293 2672 2308 °
2701 2278 2814 2331 ἀλλ’
2837 2279 2910 2340 ὼς
2937 2279 3150 2351 ἀληθῶς
3178 2279 3450 2350 προϐάτου
3478 2279 3673 2334 θυσίαν

2087 2368 2504 2438 ἀπαιτούμενος,
2544 2368 2680 2439 πρὸς
2714 2369 2812 2439 τὴν
2842 2369 3058 2440 σφαγὴν
3092 2371 3465 2440 εύτρεπίζετο,
3499 2375 3526 2424 ό
3557 2375 3674 2436 τοῖς

2089 2455 2249 2519 θείοις
2289 2456 2668 2527 ὲμμελετήσας
2715 2457 3119 2527 προστάγμασι,
3157 2459 3253 2511 καὶ
3285 2460 3385 2511 ούκ
3417 2459 3671 2529 ἐπιστρέ-

2089 2563 2247 2614 φεται
2275 2546 2410 2616 πρὸς
2438 2545 2534 2617 τήν
2567 2546 2726 2615 φύσιν
2760 2547 2850 2600 τὸν
2881 2547 3077 2617 δρόμον
3107 2547 3442 2602 κωλύουσαν.
3476 2551 3675 2620 Συνερ-

2089 2638 2184 2707 γὸν
2217 2634 2308 2692 οὖν
2345 2638 2526 2691 λαϐὼν
2557 2641 2656 2710 τὴν
2694 2639 2850 2710 σιγὴν
2888 2640 3006 2700 ὅλος
3043 2629 3250 2708 ἐγίνετο
3281 2641 3374 2694 τοῦ
3404 2643 3676 2713 προστάγ-

2093 2747 2282 2800 ματος.
2341 2729 2588 2802 Κρύπτει
2643 2733 2741 2802 τὴν
2815 2732 3031 2803 Σάρραν
3087 2731 3149 2785 ea
3210 2733 3465 2804 τόλμημα
3499 2775 3513 2799 ,
3573 2735 3673 2786 οὐκ

2091 2823 2336 2891 ἐκφαίνει.
2381 2825 2447 2892 τῇ
2497 2821 2731 2895 τεκούσῃ
2772 2823 2832 2876 τὸ
2863 2824 3224 2894 πρόσταγμα·
3257 2823 3400 2888 τίνος
3448 2825 3669 2890 ἓνεκεν;

2088 2914 2339 2977 ⁴ἰθιλόθεος
2376 2914 2474 2984 μέν
2503 2932 2694 2985 φησιν’
2735 2914 2844 2984 ἐγὼ
2875 2915 2930 2967 δὲ
2963 2915 3062 2984 τὴν
3103 2915 3329 2986 γνώμην
3379 2917 3672 2986 θαυμάζων

2091 3004 2346 3074 αἰδοῦμαι
2395 3006 2492 3077 τὴν
2528 3007 2720 3077 φύσιν’
2771 3005 2912 3076 δρῶν
2960 3006 3021 3059 τὸ
3063 3006 3326 3075 φιλόθεον,
3362 3007 3573 3060 δέδοικα
3614 3011 3675 3058 τὸ

2092 3095 2463 3166 φιλόστοργον.
2515 3096 2764 3160 Φιλόθεος
2808 3099 2840 3167 ή
2893 3097 3050 3168 γυνὴ,
3100 3097 3236 3151 ἀλλὰ
3295 3099 3478 3170 μήτηρ
3532 3099 3670 3153 ἔστί.

2092 3185 2273 3238 Δεινδν
2325 3188 2380 3238 αἱ
2433 3187 2666 3257 μητέρες
2714 3187 2969 3258 ἀσθενείᾳ
3017 3188 3385 3260 κρατούμεναι
3431 3189 3668 3258 φύσεως.

2092 3278 2318 3330 Δέδοικα
2373 3278 2449 3348 μὴ
2482 3277 2738 3349 κρύψασα
2770 3279 2861 3331 τὸν
2907 3279 3090 3342 παῖδα,
3143 3280 3315 3350 κλέψῃ
3352 3282 3413 3332 τὸ
3462 3283 3675 3351 παράγ-

2093 3368 2292 3438 γελμα,
2333 3368 2406 3439 μὴ
2445 3368 2647 3440 μολύνῃ
2699 3369 2800 3438 τὴν
2848 3369 3035 3422 θυσίαν
3079 3370 3427 3441 δακρύσασα*
3467 3371 3541 3441 μή
3581 3372 3673 3424 τὸν

2091 3461 2259 3513 παῖδα
2309 3459 2648 3531 θρηνήσασα,
2691 3461 2994 3532 καθυϐρίσῃ
3044 3463 3132 3514 τὸν
3181 3464 3540 3530 ἐπιτάξαντα·
3595 3465 3673 3536 μή

2089 3552 2188 3623 τὴν
2221 3551 2340 3620 δψιν
2385 3552 2655 3622 ἀράξασα,
2711 3553 2844 3625 ῥίψῃ
2891 3553 2990 3622 τὴν
3040 3553 3252 3617 θυσίαν,
3295 3554 3510 3607 καὶτὸν
3537 3554 3671 3610 Θεὸν

2090 3643 2442 3714 ὲκϐιάσηται·
2486 3645 2558 3715 μὴ
2592 3644 2689 3715 τὴν
2721 3643 2944 3714 γνώμην
2975 3646 3275 3708 ὀκλάσασα,
3319 3647 3527 3721 συλήσῃ
3571 3647 3672 3716 τὴν

2089 3735 2248 3804 χάριν
2299 3733 2392 3786 τοῦ
2441 3733 2737 3804 θαύματος.
2782 3734 2922 3802 Ἐγὼ
2973 3734 3111 3806 μετά
3139 3735 3234 3806 τὴν
3280 3737 3491 3806 σφαγὴν
3540 3735 3674 3807 θρή-

2089 3823 2284 3878 νοῦσαν
2311 3825 2780 3896 παραμυθήσομαι
2796 3826 2903 3896 (28)
2921 3843 2934 3857 ·
2956 3827 3277 3899 θεραπεύσω
3301 3827 3662 3898 δακρύουσαν,

2088 3917 2313 3971 τοιαῦτα
2341 3918 2476 3988 πρὸς
2511 3917 2679 3988 αὐτὴν
2729 3919 3239 3990 ἀποφθεγγόμενος·
3292 3919 3495 3974 παῦσαι
3533 3921 3669 3991 θρη-

2088 4009 2274 4076 νοῦσα,
2315 4010 2390 4080 μή
2418 4009 2569 4062 κλαῖε
2601 4010 2690 4063 τὸν
2724 4011 2884 4064 παῖδα
2913 4011 3002 4064 τὸν
3027 4014 3090 4082 τῇ
3126 4015 3305 4082 σφαγῇ
3335 4012 3668 4082 τιμηθένταο

2087 4101 2258 4173 δῶρον
2287 4105 2313 4155 ό
2342 4102 2499 4164 τόκος
2527 4101 2716 4164 ὠδῖνας
2753 4104 3138 4174 χαρισάμενος.
3177 4106 3291 4156 υύκ
3333 4106 3546 4174 ἀναιρεῖ
3576 4103 3668 4156 τὸν

2091 4193 2251 4246 παῖδα
2274 4193 2457 4265 πατὴρ
2485 4192 2666 4263 μεῖζον
2694 4194 2938 4261 ὠφελῶν,
2962 4195 3080 4247 οὐδὲ
3111 4197 3287 4266 μάτην
3309 4199 3476 4266 χωρεῖ
3503 4196 3667 4266 μέσον

2088 4283 2147 4336 τὺ
2173 4283 2322 4352 ξίφος
2345 4285 2440 4354 τῆς
2465 4285 2696 4353 φύσεως.
2715 4285 3007 4351 Ἐγγυᾶται
3042 4285 3136 4356 τὴν
3157 4287 3474 4358 εὐεργεσίαν
3502 4289 3533 4357 ή
3570 4287 3667 4356 τὴν

414 4380 594 4433 infans
627 4393 729 4430 non
756 4378 875 4431 sine
901 4377 1081 4432 dolore
1110 4384 1317 4446 partus.
1349 4373 1546 4428 Filium
1585 4389 1688 4427 non
1721 4374 1857 4427 tollit
1886 4390 1981 4443 pa-

2090 4372 2279 4426 θυσίαν
2300 4375 2615 4445 τολμήσασα
2644 4374 2811 4438 δεξιά.
2825 4377 2920 4428 Ὃν
2937 4376 3364 4446 ἕδωκενῇτησεν,
3383 4377 3668 4441 ὃνέπλασε,

416 4486 562 4534 rens,
604 4470 648 4523 si
701 4469 821 4535 plus
854 4470 1091 4538 prodest,
1128 4483 1306 4536 neque.
1343 4479 1546 4519 temere
1585 4464 1783 4518 ferrum
1825 4466 1862 4518 it
1891 4480 1986 4533 per

414 4564 643 4618 mediam
689 4562 950 4617 sobolem.
986 4563 1124 4614 Ausa
1166 4572 1380 4612 sacrum
1415 4555 1592 4609 facere
1619 4556 1860 4621 dextera,
1896 4557 1986 4609 be-

416 4658 669 4711 neﬁcium
702 4653 952 4724 spondet.
983 4652 1152 4718 Quem
1181 4651 1318 4704 Deus
1346 4647 1514 4714 dedit,
1548 4649 1790 4716 repetiit:
1822 4663 1980 4717 quem

416 4747 688 4807 formavit,
745 4742 1026 4813 requisivit
1069 4758 1083 4794 :
1136 4738 1246 4811 42
1283 4753 1442 4806 quem
1495 4751 1708 4808 rogatus
1741 4739 1979 4804 dederat,

413 4854 609 4907 rogans
660 4835 881 4904 recipit;
919 4847 1018 4887 nec
1070 4832 1362 4901 quidquam
1413 4829 1667 4898 impediet
1701 4831 1989 4900 quominus

2096 4466 2255 4520 πάλιν
2283 4466 2544 4537 ἐζήτησεν
2565 4482 2577 4494 °
2594 4466 2785 4519 ἐλαϐεν
2812 4467 3136 4538 αἰτήσας-,ὃν
3167 4468 3364 4521 ἔδωκεν
3389 4469 3630 4537 αἰτηθείς
3654 4485 3667 4497 ·

2096 4557 2365 4610 ἀποδώσει
2414 4558 2576 4611 πάλιν
2604 4558 2904 4629 βουληθεὶς,
2937 4560 3024 4611 ὑπ’
3056 4559 3266 4623 οὐδενὸς
3305 4559 3669 4629 κωλυόμενος.

2105 4649 2162 4701 '0
2190 4650 2298 4719 γὰρ
2347 4650 2446 4702 ούκ
2477 4650 2604 4702 ὄντα
2660 4650 2803 4714 δοὺς,
2839 4651 2931 4702 καὶ
2977 4651 3316 4722 νεκρωθέντα
3368 4652 3667 4722 χαρίσεται.

2103 4743 2160 4796 Ὀ
2203 4743 2569 4814 νεκρωθεῖσάν
2611 4759 2692 4795 σοι
2746 4743 2844 4813 τήν
2903 4744 3145 4814 γαστέρα
3206 4744 3382 4811 δείξας
3434 4744 3672 4814 μητέρα,

2092 4834 2185 4886 καὶ
2232 4834 2395 4886 παῖδα
2447 4834 2722 4903 σφαγέντα
2761 4835 2896 4906 πρὸς
2962 4834 3106 4905 ζωὴν
3156 4834 3502 4905 μεταπέμψει
3533 4834 3668 4904 (29).

1627 4981 1732 5038 CL.
1776 4983 2151 5052 DAUSQUEII
2191 4985 2426 5042 ΝΟΤᾸΞ.

487 5151 596 5221 (28)
628 5148 1148 5221 Παραμυθιὶσομαι.
1171 5143 1446 5212 Alloquar,
1474 5137 1823 5221 sirenae/uber.
1854 5137 1984 5221 Vide

417 5209 682 5278 Nurut'um
707 5209 1042 5280 'Va'riarum,
1079 5216 1174 5270 lib.
1210 5230 1243 5268 tt
1267 5255 1280 5277 ,
1307 5209 1437 5278 ’cap.
1475 5211 1526 5263 4.
1563 5209 1720 5261 Ratio
1755 5209 1981 5261 locutio-

417 5298 500 5346 nis
519 5302 624 5355 εει,
657 5291 797 5357 quod
830 5290 990 5342 verba
1023 5295 1076 5340 et
1098 5299 1255 5357 voces
1288 5281 1701 5357 lenire_dolorcs
1728 5288 1972 5357 poSsnnt,

410 5363 580 5432 juxta
608 5347 734 5432 illud
787 5358 984 5432 veteris
1033 5350 1515 5432 ιτεειιὲιίί,ητε1ν“υχήις⁸
1551 5347 1809 5417 νοσούσης
1845 5349 1981 5432 εἰσὶν

419 5417 596 5502 ίατροὶ
632 5417 1239 5502 16770;;Legituruapntl
1274 5417 1635 5502 lgus‘tlat‘hium,
1688 5417 1977 5502 pag_.“57~6,

417 5515 469 5556 et
512 5486 635 5569 pag.
688 5486 846 5553 {005.
895 5486 959 5569 Et
1005 5486 1306 5569 alibi-apud
1354 5489 1744 5569 Plutarchum:
1789 5486 1981 5569 ψυχῆς

412 5555 672 5641 -.οσόύῖςής
707 5570 823 5622 ἐστὶ
851 5566 1140 5641 φάρμακον
1168 5555 1344 5630 λόγος·
1378 5557 1569 5613 Animo
1607 5555 1800 5628 ecquod
1845 5555 1984 5627 nigro

411 5633 755 5707 p/larma'wm
794 5633 871 5693 ιι
897 5633 1141 5689 lutatio.

2163 5139 2279 5213 (9.9)
2323 5141 2376 5193 '0
2421 5143 2824 5213 νεκρωθεῖσάν
2871 5161 2968 5198 σοι
3020 5145 3133 5212 τὴν
3176 5145 3434 5213 ’γαστέρα
3464 5143 3670 5208 δείξας

2083 5211 2330 5282 μητέρα,
2389 5212 2488 5264 καὶ
2532 5212 2714 5264 παῖδα
2768 5211 3262 5282 σφαγένταπρὸς
3311 5212 3463 5280 ζὶυὴιιο
3483 5229 3668 5280 μετα-

2089 5280 2332 5352 πέμψει.
2363 5282 2732 5352 Athenagoras
2765 5280 3116 5352 philosophus
3151 5280 3322 5336 multa
3362 5284 3505 5335 varia
3537 5297 3671 5334 ‹·οιι-

2089 5351 2227 5417 gerit
2289 5351 2354 5402 ad
2404 5351 2562 5417 fidem
2607 5351 3040 5414 resurrectionis,
3111 5354 3203 5408 lib.
3257 5353 3334 5406 De
3385 5361 3666 5405 remi-rect.

2089 5414 2437 5492 mortuorum.
2472 5414 2580 5492 Ἶις
2616 5422 2722 5490 γὰρ
2756 5421 2870 5475 ἔστι
2915 5423 3198 5492 δυνάμεως
3241 5424 3334 5475 καὶ
3381 5421 3480 5491 τήν
3511 5423 3671 5492 παρᾶ

2087 5490 2588 5563 τῆςῌνενομισμένή
2593 5508 2619 5552 ς
2649 5489 2894 5563 ἄμορφον
2921 5489 3086 5545 οὖσαν
3109 5492 3415 5562 μορφῶσαι,
3437 5489 3547 5563 ἦκα)ἶ
3567 5489 3668 5558 τήν

2092 5559 2357 5632 ἀνείδεον,
2396 5559 2490 5613 καὶ
2534 5559 2933 5632 ἀδιακόσμήτον
2966 5559 3200 5627 πολλοῖς,
3230 5559 3350 5614 καὶ
3373 5559 3671 5632 διαφόροις

2095 5627 2259 5684 εἴδεσι
2303 5633 2600 5701 κοσμῆσαι,
2637 5632 2733 5691 καὶ
2766 5627 2838 5687 τά
2864 5632 3004 5705 μέρη
3036 5632 3146 5687 τῶν
3181 5631 3461 5702 στοιχείων
3494 5627 3580 5690 είς
3611 5629 3669 5680 ἓν
