3990 6160
291 259 388 325 109

1697 256 1977 318 ORATIO
2015 256 2146 318 VII.

3442 249 3543 313 110

295 372 367 425 Tb
394 371 453 426 δὲ
484 370 748 441 μέγιστον
793 372 872 435 είς
922 371 1293 443 παραμυθίαν,
1338 364 1386 424 ὧ
1431 369 1622 441 γύναι,
1659 372 1737 434 είς
1783 372 1866 425 ατ-

1975 369 2184 435 reddat,
2209 385 2333 424 cum
2369 369 2442 424 ita
2471 368 2643 424 visum
2673 366 2799 422 erit.
2828 365 2960 421 Nam
2989 368 3083 437 qui
3109 380 3253 433 eum,
3286 381 3409 421 cum
3433 382 3541 420 non

286 477 440 529 τησιν
482 456 622 533 ἦλθε
669 460 879 527 θυσίας,
923 464 954 516 ό
1001 462 1097 517 τοῦ
1149 462 1384 533 βρέφους
1431 460 1571 533 έχων
1629 462 1729 533 τὴν
1784 460 1872 526 ἐξ·

287 552 489 606 ουσίαν.
524 551 747 622 Μόσχον
775 551 965 625 πρώην
1018 554 1415 624 προσήνεγκας,
1466 551 1651 606 Ἰσαὰκ
1705 569 1873 623 προσ-

288 642 577 711 ενέγκασα,
627 644 683 696 τί
710 642 819 696 τῶν
858 641 1080 712 ἀγαθῶν
1128 643 1229 696 οὐκ
1275 642 1553 709 ﬂuitem;
1595 643 1871 706 Τοιούτοις

288 737 550 796 νεανικοῖς
595 734 878 805 λογισμοῖς
923 735 953 787 ὁ
1002 733 1319 805 πρεσϐύτης
1369 733 1731 803 ἐπιστομίσας
1773 732 1870 803 τὴν

290 824 445 895 φύσιν
490 824 846 891 κακίζουσαν,
893 823 988 877 καὶ
1039 823 1360 899 παραθήξας
1408 822 1506 894 τὴν
1549 824 1744 894 φρένα,
1774 823 1870 877 καὶ

293 916 571 988 στομώσας
597 918 697 988 τὴν
714 918 894 987 χεῖρα,
911 914 975 968 τδ
998 915 1108 969 τῶν
1136 915 1460 986 σπλάγχνων
1484 912 1636 987 θῦμα
1660 915 1867 980 λαϐὼν,

291 1010 542 1081 δρομαῖος
567 1010 659 1062 ἐπὶ
684 1008 745 1062 τὸ
770 1008 895 1079 ὅρος
924 1008 1202 1078 ἀνέτρεχε,
1242 1007 1470 1078 γηραιὸν
1491 1008 1628 1062 πόδα
1652 1004 1869 1074 διδάξας

292 1103 365 1174 τῷ
399 1103 583 1175 δρόμῳ
615 1099 900 1164 νεάζοντα.
942 1098 1127 1153 Ἑνίκα
1154 1100 1260 1171 γὰρ
1298 1099 1482 1171 φύσιν,
1512 1101 1607 1153 καὶ
1639 1098 1809 1163 πάθος
1838 1100 1869 1151 ό

296 1193 485 1256 πόθοςι
531 1192 628 1245 καὶ
671 1192 866 1263 γῆρας,
919 1190 1200 1255 εὐσεϐείας
1246 1194 1275 1245 ό
1309 1190 1491 1252 τόνος’
1544 1189 1638 1243 καὶ
1690 1190 1870 1245 πάντα

295 1283 549 1355 ἠλέγχετο
597 1281 676 1352 τῷ
727 1284 828 1351 τῆς
885 1280 1164 1351 φιλοθεῖας
1226 1277 1660 1353 παραχωροῦντα
1713 1277 1862 1349 πυρί.

304 1374 558 1444 Ἀνεπήδα
582 1372 718 1443 πρὸς
750 1372 812 1424 τὸ
836 1371 981 1442 ὅρος,
1004 1370 1265 1443 συνεργὸν
1292 1371 1391 1441 τῆς
1422 1369 1612 1433 θυσίας
1637 1369 1769 1423 αὐτὸ
1798 1372 1860 1425 τὸ

293 1464 472 1534 θαῦμα
521 1462 721 1515 λαϐὼν.
756 1460 928 1525 Αὐτός
972 1477 1032 1513 τε
1082 1460 1192 1531 γάρ
1236 1458 1300 1512 τὸ
1327 1458 1439 1530 πῦρ
1488 1460 1583 1513 καὶ
1623 1459 1684 1512 τὸ
1716 1459 1867 1529 ξίφος

295 1553 722 1627 μετεχειρίζετο·
762 1554 876 1615 τοῖς
921 1551 1020 1621 τῆς
1053 1550 1245 1621 θυσίας
1289 1549 1344 1604 δὲ
1374 1550 1568 1616 ξύλοις.
1602 1549 1664 1602 τὸ
1698 1549 1865 1603 καλὸν

294 1648 478 1717 ἱερεῖον
506 1648 597 1699 τὸν
639 1643 826 1695 Ἰσαὰκ
860 1641 1183 1713 ὲπεφόρτιζε
1206 1657 1218 1671 ’
1251 1642 1344 1694 καὶ
1372 1642 1562 1710 γέγονε
1606 1641 1864 1713 συνεργὸν

290 1739 384 1807 τῆς
404 1737 593 1797 θυσίας
615 1736 676 1788 τὸ
699 1733 868 1805 θῦμα.
894 1734 963 1786 Συ
972 1734 1269 1804 μπράττων
1298 1733 1355 1786 δὲ
1378 1733 1439 1787 τὸ
1461 1731 1539 1805 τῷ
1572 1734 1743 1805 πατρὶ
1766 1732 1863 1804 τὴν

292 1827 476 1880 θυσίαν
520 1827 550 1879 ό
585 1825 790 1908 Ἵσαᾶοκ,
837 1824 929 1878 καὶ
967 1823 1046 1892 τῷ
1086 1823 1407 1895 γεννήσαντι
1458 1824 1557 1896 τὴν
1594 1825 1864 1895 μέριμναν

294 1917 675 1989 μεριζόμενος,
714 1914 910 1971 πεῦσιν
938 1915 1235 1987 προσφέρει
1277 1915 1368 1969 τὸν
1412 1916 1622 1984 πατέρα
1672 1915 1867 1986 τιτρώ-

295 2025 522 2063 σκουσαν
540 2025 555 2039 ο
597 2008 776 2073 Ἰδοὺ,
813 2008 966 2078 φησὶ,
1000 2006 1064 2061 τὸ
1091 2008 1210 2076 πῦρ
1235 2008 1333 2060 καί
1359 2006 1432 2061 τὰ
1457 2006 1630 2072 ξύλα,
1657 2006 1775 2061 ποῦ
1798 2007 1865 2061 τὸ

295 2100 582 2167 πρόδοτον
610 2097 678 2151 τὸ
694 2101 781 2164 είς
800 2096 1254 2164 όλοκάρπωσινς
1271 2097 1440 2153 Πάλιν
1464 2098 1866 2168 ὑπομιμνήσκει

293 2190 382 2241 τὸν
423 2190 657 2259 πατέρα,
690 2188 764 2252 ὡς
790 2190 859 2259 τῇ
912 2186 1049 2260 λήθῃ
1079 2188 1469 2259 κρατούμενον.
1501 2174 1648 2259 ἱ’θρα
1676 2190 1752 2258 μή
1784 2206 1866 2241 σοι

298 2281 400 2350 τῆς
441 2280 745 2350 προθυμίας
771 2281 831 2332 τὸ
860 2279 1044 2349 τάχος,
1075 2274 1119 2333 ὦ
1163 2280 1361 2351 πάτερ,
1402 2278 1596 2348 ἔκλεψε
1626 2279 1721 2333 τοῦ
1754 2282 1866 2334 λει-

300 2371 537 2440 πομένου
566 2371 665 2440 τὴν
696 2369 961 2440 αἴσθησιν.
1008 2367 1077 2424 ’Ὢ
1109 2372 1349 2441 ῥήματος
1377 2370 1584 2440 πατρὸς
1616 2370 1715 2441 μὲν
1750 2370 1870 2423 ἑτέ-

298 2478 390 2533 ρου
422 2462 595 2533 μέσην
624 2463 722 2532 τὴν
749 2463 977 2533 καρδίαν
1006 2461 1334 2528 τοξεύοντος,
1370 2461 1465 2515 τοῦ
1503 2461 1561 2515 δὲ
1616 2461 1867 2534 Ἀϐραάμ

295 2556 350 2607 οὐ
382 2554 829 2625 προσψαύοντοςί
872 2554 1164 2624 Ἀδακρυτὶ
1205 2552 1337 2623 γοῦν
1382 2553 1519 2626 πρὸς
1549 2552 1640 2607 τὸν
1681 2552 1867 2606 Ἰσαὰκ

296 2648 666 2719 ἁποκρίνεται,
696 2647 791 2701 καὶ
821 2648 1003 2719 φωνὴν
1027 2646 1235 2716 ἱερέως,
1265 2647 1327 2700 οὐ
1358 2648 1561 2718 πατρὸς
1590 2647 1867 2716 ἀπεφθέγ-

296 2741 417 2805 ξατο
436 2756 451 2770 ·
494 2740 549 2792 Ὀ
579 2742 745 2805 Θεὸς,
783 2740 967 2810 φησὶν,
998 2740 1207 2809 ὄψεται
1236 2738 1427 2805 ἑαυτῷ
1461 2741 1760 2807 πρόϐατον
1778 2742 1866 2805 εἰς

295 2830 753 2899 ὁλοκάρπωσιν,
814 2830 1052 2885 τέκνον.
1122 2830 1358 2899 Ἀγνοῶν
1414 2829 1751 2901 προφητεύει
1806 2830 1868 2883 τὸ

299 2921 509 2991 μέλλον,
554 2923 648 2974 καὶ
683 2921 777 2975 τὶν
807 2921 970 2974 παῖδα
1018 2922 1390 2993 σοφιζόμενος,
1421 2921 1672 2992 ἀληθεύει
1701 2923 1867 2993 φθεγα

294 3014 539 3082 γόμενος.
572 3015 853 3085 Πρόῦατον
883 3013 1040 3067 καλεῖ
1082 3016 1173 3068 τὸν
1215 3014 1330 3068 υἱὸν
1356 3013 1490 3085 (50),
1519 3014 1578 3068 ὃν
1607 3014 1682 3077 ὡς
1728 3013 1863 3083 πρό-
1892 3046 1935 3104 C

295 3106 454 3158 σατον
505 3107 807 3175 προσάγειν
857 3106 1156 3174 ἐπείγεται.
1208 3105 1335 3169 Πῶς
1381 3105 1578 3178 ἔρρηξε
1645 3105 1861 3176 φωνήν;

296 3198 468 3261 Ποίοις
505 3198 841 3269 ἀπεκρίνατο
880 3197 1243 3268 σπλάγχνοις;
1276 3196 1401 3261 Πῶς
1445 3196 1546 3250 οὐκ
1595 3197 1864 3268 ὲνάρκησε

300 3288 425 3359 πρὸς
453 3289 544 3340 τὸν
573 3288 731 3356 λόγον
759 3290 795 3359 ή
825 3287 1073 3356 γλῶσσα;
1104 3287 1228 3351 Πῶς
1255 3288 1352 3340 οὐκ
1382 3286 1619 3357 οἰμώξας
1653 3287 1749 3340 καὶ
1775 3286 1867 3341 τὸν

300 3380 455 3433 παῖδα
487 3380 981 3452 περιπτυξάμενος,
1008 3379 1196 3452 ἔρριψε
1227 3378 1436 3433 πενθῶν
1460 3379 1558 3449 τῆς
1585 3377 1774 3441 θυσίας
1799 3377 1868 3431 τά

301 3472 569 3542 σύμϐολα;
622 3472 763 3541 Ἤδη
799 3470 994 3541 μενοῦν
1038 3473 1128 3525 ἐπὶ
1160 3475 1258 3542 τῆς
1294 3470 1389 3524 τοῦ
1418 3470 1577 3540 ὅρους
1622 3469 1866 3539 κορυφῆς

300 3564 389 3617 καὶ
419 3563 802 3634 θυσιαστήριον
831 3563 1173 3626 ἐσκευάζετο,
1208 3562 1275 3615 τά
1306 3560 1439 3625 ξύλα
1464 3560 1865 3630 προσηγάγετο,

300 3657 326 3706 ό
353 3656 531 3708 Ἰσαὰκ
553 3653 897 3725 ἐδεσμεύετο,
922 3655 981 3707 τὸ
1004 3654 1155 3723 ξίφος
1175 3653 1469 3725 ἡρπάζετο.
1503 3654 1568 3704 Ὢ
1594 3652 1867 3719 θεάματος

301 3744 549 3816 φοϐεροῦί
580 3744 931 3815 Φιλοποργία
963 3745 1093 3815 πρὸς
1124 3744 1398 3813 φιλοθεῖαν
1428 3743 1708 3806 δικάζεται
1729 3760 1740 3772 ’
1776 3744 1867 3796 καὶ

299 3833 552 3904 δικαστὴς
619 3833 868 3905 Ἀϐρααμ
919 3833 1211 3903 ξιφηφόρος
1261 3834 1563 3901 ἐφέστηκε,
1620 3833 1714 3885 καὶ
1769 3832 1865 3903 τὴν

297 3924 467 3995 ψῆφον
497 3925 805 3994 ὑπογράφει
845 3923 922 3994 τῷ
952 3921 1113 3991 ξὶφει,
1160 3924 1255 3976 καὶ
1289 3923 1387 3994 τὴν
1421 3924 1579 3994 νίκην
1624 3926 1689 3993 τῇ
1721 3923 1867 3992 φιλο-

301 4015 413 4087 θεῖςι
438 4016 743 4086 χαρίζεται,
778 4014 1186 4086 ὲπισφραγίζων
1217 4017 1331 4079 τοῖς
1366 4016 1581 4086 αἵμασι,
1614 4015 1866 4085 μάρτυρα

298 4104 389 4173 τῆς
418 4105 574 4174 νίκης
597 4107 696 4176 τὴν
718 4105 906 4159 θυσίαν
929 4105 1265 4176 ποιούμενος.
1289 4107 1413 4169 Πῶς
1436 4108 1536 4159 οὐκ
1567 4106 1866 4176 ὲνάρκησεν

296 4195 329 4263 ή
362 4196 516 4266 χείρ;
546 4197 673 4259 Πῶς
694 4196 793 4266 τὴν
814 4198 1089 4267 μάχαιραν
1118 4196 1297 4250 λαϐὼν
1329 4193 1448 4249 εἶτα
1483 4196 1743 4260 στενάξας
1765 4198 1866 4249 οὑκ

301 4285 549 4355 ἐρῤιψεν;
598 4289 664 4341 Ὠ
705 4287 982 4357 φιλοθεΐας
1030 4287 1215 4358 ἰσχύςσ
1267 4286 1312 4340 ὣ
1358 4289 1527 4359 πυρὸς
1573 4288 1859 4352 εὐσεϐοῦς,

1971 461 2278 524 exsisteret,
2303 460 2470 523 dedit,
2502 459 2586 514 vel
2632 470 2806 514 morte
2835 468 3161 530 prostratum
3193 458 3338 514 ultro
3367 459 3537 514 dabit.

1971 547 2073 615 Qui
2105 549 2198 603 tibi
2231 549 2351 604 alvo
2405 547 2561 605 effeta
2615 557 2837 604 matrem
2865 564 2984 606 esse
3006 550 3296 614 concessit,
3323 558 3378 603 et
3409 563 3542 619 pue-

1972 654 2091 694 rum
2108 640 2410 709 jugulatum
2442 640 2682 695 remittet
2712 639 2778 694 ad
2804 641 2992 695 vitam.
3020 641 3281 709 Quodque
3309 640 3375 695 ad
3406 639 3540 696 sola.

1972 732 2106 788 tium
2127 731 2270 786 valet
2290 730 2606 802 plurimum,
2631 745 2666 786 o
2692 731 2907 795 mulier,
2939 731 2988 786 is
3008 732 3165 802 cujus
3194 732 3246 787 in
3270 741 3541 802 potestate

1970 833 2056 880 eSt
2091 822 2254 887 ﬁlius,
2295 834 2354 876 ut
2404 830 2755 888 mactaretur,
2794 821 3076 891 ﬂagitavit.
3108 822 3340 877 Vitulum
3372 838 3543 892 nuper

1971 913 2249 982 obtulisti;
2269 913 2456 971 lsaaco
2480 914 2663 971 oblatu
2683 915 2879 984 ecquid
2906 915 3170 970 bonorum
3189 930 3296 970 non
3322 918 3543 984 speres?

1926 1044 1931 1049 ι
1970 1002 2086 1059 Tali
2116 1004 2363 1058 oratione
2405 1012 2621 1072 tamque
2663 1018 2925 1072 generosa
2954 1006 3163 1060 ratione
3192 1019 3406 1074 semper
3441 1021 3541 1058 na-

1971 1103 2106 1150 tura:
2152 1094 2464 1165 obloquenti
2540 1110 2603 1151 os
2668 1097 2993 1159 obstruens,
3044 1103 3392 1165 mentemque
3449 1110 3543 1150 ex-

1974 1202 2197 1252 acuens,
2234 1202 2299 1243 ae
2334 1203 2549 1241 manum
2577 1187 2937 1242 corroborans
2989 1186 3059 1242 de
3089 1187 3206 1241 suis
3239 1196 3542 1240 extractam

1970 1275 2275 1332 visceribus
2304 1276 2580 1331 victimam
2606 1275 2770 1344 capit,
2797 1289 2960 1329 cursu
2992 1274 3270 1329 contendit
3306 1274 3360 1328 in
3397 1289 3545 1326 mnu-

1970 1374 2102 1432 tem,
2138 1367 2328 1438 pedem
2360 1376 2733 1422 senescentem
2770 1365 2997 1433 juvenili
3039 1382 3202 1421 cursu
3236 1378 3539 1434 promovet.

1966 1457 2233 1514 Naturam
2304 1469 2359 1514 et
2401 1456 2744 1515 amictionem
2796 1459 3147 1528 pervincebat
3173 1456 3409 1523 alectio,
3443 1473 3542 1513 nec

1969 1566 2077 1607 non
2121 1552 2343 1620 pietatis
2395 1553 2674 1608 contentio
2722 1553 2958 1617 senium,
3016 1552 3307 1622 outuiaque
3363 1551 3540 1620 palam

1968 1642 2152 1698 ardori
2202 1641 2256 1698 in
2287 1641 2456 1696 Deum
2484 1640 2818 1697 inﬂammato
2842 1642 3125 1697 cedebant.
3162 1640 3460 1696 Essiliebat
3489 1641 3541 1693 in

1895 1718 1937 1774 Β
1964 1740 2232 1797 montem,
2279 1734 2530 1791 sacriﬁcii
2589 1733 2905 1802 adiutricem
2951 1734 3226 1790 victimam
3256 1734 3426 1804 ipsam
3449 1747 3543 1788 su-

1966 1839 2140 1880 mens.
2167 1822 2285 1895 lpse
2319 1825 2465 1881 enim
2503 1826 2679 1895 ignem
2710 1835 2766 1881 et
2792 1827 3030 1897 gladium
3062 1841 3221 1880 manu
3251 1826 3541 1888 tractabat,

1967 1917 2238 1990 lignisque
2266 1919 2592 1977 victimariis
2641 1920 2886 1976 lsaacum
2925 1920 3202 1976 victimam
3238 1920 3543 1989 pulcherri—

1965 2025 2111 2065 mam
2146 2012 2476 2081 aggravabat
2527 2021 2583 2067 ct
2632 2012 2942 2074 auxilintris
2994 2013 3247 2067 sacriﬁcii
3280 2011 3378 2064 fuit
3423 2011 3540 2078 ipsa

1968 2100 2208 2155 victima.
2242 2099 2415 2155 Simul
2464 2101 2610 2155 enim
2648 2115 2769 2155 cum
2820 2110 2976 2171 patre
3011 2100 3162 2155 Isaac
3211 2098 3539 2155 sacriﬁcium

1967 2189 2194 2254 faciens,
2228 2200 2281 2245 et
2314 2179 2433 2245 cum
2467 2192 2713 2261 genitore
2744 2205 2928 2245 curam
2966 2192 3197 2260 partitus
3229 2191 3539 2261 interroga-

1969 2281 2117 2335 tione
2180 2280 2405 2351 profert,
2461 2296 2583 2351 qua:
2635 2281 2865 2350 patrium
2922 2281 3166 2336 animum
3219 2280 3540 2336 exulceret:

1969 2368 2128 2435 Ecce,
2172 2371 2369 2439 inquit,
2404 2373 2541 2443 ignis
2569 2384 2617 2427 et
2656 2374 2841 2441 ligna;
2872 2373 2963 2427 ubi
3013 2382 3092 2428 est
3146 2374 3358 2428 uictima
3390 2372 3541 2428 bolo-

1968 2462 2250 2517 causti"?
2300 2462 2499 2519 lterum
2542 2466 2682 2533 patri
2725 2465 2870 2519 velut
2931 2464 3100 2520 oblito
3137 2467 3191 2520 in
3222 2466 3539 2520 memoriam

1968 2555 2176 2611 reducit
2203 2570 2219 2609 :
2248 2555 2403 2623 Vide,
2449 2565 2624 2625 pater,
2657 2569 2725 2613 ne
2771 2564 2877 2610 tum
2912 2556 3213 2613 alacritatis
3243 2556 3542 2612 celeritndo

1974 2647 2081 2712 rei,
2115 2661 2234 2716 qua:
2264 2647 2426 2711 desit,
2464 2662 2681 2702 sensum
2739 2646 3037 2705 sustulerit.
3081 2647 3125 2701 Ο
3160 2662 3369 2715 vocem,
3419 2664 3540 2717 qua

1968 2740 2139 2808 patris
2193 2738 2418 2794 alterius
2467 2753 2561 2792 cor
2594 2737 2829 2793 medium
2881 2739 3055 2793 instar
3109 2738 3199 2793 teli
3253 2740 3534 2793 dissecet:

1965 2830 2334 2884 Abrahamum
2385 2844 2513 2884 vero
2557 2843 2624 2884 ne
2666 2829 2883 2901 attingit
2919 2829 3170 2900 quidem!
3201 2830 3374 2885 Siccis
3407 2846 3538 2885 ocu-

1969 2919 2035 2974 iis
2080 2918 2189 2973 ﬁlio
2232 2919 2541 2986 respondet,
2593 2926 2647 2973 et
2689 2918 2954 2983 sacriﬁci,
2992 2934 3099 2973 non
3150 2919 3357 2987 patris,
3410 2934 3543 2973 voce

1969 3012 2160 3065 utitur.
2202 3009 2362 3076 Deus,
2401 3009 2593 3079 inquit,
2629 3010 2919 3077 providebit
2964 3011 3065 3065 sibi
3105 3011 3542 3065 victimamholo-

1969 3105 2161 3159 causti.
2188 3103 2526 3172 Imprudens,
2558 3104 2700 3172 quod
2742 3101 2981 3157 futurum
3009 3103 3290 3165 antedicit,
3321 3118 3384 3158 ac
3413 3105 3538 3157 dum

1968 3197 2138 3252 eludit
2179 3196 2370 3261 ﬁlium,
2414 3211 2541 3250 vera
2574 3196 2834 3264 loquitur.
2863 3196 3031 3251 Ovem
3071 3195 3237 3250 ﬁlium
3269 3196 3538 3255 nominat.

1967 3302 2126 3356 quem
2163 3287 2335 3340 instar
2373 3286 2492 3340 ovis
2534 3284 2730 3340 offerre
2778 3286 3020 3342 festinat.
3057 3288 3171 3355 Qua
3209 3290 3420 3343 ratione
3446 3304 3541 3343 vo-

1967 3393 2082 3433 cem
2114 3378 2299 3445 rupit?
2324 3379 2519 3446 quibus
2552 3393 2581 3433 e
2613 3378 2911 3433 visceribus
2946 3392 3260 3448 responsum
3291 3397 3542 3450 exprom-

1968 3472 2113 3541 psit?
2143 3487 2261 3540 quze
2291 3472 2534 3527 locutura
2583 3472 2763 3542 lingua
2800 3488 2906 3528 non
2958 3474 3273 3544 obstupuit?
3301 3475 3392 3544 qui
3434 3491 3538 3530 non

1967 3573 2022 3616 et
2074 3576 2314 3630 gemens,
2351 3573 2407 3616 et
2464 3561 2629 3616 ﬁlium
2683 3564 2961 3634 amplexus
2994 3565 3189 3634 abjecit
3239 3582 3348 3635 prae
3393 3566 3538 3621 lurtn

1968 3654 2219 3708 sacriﬁcii
2274 3655 2562 3726 symbola?
2601 3655 2719 3711 Jam
2754 3658 2968 3711 tandem
3000 3656 3052 3710 in
3089 3659 3290 3711 montis
3338 3658 3540 3712 vertice

1969 3760 2061 3798 ara
2090 3748 2402 3815 parabatur,
2436 3748 2770 3803 addebantur
2813 3749 2978 3818 ligna,
3015 3747 3228 3804 Isaacus
3268 3750 3539 3803 vincieba-

1972 3844 2078 3899 tur,
2118 3836 2327 3903 gladius
2352 3838 2733 3906 arripiebatur.
2766 3839 2809 3892 0
2837 3839 3199 3906 Spectaculum
3244 3841 3541 3894 formidati--

1968 3927 2094 3981 dum
2124 3928 2139 3981 ί
2174 3928 2343 3981 Amor
2372 3929 2423 3981 in
2461 3928 2664 3996 prolem
2718 3930 2922 3999 Deique
2946 3930 3386 3997 dilectinjudicio
3412 3948 3539 3986 con-

1970 4017 2208 4082 tendunt,
2242 4028 2295 4071 et
2319 4016 2483 4084 judex
2513 4018 2620 4089 ‘3
2646 4020 2849 4073 ensifer
2883 4022 3048 4074 instat
3083 4021 3445 4087 Abraltamus,
3479 4038 3539 4074 ae

1968 4122 2097 4161 ense
2124 4107 2211 4173 jus
2250 4109 2400 4175 dicit,
2436 4110 2832 4177 victoriamque
2887 4111 2979 4164 Dei
3014 4110 3286 4164 dilectioni
3328 4112 3534 4176 tribuit,

1922 4192 1934 4201 ⁵
1969 4199 2252 4268 consignal
2290 4200 2574 4271 sanguine,
2604 4208 2903 4268 testemque
2929 4200 3168 4255 victoriae
3210 4202 3536 4257 sacriﬁcium

1973 4289 2121 4342 lacit.
2153 4288 2433 4353 Quomodo
2478 4304 2581 4344 non
2614 4291 2847 4360 obriguit
2873 4292 3105 4346 manus?
3130 4308 3227 4347 cur
3270 4310 3375 4347 non
3410 4310 3536 4365 cap-

299 4376 503 4439 φύσεως
554 4376 729 4445 φλόγα
780 4378 1144 4447 νικήσαντοςί
1210 4376 1347 4429 Ἀλλ’
1382 4379 1410 4429 ό
1464 4379 1561 4446 μὲν
1599 4377 1864 4446 ἀνδρικῶς

1974 4386 2081 4429 tam
2145 4378 2463 4431 macbmram
2534 4378 2896 4447 ingemiscens
2945 4379 3139 4433 deinde
3186 4378 3457 4449 projccit?
3494 4380 3538 4433 0

294 4468 557 4521 ἀνατείνει
586 4468 684 4538 τὴν
712 4468 894 4532 δεξιάν
926 4468 1060 4540 πρὸς
1084 4469 1181 4540 τὴν
1213 4468 1306 4521 τοῦ
1346 4468 1578 4538 βρέφους
1607 4471 1820 4539 σφαγήν
1844 4484 1855 4496 ·

294 4556 492 4609 ἄνωθεν
534 4556 595 4610 δὲ
646 4556 796 4628 φωνὴ
848 4556 1102 4627 δεσμεύει
1136 4556 1233 4628 τὴν
1281 4560 1455 4626 χεῖρα.
1508 4556 1780 4625 Ἐφθασεν
1825 4557 1858 4626 ή

294 4649 439 4720 φωνὴ
470 4651 571 4721 τὴν
626 4649 862 4720 σφαγὴν,
913 4649 1134 4718 γέγονεν
1179 4647 1407 4718 ὀξυτέρα
1451 4647 1546 4700 τοῧ
1594 4648 1778 4718 ξίφους
1826 4651 1859 4720 ἡ

293 4737 506 4807 κλῆσις·
537 4738 696 4806 λόγος
730 4740 1033 4809 ἐπέμπετο,
1073 4738 1165 4791 καὶ
1210 4740 1329 4808 χεὶρ
1366 4738 1715 4806 ἐδεσμεύετο·
1750 4739 1860 4791 ἄνω

359 4893 402 4924 ⁷⁸
433 4894 568 4949 Gen.
611 4908 749 4961 ml,
783 4894 834 4949 7.

1971 4470 2170 4522 amoris
2200 4469 2370 4523 divini
2400 4470 2530 4523 vim.
2559 4471 2602 4524 0
2628 4470 2744 4538 pios
2772 4470 2944 4538 ignes,
2971 4470 3059 4535 qui
3092 4471 3293 4522 amoris
3325 4480 3539 4523 natura-

1967 4557 2033 4610 lis
2067 4558 2312 4612 ﬂammas
2343 4560 2722 4628 pervicerunt!
2760 4560 2954 4613 Verum
2991 4559 3078 4613 ille
3108 4559 3349 4612 mascula
3382 4557 3539 4612 forti-

1968 4652 2150 4704 tudine
2181 4653 2453 4704 dexteram
2491 4652 2541 4703 in
2578 4650 2671 4704 ﬁlii
2697 4649 2939 4720 jugulum
2968 4650 3248 4718 extendit;
3288 4664 3539 4719 supreme

1968 4754 2097 4792 vero
2125 4741 2287 4793 missa
2321 4756 2420 4795 vox
2459 4756 2673 4795 manum
2704 4742 2849 4796 sistit
2882 4742 3155 4810 vincitque
3185 4757 3200 4806 ;
3238 4753 3335 4794 vox
3380 4738 3540 4808 jugn‘

1515 5031 1622 5086 CL.
1666 5030 2043 5096 DAUSQUEII
2086 5030 2311 5085 ΝυΤᾸί.

294 5205 352 5240 συ
373 5192 624 5260 ἀγαγεῖν,
677 5189 774 5243 καὶ
819 5189 882 5241 τὸ
926 5188 1241 5260 σπέρμαᾼέν
1279 5187 1481 5260 ὂνπκαὶ
1508 5186 1746 5260 -άττλοῦν,
1781 5189 1860 5260 εἰς

294 5260 449 5313 πολλὰ
484 5257 699 5326 διελεῖν,
737 5260 833 5314 καὶ
879 5260 941 5310 τὸ
985 5258 1350 5328 ἀδιάρθρωτον
1375 5257 1730 5326 διαρθρώσαι,
1764 5258 1859 5308 καὶ

292 5328 455 5403 ῖῷᾃμῂ
497 5332 660 5397 ζῶντι
716 5331 905 5403 δοῦναι
953 5329 1100 5403 ζωὴ-ν
1141 5332 1238 5403 τῇς
1274 5328 1443 5403 αύτῆς
1483 5331 1618 5403 ἐστι,
1659 5329 1752 5403 καὶ
1802 5328 1862 5376 τὸ

293 5397 656 5472 διαλελυμένον
703 5402 936 5463 ἑνῶσαι,
988 5399 1087 5450 καὶ
1139 5398 1491 5472 τὸᾼκείμενον
1534 5397 1857 5472 ᾁνασᾼτῆσαι.

296 5472 377 5521 καὶ
406 5472 460 5524 τὸ
481 5464 741 5543 τεθνήκὸς
769 5472 1115 5543 ζωοποιῆσαι
1147 5464 1346 5543 πάλιν,
1373 5470 1465 5519 καὶ
1506 5466 1566 5518 τὸ
1621 5464 1858 5543 φθαρτὸν

298 5542 592 5656 μεταϐαλεῖν
622 5538 705 5607 εἰς
727 5539 1072 5610 ἀφθαρσίαν,
1104 5550 1155 5591 et
1193 5538 1364 5605 plura,
1396 5554 1535 5606 qnte,
1567 5540 1657 5603 qui
1696 5538 1854 5599 \olet,

312 5621 452 5656 t‘mln-

312 5612 452 5664 t‘ﬂiltl.

372 5627 452 5664 Illi.

340 5627 450 5745 €30)
487 5686 800 5753 Πρόὸατον
829 5677 1010 5733 καλεῖ
1039 5676 1146 5729 τὸν
1175 5678 1323 5730 ιἸὀν.
1368 5676 1470 5731 Par
1495 5680 1635 5732 enim
1663 5690 1712 5734 et
1740 5680 1855 5734 ovis

1968 5199 2017 5239 et
2046 5190 2512 5257 0bS€i|lli°lliiS>illli
2549 5190 2710 5243 iurari
2750 5190 3084 5257 simplicitas.
3119 5191 3338 5245 Veteres
3366 5210 3530 5255 ovem,

1966 5260 2054 5329 qui
2092 5271 2177 5309 aut
2215 5261 2439 5310 διίιιίιιιις
2470 5273 2632 5321 esset,
2668 5274 2755 5312 aut
2781 5262 2954 5313 fraudi
2985 5272 3215 5329 pateret,
3248 5265 3527 5315 \‘ocabztnl.

1969 5326 2190 5396 i'lautns
2249 5329 2592 5382 Baro/ritibus
2646 5348 2663 5383 :
2708 5331 2839 5394 Quis
2882 5326 3118 5383 lms'huc
3152 5348 3265 5385 ores
3315 5333 3535 5396 adegit?

1971 5395 2163 5448 Fabius
2194 5398 2456 5453 Maximus
2507 5404 2648 5468 quod
2686 5418 2712 5451 a
2750 5417 2915 5466 puero
2963 5402 3228 5454 tardiores
3263 5395 3536 5454 videretur

1969 5468 2160 5536 ingenii
2186 5470 2409 5529 ,οιιίειιίτυ
2440 5485 2850 5535 cognmnentum
2878 5470 3103 5525 invenit.
3131 5471 3194 5522 Et
3217 5475 3351 5523 bene
3378 5482 3535 5521 num-

1966 5548 2189 5600 matum,
2210 5541 2299 5589 sed
2321 5555 2478 5606 quem
2507 5541 2680 5589 Suada
2700 5552 2747 5590 et
2770 5538 2929 5591 Musa:
2949 5555 3051 5593 nan
3071 5540 3390 5594 decorarent
3411 5553 3535 5606 χρυ·

1966 5606 2197 5674 σόμηλον
2220 5605 2505 5673 ιηιιδοξΙιίιγίι
2541 5609 2822 5675 UiOgenes.
2855 5624 3069 5663 auream
3106 5625 3268 5666 orem.
3297 5605 3531 5678 χρυσοῦν

1964 5678 2233 5745 πρόϐατον
2270 5679 2336 5730 Μ.
2377 5680 2632 5745 Sylawm
2665 5680 2958 5745 appellabat
2999 5679 3234 5746 Caligula
3271 5678 3382 5733 υιυ.
