3990 6160
283 385 385 452 117

1699 381 1980 443 ORATIO
2015 384 2190 450 VIlL

3445 370 3542 440 1118

293 493 409 569 μετ’
439 490 498 546 ού
533 490 681 544 πολὺ
724 489 833 544 τῶν
862 487 1122 560 ἀληθινῶν
1147 488 1476 558 δραγμάτων
1511 489 1688 542 ἱκέται
1731 488 1867 542 καθ-

1989 489 2242 545 ιοιιιιιίιιιιι
2267 485 2765 555 manipulosesosi,
2816 498 2922 539 non
2950 483 3116 541 multo
3147 493 3268 554 post
3295 499 3544 540 verorum

292 589 564 642 ίστανται*
608 583 664 636 οἱ
697 581 805 651 μὲν
847 577 936 634 οὖν
962 580 1056 650 τὴν
1094 580 1256 649 φύσιν
1290 581 1696 651 καπηλεύοντες
1729 582 1864 652 (40),

290 683 366 742 ὡς
411 675 689 746 ἐνόμιζον,
731 673 1115 738 νενοθευμένον
1136 672 1353 741 δουλείᾳ
1375 673 1468 725 τὸν
1507 673 1674 727 παῖδα
1705 690 1871 727 κατα-

285 770 626 834 δικάζουσιν.
653 767 842 820 Εξκόνι
869 765 921 818 δὲ
962 766 1123 832 φόνου
1148 766 1237 817 τὸν
1262 767 1466 834 χιτῶνα
1484 765 1866 832 διατιθέμενοι,

287 862 473 930 ὥσπερ
487 861 547 913 οὐ
573 859 863 927 δυνάμενοι
884 856 1070 910 σϐέσαι
1091 858 1258 926 χωρὶς
1275 858 1520 926 αἱμάτων
1542 857 1630 910 τὸν
1656 857 1870 926 φθόνον,

292 955 451 1024 χερσὶ
484 951 829 1020 προσάγουσι
859 951 1177 1019 πατρικαῖς,
1210 949 1676 1018 καταψευδόμενοι
1705 949 1870 1002 θανά-

294 1064 386 1102 του
413 1044 550 1113 πρὸς
574 1041 829 1112 ἀληθινὸν
858 1041 1054 1103 πένθος
1079 1042 1170 1093 τὸν
1193 1042 1501 1111 πρεσϐύτην
1519 1043 1869 1107 ἀνάπτοντες,

291 1136 445 1198 δίκας
474 1132 834 1194 ἀπαιτοῦντες
864 1131 956 1183 τοῦ
991 1131 1216 1202 φίλτρου
1245 1131 1334 1184 τὸν
1362 1133 1626 1200 φύσαντα.

372 1316 435 1384 β’.
477 1313 642 1368 Τοῦτο
686 1311 794 1364 τῶν
842 1309 1039 1382 Ἰωσὴφ
1069 1309 1402 1380 ἀθλημάτων
1449 1310 1511 1363 τὺ
1561 1311 1868 1382 προοίμιον.

295 1408 480 1477 Φέρων
509 1407 564 1458 δὲ
602 1405 708 1456 τῶν
736 1401 1001 1458 κινδύνων
1037 1404 1067 1455 ὀ
1094 1402 1212 1466 νέος
1243 1403 1341 1465 τὰς
1369 1403 1624 1472 ἀπαρχάς
1654 1403 1873 1474 εὐχαρί-

299 1517 408 1568 στῳ
439 1496 716 1567 προθέσει,
743 1494 834 1547 τὸν
877 1493 1222 1563 ἀγωνοθέτην
1251 1494 1409 1563 τιμᾷ.
1440 1493 1785 1557 Διαπλεύσας
1816 1495 1873 1548 δὲ

297 1591 388 1646 τοῦ
415 1589 613 1657 φθόνου
636 1587 702 1639 τά
735 1586 984 1656 κύματα,
1012 1583 1426 1654 καταλαμϐάνει
1445 1585 1544 1652 τὴν
1575 1585 1870 1652 Αἴγυπτον,

299 1683 393 1736 καὶ
423 1683 632 1748 γίνεται
658 1678 844 1740 δοῦλος
875 1677 951 1747 τῷ
988 1676 1201 1745 σώματι
1232 1678 1260 1729 ὁ
1291 1675 1594 1738 ἀδούλωτος
1621 1675 1699 1746 τῷ
1744 1695 1876 1747 φρο-

297 1776 499 1843 νήματι
527 1791 540 1802 ·
585 1769 1010 1823 συναποϐάλλων
1038 1769 1116 1838 τῷ
1162 1769 1399 1838 σχήματι
1419 1775 1424 1778 ’
1444 1770 1542 1837 τῆς
1575 1768 1751 1837 ψυχῆς
1775 1769 1873 1838 τὴν

1977 580 2379 650 manipulorum
2427 579 2700 647 supplices
2753 586 3032 646 rogatores
3078 577 3428 632 exstiterunt.
3465 579 3546 634 Illi

1978 682 2227 728 naturam
2271 671 2582 740 cauponati,
2615 680 2673 724 ut
2714 669 2991 732 rebantur,
3021 669 3288 738 abjectum
3321 685 3420 739 pro
3449 687 3548 727 no-

1978 763 2069 817 tho
2119 777 2345 830 puerum
2396 763 2657 815 damnant
2709 762 2990 815 servitute.
3035 757 3148 812 lmo
3201 760 3262 812 iu—
3309 762 3543 829 speciem

1975 857 2136 910 caedis
2164 865 2370 911 vestem
2405 857 2784 925 compositam,
2811 856 2967 924 quasi
3001 855 3119 908 sine
3155 857 3418 924 sanguine
3462 858 3546 910 in-

1975 947 2271 1001 videntiam
2315 956 2587 1015 nequeant
2640 947 3026 1014 exstinguere,
3068 946 3263 1014 patriis
3310 946 3548 1002 offerunt

1975 1039 2229 1094 manibus
2276 1049 2451 1094 morte
2505 1039 2730 1092 mentita
2783 1038 2848 1092 ad
2899 1051 3088 1091 verum
3128 1037 3328 1091 luctum
3363 1052 3546 1094 senem

1977 1132 2352 1198 incendentes,
2403 1141 2460 1186 et
2513 1132 2801 1186 charitatis
2833 1145 3023 1201 pmnas
3056 1145 3083 1183 a
3116 1141 3436 1199 generatore
3463 1147 3550 1186 re-

1975 1233 2286 1292 poscentes.

2043 1316 2097 1370 2.
2127 1313 2239 1370 Hoc
2259 1314 2476 1383 Josephi
2517 1314 2881 1370 certaminum
2930 1327 3088 1384 eaput
3127 1325 3231 1370 est.
3266 1314 3550 1370 Perferens

1975 1416 2156 1461 autem
2204 1407 2520 1462 adolescens
2559 1409 2678 1460 laeto
2725 1406 2912 1460 animo
2959 1407 3134 1476 prima
3177 1406 3545 1477 periculorum:

1976 1497 2280 1551 rudimenta
2314 1497 2686 1551 munerarium
2724 1497 2982 1552 honorat.
3022 1497 3335 1566 Enavigatis
3359 1507 3543 1552 autem

1976 1587 2191 1643 invidiae
2219 1588 2468 1644 ﬂuctibus
2497 1589 2790 1659 Egyptum
2824 1600 3077 1660 occupat,
3109 1599 3164 1645 et
3197 1605 3390 1646 servus
3425 1605 3546 1645 eva-

1977 1680 2053 1734 dit
2090 1695 2340 1749 corpore,
2373 1680 2530 1749 cujus
2562 1683 2776 1735 animus
2803 1682 2935 1735 nulli
2977 1683 3302 1737 servitudini
3333 1692 3550 1752 poterat

1979 1785 2099 1824 esse
2127 1771 2416 1826 obnoxius.
2458 1769 2570 1824 Non
2616 1786 2723 1824 una
2773 1785 2897 1825 cum
2944 1771 3129 1826 habitu
3157 1770 3322 1825 animi
3357 1771 3549 1824 nobili-

300 1867 600 1932 εὐγένειαν,
640 1863 762 1916 οὐδὲ
795 1862 1156 1931 περιστάσεσι
1194 1859 1396 1929 βιαίοις
1430 1860 1528 1929 τὴν
1563 1860 1876 1930 ἐλευθερίαν

1989 1870 2144 1914 tatem
2199 1864 2388 1926 exuit,
2441 1877 2617 1930 neque
2674 1861 2928 1915 violentis
2977 1861 3240 1915 malorum
3299 1861 3552 1932 procellis

300 1955 562 2008 ἑνόθευεν.
608 1955 683 2005 Οὐ
729 1952 840 2021 γάρ
912 1951 1293 2020 συμμετέϐαλε
1353 1950 1452 2018 τὴν
1491 1950 1716 2020 γνώμην
1766 1953 1879 2015 τοῖς

308 2046 650 2115 πράγμασιν,
692 2042 815 2095 οὐδὲ
866 2040 1114 2104 δουλείας
1167 2040 1426 2111 συνηθείᾳ
1485 2041 1627 2094 κατά
1683 2041 1879 2112 μικρὸν

303 2136 400 2204 τὴν
425 2133 733 2204 ἐλευθερίαν
778 2131 1043 2202 ἐσύλησε·
1082 2132 1196 2184 ἀλλ’
1227 2125 1294 2202 ἦν
1325 2133 1422 2184 καὶ
1445 2129 1717 2183 δουλεύων
1779 2131 1880 2201 τῆς

319 2225 578 2294 Ἀϐραάμ
636 2223 907 2292 εὐγενείας
982 2223 1288 2290 ἀπόγονος·
1337 2222 1603 2291 διεδέχετο
1657 2222 1714 2273 δὲ
1772 2221 1881 2274 τῶν

309 2317 560 2386 ἀδελφῶν
605 2316 666 2368 τὸ
729 2318 917 2384 μῖσος,
965 2315 1252 2383 δεσποίνης
1295 2313 1527 2384 ἐχούσης
1583 2313 1880 2367 ἀκόλαστον

309 2409 532 2478 φίλτρον
569 2405 661 2460 τοῦ
715 2405 904 2476 μίσους
953 2407 1309 2476 τραχύτερον.
1358 2406 1468 2458 Καὶ
1521 2405 1685 2457 πάλιν
1735 2405 1882 2472 ἀγῶ-

308 2516 418 2561 νες,
463 2500 557 2551 καὶ
611 2497 953 2567 σκάμματα,
1000 2499 1092 2550 καὶ
1156 2497 1354 2566 Ἰωσὴφ
1425 2497 1878 2567 στεφανούμενος.

317 2587 374 2640 '0
417 2589 514 2656 μὲν
554 2581 645 2640 οὖν
685 2586 836 2654 ἀγὼν
881 2587 1156 2649 τοσοῦτος.
1217 2587 1277 2640 Ὀ
1329 2587 1387 2639 δὲ
1439 2587 1708 2650 παλαίων,
1761 2603 1883 2655 μει-

312 2678 528 2748 ράκιον
594 2678 804 2747 ἡλικία,
840 2677 1201 2747 σωφροσύνης
1249 2677 1521 2747 προδότις,
1571 2677 1708 2747 πρὸς
1758 2677 1882 2747 ἡδο-

310 2769 406 2838 νῆς
452 2768 572 2837 βίαν
601 2769 911 2833 εὐάλωτος’
945 2769 1190 2832 δουλείας
1236 2769 1585 2833 ταπείνωσις,
1635 2769 1881 2837 γενναίου

310 2861 744 2917 καταστέλλουσα
793 2861 1080 2930 φρόνημα·
1145 2860 1432 2929 δεσποίνης
1500 2862 1742 2929 συνεχεῖς
1792 2877 1886 2912 κο-

309 2948 498 3002 λακίαι
551 2951 668 3012 ταῖς
716 2949 906 3001 ὲλπίσι
947 2949 1038 3001 τὸν
1091 2949 1242 3002 τόνον
1285 2949 1575 3002 ὲκλύουσαι
1606 2949 1739 3019 (41).
1776 2949 1885 3002 Καὶ

312 3040 502 3093 σιωπῶ
535 3040 633 3102 τάς
665 3039 892 3104 ἔξωθεν,
926 3040 1001 3104 ῶς
1034 3040 1292 3110 γυναικὸς
1315 3086 1326 3105 ,
1383 3042 1631 3112 μηχανὰς
1661 3043 1886 3112 χρωμά-

1979 1951 2287 2005 libertatem
2349 1953 2717 2006 dedecoravit.
2772 1950 2959 2021 Neque
3011 1953 3156 2006 enim
3215 1967 3312 2021 pro
3366 1967 3548 2006 rerum

1979 2051 2174 2096 eventu
2226 2041 2367 2096 alios
2415 2041 2677 2097 induebat
2724 2043 2974 2108 animos;
3009 2057 3184 2112 neque
3215 2057 3313 2112 per
3344 2043 3550 2098 servitii

1981 2135 2429 2187 consuetudinem
2483 2133 2741 2203 paulatim
2795 2133 3102 2188 libertatein
3149 2134 3550 2189 esuitzverum

1981 2235 2103 2282 erat
2128 2227 2212 2279 vel
2251 2227 2302 2278 in
2332 2227 2595 2280 servitute
2629 2226 2932 2280 nobilitatis
2978 2225 3400 2280 Abrahamiticm
3426 2240 3554 2294 pro-

1983 2316 2188 2386 genies.
2214 2314 2464 2368 Fratrum
2497 2315 2619 2369 odia
2649 2316 2848 2384 excipit
2886 2314 3080 2369 mulier
3107 2313 3312 2369 habens
3341 2329 3552 2372 amores

1985 2406 2338 2474 impotentes,
2381 2419 2443 2458 ac
2470 2405 2609 2458 odiis
2657 2404 3026 2467 immaniores,
3061 2404 3270 2473 quibus
3310 2419 3431 2458 cum
3462 2405 3553 2459 Jo—

1983 2497 2153 2564 sepho
2194 2505 2468 2549 certamen
2523 2493 2646 2559 fuit,
2692 2504 2748 2550 et
2794 2495 3073 2550 contentio
3095 2511 3205 2549 non
3228 2495 3432 2565 absque
3465 2510 3556 2550 co-

1988 2601 2138 2640 roua.
2165 2585 2448 2640 Certamen
2486 2585 2628 2638 tale:
2660 2585 2896 2640 luctator
2925 2585 3359 2642 adolescentulus
3382 2603 3397 2650 ;
3422 2597 3552 2641 aetas

1985 2679 2251 2748 ejusmodi
2299 2693 2419 2747 qua:
2469 2677 2883 2746 temperantiam
2927 2677 3140 2747 prodat,
3175 2693 3403 2748 qumque
3459 2694 3554 2730 vn-

1985 2767 2205 2838 luptatis
2235 2769 2485 2826 violentia
2528 2768 2686 2823 facile
2713 2768 2958 2838 capiatur
2993 2784 3010 2833 ;
3045 2769 3253 2824 servitii
3281 2769 3555 2824 humilitas

1983 2861 2068 2915 vel
2105 2875 2394 2931 generosos
2431 2860 2642 2914 animos
2668 2859 2974 2930 deprimat;
3009 2859 3241 2914 dominae
3275 2859 3544 2913 adulatio-

1987 2965 2083 3005 nes
2128 2959 2423 3020 perpetuae.
2475 2964 2596 3019 quae
2641 2963 2738 3018 spe
2795 2947 2944 3002 varia
2991 2949 3347 3003 constantiam
3381 2954 3556 3002 tenta-

1989 3049 2127 3094 rent.
2167 3039 2351 3096 Taceo
2373 3051 2632 3096 externas
2659 3039 2903 3096 mulieris
2936 3047 3104 3105 artes,
3134 3038 3338 3106 fucum,
3366 3040 3552 3099 verba,

309 3150 414 3186 των
441 3174 453 3197 ,
479 3133 740 3204 ῥημάτων
761 3175 776 3199 ,
804 3131 1122 3202 σχημάτων,
1145 3132 1245 3196 τὰς
1271 3131 1336 3184 δι’
1364 3132 1627 3202 ὀμμάτων
1647 3132 1881 3195 ἀπάτας,

1989 3139 2192 3194 vestes,
2224 3131 2507 3188 oculorum
2557 3131 2864 3201 pellaciam,
2896 3131 3139 3202 lecythos
3164 3133 3554 3202 unguentarius

312 3222 404 3284 τὰς
426 3222 494 3275 δι’
518 3223 844 3293 ὀσφρήσεως
880 3221 1062 3284 λίθους
1089 3221 1223 3290 (Ω),
1253 3220 1351 3280 τὰς
1375 3221 1439 3274 δι’
1465 3219 1640 3276 ἀκοῶν
1665 3221 1764 3291 τῆς
1782 3220 1884 3289 ψυ-

1989 3239 2048 3278 se
2078 3223 2302 3278 naribus
2346 3223 2711 3288 insinuantes,
2748 3223 2940 3278 animae
2991 3237 3087 3294 per
3124 3238 3288 3283 aures
3323 3223 3557 3279 obsidio—

1539 3397 1644 3452 οι..
1684 3397 2052 3466 musque"
2095 3399 2324 3456 non;

385 3552 494 3624 (ιο)
539 3551 656 3620 Τὴν
679 3553 871 3621 φύσιν
900 3551 1369 3624 καπηλεύοντες.
1414 3549 1652 3624 Auctore
1686 3551 1886 3624 _Eunio

325 3621 559 3676 uenturam
579 3631 942 3690 cauponantes
961 3623 1243 3690 vertimus.
1272 3621 1490 3675 Dixerat
1513 3622 1638 3674 olim
1663 3621 1891 3690 Eschy-

325 3695 400 3746 lus
433 3692 670 3762 πόλεμον
693 3689 1054 3762 καπηλεύειν.
1098 3689 1229 3745 Hor.
1271 3690 1604 3762 DedecorAum
1629 3689 1888 3762 pretiosus

323 3773 535 3830 emptor.
574 3760 658 3814 'S.
688 3761 924 3829 Iguatius
981 3769 1217 3828 martyr,
1266 3775 1426 3829 quem
1459 3760 1527 3813 ob
1562 3761 1885 3827 elegantiam

324 3833 596 3897 prmterire
638 3847 741 3884 non
786 3845 1026 3898 possum,
1065 3831 1131 3883 de
1185 3830 1357 3899 planis
1413 3830 1757 3898 quibusdam,
1797 3830 1887 3898 qui

321 3903 434 3969 jura
463 3902 646 3957 omnia
674 3901 977 3968 prmscrtim
1013 3899 1193 3952 divina
1238 3899 1450 3969 venalia
1487 3899 1776 3963 habebant,
1816 3904 1887 3969 ita

327 3966 570 4038 despecte
602 3966 839 4038 loquitur
869 3969 1105 4034 Epistola
1138 3970 1205 4021 ad
1244 3966 1542 4023 Trallianos
1566 3985 1584 4021 :
1630 3969 1750 4021 Εἰσὶ
1780 3968 1887 4038 γάρ

324 4057 458 4103 τινες
507 4040 892 4110 ματαιολόγοι,
953 4038 1044 4110 καὶ
1072 4041 1411 4108 φρεναπάται
1451 4039 1512 4090 ού
1549 4039 1887 4110 Χριστιανοὶ,

327 4111 453 4163 ἀλλά
471 4109 870 4181 χριστέμποροι
901 4109 1082 4181 ἀπάτῃ
1110 4111 1256 4178 (fors
1283 4110 1526 4181 ἁπάντη)
1562 4109 1888 4181 περιφέρον-

327 4198 410 4242 τες
438 4178 522 4232 τί]
541 4178 713 4248 ονομα
745 4178 1004 4250 Χριστοῦ,
1048 4178 1142 4232 καὶ
1177 4178 1578 4248 καπηλεύοντες
1602 4178 1707 4250 τὸν
1733 4178 1889 4250 λόγον

331 4250 416 4302 τοῦ
452 4248 812 4318 Εὑαγγελίουζ
869 4251 1001 4302 Sunt
1032 4250 1169 4301 enim
1203 4250 1440 4301 nonnulli
1491 4248 1775 4316 etrniloqui,
1805 4264 1890 4300 so-

331 4321 607 4387 ciofraudi,
654 4337 757 4373 non
799 4319 1127 4387 Christiani,
1169 4322 1259 4372 sed
1304 4318 1500 4372 Christi
1549 4318 1773 4387 nundini
1819 4320 1888 4375 ad

329 4385 566 4456 fraudem
602 4389 1030 4457 circumferentes
1059 4386 1258 4442 Christi
1291 4403 1497 4454 nomen,
1532 4397 1578 4440 et
1615 4385 1890 4457 Evangelii

331 4476 492 4511 rocem
517 4461 890 4514 nundinantes.

397 4531 506 4598 (Η)
545 4531 656 4584 Τὸν
678 4530 858 4598 τόνον
889 4528 1238 4598 ἐκλύουσαι.
1290 4527 1579 4598 Propterea
1623 4535 1886 4598 amantes,

333 4597 445 4654 telis
475 4597 748 4669 Cupidinis
771 4597 885 4662 icti,
920 4597 1104 4651 Martis
1128 4598 1349 4669 spiculis
1381 4607 1472 4669 aut
1498 4597 1891 4669 intorquendis

332 4679 417 4722 aut
449 4667 690 4722 ferendis
727 4677 852 4722 sum
886 4669 1118 4733 impares
1158 4683 1266 4734 pra:
1318 4667 1719 4726 imbecillitate.
1755 4667 1890 4720 eliso

330 4737 428 4805 iam
452 4740 670 4792 virtutis
703 4751 888 4791 nervo.
910 4735 1104 4805 Eorum
1143 4738 1345 4790 viribus
1373 4752 1466 4804 per
1488 4751 1724 4789 amorem
1752 4737 1889 4789 hanc

333 4804 513 4860 inferri
542 4823 740 4861 noxam
769 4807 945 4858 disces
974 4822 1002 4857 e
1030 4804 1202 4858 Plauti
1237 4806 1533 4860 Mercatore
1564 4821 1575 4856 :
1605 4805 1810 4860 Amoris
1838 4805 1883 4858 t-i
1917 4811 1965 4869 Ι)

333 4877 686 4946 diffunditari,
719 4894 780 4930 ac
810 4875 992 4940 deteri.

401 4943 509 5012 (42)
544 4947 656 5011 Τὰς
688 4947 763 4999 δι’
794 4946 1149 5013 ὀσφρήσεως
1173 4945 1403 5008 λίθους.
1437 4943 1514 4996 Au
1553 4959 1681 5005 ergo
1709 4946 1892 4997 odora-

335 5025 416 5071 tus
445 5017 716 5084 lapidibus
749 5023 831 5070 est
864 5013 1117 5084 pervius?
1143 5014 1304 5084 Qerte
1331 5014 1458 5066 mihi
1500 5015 1700 5084 lapides
1747 5013 1891 5084 loqui

335 5082 562 5148 videtur,
598 5088 711 5140 hinc
743 5085 832 5154 qui
865 5082 1124 5152 loquitur.
1157 5082 1461 5154 Ignorantia
1498 5082 1894 5154 lapidum-bene

335 5159 674 5209 adoratorqu
717 5152 844 5224 mihi
915 5171 1048 5208 sane
1095 5156 1194 5206 hoc
1245 5153 1363 5207 loco
1417 5152 1739 5224 pertuolcsta
1791 5160 1892 5224 est.

338 5229 456 5299 Scio
494 5241 629 5299 quas
662 5221 868 5299 Ophiti,
900 5223 1263 5299 quaangati
1286 5224 1428 5299 vires
1453 5221 1697 5299 Qt'phens
1724 5221 1895 5299 aseni-

341 5298 444 5349 bat.
477 5289 545 5348 Αἰ
573 5289 848 5363 quirereudi
888 5289 1012 5346 sunt
1047 5289 1284 5360 lapides,
1334 5291 1423 5363 qui
1478 5289 1698 5363 Veneris
1743 5289 1900 5359 pullis

340 5369 462 5434 [rati
493 5359 603 5420 sint
635 5365 803 5420 odore
834 5359 1124 5430 exquisita,
1158 5371 1214 5416 et
1249 5360 1566 5434 in_dcliciis.
1602 5359 1900 5434 Haerentem

344 5430 420 5488 ine
442 5436 612 5490 Andr.
647 5435 816 5490 Iloius
856 5436 922 5486 ad
964 5446 1095 5484 saxa
1135 5431 1326 5484 murali
1376 5439 1639 5483 tormento
1690 5430 1903 5482 concita

344 5517 564 5570 revocat,
606 5515 662 5560 ιιι
713 5504 1044 5575 persistatur
1076 5503 1125 5554 in
1165 5501 1480 5568 metaphora
1511 5515 1539 5551 a
1575 5514 1630 5552 re
1663 5499 1852 5554 bellica
1891 5515 1904 5548 :

407 5619 503 5676 Hic
535 5639 614 5676 me
642 5618 1009 5688 Dnusqueium
1045 5615 1218 5688 varios
1250 5613 1445 5667 incerta
1471 5628 1562 5680 per
1591 5623 1749 5666 (estus

411 5689 550 5746 Mens
585 5693 720 5761 rapit
758 5685 1054 5744 undantem
1079 5685 1219 5737 curis
1253 5701 1313 5735 ac
1344 5699 1512 5751 pauca
1543 5695 1814 5736 novantem

358 5788 620 5840 «novare
651 5790 968 5853 parantem.
1009 5775 1224 5830 Possint
1256 5771 1420 5834 λίθοις
1451 5772 1655 5841 lapides
1695 5772 1766 5828 illi
1801 5774 1914 5838 capi

1991 3569 2088 3621 pro
2116 3555 2251 3606 vasis
2288 3555 2510 3622 lapideis
2534 3594 2549 3618 .
2584 3555 2698 3611 sive
2736 3557 3006 3625 pyxidulis
3049 3564 3102 3612 et
3129 3557 3409 3612 alabastris
3437 3596 3452 3620 ,
3503 3559 3554 3611 iu

1989 3625 2185 3690 quibus
2221 3635 2494 3695 unguenta
2519 3635 2568 3678 et
2597 3630 2790 3679 odores
2827 3628 2960 3679 varii
2989 3627 3378 3691 reconitisscut,
3413 3631 3555 3695 quod

1989 3692 2433 3764 ποιητικώτερον.
2465 3693 2604 3760 Quid
2629 3695 2672 3748 si
2703 3696 2988 3749 exturbent
3019 3696 3218 3761 λίθους,
3244 3704 3296 3751 ct
3323 3692 3558 3751 moliiam

1991 3776 2353 3830 reponamque
2389 3764 2682 3836 ληκύθοιςῖ
2709 3781 2843 3836 quas
2875 3767 3261 3834 unguentarias
3295 3767 3561 3836 intelligeo

1990 3846 2126 3902 rein,
2152 3848 2270 3900 quae
2298 3835 2524 3900 perditis
2553 3835 2876 3888 mulieribus
2905 3841 3081 3902 primo
3115 3847 3238 3890 sunt
3265 3836 3315 3888 in
3353 3835 3555 3890 amore.

1991 3899 2065 3976 De
2103 3899 2230 3976 voce
2249 3902 2600 3976 Etytnologtts
2626 3921 2638 3957 :
2669 3899 3057 3976 ξΑλάὸαστρον,
3083 3907 3175 3958 καὶ
3197 3905 3558 3976 ἀλάϐαστρος,

1988 3969 2221 4040 λήκυθος
2249 3969 2423 4040 λιθίνη
2454 3969 2590 4040 πρὸς
2611 3972 2799 4041 μύρων
2820 3969 3079 4027 ἀπόθεσιν
3099 3991 3113 4005 ο
3142 3969 3483 4028 Alabastruin
3508 3987 3556 4027 et

1991 4041 2260 4093 alabaster
2314 4041 2551 4108 lecylhus
2603 4058 2632 4094 e
2685 4041 2859 4108 lapide
2909 4044 3192 4110 condendis
3252 4045 3554 4110 unguentis.

1990 4110 2319 4181 Quandoque
2363 4111 2609 4181 lecythus
2636 4124 2665 4181 e
2697 4111 2867 4181 vitro.
2905 4109 3200 4181 Hesychius
3235 4131 3248 4166 :
3285 4109 3559 4181 Λήκυθος,

1990 4169 2096 4248 κήαι
2121 4169 2406 4248 μυρὸθήκη
2446 4169 2615 4246 βισίον
2645 4179 2879 4232 ὑάλινον.
2912 4169 3169 4248 Rescribe
3191 4195 3252 4234 ex
3280 4169 3561 4235 Eu'stathio

1990 4260 2041 4301 el
2067 4247 2232 4320 S_uida
2269 4247 2396 4300 voce
2419 4248 2609 4320 φόρος.
2641 4248 2916 4320 βίκιονηίά
2947 4258 3064 4320 est,
3096 4247 3351 4320 Lecytlms
3379 4262 3425 4304 et
3451 4269 3560 4320 my-

1991 4316 2556 4391 rotlieciumpgxiduln
2592 4335 2618 4371 e
2645 4321 2799 4371 vitro.
2835 4316 3096 4374 Martialis
3127 4316 3216 4374 lib:
3265 4337 3346 4384 Ill,
3385 4316 3555 4391 epis}.

1992 4388 2059 4441 5ι
2089 4388 2141 4440 in
2167 4386 2392 4442 Gelliam
2425 4404 2442 4441 :

1993 4477 2145 4549 Quod
2177 4495 2481 4549 quacunque
2515 4481 2676 4542 venis,
2711 4495 2952 4534 cosmum
2986 4480 3215 4549 migrare
3253 4490 3534 4549 putamus,

1998 4547 2058 4602 Et
2090 4547 2248 4617 ﬂuere
2280 4547 2499 4603 excusso
2529 4551 2776 4603 cinnama
2814 4550 2939 4619 [usa
2966 4547 3120 4608 vitro.

1993 4641 2057 4693 Et
2083 4641 2219 4693 libro
2253 4656 2327 4702 ts.
2364 4641 2532 4710 θυῖεν.
2560 4641 2649 4703 53,
2679 4640 2864 4700 Gellia:
2911 4641 3136 4696 multam
3176 4621 3429 4710 pyxidem
3460 4654 3558 4706 0p—

1993 4713 2233 4778 probrat,
2269 4711 2463 4778 quibus
2495 4711 2580 4764 illa
2612 4711 2755 4765 velut
2789 4712 3004 4766 condita
3041 4711 3137 4771 sit,
3176 4721 3229 4763 et
3260 4710 3488 4777 sepulta.

2137 4799 2204 4853 Et
2233 4801 2402 4854 latens
2430 4810 2635 4855 centum
2663 4802 2874 4856 condita
2903 4800 3208 4872 pyaidibus.

1993 4897 2154 4957 Libro
2186 4897 2445 4960 secundo,
2477 4897 2649 4965 epigr.
2683 4896 2737 4950 9.

2136 4987 2286 5051 Quod
2326 4987 2490 5039 cosmi
2514 4986 2744 5040 redolent
2769 4987 3065 5042 alabastra.

1997 5079 2077 5132 Ab
2115 5077 2976 5149 ipsapauperculiausokﬁxuﬁot
3032 5074 3229 5149 vocati.
3266 5074 3560 5149 __Ety_mqlo—

1999 5164 2097 5216 gus
2126 5144 2152 5200 ι’
2175 5144 2550 5213 Αὑτολήκυθος
2583 5147 2610 5197 ὁ
2650 5144 2817 5216 πένης
2847 5144 3068 5199 ἀπὸ,τοῦ
3103 5147 3314 5216 ἑαυτοῖς
3337 5144 3434 5207 τὰς
3467 5145 3563 5213 λη-

2002 5215 2199 5278 κύθους
2234 5217 2418 5286 φέρειν
2458 5217 2536 5277 είς
2563 5217 2629 5271 τὰ
2665 5215 2951 5283 βαλανεῖα·
2990 5215 3564 5286 Λαιοίστυιίιιισίγᾳιι-

2003 5304 2113 5352 per.
2162 5303 2222 5340 eo
2247 5283 2386 5355 quod
2437 5286 2567 5339 tales
2600 5302 2772 5340 secum
2802 5286 3031 5354 lecytlios
3074 5284 3345 5338 inbalnea
3390 5283 3561 5350 defer-

2005 5366 2138 5413 rent.

2081 5426 2306 5479 lt‘iebant
2338 5433 2472 5478 ctex
2496 5426 2663 5491 corio,
2687 5435 2739 5478 ct
2780 5440 2843 5478 ex
2880 5438 3008 5478 mre.
3053 5423 3346 5479 Zacharias
3392 5421 3564 5474 Theo-

2011 5497 2130 5547 criti
2187 5504 2465 5548 euarralor
2509 5497 2558 5548 iu
2597 5495 2838 5564 Idylliuut
2871 5495 3170 5564 secundum
3204 5491 3432 5564 :_"0)tr:q
3463 5507 3563 5564 κυ-

2017 5565 2143 5634 ρίως
2175 5565 2206 5634 η
2232 5565 2526 5634 δερματίνη
2576 5558 2828 5634 λήκυθος,
2865 5563 2929 5634 δι’
2956 5558 3024 5634 ἦς
3054 5558 3563 5634 ἑστιν-όπτησασθαιι

2015 5603 2074 5685 ξι)
2103 5603 2419 5696 ἕλαίονῖδῖὖν
2446 5603 2658 5695 δὲιίσωις
2690 5603 3019 5703 τὴνὶίίαλκῆδν,
3045 5648 3175 5703 φησι
3198 5603 3443 5703 λήκυθον-
3478 5629 3565 5703 διὰ

2017 5703 2076 5755 τὸ
2103 5704 2292 5772 Δορίδα
2341 5704 2503 5770 φάναι
2544 5705 2663 5756 ἀντί
2702 5698 3009 5824 Κορινθίαᾷ
3056 5698 3122 5752 τά
3168 5698 3274 5770 γὰρ
3310 5698 3562 5769 Κορίνθια

2022 5775 2351 5824 “imbuat;
2388 5774 2745 5824 διαϐεϐόηται.
2805 5785 2890 5824 ιιιο
2936 5787 2996 5824 cx
3032 5785 3184 5824 auro.
3230 5779 3283 5823 et
3323 5776 3562 5824 argento.

2022 5775 2351 5842 χαλκώματα
2388 5774 2745 5842 διαϐεϐόηται.
2781 5774 2890 5826 Ιιιιο
2936 5787 2996 5824 cx
3032 5785 3184 5834 auro,
3230 5779 3283 5823 et
3323 5776 3565 5837 argento,
