3990 6160
414 351 517 420 123
554 329 563 337 ’

1606 359 1887 419 BASILII
1927 359 2466 420 SELEUCIENSIS

3578 352 3679 416 124

418 474 701 535 spurcatas
723 483 879 525 aures
911 469 1260 525 medicabor?
1303 468 1573 538 quomodo
1626 478 1838 524 tuorum
1870 484 1975 523 ver

2111 470 2273 524 Ἀλλὰ
2312 471 2407 523 καὶ⁸
2440 471 2629 541 χεῖρας
2651 469 2916 524 ἐπέϐαλεν
2940 466 3288 537 ὡπλισμένοις
3312 468 3423 532 τοῖς
3456 465 3674 520 πάθεσι.

422 558 615 612 borum
656 561 961 630 abstergam
1013 560 1455 630 inquinamenta?
1507 559 1728 614 Talibus
1775 570 1981 629 tempe-

421 652 611 706 rantim
653 653 902 707 amuletis
948 668 1097 718 usus,
1141 655 1221 708 vir
1251 653 1434 723 justus
1484 654 1612 708 [erat
1653 654 1861 708 libidini
1898 669 1989 709 ar-

417 740 562 794 denti
621 743 896 809 persuasit
941 742 1109 796 nihil:
1161 742 1249 796 illa
1308 752 1497 796 contra
1551 758 1744 797 manus
1777 743 1829 796 in
1865 758 1987 797 enm

416 827 600 895 injecit
630 840 868 885 armatas
908 830 1156 886 libidine.
1196 829 1400 885 Przesto
1431 836 1609 884 autem
1643 829 1832 882 aderat
1867 845 1986 882 mu-

414 911 651 969 lierculae
675 915 911 970 amuleto
935 917 1202 983 diabolus,
1239 918 1330 986 qui
1359 926 1414 972 et
1434 916 1683 971 adulterii
1726 932 1988 971 munera-

417 1012 503 1057 tor
553 1013 715 1068 erat,
777 1014 833 1060 et
884 1005 1118 1061 lasciviae
1176 1007 1585 1076 nympbagogus
1628 1023 1643 1061 :
1703 1006 1990 1074 ignorabat

415 1106 597 1149 tamen
639 1097 825 1166 utique
854 1112 913 1152 se
933 1097 1195 1152 adversus
1225 1097 1778 1165 temperantissimum
1815 1093 1989 1152 athle-

415 1193 527 1239 tam
577 1184 777 1240 luctam
820 1187 1144 1255 suscepisse.
1178 1186 1483 1242 Tenacibus
1524 1188 1777 1243 manibus
1808 1198 1990 1243 reten-

417 1286 523 1329 tam
565 1278 884 1345 permittens
907 1290 1141 1341 vestem,
1173 1278 1411 1334 libidinis
1444 1278 1632 1350 ell'ugit
1656 1296 1836 1346 ansas,
1861 1280 1989 1352 luga

420 1381 550 1419 usus
578 1382 675 1435 pro
699 1367 867 1421 armis
901 1368 974 1435 (et
999 1367 1100 1421 hoc
1133 1366 1538 1435 fortitudinis!)
1576 1372 1736 1425 tradit
1759 1380 1985 1438 vestem,

419 1463 475 1503 nt
509 1454 928 1521 temperantiam
979 1464 1181 1521 teneat,
1226 1468 1591 1528 strenuusque
1627 1461 1782 1516 miles
1816 1462 1990 1517 virtu-

418 1543 486 1596 tis
514 1544 748 1598 stadium
786 1547 963 1602 nudus
986 1548 1266 1602 decurrit:
1297 1549 1532 1617 denique
1557 1551 1787 1606 nudatur
1811 1563 1986 1619 veste,

417 1649 485 1688 ne
524 1636 753 1690 nudetur
793 1653 824 1692 a
860 1641 1239 1709 temperantia.
1285 1637 1545 1696 Luxuriae
1572 1657 1701 1698 vero
1733 1645 1837 1698 dux
1871 1644 1989 1700 dia-

417 1723 571 1778 bolus
616 1741 719 1778 una
781 1744 904 1782 cum
960 1731 1282 1785 muliercula
1329 1732 1575 1787 devictus
1633 1734 1739 1791 alio
1797 1752 1987 1793 rursus

2095 561 2286 632 Παρῆν
2310 561 2365 614 δὲ
2395 561 2802 632 συναγωνιστὴς
2843 559 2937 614 τοῦ
2971 560 3203 628 γυναίου.
3226 558 3495 622 διάϐολος,
3525 559 3554 611 ὁ
3577 562 3676 631 τῆς

2098 652 2343 722 μοιχείας
2373 652 2738 723 ἀγωνοθέτης,
2773 652 2868 704 καὶ⁵
2895 653 2996 722 τῆς
3028 651 3325 714 ἀκολασίας
3371 667 3676 721 νυμφαγω-

2092 744 2187 812 γός
2214 759 2227 772 ο
2260 744 2444 813 ἠγνόει
2472 744 2530 796 δὲ
2562 745 2670 815 ἄρα
2722 742 2858 814 πρὸς
2899 743 3139 813 ἀθλητὴν
3174 742 3531 815 σωφροσύνης
3567 760 3675 798 πα-

2087 833 2278 889 λαίων.
2331 836 2409 904 Τῇ
2450 834 2726 906 κρατούσῃ
2763 835 2908 907 χειρὶ
2935 835 3026 895 τὸν
3058 834 3431 906 κρατούμενον
3466 835 3676 907 χιτῶνα

2092 924 2419 996 προσρίψας,
2443 925 2541 991 τὰς
2563 926 2894 990 ἀκολάστους
2916 926 3287 995 διαδιδράσκει
3307 925 3500 991 λαϐἀς,
3523 927 3676 998 ὅπλῳ

2091 1018 2156 1086 τῇ
2201 1019 2347 1087 φυγῇ
2403 1017 2540 1087 πρὸς
2584 1016 2865 1086 ἀριστείαν
2905 1018 3285 1088 χρησάμενοςο
3319 1018 3420 1075 καὶ
3461 1018 3673 1088 γίνεται

2089 1105 2185 1159 τοῦ
2212 1106 2439 1176 χιτῶνος
2473 1108 2737 1178 προδότης
2762 1148 2779 1172 ,
2813 1109 2901 1169 ἵνα
2935 1109 3111 1180 φύλαξ
3133 1111 3360 1181 γένηται
3389 1111 3674 1183 σωφροσύ-

2091 1215 2191 1268 νης
2212 1215 2224 1227 ·
2258 1199 2352 1252 καὶ
2396 1200 2579 1270 τρέχει
2609 1201 2815 1272 γυμνὸς
2848 1202 3109 1273 ἀριστεὺς
3154 1202 3245 1255 τὸν
3282 1202 3423 1274 ὑπὲρ
3471 1205 3673 1275 ἀρετῆς

2090 1290 2278 1357 ἀγῶνα
2332 1290 2555 1363 δραμών
2580 1309 2594 1323 ο
2642 1293 2739 1346 καὶ
2792 1293 3095 1364 γυμνοῦται
3148 1294 3400 1366 χιτῶνος,
3453 1294 3543 1348 ἴνα
3596 1293 3671 1365 μὴ

2090 1381 2354 1452 γυμνωθῇ
2387 1382 2760 1454 σωφροσύνης.
2795 1383 2886 1454 Τῷ
2922 1384 2979 1437 δὲ
3013 1385 3221 1455 γυναίῳ
3255 1384 3617 1455 συνηττηθεὶς
3643 1387 3671 1437 ὁ

2092 1474 2396 1543 στρατηγὸς
2428 1474 2527 1544 τῆς
2550 1473 2845 1538 ἀκολασίας
2877 1474 2988 1546 (52)
3021 1475 3289 1540 διάϐολος,
3342 1476 3531 1546 ἑτέρου
3560 1475 3667 1528 πά-

2089 1562 2171 1616 λιν
2196 1562 2499 1627 ὁπλίζεται,
2527 1563 2782 1635 καὶπρὸς
2817 1563 2988 1634 θυμὸν
3026 1565 3425 1636 μετασκευάζει
3454 1565 3515 1618 τὸ
3545 1565 3670 1634 φίλ-

2088 1670 2216 1726 τρον
2234 1670 2247 1683 ο
2271 1655 2364 1707 καὶ
2384 1653 2636 1725 χαλκεύει
2667 1656 2757 1708 τὸν
2787 1656 2951 1709 πόθον
2982 1659 3061 1719 εἰς
3085 1656 3268 1722 ὅπλον,
3294 1658 3391 1711 καὶ
3416 1656 3665 1725 γλῶτταν

2090 1742 2293 1814 ἐγείρει
2325 1745 2650 1815 κατήγορον,
2685 1744 2778 1797 καὶ
2811 1744 3087 1814 χιτῶνῦσα
3117 1744 3304 1798 δεικνα
3327 1743 3665 1797 mantissam

416 1830 566 1868 arma
617 1819 798 1885 vertit,
836 1836 1075 1875 amorem
1110 1824 1160 1876 in
1197 1822 1334 1876 iram
1368 1825 1659 1891 convertit,
1696 1834 1749 1881 et
1775 1842 1845 1881 ex
1886 1829 1975 1882 im-

2096 1834 2161 1887 ’Ὤ
2184 1812 2484 1905 παραδόξου
2517 1812 2930 1905 συκοφαντείας,
2962 1837 3057 1890 καὶ
3087 1836 3273 1899 ἀνοίας
3304 1836 3665 1907 βαρϐαρικῆςῑ

416 1906 637 1972 pudenti
672 1909 946 1965 desiderio
968 1914 1220 1981 procudit
1250 1928 1425 1980 arma,
1461 1915 1805 1987 linguamque
1835 1934 1988 1974 accu-

416 1999 670 2054 satricem
718 2004 971 2068 suscitat,
1022 2004 1110 2058 illa
1160 2016 1364 2062 vestem
1404 2016 1686 2063 ostentans
1717 2010 1875 2065 fidem
1910 2011 1989 2064 fa-

416 2089 512 2143 cit.
548 2089 592 2144 Ο
637 2091 1063 2160 inexspectatam
1117 2098 1592 2153 maledicentiam!
1638 2116 1672 2154 ο
1714 2101 1986 2154 insaniam

414 2178 793 2238 barbaricam!
843 2185 978 2240 Cum
1015 2188 1187 2256 pallii,
1242 2203 1351 2258 quo
1404 2205 1598 2245 manus
1638 2201 1985 2260 accusentur,

414 2269 489 2324 sit
517 2275 801 2339 gestatrix.
832 2276 1030 2348 linguae
1056 2282 1337 2335 accusanti
1366 2283 1628 2338 creditur.
1666 2285 1735 2339 Et;
1770 2285 1825 2338 in
1864 2299 1986 2339 car-

411 2376 536 2418 cere
561 2362 829 2434 Josephus
871 2370 1125 2436 habetur,
1177 2387 1370 2428 servus
1423 2374 1585 2429 simul
1636 2388 1702 2430 ac
1749 2377 1982 2432 vinetus.

412 2452 613 2510 Verum
672 2456 928 2516 ﬂuctibus
991 2462 1156 2517 tantis
1218 2463 1708 2518 circumstantibus
1769 2465 1986 2534 juvenis

409 2546 711 2603 exhaustus
761 2551 1138 2621 inconsumpto
1170 2554 1350 2608 animo
1383 2556 1664 2623 perdurat.
1700 2554 1809 2609 Nec
1836 2555 1980 2609 enim

412 2649 597 2690 vocem
639 2638 772 2703 jt-cit
813 2642 1164 2709 mgrescentis
1216 2641 1310 2696 Dei
1365 2643 1782 2697 sollicitudinem
1832 2646 1985 2700 incu-

409 2740 537 2781 sans
566 2743 581 2781 :
617 2726 754 2791 lloc,
784 2730 994 2796 dicens,
1038 2748 1135 2800 pro
1166 2732 1369 2787 virtute
1410 2733 1800 2789 hostimentum
1842 2737 1865 2789 ?
1896 2738 1985 2793 hic

408 2815 576 2868 animi
625 2816 832 2871 i'uctus
881 2820 1274 2888 temperantis?
1323 2821 1438 2877 haec
1478 2838 1623 2877 cura:
1666 2822 1721 2878 in
1776 2834 1981 2894 patrem

408 2907 672 2961 merces?
720 2906 977 2975 luvideri,
1028 2912 1236 2977 venire,
1284 2912 1533 2969 barbaris
1588 2915 1841 2970 servire?
1873 2916 1981 2971 Pro

408 2995 570 3048 domo
598 3011 815 3063 carcer,
846 3000 1009 3054 etiam
1038 3000 1239 3057 ferrata
1265 3005 1521 3072 compede
1547 3007 1767 3062 teneor?
1796 3009 1981 3065 Nosne

407 3084 673 3142 adulterio
704 3090 1018 3157 superiores
1063 3093 1131 3148 ad
1176 3108 1336 3163 pares
1363 3111 1482 3150 eum
1509 3098 1735 3152 moechis
1785 3114 1975 3169 poenas
2006 3138 2049 3195 α

405 3178 726 3232 servamur?
760 3180 963 3237 [lorum
1013 3184 1144 3238 nihil
1194 3186 1413 3254 elfutiit,
1454 3189 1549 3243 sed
1583 3198 1770 3244 contra
1796 3194 1974 3247 omnia

405 3268 717 3335 patientiam
748 3273 975 3341 objecit,
1004 3287 1278 3346 gratoque
1330 3280 1513 3337 animo
1563 3282 1800 3350 pericula
1853 3299 1975 3341 sns-

408 3357 549 3412 tulit.
566 3360 744 3430 Atque
767 3363 933 3417 etiam
958 3373 1143 3422 tacens
1168 3370 1971 3444 condemnabaturjustojudici

395 3443 659 3512 judicium
689 3466 996 3522 reservans,
1028 3465 1083 3511 et
1110 3458 1352 3526 linguam
1383 3461 1545 3520 silere
1573 3465 1759 3521 docuit
1794 3443 1973 3523 oculis

401 3536 804 3599 immortalibus
841 3544 1099 3601 ultionem
1123 3552 1479 3609 concredens.

468 3628 524 3682 ὅ.
555 3628 609 3683 Si
644 3631 745 3688 hoc
772 3635 1083 3702 admiraris,
1118 3643 1188 3695 mi
1224 3642 1439 3710 dilecte,
1467 3660 1597 3701 ecce
1622 3649 1762 3716 quod
1796 3651 1972 3721 majus

397 3728 506 3782 est,
535 3728 587 3774 et
619 3722 961 3791 obstupesce.
994 3725 1124 3783 Vide
1162 3729 1520 3789 adolescentis
1546 3739 1970 3806 magnanimita-

399 3815 535 3875 tem,
564 3811 687 3866 vide
710 3813 905 3869 divinaa
934 3816 1285 3889 philosophia:
1311 3821 1709 3893 celsitudinem,
1733 3839 1791 3884 ut
1814 3831 1973 3901 nujus

397 3896 562 3952 animi
593 3901 824 3959 aemulus
854 3905 1140 3962 Conditori
1175 3909 1411 3979 placeas.
1442 3911 1673 3979 Quando
1701 3916 1827 3973 talia
1857 3896 1974 3988 pier-

393 4002 604 4057 pessus,
635 4007 703 4048 ne
738 3996 905 4052 verbo
947 3998 1164 4066 quidem
1213 4000 1439 4069 injurias
1476 4006 1624 4062 ultus
1661 4017 1766 4073 est,
1794 4026 1969 4081 neque

395 4079 448 4132 iu
472 4096 567 4137 eos
587 4084 679 4152 qui
709 4084 859 4139 illum
894 4090 1269 4148 acerbissimis
1298 4096 1536 4166 undique
1562 4079 1966 4161 calamitatibus

394 4172 759 4243 involvebant,
812 4194 999 4235 vocem
1048 4181 1160 4254 49
1207 4190 1394 4244 emisit
1429 4192 1785 4250 acerbiorem.
1823 4198 1966 4252 Cou-

393 4265 714 4320 versabatur
758 4270 902 4323 enim
959 4273 1012 4326 in
1062 4288 1285 4333 carcere
1329 4295 1451 4336 cum
1507 4284 1673 4354 regiis
1711 4289 1962 4356 captivis,

393 4354 590 4422 quibus
641 4372 763 4412 cum
814 4358 1227 4431 inexplicabiles
1276 4373 1612 4427 somniorum
1653 4354 1968 4434 resolvisset

2092 1926 2309 1981 Χιτῶνα
2354 1927 2591 1996 φέρουσα
2645 1928 2754 1982 τῶν
2807 1929 3008 1999 χειρῶν
3038 1929 3128 1981 τὸν
3174 1932 3478 1999 κατήγορον
3527 1929 3668 1998 (55),

2092 2017 2301 2089 γλώττῃ
2332 2018 2710 2090 κατηγορούσῃ
2755 2019 3107 2073 πιστεύεται·
3147 2018 3242 2073 καὶ
3287 2019 3347 2071 τὸ
3387 2018 3671 2089 δεσμωτή-

2094 2126 2207 2180 ριον
2242 2105 2389 2180 εἶχεν
2434 2112 2462 2163 ὁ
2505 2110 2722 2179 Ἰωσὴφ,
2776 2111 2995 2180 οἰκέτης
3047 2109 3186 2182 ὁμοῦ
3223 2111 3318 2164 καὶ
3369 2109 3667 2180 δεσμώτης

2088 2201 2400 2270 γενόμενος.
2441 2201 2603 2254 Ἀλλὰ
2636 2200 2912 2264 τοσούτοις
2944 2202 3323 2273 περιστάσεως
3364 2201 3609 2272 κύμασιν
3639 2204 3666 2253 ὁ

2088 2291 2206 2354 νέος
2238 2291 2427 2345 ἀντλού
2438 2308 2598 2362 μενος
2626 2333 2641 2358 ,
2665 2292 2767 2362 τὴν
2799 2292 2977 2363 ψυχὴν
3022 2293 3297 2356 ἀνάλωτος
3330 2292 3566 2361 ἔμεινεν.
3590 2292 3663 2346 Ού

2087 2382 2196 2453 γὰρ
2225 2383 2402 2453 ἀφῆκε
2442 2382 2623 2454 φωνὴν
2669 2383 2904 2455 δυσχερῆ
2937 2424 2953 2449 ,
3000 2384 3101 2456 τὴν
3155 2384 3308 2438 θείαν
3338 2385 3663 2455 κηδεμονίαν

2087 2474 2619 2544 καταμεμφόμενος·
2672 2466 2876 2539 αὗται,
2931 2475 3129 2544 λέγων,
3178 2476 3280 2546 τῆς
3334 2477 3541 2546 ἀρετῆς
3604 2480 3659 2529 αἱ

2086 2563 2343 2633 ἀμοιϐαί;
2390 2557 2560 2627 Οὗτος
2587 2566 2615 2618 ὁ
2657 2565 2756 2636 τῆς
2787 2567 3140 2638 σωφροσύνης
3183 2567 3436 2637 καρπός;
3495 2560 3663 2629 Οὗτός

2089 2672 2177 2725 μοι
2203 2656 2302 2726 τῆς
2334 2658 2413 2719 εἰς
2461 2657 2674 2728 πατέρα
2718 2657 3018 2727 θεραπείας
3061 2657 3294 2728 μισθὺς;
3344 2659 3660 2721 Βασκανία,

2086 2748 2179 2800 καὶ
2207 2749 2427 2819 πρᾶσις,
2461 2749 2553 2806 καὶ
2585 2749 2737 2820 παρά
2770 2748 3065 2820 βαρϐάροις
3100 2750 3315 2804 δουλεία
3342 2768 3356 2816 ;
3391 2750 3487 2803 καὶ
3510 2745 3660 2813 οἶκος

2084 2836 2145 2890 τὸ
2189 2837 2584 2909 δεσμωτήριον,
2641 2840 2740 2891 καὶ
2771 2839 2977 2909 σιδήρῳ
3030 2838 3361 2904 κατάδικος;
3409 2839 3524 2892 Καὶ
3561 2840 3659 2908 τῆς

2087 2930 2331 2999 μοιχείας
2367 2928 2466 3000 τὴν
2501 2931 2704 3001 πρᾶξιν
2752 2930 3076 3002 νικήσαντες
3101 2970 3115 2995 ,
3150 2933 3216 3002 τῇ
3265 2934 3366 3002 τῆς
3414 2932 3659 3002 μοιχείας

2082 3020 2321 3091 τιμωρία
2368 3021 2723 3091 τηρούμεθα;
2780 3022 3000 3075 Τούτων
3059 3022 3215 3075 οὐδὲν
3267 3023 3358 3076 διὰ
3410 3023 3658 3094 γλώττης

2083 3111 2400 3180 ἐφθέγγετο,
2433 3111 2571 3165 ἀλλά
2610 3114 2777 3166 πᾶσιν
2819 3114 3098 3184 ὑπομονὴν
3151 3113 3463 3179 ἀντιτάξας,
3494 3116 3657 3184 εὐχα-

2083 3201 2251 3272 ρίστῳ
2278 3201 2473 3275 γνώμῃ
2498 3205 2621 3266 τοὺς
2660 3203 2940 3267 κινδύνους
2983 3203 3224 3273 ύπέφερε
3247 3220 3259 3232 ·
3305 3204 3399 3258 καῖι
3437 3204 3658 3256 σιωπῶν

2080 3293 2493 3357 κατεδικάζετο,
2522 3293 2598 3364 τῷ
2622 3294 2811 3363 δικαίῳ
2840 3296 3001 3365 κριτῇ
3048 3292 3148 3365 τὴν
3177 3293 3365 3364 κρίσιν
3394 3295 3658 3364 ταμιευό-

2082 3400 2262 3454 μενος,
2296 3387 2389 3437 καὶ
2420 3388 2632 3439 σιωπᾶν
2664 3385 2848 3439 ἔπειθε
2874 3385 3141 3455 γλῶτταν,
3185 3386 3484 3457 ὀφθαλμοῖς
3522 3384 3658 3444 ἀθα-

2080 3475 2261 3538 νάτοις
2288 3474 2385 3546 τὴν
2407 3474 2563 3545 δίκην
2587 3475 2905 3538 πιστεύσας.

2153 3660 2221 3722 γ’.
2259 3654 2322 3707 Ei
2352 3653 2508 3707 τοῦτο
2558 3654 2859 3724 θαυμάζεις
2881 3695 2894 3716 ,
2933 3652 3184 3722 ἀγαπητὲ
3205 3692 3220 3716 ,
3252 3652 3312 3706 τὸ
3348 3651 3535 3724 μεῖζον
3564 3654 3656 3707 ὲκ-

2080 3745 2340 3814 πλάγηθι.
2393 3746 2535 3817 Ὅρα
2582 3745 2692 3814 γάρ
2736 3744 2833 3797 τοῦ
2891 3745 3009 3798 νέου
3072 3742 3495 3814 μακροθυμίαν·
3550 3744 3656 3814 δρα

2077 3835 2392 3904 φιλοσοφίας
2423 3836 2615 3908 ἐτέρας
2637 3837 2934 3908 ἀκρότητα,
2970 3836 3055 3888 ἵνα
3087 3834 3181 3888 καὶ⁵
3212 3835 3276 3888 σὺ
3299 3835 3400 3905 τὴν
3428 3833 3656 3906 γνώμην

2077 3926 2415 3997 μιμούμενος¹
2471 3929 2676 4001 ἀρέσῃς
2705 3927 2783 3999 τῷ
2830 3928 3098 3981 κτίσαντι.
3140 3925 3382 3980 Τοιαῦτα
3409 3928 3522 3998 γὰρ
3552 3944 3655 3981 πε-

2077 4017 2310 4081 πονθὼς,
2348 4019 2469 4077 οὐδὲ
2507 4020 2715 4091 ῥήματι
2744 4023 2872 4087 τοὺς
2899 4023 3224 4095 ἠδικηκότας
3250 4026 3506 4097 ἠμύνετο,
3531 4025 3655 4080 οὐδὲ

2078 4110 2267 4181 φωνὴν
2307 4111 2486 4181 ἀφῆκε
2521 4112 2745 4184 πικράν,
2789 4115 2934 4170 κατὰ
2973 4116 3084 4170 τῶν
3137 4122 3443 4190 συμφοραῖς
3480 4120 3655 4173 αὑτὸν

2079 4201 2507 4272 περιϐαλλόντων
2536 4208 2778 4277 πικραῖς.
2803 4208 2930 4273 Τοῖς
2954 4209 3240 4281 γὰρπαρά
3268 4211 3361 4265 τοῦ
3390 4210 3652 4282 βασιλέως

2080 4292 2177 4361 μὲν
2206 4293 2510 4363 δεσμώταις
2538 4297 2596 4349 ὲν
2627 4296 2704 4368 τῷ
2734 4297 3093 4372 δεσμωτηρίῳ
3143 4301 3538 4375 συνδιέτριϐεν*
3569 4298 3653 4367 οἷς

2076 4382 2241 4447 λύσας
2268 4384 2326 4437 τὸ
2353 4385 2462 4440 τῶν
2495 4387 2720 4458 ὀνείρων
2751 4390 3054 4462 ἀμήχανον,
3086 4392 3395 4464 διηγεῖσθαι
3419 4393 3493 4446 τὰ
3522 4392 3646 4447 καθ’

391 4446 665 4517 ambages,
703 4464 866 4508 casus
902 4467 1033 4509 suos
1066 4470 1353 4514 recensere
1391 4465 1705 4531 cogebatur,
1734 4476 1789 4520 et
1830 4482 1962 4523 suo-

2085 4475 2260 4529 ἑαυτὸν
2289 4477 2660 4546 ἠναγκάζετο,
2690 4482 2784 4534 καὶ
2813 4482 2924 4536 τῶν
2955 4484 3173 4538 οἰκείων
3193 4483 3408 4555 δεσμῶν
3440 4484 3538 4554 τὴν
3567 4487 3651 4537 αἰ·
3722 4520 3739 4525 ρ

392 4551 508 4590 rum
555 4539 896 4597 vinculorum
947 4560 1141 4601 causas
1181 4562 1453 4619 exponere
1491 4570 1505 4608 :
1551 4562 1607 4608 et
1655 4558 1776 4611 ait:
1813 4559 1954 4623 Quia

389 4628 575 4696 furtim
625 4631 864 4688 sublatus
914 4651 1031 4688 sum
1086 4636 1149 4691 dc
1198 4649 1338 4695 terra
1391 4641 1762 4716 "abacorum,
1804 4660 1852 4704 et
1882 4652 1967 4707 lu'c

2063 4566 2184 4618 τίαν
2216 4567 2540 4624 ἐκτίθεσθαι.
2574 4573 2684 4624 Καί
2714 4590 2911 4645 φησιν’
2964 4576 3091 4630 Ὅτι
3130 4575 3333 4644 κλοπῇ
3371 4574 3651 4643 ἐκλάπην

2064 4656 2133 4711 ἐκ
2162 4657 2273 4725 τῆς
2311 4658 2595 4728 Ἐϐραίων
2620 4705 2635 4730 ,
2680 4664 2780 4719 καὶ
2809 4659 2926 4720 ὦδε
2958 4666 3223 4736 ἐποίησα
3263 4664 3468 4722 οὐδέν.
3512 4667 3648 4727 Ποῖα

1582 4822 1687 4879 CL.
1711 4826 2091 4898 DAUSQUEII
2132 4831 2367 4892 NOTAE.

383 4961 589 5016 Glossaa
611 4982 624 5017 :
645 4962 849 5041 ὲττῳδή,
872 4969 1218 5041 precantatio,
1254 4984 1372 5028 cum
1398 4975 1607 5034 scilicet
1636 4979 1955 5041 incantatio-

384 5046 506 5083 nem
541 5034 903 5120 praecentione
934 5037 1055 5104 quis
1081 5034 1389 5120 antevertit.
1417 5043 1515 5101 Hic
1542 5034 1952 5120 Josepliontwe-ni-

384 5103 625 5184 perantia
658 5103 825 5184 vicem
847 5103 1286 5184 praecantationis
1309 5122 1566 5184 tanquam
1588 5103 1652 5174 su
1663 5103 1767 5175 Fd'o'
1784 5103 1948 5179 verba

382 5169 701 5259 comitjlynx
733 5169 1023 5256 impudica.
1058 5176 1169 5259 Etsi
1198 5190 1375 5235 autem
1405 5169 1465 5237 «Eb
1487 5169 1614 5259 ea!
1627 5169 1951 5259 ﬁgienda}

346 5241 658 5327 ,mjusdat‘n
702 5243 1265 5327 cautionisrationem
1323 5241 1949 5327 quandoquernotat-rut

384 5307 566 5389 volunt
618 5310 680 5394 in.
717 5310 932 5401 Epodis.
976 5307 1947 5401 lltlratianis;Itamen‘etiaqu'uo-d

381 5380 529 5453 prius
556 5382 859 5453 _a_ccinitur,
889 5383 1191 5453 signiﬁcare

381 5449 430 5497 in
465 5448 702 5524 idyllinm
731 5448 965 5524 primum
994 5448 1268 5511 Theocriti
1296 5448 1509 5518 notavit.
1529 5482 1541 5517 :
1564 5448 1939 5524 'roﬁéa'ié'iii

378 5520 847 5608 γεταέιπρρᾇσμαρ.
871 5522 966 5575 καὶ
988 5526 1407 5608 ἐπιμελώδημα,
1430 5535 1523 5608 καὶ
1546 5520 1831 5608 ιπῴδήμᾶ,
1848 5520 1942 5594 καὶ

377 5586 578 5673 ἐπῳδῇ.
611 5586 1056 5673 dderirdinnuunt
1084 5586 1414 5673 ’ξιιὶξίοὲξηεὶ
1449 5586 1943 5673 néﬁdﬁd‘i'iéiié

380 5654 939 5730 tmﬁdcinautionn
973 5679 1093 5718 cum
1118 5654 1674 5730 ticllio'licctidiecre.

448 5722 559 5798 (52)
595 5727 646 5779 '0
684 5733 1018 5804 στρατηγὸς
1047 5734 1157 5805 τῆς
1191 5722 1795 5810 ἀκοὰαᾶιίίξ.Ῑδίξίιιιιιε
1822 5764 1940 5803 eam

2059 5004 2248 5046 vocem
2283 4992 2436 5049 Latio
2463 4994 2682 5051 donavit
2713 4996 3032 5053 Curculione
3062 5015 3093 5051 :-

2130 5101 2243 5157 Nec
2269 5113 2555 5177 strategus,
2603 5125 2697 5163 nec
2731 5118 2988 5179 tyrannus
3024 5110 3301 5180 quisquam
3329 5149 3343 5174 ,
3374 5127 3483 5180 pnec
3513 5125 3645 5179 agor

3372 5178 3639 5251 [anomus,

2127 5243 2238 5297 Nec
2269 5246 2602 5315 demarchus,
2624 5265 2716 5303 nec
2746 5250 3073 5303 comarchus.

2125 5335 2239 5410 (55)
2280 5338 2507 5393 Χιτῶνα
2545 5339 2817 5409 φέρουσα
2844 5340 2963 5393 τῶν
2993 5339 3208 5410 χειρῶν
3242 5342 3348 5394 τὸν
3390 5342 3646 5408 κατήγο-

1226 5401 1437 5479 Ρριθεξιν
1464 5398 1619 5479 ωιοὲ
1646 5398 1941 5479 tacueris!»

2085 5398 2174 5458 οὐ.
2220 5398 2634 5479 Ιεοετειιίεᾼηὸί
2662 5411 2797 5479 illud
2828 5398 3238 5479 absim'ile'mp‘t
3266 5398 3589 5473 ἀντιδόσεως
3620 5427 3632 5439 ·

2050 5476 2283 5549 ξὈμοιονΔ
2330 5477 2719 5549 ἐργαζόμενος,
2764 5477 2957 5549 ῶσπερ
3001 5478 3068 5532 ἂν
3112 5476 3287 5541 εἴτις
3335 5480 3645 5549 ἱεροσυλίας

2048 5543 2234 5619 ἕτερον
2264 5543 2497 5619 διώκων,
2529 5543 2786 5613 αὑτὸςτά
2824 5543 2936 5601 τῶν
2964 5549 3103 5619 θεῶν
3138 5551 3258 5601 ταῖν
3294 5543 3475 5619 χεροῖν
3498 5548 3641 5618 ἔχων

2051 5615 2265 5687 φανείη·
2294 5614 2528 5687 Perinde
2559 5630 2680 5685 agat
2709 5635 2771 5672 ac
2798 5620 2844 5672 si
2865 5620 2981 5687 quis
3012 5617 3241 5670 alterum
3269 5614 3641 5671 atomuma-

2050 5683 2251 5750 crilegii
2287 5686 2393 5753 ipse
2421 5702 2499 5740 res
2529 5683 2745 5742 deorum
2786 5683 3027 5741 manibus
3062 5695 3239 5741 tenens
3268 5688 3322 5738 in
3367 5688 3640 5754 publicant

2050 5755 2293 5818 prodeat.

2696 5834 2723 5856 ρ
