3990 6160
394 259 492 326 I31

1593 251 1870 311 BASILII
1910 249 2450 310 SEI.EUCIENSIS

3556 242 3658 309 132

392 385 526 425 vero
566 366 717 435 jussu
773 361 987 426 infanti,
1036 359 1190 428 cujus
1240 358 1389 427 virga
1444 356 1681 410 futurum
1726 365 1866 418 erat,
1909 363 1963 404 ut

2080 352 2395 423 σωζόμενος.
2465 354 2735 418 Ἰείφείδετο
2786 354 2896 425 γὰρ
2946 353 3178 424 βρέφους
3217 353 3246 405 ό
3277 351 3522 423 ποταμὸς
3562 371 3655 408 xs-

395 474 502 515 nou
529 457 696 512 multo
721 463 840 524 post
863 459 1143 507 secaretur
1170 460 1222 503 et
1257 462 1426 509 mare,
1457 445 1653 500 fluvius
1680 446 1965 513 parcebat;

396 550 589 606 infanti
635 548 827 603 ﬂuvius
873 542 1149 614 parcebat,
1200 539 1356 608 cuius
1402 539 1518 609 ipse
1559 552 1774 606 quoque
1821 537 1969 604 virga

397 656 687 713 percussus
714 636 1075 705 scaturigines
1118 632 1171 686 in
1205 631 1523 700 sanguinein
1567 627 1969 682 trausmutavit.

394 733 697 803 Navigante
752 729 915 798 igitur
968 734 1162 794 praeter
1216 723 1677 791 exspectationem
1730 718 1970 780 infante,

396 827 567 895 iniqui
592 824 767 893 Icgum
796 818 1055 889 positoris
1087 816 1191 870 lilia
1216 814 1543 885 speculatrix
1573 812 1825 875 tnittitur,
1853 824 1972 879 qua:

394 926 549 989 capta
580 912 890 983 spectaculo
924 911 1116 965 matris
1157 907 1411 963 alI'ectum
1452 906 1646 966 induit,
1674 913 1726 958 et
1769 902 1974 970 absque

397 1008 617 1078 periculi
659 1006 852 1060 timore
884 1003 1155 1057 Pharaoni
1212 996 1620 1054 contubernalis
1656 994 1714 1047 lit
1749 994 1970 1047 infans:

396 1099 597 1162 Verax,
644 1100 734 1169 qui
789 1093 1181 1164 comprehendit
1233 1093 1492 1159 sapientes
1541 1090 1596 1142 in
1646 1089 1843 1140 astutia
1888 1100 1975 1137 eo-

397 1208 513 1245 rum
536 1191 603 1245 ".
654 1189 753 1255 Qui
800 1187 1012 1241 Pharao
1057 1199 1152 1253 per
1197 1184 1364 1252 legem
1392 1180 1693 1251 jugulabat,
1737 1177 1826 1246 qui
1876 1191 1972 1243 pa—

398 1284 602 1338 rientes
634 1298 737 1334 non
768 1279 980 1333 sinebat
1017 1292 1140 1331 esse
1186 1282 1386 1328 matres
1423 1271 1472 1325 ei
1500 1286 1619 1340 qua:
1667 1284 1770 1323 nou
1809 1284 1972 1336 pepe-

398 1382 568 1434 rerat,
601 1373 691 1425 dat
722 1383 844 1423 esse
883 1367 1062 1422 matri.
1094 1363 1275 1419 Infans
1305 1363 1564 1425 salvalur,
1602 1361 1685 1413 lex
1726 1359 1970 1423 solvitur,

398 1468 625 1538 puerulo
679 1466 951 1533 imperare
994 1477 1098 1516 non
1147 1460 1282 1528 quit.
1329 1456 1373 1512 Ο
1411 1472 1664 1511 arcanam
1712 1454 1975 1508 divinam-

398 1573 504 1625 que
542 1556 829 1611 admodum
876 1549 1214 1622 gubernandi
1264 1546 1565 1601 rationem!
1598 1544 1747 1598 Alter
1784 1556 1973 1598 contra

399 1645 685 1717 Egyptios
732 1639 1087 1697 humanitatis
1129 1638 1410 1708 legislator
1455 1635 1699 1689 alebatur
1740 1632 1969 1702 Moyses.

401 1735 599 1790 Procul
626 1745 824 1794 terror,
852 1742 905 1786 et
933 1739 1125 1785 contra
1159 1739 1405 1783 naturam
1432 1726 1727 1780 constituta
1748 1723 1971 1791 judicia.

400 1825 573 1880 Natus
608 1824 950 1894 puuiebatur.
1001 1831 1056 1876 et
1094 1828 1407 1891 generatum
1439 1833 1559 1873 esse
1593 1817 1797 1870 crimen
1840 1826 1979 1879 erat,

399 1920 654 1988 quodque
682 1916 735 1970 in
770 1915 997 1970 matrice
1020 1923 1386 1981 processerat,
1415 1925 1631 1979 paruam
1663 1906 1887 1968 ferebat,
1928 1916 1983 1960 et

400 2011 482 2063 lex
510 2008 765 2078 Egyptia
798 2020 920 2059 cum
950 2012 1159 2057 natura:
1189 2002 1308 2071 lege
1334 2000 1605 2070 pugnabat
1633 2016 1647 2052 :
1678 1998 1822 2051 intro
1850 2012 1980 2049 vero

401 2111 651 2155 versatur
683 2098 894 2167 Moyses
930 2109 1116 2150 eorum
1156 2094 1297 2148 inter
1333 2092 1510 2155 ulnas,
1551 2106 1581 2145 a
1631 2091 1826 2159 quibus
1864 2098 1982 2141 erat

403 2192 506 2246 iste
537 2200 731 2253 terror,
771 2199 825 2243 et
880 2186 981 2255 legi
1028 2186 1095 2239 de
1152 2184 1490 2239 infanticidio
1527 2183 1688 2236 vitam
1743 2190 1981 2236 ostentat

403 2289 832 2352 repugnantem;
883 2275 1289 2343 Pltaraonisque
1333 2272 1439 2342 53
1480 2272 1820 2342 tyrannidem
1872 2271 1983 2324 cal-

399 2390 530 2430 cans
564 2376 632 2428 ab
664 2372 753 2438 iis,
786 2370 877 2439 qui
913 2368 1288 2431 calcabantur,
1333 2367 1637 2420 atuabatur.
1684 2365 1818 2419 Cum
1854 2378 1980 2418 vero

399 2462 757 2519 succrevisset
809 2455 1009 2524 infans,
1061 2458 1127 2510 ad
1175 2470 1304 2510 suos
1357 2453 1669 2521 transfugit,
1718 2464 1773 2506 et
1817 2453 1981 2521 regia:

402 2554 683 2625 dignitatis
741 2566 865 2620 spes
913 2548 1199 2609 excutiens
1258 2545 1553 2599 Abrahami
1605 2544 1979 2612 cognationem

402 2643 701 2706 all'ectavit,
727 2640 1017 2707 impiisque
1040 2635 1246 2689 divitiis
1267 2634 1410 2702 piam
1437 2641 1809 2701 paupertatem
1830 2631 1982 2687 duxit

404 2738 692 2805 potiorem.
726 2731 913 2799 Neque
944 2742 1069 2781 vero
1102 2741 1167 2780 ex
1194 2724 1404 2778 vivendi
1442 2723 1781 2777 institutione
1813 2722 1980 2776 animi

401 2827 591 2881 vitium
640 2824 806 2877 traxit
846 2819 1038 2881 ullum,
1087 2826 1180 2870 aut
1212 2830 1307 2885 per
1339 2824 1549 2884 tempus
1596 2829 1778 2869 mores
1808 2812 1978 2868 alios:

407 2917 503 2972 sed
531 2930 725 2969 amans
760 2924 877 2966 erat
901 2910 1069 2965 divini
1106 2908 1303 2969 Cultus,
1327 2909 1582 2977 deditque
1620 2906 1786 2961 Paulo
1825 2923 1982 2962 occa-

406 3010 615 3064 sionem
655 3006 771 3061 hmc
821 3005 887 3059 de
935 3017 995 3058 se
1038 3001 1291 3070 loquendi
1321 3018 1335 3055 :
1364 2999 1538 3070 Magia
1587 3000 1781 3070 eligens
1821 3000 1979 3071 aﬂiigi

2077 443 2389 514 λευόμενος,
2422 439 2483 497 οὗ
2515 448 2581 515 τῇ
2610 446 2790 516 ῥάϐδῳ
2820 448 2936 515 μετ’
2967 446 3027 498 οὑ
3056 444 3192 498 πολὺ
3221 446 3314 498 καὶ
3338 446 3397 498 τὸ
3420 445 3656 513 πέλαγος

2077 537 2431 591 ἁνεκόπτετο·
2462 538 2705 607 ἐφείδετο
2736 538 2829 590 τοῦ
2869 537 3100 609 βρέφους
3130 538 3159 590 ὁ
3188 536 3458 607 ποταμὸς.
3496 531 3558 591 οὗ
3589 540 3657 609 τῇ
3740 602 3749 607 _

2083 629 2264 699 ῥάϐδῳ
2293 631 2385 681 καὶ
2420 630 2580 693 αὐτὸς
2598 629 2966 701 πληττόμενος
2998 632 3075 693 εἰς
3107 625 3243 699 αἷμα
3265 630 3323 682 τὸ
3348 631 3498 699 νᾶμα
3530 645 3659 698 ρετ-

2078 719 2291 774 έϐαλλε.
2325 720 2585 783 Πλέοντος
2630 716 2722 773 οὖν
2755 720 3073 791 παραδόξως
3098 718 3193 771 τοῦ
3230 719 3465 789 βρέφους
3486 761 3502 785 ,
3534 720 3663 771 θεω-

2083 811 2173 881 ρὸς
2205 815 2238 883 ή
2271 812 2363 864 τοῦ
2397 811 2565 866 κακοῦ
2602 812 2894 882 νομοθέτου
2926 811 3173 881 θυγάτηρ
3215 812 3501 880 ἐπέμπετο
3521 826 3533 838 ·
3565 811 3661 862 καὶ

2079 900 2286 955 ἁλοῦσα
2314 904 2380 971 τῇ
2417 900 2535 971 θέα,
2562 899 2639 971 τῷ
2673 900 2823 970 πόθῳ
2866 902 3049 970 μήτηρ
3075 900 3306 968 ἐγίνετο,
3334 900 3429 951 καί⁵
3461 896 3662 968 Φαραὼ

2082 996 2326 1047 συνοικεῖ
2350 995 2411 1046 τὸ
2446 993 2648 1065 βρέφος
2686 992 2888 1062 μηκέτι
2919 993 3254 1062 φοϐούμενον
3280 992 3370 1044 τὸν
3397 992 3637 1045 κίνδυνον

2092 1087 2353 1155 Ἀληθὴς
2375 1127 2389 1148 ,
2424 1090 2455 1140 d
2477 1087 2890 1155 δρασσόμενος
2922 1086 3065 1150 τοὺς
3084 1084 3316 1153 σοφοὺς
3342 1086 3411 1138 ἐν
3432 1082 3504 1151 τῇ
3520 1099 3663 1138 παν-

2081 1177 2290 1244 ουργίᾳ
2330 1174 2548 1230 αὐτῶν.
2591 1177 2650 1229 '0
2678 1176 2753 1245 τῷ
2787 1176 2936 1246 νόμῳ
2964 1178 3206 1243 σφαγεὺς
3226 1216 3239 1236 ,
3263 1177 3291 1228 ὁ
3321 1174 3419 1238 τὰς
3450 1174 3660 1227 τικτού-

2084 1284 2182 1331 σας
2216 1270 2318 1321 οὑκ
2349 1267 2453 1321 ἐῶν
2482 1264 2623 1322 εἶναι
2676 1267 2920 1338 μητέρας
2943 1307 2957 1330 ,
2989 1265 3087 1335 τὴν
3124 1266 3198 1336 μὴ
3232 1266 3499 1318 τεκοῦσαν
3533 1282 3656 1319 συν-

2082 1359 2278 1431 εχώρει
2309 1358 2563 1426 γενέσθαι
2595 1360 2805 1430 μητέρα
2830 1374 2843 1388 ⁸
2891 1358 2987 1410 καὶ
3016 1357 3215 1427 βρέφος
3257 1357 3524 1421 ἐσώζετο,
3569 1358 3662 1410 καὶ

2081 1451 2244 1519 νόμος
2274 1450 2481 1512 ἐλύετο,
2523 1450 2736 1504 παιδίου
2771 1452 2992 1520 κρατεῖν
3022 1449 3083 1502 ού
3112 1448 3430 1518 δυνάμενος.
3471 1450 3535 1501 Ὢ
3565 1450 3664 1519 τῆς

2080 1543 2392 1614 ἀπορρήτου
2431 1543 2522 1596 καὶ
2554 1542 2703 1605 θείας
2731 1541 2903 1605 οὕτως
2934 1540 3246 1611 οἰκονομίας
3273 1543 3286 1593 l
3320 1541 3551 1611 Ἕτερος
3575 1557 3663 1593 vo-

2087 1634 2319 1703 μοθέτης
2383 1633 2794 1706 φιλανθρωπίας
2842 1632 2964 1687 κατ’
3022 1632 3337 1700 Αἰγυπτίων
3384 1631 3660 1701 ἐτρέφετο.

2014 1751 2051 1804 Β
2085 1725 2253 1788 Φόϐος
2286 1724 2410 1791 ἔξω,
2440 1726 2537 1779 καὶ
2562 1726 2890 1795 δικαστήρια
2921 1722 3064 1777 κατὰ
3091 1723 3191 1793 τῆς
3232 1722 3448 1790 φύσεως
3473 1739 3488 1753 ·
3517 1725 3614 1775 καὶ
3636 1724 3665 1775 ὁ

2082 1816 2400 1887 τικτόμενος
2430 1816 2739 1881 ἐκολάζετο,
2768 1815 3021 1886 ἔγκλημα
3050 1815 3233 1886 φέρων
3263 1816 3363 1886 τὴν
3385 1814 3663 1884 γέννησιν,

2086 1906 2168 1959 ὅτι
2203 1906 2448 1977 προῆλθε
2492 1907 2591 1976 τῆς
2635 1908 2849 1977 μήτρας
2883 1903 3296 1979 τιμωρούμενος
3322 1923 3337 1936 ·
3379 1906 3475 1959 καὶ
3499 1906 3662 1975 νόμος

2081 1997 2377 2064 Αἰγύπτιος
2410 1999 2551 2050 κατά
2581 1996 2675 2050 τοῦ
2707 1997 2869 2064 νόμου
2901 1997 2999 2067 τῆς
3028 1997 3242 2066 φύσεως
3279 1996 3660 2067 ἐστρατεύετο.

2086 2090 2274 2144 Ἐνδον
2304 2090 2359 2143 δέ
2399 2092 2640 2161 Μωῦσῆς
2680 2093 2737 2143 ἐν
2766 2092 2887 2153 ταῖς
2916 2089 3025 2143 τῶν
3054 2088 3360 2158 φοϐούντων
3390 2087 3664 2154 ἀγκάλαις

2083 2181 2397 2252 ἐστρέφετο,
2440 2181 2519 2252 τῷ
2550 2182 2886 2251 παιδοκτόνῳ
2915 2180 3064 2252 νόμῳ
3103 2180 3251 2250 ζωὴν
3280 2180 3543 2233 δεικνύων
3568 2180 3663 2232 ἁν-

2080 2273 2308 2327 τίπαλον
2327 2290 2339 2303 ’
2367 2274 2465 2327 καὶ
2517 2275 2616 2343 τὴν
2647 2274 2741 2327 τοῦ
2765 2273 2965 2344 Φαραὼ
2998 2272 3288 2342 τυραννίδα
3314 2272 3521 2334 πατῶν,
3557 2271 3662 2325 ὑπὸ

2081 2366 2190 2418 τῶν
2213 2365 2572 2433 πατουμένων
2593 2365 2901 2436 ἐστέργετο.
2925 2363 3167 2434 Αὑξηθὲν
3187 2364 3243 2417 δὲ
3264 2364 3327 2416 τὸ
3351 2362 3548 2433 βρέφος
3573 2362 3662 2431 γί-

2082 2472 2232 2510 νεται
2271 2456 2409 2525 πρὸς
2437 2456 2499 2508 τὺ
2522 2454 2678 2523 γένος
2705 2455 3000 2526 αὐτόμολον
3018 2497 3033 2521 ,
3058 2455 3154 2509 καὶ
3193 2454 3477 2525 βασιλικῆς
3505 2455 3663 2520 ἀξίας

2082 2547 2179 2609 τὰς
2214 2546 2434 2609 ἐλπίδας
2477 2546 2890 2616 ἀποσειόμενον,
2936 2547 3033 2617 τὴν
3076 2546 3134 2613 ἐξ
3181 2544 3432 2615 ⁹Αϐροιὰμ
3476 2545 3662 2599 ἐπόθει

2086 2637 2431 2705 συγγένειαν,
2465 2640 2560 2690 καὶ
2584 2638 2817 2702 ἀσεϐοῦς
2842 2637 3071 2691 πλούτου
3100 2638 3200 2707 τὴν
3229 2637 3347 2706 μετ’
3378 2637 3662 2699 εὐσεϐείας

2085 2728 2277 2782 πενίαν
2318 2729 2738 2798 προτιμωτέραν
2776 2728 2991 2800 ἐνόμιζε
3015 2747 3029 2762 ο
3061 2729 3154 2782 καὶ
3183 2727 3307 2780 οὔτε
3346 2730 3519 2799 τροφῇ
3561 2728 3661 2797 τὴν

2083 2818 2311 2889 γνώμην
2350 2820 2699 2888 μετέϐαλλεν,
2744 2819 2867 2874 οὔτε
2910 2821 3102 2891 χρόνος
3126 2820 3231 2873 ’τὸν
3272 2821 3475 2891 τρόπον
3532 2837 3661 2890 μετ-

2082 2910 2328 2979 έστησενο
2352 2911 2487 2965 ἀλλὰ
2510 2913 2607 2983 τῆς
2632 2912 2780 2975 θείας
2804 2908 2871 2983 ἧν
2892 2901 3125 2984 ἐραστὴς
3150 2911 3463 2983 θεραπείας,
3484 2910 3658 2975 διδοὺς

2083 3001 2160 3070 τῷ
2197 3000 2393 3072 Παύλῳ
2444 3004 2572 3073 περὶ
2614 3003 2779 3057 αὐτοῦ
2831 3004 2948 3074 μετ’
2983 3003 3144 3057 αὑτὸν
3175 3002 3616 3071 ἀναφθέγγεσθαι
3642 3020 3654 3031 ·

403 3116 519 3153 cum
566 3097 758 3167 populo
806 3095 934 3157 Dei,
981 3110 1139 3163 quam
1197 3092 1498 3159 temporalis
1548 3094 1745 3159 peccati
1794 3092 1974 3146 habere

2083 3095 2336 3148 Μᾶλλον
2362 3095 2652 3163 ἐλόμενος
2684 3094 3232 3165 συγκακουχεῖσθαι
3263 3095 3345 3161 τῷ
3384 3095 3514 3159 λαῷ
3550 3093 3659 3148 τοῦ

397 3182 874 3258 iucunditatem".
919 3180 1057 3236 IIiuc
1108 3183 1186 3235 ira
1221 3182 1338 3252 regi
1392 3183 1570 3251 specie
1601 3183 1815 3251 pietatis
1854 3198 1984 3237 con-

404 3280 556 3333 nixa.
587 3276 808 3330 Interim
842 3273 1055 3344 Moyses
1086 3273 1261 3327 locum
1290 3272 1621 3337 demutabat,
1650 3288 1752 3327 non
1783 3288 1978 3328 mores.

407 3368 553 3421 Oves
598 3366 650 3419 in
682 3376 864 3418 monte
898 3364 1140 3434 pasceuti
1182 3363 1507 3432 con5picuus
1538 3363 1674 3417 Deus
1704 3362 1979 3431 objicitur.

401 3458 480 3512 Illi
515 3457 660 3511 enim
700 3456 975 3510 concessit
1016 3455 1156 3509 Deus
1184 3464 1452 3524 pastorem
1485 3470 1668 3522 agere,
1701 3465 1757 3507 ut
1796 3469 1861 3508 ex
1895 3470 1985 3524 pe.

402 3565 588 3604 corum
624 3561 837 3618 pastore
862 3546 1076 3602 Israelis
1104 3557 1289 3616 pastor
1319 3557 1623 3610 crearetur,
1656 3558 1823 3615 utque
1856 3556 1978 3615 post

403 3648 575 3692 artem
610 3638 948 3706 pastoritiatu
995 3635 1049 3689 in
1103 3633 1330 3688 modicis
1360 3636 1654 3689 exercitam
1700 3636 1974 3689 tribulitnn

404 3745 623 3786 suorum
670 3729 1033 3798 principatum
1084 3728 1131 3781 ei
1175 3726 1439 3780 crederet.
1470 3728 1664 3796 Agenti
1716 3727 1856 3781 inter
1884 3744 1976 3797 pe—

401 3836 528 3876 cora
560 3817 701 3873 Deus
730 3819 1005 3889 obiicitur,
1037 3829 1091 3874 et
1114 3817 1300 3871 invisa:
1325 3818 1546 3872 visionis
1575 3820 1853 3888 praemium
1879 3834 1975 3887 pro

408 3910 682 3980 susceptis
714 3907 992 3978 religionis
1020 3924 1180 3961 causa
1204 3907 1481 3961 laboribus
1512 3909 1801 3963 condonat.
1840 3908 1975 3964 Ecce

401 4001 580 4069 ignem
642 4011 906 4054 tuonstrat
958 3999 1009 4052 in
1073 4000 1207 4054 rubo
1260 4000 1541 4054 ardentem
1592 3998 1731 4067 ignis
1778 3998 1971 4055 el'fectu

401 4091 662 4161 seposito,
697 4091 894 4160 quippe
921 4089 1018 4145 llos
1047 4089 1170 4156 igne
1197 4099 1510 4153 coronatur,
1544 4090 1772 4158 vilisque
1793 4090 1970 4160 planta

401 4200 680 4239 Sttt‘CCllSiB
739 4182 969 4237 ﬂatumaa
1033 4182 1267 4237 obsistit.
1318 4182 1427 4237 Vox
1490 4180 1799 4247 ferebatur,
1855 4198 1974 4256 qua:

2086 3185 2255 3249 Θεοῦ,
2292 3185 2328 3254 ἢ
2367 3189 2741 3254 πρόσκαιρον
2764 3186 2929 3256 ἔχειν
2966 3189 3253 3257 ἁμαρτίας
3286 3187 3657 3241 ἀπόλαυσιν.

2096 3274 2262 3344 Ὀργὴ
2294 3272 2387 3326 τοῦ
2421 3274 2682 3344 βασιλέως
2705 3274 2974 3340 ἐντεῦθεν,
3015 3277 3307 3347 ὑπόσχεσιν
3335 3275 3535 3346 ἔχουσα
3561 3275 3662 3341 τὴν

2083 3362 2394 3421 εὐσέϐειαν.
2434 3364 2492 3416 Ὀ
2522 3364 2576 3416 δέ
2611 3366 2856 3435 Μωῦσῆς
2896 3362 2965 3436 ἦν
3010 3368 3069 3419 ἐν
3103 3369 3283 3436 φυγῇλ,
3318 3366 3662 3436 μεταϐαίνων

2080 3453 2203 3505 ἀντὶ
2243 3453 2445 3523 τρόπου
2475 3455 2567 3507 τὸν
2614 3455 2801 3509 τόπον.
2873 3456 3250 3526 Ἐπιφαίνεται
3288 3455 3420 3520 Θεὸς
3475 3458 3533 3509 ἐν
3582 3456 3661 3526 τῷ

2082 3543 2200 3614 ὄρει
2236 3546 2598 3615 ποιμαίνοντι.
2626 3548 2908 3617 Συγχωρεῖ
2923 3547 3029 3618 γάρ
3050 3546 3199 3617 αύτῷ
3224 3547 3321 3600 καὶ
3349 3545 3660 3616 ποιμαίνειν

2081 3636 2235 3700 Θεὸς,
2253 3637 2340 3690 ἵνα
2363 3638 2427 3689 ὲκ
2450 3638 2707 3707 ποιμένος
2729 3638 3038 3707 προϐάτων,
3058 3638 3295 3708 ποιμένα
3314 3637 3408 3691 τοῦ
3444 3637 3661 3708 Ἰσραὴλ

2080 3725 2336 3798 ἀναδείξῃ
2364 3744 2378 3758 ·
2410 3728 2506 3781 καὶ
2539 3728 2907 3800 ποιμαντικὴν
2939 3730 2997 3781 ἐν
3029 3731 3245 3799 μικροῖς
3277 3728 3658 3798 μελετήσαντι,

2078 3818 2180 3889 τὴν
2211 3819 2319 3872 τῶν
2355 3821 2641 3889 ὁμοφύλων
2680 3822 2976 3891 ἠγεμονίαν
3011 3820 3356 3873 πιστεύσειεν
3389 3820 3526 3889 (65).
3572 3822 3660 3872 Ἐν

2079 3910 2290 3974 τούτοις
2317 3911 2373 3963 δέ
2411 3912 2524 3964 ὅντι
2549 3912 2681 3975 Θεὸς
2710 3912 3077 3980 ἐπιφαίνεται,
3110 3906 3270 3965 ἆθλον
3307 3911 3404 3982 τὴν
3432 3910 3660 3965 ἀθέατον

2082 4002 2209 4057 θέαν
2244 4004 2384 4073 ὑπὲρ
2424 4004 2705 4067 εὐσεϐείας
2736 4005 2911 4059 πόνων
2954 4003 3296 4075 δωρούμενος
3325 4023 3339 4038 -
3373 4005 3467 4057 καὶ
3507 4004 3657 4056 δείκ-

2081 4110 2199 4147 νυσι
2231 4095 2344 4165 πῦρ
2383 4095 2475 4147 ἐπὶ
2515 4094 2679 4163 βάτου
2719 4095 3052 4166 φλεγόμενον
3080 4097 3136 4164 (6
3150 4096 3229 4165 ξι),
3262 4097 3356 4150 καὶ
3379 4094 3450 4148 τὰ
3485 4098 3657 4165 πυρδς

2082 4182 2181 4233 οὐκ
2219 4182 2616 4253 ἐργαζόμενον
2656 4183 2816 4247 ἄνθος
2863 4187 2999 4256 πυρὶ
3049 4184 3512 4255 στεφανούμενον,
3561 4188 3655 4238 καὶ

398 4271 616 4341 Moysen
663 4283 851 4325 contra
881 4269 1169 4343 Aigyptios
1210 4274 1458 4326 armabat
1502 4271 1850 4339 imperatoria
1882 4288 1974 4341 pro

2086 4272 2252 4340 φυτὸν
2284 4273 2498 4338 εύτελές
2531 4274 2728 4343 φλογὸς
2774 4276 3156 4346 ἁναπτομένης
3192 4275 3504 4330 ἀντίπαλον.
3548 4276 3653 4329 Καὶ

472 4432 519 4464 ⁸⁸
545 4427 648 4484 Job
675 4445 727 4499 ν,
765 4430 871 4497 15;
905 4428 924 4482 I
953 4428 1078 4485 Cor.
1109 4444 1188 4496 ιιι,
1216 4429 1304 4484 19.
1381 4430 1427 4462 ⁹⁰
1459 4427 1627 4484 Ilebr.
1657 4445 1731 4496 τι,
1752 4429 1841 4484 23.

1584 4566 1690 4621 CL.
1738 4566 2103 4635 DAL’SQUEII
2139 4569 2371 4627 ΝΟΤΑΞ.

479 4729 589 4802 (65)
633 4729 758 4802 "Ira
804 4725 1201 4802 euitatpéifoc
1246 4722 1554 4802 προϐάτων
1595 4722 1848 4802 ποιμένα
1873 4725 1984 4802 τοῦ

409 4792 649 4868 Ἰσραὴλ
689 4792 1136 4868 ἀναδείξῃ-καὶ
1183 4792 1582 4868 ποιμαντικὴγ
1632 4794 1702 4846 ἐν
1745 4795 1981 4868 μικροῖς

415 4864 820 4939 ιιεῖὶετήσιιιῖτι
852 4867 967 4932 τὴν
1006 4864 1124 4939 {cur
1165 4865 1487 4939 όμορύτιιιιιζ
1518 4865 1980 4939 Αῄγεμονίαζ-πι-

396 4932 731 4994 ἁτεύσειεν.
752 4938 896 4991 Idem
927 4939 992 4989 de
1033 4935 1216 5004 Moyse
1241 4936 1406 5004 sentit
1434 4932 1583 4986 I’ltilu
1610 4935 1662 4987 in
1695 4934 1809 5000 ejus
1833 4935 1979 4996 Vita,

398 5012 487 5061 ubi
525 5021 641 5073 post
681 5009 843 5060 u'ulta
877 5025 890 5061 :
925 5002 1265 5076 Παραλαϐὼν
1305 5002 1415 5076 τὰς
1443 5004 1645 5076 ἀγέλας
1687 5004 1975 5073 ἐποίμαινε

399 5077 890 5147 προδιδασκόμενος
932 5073 1025 5147 είς
1054 5076 1153 5144 τὴν
1187 5073 1504 5147 ἡγεμονίαν.
1540 5075 1838 5147 ῌιιμελνικὴ
1866 5077 1975 5147 γάρ

400 5142 743 5227 μελέτηηκαῖ
769 5142 1176 5227 πρργύιμνασμα
1199 5142 1473 5227 βασιλείας
1498 5144 1576 5227 cf?)
1603 5142 1973 5227 péa‘lovnnci}:

395 5213 754 5288 ἡμερωτάτης
794 5213 901 5269 τῶν
931 5213 1232 5288 ἀνθρώπων
1260 5214 1571 5288 ἐπιστατεῖν
1593 5213 1973 5288 ἀγέληςξ-Βιιιιι

394 5283 899 5353 ὁὸιιιὶιιίιδοίραιεὶῑ
934 5283 1108 5355 greges
1158 5286 1226 5336 ad
1272 5283 1627 5355 pritu‘tpatuut
1679 5284 1962 5336 eruditur:

394 5374 515 5409 nam
545 5357 831 5423 pastaritia
865 5373 950 5408 (ιη
984 5354 1057 5409 est
1086 5354 1415 5413 exercitium,
1461 5363 1525 5423 et
1549 5354 1774 5419 primum
1818 5355 1963 5422 regni

395 5421 742 5479 rudimentum
791 5427 857 5490 ei,
900 5426 989 5492 qui
1039 5424 1460 5478 mansuetissime
1507 5421 1777 5475 hominum
1821 5421 1964 5491 gregi

393 5496 714 5564 prarfuturua
760 5506 857 5548 est.
890 5493 1032 5547 Idem
1081 5495 1276 5549 astruit
1315 5503 1370 5547 et
1403 5494 1563 5555 libro,
1591 5507 1698 5561 quo
1746 5509 1962 5547 onmem

395 5570 620 5633 probum
650 5566 875 5619 liberum
905 5566 1116 5633 probat.

462 5634 575 5707 (64)
615 5635 739 5704 Πῦρ
807 5629 915 5688 ἐπί
966 5631 1161 5697 ,ϐάτου
1222 5634 1615 5703 φλεγόμενον.
1677 5629 1960 5701 Vulgatam

2091 4725 2389 4807 §cripturae
2420 4728 2940 4807 interpretationem
2960 4749 3158 4807 sequor
3186 4735 3476 4807 comitatus
3503 4734 3656 4789 Basi-

2088 4797 2195 4878 lio,
2230 4800 2333 4878 qui
2365 4811 2526 4878 vocat
2557 4797 2723 4878 φυτὸν
2747 4803 2995 4878 εὐτελές,
3032 4797 3083 4878 et
3114 4805 3337 4858 I’liiloue
3369 4806 3459 4874 qui
3491 4806 3656 4875 φυτὸν

2086 4867 2413 4947 ᾲκανθῴδες,
2444 4872 2538 4922 καὶ
2565 4867 2989 4947 άσθενέστατον,
3011 4876 3246 4940 plantam
3278 4867 3544 4939 spinosam
3567 4914 3581 4935 ,
3607 4885 3655 4926 et

2086 4940 2524 5017 inﬁrmissimam,
2548 4943 2888 5017 dicimusque
2930 4944 3105 5017 Moysi
3140 4947 3303 5017 lieum
3340 4948 3657 5017 apparuisse

2088 5010 2139 5058 in
2188 5010 2317 5060 rubo
2351 5010 2582 5074 ardenti,
2616 5028 2722 5063 non
2753 5010 2814 5065 iu
2838 5010 3038 5068 rubetal
3073 5014 3172 5079 Qui
3210 5029 3313 5067 non
3348 5010 3422 5067 ita
3452 5016 3655 5081 prulcm

2087 5088 2420 5145 repugnante
2474 5081 2714 5148 quolibet
2759 5091 2941 5145 textu,
2972 5095 3027 5137 et
3074 5087 3348 5143 versione,
3402 5088 3657 5148 uulioque

2082 5157 2354 5227 annuente
2385 5151 2836 5227 scriptoreﬂa'tjrov
2871 5157 3108 5227 rubetam
3140 5164 3223 5227 est
3249 5158 3653 5227 interpretatus.

2082 5229 2113 5268 e
2157 5218 2310 5270 vanis
2370 5218 2697 5285 conjecturis
2748 5224 3146 5275 inconsiderate
3209 5224 3356 5277 lecit.
3394 5218 3538 5275 Nam
3596 5230 3657 5274 ut

2073 5285 2281 5363 pondus
2309 5290 2544 5363 acutulis
2574 5290 2692 5359 ejus
2721 5292 3043 5344 ratiunculis
3080 5292 3405 5356 affet-annus;
3440 5294 3509 5344 sit
3535 5292 3656 5359 plu-

2076 5357 2219 5433 rium_
2244 5355 2501 5433 fruticum
2531 5355 2652 5412 cuiu
2692 5364 2824 5433 rubo
2853 5364 3311 5433 succresceutiutn
3343 5355 3652 5429 cettgeries,

2071 5438 2178 5477 nou
2207 5427 2327 5478 ideo
2382 5430 2620 5481 rubetam
2666 5431 2795 5493 erit,
2853 5433 2947 5484 sed
2995 5431 3318 5499 fruticetum,
3357 5427 3650 5488 dumetum.

2072 5507 2353 5561 repretnm,
2378 5507 2665 5561 aspretum,
2700 5500 2870 5554 Livio.
2901 5501 3031 5565 Quae
3066 5503 3117 5551 in
3146 5517 3323 5554 causa:
3346 5502 3657 5554 lirtnauten-

2075 5572 2184 5616 tum
2222 5567 2397 5631 aﬂerl,
2431 5569 2473 5620 si
2509 5568 2658 5622 locus
2690 5573 3022 5639 admitteret,
3060 5572 3217 5624 facile
3248 5572 3574 5638 disjireretu.
