3990 6160
306 227 410 294 133

1720 234 2002 296 ORATIO
2039 237 2145 299 IX.

3458 252 3560 316 134

305 347 460 417 ςςωνὴ
486 344 773 417 φερομένη
800 388 812 411 ,
847 347 935 400 τὸν
966 346 1199 400 Μωῦσέα
1225 350 1340 401 κατ’
1372 348 1686 416 Αἰγυπτίων
1745 351 1879 405 καθ-

1987 351 2183 421 popqu
2218 346 2338 405 data
2376 359 2604 406 tessera.
2638 351 2845 418 Quibus
2875 352 3082 424 Moyses
3113 355 3276 412 rebus
3309 359 3565 415 incitatus

304 437 532 501 ὡπλισε,
571 437 942 508 στρατηγικὸν
976 438 1113 506 ὑπὲρ
1141 436 1237 490 τοῦ
1257 438 1384 491 λαοῦ
1423 439 1638 493 διδοῦσα
1665 431 1889 494 τὸσύν-

308 529 481 600 θημα.
535 528 771 591 Τούτοις
826 527 1219 601 παρορμισθεὶς
1254 529 1370 599 (G5)
1420 533 1449 583 6
1499 532 1742 601 Μωῡσῆς
1796 532 1887 585 τὸν

305 622 434 674 λαὸν
462 619 713 689 ἐξῃτεῖτο
740 635 755 650 ’
782 616 1240 690 ἀντιπράττοντος
1263 620 1321 673 δὲ
1350 621 1511 675 πάλιν
1544 621 1638 675 τοῦ
1663 622 1884 693 Φαραὼ,

308 712 592 782 θεηλάτοις
654 711 930 777 Δίγυπτας
990 710 1354 778 ἐτιτρώσκετο
1400 712 1674 781 μάστιξιν.
1738 714 1889 767 Ἐκεῖ

308 803 551 874 ποταμὸς
586 802 769 872 ῥάϐδῳ
792 801 1131 871 τυπτόμενος
1154 802 1493 872 ἐφοινίσσετο
1512 819 1524 832 ·
1548 805 1664 856 ἐκεῖ
1690 804 1886 876 βατρά-

307 915 414 967 χων
445 896 642 966 ἔνυδρα
693 894 815 948 κατ’
861 893 1177 962 Αίγυπτίων
1226 894 1595 966 στρατόπεδαο
1632 895 1690 962 ἐξ
1721 896 1884 966 ἀέρος

308 988 527 1059 ἀκρίδες
556 987 694 1056 νέφη
718 986 784 1054 τῇ
831 985 1029 1055 πτήσει
1063 984 1443 1056 μιμούμεναι·
1480 986 1642 1040 πάλιν
1692 987 1883 1051 σκότος

308 1081 603 1149 ἐπεκράτει
631 1079 693 1131 τὺ
722 1078 861 1146 φῶς,
885 1079 979 1131 καὶ
997 1073 1066 1149 ἦν
1093 1079 1194 1149 τῆς
1220 1078 1432 1150 ἡμέρας
1461 1080 1490 1131 ὁ
1519 1079 1730 1150 χρόνος,
1755 1097 1885 1133 νυκ-

308 1170 400 1233 τὸς
431 1168 811 1240 παρανάλωμα
831 1183 847 1199 ⁸
880 1169 999 1221 ἐκεῖ
1044 1168 1254 1239 χάλαζα
1293 1168 1372 1238 τῷ
1402 1170 1533 1238 πυρὶ
1584 1170 1883 1240 συνεφράτ-

308 1276 454 1322 τετο,
478 1260 570 1312 καὶ
598 1257 747 1328 παρά
767 1257 931 1327 φύσιν
948 1258 1182 1329 ὡμονόει
1200 1257 1268 1311 τά
1293 1261 1361 1330 τῇ
1385 1258 1546 1327 φύσει
1572 1260 1878 1330 μαχόμενα,

308 1352 402 1405 τὸν
420 1352 520 1420 τῆς
545 1350 760 1419 φύσεως
789 1351 1027 1422 πόλεμον
1054 1351 1179 1405 κατ’
1205 1352 1524 1419 Αἰγυπτίων
1548 1350 1877 1422 μετάγοντα⁸

308 1444 426 1495 ἐκεῖ
479 1440 713 1504 θάνατος
759 1441 871 1495 τῶν
918 1443 1282 1512 πρωτοτόκων
1331 1441 1442 1495 τῶν
1486 1443 1880 1513 πρωτευόντων

309 1531 514 1583 ὠδίνων
545 1531 928 1596 κατεϐόσκετο,
950 1532 1045 1584 καὶ
1069 1531 1177 1583 τῶν
1201 1532 1376 1585 τόκων
1400 1534 1433 1602 ἡ
1466 1532 1618 1597 τάξις
1648 1532 1877 1586 θανάτου
1913 1519 1917 1525 ’

310 1624 500 1694 κλῆσις
541 1624 751 1692 ἐγίνετο
793 1623 923 1696 (ϐϐ).
974 1627 1085 1679 Καὶ
1124 1624 1231 1678 τῶν
1282 1626 1558 1696 μαστίγων
1599 1626 1627 1678 6
1677 1627 1878 1699 δρόμος

1992 441 2243 509 pupulum
2262 442 2585 510 deposcebat
2605 443 2831 497 exsolvi.
2862 443 2968 499 Sed
3005 446 3317 501 obluctaute
3344 465 3560 505 rursum

1988 532 2270 588 Pharaone
2311 534 2536 604 ﬂagellis
2563 536 2822 589 divinitus
2878 537 3137 592 immissis
3167 539 3437 611 Egyptus
3473 560 3563 595 vu-

1987 624 2229 693 pulabat.
2258 625 2333 681 lbi
2352 628 2554 681 ﬂumen
2580 626 2729 695 virga
2761 642 3073 696 percussum
3098 634 3521 700 purpurasrebat
3544 654 3559 696 ς

1987 717 2064 773 ibi
2090 732 2342 773 ranarum
2370 719 2630 773 undantia
2655 732 2752 787 per
2769 718 3058 788 Egyptum
3076 723 3326 791 agmina;
3363 738 3394 778 e
3420 725 3562 779 caelo

1986 808 2210 864 locustae
2257 809 2310 863 in
2368 824 2574 863 morem
2620 811 2946 879 modumque
2998 811 3218 866 nubium
3281 814 3534 869 volabant

1986 899 2198 956 Rursus
2229 901 2464 955 tenebrae
2503 900 2681 954 lumen
2724 902 3065 967 evincebant,
3098 913 3154 958 et
3190 905 3385 959 diurna
3416 917 3560 961 tem-

1988 1002 2171 1061 pestas
2221 992 2394 1046 inutili
2433 992 2611 1046 noctis
2677 992 2949 1061 impendio
2995 998 3435 1053 consumebatur.
3481 1000 3558 1054 lbi

1984 1083 2190 1152 grando
2224 1097 2347 1136 cum
2379 1083 2501 1153 igne
2529 1079 2770 1137 conferta
2802 1086 3014 1151 ruebat,
3047 1094 3102 1139 et
3146 1100 3266 1155 qua:
3307 1087 3376 1141 ab
3409 1088 3560 1157 inge-

1986 1174 2076 1228 uio
2104 1174 2435 1240 discordant,
2472 1174 2545 1228 ita
2595 1182 2794 1242 prmter
2836 1184 3086 1229 naturam
3126 1179 3553 1245 concordabant,

1984 1272 2043 1316 ut
2091 1263 2391 1318 naturalem
2442 1264 2767 1319 discordiam
2821 1276 3008 1320 contra
3053 1266 3337 1338 Egyptios
3388 1280 3559 1327 verte-

1984 1364 2127 1409 rent.
2190 1354 2267 1410 lbi
2317 1371 2465 1411 mors
2511 1357 2798 1425 primatum
2849 1358 3237 1430 primogenitos
3288 1376 3394 1416 non
3442 1364 3560 1418 sine

1983 1443 2171 1498 dolore
2218 1444 2633 1515 depascebatur,
2682 1455 2740 1501 et
2794 1455 3041 1501 natorum
3089 1450 3225 1504 ordo
3271 1450 3437 1506 ﬁebat
3490 1456 3556 1505 ad

1984 1533 2269 1602 imperium
2317 1534 2527 1588 mortis.
2560 1532 2670 1589 Nec
2704 1549 2835 1589 vero
2871 1535 3028 1590 istius
3071 1537 3326 1592 vindicta
3357 1554 3552 1594 cursus

1984 1633 2110 1680 ante
2144 1624 2321 1693 potuit
2352 1626 2623 1695 abrumpi,
2665 1641 2825 1695 quam
2860 1628 3009 1697 virga
3049 1642 3363 1697 percussum
3410 1646 3559 1685 mare

307 1715 534 1784 ἐφέρετο
563 1715 670 1777 ἕως
702 1715 737 1783 ή
784 1713 1041 1781 Θάλαττα,
1090 1714 1359 1785 πληγεῖσα
1402 1718 1470 1787 τῇ
1512 1715 1729 1788 ῥάϐδῳ,
1768 1722 1879 1783 τοῖς

1989 1714 2074 1770 his
2100 1713 2224 1782 iter,
2256 1715 2362 1771 illis
2388 1715 2693 1785 sepulcrum
2723 1715 2920 1783 fuerit;
2958 1729 3014 1773 et
3046 1733 3196 1773 mare
3227 1719 3558 1775 continentis

310 1807 406 1878 μὲν
431 1807 569 1871 ὁδὸς,
593 1809 705 1870 τοῖς
732 1807 786 1860 δὲ
810 1807 979 1876 τάφος
1005 1806 1212 1875 ἐγίνετο
1236 1824 1248 1836 ·
1276 1809 1368 1861 καὶ
1391 1809 1625 1878 πέλαγος
1646 1814 1759 1874 τοῖς
1783 1811 1882 1881 μὲν

307 1898 367 1963 ἐξ
403 1898 656 1967 Ἀϐραὰμ
681 1898 820 1970 πρὸς
851 1899 1080 1969 ήπειρον
1110 1900 1513 1970 μετεπήγνυτο,
1540 1901 1667 1966 τοὺς
1694 1901 1750 1957 δὲ
1770 1904 1883 1968 τοῖς

308 1988 546 2059 κύμασιν
583 1989 923 2060 ὲσαγήνευσε
946 2005 963 2023 ⁸
993 1989 1054 2043 τὸ
1083 1991 1379 2061 πλεόμενον
1420 1992 1710 2056 ἑπεζεύετο
1741 2035 1755 2056 ,
1785 1994 1881 2048 καὶ

308 2080 466 2144 πόδες
496 2080 805 2151 ἀνθρώπων
829 2081 1204 2151 κεκονισμένοι
1237 2082 1330 2136 τὸν
1358 2083 1522 2153 βυθὸν
1550 2084 1877 2138 ἑσταδίευον.

310 2173 495 2235 Οὕτως
535 2172 1000 2243 ἀντιπράττοντας
1038 2174 1226 2245 φέρειν
1261 2175 1362 2245 μὲν
1403 2170 1515 2229 οἶδε
1544 2176 1633 2230 διὰ
1672 2194 1879 2248 μακρο-

310 2262 512 2334 θυμίαν
537 2263 682 2328 Θεὸς,
712 2267 778 2336 τῇ
807 2266 909 2335 τῆς
937 2266 1207 2338 τιμωρίας
1231 2268 1519 2338 ὑπερθέσει
1541 2270 1881 2341 προθεσμίαν

307 2356 485 2420 διδοὺς
504 2359 584 2420 είς
610 2357 952 2428 μετάγνωσιν
975 2374 989 2388 ·
1036 2357 1176 2430 ὁρῶν
1200 2360 1259 2413 δὲ
1290 2361 1429 2430 πρὸς
1457 2362 1519 2414 τὸ
1564 2361 1668 2431 τῆς
1695 2362 1881 2431 φιλαν-

308 2448 554 2517 θρωπίας
585 2449 683 2517 οὐχ
717 2448 1045 2512 ὑπείκοντας
1075 2448 1387 2520 φάρμακον,
1435 2451 1576 2521 πρὸς
1619 2451 1879 2520 δικαστὴν

303 2541 394 2595 τὸν
424 2540 607 2611 ίατρὸν
633 2540 976 2611 μεταϐάλλει,
1008 2541 1101 2593 καὶ
1129 2540 1450 2612 σωφρονίζει
1479 2542 1731 2596 κολάσεσι
1752 2542 1879 2605 τοὺς

305 2633 401 2695 τὰς
427 2631 737 2702 συμϐουλὰς
767 2631 1159 2701 ἁτιμάσαντας.

370 2720 438 2792 Υ.
477 2722 814 2791 Αἰγυπτίους
844 2720 944 2791 μὲν
974 2716 1067 2775 οὖν
1094 2719 1237 2773 οὕτω
1269 2721 1488 2785 κολάζει
1527 2720 1681 2785 Θεός.
1715 2722 1878 2775 Μωῡ-

304 2815 402 2887 σῆς
432 2815 515 2880 δὲ,
541 2813 637 2867 τοῦ
676 2812 807 2867 λαοῦ
849 2811 1141 2882 παιδευτὴς
1195 2815 1468 2875 καταστὰς
1491 2850 1507 2876 ,
1537 2811 1597 2864 τὸ
1631 2813 1728 2881 τῆς
1760 2811 1872 2865 θεο-

303 2906 541 2974 γνωσίας
573 2905 903 2976 παραδίδωσι
929 2903 1177 2974 μάθημα.
1198 2904 1478 2957 Ἐϐούλετο
1506 2904 1613 2975 γὰρ
1636 2905 1878 2968 ἐξελθόν-

1985 1804 2156 1857 instar
2186 1805 2325 1858 viam
2353 1804 2725 1859 Abrahamitis
2759 1806 3034 1873 aperuerit
3060 1845 3076 1871 ,
3112 1815 3338 1862 caeteros
3364 1805 3559 1863 ﬂuctus

1984 1894 2283 1950 hauserint.
2358 1894 2511 1963 Quod
2573 1909 2688 1951 erat
2731 1896 3038 1968 navigabile
3088 1897 3447 1964 ealcabatur,
3502 1909 3557 1954 et

1981 1986 2340 2055 pulverulenti
2388 1988 2551 2054 pedes
2595 1987 2875 2042 hominum
2922 1989 3187 2057 profunda
3229 1989 3394 2045 maris
3428 2005 3553 2058 per-

1980 2077 2291 2132 currebant.
2336 2076 2445 2149 55
2485 2080 2565 2134 Ad
2621 2079 2725 2135 hoc
2766 2093 2991 2150 prorsus
3050 2080 3357 2149 exemplum
3409 2080 3553 2137 Deus

1982 2168 2230 2223 inimicos
2280 2169 2497 2225 fortiter
2540 2171 2739 2240 diuque
2808 2171 2938 2233 fert,
2993 2173 3244 2227 vindicta:
3289 2173 3549 2228 dilatione

1983 2258 2303 2326 pra‘ﬂuitum
2348 2259 2582 2326 spatium
2626 2260 2946 2328 pmnitudini
2987 2260 3250 2316 tribuens.
3292 2262 3390 2317 Ubi
3423 2277 3554 2317 vero

1981 2350 2303 2404 humaniora
2362 2350 2599 2404 remedia
2651 2350 2871 2406 minime
2918 2353 3209 2407 succedere
3251 2353 3484 2419 viderit,
3526 2369 3556 2408 a

1981 2439 2191 2493 medico
2218 2447 2476 2508 provocat
2506 2439 2571 2492 ad
2595 2439 2855 2507 iudicem,
2880 2452 2934 2495 et
2954 2441 3303 2496 consiliorum
3333 2457 3556 2499 auorum

1981 2540 2253 2598 Spretores
2291 2528 2569 2600 suppliciis
2600 2540 2820 2585 revocat
2848 2532 2914 2585 ad
2947 2532 3176 2602 frugem.

2050 2704 2103 2757 5.
2147 2701 2240 2757 Sic
2265 2703 2427 2772 igitur
2457 2700 2747 2772 Egyptios
2780 2701 2922 2757 Deus
2950 2702 3272 2767 ulciscitur;
3315 2713 3369 2756 at
3401 2702 3545 2775 Moy-

1979 2808 2070 2848 ses
2105 2793 2284 2863 populi
2328 2793 2585 2861 magister
2615 2803 2833 2847 creatus
2864 2793 3061 2847 divinat
3104 2793 3430 2861 cognitionis
3461 2797 3554 2849 do-

1978 2893 2229 2938 cumeuta
2270 2883 2452 2936 tradit.
2492 2881 2718 2937 Volebat
2756 2883 2901 2937 enim
2930 2897 3181 2952 egressos
3219 2885 3285 2939 de
3314 2882 3555 2955 Egypto

302 2972 402 3060 τας
442 2972 751 3066 Αἰγύπτου,
800 2972 968 3066 μηδεν
1015 2972 1318 3063 ἐπάγεσθαι
1351 2996 1452 3064 τῆς
1498 2972 1877 3063 Αἰγυπτιακῆς

1983 2974 2184 3030 nullum
2216 2973 2509 3043 impietatis
2534 2972 2874 3045 Egyptiaca:
2906 2989 3089 3030 secum
3117 2985 3404 3045 exportare
3435 2977 3554 3032 via-

302 3054 558 3150 ἀσεϐείας
604 3054 835 3156 ἐφόδιον.
865 3054 1051 3148 Ὀὗτος
1096 3054 1307 3153 γίνεται
1500 3054 1599 3155 τῆς
1646 3054 1876 3148 κτίσεως

1983 3066 2166 3121 ticum.
2216 3064 2316 3120 llic
2357 3076 2442 3121 est
2488 3066 2827 3134 conscriptor
2878 3080 3202 3119 arcanorum
3250 3078 3550 3131 creaturze,

303 3178 631 3247 ἀπορρήτων
664 3176 1039 3246 συγγραφεὺς,
1075 3177 1102 3228 6
1128 3175 1219 3229 τοῦ
1253 3176 1460 3246 κόσμου
1506 3175 1605 3246 τὴν
1637 3176 1875 3247 ποίησιν,

305 3266 502 3334 βιϐλίον
531 3266 993 3335 ἀπεργασάμενος
1014 3280 1027 3293 ·
1053 3266 1081 3317 6
1109 3265 1207 3334 τὴν
1236 3263 1641 3333 πολυπλάνητον
1670 3266 1876 3334 στήσας

302 3358 556 3410 ἀσέϐειαν
595 3357 687 3409 διὰ
730 3356 832 3426 τῆς
871 3357 1237 3424 κοσμοποιῖας
1272 3355 1591 3409 ὁδεύουσανο
1632 3358 1660 3408 6
1700 3356 1874 3417 λύσας

301 3448 638 3520 κατηγορίαν
682 3449 781 3515 τῆς
826 3446 1091 3510 κτίσεως⁶
1123 3448 1153 3499 6
1205 3446 1423 3515 πρῶτος
1469 3445 1746 3516 ἐμϐοήσας
1784 3448 1877 3499 ἀνι

302 3540 537 3611 θρώποις
568 3539 700 3591 Θεὸν
731 3533 871 3590 εἶναι
898 3536 990 3590 τοῦ
1020 3537 1217 3599 παντὸς
1264 3535 1513 3606 ποιητὴν,
1547 3538 1643 3589 καὶ
1684 3536 1875 3599 πείσας

305 3631 375 3701 μὴ
406 3628 741 3700 μεταφέρειν
762 3628 868 3680 ἀπὸ
891 3626 983 3679 τοῦ
1011 3627 1317 3691 κτίσαντος,
1340 3626 1475 3697 πρὸς
1502 3625 1571 3679 τά
1593 3625 1876 3679 κτισθέντα

300 3721 356 3776 τὸ
386 3720 589 3785 σέϐας·
629 3721 658 3772 6
694 3717 913 3781 διδάξας
961 3717 1035 3788 μὴ
1078 3719 1403 3787 προσκυνεῖν
1436 3717 1528 3768 τὸν
1565 3716 1873 3786 ὁμόδουλον,

299 3814 494 3867 εἰπών·
547 3813 647 3863 Ἐν
680 3808 842 3878 ἀρχῇ
880 3811 1172 3875 ἐποίησεν
1214 3810 1246 3862 ό
1282 3808 1426 3873 Θεὸς
1452 3806 1561 3860 τὸν
1612 3805 1873 3874 οὐρανὸν

298 3905 391 3959 καί
413 3906 531 3971 τὴν
558 3904 698 3973 γῆν.
735 3904 796 3955 Εἰ
821 3902 1143 3971 θαυμάζεις,
1168 3899 1440 3969 ἀγαπητὲ,
1474 3900 1544 3951 τὰ
1569 3897 1872 3961 κτισθέντα,

192 3990 207 4001 ’
299 3995 595 4066 πρυσκύνει
638 3992 732 4046 τὸν
771 3992 1146 4063 ἐργασάμενον
1184 4008 1195 4021 ·
1231 3991 1280 4042 εί
1332 3989 1543 4060 χαίρεις
1585 3991 1699 4051 τοῖς
1760 3988 1876 4041 κτί-

304 4101 485 4153 σμασι,
507 4085 582 4154 μὴ
610 4083 892 4153 ἀτιμάσῃς
916 4081 1008 4135 τὸν
1040 4081 1316 4146 κτίσαντα,
1335 4080 1471 4151 μηδὲ
1494 4078 1587 4131 τοῦ
1618 4079 1875 4149 δημιουρ-

300 4177 394 4244 γοῦ
421 4176 581 4239 δόξαν
602 4178 719 4237 τοῖς
749 4172 1000 4243 γεγονόσι
1035 4169 1349 4242 περίϐαλλε.
1398 4171 1666 4239 Ἀρνείται
1687 4168 1795 4237 γὰρ
1815 4167 1875 4219 τὸ

299 4265 389 4316 τοῦ
420 4264 707 4327 κτίσαντος
738 4264 773 4332 ἠ
802 4263 981 4325 κτίσις
1012 4261 1367 4331 ὑποδέχεσθαι
1400 4259 1595 4321 σέϐαςο
1628 4258 1873 4327 φοϐεῖται

301 4356 395 4424 τὴν
422 4355 587 4426 τιμὴν
621 4354 696 4419 ὡς
744 4353 1024 4416 ἀπωλείας
1054 4352 1311 4405 ὑπόθεσιν
1356 4349 1503 4422 (67)·
1547 4349 1872 4420 προσκυνεῖν
1905 4382 1948 4436 D

305 4445 581 4512 πέφυκεν,
623 4445 685 4497 οὐ
729 4442 1160 4515 προσκυνεῖσθαι
1213 4439 1522 4511 μεμάθηκε.
1568 4439 1677 4490 Καὶ
1708 4437 1872 4490 πάλιν

304 4535 552 4605 ἑτέρωθι·
575 4537 795 4604 Κύριος
815 4537 848 4589 ὁ
878 4535 1023 4600 Θεός
1048 4549 1164 4587 σου
1198 4531 1335 4602 (68),
1374 4532 1584 4597 Κύριος
1611 4524 1698 4594 εἷς
1723 4529 1872 4583 ἐστι.

306 4626 601 4697 Πρόρριζος
641 4625 1089 4696 είδωλολατρείας
1114 4624 1394 4693 ἀναίρεσις
1414 4638 1428 4652 ’
1460 4620 1874 4690 πολυπλανήτου

372 4803 413 4832 ’⁸
448 4802 588 4858 Gen.
629 4817 666 4864 ι,
699 4803 769 4869 1,,
824 4801 870 4832 ⁹⁹
905 4798 1133 4855 Deut.“
1190 4799 1243 4852 Δ.

1979 3158 2071 3228 qui
2114 3157 2297 3211 mundi
2354 3156 2729 3211 conditionem
2780 3156 2920 3211 libro
2962 3156 3271 3225 complexus
3312 3168 3425 3224 est;
3461 3163 3552 3228 qui

1978 3249 2137 3321 longe
2189 3247 2406 3317 lateque
2449 3255 2732 3316 vagantem
2764 3260 2860 3315 per
2901 3255 3182 3301 creaturas
3224 3247 3550 3317 impietatem

1977 3340 2334 3411 compescuit,
2380 3339 2473 3410 qui
2512 3338 2741 3392 crimine
2795 3346 3103 3391 creaturam
3143 3338 3420 3392 exsolvit:
3455 3343 3549 3409 qui

1977 3432 2183 3501 primus
2223 3439 2506 3485 auctorem
2561 3429 2797 3482 universi
2854 3427 3021 3481 Deum
3074 3442 3196 3482 esse
3245 3428 3553 3485 hominibus

1979 3523 2325 3586 inclamavit,
2355 3520 2559 3590 fuitque
2599 3531 2811 3583 auctor,
2847 3534 2913 3573 ne
2946 3537 2974 3572 ιι
3004 3518 3276 3574 Creatoris
3306 3520 3450 3573 cultu
3484 3522 3548 3573 ad

1977 3623 2285 3667 creaturam
2317 3610 2562 3666 adoratio
2609 3610 3014 3675 transferretur,
3049 3611 3140 3679 qui
3176 3626 3283 3664 non
3322 3612 3551 3665 adorare

1976 3716 2298 3756 conservum
2350 3701 2611 3756 edocuit:
2650 3698 2717 3753 In
2758 3700 3053 3768 principio,
3098 3700 3304 3768 inquit,
3355 3703 3552 3754 creavit

1976 3793 2115 3847 Deus
2166 3793 2349 3847 caelum
2404 3801 2454 3848 et
2536 3802 2732 3847 terram
2753 3792 2823 3848 “.
2881 3792 2936 3844 Si
2981 3791 3096 3854 tibi,
3148 3805 3182 3845 ο
3226 3792 3443 3856 dilecte,
3496 3793 3548 3845 in

1974 3885 2384 3940 admirationem
2423 3883 2643 3937 veniunt
2673 3893 2956 3946 creaturae,
2993 3881 3158 3934 adora
3189 3880 3544 3945 Creatorem;

1975 3979 2018 4031 si
2047 3977 2251 4045 gaudes
2274 3974 2496 4038 creatis,
2528 3973 2768 4028 Creatori
2804 3987 2869 4026 ue
2898 3973 3132 4025 dedecus
3155 3970 3389 4036 afferas;
3419 3984 3554 4024 cave

1981 4067 2172 4128 etiam,
2221 4080 2288 4117 ne
2323 4062 2633 4118 Conditoris
2678 4061 2850 4129 gloria
2904 4074 2996 4112 res
3042 4059 3271 4111 condita:
3320 4059 3552 4113 circum-

1981 4155 2441 4222 fluant.Namque
2474 4153 2688 4221 dignam
2737 4151 2995 4203 Creatore
3042 4149 3394 4202 reverentiam
3443 4162 3548 4201 non

1976 4248 2213 4301 admittit
2262 4255 2512 4301 creatura
2560 4260 2575 4298 :
2625 4252 2833 4296 tantum
2881 4240 3177 4303 honorem,
3230 4249 3287 4292 ut
3344 4249 3546 4308 pestem

1979 4341 2263 4410 capitalem
2296 4336 2692 4408 perhorrescit;
2724 4332 2958 4386 adorare
2987 4340 3111 4385 nata
3140 4340 3242 4395 est,
3274 4345 3376 4383 nou
3408 4329 3546 4383 didi-

1982 4435 2058 4487 cit
2099 4431 2338 4487 adorari.
2372 4430 2439 4484 Et
2487 4429 2615 4483 alibi
2653 4442 2863 4497 quoque
2892 4443 2905 4479 :
2936 4424 3190 4478 Dominus
3224 4423 3362 4477 Deus
3404 4432 3546 4485 tuus,

1981 4523 2123 4579 Deus
2165 4540 2301 4578 unus
2341 4522 2503 4577 est".
2552 4519 2677 4574 llaec
2705 4533 2808 4572 vox
2842 4515 3197 4571 idololatrian]
3251 4513 3547 4567 eradicitus

1984 4614 2261 4680 convellit,
2314 4612 2514 4681 datque
2559 4625 2589 4664 a
2638 4606 2931 4675 multivaga
2979 4603 3239 4660 servitute
3289 4602 3547 4655 vindictas

1495 4954 1601 5008 CL.
1625 4949 1995 5018 DAUSQUEII
2033 4946 2264 5004 ΝΟΤᾸΞ.

370 5116 475 5188 (65)
528 5117 765 5202 Tgv'fmc
814 5110 1264 5183 παρορμισθείς.
1306 5108 1696 5178 lnterpretatus
1753 5122 1870 5161 sum

309 5188 695 5258 παοορμηθείς.
1587 5245 1614 5257 _

378 5240 477 5325 ³66)
522 5256 646 5311 Τῶν
675 5252 960 5327 τόκων-ἠ
996 5246 1456 5327 τάξις-θανάτου
1495 5250 1716 5327 κλῃσις
1750 5245 1870 5313 ἐγί-

309 5316 471 5381 νετο(
493 5326 758 5381 Natorum
791 5316 1067 5377 ordinatio
1100 5319 1262 5373 fiebat
1302 5316 1368 5370 ad
1403 5316 1687 5385 imperimn
1723 5332 1871 5369 tuor-

312 5399 389 5462 tis,
424 5398 525 5451 hoc
574 5406 678 5461 est,
708 5405 762 5449 ut
801 5393 892 5447 hic
943 5386 1470 5462 sitgprimogenitus,
1501 5393 1559 5438 ut
1589 5386 1676 5438 ille
1713 5402 1815 5462 non
1850 5399 1864 5437 :

310 5455 497 5547 inultos
541 5455 686 5522 enim
737 5455 1140 5534 primogenitos
1165 5455 1387 5513 abstulit
1422 5470 1485 5509 ea
1527 5455 1739 5524 tyranni
1772 5470 1870 5507 suc-

312 5547 476 5679 ηιίϐῖ)
514 5604 626 5674 Ὦς
654 5599 969 5665 ἀπωλείας
996 5599 1310 5654 ὑπόθεσιν.
1350 5593 1525 5651 Pestis
1551 5595 1692 5650 enim
1726 5591 1875 5662 παρά

1981 5105 2042 5157 τὺ
2076 5103 2284 5165 πεσεῖν,
2314 5099 2457 5169 quod
2485 5099 2550 5151 ad
2581 5093 3232 5169 casumimpellat,_quem
3265 5089 3542 5169 insederit.

1992 5159 2282 5234 Ὑπόθεσις
2309 5159 2347 5223 ιε’
2370 5184 2456 5223 me
2485 5183 2591 5222 non
2634 5159 2892 5223 redditur}
2926 5164 3078 5234 quod
3095 5161 3279 5234 Latine
3308 5159 3542 5234 loquenti

1980 5245 2050 5297 sit
2086 5230 2275 5296 idemf
2300 5238 2558 5292 Adoralio
2592 5236 2713 5288 talis
2747 5244 2829 5287 est
2880 5231 3079 5285 homini
3115 5230 3303 5298 pestis,
3335 5239 3384 5282 ct
3418 5230 3547 5284 ado-

1979 5314 2117 5366 ratio
2147 5315 2227 5364 est
2256 5324 2414 5362 causa
2447 5307 2610 5376 pestis
2637 5321 2650 5367 ;
2684 5305 2784 5376 etsi
2806 5299 3470 5376 _t10ti_pltysieeloquenti.

2048 5380 2157 5451 (68)
2213 5368 2468 5451 '046£d§
2517 5393 2653 5428 σου.
2694 5373 2769 5425 ita
2804 5368 3053 5451 Basilius.
3090 5368 3258 5451 Biblia
3294 5370 3547 5451 Denter!!-

1979 5434 2173 5504 nomii's
2203 5449 2379 5517 ἡμῶν.
2415 5434 2588 5512 δὐροι·
2631 5457 2743 5517 quo
2786 5442 2938 5509 plura
2982 5441 3139 5515 docte
3170 5439 3447 5517 adnotavit
3484 5434 3543 5513 Ρ,

1982 5520 2180 5573 Fronto
2225 5508 2455 5571 'Dttcmns
2495 5508 2561 5567 'in
2611 5508 2894 5578 septimum
2947 5509 3118 5564 sancti
3174 5508 3542 5575 Chrysostotni

1986 5600 2271 5645 tractatum
2318 5605 2330 5638 :
2369 5584 2566 5642 volenti
2597 5583 2771 5650 legere
2798 5591 2897 5633 est.
