3990 6160
375 276 484 338 135

1582 255 1857 317 BASILII
1896 251 2435 313 SELEUCIENSIS

3526 236 3631 301 136

375 381 431 436 in
474 375 809 440 libertatem,
864 372 933 428 ad
981 371 1165 426 varios
1217 370 1519 424 dmntonunt
1562 366 1740 421 cultus
1784 362 1958 434 proje-

2065 360 2299 425 δουλείας
2343 360 2648 430 ἐλευθερία·
2684 359 2819 431 πρὸς
2869 358 3118 420 ποικίλας
3155 357 3428 428 δαιμόνων
3475 359 3640 430 θερα-

376 480 522 526 ctam
567 468 806 522 animam
865 464 1047 533 erigit.
1104 461 1236 515 Nam
1288 474 1408 529 qute
1452 468 1559 512 tam
1609 458 1816 511 minuta
1871 470 1958 509 res

379 568 588 620 creata,
620 573 741 627 quae
774 571 880 609 tton
921 555 995 607 sit
1037 551 1106 605 ab
1143 549 1455 606 bominilms
1493 562 1593 615 pro
1628 546 1741 601 Deo
1775 544 1960 599 culta?

379 651 472 721 qui
517 649 603 703 vel
653 649 720 700 ad
770 643 1006 713 reptilia,
1045 652 1100 695 et
1123 641 1367 708 iumenta
1422 637 1512 692 Dei
1564 639 1768 692 cultum
1815 636 1961 705 deje-

379 757 527 806 cere,
559 749 616 792 et
648 749 848 790 natura
882 733 1111 786 rationis
1149 745 1347 800 expers
1380 729 1523 796 apud
1556 728 1785 793 rationis
1811 742 1961 782 com-

381 844 535 903 potes
552 830 641 883 ﬁat
669 833 719 880 iu
743 826 1110 878 veneratione.
1136 824 1266 888 Quae
1285 822 1525 886 miseria,
1543 821 1777 873 immane
1791 835 1960 889 quan-

384 932 493 975 tum
533 920 673 983 apud
703 913 987 983 Egyptios
1024 911 1269 965 invaluit.
1312 908 1498 976 Neque
1534 908 1678 962 enim
1723 924 1751 960 a
1787 907 1959 962 conti,

380 1020 545 1066 neute
585 1013 876 1068 duntaxat,
902 1003 996 1056 sed
1040 1003 1108 1056 ab
1134 1002 1288 1071 aquis
1325 1015 1539 1069 quoque
1565 1001 1694 1053 deos
1732 998 1962 1052 mutuati

384 1110 533 1159 sunt.
575 1112 629 1152 et
672 1099 810 1165 apud
846 1110 943 1149 eos
992 1094 1172 1148 omnia
1213 1092 1367 1146 Deus.
1399 1091 1549 1145 lianc
1580 1099 1633 1145 et
1676 1091 1815 1158 apud
1858 1090 1965 1143 He-

348 1240 363 1259 ,
383 1192 560 1244 bneos
576 1185 954 1256 aegritudinem
983 1198 1107 1238 sese
1132 1180 1533 1235 illatebrautetn
1561 1179 1770 1250 Moyses
1794 1179 1963 1231 anim-

385 1282 716 1342 advertetis,
768 1277 969 1329 malum
1029 1272 1319 1327 retnoliens
1358 1272 1629 1325 clamabat
1661 1286 1677 1325 :
1708 1270 1962 1324 Dominus

383 1371 526 1424 Deut
575 1382 717 1429 laus,
752 1368 890 1420 Dent
919 1381 1057 1418 unus
1106 1372 1203 1416 est.
1248 1360 1492 1416 Nondum
1536 1361 1800 1430 siquidem
1838 1358 1962 1413 Tri-

384 1462 608 1514 nitatem
675 1459 1019 1528 promulgare
1081 1462 1293 1523 tempus
1350 1464 1514 1517 erat,
1580 1452 1814 1505 nondum
1877 1449 1963 1503 di-

383 1553 538 1605 vinas
591 1552 930 1620 bypostases.
994 1544 1184 1598 Adhuc
1257 1543 1395 1596 laete
1449 1543 1644 1597 divinae
1699 1541 1965 1611 cognitio“

384 1645 469 1697 nis
528 1642 700 1695 nutrit
769 1638 1075 1693 infantilem
1139 1635 1569 1705 intelligentiam,
1612 1633 1779 1688 solam
1833 1648 1965 1687 con-

2060 451 2217 516 πείας
2258 451 2357 522 τὴν
2390 451 2566 520 ψυχὴν
2605 450 2944 523 ἐρριμμένην
2970 449 3245 518 ἀνίστησι.
3291 448 3356 501 Τί
3385 449 3499 520 γὰρ
3527 450 3638 504 τῶν

2058 544 2157 613 τῆς
2194 543 2424 606 κτίσεως
2471 540 2654 613 μερῶν
2699 543 2912 611 ὑπῆρχε
2969 542 3083 603 τοῖς
3117 538 3427 610 ἀνθρώποις
3466 540 3641 610 ἀθρή-

2069 650 2333 699 σκευτον;
2373 635 2441 687 Οἵ
2465 651 2531 702 γε
2567 632 2724 703 ἄχρις
2756 632 3024 703 ἑρπετῶν,
3051 632 3144 685 καὶ
3180 630 3415 700 κτηνῶν,
3451 632 3515 685 τὸ
3542 632 3639 686 τοῦ

2064 724 2348 787 κτίσαντος
2381 722 2746 776 κατεϐίϐασαν
2778 721 2963 787 σέϐας,
2993 723 3087 775 καὶ
3116 721 3278 790 φύσις
3305 721 3498 790 ἄλογος
3529 721 3637 774 ὑπὸ

2059 814 2166 866 τῶν
2205 814 2437 880 λογικῶν
2481 812 2864 882 ὲθρησκεύετο.
2915 813 3052 874 Παρ⁹
3103 811 3427 880 Αἰγυπτίοις
3476 812 3532 865 δὲ
3579 811 3645 865 τὸ

2060 904 2234 968 πάθος
2260 899 2406 974 εἶχεν
2438 903 2707 957 ἐπίτασιν.
2755 905 2870 956 Οὐκ
2901 903 3171 973 ἠρκοῦντο
3201 902 3309 971 γὰρ
3340 905 3454 967 τοῖς
3481 906 3638 972 ἠπει-

2064 994 2283 1064 ρὼταις,
2305 991 2441 1045 ἀλλά
2458 993 2550 1044 καὶ
2576 992 2727 1063 παρὰ
2748 992 2841 1044 τοῦ
2866 990 3059 1055 ὓδατος
3081 992 3238 1056 θεοὺς
3265 992 3607 1056 ἐδανείζοντο
3623 1012 3641 1029 ο

2062 1087 2153 1141 καὶ
2207 1085 2405 1139 πάντα
2452 1084 2596 1149 Θεὸς
2642 1082 2774 1154 παρ’
2822 1083 3073 1145 ἐκείνοις.
3112 1083 3328 1153 Ταύτην
3364 1085 3459 1137 καὶ
3508 1090 3639 1157 παρ’

2075 1174 2347 1245 Ἑϐραίοις
2368 1173 2466 1243 τὴν
2494 1173 2649 1227 νόσον
2678 1171 2822 1243 ὁρῶν
2848 1174 2877 1224 ὁ
2905 1172 3146 1240 Μωῦσῆς
3180 1171 3642 1241 ἠμφωλεύουσαν,

2063 1266 2408 1338 ὲκμοχλεύων
2455 1266 2516 1319 τὸ
2558 1264 2729 1327 πάθος
2767 1263 2897 1317 ἐϐόα
2922 1281 2933 1292 ·
2969 1264 3189 1330 Κύριος
3224 1267 3256 1316 ό
3299 1264 3447 1329 Θεός
3483 1279 3602 1318 σου
3625 1303 3640 1328 ,

2063 1359 2268 1427 κύριος
2296 1352 2384 1423 εἷς
2416 1356 2607 1410 ἐστιν.
2643 1353 2811 1407 Οὑπω
2839 1351 2947 1423 γάρ
2980 1351 3078 1422 τὴν
3112 1351 3319 1422 Τριάδα
3350 1351 3644 1423 κηρύττειν

2064 1448 2256 1519 καιρὸς
2278 1489 2291 1509 ,
2323 1447 2474 1500 οὑπω
2505 1446 2604 1509 τάς
2643 1444 2968 1506 ὑποστάσεις
3010 1443 3308 1514 κηρύττειν
3359 1443 3598 1513 ἠδύνατο
3626 1482 3642 1506 ,

2064 1540 2145 1593 ἔτι
2166 1539 2401 1608 γάλακτι
2417 1537 2605 1608 τρέφει
2630 1534 2959 1603 θεογνωσίας
2983 1535 3112 1596 τοὺς
3132 1534 3426 1604 νηπιώδεις
3444 1533 3544 1605 τὴν
3566 1534 3648 1586 εν-

2064 1648 2217 1685 νοιαν
2235 1647 2249 1660 ⁸
2277 1627 2523 1699 ἠρκέσθη
2558 1627 2693 1698 μόνῃ
2716 1630 2781 1697 τῇ
2815 1627 2912 1696 τῆς
2935 1624 3264 1694 θεογνωσίας
3286 1624 3610 1696 διδασκαλίᾳ
3628 1665 3642 1688 ,

386 1744 568 1787 tentus
631 1731 932 1784 divinitatis
991 1726 1285 1797 ingessisse
1360 1726 1769 1793 cognitionem;
1830 1723 1960 1792 ipsis

2067 1720 2197 1790 μίαν
2228 1719 2411 1779 αὑτοῖς
2463 1717 2622 1784 φύσιν
2664 1715 3023 1783 ὑπαγορεύων
3053 1708 3191 1764 εἷναι
3237 1710 3487 1780 θεότητος
3509 1753 3525 1777 ,
3561 1710 3648 1763 ἵνα

384 1823 491 1895 55
530 1823 677 1876 enim
706 1821 846 1874 illius
874 1820 1181 1876 subiudicat
1213 1834 1335 1873 esse
1367 1830 1634 1878 naturam,
1683 1830 1792 1882 quo
1831 1815 1961 1869 deo-

384 1928 503 1968 rum
566 1911 753 1966 turbas
787 1926 1037 1980 prorsum
1069 1926 1136 1966 ex
1191 1910 1387 1964 animis
1413 1909 1758 1962 extenninet.
1817 1907 1960 1959 Abs-

386 2005 575 2059 tractis
620 2019 652 2058 e
694 2002 768 2057 itu
812 2017 879 2056 ex
900 2012 1008 2057 tant
1045 2002 1237 2072 insigni
1267 2016 1453 2056 errore
1481 1998 1613 2053 satis
1664 2008 1821 2052 erant
1853 1997 1963 2067 pri-

385 2110 470 2150 ma
499 2092 806 2148 divinitatis
832 2093 1161 2146 rudimenta.
1195 2092 1556 2157 Quamobrem
1608 2103 1731 2142 cum
1756 2095 1962 2141 naturae

364 2184 660 2249 docuisset
685 2184 968 2245 unitatem,
1029 2184 1391 2253 Itypostascon
1452 2183 1676 2235 triadem
1698 2189 1960 2250 opportu-

384 2290 453 2329 ne
485 2275 719 2327 distulit.
752 2272 888 2327 Nam
918 2272 1099 2327 anima
1133 2272 1273 2327 tuale
1303 2271 1493 2326 allec-ta
1533 2271 1585 2325 in
1631 2272 1858 2326 veritate
1885 2271 1962 2325 itt-

382 2365 626 2433 dagands
659 2363 919 2434 perfacile
971 2365 1188 2418 labitur.
1247 2362 1456 2433 Quippe
1502 2362 1841 2428 refonttidat,
1891 2377 1962 2418 tte

382 2454 657 2508 inventam
703 2454 756 2507 in
812 2451 1027 2507 Deitate
1070 2451 1392 2506 Trinitatem
1439 2453 1693 2517 edocens,
1736 2456 1960 2507 deorum

382 2542 786 2597 multitudinem
815 2541 960 2610 apud
982 2541 1200 2596 Judaeos
1255 2540 1552 2609 praedicare
1605 2552 1843 2611 putetur,
1908 2550 1963 2596 et

384 2634 687 2687 auditorem
720 2632 1036 2701 ambagiosa
1064 2632 1216 2685 ducit
1259 2630 1533 2694 oratione,
1577 2646 1641 2684 ac
1706 2631 1962 2686 nonnulla

387 2726 618 2796 quiescit
641 2725 820 2779 oblata
846 2726 986 2776 luce.
1014 2720 1477 2787 Quemadmodum
1539 2719 1633 2790 qui
1678 2735 1707 2773 a
1761 2723 1963 2776 recenti

387 2816 671 2872 oculorum
706 2812 1028 2883 aegritudine
1090 2813 1357 2865 relevatus
1413 2812 1608 2865 docent
1666 2826 1789 2866 cum
1846 2810 1965 2867 luce

388 2909 670 2968 dimicare,
693 2923 721 2958 a
745 2903 1013 2958 solaribus
1037 2902 1203 2958 radiis
1225 2903 1305 2958 sic
1331 2899 1549 2957 affectos
1577 2904 1892 2974 abjuuguttt,
1910 2914 1966 2960 et

388 3015 488 3052 usu
522 2998 622 3053 veli
663 2999 893 3063 alicujus
926 2994 1172 3050 alit-ctam
1194 3006 1400 3064 partem
1445 2994 1626 3049 mitius
1658 2998 1959 3064 proritant:

390 3092 461 3144 ita
480 3106 577 3144 usu
608 3090 751 3143 venit
785 3090 941 3143 beato
965 3087 1152 3158 Moysi,
1194 3088 1311 3157 qui,
1339 3088 1466 3142 dum
1498 3087 1693 3157 p0pulo
1736 3088 1963 3142 idolola-

391 3182 510 3234 triae
542 3181 769 3250 caligine
788 3180 1093 3234 caecutieuti
1121 3178 1382 3232 medelam
1431 3178 1561 3233 facit
1585 3219 1603 3243 ,
1668 3179 1760 3233 Dei
1796 3181 1964 3233 noti-

393 3272 522 3324 tiam
549 3271 824 3340 ingerens,
860 3280 1028 3324 totam
1063 3286 1167 3324 non
1196 3271 1360 3323 audet
1415 3270 1744 3338 cognitionis
1788 3270 1964 3324 lucem

392 3364 752 3428 expandere;
783 3358 1410 3429 aanigmatumsublustri
1458 3360 1577 3413 luce
1604 3374 1755 3422 usus,
1803 3373 1967 3428 prope

391 3450 679 3506 Trinitatis
707 3451 887 3505 lumen
917 3451 1111 3517 aperit.
1156 3449 1294 3517 Quid
1325 3451 1470 3504 enim
1512 3452 1590 3504 ait
1616 3452 1641 3504 Ἰ
1694 3451 1952 3505 Dominus

394 3541 700 3605 Deustuus,
739 3541 876 3594 Deus
903 3558 1040 3594 unus
1076 3552 1175 3597 est.
1210 3539 1385 3594 Unum
1413 3542 1745 3605 manifestat,
1770 3555 1824 3596 ct
1859 3552 1963 3597 ter-

397 3639 529 3690 tium
558 3647 820 3705 praeterea
855 3638 1099 3690 nominat
1131 3654 1145 3688 :
1174 3638 1243 3691 de
1272 3651 1380 3689 uno
1421 3638 1680 3705 loquitur,
1702 3650 1757 3691 et
1777 3652 1963 3692 vocem

395 3726 653 3794 triplicat,
691 3727 742 3780 in
818 3727 1177 3796 Itypostaseon
1244 3730 1654 3783 testimonium:
1713 3729 1967 3785 Dominus

396 3818 699 3882 Denstuus,
736 3817 874 3871 Dens
896 3834 1031 3871 unus
1050 3829 1149 3871 est.
1174 3817 1406 3872 Tantum
1443 3834 1552 3873 non
1601 3819 1767 3874 dicit:
1802 3819 1968 3888 Cujus

394 3923 517 3965 cum
545 3927 647 3963 una
674 3912 745 3963 sit
783 3918 995 3971 natura,
1042 3910 1093 3962 in
1123 3910 1294 3964 uibus
1311 3923 1395 3965 est
1432 3912 1829 3981 bypostasibus.
1859 3912 1968 3967 Nec

394 4017 501 4056 non
531 4002 688 4056 alibi:
720 4000 1006 4055 Faciamus
1055 4003 1317 4056 hominem
1367 4005 1436 4056 ad
1456 4005 1739 4075 imaginem
1763 4046 1778 4071 ,
1818 4014 1867 4058 et
1892 4005 1967 4058 si-

394 4094 741 4147 miIitmIiuem
786 4109 1020 4146 naslram
1057 4092 1125 4148 ".
1170 4091 1331 4149 Vocis
1359 4095 1658 4163 prolatione
1713 4096 1965 4167 byposta-

394 4185 698 4240 sesiunnit.
733 4186 807 4240 Ac
843 4186 1071 4241 iterum:
1117 4184 1743 4253 Venite,descendumns,
1769 4198 1817 4242 et
1840 4205 1966 4242 con-

395 4277 684 4344 funduntur
706 4278 782 4329 ibi
814 4277 1052 4346 linguam
1077 4295 1255 4332 eorum
1285 4272 1355 4331 “.
1389 4279 1685 4348 Multisque
1717 4279 1967 4349 Scriptu-

2059 1812 2231 1881 δῆμον
2258 1809 2377 1864 ὅλον
2417 1807 2554 1861 θεῶν
2574 1809 2682 1876 (69)
2714 1806 2811 1876 τῆς
2838 1806 3012 1875 ψυχῆς
3048 1803 3286 1874 ἐξορίσῃ.
3318 1804 3516 1872 Ἤρκει
3539 1801 3648 1873 γάρ

2059 1908 2172 1966 τοῖς
2217 1905 2281 1957 ὲκ
2322 1901 2578 1972 τοιαύτης
2622 1901 2828 1968 πλάνης
2871 1899 3293 1966 ἀποσπωμένοις
3343 1897 3410 1951 τὰ
3454 1897 3649 1968 πρῶτα

2059 2000 2160 2070 τῆς
2207 1995 2535 2065 θεογνωσίας
2562 1993 2894 2064 μαθήματα.
2934 1991 3033 2046 Διὰ
3077 1990 3234 2043 τοῦτο
3278 1987 3496 2054 διδάξας
3545 1989 3648 2058 τὴν

2065 2090 2269 2162 μονάδα
2297 2089 2398 2159 τῆς
2432 2087 2667 2157 φύσεως,
2700 2086 2796 2156 τὴν
2824 2086 3020 2155 τριάδα
3049 2084 3159 2137 τῶν
3189 2072 3538 2137 ὑποστάσεων
3567 2080 3651 2133 δι-

2062 2182 2283 2234 δάσκειν
2315 2180 2458 2236 κατὰ
2500 2179 2691 2248 καιρὸν
2732 2176 3061 2248 ὑπερέθετο·
3095 2175 3155 2228 τὸ
3190 2173 3298 2246 γὰρ
3325 2176 3423 2245 τῆς
3465 2173 3649 2243 ψυχῆς

2059 2272 2350 2338 δυσπαθὲς,
2381 2271 2676 2339 ἐπισφαλὲς
2724 2269 2860 2339 πρὸς
2906 2268 3218 2337 ἐπίγνωσιν.
3257 2266 3510 2320 Φοϐεῖται
3539 2267 3647 2335 γὰρ

2064 2363 2162 2435 μὴ,
2188 2363 2380 2435 τριάδα
2418 2363 2685 2418 διδάσκων
2726 2360 2979 2433 θεότητος
3002 2399 3018 2424 ,
3050 2358 3278 2420 πολλούς
3304 2374 3455 2419 τινας
3493 2356 3651 2419 θεοὺς

2062 2459 2192 2528 παρ’
2244 2456 2516 2521 Ἰουδαίοις
2572 2455 2862 2527 κηρύττειν
2903 2452 3212 2523 νομίζηται.
3247 2451 3543 2521 Δίνίγμασι
3591 2449 3651 2503 δὲ

2067 2550 2251 2621 μόνοις
2272 2551 2412 2611 τέως
2440 2550 2776 2620 χειραγωγεῖ
2810 2548 2936 2611 τοὺς
2973 2546 3293 2617 ἀκούοντας,
3328 2544 3420 2598 καὶ
3453 2543 3651 2615 μικρὸν

2060 2641 2152 2694 τὸν
2182 2641 2356 2711 αὑγῆς
2389 2640 2690 2709 ὲπανοίγων
2724 2637 2981 2692 ἐπαύετο.
3011 2635 3278 2708 Καθάπερ
3305 2637 3354 2689 oi
3381 2638 3506 2698 τοὺς
3524 2636 3650 2706 ἄρτι

2062 2728 2157 2784 τοῦ
2194 2732 2371 2784 νοσεῖν
2398 2729 2709 2799 ὀφθαλμοὺς
2736 2728 3123 2796 παυσαμένους
3144 2769 3158 2794 ,
3192 2727 3337 2798 πρὸς
3361 2727 3422 2780 τὺ
3447 2727 3648 2796 φέγγος

2067 2823 2452 2892 γυμνάζοντες,
2475 2822 2568 2875 τοῦ
2605 2823 2704 2891 μὲν
2735 2822 2889 2893 ἡλίου
2920 2820 3022 2884 τὰς
3049 2822 3273 2883 ἀκτῖνας
3305 2822 3416 2882 τοῖς
3447 2836 3649 2872 πεπον-

2067 2913 2216 2967 θόσιν
2264 2914 2705 2984 ἀποτειχίζουσι,
2751 2913 2841 2966 διά
2872 2928 3017 2975 τινος
3058 2910 3114 2964 δὲ
3145 2911 3648 2983 παραπετάσματος

1990 3026 2036 3086 C
2070 3007 2197 3070 τοὺς
2228 3005 2540 3076 ὀφθαλμοὺς
2571 3005 2649 3076 τῷ
2688 3006 2829 3074 φωτὶ
2876 3005 3265 3066 ἀποκναίουσι,
3295 3001 3456 3056 τοῦτο
3484 3002 3651 3056 ποιῶν

2067 3099 2097 3151 ὁ
2132 3097 2399 3170 μακάριος
2426 3097 2668 3166 Μωῦσῆς
2691 3135 2705 3160 ,
2736 3096 2830 3150 καὶ
2856 3092 3237 3163 τυφλώττοντα
3263 3092 3340 3163 τῷ
3369 3094 3467 3162 τῆς
3498 3093 3651 3146 εἰδω-

2067 3190 2383 3261 λολατρείας
2416 3188 2578 3242 πάθει
2608 3188 2701 3241 τὸν
2731 3187 2860 3240 λαὸν
2890 3186 2976 3239 διὰ
3014 3184 3347 3254 θεογνωσίας
3387 3184 3615 3254 ἰώμενος
3634 3226 3648 3248 ,

2066 3280 2218 3334 οὑπω
2243 3281 2437 3352 θαρρεῖ
2474 3278 2573 3350 τὴν
2600 3280 2820 3332 ἃπασαν
2847 3277 2945 3347 τῆς
2985 3275 3240 3345 γνώσεως
3267 3275 3443 3347 αὐγὴν
3486 3275 3653 3327 ὲκπε-

2066 3373 2263 3425 τάσαιο
2309 3371 2569 3441 ἀμυδροῖς
2614 3370 2671 3424 δὲ
2720 3370 2982 3440 φθέγγεσι
3028 3367 3143 3438 (70)
3195 3370 3305 3432 τοῖς
3360 3366 3649 3435 αἰνίγμασι

2068 3461 2386 3533 χρώμενος,
2429 3459 2711 3528 ὑπανοίγει
2761 3460 2859 3528 τῆς
2902 3458 3118 3528 τριάδος
3165 3458 3229 3511 τὸ
3276 3457 3412 3527 φῶς.
3450 3456 3515 3509 Τί
3542 3454 3654 3526 γάρ

2070 3570 2239 3622 φησι;
2274 3553 2492 3620 Κύριος
2525 3555 2558 3606 ὀ
2592 3553 2737 3617 Θεός
2764 3566 2903 3615 σου,
2934 3552 3136 3618 κύριος
3174 3546 3261 3616 εἷς
3284 3550 3474 3603 ἐστιν.
3513 3550 3651 3603 Ἕνα

2073 3644 2286 3715 μηνύει,
2311 3643 2408 3697 καὶ
2434 3642 2615 3714 τρίτον
2640 3642 2986 3713 ἐπονομάζει·
3018 3641 3148 3713 περὶ
3180 3642 3298 3704 ἑνὸς
3319 3641 3647 3709 διαλέγεται,

2069 3737 2164 3791 καὶ
2209 3736 2590 3806 τριπλασιάζει
2640 3736 2739 3808 τὴν
2779 3737 2985 3807 φωνὴν,
3034 3736 3121 3789 ἵνα
3168 3735 3267 3799 τὰς
3321 3735 3649 3796 ὑποστάσεις

2073 3829 2435 3899 μαρτύρηται.
2470 3829 2685 3895 Κύριος
2715 3831 2748 3881 ὀ
2779 3830 2921 3893 Θεός
2967 3843 3105 3893 σου,
3140 3829 3341 3895 κύριος
3369 3826 3456 3892 εἷς
3494 3826 3646 3880 ἐστι·

2075 3917 2357 3985 μονονουχὶ
2379 3915 2575 3983 λέγων·
2607 3910 2686 3978 εἷς
2708 3915 2806 3986 τὴν
2840 3917 3049 3982 οὑσὶαν,
3082 3915 3197 3968 ἀλλ’
3227 3917 3285 3969 ὲν
3314 3916 3494 3986 τρισὶν
3518 3916 3652 3969 ὑπο-

2072 4010 2314 4063 στάσεσι.
2344 4009 2454 4061 Καὶ
2481 4006 2642 4061 πάλιν
2670 4007 2925 4078 ἑτέρωθι·
2957 4005 3310 4075 Ποιήσωμεν
3336 4006 3653 4073 ἄνθρωπον

2072 4102 2211 4156 κατ’
2237 4102 2443 4155 εἰκόνα
2472 4097 2768 4168 ἡμετέραν
2796 4098 2893 4151 καὶ
2927 4098 3056 4151 καθ’
3100 4098 3403 4166 ὁμοίωσιν.
3441 4096 3519 4166 Τῇ
3550 4096 3651 4167 τῆς

2072 4193 2254 4262 φωνῆς
2284 4191 2536 4261 προφορᾷ
2572 4190 2668 4252 τὰς
2705 4189 3031 4253 ὑποστάσεις
3056 4189 3369 4243 αίνίττεται.
3400 4188 3513 4241 Καὶ
3544 4187 3648 4242 πά-

2072 4282 2155 4334 λιν
2181 4296 2195 4309 *
2227 4281 2404 4334 Δεῦτε
2466 4275 2833 4344 καταϐάντες
2888 4278 3238 4347 συγχέωμεν
3288 4276 3489 4332 αὐτῶν
3542 4278 3647 4345 τὰς

396 4381 471 4420 rte
511 4367 644 4420 locis
672 4367 935 4434 ejusmodi
971 4369 1255 4435 scintillas,
1298 4370 1399 4423 etsi
1437 4372 1672 4424 nondum
1704 4371 1962 4425 debilibus

2074 4369 2362 4440 γλώσσας
2384 4370 2517 4440 (7i).
2549 4370 2657 4423 Kal.
2689 4369 2954 4439 πολλαχοῦ
2980 4368 3078 4439 τ’ἧς
3103 4369 3252 4432 θείας
3280 4370 3500 4440 Γραφῆς
3522 4370 3651 4433 τοὺς

394 4457 568 4511 oculis
596 4458 767 4512 lucent
803 4458 1013 4526 penitus
1054 4460 1286 4525 evolvat,
1329 4460 1684 4514 disseminat:
1714 4462 1962 4527 perfectis

2075 4461 2348 4525 τοιούτους
2374 4460 2678 4531 διασπείρει
2706 4458 3030 4530 σπινθῆρας,
3057 4460 3210 4512 οὔπω
3242 4459 3340 4530 μὲν
3358 4461 3472 4522 τοῖς
3494 4458 3651 4513 ἀσθε-

394 4562 524 4602 vero
550 4547 823 4603 solidioris
836 4548 940 4603 cibi
966 4549 1199 4603 tractum
1228 4549 1469 4603 recondit
1488 4550 1728 4605 interim.
1746 4550 1962 4618 Verum,

2073 4552 2221 4605 νέσιν
2258 4552 2555 4623 ὀφθαλμοῖς
2594 4549 2916 4619 ὲξαπλώσας
2950 4553 3014 4605 τὸ
3056 4551 3290 4621 φέγγος·
3332 4554 3445 4615 τοῖς
3471 4550 3527 4603 δὲ
3557 4567 3650 4604 τε-

396 4640 775 4692 animadverso
802 4637 1013 4702 Judmo,
1051 4639 1141 4705 qui
1182 4640 1439 4708 persistat
1472 4640 1524 4693 in
1555 4642 1792 4694 amentia
1832 4641 1962 4696 mul-

2070 4638 2234 4704 λείοις
2282 4641 2381 4711 τῆς
2429 4645 2657 4713 στερεᾶς
2696 4643 2905 4713 τροφῆς
2945 4642 3334 4713 ταμιευόμενος
3382 4640 3482 4711 τὴν
3513 4641 3652 4695 ἀπό-

395 4736 574 4782 ίοΙῚΙΙΙΙ
644 4746 908 4783 annorum
985 4744 1083 4784 “5|!
1144 4730 1520 4794 COI‘I‘ObOI’ﬂlI,
1585 4746 1654 4785 ne
1707 4732 1962 4789 lliil‘Cl‘iS:

2070 4730 2280 4788 λαυσιν.
2312 4732 2421 4785 Καὶ
2451 4733 2528 4802 μὴ
2562 4733 2846 4804 θαυμάσῃς
2890 4732 3031 4802 ὁρῶν
3087 4732 3336 4787 Ἰουδαῖον
3376 4730 3683 4802 ὲναπομέ-’

393 4819 826 4887 quandoquidem
886 4827 1005 4888 post
1054 4817 1294 4889 Moysen,
1355 4829 1411 4874 et
1465 4821 1779 4892 prophetas,
1843 4833 1962 4891 post

2069 4841 2227 4879 νοντα
2258 4827 2325 4897 τῇ
2362 4824 2612 4878 πολυετεῖ
2633 4826 2937 4894 νηπιότητι’
2964 4824 3124 4878 ὁπότε
3147 4823 3286 4894 μετὰ
3310 4825 3533 4885 Meneta,
3556 4822 3654 4875 καὶ

393 4909 597 4966 (Σιιι-ἱειί
632 4912 998 4981 prteseutiam,
1060 4921 1182 4982 post
1230 4923 1693 4969 sacramentorum
1740 4915 1962 4984 agnitio-

2077 4917 2362 4987 προφήτας
2385 4957 2399 4981 ,
2437 4915 2575 4987 μετὰ
2614 4917 2713 4986 τὴν
2750 4914 2843 4968 τοῦ
2884 4914 3122 4985 Χριστοῦ
3153 4915 3473 4984 παρουσίαν,
3514 4915 3654 4983 μετά

465 5094 514 5128 ⁸³
532 5094 669 5151 Gen.
705 5112 744 5161 ι,
776 5094 867 5150 26.
942 5096 988 5129 ”
1013 5094 1150 5152 Gen.
1176 5111 1253 5158 xl.
1277 5093 1326 5148 7.

1609 5254 1715 5311 CL.
1758 5253 2125 5320 DAUSQUEII
2163 5252 2395 5310 ΝΟΤᾸΕ-

474 5410 587 5482 (09)
633 5412 768 5465 Ἵνα
813 5406 1003 5482 δῆμον
1049 5410 1209 5464 ἔλων
1254 5410 1423 5465 Geor.
1464 5409 1749 5477 Rescribe,
1799 5411 1962 5482 δῆμον

2080 5411 2197 5479 σίδη
2207 5428 2317 5479 ρον.

394 5477 529 5547 ὅλως
563 5477 734 5547 Θεῶν,
767 5486 844 5551 vel
881 5481 1032 5551 δλον.Δ
1473 5549 1483 5551 _
1564 5549 1571 5551 Α
1855 5477 1885 5482 ’⁷

2148 5477 2261 5551 (ii)
2307 5481 2415 5546 Τὰς
2445 5477 2749 5549 ¹γλώσσας.
2793 5480 2971 5537 Deleri
3002 5481 3101 5551 τὴν
3135 5480 3389 5550 γλῶσσαν
3416 5521 3432 5545 ,
3464 5480 3656 5537 Bibliis

467 5555 581 5624 (70)
619 5549 930 5624 fAyvt‘g‘poic
959 5548 1230 5624 φέγγεσι.
1274 5549 1962 5624 Etytnologista.‘Apu§pb:

2078 5548 2350 5624 omnibus,
2379 5548 2499 5624 qua:
2531 5552 2791 5624 viderint,
2832 5548 3169 5624 auctoribus,
3202 5562 3256 5607 et
3287 5553 3495 5624 ratione
3528 5552 3651 5606 suf-

399 5620 651 5694 παρὶιτδ
683 5620 921 5692 μύδρος,
976 5621 1003 5673 ὃ
1050 5620 1302 5689 σημαίνει
1328 5620 1437 5691 ,τὸν
1471 5620 1962 5691 πεπυρακτωμένον

2082 5622 2326 5691 fragantc
2360 5636 2373 5685 ;
2408 5620 2636 5689 plurium
2663 5630 2743 5676 est
2768 5622 2910 5675 enim
2947 5621 3213 5685 confusio,
3251 5637 3353 5675 non
3384 5623 3571 5676 unius.
