3990 6160
298 244 395 309 151

1498 244 1777 305 BASlLlI
1811 246 2350 309 SELEUClENSIS
3456 238 3559 307 159

302 353 439 407 Eum
484 351 629 408 enim
680 353 851 409 nutrit
899 368 1062 425 opera
1113 368 1421 420 corvorum,
1479 365 1535 406 ttt
1590 355 1881 410 immundae

1998 357 2068 409 in
2099 356 2175 427 μὴ
2206 358 2319 420 τοῖς
2346 353 2602 410 ἀσεϐέσιν
2630 354 2658 407 ὁ
2678 351 2907 424 εὐσεϐὴς
2937 352 3131 423 ἐπίσης
3148 338 3292 423 λιμῷ
3314 350 3559 421 διαφθεί-

305 446 493 500 bestia?
543 447 719 501 cibum
775 446 1115 501 abominatus
1180 445 1355 500 solvat
1425 445 1578 501 famis
1638 446 1877 501 decreta.

308 534 597 606 Canisque
638 537 882 605 prmcepi,
912 535 1103 605 inquit,
1147 545 1203 588 ut
1234 546 1449 603 pascant
1475 546 1521 589 te
1538 536 1603 587 ’³.
1632 538 1710 590 Ac
1752 536 1880 591 mihi

311 627 432 680 vide
453 625 689 680 divinam
741 625 1083 693 sapientiam.
1111 624 1432 680 Traducitur
1462 626 1601 694 apud
1656 628 1884 696 scripto—

314 730 399 769 res
426 730 610 770 sacros
631 730 848 781 corvus,
877 726 932 769 ut
958 715 1156 769 animal
1183 716 1307 770 odio
1342 716 1571 770 tiliortnn
1602 715 1879 771 laborans.

309 802 417 876 63
444 804 575 859 Nam
602 819 723 860 cum
759 803 927 860 fetum
957 804 1308 872 excluserim,
1337 805 1648 876 repudiant,
1684 805 1883 873 reiecta

311 910 405 950 vos
432 894 739 949 nutricandi
770 910 921 949 cura.
955 894 1061 951 Sed
1091 909 1210 964 quae
1246 897 1445 951 rectrix
1474 895 1712 951 universi
1753 910 1884 964 pro-

310 984 548 1040 videntis
594 983 690 1039 Dei
735 985 882 1041 circa
930 999 1145 1040 omnem
1203 996 1501 1054 occupatur
1552 995 1881 1052 creaturam,

313 1073 395 1129 vel
425 1074 583 1143 pullis
603 1089 891 1131 corvorum
924 1075 1137 1131 occulta
1184 1079 1416 1146 quadam
1448 1078 1657 1133 ratione
1706 1077 1883 1133 cibum

311 1163 551 1234 suggerit
583 1164 784 1219 minuta
833 1167 1077 1235 quaedam
1125 1166 1468 1222 animalcula.
1493 1167 1663 1234 Quam
1704 1168 1887 1237 provi-

311 1254 549 1309 dentiam
598 1256 916 1311 collaudans
949 1259 1209 1326 propheta
1266 1257 1428 1313 David
1471 1259 1614 1313 canit
1670 1261 1881 1315 melos:

317 1342 382 1397 Et
429 1343 589 1413 pullis
621 1361 895 1401 corvorum
934 1347 1294 1402 invocantibus
1335 1365 1453 1403 eum
1470 1348 1540 1402 “.
1574 1379 1645 1390 —
1671 1349 1884 1405 Caruis-

313 1450 413 1505 que
439 1437 680 1505 ρταξιερὲ,
736 1437 929 1506 inquit,
967 1448 1022 1492 ut
1052 1449 1268 1507 pascant
1305 1450 1355 1494 te
1374 1440 1442 1495 ”.
1471 1440 1733 1496 Filiorum
1762 1457 1886 1513 pro-

316 1528 539 1593 ditores,
600 1528 693 1585 tibi
752 1540 916 1586 sunto
991 1531 1232 1586 alimenti
1283 1533 1735 1603 suppeditatores.
1804 1531 1885 1588 Ne

319 1617 480 1688 igitur
516 1619 706 1675 durior
753 1621 918 1679 fueris
954 1624 1131 1679 corvis
1160 1623 1426 1693 pttllorum
1481 1627 1754 1690 osoribus,
1820 1639 1887 1680 ne

319 1706 564 1762 innatum
589 1711 657 1765 iis
683 1710 735 1765 in
763 1711 934 1781 pullos
957 1714 1137 1768 odium
1168 1714 1415 1780 imiteris,
1436 1730 1568 1770 neve
1598 1714 1651 1770 in
1678 1713 1891 1772 Judzeos

321 1798 618 1855 transferas
644 1818 663 1868 ;
695 1802 823 1871 quin
857 1800 1069 1859 imitare
1104 1804 1282 1874 potius
1312 1820 1497 1860 corum
1525 1805 1575 1860 in
1604 1816 1655 1862 te
1681 1821 1887 1862 curam.

320 1886 385 1943 Hi
403 1892 745 1947 commodata
771 1893 865 1947 tibi
890 1894 1149 1964 obsequio
1172 1907 1417 1952 naturam
1440 1897 1708 1952 vicerunt:
1728 1907 1890 1967 tuque

320 1977 624 2038 Judaaorum
677 1984 972 2052 nequitiam
1026 1985 1364 2041 humanitate
1411 1985 1690 2052 convince,
1739 2001 1805 2041 ne
1832 1987 1888 2040 in

322 2071 648 2128 contribules
680 2075 859 2131 corvis
894 2076 1062 2135 fueris
1092 2076 1455 2135 inhumanior.
1492 2079 1727 2136 Revince
1765 2094 1889 2134 cor--

323 2176 419 2217 vos
444 2162 793 2222 humanitatis
819 2182 980 2224 causa
1009 2169 1235 2240 legatos.

1987 465 2173 520 ρηται,
2204 446 2460 518 χορηγῶν
2494 445 2642 517 αὐτῷ
2674 445 2773 515 τὴν
2799 443 3027 516 τροφὴν,
3061 442 3439 505 λανθανόντως
3461 443 3560 516 τὴν

1984 537 2207 608 γνώμην
2249 537 2516 607 βιάζεται.
2556 536 2759 606 Τρέφει
2791 534 2900 605 γὰρ
2941 533 3104 587 αὑτὸν
3139 532 3228 587 διὰ
3282 536 3557 605 κοράκων,

1986 628 2052 681 ἵν’
2083 626 2273 697 ὥσπερ
2307 624 2619 700 ἀκαθάρτου
2647 624 2785 689 ζὼου
2824 625 2925 694 τὴν
2972 625 3179 695 τροφὴν
3220 625 3563 695 μυσαττόμε-

1984 737 2093 784 νος,
2120 717 2257 789 λύσῃ
2278 717 2371 770 τοῦ
2395 715 2555 786 λιμοῦ
2574 717 2671 785 τὴν
2692 715 2990 785 ἀπόφασιν.
3025 714 3413 783 Ἔντελοῦμαι
3430 713 3560 785 γὰρ,

1987 807 2140 877 φησι,
2179 806 2302 872 τοῖς
2349 805 2559 874 κόραξι
2590 804 2698 858 τοῦ
2732 803 3073 872 διατρέφειν
3118 819 3214 856 σει
3252 802 3427 855 Βλέπε
3473 819 3562 871 μοι

1985 899 2086 970 τὴν
2126 897 2277 951 Θείαν
2311 897 2521 967 σοφίαν.
2577 897 2663 959 Ὡς
2702 894 3018 966 μισότεκνον
3043 894 3107 947 τὸ
3152 892 3291 958 ζῶον
3337 894 3366 946 ὁ
3396 890 3566 965 κόραξ

1991 988 2146 1059 παρὰ
2168 990 2234 1058 τῇ
2267 987 2458 1057 Γραφῇ
2481 985 2850 1055 διαϐέϐληται.
2871 984 3160 1047 Τίκτοντες
3189 982 3299 1052 γὰρ
3333 982 3563 1053 ἀρνοῦν-

1985 1097 2076 1133 ται
2103 1077 2201 1150 τὴν
2229 1077 2416 1148 γονὴν,
2451 1078 2550 1147 τῆς
2587 1075 2695 1129 τῶν
2734 1077 2942 1130 τέκνων
2981 1074 3190 1147 τροφῆς
3235 1074 3294 1126 ού
3340 1072 3562 1144 φροντί-

1988 1171 2191 1235 ζοντες.
2229 1168 2371 1221 Ἀλλ’
2397 1170 2430 1239 ἡ
2458 1167 2587 1238 περὶ
2612 1168 2793 1220 πᾶσαν
2815 1166 2913 1237 τὴν
2947 1166 3125 1220 κτίσιν
3148 1164 3268 1218 θεία
3285 1163 3563 1218 διοικοῦσα

1990 1261 2217 1331 πρόνοια
2247 1260 2380 1329 (99),
2417 1260 2510 1312 καὶ
2536 1261 2650 1322 τοῖς
2676 1259 2914 1321 νεοσσοῖς
2934 1257 3263 1329 ἀπορρήτως
3288 1255 3379 1308 διά
3401 1271 3565 1307 τινων

1990 1349 2143 1415 ζώων
2195 1351 2405 1422 μικρῶν
2438 1352 2675 1421 γεωργεῖ
2697 1350 2797 1416 τὴν
2836 1348 3045 1419 τροφήν
3078 1345 3176 1418 (1).
3218 1346 3328 1400 Καὶ
3359 1345 3564 1416 ταύτην

1989 1443 2087 1497 ἁνυ
2095 1441 2243 1512 μνῶν
2268 1444 2297 1495 ὁ
2319 1444 2605 1513 προφήτης
2621 1440 2783 1494 Δαυῒδ
2804 1439 3031 1511 μελῳδεῖ
3051 1455 3064 1469 ο
3098 1437 3208 1494 Καὶ
3234 1436 3359 1501 τοῖς
3390 1449 3566 1490 νεοσ-

1990 1532 2124 1599 σοῖς
2162 1532 2282 1587 τῶν
2333 1531 2606 1599 κοράκων
2653 1531 2779 1597 τοῖς
2809 1529 3306 1600 ἐπικαλουμένοις
3355 1526 3564 1582 αὐτόν.

2006 1620 2392 1690 Ἔντελοῦμιιι
2415 1621 2517 1691 (Ξ),
2542 1620 2697 1689 φησι,
2720 1618 2846 1682 τοῖς
2866 1617 3075 1687 κόραξι
3094 1618 3201 1672 τοῦ
3230 1617 3569 1686 διατρέφειν

1994 1724 2090 1764 σε.
2118 1711 2181 1763 Oi
2214 1708 2324 1762 τῶν
2350 1708 2557 1762 τέκνων
2590 1707 2868 1778 προδόται,
2901 1708 3001 1778 τῆς
3036 1707 3134 1777 σῆς
3156 1707 3362 1779 τροφῆς
3393 1723 3567 1777 γεωρ-

1993 1802 2102 1872 γοί.
2133 1800 2227 1872 Μὴ
2256 1801 2436 1855 τοίνυν
2467 1803 2673 1872 γενήσῃ
2714 1799 2912 1872 χείρων
2948 1800 3057 1852 τῶν
3099 1800 3433 1871 μισοτέκνων
3472 1818 3567 1853 κο-

1998 1894 2201 1965 ράκων,
2242 1894 2317 1964 μὴ
2352 1895 2568 1963 μιμήσῃ
2601 1893 2699 1962 τὴν
2718 1890 2925 1946 τούτων
2954 1894 3082 1962 περὶ
3111 1892 3236 1954 τοὺς
3281 1889 3569 1953 Ἰουδαίους

1998 1984 2367 2057 μισοτεκνίαν,
2402 1984 2541 2037 ἀλλὰ
2571 1983 2810 2055 μίμησαι
2834 1985 2934 2057 τὴν
2970 1983 3175 2038 τούτων
3211 1982 3340 2053 περὶ
3374 1980 3435 2034 σὲ
3476 1979 3569 2033 Θε-

1998 2077 2250 2149 ραπείαν.
2303 2076 2594 2146 Ἐνίκησαν
2622 2069 2769 2130 οῦτοι
2794 2076 2893 2146 τὴν
2925 2074 3087 2144 φύσιν
3112 2076 3176 2146 τῇ
3212 2073 3340 2143 περί
3370 2090 3432 2124 σε
3453 2072 3567 2124 λει-

1998 2169 2228 2242 τουργία
2248 2185 2262 2199 ⁸
2298 2168 2523 2241 νίκησον
2563 2170 2657 2223 καὶ
2682 2169 2844 2232 αὐτὸς
2874 2165 3255 2238 φιλανθρωπία
3281 2165 3380 2235 τὴν
3439 2164 3570 2216 ἰου-

318 2253 485 2310 δαίων
508 2256 731 2325 κακίαν,
765 2261 839 2333 μὴ
871 2262 1003 2335 γένῃ
1060 2264 1169 2318 τῶν
1231 2264 1485 2338 κοράκων
1545 2265 1673 2339 περί
1709 2264 1836 2331 τοὺς
1860 2264 2167 2338 ὁμοφύλους
2270 2265 2797 2337 ἀπανθρωπότερος·
2870 2262 3149 2334 αἰδέσθητι
3225 2256 3569 2332 πρεσδευτὰς

320 2349 734 2422 φιλανθρωπίας
759 2365 1077 2426 γινομενους
1106 2356 1234 2420 τοὺς
1270 2357 1532 2428 κόρακας.

393 2441 657 2499 2.Verum
683 2457 740 2499 ut
762 2446 901 2503 Deus
922 2448 1094 2504 Eliam
1112 2451 1245 2505 vidit
1275 2451 1686 2518 inexorabilem,
1704 2466 1896 2507 corvos

322 2534 628 2591 ministerio
668 2534 825 2605 jubet
860 2538 1158 2604 abstinere,
1197 2551 1360 2609 utque
1413 2555 1443 2593 a
1497 2543 1765 2597 sententia
1800 2557 1894 2611 per

325 2625 432 2679 vim
468 2626 720 2693 deducat,
759 2628 879 2683 cibo
913 2630 1108 2697 privat.
1139 2629 1249 2683 Etsi
1282 2645 1408 2685 vero
1449 2631 1565 2686 sine
1619 2631 1895 2701 prephetae

336 2729 562 2771 assensu
601 2716 710 2772 Deo
748 2718 1020 2787 perfacilis
1064 2720 1317 2775 imbrium
1378 2721 1558 2790 datio;
1597 2722 1769 2777 noluit
1816 2734 1898 2776 ta-

330 2821 451 2861 men
491 2809 632 2862 servi
663 2808 898 2864 amantis
934 2810 1256 2867 edictionem
1287 2811 1521 2879 solvere,
1553 2814 1647 2869 sed
1685 2812 1899 2869 Judan-

330 2910 449 2950 rum
483 2898 1008 2956 animadversionem
1039 2902 1112 2955 ita
1151 2902 1438 2958 miseratus
1470 2913 1573 2972 est,
1599 2913 1657 2959 ut
1688 2904 1754 2959 ab
1789 2904 1902 2959 Elia

2075 2450 2139 2521 β’.
2187 2449 2329 2503 Ἀλλ’
2362 2450 2438 2513 ὡς
2477 2445 2617 2503 εἶδεν
2649 2451 2677 2503 ὁ
2712 2448 2845 2513 Θεὸς
2882 2448 2974 2502 τὸν
3026 2447 3211 2502 Ἠλίαν
3265 2448 3567 2516 ἀνένδοτον,

2002 2540 2165 2596 παύει
2197 2541 2296 2612 μὲν
2329 2538 2707 2604 διακονοῦντας
2734 2538 2993 2603 ἐκείνους,
3027 2538 3295 2610 ἐπέχειδέ
3318 2538 3419 2609 τὴν
3447 2556 3573 2609 τρο-

1998 2632 2128 2702 φὴν,
2157 2630 2244 2685 ἵνα
2268 2630 2367 2702 τὴν
2400 2629 2625 2701 γνώμην
2669 2628 2945 2700 βιάσηται.
2982 2628 3176 2683 Καίτοι
3205 2627 3296 2681 καὶ
3320 2627 3415 2680 τοῦ
3442 2642 3570 2697 προ-

2001 2726 2175 2795 φήτου
2215 2723 2385 2795 χωρὶς
2412 2721 2642 2793 εὐχερὴς
2670 2721 2747 2790 τῷ
2786 2720 2904 2791 Θεῷ
2932 2720 3042 2774 τῶν
3076 2719 3299 2790 ὄμϐρων
3329 2719 3363 2790 ἡ
3401 2717 3568 2782 δόσις,

1999 2816 2113 2870 ἀλλ’
2148 2817 2249 2869 οὐκ
2278 2814 2530 2868 ἐϐούλετο
2559 2813 2707 2868 λύειν
2730 2814 2939 2868 οἰκέτου
2965 2810 3247 2883 φιλοῦντος
3275 2810 3566 2880 ἀπόφασιν,

1999 2908 2115 2962 ἀλλ’
2155 2907 2397 2971 ἐκείνους
2443 2905 2844 2977 κολαζομένους
2894 2904 3182 2973 οἰκτείρων
3234 2901 3326 2956 τδν
3384 2899 3569 2954 Ἠλίαν

331 2986 584 3058 iniuriam
636 2990 971 3058 abstineret;
1002 2991 1143 3046 viam
1179 2993 1476 3061 prudentia:
1510 2994 1723 3063 plenam
1771 3010 1893 3051 cum

1998 3001 2095 3070 οὐχ
2122 2998 2331 3070 ὕϐριζε.
2364 2999 2552 3067 Σοφῶς
2583 2997 2638 3050 δὲ
2676 2995 2743 3051 τὰ
2786 2998 2927 3049 κατὰ
2954 2995 3046 3049 τὸν
3089 2993 3378 3066 προφήτην
3405 2989 3570 3061 ἐμεθ-

332 3077 589 3147 propheta
617 3079 789 3136 inivit.
824 3080 897 3137 Ut
924 3083 1090 3149 enim,
1121 3084 1260 3151 quod
1304 3084 1532 3150 aiebam,
1563 3085 1691 3139 nihil
1718 3085 1901 3140 remit-

334 3179 536 3226 tentem
583 3170 739 3236 vidit,
792 3181 848 3227 et
900 3173 1214 3229 esuritionis
1269 3173 1579 3229 violentiam
1619 3176 1901 3231 sententiae

333 3262 514 3332 rigore
596 3261 1027 3332 pervincentem,
1093 3277 1186 3318 aut
1234 3265 1432 3335 potius,
1482 3275 1540 3320 ut
1614 3265 1900 3335 impiorum

333 3354 592 3422 supplicia
618 3353 751 3409 vidit
777 3353 907 3410 Elia:
939 3355 991 3410 in
1023 3355 1231 3412 deliciis
1260 3371 1401 3425 esse,
1425 3372 1547 3412 eum
1582 3356 1698 3413 loco
1724 3357 1900 3437 locum

336 3457 547 3501 mutare
591 3445 768 3517 jubet,
820 3459 974 3518 urget
1003 3447 1392 3518 profectionem
1444 3449 1497 3503 in
1547 3447 1797 3518 Sarepta,
1848 3459 1903 3506 et

334 3551 455 3593 cum
498 3540 564 3592 ad
601 3537 879 3595 mulierem
915 3538 1130 3593 viduam
1173 3540 1357 3605 mittit,
1394 3540 1484 3611 qui
1525 3556 1654 3596 voce
1692 3552 1903 3597 creatu-

336 3644 452 3683 ram
473 3629 651 3700 pluvia
692 3631 954 3685 vitluarat.
978 3629 1214 3702 Prwcepi
1234 3635 1371 3687 enim
1389 3633 1461 3687 ibi
1485 3632 1694 3688 mulieri
1713 3634 1902 3698 vidum,

335 3729 397 3773 αι·
420 3730 597 3786 pascat
634 3729 683 3774 te
704 3721 769 3774 “.
799 3721 1029 3777 Tantum
1060 3738 1164 3778 non
1193 3724 1324 3779 dixit
1348 3743 1361 3780 :
1388 3724 1441 3779 Si
1471 3735 1522 3781 te
1543 3726 1649 3781 cibi
1678 3742 1783 3782 non
1810 3742 1905 3797 pu-

336 3809 737 3877 det,lncensam
768 3812 900 3866 iram
937 3828 1003 3882 ne
1035 3815 1370 3872 restinxeris.
1403 3815 1651 3883 Viduam,
1683 3827 1738 3872 et
1770 3833 1904 3887 pau-

336 3915 543 3971 perem,
577 3917 641 3957 ac
674 3914 937 3973 praeterea
982 3905 1238 3976 gentilem
1284 3907 1551 3973 nominat,
1592 3920 1652 3963 ut
1680 3910 1761 3963 vel
1789 3911 1905 3979 ejus

338 3994 680 4049 mendicitate
705 4008 1131 4062 commoveatur,
1155 3998 1236 4052 vel
1264 4007 1322 4053 ut
1343 3999 1559 4068 gentilis
1588 4001 1903 4057 alimentum

335 4096 635 4151 aversetur,
670 4100 734 4140 ac
768 4088 848 4141 vel
877 4088 1075 4143 invitus
1105 4090 1297 4145 evadat
1326 4091 1612 4157 humanus,
1646 4104 1697 4148 et
1736 4093 1905 4148 nubes

334 4177 550 4232 silentio
603 4178 926 4234 constrictas
973 4181 1164 4235 solvat.
1221 4182 1326 4237 Sed
1385 4185 1450 4237 ad
1487 4185 1699 4238 viduam
1754 4184 1905 4239 adire

339 4283 448 4323 non
485 4278 702 4324 recusat
746 4267 911 4324 Elias.
943 4270 1039 4325 Illa
1077 4273 1260 4326 habitu
1287 4286 1656 4343 paupertatem
1692 4277 1901 4345 prodit:

2003 3093 2222 3147 ώδευεν.
2240 3093 2326 3156 Ὠς
2352 3091 2458 3163 γὰρ
2480 3088 2634 3157 εἶδεν,
2658 3090 2687 3144 ὃ
2706 3090 2862 3161 ἔφην,
2894 3090 2992 3143 οὐκ
3015 3087 3306 3152 ἐνδιδόντα,
3332 3083 3573 3139 νικῶντα

2001 3199 2061 3235 τε
2088 3182 2190 3251 τῆς
2213 3180 2402 3251 πείνης
2428 3180 2527 3251 τὴν
2556 3180 2677 3251 βίαν
2702 3178 2779 3249 τῷ
2799 3178 2938 3250 τόνῳ
2958 3177 3059 3248 τῆς
3078 3175 3303 3247 γνώμης
3322 3190 3336 3205 ·
3371 3172 3574 3245 μᾶλλον

2001 3273 2058 3326 δὲ
2088 3272 2163 3337 ὡς
2193 3268 2332 3326 εἶδεν
2357 3272 2648 3344 τρυφῶντα
2691 3274 2756 3342 τῇ
2788 3270 2898 3324 τῶν
2927 3267 3141 3324 ἅσεὸὦν
3181 3266 3445 3338 τιμωρίᾳ,
3485 3263 3575 3317 τό-

2003 3380 2140 3428 πους
2166 3364 2330 3419 αὑτὸν
2361 3365 2425 3417 ἐκ
2472 3364 2651 3417 τόπων
2683 3363 2933 3434 ἀμείϐειν
2975 3358 3431 3431 παρακελεύεται,
3479 3355 3573 3411 καὶ

2003 3454 2140 3525 πρὸς
2168 3453 2433 3527 Σαραφθὰ
2474 3453 2708 3525 βαδίζειν
2738 3454 3050 3523 ἐπείγεται·
3095 3451 3188 3505 καὶ
3223 3449 3357 3522 πρὸς
3397 3449 3576 3520 χήραν

2004 3545 2322 3600 ἀποστέλλει
2371 3547 2604 3613 γυναῖκα
2646 3545 2739 3599 τὸν
2781 3545 2954 3616 χήραν
2996 3543 3095 3613 τὴν
3132 3541 3309 3596 κτίσιν
3341 3539 3429 3593 διὰ
3472 3537 3575 3607 τῆς

2006 3639 2188 3708 φωνῆς
2225 3628 2623 3708 ἐργασάμενον.
2670 3634 3079 3704 Ἑντελοῦμαι,
3134 3633 3288 3703 φησι,
3335 3628 3575 3701 γυναικί

2004 3730 2162 3802 χήρᾳ
2193 3730 2300 3785 τοῦ
2326 3730 2663 3800 διατρέφειν
2691 3745 2785 3784 σε.
2827 3726 3126 3797 Μονονουχὶ
3166 3725 3366 3792 λέγων,
3397 3722 3463 3776 Ei
3498 3718 3574 3790 μὴ

2004 3821 2238 3895 αἰσχύνῃ
2270 3820 2369 3892 τὴν
2414 3821 2640 3893 τροφὴν,
2681 3821 2755 3892 μὴ
2806 3819 3008 3890 σϐέσῃς
3047 3818 3146 3889 τὴν
3180 3815 3572 3885 ἀγανάκτησιν.

2006 3914 2194 3984 Χήραν
2219 3912 2314 3966 καὶ
2346 3910 2629 3982 πενιχρὰν,
2656 3912 2750 3964 καὶ
2795 3911 2933 3981 πρὸς
2953 3907 3165 3970 τούτοις
3203 3904 3421 3972 ἐθνικὴν
3455 3902 3575 3955 ἐπι-

2006 4001 2262 4068 λέγεται·
2295 3999 2383 4053 ἵνα
2421 3999 2454 4071 ἢ
2501 3998 2599 4069 τὴν
2626 3998 2816 4053 πενίαν
2861 3996 3128 4069 οίκτείρῃ,
3167 3993 3201 4064 ἢ
3250 3994 3326 4058 ὡς
3357 3990 3573 4054 ἐθνικῆς

2006 4095 2298 4164 ἀπογραφῇ
2323 4092 2423 4158 ‘2‘)
2442 4091 2540 4161 τὴν
2568 4091 2799 4162 τροφὴν,
2820 4091 2916 4144 καὶ
2929 4089 3154 4159 γένηται
3175 4088 3268 4141 καὶ
3287 4085 3433 4139 ἄκων
3452 4081 3575 4152 φιλ-

2006 4185 2307 4256 άνθρωπος,
2347 4185 2441 4237 καὶ
2473 4183 2611 4257 λύσῃ
2640 4183 2869 4253 νεφέλας
2895 4183 3074 4252 σιωπῇ
3103 4178 3416 4247 δεδεμένας.
3435 4171 3574 4226 Ἀλλ’

2005 4277 2066 4329 οὐ
2124 4278 2472 4347 παραιτεῖται
2526 4274 2763 4345 βαδίζειν
2817 4274 2892 4339 ὠς
2954 4272 3092 4343 πρὸς
3122 4271 3220 4343 τὴν
3265 4271 3440 4341 χήραν
3495 4265 3570 4337 (5)

336 4358 567 4426 parabat
614 4358 758 4412 enim
805 4360 1004 4427 cibum,
1037 4376 1261 4431 qua‘que
1288 4362 1355 4416 ad
1400 4363 1731 4432 sepulturam
1768 4381 1894 4435 opus

2023 4367 2233 4431 Ἠλίας.
2257 4368 2320 4421 Ἡ
2338 4368 2395 4422 δὲ
2429 4367 2506 4439 τῷ
2547 4370 2786 4439 σχήματι
2811 4367 2910 4437 τὴν
2940 4366 3133 4419 πενίαν
3160 4362 3395 4434 ἐλέγχει.
3425 4363 3571 4428 Παρ-

410 4496 456 4527 ¹³
491 4497 554 4554 ΠΙ
590 4498 720 4569 Reg.
750 4513 883 4563 xvn,
912 4498 967 4553 ι.
1042 4498 1090 4531 ⁸⁸
1123 4498 1266 4554 Psal.
1305 4515 1483 4565 cum,
1512 4502 1565 4557 9.
1643 4502 1690 4537 ιδ
1730 4501 1792 4555 lll
1830 4501 1894 4557 Rc

1998 4520 2123 4567 xvii,
2154 4506 2207 4561 ὁ.
2284 4507 2331 4538 ’⁸
2373 4507 2500 4559 ἰιιίιι.
2531 4506 2583 4560 9.

1562 4633 1669 4689 CL.
1709 4635 2084 4703 DAUSQUEH
2123 4638 2355 4695 NOTAE.

409 4775 523 4849 (99)
542 4777 698 4849 ﬂeta
726 4774 1041 4849 διοικοῦσα
1087 4777 1463 4849 πρόνοια.δί
1499 4793 1605 4847 quo
1639 4778 1898 4847 explenda

340 4846 612 4910 laettnula,
638 4848 709 4917 ita
744 4855 922 4917 potest
963 4865 976 4900 :
1011 4846 1283 4899 διοικοῦσα
1322 4846 1547 4917 κόσμον,
1582 4850 1662 4901 vel
1699 4846 1899 4902 πάντα.

414 4917 492 4983 (1)
541 4915 654 4970 Kal
706 4916 839 4982 τοῖς
868 4917 1151 4981 νεοσσοῖς
1192 4915 1541 4985 ἀπορρήτως
1577 4917 1679 4971 διὰ
1723 4935 1904 4972 τινων

340 4983 501 5047 ζώων
517 4985 747 5055 μικρῶν
775 4986 1013 5056 γεωργεῖ
1036 4984 1152 5053 τὴν
1170 4983 1417 5056 τροφήν.
1440 4985 1813 5041 Nazianzenus
1836 4988 1904 5042 de

343 5070 431 5118 eo,
460 5056 551 5123 qui
585 5070 651 5108 ex
684 5056 859 5111 alieno
902 5058 1239 5111 incommodo
1273 5072 1365 5109 sua
1405 5066 1586 5124 captat
1618 5058 1898 5110 connnoda

346 5125 484 5206 dixit
527 5128 791 5206 γεωργεῖν
845 5125 1167 5206 συμφοράς..
1204 5125 1541 5206 Probaliilior
1575 5136 1653 5206 est
1721 5137 1898 5206 autem

349 5194 462 5247 haec
513 5194 700 5262 opinio
752 5196 819 5248 de
860 5194 1200 5249 animalcnlis
1260 5196 1526 5263 suggestis
1600 5198 1651 5249 in
1715 5197 1891 5249 cibum

347 5263 506 5329 pullis
543 5277 859 5333 corvorum,
892 5279 1053 5333 quam
1104 5280 1326 5327 eorum,
1372 5265 1463 5331 qui
1511 5281 1638 5318 aura
1693 5266 1896 5319 τοδε-ἰείη

350 5334 495 5387 vesci
553 5338 761 5402 putant.
808 5332 919 5389 Nec
972 5336 1115 5388 enim
1165 5333 1414 5389 animalia
1461 5337 1783 5395 carnivora,
1846 5343 1898 5386 et

349 5404 418 5457 ab
467 5403 685 5472 ingenio
733 5404 1070 5467 prmfervida,
1116 5415 1408 5458 vescuntur
1434 5419 1563 5456 aura
1615 5407 1893 5472 duntaxat.

350 5475 481 5533 Una
514 5469 694 5527 autem
724 5472 832 5526 sint
859 5474 972 5526 haec
1000 5475 1318 5529 auintalcnla
1362 5488 1465 5525 non
1499 5475 1670 5528 habeo
1701 5469 1899 5526 aﬂinite

351 5542 532 5613 dicere
559 5558 573 5594 :
604 5543 818 5613 quidam
861 5557 1071 5595 muscas
1100 5553 1307 5613 putant,
1342 5544 1430 5596 alii
1477 5544 1816 5602 vermiculos.
1847 5553 1901 5595 et

350 5610 568 5679 quidem
595 5626 624 5664 e
668 5612 915 5682 primults
966 5610 1149 5666 coruin
1205 5624 1373 5679 natos,
1433 5622 1525 5666 aut
1568 5626 1599 5667 ο
1627 5623 1901 5682 congesto.

2007 4780 2236 4835 Consule
2254 4782 2525 4837 Valesium
2550 4779 2626 4834 De
2645 4795 2798 4834 sacra
2814 4775 3165 4848 philosophia,
3184 4787 3236 4828 c.
3263 4771 3358 4838 55,
3387 4778 3441 4826 et
3472 4767 3571 4825 Ge-

2010 4850 2352 4913 nebrardum,
2388 4853 2442 4905 in
2474 4849 2609 4915 psal.
2641 4863 2821 4903 cuvt.

2078 4920 2152 4987 (2)
2196 4906 2603 4990 'Ewéxoopm.
2649 4918 2819 4973 Biblia
2882 4916 3079 4985 quibus
3121 4921 3277 4975 utor,
3319 4906 3573 4965 ἐντέταλ-

2011 5004 2605 5133 ῗαίέἿ-ΑἊπογραφῇ.
2648 5055 2954 5125 Legendum
2988 5054 3198 5107 videtur
3225 5047 3573 5119 ἀποστραφῇ.

2009 5125 2180 5183 Eutr.
2198 5125 2441 5181 PATROL.
2497 5125 2509 5129 ⁷
2548 5125 2578 5133 ’“

2074 5198 2150 5268 (3)
2171 5198 2253 5251 Οὐ
2276 5195 2636 5268 παραιτεῖται
2650 5189 2919 5268 ,ϐαδίζειν
2938 5190 3196 5268 ὡςΑπρςς
3220 5189 3335 5256 τὴν
3361 5186 3574 5268 χήραν.

2004 5259 2177 5330 Tua;
2198 5259 2423 5320 venuste
2462 5266 2604 5319 vices
2629 5265 2774 5319 subit
2808 5260 3093 5334 τοῦ-πρός.
3116 5259 3231 5334 ,ξπ
3257 5274 3302 5314 :1:
3335 5267 3573 5334 teruntur

2007 5320 2315 5390 ximiiocus
2344 5345 2425 5390 est
2463 5336 2530 5387 al)
2568 5334 2854 5387 Aristotele
2884 5320 3081 5383 citatus
3116 5329 3210 5382 lib.
3255 5342 3353 5380 vnt
3405 5320 3572 5378 Nico-

2004 5426 2268 5489 machion,
2304 5425 2391 5478 ubi
2423 5425 2488 5478 de
2508 5421 2742 5475 amicitia
2789 5436 2803 5472 :

2016 5515 2114 5583 Ὠς
2142 5518 2254 5570 αἰεὶ
2290 5515 2400 5569 τὸν
2427 5511 2631 5584 ὁμοῖον
2660 5510 2789 5579 ἄγει
2826 5508 2961 5574 θεὸς
2993 5508 3074 5573 ὠς
3098 5507 3206 5562 τὸν
3240 5503 3470 5574 ὁμοῖον.

2012 5609 2189 5675 Quare
2214 5607 2276 5660 τὸ
2310 5606 2444 5674 πρός
2477 5615 2535 5661 ut
2560 5604 2820 5673 glossema
2844 5599 3035 5670 repuli.
