3990 6160
293 329 398 392 153

1695 336 1974 397 ORATIO
2011 338 2116 398 XI.

3442 338 3542 405 154

285 431 546 486 ισκεύασε
607 435 724 504 γὰρ
753 436 851 508 τὴν
879 439 1076 510 τροφὴν
1103 440 1239 510 ὁμοῦ
1267 443 1360 496 καὶ
1404 445 1604 513 ταφήν·
1636 449 1729 500 καὶ
1768 447 1852 515 γί-

1963 461 2131 503 erant.
2164 451 2386 506 Accedit
2441 459 2623 506 tamen
2655 450 2722 506 ad
2757 449 2967 504 viduam
3026 458 3260 518 rogator,
3291 451 3382 520 qui
3415 454 3537 508 caeli

286 540 434 577 νεται
464 524 560 595 τῆς
589 527 775 597 χήρας
806 531 1101 602 προσαίτης
1130 535 1158 585 ὁ
1181 534 1279 597 τὰς
1302 535 1533 606 οὐρανοῦ
1575 537 1719 600 κλεῖς
1761 555 1852 591 πε-

293 616 508 686 ριδήσας
537 619 653 679 τοῖς
684 618 942 688 χείλεσιν.
979 621 1115 674 Ἡδὲ
1135 623 1189 676 τί
1219 641 1382 695 φησιν
1413 625 1487 695 (4)
1507 643 1521 690 ;
1543 628 1629 693 Ζῇ
1646 629 1856 693 Κύριος

290 711 324 763 ὁ
355 709 495 774 Θεός
543 723 685 763 σου.
741 710 830 773 Ὠς
881 715 1163 784 προφήτην
1209 717 1392 785 τιμᾷς,
1449 717 1508 770 ὃν
1560 719 1860 789 προσαίτην

291 801 451 870 ὁρᾷςς
491 799 656 852 πόθεν
673 800 819 871 ἔχεις
839 803 934 856 τοῦ
967 807 1246 876 προφήτου
1281 808 1380 878 τὴν
1408 809 1647 877 γνῶσιν;
1693 813 1858 866 Ὑπό-

295 906 496 959 μνησον
530 890 753 954 σαυτὸν,
800 894 1076 964 ἀγαπητὲ,
1126 896 1234 950 τῶν
1262 897 1355 951 τοῦ
1406 899 1540 952 Θεοῦ
1585 902 1720 972 πρὸς
1767 904 1860 956 τὸν

304 979 486 1033 Ἠλίαν
509 981 772 1052 ῥημάτων
793 998 810 1012 ⁸
845 984 1247 1055 Ἐντελοῦμαι,
1267 989 1423 1060 φησι,
1438 992 1676 1058 γυναικὶ
1705 993 1861 1062 χήρᾳ

293 1069 395 1123 τοῦ
421 1068 761 1141 διατρέφειν
793 1088 889 1128 σε.
943 1076 1054 1130 Καὶ
1083 1076 1240 1148 δῆλόν
1277 1080 1424 1135 ἔστιν
1485 1083 1560 1146 ὡς
1614 1085 1681 1137 δι’
1721 1087 1857 1139 ἀπο-

293 1160 579 1230 καλύψεως
604 1165 637 1234 ή
663 1163 758 1217 τοῦ
780 1167 1058 1238 προφήτου
1079 1171 1349 1241 παρουσία
1372 1176 1438 1244 τῇ
1456 1175 1600 1246 χήρᾳ
1619 1193 1750 1228 κατε
1757 1194 1858 1248 μη-

293 1249 471 1304 νύετο.
497 1253 605 1305 Καὶ
633 1249 701 1324 ἦν
731 1255 764 1326 ἠ
798 1255 866 1308 δι’
914 1257 1181 1328 ὀμμάτων
1222 1261 1320 1314 θέα
1357 1264 1458 1332 τῆς
1490 1265 1613 1319 καθ’
1660 1266 1858 1332 ὕπνους

292 1341 424 1406 θέας
453 1343 774 1416 ὑπόμνησις.
803 1348 1131 1417 Ἐπιγνοῦσα
1158 1353 1336 1406 τοίνυν
1360 1355 1458 1426 τὴν
1477 1356 1570 1409 τοῦ
1596 1359 1858 1428 παρόντος

290 1431 466 1498 ἀξίαν,
502 1434 601 1504 τὴν
630 1438 820 1492 πενίαν
855 1439 1112 1512 ὠδύρετο.
1144 1442 1232 1512 Ζῇ
1254 1446 1466 1514 Κύριος
1489 1449 1523 1500 ὁ
1552 1450 1697 1515 Θεός
1718 1465 1854 1514 σου,

291 1525 475 1595 φησὶν,
511 1527 623 1580 οὐκ
654 1527 787 1582 ἐστι
811 1547 914 1598 μοι
948 1531 1269 1602 ἐγκρυφίας
1301 1535 1404 1606 (5),
1453 1536 1592 1592 ἀλλ’
1623 1540 1660 1608 ἢ
1709 1541 1859 1608 apag

290 1614 552 1684 ἀλεύρου
575 1617 647 1670 ἐν
677 1618 752 1687 τῇ
794 1621 990 1690 ὑδρίᾳ,
1040 1625 1136 1678 καί
1165 1627 1375 1696 ὀλίγον
1419 1630 1626 1685 ἔλαιον
1670 1632 1741 1685 ἐν
1778 1630 1858 1698 τῷ

291 1707 581 1776 καμψὼεῃ
603 1724 619 1737 ·
647 1711 746 1764 καί
788 1712 917 1767 ίδοὺ
955 1715 1070 1784 ἐγὼ
1122 1719 1403 1788 συλλέγω
1445 1721 1554 1775 δύο
1579 1723 1852 1792 ξυλάρια,

292 1799 387 1851 καί
441 1800 886 1873 εἰσελεύσομαι,
932 1807 1030 1860 καί
1063 1811 1294 1876 ποιήσω
1324 1811 1572 1882 ἐμαυτῇ,
1603 1816 1700 1868 καί
1737 1819 1863 1883 τοῖς

292 1885 525 1954 τέκνοις
551 1908 694 1959 μου,
729 1893 827 1946 καί
856 1897 1192 1965 φαγόμεθα,
1244 1901 1340 1953 καὶ
1386 1902 1858 1975 ἀποθανούμεθα.

294 1978 366 2070 To
403 1981 579 2051 τέρας
617 1984 749 2052 ἡμῖν
787 1985 885 2055 τῆς
912 1989 1138 2060 τροφῆς,
1174 1991 1315 2062 ἀρχὴ
1341 1993 1613 2067 τελευτῆς.
1647 1999 1861 2070 Ταύτην

293 2067 602 2161 τελευταίαν
631 2075 1021 2146 παραθήσομαι
1047 2080 1326 2151 τράπεζαν
1347 2099 1361 2112 ·
1386 2086 1582 2157 μέτρον
1605 2091 1735 2158 ήμῖν
1764 2067 1860 2161 της

299 2157 432 2228 ζωῆς
455 2163 488 2230 ή
519 2161 656 2231 δρὰξ
681 2164 776 2217 τοῦ
805 2165 1038 2237 ἀλεύρου
1073 2170 1398 2243 καθέστηκε,
1437 2177 1567 2246 μίαν
1592 2157 1858 2250 ἀναμένο-

299 2265 394 2340 μεν
431 2252 773 2324 προθεσμίαν
810 2259 1018 2329 τροφῆς
1053 2260 1147 2313 καὶ
1181 2260 1406 2318 θανάτου
1427 2283 1441 2297 ο
1492 2270 1630 2337 μετὰ
1656 2271 1860 2340 ταύτην

294 2339 388 2409 τὴν
420 2340 647 2412 βρῶσιν,
676 2347 838 2414 ἡμεῖς
875 2348 1107 2403 Θανάτου
1137 2351 1338 2424 βρῶσις
1382 2356 1638 2428 ἐσόμεθα.
1682 2339 1858 2414 Ἐπα-

296 2429 456 2524 θέν-τι
643 2435 745 2505 τὴν
767 2438 952 2509 φωνὴν
972 2439 1000 2491 ὁ
1021 2443 1320 2514 προφήτης.
1349 2448 1622 2520 Οίκτείρει
1647 2453 1860 2524 μητέρα

296 2517 766 2612 συλλιμώττουσαν
796 2525 1030 2593 τέκνοις,
1066 2526 1174 2584 εἶδε
1201 2534 1483 2605 σπλάγχνα
1529 2517 1734 2610 μητρὸς
1788 2517 1859 2612 τῷ

292 2608 630 2704 τῶν-τέκνων
661 2614 806 2687 λιμῷ
831 2621 1277 2693 σπαραττόμενα,
1307 2627 1404 2679 καὶ
1434 2630 1618 2700 φωνὴν
1637 2608 1859 2704 ἀφίησιν

525 2702 943 2776 φιλανθρωπίας
969 2708 1219 2780 έχουσαψ
1252 2713 1404 2769 Τάδε
1426 2698 1591 2786 λέγει
1609 2698 1823 2790 Κύριος
1839 2741 1854 2756 ·

301 2785 361 2841 Ἠ
382 2787 563 2856 ὑδρία
602 2791 710 2846 τοῦ
753 2795 1016 2864 ἀλεύρου
1047 2799 1158 2852 οὐκ
1188 2799 1480 2870 ἐκλείψει,
1509 2785 1622 2859 ﬁxa!
1653 2785 1856 2876 ἀσκαρ-

288 2878 497 2946 ψάκης
524 2882 632 2935 τοῦ
659 2884 861 2940 ἐλαίου
905 2889 1020 2942 οὐκ
1058 2890 1449 2959 ἐλαττονήσει
1485 2895 1596 2962 ἕως
1633 2898 1858 2967 ἡμέρας

287 2967 401 3022 τοῦ
433 2967 649 3025 δοῦναι
691 2975 906 3042 Κύριον
931 2980 1113 3033 ὑετὸν
1139 2981 1238 3035 ἐπὶ
1282 2983 1394 3052 τῆς
1424 2985 1558 3054 γῆς.
1589 2992 1736 3057 Τέως
1767 2995 1858 3049 τὸν

1963 541 2199 596 claustra
2230 557 2325 596 ore
2366 541 2786 596 constrinxerat.
2822 540 2960 606 Quid
2994 541 3082 594 illa
3109 542 3131 594 ?
3161 544 3223 563 "'
3266 540 3427 604 Vivit,
3454 544 3538 597 in-

1961 633 2099 700 quit,
2150 633 2403 687 Dominus
2439 632 2574 687 Deus
2641 643 2764 686 tuus
2784 633 2851 685 "'.
2887 630 3164 701 Tanquam
3215 635 3533 701 prophetam

1964 725 2222 788 honoras,
2255 740 2414 793 quem
2447 724 2752 778 mendicum
2791 725 2939 777 vides
2967 725 2980 777 !
3011 727 3148 777 unde
3176 725 3227 776 in
3263 730 3536 792 propheta:

1962 817 2206 871 notitiam
2251 817 2490 871 venisti?
2521 815 2632 887 64
2666 817 2754 870 Dei
2800 817 2863 869 ad
2912 815 3080 869 Eliam
3123 829 3278 868 voces
3334 817 3387 868 in
3425 831 3536 870 me-

1964 907 2190 962 moriam
2234 922 2448 971 revoca,
2479 922 2513 962 ο
2542 907 2769 961 dilecte:
2817 905 3049 972 Prcecepi
3095 905 3303 958 mulieri
3335 907 3531 969 vidua,

1961 1011 2015 1053 ut
2046 1007 2313 1068 pascatte.
2353 998 2506 1055 Unde
2543 997 2764 1052 evidens
2803 1006 2904 1062 est,
2939 1000 3083 1065 quod
3122 1011 3216 1064 per
3247 997 3534 1051 revelatio-

1961 1107 2081 1146 nem
2121 1092 2394 1160 prophetae
2427 1091 2710 1159 praesentia
2739 1089 2915 1144 vidua:
2955 1089 3197 1142 nuntiata
3231 1088 3335 1152 sit,
3369 1089 3535 1156 quod-

1961 1196 2065 1252 que
2086 1182 2222 1237 visio
2242 1181 2414 1237 oculis
2439 1183 2652 1251 objecta
2684 1181 3115 1236 recordationem
3140 1180 3367 1235 visionis
3392 1181 3535 1234 exci-

1962 1275 2086 1328 tarit
2119 1287 2216 1342 per
2265 1275 2500 1342 quietem
2553 1273 2768 1328 oblatae.
2811 1270 2946 1326 Cum
3014 1272 3199 1340 itaque
3249 1271 3536 1340 praesentis

1959 1375 2208 1434 agnossct
2235 1365 2572 1432 dignitatem,
2601 1363 2913 1432 deplorabat
2940 1362 3286 1429 indigentiam
3328 1377 3343 1413 :
3396 1359 3533 1414 Vivit

1960 1457 2213 1510 Dominus
2247 1466 2387 1517 tuus,
2434 1455 2631 1524 inquit,
2662 1457 2785 1523 quia
2823 1471 2924 1508 non
2968 1455 3130 1508 habeo
3160 1470 3370 1520 panem,
3427 1455 3531 1506 nisi

1957 1559 2210 1620 quantum
2232 1547 2461 1617 pugillus
2491 1564 2674 1616 capere
2713 1559 2880 1614 potest
2923 1548 3113 1615 farina:
3153 1548 3205 1600 in
3244 1547 3454 1615 hydria,
3479 1555 3528 1598 et

1959 1642 2232 1710 paululum
2258 1640 2355 1694 olei
2397 1642 2451 1693 in
2497 1640 2740 1709 lecytlzo:
2770 1656 2830 1692 en
2883 1639 3072 1706 colligo
3109 1639 3214 1690 duo
3253 1638 3415 1707 ligna,
3470 1644 3530 1689 ut

1962 1731 2247 1800 ingrediar,
2283 1739 2330 1783 et
2371 1729 2568 1797 faciam
2615 1729 2752 1782 illud
2778 1729 2926 1794 mihi,
2951 1739 2997 1784 et
3032 1729 3156 1797 ﬁliis
3183 1729 3331 1790 meis,
3362 1738 3416 1779 ut
3449 1744 3530 1780 co-

1962 1821 2252 1883 mcdamus,
2279 1828 2327 1873 et
2387 1821 2681 1874 moriamur
2704 1821 2769 1874 ".
2805 1820 2921 1874 Cibi
2955 1819 3184 1874 defectio
3241 1819 3394 1873 nobis
3424 1819 3529 1871 erit

1962 1909 2153 1963 mortis
2182 1909 2392 1963 initium
2418 1925 2432 1962 :
2473 1910 2612 1964 hanc
2641 1917 2941 1966 extremam
2965 1923 3229 1977 apponam
3262 1923 3522 1961 mensam.

1961 1999 2097 2054 Vita:
2126 2000 2314 2054 modus
2367 2000 2550 2054 τίη-ἱππ
2581 1999 2814 2069 pugillus
2861 2000 3012 2054 nobis
3059 2000 3384 2055 coastitutus
3422 2008 3525 2059 est,

1961 2105 2123 2143 unum
2153 2090 2400 2158 idemque
2425 2090 2530 2144 cibi
2576 2101 2630 2143 ct
2661 2091 2851 2144 mortis
2879 2100 3089 2160 tempus
3123 2092 3525 2159 praestolamur:

1960 2189 2080 2248 post
2111 2179 2250 2234 hanc
2277 2195 2456 2235 escam
2508 2182 2700 2235 mortis
2724 2181 2974 2250 pabulum
3020 2183 3241 2237 erimus.
3274 2183 3528 2236 Commo—

1963 2279 2048 2323 tus
2082 2278 2165 2323 est
2211 2271 2312 2324 hac
2339 2284 2468 2324 voce
2502 2272 2799 2339 propheta;
2838 2272 3127 2326 miseretur
3187 2274 3375 2326 matris
3419 2290 3522 2326 una

1961 2377 2079 2413 cum
2104 2361 2289 2414 liberis
2312 2360 2454 2415 fame
2479 2373 2703 2427 vexatae,
2727 2364 2873 2415 videt
2897 2373 3138 2416 materna
3161 2365 3367 2417 viscera
3393 2365 3528 2417 tilio-

1961 2466 2080 2504 rnm
2133 2450 2280 2506 fame
2322 2452 2606 2516 convulsa,
2651 2463 2706 2506 et
2738 2467 2921 2505 vocem
2968 2453 3169 2506 emittit
3196 2454 3527 2508 humanitate

1959 2539 2282 2594 dilllnentem
2305 2556 2319 2592 :
2344 2539 2471 2593 ch
2486 2541 2609 2593 dicit
2643 2541 2932 2596 Dominus:
2965 2540 3171 2612 Hgdria
3201 2541 3397 2610 farina:
3423 2557 3528 2595 non

1959 2632 2185 2696 deﬁciet,
2232 2647 2323 2685 nec
2373 2631 2606 2701 lecythus
2646 2632 2744 2686 olei
2777 2634 3040 2686 minuetur
3092 2649 3251 2700 usque
3291 2633 3361 2684 ad
3393 2633 3529 2685 hanc

1957 2723 2114 2786 diem,
2147 2722 2201 2774 in
2228 2738 2330 2791 qua
2364 2721 2617 2776 Dominus
2660 2723 2882 2776 daturus
2907 2735 2979 2776 est
2995 2723 3221 2790 pluviam
3256 2739 3412 2792 super
3444 2723 3528 2792 fa-

1957 2817 2086 2868 ciem
2119 2822 2273 2867 εει-τω
2290 2816 2358 2868 ⁸³.
2393 2813 2544 2867 Tunc
2591 2815 2824 2882 pluviam
2861 2816 3149 2884 promittit,
3189 2815 3358 2867 nubes
3389 2817 3527 2868 votis

1959 2907 2356 2971 accommodat,
2395 2917 2449 2960 et
2477 2907 2724 2976 hydriam
2762 2907 2926 2961 vertit
2955 2908 3006 2959 in
3033 2906 3271 2960 alimenti
3299 2905 3524 2971 fontem,

1958 3005 2328 3067 quantumque
2363 2997 2477 3051 dies
2511 2998 2789 3065 poscebat,
2825 3005 3034 3051 tantum
3080 2997 3269 3067 hydria
3328 3010 3523 3065 suppe-

284 3059 446 3162 ὐετὸν
468 3061 883 3162 ἐπαγγέλλεται,
905 3068 1216 3140 εὐτρεπίζει
1244 3076 1364 3134 ταῖς
1394 3075 1574 3132 ἐλπίσι
1608 3082 1676 3134 τὰ
1695 3084 1852 3156 νέφη,

1963 3059 2200 3142 (litabat:
2241 3059 2360 3156 -quo
2390 3087 2476 3142 dic
2509 3059 2741 3143 messem
2775 3059 3006 3142 volebat
3035 3059 3216 3151 vidua,
3251 3088 3302 3140 in
3335 3059 3525 3156 hydria

285 3151 381 3204 καὶ
413 3154 601 3224 πηγὴν
642 3157 743 3227 τῆς
768 3161 998 3229 τροφῆς·
1020 3160 1117 3232 τὴν
1148 3163 1336 3233 ὑδρίαν
1378 3167 1670 3238 ἐργάζεται
1690 3192 1703 3206 ·
1759 3151 1853 3231 καὶ
1888 3151 1927 3162 ν
1959 3177 2214 3231 metebat.

284 3242 383 3343 _5‘3‘t]
409 3245 510 3343 τῇς
542 3247 817 3343 ’ξιμραςή
851 3251 1033 3321 χρεία,
1069 3255 1309 3327 τοσαύτη
1344 3258 1447 3330 τῆς
1471 3261 1658 3334 ύδρίας
1699 3269 1732 3338 ή
1797 3271 2032 3343 χορηγία
2055 3287 2071 3302 ο
2135 3269 2256 3324 καθ’
2293 3270 2527 3341 ἡμέραν,
2551 3270 2618 3340 ἣν
2675 3272 2709 3340 ἡ
2741 3270 2884 3340 χίπρα
2940 3269 3209 3334 ἐδούλετον
3254 3266 3528 3338 γεωργίαν

285 3335 380 3390 ἐπὶ
411 3337 514 3408 τῆς
537 3338 724 3410 ὑδρίας
760 3342 986 3413 ὲτρύγα.

352 3432 423 3497 τ’.
481 3429 625 3483 Ἀλλ’
655 3432 685 3485 ὁ
715 3433 814 3502 μὲν
834 3434 1026 3506 χρόνον
1055 3438 1149 3492 καὶ
1175 3431 1330 3506 οὗτος
1354 3443 1721 3515 ἐπερίττευεν,
1760 3453 1852 3506 καὶ

291 3517 495 3590 ὀλιμὺς
525 3521 852 3595 ἐπεκράτειο
897 3527 994 3582 καὶ
1017 3530 1052 3600 ή
1094 3531 1275 3596 κτίσις
1321 3534 1700 3607 ἐκεχάλκευτο,
1734 3544 1763 3595 ὁ
1797 3543 1856 3596 δὲ

289 3612 576 3704 προφήτης
602 3615 703 3668 ούκ
730 3617 1034 3675 ἐσπένδετο.
1059 3622 1126 3676 Τί
1150 3618 1244 3678 οὖν
1269 3629 1417 3680 ποιεῖ
1435 3629 1532 3698 τῆς
1551 3632 1856 3704 φιλανθρω-

288 3701 418 3767 πίας
439 3706 476 3775 ἡ
504 3707 696 3795 πξιγής
727 3708 901 3781 Τρίτῃ
934 3713 1250 3780 περισάλλει
1286 3721 1500 3790 μηχανῇ
1521 3720 1612 3776 τδν
1639 3701 1855 3795 προφή-

288 3809 406 3884 την,
435 3795 506 3849 δι’
534 3790 606 3868 ἦς
651 3799 905 3870 ἡττηθεὶς
937 3805 966 3856 ὁ
1005 3803 1222 3872 Ἠλίας,
1274 3809 1368 3862 καὶ
1399 3810 1548 3866 ἄκων
1591 3790 1729 3883 πρδς
1761 3790 1859 3884 φι-

290 3880 640 3954 λανθρωπίαν
669 3890 918 3962 καμφθῇ.
949 3892 1124 3956 Νόσος
1157 3895 1268 3966 γὰρ
1295 3899 1352 3950 ἐν
1385 3898 1555 3970 μέσῳ,
1585 3880 1678 3955 κει)⁵
1705 3905 1733 3956 ὁ
1758 3880 1857 3974 τῆς

290 3975 461 4047 χήρας
493 3975 612 4040 υίὸς
631 3978 999 4051 ἅνηρπάζετο.
1042 3985 1377 4059 Πρόσταγμα
1405 3990 1539 4044 Θεοῦ
1560 3992 1660 4062 τὴν
1680 3993 1860 4064 ψυχὴν

293 4066 355 4119 ὲκ
375 4066 472 4121 τοῦ
505 4067 760 4138 σώματος
797 4074 1146 4142 μεταϐαίνειν
1172 4079 1416 4135 ἐκέλευεο
1450 4083 1546 4137 καὶ
1577 4085 1858 4154 περιίστα-

295 4171 378 4210 ται
397 4158 475 4227 τῷ
501 4160 760 4233 προφήτῃ
787 4163 819 4232 ή
853 4165 1029 4235 χήραο
1064 4167 1128 4221 Τί
1147 4169 1278 4238 ἐμοὶ
1302 4172 1400 4226 καὶ
1435 4173 1556 4238 σοι,
1589 4174 1861 4244 ἄνθρωπε

295 4250 397 4304 τοῦ
419 4252 604 4316 Θεοῦ;
625 4254 910 4323 εἰσῆλθες
931 4261 1080 4326 πρός
1093 4277 1171 4330 με
1193 4263 1539 4332 ἀναμνῆσαι
1556 4267 1664 4332 τὰς
1680 4269 1860 4338 ἁμαρ-

299 4341 420 4408 τίας
441 4359 564 4412 μου
595 4343 698 4413 (6),
732 4347 832 4400 καί
864 4349 1202 4406 θανατῶσαι
1238 4353 1345 4406 τὸν
1367 4355 1502 4408 υἱόν
1527 4372 1684 4424 μου;
1711 4357 1858 4425 Εἴθε,

302 4431 447 4501 φησὶ,
471 4432 550 4503 τῷ
578 4434 725 4504 λιμῷ
751 4438 1192 4512 προαπολοίμην·
1210 4442 1321 4496 εἴθε
1345 4444 1557 4513 φθάσας
1583 4449 1612 4499 ὁ
1637 4447 1862 4512 θάνατος

301 4521 391 4591 τῆς
426 4523 526 4577 τοῦ
553 4525 745 4580 τέκνου
777 4545 877 4598 μου
911 4529 1168 4602 τελευτῆς
1197 4535 1613 4605 προανήρπασε.
1654 4536 1769 4589 Νῦν
1803 4537 1860 4590 δέ

2030 3456 2084 3511 5.
2123 3455 2228 3512 Sed
2267 3466 2372 3511 tam
2404 3455 2592 3510 acerba
2617 3464 2908 3523 tempestas
2938 3451 3528 3513 extrahebatur,t‘ames

1959 3545 2362 3611 dominabatur,
2408 3557 2659 3599 creatura
2702 3545 2826 3599 aeris
2867 3546 2919 3598 in
2969 3543 3160 3597 faciem
3211 3543 3525 3607 durabatur,

1961 3652 2062 3694 nec
2089 3639 2349 3708 prOpheta
2376 3637 2742 3692 conditionem
2769 3635 2921 3704 pacis
2944 3635 3103 3688 ullam
3135 3631 3527 3696 uovcrat.Quid

1959 3738 2090 3797 ergo
2119 3728 2282 3783 faciat
2310 3727 2428 3783 fons
2476 3727 2741 3797 pietatis?
2779 3725 3016 3780 Tertiam
3066 3723 3369 3777 machinam
3401 3736 3528 3789 pro-

1963 3823 2137 3889 pheta;
2185 3822 2454 3885 admovet,
2495 3835 2600 3889 qua
2639 3817 2882 3886 deiectus
2917 3817 3062 3870 lilias
3101 3815 3182 3868 vel
3226 3815 3426 3867 invitus
3462 3811 3528 3864 ad

1965 3909 2351 3964 humanitatem
2383 3908 2653 3963 ﬂectatur.
2692 3906 2910 3960 Morbus
2939 3904 3008 3958 ob
3060 3903 3247 3958 oculos
3277 3904 3530 3954 versaba-

1964 4008 2072 4064 tur,
2107 4007 2163 4052 et
2215 3998 2389 4052 vidua:
2417 3997 2560 4051 ﬁlius
2613 3997 2957 4064 rapiebatur:
2993 3994 3083 4047 Dei
3117 3995 3333 4046 decreto
3370 3992 3529 4058 jube-

1963 4089 2124 4141 batur
2152 4088 2331 4140 anima
2367 4086 2601 4140 transire
2634 4086 2698 4139 de
2724 4099 2972 4150 corpore,
2997 4093 3053 4137 et
3083 4084 3398 4150 prephetam
3425 4080 3532 4132 cir-

1965 4186 2200 4234 cumstat
2227 4179 2415 4232 vidua:
2453 4177 2592 4242 Quid
2624 4176 2834 4239 mihi,et
2863 4176 2978 4238 tibi,
3002 4175 3081 4227 vir
3106 4166 3243 4226 Dei?
3265 4173 3531 4241 ingressus

1964 4286 2018 4324 es
2068 4270 2136 4322 ad
2185 4284 2288 4335 me,
2328 4278 2384 4321 ut
2419 4276 2893 4321 rememorarentur
2947 4265 3245 4330 iniquitates
3290 4277 3438 4325 mere,
3480 4268 3533 4314 et

1963 4360 2282 4430 inter/iures
2301 4359 2472 4428 ﬁlium
2490 4374 2657 4411 meum
2671 4358 2752 4407 ην
2778 4357 3015 4422 Utinam,
3037 4355 3228 4424 inquit,
3246 4364 3372 4408 ante
3394 4353 3534 4405 fatue

1965 4451 2280 4519 periissem!
2308 4450 2521 4506 Utinam
2558 4464 2702 4504 mors
2731 4455 2859 4502 ante
2887 4447 2977 4500 lilii
3007 4447 3192 4500 itinera
3231 4460 3314 4498 me
3345 4443 3533 4512 praeri-

1971 4542 2200 4609 puisset!
2232 4557 2372 4596 nunc
2401 4555 2529 4595 vero
2559 4541 2679 4595 cibo
2699 4547 2954 4609 suggesto
2983 4538 3048 4591 ad
3083 4539 3195 4592 hare
3224 4552 3308 4590 me
3330 4544 3534 4603 specta-

306 4626 385 4678 μοι
419 4616 675 4686 χορηγῶν
709 4616 809 4688 τὴν
854 4620 1095 4690 τροφὴν,
1138 4623 1274 4692 πρὸς
1314 4623 1570 4694 τοιαύτην
1617 4643 1685 4696 με
1732 4628 1857 4682 θέαν

1969 4631 2088 4685 cula
2119 4631 2406 4687 reservasti
2423 4631 2445 4684 ‘i
2464 4631 2666 4686 Dubius
2691 4629 2932 4686 haerebat
2961 4637 3109 4683 tanto
3140 4629 3192 4681 in
3216 4642 3341 4682 casu
3367 4625 3534 4688 Elias,

365 4792 408 4825 ’τ
444 4794 580 4851 ibid.
615 4796 700 4850 te.
755 4799 800 4830 ἐ
838 4799 969 4857 ibid.
1043 4805 1089 4836 εο
1131 4802 1258 4859 ibid.
1292 4803 1376 4857 ιι.
1454 4805 1498 4836 ιο
1540 4805 1668 4862 ibid.
1703 4807 1790 4862 is.

1529 4958 1634 5014 CL.
1678 4959 2051 5026 DAUSQUEII
2091 4961 2326 5026 NOTAE,

369 5129 442 5205 (4)
483 5131 559 5205 Ἡ
591 5128 662 5185 δὲ
707 5132 766 5186 τι
809 5149 1037 5204 matr;
1071 5135 1275 5190 Desunt
1324 5136 1499 5190 vidua:
1539 5137 1853 5205 praphetam

304 5198 584 5256 Salutantis
650 5198 827 5256 voces:
880 5198 1028 5258 Nam'
1069 5220 1189 5260 cum
1231 5205 1374 5258 Elias
1424 5198 1730 5259 sciscitatur
1791 5207 1855 5258 de

301 5267 477 5336 vidua,
501 5271 592 5338 qui
623 5285 682 5326 se
707 5272 1022 5340 prophetam
1052 5274 1216 5338 norit,
1252 5290 1356 5327 non
1399 5273 1631 5328 alienum
1666 5292 1693 5328 a
1728 5289 1856 5328 vero

302 5346 529 5408 testeum
558 5342 836 5408 prophetae
863 5344 1081 5397 nomine
1101 5344 1518 5396 consalutatum.

343 5405 447 5528 .(fﬁ
477 5405 601 5463 Οὐὶι
626 5405 759 5463 circa
779 5429 883 5479 μοι
920 5412 1266 5482 ἐγκρυφίας.
1299 5411 1374 5464 Ita
1413 5413 1586 5466 versio
1616 5425 1856 5465 commu-

343 5491 384 5528 ιε
449 5478 721 5528 ibliorum.
752 5481 952 5528 lterum
991 5498 1184 5528 moneo
1209 5482 1388 5528 Basilii
1415 5484 1576 5528 verba
1609 5495 1856 5528 exmnus-

303 5478 384 5552 Itis
408 5478 970 5552 Biblioruy.ilterum'
991 5478 1184 5536 moneo
1209 5482 1388 5534 Basilii
1415 5484 1576 5534 verba
1609 5495 1857 5534 examus-

301 5547 398 5598 sim
430 5548 608 5620 verbis
627 5547 926 5620 Bibliorum
956 5553 1314 5620 respondere:
1342 5565 1510 5619 quare
1539 5561 1628 5603 aut
1660 5553 1858 5604 utrius-

302 5627 404 5678 que
429 5617 615 5694 eadem
643 5619 832 5694 debuit
856 5634 978 5694 esse
1007 5617 1214 5694 versio,_
1238 5631 1330 5694 aut
1357 5617 1532 5694 ver_sio
1557 5622 1858 5694 communis

302 5695 335 5733 a
358 5698 437 5740 me
451 5687 676 5753 iudicari
703 5689 1057 5759 propudiosa,
1075 5689 1218 5760 quod
1240 5691 1410 5745 uetas.
1433 5689 1631 5744 Tamen
1660 5691 1856 5758 ἐγκρυ-

1956 5139 2084 5204 φίας
2109 5138 2359 5206 estpanis
2383 5136 2781 5192 subcinericius.
2802 5135 3100 5206 Hesychius
3124 5152 3137 5186 :
3175 5135 3526 5206 Ἐγκρυφίας,

1954 5201 2119 5277 ἄρτου
2148 5203 2306 5269 εἶδος,
2339 5206 2366 5257 ὁ
2398 5209 2454 5257 ὲν
2487 5207 2665 5275 σποδῴ
2699 5201 2991 5277 γενόμενος
3023 5204 3100 5277 τῷ
3133 5205 3205 5275 μὴ
3243 5201 3534 5277 eiimm-

1955 5276 2136 5330 ϐανον.
2187 5277 2512 5344 Encrypltias
2559 5279 2708 5339 panis
2762 5276 2975 5341 species,
3007 5276 3097 5343 qui
3137 5277 3273 5342 quod
3327 5276 3381 5327 in
3432 5292 3531 5327 usu

1956 5348 2184 5398 nonduin
2221 5355 2349 5398 esset
2383 5345 2642 5408 clibanus,
2683 5346 2735 5396 in
2771 5346 2942 5397 cinere
2978 5344 3374 5410 conﬁciebatur.
3408 5345 3534 5395 Pro-

1963 5416 2084 5479 pius
2137 5414 2514 5482 etymologiam
2572 5424 2696 5466 sunt
2744 5414 2828 5465 illa
2883 5415 3111 5466 Suidze:
3178 5413 3531 5481 Ἐγκρυφίας,

1963 5483 2125 5552 ἄρτος
2177 5487 2234 5534 ὲν
2290 5483 2468 5552 σποδῷ
2523 5483 2904 5552 κεκρυμμένος
2940 5499 2955 5514 ⁸
3011 5482 3337 5549 Encryp/tias
3383 5485 3534 5546 panis

1963 5533 2196 5605 obtecins
2233 5555 2424 5604 cinere.

2035 5621 2112 5689 (ϐ)
2150 5620 2519 5689 ’Λναμνῆσαι
2559 5621 2665 5686 τὰς
2700 5621 2988 5690 ἁμαρτίας
3019 5636 3160 5688 μου.
3189 5616 3358 5670 Biblia
3391 5629 3406 5668 :
3443 5615 3534 5668 τοῦ

1963 5692 2271 5758 ἀναμνῆσαι
2311 5692 2408 5754 τὰς
2432 5691 2664 5753 ἀδικίας.
