4014 6140
357 220 466 281 845
1374 229 1680 290 CARMEN
1712 229 1809 289 DE
1848 230 1905 288 S.
1937 241 1942 278 ι

2030 229 2119 288 PR
2132 225 2327 287 [ANCL
2369 225 2513 284 LIB.
2558 224 2635 283 II.
3514 221 3615 285 ste

289 391 571 405 MC.—

887 587 1244 703 ΠΕΡΙ
1312 582 1612 701 ΤΟΥ
1683 581 2144 698 ΑΓΙΟΥ
2215 578 3102 696 ΚΥΠΡΙΑΝΟΥ

1523 827 1908 915 ΒΙΒΛΟΣ
1985 828 2509 916 ΔΕΥΤΕΡΗ.

908 1256 1055 1345 DE
1129 1256 1223 1345 S.
1300 1249 1907 1346 CYPRIANO
1987 1249 2345 1339 LIBER
2430 1245 3087 1338 SECUNDUS.

370 1676 593 1737 Ὀσσοις
627 1674 702 1742 (Ι)
736 1673 799 1742 δὴ
830 1669 1066 1742 Χριστοῦ
1099 1668 1492 1739 πολυυμνήτοιο
1523 1666 1733 1737 μέμηλε

1970 1669 2017 1725 Α
2043 1660 2090 1719 Ο
2114 1661 2308 1731 quibus
2338 1669 2423 1714 est
2452 1658 2620 1713 multo
2655 1657 2917 1714 celebrati
2946 1658 3187 1713 carmine
3203 1656 3403 1712 Christi

370 1770 560 1830 Πίστις
594 1763 943 1836 μυστιπόλος,
977 1761 1220 1833 θαλεροῖς
1247 1759 1441 1831 ἐμέθεν
1463 1758 1779 1830 δακρύοισιν

2048 1751 2212 1807 Sacra
2240 1750 2397 1805 Fides
2418 1764 2580 1814 cum,
2605 1748 2874 1820 lacrymas
2896 1764 3030 1818 quas
3071 1748 3236 1803 fundo
3256 1757 3503 1804 recentes

370 1859 639 1920 Λεύσατε,
670 1856 812 1925 ὄφρα
845 1854 1051 1924 μάθητε
1086 1851 1246 1905 πόθεν
1274 1853 1430 1904 τόσον
1456 1851 1573 1903 ἐστι
1607 1866 1695 1920 μοι
1723 1849 1907 1916 ἄλγος,

1779 1864 1907 1916 .γος,
2045 1844 2282 1905 Cernite,
2314 1857 2383 1897 ne
2423 1843 2555 1897 tanti
2604 1840 2768 1895 lateat
2798 1855 2895 1896 vos
2928 1854 3093 1895 causa
3123 1839 3364 1895 doloris:

370 1949 480 2002 Καὶ
512 1948 658 2015 σάφα
689 1941 785 1997 οἶδ’
807 1945 888 1997 ὅτι
914 1945 1055 1996 ἴστεο
1076 1940 1278 2010 ἀληθέα
1319 1939 1589 2009 μυθέομαι
1624 1937 1751 2006 γάρ.

2044 1936 2247 1992 Cuncta
2273 1936 2399 1991 licet
2423 1936 2584 2005 (nam
2618 1947 2745 1988 vera
2798 1930 3018 2001 loquor)
3048 1933 3162 1987 scio
3200 1931 3414 2001 cognita
3436 1930 3605 1986 vobis.

384 2040 498 2094 ’κδ’
520 2042 668 2092 ὅσσοι
697 2035 967 2105 τέρπεσθε
999 2034 1239 2087 ἀεικέσιν
1268 2032 1591 2095 εἰδώλοισιν,

2046 2027 2319 2095 Quotquot
2338 2034 2392 2079 et
2418 2024 2576 2079 idolis
2610 2023 2850 2081 animum
2900 2021 3185 2076 oblectatis
3218 2020 3437 2089 iniquis,

371 2129 657 2184 11250550“
699 2126 935 2190 ὲξενέπω
967 2124 1075 2194 γὰρ
1103 2122 1244 2190 ἐγὼν
1276 2122 1550 2189 ἀπατήλια
1581 2116 1765 2170 τῶνδε.

2045 2118 2306 2187 Accipite,
2342 2118 2579 2184 ipsorum
2604 2113 2840 2169 referam
2864 2126 2999 2182 quas
3026 2113 3268 2168 carmine
3297 2111 3538 2166 fraudes.

373 2221 507 2274 Οὐδὲ
547 2220 676 2289 γὰρ,
706 2216 811 2270 οὐδ’
831 2215 1016 2285 ἕτερός
1044 2231 1126 2273 τις
1161 2215 1218 2265 ὲν
1248 2209 1616 2279 ἀνθρώποισιν
1651 2207 1804 2276 ἐμοῖο

2047 2210 2200 2264 Haud
2229 2209 2450 2275 etenim,
2479 2209 2620 2262 haud
2645 2207 2893 2262 homines
2919 2206 3059 2260 inter
3094 2206 3191 2260 fuit
3219 2205 3359 2259 alter
3391 2203 3540 2258 inani

375 2310 610 2365 Ἔπλετο
646 2307 1005 2378 δύσθρησκος,
1028 2304 1121 2356 καὶ
1152 2302 1399 2371 δαίμοσιν
1436 2298 1783 2367 ὡμάρτησεν,

1732 2313 1783 2359 ν.
2046 2300 2348 2370 Relligione
2376 2298 2547 2367 magis
2571 2306 2784 2366 captus,
2817 2297 2900 2351 vel
2933 2310 3066 2350 vana
3100 2304 3317 2351 secutus

372 2401 508 2456 Οῦτε
545 2400 602 2452 δὲ
636 2398 900 2468 μαψιδίων
929 2394 1159 2448 είδώλων
1185 2392 1343 2445 ἔσκεν
1369 2388 1589 2458 ὀπηδὸς,

2046 2389 2321 2445 Fietorum
2362 2387 2650 2443 simulacra
2678 2388 2861 2452 deum,
2889 2386 2976 2441 vel
3007 2386 3185 2453 qualis
3216 2386 3268 2439 in
3307 2385 3433 2448 illis,

371 2489 501 2547 063‘
524 2492 663 2560 ὅπερ
691 2488 796 2540 eici.
826 2485 1035 2555 μαθεῖν,
1057 2483 1167 2537 οὔτ’
1189 2478 1256 2536 αὖ
1290 2482 1449 2553 μένος
1478 2481 1625 2534 ἐστὶν
1656 2480 1902 2542 ἐκείνοις.

2044 2478 2363 2547 Quantaque
2393 2478 2495 2542 vis,
2526 2491 2655 2532 vero
2671 2477 2843 2546 potuit
2870 2476 3326 2543 comprehendere
3357 2488 3537 2529 sensu.

373 2575 541 2642 Οὗτος
579 2581 785 2640 ἐκεῖνος
813 2577 943 2644 ἔφυν
972 2573 1309 2643 Κυπριανὸς,
1331 2572 1389 2625 ὃν
1415 2587 1543 2624 ποτε
1571 2571 1768 2642 κοῦρον

2045 2569 2176 2623 Sum
2204 2569 2504 2639 Cyprianus
2522 2584 2642 2639 ego,
2671 2584 2831 2638 quem
2874 2583 3025 2637 pene
3055 2568 3108 2621 in
3141 2568 3358 2623 luminis
3380 2583 3541 2622 auras

381 2670 670 2741 Ἦμέτεροι
700 2669 886 2730 τοκέες
915 2667 1084 2735 δῶρον
1110 2665 1269 2717 δόσαν
1304 2662 1619 2717 Ἀπόλλωνι.

2042 2658 2310 2714 Emissum
2344 2657 2550 2713 Phoebo
2572 2660 2770 2713 donum
2793 2673 2989 2713 vovere
3018 2669 3294 2727 parentes.

373 2762 557 2815 Είσέτι
588 2758 848 2829 νηπίαχος
872 2758 928 2809 δέ
950 2756 998 2809 τ’
1019 2754 1123 2808 ἐὼν
1150 2753 1319 2824 μάθον
1346 2752 1505 2822 ὄργια
1533 2751 1698 2822 θηρὸς

2043 2751 2172 2806 Inde
2195 2751 2401 2821 puellus
2429 2750 2627 2818 adhuc,
2662 2752 2824 2806 didici
2852 2766 3010 2806 sacra
3046 2760 3183 2805 tetra
3215 2752 3470 2807 draconis

376 2853 710 2921 Νηδυπὸροιο
731 2850 1053 2922 δράκοντος’
1094 2846 1213 2910 ἔτος
1241 2847 1284 2898 δ’
1309 2847 1400 2898 ἐπὶ
1426 2845 1655 2913 ἕϐδομον
1693 2842 1865 2897 ἐλθὼν

2042 2841 2309 2914 Nedypori
2339 2859 2355 2896 :
2381 2851 2494 2895 tum
2536 2856 2641 2905 me,
2675 2841 2764 2895 vix
2794 2843 3023 2912 septima
3066 2843 3302 2896 vertitur
3322 2850 3501 2908 aestas,

373 2942 621 3014 Μιθραίῳ
640 2941 892 2994 Φαέθοντι
917 2940 1079 2993 πάλιν
1109 2937 1403 3008 μετέπειτα
1430 2935 1708 3004 τελέσθην,

1701 2976 1708 2997 ,
1971 2992 2013 3014 h
2045 2933 2289 2990 Mithram
2320 2949 2508 2989 rursus
2542 2933 2745 2988 Phoebo
2775 2943 2894 3004 post
2915 2933 3039 2987 talia
3072 2948 3286 2989 sacrum

374 2992 565 3101 ἓᾲέέέν
592 2992 855 3098 ὲινὲνέων
881 3030 937 3082 δέ
970 2992 1020 3081 έν
1054 2992 1352 3097 Ἀθηναίων
1386 3025 1541 3079 πόλιν
1574 2992 1760 3094 auita...

1693 2992 1760 3094 iv,
1962 2992 2014 3052 Β
2039 3026 2247 3082 Nobilis
2274 3028 2551 3096 excipiunt
2572 2992 2829 3080 sublimes
2853 3024 3085 3080 Palladis
3106 3038 3278 3090 arces,

366 3124 472 3176 Καὶ
505 3124 697 3192 ναέτης
724 3123 961 3192 γενόμην
989 3122 1067 3183 δὲ,
1104 3121 1223 3173 ἐπεὶ
1247 3121 1364 3173 τόδε
1393 3120 1575 3190 ἥνδαν’
1601 3118 1753 3187 ἐμεῖο

2040 3118 2258 3173 Civibus
2285 3128 2753 3187 annumerantque
2783 3117 2895 3171 suis
2925 3135 2940 3171 :
2976 3118 3044 3170 ita
3078 3130 3309 3185 namque
3331 3124 3602 3185 parentes,

366 3214 668 3283 Πατράσιν,
693 3214 749 3267 οἵ
770 3215 826 3284 μ’
854 3213 1069 3266 ἔτεκον·
1106 3213 1315 3283 δεκάτῳ
1347 3213 1391 3264 δ’
1416 3211 1608 3272 ἐπιϐὰς
1640 3209 1936 3263 λυκάϐαντι

1849 3226 1936 3263 ,ντι
2041 3208 2195 3264 Unde
2222 3220 2393 3275 satus,
2426 3209 2649 3263 voluere
2674 3209 2775 3263 mei
2810 3225 2823 3261 :
2857 3209 3151 3278 Cererique
3180 3208 3434 3263 decennis

365 3301 494 3370 Δηόῖ
518 3299 680 3369 δᾷδας
705 3300 904 3370 ἀνῆψα,
941 3301 1108 3371 κόρης
1134 3300 1178 3353 δ’
1201 3300 1461 3369 ἁργεννὺν
1489 3299 1733 3370 ὑπέστην

1706 3318 1733 3352 ν
2039 3299 2276 3355 Accendi
2304 3302 2497 3374 taedas,
2528 3309 2583 3357 et
2619 3301 2826 3355 luctum
2851 3302 3078 3369 virginis
3112 3301 3291 3355 album

363 3391 564 3452 Πένθος
584 3406 598 3419 '
638 3390 929 3461 Ἀθηναίης
958 3391 1003 3444 δ’
1023 3391 1144 3461 ἥτις
1171 3388 1323 3443 πολὺ
1356 3391 1504 3444 ἐστὶν
1532 3392 1588 3455 ἐς
1617 3390 1794 3462 ἄκρην

2041 3392 2285 3448 Sustinui
2314 3410 2327 3447 :
2355 3403 2518 3462 atque
2546 3394 2651 3447 alta
2681 3394 2967 3449 residentis
2993 3393 3047 3446 in
3076 3393 3208 3446 urbe
3246 3393 3424 3460 peregi

373 3481 530 3546 Ῥέξα
552 3482 929 3554 δρακοντείους
954 3482 1174 3545 τελετάς
1192 3496 1205 3509 ·
1244 3482 1477 3553 ξάκορος
1502 3482 1559 3536 δὲ
1587 3482 1860 3545 τελεσθεὶς

1782 3484 1860 3545 εὶς
2038 3480 2273 3537 Palladis
2305 3483 2603 3553 anguineos
2622 3484 2761 3537 ritus
2788 3500 2802 3535 :
2828 3492 2884 3536 et
2917 3495 3111 3535 niunus
3134 3481 3360 3549 adeptus

362 3567 563 3626 Ἦλθον
597 3576 655 3637 ἐς
683 3572 993 3643 Οὐλύμποιο
1021 3574 1206 3637 νάπος,
1232 3574 1358 3640 τόγε
1385 3573 1447 3643 δὴ
1476 3573 1758 3628 καλέουσιν

1717 3592 1758 3628 ιν
2035 3573 2262 3638 ιΕιΙίιυί,
2292 3588 2460 3628 vanos
2489 3574 2774 3643 perhibent
2804 3573 2893 3628 ubi
2926 3574 3125 3640 degere
3151 3571 3302 3625 divos

375 3663 641 3730 Ἀγνῶτες
668 3664 932 3732 μακάρων
966 3662 1252 3733 ἀμενηνῶν
1279 3659 1416 3715 εἶναι
1451 3661 1679 3715 ἔδεθλον.

2036 3663 2238 3732 Ignora:
2271 3677 2477 3733 gentes,
2500 3665 2783 3718 conscendi
2816 3665 3025 3719 culmen
3051 3663 3285 3733 Olympi.

367 3755 533 3808 Ἔνθα
563 3756 724 3808 τινῶν
753 3756 931 3808 ὲπέων
959 3751 1112 3825 ἦχον,
1144 3755 1237 3807 καὶ
1267 3754 1464 3807 δοῦπον
1490 3754 1685 3808 ἄκουον
1706 3770 1720 3784 ⁸

2036 3752 2333 3809 Verborum
2366 3755 2452 3808 hic
2484 3754 2695 3808 sonitus
2718 3756 2985 3818 audivi,et
3013 3769 3291 3808 murmura
3323 3754 3600 3821 quasdam;

360 3845 541 3898 Λεῦσα
571 3847 709 3908 πόας
738 3846 1011 3916 πρέμνους
1040 3863 1121 3907 τε,
1155 3846 1279 3898 ὅσον
1306 3845 1581 3912 θαμὸῆσαι
1612 3845 1858 3914 ὀπωπὴν,

2032 3846 2398 3913 Graminaque
2428 3855 2772 3912 truncaeque,
2805 3847 2977 3899 oculis
3003 3847 3137 3898 mira
3162 3847 3363 3909 omnia,
3392 3847 3522 3910 vidi,

365 3934 576 4004 ’Δσπερ
612 3936 946 3988 ὲπεσκόπεόν
978 3953 1041 4004 γε
1078 3936 1256 4004 μάτην
1281 3933 1670 4002 κακοδαίμονες
1697 3933 1855 3987 αίνοί.

2033 3934 2310 3987 Daemones
2350 3933 2618 3986 incassum
2647 3948 2765 4001 quas
2797 3942 3012 3985 servant
3040 3932 3220 3985 omnia
3250 3943 3459 3999 turpes.

364 4024 509 4076 Ἔνθ’
530 4025 679 4095 ὥρας
708 4026 942 4090 κατίδον,
971 4027 1063 4079 καὶ
1090 4025 1486 4093 ἀμειϐομένους
1511 4024 1567 4075 δέ
1603 4025 1652 4075 τ’
1674 4025 1865 4091 ἀήτας,

1828 4041 1865 4086 :,
2032 4024 2129 4076 llic
2166 4026 2347 4083 horas,
2381 4032 2675 4090 ventosque
2714 4023 2812 4075 sibi
2847 4022 3037 4074 ordine
3063 4021 3413 4075 succedentes

358 4112 543 4177 Δῦτως
571 4114 615 4167 δ’
642 4115 827 4186 ἤματα
856 4115 1045 4180 πολλὰ,
1074 4115 1251 4183 τόπερ
1276 4113 1419 4174 τινὲς
1449 4112 1599 4181 ἔρδον
1634 4113 1843 4181 ἀνιγροὶ

1823 4113 1843 4164 ὶ
2029 4114 2266 4182 Inspexi,
2298 4114 2585 4181 variosque
2619 4112 2755 4175 dies,
2783 4113 2933 4180 queis
2966 4126 3157 4178 nempe
3191 4110 3408 4179 maligni

357 4205 661 4277 Φαντασὶην
683 4207 964 4277 τεύχοντες
992 4206 1228 4275 ἀπηνέες
1255 4204 1646 4273 ἀντιπάλαμνοι
1666 4221 1680 4235 ο

2028 4208 2402 4273 lmmauesque
2429 4204 2611 4258 hostes
2643 4202 2774 4256 falsa
2808 4205 2908 4257 sub
2936 4203 3168 4272 imagine
3201 4210 3434 4256 mentem

357 4295 466 4347 Καὶ
491 4297 650 4366 χορὸν
678 4299 955 4367 είσιδόμην
987 4297 1107 4366 μέγ’
1126 4297 1347 4350 ἀναιδέα
1380 4295 1729 4365 μελπομένων
1755 4311 1839 4361 γε,

1956 4353 1992 4367 η
2028 4294 2349 4348 Ludiﬁcant.
2382 4295 2593 4349 Cretum
2636 4296 2723 4349 hic
2760 4295 2955 4348 lasciva
2987 4308 3115 4347 voce
3144 4303 3453 4359 canentum,

360 4353 584 4449 Ἀλλὲυς
615 4390 659 4441 δ’
680 4386 796 4443 αὖτ’
819 4353 874 4453 ἐς
899 4353 1081 4458 δμιιλον
1107 4392 1272 4459 ἀρήϊα
1303 4353 1440 4458 ἔρεξα
1475 4353 1781 4448 τελεῦντας,
1826 4353 1835 4358 1

1621 4387 1781 4448 ὂντας,
1953 4353 1993 4406 C
2029 4387 2422 4454 Miscentesquc
2451 4387 2584 4441 alios
2608 4387 2749 4441 inter
2778 4401 2835 4441 se
2861 4386 3047 4455 prmlia
3076 4382 3206 4449 vidi,

362 4481 568 4534 Ἀλλων
596 4482 641 4535 δ’
664 4478 793 4534 αὖτε
823 4481 1030 4549 λόχους,
1052 4481 1147 4532 καὶ
1178 4479 1421 4547 κέρτομα
1448 4477 1581 4546 ῆθεα
1608 4471 1766 4535 εῐδον,

2029 4480 2237 4548 Quique
2272 4479 2409 4533 dolis
2439 4480 2694 4548 gaudent,
2720 4480 2921 4549 quique
2945 4478 2994 4531 in
3022 4476 3265 4532 convicia
3310 4478 3486 4546 proni,

369 4570 489 4624 Ἦδέ
528 4589 585 4624 τε
611 4572 971 4640 ἀτυζομένους
995 4587 1007 4600 ’
1040 4570 1147 4622 ἔνθ’
1172 4569 1396 4638 ἔδρακον
1430 4570 1562 4620 ὄσσα
1590 4566 1763 4619 θεάων

2029 4572 2238 4636 Quique
2269 4581 2443 4623 metus
2474 4570 2701 4624 miscent
2735 4589 2748 4622 :
2785 4570 2868 4622 hic
2895 4581 2945 4623 et
2971 4582 3320 4636 quascunque
3368 4568 3588 4622 dearum

355 4662 463 4714 Kal.
500 4663 763 4732 μακάρων
794 4662 955 4730 στίφη
976 4678 988 4691 '
1019 4660 1185 4714 αὑτοῦ
1213 4661 1322 4727 γὰρ
1348 4659 1574 4728 ἔμιμνον
1599 4658 1772 4725 ἔγωγε

2026 4659 2247 4726 Aspexi,
2281 4660 2570 4729 divumque
2604 4661 2789 4713 acies:
2832 4660 2901 4713 ibi
2930 4674 3160 4727 namque
3192 4670 3450 4721 moratus,

356 4754 581 4822 Ἤματα
607 4755 1033 4824 τεσσαράκοντα,
1063 4752 1155 4805 καὶ
1187 4752 1298 4803 ἄλλ’
1323 4752 1415 4803 ἐπὶ
1437 4754 1576 4802 τοῖσι
1603 4751 1657 4802 δέ
1687 4752 1732 4802 τ’
1756 4748 1916 4802 ὀκτώ.

1804 4748 1916 4802 ιτὼ.
2029 4749 2160 4801 Dum
2193 4750 2404 4803 bissena
2437 4761 2626 4817 quater
2653 4751 2844 4806 Phtebi
2879 4753 2966 4805 lux
2990 4753 3121 4806 orbe
3155 4749 3389 4804 refulsit.

358 4844 546 4897 Ἔνθεν
570 4845 632 4912 δὴ
669 4845 972 4896 στέλλονται
1003 4843 1086 4896 ἆτ’
1124 4846 1186 4894 ἐκ
1221 4842 1501 4911 κρατερῶν
1542 4840 1824 4908 βασιλείων

2031 4842 2163 4895 lline
2190 4842 2331 4894 velut.
2361 4858 2388 4895 e
2418 4844 2643 4910 quadam
2675 4844 2959 4896 mittuntur
2990 4843 3136 4909 regia
3161 4842 3213 4895 in
3252 4840 3442 4899 orbein

353 4931 644 5002 Πνεύματα
675 4938 964 5004 ἡερόφοιτα
995 4934 1117 4985 ποτὶ
1143 4933 1305 5003 χθόνα
1336 4932 1490 4983 ἔθνεα
1517 4930 1693 4983 πάντα

2029 4932 2324 4999 Spirituum
2357 4933 2516 4985 aeria:
2550 4941 2763 4995 turmae,
2791 4943 2846 4985 ut
2875 4932 3188 4985 mortalibus
3226 4933 3381 5000 aegris

448 5025 458 5034 ⁸
1650 5021 1803 5075 Vers.
1849 5021 1918 5072 37

423 5177 500 5245 (l)
539 5177 596 5229 In
645 5178 801 5241 hujus
847 5177 1068 5231 secundi
1128 5176 1269 5229 Libri
1309 5177 1553 5229 versione
1607 5175 1911 5227 adornanda
2021 5173 2214 5229 Poema
2249 5177 2560 5241 conficeret,
2587 5180 2856 5230 censenda
2890 5181 2990 5231 sit:
3028 5178 3098 5230 ita
3130 5187 3418 5245 utrumque
3447 5177 3595 5239 Opus

350 5244 420 5296 ita
482 5244 577 5298 nos
633 5249 921 5314 gessimus',
959 5256 1015 5297 ut
1060 5246 1342 5298 lectionem
1394 5246 1592 5297 codicis
1626 5245 1814 5301 ser-uti.
1848 5249 1914 5297 ab
2022 5246 2316 5297 conlerenti
2346 5252 2635 5300 rtmvenile
2661 5250 2796 5298 inter
2820 5265 2875 5297 se
2907 5248 3306 5313 ninnia,paueis
3329 5244 3591 5312 exceptis,

348 5329 409 5364 ea
444 5331 676 5381 quoque.
711 5319 885 5383 quoad
938 5316 1050 5368 fieri
1109 5317 1299 5382 potuit,
1339 5330 1440 5364 non
1486 5315 1912 5373 discesserimns,
2023 5317 2288 5366 videntur.
2324 5315 2394 5367 Ex
2429 5319 2527 5369 hac
2562 5318 2722 5380 igitur
2757 5317 3108 5369 Confessione
3138 5317 3402 5367 nonmtlla
3430 5314 3593 5366 inter-

348 5398 523 5453 quanr
552 5385 768 5437 exhinet
807 5386 863 5438 S.
898 5384 1147 5453 Cypriani
1195 5384 1474 5437 Ciml'essio
1519 5383 1917 5437 Graece-Latine
2025 5384 2147 5434 dum
2201 5384 2311 5435 lora
2361 5385 2654 5446 all'erimus,
2700 5398 2754 5436 ut
2805 5384 3307 5449 inlm'pretntionem
3356 5393 3591 5436 uestram

348 5452 488 5522 edita
514 5452 565 5504 in
601 5452 706 5505 line
736 5453 852 5519 ejus
876 5452 1107 5522 Operum
1155 5456 1283 5505 edit.
1331 5453 1501 5505 Paris.
1535 5458 1596 5505 Α.
1625 5467 1914 5514 loccxxu,
2025 5453 2376 5518 (piorumdam
2411 5470 2682 5511 versuum,
2726 5455 2834 5522 qui
2872 5453 3033 5505 alium
3088 5456 3316 5522 fortasse
3373 5466 3589 5506 sensum

348 5519 440 5573 fol.
468 5537 588 5589 pag.
627 5521 758 5584 295,
800 5519 1071 5590 ειμιξμμψ
1107 5522 1184 5573 vel
1215 5522 1404 5585 ipsam,
1434 5522 1513 5573 vel
1568 5522 1613 5572 ei
1647 5537 1804 5588 quam
1839 5523 1916 5573 si-
2029 5522 2281 5587 prtel'erre
2330 5524 2500 5590 prima
2554 5524 2728 5577 fi'onte
2781 5521 3083 5588 videantur,
3140 5521 3369 5590 probare
3414 5535 3591 5589 pose:-

351 5590 633 5645 millimam
692 5607 800 5658 pra:
860 5591 1104 5646 inanibus
1166 5592 1410 5644 habuisse
1471 5591 1732 5654 Emlucia,
1794 5592 1917 5642 dum
2028 5607 2164 5641 inus.
