4014 6140
428 414 533 480 851

1705 413 2053 474 EUDOCLE
2092 413 2462 473 AUGL'sm
2530 370 2553 381 ’

3591 406 3691 470 852

427 528 636 581 Rursus
683 538 868 595 opum,
900 524 986 577 illa
1018 524 1236 593 quidem
1266 525 1444 589 furax,
1465 525 1593 577 mihi
1621 526 1731 578 visa
1759 524 2003 593 Cupido:

2128 523 2309 575 ὐλϐου
2344 523 2388 575 δ’
2422 516 2490 575 αὖ
2524 521 2791 592 Φιλότητα
2824 520 2966 590 ἐγὼν
2996 521 3104 574 ἴδον
3232 520 3503 591 ἁρπαλέον
3541 520 3656 589 μὲν,

426 619 638 687 Corpus
665 624 882 671 acutum
903 613 1107 677 habuit,
1137 613 1332 668 falcem
1363 624 1611 682 spectare
1645 626 1866 683 putares
1904 634 1916 668 :

427 706 832 772 Claudebatque
861 703 1049 757 ceitlos
1082 703 1465 774 languentibus
1487 720 1657 773 usque
1683 709 1923 775 pupillis.

429 796 529 850 Hic
553 795 680 849 mihi
704 794 1007 849 Mercatura
1041 794 1203 848 etiam
1244 795 1496 863 vilisque,
1531 797 1803 865 celerque,

431 888 701 953 Spemque
716 899 929 938 onmem
949 893 1169 953 gestans
1187 886 1327 949 auri,
1352 902 1447 937 ceu
1476 887 1706 953 pondus,
1727 889 1779 942 in
1799 892 1967 942 armis
1989 908 2003 944 :

424 982 508 1034 Ac
544 978 764 1039 Levitas
792 978 905 1033 visa
930 988 1035 1041 est,
1065 979 1178 1032 miti
1203 994 1324 1047 qua:
1360 979 1586 1045 praedita
1613 994 1817 1044 mente.

425 1070 607 1125 Carne
637 1071 854 1138 quidem
883 1072 1128 1141 pinguis,
1161 1086 1354 1124 verum
1403 1083 1559 1125 caret
1601 1074 1816 1128 ossibus
1842 1076 2002 1131 albis.

426 1161 560 1216 Novi
588 1163 849 1216 idolorum
878 1162 1105 1224 cultum,
1135 1163 1363 1217 sublime
1399 1164 1691 1227 volantem,

426 1253 562 1307 Nam
594 1255 751 1309 binas
772 1256 935 1324 capiti
981 1254 1182 1309 densas
1212 1255 1583 1323 superaddidit
1613 1256 1767 1319 alas;

428 1345 640 1416 Quique
665 1347 945 1401 videbatur
973 1347 1173 1416 pennis
1206 1346 1481 1401 involvere
1506 1356 1761 1412 cunctos,

428 1434 586 1489 Nulla
613 1436 724 1490 suis
754 1445 964 1505 poterat
991 1447 1169 1489 tamen
1214 1435 1415 1491 addere
1449 1437 1683 1505 tegmina
1728 1438 2004 1493 membris.

430 1525 565 1582 Novi
608 1537 661 1581 et
697 1526 1051 1599 Hypocriseos
1090 1527 1448 1595 variumque,
1488 1542 1817 1597 gravemque
1855 1531 2014 1582 timo-

968 1617 979 1623 ’
1773 1619 1934 1691 [rem,

435 1709 566 1775 Quae
596 1720 703 1763 tota
732 1710 915 1773 exilis,
948 1710 1245 1776 spatiosum
1282 1719 1472 1778 peetus
1512 1709 1771 1770 habebat.

429 1801 580 1867 Quod
610 1814 787 1855 tamen
810 1801 1026 1856 occulte
1065 1802 1284 1854 morbus
1314 1802 1540 1856 vitiabat
1572 1803 1814 1870 iniquus,

432 1892 502 1946 Ut
536 1907 656 1962 quae
686 1902 1026 1947 evanescunt
1057 1902 1223 1947 vento
1254 1892 1483 1960 disiecta
1511 1908 1606 1962 per
1633 1908 1820 1949 auras.

429 1986 529 2041 llic
552 2001 770 2055 quoque
811 1987 932 2039 visa
972 1986 1157 2039 virens
1187 1986 1367 2051 annis,
1404 1994 1462 2039 et
1495 1985 1710 2054 duplice
1749 1995 2005 2039 constans

428 2078 796 2146 Femineoque
829 2078 1075 2146 marique
1104 2077 1263 2132 simul
1293 2077 1572 2132 Dementia
1605 2092 1761 2142 sexu,

426 2168 602 2236 Nuda,
640 2170 845 2239 pudore
899 2184 1115 2234 carens,
1150 2177 1312 2239 atque
1337 2170 1515 2231 omnis
1548 2170 1759 2223 roboris
1787 2184 2006 2240 expers.

427 2261 702 2315 Audacem
730 2260 861 2326 vidi,
890 2261 975 2315 cui
1012 2260 1186 2314 forma
1225 2261 1555 2325 miserrima.
1593 2262 1806 2329 longam

428 2350 674 2422 Namque
706 2353 891 2418 habet,
930 2361 988 2408 et
1046 2352 1255 2421 reliquo
1309 2352 1573 2422 majorem
1624 2368 1855 2422 corpore
1903 2352 2008 2406 liu-

1725 2442 1930 2515 [gnatm

433 2528 669 2583 Stultum
705 2531 869 2585 etiam
897 2531 1040 2595 vidi,
1081 2530 1277 2599 capitis
1307 2533 1392 2586 cui
1438 2533 1603 2586 multa
1646 2534 1901 2601 gravedo,

429 2619 787 2691 Mollitiesque
828 2624 1038 2689 animi,
1089 2624 1164 2677 nil
1203 2624 1479 2678 occultare
1529 2624 1778 2679 valentis.

432 2713 729 2783 Spiritnum
770 2724 855 2770 ast
893 2715 1057 2769 alium
1089 2715 1250 2770 didici
1293 2724 1421 2770 tunc
1452 2715 1567 2784 ipse
1593 2714 1835 2768 laborem
1867 2731 1880 2768 :

433 2805 549 2872 Qua
583 2806 753 2862 forma
789 2808 1001 2874 induti,
1050 2808 1269 2871 tristes,
1296 2817 1351 2859 et
1376 2806 1569 2859 damna
1599 2804 1835 2858 ferentes

431 2895 782 2951 Circumeunt
814 2906 980 2953 totum
1012 2898 1137 2954 saevi
1171 2898 1574 2953 cacodaemones
1604 2897 1791 2950 orbem
1821 2917 1834 2952 :

435 2981 639 3039 Omnes
675 2993 971 3039 tercentum
1005 3025 1019 3047 ,
1056 2986 1277 3040 sexdeni
1309 2994 1357 3039 et
1387 2986 1624 3053 quinque
1654 2984 1804 3039 fuere

436 3072 716 3127 Daemones
744 3070 938 3128 affectu
969 3073 1135 3129 fortes
1159 3115 1175 3138 ,
1212 3075 1414 3129 virtute
1451 3082 1715 3144 potentes.

435 3162 537 3218 llic
577 3164 744 3227 novi,
784 3178 947 3233 quam
982 3164 1054 3218 sit
1099 3166 1268 3235 turpis
1294 3205 1308 3229 ,
1348 3166 1719 3236 probrosaque
1746 3167 1940 3225 virtus.

434 3252 654 3309 Justitia
685 3263 848 3322 atque
878 3254 1044 3310 decus
1064 3294 1079 3318 ,
1120 3271 1218 3309 nec
1250 3271 1356 3309 non
1393 3256 1656 3325 sapientia
1688 3271 1823 3309 vana
1856 3273 1871 3319 ;

437 3341 605 3409 Queis
655 3343 903 3399 homines
957 3343 1151 3398 fallunt
1190 3343 1502 3399 Graecorum
1558 3346 1849 3413 dogmate:
1896 3360 2017 3398 nam

1768 3435 1913 3506 [quis

435 3520 578 3577 Vera
619 3522 773 3592 fugit,
807 3522 920 3578 sola
951 3534 1238 3579 contentus
1268 3526 1505 3594 imagine
1536 3544 1739 3582 rerum.

437 3612 632 3667 Omnia
666 3613 745 3665 sic
771 3612 976 3667 umbra:
1005 3613 1287 3682 cinerique
1324 3626 1609 3683 a'quantur
1644 3616 1826 3676 inani;

437 3702 632 3758 Omnia
688 3718 920 3773 namque
972 3705 1088 3763 istis
1134 3715 1423 3774 patrantur
1475 3707 1702 3763 crimina
1754 3705 1914 3760 rebus

437 3796 725 3851 Multorum
766 3797 820 3851 in
873 3780 1137 3854 fraudem,
1191 3798 1296 3855 Sed
1345 3814 1449 3854 non
1495 3798 1620 3853 licet
1652 3800 1831 3853 omnia
1860 3797 2022 3865 longo

437 3889 691 3945 Carmine
706 3889 1037 3959 icomplecti.
1074 3891 1149 3945 De
1182 3890 1364 3945 multis
1395 3906 1564 3961 pauca
1600 3905 1913 3951 recensens,

438 3981 603 4053 Impia
644 3997 738 4037 vos
780 3998 971 4037 omnes
1019 3983 1174 4037 docui
1217 3998 1333 4041 mea
1365 3983 1613 4038 crimina.
1650 3984 1717 4045 At
1750 3981 1882 4051 illud

438 4073 616 4129 Fabor
645 4075 835 4128 adhuc.
875 4073 980 4127 Ter
1007 4072 1143 4127 dena
1175 4075 1349 4128 virum
1381 4089 1467 4129 me
1498 4074 1692 4131 fecerat
1726 4084 1912 4137 mstas,

438 4165 644 4219 Littera
693 4181 813 4221 cum
863 4166 1114 4235 linquens
1150 4166 1320 4238 nigris
1364 4167 1607 4237 habitata
1652 4166 1880 4229 colonis,

438 4257 747 4312 Chaldaam
801 4258 925 4312 veni
960 4299 975 4321 ,
1006 4257 1278 4313 clarorum
1331 4258 1499 4326 stirpe
1537 4257 1777 4313 virorum

440 4347 706 4418 Insignem
724 4349 1017 4418 quondam,
1034 4356 1093 4401 ut
1108 4363 1323 4403 cursum
1338 4350 1534 4404 scirem
1554 4347 1772 4405 mtheris
1785 4362 2020 4412 omnem,

442 4436 612 4502 Quem
650 4453 780 4507 gens
818 4438 907 4492 illa
955 4438 1174 4508 quidem
1223 4438 1525 4493 consistere
1569 4437 1620 4491 in
1658 4437 1778 4507 igne
1802 4435 2022 4501 fatetur,

442 4531 512 4583 At
540 4544 624 4584 res
651 4530 740 4598 qui
773 4530 961 4583 melius
994 4539 1267 4594 noscunt,
1304 4528 1357 4582 in
1395 4528 1517 4584 luce
1550 4537 1840 4599 reponunt.

444 4619 571 4673 Inde
614 4635 714 4691 ego
747 4630 953 4675 natura:
985 4631 1255 4674 astrorum
1286 4620 1600 4675 discrimina
1648 4620 1770 4673 novi

443 4710 550 4779 (Ut
581 4714 672 4781 qui
713 4727 744 4768 e
791 4712 1045 4768 folliculis
1083 4713 1374 4783 decerpere
1415 4713 1625 4767 noverit
1668 4710 1902 4781 herbas)

445 4803 806 4872 Sidereasque
838 4804 985 4859 acies
1010 4842 1026 4868 ,
1082 4804 1203 4860 belli
1257 4804 1546 4859 simulacra
1598 4813 1892 4874 gerentes;

444 4895 577 4960 Quae
615 4896 873 4965 cujusque
907 4897 1098 4950 domus
1127 4933 1143 4959 ,
1176 4910 1296 4965 quae
1342 4897 1413 4950 sit
1447 4896 1697 4965 cognatio
1726 4935 1741 4959 ,
1775 4892 2026 4964 Quodque

444 4984 645 5043 Foedus
675 4987 925 5041 amicitiae
951 5024 967 5047 .
996 4986 1213 5056 quinam
1246 4996 1510 5057 potusque
1535 4987 1813 5057 cihnsque.

445 5077 513 5133 Et
552 5078 842 5135 rationales
877 5077 1052 5132 coitus
1096 5076 1149 5133 in
1182 5076 1298 5130 luce
1340 5077 1564 5147 peracti.

519 5333 598 5405 (6)
636 5333 761 5391 "ac
784 5333 1087 5421 descriptio
1126 5329 1386 5421 TristIitia‘
1420 5329 1749 5421 adscribitur
1776 5329 1879 5421 lo‘c.
1916 5328 2017 5410 cit.

448 5398 671 5478 Legitur
711 5404 855 5478 enim
884 5398 1088 5478 :_e'€8oc;
1118 5399 1457 5478 γριπότητος.
1480 5400 1573 5463 ὀξὺ
1624 5398 1748 5478 ρλον
1782 5398 1843 5478 ab
1872 5398 2035 5478 σῶμα

451 5468 573 5543 ἕχον
603 5476 745 5528 κατὰ
774 5475 873 5543 τὴν
910 5468 1237 5543 ἆρπην,-καὶ
1270 5468 1367 5543 τὰς
1396 5468 1695 5543 κόρραςὲτῶν
1726 5468 2026 5543 ἀφθαλμῶν

454 5538 577 5613 ἔχον
611 5538 974 5606 συνδυνόύσας
1000 5538 1079 5603 εἰς
1111 5539 1351 5613 ἔκλειψιν
1370 5555 1389 5613 _'
1428 5540 1664 5613 Speciem
1682 5538 1920 5613 tristitia:
1947 5547 2029 5613 to-

456 5605 564 5664 tum
598 5629 785 5676 corpus
818 5605 1028 5664 acutum
1062 5605 1332 5663 habentem
1363 5605 1535 5661 instar
1567 5608 1718 5673 falcis
1739 5650 1751 5668 .
1782 5618 1827 5660 et
1857 5605 2028 5672 pupil-

454 5682 537 5733 las
568 5682 838 5734 oculorum
872 5682 1278 5740 succumbenles,
1305 5679 1379 5731 ita
1404 5687 1458 5730 ut
1488 5679 1704 5745 deﬁcere
1731 5679 2025 5745 videantur.

456 5750 513 5801 lu
548 5751 690 5801 uotis
731 5764 857 5802 vero
898 5750 1206 5813 sub,-icitur.
1241 5764 1337 5814 pro
1375 5744 1717 5817 γριπόπητος
1746 5744 2027 5813 legendum

459 5817 632 5872 videri
666 5818 1034 5885 γρυπότητος,
1067 5818 1147 5871 vel
1172 5818 1564 5887 γρυπνότητος.

2107 616 2218 667 Καὶ
2245 614 2415 682 δέμας
2445 613 2570 678 ὀξὺν
2594 614 2717 684 ἔχεν
2753 614 2944 683 (φαίης
2972 613 3251 685 δρεπάνην
3282 612 3621 683 καθορᾶσθαι
3646 616 3682 681 ),

2110 704 2216 754 Καὶ
2242 703 2438 770 γλῆναι
2468 703 2753 773 βλεφάρων
2784 705 2894 756 αἰεὶ
2922 703 3185 773 λήγουσαι
3211 702 3402 773 ἔησαν.

2121 795 2423 865 Ἑμπορίην
2442 795 2499 847 δέ
2513 794 2561 847 Θ’
2579 793 2727 865 ὁμῶς
2750 796 2967 848 κατίδον
2992 795 3298 865 χθαμαλὴν,
3321 793 3457 864 ταχύ
3466 794 3680 865 ρεμϐον,

2111 887 2309 939 Ὄλϐου
2340 886 2384 939 δ’
2414 886 2607 940 ἐλπίδα
2638 888 2816 941 πᾶσαν
2856 887 3167 955 ὲπωμάδιον
3199 886 3331 956 φέρε
3362 888 3579 956 φόρτον.

2120 978 2424 1047 Ἦλεμάτου
2458 979 2670 1050 μορφὴν
2700 979 2743 1032 δ’
2775 980 2967 1032 ὲσίδον·
2999 979 3201 1045 ἀγαθὸν
3230 979 3277 1031 δ’
3306 979 3394 1048 ἔχε
3424 979 3613 1047 θυμὸν,

2108 1070 2298 1139 Σάρκα
2322 1087 2381 1121 τε
2406 1069 2657 1138 πιαλέην,
2689 1068 2836 1121 λεύκ’
2861 1069 3022 1120 ὀστέα
3052 1069 3091 1120 δ’
3118 1069 3218 1119 οὐκ
3250 1068 3377 1120 ἔσαν
3412 1069 3577 1137 αὐτῷ.

2109 1157 2357 1211 Εἱδὼλων
2381 1158 2425 1211 δ’
2458 1158 2655 1227 ἐνόησα
2691 1158 2947 1229 λατρείην
2981 1158 3333 1227 ὑψιπότητον,

2121 1251 2209 1301 Ἐν
2236 1252 2447 1319 κορυφῇ
2469 1249 2513 1303 δ’
2547 1248 2853 1319 ἐφύπερθεν
2884 1249 2974 1320 ἔχε
3010 1250 3287 1320 πτέρυγας
3316 1247 3407 1300 δύο
3436 1248 3655 1308 πυκνάς

2116 1341 2186 1393 Ἦ
2216 1340 2399 1392 δόκεεν
2423 1340 2632 1403 πάντας
2658 1341 2758 1409 μὲν
2788 1342 3169 1400 ὲπισκεπάειν,
3206 1341 3347 1409 ἀτὰρ
3373 1340 3490 1391 οὔτι

2110 1431 2243 1483 Οὐδὲ
2269 1432 2372 1483 ἐῶν
2405 1431 2613 1500 μελέων
2642 1432 2849 1495 σκέπας
2878 1431 3059 1483 ἔσθενε
3094 1431 3442 1500 ποιήσασθαι.

2115 1521 2261 1575 Ἔνθ’
2292 1522 2399 1575 ίδον
2432 1523 2865 1595 ἀλλοπρόσαλλον
2904 1523 3274 1593 ’Υποκρίσεως
3303 1522 3441 1593 βαρῦ
3465 1521 3655 1591 δεῖμα,

2112 1710 2420 1763 Λεπταλέον
2458 1710 2556 1781 μὲν
2590 1710 2732 1773 ὅλον,
2762 1710 2960 1781 στέρνα
2985 1710 3031 1761 δ’
3058 1708 3180 1779 ἔχεν
3219 1706 3494 1775 εὐρώεντα
3516 1744 3532 1769 ,

2036 1879 2082 1938 Β
2113 1844 2371 1916 Κρύϐδην
2398 1845 2718 1914 τηκόμενον,
2743 1844 3138 1915 ἀνεμόφθορον,
3169 1839 3290 1896 εὖτε
3314 1840 3515 1904 δαῖζον.

2126 1982 2249 2035 Ἡδὲ
2284 1979 2725 2052 Πάραφροσύνης
2757 1980 2971 2052 μορφὴν
2999 1976 3155 2033 εἴδονο
3184 1979 3278 2031 δύο
3303 1978 3347 2029 δ’
3380 1977 3517 2047 αὐτῇ

2113 2068 2293 2125 Ἦσαν
2317 2073 2455 2143 όμοῦ
2487 2072 2679 2140 φύσιες
2704 2114 2718 2136 ,
2757 2071 2952 2141 ἀνδρὸς
2981 2070 3101 2122 νέου
3123 2110 3136 2129 ,
3174 2068 3269 2138 ἡδὲ
3307 2065 3566 2135 γυναικὸς
3584 2101 3603 2129 ,

2114 2162 2346 2231 Γυμνὸν,
2382 2161 2660 2226 ἀναιδείης
2689 2161 2840 2223 ἐντὸς
2859 2200 2873 2223 ,
2901 2159 3075 2228 ἀλκῆς
3113 2160 3160 2210 τ’
3190 2143 3489 2210 ἀπάνευθεξ

2114 2252 2223 2305 Καὶ
2251 2250 2497 2323 προπετῆ
2527 2251 2701 2303 ἐσίδον
2727 2249 3076 2318 δυσδαίμονα,
3100 2248 3157 2309 ὃς
3184 2247 3391 2316 ταναήν
3420 2262 3482 2313 γε

2113 2343 2371 2397 Γλῶσσαν
2400 2341 2523 2412 ἕχεν
2553 2342 2771 2395 πάντων
2805 2341 3013 2411 μελέων
3211 2338 3436 2409 μείζονα
3461 2338 3660 2407 πάγχυ.

2114 2522 2340 2594 Μάργον
2367 2521 2410 2574 δ’
2438 2517 2556 2575 αὖτ’
2587 2520 2781 2584 ἐσίδον,
2808 2518 3049 2589 κεφαλὴν
3077 2520 3121 2572 δ’
3147 2518 3269 2589 ἔχεν
3302 2517 3391 2572 ίσα
3415 2517 3617 2588 κάροιο.

2115 2613 2306 2683 Ψυχὴν
2335 2609 2691 2681 χαυνοτάτην,
2720 2608 2860 2662 ἒκπυ
2871 2625 2968 2662 στα
2996 2608 3051 2660 δὲ
3080 2608 3255 2661 πάντα
3282 2606 3536 2661 τελεῦσαν
3562 2604 3661 2677 (7).

2116 2705 2339 2758 Πάντων
2370 2704 2417 2756 δ’
2448 2697 2514 2757 αὖ
2548 2701 2800 2772 χαλεπῶν
2826 2700 2968 2754 κεῖθι
3004 2699 3216 2771 πράγος
3245 2700 3552 2768 εἰσενόησα,

2117 2791 2269 2859 Εἶδος
2296 2796 2432 2866 ὅπερ
2466 2793 2752 2864 φορέοντες
2779 2793 3037 2847 ἀεικέλιοι
3069 2791 3209 2847 κατὰ
3230 2791 3431 2861 κόσμον

2116 2889 2363 2942 Νείσοντ’
2399 2889 2680 2958 ούλόμενοι
2708 2887 3097 2957 κακοδαίμονες
3125 2886 3512 2957 αἰνοπέλωροι,

2121 2979 2287 3032 Πέντε
2312 2980 2409 3033 καὶ
2438 2979 2724 3048 ἐξήκοντα,
2758 2980 2853 3033 καὶ
2884 2978 3035 3032 ἄλλοι
3064 2980 3213 3047 τρεῖς
3248 2979 3444 3031 ἑκατόν
3476 2994 3540 3046 γε

2119 3070 2383 3139 Δαίμονες
2404 3070 2688 3140 ἀργαλέων
2719 3069 2956 3131 παθέων,
2983 3069 3037 3122 οἵ
3080 3086 3177 3121 κεν
3218 3068 3564 3138 κρατέουσιν.

2120 3163 2232 3215 Καὶ
2262 3162 2598 3233 κενοδοξίης,
2628 3163 2829 3233 ἀρετῆς
2858 3163 2902 3215 δ’
2942 3162 3130 3232 ἰδόμην
3159 3161 3279 3230 μέγ’
3302 3161 3502 3224 ὄνειδος
3520 3200 3536 3223 ,

2043 3237 2085 3294 C
2121 3255 2309 3318 Αὖτως
2338 3255 2383 3309 δ’
2411 3251 2478 3308 αὖ
2507 3256 2699 3325 σοφίης
2726 3271 2785 3307 τε
2803 3295 2817 3319 ,
2845 3253 3193 3322 δικαιοσύνης
3219 3270 3278 3304 τε
3312 3252 3547 3323 ματαίης
3580 3250 3673 3318 (8),

2126 3345 2316 3399 Ἔνθεν
2348 3345 2437 3417 ἄρ’
2487 3346 2754 3417 Ἑλλήνων
2780 3346 2975 3415 σοφίης
3001 3344 3200 3416 ἄνδρας
3232 3344 3556 3397 πλανόωσινυ

2121 3524 2320 3579 Είκόνα
2346 3524 2454 3594 γάρ
2487 3525 2692 3595 τιςλὸρᾷ
2715 3564 2729 3587 ,
2767 3525 2861 3578 καὶ
2893 3523 3121 3594 ἀληθείῃ
3154 3521 3295 3591 φύγε
3324 3522 3581 3589 πάμπανο

2134 3618 2220 3678 Ὡς
2247 3619 2370 3687 σκιή
2404 3620 2550 3670 ἐστιν
2580 3618 2797 3671 ἅπαντα
2817 3659 2831 3681 ,
2858 3617 3007 3678 κόνις
3036 3618 3083 3667 τ’
3120 3616 3343 3685 ἀχρήῖος
3366 3611 3490 3667 αἰεί.

2134 3713 2223 3763 Ἐν
2248 3711 2356 3781 γὰρ
2386 3713 2555 3764 τοῖσιν
2582 3711 2789 3763 ἅπασαι
2818 3708 3169 3779 ὲνεργοῦνται
3201 3707 3499 3773 κακότητες

2126 3802 2224 3865 Ἐς
2254 3818 2318 3868 γε
2351 3801 2561 3871 πλάνην
2591 3802 2821 3855 πολέων.
2864 3801 3001 3853 Ἀλλ’
3031 3801 3091 3853 οὐ
3114 3799 3272 3869 Θέμις
3297 3799 3413 3850 ἐστί
3443 3815 3534 3867 μοι
3556 3795 3703 3869 αὐτῷ

2123 3891 2347 3962 Τεύχειν
2368 3892 2578 3945 ἄσπετα
2609 3892 2797 3961 βύϐλαο
2830 3891 3007 3945 πολῶν
3036 3889 3142 3943 ἄπο
3173 3890 3319 3942 τύτθ’
3347 3889 3653 3958 ἀγορεύσεις

2122 3983 2420 4053 Δυσσεϐίην
2446 4000 2543 4037 κεν
2572 3984 2709 4053 ἐμὴν
2740 3983 2913 4054 ὕμμιν
2944 3982 3082 4052 μετὰ.
3108 3984 3270 4035 πᾶσιν
3300 3982 3504 4036 ἔειπον.

2134 4075 2275 4129 Ἀλλ’
2309 4075 2390 4129 ἔτι
2413 4077 2507 4128 καὶ
2539 4076 2645 4129 τόδ’
2699 4077 2826 4146 ἐρῶ.
2865 4076 2993 4130 Ὅτε
3019 4075 3083 4145 δὴ
3109 4075 3609 4146 τριακονταετῆρος

2128 4167 2266 4235 Ἤδη
2296 4165 2410 4235 φὼς
2438 4167 2695 4238 γενόμην,
2738 4168 2952 4221 κυανῶν
2987 4168 3239 4238 μερόπων
3268 4165 3424 4219 λίπον
3454 4162 3641 4226 οὖδας.

2124 4257 2403 4311 Χαλδαίων
2429 4258 2472 4310 δ’
2508 4258 2702 4328 ἱκόμην
2730 4274 2793 4324 γε
2820 4257 3192 4325 παλαιγενέων
3220 4256 3371 4309 πόλιν
3400 4254 3642 4325 ἀνδρῶν,

2125 4352 2236 4403 Καὶ
2267 4351 2388 4420 μάλ’
2408 4353 2774 4422 ἐπισπέρχων
2797 4393 2812 4413 ,
2853 4351 3053 4421 δρόμον
3080 4350 3299 4420 αἰθέρος
3324 4349 3476 4417 ὄφρα
3503 4348 3684 4412 δαΐηνο

2127 4444 2226 4497 “Ov
2272 4445 2323 4496 κ’
2370 4443 2521 4496 αὐτοί
2568 4461 2731 4511 φασιν
2760 4438 2903 4497 οὗτοι
2926 4443 3019 4496 ἐπὶ
3044 4441 3308 4512 φλογεροῦ
3341 4441 3522 4512 πυρὸς
3559 4436 3709 4500 εἶναι,

2126 4533 2343 4587 Τούτων
2369 4535 2425 4587 δὲ
2450 4535 2624 4605 κριτοῖ
2650 4535 2840 4602 ἄνδρες
2876 4535 2968 4586 ἐπὶ
2995 4533 3160 4601 φάεος
3189 4531 3456 4585 νοέουσιν.

2133 4625 2326 4679 Ἔνθεν
2357 4625 2498 4693 ἐγὼν
2531 4625 2692 4696 ἐδάην
2722 4625 2939 4696 ἄστρων
2974 4624 3134 4692 φύσιν
3167 4621 3638 4692 ἀλλοπρόσαλλον,

2131 4712 2270 4769 Εὖτέ
2300 4734 2385 4778 τις
2415 4718 2479 4769 ὲκ
2510 4715 2763 4768 καλύκων
2796 4714 3025 4785 βοτάνην
3059 4714 3325 4784 δρέψηται
3353 4713 3614 4782 ἄπειρον.

2137 4808 2414 4879 ’Δστρῲας
2447 4823 2508 4860 τε
2540 4806 2822 4874 φάλαγγας
2852 4806 3161 4877 ὲειδομένας
3192 4802 3541 4872 πολέμοισιν.

2126 4900 2291 4952 Αὐτοὶ
2324 4898 2615 4967 συγγενίας
2646 4899 2739 4952 καὶ
2767 4897 2993 4969 δώματα
3023 4896 3203 4961 δεῖξαν
3230 4895 3473 4949 ἑκάστου
3494 4934 3512 4960 ,

2141 4990 2250 5044 Ἤδ⁹
2282 4990 2388 5061 ἄρα
2416 4991 2521 5043 τῶν
2560 4990 2763 5059 φιλίην.
2798 4989 2976 5058 αὐτὰρ
3008 4986 3236 5058 βρώμην
3257 5003 3336 5048 τε,
3367 4986 3538 5039 πόσιν
3573 4999 3667 5049 τε,

2131 5081 2241 5134 Καὶ
2271 5079 2462 5150 νοερὴν
2495 5079 2758 5149 φιλότητα
2788 5076 3180 5147 τελισκομένην
3206 5076 3299 5129 ἐπὶ
3333 5075 3484 5144 φωτί
3513 5073 3618 5144 (9).

3232 5164 3385 5221 Vere.
3434 5167 3547 5222 190

2204 5326 2281 5395 (7)
2326 5325 2457 5380 Ead.
2490 5341 2610 5395 pag.
2661 5323 2785 5395 500.
2821 5319 2971 5395 Εἶδος
3004 5321 3250 5395 μωρίας,
3304 5321 3565 5395 κεφαλὴν
3602 5321 3724 5395 ἒχφν

2143 5389 2397 5477 καρσγία,
2424 5389 2651 5477 καρδίαν
2678 5393 2905 5464 χαύνην,
2952 5389 3325 5462 διαχεομένην,
3386 5389 3527 5443 καὶὴ
3559 5389 3728 5461 μηδὲν

2136 5465 2403 5536 βαστάσαι
2441 5465 2748 5533 ἰσχύουσαν.

2138 5603 2155 5605 η
2202 5536 2275 5603 (8)
2304 5535 2435 5605 Earl.
2467 5550 2587 5605 pag.
2615 5533 2718 5605 500
2739 5575 2752 5595 ,
2787 5534 2900 5602 εἴδη
2935 5528 3216 5605 εἶδονῌὲκεῖ
3245 5531 3335 5605 καὶ
3367 5528 3479 5598 τῆς
3509 5526 3732 5605 κενοδο-

2131 5597 2268 5667 ﬂuis;
2303 5603 2395 5656 καὶ
2422 5597 2582 5672 κένῆς
2606 5603 2806 5672 ἀρετῆς
2823 5642 2837 5665 ,
2864 5597 2955 5654 καὶ
2982 5600 3146 5669 κενῆς
3172 5598 3364 5668 σοφίας
3382 5638 3398 5659 ,
3428 5597 3535 5650 καὶ
3563 5597 3732 5659 κενῆς

2127 5672 2499 5742 δικαιοσύνης,
2544 5690 2597 5724 κ.
2633 5672 2682 5723 λ.

2202 5744 2280 5812 (9)
2312 5736 2445 5795 Ibid:
2474 5758 2595 5807 pag.
2630 5742 2753 5812 501.
2798 5742 2909 5795 Καὶ
2945 5739 3229 5801 συνουσίας
3252 5736 3461 5803 νοερᾶς
3493 5736 3591 5789 ἐπὶ
3625 5752 3737 5803 quo

2129 5810 2218 5876 eo:
2252 5812 2553 5882 ἀνθρώποις
2587 5810 2928 5881 τελουμένας.
