4014 6140
223 216 3456 288 m

1505 420 1675 467 ANNO
1716 422 1942 469 DOIINI
1984 425 2160 472 CDXC.

659 649 1615 863 AENEAS
1775 654 3014 927 GAZfEUS,

1129 1049 1778 1154 PHILOSOPHUS
1850 1053 2516 1158 CHRISTIANUS.

1551 1490 2109 1584 NOTITIA.

1279 1707 1572 1774 (Genuum,
1603 1709 1720 1760 Yet.
1737 1711 1945 1762 Patrum
1966 1705 2218 1774 ΒὶὸΙίοιΙι..
2239 1715 2279 1763 ι.
2302 1709 2386 1774 Χ.)

260 2015 304 2070 1.
346 2013 582 2071 Eneam
621 2013 900 2082 Gazaeum,
948 2025 1016 2068 ex
1042 2011 1366 2084 philosopho
1407 2011 1686 2069 Platonico
1725 2022 1782 2070 et

195 2107 445 2178 sophista
491 2107 810 2164 doctissimo
851 2106 920 2160 ad
952 2105 1318 2162 Christianam
1355 2103 1511 2160 ﬁdem
1561 2120 1782 2160 conver-

190 2215 338 2261 sum,
368 2199 534 2256 Gazae
569 2206 776 2266 ortum,
815 2212 939 2267 quae
972 2204 1057 2254 est
1097 2195 1443 2253 Palaestinae]
1487 2197 1780 2267 provincias

133 2348 140 2354 ,
190 2292 370 2356 urbs,
415 2290 491 2344 ita
542 2289 952 2346 denominatum
1011 2288 1288 2343 existimat
1341 2302 1568 2358 magnus
1608 2288 1780 2344 Baro-

188 2383 321 2438 nius
343 2381 424 2455 (1)
457 2398 486 2436 a
523 2383 641 2437 viro
678 2381 864 2437 divino
904 2379 1078 2436 Enea
1107 2379 1338 2436 Gazensi
1371 2380 1650 2451 episcopo,
1685 2381 1778 2452 qui

185 2483 449 2529 sanctum
497 2471 862 2544 Porphyrium
899 2473 952 2528 in
989 2487 1052 2527 ea
1091 2471 1334 2528 Ecclesia
1369 2473 1603 2543 regenda
1644 2487 1780 2542 pra:-

187 2574 466 2632 cesserat,
501 2573 639 2620 teste
661 2563 848 2620 Marco
876 2563 1136 2630 Gasensi,
1179 2564 1418 2634 ejusdem
1444 2565 1616 2622 sancti
1646 2563 1780 2619 Por-

183 2657 374 2726 phyrii
421 2656 813 2729 discipulo(2),
841 2657 1045 2728 quique
1087 2671 1232 2712 anno
1271 2655 1379 2712 594
1415 2667 1651 2712 exeunte
1685 2665 1778 2712 aut

185 2749 527 2818 insequente
577 2747 682 2803 395
721 2748 940 2803 ineunte
973 2763 1287 2819 supremum
1339 2749 1486 2805 diem
1520 2749 1682 2812 obiit,
1717 2755 1778 2802 ut

181 2839 356 2893 docet
422 2837 492 2891 cl.
544 2837 851 2907 Lequienns
887 2837 990 2910 (5).
1032 2838 1192 2908 Apud
1250 2847 1461 2895 veteres
1503 2839 1595 2910 qui
1641 2838 1781 2894 scri-

177 2941 419 3000 ptorum
465 2929 952 2985 ecclesiasticornm
999 2930 1276 3000 catalogos
1326 2939 1568 2995 texuere,
1609 2929 1776 2984 altum

179 3021 246 3075 de
301 3029 538 3074 auctore
581 3029 769 3075 nostro
827 3020 1126 3076 silentium.
1171 3019 1291 3090 Ipse
1337 3029 1515 3076 tamen
1564 3021 1620 3076 in
1664 3019 1780 3076 elu-

179 3115 580 3172 cubratissima
634 3117 1000 3186 disputatione
1027 3115 1212 3186 judice
1258 3117 1494 3172 Baronio
1515 3117 1616 3188 (4),
1665 3117 1780 3172 sive

181 3207 235 3262 in
288 3206 526 3276 Dialogo
591 3221 752 3276 quem
819 3204 1243 3263 Tasornnss'ros
1313 3207 1638 3277 inscripsit.
1699 3207 1778 3262 De

181 3301 498 3355 animarum
536 3298 940 3354 immortalitate
973 3307 1024 3353 et
1057 3315 1338 3368 corporum
1375 3301 1778 3359 resurrectione.

189 3389 456 3448 nonnulla
513 3391 709 3446 litteris
740 3391 1056 3462 consignata
1104 3389 1345 3462 reliquit,
1397 3391 1593 3461 quibus
1635 3399 1689 3446 et
1721 3405 1779 3446 se

183 3483 369 3554 ipsum
451 3483 587 3538 satis
653 3481 836 3553 prodit
907 3490 962 3536 et
1023 3495 1134 3551 quo
1202 3491 1445 3552 tempore
1521 3483 1780 3538 claruerit

185 3572 545 3630 manifestum
599 3571 758 3632 facit.
826 3573 894 3628 Et
943 3573 1177 3640 primum
1238 3573 1460 3644 quidem
1518 3571 1783 3630 Hieroclis

183 3663 510 3734 philosophi
543 3663 849 3719 auditorem
879 3677 938 3718 se
961 3661 1132 3720 fuisse
1161 3664 1447 3733 proﬁtetur
1475 3663 1552 3734 (ὅ)
1581 3679 1780 3734 :quem

183 3759 364 3828 probe
398 3757 684 3828 distinguit
721 3756 790 3811 ab
838 3753 1088 3812 Hierocle
1125 3753 1412 3826 Bithyniae,
1447 3757 1676 3824 primum
1714 3769 1782 3810 ex

183 3850 402 3906 vicario
438 3847 668 3920 praaside
702 3859 757 3903 et
785 3855 972 3918 postea
1005 3846 1349 3902 Alexandriae
1378 3847 1656 3916 praefecto,
1688 3847 1780 3916 qui

181 3944 388 4014 λόγους
432 3941 752 4012 φιλαλήθεις
793 3939 925 4011 πρὸς
963 3940 1091 4003 τοὺς
1135 3941 1499 4011 Χριστιανοὺς
1541 3940 1778 4009 scripsit,

183 4054 294 4092 non
337 4046 528 4091 contra
575 4033 939 4100 Christianos,
993 4032 1170 4102 inquit
1216 4030 1530 4088 Lactantius
1569 4031 1668 4103 (6),
1716 4047 1780 4085 ne

181 4130 407 4184 inimice
444 4126 697 4181 insectari
739 4125 1042 4190 uideretur;
1087 4124 1179 4178 sed
1213 4123 1283 4176 ad
1329 4123 1684 4188 Christianos,
1720 4131 1780 4177 ut

181 4221 424 4274 humane
469 4233 530 4270 ae
556 4217 776 4286 benigne
803 4214 1076 4269 consulere
1103 4211 1492 4269 videntum-De
1517 4227 1582 4268 eo
1616 4211 1779 4282 igitur

181 4317 264 4372 sic
311 4323 506 4368 noster
534 4309 741 4366 Encas
769 4309 846 4382 ('7)
881 4328 894 4363 :
933 4308 1210 4379 Ἱεροκλῆς
1239 4309 1316 4374 δὲ,
1345 4309 1444 4378 οὐχ
1469 4309 1497 4362 ὁ
1523 4305 1781 4362 διδάσκα-

179 4404 299 4470 λος,
338 4401 459 4457 ἀλλ’
489 4402 518 4455 ὁ
561 4399 1004 4474 προϐαλλόμενος
1046 4401 1116 4454 τὰ
1163 4400 1476 4470 θαυμάσια·
1513 4397 1778 4454 Hierocles

180 4504 392 4560 autem,
430 4508 534 4547 non
563 4493 606 4547 is
655 4508 808 4562 quem
835 4493 934 4561 ipsi
959 4502 1332 4562 praeceptorem
1357 4491 1659 4556 habuimus,
1686 4492 1778 4546 sed

179 4587 426 4654 scriptor
461 4582 554 4636 ille
587 4583 678 4651 qui
713 4579 979 4635 mirabilia
1009 4579 1252 4650 quadam
1295 4579 1452 4648 refert
1487 4577 1777 4649 (Apollonii

181 4673 542 4748 Tyancnsis).
582 4671 738 4727 Illum
785 4681 966 4726 autem
1017 4669 1318 4726 Hieroclem
1368 4667 1558 4724 Encas
1598 4667 1776 4724 Gazzai

179 4766 514 4836 magistrum
543 4763 740 4820 saeculo
776 4777 806 4816 ν
856 4760 1122 4829 ﬂoruisse,
1164 4777 1228 4816 ex
1262 4761 1328 4817 iis
1350 4776 1468 4832 quae
1498 4775 1622 4815 mox
1646 4760 1778 4815 sub-

269 4921 346 4993 (l)
388 4921 586 4977 Barou.
629 4921 706 4993 ad
727 4935 855 4975 ann.
895 4916 1217 4993 484,_§__9l.

269 4981 582 5064 (2)77hlarc.
625 4990 758 5064 Gaz.
812 4991 954 5058 apud
1008 4981 1259 5044 'Bolland.
1323 4995 1452 5041 tom.
1501 4981 1569 5038 Ill
1619 4983 1782 5040 Febr.

175 5061 480 5136 [133.647,
503 5062 608 5136 col.
638 5061 690 5116 1.

269 5123 346 5203 (5)
403 5123 664 5200 Lequien.
720 5129 818 5184 0r.
875 5127 1075 5184 Christ.
1141 5135 1272 5182 tom.
1321 5125 1422 5192 lil,
1477 5137 1598 5195 pag.
1649 5123 1784 5189 610,

177 5220 348 5258 ntsnt.
385 5204 438 5256 5.

271 5273 346 5341 (4)
391 5272 589 5342 Baron.
617 5271 653 5327 Ι.
681 5287 732 5336 c,
767 5270 794 5342 §
818 5267 908 5323 90.

272 5337 345 5413 (ξι)
384 5341 514 5396 En.
549 5342 697 5413 Gaz._
721 5337 856 5395 inira
887 5353 1010 5413 pag.
1050 5337 1155 5393 629
1185 5337 1312 5413 (col.
1348 5340 1456 5396 874
1483 5340 1569 5413 Α).

271 5410 345 5482 (6)
391 5413 643 5482 Lactant.
673 5411 854 5482 Instit.
887 5410 980 5464 lib.
1017 5423 1215 5482 ινα-ξι).
1246 5411 1303 5464 2.

268 5479 342 5553 (7)
384 5481 516 5553 @n.
539 5480 857 5553 _Gal_.il_)itl‘._
885 5493 1005 5548 pag.
1043 5479 1142 5553 65?
1183 5481 1308 5549 (col.
1337 5479 1560 5553 9049).

269 5545 342 5622 (8)
382 5551 604 5608 Fabric.
640 5549 794 5622 Bibl.
816 5545 909 5601 στ’.
961 5545 1090 5622 toni.
1125 5549 1162 5622 |_,
1191 5545 1353 5622 pagg.
1397 5545 1689 5622 468L470;
1721 5558 1778 5606 el.

193 5617 446 5678 Deserit.
479 5624 640 5690 relig.
671 5618 865 5673 Christ.
899 5633 1016 5685 cap.
1047 5620 1100 5679 '2,
1135 5618 1162 5688 ᾖ
1193 5617 1284 5683 ‘27,
1310 5617 1444 5689 ’pag.
1487 5620 1605 5672 107.

1874 2009 2130 2080 jiciemus
2183 2018 2520 2080 compertum
2569 2009 2682 2076 ﬂet,
2730 2024 2967 2082 eumque
3020 2020 3298 2068 auctorem
3343 2028 3466 2072 esse

1883 2103 2276 2186 commentarii.
2331 2104 2385 2160 iu
2433 2105 2609 2158 Aurea
2665 2105 2906 2158 carmina
2954 2120 3220 2162 censuere
3276 2107 3465 2163 Fabri-

1880 2199 1998 2254 cius
2026 2199 2103 2272 (8)
2131 2209 2187 2255 et
2232 2200 2574 2254 Needhamus
2598 2201 2698 2271 (9).
2734 2199 2811 2255 De
2853 2200 3015 2272 hujus
3055 2213 3234 2258 autem
3274 2201 3467 2258 Hiero-

1872 2293 1980 2349 clis
2014 2303 2174 2350 aetate
2200 2294 2352 2365 plura
2375 2293 2600 2349 Jonsius
2631 2294 2772 2365 (10).
2806 2294 2912 2350 Sed
2942 2297 3000 2350 in
3031 2296 3224 2366 primis
3267 2313 3467 2353 consu-

1880 2385 2070 2440 lendus
2101 2385 2350 2440 Valesius
2384 2387 2468 2439 vir
2494 2401 2738 2440 summus
2765 2385 2904 2457 (11).

1949 2475 2010 2531 ll.
2054 2475 2127 2531 At
2165 2491 2292 2531 vero
2335 2477 2542 2546 reliqua
2581 2492 3000 2546 prosequamur.
3035 2478 3223 2550 Itaque
3268 2481 3320 2536 in
3352 2481 3466 2537 col-

1879 2565 2112 2620 lectione
2143 2565 2494 2636 epistolarum
2539 2564 2853 2621 Graecorum
2897 2567 3226 2638 scriptorum
3269 2571 3465 2628 Aldina

1878 2663 1933 2710 et
1963 2653 2286 2720 Gcnevcnsi,
2331 2665 2388 2710 ut
2430 2657 2613 2712 videre
2655 2666 2742 2713 est
2783 2659 2921 2727 apud
2948 2659 3221 2716 laudatum
3271 2663 3464 2719 Fabri-

1880 2747 2022 2802 cium
2054 2746 2191 2818 (12),
2233 2758 2452 2804 exstant
2489 2751 2725 2806 auctoris
2776 2750 2948 2806 nostri
2985 2751 3226 2821 epistolae
3262 2752 3356 2818 25,
3409 2755 3463 2809 in

1881 2854 2116 2910 quarum
2151 2840 2219 2896 19
2257 2856 2368 2896 non
2408 2842 2581 2898 solum
2623 2844 2691 2898 ah
2733 2858 2799 2898 eo
2845 2844 3138 2914 respicitur
3165 2845 3462 2916 Procopius

1878 2929 2122 2994 Gazcens,
2167 2931 2197 2986 ὁ
2238 2932 2374 3004 ἐμὸς
2418 2933 2749 3004 Προκόπιος,
2797 2934 2893 2990 sed
2935 2939 3098 2991 etiam
3126 2936 3180 2992 in
3226 2937 3351 2992 aliis
3395 2941 3462 2992 ad

1880 3024 2096 3078 eosdem
2132 3023 2248 3080 fere
2291 3025 2506 3088 scribit,
2535 3027 2735 3094 quihus
2769 3025 3014 3095 ejusdem
3065 3027 3314 3100 Procopii
3349 3033 3468 3097 cpi-

1881 3112 2033 3168 stola:
2062 3113 2310 3169 feruntur
2345 3109 2646 3186 inscriptae:
2665 3125 2724 3170 ut
2759 3118 2872 3188 ipsa
2895 3118 3124 3188 proinde
3144 3129 3464 3188 tempestate

1881 3203 2085 3258 vixerit
2119 3201 2326 3258 Encas
2369 3220 2474 3274 qua
2524 3204 2844 3278 Procopius,
2889 3209 2983 3278 qui
3029 3207 3212 3264 clarus
3252 3211 3465 3264 exstitit

1878 3297 2098 3350 ineunte
2120 3295 2321 3351 sacculo
2341 3311 2414 3353 γι.
2444 3295 2731 3363 Praeterea,
2759 3308 2821 3353 ut
2839 3299 3073 3354 advertit
3094 3299 3304 3355 Caveus
3326 3301 3463 3370 (15).

1877 3387 2124 3440 meminit
2167 3396 2352 3442 noster
2395 3387 2599 3444 Encas
2624 3387 2736 3457 (‘14)
2788 3388 3184 3444 Platonicorum
3223 3391 3465 3458 philoso-

1873 3477 2124 3545 phorum,
2154 3475 2371 3548 Syriani
2407 3479 2758 3534 Alexandrini
2787 3489 2842 3536 et
2875 3479 3050 3536 Procli
3091 3479 3244 3552 Lycii
3278 3498 3294 3537 :
3325 3497 3465 3552 quo-

1887 3581 2008 3620 rum
2071 3567 2201 3633 ille,
2261 3575 2400 3625 teste
2461 3568 2626 3625 Suida
2675 3570 2832 3642 (l5),
2887 3571 3090 3628 scholze
3147 3571 3464 3628 Atheniensi

1885 3656 2132 3724 praefuit;
2173 3658 2260 3712 hic
2289 3673 2420 3713 vero
2440 3659 2558 3726 ejus
2587 3661 2803 3714 auditor
2833 3669 2886 3716 et
2919 3661 2968 3714 in
2999 3661 3242 3731 ejusdem
3265 3661 3469 3718 scholae

1885 3748 2149 3818 regimine
2197 3765 2520 3814 successor,
2560 3751 2852 3808 Theodosii
2898 3751 3142 3808 iunioris
3170 3763 3331 3822 aetate
3373 3769 3466 3808 cc-

1885 3837 2070 3904 lebris,
2107 3853 2137 3893 e
2167 3841 2304 3894 vivis
2327 3843 2585 3906 excessit,
2623 3854 2882 3896 narrante
2911 3843 3119 3898 Marino
3150 3844 3266 3913 ejus
3300 3845 3468 3900 disci-

1883 3930 2010 3998 pulo
2049 3929 2186 4002 (16),
2220 3946 2366 3986 anno
2417 3941 2538 4000 post
2573 3931 2774 3986 Juliani
2831 3933 3114 4000 imperium
3167 3935 3465 3988 centesimo

1885 4023 2144 4076 vicesimo
2219 4031 2438 4090 quarto,
2491 4021 2569 4092 τῷ
2613 4021 2654 4074 δ’
2699 4023 2796 4076 καὶ
2841 4028 2890 4075 κ’
2944 4022 3038 4077 καὶ
3089 4021 3137 4094 ρ’
3197 4025 3308 4076 ἀπὺ
3364 4025 3465 4093 τῆς

1895 4111 2188 4167 Ἰουλιανοῦ
2240 4113 2533 4182 βασιλείας.
2588 4115 2748 4184 Atqui
2791 4113 3040 4168 Julianus
3118 4115 3278 4183 periit
3321 4131 3464 4169 anno

1881 4207 2009 4273 563,
2051 4208 2294 4276 adeoque
2343 4207 2565 4262 Proclns
2609 4207 2720 4262 fato
2770 4208 2990 4262 functus
3033 4217 3116 4260 est
3161 4221 3306 4262 anno
3333 4207 3462 4272 487,

1881 4307 1940 4352 ut
1987 4307 2272 4368 propterea
2325 4298 2426 4353 sub
2473 4297 2656 4354 saeculi
2705 4313 2736 4352 ν
2787 4299 2947 4354 linem
2990 4296 3236 4352 ﬂoruerit
3281 4309 3465 4353 noster

1880 4391 2108 4449 Encas.

1953 4483 2041 4539 Ill.
2085 4483 2226 4552 Quid
2249 4485 2396 4556 quod
2441 4485 2581 4541 hanc
2617 4485 2786 4556 ipsam
2827 4483 3088 4552 temporis
3127 4485 3462 4541 notationem

1884 4577 2210 4635 luculentius
2242 4581 2423 4636 adimo
2469 4580 2698 4650 ipsemet
2729 4587 2920 4634 auctor
2949 4578 3274 4633 conﬁrmat?
3313 4579 3462 4632 Afri-

1879 4683 2044 4723 canos
2086 4670 2230 4724 enim
2277 4671 2622 4727 confessores
2671 4671 2868 4738 quibus
2908 4683 3051 4722 anno
3109 4667 3215 4722 484
3263 4667 3461 4736 impius

1883 4761 2186 4818 Ilunericus
2215 4762 2585 4820 Vamlalornm
2633 4776 2727 4817 rex
2760 4761 2968 4830 linguas
2999 4759 3258 4814 radicitus
3297 4771 3458 4813 exse-

1961 4915 2036 4986 (9)
2077 4915 2284 4972 Needh.
2328 4915 2386 4986 in
2427 4913 2740 4986 praefat._ad
2784 4912 3018 4986 Hiierocl.
3054 4913 3361 4986 Comment.
3408 4912 3462 4968 in

1883 4983 2016 5038 Aur.
2051 4985 2334 5041 carm.snb
2361 4985 2452 5038 ﬁn.
2485 4987 2614 5038 edit.
2645 4983 2908 5038 Cantabr.
2945 4983 3103 5038 1709.

1957 5053 2072 5178 (1οἐ
2122 5053 2275 5111 Jons.
2337 5055 2411 5108 De
2470 5054 2716 5138 scriptor.
2788 5055 2910 5107 hist.
2969 5053 3158 5119 philos.
3218 5051 3312 5107 lib.
3365 5067 3460 5119 ttt,

1957 5145 2004 5178 υ.
2079 5165 2094 5178 .
2127 5139 2284 5178 uasa.
2317 5124 2414 5178 101
2456 5139 2574 5178 seu.
2599 5127 2736 5178 edit.
2765 5121 2878 5178 len.
2912 5122 3071 5177 1716.

1883 5121 2004 5194 cap.
2028 5121 2284 5196 78,7pagg.
2317 5124 2414 5196 191
2456 5121 2584 5194 seq.
2599 5127 2736 5196 edit.
2765 5121 2878 5178 len.
2912 5122 3071 5196 i716:

1957 5189 2290 5264 (“)7V’al'es.
2331 5189 2618 5264 Emendat.
2657 5194 2750 5248 lib.
2794 5209 2849 5264 ιι
2869 5208 2988 5262 cap.
3041 5193 3257 5264 5_._pag.
3297 5189 3458 5245 9-15.

1988 5259 2072 5334 13)
2113 5265 2326 5320 Fabric.
2357 5263 2498 5318 Bibl.
2539 5262 2636 5321 Gr.
2663 5263 2872 5334 tom._l,
2900 5259 3176 5334 υἱῷ-427.

1986 5331 2072 5402 15)
2112 5335 2243 5389 Cav.
2282 5333 2420 5388 Hist.
2453 5334 2614 5389 litter.
2645 5343 2774 5402 totn.
2804 5331 2848 5396 Ι,
2876 5346 2997 5400 pag.
3024 5331 3150 5402 460.

1987 5395 2074 5472 l4)
2107 5404 2236 5461 En.
2274 5403 2407 5460 Gaz.
2438 5403 2475 5456 1.
2517 5417 2570 5457 c.
2607 5401 2746 5456 infra
2779 5395 2903 5472 pag'.
2937 5395 3039 5472 654
3067 5398 3206 5472 (cui.
3373 5397 3462 5472 β).

1955 5465 2070 5546 {15)
2111 5475 2265 5546 ﬁniti.
2298 5473 2480 5546 Legio.
2509 5487 2570 5546 _v_.
2597 5465 2875 5546 Σᾳριαῦὸξ
2901 5481 2967 5546 9L
2985 5465 3280 5546 [1962:1016

1980 5535 2068 5614 16)
2111 5543 2304 5614 Mat-in.
2363 5535 2690 5614 Vital’rocl.
2729 5554 2850 5609 cap.
2901 5538 2992 5605 36,
3032 5535 3154 5608 pag.
3188 5537 3278 5600 88,
3323 5535 3457 5594 edit.

1885 5611 2101 5670 Fabric.
2135 5613 2332 5668 Hatnb.
2371 5611 2534 5669 1700.
