4014 6140
564 348 774 402 cuerat,
799 352 856 393 sc
888 337 1088 392 vidisse
1124 344 1178 391 et
1206 346 1352 391 recte
1380 335 1661 404 loquentes
1686 335 1902 389 audisse
1932 350 1997 390 ac
2024 351 2134 389 rem

566 441 775 487 tantam
818 422 1066 484 miratum
1093 443 1216 484 esse
1255 437 1487 482 testatur
1512 429 1649 498 (17).
1679 423 1847 493 Hujus
1888 427 2024 480 adeo
2058 428 2139 480 in-

570 528 747 596 gentis
794 526 1035 579 miraculi
1089 524 1244 579 testis
1273 522 1510 591 locuples
1542 521 1677 575 alter
1722 521 1929 575 accedit
1954 519 2139 575 Victor

574 616 831 680 Vitensis,
855 615 1039 667 eodem
1085 622 1324 679 tempore
1347 612 1527 665 clarus
1559 626 1664 679 quo
1695 621 1879 664 noster
1914 610 2138 676 Encas,

571 707 788 761 Zenone
834 706 1087 758 nimirum
1135 704 1437 770 imperante
1469 704 1599 772 :qtti
1650 706 1714 756 de
1764 702 1955 754 iisdem
2008 718 2141 755 con-

575 797 873 854 fessoribus
919 810 1089 849 verba
1116 794 1347 859 faciens,
1402 796 1514 848 haec
1560 793 1718 848 habet
1747 791 1856 862 (18)
1890 809 1904 846 :
1934 792 2137 861 Spiritu

571 898 753 943 sancto
800 898 1078 955 praestante
1115 888 1187 939 ita
1224 887 1384 939 locuti
1426 895 1546 938 sunt
1581 894 1628 937 et
1680 884 1982 953 loquuntur,
2011 900 2141 953 quo-

572 982 727 1032 modo
763 988 918 1032 antea
948 980 1311 1046 loquebantur.
1354 975 1456 1031 Sed
1493 975 1695 1044 siquis,
1736 976 1940 1038 subdit,
1971 977 2146 1026 incre-

573 1071 730 1125 dulus
779 1086 889 1123 esse
934 1070 1174 1133 voluerit,
1218 1077 1394 1135 pergat
1442 1082 1581 1119 nunc
1615 1063 2137 1131 Constantinopolim,
2186 1108 2191 1115 .

575 1173 622 1216 et
652 1161 724 1214 ibi
757 1160 972 1226 reperiet
1022 1174 1183 1211 unum
1235 1159 1297 1210 de
1339 1157 1469 1219 illis,
1499 1157 1863 1209 subdiaconem
1909 1153 2143 1221 Repara-

576 1264 706 1317 tum,
735 1264 995 1303 sermones
1021 1249 1212 1317 politos
1236 1248 1349 1301 sine
1378 1246 1487 1298 ulla
1520 1246 1804 1312 oﬂ'ensione
1825 1242 2140 1311 loquentem.

580 1341 657 1395 Ob
690 1358 843 1412 quam
869 1356 1081 1392 causam
1126 1338 1431 1392 venerabilis
1467 1337 1685 1389 nimium
1732 1333 1782 1385 in
1812 1335 2012 1398 palatio
2046 1332 2146 1389 Ze-

581 1432 730 1484 nonis
765 1431 1093 1495 imperatoris
1134 1429 1372 1492 habetur,
1418 1438 1464 1480 et
1495 1425 1754 1495 praecipue
1783 1427 1962 1490 regina
2011 1427 2146 1479 mira

581 1535 697 1573 eum
723 1518 1007 1570 reverentia
1047 1527 1340 1571 veneratur.
1390 1515 1510 1567 Alia
1553 1512 1659 1566 duo
1697 1524 1954 1582 prmtcrea
1985 1516 2050 1567 de
2087 1530 2145 1568 re

586 1617 754 1670 tanta,
800 1606 1045 1674 quamvis
1084 1606 1229 1659 omni
1283 1606 1386 1658 fide
1425 1604 1667 1673 probata,
1722 1604 1898 1671 placet
1943 1605 2142 1659 addere

584 1696 916 1760 testimonia,
956 1695 1165 1750 scilicet
1199 1693 1497 1747 Marcellini
1524 1695 1751 1748 comitis
1779 1704 1828 1750 et
1856 1694 2141 1762 Procopii,

580 1802 808 1857 quorum
839 1797 1070 1854 uterque
1107 1785 1294 1838 iisdem
1320 1783 1726 1839 confcssoribus
1755 1786 1931 1841 adhuc
1957 1787 2145 1841 viverr-

581 1875 724 1928 tibus
748 1873 881 1925 vixit
908 1887 971 1925 ac
1003 1873 1102 1925 sub
1133 1871 1434 1925 Justiniano
1467 1872 1793 1940 imperatore
1837 1874 2051 1929 claruit.
2081 1876 2146 1929 Et

579 1963 923 2016 Marcellinus
948 1962 1163 2029 quidem
1192 1962 1243 2014 in
1277 1959 1551 2015 Chronico
1583 1964 1647 2014 ad
1678 1981 1877 2016 annum
1907 1964 2032 2029 484,
2064 1967 2145 2018 in-

581 2056 712 2108 dict.
769 2069 867 2115 vn,
910 2051 1244 2107 Theoderico
1280 2062 1334 2106 et
1373 2053 1636 2107 Venantio
1681 2070 1821 2109 coss.
1851 2056 1961 2126 (19)
1991 2074 2007 2114 :
2044 2056 2146 2111 Το-

583 2156 712 2211 tam,
759 2145 950 2212 inquit,
990 2159 1079 2212 per
1115 2146 1346 2214 Africam
1382 2144 1608 2198 crudelis
1652 2145 1905 2200 Hunerici
1945 2145 2150 2202 Vanda-

587 2240 760 2290 lorum
804 2237 937 2305 regis
966 2238 1018 2287 in
1063 2248 1265 2290 nostros
1296 2237 1579 2290 catholicas
1627 2241 1919 2305 persecutio
1957 2239 2150 2310 impor-

590 2341 699 2381 tuta
751 2338 845 2382 est.
926 2327 1062 2381 Nam
1130 2329 1380 2381 exsulatis
1448 2329 1823 2398 diﬂugulisque
1875 2329 2152 2400 plusquam

578 2433 845 2473 cccxsxnt
870 2419 1282 2470 ortltodoxorum
1307 2418 1582 2485 episcopis,
1612 2420 1940 2486 ecclesiisque
1971 2438 2151 2475 eorum

580 2510 795 2573 clausis,
821 2509 959 2578 plebs
987 2509 1221 2578 ﬁdelium
1263 2509 1421 2562 rariis
1452 2510 1667 2564 subacta
1702 2512 1994 2580 suppliciis,
2029 2512 2152 2568 bea-

581 2612 690 2653 tum
722 2601 1094 2653 consummavit
1122 2616 1359 2669 agonem.
1387 2598 1581 2668 Nempe
1611 2611 1735 2654 tunc
1757 2603 1891 2656 idem
1919 2620 2009 2657 rea:
2036 2604 2154 2656 llu-o

582 2693 810 2755 nericus,
850 2691 1004 2742 unius
1044 2690 1286 2742 catholici
1321 2690 1664 2743 adolescentis
1701 2693 1859 2746 vitam
1891 2710 1922 2746 a
1961 2695 2152 2748 nativi-

583 2791 691 2834 tate
727 2798 820 2834 sua
857 2783 967 2834 sine
1002 2780 1108 2832 ullo
1139 2796 1375 2833 sermone
1419 2782 1683 2845 ducentis,
1733 2781 1969 2852 linguam
2014 2800 2152 2852 pra:-

583 2871 712 2938 cepit
766 2871 978 2934 excidi;
1031 2868 1269 2937 idemque
1325 2881 1526 2929 mutus.
1576 2870 1713 2938 quod
1766 2873 1877 2925 sine
1924 2874 2153 2927 humano

583 2960 766 3012 auditu
797 2958 1007 3013 Christo
1060 2959 1274 3011 credens
1308 2959 1412 3025 ﬁde
1454 2959 1732 3025 didicerat,
1775 2977 1896 3016 mox
1932 2966 2155 3031 prtecisa

583 3051 679 3104 sibi
733 3051 911 3118 lingua
964 3050 1170 3103 locutus
1213 3060 1309 3112 est,
1362 3049 1683 3119 gloriamque
1736 3051 1839 3105 Deo
1890 3055 1941 3105 in
1985 3056 2154 3123 primo

583 3143 719 3196 cocis
764 3159 874 3194 sua:
927 3142 1142 3194 exordio
1188 3141 1349 3195 dedit.
1394 3141 1624 3211 Denique
1669 3158 1733 3195 ex
1776 3142 1872 3198 hoc
1919 3146 2153 3213 ﬁdelium

587 3233 928 3287 contubernio
951 3232 1245 3301 aliquantos
1268 3248 1360 3302 ego
1385 3234 1802 3301 religiOsissimos
1829 3237 1986 3301 viros,
2014 3253 2152 3302 pra:-

584 3326 704 3378 cisis
753 3325 970 3392 linguis,
1027 3324 1269 3377 manibus
1321 3326 1601 3389 truncatis,
1648 3327 1786 3391 apud
1835 3325 2152 3395 Byzantium

583 3421 790 3488 integra
838 3435 955 3472 voce
1007 3422 1255 3485 conspexi
1302 3419 1595 3488 loquentes.
1649 3420 1779 3475 Πιιέ
1831 3423 2153 3476 Arianorum

584 3510 867 3563 crudelitas
906 3510 960 3561 in
1005 3511 1277 3579 religiosos
1309 3511 1505 3565 Christi
1548 3515 1773 3566 cultores
1818 3530 1979 3581 supra
2020 3516 2153 3568 scri-

583 3600 681 3669 ptis
714 3615 846 3651 coss.
879 3614 1051 3653 mense
1096 3597 1390 3654 Februario
1436 3603 1584 3668 caepit
1619 3603 1812 3672 inﬂigi.
1849 3602 1974 3659 Haec
2016 3603 2156 3657 Mar-

584 3690 830 3744 cellinus.
876 3687 1172 3758 Procopius
1205 3707 1333 3746 vero
1366 3691 1477 3762 (20)
1511 3711 1525 3747 :
1564 3693 1888 3749 Christianos
1934 3697 2149 3766 Afr-icto,

584 3781 681 3843 ait,
709 3792 811 3832 tam
829 3780 1114 3833 crudeliter
1135 3794 1343 3851 tamque
1368 3782 1559 3852 injuste
1582 3800 1727 3838 nemo
1750 3789 1969 3850 vexavit,
1995 3805 2151 3858 quant

586 3869 904 3923 Ilunericus.
939 3871 1064 3924 Cum
1090 3873 1227 3924 enim
1260 3870 1379 3926 illos
1408 3874 1477 3926 ad
1503 3884 1695 3927 sectam
1728 3876 1977 3929 Arianam
2008 3895 2152 3931 com-

581 3961 833 4029 pelleret,
869 3977 1201 4030 quoscunque
1230 3979 1415 4032 parum
1461 3967 1529 4016 ad
1564 3967 1944 4035 obsequendum
1977 3986 2148 4033 prout-

580 4067 695 4126 ptos
737 4057 1165 4124 deprehendebat,
1217 4059 1332 4128 igne
1381 4059 1603 4128 aliisque
1651 4061 1923 4129 suppliciis
1963 4077 2148 4117 excru—

582 4151 745 4202 ciatos
773 4148 1009 4201 uersabat.
1044 4146 1228 4201 Multis
1269 4149 1501 4218 linguam
1533 4152 1764 4217 faucium
1794 4162 1941 4206 tenus
1977 4154 2150 4206 absci-

581 4240 682 4303 dit,
732 4238 820 4307 qui
862 4249 1040 4291 nostra
1086 4238 1248 4291 etiam
1306 4250 1456 4293 celate
1497 4242 1803 4308 superstites
1866 4241 2143 4312 Byzantii,

580 4329 854 4398 explanate
892 4328 1256 4396 loquebantur,
1299 4329 1497 4382 nullum
1533 4331 1794 4399 capientes
1840 4349 2046 4388 sensum
2087 4335 2151 4389 il-

582 4422 685 4475 lius
713 4437 899 4489 ptenaz.
940 4420 1211 4474 llactcnns
1238 4419 1548 4487 Proc0pius,
1591 4438 1750 4490 quem
1795 4426 1959 4478 etiam
1994 4443 2146 4481 asse-

581 4522 761 4567 ctatnr
789 4509 1053 4581 Evagrius
1079 4510 1211 4582 (2|).

651 4624 739 4679 ιγ.
782 4624 888 4678 Sed
924 4625 1216 4692 qu‘orsum,
1273 4623 1517 4691 inquies,
1558 4625 1670 4678 hinc
1726 4626 1940 4679 testium
1983 4628 2150 4683 nubes

580 4718 801 4773 inducta
834 4716 899 4770 de
942 4723 1091 4769 tanto
1129 4713 1391 4768 miraculo
1433 4722 1543 4767 toto
1581 4713 1691 4780 jam
1730 4719 1864 4770 orbe
1893 4716 2148 4783 vulgato?

579 4809 869 4873 Nimirum,
915 4822 1020 4874 quo
1072 4806 1415 4873 impotentem
1468 4805 1683 4859 obscuri
1731 4806 1908 4861 critici
1951 4824 2146 4862 cenu.

582 4916 697 4954 ram
726 4897 1086 4962 confutemus,
1108 4898 1375 4967 simulque
1397 4898 1566 4953 nostri
1597 4897 1782 4953 A'Juea‘.
1802 4897 1980 4953 Gazwi
2008 4901 2145 4955 alio-

652 5081 762 5148 (l7)
798 5077 926 5133 En.
961 5077 1089 5148 Gaz.
1122 5076 1158 5130 l.
1187 5092 1235 5148 cf
1265 5090 1384 5147 pag.
1417 5078 1521 5131 £63
1556 5075 1685 5148 (col:
1722 5076 1861 5130 1002
1890 5078 1980 5146 Α).

655 5144 765 5220 (18)
824 5145 1156 5220 Vict.__Vit.-A
1187 5144 1358 5220 Hist;
1387 5163 1582 5220 persec.
1643 5144 1871 5200 Vaudal.
1929 5144 2022 5202 lib.
2071 5165 2135 5212 ν,

582 5232 698 5286 cap.
725 5212 776 5281 ti,
812 5232 929 5282 pag.
955 5216 1044 5282 76,
1074 5216 1202 5286 edit.
1230 5214 1401 5267 Paris.
1434 5212 1676 5286 Quinam.

653 5282 761 5354 (19)
807 5286 1037 5338 Mat-celi.
1069 5282 1264 5354 Chron.
1285 5298 1442 5354 _pag_._
1459 5283 1584 5337 550.

653 5349 765 5422 (20)
805 5354 1035 5422 Prurup.
1084 5353 1158 5406 De
1213 5349 1346 5406 bello
1382 5349 1631 5406 'l’andul.
1690 5352 1780 5407 lib.
1831 5369 1870 5418 1,
1921 5368 2037 5422 cap.
2082 5354 2134 5418 8,

583 5421 702 5492 pag.
733 5421 829 5477 196
860 5424 986 5476 Nili.
1023 5421 1191 5492 Daris.

658 5488 768 5559 (21)
811 5493 1002 5557 Evagr.
1034 5491 1172 5544 Hist.
1200 5488 1391 5559 eccles.
1424 5488 1515 5543 lib.
1549 5504 1621 5553 Iv,
1650 5502 1771 5556 cap:
1809 5490 1888 5544 14.

656 5557 768 5628 (22)
808 5565 923 5614 Act.
964 5559 1167 5616 Erudit.
1197 5557 1457 5627 Lipsicns.
1492 5576 1617 5612 ann.
1665 5559 1821 5623 1714,
1854 5575 1972 5627 pug.
2005 5557 2130 5611 558.

1859 224 2120 283 AENEAS
2158 225 2483 286 GAZEUS.

3713 224 3810 286 868

2250 353 2481 405 rumque
2508 336 2834 402 scriptorum
2872 335 2971 403 ipsi
3005 318 3304 389 coitu-orum
3345 335 3722 390 auctoritatem
3747 339 3812 392 ab

2247 427 2497 480 insolenti
2551 426 2818 479 calumnia
2866 426 3220 480 rindicemus.
3252 424 3359 480 Iste
3408 441 3644 496 namque
3682 442 3812 482 ano-

2247 533 2438 587 nymus
2488 518 2746 571 Decadem
2791 518 3220 571 dissertationum
3275 517 3813 589 historico-theologi-

2246 626 2426 662 curuin
2492 624 2821 673 recensens,
2886 609 2953 662 ab
3005 608 3213 664 Joanne
3256 610 3475 664 Andrea
3538 608 3812 665 Schmidio

2245 718 2387 757 anno
2418 703 2556 755 1714
2607 701 2920 757 Helmstadii
2953 702 3283 772 evulgatam,
3318 718 3545 771 quarum
3588 704 3813 773 septima

2248 795 2567 848 inscribitur
2596 808 2612 848 :
2637 794 2713 848 De
2739 794 3027 863 elinguatis
3044 795 3662 869 ntysteriu‘nLTrinitatis
3681 812 3815 865 prte-

2244 885 2565 948 dicantibus,
2597 885 2736 937 haud
2774 885 2976 937 veritus
3026 894 3109 937 est.
3154 883 3452 938 istiusmodi
3497 887 3658 939 verba
3728 886 3813 939 in-

2248 976 2550 1027 verecunde
2592 975 2786 1028 litteris
2841 976 3050 1028 tradere
3091 972 3247 1045 (ti’ﬂ):
3295 992 3312 1025 ι
3343 972 3553 1029 Profert
3603 973 3815 1029 Schmi-

2248 1065 2397 1129 dins,
2422 1066 2618 1134 inquit,
2640 1075 2904 1133 quotquot
2932 1075 3291 1119 occurrerunt
3322 1065 3481 1133 hujus
3510 1065 3588 1119 rei
3616 1075 3811 1129 testes;

2249 1155 2493 1222 interque
2546 1169 2640 1209 eos
2696 1155 2992 1223 principent
3042 1154 3217 1209 locum
3272 1156 3460 1208 tribuit
3508 1155 3814 1213 Justiniano

2248 1244 2595 1310 imperatori,
2648 1245 2802 1312 cujus
2846 1247 2958 1298 haec
3005 1256 3131 1298 sunt
3184 1246 3343 1298 verba
3387 1245 3542 1315 (25):
3577 1245 3812 1301 Vidimus

2247 1335 2564 1387 venerabiles
2596 1336 2751 1398 viros,
2787 1336 2877 1403 qui
2916 1335 3161 1389 abscissis
3193 1337 3445 1390 radicitus
3487 1338 3683 1408 linguis
3714 1356 3814 1404 pce-

2250 1439 2344 1476 nus
2393 1441 2514 1477 suas
2562 1424 2928 1478 miserabiliter
2982 1424 3346 1493 loquebantur.
3397 1426 3475 1481 Ne
3523 1430 3647 1495 quis
3689 1444 3813 1485 vero

2252 1515 2390 1569 hanc
2434 1517 2799 1570 narrationem
2845 1517 2897 1569 in
2935 1517 3156 1572 dubium
3193 1529 3367 1584 vocet,
3414 1520 3811 1587 historicorum,

2243 1607 2334 1671 qui
2370 1620 2489 1658 eam
2523 1605 2788 1669 referunt,
2817 1604 2975 1659 fidem
3006 1616 3062 1660 et
3092 1608 3385 1661 candorem
3416 1608 3680 1664 vindicat.
3718 1608 3814 1666 Hic

2245 1703 2424 1748 tamen
2455 1710 2586 1764 pace
2619 1695 2690 1752 cl.
2736 1696 2998 1750 Schmidii
3036 1699 3306 1762 addimus,
3338 1715 3460 1754 esse
3505 1703 3652 1758 viros
3686 1720 3815 1759 nou-

2246 1784 2423 1840 nullos
2476 1787 2566 1854 qui
2606 1787 2743 1842 hanc
2789 1788 3070 1842 historiam
3122 1790 3172 1842 in
3226 1791 3545 1857 fabellarum
3600 1809 3814 1849 censum

2247 1878 2504 1932 referant.
2559 1880 2637 1933 Ac
2682 1880 2933 1934 videntur
2982 1895 3114 1935 sane
3160 1896 3279 1949 quae
3326 1881 3626 1938 afferuntur
3682 1883 3812 1943 hanc

2249 1968 2301 2022 in
2346 1983 2461 2022 rem
2494 1970 2802 2025 testimonia
2848 1969 3167 2028 labefactari
3213 1989 3392 2042 posse,
3437 1976 3484 2030 si
3534 1978 3657 2045 quis
3705 1979 3811 2031 cri-

2252 2060 2390 2114 ticcn
2467 2060 2723 2116 adbibere
2796 2061 2941 2116 \‘elit.
3021 2062 3181 2118 Certe
3271 2066 3592 2135 palmarium
3692 2068 3815 2123 illud

2248 2149 2541 2207 JuStiniani
2571 2153 2914 2221 imperatoris
2946 2156 3308 2210 testimonium
3347 2172 3408 2213 ut
3441 2160 3675 2214 alienant
3699 2174 3820 2215 esse

2250 2253 2527 2313 appareat,
2559 2244 2819 2299 mediocri
2849 2247 3049 2300 mentis
3080 2249 3376 2307 attentione
3399 2265 3537 2320 opus
3562 2261 3668 2307 est.
3704 2253 3819 2307 Sri-

2252 2334 2377 2389 licet
2406 2334 2702 2404 imperator
2737 2347 2899 2391 acuto
2933 2340 3201 2394 sermonis
3238 2356 3437 2410 genere
3470 2358 3600 2398 usus
3622 2344 3820 2414 signiti-

2251 2436 2361 2490 Cat,
2400 2441 2495 2482 eos
2538 2428 2736 2498 lingua:
2778 2443 2876 2481 usu
2900 2431 3138 2499 privatos
3180 2435 3477 2489 miserabili
3512 2451 3645 2491 voce
3672 2438 3820 2507 quasi

2252 2518 2464 2574 locutos
2512 2535 2634 2576 esse
2680 2522 2956 2577 miseriam
2988 2538 3166 2581 suam.
3200 2523 3351 2580 Unde
3407 2541 3508 2583 nec
3556 2528 3688 2583 dicit
3729 2545 3822 2585 eos

2254 2610 2320 2664 de
2368 2610 2884 2666 Trinitate-locutos
2931 2626 3075 2678 esse,
3118 2614 3210 2669 sed
3258 2614 3463 2669 locutos
3504 2632 3617 2671 esse
3650 2633 3822 2685 pinnas

2253 2715 2413 2761 suas;
2448 2717 2548 2754 nec
2574 2715 2667 2756 eos
2691 2701 2892 2757 diserte
2923 2702 3177 2773 clareque
3211 2703 3441 2771 locutos,
3474 2707 3569 2761 sed
3605 2709 3823 2762 misera-

2257 2790 2452 2844 biliter.
2475 2790 2597 2845 Pari
2623 2794 2889 2849 sermonis
2910 2793 3077 2865 ﬁgura
3104 2810 3230 2850 usus
3255 2796 3449 2851 Cicero
3472 2798 3649 2866 inquit
3672 2797 3782 2869 (24)
3806 2817 3818 2852 :

2255 2882 2356 2937 Res
2385 2883 2618 2954 loquitur
2643 2886 2778 2953 ipsa.
2801 2885 2945 2940 Idem
2977 2886 3105 2940 alibi
3133 2886 3245 2956 (25)
3274 2906 3289 2940 :
3314 2887 3423 2941 Cur
3456 2891 3642 2955 nolint,
3666 2891 3825 2944 etiam

2256 2975 2302 3028 si
2332 2984 2561 3039 taceant,
2599 2978 2725 3029 satis
2761 2976 2962 3029 dicunt.
3008 2976 3101 3032 Sic
3149 2987 3203 3033 et
3241 2976 3466 3034 Ovidius
3510 2979 3620 3049 (26)
3663 2998 3676 3034 :
3724 2979 3826 3032 Di-

2254 3066 2376 3136 gitis
2401 3082 2536 3132 swpe
2578 3077 2650 3120 est
2682 3076 2912 3136 nutuque
2953 3068 3180 3122 locutus.
3218 3070 3441 3124 Scilicet
3482 3072 3729 3126 eumdem
3764 3073 3821 3126 in

2256 3158 2474 3211 modum
2529 3157 2605 3211 illi
2656 3174 2682 3210 a
2737 3157 3044 3215 Justiuiano
3088 3163 3373 3217 memOrati
3417 3162 3815 3231 loquebantur,

2258 3247 2401 3300 nullo
2445 3247 2732 3314 miraculo,
2782 3250 2876 3303 sed
2928 3252 3095 3318 figura
3142 3253 3437 3310 rhetorica.
3466 3271 3485 3305 δ
3542 3253 3824 3312 Hactenus

2255 3349 2555 3405 anonymus
2579 3336 2895 3406 Lipsiensis.

2326 3446 2390 3501 ν.
2430 3447 2630 3517 Ecquis
2653 3465 2812 3517 porro
2841 3467 2987 3507 sanas
3024 3456 3218 3510 tuentis
3246 3458 3516 3525 patienter
3542 3460 3694 3517 ferat
3728 3464 3824 3518 ho-

2256 3539 2417 3592 minis
2464 3540 2680 3609 ingenio
2736 3542 3007 3599 abutentis
3050 3545 3498 3615 intemperantem
3545 3554 3819 3622 criticen,

2254 3632 2345 3698 qui
2382 3645 2494 3685 rem
2529 3631 2663 3686 adeo
2697 3634 2998 3689 luculenter
3035 3646 3304 3705 testatam,
3344 3641 3543 3696 nedum
3579 3645 3822 3713 dubiam,

2254 3721 2348 3775 sed
2380 3721 2542 3774 etiam
2580 3720 2976 3788 incredibilem,
3009 3726 3138 3794 quin
3179 3738 3234 3781 et
3266 3729 3375 3783 risu
3410 3731 3631 3801 dignam
3660 3745 3821 3806 atque

2253 3810 2393 3865 inter
2446 3811 2758 3880 fabellarum
2807 3826 3016 3869 censum
3066 3819 3390 3886 referendam
3440 3822 3659 3879 eﬂ'ntit?
3706 3827 3819 3882 Non

2252 3902 2385 3955 vidit
2429 3903 2511 3955 vir
2565 3903 2955 3972 κριτικώτατος
2995 3906 3347 3966 .lustinianete
3405 3917 3820 3974 consﬁtutionis

2255 4004 2455 4048 textum
2500 3995 2786 4052 manifeste
2826 4008 3173 4069 corruptum;
3223 4006 3366 4071 quod
3413 4022 3546 4062 sane
3586 4014 3820 4080 pet-vidit

2253 4085 2596 4140 doctissimus
2617 4085 2992 4145 Tillemontius
3011 4091 3146 4162 (27),
3166 4094 3280 4163 qui,
3311 4097 3397 4151 ubi
3422 4099 3578 4170 vulgo
3609 4105 3818 4160 misera-

2256 4175 2431 4231 biliter
2455 4178 2671 4248 legitur,
2700 4181 3107 4238 rescribendum
3137 4187 3451 4244 mirabiliter
3468 4192 3594 4262 jure
3614 4200 3821 4266 optimo

2256 4267 2548 4322 existimat.
2613 4269 2783 4334 Quam
2840 4271 3054 4340 quidem
3117 4277 3508 4334 restitutionem
3573 4300 3684 4339 non
3741 4298 3819 4341 est

2256 4358 2529 4412 enimvero
2558 4376 2655 4413 cur
2682 4361 2802 4428 quis
2832 4364 3027 4417 merito
3058 4365 3363 4435 improbare
3387 4372 3557 4426 valeat
3583 4393 3600 4439 ;
3624 4380 3821 4446 quippe

2252 4465 2371 4519 qua:
2404 4448 2766 4508 Justinianum
2809 4454 3188 4524 imperatorem
3222 4462 3457 4531 reliquis
3495 4468 3823 4537 antiquiori-

2254 4539 2352 4594 bus
2380 4542 2609 4597 Oculatis
2642 4546 2890 4610 testibus,
2915 4556 2971 4600 et
3002 4547 3085 4601 vel
3125 4548 3227 4618 ipsi
3252 4550 3515 4621 Procopio
3553 4572 3657 4610 suo
3695 4576 3821 4615 corr-

2251 4646 2443 4684 sunum
2495 4634 2703 4687 reddat.
2761 4636 2913 4703 Quod
2957 4650 3242 4707 propterea
3290 4654 3350 4696 ut
3407 4643 3567 4713 plane
3611 4661 3819 4717 pateat,

2249 4737 2435 4775 eorum
2472 4723 2632 4778 verba
2661 4726 2715 4779 in
2750 4727 2984 4783 medium
3026 4731 3383 4789 adducantur.
3429 4734 3632 4792 Noster
3660 4740 3823 4809 igitur

2249 4809 2449 4866 [Encas
2473 4812 2697 4869 Gazteus
2719 4816 2830 4886 (28)
2861 4836 2874 4870 :
2906 4818 2999 4871 Illi
3033 4838 3150 4876 vero
3177 4822 3595 4897 (confessurus),
3624 4832 3819 4900 inquit,

2248 4904 2312 4955 de
2339 4903 2523 4971 quibus
2565 4908 2711 4959 nobis
2751 4918 2827 4961 est
2873 4926 3064 4977 sermo,
3110 4929 3200 4966 nec
3238 4917 3386 4983 peplo
3430 4932 3559 4984 opus
3607 4921 3819 4985 habent,

2323 5081 2434 5151 (25)
2474 5081 2772 5160 Justinian.
2799 5084 2927 5141 Cod.
2960 5087 3055 5160 lib.
3083 5104 3133 5160 _l,ﬂ
3158 5089 3249 5160 tit.
3270 5089 3359 5160 27,
3410 5089 3483 5144 De
3517 5093 3654 5160 o/ﬁc.
3691 5110 3823 5160 pra:-

2249 5148 2850 5230 fecta._prg:tor.hAfric.,
2880 5148 3142 5230 pa_g_._l|0
3170 5148 3577 5230 editnl'fugdud:

2317 5221 2428 5293 (21)
2467 5219 2766 5293 ςᾷρηυνᾲε.
2800 5219 2893 5288 pro
2926 5224 3115 5293 Milon.
3149 5240 3271 5293 cap.
3302 5227 3391 5281 20.

2318 5290 2429 5357 (25)
2471 5290 2549 5357 id.
2584 5290 2821 5345 Divinat.
2846 5294 2899 5345 in
2944 5291 3178 5348 Verrem.
3216 5290 3221 5355 ξ

2315 5356 2428 5426 (ac)
2466 5356 2620 5415 Ovid.
2658 5360 2816 5414 Trist.
2843 5377 2901 5425 ιι,
2931 5362 3056 5415 453.

2465 5427 2677 5503 ﬁllem.
2709 5429 2865 5503 Mem.
2893 5432 3021 5503 ccc].
3058 5441 3187 5486 tom.
3223 5430 3359 5497 XVI,
3396 5450 3516 5503 pag.
3540 5436 3673 5490 579.

2313 5497 2424 5565 (‘28)
2462 5496 2586 5551 Αῖιι.
2606 5497 2735 5553 Gaz.
2760 5498 2868 5570 l..c.
2911 5500 3047 5555 infra
3087 5515 3205 5569 pati.
3236 5496 3413 5569 (363b,
3435 5496 3563 5572 (Eoi.
3592 5504 3709 5561 999
3734 5503 3819 5573 Β).
