  <div class='ocr_page' id='page_1' title='image "/cluster/home/n/w/nwhite01/storage/ocr_20150623/85/mdp.39015032042783/442.png"; bbox 0 0 4014 6140; ppageno 0'>
   <div class='ocr_carea' id='block_1_1' title="bbox 262 232 370 298">
    <p class='ocr_par' dir='ltr' id='par_1_1' title="bbox 262 232 370 298">
     <span class='ocr_line' id='line_1_1' title="bbox 262 232 370 298; baseline 0 0"><span class='ocrx_word' id='word_1_1' title='bbox 262 232 370 298; x_wconf 71' lang='lat'><strong><em>869</em></strong></span> 
     </span>
    </p>
   </div>
   <div class='ocr_carea' id='block_1_2' title="bbox 266 343 1851 428">
    <p class='ocr_par' dir='ltr' id='par_1_2' title="bbox 266 343 1851 428">
     <span class='ocr_line' id='line_1_2' title="bbox 266 343 1851 428; baseline 0.011 -29"><span class='ocrx_word' id='word_1_2' title='bbox 266 347 354 401; x_wconf 85' lang='lat' dir='ltr'><strong><em>scd</em></strong></span> <span class='ocrx_word' id='word_1_3' title='bbox 382 343 554 415; x_wconf 80' lang='lat' dir='ltr'><strong><em>ipsius</em></strong></span> <span class='ocrx_word' id='word_1_4' title='bbox 591 356 798 403; x_wconf 80' lang='lat' dir='ltr'><strong><em>natu-rte</em></strong></span> <span class='ocrx_word' id='word_1_5' title='bbox 827 351 1150 408; x_wconf 77' lang='lat' dir='ltr'><strong><em>conditorem</em></strong></span> <span class='ocrx_word' id='word_1_6' title='bbox 1192 356 1502 425; x_wconf 88' lang='lat' dir='ltr'><strong><em>implorant,</em></strong></span> <span class='ocrx_word' id='word_1_7' title='bbox 1538 360 1627 428; x_wconf 98' lang='lat' dir='ltr'><strong><em>qui</em></strong></span> <span class='ocrx_word' id='word_1_8' title='bbox 1670 377 1851 415; x_wconf 80' lang='lat' dir='ltr'><strong><em>recen—</em></strong></span> 
     </span>
    </p>
   </div>
   <div class='ocr_carea' id='block_1_3' title="bbox 266 438 1845 519">
    <p class='ocr_par' dir='ltr' id='par_1_3' title="bbox 266 438 1845 519">
     <span class='ocr_line' id='line_1_3' title="bbox 266 438 1845 519; baseline 0.011 -28"><span class='ocrx_word' id='word_1_9' title='bbox 266 443 450 491; x_wconf 78' lang='lat' dir='ltr'><strong><em>tiorem</em></strong></span> <span class='ocrx_word' id='word_1_10' title='bbox 497 438 576 492; x_wconf 84' lang='lat' dir='ltr'><strong><em>eis</em></strong></span> <span class='ocrx_word' id='word_1_11' title='bbox 624 447 874 495; x_wconf 83' lang='lat' dir='ltr'><strong><em>naturam</em></strong></span> <span class='ocrx_word' id='word_1_12' title='bbox 929 444 1014 497; x_wconf 86' lang='lat' dir='ltr'><strong><em>die</em></strong></span> <span class='ocrx_word' id='word_1_13' title='bbox 1051 447 1210 501; x_wconf 87' lang='lat' dir='ltr'><strong><em>tertia</em></strong></span> <span class='ocrx_word' id='word_1_14' title='bbox 1258 460 1373 515; x_wconf 87' lang='lat' dir='ltr'><strong><em>post</em></strong></span> <span class='ocrx_word' id='word_1_15' title='bbox 1422 450 1653 519; x_wconf 75' lang='lat' dir='ltr'><strong><em>largitur</em></strong></span> <span class='ocrx_word' id='word_1_16' title='bbox 1693 469 1712 507; x_wconf 93' lang='lat'><em>:</em></span> <span class='ocrx_word' id='word_1_17' title='bbox 1743 470 1845 509; x_wconf 85' lang='lat' dir='ltr'><strong><em>non</em></strong></span> 
     </span>
    </p>
   </div>
   <div class='ocr_carea' id='block_1_4' title="bbox 263 527 1843 607">
    <p class='ocr_par' dir='ltr' id='par_1_4' title="bbox 263 527 1843 607">
     <span class='ocr_line' id='line_1_4' title="bbox 263 527 1843 607; baseline 0.011 -27"><span class='ocrx_word' id='word_1_18' title='bbox 263 528 390 580; x_wconf 90' lang='lat' dir='ltr'><strong><em>dato</em></strong></span> <span class='ocrx_word' id='word_1_19' title='bbox 416 527 630 597; x_wconf 83' lang='lat' dir='ltr'><strong><em>quidem</em></strong></span> <span class='ocrx_word' id='word_1_20' title='bbox 664 529 880 584; x_wconf 92' lang='lat' dir='ltr'><strong><em>alterius</em></strong></span> <span class='ocrx_word' id='word_1_21' title='bbox 913 532 1130 603; x_wconf 79' lang='lat' dir='ltr'><strong><em>linguce,</em></strong></span> <span class='ocrx_word' id='word_1_22' title='bbox 1175 539 1266 591; x_wconf 86' lang='lat' dir='ltr'><strong><em>sed</em></strong></span> <span class='ocrx_word' id='word_1_23' title='bbox 1292 538 1564 607; x_wconf 81' lang='lat' dir='ltr'><strong><em>facultatis</em></strong></span> <span class='ocrx_word' id='word_1_24' title='bbox 1600 544 1712 597; x_wconf 81' lang='lat' dir='ltr'><strong><em>sine</em></strong></span> <span class='ocrx_word' id='word_1_25' title='bbox 1735 544 1843 597; x_wconf 83' lang='lat' dir='ltr'><strong><em>lin-</em></strong></span> 
     </span>
    </p>
   </div>
   <div class='ocr_carea' id='block_1_5' title="bbox 263 621 1844 703">
    <p class='ocr_par' dir='ltr' id='par_1_5' title="bbox 263 621 1844 703">
     <span class='ocr_line' id='line_1_5' title="bbox 263 621 1844 703; baseline 0.011 -31"><span class='ocrx_word' id='word_1_26' title='bbox 263 638 368 690; x_wconf 89' lang='lat' dir='ltr'><strong><em>gua</em></strong></span> <span class='ocrx_word' id='word_1_27' title='bbox 412 621 759 678; x_wconf 87' lang='lat' dir='ltr'><strong><em>articulatius</em></strong></span> <span class='ocrx_word' id='word_1_28' title='bbox 792 639 955 693; x_wconf 89' lang='lat' dir='ltr'><strong><em>quam</em></strong></span> <span class='ocrx_word' id='word_1_29' title='bbox 1008 643 1246 697; x_wconf 84' lang='lat' dir='ltr'><strong><em>unquam</em></strong></span> <span class='ocrx_word' id='word_1_30' title='bbox 1292 642 1453 686; x_wconf 86' lang='lat' dir='ltr'><strong><em>antea</em></strong></span> <span class='ocrx_word' id='word_1_31' title='bbox 1479 636 1617 703; x_wconf 84' lang='lat' dir='ltr'><strong><em>quod</em></strong></span> <span class='ocrx_word' id='word_1_32' title='bbox 1661 636 1844 690; x_wconf 77' lang='lat' dir='ltr'><strong><em>vellent</em></strong></span> 
     </span>
    </p>
   </div>
   <div class='ocr_carea' id='block_1_6' title="bbox 266 711 1845 791">
    <p class='ocr_par' dir='ltr' id='par_1_6' title="bbox 266 711 1845 791">
     <span class='ocr_line' id='line_1_6' title="bbox 266 711 1845 791; baseline 0.009 -25"><span class='ocrx_word' id='word_1_33' title='bbox 266 711 557 781; x_wconf 85' lang='lat' dir='ltr'><strong><em>eloquendi</em></strong></span> <span class='ocrx_word' id='word_1_34' title='bbox 608 730 851 770; x_wconf 82' lang='lat' dir='ltr'><strong><em>munere.</em></strong></span> <span class='ocrx_word' id='word_1_35' title='bbox 879 715 1097 787; x_wconf 88' lang='lat' dir='ltr'><strong><em>——lpse</em></strong></span> <span class='ocrx_word' id='word_1_36' title='bbox 1135 736 1255 789; x_wconf 98' lang='lat' dir='ltr'><strong><em>ego,</em></strong></span> <span class='ocrx_word' id='word_1_37' title='bbox 1315 724 1517 791; x_wconf 90' lang='lat' dir='ltr'><strong><em>subdit,</em></strong></span> <span class='ocrx_word' id='word_1_38' title='bbox 1567 725 1661 778; x_wconf 73' lang='lat' dir='ltr'><strong><em>Iros</em></strong></span> <span class='ocrx_word' id='word_1_39' title='bbox 1703 727 1845 781; x_wconf 80' lang='lat' dir='ltr'><strong><em>viros</em></strong></span> 
     </span>
    </p>
   </div>
   <div class='ocr_carea' id='block_1_7' title="bbox 267 803 1845 874">
    <p class='ocr_par' dir='ltr' id='par_1_7' title="bbox 267 803 1845 874">
     <span class='ocr_line' id='line_1_7' title="bbox 267 803 1845 874; baseline 0.012 -19"><span class='ocrx_word' id='word_1_40' title='bbox 267 803 395 868; x_wconf 76' lang='lat' dir='ltr'><strong><em>eitli,</em></strong></span> <span class='ocrx_word' id='word_1_41' title='bbox 424 815 473 857; x_wconf 84' lang='lat' dir='ltr'><strong><em>et</em></strong></span> <span class='ocrx_word' id='word_1_42' title='bbox 501 808 769 873; x_wconf 77' lang='lat' dir='ltr'><strong><em>loquentes</em></strong></span> <span class='ocrx_word' id='word_1_43' title='bbox 796 810 997 874; x_wconf 76' lang='lat' dir='ltr'><strong><em>audivi,</em></strong></span> <span class='ocrx_word' id='word_1_44' title='bbox 1029 821 1080 864; x_wconf 90' lang='lat' dir='ltr'><strong><em>et</em></strong></span> <span class='ocrx_word' id='word_1_45' title='bbox 1115 827 1303 867; x_wconf 83' lang='lat' dir='ltr'><strong><em>vocem</em></strong></span> <span class='ocrx_word' id='word_1_46' title='bbox 1336 816 1470 871; x_wconf 88' lang='lat' dir='ltr'><strong><em>adeo</em></strong></span> <span class='ocrx_word' id='word_1_47' title='bbox 1504 817 1845 874; x_wconf 84' lang='lat' dir='ltr'><strong><em>articulatam</em></strong></span> 
     </span>
    </p>
   </div>
   <div class='ocr_carea' id='block_1_8' title="bbox 270 896 1847 978">
    <p class='ocr_par' dir='ltr' id='par_1_8' title="bbox 270 896 1847 978">
     <span class='ocr_line' id='line_1_8' title="bbox 270 896 1847 978; baseline 0.013 -34"><span class='ocrx_word' id='word_1_48' title='bbox 270 906 390 946; x_wconf 87' lang='lat' dir='ltr'><strong><em>esse</em></strong></span> <span class='ocrx_word' id='word_1_49' title='bbox 424 907 584 960; x_wconf 85' lang='lat' dir='ltr'><strong><em>posse</em></strong></span> <span class='ocrx_word' id='word_1_50' title='bbox 621 896 850 951; x_wconf 75' lang='lat' dir='ltr'><strong><em>miratus</em></strong></span> <span class='ocrx_word' id='word_1_51' title='bbox 881 914 998 953; x_wconf 92' lang='lat' dir='ltr'><strong><em>sum</em></strong></span> <span class='ocrx_word' id='word_1_52' title='bbox 1030 918 1042 953; x_wconf 91' lang='lat'>:</span> <span class='ocrx_word' id='word_1_53' title='bbox 1068 903 1476 959; x_wconf 70' lang='lat' dir='ltr'><strong><em>instrumentum</em></strong></span> <span class='ocrx_word' id='word_1_54' title='bbox 1497 911 1638 962; x_wconf 83' lang='lat' dir='ltr'><strong><em>vocis</em></strong></span> <span class='ocrx_word' id='word_1_55' title='bbox 1668 909 1847 978; x_wconf 74' lang='lat' dir='ltr'><strong><em>inqui-</em></strong></span> 
     </span>
    </p>
   </div>
   <div class='ocr_carea' id='block_1_9' title="bbox 270 983 1846 1069">
    <p class='ocr_par' dir='ltr' id='par_1_9' title="bbox 270 983 1846 1069">
     <span class='ocr_line' id='line_1_9' title="bbox 270 983 1846 1069; baseline 0.015 -33"><span class='ocrx_word' id='word_1_56' title='bbox 270 983 448 1037; x_wconf 75' lang='lat' dir='ltr'><strong><em>rebant</em></strong></span> <span class='ocrx_word' id='word_1_57' title='bbox 482 1001 501 1039; x_wconf 89' lang='lat'><strong><em>:</em></strong></span> <span class='ocrx_word' id='word_1_58' title='bbox 538 995 589 1039; x_wconf 90' lang='lat' dir='ltr'><strong><em>et</em></strong></span> <span class='ocrx_word' id='word_1_59' title='bbox 632 989 851 1042; x_wconf 76' lang='lat' dir='ltr'><strong><em>auribus</em></strong></span> <span class='ocrx_word' id='word_1_60' title='bbox 904 1007 1007 1045; x_wconf 88' lang='lat' dir='ltr'><strong><em>non</em></strong></span> <span class='ocrx_word' id='word_1_61' title='bbox 1049 997 1302 1062; x_wconf 84' lang='lat' dir='ltr'><strong><em>credens,</em></strong></span> <span class='ocrx_word' id='word_1_62' title='bbox 1349 998 1518 1053; x_wconf 84' lang='lat' dir='ltr'><strong><em>oculis</em></strong></span> <span class='ocrx_word' id='word_1_63' title='bbox 1561 999 1846 1069; x_wconf 81' lang='lat' dir='ltr'><strong><em>judicamli</em></strong></span> 
     </span>
    </p>
   </div>
   <div class='ocr_carea' id='block_1_10' title="bbox 273 1078 1848 1158">
    <p class='ocr_par' dir='ltr' id='par_1_10' title="bbox 273 1078 1848 1158">
     <span class='ocr_line' id='line_1_10' title="bbox 273 1078 1848 1158; baseline 0.013 -32"><span class='ocrx_word' id='word_1_64' title='bbox 273 1091 462 1128; x_wconf 86' lang='lat' dir='ltr'><strong><em>munus</em></strong></span> <span class='ocrx_word' id='word_1_65' title='bbox 496 1078 695 1140; x_wconf 85' lang='lat' dir='ltr'><strong><em>remisi,</em></strong></span> <span class='ocrx_word' id='word_1_66' title='bbox 733 1091 888 1145; x_wconf 86' lang='lat' dir='ltr'><strong><em>atque</em></strong></span> <span class='ocrx_word' id='word_1_67' title='bbox 910 1098 998 1135; x_wconf 90' lang='lat' dir='ltr'><strong><em>ore</em></strong></span> <span class='ocrx_word' id='word_1_68' title='bbox 1026 1095 1207 1153; x_wconf 87' lang='lat' dir='ltr'><strong><em>aperto</em></strong></span> <span class='ocrx_word' id='word_1_69' title='bbox 1237 1086 1475 1158; x_wconf 84' lang='lat' dir='ltr'><strong><em>linguam</em></strong></span> <span class='ocrx_word' id='word_1_70' title='bbox 1512 1099 1675 1145; x_wconf 89' lang='lat' dir='ltr'><strong><em>totam</em></strong></span> <span class='ocrx_word' id='word_1_71' title='bbox 1703 1097 1848 1147; x_wconf 82' lang='lat' dir='ltr'><strong><em>radi-</em></strong></span> 
     </span>
    </p>
   </div>
   <div class='ocr_carea' id='block_1_11' title="bbox 274 1166 1850 1245">
    <p class='ocr_par' dir='ltr' id='par_1_11' title="bbox 274 1166 1850 1245">
     <span class='ocr_line' id='line_1_11' title="bbox 274 1166 1850 1245; baseline 0.013 -28"><span class='ocrx_word' id='word_1_72' title='bbox 274 1166 404 1219; x_wconf 80' lang='lat' dir='ltr'><strong><em>citus</em></strong></span> <span class='ocrx_word' id='word_1_73' title='bbox 430 1168 664 1222; x_wconf 82' lang='lat' dir='ltr'><strong><em>evulsam</em></strong></span> <span class='ocrx_word' id='word_1_74' title='bbox 695 1172 827 1237; x_wconf 65' lang='lat' dir='ltr'><strong><em>uilli,</em></strong></span> <span class='ocrx_word' id='word_1_75' title='bbox 862 1190 923 1226; x_wconf 89' lang='lat' dir='ltr'><strong><em>ac</em></strong></span> <span class='ocrx_word' id='word_1_76' title='bbox 953 1176 1277 1245; x_wconf 80' lang='lat' dir='ltr'><strong><em>stupefactus</em></strong></span> <span class='ocrx_word' id='word_1_77' title='bbox 1304 1180 1560 1245; x_wconf 86' lang='lat' dir='ltr'><strong><em>mirabar,</em></strong></span> <span class='ocrx_word' id='word_1_78' title='bbox 1590 1199 1692 1237; x_wconf 89' lang='lat' dir='ltr'><strong><em>non</em></strong></span> <span class='ocrx_word' id='word_1_79' title='bbox 1722 1202 1850 1239; x_wconf 84' lang='lat' dir='ltr'><strong><em>sane</em></strong></span> 
     </span>
    </p>
   </div>
   <div class='ocr_carea' id='block_1_12' title="bbox 273 1264 1845 1341">
    <p class='ocr_par' dir='ltr' id='par_1_12' title="bbox 273 1264 1845 1341">
     <span class='ocr_line' id='line_1_12' title="bbox 273 1264 1845 1341; baseline 0.013 -32"><span class='ocrx_word' id='word_1_80' title='bbox 273 1273 373 1325; x_wconf 85' lang='lat' dir='ltr'><strong><em>quo</em></strong></span> <span class='ocrx_word' id='word_1_81' title='bbox 406 1269 559 1326; x_wconf 79' lang='lat' dir='ltr'><strong><em>pacto</em></strong></span> <span class='ocrx_word' id='word_1_82' title='bbox 593 1277 766 1314; x_wconf 80' lang='lat' dir='ltr'><strong><em>vocem</em></strong></span> <span class='ocrx_word' id='word_1_83' title='bbox 810 1264 1226 1333; x_wconf 81' lang='lat' dir='ltr'><strong><em>conformarent,</em></strong></span> <span class='ocrx_word' id='word_1_84' title='bbox 1273 1273 1362 1324; x_wconf 81' lang='lat' dir='ltr'><strong><em>sed</em></strong></span> <span class='ocrx_word' id='word_1_85' title='bbox 1395 1288 1497 1341; x_wconf 86' lang='lat' dir='ltr'><strong><em>quo</em></strong></span> <span class='ocrx_word' id='word_1_86' title='bbox 1529 1276 1684 1328; x_wconf 84' lang='lat' dir='ltr'><strong><em>modo</em></strong></span> <span class='ocrx_word' id='word_1_87' title='bbox 1719 1293 1845 1329; x_wconf 87' lang='lat' dir='ltr'><strong><em>con-</em></strong></span> 
     </span>
    </p>
   </div>
   <div class='ocr_carea' id='block_1_13' title="bbox 272 1347 1849 1430">
    <p class='ocr_par' dir='ltr' id='par_1_13' title="bbox 272 1347 1849 1430">
     <span class='ocr_line' id='line_1_13' title="bbox 272 1347 1849 1430; baseline 0.016 -34"><span class='ocrx_word' id='word_1_88' title='bbox 272 1347 461 1398; x_wconf 68' lang='lat' dir='ltr'><strong><em>serenti</em></strong></span> <span class='ocrx_word' id='word_1_89' title='bbox 511 1360 705 1402; x_wconf 82' lang='lat' dir='ltr'><strong><em>essent.</em></strong></span> <span class='ocrx_word' id='word_1_90' title='bbox 758 1349 885 1407; x_wconf 62' lang='lat' dir='ltr'><strong><em>llaec</em></strong></span> <span class='ocrx_word' id='word_1_91' title='bbox 917 1353 1142 1411; x_wconf 66' lang='lat' dir='ltr'><strong><em>Aineas.</em></strong></span> <span class='ocrx_word' id='word_1_92' title='bbox 1186 1358 1304 1413; x_wconf 67' lang='lat' dir='ltr'><strong><em>3am</em></strong></span> <span class='ocrx_word' id='word_1_93' title='bbox 1353 1376 1480 1415; x_wconf 88' lang='lat' dir='ltr'><strong><em>vero</em></strong></span> <span class='ocrx_word' id='word_1_94' title='bbox 1520 1365 1681 1430; x_wconf 90' lang='lat' dir='ltr'><strong><em>paulo</em></strong></span> <span class='ocrx_word' id='word_1_95' title='bbox 1723 1375 1849 1421; x_wconf 90' lang='lat' dir='ltr'><strong><em>ante</em></strong></span> 
     </span>
    </p>
   </div>
   <div class='ocr_carea' id='block_1_14' title="bbox 274 1433 1849 1525">
    <p class='ocr_par' dir='ltr' id='par_1_14' title="bbox 274 1433 1849 1525">
     <span class='ocr_line' id='line_1_14' title="bbox 274 1433 1849 1525; baseline 0.017 -39"><span class='ocrx_word' id='word_1_96' title='bbox 274 1433 544 1490; x_wconf 73' lang='lat' dir='ltr'><strong><em>Victorem</em></strong></span> <span class='ocrx_word' id='word_1_97' title='bbox 593 1440 862 1498; x_wconf 87' lang='lat' dir='ltr'><strong><em>Vitensem</em></strong></span> <span class='ocrx_word' id='word_1_98' title='bbox 907 1455 1195 1504; x_wconf 79' lang='lat' dir='ltr'><strong><em>testantem</em></strong></span> <span class='ocrx_word' id='word_1_99' title='bbox 1245 1453 1570 1519; x_wconf 80' lang='lat' dir='ltr'><strong><em>audivimus,</em></strong></span> <span class='ocrx_word' id='word_1_100' title='bbox 1615 1454 1849 1525; x_wconf 86' lang='lat' dir='ltr'><strong><em>Repara-</em></strong></span> 
     </span>
    </p>
   </div>
   <div class='ocr_carea' id='block_1_15' title="bbox 274 1532 1849 1609">
    <p class='ocr_par' dir='ltr' id='par_1_15' title="bbox 274 1532 1849 1609">
     <span class='ocr_line' id='line_1_15' title="bbox 274 1532 1849 1609; baseline 0.015 -30"><span class='ocrx_word' id='word_1_101' title='bbox 274 1538 381 1580; x_wconf 83' lang='lat' dir='ltr'><strong><em>tum</em></strong></span> <span class='ocrx_word' id='word_1_102' title='bbox 428 1532 797 1587; x_wconf 84' lang='lat' dir='ltr'><strong><em>subdiaconem</em></strong></span> <span class='ocrx_word' id='word_1_103' title='bbox 835 1534 1303 1609; x_wconf 83' lang='lat' dir='ltr'><strong><em>Constantinopoli</em></strong></span> <span class='ocrx_word' id='word_1_104' title='bbox 1342 1545 1615 1600; x_wconf 79' lang='lat' dir='ltr'><strong><em>exstitisse</em></strong></span> <span class='ocrx_word' id='word_1_105' title='bbox 1656 1564 1849 1603; x_wconf 80' lang='lat' dir='ltr'><strong><em>sermo-</em></strong></span> 
     </span>
    </p>
   </div>
   <div class='ocr_carea' id='block_1_16' title="bbox 274 1620 1848 1704">
    <p class='ocr_par' dir='ltr' id='par_1_16' title="bbox 274 1620 1848 1704">
     <span class='ocr_line' id='line_1_16' title="bbox 274 1620 1848 1704; baseline 0.016 -34"><span class='ocrx_word' id='word_1_106' title='bbox 274 1634 363 1671; x_wconf 84' lang='lat' dir='ltr'><strong><em>nes</em></strong></span> <span class='ocrx_word' id='word_1_107' title='bbox 392 1620 583 1687; x_wconf 72' lang='lat' dir='ltr'><strong><em>politos</em></strong></span> <span class='ocrx_word' id='word_1_108' title='bbox 611 1625 722 1678; x_wconf 82' lang='lat' dir='ltr'><strong><em>sine</em></strong></span> <span class='ocrx_word' id='word_1_109' title='bbox 760 1626 867 1681; x_wconf 88' lang='lat' dir='ltr'><strong><em>ulla</em></strong></span> <span class='ocrx_word' id='word_1_110' title='bbox 903 1630 1188 1698; x_wconf 74' lang='lat' dir='ltr'><strong><em>offensione</em></strong></span> <span class='ocrx_word' id='word_1_111' title='bbox 1222 1632 1534 1704; x_wconf 82' lang='lat' dir='ltr'><strong><em>loquentem.</em></strong></span> <span class='ocrx_word' id='word_1_112' title='bbox 1561 1636 1698 1702; x_wconf 85' lang='lat' dir='ltr'><strong><em>Quid</em></strong></span> <span class='ocrx_word' id='word_1_113' title='bbox 1722 1654 1848 1695; x_wconf 77' lang='lat' dir='ltr'><strong><em>vero</em></strong></span> 
     </span>
    </p>
   </div>
   <div class='ocr_carea' id='block_1_17' title="bbox 274 1705 1849 1783">
    <p class='ocr_par' dir='ltr' id='par_1_17' title="bbox 274 1705 1849 1783">
     <span class='ocr_line' id='line_1_17' title="bbox 274 1705 1849 1783; baseline 0.015 -25"><span class='ocrx_word' id='word_1_114' title='bbox 274 1705 623 1767; x_wconf 72' lang='lat' dir='ltr'><strong><em>Marcellinus</em></strong></span> <span class='ocrx_word' id='word_1_115' title='bbox 646 1718 864 1770; x_wconf 84' lang='lat' dir='ltr'><strong><em>comes?</em></strong></span> <span class='ocrx_word' id='word_1_116' title='bbox 891 1717 1021 1772; x_wconf 82' lang='lat' dir='ltr'><strong><em>Eum</em></strong></span> <span class='ocrx_word' id='word_1_117' title='bbox 1042 1722 1170 1774; x_wconf 84' lang='lat' dir='ltr'><strong><em>item</em></strong></span> <span class='ocrx_word' id='word_1_118' title='bbox 1198 1721 1312 1776; x_wconf 62' lang='lat' dir='ltr'><strong><em>haec</em></strong></span> <span class='ocrx_word' id='word_1_119' title='bbox 1333 1736 1662 1780; x_wconf 90' lang='lat' dir='ltr'><strong><em>asserentem</em></strong></span> <span class='ocrx_word' id='word_1_120' title='bbox 1690 1731 1849 1783; x_wconf 86' lang='lat' dir='ltr'><strong><em>modo</em></strong></span> 
     </span>
    </p>
   </div>
   <div class='ocr_carea' id='block_1_18' title="bbox 277 1800 1846 1887">
    <p class='ocr_par' dir='ltr' id='par_1_18' title="bbox 277 1800 1846 1887">
     <span class='ocr_line' id='line_1_18' title="bbox 277 1800 1846 1887; baseline 0.015 -37"><span class='ocrx_word' id='word_1_121' title='bbox 277 1800 638 1858; x_wconf 65' lang='lat' dir='ltr'><strong><em>intelleximus</em></strong></span> <span class='ocrx_word' id='word_1_122' title='bbox 669 1821 683 1858; x_wconf 89' lang='lat'><strong>:</strong></span> <span class='ocrx_word' id='word_1_123' title='bbox 709 1808 1016 1869; x_wconf 82' lang='lat' dir='ltr'><strong><em>Aliquantos</em></strong></span> <span class='ocrx_word' id='word_1_124' title='bbox 1046 1829 1159 1881; x_wconf 86' lang='lat' dir='ltr'><strong><em>ego,</em></strong></span> <span class='ocrx_word' id='word_1_125' title='bbox 1196 1814 1390 1883; x_wconf 88' lang='lat' dir='ltr'><strong><em>inquit,</em></strong></span> <span class='ocrx_word' id='word_1_126' title='bbox 1424 1817 1846 1887; x_wconf 83' lang='lat' dir='ltr'><strong><em>religiosissimos</em></strong></span> 
     </span>
    </p>
   </div>
   <div class='ocr_carea' id='block_1_19' title="bbox 273 1892 1846 1981">
    <p class='ocr_par' dir='ltr' id='par_1_19' title="bbox 273 1892 1846 1981">
     <span class='ocr_line' id='line_1_19' title="bbox 273 1892 1846 1981; baseline 0.013 -38"><span class='ocrx_word' id='word_1_127' title='bbox 273 1892 433 1957; x_wconf 75' lang='lat' dir='ltr'><strong><em>viros,</em></strong></span> <span class='ocrx_word' id='word_1_128' title='bbox 492 1899 724 1959; x_wconf 68' lang='lat' dir='ltr'><strong><em>pra’cisis</em></strong></span> <span class='ocrx_word' id='word_1_129' title='bbox 754 1898 951 1969; x_wconf 86' lang='lat' dir='ltr'><strong><em>linguis</em></strong></span> <span class='ocrx_word' id='word_1_130' title='bbox 1093 1905 1232 1971; x_wconf 83' lang='lat' dir='ltr'><strong><em>apud</em></strong></span> <span class='ocrx_word' id='word_1_131' title='bbox 1281 1904 1599 1976; x_wconf 79' lang='lat' dir='ltr'><strong><em>Byzantium</em></strong></span> <span class='ocrx_word' id='word_1_132' title='bbox 1642 1909 1846 1981; x_wconf 74' lang='lat' dir='ltr'><strong><em>integra</em></strong></span> 
     </span>
    </p>
   </div>
   <div class='ocr_carea' id='block_1_20' title="bbox 275 1989 1846 2075">
    <p class='ocr_par' dir='ltr' id='par_1_20' title="bbox 275 1989 1846 2075">
     <span class='ocr_line' id='line_1_20' title="bbox 275 1989 1846 2075; baseline 0.014 -44"><span class='ocrx_word' id='word_1_133' title='bbox 275 1995 404 2036; x_wconf 72' lang='lat' dir='ltr'><strong><em>voce</em></strong></span> <span class='ocrx_word' id='word_1_134' title='bbox 437 1990 685 2056; x_wconf 70' lang='lat' dir='ltr'><strong><em>conspexi</em></strong></span> <span class='ocrx_word' id='word_1_135' title='bbox 730 1989 1040 2075; x_wconf 67' lang='lat' dir='ltr'><strong><em>loquentes.</em></strong></span> <span class='ocrx_word' id='word_1_136' title='bbox 1078 1994 1376 2065; x_wconf 86' lang='lat' dir='ltr'><strong><em>Procopius</em></strong></span> <span class='ocrx_word' id='word_1_137' title='bbox 1410 1999 1662 2069; x_wconf 85' lang='lat' dir='ltr'><strong><em>denique,</em></strong></span> <span class='ocrx_word' id='word_1_138' title='bbox 1700 2000 1846 2055; x_wconf 77' lang='lat' dir='ltr'><strong><em>Mul-</em></strong></span> 
     </span>
    </p>
   </div>
   <div class='ocr_carea' id='block_1_21' title="bbox 275 2072 1853 2152">
    <p class='ocr_par' dir='ltr' id='par_1_21' title="bbox 275 2072 1853 2152">
     <span class='ocr_line' id='line_1_21' title="bbox 275 2072 1853 2152; baseline 0.016 -28"><span class='ocrx_word' id='word_1_139' title='bbox 275 2072 364 2139; x_wconf 81' lang='lat' dir='ltr'><strong><em>tis,</em></strong></span> <span class='ocrx_word' id='word_1_140' title='bbox 409 2076 505 2143; x_wconf 88' lang='lat' dir='ltr'><strong><em>ait,</em></strong></span> <span class='ocrx_word' id='word_1_141' title='bbox 555 2079 790 2151; x_wconf 85' lang='lat' dir='ltr'><strong><em>linguam</em></strong></span> <span class='ocrx_word' id='word_1_142' title='bbox 855 2072 1092 2152; x_wconf 73' lang='lat' dir='ltr'><strong><em>faucium</em></strong></span> <span class='ocrx_word' id='word_1_143' title='bbox 1125 2097 1276 2141; x_wconf 83' lang='lat' dir='ltr'><strong><em>tenus</em></strong></span> <span class='ocrx_word' id='word_1_144' title='bbox 1330 2091 1554 2143; x_wconf 85' lang='lat' dir='ltr'><strong><em>abscidit</em></strong></span> <span class='ocrx_word' id='word_1_145' title='bbox 1594 2093 1853 2149; x_wconf 30' lang='lat' dir='ltr'><strong><em>llluneri.</em></strong></span> 
     </span>
    </p>
   </div>
   <div class='ocr_carea' id='block_1_22' title="bbox 275 2164 1856 2253">
    <p class='ocr_par' dir='ltr' id='par_1_22' title="bbox 275 2164 1856 2253">
     <span class='ocr_line' id='line_1_22' title="bbox 275 2164 1856 2253; baseline 0.016 -37"><span class='ocrx_word' id='word_1_146' title='bbox 275 2164 393 2251; x_wconf 68' lang='lat' dir='ltr'><strong><em>cus)</em></strong></span> <span class='ocrx_word' id='word_1_147' title='bbox 418 2168 509 2236; x_wconf 86' lang='lat' dir='ltr'><strong><em>qui</em></strong></span> <span class='ocrx_word' id='word_1_148' title='bbox 533 2183 712 2227; x_wconf 88' lang='lat' dir='ltr'><strong><em>nostra</em></strong></span> <span class='ocrx_word' id='word_1_149' title='bbox 740 2175 898 2229; x_wconf 86' lang='lat' dir='ltr'><strong><em>etiam</em></strong></span> <span class='ocrx_word' id='word_1_150' title='bbox 940 2189 1095 2231; x_wconf 67' lang='lat' dir='ltr'><strong><em>astate</em></strong></span> <span class='ocrx_word' id='word_1_151' title='bbox 1134 2183 1438 2247; x_wconf 83' lang='lat' dir='ltr'><strong><em>superstites</em></strong></span> <span class='ocrx_word' id='word_1_152' title='bbox 1464 2181 1728 2253; x_wconf 82' lang='lat' dir='ltr'><strong><em>Byzantii,</em></strong></span> <span class='ocrx_word' id='word_1_153' title='bbox 1761 2203 1856 2240; x_wconf 75' lang='lat' dir='ltr'><strong><em>cx-</em></strong></span> 
     </span>
    </p>
   </div>
   <div class='ocr_carea' id='block_1_23' title="bbox 276 2253 1853 2338">
    <p class='ocr_par' dir='ltr' id='par_1_23' title="bbox 276 2253 1853 2338">
     <span class='ocr_line' id='line_1_23' title="bbox 276 2253 1853 2338; baseline 0.017 -33"><span class='ocrx_word' id='word_1_154' title='bbox 276 2253 491 2320; x_wconf 87' lang='lat' dir='ltr'><strong><em>planate</em></strong></span> <span class='ocrx_word' id='word_1_155' title='bbox 522 2259 900 2330; x_wconf 81' lang='lat' dir='ltr'><strong><em>loquebantur,</em></strong></span> <span class='ocrx_word' id='word_1_156' title='bbox 932 2269 1134 2323; x_wconf 88' lang='lat' dir='ltr'><strong><em>nullum</em></strong></span> <span class='ocrx_word' id='word_1_157' title='bbox 1175 2273 1436 2338; x_wconf 77' lang='lat' dir='ltr'><strong><em>capientes</em></strong></span> <span class='ocrx_word' id='word_1_158' title='bbox 1465 2290 1675 2329; x_wconf 85' lang='lat' dir='ltr'><strong><em>sensum</em></strong></span> <span class='ocrx_word' id='word_1_159' title='bbox 1704 2277 1853 2331; x_wconf 84' lang='lat' dir='ltr'><strong><em>illius</em></strong></span> 
     </span>
    </p>
   </div>
   <div class='ocr_carea' id='block_1_24' title="bbox 275 2348 1853 2435">
    <p class='ocr_par' dir='ltr' id='par_1_24' title="bbox 275 2348 1853 2435">
     <span class='ocr_line' id='line_1_24' title="bbox 275 2348 1853 2435; baseline 0.016 -38"><span class='ocrx_word' id='word_1_160' title='bbox 275 2359 457 2411; x_wconf 65' lang='lat' dir='ltr'><strong><em>plena.</em></strong></span> <span class='ocrx_word' id='word_1_161' title='bbox 507 2348 748 2416; x_wconf 86' lang='lat' dir='ltr'><strong><em>Quorum</em></strong></span> <span class='ocrx_word' id='word_1_162' title='bbox 782 2354 940 2423; x_wconf 86' lang='lat' dir='ltr'><strong><em>plane</em></strong></span> <span class='ocrx_word' id='word_1_163' title='bbox 998 2359 1293 2414; x_wconf 87' lang='lat' dir='ltr'><strong><em>illustrium</em></strong></span> <span class='ocrx_word' id='word_1_164' title='bbox 1350 2364 1567 2417; x_wconf 87' lang='lat' dir='ltr'><strong><em>testium</em></strong></span> <span class='ocrx_word' id='word_1_165' title='bbox 1598 2364 1853 2435; x_wconf 66' lang='lat' dir='ltr'><strong><em>loquendi</em></strong></span> 
     </span>
    </p>
   </div>
   <div class='ocr_carea' id='block_1_25' title="bbox 278 2437 1850 2519">
    <p class='ocr_par' dir='ltr' id='par_1_25' title="bbox 278 2437 1850 2519">
     <span class='ocr_line' id='line_1_25' title="bbox 278 2437 1850 2519; baseline 0.015 -32"><span class='ocrx_word' id='word_1_166' title='bbox 278 2437 516 2493; x_wconf 83' lang='lat' dir='ltr'><strong><em>rationes</em></strong></span> <span class='ocrx_word' id='word_1_167' title='bbox 558 2441 835 2512; x_wconf 81' lang='lat' dir='ltr'><strong><em>ﬂagitant,</em></strong></span> <span class='ocrx_word' id='word_1_168' title='bbox 889 2461 995 2502; x_wconf 89' lang='lat' dir='ltr'><strong><em>non</em></strong></span> <span class='ocrx_word' id='word_1_169' title='bbox 1045 2453 1360 2519; x_wconf 82' lang='lat' dir='ltr'><strong><em>postulant,</em></strong></span> <span class='ocrx_word' id='word_1_170' title='bbox 1406 2454 1457 2507; x_wconf 85' lang='lat' dir='ltr'><strong><em>iu</em></strong></span> <span class='ocrx_word' id='word_1_171' title='bbox 1514 2453 1850 2512; x_wconf 82' lang='lat' dir='ltr'><strong><em>Justinianea</em></strong></span> 
     </span>
    </p>
   </div>
   <div class='ocr_carea' id='block_1_26' title="bbox 276 2529 1851 2603">
    <p class='ocr_par' dir='ltr' id='par_1_26' title="bbox 276 2529 1851 2603">
     <span class='ocr_line' id='line_1_26' title="bbox 276 2529 1851 2603; baseline 0.015 -23"><span class='ocrx_word' id='word_1_172' title='bbox 276 2529 674 2590; x_wconf 89' lang='lat' dir='ltr'><strong><em>constitutione</em></strong></span> <span class='ocrx_word' id='word_1_173' title='bbox 704 2538 1020 2592; x_wconf 88' lang='lat' dir='ltr'><strong><em>mirabiliter</em></strong></span> <span class='ocrx_word' id='word_1_174' title='bbox 1045 2543 1473 2600; x_wconf 83' lang='lat' dir='ltr'><strong><em>rescribendum.</em></strong></span> <span class='ocrx_word' id='word_1_175' title='bbox 1504 2546 1677 2601; x_wconf 82' lang='lat' dir='ltr'><strong><em>Abeat</em></strong></span> <span class='ocrx_word' id='word_1_176' title='bbox 1708 2563 1851 2603; x_wconf 87' lang='lat' dir='ltr'><strong><em>nunc</em></strong></span> 
     </span>
    </p>
   </div>
   <div class='ocr_carea' id='block_1_27' title="bbox 277 2615 1855 2707">
    <p class='ocr_par' dir='ltr' id='par_1_27' title="bbox 277 2615 1855 2707">
     <span class='ocr_line' id='line_1_27' title="bbox 277 2615 1855 2707; baseline 0.017 -38"><span class='ocrx_word' id='word_1_177' title='bbox 277 2615 447 2685; x_wconf 88' lang='lat' dir='ltr'><strong><em>igitur</em></strong></span> <span class='ocrx_word' id='word_1_178' title='bbox 474 2636 777 2694; x_wconf 88' lang='lat' dir='ltr'><strong><em>anonymus</em></strong></span> <span class='ocrx_word' id='word_1_179' title='bbox 805 2631 1030 2687; x_wconf 86' lang='lat' dir='ltr'><strong><em>criticus</em></strong></span> <span class='ocrx_word' id='word_1_180' title='bbox 1066 2632 1383 2703; x_wconf 87' lang='lat' dir='ltr'><strong><em>Lipsiensis,</em></strong></span> <span class='ocrx_word' id='word_1_181' title='bbox 1414 2646 1469 2690; x_wconf 90' lang='lat' dir='ltr'><strong><em>et</em></strong></span> <span class='ocrx_word' id='word_1_182' title='bbox 1488 2639 1603 2692; x_wconf 86' lang='lat' dir='ltr'><strong><em>suis</em></strong></span> <span class='ocrx_word' id='word_1_183' title='bbox 1629 2653 1855 2707; x_wconf 77' lang='lat' dir='ltr'><strong><em>persua-</em></strong></span> 
     </span>
    </p>
   </div>
   <div class='ocr_carea' id='block_1_28' title="bbox 276 2708 1857 2798">
    <p class='ocr_par' dir='ltr' id='par_1_28' title="bbox 276 2708 1857 2798">
     <span class='ocr_line' id='line_1_28' title="bbox 276 2708 1857 2798; baseline 0.016 -37"><span class='ocrx_word' id='word_1_184' title='bbox 276 2708 403 2764; x_wconf 88' lang='lat' dir='ltr'><strong><em>deat</em></strong></span> <span class='ocrx_word' id='word_1_185' title='bbox 434 2712 554 2769; x_wconf 91' lang='lat' dir='ltr'><strong><em>illos</em></strong></span> <span class='ocrx_word' id='word_1_186' title='bbox 584 2721 924 2778; x_wconf 81' lang='lat' dir='ltr'><strong><em>venerabiles</em></strong></span> <span class='ocrx_word' id='word_1_187' title='bbox 960 2724 1108 2780; x_wconf 90' lang='lat' dir='ltr'><strong><em>viros</em></strong></span> <span class='ocrx_word' id='word_1_188' title='bbox 1137 2740 1275 2795; x_wconf 91' lang='lat' dir='ltr'><strong><em>quos</em></strong></span> <span class='ocrx_word' id='word_1_189' title='bbox 1306 2726 1649 2785; x_wconf 87' lang='lat' dir='ltr'><strong><em>Justinianus</em></strong></span> <span class='ocrx_word' id='word_1_190' title='bbox 1686 2731 1857 2798; x_wconf 88' lang='lat' dir='ltr'><strong><em>impe-</em></strong></span> 
     </span>
    </p>
   </div>
   <div class='ocr_carea' id='block_1_29' title="bbox 276 2806 1859 2884">
    <p class='ocr_par' dir='ltr' id='par_1_29' title="bbox 276 2806 1859 2884">
     <span class='ocr_line' id='line_1_29' title="bbox 276 2806 1859 2884; baseline 0.013 -31"><span class='ocrx_word' id='word_1_191' title='bbox 276 2809 433 2856; x_wconf 79' lang='lat' dir='ltr'><strong><em>rator</em></strong></span> <span class='ocrx_word' id='word_1_192' title='bbox 472 2817 533 2859; x_wconf 83' lang='lat' dir='ltr'><strong><em>se</em></strong></span> <span class='ocrx_word' id='word_1_193' title='bbox 560 2806 756 2865; x_wconf 78' lang='lat' dir='ltr'><strong><em>vidisse</em></strong></span> <span class='ocrx_word' id='word_1_194' title='bbox 785 2821 1035 2882; x_wconf 88' lang='lat' dir='ltr'><strong><em>testatur,</em></strong></span> <span class='ocrx_word' id='word_1_195' title='bbox 1065 2834 1170 2871; x_wconf 87' lang='lat' dir='ltr'><strong><em>non</em></strong></span> <span class='ocrx_word' id='word_1_196' title='bbox 1204 2820 1398 2873; x_wconf 84' lang='lat' dir='ltr'><strong><em>diserte</em></strong></span> <span class='ocrx_word' id='word_1_197' title='bbox 1430 2820 1672 2884; x_wconf 90' lang='lat' dir='ltr'><strong><em>clareque</em></strong></span> <span class='ocrx_word' id='word_1_198' title='bbox 1708 2821 1859 2873; x_wconf 86' lang='lat' dir='ltr'><strong><em>locu-</em></strong></span> 
     </span>
    </p>
   </div>
   <div class='ocr_carea' id='block_1_30' title="bbox 275 2894 1854 2976">
    <p class='ocr_par' dir='ltr' id='par_1_30' title="bbox 275 2894 1854 2976">
     <span class='ocr_line' id='line_1_30' title="bbox 275 2894 1854 2976; baseline 0.015 -33"><span class='ocrx_word' id='word_1_199' title='bbox 275 2900 376 2956; x_wconf 90' lang='lat' dir='ltr'><strong><em>tos,</em></strong></span> <span class='ocrx_word' id='word_1_200' title='bbox 421 2894 513 2947; x_wconf 83' lang='lat' dir='ltr'><strong><em>sed</em></strong></span> <span class='ocrx_word' id='word_1_201' title='bbox 556 2900 956 2970; x_wconf 83' lang='lat' dir='ltr'><strong><em>miserabiliter;</em></strong></span> <span class='ocrx_word' id='word_1_202' title='bbox 991 2908 1118 2975; x_wconf 88' lang='lat' dir='ltr'><strong><em>quin</em></strong></span> <span class='ocrx_word' id='word_1_203' title='bbox 1167 2918 1221 2963; x_wconf 92' lang='lat' dir='ltr'><strong><em>et</em></strong></span> <span class='ocrx_word' id='word_1_204' title='bbox 1251 2924 1345 2965; x_wconf 88' lang='lat' dir='ltr'><strong><em>eos</em></strong></span> <span class='ocrx_word' id='word_1_205' title='bbox 1391 2910 1537 2965; x_wconf 84' lang='lat' dir='ltr'><strong><em>nullo</em></strong></span> <span class='ocrx_word' id='word_1_206' title='bbox 1574 2912 1854 2976; x_wconf 86' lang='lat' dir='ltr'><strong><em>miraculo,</em></strong></span> 
     </span>
    </p>
   </div>
   <div class='ocr_carea' id='block_1_31' title="bbox 272 2983 1321 3065">
    <p class='ocr_par' dir='ltr' id='par_1_31' title="bbox 272 2983 1321 3065">
     <span class='ocr_line' id='line_1_31' title="bbox 272 2983 1321 3065; baseline 0.017 -30"><span class='ocrx_word' id='word_1_207' title='bbox 272 2983 366 3037; x_wconf 84' lang='lat' dir='ltr'><strong><em>sed</em></strong></span> <span class='ocrx_word' id='word_1_208' title='bbox 395 2984 583 3055; x_wconf 76' lang='lat' dir='ltr'><strong><em>ﬁgura</em></strong></span> <span class='ocrx_word' id='word_1_209' title='bbox 612 2991 865 3050; x_wconf 77' lang='lat' dir='ltr'><strong><em>rhetorica</em></strong></span> <span class='ocrx_word' id='word_1_210' title='bbox 901 2996 1065 3065; x_wconf 83' lang='lat' dir='ltr'><strong><em>fuisse</em></strong></span> <span class='ocrx_word' id='word_1_211' title='bbox 1096 2998 1321 3053; x_wconf 89' lang='lat' dir='ltr'><strong><em>locutos.</em></strong></span> 
     </span>
    </p>
   </div>
   <div class='ocr_carea' id='block_1_32' title="bbox 341 3096 1859 3187">
    <p class='ocr_par' dir='ltr' id='par_1_32' title="bbox 341 3096 1859 3187">
     <span class='ocr_line' id='line_1_32' title="bbox 341 3096 1859 3187; baseline 0.014 -38"><span class='ocrx_word' id='word_1_212' title='bbox 341 3096 439 3152; x_wconf 83' lang='lat' dir='ltr'><strong><em>Vl.</em></strong></span> <span class='ocrx_word' id='word_1_213' title='bbox 488 3118 508 3152; x_wconf 74' lang='grc' dir='ltr'><strong><em>ι</em></strong></span> <span class='ocrx_word' id='word_1_214' title='bbox 539 3101 712 3161; x_wconf 82' lang='lat' dir='ltr'><strong><em>Habes</em></strong></span> <span class='ocrx_word' id='word_1_215' title='bbox 773 3109 975 3179; x_wconf 86' lang='lat' dir='ltr'><strong><em>itaque,</em></strong></span> <span class='ocrx_word' id='word_1_216' title='bbox 1007 3121 1064 3165; x_wconf 90' lang='lat' dir='ltr'><strong><em>ut</em></strong></span> <span class='ocrx_word' id='word_1_217' title='bbox 1104 3113 1171 3167; x_wconf 85' lang='lat' dir='ltr'><strong><em>de</em></strong></span> <span class='ocrx_word' id='word_1_218' title='bbox 1209 3112 1331 3169; x_wconf 89' lang='lat' dir='ltr'><strong><em>aliis</em></strong></span> <span class='ocrx_word' id='word_1_219' title='bbox 1379 3124 1584 3169; x_wconf 87' lang='lat' dir='ltr'><strong><em>taceam</em></strong></span> <span class='ocrx_word' id='word_1_220' title='bbox 1617 3113 1859 3187; x_wconf 82' lang='lat' dir='ltr'><strong><em>(Barouii</em></strong></span> 
     </span>
    </p>
   </div>
   <div class='ocr_carea' id='block_1_33' title="bbox 279 3190 1857 3277">
    <p class='ocr_par' dir='ltr' id='par_1_33' title="bbox 279 3190 1857 3277">
     <span class='ocr_line' id='line_1_33' title="bbox 279 3190 1857 3277; baseline 0.011 -35"><span class='ocrx_word' id='word_1_221' title='bbox 279 3190 375 3245; x_wconf 87' lang='lat' dir='ltr'><strong><em>viri</em></strong></span> <span class='ocrx_word' id='word_1_222' title='bbox 440 3195 663 3250; x_wconf 65' lang='lat' dir='ltr'><strong><em>maximi</em></strong></span> <span class='ocrx_word' id='word_1_223' title='bbox 696 3198 811 3270; x_wconf 70' lang='lat'><strong><em>(‘29)</em></strong></span> <span class='ocrx_word' id='word_1_224' title='bbox 862 3204 1040 3259; x_wconf 82' lang='lat' dir='ltr'><strong><em>verbis</em></strong></span> <span class='ocrx_word' id='word_1_225' title='bbox 1075 3204 1242 3275; x_wconf 89' lang='lat' dir='ltr'><strong><em>utor),</em></strong></span> <span class='ocrx_word' id='word_1_226' title='bbox 1274 3207 1511 3276; x_wconf 85' lang='lat' dir='ltr'><strong><em>quinque</em></strong></span> <span class='ocrx_word' id='word_1_227' title='bbox 1554 3208 1644 3277; x_wconf 87' lang='lat' dir='ltr'><strong><em>qui</em></strong></span> <span class='ocrx_word' id='word_1_228' title='bbox 1671 3208 1857 3262; x_wconf 86' lang='lat' dir='ltr'><strong><em>eadem</em></strong></span> 
     </span>
    </p>
   </div>
   <div class='ocr_carea' id='block_1_34' title="bbox 267 3285 1861 3365">
    <p class='ocr_par' dir='ltr' id='par_1_34' title="bbox 267 3285 1861 3365">
     <span class='ocr_line' id='line_1_34' title="bbox 267 3285 1861 3365; baseline 0.011 -32"><span class='ocrx_word' id='word_1_229' title='bbox 267 3297 382 3350; x_wconf 74' lang='lat' dir='ltr'><strong><em>qua:</em></strong></span> <span class='ocrx_word' id='word_1_230' title='bbox 431 3285 684 3342; x_wconf 85' lang='lat' dir='ltr'><strong><em>viderunt</em></strong></span> <span class='ocrx_word' id='word_1_231' title='bbox 716 3300 772 3344; x_wconf 89' lang='lat' dir='ltr'><strong><em>et</em></strong></span> <span class='ocrx_word' id='word_1_232' title='bbox 817 3294 1127 3359; x_wconf 87' lang='lat' dir='ltr'><strong><em>audierunt,</em></strong></span> <span class='ocrx_word' id='word_1_233' title='bbox 1177 3297 1505 3365; x_wconf 87' lang='lat' dir='ltr'><strong><em>scriptorum</em></strong></span> <span class='ocrx_word' id='word_1_234' title='bbox 1542 3311 1861 3352; x_wconf 83' lang='lat' dir='ltr'><strong><em>monumen-</em></strong></span> 
     </span>
    </p>
   </div>
   <div class='ocr_carea' id='block_1_35' title="bbox 268 3375 1863 3455">
    <p class='ocr_par' dir='ltr' id='par_1_35' title="bbox 268 3375 1863 3455">
     <span class='ocr_line' id='line_1_35' title="bbox 268 3375 1863 3455; baseline 0.01 -29"><span class='ocrx_word' id='word_1_235' title='bbox 268 3375 357 3440; x_wconf 87' lang='lat' dir='ltr'><strong><em>tis,</em></strong></span> <span class='ocrx_word' id='word_1_236' title='bbox 394 3378 646 3444; x_wconf 76' lang='lat' dir='ltr'><strong><em>posteris</em></strong></span> <span class='ocrx_word' id='word_1_237' title='bbox 694 3385 1171 3451; x_wconf 88' lang='lat' dir='ltr'><strong><em>commendarunt,</em></strong></span> <span class='ocrx_word' id='word_1_238' title='bbox 1209 3400 1402 3454; x_wconf 88' lang='lat' dir='ltr'><strong><em>nempe</em></strong></span> <span class='ocrx_word' id='word_1_239' title='bbox 1434 3386 1707 3441; x_wconf 71' lang='lat' dir='ltr'><strong><em>Victorem</em></strong></span> <span class='ocrx_word' id='word_1_240' title='bbox 1753 3387 1863 3455; x_wconf 88' lang='lat' dir='ltr'><strong><em>epi-</em></strong></span> 
     </span>
    </p>
   </div>
   <div class='ocr_carea' id='block_1_36' title="bbox 271 3469 1859 3545">
    <p class='ocr_par' dir='ltr' id='par_1_36' title="bbox 271 3469 1859 3545">
     <span class='ocr_line' id='line_1_36' title="bbox 271 3469 1859 3545; baseline 0.008 -25"><span class='ocrx_word' id='word_1_241' title='bbox 271 3480 498 3538; x_wconf 79' lang='lat' dir='ltr'><strong><em>scopum</em></strong></span> <span class='ocrx_word' id='word_1_242' title='bbox 556 3469 862 3527; x_wconf 83' lang='lat' dir='ltr'><strong><em>Uticensem</em></strong></span> <span class='ocrx_word' id='word_1_243' title='bbox 898 3475 955 3544; x_wconf 92' lang='lat' dir='ltr'><strong><em>(l.</em></strong></span> <span class='ocrx_word' id='word_1_244' title='bbox 992 3475 1319 3545; x_wconf 82' lang='lat' dir='ltr'><strong><em>Viteusem),</em></strong></span> <span class='ocrx_word' id='word_1_245' title='bbox 1362 3477 1726 3533; x_wconf 83' lang='lat' dir='ltr'><strong><em>.lustiniauum</em></strong></span> <span class='ocrx_word' id='word_1_246' title='bbox 1761 3479 1859 3533; x_wconf 87' lang='lat' dir='ltr'><strong><em>im-</em></strong></span> 
     </span>
    </p>
   </div>
   <div class='ocr_carea' id='block_1_37' title="bbox 270 3563 1861 3635">
    <p class='ocr_par' dir='ltr' id='par_1_37' title="bbox 270 3563 1861 3635">
     <span class='ocr_line' id='line_1_37' title="bbox 270 3563 1861 3635; baseline 0.009 -23"><span class='ocrx_word' id='word_1_247' title='bbox 270 3573 614 3627; x_wconf 82' lang='lat' dir='ltr'><strong><em>peratorem,</em></strong></span> <span class='ocrx_word' id='word_1_248' title='bbox 637 3563 870 3621; x_wconf 66' lang='lat' dir='ltr'><strong><em>Eueam</em></strong></span> <span class='ocrx_word' id='word_1_249' title='bbox 899 3568 1177 3635; x_wconf 66' lang='lat' dir='ltr'><strong><em>Gazaaum,</em></strong></span> <span class='ocrx_word' id='word_1_250' title='bbox 1212 3569 1582 3625; x_wconf 79' lang='lat' dir='ltr'><strong><em>Marcellinum</em></strong></span> <span class='ocrx_word' id='word_1_251' title='bbox 1609 3572 1861 3627; x_wconf 85' lang='lat' dir='ltr'><strong><em>comitem</em></strong></span> 
     </span>
    </p>
   </div>
   <div class='ocr_carea' id='block_1_38' title="bbox 273 3654 1863 3733">
    <p class='ocr_par' dir='ltr' id='par_1_38' title="bbox 273 3654 1863 3733">
     <span class='ocr_line' id='line_1_38' title="bbox 273 3654 1863 3733; baseline 0.006 -26"><span class='ocrx_word' id='word_1_252' title='bbox 273 3663 429 3721; x_wconf 79' lang='lat' dir='ltr'><strong><em>atque</em></strong></span> <span class='ocrx_word' id='word_1_253' title='bbox 495 3654 826 3726; x_wconf 78' lang='lat' dir='ltr'><strong><em>ProcOpium</em></strong></span> <span class='ocrx_word' id='word_1_254' title='bbox 872 3662 1121 3729; x_wconf 91' lang='lat' dir='ltr'><strong><em>:quibus</em></strong></span> <span class='ocrx_word' id='word_1_255' title='bbox 1178 3672 1329 3717; x_wconf 91' lang='lat' dir='ltr'><strong><em>tanta</em></strong></span> <span class='ocrx_word' id='word_1_256' title='bbox 1389 3664 1632 3733; x_wconf 82' lang='lat' dir='ltr'><strong><em>prodigia</em></strong></span> <span class='ocrx_word' id='word_1_257' title='bbox 1691 3665 1863 3719; x_wconf 74' lang='lat' dir='ltr'><strong><em>voluit</em></strong></span> 
     </span>
    </p>
   </div>
   <div class='ocr_carea' id='block_1_39' title="bbox 271 3740 1865 3823">
    <p class='ocr_par' dir='ltr' id='par_1_39' title="bbox 271 3740 1865 3823">
     <span class='ocr_line' id='line_1_39' title="bbox 271 3740 1865 3823; baseline 0.004 -25"><span class='ocrx_word' id='word_1_258' title='bbox 271 3740 411 3801; x_wconf 80' lang='lat' dir='ltr'><strong><em>Deus</em></strong></span> <span class='ocrx_word' id='word_1_259' title='bbox 448 3748 613 3801; x_wconf 85' lang='lat' dir='ltr'><strong><em>reddi</em></strong></span> <span class='ocrx_word' id='word_1_260' title='bbox 667 3749 816 3803; x_wconf 88' lang='lat' dir='ltr'><strong><em>omni</em></strong></span> <span class='ocrx_word' id='word_1_261' title='bbox 864 3750 967 3806; x_wconf 86' lang='lat' dir='ltr'><strong><em>ﬁde</em></strong></span> <span class='ocrx_word' id='word_1_262' title='bbox 1007 3760 1207 3806; x_wconf 85' lang='lat' dir='ltr'><strong><em>testata</em></strong></span> <span class='ocrx_word' id='word_1_263' title='bbox 1249 3754 1607 3821; x_wconf 87' lang='lat' dir='ltr'><strong><em>omnibusque</em></strong></span> <span class='ocrx_word' id='word_1_264' title='bbox 1658 3754 1865 3823; x_wconf 82' lang='lat' dir='ltr'><strong><em>perspi-</em></strong></span> 
     </span>
    </p>
   </div>
   <div class='ocr_carea' id='block_1_40' title="bbox 271 3843 1863 3910">
    <p class='ocr_par' dir='ltr' id='par_1_40' title="bbox 271 3843 1863 3910">
     <span class='ocr_line' id='line_1_40' title="bbox 271 3843 1863 3910; baseline 0.005 -20"><span class='ocrx_word' id='word_1_265' title='bbox 271 3849 386 3904; x_wconf 85' lang='lat' dir='ltr'><strong><em>cua,</em></strong></span> <span class='ocrx_word' id='word_1_266' title='bbox 418 3851 478 3895; x_wconf 90' lang='lat' dir='ltr'><strong><em>ut</em></strong></span> <span class='ocrx_word' id='word_1_267' title='bbox 512 3843 758 3910; x_wconf 86' lang='lat' dir='ltr'><strong><em>posteris</em></strong></span> <span class='ocrx_word' id='word_1_268' title='bbox 789 3844 1003 3899; x_wconf 88' lang='lat' dir='ltr'><strong><em>eunetis</em></strong></span> <span class='ocrx_word' id='word_1_269' title='bbox 1027 3845 1394 3901; x_wconf 87' lang='lat' dir='ltr'><strong><em>innotesceret</em></strong></span> <span class='ocrx_word' id='word_1_270' title='bbox 1439 3862 1631 3900; x_wconf 81' lang='lat' dir='ltr'><strong><em>curare</em></strong></span> <span class='ocrx_word' id='word_1_271' title='bbox 1682 3857 1863 3901; x_wconf 89' lang='lat' dir='ltr'><strong><em>nostra</em></strong></span> 
     </span>
    </p>
   </div>
   <div class='ocr_carea' id='block_1_41' title="bbox 341 4044 1543 4121">
    <p class='ocr_par' dir='ltr' id='par_1_41' title="bbox 341 4044 1543 4121">
     <span class='ocr_line' id='line_1_41' title="bbox 341 4044 1543 4121; baseline 0.006 -26"><span class='ocrx_word' id='word_1_272' title='bbox 341 4044 450 4121; x_wconf 59' lang='lat' dir='ltr'><strong><em>(g9)</em></strong></span> <span class='ocrx_word' id='word_1_273' title='bbox 496 4044 708 4121; x_wconf 67' lang='lat' dir='ltr'><strong><em>B_.tl‘0ll.</em></strong></span> <span class='ocrx_word' id='word_1_274' title='bbox 745 4049 810 4102; x_wconf 65' lang='lat' dir='ltr'><strong><em>arl</em></strong></span> <span class='ocrx_word' id='word_1_275' title='bbox 852 4065 980 4102; x_wconf 84' lang='lat' dir='ltr'><strong><em>anu.</em></strong></span> <span class='ocrx_word' id='word_1_276' title='bbox 1010 4049 1134 4116; x_wconf 68' lang='grc'><strong><em>484,</em></strong></span> <span class='ocrx_word' id='word_1_277' title='bbox 1166 4048 1223 4121; x_wconf 81' lang='lat'><strong><em>§§</em></strong></span> <span class='ocrx_word' id='word_1_278' title='bbox 1250 4050 1399 4121; x_wconf 75' lang='lat' dir='ltr'><strong><em>9_2’_&gt;_e_t</em></strong></span> <span class='ocrx_word' id='word_1_279' title='bbox 1431 4064 1543 4121; x_wconf 83' lang='lat' dir='ltr'><strong><em>seq.</em></strong></span> 
     </span>
    </p>
   </div>
   <div class='ocr_carea' id='block_1_42' title="bbox 336 4118 1859 4186">
    <p class='ocr_par' dir='ltr' id='par_1_42' title="bbox 336 4118 1859 4186">
     <span class='ocr_line' id='line_1_42' title="bbox 336 4118 1859 4186; baseline 0.003 -16"><span class='ocrx_word' id='word_1_280' title='bbox 336 4118 450 4185; x_wconf 80' lang='grc'><strong><em>(50)</em></strong></span> <span class='ocrx_word' id='word_1_281' title='bbox 495 4119 723 4171; x_wconf 74' lang='lat' dir='ltr'><strong><em>(Iasattb</em></strong></span> <span class='ocrx_word' id='word_1_282' title='bbox 747 4135 814 4171; x_wconf 71' lang='grc' dir='ltr'>ιιι.</span> <span class='ocrx_word' id='word_1_283' title='bbox 847 4135 964 4186; x_wconf 71' lang='lat' dir='ltr'><strong><em>pag.</em></strong></span> <span class='ocrx_word' id='word_1_284' title='bbox 998 4121 1056 4172; x_wconf 83' lang='grc'><strong><em>17</em></strong></span> <span class='ocrx_word' id='word_1_285' title='bbox 1107 4118 1235 4173; x_wconf 72' lang='grc' dir='ltr'>οιιιῐ.</span> <span class='ocrx_word' id='word_1_286' title='bbox 1271 4118 1450 4172; x_wconf 82' lang='lat' dir='ltr'><strong><em>Wullii</em></strong></span> <span class='ocrx_word' id='word_1_287' title='bbox 1480 4118 1670 4173; x_wconf 81' lang='lat' dir='ltr'><strong><em>Ilamb.</em></strong></span> <span class='ocrx_word' id='word_1_288' title='bbox 1703 4119 1859 4174; x_wconf 73' lang='grc'><strong><em>1710.</em></strong></span> 
     </span>
    </p>
   </div>
   <div class='ocr_carea' id='block_1_43' title="bbox 342 4187 1759 4259">
    <p class='ocr_par' dir='ltr' id='par_1_43' title="bbox 342 4187 1759 4259">
     <span class='ocr_line' id='line_1_43' title="bbox 342 4187 1759 4259; baseline 0.001 -16"><span class='ocrx_word' id='word_1_289' title='bbox 342 4190 455 4259; x_wconf 63' lang='lat'><strong><em>(31)</em></strong></span> <span class='ocrx_word' id='word_1_290' title='bbox 502 4188 731 4243; x_wconf 78' lang='lat' dir='ltr'><strong><em>Fabric.</em></strong></span> <span class='ocrx_word' id='word_1_291' title='bbox 764 4187 842 4241; x_wconf 82' lang='lat' dir='ltr'><strong><em>De</em></strong></span> <span class='ocrx_word' id='word_1_292' title='bbox 875 4189 1021 4243; x_wconf 67' lang='lat' dir='ltr'><strong><em>venit.</em></strong></span> <span class='ocrx_word' id='word_1_293' title='bbox 1067 4191 1219 4259; x_wconf 84' lang='lat' dir='ltr'><strong><em>relig.</em></strong></span> <span class='ocrx_word' id='word_1_294' title='bbox 1251 4190 1446 4241; x_wconf 76' lang='lat' dir='ltr'><strong><em>Christ.</em></strong></span> <span class='ocrx_word' id='word_1_295' title='bbox 1484 4207 1603 4258; x_wconf 65' lang='lat' dir='ltr'><strong><em>pug.</em></strong></span> <span class='ocrx_word' id='word_1_296' title='bbox 1636 4190 1759 4245; x_wconf 84' lang='grc'><strong><em>107.</em></strong></span> 
     </span>
    </p>
   </div>
   <div class='ocr_carea' id='block_1_44' title="bbox 342 4255 1863 4331">
    <p class='ocr_par' dir='ltr' id='par_1_44' title="bbox 342 4255 1863 4331">
     <span class='ocr_line' id='line_1_44' title="bbox 342 4255 1863 4331; baseline 0.003 -20"><span class='ocrx_word' id='word_1_297' title='bbox 342 4255 454 4330; x_wconf 74' lang='grc'><strong><em>(52)</em></strong></span> <span class='ocrx_word' id='word_1_298' title='bbox 497 4260 730 4313; x_wconf 66' lang='grc' dir='ltr'><strong><em>Αυυιειν.</em></strong></span> <span class='ocrx_word' id='word_1_299' title='bbox 779 4259 913 4313; x_wconf 79' lang='lat' dir='ltr'><strong><em>Bibl.</em></strong></span> <span class='ocrx_word' id='word_1_300' title='bbox 951 4259 1054 4315; x_wconf 75' lang='grc' dir='ltr'><strong><em>ΙΨ.</em></strong></span> <span class='ocrx_word' id='word_1_301' title='bbox 1100 4255 1231 4314; x_wconf 76' lang='lat' dir='ltr'><strong><em>Duc.</em></strong></span> <span class='ocrx_word' id='word_1_302' title='bbox 1284 4270 1413 4313; x_wconf 90' lang='lat' dir='ltr'><strong><em>tom.</em></strong></span> <span class='ocrx_word' id='word_1_303' title='bbox 1454 4255 1516 4323; x_wconf 93' lang='lat' dir='ltr'><strong><em>ll,</em></strong></span> <span class='ocrx_word' id='word_1_304' title='bbox 1555 4255 1686 4331; x_wconf 69' lang='lat' dir='ltr'><strong><em>pag.</em></strong></span> <span class='ocrx_word' id='word_1_305' title='bbox 1736 4261 1863 4326; x_wconf 79' lang='grc'><strong><em>575,</em></strong></span> 
     </span>
    </p>
   </div>
   <div class='ocr_carea' id='block_1_45' title="bbox 1717 249 2050 313">
    <p class='ocr_par' dir='ltr' id='par_1_45' title="bbox 1717 249 2050 313">
     <span class='ocr_line' id='line_1_45' title="bbox 1717 249 2050 313; baseline 0.012 -4"><span class='ocrx_word' id='word_1_306' title='bbox 1717 249 2050 313; x_wconf 76' lang='lat' dir='ltr'><strong><em>NOTITIA.</em></strong></span> 
     </span>
    </p>
   </div>
   <div class='ocr_carea' id='block_1_46' title="bbox 3412 258 3521 324">
    <p class='ocr_par' dir='ltr' id='par_1_46' title="bbox 3412 258 3521 324">
     <span class='ocr_line' id='line_1_46' title="bbox 3412 258 3521 324; baseline 0.018 -2"><span class='ocrx_word' id='word_1_307' title='bbox 3412 258 3521 324; x_wconf 84' lang='lat'><strong><em>870</em></strong></span> 
     </span>
    </p>
   </div>
   <div class='ocr_carea' id='block_1_47' title="bbox 1952 364 3521 436">
    <p class='ocr_par' dir='ltr' id='par_1_47' title="bbox 1952 364 3521 436">
     <span class='ocr_line' id='line_1_47' title="bbox 1952 364 3521 436; baseline 0.005 -20"><span class='ocrx_word' id='word_1_308' title='bbox 1952 364 2149 427; x_wconf 76' lang='lat' dir='ltr'><strong><em>Deum;</em></strong></span> <span class='ocrx_word' id='word_1_309' title='bbox 2191 378 2312 416; x_wconf 89' lang='lat' dir='ltr'><strong><em>cum</em></strong></span> <span class='ocrx_word' id='word_1_310' title='bbox 2359 371 2468 417; x_wconf 89' lang='lat' dir='ltr'><strong><em>tam</em></strong></span> <span class='ocrx_word' id='word_1_311' title='bbox 2513 380 2709 435; x_wconf 83' lang='lat' dir='ltr'><strong><em>magno</em></strong></span> <span class='ocrx_word' id='word_1_312' title='bbox 2755 365 3037 432; x_wconf 86' lang='lat' dir='ltr'><strong><em>miraculo,</em></strong></span> <span class='ocrx_word' id='word_1_313' title='bbox 3062 366 3173 436; x_wconf 88' lang='lat' dir='ltr'><strong><em>jam</em></strong></span> <span class='ocrx_word' id='word_1_314' title='bbox 3223 368 3447 423; x_wconf 81' lang='lat' dir='ltr'><strong><em>subacta</em></strong></span> <span class='ocrx_word' id='word_1_315' title='bbox 3489 384 3521 425; x_wconf 81' lang='lat' dir='ltr'><strong><em>a</em></strong></span> 
     </span>
    </p>
   </div>
   <div class='ocr_carea' id='block_1_48' title="bbox 1947 451 3521 526">
    <p class='ocr_par' dir='ltr' id='par_1_48' title="bbox 1947 451 3521 526">
     <span class='ocr_line' id='line_1_48' title="bbox 1947 451 3521 526; baseline 0.004 -20"><span class='ocrx_word' id='word_1_316' title='bbox 1947 451 2205 508; x_wconf 67' lang='lat' dir='ltr'><strong><em>Vanitatis</em></strong></span> <span class='ocrx_word' id='word_1_317' title='bbox 2257 452 2462 520; x_wconf 77' lang='lat' dir='ltr'><strong><em>Africa,</em></strong></span> <span class='ocrx_word' id='word_1_318' title='bbox 2508 455 2774 510; x_wconf 87' lang='lat' dir='ltr'><strong><em>catholica</em></strong></span> <span class='ocrx_word' id='word_1_319' title='bbox 2826 456 2961 511; x_wconf 84' lang='lat' dir='ltr'><strong><em>ﬁdes</em></strong></span> <span class='ocrx_word' id='word_1_320' title='bbox 3006 471 3318 524; x_wconf 84' lang='lat' dir='ltr'><strong><em>pressuram</em></strong></span> <span class='ocrx_word' id='word_1_321' title='bbox 3362 472 3521 526; x_wconf 83' lang='lat' dir='ltr'><strong><em>passa</em></strong></span> 
     </span>
    </p>
   </div>
   <div class='ocr_carea' id='block_1_49' title="bbox 1948 544 3521 615">
    <p class='ocr_par' dir='ltr' id='par_1_49' title="bbox 1948 544 3521 615">
     <span class='ocr_line' id='line_1_49' title="bbox 1948 544 3521 615; baseline 0 -17"><span class='ocrx_word' id='word_1_322' title='bbox 1948 554 2074 598; x_wconf 91' lang='lat' dir='ltr'><strong><em>tunc</em></strong></span> <span class='ocrx_word' id='word_1_323' title='bbox 2108 546 2174 598; x_wconf 86' lang='lat' dir='ltr'><strong><em>de</em></strong></span> <span class='ocrx_word' id='word_1_324' title='bbox 2198 544 2496 601; x_wconf 86' lang='lat' dir='ltr'><strong><em>victoribus</em></strong></span> <span class='ocrx_word' id='word_1_325' title='bbox 2523 546 2905 615; x_wconf 82' lang='lat' dir='ltr'><strong><em>triumpharet,</em></strong></span> <span class='ocrx_word' id='word_1_326' title='bbox 2939 546 3026 600; x_wconf 82' lang='lat' dir='ltr'><strong><em>tibi</em></strong></span> <span class='ocrx_word' id='word_1_327' title='bbox 3065 548 3335 614; x_wconf 82' lang='lat' dir='ltr'><strong><em>exstingui</em></strong></span> <span class='ocrx_word' id='word_1_328' title='bbox 3367 550 3521 615; x_wconf 87' lang='lat' dir='ltr'><strong><em>peni-</em></strong></span> 
     </span>
    </p>
   </div>
   <div class='ocr_carea' id='block_1_50' title="bbox 1948 638 3520 707">
    <p class='ocr_par' dir='ltr' id='par_1_50' title="bbox 1948 638 3520 707">
     <span class='ocr_line' id='line_1_50' title="bbox 1948 638 3520 707; baseline -0.001 -16"><span class='ocrx_word' id='word_1_329' title='bbox 1948 646 2035 691; x_wconf 85' lang='lat' dir='ltr'><strong><em>tus</em></strong></span> <span class='ocrx_word' id='word_1_330' title='bbox 2080 647 2365 706; x_wconf 80' lang='lat' dir='ltr'><strong><em>putaretur</em></strong></span> <span class='ocrx_word' id='word_1_331' title='bbox 2398 657 2412 692; x_wconf 90' lang='lat'><strong>:</strong></span> <span class='ocrx_word' id='word_1_332' title='bbox 2444 639 2633 705; x_wconf 87' lang='lat' dir='ltr'><strong><em>sicque</em></strong></span> <span class='ocrx_word' id='word_1_333' title='bbox 2680 650 2853 705; x_wconf 89' lang='lat' dir='ltr'><strong><em>certa,</em></strong></span> <span class='ocrx_word' id='word_1_334' title='bbox 2904 638 3008 692; x_wconf 85' lang='lat' dir='ltr'><strong><em>ﬁda</em></strong></span> <span class='ocrx_word' id='word_1_335' title='bbox 3054 648 3277 707; x_wconf 84' lang='lat' dir='ltr'><strong><em>tutaque</em></strong></span> <span class='ocrx_word' id='word_1_336' title='bbox 3328 639 3520 692; x_wconf 86' lang='lat' dir='ltr'><strong><em>semita</em></strong></span> 
     </span>
    </p>
   </div>
   <div class='ocr_carea' id='block_1_51' title="bbox 1949 729 3520 819">
    <p class='ocr_par' dir='ltr' id='par_1_51' title="bbox 1949 729 3520 819">
     <span class='ocr_line' id='line_1_51' title="bbox 1949 729 3520 819; baseline 0.001 -39"><span class='ocrx_word' id='word_1_337' title='bbox 1949 736 2384 819; x_wconf 37' lang='lat' dir='ltr'><strong><em>monstraretur,</em></strong></span> <span class='ocrx_word' id='word_1_338' title='bbox 2418 743 2699 796; x_wconf 89' lang='lat' dir='ltr'><strong><em>perquam</em></strong></span> <span class='ocrx_word' id='word_1_339' title='bbox 2748 729 2933 783; x_wconf 89' lang='lat' dir='ltr'><strong><em>ﬁdeles</em></strong></span> <span class='ocrx_word' id='word_1_340' title='bbox 2961 729 3140 783; x_wconf 86' lang='lat' dir='ltr'><strong><em>cuncti</em></strong></span> <span class='ocrx_word' id='word_1_341' title='bbox 3181 730 3388 797; x_wconf 88' lang='lat' dir='ltr'><strong><em>absque</em></strong></span> <span class='ocrx_word' id='word_1_342' title='bbox 3429 744 3520 782; x_wconf 89' lang='lat' dir='ltr'><strong><em>er-</em></strong></span> 
     </span>
    </p>
   </div>
   <div class='ocr_carea' id='block_1_52' title="bbox 1947 819 3522 887">
    <p class='ocr_par' dir='ltr' id='par_1_52' title="bbox 1947 819 3522 887">
     <span class='ocr_line' id='line_1_52' title="bbox 1947 819 3522 887; baseline -0.001 -15"><span class='ocrx_word' id='word_1_343' title='bbox 1947 833 2071 873; x_wconf 87' lang='lat' dir='ltr'><strong><em>rore</em></strong></span> <span class='ocrx_word' id='word_1_344' title='bbox 2102 819 2409 886; x_wconf 88' lang='lat' dir='ltr'><strong><em>perienlove</em></strong></span> <span class='ocrx_word' id='word_1_345' title='bbox 2432 822 2633 882; x_wconf 87' lang='lat' dir='ltr'><strong><em>securi,</em></strong></span> <span class='ocrx_word' id='word_1_346' title='bbox 2666 835 2773 887; x_wconf 90' lang='lat' dir='ltr'><strong><em>quo</em></strong></span> <span class='ocrx_word' id='word_1_347' title='bbox 2809 821 3055 881; x_wconf 90' lang='lat' dir='ltr'><strong><em>tendunt,</em></strong></span> <span class='ocrx_word' id='word_1_348' title='bbox 3088 820 3139 872; x_wconf 92' lang='lat' dir='ltr'><strong><em>in</em></strong></span> <span class='ocrx_word' id='word_1_349' title='bbox 3171 819 3365 872; x_wconf 71' lang='lat' dir='ltr'><strong><em>caelum</em></strong></span> <span class='ocrx_word' id='word_1_350' title='bbox 3396 834 3522 887; x_wconf 90' lang='lat' dir='ltr'><strong><em>per-</em></strong></span> 
     </span>
    </p>
   </div>
   <div class='ocr_carea' id='block_1_53' title="bbox 1951 909 3523 980">
    <p class='ocr_par' dir='ltr' id='par_1_53' title="bbox 1951 909 3523 980">
     <span class='ocr_line' id='line_1_53' title="bbox 1951 909 3523 980; baseline -0.001 -16"><span class='ocrx_word' id='word_1_351' title='bbox 1951 911 2189 966; x_wconf 80' lang='lat' dir='ltr'><strong><em>veniant.</em></strong></span> <span class='ocrx_word' id='word_1_352' title='bbox 2220 909 2295 965; x_wconf 83' lang='lat' dir='ltr'><strong>Ex</strong></span> <span class='ocrx_word' id='word_1_353' title='bbox 2336 911 2538 980; x_wconf 86' lang='lat' dir='ltr'><strong><em>quibus</em></strong></span> <span class='ocrx_word' id='word_1_354' title='bbox 2561 926 2665 963; x_wconf 89' lang='lat' dir='ltr'><strong><em>non</em></strong></span> <span class='ocrx_word' id='word_1_355' title='bbox 2696 911 2838 964; x_wconf 89' lang='lat' dir='ltr'><strong><em>illius</em></strong></span> <span class='ocrx_word' id='word_1_356' title='bbox 2866 920 3072 965; x_wconf 86' lang='lat' dir='ltr'><strong><em>tantum</em></strong></span> <span class='ocrx_word' id='word_1_357' title='bbox 3106 912 3365 979; x_wconf 87' lang='lat' dir='ltr'><strong><em>temporis</em></strong></span> <span class='ocrx_word' id='word_1_358' title='bbox 3402 925 3523 963; x_wconf 86' lang='lat' dir='ltr'><strong><em>cor—</em></strong></span> 
     </span>
    </p>
   </div>
   <div class='ocr_carea' id='block_1_54' title="bbox 1949 1002 3523 1070">
    <p class='ocr_par' dir='ltr' id='par_1_54' title="bbox 1949 1002 3523 1070">
     <span class='ocr_line' id='line_1_54' title="bbox 1949 1002 3523 1070; baseline 0.001 -16"><span class='ocrx_word' id='word_1_359' title='bbox 1949 1003 2046 1070; x_wconf 80' lang='lat' dir='ltr'><strong><em>rigi</em></strong></span> <span class='ocrx_word' id='word_1_360' title='bbox 2088 1012 2143 1055; x_wconf 92' lang='lat' dir='ltr'><strong><em>et</em></strong></span> <span class='ocrx_word' id='word_1_361' title='bbox 2197 1002 2476 1056; x_wconf 75' lang='lat' dir='ltr'><strong><em>emendari</em></strong></span> <span class='ocrx_word' id='word_1_362' title='bbox 2525 1002 2822 1056; x_wconf 85' lang='lat' dir='ltr'><strong><em>valuissent</em></strong></span> <span class='ocrx_word' id='word_1_363' title='bbox 2876 1003 3138 1066; x_wconf 69' lang='lat' dir='ltr'><strong><em>haeretici,</em></strong></span> <span class='ocrx_word' id='word_1_364' title='bbox 3195 1003 3289 1057; x_wconf 81' lang='lat' dir='ltr'><strong><em>sed</em></strong></span> <span class='ocrx_word' id='word_1_365' title='bbox 3336 1016 3523 1056; x_wconf 85' lang='lat' dir='ltr'><strong><em>omnes</em></strong></span> 
     </span>
    </p>
   </div>
   <div class='ocr_carea' id='block_1_55' title="bbox 1948 1092 3525 1162">
    <p class='ocr_par' dir='ltr' id='par_1_55' title="bbox 1948 1092 3525 1162">
     <span class='ocr_line' id='line_1_55' title="bbox 1948 1092 3525 1162; baseline 0.003 -21"><span class='ocrx_word' id='word_1_366' title='bbox 1948 1092 2038 1160; x_wconf 80' lang='lat' dir='ltr'><strong><em>qui</em></strong></span> <span class='ocrx_word' id='word_1_367' title='bbox 2066 1101 2248 1160; x_wconf 85' lang='lat' dir='ltr'><strong><em>postea</em></strong></span> <span class='ocrx_word' id='word_1_368' title='bbox 2285 1108 2582 1157; x_wconf 85' lang='lat' dir='ltr'><strong><em>emersere,</em></strong></span> <span class='ocrx_word' id='word_1_369' title='bbox 2614 1094 2777 1160; x_wconf 86' lang='lat' dir='ltr'><strong><em>quive</em></strong></span> <span class='ocrx_word' id='word_1_370' title='bbox 2828 1095 2932 1148; x_wconf 89' lang='lat' dir='ltr'><strong><em>hoc</em></strong></span> <span class='ocrx_word' id='word_1_371' title='bbox 2980 1095 3350 1162; x_wconf 83' lang='lat' dir='ltr'><strong><em>perditissimo</em></strong></span> <span class='ocrx_word' id='word_1_372' title='bbox 3389 1105 3525 1148; x_wconf 84' lang='lat' dir='ltr'><strong><em>tem-</em></strong></span> 
     </span>
    </p>
   </div>
   <div class='ocr_carea' id='block_1_56' title="bbox 1949 1181 3526 1254">
    <p class='ocr_par' dir='ltr' id='par_1_56' title="bbox 1949 1181 3526 1254">
     <span class='ocr_line' id='line_1_56' title="bbox 1949 1181 3526 1254; baseline 0.003 -21"><span class='ocrx_word' id='word_1_373' title='bbox 1949 1199 2079 1250; x_wconf 71' lang='lat' dir='ltr'><strong><em>pore</em></strong></span> <span class='ocrx_word' id='word_1_374' title='bbox 2116 1194 2372 1252; x_wconf 84' lang='lat' dir='ltr'><strong><em>tanquam</em></strong></span> <span class='ocrx_word' id='word_1_375' title='bbox 2406 1198 2552 1236; x_wconf 70' lang='lat' dir='ltr'><strong><em>rana:</em></strong></span> <span class='ocrx_word' id='word_1_376' title='bbox 2587 1184 2639 1236; x_wconf 90' lang='lat' dir='ltr'><strong><em>in</em></strong></span> <span class='ocrx_word' id='word_1_377' title='bbox 2675 1181 2914 1254; x_wconf 51' lang='lat' dir='ltr'><strong><em>(Egypto</em></strong></span> <span class='ocrx_word' id='word_1_378' title='bbox 2953 1184 3272 1239; x_wconf 88' lang='lat' dir='ltr'><strong><em>ebnllientes</em></strong></span> <span class='ocrx_word' id='word_1_379' title='bbox 3294 1184 3526 1238; x_wconf 85' lang='lat' dir='ltr'><strong><em>catholi-</em></strong></span> 
     </span>
    </p>
   </div>
   <div class='ocr_carea' id='block_1_57' title="bbox 1949 1274 2714 1330">
    <p class='ocr_par' dir='ltr' id='par_1_57' title="bbox 1949 1274 2714 1330">
     <span class='ocr_line' id='line_1_57' title="bbox 1949 1274 2714 1330; baseline 0.004 -4"><span class='ocrx_word' id='word_1_380' title='bbox 1949 1291 2069 1326; x_wconf 86' lang='lat' dir='ltr'><strong><em>cam</em></strong></span> <span class='ocrx_word' id='word_1_381' title='bbox 2113 1276 2396 1329; x_wconf 83' lang='lat' dir='ltr'><strong><em>veritatem</em></strong></span> <span class='ocrx_word' id='word_1_382' title='bbox 2434 1274 2714 1330; x_wconf 71' lang='lat' dir='ltr'><strong><em>infestant.</em></strong></span> 
     </span>
    </p>
   </div>
   <div class='ocr_carea' id='block_1_58' title="bbox 2020 1382 3528 1453">
    <p class='ocr_par' dir='ltr' id='par_1_58' title="bbox 2020 1382 3528 1453">
     <span class='ocr_line' id='line_1_58' title="bbox 2020 1382 3528 1453; baseline -0.001 -15"><span class='ocrx_word' id='word_1_383' title='bbox 2020 1382 2132 1438; x_wconf 68' lang='lat' dir='ltr'><strong><em>VII.</em></strong></span> <span class='ocrx_word' id='word_1_384' title='bbox 2180 1402 2199 1435; x_wconf 76' lang='grc' dir='ltr'><strong><em>ι</em></strong></span> <span class='ocrx_word' id='word_1_385' title='bbox 2236 1382 2447 1438; x_wconf 87' lang='lat' dir='ltr'><strong><em>Etenim</em></strong></span> <span class='ocrx_word' id='word_1_386' title='bbox 2490 1398 2626 1453; x_wconf 89' lang='lat' dir='ltr'><strong><em>quos</em></strong></span> <span class='ocrx_word' id='word_1_387' title='bbox 2676 1383 2817 1439; x_wconf 87' lang='lat' dir='ltr'><strong><em>Deus</em></strong></span> <span class='ocrx_word' id='word_1_388' title='bbox 2866 1392 3012 1438; x_wconf 88' lang='lat' dir='ltr'><strong><em>tanto</em></strong></span> <span class='ocrx_word' id='word_1_389' title='bbox 3056 1383 3242 1453; x_wconf 85' lang='lat' dir='ltr'><strong><em>signo,</em></strong></span> <span class='ocrx_word' id='word_1_390' title='bbox 3287 1393 3362 1437; x_wconf 90' lang='lat' dir='ltr'><strong><em>tot</em></strong></span> <span class='ocrx_word' id='word_1_391' title='bbox 3410 1384 3528 1438; x_wconf 89' lang='lat' dir='ltr'><strong><em>sine</em></strong></span> 
     </span>
    </p>
   </div>
   <div class='ocr_carea' id='block_1_59' title="bbox 1950 1474 3524 1545">
    <p class='ocr_par' dir='ltr' id='par_1_59' title="bbox 1950 1474 3524 1545">
     <span class='ocr_line' id='line_1_59' title="bbox 1950 1474 3524 1545; baseline -0.001 -16"><span class='ocrx_word' id='word_1_392' title='bbox 1950 1476 2130 1545; x_wconf 83' lang='lat' dir='ltr'><strong><em>lingua</em></strong></span> <span class='ocrx_word' id='word_1_393' title='bbox 2162 1477 2483 1531; x_wconf 83' lang='lat' dir='ltr'><strong><em>testantibus</em></strong></span> <span class='ocrx_word' id='word_1_394' title='bbox 2516 1477 2742 1529; x_wconf 90' lang='lat' dir='ltr'><strong><em>vocibus</em></strong></span> <span class='ocrx_word' id='word_1_395' title='bbox 2792 1475 2977 1530; x_wconf 87' lang='lat' dir='ltr'><strong><em>docuit</em></strong></span> <span class='ocrx_word' id='word_1_396' title='bbox 3019 1490 3142 1529; x_wconf 90' lang='lat' dir='ltr'><strong><em>esse</em></strong></span> <span class='ocrx_word' id='word_1_397' title='bbox 3189 1474 3484 1528; x_wconf 84' lang='lat' dir='ltr'><strong><em>catholicos</em></strong></span> <span class='ocrx_word' id='word_1_398' title='bbox 3509 1514 3524 1539; x_wconf 94' lang='lat'><strong><em>,</em></strong></span> 
     </span>
    </p>
   </div>
   <div class='ocr_carea' id='block_1_60' title="bbox 1950 1563 3528 1635">
    <p class='ocr_par' dir='ltr' id='par_1_60' title="bbox 1950 1563 3528 1635">
     <span class='ocr_line' id='line_1_60' title="bbox 1950 1563 3528 1635; baseline -0.003 -16"><span class='ocrx_word' id='word_1_399' title='bbox 1950 1576 2003 1619; x_wconf 88' lang='lat' dir='ltr'><strong><em>et</em></strong></span> <span class='ocrx_word' id='word_1_400' title='bbox 2032 1565 2194 1620; x_wconf 86' lang='lat' dir='ltr'><strong><em>ﬁdem</em></strong></span> <span class='ocrx_word' id='word_1_401' title='bbox 2220 1565 2377 1635; x_wconf 83' lang='lat' dir='ltr'><strong><em>cujus</em></strong></span> <span class='ocrx_word' id='word_1_402' title='bbox 2413 1579 2574 1619; x_wconf 89' lang='lat' dir='ltr'><strong><em>causa</em></strong></span> <span class='ocrx_word' id='word_1_403' title='bbox 2612 1563 2860 1617; x_wconf 88' lang='lat' dir='ltr'><strong><em>subirent</em></strong></span> <span class='ocrx_word' id='word_1_404' title='bbox 2901 1564 3246 1632; x_wconf 89' lang='lat' dir='ltr'><strong><em>martyrium,</em></strong></span> <span class='ocrx_word' id='word_1_405' title='bbox 3286 1577 3409 1616; x_wconf 85' lang='lat' dir='ltr'><strong><em>esse</em></strong></span> <span class='ocrx_word' id='word_1_406' title='bbox 3436 1578 3528 1615; x_wconf 82' lang='lat' dir='ltr'><strong><em>.ve-</em></strong></span> 
     </span>
    </p>
   </div>
   <div class='ocr_carea' id='block_1_61' title="bbox 1949 1655 3523 1728">
    <p class='ocr_par' dir='ltr' id='par_1_61' title="bbox 1949 1655 3523 1728">
     <span class='ocr_line' id='line_1_61' title="bbox 1949 1655 3523 1728; baseline -0.004 -16"><span class='ocrx_word' id='word_1_407' title='bbox 1949 1674 2102 1725; x_wconf 86' lang='lat' dir='ltr'><strong><em>ram;</em></strong></span> <span class='ocrx_word' id='word_1_408' title='bbox 2137 1658 2295 1728; x_wconf 87' lang='lat' dir='ltr'><strong><em>plane</em></strong></span> <span class='ocrx_word' id='word_1_409' title='bbox 2321 1667 2375 1711; x_wconf 90' lang='lat' dir='ltr'><strong><em>et</em></strong></span> <span class='ocrx_word' id='word_1_410' title='bbox 2401 1655 2701 1710; x_wconf 79' lang='lat' dir='ltr'><strong><em>Ecclesiam</em></strong></span> <span class='ocrx_word' id='word_1_411' title='bbox 2738 1656 2792 1708; x_wconf 92' lang='lat' dir='ltr'><strong><em>in</em></strong></span> <span class='ocrx_word' id='word_1_412' title='bbox 2820 1672 2926 1725; x_wconf 91' lang='lat' dir='ltr'><strong><em>qua</em></strong></span> <span class='ocrx_word' id='word_1_413' title='bbox 2960 1664 3160 1718; x_wconf 83' lang='lat' dir='ltr'><strong><em>essent,</em></strong></span> <span class='ocrx_word' id='word_1_414' title='bbox 3187 1655 3294 1709; x_wconf 85' lang='lat' dir='ltr'><strong><em>dici</em></strong></span> <span class='ocrx_word' id='word_1_415' title='bbox 3326 1655 3523 1708; x_wconf 86' lang='lat' dir='ltr'><strong><em>debere</em></strong></span> 
     </span>
    </p>
   </div>
   <div class='ocr_carea' id='block_1_62' title="bbox 1950 1745 3522 1817">
    <p class='ocr_par' dir='ltr' id='par_1_62' title="bbox 1950 1745 3522 1817">
     <span class='ocr_line' id='line_1_62' title="bbox 1950 1745 3522 1817; baseline -0.004 -15"><span class='ocrx_word' id='word_1_416' title='bbox 1950 1749 2290 1809; x_wconf 78' lang='lat' dir='ltr'><strong><em>catholicam,</em></strong></span> <span class='ocrx_word' id='word_1_417' title='bbox 2326 1748 2610 1817; x_wconf 82' lang='lat' dir='ltr'><strong><em>perSpicue</em></strong></span> <span class='ocrx_word' id='word_1_418' title='bbox 2638 1746 3054 1800; x_wconf 82' lang='lat' dir='ltr'><strong><em>demonstravit.</em></strong></span> <span class='ocrx_word' id='word_1_419' title='bbox 3084 1745 3155 1798; x_wconf 85' lang='lat' dir='ltr'><strong><em>At</em></strong></span> <span class='ocrx_word' id='word_1_420' title='bbox 3185 1746 3252 1797; x_wconf 90' lang='lat' dir='ltr'><strong><em>ab</em></strong></span> <span class='ocrx_word' id='word_1_421' title='bbox 3276 1760 3336 1799; x_wconf 81' lang='lat' dir='ltr'><strong><em>ea</em></strong></span> <span class='ocrx_word' id='word_1_422' title='bbox 3359 1758 3522 1812; x_wconf 87' lang='lat' dir='ltr'><strong><em>quam</em></strong></span> 
     </span>
    </p>
   </div>
   <div class='ocr_carea' id='block_1_63' title="bbox 1952 1835 3525 1908">
    <p class='ocr_par' dir='ltr' id='par_1_63' title="bbox 1952 1835 3525 1908">
     <span class='ocr_line' id='line_1_63' title="bbox 1952 1835 3525 1908; baseline -0.004 -16"><span class='ocrx_word' id='word_1_423' title='bbox 1952 1839 2110 1908; x_wconf 87' lang='lat' dir='ltr'><strong><em>longe</em></strong></span> <span class='ocrx_word' id='word_1_424' title='bbox 2141 1840 2321 1893; x_wconf 87' lang='lat' dir='ltr'><strong><em>absint</em></strong></span> <span class='ocrx_word' id='word_1_425' title='bbox 2349 1848 2638 1891; x_wconf 88' lang='lat' dir='ltr'><strong><em>uovatores</em></strong></span> <span class='ocrx_word' id='word_1_426' title='bbox 2671 1837 2762 1905; x_wconf 85' lang='lat' dir='ltr'><strong><em>qui</em></strong></span> <span class='ocrx_word' id='word_1_427' title='bbox 2800 1852 2859 1891; x_wconf 85' lang='lat' dir='ltr'><strong><em>se</em></strong></span> <span class='ocrx_word' id='word_1_428' title='bbox 2890 1836 3049 1889; x_wconf 81' lang='lat' dir='ltr'><strong><em>hodie</em></strong></span> <span class='ocrx_word' id='word_1_429' title='bbox 3079 1835 3376 1888; x_wconf 88' lang='lat' dir='ltr'><strong><em>catholicos</em></strong></span> <span class='ocrx_word' id='word_1_430' title='bbox 3402 1849 3525 1903; x_wconf 84' lang='lat' dir='ltr'><strong><em>pro-</em></strong></span> 
     </span>
    </p>
   </div>
   <div class='ocr_carea' id='block_1_64' title="bbox 1955 1928 3525 1997">
    <p class='ocr_par' dir='ltr' id='par_1_64' title="bbox 1955 1928 3525 1997">
     <span class='ocr_line' id='line_1_64' title="bbox 1955 1928 3525 1997; baseline -0.005 -12"><span class='ocrx_word' id='word_1_431' title='bbox 1955 1932 2174 1986; x_wconf 89' lang='lat' dir='ltr'><strong><em>ﬁtentur</em></strong></span> <span class='ocrx_word' id='word_1_432' title='bbox 2227 1930 2499 1994; x_wconf 71' lang='lat' dir='ltr'><strong><em>haeretici,</em></strong></span> <span class='ocrx_word' id='word_1_433' title='bbox 2551 1930 2706 1985; x_wconf 84' lang='lat' dir='ltr'><strong><em>lectis</em></strong></span> <span class='ocrx_word' id='word_1_434' title='bbox 2749 1945 2868 1997; x_wconf 66' lang='lat' dir='ltr'><strong><em>quae</em></strong></span> <span class='ocrx_word' id='word_1_435' title='bbox 2923 1929 3038 1996; x_wconf 84' lang='lat' dir='ltr'><strong><em>ipse</em></strong></span> <span class='ocrx_word' id='word_1_436' title='bbox 3085 1928 3271 1981; x_wconf 78' lang='lat' dir='ltr'><strong><em>Victor</em></strong></span> <span class='ocrx_word' id='word_1_437' title='bbox 3308 1936 3361 1980; x_wconf 91' lang='lat' dir='ltr'><strong><em>et</em></strong></span> <span class='ocrx_word' id='word_1_438' title='bbox 3405 1940 3525 1978; x_wconf 74' lang='lat' dir='ltr'><strong><em>uiox</em></strong></span> 
     </span>
    </p>
   </div>
   <div class='ocr_carea' id='block_1_65' title="bbox 1959 2016 3531 2090">
    <p class='ocr_par' dir='ltr' id='par_1_65' title="bbox 1959 2016 3531 2090">
     <span class='ocr_line' id='line_1_65' title="bbox 1959 2016 3531 2090; baseline -0.004 -19"><span class='ocrx_word' id='word_1_439' title='bbox 1959 2032 2077 2090; x_wconf 79' lang='lat' dir='ltr'><strong><em>post</em></strong></span> <span class='ocrx_word' id='word_1_440' title='bbox 2114 2022 2286 2088; x_wconf 49' lang='lat' dir='ltr'><strong><em>ipsum</em></strong></span> <span class='ocrx_word' id='word_1_441' title='bbox 2321 2019 2656 2090; x_wconf 83' lang='lat' dir='ltr'><strong><em>Fulgentius,</em></strong></span> <span class='ocrx_word' id='word_1_442' title='bbox 2685 2019 2768 2073; x_wconf 83' lang='lat' dir='ltr'><strong><em>vel</em></strong></span> <span class='ocrx_word' id='word_1_443' title='bbox 2797 2019 2884 2072; x_wconf 88' lang='lat' dir='ltr'><strong><em>alii</em></strong></span> <span class='ocrx_word' id='word_1_444' title='bbox 2914 2017 3071 2085; x_wconf 81' lang='lat' dir='ltr'><strong><em>hujus</em></strong></span> <span class='ocrx_word' id='word_1_445' title='bbox 3104 2018 3361 2085; x_wconf 83' lang='lat' dir='ltr'><strong><em>tempOris</em></strong></span> <span class='ocrx_word' id='word_1_446' title='bbox 3386 2016 3531 2067; x_wconf 80' lang='lat' dir='ltr'><strong><em>Alri-</em></strong></span> 
     </span>
    </p>
   </div>
   <div class='ocr_carea' id='block_1_66' title="bbox 1898 2104 3530 2177">
    <p class='ocr_par' dir='ltr' id='par_1_66' title="bbox 1898 2104 3530 2177">
     <span class='ocr_line' id='line_1_66' title="bbox 1898 2104 3530 2177; baseline -0.001 -20"><span class='ocrx_word' id='word_1_447' title='bbox 1898 2146 1907 2157; x_wconf 64' lang='lat'><strong><em>.</em></strong></span> <span class='ocrx_word' id='word_1_448' title='bbox 1958 2109 2076 2161; x_wconf 74' lang='lat' dir='ltr'><strong><em>emi</em></strong></span> <span class='ocrx_word' id='word_1_449' title='bbox 2124 2109 2374 2162; x_wconf 83' lang='lat' dir='ltr'><strong><em>ductores</em></strong></span> <span class='ocrx_word' id='word_1_450' title='bbox 2418 2111 2708 2177; x_wconf 62' lang='lat' dir='ltr'><strong><em>scripsere,</em></strong></span> <span class='ocrx_word' id='word_1_451' title='bbox 2757 2107 3041 2176; x_wconf 79' lang='lat' dir='ltr'><strong><em>perspicue</em></strong></span> <span class='ocrx_word' id='word_1_452' title='bbox 3085 2107 3243 2168; x_wconf 88' lang='lat' dir='ltr'><strong><em>satis,</em></strong></span> <span class='ocrx_word' id='word_1_453' title='bbox 3281 2106 3326 2159; x_wconf 89' lang='lat' dir='ltr'><strong><em>si</em></strong></span> <span class='ocrx_word' id='word_1_454' title='bbox 3373 2104 3530 2158; x_wconf 86' lang='lat' dir='ltr'><strong><em>modo</em></strong></span> 
     </span>
    </p>
   </div>
   <div class='ocr_carea' id='block_1_67' title="bbox 1960 2200 3533 2269">
    <p class='ocr_par' dir='ltr' id='par_1_67' title="bbox 1960 2200 3533 2269">
     <span class='ocr_line' id='line_1_67' title="bbox 1960 2200 3533 2269; baseline -0.003 -18"><span class='ocrx_word' id='word_1_455' title='bbox 1960 2202 2145 2266; x_wconf 77' lang='lat' dir='ltr'><strong><em>velint,</em></strong></span> <span class='ocrx_word' id='word_1_456' title='bbox 2185 2200 2491 2269; x_wconf 76' lang='lat' dir='ltr'><strong><em>intelligere</em></strong></span> <span class='ocrx_word' id='word_1_457' title='bbox 2543 2211 2795 2269; x_wconf 65' lang='lat' dir='ltr'><strong><em>possunt.</em></strong></span> <span class='ocrx_word' id='word_1_458' title='bbox 2845 2201 3047 2255; x_wconf 81' lang='lat' dir='ltr'><strong><em>Contra</em></strong></span> <span class='ocrx_word' id='word_1_459' title='bbox 3086 2213 3215 2253; x_wconf 81' lang='lat' dir='ltr'><strong><em>vero</em></strong></span> <span class='ocrx_word' id='word_1_460' title='bbox 3259 2212 3381 2252; x_wconf 90' lang='lat' dir='ltr'><strong><em>cum</em></strong></span> <span class='ocrx_word' id='word_1_461' title='bbox 3433 2208 3533 2249; x_wconf 83' lang='lat' dir='ltr'><strong><em>nus</em></strong></span> 
     </span>
    </p>
   </div>
   <div class='ocr_carea' id='block_1_68' title="bbox 1955 2288 3531 2358">
    <p class='ocr_par' dir='ltr' id='par_1_68' title="bbox 1955 2288 3531 2358">
     <span class='ocr_line' id='line_1_68' title="bbox 1955 2288 3531 2358; baseline -0.004 -12"><span class='ocrx_word' id='word_1_462' title='bbox 1955 2293 2198 2347; x_wconf 87' lang='lat' dir='ltr'><strong><em>eamdem</em></strong></span> <span class='ocrx_word' id='word_1_463' title='bbox 2242 2310 2361 2345; x_wconf 76' lang='lat' dir='ltr'><strong><em>cum</em></strong></span> <span class='ocrx_word' id='word_1_464' title='bbox 2417 2293 2520 2347; x_wconf 87' lang='lat' dir='ltr'><strong><em>illis</em></strong></span> <span class='ocrx_word' id='word_1_465' title='bbox 2563 2302 2838 2346; x_wconf 87' lang='lat' dir='ltr'><strong><em>sectemur</em></strong></span> <span class='ocrx_word' id='word_1_466' title='bbox 2876 2292 3056 2356; x_wconf 87' lang='lat' dir='ltr'><strong><em>ﬁdem,</em></strong></span> <span class='ocrx_word' id='word_1_467' title='bbox 3098 2291 3398 2358; x_wconf 87' lang='lat' dir='ltr'><strong><em>eademque</em></strong></span> <span class='ocrx_word' id='word_1_468' title='bbox 3433 2288 3531 2341; x_wconf 87' lang='lat' dir='ltr'><strong><em>ba-</em></strong></span> 
     </span>
    </p>
   </div>
   <div class='ocr_carea' id='block_1_69' title="bbox 1957 2382 3534 2455">
    <p class='ocr_par' dir='ltr' id='par_1_69' title="bbox 1957 2382 3534 2455">
     <span class='ocr_line' id='line_1_69' title="bbox 1957 2382 3534 2455; baseline -0.003 -14"><span class='ocrx_word' id='word_1_469' title='bbox 1957 2387 2177 2442; x_wconf 86' lang='lat' dir='ltr'><strong><em>beamus</em></strong></span> <span class='ocrx_word' id='word_1_470' title='bbox 2221 2387 2528 2441; x_wconf 90' lang='lat' dir='ltr'><strong><em>communia</em></strong></span> <span class='ocrx_word' id='word_1_471' title='bbox 2564 2397 2930 2449; x_wconf 83' lang='lat' dir='ltr'><strong><em>sacramenta,</em></strong></span> <span class='ocrx_word' id='word_1_472' title='bbox 2970 2400 3064 2455; x_wconf 87' lang='lat' dir='ltr'><strong><em>per</em></strong></span> <span class='ocrx_word' id='word_1_473' title='bbox 3105 2385 3397 2452; x_wconf 67' lang='lat' dir='ltr'><strong><em>auxiliaque</em></strong></span> <span class='ocrx_word' id='word_1_474' title='bbox 3435 2382 3534 2437; x_wconf 87' lang='lat' dir='ltr'><strong><em>do-</em></strong></span> 
     </span>
    </p>
   </div>
   <div class='ocr_carea' id='block_1_70' title="bbox 1953 2475 3533 2545">
    <p class='ocr_par' dir='ltr' id='par_1_70' title="bbox 1953 2475 3533 2545">
     <span class='ocr_line' id='line_1_70' title="bbox 1953 2475 3533 2545; baseline -0.003 -13"><span class='ocrx_word' id='word_1_475' title='bbox 1953 2479 2187 2532; x_wconf 80' lang='lat' dir='ltr'><strong><em>ctrinam</em></strong></span> <span class='ocrx_word' id='word_1_476' title='bbox 2239 2478 2506 2545; x_wconf 89' lang='lat' dir='ltr'><strong><em>similem;</em></strong></span> <span class='ocrx_word' id='word_1_477' title='bbox 2556 2479 2859 2533; x_wconf 88' lang='lat' dir='ltr'><strong><em>catholicos</em></strong></span> <span class='ocrx_word' id='word_1_478' title='bbox 2905 2493 3003 2533; x_wconf 88' lang='lat' dir='ltr'><strong><em>nos</em></strong></span> <span class='ocrx_word' id='word_1_479' title='bbox 3055 2493 3163 2531; x_wconf 86' lang='lat' dir='ltr'><strong><em>non</em></strong></span> <span class='ocrx_word' id='word_1_480' title='bbox 3214 2491 3355 2543; x_wconf 88' lang='lat' dir='ltr'><strong><em>esse,</em></strong></span> <span class='ocrx_word' id='word_1_481' title='bbox 3392 2475 3533 2530; x_wconf 85' lang='lat' dir='ltr'><strong><em>haud</em></strong></span> 
     </span>
    </p>
   </div>
   <div class='ocr_carea' id='block_1_71' title="bbox 1953 2568 3534 2640">
    <p class='ocr_par' dir='ltr' id='par_1_71' title="bbox 1953 2568 3534 2640">
     <span class='ocr_line' id='line_1_71' title="bbox 1953 2568 3534 2640; baseline -0.003 -18"><span class='ocrx_word' id='word_1_482' title='bbox 1953 2570 2135 2624; x_wconf 85' lang='lat' dir='ltr'><strong><em>dicere</em></strong></span> <span class='ocrx_word' id='word_1_483' title='bbox 2176 2580 2433 2637; x_wconf 83' lang='lat' dir='ltr'><strong><em>possunt,</em></strong></span> <span class='ocrx_word' id='word_1_484' title='bbox 2494 2570 2770 2640; x_wconf 82' lang='lat' dir='ltr'><strong><em>redarguti</em></strong></span> <span class='ocrx_word' id='word_1_485' title='bbox 2816 2570 2883 2624; x_wconf 89' lang='lat' dir='ltr'><strong><em>ab</em></strong></span> <span class='ocrx_word' id='word_1_486' title='bbox 2931 2569 2998 2623; x_wconf 86' lang='lat' dir='ltr'><strong><em>iis</em></strong></span> <span class='ocrx_word' id='word_1_487' title='bbox 3042 2568 3135 2638; x_wconf 90' lang='lat' dir='ltr'><strong><em>qui</em></strong></span> <span class='ocrx_word' id='word_1_488' title='bbox 3177 2568 3387 2637; x_wconf 76' lang='lat' dir='ltr'><strong><em>linguas</em></strong></span> <span class='ocrx_word' id='word_1_489' title='bbox 3429 2582 3534 2619; x_wconf 87' lang='lat' dir='ltr'><strong><em>non</em></strong></span> 
     </span>
    </p>
   </div>
   <div class='ocr_carea' id='block_1_72' title="bbox 1961 2656 3538 2728">
    <p class='ocr_par' dir='ltr' id='par_1_72' title="bbox 1961 2656 3538 2728">
     <span class='ocr_line' id='line_1_72' title="bbox 1961 2656 3538 2728; baseline -0.003 -16"><span class='ocrx_word' id='word_1_490' title='bbox 1961 2660 2220 2713; x_wconf 83' lang='lat' dir='ltr'><strong><em>habentes</em></strong></span> <span class='ocrx_word' id='word_1_491' title='bbox 2246 2699 2260 2724; x_wconf 97' lang='lat'><strong><em>,</em></strong></span> <span class='ocrx_word' id='word_1_492' title='bbox 2312 2673 2411 2728; x_wconf 89' lang='lat' dir='ltr'><strong><em>pro</em></strong></span> <span class='ocrx_word' id='word_1_493' title='bbox 2463 2661 2618 2714; x_wconf 90' lang='lat' dir='ltr'><strong><em>nobis</em></strong></span> <span class='ocrx_word' id='word_1_494' title='bbox 2676 2659 2939 2714; x_wconf 82' lang='lat' dir='ltr'><strong><em>altissima</em></strong></span> <span class='ocrx_word' id='word_1_495' title='bbox 2989 2673 3123 2713; x_wconf 79' lang='lat' dir='ltr'><strong><em>voce</em></strong></span> <span class='ocrx_word' id='word_1_496' title='bbox 3162 2656 3395 2711; x_wconf 88' lang='lat' dir='ltr'><strong><em>clamant</em></strong></span> <span class='ocrx_word' id='word_1_497' title='bbox 3433 2662 3538 2709; x_wconf 90' lang='lat' dir='ltr'><strong><em>:ut</em></strong></span> 
     </span>
    </p>
   </div>
   <div class='ocr_carea' id='block_1_73' title="bbox 1959 2748 3532 2821">
    <p class='ocr_par' dir='ltr' id='par_1_73' title="bbox 1959 2748 3532 2821">
     <span class='ocr_line' id='line_1_73' title="bbox 1959 2748 3532 2821; baseline -0.003 -19"><span class='ocrx_word' id='word_1_498' title='bbox 1959 2752 2114 2821; x_wconf 80' lang='lat' dir='ltr'><strong><em>plane</em></strong></span> <span class='ocrx_word' id='word_1_499' title='bbox 2139 2768 2233 2821; x_wconf 85' lang='lat' dir='ltr'><strong><em>per</em></strong></span> <span class='ocrx_word' id='word_1_500' title='bbox 2254 2765 2572 2806; x_wconf 85' lang='lat' dir='ltr'><strong><em>consecrata</em></strong></span> <span class='ocrx_word' id='word_1_501' title='bbox 2605 2751 2677 2805; x_wconf 90' lang='lat' dir='ltr'><strong><em>illi</em></strong></span> <span class='ocrx_word' id='word_1_502' title='bbox 2708 2767 2775 2805; x_wconf 85' lang='lat' dir='ltr'><strong><em>ex</em></strong></span> <span class='ocrx_word' id='word_1_503' title='bbox 2813 2751 2935 2804; x_wconf 86' lang='lat' dir='ltr'><strong><em>ﬁdei</em></strong></span> <span class='ocrx_word' id='word_1_504' title='bbox 2963 2748 3303 2804; x_wconf 79' lang='lat' dir='ltr'><strong><em>confessione</em></strong></span> <span class='ocrx_word' id='word_1_505' title='bbox 3328 2759 3532 2816; x_wconf 84' lang='lat' dir='ltr'><strong><em>organa</em></strong></span> 
     </span>
    </p>
   </div>
   <div class='ocr_carea' id='block_1_74' title="bbox 1957 2838 3538 2911">
    <p class='ocr_par' dir='ltr' id='par_1_74' title="bbox 1957 2838 3538 2911">
     <span class='ocr_line' id='line_1_74' title="bbox 1957 2838 3538 2911; baseline -0.005 -14"><span class='ocrx_word' id='word_1_506' title='bbox 1957 2843 2241 2897; x_wconf 66' lang='lat' dir='ltr'><strong><em>benedicta</em></strong></span> <span class='ocrx_word' id='word_1_507' title='bbox 2277 2843 2393 2911; x_wconf 83' lang='lat' dir='ltr'><strong><em>ipse</em></strong></span> <span class='ocrx_word' id='word_1_508' title='bbox 2420 2842 2566 2896; x_wconf 84' lang='lat' dir='ltr'><strong><em>Deus</em></strong></span> <span class='ocrx_word' id='word_1_509' title='bbox 2601 2842 2743 2911; x_wconf 88' lang='lat' dir='ltr'><strong><em>loqui</em></strong></span> <span class='ocrx_word' id='word_1_510' title='bbox 2770 2841 3128 2910; x_wconf 80' lang='lat' dir='ltr'><strong><em>intelligatur.</em></strong></span> <span class='ocrx_word' id='word_1_511' title='bbox 3162 2859 3181 2891; x_wconf 74' lang='grc' dir='ltr'><strong><em>ι</em></strong></span> <span class='ocrx_word' id='word_1_512' title='bbox 3220 2838 3337 2892; x_wconf 83' lang='lat' dir='ltr'><strong><em>Huc</em></strong></span> <span class='ocrx_word' id='word_1_513' title='bbox 3363 2850 3538 2906; x_wconf 87' lang='lat' dir='ltr'><strong><em>usque</em></strong></span> 
     </span>
    </p>
   </div>
   <div class='ocr_carea' id='block_1_75' title="bbox 1962 2930 3291 3002">
    <p class='ocr_par' dir='ltr' id='par_1_75' title="bbox 1962 2930 3291 3002">
     <span class='ocr_line' id='line_1_75' title="bbox 1962 2930 3291 3002; baseline -0.003 -15"><span class='ocrx_word' id='word_1_514' title='bbox 1962 2949 2192 3002; x_wconf 82' lang='lat' dir='ltr'><strong><em>magnus</em></strong></span> <span class='ocrx_word' id='word_1_515' title='bbox 2225 2932 2516 2986; x_wconf 85' lang='lat' dir='ltr'><strong><em>Annalium</em></strong></span> <span class='ocrx_word' id='word_1_516' title='bbox 2544 2930 3041 2987; x_wconf 87' lang='lat' dir='ltr'><strong><em>eeclesiasticormn</em></strong></span> <span class='ocrx_word' id='word_1_517' title='bbox 3074 2943 3291 2999; x_wconf 90' lang='lat' dir='ltr'><strong><em>parens.</em></strong></span> 
     </span>
    </p>
   </div>
   <div class='ocr_carea' id='block_1_76' title="bbox 2031 3018 3538 3093">
    <p class='ocr_par' dir='ltr' id='par_1_76' title="bbox 2031 3018 3538 3093">
     <span class='ocr_line' id='line_1_76' title="bbox 2031 3018 3538 3093; baseline -0.008 -13"><span class='ocrx_word' id='word_1_518' title='bbox 2031 3025 2141 3080; x_wconf 75' lang='lat' dir='ltr'><strong><em>VII.</em></strong></span> <span class='ocrx_word' id='word_1_519' title='bbox 2183 3024 2334 3091; x_wconf 84' lang='lat' dir='ltr'><strong><em>Quod</em></strong></span> <span class='ocrx_word' id='word_1_520' title='bbox 2368 3033 2636 3093; x_wconf 87' lang='lat' dir='ltr'><strong><em>superest,</em></strong></span> <span class='ocrx_word' id='word_1_521' title='bbox 2662 3022 2914 3091; x_wconf 78' lang='lat' dir='ltr'><strong><em>Dialogus</em></strong></span> <span class='ocrx_word' id='word_1_522' title='bbox 2936 3019 3125 3075; x_wconf 60' lang='lat' dir='ltr'><strong><em>Enen:</em></strong></span> <span class='ocrx_word' id='word_1_523' title='bbox 3146 3018 3348 3083; x_wconf 69' lang='lat' dir='ltr'><strong><em>Gazmi,</em></strong></span> <span class='ocrx_word' id='word_1_524' title='bbox 3379 3031 3538 3087; x_wconf 87' lang='lat' dir='ltr'><strong><em>quem</em></strong></span> 
     </span>
    </p>
   </div>
   <div class='ocr_carea' id='block_1_77' title="bbox 1961 3109 3540 3185">
    <p class='ocr_par' dir='ltr' id='par_1_77' title="bbox 1961 3109 3540 3185">
     <span class='ocr_line' id='line_1_77' title="bbox 1961 3109 3540 3185; baseline -0.007 -15"><span class='ocrx_word' id='word_1_525' title='bbox 1961 3118 2225 3171; x_wconf 83' lang='lat' dir='ltr'><strong><em>eruditum</em></strong></span> <span class='ocrx_word' id='word_1_526' title='bbox 2272 3125 2321 3171; x_wconf 91' lang='lat' dir='ltr'><strong><em>et</em></strong></span> <span class='ocrx_word' id='word_1_527' title='bbox 2379 3116 2665 3185; x_wconf 85' lang='lat' dir='ltr'><strong><em>elegantem</em></strong></span> <span class='ocrx_word' id='word_1_528' title='bbox 2714 3115 3022 3183; x_wconf 83' lang='lat' dir='ltr'><strong><em>scriptorem</em></strong></span> <span class='ocrx_word' id='word_1_529' title='bbox 3067 3121 3223 3166; x_wconf 85' lang='lat' dir='ltr'><strong><em>vocat</em></strong></span> <span class='ocrx_word' id='word_1_530' title='bbox 3269 3109 3540 3164; x_wconf 86' lang='lat' dir='ltr'><strong><em>Casaubo-</em></strong></span> 
     </span>
    </p>
   </div>
   <div class='ocr_carea' id='block_1_78' title="bbox 1962 3200 3540 3280">
    <p class='ocr_par' dir='ltr' id='par_1_78' title="bbox 1962 3200 3540 3280">
     <span class='ocr_line' id='line_1_78' title="bbox 1962 3200 3540 3280; baseline -0.008 -17"><span class='ocrx_word' id='word_1_531' title='bbox 1962 3225 2066 3264; x_wconf 90' lang='lat' dir='ltr'><strong><em>nus</em></strong></span> <span class='ocrx_word' id='word_1_532' title='bbox 2092 3211 2230 3280; x_wconf 77' lang='lat'><strong><em>(50),</em></strong></span> <span class='ocrx_word' id='word_1_533' title='bbox 2273 3223 2415 3277; x_wconf 65' lang='lat' dir='ltr'><strong><em>stupe</em></strong></span> <span class='ocrx_word' id='word_1_534' title='bbox 2456 3209 2600 3279; x_wconf 87' lang='lat' dir='ltr'><strong><em>typis</em></strong></span> <span class='ocrx_word' id='word_1_535' title='bbox 2646 3207 3001 3276; x_wconf 82' lang='lat' dir='ltr'><strong><em>consignatus</em></strong></span> <span class='ocrx_word' id='word_1_536' title='bbox 3044 3203 3293 3258; x_wconf 87' lang='lat' dir='ltr'><strong><em>habetur.</em></strong></span> <span class='ocrx_word' id='word_1_537' title='bbox 3353 3200 3540 3253; x_wconf 84' lang='lat' dir='ltr'><strong><em>Varias</em></strong></span> 
     </span>
    </p>
   </div>
   <div class='ocr_carea' id='block_1_79' title="bbox 1962 3293 3542 3373">
    <p class='ocr_par' dir='ltr' id='par_1_79' title="bbox 1962 3293 3542 3373">
     <span class='ocr_line' id='line_1_79' title="bbox 1962 3293 3542 3373; baseline -0.011 -16"><span class='ocrx_word' id='word_1_538' title='bbox 1962 3303 2080 3373; x_wconf 81' lang='lat' dir='ltr'><strong><em>ejus</em></strong></span> <span class='ocrx_word' id='word_1_539' title='bbox 2135 3302 2404 3357; x_wconf 87' lang='lat' dir='ltr'><strong><em>editiones</em></strong></span> <span class='ocrx_word' id='word_1_540' title='bbox 2454 3298 3043 3367; x_wconf 85' lang='lat' dir='ltr'><strong><em>interpretationcsque</em></strong></span> <span class='ocrx_word' id='word_1_541' title='bbox 3094 3293 3423 3362; x_wconf 81' lang='lat' dir='ltr'><strong><em>diligenter,</em></strong></span> <span class='ocrx_word' id='word_1_542' title='bbox 3484 3298 3542 3340; x_wconf 91' lang='lat' dir='ltr'><strong><em>ut</em></strong></span> 
     </span>
    </p>
   </div>
   <div class='ocr_carea' id='block_1_80' title="bbox 1964 3382 3542 3460">
    <p class='ocr_par' dir='ltr' id='par_1_80' title="bbox 1964 3382 3542 3460">
     <span class='ocr_line' id='line_1_80' title="bbox 1964 3382 3542 3460; baseline -0.011 -12"><span class='ocrx_word' id='word_1_543' title='bbox 1964 3394 2187 3459; x_wconf 80' lang='lat' dir='ltr'><strong><em>assolet,</em></strong></span> <span class='ocrx_word' id='word_1_544' title='bbox 2218 3400 2463 3446; x_wconf 86' lang='lat' dir='ltr'><strong><em>recenset</em></strong></span> <span class='ocrx_word' id='word_1_545' title='bbox 2484 3390 2769 3445; x_wconf 88' lang='lat' dir='ltr'><strong><em>Fabricius</em></strong></span> <span class='ocrx_word' id='word_1_546' title='bbox 2794 3387 2930 3460; x_wconf 80' lang='lat' dir='ltr'><strong><em>(3t).</em></strong></span> <span class='ocrx_word' id='word_1_547' title='bbox 2963 3387 3067 3441; x_wconf 83' lang='lat' dir='ltr'><strong><em>Eas</em></strong></span> <span class='ocrx_word' id='word_1_548' title='bbox 3106 3386 3245 3439; x_wconf 86' lang='lat' dir='ltr'><strong><em>inter</em></strong></span> <span class='ocrx_word' id='word_1_549' title='bbox 3285 3382 3429 3436; x_wconf 88' lang='lat' dir='ltr'><strong><em>illam</em></strong></span> <span class='ocrx_word' id='word_1_550' title='bbox 3458 3390 3542 3450; x_wconf 85' lang='lat' dir='ltr'><strong><em>ty-</em></strong></span> 
     </span>
    </p>
   </div>
   <div class='ocr_carea' id='block_1_81' title="bbox 1964 3471 3543 3553">
    <p class='ocr_par' dir='ltr' id='par_1_81' title="bbox 1964 3471 3543 3553">
     <span class='ocr_line' id='line_1_81' title="bbox 1964 3471 3543 3553; baseline -0.007 -16"><span class='ocrx_word' id='word_1_551' title='bbox 1964 3484 2048 3553; x_wconf 88' lang='lat' dir='ltr'><strong><em>pis</em></strong></span> <span class='ocrx_word' id='word_1_552' title='bbox 2095 3483 2412 3537; x_wconf 84' lang='lat' dir='ltr'><strong><em>tradendam</em></strong></span> <span class='ocrx_word' id='word_1_553' title='bbox 2454 3483 2787 3543; x_wconf 91' lang='lat' dir='ltr'><strong><em>curavimus,</em></strong></span> <span class='ocrx_word' id='word_1_554' title='bbox 2824 3495 2946 3549; x_wconf 68' lang='lat' dir='ltr'><strong><em>quae</em></strong></span> <span class='ocrx_word' id='word_1_555' title='bbox 2993 3478 3289 3545; x_wconf 85' lang='lat' dir='ltr'><strong><em>interprete</em></strong></span> <span class='ocrx_word' id='word_1_556' title='bbox 3335 3471 3543 3527; x_wconf 74' lang='lat' dir='ltr'><strong><em>Joanne</em></strong></span> 
     </span>
    </p>
   </div>
   <div class='ocr_carea' id='block_1_82' title="bbox 1964 3562 3543 3644">
    <p class='ocr_par' dir='ltr' id='par_1_82' title="bbox 1964 3562 3543 3644">
     <span class='ocr_line' id='line_1_82' title="bbox 1964 3562 3543 3644; baseline -0.009 -15"><span class='ocrx_word' id='word_1_557' title='bbox 1964 3576 2161 3631; x_wconf 86' lang='lat' dir='ltr'><strong><em>Wolﬁo</em></strong></span> <span class='ocrx_word' id='word_1_558' title='bbox 2211 3575 2411 3644; x_wconf 87' lang='lat' dir='ltr'><strong><em>prodiit</em></strong></span> <span class='ocrx_word' id='word_1_559' title='bbox 2468 3574 2520 3627; x_wconf 90' lang='lat' dir='ltr'><strong><em>in</em></strong></span> <span class='ocrx_word' id='word_1_560' title='bbox 2584 3573 2827 3626; x_wconf 81' lang='lat' dir='ltr'><strong><em>auctario</em></strong></span> <span class='ocrx_word' id='word_1_561' title='bbox 2874 3570 3140 3624; x_wconf 66' lang='lat' dir='ltr'><strong><em>Ducuzano</em></strong></span> <span class='ocrx_word' id='word_1_562' title='bbox 3172 3566 3308 3643; x_wconf 72' lang='lat'><strong><em>(52),</em></strong></span> <span class='ocrx_word' id='word_1_563' title='bbox 3374 3562 3543 3618; x_wconf 85' lang='lat' dir='ltr'><strong><em>semel</em></strong></span> 
     </span>
    </p>
   </div>
   <div class='ocr_carea' id='block_1_83' title="bbox 1967 3658 3544 3734">
    <p class='ocr_par' dir='ltr' id='par_1_83' title="bbox 1967 3658 3544 3734">
     <span class='ocr_line' id='line_1_83' title="bbox 1967 3658 3544 3734; baseline -0.009 -13"><span class='ocrx_word' id='word_1_564' title='bbox 1967 3669 2270 3734; x_wconf 87' lang='lat' dir='ltr'><strong><em>iterumque</em></strong></span> <span class='ocrx_word' id='word_1_565' title='bbox 2312 3666 2538 3733; x_wconf 86' lang='lat' dir='ltr'><strong><em>repetita</em></strong></span> <span class='ocrx_word' id='word_1_566' title='bbox 2587 3665 2639 3717; x_wconf 89' lang='lat' dir='ltr'><strong><em>in</em></strong></span> <span class='ocrx_word' id='word_1_567' title='bbox 2674 3662 2972 3717; x_wconf 78' lang='lat' dir='ltr'><strong><em>Parisiensi</em></strong></span> <span class='ocrx_word' id='word_1_568' title='bbox 3014 3658 3347 3713; x_wconf 82' lang='lat' dir='ltr'><strong><em>Bibliotheca</em></strong></span> <span class='ocrx_word' id='word_1_569' title='bbox 3392 3665 3544 3707; x_wconf 80' lang='lat' dir='ltr'><strong><em>vete-</em></strong></span> 
     </span>
    </p>
   </div>
   <div class='ocr_carea' id='block_1_84' title="bbox 1969 3743 3542 3825">
    <p class='ocr_par' dir='ltr' id='par_1_84' title="bbox 1969 3743 3542 3825">
     <span class='ocr_line' id='line_1_84' title="bbox 1969 3743 3542 3825; baseline -0.01 -13"><span class='ocrx_word' id='word_1_570' title='bbox 1969 3774 2085 3812; x_wconf 86' lang='lat' dir='ltr'><strong><em>rum</em></strong></span> <span class='ocrx_word' id='word_1_571' title='bbox 2120 3758 2334 3811; x_wconf 78' lang='lat' dir='ltr'><strong><em>Patrum</em></strong></span> <span class='ocrx_word' id='word_1_572' title='bbox 2381 3756 2694 3811; x_wconf 83' lang='lat' dir='ltr'><strong><em>Morelliana</em></strong></span> <span class='ocrx_word' id='word_1_573' title='bbox 2719 3755 2853 3825; x_wconf 78' lang='lat'><strong><em>(&#39;55).</em></strong></span> <span class='ocrx_word' id='word_1_574' title='bbox 2889 3751 3397 3820; x_wconf 80' lang='lat' dir='ltr'><strong><em>Interpretationeut</em></strong></span> <span class='ocrx_word' id='word_1_575' title='bbox 3440 3743 3542 3798; x_wconf 80' lang='lat' dir='ltr'><strong><em>ali-</em></strong></span> 
     </span>
    </p>
   </div>
   <div class='ocr_carea' id='block_1_85' title="bbox 1968 3846 2510 3901">
    <p class='ocr_par' dir='ltr' id='par_1_85' title="bbox 1968 3846 2510 3901">
     <span class='ocr_line' id='line_1_85' title="bbox 1968 3846 2510 3901; baseline -0.007 -1"><span class='ocrx_word' id='word_1_576' title='bbox 1968 3847 2088 3901; x_wconf 86' lang='lat' dir='ltr'><strong><em>cubi</em></strong></span> <span class='ocrx_word' id='word_1_577' title='bbox 2120 3846 2510 3899; x_wconf 83' lang='lat' dir='ltr'><strong><em>reccnsuimus.</em></strong></span> 
     </span>
    </p>
   </div>
   <div class='ocr_carea' id='block_1_86' title="bbox 1978 4043 2461 4101">
    <p class='ocr_par' dir='ltr' id='par_1_86' title="bbox 1978 4043 2461 4101">
     <span class='ocr_line' id='line_1_86' title="bbox 1978 4043 2461 4101; baseline -0.01 0"><span class='ocrx_word' id='word_1_578' title='bbox 1978 4047 2104 4101; x_wconf 75' lang='lat' dir='ltr'><strong><em>edit.</em></strong></span> <span class='ocrx_word' id='word_1_579' title='bbox 2140 4063 2265 4098; x_wconf 83' lang='lat' dir='ltr'><strong><em>anu.</em></strong></span> <span class='ocrx_word' id='word_1_580' title='bbox 2304 4043 2461 4098; x_wconf 56' lang='lat'><strong><em>16%.</em></strong></span> 
     </span>
    </p>
   </div>
   <div class='ocr_carea' id='block_1_87' title="bbox 1975 4088 3545 4255">
    <p class='ocr_par' dir='ltr' id='par_1_87' title="bbox 1975 4088 3545 4255">
     <span class='ocr_line' id='line_1_87' title="bbox 1978 4088 3545 4239; baseline -0.008 -68"><span class='ocrx_word' id='word_1_581' title='bbox 1978 4088 2466 4239; x_wconf 39' lang='grc' dir='ltr'><strong><em>ψξέόἑὲξῖὶιῐίνῐῖίί</em></strong></span> <span class='ocrx_word' id='word_1_582' title='bbox 2498 4113 2670 4168; x_wconf 79' lang='lat' dir='ltr'><strong><em>Paris.</em></strong></span> <span class='ocrx_word' id='word_1_583' title='bbox 2706 4128 2836 4166; x_wconf 87' lang='lat' dir='ltr'><strong><em>ann.</em></strong></span> <span class='ocrx_word' id='word_1_584' title='bbox 2873 4110 3034 4177; x_wconf 72' lang='lat' dir='ltr'><strong><em>16M,</em></strong></span> <span class='ocrx_word' id='word_1_585' title='bbox 3069 4108 3229 4175; x_wconf 66' lang='grc'>1654,</span> <span class='ocrx_word' id='word_1_586' title='bbox 3265 4119 3396 4162; x_wconf 88' lang='lat' dir='ltr'><strong><em>tom.</em></strong></span> <span class='ocrx_word' id='word_1_587' title='bbox 3429 4088 3545 4171; x_wconf 74' lang='grc' dir='ltr'><strong>ΧῘΙ,</strong></span> 
     </span>
     <span class='ocr_line' id='line_1_88' title="bbox 1975 4202 2250 4255; baseline -0.011 -1"><span class='ocrx_word' id='word_1_588' title='bbox 1975 4202 2093 4255; x_wconf 64' lang='grc' dir='ltr'>ναίει</span> <span class='ocrx_word' id='word_1_589' title='bbox 2235 4224 2250 4238; x_wconf 83' lang='grc' dir='ltr'><strong>ο</strong></span> 
     </span>
    </p>
   </div>
  </div>
