4014 6140
330 354 438 421 909

1647 296 2271 431 THEOPHilASTUS.

3485 354 3586 420 910

337 463 542 538 μᾶλλον
598 464 940 535 ἀσπάζομαι,
991 463 1087 518 καὶ
1149 461 1408 533 πλείστην
1445 460 1560 517 οἴδα
1612 463 1690 535 τῷ
1747 464 1912 518 δεδω-

2021 471 2241 534 potest:
2277 459 2590 517 felicitatem
2619 471 2800 518 autem
2830 462 3067 518 avellere
3122 477 3458 534 nequaquam
3494 480 3594 534 p0-

336 557 459 613 κότι
506 559 610 626 τὴν
651 560 850 630 χάριτα
886 557 1025 628 (52).
1062 559 1128 615 Τί
1176 548 1302 627 ’γὰρ
1345 556 1664 627 ἐλευθερίας
1715 556 1912 626 σεμνό-

335 666 523 721 τερον;
547 649 582 721 ἢ
609 649 1005 720 παραλαϐοῦσα
1046 649 1144 704 τὸν
1192 651 1478 721 ἄνθρωπον
1535 647 1657 704 θεὸν
1697 648 1788 703 τὸν
1817 648 1913 703 ἀν-

338 740 559 812 θρωπον
591 741 965 813 ἀπεργάζεται
998 742 1134 812 (55).

2021 563 2147 611 test.
2176 554 2235 609 In
2263 552 2397 609 alias
2418 553 2634 623 quidem
2664 569 2752 609 res
2780 554 2940 610 habet
2969 554 3239 610 interdum
3267 555 3547 626 imperium
3573 578 3589 612 :

2021 648 2191 702 virtus
2211 656 2391 700 autem
2428 647 2496 701 ab
2526 646 2676 701 omni
2729 646 3099 702 dominatione
3130 654 3209 701 est
3236 647 3491 702 immunis
3526 663 3591 703 ac

2020 737 2215 794 libera.
2264 736 2331 792 Et
2368 747 2517 795 certe
2576 739 2769 794 anima:
2800 754 2918 809 quae
2974 740 3184 795 ratione
3227 740 3295 795 sit
3342 742 3588 808 praedita,

340 839 708 908 pulcherrima
743 840 859 895 haec
890 848 967 894 est
1006 839 1262 909 dignitas,
1294 840 1437 910 quod
1473 838 1554 895 sui
1585 837 1719 907 juris
1758 838 1827 893 sit
1850 850 1915 892 ac
1954 834 2112 906 plane
2151 834 2348 890 libera.
2372 834 2549 903 Atque
2610 837 2713 890 hoc
2743 836 2917 904 ipsum
2973 846 3058 891 est
3080 851 3269 892 eorum
3305 851 3423 903 qua:
3467 844 3594 890 sunt

341 931 392 985 in
440 948 542 989 nos
575 932 793 999 collata,
828 933 1158 1003 praecipuum
1198 949 1264 991 ac
1308 935 1605 989 maximum
1644 933 1957 990 Conditoris
1992 945 2212 995 munus,
2242 929 2385 1001 quod
2414 944 2516 998 ego
2586 932 2826 986 omnium
2867 933 3102 987 maxime
3141 931 3450 995 exosculor,
3481 947 3593 986 ma-

341 1029 625 1099 ximasque
665 1028 775 1084 Deo
796 1028 970 1084 datori
1004 1029 1208 1101 gratias
1261 1044 1380 1100 ago.
1412 1030 1551 1096 Quid
1579 1028 1725 1085 enim
1754 1027 2007 1084 libertate
2036 1035 2123 1084 est
2184 1025 2509 1095 augustius?
2568 1026 2685 1083 haec
2738 1040 2898 1097 quem
2948 1028 3224 1085 hominem
3267 1029 3497 1100 accepit,
3526 1040 3591 1080 ex

342 1122 560 1179 homine
590 1121 750 1175 deum
781 1120 928 1175 facit.

410 1213 608 1266 ΘΕΟΦ.
642 1207 770 1281 *Δρ*
810 1206 902 1264 οὖν
933 1211 1034 1264 οὐκ
1068 1211 1293 1282 ἄμεινον
1328 1207 1398 1283 ἦν
1437 1209 1677 1279 ἀγαθοὺς
1705 1208 1922 1281 ἀνάγκῃ

345 1303 616 1373 γενέσθαι,
656 1302 690 1374 ἢ
732 1302 1045 1374 ἐλευθερίας
1086 1303 1312 1374 ὀνόματι
1352 1302 1553 1369 ἐξεῖναι
1590 1303 1789 1359 κακίαν
1836 1304 1923 1358 αἰ·-

346 1397 555 1468 ρεῖσθαι
582 1413 599 1461 ;

410 1511 592 1566 ΔΞΙΘ.
624 1510 735 1565 Καὶ
771 1510 854 1572 τίς
901 1509 1042 1581 αὕτη
1083 1508 1279 1579 γένοιτ’
1326 1508 1437 1582 (54)
1486 1508 1553 1565 ἂν
1602 1511 1771 1582 ἀρετὴ
1804 1511 1926 1565 δου-

342 1604 522 1658 λεύειν
571 1601 970 1673 ἡναγκασμὲνῃ
1012 1601 1193 1673 ψυχῆς
1240 1600 1424 1655 Βίαιον
1467 1602 1579 1671 (55)
1609 1602 1718 1675 γὰρ
1769 1602 1922 1655 οὐδὲν

345 1696 635 1750 κάλλιστον
691 1694 944 1764 μαθημα·
975 1694 1084 1749 οὐδ’
1114 1692 1331 1768 ἀνάγκῃ
1378 1712 1431 1746 τι
1486 1693 1769 1765 γινόμενον
1806 1692 1918 1766 (56)

2095 1203 2394 1261 THEOPH.
2442 1202 2550 1260 Sed
2606 1219 2674 1259 an
2738 1221 2846 1261 non
2900 1208 3229 1274 praestiterat
3286 1213 3594 1267 necessario

2020 1297 2191 1354 bonos
2228 1298 2583 1366 nasci,quam
2606 1297 2708 1351 sub
2756 1297 2846 1352 illo
2886 1297 3151 1354 libertatis
3202 1303 3421 1358 nomine
3461 1306 3592 1359 deli-

2020 1391 2178 1463 gendi
2204 1397 2260 1446 et
2299 1388 2527 1445 faciendi
2571 1390 2695 1445 mali
2728 1389 3003 1446 licentiam
3040 1392 3282 1448 habere?

2091 1494 2326 1561 ᾸΧΙΤΙΙ.
2358 1505 2553 1575 Ecquze
2595 1506 2727 1562 cedo
2756 1514 2807 1561 et
2844 1506 3019 1577 qualis
3064 1508 3239 1563 virtus
3267 1518 3430 1574 esset,
3473 1514 3593 1564 ani—

2028 1611 2172 1651 tuam
2196 1598 2276 1653 sic
2300 1608 2541 1653 coactam
2576 1612 2697 1653 esse
2735 1608 2788 1653 et
2836 1599 3080 1655 servire?
3128 1599 3238 1655 Nec
3282 1602 3433 1655 firma
3487 1617 3591 1667 est,

2028 1687 2136 1740 ulla
2168 1688 2217 1741 vi
2248 1703 2368 1757 qua:
2418 1689 2643 1758 geritur,
2677 1689 2963 1759 disciplina
2990 1707 3005 1748 :
3030 1706 3130 1746 nec
3178 1691 3336 1748 laude
3368 1693 3593 1762 dignum

345 1786 482 1857 πρὸς
511 1786 788 1855 εὐφημίαν
832 1786 1157 1856 ἐπιτήδειον.
1196 1786 1319 1848 Πῶς
1361 1784 1418 1838 δὲ
1465 1784 1704 1856 ἀμείνων
1750 1786 1779 1839 ὁ
1822 1784 1916 1839 ἀν-

2025 1780 2277 1849 estquod
2305 1788 2526 1835 coactus
2552 1778 2769 1835 feceris.
2811 1779 2930 1848 Quo
2966 1792 3125 1852 pacto
3155 1793 3337 1838 autem
3371 1798 3592 1852 praesta-

345 1875 565 1949 θρωπος
596 1871 687 1947 ἦν,
721 1878 770 1928 εί
803 1875 1004 1940 λίθινος
1037 1876 1148 1948 (57)
1179 1871 1268 1948 ἦν,
1321 1877 1443 1930 ὅποι
1497 1877 1738 1947 βούλοιτο
1762 1878 1791 1930 ὁ
1835 1893 1923 1929 τε-

346 1969 534 2040 χνίτης
594 1968 1046 2041 περιφερόμενος,
1092 1969 1127 2039 ἦ
1182 1985 1308 2023 τινα
1357 1969 1595 2038 φθόγγον
1642 1971 1774 2041 παρ’
1796 1969 1922 2021 ἑαυ-

345 2061 437 2115 τοῦ
469 2062 582 2134 (58)
619 2061 1015 2132 παρεχόμενος,
1064 2060 1123 2115 δν
1169 2063 1250 2124 εἰς
1292 2061 1390 2134 τὴν
1435 2063 1563 2129 ὃλην
1607 2062 1719 2131 (59)
1752 2063 1924 2133 ἀρμο-

346 2151 461 2206 νίαν
483 2153 512 2205 ὁ
546 2152 891 2223 Δημιουργδς
926 2152 1208 2207 συντάττει
1237 2151 1419 2216 καλῶς
1456 2153 1600 2222 (40);

412 2332 606 2386 ΘΕΟΦ.
651 2331 810 2386 Ἀλλά
859 2334 1126 2404 θαυμάζω
1181 2334 1265 2387 ὅτι
1316 2333 1412 2405 μὴ,
1461 2333 1559 2404 τὴν
1616 2333 1727 2386 τῶν
1784 2351 1923 2402 φαυ-

345 2421 581 2494 λοτέρων
622 2423 857 2494 μισήσας
895 2423 1112 2487 κακίαν,
1136 2424 1227 2476 καὶ
1268 2424 1377 2477 τῶν
1417 2424 1678 2477 ἐπιεικῶν
1714 2441 1923 2491 συγκαο

345 2511 532 2567 ταλύει
563 2513 664 2585 τὴν
699 2514 951 2579 ἐξουσίαν
991 2517 1126 2586 (41).

412 2716 594 2771 ΔΞΙΘ.
624 2717 691 2770 Τί
717 2716 807 2784 es;
841 2718 902 2770 ού
955 2718 1305 2790 χαριέστερον
1338 2717 1560 2788 ἀγαθῶν
1611 2719 1794 2780 ἕνεκα,
1822 2717 1923 2786 τῆς

334 2808 457 2862 ,τῶν
504 2808 693 2861 κακῶν
745 2808 1029 2873 ἀπειθείας
1085 2809 1392 2881 ἀνέχεσθαι,
1436 2810 1469 2880 ἢ
1519 2811 1606 2865 διὰ
1660 2810 1769 2880 (4‘2)
1810 2808 1921 2861 τῶν

346 2899 576 2969 φαύλων
633 2902 921 2971 ἀκοσμίαν,
977 2902 1086 2956 τῶν
1150 2903 1477 2973 κρειττόνων
1560 2903 1651 2956 τὸν
1717 2903 1922 2971 κόσμον

341 2990 748 3057 ἀποσείεσθαι;
792 2992 927 3061 Φέρε
972 2992 1101 3063 γὰρ.
1146 2994 1200 3046 εί
1241 3009 1326 3056 τις
1372 2996 1636 3061 γεωργεῖν
1679 2994 1920 3063 ταχθεὶς,

2026 1878 2109 1925 ret
2149 1870 2417 1925 hominem
2452 1872 2608 1942 quasi
2658 1870 2924 1941 lapideum
2957 1886 3098 1939 esse,
3131 1876 3221 1945 qui
3273 1892 3593 1946 quocunque

2023 1962 2188 2018 libeat
2214 1963 2411 2019 artiﬁci
2460 1965 2598 2020 mitti
2641 1965 2844 2035 queat?
2871 1980 3034 2036 quam
3080 1970 3172 2038 qui
3230 1970 3468 2024 vocalem
3504 1971 3601 2025 ali-

2022 2068 2182 2124 quem
2213 2070 2280 2109 ex
2301 2070 2359 2110 se
2386 2055 2503 2125 ipse
2536 2070 2729 2112 sonum
2779 2057 2923 2122 edat,
2955 2070 3117 2126 quem
3175 2060 3413 2115 universi
3454 2061 3593 2118 illius

2024 2145 2226 2215 opilicii
2259 2145 2520 2202 Conditor
2543 2148 2609 2202 ad
2640 2146 2781 2203 hanc
2824 2147 2909 2203 sui
2933 2150 3115 2220 operis
3142 2151 3480 2208 harmoniam
3512 2161 3597 2210 to—

2024 2246 2132 2290 tam
2165 2236 2389 2304 pulchre
2418 2241 2826 2295 accommodet?

2097 2325 2396 2383 TllEOPll.
2430 2327 2599 2384 Miror
2644 2346 2795 2398 vero,
2848 2333 2993 2402 quod
3045 2347 3171 2389 cum
3221 2336 3487 2391 malorum
3516 2339 3595 2392 vi-

2025 2419 2217 2473 tiosam
2253 2432 2502 2475 naturam
2530 2436 2623 2477 seu
2645 2423 3044 2493 improtiitatem
3064 2427 3192 2482 odio
3244 2427 3457 2494 habeat,
3490 2446 3594 2485 non

2023 2510 2187 2564 etiam
2234 2512 2305 2565 ob
2342 2513 2394 2567 id
2438 2530 2588 2569 suam
2643 2515 2800 2572 bonis
2852 2516 3157 2573 libertatem
3188 2534 3253 2575 ac
3285 2520 3594 2577 facultatem

2023 2604 2197 2657 solvat
2232 2619 2295 2659 ac
2327 2603 2564 2675 frangat.

2094 2717 2327 2775 AXlTll.
2357 2720 2493 2786 Quid
2523 2720 2642 2775 ita?
2672 2720 2754 2776 An
2808 2735 2913 2778 non
2945 2732 3188 2792 praestat,
3246 2736 3466 2796 prapter
3503 2728 3591 2782 bo-

2027 2825 2126 2864 nos
2159 2811 2422 2865 nullorum
2465 2814 2860 2868 contumaciam
2894 2814 3150 2883 tolerare,
3181 2832 3343 2886 quam
3378 2818 3594 2889 prapter

2026 2903 2287 2958 malorum
2321 2903 2738 2969 deformitatem,
2788 2921 2974 2962 eorum
3033 2909 3125 2978 qui
3180 2910 3431 2965 meliores
3472 2923 3593 2967 sunt

2026 3003 2275 3048 ornatutn
2312 3003 2475 3063 atque
2529 2992 2757 3049 formam
2783 2995 2919 3051 velle
2957 2997 3413 3069 decurtareYAge
3452 3000 3595 3055 enim

342 3081 438 3134 καὶ
470 3081 716 3151 γεωργὸς
747 3081 1169 3153 ὀνομαζόμενος,
1206 3083 1304 3146 τὰς
1334 3084 1614 3154 ἀμπέλους
1655 3083 1916 3155 ἀποδρὰς,

2025 3086 2067 3140 si
2107 3086 2228 3156 quis
2255 3088 2326 3140 sit
2358 3087 2538 3155 operis
2578 3087 2796 3142 rusticis
2849 3089 3113 3144 obeundis
3165 3089 3495 3158 destinatus,
3529 3110 3595 3148 ac

338 3175 424 3236 εις
478 3177 614 3228 ἄστυ
671 3175 914 3247 δραμὼν,
968 3176 1192 3247 ἑταίραν
1249 3176 1503 3245 ἐξαίφνης
1560 3175 1914 3245 καταμαθὼν,

344 3268 529 3322 κάλλει
577 3270 671 3323 καὶ
745 3270 936 3340 χρυσῷ
999 3270 1409 3340 διαλάμπουσαν
1453 3270 1587 3339 (45),
1639 3269 1813 3339 μύρου
1856 3286 1916 3321 τε

341 3361 596 3426 ῦζουσαν,
640 3363 736 3414 καὶ
778 3360 1108 3432 προσπαίζοι
1150 3363 1250 3433 τὴν
1294 3362 1508 3430 εύιρυῶς
1544 3360 1652 3432 (i4)
1705 3362 1796 3414 καὶ
1836 3363 1918 3414 ai.-

343 3453 489 3523 μύλα
517 3452 900 3522 φθεγγομένην
928 3451 1061 3523 (45),
1090 3454 1383 3522 ἐκπλαγεὶς
1410 3454 1581 3526 ταύτῃ
1611 3454 1917 3519 συνέποιτο,

437 3656 527 3722 3‘3)
560 3657 667 3712 CC.
705 3657 764 3710 P.
799 3661 900 3725 τὴν
921 3658 1101 3727 χάριν.

439 3728 528 3799 55)
555 3728 661 3799 (ξι).
760 3728 793 3797 ἥ
822 3746 951 3799 παρ.
971 3728 1089 3781 θεὸν
1112 3730 1201 3782 τὴν
1225 3728 1505 3799 ἄνθρωπον
1524 3730 1915 3799 ἀπεργάζεται.

414 3796 528 3865 (54)
560 3797 668 3852 CC.
704 3796 765 3850 P.
784 3796 1006 3864 γένοιτο
1032 3798 1115 3853 ἄν.

439 3867 530 3937 55)
563 3866 672 3937 CC.
794 3867 968 3937 βίαιον
1002 3870 1177 3926 οὐδέν.

436 3936 527 4003 56)
557 3936 668 3991 CC.
693 3935 757 3992 P.
784 3935 1129 4006 γιγνόμενον.

413 4008 529 4069 (57)
565 4007 823 4073 Λιθινος.
845 4007 1035 4061 Ahlata
1056 4009 1199 4063 omni
1232 4008 1496 4074 libertate,
1529 4016 1808 4076 tantopere
1835 4024 1920 4062 sa-

340 4077 618 4144 pientibus
664 4077 714 4129 in
758 4079 959 4130 homini
1006 4080 1262 4133 divinitus
1307 4079 1517 4133 collatis
1566 4080 1720 4132 bonis
1768 4093 1917 4132 com-

284 4147 616 4214 _mendata.
669 4144 842 4201 Etiam
883 4149 996 4214 ipsa
1036 4151 1176 4203 bona
1223 4165 1326 4203 non
1364 4148 1590 4203 cunctim
1632 4147 1917 4201 admittere

342 4216 600 4287 mortales
617 4217 1012 4271 statuitcborus
1037 4219 1494 4287 philosophorum,
1520 4219 1660 4285 quod
1680 4217 1918 4271 declarat

340 4283 433 4339 hic
460 4283 669 4338 [Encas
694 4324 710 4349 ,
748 4302 813 4339 ne
843 4288 947 4340 ulla
979 4283 1117 4342 in're
1139 4283 1323 4341 contra
1356 4283 1658 4342 libertatem
1687 4302 1779 4341 eos
1807 4287 1915 4341 adi-

341 4363 433 4423 gat
480 4355 825 4408 Providentia
870 4356 1095 4412 scilicet.
1145 4357 1418 4412 Hierocles
1468 4358 1520 4410 in
1559 4359 1731 4410 Aurea
1776 4355 1911 4411 Car-

339 4424 489 4477 mina
520 4443 534 4478 :
572 4424 647 4476 Τὸ
690 4425 796 4546 γὰρ
834 4426 1181 4491 αὐτεξούσιον
1203 4428 1301 4481 ούκ
1340 4428 1405 4483 ἂν
1436 4427 1591 4481 λάϐοι
1639 4426 1704 4478 τὰ
1742 4426 1911 4489 ὅντως

339 4493 545 4546 ἀγαθὰ.
572 4492 648 4546 μὴ
672 4494 764 4546 Βου
787 4497 990 4546 ,άμενον
1009 4497 1208 4546 λαϐεῖν·
1237 4497 1408 4546 ταῦτα
1430 4497 1486 4546 δέ
1512 4500 1658 4546 ἐστιν
1682 4496 1907 4546 ἀλήθεια

336 4493 545 4561 ἀγαθὰ,
572 4492 649 4563 μὴ
672 4492 826 4563 βουλό

339 4565 437 4617 καὶ
464 4564 634 4638 ἀρετὴ
657 4565 764 4638 ἀπο
782 4567 879 4634 τῆς
903 4566 1301 4638 δημιουργικῆς
1322 4568 1499 4630 αἰτίας
1518 4569 1605 4621 ἀεὶ
1629 4564 1917 4638 κα“ιὼσαύο

337 4649 448 4695 τως
476 4633 645 4705 πᾶσιν
685 4633 1118 4705 ἐλλαμπόμενα.’
1143 4633 1464 4691 Libertatem
1509 4647 1688 4690 autem
1721 4637 1911 4700 istam,

336 4704 518 4777 quoad
544 4701 796 4777 eﬂ'ectunt
820 4701 958 4760 bene
990 4707 1207 4777 agendi,
1239 4710 1453 4777 egregie
1483 4708 1641 4761 iidem
1679 4706 1913 4775 philoso-

337 4771 697 4846 plti__rur_sut_n
742 4773 851 4828 Deo
881 4771 1191 4846 subjiciunt,
1231 4771 1299 4830 ut
1335 4771 1493 4831 homo
1542 4771 1692 4844 opus
1722 4777 1915 4830 habent

333 4842 522 4895 medio
558 4843 726 4915 limite
754 4842 1009 4915 precum,
1058 4847 1234 4915 sitque
1285 4847 1456 4902 instar
1491 4842 1684 4901 manus
1722 4860 1914 4914 expor-

336 4921 501 4964 rectae
524 4912 646 4984 ejus
676 4914 925 4968 voluntas
951 4916 1034 4968 cui
1069 4912 1210 4969 Deus
1238 4916 1484 4971 clfectum
1519 4932 1742 4984 onerum
1783 4912 1912 4969 insi-

333 4991 486 5052 nuet.
520 4981 664 5052 Idem
710 4984 988 5037 Hierocles
1018 4985 1071 5037 in
1106 4986 1193 5038 illo
1237 4988 1423 5040 eodem
1446 4981 1579 5040 auro
1609 4987 1754 5038 omni
1791 5002 1911 5052 prc-

332 5049 972 5126 tiosiore_|ibro_,_versu_
996 5054 1063 5126 48
1092 5070 1106 5107 :
1131 5056 1201 5126 El
1232 5056 1338 5126 γὰρ
1369 5057 1463 5126 καὶ
1493 5056 1575 5125 ἐφ’
1609 5058 1744 5126 ἡμῖν
1773 5049 1814 5126 ἡ
1834 5056 1913 5126 αῖ-

369 5136 487 5183 εσις
521 5120 859 5194 τῶνῌκαλῶν,
894 5123 1031 5177 ἀλλὰ
1060 5125 1150 5178 καὶ
1184 5120 1320 5177 αύτὸ
1341 5125 1402 5177 τὸ
1441 5120 1683 5194 ἐφ”ὴμῖν
1729 5120 1912 5176 Θεόοεν

361 5206 572 5263 χοντες,
603 5191 703 5263 τῆς
735 5194 864 5263 παρ’
890 5194 1094 5246 ἐκείνου
1124 5196 1443 5261 συνεργείας
1468 5191 1557 5247 χχι
1573 5191 1911 5263 τελειώσεως

328 5259 443 5334 τῷν
466 5259 796 5334 αἱρεθέντων
819 5259 1051 5334 ’πάντως
1089 5280 1191 5316 που
1217 5259 1518 5334 χρῄζομεν·
1540 5264 1678 5316 ἔοικε
1709 5262 1816 5332 γὰρ
1854 5264 1912 5334 τὸ

328 5329 433 5413 μέν
454 5330 774 5413 παρἠήμῶν
790 5329 1227 5413 σπουδαζόμενον
1238 5329 1453 5413 iurasti/9
1458 5333 1592 5405 μένῃ
1609 5329 1753 5413 χειρ).
1777 5329 1913 5403 πρὸς

329 5398 663 5473 λῆψινρῶκί
685 5401 888 5465 καλῶν,
939 5398 1095 5473 τὸ-δὲ.
1125 5404 1293 5473 »παρὰ
1334 5398 1912 5473 θεοῦίσυντὲλὸύμενον

328 5465 737 5543 χορηγίαῌεῖναι
769 5473 862 5524 κα)¹
890 5471 1037 5543 πηγὴ
1065 5473 1161 5540 τῆς
1190 5465 1388 5534 δόσεως
1414 5472 1525 5543 τῶν
1550 5465 1790 5540 ἀγαθῶν·
1820 5473 1913 5525 καὶ

327 5539 517 5609 τὸμὲν
541 5540 882 5608 ἐξευρίσκειν
907 5539 1205 5609 πεφυκέναι
1238 5543 1306 5595 τὰ
1338 5542 1479 5597 καλά
1505 5582 1519 5607 ,
1548 5543 1608 5595 τὸ
1636 5543 1691 5595 δὲ
1726 5542 1910 5607 ἐκφαί-

326 5625 442 5682 νειν
474 5610 555 5679 τῷ
590 5610 844 5682 ζητοῦντι
886 5611 1081 5682 ὀρθῶς·
1124 5614 1156 5680 ἡ
1207 5612 1263 5665 δὲ
1308 5612 1439 5681 εὐχὴ
1488 5612 1738 5682 μεθόριον
1772 5613 1909 5666 εἶναι

326 5629 442 5662 νειν
474 5629 555 5679 τῳ
590 5629 844 5677 gnto-Just
886 5629 914 5662 ο
954 5629 1081 5675 υως·
1124 5629 1156 5680 η
1207 5629 1263 5665 οε
1308 5629 1439 5681 ευχη
1488 5629 1738 5682 μευοριον
1772 5629 1908 5666 εῖναι

326 5680 425 5752 τῆς
455 5698 519 5733 τε
564 5680 695 5752 παρ’
723 5681 878 5752 ἡμῶν
913 5629 1194 5752 ἔτιτήσεως
1230 5683 1321 5734 καὶ
1353 5684 1450 5750 τῆς
1486 5685 1632 5750 παρὰ
1659 5683 1748 5735 τοῦ
1784 5682 1908 5736 θεοῦ

327 5751 529 5813 δύσεως
553 5791 568 5815 ,
601 5750 662 5807 εὖ
701 5749 934 5819 ἐχομένη
964 5749 1060 5819 τῆς
1104 5752 1280 5813 αἰτίας
1304 5749 1490 5820 ἡμῶν,
1532 5749 1630 5820 τῆς
1659 5753 1735 5815 είς
1764 5771 1819 5805 τε
1852 5752 1909 5802 τὸ

2027 3191 2222 3231 nomen
2255 3177 2503 3249 agricolae
2532 3178 2810 3243 obtineat,
2839 3179 3044 3236 relictis
3068 3180 3267 3236 vitibus
3315 3181 3366 3237 in
3403 3185 3592 3239 urbem

2025 3278 2235 3333 currat,
2268 3284 2332 3323 ac
2359 3270 2542 3325 statim
2572 3271 2734 3325 etiam
2783 3271 2965 3326 videat
2994 3271 3295 3327 scortillum
3327 3289 3461 3329 auro
3483 3275 3594 3330 for-

2028 3377 2221 3431 maque
2263 3361 2491 3431 fulgens,
2520 3372 2854 3433 unguentum
2879 3350 3152 3429 redoleas,
3189 3364 3382 3421 blande
3405 3366 3593 3421 obvios

2028 3469 2270 3523 quosque
2314 3453 2630 3524 alloquens;
2685 3464 2875 3526 captus
2929 3456 3048 3527 ejus
3114 3471 3334 3523 amore,
3398 3458 3594 3514 vitibus

2017 3656 2533 3734 εἷναι-προαγούσης
2563 3664 2734 3733 ἡμᾶς,
2761 3663 2856 3734 καὶ
2880 3662 3015 3734 πρὸς
3032 3663 3092 3717 τὸ
3113 3658 3172 3718 εὖ
3194 3660 3332 3719 εἷναι
3360 3666 3593 3720 τελειού-

2021 3731 2240 3806 ρης-[ἔξ
2262 3733 2461 3806 reliqua
2488 3731 2502 3795 ,
2535 3731 2654 3800 quae
2678 3734 2748 3787 ibi
2776 3731 2938 3800 plane
2978 3732 3292 3791 Christiana
3326 3738 3594 3806 legantur.

2020 3799 2115 3856 Ba.
2142 3800 2251 3855 CC.
2284 3800 2342 3854 P.
2381 3801 2546 3863 λίθος.

2089 3869 2199 3937 (58)
2231 3869 2335 3922 CC.
2372 3870 2431 3924 P.
2470 3871 2561 3934 ἀφ’
2590 3872 2739 3928 ὲαυτ.

2093 3939 2203 4004 :59)
2229 3938 2339 4009 cc;
2364 3938 2426 3992 P.
2459 3939 2645 4009 ἄλλην.

2092 4009 2203 4077 (40)
2247 4006 2444 4078 Rerum
2498 4006 2738 4078 omnium
2772 4008 3222 4077 conspirationem
3277 4026 3380 4065 non
3414 4022 3595 4078 potue-

2017 4085 2148 4133 runt
2188 4077 2376 4132 scitius
2406 4076 2702 4148 meliusque
2743 4076 3044 4148 proponere
3083 4080 3377 4148 seriptores
3401 4076 3593 4147 prisca:

2022 4148 2320 4218 Sapientiae,
2353 4162 2509 4218 quam
2538 4146 3048 4218 harmoniaa'vocum
3072 4160 3164 4202 aut
3192 4146 3447 4203 sonorum
3470 4165 3595 4206 con-

2021 4214 2253 4289 ferenda:
2303 4216 2589 4289 collatione
2616 4216 2882 4289 instituta.
2934 4214 3069 4273 Hinc
3116 4220 3327 4289 egregie
3375 4221 3465 4288 qui
3503 4222 3593 4276 tali

2017 4303 2136 4343 sese
2168 4287 2459 4340 harmoniae
2504 4286 2770 4357 subducat
2798 4286 3173 4357 peregrinum;
3203 4286 3406 4342 mundi
3436 4305 3594 4345 exsu-

2017 4358 2145 4428 lem,
2176 4357 2487 4428 abscessum
2523 4355 3115 4428 ulcusquecomiuunis
3146 4358 3383 4428 civitatis
3421 4362 3594 4428 perhi-

2017 4427 2107 4499 bet
2130 4434 2306 4499 atque
2349 4426 2591 4499 declarat
2622 4426 2837 4499 Marcus
2866 4430 3161 4499 imperator
3192 4426 3332 4483 libro
3372 4426 3587 4499 quarto,

833 4513 990 4567 μενον
1009 4497 1208 4550 λαϐεῖν·
1237 4497 1408 4551 ταῦτα
1430 4497 1486 4550 δέ
1512 4500 1658 4551 ἐστιν
1682 4496 1907 4567 ἀλήθεια

2021 4495 2045 4567 §
2081 4496 2487 4567 29.)!larmonia
2522 4498 2633 4565 ipsa
2666 4492 2967 4552 notissima.
2997 4497 3094 4555 BA.

2091 4565 2203 4637 (41)
2237 4566 2544 4621 Miraculnm
2573 4582 2702 4621 sane
2726 4568 2940 4635 dignum
2971 4576 3134 4622 tantae
3156 4569 3593 4637 praesumptionis

2018 4637 2351 4705 philosopho.
2412 4638 2512 4705 Qui
2574 4637 2701 4691 odit.
2723 4640 2940 4701 malum,
2993 4639 3115 4693 boni
3156 4639 3318 4692 etiam
3366 4639 3589 4692 liberta-

2020 4716 2126 4761 tem
2156 4707 2385 4772 aboleat,
2418 4723 2486 4761 ne
2530 4721 2756 4776 peccare
2785 4708 3035 4762 videlicet
3080 4707 3162 4763 vel
3206 4708 3391 4762 volens
3431 4719 3593 4775 queat

2016 4777 2243 4831 dilectus
2301 4777 2496 4845 aliquis
2546 4778 2667 4830 talis
2711 4792 2901 4845 pupus.
2953 4777 3125 4831 Homo
3174 4779 3433 4831 haclenus
3488 4792 3590 4830 nou

2018 4846 2357 4901 intellexerat
2397 4847 2646 4899 videlicet
2698 4847 3076 4900 necessitatem
3130 4847 3349 4900 malitia:
3394 4846 3592 4900 collato

2016 4916 2158 4969 velut
2191 4918 2324 4984 pede
2351 4916 2503 4970 bonis
2527 4915 2864 4983 superandze,
2898 4925 2953 4969 ut
2997 4926 3338 4971 mererentur
3366 4932 3591 4971 corona-

2018 4986 2249 5047 linnem,
2313 4985 2450 5049 laeti,
2511 5003 2614 5037 non
2678 4987 2816 5038 ultro
2862 4986 3231 5051 fustitlienles,
3294 4987 3586 5054 suscipere.

2017 5057 2193 5120 Quare
2224 5056 2514 5109 introducit
2541 5070 2661 5110 eum
2687 5059 2989 5126 mysteriis,
3023 5072 3180 5126 quem
3212 5071 3310 5126 pro
3347 5056 3586 5125 discipu-

2015 5127 2188 5180 lorum
2221 5128 2299 5179 vel
2330 5136 2600 5195 postremo
2629 5125 2811 5194 aliquo
2843 5128 3094 5180 habebat.
3127 5125 3220 5180 Ba.

2086 5196 2198 5264 (ιω.)
2229 5195 2332 5249 (2C.
2368 5197 2424 5249 ι).
2462 5204 2515 5248 et
2544 5198 2681 5263 Aug.
2714 5197 2913 5264 addunt
2938 5197 3053 5262 τήν.

2085 5262 2194 5334 (45)
2228 5265 2448 5320 Κάλλει
2478 5267 2571 5318 καὶ
2592 5262 2797 5334 χρυσῷ
2824 5264 3306 5331 διαλάμπουσαν.
3328 5262 3588 5318 Omnibus

2015 5347 2241 5399 naturtr,
2263 5339 2490 5388 fortuna:
2520 5338 2799 5405 cultusque
2822 5336 2972 5387 bonis
2997 5348 3045 5385 et
3071 5334 3354 5387 decoribus
3381 5335 3594 5400 conspi-

2014 5422 2195 5470 cuam;
2219 5407 2391 5473 qualis
2414 5406 2580 5458 forma
2607 5407 2778 5471 optari
2807 5420 3016 5457 summo
3041 5407 3219 5471 aliquo
3245 5414 3367 5457 voto
3391 5406 3590 5459 valent.

2015 5480 2213 5529 Aurum
2249 5479 2297 5528 in
2342 5474 2621 5545 commdiis
2679 5475 2971 5545 pretiosum
3005 5487 3219 5526 omnem
3276 5474 3589 5527 muliebrem

2014 5556 2264 5599 Ornatunt
2310 5555 2477 5596 notat.
2513 5543 2604 5597 lla.

2086 5614 2195 5684 (44)
2366 5613 2422 5667 l’.
2448 5612 2897 5684 προσ-παίζουσαν
2925 5610 3163 5678 εὐφυῶς.

2084 5679 2527 5753 (45)]Ιιιδγρίιξιιὲ
2572 5699 2584 5734 :
2622 5683 2862 5750 αἱμύλος·
2908 5684 3152 5749 ἀστεῖος,
3196 5679 3417 5745 συνετὸς
3462 5679 3588 5747 ὀξὺς

2013 5756 2070 5806 ἐν
2094 5751 2183 5824 τῷ
2213 5752 2423 5821 λέγειν
2445 5751 2537 5805 ΒΑ.
