4014 6140
296 327 400 394 913

1614 318 2236 381 THEOPHRASTUS.

3449 320 3554 386 911

295 442 411 494 Οὐκ
440 439 551 510 ἄρα
597 437 895 509 παράδοξον
929 435 1044 505 (θι)
1068 435 1131 489 τὸ
1162 437 1447 506 γινόμενον
1472 433 1583 507 (65)
1606 433 1778 488 οὐδέν.
1812 434 1875 487 Ei

1986 435 2181 503 quippe
2220 431 2311 502 qui
2363 431 2558 491 animae
2581 432 2989 489 immortalitate
3021 440 3077 489 et
3124 432 3336 489 ratione
3381 434 3553 489 solum

298 531 398 603 μὲν
426 529 538 601 γὰρ
579 530 878 600 μονωθεῖσα
912 526 1005 580 τοῦ
1047 527 1300 597 σώματος
1334 527 1368 596 ἡ
1394 524 1540 596 ψυχὴ
1588 523 1726 594 πρὸς
1755 523 1877 581 ἑπι-

295 620 500 692 θυμίαν
536 622 629 674 καὶ
662 620 836 691 ὀργὴν
877 619 1125 690 ἐξήγετο,
1168 617 1481 687 θαυμαστὸν
1523 612 1612 686 ἦν.
1657 615 1771 668 Νῦν
1822 614 1881 669 δὲ

299 714 442 785 μετὰ
474 711 724 782 σώματος
752 709 858 762 ἔδει
887 709 995 763 τῶν
1023 709 1152 779 τῇδε
1182 707 1451 778 σωμάτων
1480 706 1877 777 ἐπιμελεῖσθαι,

288 801 327 855 δ
360 799 535 871 τροφὴ
575 797 921 862 διασώζεται.
961 796 1171 851 Οὐκοῦν
1205 795 1538 865 ὲπιθυμείτω
1573 794 1754 858 καλῶς
1788 794 1881 847 καὶ

299 893 558 964 μετρίως,
586 892 752 961 φησὶν
777 893 806 944 6
834 889 1172 960 Δημιουργός
1201 888 1333 959 (66).
1363 889 1432 941 Ἢ
1472 886 1634 940 πόθεν
1659 887 1720 939 τὸ
1749 902 1879 938 παι-

295 984 407 1038 δίον
430 984 556 1055 ἄρτι
578 982 901 1054 γεννόμενον
932 980 1071 1051 (67),
1100 980 1193 1034 τοῦ
1222 980 1493 1049 γάλακτος
1524 979 1756 1046 ἐφίεται,
1785 977 1880 1030 καὶ

299 1076 435 1145 πρὸς
471 1074 532 1128 τὸ
556 1073 761 1127 λυποῦν
788 1072 1101 1143 ὀργίζεται,
1134 1072 1168 1142 ἢ
1213 1071 1301 1124 ῐνα
1335 1070 1398 1124 τὸ
1441 1069 1540 1141 μὲν
1585 1069 1877 1140 προσιέμε-

299 1183 410 1232 νον,
452 1165 514 1219 τδ
539 1165 597 1218 δὲ
640 1164 950 1235 μονώμενον
980 1163 1091 1235 (68)
1121 1163 1323 1233 σωθείη
1344 1180 1360 1229 ;
1385 1161 1459 1215 Τδ
1487 1160 1588 1230 μὲν
1616 1160 1710 1214 οὖν
1735 1159 1880 1213 κατὰ

302 1256 467 1327 φύσιν
499 1255 600 1327 ζῇν
634 1255 820 1317 καλὸν,
849 1253 945 1308 καὶ
976 1253 1304 1317 διασώζεται
1327 1269 1343 1285 ·
1377 1254 1438 1307 τὸ
1474 1254 1529 1307 δὲ
1579 1252 1729 1323 παρὰ
1776 1252 1879 1322 φύ-

302 1364 407 1412 σιν,
444 1347 669 1416 αἰσχρὸν
718 1346 811 1399 καὶ
844 1345 1163 1411 κολάζεται·
1197 1346 1260 1400 τὸ
1289 1344 1344 1398 δὲ
1376 1344 1516 1415 ὑπὲρ
1558 1343 1657 1415 τὴν
1693 1346 1875 1414 φύσιν,

304 1439 450 1509 μέγα
479 1441 575 1493 καὶ
603 1437 770 1507 τιμῆς
798 1437 968 1502 ἄξιον.

1978 526 2136 580 bruta
2180 525 2479 580 animantia
2541 535 2760 595 superat
2796 544 2810 580 :
2845 526 2977 596 quin
3032 526 3101 581 ob
3149 527 3553 596 corruptionem

1979 617 2221 685 corporis
2256 626 2311 671 et
2339 617 2580 672 alimenti
2605 618 2706 674 sibi
2757 617 3110 674 necessarium
3144 634 3325 685 usum,
3352 620 3420 674 ah
3452 618 3557 674 illis

1980 708 2355 776 Superioribus
2389 716 2444 763 et
2488 707 2805 764 caelestibus
2835 723 3047 763 summa
3086 709 3298 764 ratione
3319 711 3557 778 praeditis

1982 800 2306 855 substantiis
2346 800 2505 870 longe
2530 809 2836 870 superatur.
2859 799 3221 865 Quamobrem
3258 800 3402 852 illum
3434 815 3559 868 pec-

1984 906 2131 955 care,
2167 906 2273 946 non
2303 901 2386 947 est
2434 899 2720 958 tantopere
2761 890 3090 955 mirandum,
3122 892 3271 945 etab
3314 890 3430 957 ejus
3463 906 3558 944 na-

1984 994 2103 1037 tura
2134 983 2391 1036 alienum.
2446 979 2503 1035 Si
2542 980 2685 1036 enim
2730 994 2977 1035 seorsum
3010 995 3038 1033 a
3075 996 3302 1050 corpore
3356 982 3558 1051 degens

1984 1075 2183 1138 anima,
2218 1073 2284 1127 ad
2316 1071 2611 1143 appetitum
2641 1082 2734 1125 aut
2758 1072 2824 1125 ad
2870 1072 3004 1126 iram
3057 1075 3324 1141 rapiatur,
3355 1074 3559 1128 miran-

1983 1166 2108 1218 dum
2144 1162 2402 1232 quiddam
2426 1163 2685 1218 acciderit
2720 1180 2735 1217 :
2764 1162 2809 1216 si
2856 1177 2979 1215 cum
3030 1177 3257 1233 corpore
3286 1164 3468 1232 aliquo
3489 1164 3561 1218 sit

1983 1255 2272 1325 conjuncta
2304 1268 2368 1308 ac
2388 1253 2726 1319 consociata,
2757 1269 2889 1309 sane
2914 1269 3101 1308 eorum
3138 1270 3256 1323 qua:
3304 1255 3356 1309 in
3390 1255 3552 1310 terris

1988 1354 2275 1401 versantur
2303 1356 2356 1398 et
2386 1345 2658 1399 alimentis
2694 1355 3109 1410 conservantur,
3138 1359 3424 1413 corporum
3459 1360 3557 1399 cu-

1992 1449 2105 1489 ram
2138 1442 2293 1504 gerat
2346 1447 2569 1488 necesse
2610 1443 2712 1488 est.
2748 1434 2911 1503 Ergo,
2958 1435 3023 1487 de
3069 1433 3340 1488 Creatoris
3391 1435 3560 1503 ipsius

297 1531 526 1602 judicio,
556 1531 907 1599 concupiscat
938 1541 1082 1589 recte
1118 1544 1173 1590 et
1203 1535 1501 1589 moderate.
1538 1533 1687 1589 Unde
1732 1532 1876 1587 enim
1918 1530 2097 1585 infans
2157 1543 2349 1584 recens
2404 1539 2562 1584 natus
2595 1530 2674 1583 lae
2704 1528 2944 1598 appetit?
2970 1528 3123 1582 Unde
3151 1530 3216 1582 iis
3241 1529 3332 1598 qui
3363 1538 3560 1583 vexant

304 1632 398 1678 aut
441 1621 746 1676 molestiam
776 1619 1004 1689 faciunt,
1062 1623 1353 1680 irascitur?
1391 1622 1593 1694 Nempe
1614 1623 1739 1692 quia
1811 1624 1911 1676 hoc
1986 1623 2196 1685 datum,
2254 1619 2381 1675 illud
2425 1628 2715 1686 remotmn,
2764 1621 2923 1674 saluti
2972 1621 3043 1674 sit
3083 1630 3133 1675 et
3174 1621 3439 1675 videatur.
3484 1621 3555 1673 Ex

303 1737 410 1793 quo
433 1725 683 1796 sequitur
713 1742 832 1783 eam
869 1725 992 1781 vita:
1045 1725 1186 1779 viam
1221 1738 1283 1777 ac
1365 1722 1628 1776 rationem
1678 1734 1797 1789 quae
1860 1717 2155 1772 secundum
2191 1724 2437 1770 naturam
2479 1724 2584 1783 est,
2615 1726 2668 1771 et
2728 1718 2923 1771 bonam
2970 1725 3026 1771 et
3057 1716 3351 1770 salutarem
3394 1731 3550 1771 esse:

304 1828 368 1871 ac
400 1830 589 1871 rursus
615 1831 737 1871 eam
769 1832 888 1885 quae
911 1824 993 1871 est
1022 1824 1230 1870 naturae
1249 1812 1545 1876 contraria,
1573 1820 1628 1866 et
1658 1821 1869 1879 turpem
1909 1816 1964 1862 et
2025 1807 2355 1878 puniendam
2395 1825 2407 1862 :
2440 1807 2583 1862 illam
2625 1808 2820 1864 deinde
2899 1823 3018 1878 quae
3055 1818 3304 1863 naturam
3337 1819 3560 1879 superat

304 1910 499 1978 ipsam,
547 1923 670 1965 esse
725 1909 995 1965 excelsam
1040 1918 1095 1964 et
1146 1907 1441 1963 honoribus
1500 1905 1729 1961 summis
1774 1900 2134 1957 adiciendam.

284 2019 295 2028 ·
375 2001 437 2055 Εἰ
487 2001 544 2055 δὲ
588 2002 659 2055 τὰ
686 2001 913 2073 ἔσχατα,
949 2002 1031 2055 ὅτι
1069 2000 1143 2073 μὴ
1169 2001 1239 2054 τὰ
1271 2001 1465 2072 πρῶτα
1500 1998 1633 2070 (69),
1659 1997 1876 2067 διαγρά-

2056 1995 2174 2051 Jam
2205 1996 2249 2052 si
2283 2011 2403 2067 qua:
2452 2005 2578 2051 sunt
2621 1996 2831 2062 ultima,
2861 2002 3143 2066 propterea
3190 1995 3333 2065 quod
3385 1995 3557 2065 prima

303 2095 498 2163 ψομεν,
529 2095 630 2148 οὐκ
663 2094 732 2148 ἂν
772 2093 1070 2164 φθάνοιμεν
1116 2095 1299 2148 πᾶσαν
1342 2092 1494 2157 τάξιν
1535 2091 1877 2157 διαλύοντεςς

303 2185 439 2257 Φέρε
470 2185 602 2257 γὰρ,
635 2186 683 2241 si
711 2186 805 2242 τὸν
835 2187 983 2241 λίθον
1003 2187 1254 2241 ἐκϐαλεῖν
1289 2186 1398 2257 (70)
1432 2185 1691 2257 ’ἐθέλομεν
1742 2184 1876 2253 (71),

302 2276 386 2331 ὅτι
417 2276 493 2348 μὴ
518 2279 766 2349 καρποὺς
789 2274 879 2333 οἷα
910 2278 1023 2350 (72)
1058 2279 1202 2348 φυτὰ
1248 2279 1433 2333 δίδωσι
1466 2294 1480 2309 ⁶
1520 2278 1589 2333 τὰ
1636 2277 1693 2331 δὲ
1736 2276 1880 2347 φυτὰ

303 2366 627 2436 διαϐάλλειν,
655 2369 735 2423 ὅτι
762 2368 836 2441 μὴ
875 2370 973 2441 τὴν
1004 2370 1111 2440 γῆν
1140 2364 1228 2423 οἶα
1258 2368 1385 2439 βοῦς
1416 2369 1707 2439 ἐργάζεται
1741 2384 1753 2398 ’
1786 2366 1882 2421 τὸν

303 2455 357 2508 δὲ
388 2454 516 2525 βοῦν
562 2459 829 2523 κακίζειν,
869 2460 931 2512 οὐ
962 2459 1071 2531 γὰρ
1100 2458 1179 2530 τῷ
1209 2459 1441 2530 γεωργῷ
1479 2457 1881 2529 παραπλησίως

305 2545 551 2616 βούλεται
609 2548 752 2619 (7⁸5)·
792 2551 820 2603 6
870 2550 929 2603 δὲ
957 2550 1202 2620 γεωργὸς
1250 2550 1411 2612 αὐτὸς
1468 2549 1877 2614 ἁπελαυνὲσθω,

302 2639 384 2691 ὅτι
421 2639 497 2710 μὴ
533 2643 658 2703 ταῖς
708 2641 819 2695 ἄνω
865 2642 1157 2713 δυνάμεσιν
1191 2642 1250 2708 ἐξ
1286 2642 1401 2696 ἴσου
1432 2645 1638 2713 τροφῆς
1676 2641 1880 2712 ἠμέλη-

305 2745 398 2782 σεν
441 2729 594 2800 (74)⁶
628 2726 729 2784 εἷθ’
758 2732 851 2786 ὑπ’
879 2733 1076 2802 ἀλόγου
1122 2733 1315 2803 σοφίας
1357 2735 1518 2804 μέχρι
1561 2734 1669 2787 τῶν
1722 2733 1881 2787 θείων

303 2820 589 2874 ἀναϐαίνοι
633 2822 742 2891 (75)
772 2841 876 2887 τις,
912 2823 989 2888 ὡς
1040 2824 1148 2877 οὐδ’
1199 2827 1255 2878 αἱ
1310 2826 1423 2879 ἄνω
1470 2824 1732 2895 δυνάμεις
1781 2824 1879 2893 δη-

308 2913 598 2981 μιουργεῖν
659 2913 799 2983 (76)ξ,
850 2915 987 2968 ἀλλὰ
1064 2913 1144 2985 τῷ
1215 2914 1546 2986 Δημιουργῷ
1611 2916 1880 2968 διακονεῖν

302 3003 644 3075 ἐτάχθησαν
694 3007 741 3060 εί
789 3008 963 3062 ταῦτα
1020 3010 1288 3078 ποιοῖμεν,
1314 3007 1365 3061 τί
1402 3007 1512 3060 τῶν
1536 3007 1706 3061 ὅντων
1739 3007 1879 3062 κατὰ

303 3095 493 3168 χώραν
541 3096 763 3151 ἑστάναι
819 3098 1254 3170 καταλείῲομεη
1324 3099 1463 3153 Ἀλλ’
1496 3100 1730 3172 εὐμενὴς
1783 3101 1881 3171 μὲν

301 3191 396 3242 καὶ
425 3191 455 3243 6
486 3192 828 3262 Δημιουργὸς
860 3193 966 3262 εἴη,
1004 3193 1184 3247 πάντα
1215 3192 1271 3246 δὲ
1299 3194 1439 3246 κατὰ
1459 3193 1615 3258 τάξιν
1648 3193 1876 3263 μενέτω.

300 3280 544 3352 Σμικρδν
586 3282 700 3351 (77)
748 3282 858 3353 γὰρ
898 3281 1009 3336 τῶν
1052 3284 1353 3352 γινομένων
1390 3283 1502 3355 (78)
1533 3283 1718 3337 οὐδέν·
1744 3283 1880 3337 ἀλλὰ

1987 2105 2092 2146 non
2128 2080 2258 2153 sint,
2292 2090 2455 2144 libeat
2492 2103 2751 2144 accusare
2792 2106 2806 2141 :
2838 2105 2906 2143 an
2934 2103 3038 2144 non
3069 2089 3258 2144 eodem
3294 2089 3409 2158 ipso
3439 2104 3559 2141 mo-

1986 2182 2054 2238 do
2080 2197 2297 2237 omnem
2327 2181 2569 2236 omnium
2630 2198 2809 2237 rermn
2864 2183 3112 2236 ordinem
3159 2181 3561 2237 dissolvemus?

1984 2273 2131 2329 Cedo
2157 2273 2327 2339 enim,
2370 2274 2414 2329 si
2465 2273 2693 2342 lapidem
2738 2272 2988 2341 abjicias,
3020 2288 3085 2327 eo
3115 2277 3259 2343 quod
3302 2288 3406 2327 non
3437 2288 3559 2341 per-

1986 2365 2111 2420 inde
2137 2374 2193 2419 ut
2220 2374 2386 2430 terra,
2417 2366 2629 2434 plantas
2656 2365 2857 2420 aliosve
2903 2364 3111 2419 fructus
3142 2366 3267 2419 edat
3297 2379 3312 2418 :
3341 2366 3385 2419 si
3411 2366 3561 2433 plan-

1988 2467 2068 2515 tas
2090 2458 2383 2527 vituperes,
2413 2460 2535 2527 quia
2587 2468 2789 2512 terram
2819 2457 2965 2527 ipsae.
2983 2474 3089 2512 non
3143 2468 3319 2524 arent,
3379 2468 3436 2511 ut
3461 2457 3559 2512 bo-

1978 2565 2081 2615 ves
2121 2568 2135 2605 :
2173 2551 2219 2604 si
2274 2552 2463 2606 bovem
2508 2557 2733 2618 plectas,
2780 2549 2922 2618 quod
2988 2564 3097 2604 non
3138 2549 3330 2605 iisdem
3362 2548 3560 2618 quibus

1988 2651 2172 2698 arator
2201 2643 2363 2698 rebus
2392 2640 2656 2696 afliciatur
2687 2661 2701 2697 :
2734 2643 2779 2695 si
2804 2642 3038 2710 denique
3073 2642 3189 2709 ipse
3220 2643 3388 2695 etiam
3426 2642 3561 2710 agri-
3664 2648 3668 2653 ‘

1987 2733 2104 2788 cola
2141 2732 2411 2803 abigatur,
2458 2734 2600 2800 quod
2645 2747 2749 2787 non
2805 2731 3029 2801 perinde
3083 2741 3248 2802 atque
3307 2732 3562 2787 caelestes

1988 2822 2090 2877 illa:
2112 2831 2168 2877 et
2187 2836 2395 2890 superae
2429 2821 2713 2877 facultates
2738 2823 2851 2876 sive
2879 2822 3155 2890 putentia),
3189 2823 3434 2877 alimenti
3473 2839 3562 2877 cu-

1989 2928 2104 2967 ram
2136 2928 2351 2967 omnem
2375 2912 2628 2981 abjiciat:
2655 2929 2721 2967 an
2756 2931 2860 2968 non
2896 2914 2996 2970 hac
3037 2915 3273 2969 absurda
3298 2915 3561 2982 sapientia

1986 3006 2053 3060 ad
2093 3006 2304 3060 divinas
2344 3020 2515 3073 usque
2549 3021 2636 3061 res
2658 3008 2854 3072 evecti,
2886 3008 3102 3073 superis
3131 3021 3343 3075 quoque
3385 3006 3553 3058 facul-

1989 3096 2190 3153 tatibus
2219 3095 2392 3152 ofIicia
2420 3112 2518 3152 sua
2548 3095 2860 3152 auferemus
2880 3114 2895 3159 ;
2916 3112 3036 3165 qua:
3063 3107 3242 3150 tamen
3271 3098 3323 3149 in
3355 3096 3477 3160 hoc,
3506 3105 3561 3147 ut

1988 3205 2245 3260 supremo
2279 3205 2458 3245 rerum
2482 3188 2681 3260 Opifici
2715 3189 2979 3252 serviant,
3021 3198 3147 3243 sunt
3186 3197 3481 3257 procreata:
3507 3194 3564 3240 et

1989 3281 2503 3347 ConstitutzeiQuod
2526 3280 2571 3335 si
2603 3282 2694 3334 liat
2717 3298 2729 3334 :
2754 3280 2904 3347 quid,
2936 3293 3139 3347 quaeso,
3173 3277 3416 3331 omnium
3440 3290 3562 3344 quae

298 3371 482 3426 πάντα
527 3372 669 3426 καλὰ
710 3374 803 3427 καὶ
848 3375 1061 3443 μεγάλα
1092 3375 1203 3446 (79)
1232 3375 1324 3429 καὶ
1354 3374 1683 3447 τεταγμένα.
1714 3376 1824 3429 Καὶ
1850 3377 1876 3430 6

1986 3384 2109 3428 sunt
2159 3388 2336 3428 rerum
2369 3388 2467 3428 suo
2502 3373 2620 3427 loco
2656 3371 3064 3442 relinquemus?
3089 3369 3447 3424 Statuendum
3479 3376 3564 3422 est

299 3458 447 3523 λίθος
482 3459 670 3524 καλὸς,
695 3462 743 3514 εί
774 3461 887 3533 (80)
920 3462 1065 3527 λίθος
1090 3481 1103 3494 ·
1157 3465 1253 3517 καὶ
1281 3465 1342 3517 τὸ
1388 3466 1625 3538 δένδρον,
1668 3468 1717 3519 εἰ
1759 3465 1879 3520 δέν-

296 3549 448 3620 δρον.
474 3552 586 3605 Καὶ
623 3553 652 3606 6
697 3551 834 3606 λέων
866 3552 1050 3621 καλὸς,
1083 3553 1185 3610 κᾶν
1217 3556 1375 3627 ἐπείη
1414 3557 1557 3611 κατὰ
1593 3558 1749 3627 λόγον
1780 3559 1880 3628 τῆς

373 3701 638 3776 (64)de
663 3702 777 3771 ἄρα
802 3705 1168 3776 παράδοξον.
1210 3705 1345 3762 Cum
1386 3718 1570 3776 peccat
1618 3707 1869 3761 nimirum

300 3776 467 3826 homo
499 3774 590 3826 tali
621 3789 847 3847 corpore
878 3774 1111 3847 vinctus.
1142 3777 1291 3832 Scite
1318 3774 1659 3847 Pythagorici
1696 3778 1872 3847 homi-

296 3856 431 3895 num
456 3845 795 3918 peccantium
818 3845 1064 3918 misereri
1090 3845 1512 3900 statuuntdeum
1539 3845 1672 3918 [imo
1701 3845 1871 3918 deos],

295 3923 659 3984 cognatorum
710 3915 978 3980 videlicet,
1028 3931 1270 3984 quosque
1303 3918 1487 3969 norint
1520 3915 1628 3968 tam
1657 3915 1871 3984 misero

296 3981 547 4055 alligatos
569 3996 692 4037 esse
721 3984 936 4055 vinculo
968 4006 980 4039 :
1010 3981 1279 4055 Κήδονται
1310 3984 1418 4055 γὰρ
1448 3984 1604 4054 ἡμῶν
1636 3983 1719 4055 ὡς
1746 4001 1876 4052 συγ-

294 4051 500 4122 γενῶν,
531 4053 872 4107 ἐκπεσόντων
892 4072 905 4085 ·
936 4055 1057 4108 ὅθεν
1084 4051 1247 4116 αἰδὼς
1274 4051 1368 4107 καὶ
1388 4051 1612 4122 νέμεσις
1638 4054 1734 4106 καὶ
1758 4051 1878 4107 αἰσ-

294 4120 439 4197 χύνη
478 4122 886 4197 ἀποτρέπουσαι
926 4124 1048 4197 τῶν(
1084 4120 1643 4197 κακῶνῃάνθρῷπους
1685 4124 1876 4191 μόνους

293 4191 728 4265 ἐπιστρέφεσθαι
755 4193 1005 4265 λέγονται
1027 4193 1202 4265 ὀρθῶς
1232 4212 1255 4265 7:7
1281 4191 1551 4247 Hierocles
1577 4194 1629 4245 in
1663 4208 1875 4265 versum

293 4261 368 4316 20
399 4260 723 4325 AtireOrum,
755 4278 806 4330 p.
834 4260 959 4319 130.
993 4260 1092 4331 Qui
1119 4264 1329 4318 libellus
1357 4279 1565 4318 summa
1600 4263 1878 4330 sapientia:

293 4331 554 4385 humana:
579 4343 682 4385 est.
710 4332 808 4386 ΒΑ.

511 4399 618 4455 CC.
740 4401 849 4455 τῶν
876 4404 1197 4473 γενομένων.

394 4467 486 4544 66)
522 4470 781 4544 φησιν]
833 4467 1220 4542 Δὴμιόυργός.
1269 4472 1459 4544 Legem
1489 4473 1544 4544 in
1597 4471 1874 4526 voluntate

297 4550 397 4612 aut
428 4540 676 4611 jnssione
697 4540 979 4596 Creatoris
1013 4540 1272 4611 perpetuo
1304 4540 1452 4612 ponit
1489 4543 1575 4596 hic
1614 4543 1867 4612 scriptor.

297 4608 530 4679 Summa
562 4617 741 4663 autem
775 4608 1054 4676 virtutum,
1093 4608 1358 4666 moderari
1382 4611 1606 4665 allectus
1633 4627 1647 4675 ;
1678 4611 1873 4679 quibus

297 4677 605 4750 subiugatis
626 4680 866 4750 nascitur
887 4682 1264 4750 temperantia,
1287 4682 1498 4735 ductrix
1529 4677 1873 4750 imperatrixe

296 4763 406 4818 que
428 4749 693 4819 omnium.
727 4749 916 4804 Sermo
939 4749 1116 4804 autem
1156 4761 1239 4804 est
1271 4752 1354 4805 hic
1385 4752 1450 4805 de
1474 4751 1766 4819 cupiditate
1807 4749 1875 4803 ad

295 4818 680 4873 sustinendam
717 4819 880 4873 vitam
908 4822 1067 4873 rebus
1100 4822 1457 4886 prmsentibus
1489 4818 1700 4883 utendi,
1734 4835 1878 4886 qtae,

298 4888 345 4942 si
364 4890 667 5008 secgndum
701 4889 944 4945 ordinem
978 4889 1282 4958 stringitur,
1312 4891 1654 4958 obtemperat
1682 4890 1879 4943 divini-

301 4968 425 5008 tatt.
503 4974 558 5008 Δ.

301 4968 425 5013 tatt.
457 4968 558 5010 In.

393 5026 486 5099 67)
511 5025 615 5099 (SC.
648 5026 706 5099 P_.
735 5027 1044 5099 γενόμενον,
1077 5028 1302 5086 Rectum
1338 5027 1496 5089 forte.
1521 5028 1877 5098 γεννώμενον.

517 5095 878 5168 άμυνόμενον,
912 5098 1023 5154 fere
1053 5115 1240 5154 omnes
1272 5110 1467 5167 prmter
1493 5095 1749 5156 Duceum.

431 5166 486 5233 9)
508 5166 865 5235 ίέΕσχὰτα...
899 5168 1122 5235 πρῶτα.
1161 5166 1358 5223 Rerum
1392 5181 1697 5221 creaturam
1735 5168 1869 5222 ordo

295 5245 387 5289 est
418 5253 439 5305 :7
467 5234 589 5288 alia:
613 5234 991 5302 sunttantum,
1026 5250 1083 5291 ut
1110 5254 1268 5293 saxa:
1303 5237 1420 5290 alia:
1446 5245 1570 5290 sunt
1592 5249 1644 5291 et
1669 5239 1874 5305 vivunt,

298 5315 358 5356 ut
392 5304 628 5372 plantae;
664 5308 856 5362 tertius
879 5324 1076 5363 census
1103 5317 1204 5370 est,
1234 5309 1361 5360 vivit
1404 5316 1564 5373 atque
1590 5308 1774 5373 sentit,
1810 5304 1868 5363 ut

295 5374 599 5446 animantia
627 5378 784 5429 bruta
812 5393 827 5442 ;
858 5390 1053 5446 quarto
1082 5377 1214 5441 loco,
1254 5378 1413 5430 homo
1440 5377 1589 5429 addit
1626 5378 1708 5429 his
1751 5391 1870 5429 om-

295 5443 465 5516 nibus
500 5445 808 5510 rationem;
842 5443 1064 5516 perfecti
1095 5448 1210 5516 loco
1244 5449 1434 5513 quinto
1462 5456 1733 5514 ponuntur
1763 5447 1871 5514 spi-

299 5513 442 5568 ritus
462 5527 756 5582 corporum
786 5513 1052 5571 exsortes.
1088 5515 1221 5570 Vide
1243 5513 1508 5569 l’lminum
1538 5519 1676 5584 apud
1697 5513 1872 5569 'l‘heo-

296 5583 552 5637 doretum
590 5594 644 5636 et
693 5585 864 5653 ipsum
907 5585 1304 5641 'l‘heodoretum
1342 5583 1587 5653 Therap.’
1624 5601 1872 5640 sermone

298 5661 480 5715 Sesto,
514 5654 603 5725 96,
637 5653 727 5716 97,
783 5670 834 5725 p.
873 5657 997 5719 574,
1021 5668 1129 5709 etr.
1175 5657 1245 5708 De
1277 5656 1494 5708 homine
1547 5665 1726 5709 autem
1767 5656 1869 5709 ista

297 5724 620 5788 excusatio,
679 5724 849 5797 magis
906 5727 1269 5794 philosophiae
1311 5735 1391 5780 cst
1444 5741 1604 5795 quam
1662 5725 1869 5781 simcre

467 5026 488 5233 ἑ

1984 3474 2186 3529 autem,
2219 3473 2274 3519 et
2302 3465 2589 3536 benignum
2623 3478 2743 3520 esse
2771 3478 2951 3517 rerum
2982 3462 3269 3530 Opifit'em,
3296 3472 3357 3516 et
3397 3476 3554 3514 suum

1987 3572 2215 3628 qumque
2261 3556 2438 3612 locum
2500 3556 2767 3612 obtinere.
2802 3554 3000 3610 Eorum
3047 3556 3192 3609 enim
3256 3566 3378 3621 qua!
3418 3550 3559 3605 facta

1978 3709 2311 3765 Christiana.
2354 3708 2607 3777 Cogitare
2656 3709 2800 3762 enim
2849 3707 3082 3762 debebat
3128 3704 3328 3760 [Encas
3377 3713 3561 3777 noster

1981 3787 2181 3833 statqu
2211 3778 2366 3847 primi
2392 3775 2652 3845 parentis,
2687 3793 2715 3831 a
2746 3792 2854 3846 quo
2881 3778 3163 3845 prolapsus
3188 3775 3558 3844 posteritatem

1982 3851 2314 3916 degenerare
2350 3848 2595 3900 claritate
2628 3848 2926 3901 creationis
2954 3848 3174 3911 adegit;
3207 3847 3349 3916 quod
3382 3853 3553 3897 totum

1983 3914 2254 3985 negotium
2290 3915 2377 3985 hic
2398 3916 2518 3969 ideo
2546 3932 2649 3970 non
2679 3916 2997 3985 attenditur,
3025 3916 3146 3985 quia
3179 3929 3301 3985 cum
3334 3914 3554 3985 It_nmine

1984 3982 2135 4066 mere
2195 3984 2515 4053 philosopho
2556 3984 2877 4053 disceptatio
2928 3993 3030 4039 est.
3072 3983 3171 4039 BA.
3214 3982 3321 4036 CC.
3363 3983 3423 4038 P.
3481 3982 3557 4053 μὴ

1983 4073 2024 4107 π
2030 4071 2197 4108 οωτα.

2029 4071 2574 4195 ρδθῗἚκϐἀλλειν.
2605 4122 2761 4178 Omni
2810 4136 2908 4175 usu
2962 4123 3303 4195 submovere,
3357 4119 3557 4195 frustra

1986 4190 2185 4248 factum
2215 4194 2415 4246 dicere.
2453 4193 2545 4246 Est
2582 4194 2723 4245 cnim
2780 4207 2956 4245 rerum
2988 4194 3226 4248 uuiuium
3256 4190 3551 4253 connexio,

1985 4273 2038 4318 et
2062 4263 2239 4315 omnia
2269 4264 2520 4316 universo
2546 4264 2785 4315 serviunt
2814 4261 2879 4314 ad
2910 4273 3182 4317 momenta
3220 4276 3339 4316 sua.
3380 4260 3474 4312 Ba.

2058 4333 2169 4401 (7|)
2196 4331 2300 4401 CC.
2334 4331 2392 4385 P.
2416 4332 2601 4385 ὲκ6αλ.
2630 4333 2929 4400 ἐθέλοιμεν.

2057 4400 2167 4472 (72)
2334 4401 2392 4454 P:
2416 4404 2484 4456 τὰ
2514 4403 2701 4471 φυτά.’

2054 4472 2165 4541 (7'5)
2193 4471 2255 4536 C.
2284 4472 2348 4524 A.
2385 4475 2604 4539 corrigit
2637 4471 2968 4541 βουλεύεται.

1906 4581 1949 4638 D
2194 4541 2394 4638 90.3.
2424 4543 2723 4638 άξαθαίνει.

2052 4612 2160 4682 (75)
2205 4612 2264 4666 C.
2299 4615 2363 4667 A.
2398 4612 2538 4667 οὐδέ.

2053 4679 2162 4753 (76)
2201 4682 2389 4736 Nonne
2426 4682 2663 4737 inveniet
2686 4687 2847 4739 etiam
2883 4684 2934 4735 in
2961 4681 3211 4748 supernis
3250 4679 3361 4753 illis
3407 4688 3556 4753 pote-

1989 4747 2222 4808 statibus
2251 4754 2395 4820 quod
2432 4756 2791 4819 reprehendat
2818 4771 2831 4817 ;
2861 4747 3105 4805 videlicet
3129 4750 3271 4818 quod
3304 4766 3409 4820 non
3441 4747 3556 4800 elli-

1983 4825 2127 4877 ciaut
2153 4840 2229 4874 ea:
2261 4819 2355 4889 per
2399 4837 2456 4874 se
2486 4825 2793 4890 quicquam,
2832 4825 2925 4874 sed
2960 4832 3219 4888 pareant,
3263 4819 3456 4873 saltem
3492 4828 3550 4870 ut

1985 4892 2237 4950 ministri.
2267 4890 2440 4942 ordini
2469 4906 2497 4941 ιι
2527 4892 2786 4946 Creatore
2819 4891 3052 4945 statuto?
3082 4893 3176 4943 Ba.

2058 4961 2169 5029 (77)
2205 4959 2480 5028 Σμικρόν.
2519 4960 2707 5015 Ollicio
2741 4978 2840 5015 suo
2873 4963 3146 5029 indignum
3178 4958 3548 5029 antinferius.

1990 5028 2284 5102 ilesyChius
2318 5046 2331 5082 :
2367 5031 2630 5102 σμικρόν
2674 5032 2888 5102 μικρὸν,
2919 5031 2951 5102 ἢ
2984 5028 3079 5083 τοῦ
3117 5028 3301 5081 ὀϐολοῦ
3336 5029 3551 5102 τίμιον·

1986 5089 2151 5170 ἐλάτῃ
2196 5089 2624 5170 ὅμοιον-’[υιίίηιιι
2656 5089 2966 5155 (ξιιο’νρι’1ιξι
3014 5101 3187 5153 aliena
3221 5096 3368 5170 sunt]
3395 5089 3553 5170 :Exi-

1982 5167 2355 5236 gtttttnvocant
2387 5167 2582 5237 Latini,
2607 5172 2744 5237 quod
2772 5187 2928 5238 quam
2949 5185 3247 5238 congruere
3269 5167 3554 5238 videbajur

1982 5187 2142 5236 gnum
2164 5187 2355 5223 vocant
2387 5187 2582 5237 bulllll,
2607 5187 2744 5237 quod
2810 5187 2928 5222 nam
2949 5187 3247 5238 congruere
3269 5187 3547 5219 uueuamr

1978 5239 2195 5292 brevius
2217 5239 2586 5308 minutiusque
2611 5252 2748 5293 erat.
2772 5187 3024 5308 ίίηεριιιηι
3052 5240 3137 5293 hic
3164 5237 3413 5290 verteris.
3452 5236 3547 5288 ΒΑ.

2047 5308 2159 5380 (78)
2200 5307 2306 5361 CC.
2334 5307 2401 5380 _P.
2438 5311 2765 5380 γενομένων.

2042 5375 2154 5448 (79)
2189 5375 2358 5432 Καλὰ
2402 5379 2499 5431 καὶ
2525 5375 2776 5448 μεγάλα,
2821 5377 2973 5444 Saepe
3013 5391 3200 5432 contra
3243 5390 3434 5448 magna
3454 5389 3550 5448 res

1971 5443 2430 5518 Intraque‘linglta
2477 5443 2712 5518 ineptam
2751 5443 3101 5518 denotat._At
3146 5449 3238 5518 hic
3280 5458 3338 5497 ut
3368 5446 3422 5518 in
3453 5443 3546 5494 illo

1970 5511 2184 5571 llolneri
2219 5516 2274 5570 ll.
2312 5511 2354 5569 Φ
2387 5515 2533 5588 [108]
2569 5511 2582 5572 Ξ
2615 5521 2726 5589 Οόχ
2760 5519 2928 5589 ὁράᾳς
2965 5516 3075 5580 οἷος
3108 5515 3263 5583 κάγὼ
3293 5511 3456 5575 καλός
3487 5529 3545 5564 τε

1974 5589 2146 5638 μέγας
2172 5605 2249 5638 τε.
2285 5587 2379 5638 ΒΑ.
2500 5634 2505 5638 .

2015 5604 2146 5649 εγας
2172 5605 2249 5639 τε.
2285 5604 2379 5640 UA.
2500 5634 2505 5639 .

1972 5605 2146 5656 μεγας
2172 5605 2249 5639 τε.
2285 5605 2379 5640 ua.
2500 5634 2505 5639 .

1977 5729 1987 5743 .
2041 5660 2152 5741 (se)
2182 5660 2286 5714 ut).
2321 5659 2377 5712 P.
2411 5654 2443 5730 ᾖ
2480 5659 2631 5712 λιι)...
2666 5654 2697 5733 ᾗ
2733 5660 2866 5713 δένδ.
2906 5698 2939 5711 ..
2968 5658 3128 5713 ἐπίοι.
3162 5657 3381 5711 [lectius
3409 5651 3550 5708 forte

1974 5743 2120 5798 επτῃ.
