4014 6140
436 302 540 363 915
1802 305 2042 367 ΕΝΕΙΕ
2078 305 2317 366 (ὶΑΖΑΞῙ
2706 316 2710 321 ’
3589 294 3695 359 916

355 395 367 409 ’
439 423 591 481 sunt,
625 415 831 470 humile
864 423 917 470 et
951 415 1217 485 abiectum
1282 412 1542 474 estnihil
1593 431 1610 472 :
1648 427 1776 472 sunt
1829 423 2009 472 autem

2141 417 2310 486 ιλόγου
2342 416 2517 487 ζωῆς·
2551 419 2616 471 οὐ
2656 412 2763 486 γάρ
2800 410 2868 486 ἦν
2911 412 2971 467 ἑν
3012 411 3123 482 (81)
3156 408 3304 481 αὕτῷ
3337 409 3439 478 τῆς
3471 406 3695 474 ἀλογὲας

443 507 627 561 omnia
653 506 876 576 pulchra
901 514 955 562 et
989 521 1202 577 magna,
1236 515 1291 562 et
1329 509 1596 564 concinne
1620 508 1812 563 ordine
1840 507 2009 563 collo-

2141 512 2365 581 ερεϊττον
2403 509 2580 573 οὐδὲν,
2623 509 2812 579 διόπερ
2850 505 3159 571 ἀνεύθυνος,
3191 505 3220 559 ὅ
3262 520 3315 556 τι
3358 501 3426 555 ἂν
3455 498 3698 570 παράλο-

442 605 588 653 cata.
613 599 821 652 Etenim
855 598 1010 668 lapis,
1041 599 1085 653 si
1125 599 1343 668 quidem
1374 600 1446 656 sit
1477 614 1541 656 ac
1584 609 1801 655 maneat
1837 599 1973 669 lapis
1999 617 2012 655 :

2141 621 2211 659 ὀν
2236 603 2348 674 (82)
2381 606 2528 676 ποιῇ.
2569 603 3040 673 Ἐσπουδασμένον
3069 599 3127 652 δέ
3162 616 3214 652 τι
3242 596 3437 669 χρῆμα
3478 592 3573 647 καί
3603 592 3698 662 χά-

448 699 559 742 tum
591 691 774 752 arbor,
807 690 853 744 si
885 689 1046 745 arbor
1077 709 1091 744 :
1129 703 1184 746 et
1217 692 1323 758 leo,
1349 691 1393 747 si
1433 693 1517 748 leo
1553 694 1646 758 sit,
1694 692 1924 748 formam
1953 707 2016 748 ac

2141 710 2238 747 nev
2280 693 2588 764 ἄνθρωπος,
2623 693 2752 746 ὅταν
2804 691 3090 762 ἅνθρωπος
3120 683 3174 763 ᾖ,
3223 688 3384 757 μέχρι
3427 683 3524 736 τοῦ
3562 683 3699 749 ἀγα-

445 780 742 834 bonitatem
780 795 933 835 suam
972 782 1195 839 habent.
1238 783 1318 839 Ac
1348 784 1432 839 leo
1463 786 1705 856 quident,
1738 786 1839 840 etsi
1895 784 2017 855 ejus

2141 785 2214 839 )οῦ
2249 787 2342 840 καὶ
2393 785 2495 856 τῆς
2534 784 2630 839 τοῦ
2686 783 2889 854 ἀγαθοῦ
2936 782 3128 852 σοφίας
3162 777 3494 834 ἀναϐαίνων.
3541 772 3702 826 Ἀλλά

442 885 562 939 quae
595 872 748 925 bruta
776 872 846 926 sit
879 888 942 929 ac
992 876 1201 930 ratione
1235 885 1441 941 careat,
1477 877 1605 931 vitae
1640 878 1782 931 viam
1834 885 2015 932 secat:

2141 877 2216 931 ta‘t
2268 878 2475 949 τροφῆς
2516 878 2748 947 ἐφίεται,
2792 874 2888 929 καὶ
2933 872 3041 926 τῶν
3079 870 3395 924 λυπούντων
3437 865 3694 921 αἰσθάνε-

447 971 626 1016 tamen
658 963 783 1033 quia
814 967 1321 1034 praestantissimum
1372 967 1502 1023 illud
1554 968 1782 1023 rationis
1821 983 2017 1023 munus

2141 985 2209 1021 ται
2231 986 2244 999 ·
2279 969 2565 1039 ἀμφότερα
2592 971 2700 1040 γὰρ
2734 969 2762 1021 6
2796 966 3101 1038 ἄνθρωπος.

445 1067 551 1106 non
636 1052 819 1118 habet,
875 1055 1132 1123 neglectae
1198 1056 1428 1111 talionis
1484 1057 1713 1112 crimine
1761 1058 1994 1112 vacabit.
2022 1056 2091 1111 At
2127 1058 2310 1125 homo,
2352 1060 2605 1129 quoniam
2662 1068 2750 1114 est
2796 1056 3010 1112 dntibus
3065 1052 3298 1125 egregiis
3354 1050 3621 1104 refertum
3653 1055 3705 1101 et

445 1143 785 1199 elaboratum
825 1147 1095 1216 quoddam
1129 1144 1284 1217 opus,
1323 1156 1450 1203 tunc
1477 1160 1692 1218 quoque
1717 1150 1945 1204 bonitati
1999 1158 2085 1204 et'
2129 1150 2517 1220 pulchritudini
2571 1165 2684 1205 sua:
2723 1147 3083 1219 responderit,
3141 1142 3360 1213 quando
3393 1142 3555 1194 sitae
3596 1154 3707 1192 ma-

446 1248 571 1292 neat
614 1238 796 1293 homo.
853 1239 1016 1309 quue
1069 1250 1195 1296 tunc
1256 1243 1369 1303 llel.
1429 1243 1644 1310 quando
1696 1244 1763 1296 ad
1824 1243 2022 1298 bonum
2097 1246 2275 1313 ipsum
2329 1253 2385 1299 et
2415 1244 2482 1297 ad
2522 1243 2647 1297 boni
2695 1240 3058 1310 cognitionem
3111 1235 3316 1304 aspirat
3349 1234 3482 1287 :sed
3525 1241 3578 1284 et
3614 1230 3708 1283 ali-

454 1340 696 1384 nsentum
728 1330 895 1403 640
920 1335 1150 1402 appetit,
1182 1341 1238 1388 et
1286 1335 1533 1390 tristibus
1560 1334 1726 1390 rebus
1759 1334 2050 1391 olienditur
2079 1353 2095 1392 :
2138 1345 2317 1392 utrum
2345 1338 2487 1392 enim
2522 1334 2799 1402 reSpicias,
2823 1331 2929 1387 erit
2962 1331 3143 1384 humo.

520 1423 672 1480 Mens
726 1427 863 1480 bona
923 1441 1043 1496 quae
1084 1442 1242 1482 secus
1283 1442 1347 1483 ac
1374 1430 1563 1483 suadet
1595 1430 1759 1496 ratio,
1791 1444 2023 1501 corpore

2196 1428 2341 1494 Νοῦς
2368 1428 2591 1499 ἀγαθὸς,
2624 1427 2835 1496 ἀλόγων
2863 1425 3079 1496 σώματι
3126 1419 3409 1492 χρώμενος
3435 1417 3576 1487 (85),
3618 1415 3709 1469 αὕ-

449 1518 640 1579 ntitur,
690 1517 779 1572 ubi
818 1516 982 1573 t'uerit
1012 1534 1223 1574 summa
1285 1534 1464 1573 rerum
1518 1523 1708 1591 potita,
1768 1538 1866 1593 pro
1926 1539 2023 1579 sua

2141 1523 2418 1595 τοκρὰτωρ
2444 1521 2501 1575 δὲ
2525 1519 2836 1589 γενόμενος,
2873 1518 2993 1572 κατ’
3022 1512 3275 1581 ἐξουσίαν
3297 1510 3410 1565 ἀνω
3436 1509 3532 1563 κά).
3563 1508 3708 1561 κάτω

455 1614 722 1674 potesmte
752 1622 967 1662 sursum
992 1622 1209 1663 vorsum
1244 1608 1495 1675 vertitur,
1527 1620 1583 1664 et
1610 1611 1839 1667 alterum
1865 1611 2024 1667 alteri

2141 1613 2465 1683 μεταχωρεῖ,
2496 1611 2683 1681 ἕτερον
2711 1607 3037 1679 αἱρούμενος
3069 1603 3336 1675 προτέρου
3378 1599 3515 1672 (δι).
3545 1598 3710 1651 Τοῦτο

455 1696 693 1766 praefert.
735 1696 792 1752 Id
833 1700 977 1753 enim
1032 1714 1093 1753 ea
1130 1714 1249 1768 quae
1286 1698 1490 1753 homini
1546 1702 1709 1767 inest,
1749 1703 2029 1771 quodlibet

450 1788 681 1859 eligendi
716 1788 945 1847 lacultas
992 1800 1210 1861 potest:
1246 1803 1308 1843 ea
1360 1790 1631 1858 videlicet,
1668 1808 1791 1863 qua:
1830 1804 1913 1849 est
1938 1809 2029 1848 or-

451 1880 632 1934 dinata
670 1883 894 1938 rationis
928 1883 1178 1948 facultas,
1230 1883 1497 1954 quasique
1553 1887 1902 1956 principium.
1933 1888 2029 1943 Est

452 1982 635 2027 autem
667 1974 972 2030 inordinata
1018 1981 1184 2035 motio
1219 1980 1418 2046 omnis,
1455 1993 1575 2050 quae
1618 1994 1722 2033 non
1757 1988 1839 2034 est
1867 1988 2029 2034 rectae

451 2065 651 2120 rationi
684 2077 1071 2147 consentanea,
1131 2073 1329 2128 mentis
1366 2072 1632 2127 industria
1670 2088 1684 2126 :
1716 2086 2026 2142 quanquam

453 2160 666 2216 inutilis
690 2163 763 2217 sit
791 2164 1061 2219 interdum
1089 2174 1144 2221 et
1176 2166 1349 2222 etiosa
1402 2164 1564 2227 ratio.
1618 2164 1700 2219 vel
1735 2164 1803 2219 ob
1843 2173 2028 2235 torpo-

452 2268 568 2308 rem
605 2263 662 2309 et
708 2255 981 2322 inertiam,
1013 2257 1096 2311 vel
1145 2259 1216 2313 ob
1274 2257 1563 2312 ruditatem
1607 2266 1664 2313 et
1703 2257 1973 2312 inscitiam
2009 2273 2025 2313 :

453 2344 694 2413 itemque
717 2330 789 2399 ob
818 2359 999 2399 rerum
1028 2345 1331 2401 futurarum
1353 2345 1821 2418 negligentiam,et
1845 2354 2032 2415 praete-

454 2436 682 2491 ritarum
724 2435 1072 2493 oblivionem.
1113 2437 1235 2493 Jam
1293 2438 1565 2508 cupiditas
1622 2448 1677 2492 et
1727 2438 1830 2502 ira,
1884 2436 2029 2492 haud

453 2540 615 2583 secus
662 2541 725 2583 ac
760 2542 857 2597 par
908 2542 1194 2597 equorum,
1235 2527 1421 2597 elapso
1470 2542 1501 2583 e
1534 2527 1784 2582 vehiculo
1812 2527 2025 2598 auriga,

452 2619 863 2687 perturbantur.
917 2618 1048 2686 Quae
1090 2635 1178 2676 res
1205 2619 1435 2675 crimine
1483 2620 1627 2675 haud
1671 2629 1851 2673 vacat.
1891 2616 2026 2673 Nam

338 2762 343 2763 ,
454 2711 712 2781 magister
742 2712 1097 2766 certaminum
1140 2711 1412 2781 praedixit,
1463 2726 1585 2781 quae
1611 2711 1904 2781 qualiaque
1946 2709 2030 2765 fo-

2133 1704 2242 1773 γὰρ
2293 1703 2327 1772 ἡ
2388 1696 2678 1771 ἀνθρώπου
2719 1696 3040 1769 προαίρεσις
3067 1693 3326 1748 δύναται·
3384 1691 3477 1744 καὶ
3524 1704 3710 1757 τεταγ-

2133 1794 2268 1866 μένη
2315 1794 2414 1863 μὲν
2459 1793 2493 1863 ἡ
2540 1789 2636 1845 τοῦ
2687 1789 2850 1857 λόγου
2882 1787 3111 1856 δύναμις
3141 1785 3236 1838 καὶ
3267 1782 3442 1855 ἀρχήο
3484 1780 3711 1843 ἄτακτος

2127 1887 2182 1940 δὲ
2215 1886 2356 1959 φορά
2382 1886 2416 1956 ἡ
2445 1884 2537 1938 τοῦ
2559 1883 2721 1951 λόγου
2754 1878 2980 1951 σπουδὴ,
3009 1880 3056 1931 εί
3085 1877 3161 1948 μὴ
3188 1875 3334 1945 λόγῳ
3365 1871 3705 1944 ρυθμίζοιτο·

2129 1978 2233 2032 κᾶν
2253 1978 2282 2031 6
2303 1977 2460 2045 λόγος
2488 1974 2655 2047 ἀργὸς
2689 1973 2800 2044 (85)
2898 1971 2988 2025 διὰ
3022 1967 3307 2041 ῥᾳθυμίαν
3345 1966 3439 2020 καὶ
3468 1965 3647 2027 ὄκνον,
3681 1961 3714 2034 ἢ

2128 2071 2194 2125 δι’
2227 2067 2607 2133 ἀπαιδευσίαν,
2660 2066 2755 2119 καὶ
2782 2065 2881 2135 τὴν
2915 2062 3067 2117 κάτω
3099 2059 3317 2131 σχολὴν,
3353 2059 3448 2112 καὶ
3480 2057 3579 2128 τὴν
3610 2055 3715 2109 τῶν

2127 2163 2241 2218 ἄνω
2266 2160 2456 2234 λήθην.
2500 2156 2797 2228 Ἐπιθυμία
2828 2155 2924 2209 καὶ
2958 2148 3149 2224 θυμὸς,
3181 2147 3295 2206 οἷον
3316 2151 3503 2204 ἵππων
3526 2148 3717 2215 ζεῦγος

2130 2254 2455 2316 ἐκπεσόντος
2516 2251 2608 2305 τοῦ
2659 2249 2899 2320 ἡνιόχου,
2926 2245 3389 2318 συνταράττεται·
3438 2242 3557 2295 ἀλλ’
3625 2242 3719 2294 οὖν

2129 2345 2423 2402 ἀνεύθυνον
2464 2345 2526 2397 τὸ
2564 2344 2822 2413 πρᾶγμα.
2865 2341 2927 2393 '0
2968 2338 3078 2408 γὰρ
3130 2336 3484 2406 ἀγωνοθέτης
3515 2338 3721 2404 προῦπ-

2131 2439 2303 2507 ἐδειξε
2354 2437 2426 2491 τὰ
2470 2436 2766 2508 γυμνάσια,
2819 2436 2914 2508 καὶ
2965 2433 3092 2486 ὅταν
3138 2430 3251 2503 (86)
3304 2429 3388 2482 δεῖ
3419 2423 3740 2497 ἀγωνιστὴν*

2132 2498 2359 2592 ἀσκεῖν,
2423 2498 2815 2599 προεκήρυξεν.
2844 2498 2959 2577 ίΩν
3003 2498 3287 2592 ἀμελῆσας
3331 2520 3360 2572 6
3410 2517 3589 2586 λόγος,
3650 2513 3722 2569 δί-

2134 2623 2267 2677 δωσι
2291 2621 2448 2683 δίκας
2485 2619 2584 2689 οὐχ
2615 2611 2690 2671 ὧν
2735 2616 3010 2686 ἐποίησεν,
3037 2612 3149 2666 ἀλλ’
3180 2608 3254 2666 ὧν
3295 2610 3565 2680 περιεῖδεν
3592 2606 3723 2679 (87).

2142 2714 2205 2768 '0
2250 2713 2360 2783 γὰρ
2397 2709 2491 2764 τοῦ
2520 2708 2714 2777 ἀλόγου
2754 2709 2854 2778 τὴν
2893 2704 3122 2772 ἀταξίαν
3175 2701 3383 2755 παῦσαι
3433 2699 3723 2769 δυνάμενος

450 2812 576 2857 rent
604 2803 928 2867 certamina,
960 2813 1014 2858 et
1040 2805 1257 2872 quando
1287 2804 1624 2872 potissimum
1645 2810 1897 2871 oporteat
1924 2816 2024 2872 pu-

453 2893 615 2962 gilem
668 2896 752 2950 sui
804 2911 988 2950 curam
1024 2895 1242 2959 habere,
1292 2895 1647 2964 proclamavit
1679 2880 1859 2965 aqua:
1903 2908 2028 2950 cum

2141 2897 2245 2951 υῦκ
2301 2894 2409 2965 ἄρα
2460 2893 2558 2963 τὴν
2602 2891 2715 2963 (88)
2768 2892 2825 2945 ὲν
2864 2892 2996 2960 ἡμῖν
3027 2888 3182 2941 παιδὶ
3227 2887 3327 2957 τὴν
3388 2884 3564 2954 ἀρχὴν
3603 2884 3726 2934 ἐπι-

454 2984 594 3040 ratio
627 2986 947 3056 neglexerit,
982 3002 1085 3041 non
1117 3002 1304 3041 eorum
1339 3000 1461 3056 quae
1492 2986 1642 3049 fecit,
1692 2987 1786 3042 sed
1840 3000 2029 3043 eorum

2141 2982 2489 3059 :psméov'i)
2531 2983 2607 3054 μὴ
2637 2980 2957 3053 θαυμάζειν,
3003 2981 3053 3032 εί
3107 2978 3287 3031 πάντα
3315 2976 3425 3030 ἄνω
3475 2974 3569 3028 καὶ
3609 2971 3722 3042 (89)

453 3090 574 3144 quae
599 3078 836 3147 neglexit
862 3092 1049 3147 poenas
1074 3077 1190 3131 luit.
1236 3077 1396 3132 Ratio
1446 3077 1592 3132 enim
1624 3092 1844 3148 ea,quae
1893 3079 2029 3134 stul-

2141 3079 2294 3134 κάτω
2325 3078 2522 3146 γένοιτ’
2552 3074 2617 3130 ἂν
2659 3077 2728 3127 τὰ
2772 3075 3036 3145 ἡμέτερα.
3088 3070 3306 3126 Πολλῶν
3352 3070 3456 3137 γὰρ
3502 3069 3530 3119 6
3587 3066 3719 3126 παῖς

455 3169 587 3223 tilia:
616 3171 878 3224 incuriam
935 3180 1101 3238 atque
1147 3168 1201 3223 in
1241 3171 1402 3226 rebus
1454 3169 1706 3239 gerendis
1756 3170 2029 3225 inscitiam

2141 3170 2417 3239 ἐπιθυμεῖ,
2454 3167 2569 3220 ἀλλ’
2616 3167 2812 3237 ἀρίστη
2858 3165 3069 3218 διάνοια
3115 3163 3210 3216 καὶ
3242 3162 3268 3214 6
3325 3158 3494 3228 θυμὸς
3544 3154 3725 3227 ταύτῃ

453 3272 709 3314 coercere
774 3268 974 3327 potest.
1041 3259 1175 3314 adeo
1224 3258 1383 3315 facile
1412 3261 1542 3330 quid
1592 3260 1734 3315 facto
1768 3275 1906 3331 opus
1937 3262 2028 3325 sit,

2142 3261 2450 3333 συμμαχῶν
2489 3259 2687 3318 κωλύει
2729 3258 2819 3311 καὶ
2851 3256 3128 3311 συστέλλει
3162 3254 3257 3318 τάς
3300 3251 3496 3323 μυρίας
3526 3248 3723 3301 ἐπιθυ-

454 3350 694 3419 dispicit,
729 3360 788 3405 ut
818 3355 992 3421 ipsum
1033 3350 1290 3421 deinceps
1321 3353 1521 3406 rectius
1554 3366 1618 3407 ac
1648 3351 1839 3407 melius
1869 3353 2029 3421 perli-

2143 3356 2286 3426 μίας.
2321 3355 2381 3407 El
2412 3352 2469 3406 δὲ
2498 3352 2767 3424 ἀγριαίνει
2806 3352 2840 3422 ἡ
2871 3348 2966 3403 τοῦ
3009 3348 3255 3420 χείρονος
3290 3342 3597 3407 δυναστεία,
3631 3339 3730 3394 τοῦ

460 3442 589 3496 eiat.
617 3442 747 3509 Quae
774 3458 907 3513 ergo
941 3443 996 3496 iu
1031 3452 1216 3498 nostra
1268 3455 1393 3497 sunt
1422 3452 1709 3513 potestate,
1738 3458 1799 3498 ea
1849 3444 2029 3512 pueris

2141 3449 2422 3518 ἀμείνονος
2444 3446 2648 3515 γίνεται
2674 3443 2912 3516 ταραχὴ,
2934 3442 3001 3514 ἢν
3031 3438 3359 3509 θεραπεύειν
3381 3436 3517 3490 ἐστί.
3553 3433 3732 3489 Πολλὰ

456 3533 680 3587 minime
720 3544 844 3588 sunt
878 3533 1262 3603 permittenda,
1297 3534 1397 3589 nisi
1431 3534 1660 3589 velimus
1710 3534 2029 3588 mirabiliter

2141 3539 2244 3609 γὰρ
2272 3538 2341 3592 τὰ
2369 3538 2653 3608 φάρμακα,
2675 3535 2850 3607 ἀγαθὴ
2876 3533 3071 3606 τροφὴ,
3100 3531 3197 3585 καὶ
3231 3527 3451 3585 παιδεία
3471 3525 3607 3599 (90),
3640 3524 3732 3579 καὶ

455 3624 636 3678 omnia
678 3633 861 3677 nostra
915 3640 1130 3679 sursum
1173 3640 1388 3680 vorsum
1427 3626 1578 3680 ferri.
1627 3624 1915 3680 Multarum
1950 3640 2029 3680 re-

2141 3630 2318 3699 νόμος,
2345 3629 2436 3682 κα).
2466 3629 2621 3697 λόγος
2648 3628 2781 3697 (9i),
2807 3629 2899 3682 καὶ
2927 3629 2961 3698 ἠ
2990 3625 3100 3679 τῶν
3118 3622 3322 3703 θκακῶν
3347 3619 3464 3691 (92)
3501 3617 3724 3689 μελέτη,

458 3729 575 3768 rum
624 3714 897 3769 desiderio
952 3725 1163 3770 tenetur
1198 3731 1333 3786 puer
1386 3734 1401 3772 :
1450 3717 1543 3773 sed
1598 3733 1750 3773 mens
1804 3718 2029 3788 optima,

2141 3722 2226 3773 καὶ
2261 3719 2519 3791 συνήθεια
2564 3719 2655 3773 καὶ
2684 3720 2988 3790 ἐπιστήμη,
3043 3715 3139 3771 καὶ
3166 3718 3199 3786 ὴ
3243 3712 3341 3768 τοῦ
3390 3709 3597 3773 παντὸς
3634 3706 3730 3764 τά-

456 3815 618 3877 atque
655 3821 810 3877 opem
843 3808 890 3862 ei
906 3793 1105 3863 Tereus
1153 3808 1393 3873 animus,
1444 3810 1731 3880 prohibent
1774 3820 1828 3864 et
1863 3811 2031 3880 repri-
2130 3811 2210 3875 ξις
2237 3812 2372 3881 (‘35).
2982 3814 2985 3821 ’

2129 2804 2308 2873 λόγος,
2336 2800 2605 2873 περιορῶν
2636 2799 2712 2864 δὲ,
2747 2798 3109 2869 ἀληθέστερον
3138 2795 3272 2848 αὐτὸ
3300 2792 3716 2862 διαπράττεται.

527 3961 641 4029 (81)
678 3960 785 4017 CC.
817 3962 877 4016 P.
908 3961 994 4014 ἐπ’
1021 3961 1191 4028 αὐτῷ.

2215 3964 2330 4029 (87)
2368 3962 2440 4015 Ex
2468 3961 2575 4017 CC.
2600 3964 2660 4018 P.
2694 3961 2773 4029 sic
2803 3959 3174 4029 restituendus
3197 3959 3391 4029 locus';
3413 3955 3730 4029 δίδωτιδίκ.

526 4020 638 4100 (8‘2)
666 4030 773 4102 QC.
803 4031 864 4086 P.
898 4031 1055 4102 παρά
1071 4020 1252 4102 λόγον.
1378 4099 1388 4102 ᾼ
1512 4101 1519 4102 7
2143 4048 2193 4085 ο.
2221 4020 2615 4102 ’ὤν’έποςησεν,
2645 4028 2773 4086 ἀλλ’
2793 4023 2868 4086 ὧν
2908 4031 2984 4102 μὴ
3024 4030 3303 4100 ἐποίησεν,
3332 4027 3444 4081 οὐδ’
3466 4020 3544 4084 ὧν
3576 4026 3735 4099 ἐδρα-

526 4099 640 4173 (85)
671 4100 862 4175 Melius
894 4099 1122 4175 spirabit
1154 4099 1450 4175 sententia,
1478 4101 1544 4165 si,
1575 4101 1903 4175 transposito
1938 4115 2029 4175 unc

2147 4117 2205 4154 σε
2215 4123 2262 4175 ν,
2284 4101 2411 4175 Ααλλς
2437 4099 2646 4175 ᾦνπερ.

459 4169 1111 4242 coinmatiolo,scribere
1140 4172 1382 4242 animum
1415 4169 1743 4242 persuadeas
1777 4189 1813 4242 :7
1839 4172 2029 4240 Ἀμφό-

2217 4173 2329 4242 (88)
2372 4170 2479 4227 cc.
2520 4169 2705 4242 esse.

455 4250 589 4313 τερα
625 4242 733 4312 γὰρ
770 4242 798 4295 6
819 4240 1114 4313 ﬁvﬂpmm;
1135 4254 1148 4268 '
1186 4239 1311 4304 νοῦς
1341 4240 1546 4313 ἀγαθὸς
1580 4239 1938 4313 αὐτοκράτωρ
1964 4257 2044 4313 Δ’τι
2214 4239 2326 4313 (89)
2354 4242 2461 4297 CC.
2496 4239 2697 4313 Rivis)
2719 4242 2890 4313 κάτω.

455 4307 988 4383 γενόμενόςηάλόγῳ
1029 4307 1245 4383 σώματι
1273 4307 1580 4383 χρώμενος,
1629 4307 1766 4383 acac"
1792 4307 2043 4383 ἐξουσίαν
2167 4381 2176 4383 Α
2215 4307 2329 4383 (90)
2354 4312 2597 4383 ,Ἀγαθὴ
2624 4312 2814 4381 τροφὴ
2846 4310 2945 4366 καὶ
2983 4310 3239 4383 παιδείᾳ.
3279 4309 3427 4365 Bona
3457 4309 3732 4383 educatio,

453 4379 567 4434 ἄνω
593 4379 691 4434 οιαὶ
710 4380 897 4452 ακάτωί
936 4382 1253 4452 μεταχωρεζ
1274 4379 1462 4450 ἕτερον
1494 4380 1820 4452 αἱρούμενος
1838 4381 2029 4452 -προτέε

2149 4379 2462 4452 diSciplina,
2503 4379 2849 4435 conversatio
2881 4384 3145 4452 honesta,
3170 4380 3357 4452 ticius,
3391 4381 3731 4452 commodus,

461 4466 586 4519 ρουο
635 4450 794 4504 τοῦτο
841 4446 951 4519 γὰρ
1001 4451 1039 4518 ἡ
1080 4446 1381 4519 ἀνθρώπου
1420 4446 1741 4520 προαίρεσις
1789 4446 2029 4505 δύναται.

2148 4466 2253 4504 non
2286 4446 2586 4514 abundans,
2620 4465 2725 4503 non
2766 4451 3042 4520 deficiens.
3079 4449 3239 4504 Multa
3271 4451 3415 4504 enim
3448 4450 3733 4520 complec-

454 4518 710 4573 Animum
744 4518 982 4576 hominis
1014 4518 1358 4591 pra-stantem
1386 4518 1630 4591 bonitate
1655 4528 1709 4571 et
1740 4519 2029 4591 imperato—

2145 4521 2279 4575 titur
2321 4521 2503 4591 ἀγαθὴ
2549 4521 2725 4591 τροφή
2758 4538 2771 4552 ·
2804 4518 3026 4574 παιδεία
3084 4533 3299 4574 omnem
3332 4518 3733 4574 institutionem

459 4605 571 4643 rem
600 4605 820 4642 suarum
863 4604 1044 4642 rerum
1086 4589 1283 4656 suique
1317 4590 1599 4658 corporis,“
1622 4589 2035 4656 quomodocun-
2142 4603 2196 4643 et
2230 4589 2599 4658 disciplinam.
2633 4589 2729 4643 BA.
3184 4620 3185 4623 η

456 4675 560 4731 que
585 4674 650 4713 eo
677 4671 882 4720 utatur,
912 4673 1066 4711 suam
1092 4658 1197 4710 vim
1231 4658 1284 4712 in
1310 4657 1361 4710 id
1384 4671 1609 4731 servare
1633 4667 1688 4731 et
1711 4662 2033 4731 potestatein
2212 4661 2325 4731 (9i)
2358 4657 2568 4729 Λόγος.
2604 4658 3147 4731 δετιιιοηεεέιυίιιιιε
3177 4657 3259 4731 ad
3307 4657 3733 4731 animarum"?

459 4729 684 4803 liberam
733 4742 995 4803 exercere
1046 4736 1331 4792 autumat;
1383 4727 1488 4781 hoc
1520 4725 1725 4803 homini
1770 4726 2036 4803 divinitus
2139 4725 2464 4803 ponendum
2484 4725 2718 4783 maxima
2749 4738 2838 4803 est
2878 4725 3140 4803 ellicacia.
3176 4727 3450 4803 Horatius,
3477 4727 3651 4796 Epist.
3695 4725 3731 4803 1,

455 4800 716 4852 trilmtnm
749 4799 935 4852 dicens
959 4836 975 4865 ,
1013 4807 1070 4868 ut
1111 4813 1215 4851 non
1251 4807 1474 4853 coactus
1503 4799 1704 4852 Serviat
1734 4798 1912 4868 vitiis,
1941 4797 2034 4850 sed
2139 4797 2195 4865 ᾗ,
2225 4801 2294 4855 53
2335 4817 2349 4854 :
2397 4798 2587 4854 Fervet
2614 4799 2841 4853 avaritia
2894 4801 3188 4868 miseroque
3229 4797 3472 4868 "cupidine
3518 4797 3739 4868 pectus!

467 4869 1024 4933 babeatelcetiouem,
1045 4867 1097 4921 in
1117 4877 1289 4920 utram
1309 4876 1536 4936 partem,
1562 4869 1754 4937 bonam
1772 4866 2037 4937 malamve
2139 4871 2273 4927 Sunt
2305 4869 2457 4923 verba
2496 4880 2544 4923 et
2576 4884 2720 4923 vaces
2760 4868 2946 4937 quibus
2973 4866 3112 4934 hunc
3136 4868 3298 4922 lenire
3335 4866 3572 4937 dolorem
3604 4866 3736 4919 Pos-

460 4940 589 4992 velit
613 4939 766 4991 eniti.
799 4938 1156 5008 Commendat
1183 4935 1564 4991 vimhumana:
1592 4936 1873 4992 electionis
1901 4936 2035 4990 libe-
2140 4943 2213 4996 δίο
2241 4950 2290 4995 et
2334 4955 2577 5008 magnam
2631 4935 2802 4991 morbi
2842 4940 3100 5008 deponere
3147 4947 3373 5008 partem.
3412 4935 3479 4990 Et
3510 4948 3740 5008 prover-

2140 5004 2598 5079 biutnest'vetus
2636 5023 2649 5059 :
2683 5008 2879 5079 Ψυχῆς
2908 5004 3182 5079 ’νοσούσης
3235 5007 3374 5061 εἰσιν
3418 5004 3603 5077 ἰατροὶ
3646 5004 3737 5057 λόο

2138 5098 2248 5149 γοι.
2281 5078 2378 5132 Ba.
2406 5078 2511 5135 CC.
2541 5078 2607 5132 P.
2639 5080 2733 5131 καὶ
2766 5077 2924 5147 λόγος
2954 5077 3049 5149 καλ
3078 5077 3264 5149 νόμος.

2215 5150 2325 5221 (92)
2354 5150 2584 5204 Omnino
2605 5144 2948 5221 scribendum
2967 5147 3079 5221 τῶν
3096 5144 3301 5221 καλῶν.
3335 5144 3387 5198 Id
3413 5146 3563 5200 enim
3591 5160 3740 5221 cum-

2137 5217 2330 5292 primis
2358 5233 2493 5287 Opus
2521 5228 2626 5280 est.
2659 5227 2718 5273 ut
2762 5219 2934 5292 libens
2967 5219 3107 5292 bona
3143 5218 3461 5292 meditetur,
3506 5217 3740 5292 inedita—

2138 5286 2725 5357 iiOnique’sertnonum
2764 5288 3047 5357 sapientiae
3075 5297 3129 5341 et
3169 5286 3739 5357 probitatisanimum

2139 5355 2310 5483 ἓωηᾲ
2333 5359 2689 5482 ρὲἓίειεξιιόυε
2717 5369 2811 5413 aut
2830 5355 3276 5428 'prteservandus
3305 5371 3335 5410 a
3366 5355 3517 5409 vitiis
3545 5356 3737 5411 dedat.

2187 5445 2237 5483 ι.
2269 5444 2349 5483 sic
2459 5467 2472 5481 .

2187 5445 2237 5484 ι.
2269 5431 2349 5484 sic
2367 5430 2472 5482 CG.

2212 5499 2321 5571 (93)
2349 5497 2461 5571 τοῦ
2483 5499 2712 5565 παντὸς
2734 5496 2925 5571 τάξις.
2967 5497 3106 5571 Vitae
3139 5498 3345 5571 omnis,
3372 5495 3560 5551 omnis
3588 5496 3741 5551 insti-

2142 5567 2239 5627 tuti
2273 5569 2517 5622 ordinem
2541 5577 2595 5622 et
2621 5569 2960 5638 disciplinam
2991 5567 3141 5621 dicit.
3179 5569 3582 5638 Quamut‘prm
3620 5580 3739 5620 om-

2142 5643 2299 5696 nibus
2311 5634 2776 5703 commendarent,
2798 5638 3132 5706 sapientibus
3154 5638 3211 5692 in
3242 5634 3540 5704 discipulos
3569 5646 3736 5706 ognuo

2151 5707 2435 5767 arbitrium
2462 5708 2629 5779 prisci
2649 5702 2917 5765 dederunt
2939 5722 3146 5764 morum
3175 5702 3541 5764 correctores.
3578 5702 3733 5763 Unde

458 5024 603 5070 rum,
634 5023 797 5077 quam
824 5010 960 5061 bene
988 5005 1254 5077 theologis
1284 5022 1389 5061 non
1412 5017 1496 5061 est
1523 5021 1657 5075 opus
1689 5007 1992 5077 bicidieere
2018 5022 2032 5071 ;

465 5076 840 5145 philosophum
877 5090 1036 5131 suum
1068 5090 1197 5129 sane
1222 5076 1357 5129 bene
1389 5090 1581 5145 sapere
1606 5077 1763 5131 docet
1785 5076 1872 5131 hic
1908 5076 2037 5129 Axi-

463 5147 639 5201 theus.
677 5145 823 5201 Duas
852 5145 1043 5200 statuit
1087 5145 1507 5210 inclinationes,
1549 5155 1605 5199 ut
1646 5146 1862 5200 animus
1895 5145 2037 5200 male

460 5218 674 5285 corpori
707 5217 933 5279 serviat,
968 5216 1094 5270 licet
1137 5216 1436 5283 imperator
1471 5230 1501 5268 a
1528 5214 1631 5268 deo
1674 5216 2025 5278 constitutus,

460 5298 517 5337 et
584 5298 641 5339 ut
694 5288 992 5341 secundum
1031 5286 1296 5339 rationem
1334 5286 1383 5339 ei
1444 5285 1702 5354 imperet;
1752 5286 2036 5353 utriusque

462 5355 537 5409 illi
584 5366 907 5425 potestatem
958 5357 1138 5409 datam
1176 5356 1397 5409 ducens.
1445 5354 1569 5410 Haec
1604 5354 1839 5424 explicat
1876 5369 2036 5422 porro

464 5425 646 5479 latius.
694 5426 1005 5493 lmpeditior
1036 5439 1215 5478 autem
1249 5440 1444 5479 sensus
1470 5436 1590 5488 est,
1625 5441 1727 5479 una
1761 5434 1818 5480 et
1841 5426 2033 5493 altera,

464 5503 522 5545 ut
556 5507 703 5560 puto,
735 5496 995 5561 particula
1032 5496 1299 5550 sermonis
1336 5497 1560 5552 Ottiissa.
1584 5494 1681 5549 BA.

534 5564 647 5686 (8))
693 5566 798 5649 (ΣΟ.
830 5567 940 5635 Πρὸ
964 5566 1172 5636 ἑτέρου.

561 5633 650 5686 8ο)
677 5635 781 5686 LC.
810 5636 867 5686 l’.
898 5637 1113 5686 ἀργήση
1141 5636 1169 5686 δ

561 5633 650 5705 ἓξ)
677 5635 781 5705 CC.
810 5633 1113 5705 ιξζάργήσῃ
1141 5636 1297 5690 δια...

538 5702 651 5767 (86)
680 5703 783 5754 CC.
822 5704 877 5757 l’.
908 5702 957 5756 et
985 5702 1046 5755 (ἒξ
1071 5702 1134 5756 IK.
1160 5706 1259 5757 ὅσα
1287 5706 1386 5759 δεῖ.
