4014 6140
417 313 520 378 919
1794 329 1992 389 (esse:

2096 336 2315 394 LKZ.er
3563 323 3684 386 θεολ

419 439 606 494 guttam
647 431 867 498 jamjam
901 425 1008 487 vult
1040 433 1318 502 cjaculari,
1348 449 1469 490 eum
1498 436 1599 506 qu'r
1625 438 1832 510 sagitta:
1871 455 1990 496 sese

2096 447 2228 514 πρὸς
2266 444 2324 497 τὺ
2355 444 2474 499 ὅλον
2515 442 2838 495 συντάττων.
2879 441 3039 493 ’Ὥστε
3093 439 3152 493 τὸ
3205 436 3526 507 γιγνόμενον
3562 434 3666 486 ﬁala

419 520 634 573 obviam
681 523 908 588 dederit,
964 525 1208 594 quisquis
1249 527 1338 591 sit,
1373 531 1680 583 necessario
1733 531 1982 585 vulnera-

2096 549 2265 604 κημα,
2299 532 2376 603 τῷ
2421 534 2518 603 μὲν
2568 534 2852 602 ποιήσαντι
2892 532 3058 583 κακὸν
3099 530 3192 582 καὶ
3237 528 3517 596 ἀδίκημα⁹
3571 525 3663 576 καὶ

393 611 493 687 Ibit
531 629 544 664 ι
579 613 656 665 sic
681 613 768 666 ille
798 613 1048 682 quoniam
1091 616 1369 685 improbus
1425 628 1530 682 est,
1578 634 1736 689 quem
1789 623 1988 690 poterit

2096 625 2184 676 οὐκ
2236 624 2431 694 ἀφείθη
2477 624 2553 691 (7)
2585 624 2682 694 τῆς
2741 623 2922 685 αἰτίας
2966 624 2993 675 ὀ
3029 619 3255 691 δράσας,
3307 617 3426 671 οὐδὲ
3477 615 3662 669 ἀποδι-

421 715 646 768 quemve
685 705 897 758 obvium
926 706 1193 772 habuerit,
1229 723 1350 762 eum
1389 709 1584 778 tnjuria
1619 711 1832 766 alliti'et.
1871 713 1986 782 Ipse

2096 715 2310 786 Βράσκει
2339 715 2436 786 τὴν
2463 715 2616 785 δίκην
2647 732 2661 746 ·
2694 715 2772 786 τῷ
2821 715 2878 767 δὲ
2929 712 3156 766 παθόντι
3189 712 3248 764 οὐ
3290 710 3487 771 κακον,
3529 706 3668 760 ἀλλὰ

419 794 582 846 etiam
611 810 806 851 avarus
863 813 966 852 non
1016 801 1232 868 quidem
1264 812 1410 858 recto
1458 801 1631 858 fertur
1661 805 1854 858 ordine
1887 820 1900 857 :
1934 815 1989 858 at

2096 807 2384 877 χρήσιμον·
2446 806 2562 874 εἴγε
2619 806 2694 877 (8)
2755 804 3071 876 προσθήκην
3120 802 3468 872 εὐδαιμονίας
3516 798 3663 866 αὐτῷ

418 899 732 952 perversum
792 891 1036 945 avaritiae
1098 895 1343 961 ordinem
1432 894 1574 949 Deus
1636 897 1687 950 in
1742 897 1985 950 ordinem

2096 897 2147 949 τὸ
2181 896 2352 960 πάθος
2379 896 2735 967 προὺξένησε,
2773 899 2865 950 καὶ
2897 897 2976 958 εἰς
3014 893 3205 964 ὄφελος
3239 893 3315 962 τῷ
3351 889 3517 960 κοινῴ
3547 906 3663 941 6w-

417 980 661 1046 atquein
699 981 839 1035 viam
879 994 1079 1037 rectam
1130 985 1336 1039 reducit
1379 1003 1392 1039 :
1431 987 1589 1056 idque
1644 1004 1740 1042 ceu
1792 985 1984 1042 artifex
2087 987 2362 1040 τάττεται.

415 1074 759 1144 optimusqui
819 1080 1094 1150 communi
1129 1081 1348 1135 utilitati
1414 1085 1494 1136 sui
1563 1084 1741 1151 operis
1805 1081 1942 1138 bene
1975 1083 2341 1145 consulturus,
2385 1082 2644 1150 quidquid
2697 1090 2782 1137 est
2838 1079 2955 1148 ejus
3003 1078 3146 1149 quod
3199 1086 3401 1131 temere
3445 1071 3648 1132 efﬂuat,

415 1166 592 1234 sitque
621 1167 742 1223 aliis
786 1171 996 1235 inutile,
1051 1180 1222 1226 totum
1261 1185 1544 1244 expurgat,
1587 1185 1641 1230 et
1671 1187 1728 1229 ut
1775 1176 1988 1230 cmteris
2060 1175 2132 1229 sit
2159 1174 2624 1228 accommodatum
2676 1173 2844 1243 cogit,
2898 1171 3060 1240 inque
3113 1169 3279 1222 totius
3304 1164 3486 1236 Operis
3511 1177 3663 1217 eom-

415 1258 745 1326 plementum
785 1263 1021 1318 adducit.
1059 1265 1194 1335 Ergo
1225 1267 1420 1336 injuria
1489 1268 1651 1333 facta,
1699 1269 1746 1323 ei
1802 1269 1890 1337 qui
1940 1266 2148 1329 fecerit,
2181 1281 2278 1321 ceu
2334 1274 2614 1333 peccatum
2675 1264 2996 1332 imputatur,
3057 1271 3248 1329 estque
3309 1257 3475 1312 etiam
3515 1254 3668 1306 dam-

415 1369 518 1420 no;
549 1357 744 1426 quippe
768 1357 854 1426 qui
889 1373 1008 1413 cum
1035 1358 1354 1425 fecerit,nec
1385 1362 1507 1418 facti
1541 1364 1693 1433 culpa
1723 1371 1896 1428 vacet,
1941 1379 2039 1418 nec
2063 1375 2253 1432 poenas
2284 1361 2502 1432 effugiat
2531 1379 2543 1414 :
2581 1362 2628 1415 ei
2660 1375 2789 1416 vero
2845 1360 2934 1429 qui
2968 1373 3158 1431 passus
3191 1355 3348 1427 641
3392 1351 3493 1406 fuit
3527 1349 3664 1417 inju-

415 1451 574 1511 riam,
603 1451 761 1504 saluti
797 1452 970 1520 potius
992 1463 1068 1508 est
1093 1470 1253 1526 quam
1287 1457 1516 1511 damno:
1579 1458 2012 1527 quandoquidem
2052 1457 2100 1510 ei
2170 1456 2235 1508 ad
2276 1454 2586 1509 felicitatem
2653 1451 2909 1510 momenti
2958 1451 3184 1506 multum
3229 1446 3494 1510 attulerit,
3521 1453 3576 1496 et
3610 1442 3668 1496 in

416 1541 706 1594 utilitatem
736 1543 1000 1609 publicam
1037 1560 1248 1616 quoque
1270 1551 1498 1604 cesserit
1529 1551 1642 1604 haec
1672 1550 1891 1603 afﬂictio

492 1631 810 1690 llominihus
848 1636 991 1691 enim
1035 1642 1368 1708 sapientibus
1415 1651 1576 1707 atque
1620 1645 1686 1696 ad
1728 1643 1981 1696 virtutem

2173 1639 2326 1692 Ἐπεὶ
2354 1637 2697 1709 παράκλησις
2724 1635 2881 1706 ἱκανὴ
2908 1637 3020 1698 τοῖς
3044 1633 3106 1688 εὖ
3137 1630 3390 1703 φρονοῦσι
3415 1627 3493 1697 (9)
3527 1626 3682 1695 πρὸς·

417 1726 782 1792 aspirantibus
829 1729 1102 1786 sullicicns
1135 1741 1216 1786 est
1258 1734 1533 1798 solatium,
1571 1735 1675 1788 hoc
1722 1735 1825 1788 sibi
1858 1750 1983 1804 per-

2096 1731 2288 1802 ἀρετὴν
2315 1731 2375 1784 τὺ
2429 1730 2502 1801 μὴ
2553 1729 2704 1800 φόϐῳ
2731 1727 2964 1781 θανάτου
2998 1725 3108 1795 (10)
3169 1724 3259 1776 τὸν
3290 1719 3494 1790 ἀγαθὸν
3529 1716 3660 1786 φεύ-

416 1830 631 1870 suasum
669 1816 892 1883 habere,
929 1830 1071 1875 metu
1100 1821 1287 1877 mortis
1326 1825 1374 1878 ei
1412 1824 1501 1892 qui
1544 1824 1717 1879 bonus
1748 1825 1840 1889 sit,
1881 1825 1991 1878 vir-

419 1917 583 1962 tutem
616 1909 838 1965 minime
867 1927 986 1968 esse
1019 1913 1347 1983 fugiendam.
1379 1916 1643 1970 Virtutem
1677 1917 1819 1971 enim
1847 1919 1988 1972 Deus

417 2011 700 2070 propterea
754 2003 974 2068 divitiis,
1025 2008 1298 2076 potentia,
1347 2010 1711 2079 voluptatibus
1759 2012 1986 2065 omnino

417 2107 640 2148 vacuam
675 2109 798 2150 esse
837 2097 1025 2161 voluit,
1077 2109 1134 2151 ut
1182 2101 1396 2154 athletzc
1428 2101 1574 2167 boni,
1629 2119 1735 2157 non
1770 2102 1986 2157 illarum

415 2200 552 2255 quas
592 2186 708 2240 dixi
745 2201 949 2254 rerum,
998 2189 1090 2244 sed
1143 2190 1285 2246 illius
1338 2191 1436 2260 ipsi
1491 2194 1685 2262 gratia,
1733 2195 1985 2250 virtutem

416 2278 590 2346 ipsam
629 2279 1089 2349 amplecterentur
1117 2301 1129 2336 :
1163 2299 1353 2354 nempe
1376 2296 1430 2339 ut
1457 2300 1522 2339 ne
1553 2301 1674 2340 cum
1702 2285 1987 2342 affectibus

414 2370 666 2424 virtutem
697 2370 1110 2438 confunderent,
1143 2385 1195 2428 et
1217 2377 1577 2432 concederent
1609 2379 1836 2432 adversa
1878 2380 1986 2432 bo-

416 2462 502 2516 nis
543 2465 808 2530 superari.
843 2462 1020 2518 Veluti
1052 2466 1095 2519 si
1128 2467 1248 2536 quis
1279 2477 1552 2522 certamen
1586 2485 1706 2523 cum
1745 2485 1809 2524 eo
1841 2473 1983 2539 quod

416 2553 614 2607 malum
663 2563 764 2618 est,
803 2556 1080 2624 decernat,
1133 2573 1196 2612 ac
1239 2558 1362 2614 velit
1407 2575 1620 2614 onmem
1671 2563 1864 2615 animm
1906 2562 1984 2614 fn-

377 2699 382 2708 ,
415 2644 670 2700 cultatem
701 2649 1052 2714 exsuscitari,
1083 2665 1188 2718 quo
1216 2665 1314 2718 pro
1345 2652 1572 2721 pulchro
1611 2663 1665 2705 et
1690 2653 1829 2707 bono
1867 2664 1984 2708 tan-

417 2743 526 2788 tum
563 2736 855 2806 periculum
903 2739 1088 2793 subire
1119 2749 1279 2808 queat
1313 2757 1325 2792 :
1360 2755 1489 2794 sane
1531 2748 1584 2793 et
1615 2741 1730 2810 ipsa
1767 2749 1980 2808 pertur-

414 2824 604 2890 batio,
653 2826 1020 2894 fortitudinis,
1082 2845 1184 2884 non
1248 2830 1633 2885 imbecillitatis
1708 2831 1980 2900 specimen

415 2914 540 2967 erit.
583 2915 648 2968 Et
683 2926 742 2970 ut
771 2918 876 2971 hoc
912 2919 1103 2972 addam
1134 2921 1319 2982 etiam,
1351 2919 1392 2973 si
1431 2920 1552 2988 quis
1584 2919 1779 2985 bonus,
1808 2921 1979 2976 alicu-

413 3005 502 3072 jus
546 3004 674 3059 boni
705 3007 898 3075 gratia,
935 3008 1060 3061 mali
1089 3009 1341 3076 quiddam
1376 3011 1630 3078 patiatur,
1660 3026 1723 3066 ac
1766 3013 1979 3068 tandem

2092 1839 2210 1890 γειν
2237 1821 2440 1892 ἀρετήν
2472 1821 2608 1888 (ll).
2642 1819 2740 1872 Διὰ
2788 1819 2947 1871 τοῦτο
2982 1817 3090 1886 γάρ
3149 1813 3318 1882 αὐτὴν
3358 1813 3386 1864 ὁ
3411 1809 3544 1872 Θεὸς
3568 1824 3660 1860 πε-

2093 1914 2336 1983 ριουσίας
2394 1914 2485 1965 καὶ
2518 1911 2838 1975 δυναστείας
2883 1909 2979 1963 καὶ
3023 1906 3218 1978 ἡδονῆς
3282 1902 3498 1974 γυμνὴν
3549 1898 3661 1968 (12)

2090 2006 2336 2074 ἔστησεν.
2373 2006 2536 2058 Ὥστε
2590 2006 2714 2067 τοὺς
2751 1989 2988 2070 ἀγαθοὺς
3025 1997 3331 2068 ἀγωνιστὰς
3386 1996 3461 2065 μὴ
3499 1993 3660 2077 ἕνεκα

2089 2095 2182 2148 τοῦ
2218 2097 2319 2168 τὴν
2366 2096 2570 2167 ἀρετὴν
2625 2094 2920 2164 αἱρεῖσθαι,
2958 2092 3072 2146 ἀλλ’
3113 2091 3285 2160 αὐτῆς
3330 2089 3494 2141 ἕνεκα
3524 2085 3658 2156 (l5),

2088 2184 2162 2240 ὡς
2185 2185 2252 2239 ἂν
2293 2187 2367 2257 μὴ
2412 2185 2786 2256 συνταράξωσι
2833 2173 2994 2238 ⁸πάθει
3037 2182 3134 2254 τὴν
3175 2182 3376 2253 ἀρετήν
3405 2195 3418 2208 ·
3466 2178 3560 2232 κα¹ι⁹
3591 2176 3666 2230 τὰ

2087 2275 2312 2350 ἀλγεινὰ
2347 2277 2456 2331 τῶν
2494 2277 2717 2345 ἀγαθῶν
2759 2277 2870 2348 (11)
2903 2277 3153 2346 ἡγεῖσθαι
3205 2273 3517 2342 συγχωρεῖ·
3550 2264 3673 2321 οἷον·

2087 2367 2462 2437 ἀγωνοθετῶν,
2493 2369 2587 2422 καὶ
2618 2369 2940 2440 βουλόμενος
2967 2368 3094 2437 ὃλην
3126 2367 3227 2435 τῆς
3260 2364 3438 2434 buxi}:
3468 2363 3659 2414 ἀνακι-

2093 2461 2256 2530 νῆσαι
2288 2461 2383 2532 τὴν
2425 2461 2654 2532 δύναμιν
2681 2479 2696 2492 ο
2724 2461 2798 2525 ὡς
2831 2460 2971 2529 ὑπὲρ
3014 2459 3108 2512 τοῦ
3138 2456 3303 2511 καλοῦ
3343 2453 3662 2524 τηλικοῦτον

2089 2553 2333 2606 κίνδυνον
2351 2553 2644 2622 ἀνατλῆναι
2667 2552 2946 2606 δύνασθαι.
2972 2551 3136 2603 Ὥστε
3166 2549 3266 2618 τῆς
3307 2546 3518 2616 ἰσχύος,
3552 2546 3653 2598 οὐκ

2085 2646 2390 2711 ἀσθενείας,
2432 2647 2495 2699 τὸ
2547 2647 2719 2710 πάθος
2775 2644 3036 2709 ἐπίδειξις
3068 2643 3178 2715 (15)
3242 2642 3478 2709 γίνεται.
3550 2638 3658 2692 Καὶ

2084 2735 2278 2800 ἄλλως,
2311 2738 2358 2789 εί
2401 2737 2605 2805 ἀγαθὸς
2643 2739 2672 2790 ὁ
2707 2735 2916 2800 παθὼν,
2954 2737 3034 2798 εἰς
3091 2733 3295 2803 ἀγαθὸν
3347 2735 3380 2802 ἠ
3433 2731 3661 2799 τελευτὴ

2083 2827 2255 2898 τούτῳ
2291 2827 2594 2897 συμϐαίνει.
2640 2829 2796 2882 Ἔστι
2824 2827 2953 2898 γάρ,
2993 2826 3107 2880 ἔστι
3142 2825 3236 2879 καὶ
3260 2824 3658 2892 τελευτήσαντα

2086 2916 2416 2988 ζῇν(16)ὠς
2467 2918 2703 2990 ἀληθῶς,
2758 2919 2854 2972 καὶ
2889 2917 3052 2990 μέχρι
3083 2919 3180 2988 τῆς
3229 2915 3459 2988 πρώτης
3487 2915 3661 2986 ἀρχῆς

2085 3009 2418 3075 ἀναϐαίνειν,
2472 3012 2566 3064 καὶ
2621 3010 2816 3082 μηκέτι
2865 3011 3094 3064 δεδιέναι
3145 3007 3484 3079 μεταϐολήν·
3542 3002 3656 3056 ἀλλ’

417 3097 579 3150 obeat
627 3107 890 3163 mortem;
945 3113 1068 3164 Spes
1125 3107 1206 3152 est
1258 3101 1584 3165 certissima,
1646 3116 1767 3156 eum
1819 3103 1982 3159 etiam

2096 3100 2359 3154 ἀθάνατον
2387 3101 2533 3170 ἔχειν
2571 3101 2923 3170 εὐδαιμονίαν
2959 3100 3053 3152 καὶ
3090 3099 3303 3170 τρυφὴν
3334 3094 3649 3164 ἐμπρέπουο

420 3195 688 3239 mortuum
723 3185 929 3251 vivere,
951 3195 1005 3239 et
1047 3187 1113 3240 ad
1155 3187 1386 3254 primum
1421 3189 1744 3258 principium
1792 3206 1981 3246 ascen-

419 3281 569 3347 dere,
599 3295 700 3336 nec
727 3295 849 3336 esse
877 3281 1018 3350 quod
1053 3281 1216 3332 ullam
1266 3281 1425 3334 aliam
1462 3283 1810 3336 mutationem
1843 3299 1978 3353 pcr-

423 3372 674 3427 timescat
707 3391 720 3427 :
755 3371 851 3426 sed
891 3369 1092 3425 habeat
1125 3368 1438 3425 felicitatem
1475 3371 1880 3441 sempiternam,
1929 3385 1981 3427 ct

491 3506 569 3642 (7)
599 3505 705 3559 CC.
742 3504 798 3559 P.
835 3507 934 3558 οὐκ
970 3504 1035 3558 ἂν
1063 3503 1311 3574 ἀφεθείη.

492 3576 546 3640 (8
593 3575 699 3628 CC.
729 3574 789 3628 P.
820 3574 949 3629 εἴτε.

492 3574 567 3640 (8)
593 3575 699 3628 CC.
729 3574 789 3628 P.
820 3574 949 3629 εἴτε.

493 3647 568 3711 (9)
601 3645 704 3715 CC.
739 3643 797 3696 P.
842 3661 892 3700 τ.
919 3643 1304 3715 εῠςρροφόῦσι.

493 3715 607 3788 (10)
643 3714 926 3788 summum
961 3714 1102 3788 quod
1131 3725 1353 3783 putatur
1382 3717 1645 3771 malorum
1680 3733 1778 3785 pro
1817 3718 1990 3770 omni-

419 3782 524 3857 bus
567 3782 738 3857 ponit.
791 3782 936 3857 Mors
983 3782 1138 3838 enim
1176 3799 1486 3852 supremum
1533 3803 1628 3856 pro
1668 3782 1990 3857 quocunque

424 3853 606 3927 malo,
635 3853 778 3906 intra
799 3855 951 3927 quod
972 3861 1168 3927 caetera
1200 3857 1329 3916 sint,
1362 3853 1696 3927 usurpatur;
1724 3853 1989 3927 llla_xit_nns

420 3926 621 3980 etenim
651 3927 825 3976 metas
867 3922 1042 3990 hujus.
1079 3921 1330 3976 Lucanus
1373 3925 1466 3980 lib.
1495 3921 1544 3989 ἰ,
1595 3926 1701 3982 459
1739 3945 1749 3979 :
1788 3923 1989 3978 Felices

421 4011 598 4049 errore
625 4009 720 4045 suo
742 4007 909 4064 ,θυοδ
945 3991 1034 4046 ille
1058 3994 1306 4064 timorum
1341 3993 1608 4049 Maximus
1631 4037 1647 4060 ,
1676 3997 1818 4048 haud
1846 4005 1991 4064 urget

421 4066 511 4118 {eti
543 4073 733 4118 metus.
761 4060 983 4114 Mortem
1010 4063 1099 4129 qui
1135 4072 1448 4118 contemnet
1468 4067 1646 4119 omnia
1681 4065 1834 4118 facile
1865 4060 1995 4118 con-

424 4143 626 4188 temnet
651 4133 809 4196 mala,
844 4140 894 4186 et
919 4132 1075 4185 bonis
1097 4130 1324 4186 fruetur.
1355 4132 1546 4187 Cicero
1585 4135 1677 4190 lib.
1711 4149 1747 4188 ll
1779 4133 1992 4186 Tuscul.

425 4205 648 4266 Quam,
683 4216 734 4254 c.
773 4214 789 4252 t
827 4219 840 4254 :
881 4200 986 4264 Qui
1012 4211 1224 4254 mortem
1258 4217 1359 4255 non
1394 4205 1538 4256 timet
1565 4206 1774 4258 unicum
1801 4203 1900 4255 sibi
1923 4205 1993 4256 ad

425 4276 628 4325 [vetitam
653 4269 1136 4338 uitampra'sidium
1161 4271 1500 4338 comparavit.
1529 4273 1754 4337 Seneca,
1786 4273 1879 4326 lib.
1916 4287 1989 4335 vr,

427 4341 776 4394 Naturalium
821 4337 1056 4410 [extm]:
1121 4337 1372 4394 Omnibus
1420 4343 1626 4395 omissis
1681 4343 1776 4395 hoc
1826 4356 1989 4394 unum

425 4412 714 4480 meditare,
746 4423 808 4480 ne
833 4411 1013 4480 mortis
1067 4411 1589 4480 nomenhreformides
1623 4427 1641 4464 :
1665 4413 1815 4480 efﬁce
1841 4411 1986 4464 illam

427 4482 520 4532 tibi
565 4479 862 4549 cognitione
890 4478 1055 4549 multa
1107 4478 1421 4549 familiarem
1445 4520 1458 4544 ,
1494 4490 1546 4532 ut
1585 4481 1665 4534 rel
1687 4477 1705 4544 ,’
1730 4482 1775 4532 si
1809 4483 1882 4532 ita
1913 4496 1991 4532 res
2026 4477 2068 4531 D

430 4547 641 4612 tulerit,
665 4548 834 4616 possis
860 4548 938 4600 illi
969 4549 1170 4600 obviam
1205 4547 1298 4600 ire.
1333 4547 1437 4601 Sed
1473 4561 1660 4603 contra
1699 4550 1993 4602 animatum

428 4629 512 4673 est
549 4620 758 4688 vulgus,
793 4617 974 4688 omnia
1018 4616 1232 4688 mortis,
1275 4627 1332 4688 ut
1363 4619 1590 4681 dietutn,
1640 4620 1818 4672 timori
1854 4629 2000 4685 post-

427 4683 666 4759 ponens:
688 4687 852 4759 Silius
880 4685 972 4759 lib_.
1007 4700 1145 4759 Xl_ll_:
1177 4683 1316 4738 Proh
1349 4696 1545 4759 quanto
1572 4689 1732 4742 levius
1761 4683 1999 4759 mortali-

431 4753 526 4813 lms
556 4772 697 4826 agro
724 4757 898 4810 subire
925 4753 1170 4826 Seruilia,
1197 4753 1570 4822 atque'ltiemes
1599 4768 1877 4824 (estusque,
1908 4757 1997 4825 [u-

429 4823 672 4895 gamque,
703 4826 1014 4894 fretumque,
1050 4823 1216 4893 Atque
1236 4826 1452 4893 fantem,
1481 4843 1639 4893 quam
1671 4823 1820 4893 posse
1839 4823 1994 4880 mori.

431 4900 603 4964 Quem
637 4898 728 4965 qui
759 4896 947 4965 vincit,
973 4908 1098 4965 vere
1130 4909 1222 4965 rex
1248 4905 1300 4965 et
1332 4895 1466 4949 liber
1491 4906 1596 4951 est.
1633 4896 2000 4965 SenecaAga-

430 4961 721 5020 memnone
753 4983 766 5019 :
797 4962 899 5029 Qui
955 4962 1125 5034 uultus
1165 4961 1470 5034 Acherontis
1525 4967 1650 5030 atri,
1695 4968 1796 5031 Qui
1837 4961 1999 5034 Stjga

432 5038 632 5090 tristem
662 5036 838 5088 "tristis
869 5050 970 5087 non
1003 5033 1159 5094 videt,
1183 5033 1448 5104 Audetque
1469 5037 1583 5088 vita:
1611 5051 1799 5102 ponere
1820 5033 1996 5104 ﬁnem,

432 5106 547 5162 Par
587 5104 676 5158 ille
727 5107 866 5172 regi.
930 5117 1031 5172 par
1078 5102 1278 5172 superis
1308 5105 1427 5155 erit.
1485 5105 1553 5172 Et
1587 5105 1794 5158 ratione
1822 5102 2001 5156 'utitur

432 5178 596 5230 etiam
656 5171 904 5242 respectu
951 5171 1152 5225 doloris
1205 5180 1482 5240 tantopere
1533 5171 1827 5228 formidati.
1879 5172 1999 5241 Ipse

434 5251 572 5299 enim
617 5241 781 5297 animi
813 5244 1069 5296 discessus
1105 5257 1136 5292 a
1165 5255 1379 5309 corpore
1418 5241 1478 5300 ﬁt
1511 5243 1619 5295 sine
1648 5243 1824 5296 dolore
1851 5255 1896 5296 et
1937 5243 1998 5309 ﬁt

435 5317 736 5387 plerumque
773 5314 886 5367 sine
909 5383 916 5387 _
940 5328 1091 5387 sensu
1117 5351 1132 5375 ,
1167 5326 1535 5387 nonnunquam
1576 5313 1732 5387 etiam
1765 5329 1879 5387 cum
1914 5330 2000 5387 uo-

436 5381 660 5456 luptate,‘
695 5394 860 5438 totum
899 5383 996 5434 hoc
1022 5381 1130 5456 leve
1152 5390 1247 5456 est,
1274 5381 1628 5456 qualecunque
1648 5382 1715 5433 sit
1741 5399 1764 5436 .'
1778 5385 1842 5456 [it
1863 5385 1999 5456 enim

437 5449 509 5510 uti
541 5467 791 5524 punctum
841 5451 1130 5519 temporis:
1161 5449 1350 5503 Cicero
1389 5450 1484 5516 ait,
1519 5452 1672 5524 Τάδε.
1710 5467 1745 5516 t,
1777 5452 1865 5524 54.
1900 5453 1998 5505 Sa-

439 5522 594 5594 piens
626 5539 759 5594 ergo
798 5537 904 5576 non
934 5529 1131 5594 metuet
1169 5529 1416 5582 mortem,
1455 5523 1547 5574 sed
1587 5522 1654 5574 ita
1691 5522 1871 5594 omnia
1903 5536 1995 5594 sua

442 5590 730 5662 disponet}
777 5598 837 5646 ιιι
871 5590 1107 5662 quolibet
1142 5600 1572 5662 eam_m_o_mento
1601 5592 1752 5662 sequi
1804 5593 1992 5662 possit.

450 5658 1014 5730 hlarctts‘imperatotj,
1051 5659 1141 5713 lib.
1165 5658 1296 5730 ﬁll,§
1340 5658 1399 5730 11
1445 5675 1460 5710 :
1505 5661 1592 5723 Ὠς
1633 5661 1731 5730 ἠδη
1771 5661 1996 5712 δυνατοῦ

447 5736 600 5793 ουτος
626 5727 822 5794 ἐξιέναι
847 5729 937 5780 τοῦ
967 5727 1101 5794 βίου,
1129 5727 1300 5790 οὕτως
1333 5729 1536 5783 ἕκαστα
1566 5727 1732 5782 ποιεῖν
1767 5731 1855 5781 καὶ
1885 5730 2001 5778 δια-

2091 3209 2188 3245 σαν
2244 3192 2389 3262 ψυχῇ
2450 3192 2668 3263 καθαρᾷ
2713 3192 2846 3263 (l7).
2880 3189 3068 3242 Ταῦτα
3103 3189 3213 3259 γάρ
3247 3186 3443 3257 ἀρετῆς
3509 3177 3657 3236 ἆθλα

2087 3283 2389 3353 νομίζεται,
2425 3283 2486 3336 οὗ
2517 3283 2791 3356 τυραννὶς,
2832 3283 2952 3336 οὐδὲ
2999 3281 3230 3334 πλούτου
3262 3275 3544 3347 περιουσία
3567 3290 3582 3306 ³
3620 3273 3659 3328 ἃ

2091 3376 2320 3441 πολλοὺς
2360 3376 2620 3439 πολλάκις
2654 3375 3024 3447 μεταϐέϐληκε
3073 3374 3186 3444 (18)
3223 3371 3507 3433 δεσπότας.
3546 3363 3672 3420 Καὶ

2087 3511 2340 3564 νοεῖσθαι.
2370 3513 2465 3566 ΒΑ.

2160 3580 2272 3646 (11)
2304 3581 2496 3636 Mortis
2541 3589 2683 3633 metu
2724 3579 2854 3634 nihil
2895 3575 3322 3646 delinquendum
3348 3571 3480 3646 viro_
3510 3573 3662 3625 bono

2095 3643 2290 3704 docent
2363 3665 2550 3704 omnes
2601 3651 2738 3704 bene
2790 3643 3152 3702 animatoritm
3215 3643 3664 3712 philosophorum

2089 3719 2294 3772 schola:
2357 3719 2571 3774 Infinita
2621 3720 2736 3773 loca
2775 3730 3076 3786 aggereres,
3121 3715 3164 3786 si
3197 3711 3386 3786 ageres
3423 3711 3664 3786 philoso-

2101 3789 2295 3860 phum.
2326 3787 2406 3842 Tu
2439 3791 2512 3860 de
2533 3790 2723 3843 mortis
2757 3780 3004 3860 universa
3031 3780 3246 3860 ratione
3277 3782 3394 3860 lege
3417 3780 3665 3860 Marcum

2099 3850 2430 3912 Antoninum
2463 3859 2557 3913 lib.
2607 3875 2668 3920 tt,
2713 3873 2784 3921 tv,
2813 3865 2864 3910 et
2897 3853 3003 3910 ﬁne
3031 3853 3150 3908 libri
3195 3866 3295 3906 xu.
3330 3850 3433 3905 Vii
3477 3850 3582 3904 erit
3611 3859 3670 3901 ut

2100 3927 2751 3999 ttieliora_reqttiras.BA.
2811 3995 2820 3999 _
2938 3993 2951 3999 _
3073 3993 3086 3999 _

2172 3995 2284 4066 (ιε)
2332 3986 2458 4050 "me
2487 3998 2632 4051 enim
2680 3995 2858 4066 omnia
2901 3993 3118 4047 virtutis
3159 4006 3314 4066 amor
3361 4003 3459 4057 pro
3495 3986 3666 4066 nihilo

2099 4059 2283 4128 liabet,
2309 4067 2514 4134 abjicil,
2539 4065 2853 4134 contemnit,
2879 4073 3169 4120 contentus
3184 4063 3344 4115 vitam
3372 4059 3667 4114 secundum

2097 4145 2344 4188 naturam
2377 4132 2660 4190 deducere.
2691 4132 2786 4186 Ba.

2168 4205 2284 4266 (15)
2335 4205 2450 4274 lpsa
2470 4205 2628 4274 enim
2660 4203 2874 4274 sibimet
2905 4202 3134 4274 pretium
3170 4199 3398 4274 sui_es_t_._
3433 4195 3568 4274 _Viole
3599 4196 3668 4249 ad

2098 4267 2422 4342 principium
2453 4273 2730 4328 Clandiani
2766 4273 2816 4325 irt
2851 4267 3195 4342 consulatum
3235 4267 3398 4342 Mallii
3437 4267 3490 4319 in
3520 4281 3669 4319 com-

2092 4338 2356 4398 mentario
2392 4343 2658 4399 recensito
2702 4357 2756 4396 ν.
2791 4342 2816 4395 1
2857 4339 3030 4410 :Ipsa
3072 4340 3278 4410 quidem
3326 4338 3492 4391 uirtus
3553 4351 3670 4403 pre~

2089 4411 2222 4466 tium
2243 4413 2360 4467 sibi.
2396 4414 2491 4467 ΒΑ.

2171 4481 2282 4552 (14)
2312 4483 2532 4552 [luemus
2558 4482 2669 4552 τῶν
2697 4481 2898 4535 καλῶν.

2176 4548 2284 4625 (15)
2312 4551 2388 4604 Ex
2420 4551 2615 4625 CC._P.
2651 4552 2864 4625 addit_u_r
2902 4548 3248 4625 ﬁnauttcpopfi-
3307 4624 3311 4625 ί
3520 4615 3563 4625 __

2177 4615 2287 4689 (16)
2310 4622 2758 4688 Τελευτήσαντα
2783 4619 2906 4687 ζῇν.
2924 4615 3036 4682 Qui
3049 4615 3143 4689 per
3158 4615 3398 4689 uirtutem
3417 4615 3663 4689 pet-bitat,

2104 4707 2208 4761 non
2248 4685 2422 4745 interit
2453 4685 2648 4761 [Plaut.
2681 4685 2841 4761 Capt.
2867 4689 3013 4761 αξξ,
3055 4685 3167 4761 82].
3198 4685 3521 4761 Consolatio
3551 4699 3665 4736 ma-

2103 4758 2274 4812 lorum
2306 4757 2651 4832 praesentium
2680 4775 2708 4812 a
2739 4758 2916 4832 fututa
2936 4757 3664 4832 il_lic_felicitate_regatatnpcr

2102 4821 2722 4884 omnes'Platonicorum
2772 4837 2828 4882 ct
2858 4825 3287 4881 Christianorum
3318 4824 3505 4876 libros.
3540 4821 3669 4889 Epi-

2102 4899 2248 4951 curei
2285 4908 2406 4964 post
2436 4900 2735 4952 discessum
2776 4912 2806 4951 e
2833 4897 2945 4950 vita
2977 4895 3112 4950 nihil
3142 4909 3365 4962 nsquam
3392 4893 3458 4944 ad
3492 4892 3666 4964 horni-

2103 4983 2223 5020 nem
2258 4962 2526 5035 pertinere
2553 4968 2805 5033 deinceps
2834 4980 2995 5033 posse
3036 4965 3336 5035 delirarunt
3361 4978 3376 5027 ;
3401 4975 3511 5035 quo
3550 4962 3671 5013 diro

2101 5031 2436 5091 Scito—simul
2482 5051 2667 5090 verum
2697 5031 2916 5090 virtu—tis
2963 5044 3018 5089 et
3068 5031 3368 5087 divinitatis
3427 5034 3676 5084 antorem

2103 5105 2413 5161 hominibus
2459 5112 2897 5173 expectorarunt.
2933 5105 3066 5158 Vide
3099 5101 3406 5156 Lucretium
3457 5100 3554 5173 l_ih.
3588 5114 3670 5164 Ill,

2102 5176 2191 5243 qui
2221 5190 2502 5230 caenosum
2531 5167 2701 5230 solum
2735 5175 2987 5229 eburneis
3016 5174 3206 5226 rastris
3232 5180 3431 5243 versat.
3463 5167 3566 5221 ΒΑ.

2174 5245 2288 5315 (17)
2351 5245 2540 5300 Procul
2579 5243 2808 5315 terrenis
2842 5252 2935 5296 aut
2964 5257 3250 5315 corporum
3287 5279 3302 5300 ,
3338 5239 3671 5315 voluptatem

2104 5307 2239 5387 [an]
2272 5307 2580 5387 corporibus
2606 5352 2622 5378 ,
2659 5313 2740 5368 vel
2771 5307 3077 5387 corporum'
3096 5311 3356 5387 uoluptate
3379 5347 3396 5374 ,
3417 5307 3676 5387 -ςοιιῳιτισ

2101 5377 2226 5455 Ῑεηι]
2256 5393 2310 5455 et
2337 5377 2558 5438 delicias
2580 5377 2725 5453 pura:
2753 5377 2949 5455 aninth
2978 5381 3381 5455 convenientes.
3414 5377 3677 5455 Nec_qnis

2101 5447 2236 5508 alias
2285 5447 2632 5526 imaginetttr,
2665 5461 2884 5507 secutus
2929 5450 3159 5505 futilium
3199 5449 3478 5526 hominum
3526 5447 3675 5526 furo-

2100 5537 2236 5594 rem,
2275 5523 2364 5590 qui
2397 5519 2598 5586 tamen,
2625 5538 2719 5592 spe
2753 5533 3136 5594 corporearum
3184 5527 3302 5586 post
3333 5519 3474 5570 hanc
3495 5519 3678 5594 vitam

2100 5584 2435 5660 voluptatum
2466 5631 2482 5656 ,
2519 5584 2863 5657 maximam,-
2893 5593 3086 5646 bonam
3105 5584 3288 5660 certe,
3322 5600 3463 5641 nunc
3494 5584 3679 5638 homi-

2101 5657 2474 5732 num'partent
2498 5677 2626 5716 vero
2657 5676 2821 5732 sensu
2855 5661 3069 5717 avertit.
3104 5657 3197 5711 ΒΑ.

2171 5734 2280 5803 (18)
2309 5731 2412 5787 CC.
2448 5731 2506 5786 P.
2543 5731 2901 5801 μεταϐέϐηκε.
