4014 6140
312 328 412 394 921

1607 340 2213 403 THEOPHRASTUS
2221 388 2234 401 .

3452 349 3555 411 922

310 439 432 493 οὒτε
462 436 647 507 άγαθὰ
671 435 784 508 (l9)
810 435 983 492 ταῦτα
1011 438 1171 511 εἴπερ
1202 441 1297 495 καὶ
1335 442 1522 497 κακῶν
1549 445 1732 499 αἴτια⁸
1756 446 1880 500 οὔτε

1988 447 2315 518 voluptatem
2343 447 2521 504 anima
2547 462 2682 520 per:
2715 449 2953 522 dignam.
2986 449 3116 520 Quae
3151 463 3301 508 certe
3337 470 3462 509 sunt
3499 471 3552 516 et

311 527 587 590 ἀθάνατα,
616 525 750 580 ἀλλᾶ
789 527 1031 599 σκιοειδῆ
1081 530 1443 602 φαντάσματα
1470 532 1581 606 (20)
1615 534 1711 587 καὶ
1772 536 1873 605 ιφ-

315 620 498 688 ήμερα
515 616 647 687 (21)·

1982 538 2240 593 videntur
2280 553 2403 595 esse
2438 538 2585 609 iusta
2631 541 2847 595 virtutis
2903 545 3123 611 praemia
3168 559 3317 599 :non
3370 559 3552 601 autem

1982 629 2301 696 dominatio,
2334 645 2439 686 non
2478 647 2640 702 opum
2658 630 2970 696 allluentia;
3011 649 3132 704 qua:
3170 636 3354 691 multis
3389 638 3552 693 etiam

313 729 548 781 ipsorum
605 713 843 771 dominis
888 715 1142 770 damnum
1197 732 1569 789 smpennmero
1618 721 1817 778 dedere
1859 740 1873 777 :
1917 726 2192 797 multoque
2259 728 2438 782 minus
2495 741 2559 783 ea
2593 727 2733 782 bona
2770 743 2835 784 ex
2871 730 3067 798 quibus
3098 729 3240 785 mala
3268 733 3558 801 provenire

312 819 663 869 consuevere,
690 821 924 875 quaque
959 822 1068 861 non
1101 817 1302 865 aeterna
1349 820 1499 880 sunt,
1526 813 1625 869 sed
1664 824 1877 883 spectra
1919 820 2239 875 umbrarum
2267 819 2492 884 similia,
2525 828 2582 875 et
2612 829 2982 901 monumenta.

394 894 594 947 Ἐνίοτε
624 895 682 948 δὲ
721 897 941 950 σπεύδει
971 899 1070 967 μὲν
1099 899 1238 970 πρὸς
1267 901 1469 973 ἀρετὴν
1498 903 1531 955 ὁ
1571 902 1881 977 ἄνθρωπος,

311 984 506 1041 ὤλισθε
548 986 630 1048 δὲ,
674 987 772 1040 καί
820 1005 874 1040 τι
923 989 1243 1059 παράνομον
1281 991 1693 1063 ἢδιεπράξατο,
1736 995 1880 1064 ῆδιο

312 1076 531 1147 ενοήθη.
562 1079 667 1131 Καὶ
700 1079 834 1149 ἡμῖν
877 1080 975 1149 μὲν
1003 1079 1062 1135 εὖ
1097 1081 1244 1151 ἔχειν
1296 1082 1479 1136 δοκεῖ’
1511 1084 1581 1137 τὰ
1613 1085 1724 1155 γάρ
1746 1088 1878 1155 ἠμέ-

311 1186 447 1239 τερα
479 1170 947 1248 προκαλύμματα,
990 1175 1084 1226 καὶ
1113 1173 1389 1238 τάκείνου,
1420 1174 1671 1244 ἐμποδὼν
1698 1176 1883 1244 γίγνε-

311 1277 402 1313 ται
433 1260 547 1331 (22)
582 1260 766 1329 σαφῶς
802 1260 872 1314 τά
922 1261 1070 1316 ἔνδον
1104 1262 1329 1333 θεωρεῖν
1349 1278 1365 1294 ⁸
1399 1264 1495 1317 καὶ
1524 1264 1882 1336 θαυμάζομεν

314 1352 378 1405 ἄν
402 1369 456 1404 τι
482 1351 633 1423 πάθῃ
660 1352 771 1424 (23)
792 1356 857 1424 τῇ
879 1354 979 1425 τῆς
1008 1354 1190 1418 αἰτίας
1218 1355 1430 1426 ἀγνοίᾳ,
1460 1357 1550 1428 Τῷ
1575 1359 1634 1411 δὲ
1653 1358 1882 1429 δικαστῇ

314 1443 496 1514 γυμνά
541 1446 744 1498 πάντα.
795 1446 914 1513 Καὶ,
948 1446 1179 1500 κατιδὼν
1204 1448 1294 1500 τὸν
1327 1448 1644 1520 ἄνθρωπον,
1679 1451 1749 1504 τά
1783 1450 1887 1520 μὲν

316 1535 452 1590 ἄλλα
490 1536 800 1607 πράττοντα
846 1536 1045 1602 καλῶς,
1100 1539 1294 1609 μικρὸν
1321 1540 1379 1593 δέ
1421 1556 1474 1593 τι
1512 1541 1679 1595 αὐτοῦ
1715 1540 1883 1595 λελω-

314 1625 573 1698 ϐημένον,
622 1628 834 1698 ἰάσιμον
866 1627 924 1680 δὲ
957 1630 1235 1700 φαρμάκῳ
1258 1644 1272 1659 ⁶
1319 1631 1556 1685 ἐνταῦθα
1609 1634 1887 1702 συγχωρεῖ

2057 909 2330 964 Interdum
2376 918 2558 964 autem
2601 908 2669 963 ad
2721 909 2974 965 virtutem
3020 911 3301 966 contendit
3356 913 3550 979 homo,

1983 998 2039 1053 in
2078 1014 2251 1070 eoque
2275 1002 2552 1069 proposito
2580 1010 2940 1070 susceptoque
2970 1003 3199 1057 consilio
3232 1005 3396 1071 perit.
3433 1005 3554 1073 llic,

1984 1091 2029 1146 si
2060 1089 2189 1160 quid
2224 1090 2511 1145 adversum
2543 1089 2751 1159 legibus
2787 1092 3037 1158 patrarit,
3067 1100 3161 1146 aut
3190 1093 3381 1148 saltem
3408 1096 3557 1165 cogi-

1988 1182 2152 1246 tarit;
2184 1179 2344 1235 nobis
2368 1180 2586 1248 quidem
2614 1179 2827 1235 videtur
2851 1181 3056 1249 optime
3075 1183 3192 1251 ejus
3220 1198 3308 1237 res
3335 1186 3557 1255 habere,

1986 1272 2186 1343 quippe
2223 1272 2419 1341 quibus
2465 1271 2659 1337 nostri,
2708 1287 2802 1328 seu
2847 1272 3027 1343 potius
3080 1273 3227 1330 illius
3266 1284 3561 1344 pratextus

1987 1363 2229 1428 obstant,
2284 1362 2572 1431 quominus
2593 1363 2722 1431 quid
2766 1364 2908 1418 intus
2943 1363 3110 1419 lateat
3146 1365 3447 1421 videamus.
3481 1367 3560 1421 Ex

1989 1467 2096 1521 quo
2123 1451 2261 1507 solet
2298 1450 2612 1519 usuvenire,
2641 1459 2701 1506 ut
2742 1452 3087 1522 ignoratione
3118 1468 3298 1509 causae
3324 1456 3557 1526 decepti,

1991 1543 2339 1613 quamobrem
2375 1544 2588 1599 adversi
2622 1545 2751 1615 quid
2780 1545 3084 1615 pertulerit,
3105 1547 3465 1601 admiremur.
3488 1550 3560 1601 At

1990 1636 2041 1689 in
2068 1644 2361 1704 conspectu
2391 1637 2625 1705 supremi
2657 1634 2868 1691 Judicis
2903 1638 3041 1691 nuda
3074 1636 3394 1705 delectaque
3434 1648 3561 1692 sunt

316 1717 505 1771 παθῶν
530 1717 644 1789 (24)
666 1734 719 1771 τι
751 1719 914 1771 αὐτὸν
945 1721 1040 1773 καὶ
1068 1720 1333 1785 ἀποτίσας
1364 1722 1500 1793 (25),
1543 1722 1686 1775 ὥστε
1714 1724 1883 1777 καθα-

1988 1729 2193 1782 omnia.
2223 1726 2326 1794 Qui
2370 1726 2416 1782 si
2444 1727 2623 1781 videat
2663 1728 2936 1781 hominem
2983 1730 3255 1797 aliquibus
3295 1731 3349 1783 in
3399 1733 3561 1783 rebus

318 1809 409 1879 ρδν
436 1809 730 1879 γενόμενον
757 1809 866 1863 τῶν
891 1810 1011 1863 ἐκεῖ
1058 1810 1240 1864 καλῶν
1277 1812 1532 1883 καθαρῶς
1564 1814 1879 1869 ἀπολαύειν.

317 1899 377 1952 Ei
390 1899 448 1952 δέ
461 1916 543 1961 τις
555 1898 754 1953 ἀδικῶν
769 1900 1054 1971 ἄνθρωπον
1073 1901 1182 1972 (26)
1194 1902 1375 1968 ἄλλον,
1397 1904 1526 1973 παρ’
1544 1904 1707 1957 ἄλλου
1723 1904 1886 1959 πάθοι

316 1991 516 2055 κακῶς,
540 1992 704 2055 αὐτὸς
726 1993 824 2062 μὲν
844 1993 1079 2047 πέπονθε
1103 1994 1329 2057 δικαίως
1346 2011 1358 2023 ·
1386 1998 1414 2049 ὀ
1433 1995 1490 2048 δὲ
1517 1995 1741 2067 δράσας,
1766 1997 1883 2051 άὸί-

316 2096 423 2143 κως
451 2078 696 2143 ἐπέθετο,
718 2080 814 2132 καὶ
832 2081 895 2133 οὐ
925 2082 1132 2151 μήποτε
1163 2082 1394 2151 ἐκφύγοι
1417 2100 1430 2114 ·
1461 2086 1592 2149 Θεὸς
1618 2085 1675 2138 δὲ
1699 2087 1884 2155 ἀμφό-

313 2187 444 2242 τερα
472 2171 585 2243 (27)
616 2171 901 2238 συνέταξε·
949 2175 1045 2226 καὶ
1088 2175 1179 2228 τὶν
1214 2176 1537 2245 πεισόμενον
1566 2176 1644 2247 τῷ
1695 2178 1895 2247 ἐπιτης

313 2263 440 2335 ὁσίῳ
459 2264 684 2335 ποιῆσαι
707 2262 886 2330 τοῦτο,
899 2264 927 2318 δ
944 2265 1134 2320 παθεῖν
1154 2268 1321 2336 ἐχρῆν
1337 2252 1566 2328 ἐκεῖνον,
1590 2271 1669 2333 είς
1690 2271 1887 2323 ταυτὸν

315 2353 588 2424 συνήγαγε
611 2370 626 2385 °
655 2355 749 2407 καὶ
778 2354 1008 2408 ἑκάστου
1035 2350 1146 2409 οἷον
1174 2356 1414 2425 φθόγγου
1443 2359 1537 2427 ἀφ’
1563 2360 1757 2413 ἑαυτοῦ
1789 2362 1886 2432 τὴν

316 2444 499 2516 φωνὴν
529 2445 806 2515 ἀφιέντος,
835 2446 935 2513 τὴν
968 2442 1065 2517 μὲν
1107 2446 1326 2518 βελτίω,
1352 2450 1450 2519 τὴν
1467 2450 1522 2503 δὲ
1558 2451 1754 2522 χείρω·
1793 2453 1888 2506 καὶ

314 2535 408 2589 τοῦ
452 2535 556 2605 μὶν
615 2535 918 2600 ποιοῦντος,
983 2536 1076 2589 τοῦ
1132 2538 1190 2590 δὲ
1221 2538 1556 2608 πάσχοντος,
1611 2541 1740 2606 μίαν
1799 2541 1887 2594 ἐπ’

316 2630 500 2692 αὐτοῖς
538 2630 690 2701 ὅμως
715 2632 815 2700 τὴν
845 2630 1111 2701 ἁρμονίαν
1147 2633 1535 2702 συνεστήσατο.
1565 2633 1673 2686 Καὶ
1707 2633 1767 2686 οὒ
1800 2633 1887 2687 διὰ

313 2718 666 2774 τοῦτο’κακὸν
687 2720 901 2787 ἐγένετο
934 2719 1010 2783 ὡς
1039 2720 1108 2773 ἂν
1150 2722 1501 2793 συνταχθείη,
1535 2722 1649 2776 ἀλλ’
1693 2724 1886 2796 ἐπειδὴ

314 2810 537 2877 ἐγένετο
566 2811 693 2882 παρ’
720 2811 896 2881 ἡμῶν,
935 2812 1045 2865 άπὸ
1087 2814 1185 2880 τῆς
1215 2814 1475 2883 προνοίας
1507 2815 1883 2870 συνετάττετο.

314 2897 559 2967 Δύναμις
582 2897 638 2951 δὲ
668 2900 759 2952 καὶ
782 2899 935 2953 τοῦτο
962 2900 1194 2970 μεγάλη,
1218 2901 1399 2965 καλῶς
1426 2902 1520 2955 καὶ
1548 2905 1664 2965 τοῖς
1692 2907 1886 2969 κακοῖς

1984 1817 2215 1873 ollicium
2247 1832 2403 1873 suum
2446 1817 2705 1887 praeclare
2732 1817 2935 1883 facere,
2984 1819 3035 1872 in
3069 1819 3343 1889 aliquibus
3370 1836 3561 1876 rursus

1988 1920 2263 1978 utcunque
2303 1911 2551 1965 vitiatum
2588 1910 2804 1977 quidem
2854 1924 2994 1974 esse,
3029 1922 3400 1966 verumtamen
3446 1912 3556 1965 ali-

1985 2011 2093 2067 quo
2126 1997 2304 2051 adhuc
2340 1998 2584 2055 remedio
2631 1999 2812 2053 curari
2851 2014 3052 2068 posse:
3084 2010 3211 2055 tunc
3259 2017 3396 2057 sane
3438 2016 3565 2070 per-

1989 2087 2155 2142 mittit
2188 2097 2246 2144 ut
2287 2089 2493 2144 leniore
2543 2090 2726 2158 aliquo
2780 2090 2922 2145 malo
2956 2089 3238 2157 adiciatur,
3280 2106 3469 2160 nempe
3505 2102 3564 2145 ut.

1987 2179 2163 2248 pomis
2207 2194 2343 2250 quas
2376 2180 2606 2244 dederit,
2661 2180 2834 2235 factus
2880 2182 3085 2251 purior,
3136 2183 3204 2237 iis
3244 2198 3362 2251 qua:
3403 2184 3565 2237 isthic

1987 2272 2185 2326 adsunt
2228 2271 2385 2326 bonis
2428 2281 2580 2327 caste
2627 2270 2962 2341 perfruatur.
2988 2273 3281 2337 Cmterum,
3328 2273 3373 2327 si
3417 2274 3563 2340 quis,

1987 2362 2079 2417 ubi
2110 2362 2162 2415 in
2196 2362 2357 2415 alium
2392 2360 2558 2416 fuerit
2592 2362 2843 2430 injurius,
2894 2365 2960 2418 ab
2994 2363 3103 2418 alio
3134 2380 3322 2419 rursus
3361 2366 3562 2419 malum

1989 2451 2220 2520 accipiat
2248 2464 2263 2505 :
2289 2450 2411 2519 iure
2452 2452 2669 2520 quidem
2716 2453 2833 2520 ipse
2873 2453 3075 2508 malum
3128 2454 3331 2508 illatum
3379 2454 3508 2510 feret
3543 2471 3560 2509 :

1988 2544 2083 2597 sed
2120 2543 2210 2612 qui
2247 2544 2502 2597 damnum
2538 2529 2788 2610 eidedit,
2815 2544 3015 2613 injuste
3037 2546 3205 2612 dedit,
3236 2546 3565 2616 minimeque

1988 2647 2179 2704 ptenas
2208 2634 2453 2711 ell‘ugiet:
2489 2634 2630 2689 Deus
2660 2643 2839 2690 autem
2872 2646 3183 2706 utrumque,
3212 2638 3566 2705 quemadmo-

1989 2725 2116 2778 dum
2150 2723 2350 2779 l'nctum
2396 2733 2502 2789 est,
2552 2726 2837 2780 constituit
2867 2740 2882 2780 :
2910 2728 3111 2797 quippe
3149 2730 3237 2797 qui
3290 2728 3565 2782 hominem

1988 2816 2139 2869 illum
2185 2816 2383 2884 injuria
2414 2815 2500 2869 vel
2549 2817 2691 2871 malo
2747 2817 3114 2883 adiciendum,
3163 2820 3365 2873 homini
3409 2819 3475 2872 ad
3514 2819 3566 2872 id

1988 2906 2130 2973 quod
2157 2904 2389 2959 debebat
2428 2906 2562 2974 pati,
2595 2906 2795 2961 malum
2833 2907 3197 2973 inferendum,
3245 2916 3370 2978 apto
3403 2917 3566 2976 atque

313 2990 550 3061 χρῆσθαι
569 2990 700 3060 (28)·
722 2993 948 3057 καὶτοῖς
983 2993 1041 3061 ἐξ
1067 2996 1098 3063 ή
1109 2994 1225 3064 μῶν
1257 2995 1528 3067 ἀμόρφοις
1546 2996 1882 3066 γενομένοις,

1991 2995 2185 3049 idoneo
2235 2996 2458 3050 adduxit
2501 3012 2516 3051 :
2563 2997 2828 3066 quasique
2882 2999 3162 3069 utriusque
3206 3014 3273 3052 ex
3340 3008 3569 3068 utroque

313 3083 391 3145 είς
411 3082 524 3151 (29)
561 3084 774 3154 μορφὰς
792 3085 986 3156 ἐτέρας
1015 3086 1286 3140 συντελεῖν
1312 3087 1594 3141 δύνασθαι.

1988 3101 2169 3141 vocem
2195 3087 2451 3141 emittens
2478 3086 2612 3156 ipse,
2646 3089 2787 3143 hanc
2816 3089 3034 3158 quidem
3075 3089 3377 3155 meliorem,
3418 3090 3567 3149 illam

313 3188 442 3229 vero
493 3177 814 3230 deteriorem
865 3178 1084 3233 :altero
1130 3180 1349 3247 quidem
1393 3191 1607 3251 agente,
1653 3181 1749 3235 sed
1792 3180 2039 3250 patiente
2107 3177 2282 3234 altero
2316 3197 2330 3235 :
2362 3194 2527 3233 unum
2591 3181 2882 3250 quemdam
2959 3180 3014 3235 in
3054 3182 3118 3236 iis
3146 3182 3410 3236 ambobus
3434 3195 3566 3236 con.

314 3276 529 3323 centum
574 3270 748 3326 dedit.
783 3269 969 3339 Neque
1012 3286 1141 3327 vero
1180 3272 1283 3328 hoc
1308 3274 1482 3343 ipsum
1522 3273 1902 3328 constituendo
1940 3281 2219 3343 peccatum
2245 3272 2594 3327 commissum
2619 3281 2744 3327 est:
2804 3273 3022 3342 quando
3063 3272 3263 3327 factum
3297 3273 3469 3341 ipsum
3499 3272 3568 3326 ab

320 3358 636 3417 hominibus
693 3370 966 3429 patratum
1016 3374 1121 3431 est,
1172 3378 1201 3417 a
1286 3363 1638 3421 Providentia
1685 3362 2039 3418 constitutum
2101 3373 2159 3418 et
2239 3362 2637 3418 coordinatum.
2689 3359 2892 3431 Magna:
2976 3376 3104 3416 vero
3168 3363 3443 3416 facultatis
3484 3369 3569 3414 est

317 3451 475 3505 etiam
498 3464 562 3505 ea
587 3464 707 3521 quae
734 3451 873 3506 male
896 3450 1036 3506 facta
1073 3464 1220 3521 sunt,
1254 3453 1305 3507 in
1333 3469 1489 3510 usum
1559 3453 1796 3522 aliquem
1862 3453 2059 3508 bonum
2108 3460 2452 3513 convertere.
2489 3462 2544 3506 et
2605 3466 2723 3521 quae
2760 3466 2859 3505 nos
2924 3451 3175 3505 informia
3218 3451 3468 3522 fecimus,
3502 3467 3564 3507 ea

317 3543 369 3598 iu
417 3544 646 3600 formam
697 3543 981 3613 pulchram
1034 3559 1191 3614 posse
1245 3548 1488 3617 redigere
1550 3558 1605 3602 ct
1658 3544 1897 3616 perfecta
1932 3546 2210 3601 exhibere.

383 3636 540 3692 οὕτω
570 3636 636 3708 δὴ
678 3639 799 3700 ταῖς
834 3636 1033 3708 ψυχαῖς
1073 3638 1136 3691 τὸ
1185 3640 1304 3691 κατ’
1333 3640 1493 3705 ἀξίαν
1538 3640 1885 3710 συλλέγεται,

318 3728 409 3783 καὶ
433 3730 495 3782 τὸ
528 3729 834 3799 πεπονηκὸς
881 3728 1266 3799 θεραπεύεται,
1315 3732 1409 3784 καὶ
1456 3732 1519 3784 τὸ
1562 3733 1741 3786 κοινὸν
1766 3733 1883 3786 δια-

319 3820 571 3887 σώζεται.
604 3820 911 3874 Πλουτείτω
928 3820 985 3874 δὲ
1015 3821 1112 3875 καὶ
1161 3823 1455 3890 ὑγιαινέτω
1489 3823 1628 3885 τέως
1658 3826 1687 3877 ό
1714 3841 1882 3896 πονη-

2060 3638 2237 3706 Atque
2279 3636 2358 3691 sic
2390 3636 2607 3707 quidem
2646 3636 2931 3691 animabus
2958 3651 3056 3690 sua
3097 3636 3339 3705 dignitas
3376 3637 3563 3705 acqui-

1992 3728 2167 3794 ritur;
2216 3737 2273 3781 et
2313 3728 2458 3796 quod
2502 3728 2707 3796 aliquid
2740 3735 2823 3781 est
2869 3727 2994 3781 mali
3035 3742 3278 3796 passum,
3324 3737 3567 3790 curatur,

1986 3832 2041 3876 et
2086 3818 2357 3889 publicum
2408 3818 2607 3871 bonum
2654 3828 3030 3873 conservatur.
3074 3818 3180 3874 Sed
3222 3820 3267 3874 si
3308 3819 3568 3874 scelestus

320 3910 429 3979 ρος,
458 3910 623 3981 φησιν
655 3913 691 3982 ἡ
726 3911 827 3982 τῆς
875 3913 1129 3983 προνοίας
1157 3911 1554 3981 φιλανθρωπία.
1588 3916 1658 3968 Ἢ
1685 3915 1793 3985 γὰρ
1817 3918 1883 3985 τῇ

1988 3914 2186 3983 aliquis
2222 3914 2450 3968 ditescat
2474 3928 2538 3967 ac
2563 3912 2758 3977 valeat,
2794 3910 2847 3965 id
2877 3908 3092 3980 quidem
3112 3920 3466 3966 conslalesse
3498 3925 3567 3965 ex

318 4001 583 4073 θεραπείᾳ
620 4003 818 4070 γένοιτ’
853 4002 919 4057 ἂν
982 4002 1229 4073 βελτίων,
1288 4003 1541 4075 καθάπερ
1590 4006 1639 4057 oi
1696 4006 1883 4069 παῖδες

1988 4004 2341 4074 providenti-e
2377 4004 2575 4057 divinae
2606 4017 2733 4070 erga
2764 4016 2864 4056 nos
2908 4014 3174 4069 propensa
3205 4001 3486 4055 voluntate
3511 4010 3566 4055 et

317 4093 478 4165 ἡδονῇ
517 4111 622 4148 τινι
680 4094 815 4165 πρὸς
858 4095 1054 4165 τέχνην
1139 4093 1652 4165 παρακαλούμενοιο
1711 4096 1745 4167 ἢ
1794 4096 1883 4160 ἐξ·

1991 4093 2184 4164 gratia.
2209 4091 2334 4147 Sive
2362 4092 2506 4148 enim
2530 4092 2632 4145 hoc
2658 4092 2895 4145 remedio
2917 4090 3011 4144 ﬂat
3051 4090 3262 4155 melior,
3290 4094 3557 4159 quemad-

318 4183 592 4256 ελεγχθεὶς
610 4226 627 4251 ,
657 4186 751 4239 κα)⁸
781 4186 889 4240 πᾶν
920 4186 949 4239 ὃ
976 4203 1029 4239 τι
1067 4185 1166 4254 τῆς
1194 4186 1373 4256 ψυχῆς
1402 4184 1634 4239 ὕπουλον
1664 4185 1883 4256 γυμνώ-

1996 4187 2209 4240 modum
2230 4183 2395 4255 642
2423 4183 2575 4254 pueri
2595 4182 2912 4251 quibusdam
2933 4182 3200 4238 illecebris
3222 4183 3287 4235 ad
3308 4184 3567 4237 bonarum

319 4291 451 4338 σας,
502 4278 597 4330 καὶ
645 4277 764 4332 ὅλον
807 4279 999 4331 ἑαυτὸν
1035 4278 1465 4346 ἐπιδειξάμενος,
1515 4278 1677 4340 αὐτὸς
1707 4278 1883 4347 ἐαυτῷ

1997 4278 2193 4331 artium
2216 4276 2393 4331 studia
2423 4274 2640 4328 invitari
2674 4272 2891 4327 solent:
2920 4274 3035 4328 sive
3065 4274 3347 4328 convictus
3381 4273 3567 4340 despe-

317 4368 736 4439 προευτρεπίζει
765 4369 862 4442 τὴν
887 4368 1060 4439 φλόγα
1083 4370 1217 4442 (50),
1240 4367 1444 4440 πολλὴν
1478 4367 1611 4439 ὓλην
1637 4370 1887 4442 ἐπηρμέ-

1999 4378 2129 4424 rata:
2156 4366 2394 4436 malitiae,
2423 4376 2590 4435 atque
2620 4366 2821 4420 nudato
2848 4380 2914 4421 eo
2939 4366 3081 4437 quod
3115 4365 3338 4432 latebat,
3379 4364 3570 4418 animae

388 4519 499 4590 (l9)
544 4520 694 4594 ρῦτε
742 4521 953 4590 ἀγαθά.
988 4522 1163 4578 Cebes
1214 4524 1320 4579 line
1367 4522 1583 4577 Tabula:
1632 4522 1706 4594 lc.
1748 4522 1877 4594 39];

2054 4521 2168 4594 (22)
2197 4518 2503 4594 Ἑμποδῲν
2524 4518 2810 4594 γίγνεται.
2836 4517 2994 4573 Solus
3020 4518 3163 4573 enim
3194 4516 3336 4572 Deus
3355 4517 3565 4571 intcrna

316 4587 509 4645 Boeth.
546 4590 622 4644 De
652 4587 847 4646 consul.
883 4608 947 4657 ll,
996 4611 1048 4663 p.
1084 4594 1184 4660 57;
1231 4602 1287 4649 et
1336 4594 1511 4648 omnis
1554 4587 1751 4647 chorus
1793 4587 1879 4647 εἷλὲ-

319 4663 577 4713 bieutum.
614 4659 710 4713 ΒΑ.

357 4663 577 4714 ieutum.
614 4663 710 4716 ΒΑ.

318 4675 577 4728 ριειιιυιιι.
617 4675 710 4716 ua.

387 4729 500 4799 (20)
540 4727 815 4797 Σκιοειδῆ
842 4731 1255 4801 φαντάσματα.
1296 4733 1520 4802 Spertra
1544 4732 1873 4794 umbratilis,

318 4813 548 4872 quorum
585 4803 856 4865 possessio
890 4802 1000 4855 sola
1029 4814 1241 4856 constet
1274 4805 1524 4872 opinione
1551 4820 1567 4868 ;
1608 4817 1710 4853 non
1736 4804 1881 4872 enim

317 4868 530 4923 stabilis
562 4885 750 4923 eorum
784 4887 912 4923 usus
947 4882 1049 4925 est.
1082 4868 1318 4927 Pulchre
1343 4872 1614 4926 Hierocles
1662 4872 1712 4922 in
1749 4869 1884 4924 Car-

324 4952 442 5011 men
479 4940 714 5011 Aureum
753 4938 830 5011 [p.
854 4939 945 5011 90]
977 4956 990 4993 :
1034 4941 1266 5010 ὐμοίως
1296 4943 1351 4995 δὲ
1381 4942 1474 4996 καὶ
1504 4941 1601 5011 τὴν
1624 4939 1884 5011 τῶνᾼχρῃέ

324 4958 442 4989 men
479 4958 714 4992 aureum
753 4958 830 5011 [ρ.
854 4958 945 5011 νυ]
977 4958 990 4993 :
1038 4958 1266 5010 υμοιως
1296 4958 1351 4995 οε
1381 4960 1474 4996 και
1504 4958 1601 5008 την
1624 4958 1731 4992 των
1750 4958 1819 5009 χρ
1862 4968 1884 4981 -

216 5029 227 5041 ο
319 5005 507 5082 μάτων
534 5007 704 5082 φύσιν.
735 5012 835 5062 οὐκ
864 5012 1048 5077 ἀγνοεῖ
1074 5012 1199 5082 ,γὸτι
1242 5012 1334 5064 νῦν
1362 5013 1459 5082 μὲν
1494 5005 1633 5082 ᾖλθε
1662 5049 1675 5071 ,
1707 5009 1802 5082 νυν
1823 4958 1884 5061 ἓξ

316 5076 549 5198 (infame,
572 5079 715 5132 κατά
730 5096 881 5142 τινας
905 5075 1213 5151 ὡρισμένας
1230 5075 1430 5145 αἰτίας,
1460 5075 1545 5141 αἶς
1568 5080 1883 5131 ἀντιτείνειν

317 5143 417 5197 άδέ
451 5163 608 5198 τερον
626 5162 639 5176 ·
671 5149 781 5198 τῶν
809 5150 917 5198 γὰο
947 5150 1046 5198 οὐκ
1071 5150 1156 5198 ἐφ’
1176 5153 1307 5198 ἡμῖν
1330 5151 1427 5198 τῆς
1450 5150 1691 5198 κτήσεως
1722 5151 1880 5198 ἡμεῖς

317 5143 608 5221 ἀβέλτερον
626 5162 639 5176 ·
671 5149 789 5221 τῶν
809 5150 917 5221 γάρ
947 5143 1307 5221 οὐχ’ὲφῖἡμῖν
1330 5143 1427 5219 τῆς
1450 5150 1700 5221 κτήσεως
1722 5151 1880 5216 ἡμεῖς

317 5213 623 5290 maniplo?
653 5218 755 5272 οὐκ
777 5213 863 5290 ἐφ’
889 5213 1023 5290 ἡμῖν
1046 5221 1098 5272 δὲ
1115 5213 1180 5272 τὸ
1194 5213 1483 5289 σῶμα,καὶ
1510 5213 1576 5270 τά
1607 5213 1881 5290 χρήματα,

321 5285 415 5337 καὶ
458 5285 645 5352 ἁπλῶς
679 5291 781 5343 ὅσα
814 5285 1165 5359 τῆς”’λογικῆς
1193 5285 1348 5357 ἡμῶν
1388 5290 1575 5349 οὐσίας
1625 5285 1728 5350 ἔξω
1767 5289 1882 5337 κεῖ-

1983 4600 2039 4648 et
2064 4588 2220 4646 'videt
2246 4588 2299 4644 et
2339 4590 2568 4644 'udicat.
2606 4588 2699 4641 Bc.

2055 4661 2168 4713 (25)
2204 4660 2310 4713 CC.
2434 4660 2498 4713 ἄν
2519 4676 2571 4711 τι
2604 4658 2699 4710 πά(

2077 4661 2168 4729 25)
2204 4660 2310 4715 CC.
2434 4660 2498 4714 ἄν
2519 4676 2589 4729 τι*
2604 4658 2787 4729 πάθοι.

2078 4725 2169 4796 24)
2198 4730 2303 4783 CC.
2336 4727 2397 4782 P.
2430 4727 2665 4782 ἐνταῦθα
2691 4727 2886 4798 μικρὸν
2936 4725 3196 4795 ἀναμένει
3226 4725 3356 4781 παθ.

2082 4801 2173 4869 25)
2208 4798 2379 4869 Eone
2420 4798 2692 4869 ἀποτίσοι.

2121 4865 2173 4935 6)
2209 4865 2314 4920 CC.
2348 4865 2408 4918 Ρ.
2436 4866 2554 4936 sine
2581 4865 2896 4936 ἄνθρωπον.

2063 4935 2175 5006 (27)
2216 4937 2319 5006 Alii
2349 4935 2681 5006 djtcpérspov.

2062 5003 2175 5077 (28)
2438 5003 2769 5077 χρήσασθαι.

2429 5072 2780 5160 καὶᾉμρρφάς.

2063 5142 2176 5270 (1.133))
2208 5142 2648 5211 Προευτρεπίζει
2684 5143 2800 5211 τὴν
2828 5144 3043 5213 φλόγα.
3096 5145 3473 5229 lpse_adauget
3502 5156 3559 5202 et

1993 5220 2075 5272 sul
2120 5215 2258 5268 ἰιιΙο
2301 5214 2447 5266 velut
2476 5228 2572 5267 sua
2607 5228 2702 5281 per
2741 5224 3008 5267 tormenta
3039 5218 3397 5271 valentiorem
3434 5217 3566 5271 facit

1994 5287 2171 5354 ignem
2209 5281 2494 5356 ptenalem.
2548 5281 2829 5356 Felicitate
2863 5284 3121 5356 malorum
3148 5301 3335 5356 eorum
3374 5302 3564 5356 poenas

320 5367 435 5419 ται,
470 5371 576 5412 etc.
603 5359 729 5413 llam
755 5352 883 5412 vero
908 5352 1083 5413 omnia
1118 5352 1312 5426 possis,
1338 5373 1588 5411 verorum
1621 5359 1883 5426 bonorum
1987 5352 2449 5426 cresceremultis
2486 5363 2739 5426 notamus
2764 5353 2840 5426 ad
2858 5352 3138 5408 Claudiani
3186 5352 3464 5420 Ruﬁnum,
3497 5371 3561 5422 tt,

321 5430 748 5493 comparatione,
782 5429 905 5482 talia
946 5425 1256 5493 nuncupare
1289 5425 1809 5496 pllalllttSIllulilaBA.

392 5496 504 5565 (2i)
529 5497 827 5566 Hesychius
854 5515 867 5552 :
898 5498 1171 5566 ἐφήμεραῄ
1193 5494 1547 5566 εὐμετάϐολα,
1585 5494 1882 5563 εῦφθαρτα.

321 5561 1174 5637 Ιιιίενρτοε.ἸΙεΙγθιίιιεήΠνιίΙΕ]
1222 5561 1326 5619 non
1380 5567 1539 5617 vertit
1597 5561 1884 5637 claudim-

324 5647 519 5701 uacula,
562 5638 652 5689 sed
685 5638 901 5703 scripsit
932 5634 1327 5701 niontemmtcu;
1379 5652 1479 5704 qua
1512 5650 1639 5688 mre
1687 5634 1887 5702 Optime

324 5723 511 5761 sensus
543 5707 879 5773 exprimitur.
915 5704 1007 5757 ΒΑ.

1985 5424 2056 5477 22
2101 5442 2114 5477 :
2180 5420 2436 5492 tolluntur
2481 5422 2536 5492 i_n
2577 5421 2744 5492 ullum
2795 5418 2861 5475 Ut
2914 5439 3041 5478 casu
3093 5428 3332 5492 graviore
3378 5418 3558 5479 ruont.

1992 5493 2137 5563 Ignis
2179 5502 2355 5563 autem
2383 5491 2440 5563 _in
2480 5487 2759 5563 Scriptura
2797 5507 3013 5563 omnem
3041 5487 3365 5555 critciatuttt,
3399 5510 3561 5549 omne

1992 5560 2365 5632 infortunia":
2365 5560 2604 5632 denotat.
2636 5560 2699 5632 Et
2721 5561 2793 5613 ita
2816 5560 3010 5632 Graeci.
3031 5563 3325 5631 Sophocles
3350 5563 3569 5632 OEdipo

1992 5633 2285 5703 'l‘yranno_:
2327 5629 2546 5703 Effare.
2592 5629 3146 5703 xaiﬁgors'patsaeai;
3186 5632 3327 5703 ὓπερ
3367 5629 3563 5703 ὀρν“υ-

1998 5698 2159 5770 μένεις
2193 5698 2361 5767 πόλει,
2401 5698 2650 5751 Ὴνύςατ’
2681 5698 2938 5755 ἐκτοπίαν
2960 5702 3133 5771 φλόγα
3166 5698 3411 5775 minito;
3432 5698 3442 5703 v
3466 5704 3571 5757 Bb-
