4014 6140
415 340 526 404 923

1791 336 2030 397 AENEAS
2063 336 2314 397 GAZ/EI

3584 327 3687 393 924

424 453 591 505 totius
635 449 836 513 ulcere,
882 448 1138 518 seipsum,
1179 461 1340 516 quam
1386 447 1458 502 sit
1499 446 1642 502 intus
1675 454 1730 502 et
1773 446 1826 501 in
1873 455 1996 502 cute

2107 463 2223 511 νος·
2291 443 2585 500 κάντεῦθεν
2625 443 2827 509 πεσὼν,
2884 441 3143 512 οὐδεμίαν
3191 440 3304 506 ἕξει
3353 439 3685 512 παραίτησιν

425 545 622 604 malus,
671 540 964 608 prodiderit
993 556 1006 593 ι
1041 538 1312 591 flammam
1358 538 1470 606 ipse
1503 539 1605 593 sibi
1637 547 1813 608 parat,
1862 539 1997 592 mul-

425 635 534 681 tam
572 626 820 679 videlicet
859 624 1137 677 materiam
1180 625 1496 690 cutuulans;
1528 627 1668 681 unde
1713 627 1874 680 etiam
1916 627 1998 681 la-

424 733 556 786 psus
601 717 796 772 nullam
844 699 1062 768 habebit
1109 730 1283 784 neque
1329 718 1763 782 excusationem,
1820 732 1998 788 neque

422 809 593 877 culpa:
635 809 1114 862 coudonationem.
1161 807 1347 877 Neque
1379 811 1524 864 enim
1552 818 1728 879 potest
1770 810 1999 866 commi-

426 897 579 960 nisci,
613 898 754 964 quod
783 906 1000 965 propter
1032 898 1270 967 inopiam
1305 900 1586 968 egentibus
1615 916 1719 954 non
1756 902 1994 968 potuerit

421 1003 763 1056 succurrere,
813 989 902 1056 qui
955 989 1160 1045 divitiis
1213 990 1521 1046 abundabat
1564 1008 1788 1063 :neque
1835 995 1994 1047 etiam

425 1082 650 1150 fingere,
681 1082 822 1151 quod
849 1083 1089 1151 potentia
1131 1095 1194 1137 ac
1218 1082 1422 1137 viribus
1445 1083 1751 1144 destitutus.
1785 1096 1880 1138 eos
1905 1081 1998 1152 qui

423 1184 804 1242 premerentur
849 1172 1084 1242 injuriis,
1125 1172 1442 1244 neglexerit,
1485 1174 1575 1243 qui
1628 1187 1872 1228 summus
1908 1187 1998 1226 re-

425 1281 544 1320 rum
589 1265 842 1320 dominus
888 1274 1008 1320 erat
1036 1287 1048 1321 :
1075 1280 1250 1335 neque
1278 1275 1596 1335 praetexere,
1641 1266 1785 1336 quod
1832 1265 2000 1320 imbe-

427 1357 658 1412 cillitate
693 1367 885 1427 supte
918 1358 1121 1414 factum
1145 1359 1240 1422 sit,
1268 1367 1328 1412 ut
1352 1359 1716 1429 voluptatibus
1747 1374 2000 1413 succum-

426 1447 601 1513 beret,
631 1449 715 1502 cui
748 1450 990 1518 corporis
1019 1451 1182 1504 robur
1203 1449 1340 1504 alias
1358 1451 1422 1504 ad
1450 1465 1535 1506 res
1563 1448 1831 1505 adfuerat.
1863 1447 1997 1502 Nam

427 1549 488 1592 ut
525 1540 780 1594 omnibus
816 1551 1050 1606 constet,
1092 1556 1254 1610 quam
1292 1541 1456 1595 multa
1507 1541 1577 1596 sit
1621 1539 2000 1609 hujusjndicis

427 1637 482 1684 ct
521 1630 788 1684 excellens
826 1630 1056 1700 justitia,
1097 1632 1213 1686 vult
1248 1633 1337 1688 ille
1386 1633 1502 1702 ipse
1527 1631 1790 1700 judicium
1840 1646 1998 1687 suum

430 1713 844 1774 nec'obscurum
889 1735 1032 1784 esse,
1072 1736 1172 1777 nec
1196 1723 1505 1791 ambiguum
1537 1739 1550 1776 :
1579 1735 1764 1775 verum
1805 1722 1885 1776 sic
1907 1721 1999 1790 ju-

431 1811 632 1878 dicare,
669 1821 727 1866 ut
760 1827 886 1868 reus
922 1824 971 1868 et
1002 1829 1216 1884 poenam
1270 1815 1371 1869 sibi
1409 1817 1702 1884 irrogatam
1747 1813 1900 1879 ferat,
1945 1823 2001 1869 et

429 1902 753 1956 sententiam
804 1904 1078 1972 abjuuice
1126 1907 1192 1960 de
1231 1919 1288 1960 se
1318 1906 1483 1958 latam
1531 1906 1790 1976 suscipiat
1835 1913 2000 1976 atque

377 2033 384 2040 .
430 2000 766 2046 revereatur.
815 1993 1026 2048 Etenim
1069 1995 1114 2049 si
1163 2010 1309 2050 mors
1355 1995 1596 2051 omnium
1650 2010 1832 2049 rerum
1878 1996 2000 2050 linis

427 2079 652 2136 ultimus
684 2094 850 2148 esset,
885 2094 1029 2138 recte
1065 2086 1117 2139 in
1154 2089 1508 2156 quaestionem
1543 2098 1802 2143 vocarent
1831 2086 2002 2140 homi-

363 2182 374 2191 ‘
433 2187 552 2237 nes,
601 2174 826 2243 quinam
858 2174 1010 2230 fieret
1047 2185 1106 2231 ut
1141 2179 1305 2233 homo
1339 2181 1619 2246 scelestus,
1677 2179 1729 2233 iu
1774 2178 2001 2248 imperio

433 2273 594 2333 atque
626 2265 679 2320 in
721 2265 867 2320 lauta
901 2265 1117 2323 fortuna
1155 2269 1321 2324 vitam
1359 2285 1513 2326 suam
1543 2285 1758 2326 onmem
1795 2270 1998 2325 liuiret.

504 2453 617 2526 (51)
646 2453 750 2526 CC.
779 2454 841 2510 P.
878 2455 977 2508 οὐκ
999 2454 1233 2526 ἐϐοήθει.

505 2525 617 2598 (52)
647 2525 1025 2598 ΪΕπᾴούτεις.
1071 2526 1506 2598 Ρι-ιιξειιιιιοιιάυιη
1541 2541 1633 2582 eos
1667 2527 1838 2598 malus
1877 2541 2001 2583 esse

433 2607 489 2651 ct
513 2595 614 2650 ilici
645 2596 742 2649 hoc
773 2595 911 2657 loco,
940 2597 1028 2664 qui
1057 2597 1194 2649 male
1216 2599 1295 2651 usi
1329 2599 1484 2652 donis
1512 2598 1732 2660 divinis,
1765 2597 1998 2661 divitiis,

435 2666 697 2790 potentia,
729 2671 835 2719 etc.
875 2664 974 2731 Qui
1018 2667 1160 2718 enim
1195 2682 1358 2736 egens
1390 2669 1657 2721 neminem
1692 2669 1805 2738 ipse
1843 2669 1997 2730 «litat,

460 2751 550 2790 osa
605 2734 919 2790 impotentia
950 2735 1191 2788 excludit
1231 2737 1783 2790 animadversionem.
1825 2737 1888 2790 Et
1921 2738 1994 2790 ita

460 2751 550 2805 psa
605 2734 919 2805 impotentia
950 2735 1191 2805 excludit
1231 2734 1783 2791 animadversionem.
1825 2737 1888 2790 Et
1921 2738 1994 2790 ita

436 2803 489 2860 in
518 2803 746 2857 eteteris.
783 2803 889 2859 CC.
917 2805 974 2857 P.
1010 2804 1281 2858 ἐπλούτει.

508 2875 617 2944 (55)
635 2872 737 2944 CC.
769 2872 828 2926 P.
864 2873 1180 2944 Rapit-tmperi;
1203 2875 1611 2944 ἀδικουμένους.

512 2943 618 3012 (54)
663 2942 1069 3012 Ἐτυράννεις.
1117 2942 1362 2996 Habt-has
1399 2942 1550 2997 enim
1601 2953 1802 2997 tantam
1855 2955 2002 3012 pote-

439 3011 658 3084 atatem,
691 3021 747 3063 ut
779 3011 1139 3084 ettyranuicc
1164 3025 1226 3084 ea
1248 3013 1324 3065 uti
1355 3027 1560 3080 posses,
1583 3028 1610 3065 a
1640 3011 2005 3084 neminepro-

2103 539 2225 593 οὐδὲ
2264 538 2596 606 συγγνώμην
2628 555 2641 568 ο
2673 537 2734 590 οὐ
2774 535 2885 606 γάρ
2925 534 2992 588 ἂν
3031 534 3176 606 ἔχοις
3211 532 3574 602 σκήπτεσθαι,
3605 533 3684 586 ὅτι

2099 631 2168 684 δι’
2191 630 2432 700 ἀπορίαν
2462 629 2566 682 οὐκ
2611 628 2859 696 ἐϐοήθεις
2882 626 2993 696 (51)
3027 627 3136 688 τοῖς
3170 625 3230 677 εὖ
3263 623 3455 676 παθεῖν
3484 621 3686 689 δεομέ-

2105 741 2240 790 νοις,
2280 720 2560 782 ἐπλούτεις
2590 719 2701 790 (52)
2732 719 2838 790 γάρ
2859 734 2872 746 ·
2906 718 3016 771 οὐδ’
3049 718 3131 770 ὅτι
3169 715 3488 775 δυναστείας
3509 712 3687 782 ἐνδείᾳ

2099 812 2405 884 περιεώρας
2420 810 2794 879 ἀδικουμένοις
2815 807 2954 879 (55)’
2979 809 3070 860 ὲτυ
3081 803 3553 876 ράννεις(54)γάρ·
3579 801 3684 853 οὐδ’

2099 906 2181 958 ὅτι
2210 903 2492 974 ἀρρωστίᾳ
2513 901 2606 954 τοῦ
2627 900 2884 954 δύνασθαι
2909 899 3145 968 ἡττήθης
3165 896 3278 966 (55)
3309 895 3418 947 τῶν
3437 894 3642 962 ἡδονῶν
3668 908 3682 922 ο

2103 992 2261 1066 ῥώμη
2303 991 2411 1064 γὰρ
2445 992 2696 1062 σώματος
2743 989 2972 1060 προσῆν.
3025 986 3288 1039 Βούλεται
3319 983 3428 1053 γὰρ
3459 985 3486 1034 ὁ
3529 983 3686 1035 δικα-

2103 1083 2232 1153 στὴς
2264 1083 2332 1135 δι’
2354 1080 2661 1152 ὑπερϐολὴν
2691 1077 3042 1147 δικαιοσύνης
3068 1076 3168 1129 οὐκ
3216 1073 3518 1145 ἀμφίϐολον
3545 1071 3687 1125 εἶναι

2099 1173 2198 1244 τὴν
2236 1173 2416 1244 κρίσιν
2439 1189 2452 1202 ·
2503 1171 2620 1225 ἀλλ’
2676 1169 2818 1222 ὥστε
2865 1168 2957 1221 τὸν
2990 1166 3270 1220 ἑαλωκότα
3304 1165 3398 1218 καὶ
3429 1165 3684 1234 πάσχειν,

2100 1265 2195 1319 καὶ
2226 1263 2319 1318 τοῦ
2357 1261 2614 1317 δικαστοῦ
2643 1260 2949 1330 θαυμάζειν
2978 1259 3076 1330 τὴν
3105 1259 3286 1328 ψῆφον
3313 1257 3449 1328 (56).
3489 1259 3554 1310 ΕΞ
3591 1258 3688 1327 μὲν

2100 1357 2212 1428 γάρ
2228 1351 2296 1427 ἦν
2327 1356 2354 1406 ὁ
2383 1355 2614 1418 θάνατος
2643 1352 2736 1405 τοῦ
2781 1352 2981 1414 παντὸς
3032 1349 3344 1420 ἀπαλλαγὴ,
3397 1350 3584 1410 καλῶς
3622 1350 3688 1403 ἂν

2098 1446 2361 1518 ἠπόρουν,
2391 1446 2447 1499 εἴ
2487 1461 2573 1509 τις
2597 1443 2833 1514 πονηρὸς
2879 1443 2955 1495 ὢν
3009 1443 3068 1495 ἐν
3107 1442 3383 1513 τυραννίδι
3432 1441 3526 1493 τὸν
3574 1441 3688 1511 βίον

2100 1537 2442 1609 ἐτελεύτησε.
2475 1536 2591 1590 Νῦν
2622 1535 2678 1589 δὲ
2720 1536 2842 1588 ἐπεὶ
2879 1533 3148 1596 ἀθάνατος
3180 1536 3212 1603 ἡ
3245 1533 3414 1603 ψυχὴ,
3446 1533 3572 1585 οὐδὲ
3607 1535 3686 1596 εἰς

2101 1629 2227 1702 ᾅδου
2285 1629 2732 1701 μεταχωρήσασα
2779 1625 2974 1695 φεύγει
3007 1626 3106 1696 τὴν
3153 1627 3333 1693 δίκην,
3397 1625 3510 1678 ἀλλ’
3569 1626 3688 1678 ἐκεῖ

2106 1722 2340 1793 μάλιστα
2365 1721 2461 1790 τῆς
2496 1721 2768 1790 τιμωρίας
2796 1717 3133 1778 αἰσθάνεται,
3167 1719 3248 1779 είς
3285 1717 3562 1787 τάρταρον
3594 1733 3686 1768 πε-

2029 1793 2072 1847 B
2103 1814 2269 1868 σοῦσα
2306 1813 2428 1867 ὅθεν
2459 1812 2656 1866 οῠποτε
2713 1812 3034 1882 ἐκϐήσεται.
3091 1810 3257 1862 Ὥστε
3317 1809 3548 1878 ἕρμαιον
3575 1809 3682 1876 (57)

2099 1909 2212 1970 τοῖς
2245 1907 2436 1969 κακοῖς
2466 1903 2704 1958 ἐνταῦθα
2730 1905 2907 1956 νοσεῖν
2938 1918 2998 1955 τε
3030 1902 3123 1956 καὶ
3158 1903 3388 1971 ἀπορεῖν
3424 1901 3520 1954 καὶ
3564 1901 3684 1953 δου-

2103 1997 2280 2051 λεύειν
2310 2014 2324 2030 ο
2370 1997 2469 2068 ἠδη
2515 1997 2624 2067 γάρ
2676 2011 2763 2058 τις
2804 1996 2862 2048 ὲν
2912 1993 2992 2063 τῷ
3037 1991 3334 2046 ἰδιωτεύειν
3362 1992 3474 2063 (58)
3514 1992 3684 2061 μικρά

2101 2087 2436 2160 διαμαρτὼν,
2468 2089 2568 2156 τῆς
2597 2087 2708 2142 τῶν
2735 2086 2916 2156 μερῶν
2944 2085 3054 2156 (59)
3087 2084 3358 2155 ἁρμονίας
3385 2085 3536 2153 αὑτῷ
3565 2085 3683 2137 δια·

2069 2180 2360 2248 ,λυθείσης
2407 2179 2507 2250 τὴν
2560 2178 2742 2232 αἰτίαν
2779 2177 2988 2248 μαθὼν,
3040 2177 3134 2229 κα).
3161 2175 3368 2246 ταύτην
3403 2175 3676 2244 ἐκδακρύ-

2113 2286 2211 2332 σας
2237 2269 2373 2340 (40),
2407 2269 2508 2340 τῆς
2533 2271 2590 2322 ὲν
2621 2268 2749 2339 ᾅδου
2775 2267 3046 2340 τιμωρίας
3084 2265 3408 2342 ἀπηλλάγη.
3459 2266 3685 2336 Ἕτερος

2099 2457 2304 2526 φαῦλον
2330 2457 2496 2528 μηδὲν
2544 2456 2719 2520 αὐτὸς
2767 2456 2918 2526 αὑτῷ
2953 2457 3231 2528 συνειδὼς,
3270 2458 3538 2527 ὑπομένει
3589 2457 3686 2526 τὴν

2097 2527 2400 2597 τιμωρίαν.
2435 2527 2538 2581 Sed
2567 2542 2768 2597 verum
2807 2537 2889 2581 est
2927 2527 3008 2591 τὸ,
3035 2527 3248 2596 μαθών,
3284 2544 3574 2596 agnoscens
3603 2531 3688 2584 hic

2099 2596 2428 2667 signiﬁcare.
2453 2625 2527 2667 έ-
2557 2596 2696 2652 Vera
2721 2606 2777 2650 ut
2808 2598 2938 2657 sint,
2963 2598 3106 2665 quod
3134 2600 3467 2652 arbitramur
3489 2600 3680 2660 etiam,

2099 2666 2218 2735 qua:
2249 2669 2405 2720 modo
2432 2666 2690 2735 diximus,
2743 2673 2960 2720 constat
3001 2675 3176 2719 tamen
3211 2667 3370 2731 hujus
3394 2668 3686 2733 scriptoris

2105 2734 2219 2792 aevo
2249 2735 2435 2800 fuisse,
2464 2737 2555 2803 qui
2594 2734 2770 2788 locum
2802 2745 2922 2802 post
2955 2736 3092 2789 hanc
3119 2738 3281 2788 vitam
3313 2738 3601 2791 animabus
3626 2752 3689 2791 ac

2113 2805 2407 2860 minoribus
2422 2805 2569 2859 vitiis
2592 2805 2950 2873 expurgandis
2969 2806 3326 2858 constitutum
3371 2821 3496 2860 cum
3520 2807 3690 2872 philo-

2111 2875 2406 2944 Snphorum
2465 2874 2870 2944 noniminimis
2931 2875 3225 2944 traderent.
3277 2874 3546 2930 Boethius
3603 2877 3683 2930 sic

2111 2943 2258 3000 certe
2289 2945 2425 2998 libro
2460 2959 2532 3005 ιν,
2575 2943 2649 2996 De
2696 2943 2892 2998 consol.
2927 2959 3043 3011 cap.
3072 2943 3104 2996 4
3143 2962 3156 2997 :
3197 2946 3323 3005 Sed,
3349 2961 3525 3013 qumo
3548 2984 3560 3006 ,
3599 2946 3680 2997 in-

2114 3031 2292 3080 quam,
2315 3023 2380 3078 te,
2409 3013 2624 3066 nullane
2646 3013 2945 3066 animarum
2968 3015 3222 3081 supplicia
3245 3024 3357 3080 post
3381 3015 3680 3081 defunctum

437 3082 722 3152 bibendus.
753 3082 946 3152 nedum
970 3089 1027 3134 ut
1047 3082 1316 3151 justitiam
1341 3085 1577 3152 potueris
1606 3081 2002 3139 excolereJBa.
2037 3082 2078 3141 C
2113 3095 2282 3137 morte
2324 3099 2512 3149 corpus
2574 3081 2862 3152 relinquis?
2902 3082 2967 3135 Et
2995 3099 3186 3150 magna
3215 3085 3451 3152 quidem,
3477 3085 3676 3150 inquit;

437 3152 540 3207 CC.
586 3151 642 3205 P.
669 3149 968 3220 ἐτυραννει.

531 3220 618 3292 5ῗ)
651 3219 754 3292 Cl}.
771 3219 775 3220 ί
793 3219 866 3292 Ρ.-
891 3219 1119 3292 ᾑττήθη.

532 3289 621 3356 56)
667 3287 1140 3357 Θαυμὰζὲιν’τῆν
1182 3287 1412 3360 ψῆφον.
1453 3289 1690 3343 Lnndth
1735 3291 2008 3359 aequitatis

438 3371 490 3414 et
510 3361 734 3429 justitiae
761 3375 880 3411 cum
915 3361 1272 3414 admiratione
1305 3361 1603 3415 rescribere
1626 3361 1793 3428 judici
1819 3401 1832 3418 .
1869 3376 2005 3415 cou-

441 3431 674 3485 fessione
692 3429 992 3500 criminum
1029 3430 1375 3500 etagnitione
1397 3431 1556 3500 justas
1587 3444 1780 3498 postue.
1819 3429 2006 3486 Toties

441 3501 564 3552 talia
602 3503 653 3552 in
688 3497 950 3561 Psalmis,
983 3508 1038 3552 et
1082 3497 1338 3567 tragtedia
1365 3539 1379 3562 ,
1406 3497 1629 3567 aliisque
1654 3511 1896 3553 veterum
1928 3500 2008 3553 fa-

444 3571 581 3640 hulis
609 3577 661 3622 et
695 3568 938 3640 historiis
971 3577 1284 3640 occurrunt,
1320 3577 1378 3622 ut
1406 3568 1532 3640 loca
1585 3571 1696 3638 ipsa
1734 3569 2005 3640 ingentem

446 3639 627 3692 facere
660 3638 873 3689 valeant
898 3639 1366 3691 commentarium.
1401 3636 1501 3690 Bs.

521 3707 630 3778 (57)
669 3707 970 3773 Ἕρμαιον.
1005 3705 1140 3778 vere
1184 3707 1435 3778 ἕρμαιον,
1469 3707 1726 3762 divinitus
1769 3707 2005 3762 oblatum]

446 3793 637 3829 munus
661 3787 752 3829 aut
776 3779 1006 3830 lucrum.
1035 3777 1129 3832 Cui
1163 3777 1304 3832 enim
1336 3779 1562 3833 merenti
1595 3787 1777 3844 parata
1805 3790 2005 3832 aeterna

441 3855 598 3916 erant
627 3845 921 3916 supplicia,
953 3847 1190 3916 nunquid
1237 3865 1342 3903 non
1379 3864 1476 3916 pro
1517 3847 1664 3900 lucro
1695 3849 1884 3901 habeat
1916 3863 2009 3899 vo-

446 3915 561 3968 lens
589 3914 805 3986 defungi
853 3931 1008 3983 posse
1038 3914 1262 3971 caducis
1298 3926 1352 3971 et
1382 3914 1587 3970 nullius
1628 3919 1693 3968 ad
1742 3929 2000 3986 perpetua

444 3984 739 4052 temp0ris?
766 3987 942 4038 omnia
974 3995 1152 4040 autem
1189 3987 1300 4041 haec
1336 3988 1513 4039 divina
1545 3996 1670 4040 sunt
1693 4028 1707 4051 ,
1738 3984 1790 4040 et
1819 3985 2006 4039 Prori-

444 4055 925 4125 dentiam..egregic
950 4057 1188 4122 tuentia;
1224 4073 1341 4125 qute
1369 4057 1414 4109 si
1452 4057 1728 4117 diducere.
1766 4056 2003 4124 philoso-

445 4124 670 4207 phorum
706 4134 756 4177 et
793 4122 1219 4207 gltt'istiani-tatis
1242 4122 1715 4207 propugnatorum
1756 4122 1913 4178 (lictis

444 4193 878 4266 lustra_re_velis,
932 4194 1214 4266 exi/Euea
1257 4193 1367 4266 isto
1416 4194 1804 4266 Polyphemum
1861 4196 2008 4248 nullo

445 4263 657 4332 negotio
688 4262 875 4332 lectori
909 4265 1225 4319 confeceris.
1269 4265 1365 4318 BA.

515 4332 627 4402 (58)
687 4333 784 4383 Ἐν
814 4331 892 4397 τῷ
940 4333 1282 4388 ἰδιωτεύειν.
1319 4336 1670 4388 Communem
1692 4341 1858 4388 vitam
1907 4336 2005 4389 ho-

2108 3169 2328 3224 qttorunt
2346 3153 2451 3205 alia
2463 3153 2655 3224 poenali
2683 3151 2986 3224 acerbitate,
3000 3153 3106 3205 alia
3122 3151 3239 3206 vero
3257 3153 3554 3220 purgatoria
3573 3153 3678 3205 cle-

2109 3221 2305 3277 mentia
2331 3223 2562 3276 exerceri
2591 3230 2739 3291 puto.
2779 3221 2883 3275 Nos
2911 3223 3147 3290 priorem
3178 3224 3490 3275 sententiam
3525 3230 3678 3291 tene-

2111 3307 2229 3345 mus
2263 3309 2277 3344 :
2313 3289 2599 3355 nimirum,
2623 3301 2681 3344 ut
2709 3289 3208 3358 morbo’impeditis
3229 3289 3684 3359 corporisofliciis

2109 3363 2318 3415 dicatur
2336 3363 2497 3414 homo
2519 3363 2638 3413 duci
2658 3361 2918 3414 divinitus
2940 3360 3012 3430 ad,
3030 3358 3355 3430 agnitionem
3381 3358 3687 3430 maleactas

2111 3433 2252 3496 vitte,
2279 3441 2338 3484 ut
2368 3432 2618 3500 lacrymis
2648 3445 2767 3484 eam
2800 3439 2854 3483 et.
2875 3429 3187 3498 paenitentia
3211 3429 3482 3484 emendet.
3512 3429 3685 3493 Quam

2111 3500 2234 3554 licet
2286 3501 2596 3552 morborum
2637 3515 2857 3553 causam
2914 3513 3309 3554 conntttuerare
3341 3500 3428 3558 iis.
3460 3514 3593 3566 quas
3619 3515 3687 3553 ex

2110 3569 2167 3623 Β.
2205 3569 2399 3622 Basilio
2428 3568 2590 3621 refert
2638 3567 2980 3632 Anastasius,
3011 3571 3112 3625 nisi
3143 3569 3329 3624 titulus
3368 3570 3521 3637 lingit
3553 3585 3685 3621 auc-

2112 3648 2302 3702 torem,
2336 3639 2568 3697 Siuaita,
2594 3641 2891 3703 quaestione
2928 3640 3014 3700 17,
3050 3651 3102 3694 et
3129 3639 3474 3693 Christianus
3495 3637 3689 3692 Gratu-

2111 3711 2339 3761 maticus
2366 3707 2416 3760 in
2460 3706 2518 3758 Β.
2555 3706 2862 3760 Matthaeum
2909 3723 2957 3760 c.
2993 3725 3104 3762 ut.
3138 3711 3321 3763 POSsis
3351 3717 3405 3760 et
3436 3709 3682 3761 vitiatum

2116 3777 2634 3844 tt-auspositiuucula
2697 3789 2984 3829 autumare
3036 3778 3264 3837 [Eneam
3296 3817 3311 3838 ,
3365 3786 3422 3830 et
3457 3779 3529 3831 ita
3570 3777 3692 3830 reli-

2110 3843 2292 3918 quisse
2328 3863 2342 3901 :
2390 3843 2665 3918 'H6‘qyitp
2704 3847 2868 3918 τις
2898 3845 2974 3916 τῷ
3033 3846 3329 3901 ἰδιωτεύειν
3373 3847 3546 3918 μικρά
3575 3847 3692 3899 δια-

2113 3917 2357 3985 μαρτὼν,
2379 3918 2476 3986 τὴν
2506 3916 2686 3969 αἰτίαν
2725 3916 2912 3983 μαθὼν
2945 3919 3038 3970 καὶ
3060 3918 3270 3986 ταύτην
3301 3916 3680 3986 ἐκδακρύσας,

2108 3986 2207 4056 τῆς
2244 3986 2348 4038 τῶν
2381 3986 2560 4054 μελῶν
2595 3987 2866 4056 ἁρμονίας
2909 3987 3057 4056 αύτῴ
3086 3987 3456 4054 διαλυθείσης,
3489 3988 3587 4054 τῆς
3629 3989 3688 4037 ἐν

2109 4055 2236 4126 ᾅδου
2257 4056 2856 4126 τιμωρίας-ἀπηλλάγη.
2887 4055 3038 4110 Sane
3058 4075 3122 4112 eo
3149 4059 3308 4110 modo
3333 4061 3512 4109 Omnis
3537 4072 3684 4108 ntora

2109 4124 2270 4177 fuerit
2295 4143 2322 4179 e
2335 4143 2358 4176 χ
2371 4124 2860 4179 trita.Seuteutiaut
2887 4128 3116 4192 priorem
3146 4138 3384 4180 nostram
3409 4126 3687 4192 Sequentia

2118 4195 2278 4248 unice
2322 4196 2562 4247 lirtuant.
2595 4195 2667 4247 De
2696 4197 2928 4264 generali
2957 4197 3101 4248 enim
3131 4197 3376 4265 corporis
3422 4198 3688 4250 solutione

2110 4269 2174 4316 ad
2210 4265 2462 4330 specialia
2499 4265 2696 4316 damna
2728 4266 3029 4321 descendit.
3059 4265 3155 4321 Bs.

2181 4334 2290 4403 (40)
2337 4334 2566 4400 Ταύτην
2610 4333 3011 4401 ἐκδακρύσας.
3055 4339 3205 4401 Quod
3263 4345 3476 4388 veteres
3523 4333 3683 4388 Chri-

445 4401 646 4472 miuum
682 4402 995 4472 humanitus
1032 4406 1358 4472 transigeus.
1409 4401 1513 4456 Sed
1551 4417 1728 4456 \‘Cl'lilS
1753 4415 1838 4457 est
1873 4405 1998 4457 vitia
2037 4413 2077 4467 ι)
2109 4401 2281 4458 sum
2327 4405 2688 4456 necessarium
2723 4405 2940 4458 omnino
2984 4407 3408 4460 arbitrabantur.
3458 4405 3689 4457 PaStzha-

445 4479 539 4524 aut
563 4471 758 4523 delicta
800 4471 900 4525 hac
948 4487 1076 4527 voce
1115 4471 1339 4541 intelligi
1365 4512 1379 4534 ,
1407 4488 1526 4538 qua:
1563 4472 1718 4525 alteri
1749 4474 2000 4540 iujuriam

447 4555 550 4593 non
586 4541 837 4606 inferant,
862 4551 918 4592 et
938 4544 1140 4595 minora
1163 4545 1271 4595 sint
1301 4544 1550 4594 omnibus
1577 4544 1836 4594 hactenus
1861 4559 2007 4596 cout-

446 4611 780 4664 mcmoratis.
851 4611 1162 4664 Ὶδιωτεύειν
1184 4612 1471 4680 opponitur
1493 4611 1784 4680 τυραννίδι.
1823 4611 1914 4665 Bs.

539 4680 628 4750 59)
661 4681 878 4751 Videtur
904 4683 1168 4751 eXt'iliiSSC
1195 4679 1400 4751 vocitla.
1424 4679 1748 4751 Αδριιὺειῌπρὸ
1775 4681 1874 4751 τῆς
1901 4683 2012 4734 τῶν

448 4749 627 4821 μελῷν
675 4750 942 4820 ἁρμονίας
993 4750 1141 4821 αύτῷ
1191 4749 1559 4819 διαλυθείσης.
1619 4749 1838 4821 Statuit
1864 4752 2007 4804 enim

448 4819 734 4873 manifeste
763 4830 874 4874 toto
907 4823 1007 4874 hoc
1040 4819 1288 4876 sermone
1325 4822 1490 4874 vitam
1520 4829 1728 4872 tantum
1766 4820 1923 4885 hanc,
1953 4831 2010 4872 et

447 4889 556 4942 illic
594 4889 708 4943 sive
752 4892 966 4944 beatam
999 4892 1113 4946 sive
1159 4894 1408 4946 miseram
1442 4903 1656 4959 semper
1702 4889 2002 4953 Axitheus;

448 4973 622 5030 neque
650 4959 794 5030 ratio
814 4961 1012 5028 patitur
1030 4961 1116 5016 hic
1147 4962 1212 5016 de
1237 4975 1389 5030 poena
1416 4960 1779 5030 etueudatrice
1799 4970 2004 5030 tantum

450 5027 504 5083 in
532 5031 704 5082 altera
748 5027 856 5081 vita
896 5043 1200 5084 sermonem
1238 5027 1466 5093 haberi,
1501 5044 1622 5084 cum
1658 5029 1723 5082 de
1753 5029 2005 5098 praesenti

449 5100 631 5152 omnia
665 5099 1066 5153 continuentur.
1110 5100 1432 5154 Emendatio
1471 5099 1516 5151 si
1551 5113 1653 5152 non
1687 5099 1882 5166 placet,
1914 5100 2006 5154 illa

449 5167 985 5240 διάλυσιςάρμονίας
1008 5169 1115 5224 τῶν
1139 5168 1316 5240 μελῶν
1341 5168 1826 5240 morbosjnsignes
1855 5172 2012 5224 deno-

452 5246 529 5292 tet
557 5236 825 5308 quoslibet
857 5240 1052 5308 quibus
1099 5236 1341 5294 homines
1382 5240 1446 5291 ad
1481 5236 1736 5308 deﬂenda
1787 5250 2007 5308 peccata

453 5307 622 5377 adigit
656 5309 799 5363 Deus
821 5348 834 5371 ,
865 5307 922 5362 ut
953 5312 1145 5366 docent
1179 5311 1328 5364 multi
1365 5307 1804 5377 Christianorum
1825 5312 2010 5361 ducto-

455 5376 572 5432 rum
625 5386 680 5434 et
732 5377 887 5434 lliobi
934 5379 1068 5436 liber
1101 5389 1297 5434 tractat
1328 5394 1452 5434 cum
1500 5376 1727 5431 Psalmis
1772 5380 2010 5434 uberius.

452 5445 545 5502 Illa
577 5449 741 5521 verba
763 5486 794 5521 ,ί
826 5449 925 5520 τὴν
972 5451 1150 5504 αἰτίαν
1194 5449 1403 5521 μαθών,
1452 5447 1674 5521 omnino
1698 5449 2018 5521 excludunt

455 5520 732 5585 sequentis
749 5516 1244 5576 vitae-mentioneu't.
1267 5519 1404 5585 Quid
1424 5520 1566 5574 cnim
1583 5516 1806 5584 iustitiae
1828 5521 1898 5571 sit
1917 5529 2019 5572 tor-

457 5591 655 5661 mentis
671 5589 904 5661 a_uimam
923 5593 1100 5657 subdi,
1127 5591 1435 5661 priusquam
1453 5597 1670 5657 peccata
1689 5589 2023 5661 cognoverit?

459 5659 602 5775 quod
631 5673 658 5708 a
689 5656 798 5710 Deo
826 5656 1157 5714 submoverit
1189 5656 1413 5728 ipsemet
1451 5656 1628 5720 antea,
1662 5674 1708 5726 p.
1739 5658 1805 5711 18
1840 5674 1853 5711 z
1895 5657 2017 5728 Ῥᾳ-

494 5722 588 5775 huc
616 5723 671 5775 δὲ
698 5727 791 5775 καὶ
811 5726 1032 5775 δικαίως
1058 5729 1273 5775 κακίζει
1298 5732 1387 5775 τὴν
1414 5728 1671 5775 δικαστὴν
1699 5728 1920 5775 ἐκεῖνος.
1951 5731 2017 5775 εἰ.

494 5722 588 5786 ίως
616 5723 671 5776 δὲ
698 5727 791 5777 καὶ
811 5726 1032 5792 δικαίως
1058 5722 1273 5792 κακεξει
1298 5732 1387 5783 τὸν
1414 5722 1675 5796 δικαστὴν
1699 5728 1920 5794 ἐκεῖνος,
1951 5722 2021 5794 εἰ,

2111 4476 2212 4526 lius
2246 4475 2532 4525 iiathertus
2579 4487 2588 4519 ῖ
2625 4472 2751 4526 11(ιό
2799 4483 2873 4525 est
2913 4479 3025 4527 sola
3068 4475 3212 4528 salus
3258 4478 3445 4528 animo)
3490 4483 3537 4527 et
3579 4488 3688 4539 spes

2111 4553 2251 4596 certa
2293 4542 2536 4607 dolenti,
2575 4540 2806 4595 Vulnera
2855 4561 2970 4596 cunt
3015 4544 3261 4612 lacryntis
3302 4547 3502 4596 medico
3554 4557 3692 4594 rese-

2112 4629 2228 4665 rare
2260 4613 2825 4675 supremoAutiochus
2877 4616 3045 4667 abbas
3084 4617 3346 4667 Sermone
3392 4616 3490 4668 107
3535 4629 3548 4663 :
3603 4613 3692 4664 Die

2113 4699 2174 4735 ac
2213 4690 2364 4735 nocte
2401 4681 2722 4748 plorabimus
2757 4684 2810 4734 in
2846 4696 3118 4747 conspectu
3165 4683 3412 4747 Domini,
3441 4685 3533 4748 qui
3573 4685 3690 4747 fecit

2114 4768 2227 4804 nos.
2269 4750 2366 4803 Ubi
2406 4753 2542 4802 enim
2593 4752 2860 4820 (acri/mai,
2903 4753 2975 4804 ibi
3011 4755 3293 4806 exorabilis
3341 4754 3558 4805 Domini
3593 4753 3693 4803 cle-

2114 4823 2380 4876 mentia...
2413 4821 2684 4889 Lacrgmre
2718 4831 3024 4886 prtvsentem
3069 4824 3305 4876 exhibent
3350 4823 3453 4874 Deo
3490 4827 3692 4873 oratio-

2114 4907 2250 4959 nem,
2277 4907 2491 4958 eantque
2522 4891 2809 4959 gratiosam
2847 4893 3069 4943 reddunt
3112 4902 3160 4944 et
3201 4893 3690 4957 acceptabilem.....

2114 4958 2420 5013 RorttIeltltl?
2463 4958 2755 5026 aspergines
2791 4961 3147 5030 lacrymaruut
3171 5000 3185 5026 ,
3224 4972 3276 5014 ut
3311 4961 3694 5030 dttlcorntellis

2112 5039 2233 5101 sunt
2254 5031 2418 5101 cordi,
2445 5041 2535 5082 aut
2565 5046 2718 5101 suave
2748 5029 2994 5100 fragrans
3020 5033 3306 5101 thymiama
3332 5033 3471 5099 apud
3507 5029 3692 5101 Deum.
3777 5033 3784 5040 '

2118 5098 2488 5152 Omnimodant
2522 5111 2641 5151 ante
2686 5098 2850 5167 igitur
2886 5098 3188 5167 petitionem
3241 5098 3447 5153 necesse
3488 5103 3560 5152 sit
3613 5100 3696 5150 la-

2115 5183 2412 5236 cryntarunt
2451 5171 2614 5220 maris
2641 5170 2889 5236 prtest'dio
2931 5175 2999 5222 ait
3033 5172 3150 5222 vita:
3201 5171 3533 5224 obiiuendam
3575 5185 3697 5221 cor-

2117 5241 2412 5290 rectionem.
2452 5237 2685 5292 .Ioauucs
2742 5240 3013 5292 Climacus
3056 5240 3238 5292 Gradu
3280 5243 3352 5293 7:
3404 5238 3585 5308 Major
3630 5254 3692 5290 ac

2117 5311 2373 5375 potentior
2403 5308 2711 5376 baptismate
2744 5321 2853 5377 post
2881 5309 3161 5375 baptisma,
3193 5313 3288 5362 etsi
3337 5315 3522 5362 audax
3549 5311 3700 5361 dictu

2118 5378 2172 5428 id
2209 5377 2468 5440 videatur,
2506 5380 2623 5444 fons
2656 5379 3010 5446 lacrymarum
3057 5390 3152 5436 est.
3193 5379 3338 5431 Illud
3381 5380 3522 5432 enim
3560 5394 3702 5444 pra!-

2118 5447 2352 5516 cedentia
2386 5449 2571 5498 delicta
2600 5460 2776 5499 nostra
2795 5451 3055 5516 purgavit,
3077 5449 3216 5502 istud
3242 5467 3358 5502 vero
3376 5451 3700 5515 Postcriora.

2123 5517 2287 5583 Atque
2315 5515 2445 5568 illud
2482 5518 2690 5582 quidem
2738 5515 2911 5570 omnes
2946 5523 3007 5570 ab
3041 5521 3265 5584 infantia
3306 5529 3573 5579 acceptum
3620 5519 3705 5569 in-

2121 5589 2422 5656 quinarmus,
2454 5603 2542 5653 per
2565 5586 2659 5639 hoc
2683 5597 2856 5639 autem
2889 5597 2936 5640 et
2969 5589 3101 5641 illud
3144 5602 3509 5656 repttrgumus.
3546 5588 3704 5648 Quod

2127 5658 2225 5708 nisi
2253 5655 2427 5708 divino
2471 5671 2683 5709 munere
2723 5659 2903 5707 datum
2945 5668 3074 5709 esset
3118 5655 3355 5710 omnibus
3381 5695 3396 5717 ,
3435 5657 3702 5707 rarissimi

2127 5727 2336 5779 cumino
2365 5726 2451 5792 qui
2487 5728 2817 5778 sulvareutur
2849 5728 3066 5780 tureuiri
3104 5730 3409 5795 patuissent.
3446 5724 3702 5778 Manilia
