4014 6140
443 314 545 378 927

1825 317 2065 381 ENE/E
2101 318 2337 382 GAZ/EI

3598 312 3698 375 938

445 427 599 482 multi
626 425 884 493 infantes,
916 427 1212 484 imbecilles
1240 436 1296 484 et
1324 430 1550 485 monstri
1585 430 1789 487 similes
1818 440 1874 487 et
1896 447 2014 487 mu-

2116 434 2354 490 κατόπιν
2374 432 2486 505 (50)
2517 432 2735 503 ἐγένετο
2758 447 2771 463 ·
2806 430 2904 486 καὶ
2930 431 2960 483 6
2988 430 3107 502 μὲν,
3140 431 3205 482 ὲκ
3250 426 3445 496 γένους
3469 443 3522 479 τι
3543 427 3696 494 90w-

448 519 525 572 tili
563 530 875 575 nascantur.
905 518 1059 575 Unde
1086 523 1251 575 etiam
1301 521 1439 576 alius
1486 522 1656 592 digito
1688 538 1796 579 uno
1842 523 2018 579 abun-

445 610 560 673 dat,
605 609 743 663 alius
788 623 894 663 uno
940 617 1135 663 caret:
1166 619 1222 664 et
1269 609 1407 666 alius
1444 611 1662 681 quidem
1715 613 2015 669 secundum

446 710 717 763 naturam,
752 699 887 755 alius
915 700 1143 757 obverso
1172 709 1320 771 tergo
1351 702 1404 757 in
1444 703 1616 758 lucem
1649 706 1829 774 prodit
1856 723 1874 763 :
1906 716 2015 761 tum

445 790 584 846 alius
627 789 711 844 vel
738 804 803 845 ex
840 801 1126 861 parentum
1160 793 1244 849 vel
1279 806 1631 864 cognatorum
1662 798 1846 868 aliquo
1878 800 2019 853 tabi-

442 881 568 936 dum
607 881 808 951 aliquid
840 882 944 937 sibi
999 884 1290 941 contraxit.
1328 886 1406 941 Ac
1456 901 1642 943 rursus
1695 889 1884 945 oculus
1929 889 2017 945 alii

442 972 795 1043 imperfectus
827 974 1050 1040 mansit,
1098 974 1187 1029 alii
1225 976 1469 1030 detortus
1498 975 1601 1031 fuit
1627 995 1642 1032 ς
1669 993 1767 1034 nec
1796 979 2020 1037 defuere

440 1063 638 1132 quibus
664 1063 872 1118 dextrae
903 1072 1200 1121 contractae
1243 1075 1446 1122 essent.
1480 1066 1720 1133 Quorum
1755 1068 1920 1138 aliqui
1949 1069 2015 1124 ad

439 1170 709 1211 summum
751 1157 1034 1228 sapientiae
1074 1159 1285 1213 culmen
1320 1161 1679 1214 ascenderunt
1711 1176 1725 1214 :
1755 1175 1854 1216 nec
1894 1177 2014 1216 cor-

438 1247 589 1316 poris
625 1247 759 1303 vitio
804 1249 1093 1318 quominus
1136 1250 1315 1305 istbuc
1350 1252 1716 1320 pervenirent,
1765 1252 2011 1323 impediri

437 1336 600 1409 843
637 1348 863 1408 potuere
894 1357 907 1394 :
942 1339 1108 1409 aliqui
1151 1355 1285 1396 vero
1329 1342 1379 1394 in
1418 1341 1676 1396 malitiam
1704 1341 1858 1412 lapsi,
1905 1358 2011 1398 non

439 1440 704 1499 quantum
758 1431 979 1496 vellent,
1011 1445 1234 1500 peccare
1257 1441 1480 1502 possunt
1513 1450 1527 1486 :
1558 1442 1749 1502 estque
1772 1434 1879 1490 illis
1911 1435 2014 1491 hoc

438 1520 690 1590 corporis
727 1521 1151 1590 incommodum,
1173 1524 1327 1592 quasi
1345 1523 1587 1593 quaedam
1607 1525 1802 1580 animae
1825 1540 2011 1581 eorum

2125 523 2265 587 ὣδες
2319 522 2646 594 ἐπισύρεται
2666 535 2680 550 ·
2717 520 2812 575 τοῦ
2839 520 2896 573 δὲ
2927 517 3123 589 ἀτελὴς
3152 519 3181 571 6
3200 515 3478 594 ὀφθαλμὸς
3505 513 3701 583 διέμει-

2122 633 2213 670 νεν
2232 632 2245 647 ο
2270 617 2300 669 6
2331 614 2431 686 μὲν
2458 616 2585 676 τοὺς
2611 613 2777 676 πόδας
2807 611 3134 682 διέστραπτε
3161 609 3292 680 (51)’
3312 608 3341 660 6
3357 607 3415 659 δὲ
3440 620 3699 660 συνεστα-

2125 704 2294 777 μένην
2317 705 2429 777 (52)
2460 697 2588 775 εὗρε
2621 704 2722 776 τὴν
2770 702 2972 767 δεξιάν.
3012 701 3127 756 Καὶ
3160 699 3367 753 τούτων
3397 698 3445 751 οἱ
3491 697 3590 767 μὲν
3620 697 3700 760 είς

2121 798 2293 868 ἄκρον
2348 798 2671 868 φιλοσοφίας
2729 795 3038 866 ἀνέδησαν*
3103 793 3199 847 καὶ
3243 791 3397 845 οὐδὲν
3447 787 3700 860 ἐμποδὼν

2121 890 2338 959 ἐγένετο
2371 888 2871 961 παρακεκομμένον
2893 887 2955 940 τὸ
2990 885 3182 956 σῶμαο
3215 884 3264 937 οἱ
3300 883 3360 936 δὲ
3390 882 3471 945 είς
3499 879 3699 934 κακίαν

2121 977 2564 1042 ἐκπεπτωκότες,
2602 980 2664 1030 οὐ
2718 976 3053 1048 πράττουσιν
3097 974 3224 1026 ὅσον
3257 969 3557 1024 ἐθέλουσιν.
3590 968 3699 1022 Καὶ

2119 1071 2368 1139 γίγνεται
2389 1070 2571 1141 ψυχῆς
2599 1070 2785 1133 αὐτοῖς
2807 1067 3020 1139 φυλακὴ
3046 1067 3081 1136 ἡ
3110 1063 3203 1118 τοῦ
3228 1063 3481 1133 σώματος
3500 1059 3693 1131 βλάϐη,

2118 1162 2212 1215 καὶ
2248 1162 2493 1232 σωτηρία
2525 1160 2726 1231 μᾶλλον
2752 1160 2786 1231 ἢ
2811 1158 3056 1230 τιμωρία
3071 1156 3132 1209 τὸ
3161 1154 3331 1217 πάθος
3351 1155 3467 1216 τοῖς
3496 1150 3697 1221 ὁρῶσιν

2119 1253 2317 1326 ἐφάνη.
2345 1255 2410 1308 Οἱ
2440 1253 2496 1307 δὲ
2532 1248 2645 1307 οἷον
2679 1254 2736 1306 έν
2787 1251 2971 1305 σκότει
3028 1246 3421 1317 πλανηθέντες,
3458 1242 3560 1296 καὶ
3599 1245 3698 1311 τῆς

2119 1348 2300 1400 αὐτῶν
2348 1346 2529 1418 ψυχῆς
2563 1348 2626 1400 τὸ
2679 1348 2835 1418 ὄμμα
2891 1341 3292 1414 πεπηρωμένον
3350 1341 3447 1393 καὶ
3506 1335 3696 1399 ἀτελὲς

2122 1439 2546 1505 καταλείποντες
2574 1441 2708 1512 (53),
2757 1438 2854 1493 τοῦ
2884 1436 3090 1506 τυφλοῦ
3122 1434 3221 1506 τὴν
3274 1431 3478 1503 ψυχὴν,
3507 1428 3695 1498 ὥσπερ

2120 1530 2179 1583 ὲν
2203 1528 2330 1601 ᾅδου
2365 1528 2786 1601 τιμωρουμένην
2820 1528 2922 1600 ἤδη
2952 1526 3290 1591 κακίζουσιν.

439 1610 698 1667 divinitus
735 1614 997 1670 attributa
1039 1616 1327 1671 custodia:
1394 1616 1716 1686 videturque
1745 1633 1858 1672 rem
1902 1630 2048 1676 recte
2085 1623 2462 1691 reputantibus
2508 1624 2671 1678 saluti
2738 1623 3075 1693 potius‘esse
3104 1633 3267 1688 quam
3322 1615 3545 1672 damno.
3593 1609 3694 1677 Qui

439 1716 571 1760 vero
613 1706 668 1762 in
712 1706 950 1764 tenebris
982 1710 1261 1776 oberrant,
1292 1716 1347 1766 et
1388 1724 1501 1766 sua:
1575 1707 1815 1780 ipsorum
1861 1710 2059 1770 animae
2123 1717 2340 1772 oculum
2391 1731 2642 1773 mancum
2690 1726 2855 1788 atque
2901 1696 3278 1786 imperfectum
3329 1704 3476 1760 baud
3517 1699 3696 1771 respi—

437 1796 614 1863 ciunt,
649 1797 723 1853 illi
772 1799 950 1855 solent
999 1803 1127 1857 caeci
1160 1801 1304 1858 illius
1349 1802 1610 1871 animam,
1650 1806 1805 1875 quasi
1848 1807 2024 1875 plenis
2062 1807 2361 1865 inferorum
2421 1809 2612 1866 aﬂ'ecta
2673 1811 2783 1881 jam
2822 1818 2988 1875 esset,
3021 1807 3100 1863 sic
3130 1812 3497 1876 contemptam
3532 1809 3695 1868 atque

437 1887 702 1972 abjecratp
727 1891 994 1963 judicare.

512 2007 712 2064 Verum
758 2010 920 2064 aliam
957 2012 1120 2067 etiam
1164 2015 1431 2070 occultam
1480 2018 1744 2074 rationem
1790 2035 2008 2090 possum
2040 2028 2085 2085 Β

439 2097 537 2153 tibi
570 2099 778 2156 referre
811 2119 826 2157 :
858 2100 976 2156 Non
1009 2103 1060 2157 in
1086 2119 1179 2159 eas
1208 2106 1381 2161 solum
1412 2122 1531 2178 quae
1570 2109 1728 2167 modo
1755 2121 1884 2167 ante
1914 2127 2010 2182 pe-

437 2190 534 2247 des
562 2204 689 2248 sunt
723 2208 830 2261 res,
867 2195 1224 2252 Providentiae
1257 2198 1344 2253 lex
1374 2201 1753 2258 animadvertit
1780 2222 1794 2259 :
1824 2217 2010 2258 verum

439 2283 600 2336 etiam
631 2283 685 2338 in
716 2298 810 2339 eas
830 2301 948 2355 quae
973 2285 1131 2354 longo
1157 2298 1277 2357 post
1307 2298 1545 2360 tempore
1581 2293 1852 2361 evenient,
1882 2308 2009 2364 pro-

437 2374 600 2442 spicit
626 2392 642 2430 :
676 2383 787 2429 tum
816 2391 935 2446 quae
964 2378 1267 2448 quibusque
1289 2383 1666 2439 convenientia
1696 2392 1823 2441 sunt
1848 2394 2014 2456 atque

438 2463 624 2535 digna,
656 2478 719 2520 ea
747 2475 808 2522 ut
837 2470 1111 2537 eveniant,
1142 2470 1406 2528 decernit.
1443 2472 1597 2530 llunc
1629 2475 1847 2544 quidem
1876 2492 2013 2546 quo-

439 2555 585 2609 niam
613 2555 782 2613 durus
827 2559 882 2614 in
923 2574 1111 2615 servos
1169 2560 1337 2617 herus
1374 2562 1590 2619 futurus
1635 2579 1757 2622 esse
1789 2567 2008 2623 videba-

439 2652 552 2711 tur,
599 2661 817 2702 servum
866 2649 979 2704 lleri
1029 2652 1276 2719 permisit
1306 2670 1320 2707 :
1348 2653 1494 2708 illum
1525 2670 1653 2710 vero
1691 2659 1834 2726 quod
1875 2659 2014 2715 male

439 2740 586 2787 esset
613 2748 810 2790 usurus
849 2736 1061 2805 opibus,
1095 2753 1387 2808 pauperem
1434 2742 1656 2812 reliquit
1684 2753 1847 2815 atque
1888 2762 2012 2817 ege-

440 2837 593 2877 num.
623 2823 716 2879 llle
747 2826 873 2895 quia
908 2827 1235 2897 decepturus
1276 2839 1331 2884 et
1365 2831 1706 2899 adulaturus,
1753 2849 1817 2889 ac
1846 2835 2013 2892 falsos

439 2910 623 2963 statim
664 2912 861 2969 damno
889 2914 1187 2973 all‘ecturus
1219 2928 1338 2972 erat
1373 2920 1550 2988 capite
1592 2921 1646 2975 in
1678 2937 1785 2993 quo
1819 2927 2013 2982 anima:

439 3000 596 3055 sedes
621 3016 685 3057 ac
723 3003 807 3057 vis
835 3014 944 3070 est,
976 3006 1135 3062 ltesus
1165 3016 1328 3078 atque
1363 3010 1503 3065 ictus
1542 3021 1624 3066 est
1655 3030 1672 3068 :
1707 3017 1850 3070 unde
1886 3032 2011 3071 eum

443 3088 621 3158 ipsum
658 3093 797 3147 ratio
838 3094 1057 3163 defecit,
1092 3099 1315 3168 ipseque
1351 3100 1580 3157 stolidus
1609 3115 1770 3175 atque
1803 3106 2006 3177 impru-

442 3186 577 3239 dens
632 3186 823 3242 evasit.
874 3187 981 3243 Alii
1032 3205 1220 3247 rursus
1263 3194 1508 3263 proclivi
1540 3196 1606 3250 ad
1636 3198 1840 3253 caedem
1867 3199 2011 3256 facto

441 3275 631 3331 dextra
666 3279 949 3335 contabuit
976 3299 991 3336 ι
1025 3297 1197 3351 eoque
1228 3283 1429 3340 factum
1460 3295 1544 3341 est
1575 3288 1679 3343 sibi
1720 3292 2009 3361 tranquille

2189 2017 2338 2087 Ἐχω
2365 2015 2423 2069 δέ
2460 2033 2544 2070 σοι
2574 2014 2669 2069 καὶ
2693 2014 2880 2083 ἕτερον
2915 2010 3027 2082 (54)
3070 2008 3388 2082 ἀπόρρητον
3416 2006 3691 2075 διεξιέναι⁸

2119 2108 2192 2162 Οὐ
2223 2108 2285 2162 τὺ
2315 2107 2490 2181 παρὸν
2549 2106 2708 2178 μόνον
2751 2103 2939 2177 βλέπει
2967 2103 3072 2174 τῆς
3124 2101 3391 2173 Προνοίας
3427 2102 3456 2154 6
3506 2100 3688 2170 νόμος,

2116 2200 2253 2256 ἀλλὰ
2271 2201 2364 2254 καὶ
2390 2201 2451 2253 τὸ
2476 2199 2670 2270 μέλλον
2688 2194 2969 2266 γίγνεσθαι
2996 2195 3131 2265 (55),
3163 2194 3256 2247 ita).
3285 2188 3369 2256 οἷς
3395 2193 3689 2262 προσήκει,

2117 2294 2215 2350 καὶ
2249 2294 2354 2364 τὴν
2398 2291 2554 2358 ἀξίαν
2589 2288 2800 2343 ἐκεῖθεν
2847 2286 3065 2340 carcer
3115 2284 3207 2337 τὸν
3267 2283 3387 2353 μὲν,
3435 2280 3693 2347 γενέσθαι

2116 2384 2303 2439 δοῦλον
2348 2383 2564 2452 ἀφῆκεο
2601 2378 2838 2452 χαλεπὸς
2885 2376 2994 2448 γὰρ
3047 2375 3113 2429 ἂν
3167 2372 3437 2442 δεσπότης
3473 2371 3687 2441 ἐφάνη·

2116 2475 2209 2529 τὸν
2253 2475 2331 2541 δὲ,
2371 2474 2579 2544 πένητα
2613 2469 3005 2525 καταλέλοιπε·
3064 2466 3252 2530 κακῶς
3276 2464 3389 2534 γὰρ
3424 2462 3492 2517 ἂν
3522 2463 3690 2532 ἐχρή-

2118 2584 2249 2621 σατο
2276 2565 2355 2638 τῷ
2390 2564 2606 2635 πλούτῳ
2639 2562 2773 2635 (56).
2815 2562 2873 2614 Ὀ
2923 2559 2981 2612 δὲ
3010 2557 3225 2630 (ἔμελλε
3263 2556 3381 2628 (57)
3435 2555 3548 2625 γὰρ
3603 2553 3691 2620 ἐξ·

2118 2660 2333 2731 απατᾷν
2361 2657 2458 2712 καὶ
2484 2653 2825 2719 κολακεύειν,
2862 2651 2957 2707 καὶ
2983 2651 3151 2718 ὀξέως
3198 2649 3336 2718 πρὸς
3360 2647 3580 2708 ἀπάτας
3606 2644 3692 2711 ἐξ·

2118 2751 2270 2820 άγειν
2282 2750 2373 2804 τὸν
2391 2748 2623 2802 πεσόντα
2638 2744 2797 2818 [58]),
2815 2743 3146 2812 συνεθλάσθη
3165 2741 3262 2811 τὴν
3282 2738 3546 2810 κεφαλὴν,
3566 2736 3693 2791 ἔνθα

2121 2843 2358 2912 μάλιστα
2384 2841 2484 2912 τῆς
2510 2840 2687 2911 ψυχῆς
2717 2842 2751 2909 ἡ
2785 2837 3054 2905 ἐνέργεια,
3086 2835 3181 2887 καὶ
3201 2834 3230 2886 ὁ
3262 2832 3422 2901 λόγος
3457 2832 3687 2901 ἤργησε,

2117 2935 2214 2989 καὶ
2239 2933 2467 3006 ἀνόητος
2511 2932 2802 3003 διέμεινεν.
2836 2923 3004 2992 Οὗτος
3033 2928 3061 2980 6
3089 2925 3376 2997 ἄνθρωπος
3405 2923 3572 2978 οἱονεί
3604 2938 3689 2983 τις

2117 3023 2253 3095 πρὸς
2287 3023 2447 3092 φόνον
2488 3021 2705 3091 ἕτοιμος
2748 3018 3064 3088 γενόμενος,
3117 3013 3482 3082 ἀναινομένης
3537 3008 3683 3071 αὑτῷ

2115 3115 2214 3185 τῆς
2238 3114 2439 3180 δεξιᾶς,
2465 3112 2694 3184 ἡσυχίαν
2717 3111 2872 3178 ἄγειν
2895 3109 3202 3179 ἠγάπησεν.
3244 3106 3449 3160 Ἦκέτω
3468 3104 3524 3156 δὲ
3549 3104 3681 3173 ἡμῖν

2116 3207 2196 3268 εἰς
2228 3205 2390 3276 μέσον
2421 3206 2449 3257 6
2468 3203 2666 3273 τυφλὸς
2689 3204 2840 3267 παῖς,
2885 3199 3015 3271 περὶ
3047 3192 3107 3252 οὗ
3137 3200 3165 3251 6
3199 3197 3364 3264 λόγος.
3390 3195 3678 3262 Χειραγω-

2117 3296 2215 3367 γού
2223 3313 2381 3367 μενος
2408 3294 2485 3366 τῷ
2502 3294 2644 3363 λόγῳ
2666 3284 2841 3355 οὗτος,
2871 3289 3194 3352 ἀκολάστοις
3221 3285 3520 3357 ὁςρθαλμοῖς
3539 3284 3695 3355 χρή-⁷

441 3365 620 3457 potius
648 3375 947 3439 pacateque
972 3371 1258 3426 vivendum
1282 3383 1339 3427 ut
1361 3382 1531 3444 putet.
1568 3375 1674 3431 Sed
1705 3380 1933 3446 prodeat
1956 3382 2008 3436 in

2117 3365 2288 3453 σεται,
2319 3387 2369 3439 εἰ
2406 3365 2691 3457 χρήσεται.
2725 3384 2816 3437 Διὸ
2846 3382 3262 3451 συγκεκλεῖσθαι
3286 3376 3687 3448 συνεχώρησεν·

443 3456 676 3512 medium
707 3473 885 3514 caecus
914 3460 1007 3516 ille
1050 3477 1204 3533 puer,
1239 3464 1329 3533 qui
1362 3466 1571 3521 ratione
1609 3467 1747 3523 duce
1779 3469 2016 3528 alias'uti

438 3546 621 3605 solet:
653 3564 761 3619 quo
806 3551 873 3607 de
922 3553 1076 3610 nobis
1108 3562 1268 3623 antea
1309 3571 1526 3627 quoque
1571 3573 1772 3615 sermo.
1827 3560 1925 3618 Hic
1970 3564 2016 3620 si

439 3653 659 3696 suorum
693 3643 920 3700 haberet
955 3647 1234 3703 oculorum
1266 3664 1449 3714 usum,
1493 3649 1645 3705 illum
1673 3661 1820 3708 certe
1853 3654 2017 3711 babe-

441 3738 528 3785 ret
557 3730 816 3787 lascivum
848 3744 1012 3806 atque
1040 3737 1392 3808 impudicum.
1423 3740 1602 3807 Quare
1634 3743 1684 3798 ei
1718 3742 2013 3801 Providen-

439 3820 515 3877 tia
560 3822 748 3880 oculos
790 3825 1009 3895 clausit,
1065 3830 1275 3902 hacque
1321 3833 1479 3903 plaga
1524 3833 1702 3905 ipsum
1752 3833 2002 3894 allectum

511 4026 624 4098 (50)
650 4028 916 4084 Κατόπιν
940 4030 1200 4091 ἐγένετο.
1235 4032 1437 4089 Sensus
1463 4050 1585 4092 esse
1634 4037 1797 4092 debet
1842 4038 2015 4093 inter-

438 4098 725 4173 pretationi
755 4112 773 4152 :
809 4109 864 4153 et
894 4100 995 4173 lucc
1018 4103 1251 4173 quidem
1305 4109 1564 4173 praeterit,
1611 4108 1825 4162 excellit
1855 4120 2015 4163 natu-

438 4182 591 4244 ram;
624 4167 850 4244 alterum
880 4167 1084 4238 deficit,
1120 4173 1237 4243 ejus
1270 4167 1372 4241 ope
1408 4167 1722 4231 destitutum
1752 4176 2012 4244 legitima.

438 4236 685 4318 Ιςατόπιν
729 4238 966 4318 ἐγένετο,
1010 4236 1391 4311 οῆιέῑθιιιιὶιω
1437 4246 1728 4318 na_scitur;_
1765 4236 2013 4318 παρῆλθε

438 4306 539 4379 τὴν
563 4305 746 4375 φύσιν,
770 4309 1064 4379 legitimum
1093 4305 1302 4379 tempus
1325 4315 1557 4368 excedit.
1586 4305 1827 4369 Κατόπιν
1848 4305 2012 4371 etiam

438 4375 508 4430 de
543 4375 846 4449 praeteritis
871 4388 925 4432 et
965 4375 1394 4449 anticipantilnts
1433 4383 1537 4436 dici
1584 4396 1772 4438 notant
1812 4386 2012 4441 lexico-

438 4446 650 4515 grapbi.
680 4447 749 4501 At
773 4464 871 4503 nos
898 4462 1113 4503 sensmu
1138 4446 1233 4504 'Iiie
1264 4450 1442 4503 Suidae
1463 4455 1629 4504 secuti
1658 4469 1861 4508 sumus.
1890 4456 2008 4509 Κα-

441 4515 620 4586 τόπιν,
662 4517 858 4586 inquit,
894 4517 1031 4585 μετὰ
1064 4518 1255 4578 ταῦτα.
1302 4518 1411 4571 ἀπὸ
1436 4519 1529 4572 τοῦ
1569 4521 1790 4575 ὄπισθεν
1822 4518 1960 4578 εἶναι
1989 4540 2004 4553 ·

440 4582 831 4663 ἀλλίᾲ-ξιαλτό-πιν
993 4588 1086 4640 τοῦ
1127 4586 1343 4661 καιροῦ,
1382 4598 1488 4644 etc.
1522 4589 1620 4646 ΒΑ.

883 4653 1264 4728 διέστραπταί.

655 4727 761 4798 CQ.
794 4726 854 4798 Ρ.
891 4724 1344 4798 συνεσταλμένην.

537 4793 627 4862 53)
659 4796 762 4851 CC.
788 4794 847 4851 P.
881 4793 1289 4862 καταλιπόντες.

829 4867 1005 4939 λόγον.

535 4934 627 5005 55)
665 4934 794 4990 lude
823 4934 972 5013 dicta
999 4937 1373 5013 Providentia,
1416 4940 1564 4997 velut
1612 4943 1770 5012 longe
1811 4944 2017 5013 prospi-

441 5003 624 5083 ciens,
646 5021 750 5083 non
776 5008 1443 5083 praevidentia._Boetliius
1474 5012 1568 5067 lib.
1601 5028 1666 5075 v,
1697 5003 1873 5083 Eapfti
1902 5032 1916 5068 :
1942 5003 2015 5069 'Si

438 5074 822 5151 prwscientiqm
844 5092 1062 5151 pensare
1093 5078 1236 5151 velis,
1269 5094 1373 5151 qua
1391 5091 1582 5151 cuncta
1608 5074 1886 5151 dignoscit,
1912 5099 2014 5136 non

439 5158 550 5199 esse
572 5146 954 5216 prwscientiam
982 5148 1137 5216 quasi
1190 5147 1382 5215 futuri,
1416 5149 1506 5202 sed
1550 5146 1825 5205 scientiam
1876 5146 2012 5206 nuu-

439 5228 597 5281 qnam
636 5214 926 5284 deﬁcientis
958 5214 1246 5279 inﬂantur,
1281 5218 1471 5269 rectius
1511 5220 1794 5274 wstimabis
1819 5236 1838 5275 :
1875 5222 2013 5276 unde

442 5296 544 5336 non
572 5286 940 5360 praecideritis,
971 5287 1060 5360 s_ed
1071 5285 1399 5360 providentia
1419 5292 1590 5351 potius
1612 5289 2007 5360 dicitur,quod,

440 5366 598 5419 porro
624 5355 689 5408 ab
732 5357 883 5411 rebus
914 5355 1107 5423 inlimis
1146 5355 1463 5428 constituta,
1497 5361 1650 5428 quasi
1696 5361 1760 5414 ab
1808 5355 2012 5416 eicelso

442 5435 615 5475 rerum
641 5427 914 5480 cacumine
938 5436 1122 5491 cuncta
1160 5424 1464 5492 prospiciat.
1492 5424 1584 5483 ΒΑ.

512 5492 623 5566 (59)
653 5492 760 5566 99-
786 5494 846 5566 Ρ·
876 5496 1144 5566 ἐχρήσατο
1164 5491 1392 5562 πλούτῳ

512 5501 602 5558 (56
653 5501 760 5548 CC.
788 5501 846 5548 P.
876 5501 1090 5566 ὲχρήσαλ

512 5501 626 5637 (iiii
651 5563 759 5637 99-
785 5563 842 5637 ιζ·
870 5564 1090 5637 ἤμελλε-

649 5633 756 5686 CC.
794 5633 853 5687 P.
884 5629 978 5687 καὶ
998 5635 1163 5699 ὀξέως
1194 5636 1285 5690 τὸν
1330 5639 1706 5710 προσπεσόντα
1735 5638 2007 5709 θηρεύειν.

515 5638 629 5766 (δυς
664 5701 939 5766 Λυγκέως
966 5704 1512 5766 εὐδαιμονέστερος.
1537 5708 1651 5765 Non
1673 5710 1801 5765 dicit
1830 5710 2007 5765 ocula-

515 5696 629 5766 (⁵9)
664 5701 939 5769 Λυγκέως
966 5696 1512 5778 εἰσδαιλιονέστὲρος.
1537 5708 1651 5765 Non
1673 5696 2012 5765 dicii'ocula-

2112 3477 2270 3532 τοῦτο
2296 3474 2375 3547 τῷ
2401 3472 2697 3528 πεπονθότι
2724 3472 3027 3543 συνήνεγκε
3046 3487 3060 3500 ·
3093 3464 3186 3523 καὶ
3211 3470 3241 3522 6
3265 3466 3461 3537 τυφλὸς
3483 3466 3690 3527 ἐκεῖνος

2111 3569 2207 3623 τοῦ
2248 3567 2493 3636 λυγκέως
2535 3565 3011 3636 εὐδαιμονέστερος
3055 3560 3195 3633 (59),
3243 3562 3292 3615 εἰ
3350 3557 3690 3627 δικαιότερος

2094 3660 2343 3730 ·γένοιτο.
2375 3659 2450 3712 Οὐ
2479 3657 2694 3720 πολλοῖς
2718 3655 2774 3709 δὲ
2805 3655 2966 3708 τοῦτο
2990 3653 3311 3724 συμϐαίνειο
3336 3650 3400 3704 οὐ
3442 3649 3551 3721 γὰρ
3580 3648 3689 3701 ἔδει

2112 3747 2280 3801 πολλὰ
2308 3745 2461 3816 παρὰ
2504 3745 2665 3814 φύσιν
2702 3745 3004 3815 συγχωρεῖν
3053 3741 3337 3812 γίγνεσθαι
3363 3756 3377 3771 ⁸
3408 3739 3485 3803 ὡς
3515 3737 3581 3793 ἂν
3611 3736 3689 3808 μὴ

2113 3835 2511 3908 συνταραχθείη
2535 3835 2647 3906 (60)
2689 3835 2871 3905 φύσιν,
2907 3833 2974 3904 ἣν
3014 3832 3182 3896 αὐτὸς
3215 3828 3427 3896 ἔταξεν.
3458 3829 3606 3884 Ἔδει
3629 3828 3689 3883 δὲ

2117 4041 2240 4098 tior.
2273 4040 2365 4093 sed
2399 4039 2624 4094 felicior.
2656 4039 2720 4093 Et
2751 4037 2829 4093 sic
2858 4039 3018 4092 modo
3063 4035 3577 4108 χειραγωγούμενος
3596 4028 3687 4090 οὗ·

2112 4127 2201 4175 τος
2228 4111 2305 4181 τῷ
2340 4109 2500 4186 λόγῳ*
2537 4111 2637 4164 hoc
2660 4121 2762 4173 est,
2793 4108 2838 4162 si
2875 4107 2978 4161 iste
3010 4106 3145 4186 bene
3178 4106 3685 4186 ,ratiotie_uteretur,

2113 4176 2482 4256 quum'ocnlis
2512 4188 2604 4256 aut
2641 4193 2902 4256 sensuum
2946 4176 3192 4256 principe
3222 4176 3339 4256 visu
3372 4176 3687 4256 ,αἱροῖ-ορθ-

2112 4245 2337 4303 buisset.
2375 4249 2623 4303 Felicitas
2650 4249 2793 4301 enim
2818 4247 3213 4315 quodammodo
3243 4254 3327 4298 est
3372 4245 3424 4297 in
3461 4245 3689 4315 nobilis-

2111 4319 2250 4372 simo
2301 4320 2402 4373 hoc
2443 4333 2628 4372 sensu.
2676 4314 2908 4380 Quintus
2948 4314 3187 4370 Serenus
3213 4331 3265 4376 ν,
3298 4316 3399 4369 192
3426 4332 3440 4367 :
3468 4314 3691 4370 Summa

2117 4387 2239 4441 boni
2261 4397 2335 4441 est
2364 4386 2565 4441 alacres
2602 4388 2800 4440 homini
2824 4387 3122 4452 contingere
3155 4387 3290 4440 visus
3317 4401 3336 4447 ;
3366 4385 3511 4448 Quos
3536 4386 3691 4452 quasi

2113 4457 2352 4511 custodes
2407 4456 2805 4523 defensoresque
2856 4456 3038 4519 pericli
3095 4453 3427 4522 Prospiciens
3480 4469 3692 4506 summa

2115 4535 2307 4580 natura
2342 4527 2526 4579 locari!
2557 4526 2611 4578 in
2630 4541 2770 4579 arce.
2801 4525 2878 4579 Ad
2913 4539 3071 4592 quem
3093 4524 3337 4591 pluribus
3367 4523 3521 4580 alibi.
3544 4523 3692 4576 Sane

2115 4594 2367 4651 fenestrae
2406 4595 2572 4648 animi
2616 4604 2744 4649 sunt.
2791 4594 2967 4658 oculi,
3013 4596 3309 4648 secundum
3370 4593 3691 4646 Salvianuut

2115 4663 2210 4721 lib.
2239 4680 2320 4729 tu,
2348 4664 2423 4718 De
2459 4663 2766 4734 gubernat.;
2797 4664 2992 4730 quibus
3032 4665 3324 4734 secundum
3354 4665 3522 4734 vitam
3555 4662 3691 4715 nihil

2044 4750 2090 4806 ι)
2118 4735 2339 4806 cliarins
2359 4731 2690 4806 lio_miui_bus,
2729 4742 2783 4785 ut
2812 4733 2887 4806 ait
2927 4734 3168 4806 Aponius
3209 4733 3362 4785 ittiliu
3397 4731 3693 4806 Commen-

2118 4804 2238 4857 tarii
2266 4804 2300 4858 6
2328 4804 2379 4857 in
2408 4803 2689 4856 Canticum
2730 4800 3084 4856 canticorum.
3131 4800 3318 4869 itaque
3358 4801 3563 4869 merito
3594 4801 3694 4854 liu-

2111 4888 2283 4928 mana:
2315 4872 2747 4948 felicitatisliona
2783 4885 2906 4939 pars
2928 4872 3031 4925 hoc
3060 4867 3520 4948 sensu:censet‘ur_.
3547 4867 3694 4948 Lyn-

2109 4957 2241 4996 ceus
2269 4952 2444 4997 autem
2478 4937 2864 4996 celeberrimus
2904 4939 3155 4993 acumine
3187 4942 3355 4992 visus.
3391 4937 3694 4992 Notissima

2110 5012 2312 5076 fabula,
2346 5013 2432 5066 cui
2464 5019 2641 5065 tamen
2676 5026 2848 5079 neque
2892 5010 2990 5079 ipsi
3039 5011 3259 5079 lictores
3307 5008 3691 5079 crediderunt.

2111 5074 2427 5150 Apollonius
2454 5074 2799 5150 Argonautié.
2831 5096 2842 5132 I
2875 5094 2889 5129 :
2913 5074 3259 5150 ’Λυγκεὺςᾷδὲ
3286 5074 3694 5150 καλόξυτ-άτοις

2109 5147 2376 5204 ἐκέκαστο
2407 5147 2708 5220 Ὄμμασιν,
2736 5150 2785 5220 εί
2826 5149 2986 5220 έτεόνᾉ
3003 5165 3067 5220 γε
3112 5148 3263 5220 πέλει
3310 5147 3694 5220 κλέοςῌὰνέρα

2116 5222 2294 5274 κεῖδον
2331 5215 2577 5290 Ῥηῖδίως
2610 5220 2704 5273 καὶ
2734 5219 2923 5290 νέρθεν
2968 5218 3072 5271 ὑπὸ
3099 5217 3285 5290 χθονὸς
3326 5215 3688 5290 αὐγάζεσθαι.

2119 5287 2499 5344 l’euelrabilem
2530 5291 2576 5343 ei
2609 5292 2795 5351 aciem,
2841 5289 2982 5342 velut
3026 5291 3170 5342 nullo
3214 5288 3335 5341 loco
3379 5287 3687 5350 exclusam,

2117 5359 2207 5414 dat
2239 5361 2509 5414 Arnobius
2544 5359 2637 5414 lib.
2672 5364 2748 5413 1v.
2779 5358 3109 5413 Felicitatem
3137 5368 3313 5409 tamen
3339 5355 3572 5425 justitize
3606 5356 3692 5408 di-

2111 5428 2414 5484 citIEneas
2462 5439 2663 5483 noster.
2710 5427 2778 5481 Et
2830 5430 3019 5480 tuclmr
3072 5426 3457 5493 interpretatio
3499 5437 3689 5479 nostra

2111 5497 2212 5551 hac
2241 5500 2515 5552 notatione
2544 5515 2661 5565 quzr
2684 5499 2859 5552 omitti
2890 5497 3044 5551 facile
3075 5504 3302 5564 poterat.
3327 5494 3426 5550 ΒΑ.

2180 5570 2290 5638 (60)
2320 5569 2424 5623 CC.
2459 5567 2520 5623 Ρ.
2552 5563 2967 5635 συνταράττοιτο
2994 5563 3125 5637 φύσι
3136 5586 3153 5631 ;
3175 5566 3240 5637 ἢν
3280 5566 3444 5630 αὐτὸς
3475 5563 3687 5632 ἔταξεν,

2110 5639 2196 5693 ἀεὶ
2218 5640 2272 5692 δὲ
2304 5641 2575 5708 συγχωρεῖ
2602 5639 2755 5709 γεγνε
2767 5639 2903 5693 σθαι.
