4014 6140
334 245 442 309 ιρι)

1633 237 1736 296 ΤΗ
1743 237 1938 298 ΕΟΡΗ
1945 239 1990 300 Β
2001 241 2041 298 Α
2050 239 2136 298 ST
2145 241 2254 299 US.

3477 252 3584 316 930

338 351 666 424 συγχωρεῖν,
695 349 770 413 ὡς
809 349 876 404 ἂν
909 347 1176 419 μάθοιμεν
1208 350 1275 418 τῇ
1314 345 1408 400 τοῦ
1436 345 1689 417 ἀμόρφου
1727 364 1908 417 παρα-

2020 348 2291 403 coercuit:
2323 358 2514 418 estque
2545 365 2719 405 caecus
2749 351 2838 406 hic
2874 351 3048 410 factus
3077 353 3296 425 Lynceo
3330 356 3444 426 ipso
3467 358 3584 414 feli-

337 445 506 508 θέσει,
546 436 660 496 οἷον
703 440 766 496 τθ
798 440 1016 504 κάλλος,
1075 439 1172 492 καὶ
1219 437 1342 492 ὅθεν
1373 439 1601 504 ἀφῖκται
1645 439 1712 507 τῇ
1747 437 1909 506 φύσει

336 534 430 590 τοῦ
459 533 744 604 κάλλουςή
775 529 1029 603 χορηγία.
1063 527 1456 600 ’Δκριῦεστέρα
1482 527 1590 598 γὰρ
1615 527 1710 581 τοῦ
1741 526 1908 581 καλοῦ

338 624 573 694 γνῶσις,
611 625 646 694 ἠ
680 623 775 677 τοῦ
809 619 980 676 κακοῦ
1025 619 1274 689 γίγνεται
1314 622 1499 691 πεῖρα.
1531 619 1604 672 Τὸ
1636 619 1693 674 δὲ
1723 618 1911 690 χαριὲο

340 733 554 780 στατον,
609 715 708 786 οὐχ
757 709 840 778 εἷς
882 715 982 784 τῆς
1013 711 1308 782 θεραπείας
1349 711 1378 764 ὁ
1420 711 1640 782 τρόπος.
1687 711 1764 763 Οὐ
1802 709 1909 781 γὰρ

339 807 418 859 ἑνὶ
449 807 730 876 φαρμάκῳ
773 806 807 875 ἡ
833 803 932 874 τῆς
971 803 1231 874 Προνοίας
1259 799 1478 871 ἰατρικὴ
1530 801 1783 872 χρήσαιτ’
1809 801 1874 854 άν
1893 815 1910 834 ·

337 893 451 948 ἀλλ’
495 893 624 948 ἄλλο
679 891 824 963 ἄλλῳ
873 891 1206 963 προσφέρει⁶
1256 890 1430 944 ἅπασι
1459 889 1516 943 δὲ
1566 889 1907 960 προσφέρει·

339 985 561 1056 ποικίλη
613 984 722 1055 γὰρ
753 986 787 1056 ἡ
833 983 1019 1055 τέχνη,
1047 984 1172 1038 ἐπεὶ
1216 983 1286 1037 τὰ
1349 981 1498 1052 πάθη
1550 981 1907 1035 ποικίλλεται.

346 1075 406 1128 Ὃ
436 1075 558 1144 μὲν.
581 1073 660 1143 τῷ
685 1073 761 1143 μὴ
787 1075 942 1144 ὁρᾷν,
967 1072 1062 1127 τοῦ
1086 1072 1270 1136 κακῶς
1293 1073 1424 1143 ὲρᾷν
1446 1071 1736 1142 ἀπηλλάγη
1769 1070 1903 1142 (61)·

338 1165 367 1218 ὁ
401 1165 570 1218 δὲκαὶ
599 1165 790 1218 τούτου
839 1165 1262 1236 καταφρονήσας
1283 1203 1300 1228 ,
1348 1162 1444 1216 τοῦ
1481 1161 1646 1226 ὀξέως
1676 1162 1910 1234 ὁρῶντος

339 1255 592 1326 ὀξύτερος
638 1254 774 1326 πρὸς
813 1253 1008 1325 ἡδονὰς
1063 1253 1237 1324 ἐφάνη
1276 1251 1411 1323 (62),
1461 1251 1560 1306 καὶ
1619 1253 1911 1324 φάρμακον

340 1347 530 1418 ἕτερον
577 1345 844 1417 ἐπιζητεῖ.
905 1345 1106 1399 Ἐνίοτε
1145 1345 1204 1398 δὲ
1237 1345 1330 1398 καὶ
1383 1342 1496 1416 πῦρ
1529 1345 1786 1416 ἀναμένει
1818 1345 1912 1398 καὶ

342 1439 582 1512 σίδηρον.
633 1437 726 1510 Τῷ
778 1439 856 1504 δὲ,
897 1438 1034 1510 προς
1083 1436 1436 1508 σωφροσύνην
1479 1438 1714 1509 ῆρκεσεν
1741 1440 1774 1508 ἡ
1804 1437 1911 1492 τῶν

341 1531 642 1604 χρημάτων
679 1530 882 1602 ἀπορία
905 1545 920 1560 °
961 1531 1058 1584 καὶ
1097 1531 1209 1602 (65)
1254 1531 1400 1603 άλλῳ
1427 1529 1555 1585 ἀλλο
1596 1531 1868 1601 συμφέρει
1893 1545 1906 1559 '

341 1613 435 1679 καὶ
453 1624 516 1677 οὐ
545 1623 738 1678 ταυτδν
757 1621 950 1677 ἀπασι.
984 1623 1095 1677 Καὶ
1128 1624 1358 1678 ἑκάστου
1400 1622 1606 1686 πάθους
1647 1622 1818 1694 συχνά
1843 1622 1912 1676 τά

2011 437 2148 504 cior,
2179 439 2395 506 quando
2425 440 2587 493 simul
2612 441 2774 495 etiam
2793 443 2991 511 justior
3011 447 3204 501 evasit.
3236 445 3422 516 Neque
3453 463 3584 503 vero

2013 527 2195 582 multis
2220 527 2272 582 id
2303 530 2552 584 usuvenit
2580 547 2592 583 :
2624 535 2840 599 quando
2871 533 3092 589 minime
3121 537 3361 604 oportuit
3386 546 3586 604 praeter

2011 629 2264 674 naturam
2305 631 2362 675 ut
2398 623 2682 676 evenirent
2713 623 2963 694 plur-ima,
3000 626 3130 682 dare
3157 646 3172 683 :
3198 629 3294 683 sed
3337 627 3584 699 pulchri-

2014 709 2216 764 tudinis
2247 725 2360 766 sua:
2395 727 2610 776 munus,
2643 725 2854 769 natum
2875 729 3034 784 quam
3067 717 3206 772 Deus
3237 719 3351 787 ipse
3385 718 3586 774 consti-

2014 801 2137 868 tuit,
2169 811 2230 857 ut
2261 817 2327 858 ne
2352 813 2460 858 tota
2493 805 2704 859 turbata
2741 808 2956 862 tandem
2983 819 3344 875 everteretur,
3371 810 3582 866 salvum

2012 903 2172 962 atque
2199 893 2471 964 integrum
2509 897 2760 966 relinqui.
2801 897 2880 952 Ac
2911 915 3104 956 rursus
3150 900 3266 958 lmc
3309 913 3366 958 ut
3394 907 3586 970 eveni-

2011 993 2154 1052 rent,
2179 987 2418 1055 oportuit
2447 990 2694 1054 concedi,
2726 1000 2782 1044 ιιι
2817 991 2865 1045 ei
2896 993 3037 1061 quod
3065 993 3351 1062 pulchrum
3379 1006 3488 1064 est,
3519 1015 3586 1056 eo

2011 1079 2154 1146 quod
2187 1079 2430 1134 deforme
2452 1090 2530 1136 est
2561 1083 2826 1151 opposito,
2861 1094 3191 1154 quantopere
3220 1087 3437 1143 excellit
3467 1091 3585 1158 pul-

2011 1167 2284 1230 chritudo,
2327 1171 2467 1224 unde
2497 1182 2643 1226 esset
2666 1187 2797 1228 suus
2824 1183 3032 1229 naturae
3071 1173 3258 1241 decor,
3292 1189 3588 1247 cognosce-

2014 1273 2218 1314 remus.
2247 1256 2517 1316 Perl'ectio
2543 1263 2686 1317 enim
2717 1279 2882 1334 penes
2906 1279 2998 1320 eos
3024 1275 3109 1322 est
3134 1276 3190 1322 et
3221 1267 3428 1338 plenior
3460 1269 3586 1336 boni

2013 1352 2274 1423 cegnitio,
2327 1353 2415 1422 qui
2469 1354 2734 1408 malorum
2797 1356 2999 1426 aliquid
3061 1360 3269 1429 experti
3317 1372 3462 1417 sunt.
3507 1363 3588 1420 Ac

2013 1443 2154 1512 quod
2184 1442 2549 1514 gratissimum
2585 1456 2690 1510 est,
2730 1461 2834 1500 non
2859 1463 2962 1502 una
2993 1450 3292 1520 eademque
3317 1462 3400 1508 est
3429 1453 3587 1523 hujus

2012 1531 2296 1586 medicinae
2343 1534 2502 1588 ratio.
2553 1532 2680 1590 llaec
2721 1535 2864 1592 enim
2907 1535 3270 1595 Providentiae
3318 1539 3584 1596 medicina

2013 1625 2195 1682 omnia
2239 1627 2457 1697 quidem
2507 1637 2684 1693 curat,
2737 1646 2842 1686 non
2891 1641 3069 1687 autem
3123 1647 3290 1688 unum
3336 1631 3588 1702 idemque

341 1715 631 1786 φάρμακα.
665 1713 828 1768 Ὅθεν
858 1715 890 1786 ή
921 1714 1086 1786 τέχνη
1115 1714 1539 1781 καλλωπίζεται.

2020 1719 2460 1774 medicamentum
2497 1721 2752 1778 omnibus
2799 1720 2974 1788 affert,
3016 1723 3109 1779 sed
3147 1724 3212 1777 ad
3255 1722 3394 1778 alios
3441 1701 3589 1779 mor-

342 1806 439 1862 bos
463 1807 752 1877 pharmaca
778 1807 884 1862 alia
913 1805 1162 1878 profert:
1195 1809 1408 1877 quando
1437 1823 1558 1864 cum
1600 1808 1775 1864 morbi
1806 1808 1917 1864 sint
1981 1810 2134 1865 multi
2186 1819 2242 1866 et
2280 1811 2439 1878 varii,
2511 1827 2602 1867 ars
2645 1828 2861 1883 quoque
2904 1815 3021 1884 ipsa
3067 1814 3346 1885 multiplex
3375 1815 3450 1871 sit
3497 1831 3591 1873 ne-

340 1913 496 1954 cesse
519 1909 624 1954 est.
659 1897 758 1954 Hic
783 1899 1002 1969 quidem
1040 1914 1106 1952 eo
1131 1899 1246 1968 ipso
1273 1899 1417 1969 quod
1453 1899 1526 1954 nil
1562 1899 1726 1964 videt,
1761 1899 1918 1954 malis
1949 1901 2114 1955 etiam
2146 1903 2424 1957 amoribus
2485 1903 2792 1974 prohibitus
2831 1913 2993 1972 atque
3043 1904 3298 1960 exclusus
3330 1913 3456 1958 est:
3490 1903 3580 1958 ille

341 1994 504 2048 etiam
537 1992 638 2046 hoc
663 2001 986 2060 aspernatus
1021 1991 1340 2058 remedium,
1367 1991 1548 2060 aliquo
1572 1992 1679 2046 alio
1746 1991 2072 2046 acutissimis
2133 1992 2304 2048 oculis
2335 1993 2564 2064 praedito
2627 1993 2786 2062 longe
2811 1997 3184 2050 vehementius
3234 1995 3302 2049 ad
3333 1995 3590 2052 libidines

345 2087 538 2151 fertur,
568 2099 634 2140 ac
667 2093 952 2154 propterea
978 2085 1084 2140 alio
1122 2099 1336 2154 quoque
1364 2085 1604 2140 remedio
1641 2099 1776 2154 opus
1803 2083 1986 2138 habet.
2019 2083 2174 2141 Unde
2231 2094 2288 2142 et
2343 2087 2619 2142 interdum
2690 2084 2906 2140 ﬂamma
2969 2095 3063 2142 aut
3110 2087 3256 2144 ferro
3280 2097 3584 2144 coercetur.

343 2177 476 2233 Aliis
499 2177 565 2231 ad
601 2176 1011 2245 temperantiam
1043 2178 1392 2248 pecuniarum
1429 2177 1608 2246 inopia
1670 2175 1941 2232 sulIlciens
1979 2179 2299 2244 remedium,
2355 2178 2476 2234 aliis
2529 2178 2672 2233 aliud
2751 2178 2970 2234 salubre
3024 2179 3144 2235 fuit.
3210 2177 3396 2250 Neque
3447 2180 3587 2235 idem

345 2273 695 2344 pltartnacutn
739 2269 990 2325 omnibus
1023 2268 1351 2324 adhibitum.
1387 2267 1634 2336 Suntque
1661 2267 1826 2324 etiam
1875 2267 2140 2340 cujusque
2171 2269 2344 2326 morbi
2407 2269 2644 2326 remedia
2685 2269 2852 2326 multa
2879 2277 2934 2325 et
2979 2269 3152 2324 varia.
3182 2267 3297 2336 Qua
3333 2270 3401 2326 de
3422 2285 3589 2358 causa

346 2379 434 2419 ars
463 2375 678 2432 quoque
711 2361 824 2430 ipsa
851 2369 936 2415 est
969 2368 1024 2414 et
1056 2359 1284 2414 habetur
1313 2357 1594 2414 illustrior.

427 2451 566 2506 Ἀλλ’
599 2451 627 2502 ὁ
649 2451 746 2521 τῆς
761 2451 1010 2521 ἰατρικῆς
1039 2449 1286 2520 ἄπειρος,
1321 2452 1371 2503 εί
1391 2449 1599 2502 κατίδοι
1628 2448 1914 2518 φάρμακον

2089 2443 2290 2500 Verum
2322 2445 2412 2514 qui
2455 2445 2681 2500 medica:
2727 2443 3002 2500 facultatis
3035 2443 3196 2512 hujus
3229 2453 3316 2502 est
3345 2446 3586 2518 ignarus.

345 2546 482 2616 ὅπερ
529 2543 786 2616 ἠγνόησε,
833 2543 926 2597 τὸν
955 2543 1144 2614 ίατρὺν
1197 2542 1560 2614 ἐλοιδόρησεν.
1607 2541 1668 2594 '0
1704 2540 1750 2594 δ’
1784 2539 1914 2595 ἄνευ

2020 2539 2086 2604 is,
2121 2537 2165 2592 si
2199 2536 2341 2606 quod
2389 2544 2548 2591 antea
2587 2535 2690 2591 sibi
2745 2551 2844 2591 nec
2875 2537 3053 2591 visum
3103 2552 3202 2592 nec
3249 2539 3586 2610 exploratum

344 2637 502 2706 λόγου
526 2636 946 2706 καὶ-ἐπιστήμης
968 2635 1317 2706 ὲπεμὸαίνων
1340 2637 1408 2705 τῇ
1439 2633 1623 2706 τέχνῃ,
1646 2631 1703 2684 ἓν
1729 2629 1914 2701 μαθὼν

2020 2629 2470 2684 medicamentum
2497 2627 2664 2691 videt,
2689 2627 2958 2682 medicum
2991 2627 3168 2697 ipsum
3195 2631 3457 2688 conviciis
3476 2642 3588 2688 sta-

347 2731 661 2800 φάρμακον,
695 2728 850 2782 τοῦτο
879 2727 990 2799 (64)
1027 2729 1194 2781 πᾶσιν
1225 2727 1419 2793 ἐπάγει
1444 2728 1556 2789 τοῖς
1579 2726 1914 2795 κάμνουσιν

2020 2719 2114 2775 tim
2148 2719 2300 2789 petit.
2335 2717 2526 2775 Solent
2557 2719 2704 2772 enim
2741 2718 2830 2786 qui
2861 2717 2980 2774 sine
3005 2720 3214 2776 ratione
3250 2731 3307 2776 et
3339 2722 3588 2779 doctrina

347 2822 504 2874 οὐδὲν
539 2819 806 2892 διορίζων,
841 2820 902 2872 οὐ
950 2819 1114 2889 φύσιν
1159 2819 1220 2872 οὐ
1266 2819 1467 2890 κρᾶσιν
1497 2817 1556 2871 οὐ
1586 2816 1790 2888 χώραν,
1818 2815 1914 2886 οὐχ

2021 2813 2287 2868 medicam
2318 2823 2490 2866 artem
2518 2813 2927 2882 aggrediuntur,
2960 2828 3082 2869 cum
3117 2830 3280 2870 unum
3319 2818 3586 2886 quoddam

345 2909 586 2982 ἠλικίαν,
610 2909 668 2962 οὑ
700 2907 868 2972 πάθος
893 2925 909 2940 ·
932 2901 1010 2963 ὢν
1057 2907 1211 2960 οὐδὲν
1232 2907 1322 2960 τὸν
1349 2903 1743 2975 τεχνικώτατον
1777 2903 1914 2970 παρ-

2024 2905 2479 2960 medicamentutn
2547 2904 2866 2974 cognorint,
2920 2905 3046 2959 illud
3111 2907 3286 2974 ipsum
3341 2909 3590 2964 omnibus

351 3001 608 3072 ἑδραμεν.
649 2999 824 3062 Ὀλως
853 2999 909 3052 δὲ
940 2997 1100 3052 πενία
1130 2998 1225 3051 καὶ
1242 2997 1397 3060 νόσος
1437 2996 1532 3048 καὶ
1560 2994 1626 3048 τά
1651 2993 1914 3062 λεγόμενα

2021 3008 2162 3064 regre
2190 2991 2399 3046 aﬂ'ectis
2435 3006 2652 3062 semper
2675 2993 2962 3060 adhibere,
3005 2995 3148 3049 nulla
3193 3005 3421 3060 natura,
3449 3007 3588 3054 tem-

347 3093 518 3154 κακὰ,
549 3093 659 3154 τοῖς
693 3090 791 3162 μὲν
819 3089 1046 3160 ἀγαθοῖς
1075 3089 1224 3142 οὐδέν
1245 3104 1259 3119 ·
1289 3087 1350 3140 οὐ
1377 3085 1486 3156 γάρ
1514 3086 1594 3146 είς
1625 3083 1854 3136 πλοῦτον
1877 3083 1911 3154 ἢ

2020 3084 2349 3154 peramenti,
2413 3081 2556 3150 loci,
2613 3085 2808 3148 aetatis,
2859 3085 3040 3163 morbi
3095 3087 3277 3140 habita
3333 3090 3586 3144 ratione:

350 3183 596 3254 σώματος
628 3181 842 3253 ῥώμην,
873 3181 906 3252 ἢ
936 3179 1130 3242 κάλλος
1159 3179 1396 3248 αὐτοῖςή
1429 3175 1768 3246 παρασκευή”
1801 3176 1914 3238 τοῖς

2020 3191 2246 3244 quarum
2289 3189 2470 3228 rerum
2504 3189 2626 3229 eum
2671 3176 2762 3244 qui
2805 3179 3012 3246 peritus
3059 3178 3128 3232 sit
3166 3179 3302 3234 artis
3345 3178 3586 3244 medica»,

348 3277 404 3330 δὲ
448 3275 804 3345 φαυλοτάτοις
845 3271 1098 3342 συμφορά
1127 3268 1405 3341 νομίζεται
1429 3285 1444 3299 ο
1482 3265 1600 3320 ἀλλ’
1634 3267 1786 3336 ὅμως
1817 3267 1917 3318 κά-

350 3369 546 3432 κείνοις
576 3367 658 3420 ἔτι
691 3367 890 3438 μᾶλλον
933 3364 1254 3434 συνήνεγκε.
1286 3362 1478 3415 Πᾶσαν
1505 3359 1614 3432 γὰρ
1634 3359 1698 3430 δὴ
1717 3357 1918 3411 κακίαν

351 3460 510 3530 ἡδονὴ
551 3459 650 3529 μὲν
681 3457 869 3526 ὥσπερ
913 3454 1092 3506 ἔλαιον
1143 3452 1316 3521 φλόγα
1367 3450 1650 3518 διεγείρει·
1683 3447 1826 3517 λύπη
1858 3447 1915 3499 δὲ

350 3549 600 3620 καθάπερ
635 3549 664 3601 ὁ
697 3546 1076 3617 μανδραγόρας
1105 3543 1216 3614 (65)
1257 3538 1474 3608 κομίζει
1520 3537 1652 3611 (66).
1705 3539 1778 3590 Οὔ
1807 3537 1916 3606 γὰρ

354 3642 509 3712 μόνον
538 3630 596 3693 ἐν
633 3641 746 3702 τοῖς
789 3637 1054 3707 σώμασιν,
1117 3633 1250 3686 ἀλλά
1286 3633 1382 3686 καὶ
1423 3633 1542 3695 ταῖς
1596 3629 1796 3700 ψυχαῖς
1846 3627 1915 3680 τά

352 3732 568 3787 ἐναντία
593 3729 702 3784 τῶν
719 3729 975 3782 ἐναντίων
1003 3725 1112 3797 (67)
1143 3724 1346 3795 ἰάματα
1377 3725 1644 3792 γίγνεται.
1688 3721 1801 3773 Οὐκ
1831 3718 1916 3772 ἀεὶ

354 3825 406 3880 δὲ
451 3824 724 3898 μέλλουσα
758 3825 924 3877 κακία
965 3820 1105 3890 νόσῳ
1149 3815 1661 3888 προαναστέλλεται.
1703 3813 1917 3898 Οὑγγάρ

499 3915 597 3987 τὴν
622 3913 884 3988 Πρόνοιαν
903 3911 1074 3972 οὕτως
1102 3905 1268 3974 εἶναι,
1288 3907 1362 3970 ὡς
1387 3905 1552 3976 μηδὲν
1575 3904 1724 3974 ἡμᾶς
1756 3897 1914 3956 εἶναι·

252 4064 255 4067 .
355 4011 529 4066 πάντα
578 4009 686 4078 γάρ
716 4005 882 4076 οὔσης
926 4002 1209 4072 Προνοίας,
1237 4000 1346 4054 οὐδ’
1383 3996 1494 4070 (68)
1525 3995 1590 4052 ἂν
1617 3996 1723 4066 είη.
1763 3995 1920 4058 Τίνος

355 4101 458 4173 γὰρ
486 4101 554 4155 ἃν
591 4101 705 4170 εἴη,
745 4098 795 4151 εί
823 4096 884 4150 τὸ
909 4095 1094 4160 Θείον;

2025 3265 2157 3320 nihil
2191 3265 2410 3320 omnino
2439 3267 2788 3336 praeterisset.
2829 3267 3261 3322 Existimaudum
3304 3277 3387 3322 est
3410 3277 3589 3322 autem

2023 3357 2265 3418 omnino,
2309 3371 2408 3410 nec
2443 3357 2776 3427 pauperiem,
2823 3373 2924 3413 nec
2973 3360 3242 3424 morbum,
3296 3373 3394 3413 nec
3441 3374 3591 3429 quae-

2013 3464 2224 3518 cunque
2263 3447 2366 3500 alia
2401 3461 2520 3516 quae
2560 3448 2718 3517 vulgo
2748 3447 3004 3502 videntur
3040 3458 3094 3502 et
3128 3449 3384 3504 dicuntur
3421 3448 3590 3512 mala,

2013 3539 2080 3593 iis
2110 3538 2200 3607 qui
2225 3537 2348 3591 boni
2373 3546 2516 3603 sunt,
2551 3552 2670 3592 esse
2697 3537 2834 3592 mala
2861 3555 2875 3592 :
2904 3539 3119 3606 quando
3160 3539 3260 3608 ipsi
3309 3554 3484 3608 neque
3509 3537 3593 3593 di-

2013 3629 2181 3693 vitiis,
2203 3626 2369 3700 644
2393 3642 2568 3698 neque
2595 3628 2840 3698 corporis
2857 3629 3038 3684 robori
3057 3628 3418 3700 atquel'orma:
3440 3644 3592 3684 com-

2017 3723 2272 3791 parandis
2306 3719 2530 3773 multum
2571 3720 2806 3774 student.
2836 3719 2986 3775 Malis
3017 3729 3193 3777 autem
3241 3721 3355 3774 haec
3404 3720 3593 3776 existi-

2022 3822 2242 3864 mantur
2276 3810 2438 3876 mala,
2473 3825 2591 3878 quae
2621 3811 2783 3864 etiam
2817 3811 2974 3866 bonis
3005 3813 3278 3882 potuerint
3315 3811 3438 3866 boni
3471 3813 3593 3882 plus

2021 3901 2236 3955 afferre.
2285 3898 2478 3954 Omnis
2539 3903 2686 3954 enim
2739 3909 2948 3954 naturae
2999 3901 3265 3956 vitiositas
3314 3901 3595 3969 voluptate

2025 3993 2168 4046 haud
2203 4005 2358 4046 secus
2387 4000 2547 4057 atque
2571 3992 2690 4046 oleo
2721 3990 2934 4046 ﬂamma
2971 3992 3335 4048 exsuscitatur
3365 4010 3379 4044 :
3409 3991 3596 4048 dolore

2026 4099 2156 4140 vero
2188 4098 2286 4138 ceu
2321 4081 2679 4148 mandragora
2705 4081 2935 4150 sopitur.
2969 4081 3157 4152 Neque
3194 4085 3338 4138 enim
3384 4083 3436 4137 in
3479 4097 3598 4138 cor-

356 4171 572 4262 poribus
612 4189 792 4254 modo,
855 4201 1041 4242 verum
1091 4182 1256 4240 etiam
1311 4182 1366 4237 in
1420 4178 1642 4243 animis,
1713 4175 1986 4232 contraria
2024 4173 2315 4233 contrariis
2381 4171 2623 4228 adhibita
2689 4172 2928 4228 remedio
2970 4172 3148 4228 solent
3211 4187 3351 4229 esse.
3406 4171 3596 4243 Neque

354 4287 514 4343 etiam
549 4283 728 4338 futura
759 4279 990 4344 malitia,
1023 4273 1336 4346 priusquam
1377 4273 1428 4328 in
1499 4280 1744 4342 apertum
1813 4279 2082 4338 erumpat,
2114 4279 2328 4335 semper
2387 4264 2570 4334 aliquo
2598 4264 2789 4318 morbo
2820 4263 3169 4332 reprimitur:
3203 4264 3418 4336 quando
3446 4264 3580 4321 Pro-

423 4463 534 4534 (6l)
563 4459 678 4515 Non
715 4468 798 4514 est
831 4459 945 4512 haec
972 4453 1164 4534 Latine
1189 4454 1267 4509 sic
1298 4452 1500 4534 dicere.
1537 4449 1670 4534 Huic
1701 4462 1806 4502 non
1841 4446 1914 4534 vi-

2021 4444 2199 4534 λιμένι
2230 4442 2460 4534 τοῦξοδὲ
2483 4443 2598 4534 ἐρτι
2626 4442 2848 4534 βρῶσις
2877 4442 3177 4534 τούτιρἻάρα
3204 4443 3378 4534 ἐκεῖνο
3397 4442 3594 4534 ἰητέοὲο,

358 4517 482 4588 ἀεῖ-θ
510 4517 730 4601 ῥινοιιειει
755 4545 860 4582 non
904 4527 1119 4601 ardere,
1152 4537 1336 4601 amore
1385 4521 1611 4601 scilicet.
1645 4517 1916 4601 immensa

359 4587 764 4670 commentaria
789 4587 1137 4670 sequentibus
1186 4591 1494 4662 digerendis
1533 4587 1756 4670 implere
1797 4602 1922 4670 pos-

357 4657 450 4730 sis.
486 4672 591 4794 δὲι
623 4685 720 4724 nos
746 4657 988 4736 jamdutn
1020 4665 1208 4718 harum
1244 4657 1498 4718 notarum
1539 4659 1771 4728 spatium
1799 4657 1918 4710 odi-

357 4759 496 4794 mus.
572 4757 624 4794 Α.

357 4759 496 4799 ntus.
527 4757 624 4795 ὕΑ.

425 4813 534 4884 (62)
563 4810 668 4884 QQ.
799 4805 1058 4884 ἀνεφάνη.

425 4873 535 4950 (65)
571 4879 676 4950 CC.
704 4880 762 4950 If.
797 4891 902 4930 non
941 4875 1144 4950 habent
1177 4873 1286 4930 καί,

449 4943 538 5017 64)
571 4949 677 5004 CC.
715 4948 776 5000 Ρ.
801 4943 1211 5017 ταυτδνμπᾷσιν.

449 5005 536 5092 65)
572 5019 939 5086 Μοιιύτεεοτω
971 5013 1048 5092 vis
1091 5014 1248 5092 insita
1300 5007 1596 5092 soporifera
1625 5005 1926 5092 satira-olnt

357 5077 550 5166 quibus
584 5097 762 5158 partes
787 5077 1032 5166 corporis
1066 5077 1416 5166 absecaitt‘lte‘,
1449 5077 1730 5166 sopiantut;
1765 5077 1924 5166 huljus

358 5143 544 5219 ἓιῖέὲὁξ
572 5143 913 5214 Dioscorides
942 5152 1036 5206 lib.
1077 5167 1152 5216 tv,
1180 5166 1229 5204 c.
1260 5143 1654 5222 76.7V’enennm
1685 5143 1924 5222 ejusdem

358 5213 1066 5300 sticeihtlittomodocuretur
1095 5213 1310 5274 tuemini
1352 5221 1530 5299 legere
1577 5215 1715 5282 apud
1752 5213 1923 5292 medi-

358 5319 448 5344 ι-..α
477 5302 697 5344 Paulum
726 5293 928 5344 (Egin.
955 5306 1007 5344 ν.
1040 5305 1088 5344 c.
1109 5291 1220 5344 41).
1249 5289 1608 5344 Valerianum,
1631 5292 1686 5336 et
1707 5282 1920 5335 Actium

357 5319 448 5358 ens
477 5293 697 5355 Paulum
726 5293 928 5365 (Egiu.
955 5306 1007 5350 ν,
1040 5305 1088 5344 c.
1109 5293 1220 5358 41),
1249 5293 1608 5350 Valerianum,
1631 5293 1722 5336 ett

357 5371 565 5444 (Liv,
688 5381 807 5444 I,__c.
827 5359 1072 5444 45.)”BA.

429 5426 777 5512 (θείνωσι).
808 5426 1066 5512 rate“?-
1098 5501 1111 5512 .
1280 5499 1291 5512 .
1787 5490 1815 5512 ..

676 5489 917 5584 ἐναχτίὰ
942 5489 1075 5584 τῷν..
1087 5499 1394 5584 datare/tur:
1417 5494 1679 5584 llvip‘poera
1689 5501 1768 5545 tes

366 5565 678 5653 ὓέίιξίιξὺιιε
704 5593 721 5630 :
748 5576 818 5626 Ὃ
848 5572 1030 5653 τιγάρ
1050 5571 1114 5653 ἂν
1137 5569 1308 5650 λυτΞέῃ
1335 5567 1422 5652 τὸν
1441 5565 1744 5646 ἄνθρωπον,
1768 5565 1925 5653 τοῆτο

363 5638 612 5720 κκλὲεται
641 5645 846 5707 νοῦσος.
874 5643 940 5696 Τί
967 5640 1058 5697 οὖν
1090 5639 1250 5695 λιμοῦ
1285 5638 1604 5706 φάρμακον;
1637 5638 1718 5684 ὅτι
1761 5638 1924 5684 παύει

2025 4508 2193 4578 Αὖθις
2225 4511 2291 4568 αὖ
2319 4514 2479 4585 δίψην
2510 4508 2715 4566 ἔπαυσε
2752 4514 2908 4585 πόσις
2931 4529 2946 4542 ο
2975 4508 3136 4585 πᾶλιν
3171 4508 3258 4585 αὖ*
3277 4508 3597 4585 πλησμονὴν

2028 4591 2172 4652 ίῆται
2207 4581 2456 4647 κένωσις.
2489 4585 2721 4652 κένωσιν
2749 4583 2806 4634 δὲ
2844 4582 3150 4652 πλησμονὴ,
3191 4582 3350 4652 πόνον
3378 4581 3435 4652 δὲ.
3463 4581 3598 4634 ἀπο-

2028 4607 2044 4642 ι
2087 4607 2172 4641 ται
2207 4607 2456 4647 κενωπις,
2489 4607 2716 4636 κενωσιν
2749 4607 2806 4634 ΒΞ
2844 4607 3150 4652 πιιησμυνη,
3191 4607 3350 4635 πυνυν
3378 4607 3434 4632 υἱ
3463 4607 3598 4634 απυ-

2026 4607 2136 4727 ντίη,
2163 4657 2390 4726 ἀπονίην
2412 4655 2477 4727 δὲ.
2499 4652 2679 4727 πόνος.
2695 4651 2909 4727 -Ἑνίδὲ
2935 4652 3184 4727 συντόμῳ
3205 4651 3346 4727 λόγῳ
3368 4651 3434 4727 τά
3452 4653 3599 4727 ὲναν-

2027 4720 2116 4782 τία
2149 4727 2256 4778 τῶν
2299 4720 2557 4777 ἐναντίων
2593 4723 2748 4792 ἐστὶν
2801 4723 3040 4792 ίὴματα·
3081 4720 3454 4792 ἰητρικὴὲγάρ
3481 4721 3598 4774 ἐστι

2030 4795 2322 4867 πρόσθεσις
2350 4795 2442 4846 καὶ
2464 4791 2773 4867 ἀφαίρεσις,
2805 4788 3094 4867 ἀφαίρεσις
3123 4788 3128 4789 ί
3139 4788 3240 4867 μὲν
3273 4788 3395 4867 τῶν
3427 4788 3598 4867 ὑπειρ-

2031 4859 2354 4927 6ἁλλόντων,
2383 4859 2678 4932 πρόσθεσις
2705 4859 2904 4932 δὲὲτῶν
2937 4860 3312 4932 ἐλλειπόντων.
3343 4859 3484 4932 Ideni
3505 4860 3599 4932 _De

2033 4937 2167 4991 locis
2203 4935 2254 4986 in
2290 4927 2546 4985 homine:
2590 4929 2888 5000 Ἐκατέρου
2935 4930 3050 4982 ἐστὶ
3083 4929 3372 4999 φάρμακον
3399 4927 3466 5000 τᾲ
3496 4929 3600 4985 ὑπ-

2034 5002 2254 5058 εναντία
2275 5001 2382 5054 τῶν
2423 4998 2777 5054 ὑπεναντίων.
2796 4997 2996 5054 Caleni
3027 4997 3138 5052 loca
3164 4997 3380 5065 iungunt
3412 4997 3481 5050 sit
3511 5013 3602 5052 n0-

2035 5077 2261 5128 mfnare.
2297 5071 2482 5125 Aetius
2505 5071 2596 5122 lib.
2631 5085 2668 5132 ι,
2703 5079 2740 5122 Ι..
2775 5068 2836 5131 ll,
2863 5084 2912 5122 c.
2943 5069 3011 5123 94
3039 5085 3050 5118 :
3083 5067 3375 5121 Sanitatem
3413 5081 3588 5133 corpo-

2033 5142 2177 5197 ribus
2231 5142 2552 5196 asseruimus
2605 5139 2876 5192 contraria
2929 5137 3250 5190 adhibentes.
3325 5136 3602 5198 Quomodo

2032 5213 2348 5280 capiendum
2381 5212 2449 5265 sit
2487 5211 2588 5264 hoc
2631 5209 2850 5264 scitum.
2897 5219 3086 5280 ut-‘mpe
3133 5205 3416 5280 contrariis
3468 5217 3600 5257 con-

2029 5273 2195 5336 traria
2225 5282 2426 5344 curari,
2463 5289 2713 5345 tanquam
2757 5281 2823 5330 ad
2853 5273 3155 5345 subjectum
3184 5273 3283 5328 sibi
3318 5273 3446 5345 ipsis
3480 5287 3602 5325 cor-

2031 5366 2128 5420 pus
2176 5351 2344 5404 relata
2381 5341 2538 5404 docet
2569 5341 2896 5420 '_Stephanns
2933 5341 3282 5420 Qtlteniensis
3299 5341 3603 5420 “gemmeu-

2031 5409 2166 5475 turio
2205 5422 2256 5473 in
2304 5423 2534 5488 primum
2569 5409 2906 5486 Therapeut.
2947 5411 3139 5468 Caleni
3165 5427 3212 5467 c.
3261 5409 3364 5466 100
3395 5411 3468 5481 (c.
3507 5409 3598 5474 99.

2031 5505 2082 5558 p.
2107 5490 2216 5558 79).
2253 5488 2348 5558 Ba.

2103 5555 2213 5629 (68)
2249 5557 2352 5614 cc.
2390 5555 2450 5611 P.
2479 5555 2652 5612 οὐδέν.
