4014 6140
443 318 543 382 931

1828 291 2069 353 ιΕΝΕᾹΞ
2107 288 2353 351 GAZIEl

3614 277 3717 344 932

441 427 740 483 videntium
775 437 879 476 non
924 419 1163 491 oportuit
1207 413 1473 484 ejusmodi
1526 424 1670 475 esse,
1740 408 1816 462 uti
1863 420 1962 462 nos
1992 406 2050 461 in
2111 403 2339 459 nihilum
2406 401 2628 455 omnino
2675 397 3068 468 redigerentur.
3120 393 3336 448 Etenim
3380 393 3426 446 si
3457 389 3715 491 quidquid

444 531 549 582 est,
594 512 941 569 Providentia
962 482 1070 574 'sit,
1119 482 1256 563 nihil
1299 519 1520 576 prorsus
1569 510 1737 557 esset.
1768 501 1840 555 At
1873 497 2029 566 cujus
2067 510 2273 567 quaeso,
2309 493 2571 563 quidquid
2640 499 2745 555 εει,
2806 498 2972 555 esset,
3002 489 3045 543 si
3071 485 3256 542 divina
3278 486 3468 541 omnia
3502 482 3717 541 forent?

520 612 706 678 Itaque
746 615 996 676 parentes
1048 603 1213 656 etiam
1252 610 1310 656 ut
1342 596 1734 655 imbecillitatis
1779 604 2032 650 natorum

2210 591 2300 645 Διὸ
2331 590 2397 662 δὴ
2427 591 2522 643 καὶ
2538 587 2786 659 πατέρας
2805 586 2906 656 τῆς
2934 585 3045 638 τῶν
3067 582 3402 653 τικτομένων
3434 581 3717 647 ἀσθενείας

446 704 527 760 rei
560 711 685 757 sunt
710 695 1003 752 accusandi
1037 712 1051 748 :
1081 702 1382 748 nascuntur
1400 692 1544 746 enim
1574 707 1640 744 cx
1668 688 1836 743 calvis
1866 685 2025 752 calvi,

448 797 630 863 itaque
656 806 721 845 ex
768 789 925 857 agris
951 787 1079 856 aegri
1106 804 1120 841 :
1153 783 1608 856 quemadmodum
1634 790 1690 836 et
1728 779 2027 849 Hippocra-

449 896 548 950 tes,
587 893 641 936 et
684 884 797 952 ipsa
844 878 989 934 ratio
1023 878 1239 934 docent.
1291 873 1359 930 Et
1401 872 1820 942 intemperantia
1866 879 2029 937 atque

445 977 708 1041 ebrietas,
736 988 798 1027 ea
841 987 961 1043 qua:
998 971 1110 1041 jam
1138 979 1256 1024 sata
1287 968 1524 1032 fuerant,
1554 966 1753 1019 damno
1791 962 2029 1033 plerum-

445 1083 553 1141 que
576 1066 806 1121 aﬂ'ecere
834 1082 847 1119 :
876 1062 1095 1134 quando
1126 1077 1308 1117 semen
1340 1061 1515 1129 ipsum
1551 1056 1791 1112 deterius
1822 1063 1876 1108 et
1907 1068 2027 1109 om-

446 1163 576 1216 nino
600 1158 889 1213 evanidum
925 1163 1030 1219 est,
1061 1168 1125 1207 ac
1147 1152 1312 1207 veluti
1350 1157 1631 1217 argentum
1664 1145 2027 1201 adulterinum

447 1251 675 1308 artiﬁcis
700 1261 919 1301 manum
958 1244 1184 1314 refugit,
1210 1255 1371 1313 atque
1406 1242 1641 1297 formam
1672 1253 1889 1294 omnem
1939 1252 2029 1292 re-

446 1353 621 1403 cusat,
650 1341 735 1396 sic
762 1340 892 1392 illud
937 1337 1113 1406 ipsum
1137 1335 1366 1389 formam
1417 1348 1446 1387 a
1477 1332 1690 1386 ratione
1723 1331 1843 1386 sine
1867 1344 2029 1384 causa

446 1438 693 1505 recipere
715 1432 913 1487 nullam
941 1438 1144 1499 potest.
1172 1428 1349 1496 Atque
1378 1427 1505 1481 hinc
1528 1424 1749 1495 quidem
1784 1431 2029 1478 monstra

446 1525 740 1598 permulta,
791 1522 1054 1590 multique
1104 1519 1278 1573 morbi
1322 1526 1646 1571 nascuntur.
1697 1512 2032 1582 Minimeque

451 1620 568 1674 haec
594 1617 756 1670 etiam
786 1612 1021 1667 utilitate
1050 1625 1146 1665 sua
1175 1616 1389 1673 carent,
1423 1621 1546 1662 cum
1578 1606 1688 1662 sint
1720 1606 2031 1661 hominibus

451 1706 883 1774 intemperantiae
943 1716 1051 1757 non
1097 1701 1330 1755 obscura
1389 1699 1772 1769 reprehensio,
1828 1712 2031 1768 eosque

451 1800 688 1856 excitent
721 1796 905 1859 etiam,
939 1794 1013 1849 uti
1046 1792 1265 1863 vigilent
1300 1791 1492 1859 magis,
1524 1800 1690 1860 atque
1724 1788 1791 1843 ad
1830 1787 2028 1843 libero-

450 1906 571 1947 rum
603 1888 1034 1959 procreationem
1078 1883 1246 1939 sobrii
1290 1882 1469 1953 p0tius
1514 1880 1797 1936 accedant.
1832 1880 2030 1948 Quam-

2137 682 2436 743 αἰτιατέον.
2466 679 2749 749 Γίγνονται
2775 678 2832 731 δὲ
2856 677 2950 731 καὶ
2970 677 3035 729 ὲκ
3067 673 3386 745 φαλακρῶν,
3423 673 3714 745 φαλακροὶ,

2137 778 2201 829 ὲκ
2222 773 2478 853 νοσώδων
2504 771 2781 835 νοσώδεις,
2810 762 2886 832 ὗς
2915 768 3287 839 Ἱπποκράτης
3306 766 3421 836 (69)
3446 765 3716 835 βούλεται,

2136 868 2232 921 καὶ
2256 870 2284 920 ὀ
2314 863 2522 936 ἀληθὴς
2552 863 2733 932 λόγος.
2768 861 2877 916 Καὶ
2900 859 3169 914 ἀκολασία
3202 860 3296 911 καὶ
3319 857 3459 927 μέθη
3486 858 3546 909 τὸ
3573 865 3719 908 erret:

2140 956 2365 1027 ρόμενον
2398 953 2735 1023 κατέϐλαψε,
2765 953 2947 1022 χεῖρον
2991 947 3342 1020 παρεχομένη
3392 946 3455 999 τὸ
3501 947 3719 1015 σπέρμα

2135 1049 2230 1101 καὶ
2256 1047 2499 1119 ἐξίτηλον
2519 1063 2533 1077 ·
2563 1047 2639 1110 ὠς
2675 1045 2750 1116 μὴ
2790 1043 2989 1115 ῥᾳδίως
3015 1042 3313 1111 ὑπομένειν
3351 1038 3450 1109 τὴν
3483 1037 3595 1090 ἀπὸ
3626 1036 3719 1089 τοῦ

2134 1138 2298 1207 λόγου
2337 1138 2585 1209 μορφήν⁹
2617 1131 2731 1190 οἷον
2771 1135 3012 1206 ἄργυρος
3042 1131 3316 1203 κίϐδηλος,
3343 1130 3410 1183 δι’
3436 1128 3722 1183 ἀσθένειαν

2137 1231 2440 1300 ἀποφεύγει
2467 1229 2560 1283 τοῦ
2587 1226 2922 1300 δημιουργοῦ
2974 1225 3075 1295 τὴν
3114 1224 3335 1295 τέχνην,
3361 1223 3457 1276 καὶ
3491 1220 3554 1273 τὸ
3587 1215 3721 1281 εἶδος

2137 1324 2436 1378 ἀναίνεται.
2481 1322 2764 1374 Ἐντεῦθεν
2786 1321 2856 1373 κει
2875 1317 3046 1371 πολλὰ
3069 1316 3273 1387 τέρατα
3303 1312 3399 1367 καὶ
3420 1311 3723 1380 παθήματα

2137 1416 2402 1469 τίκτεται.
2467 1414 2577 1467 Καὶ
2613 1411 2736 1465 οὐδὲ
2796 1409 2970 1464 ταῦτα
3024 1406 3307 1470 παντελῶς
3351 1406 3609 1475 ἄχρηστα
3646 1399 3722 1471 τῷ

2139 1506 2347 1562 παντί·
2391 1505 2612 1575 ἔλεγχος
2648 1504 2757 1574 γὰρ
2792 1500 3086 1563 ἀκολασίας
3127 1499 3396 1568 γίγνεται,
3434 1496 3532 1548 καὶ
3581 1494 3723 1560 ἐγεί-

2140 1617 2223 1670 ρει
2254 1599 2349 1652 καὶ
2388 1596 2749 1669 ἐγρηγορέναι
2796 1595 2923 1657 τοὺς
2958 1592 3152 1656 ἄλλους
3205 1589 3519 1647 ἀναπείθει.
3582 1586 3722 1640 ὥστε

2137 1692 2405 1763 νήφοντας
2457 1691 2537 1753 είς
2595 1686 2946 1741 παιδοποιίαν
3025 1685 3182 1738 ίέναι.
3253 1681 3407 1734 Ἐπεὶ
3464 1683 3563 1734 καὶ
3618 1678 3723 1731 τῶι

2150 1784 2421 1856 Ἐϐραίων
2451 1783 2543 1836 τὸν
2584 1783 2749 1853 νόμον
2777 1780 3094 1851 προσίεμαι,
3127 1776 3189 1841 ὃς
3214 1776 3309 1829 τοῦ
3339 1772 3723 1843 λελωϐημένου

2135 1880 2226 1935 τὸν
2266 1878 2467 1949 πατέρα
2498 1875 2848 1941 κατέλευσεν,
2880 1874 2961 1926 ὅτι
2985 1872 3051 1925 δι’
3079 1870 3353 1942 ἀκρασίαν
3390 1868 3495 1938 τῆς
3531 1880 3722 1934 γυναι-

449 1958 635 2039 obretn
666 1980 1015 2034 Hebraeorum
1043 1977 1215 2048 legem
1242 1977 1365 2045 ipse
1389 1989 1605 2049 quoque
1647 1975 1872 2045 recipio,
1907 1989 2027 2044 quas

2146 1972 2223 2036 ιδς
2270 1970 2363 2024 τὸν
2423 1968 2711 2040 καθαρμὸν
2753 1966 2851 2037 οὐχ
2902 1965 3195 2036 ὑπέμεινεν
3228 1961 3363 2034 (70)·
3404 1961 3528 2014 ὅθεν
3561 1961 3594 2029 ἡ
3624 1958 3722 2029 τῆς

451 2071 626 2128 mutili
673 2066 1079 2141 natkhuminis
1126 2074 1335 2134 patrem
1392 2063 1662 2134 lapidibus
1709 2063 1914 2129 obruit,
1966 2077 2031 2118 eo

2146 2064 2273 2133 ῠλης
2327 2061 2613 2126 πλεονεξία
2665 2060 2761 2114 καὶ
2793 2062 2827 2131 ἡ
2868 2059 3124 2129 αἰσχίστη
3164 2055 3260 2110 τοῦ
3310 2054 3504 2114 παιδὸς
3545 2055 3721 2118 νόσος.

448 2165 594 2233 quod
627 2162 893 2231 tantisper
938 2174 997 2213 se
1030 2158 1332 2222 continere,
1367 2165 1531 2227 atque
1560 2170 1590 2209 a
1638 2155 1863 2211 muliere
1903 2156 2029 2210 dum

2146 2155 2294 2209 Καὶὸ
2320 2154 2427 2208 τῶν
2450 2151 2902 2223 Λακεδαιμονίων
2922 2149 3227 2221 νομοθέτης
3252 2144 3312 2203 εὖ
3336 2146 3721 2211 ἐϐουλεύσατο,

453 2254 655 2308 munda
692 2251 869 2317 fleret,
902 2249 1179 2304 abstinere
1225 2247 1552 2318 nequiverit.
1602 2245 1759 2303 Unde
1792 2246 2033 2300 materia:

452 2349 617 2404 nimia
646 2347 825 2412 conia,
859 2354 913 2400 ct
936 2344 1281 2413 turpissimus
1305 2340 1457 2411 pueri
1494 2342 1716 2395 morbus
1747 2353 2032 2395 enascere-

452 2447 543 2494 tur
569 2453 788 2492 necesse
814 2436 934 2491 fuit.
961 2434 1027 2489 Et
1048 2433 1582 2488 Lacedaemoniorum
1610 2431 1884 2501 Iegislator
1930 2433 2028 2485 hoc

458 2529 578 2598 ipso
614 2527 922 2597 reipublicae
967 2541 1077 2580 sua:
1122 2524 1382 2596 prmclare
1431 2522 1688 2589 consulit,
1743 2522 1884 2592 quod
1932 2535 2033 2576 nec

454 2620 703 2674 muliebri
739 2618 890 2673 sexui
922 2617 1117 2686 quietis
1171 2626 1334 2686 atque
1368 2615 1465 2669 otii
1506 2613 1682 2668 locum
1711 2614 1874 2667 ullum
1914 2614 2035 2669 reli-

450 2711 634 2781 querit
661 2728 675 2764 :
710 2710 1055 2774 existimans,
1088 2707 1132 2763 si
1169 2717 1401 2775 uterque
1423 2719 1628 2773 parens
1658 2705 2031 2761 roborelabo-

2138 2247 2258 2301 οὐδὲ
2280 2249 2402 2310 ταῖς
2426 2246 2674 2316 γυναιξὶν
2696 2247 2885 2317 ἀργεῖν
2910 2244 3231 2315 συγχωρῶν·
3262 2238 3594 2311 ἀμφοτέρων
3620 2238 3728 2307 γὰρ

2137 2342 2307 2395 ὄντων
2327 2338 2843 2412 ὲρῤωμενεστέρων,
2866 2336 3318 2410 ἐρρωμενέστερα
3341 2332 3409 2386 τὰ
3432 2331 3726 2401 τικτόμενα

2139 2433 2286 2501 φιλεῖ
2310 2432 2616 2502 γίγνεσθαι.
2631 2426 2801 2495 Οὗτος
2821 2431 2917 2501 τῆς
2940 2428 3246 2501 Προνοίαςὸ
3268 2425 3446 2495 λόγος,
3479 2424 3539 2477 ὃν
3559 2423 3727 2485 οὐδεὶς

2140 2526 2451 2597 μέμφεται,
2509 2525 2650 2597 πλὴν
2687 2522 2884 2595 ἀλογίᾳ
2936 2521 3253 2594 χρώμενος·
3308 2518 3502 2588 ὥσπερ
3545 2518 3597 2569 οί
3632 2516 3729 2585 τῆς

2137 2616 2417 2689 γραφικῆς
2446 2618 2687 2687 ἄπειροι,
2719 2617 2769 2670 οἳ
2813 2618 2884 2671 τὰ
2914 2614 3135 2669 ποικίλα
3186 2612 3282 2668 καὶ
3328 2611 3592 2683 γλαφυρά
3637 2610 3729 2664 καὶ

2137 2709 2394 2779 χαρίεντα
2422 2709 2524 2778 τῆς
2554 2708 2752 2780 τέχνης
2780 2707 3121 2773 κακίζουσιν.

462 2808 613 2861 ribus
653 2806 973 2860 conﬁrmato
1002 2802 1335 2873 praepolleat,
1372 2812 1625 2870 Oportere
1651 2801 1812 2855 etiam
1861 2804 2192 2859 robustiores
2246 2805 2446 2861 liberos
2503 2807 2669 2878 gigni.
2733 2806 2911 2876 Atque
2965 2805 3079 2859 haec
3105 2812 3188 2860 est
3220 2803 3312 2858 illa
3342 2801 3706 2857 Providentiae

456 2903 618 2964 ratio,
652 2916 810 2970 quam
862 2900 965 2953 nisi
1004 2899 1096 2968 qui
1151 2898 1363 2951 ratione
1413 2905 1559 2950 recta
1605 2896 1893 2953 destitutus
1932 2907 2037 2962 est,
2094 2903 2442 2969 reprehendit
2485 2916 2666 2960 nemo.
2724 2902 3194 2970 Quemadmodum
3257 2902 3422 2957 etiam
3465 2900 3559 2970 qui
3589 2901 3713 2968 pin-

460 2991 617 3059 gendi
651 2999 823 3043 artem
857 2988 1131 3058 ignorant,
1162 2985 1436 3041 interdum
1481 2984 1644 3039 etiam
1710 2986 1953 3057 picturas
1983 2988 2153 3058 varie,
2217 2992 2375 3059 scite,
2441 3002 2496 3048 et
2538 3003 2597 3047 ut
2630 2992 2904 3049 delectare
2935 2992 3166 3064 possint,
3201 2992 3371 3048 factas
3412 2990 3705 3061 reprelien-

457 3088 833 3229 ὁῃῖίιιίεοιδιι.
876 3170 956 3225 An
988 3184 1118 3224 vero
1150 3183 1254 3222 non
1294 3168 1537 3237 iniquum
1572 3175 1679 3236 est,
1721 3168 1885 3223 alium
1915 3168 2037 3238 qui—

2211 3168 2408 3224 ΘΕυΦ.
2437 3165 2551 3223 Εἶτ’
2607 3170 2709 3223 οὐκ
2763 3167 3077 3238 ἀνώμαλον,
3127 3167 3215 3220 τὸν
3244 3166 3367 3235 μὲν,
3417 3166 3572 3234 παρὰ
3617 3170 3726 3238 τὴν

460 3271 580 3324 dem
626 3276 681 3320 ut
714 3264 947 3334 primum
990 3270 1154 3315 natus
1198 3269 1300 3324 cst,
1332 3260 1441 3313 vita
1472 3260 1692 3328 privari,
1730 3259 1892 3313 alium
1925 3274 2038 3313 rur-

2146 3264 2348 3333 γένεσιν
2389 3264 2662 3330 τεονᾶναι,
2690 3261 2781 3317 τὸν
2815 3261 2894 3329 δὲ,
2918 3259 3010 3314 ἐπὶ
3033 3261 3239 3333 γήραος
3257 3258 3394 3329 οὐδῷ

460 3376 553 3415 sus
574 3361 676 3411 hac
710 3358 820 3426 ipsa
860 3354 925 3407 ad
947 3352 1189 3406 ultimam
1227 3366 1397 3422 usque
1424 3358 1757 3406 senectutem
1791 3350 1938 3404 frtri?

535 3466 773 3524 AXITll.
820 3466 1000 3521 Vitam
1032 3464 1328 3520 humanam
1371 3463 1534 3530 Deus,
1556 3463 1807 3517 utilitatis
1839 3473 2043 3518 nostrae

462 3556 645 3610 habita
691 3553 920 3617 ratione,
968 3562 1022 3607 et
1056 3561 1115 3607 ut
1156 3552 1377 3609 brevior
1419 3551 1511 3616 sit,
1547 3552 1841 3615 contrahit,
1887 3561 1943 3607 et
1987 3561 2046 3606 ut

463 3644 536 3700 sit
579 3642 908 3706 diuturnior,
957 3641 1228 3709 producit.
1284 3640 1498 3695 Etenim
1547 3640 1745 3703 anima,
1793 3642 1838 3695 si
1884 3641 2046 3695 citius

468 3733 710 3797 recedat,
741 3731 1023 3786 materiam
1061 3732 1144 3786 cui
1180 3730 1410 3786 formam
1446 3730 1613 3798 dedit,
1645 3746 1710 3786 eo
1743 3731 1858 3800 ipso
1881 3746 2041 3784 orna-

463 3828 722 3896 vitzipsa
762 3824 892 3879 vero
938 3825 1074 3878 citra
1125 3823 1512 3879 detrimentum
1569 3837 1725 3876 suum
1766 3824 2041 3888 discessit,

465 3920 687 3989 quando
717 3916 1087 3987 generationis
1124 3915 1556 3985 experimentum
1587 3913 1793 3969 lucrata
1843 3922 1947 3978 est,
1988 3922 2045 3971 et

466 4010 717 4080 opposito
764 4007 867 4063 sibi
907 4021 1134 4076 corpore
1166 4006 1406 4073 mortali,
1445 4015 1652 4076 quanto
1677 4014 1898 4078 praestet
1940 4006 2044 4061 iut-

467 4098 749 4154 tnortalem
797 4111 959 4165 esse,
1009 4096 1221 4167 plenius
1269 4104 1432 4166 atque
1482 4095 1675 4151 melius
1727 4096 1980 4166 cognovit
2024 4114 2039 4150 :

466 4191 698 4260 denique
729 4191 890 4244 ctiam
927 4187 1353 4243 immortalitatis
1378 4188 1639 4243 rationem
1669 4189 1888 4244 mortali
1921 4203 2041 4244 cor-

469 4283 588 4351 pori
641 4282 858 4345 inserit,
910 4292 1073 4352 atque
1113 4281 1360 4336 homines
1409 4281 1649 4351 reliquos
1691 4282 1926 4348 edocuit,
1978 4294 2045 4336 ne

465 4375 646 4429 onmia
685 4383 889 4427 natura:
915 4375 1161 4429 credant.
1205 4372 1390 4443 Neque
1428 4374 1570 4427 enirn
1602 4374 1718 4428 haec
1748 4373 2041 4427 dominium

470 4467 591 4522 vitae
621 4467 774 4522 habet
802 4485 817 4522 :
846 4466 1083 4537 alioquin
1119 4481 1241 4522 eam
1269 4466 1436 4520 certis
1462 4465 1671 4537 legibus
1702 4466 2042 4529 extenderet,

541 4664 654 4737 (69)
685 4662 844 4737 Libro
884 4661 956 4715 De
984 4676 1124 4737 agre,
1163 4659 1374 4737 locis_et
1411 4675 1567 4737 aqua:
1583 4674 1609 4737 Ξ
1643 4659 1879 4737 Ὀ-γόως
1909 4675 2043 4737 πανὶ
2076 4669 2119 4725 υ

468 4728 696 4805 ταῂόθεν
730 4732 969 4805 ἔρχεται,
1009 4730 1119 4805 ἀπό
1151 4745 1209 4780 τε
1247 4728 1385 4805 τῶνῌ
1404 4729 1655 4805 ὑγιηρῶν
1697 4729 1922 4805 byn-mil;
1947 4729 2041 4805 τρῡ

471 4799 889 4873 σιὶἱματος,’ἆπό
934 4818 997 4873 τε
1036 4799 1145 4873 τῷν
1191 4799 1443 4873 νοσερῶν-
1467 4799 1725 4873 νοσερόςί
1748 4801 1796 4873 εί
1834 4799 1931 4873 οῦν
1958 4800 2043 4868 γί-

469 4869 687 4946 γνόνται
717 4871 780 4924 ἐκ
800 4888 857 4946 τε
889 4872 1003 4946 τῷνΔ
1021 4870 1314 4946 φαλακρῶν
1355 4869 1623 4946 φαλακροὶ
1645 4870 1749 4946 καὶ..
1780 4872 1843 4946 εκ
1867 4871 2043 4946 ςγλαυτ

470 4939 582 4998 κῶν
605 4942 837 5008 γλαυκοὶ
865 4943 961 4996 καὶ
990 4942 1053 4993 ὲκ
1089 4939 1553 5011 διεστραμμένων
1572 4958 1632 4993 στ
1676 4940 1817 4992 εϐλο).
1851 4940 1925 5002 ὡς
1953 4939 2046 4992 ἐπὶ

470 5015 530 5063 τὸ
547 5013 771 5063 πλῆθος.
804 5012 899 5063 καὶ
923 5012 1051 5063 περὶ
1071 5009 1170 5063 τῆς
1196 5010 1359 5063 ἄλλης
1398 5010 1607 5063 uocaui:
1632 4957 1670 5063 ἴ
1686 5009 1845 5063 αὐτὸς
1868 5010 2044 5063 λόγος.

469 5015 530 5067 τὸ
547 5013 771 5080 πλῆθος,
804 5012 899 5065 καὶ
923 5012 1051 5082 περὶ
1071 5009 1170 5079 τῆς
1196 5009 1369 5079 ἄλλης
1397 5010 1607 5081 μορφῆς
1632 5009 1660 5063 ό
1686 5009 1845 5072 αὐτὸς
1868 5010 2044 5077 λόγος,

469 5084 521 5138 τί
556 5082 753 5137 κωλύει
797 5082 892 5134 καὶ
923 5082 988 5133 ὲκ
1036 5080 1455 5150 μακροκεφάλου
1503 5077 1916 5149 μακροκέφαλον
1963 5079 2050 5146 γί-

470 5153 730 5223 γνεσθαι;
764 5150 1204 5223 llebrworuutet
1242 5150 1633 5223 Spartanorum
1687 5150 1859 5223 leges,
1884 5163 2043 5223 quas

470 5220 736 5344 meritorii;
768 5230 978 5291 postea,
1006 5220 1206 5274 nemini
1250 5230 1376 5273 sunt
1420 5220 1649 5289 ignaue,
1708 5220 1801 5274 sed
1847 5220 2043 5288 ubique

471 5295 663 5344 obvia‘.
738 5311 787 5344 Α.

566 5308 663 5345 lli“.
694 5308 787 5345 UA.

810 5360 884 5433 7P.
912 5360 979 5414 δι’
1002 5359 1273 5432 ἀκρασίαν
1304 5359 1405 5430 τὴν
1436 5356 1705 5428 κάθαρσιν
1732 5359 1829 5427 τῆς
1859 5374 2044 5426 γυναι-

470 5431 566 5493 κὸς
594 5431 695 5483 οὐκ
723 5432 1027 5493 ἀνέμεινεν.

540 5501 653 5569 (fit;
682 5500 787 5555 CC.
814 5499 873 5555 P.
907 5499 1218 5569 ὠφελείαις.

545 5567 1139 5639 (72)1“νώσεως“νυιεο
1185 5568 1389 5624 editum
1428 5578 1533 5623 est.
1584 5569 1689 5625 Sed
1732 5580 1918 5639 veram
1969 5567 2046 5622 le-

746 5649 972 5758 uéerqito
1004 5636 1275 5710 interpres
1321 5640 1593 5710 agnoszit,
1642 5638 1961 5695 Ambrosius
1992 5646 2048 5695 et

719 5743 733 5759 .
809 5724 863 5762 ι.
2012 5743 2017 5747 ~

719 5743 733 5759 ο
766 5724 863 5762 ιιι.

2207 3460 2385 3516 ΔΞΙΘ.
2420 3459 2552 3524 Θεὸς
2598 3460 2686 3513 ἐπ’
2742 3459 2979 3530 ὠφελείᾳ
2998 3459 3110 3530 (71)
3150 3457 3457 3516 συστέλλει.
3503 3458 3599 3513 καὶ
3636 3458 3729 3511 ἐπὶ

2141 3550 2485 3622 μακρότατον
2518 3550 2751 3621 προάγει
2783 3550 2874 3603 τὸν
2914 3549 3028 3620 βίον
3052 3565 3065 3579 ’
3101 3550 3149 3602 εί
3200 3550 3305 3619 μὲν
3345 3547 3454 3619 γὰρ
3502 3549 3536 3620 ἡ
3581 3548 3728 3619 ψυχὴ

2143 3642 2336 3696 θᾶττον
2366 3640 2592 3696 ἀπέλθοι
2614 3682 2629 3706 ,
2652 3641 2982 3713 διεκόσμησε
3006 3642 3105 3711 μὲν
3134 3639 3233 3711 τὴν
3256 3640 3412 3709 ὓλην,
3498 3638 3560 3692 τὸ
3590 3634 3728 3702 εἶδος

2138 3733 2448 3804 ἐπέθηκεν·
2484 3731 2622 3804 αὑτὴ
2682 3730 2741 3786 δὲ
2795 3732 2903 3803 πρὸ
2953 3732 3053 3802 τῆς
3100 3730 3306 3801 βλάϐης
3342 3729 3577 3801 ἀπῆλθε,
3634 3714 3727 3785 καὶ

2145 3826 2546 3898 προσεκέρδανε
2595 3825 2694 3895 τῆς
2727 3822 2985 3892 γνώσεως
3023 3824 3121 3895 τὴν
3149 3826 3345 3892 πεῖραν
3372 3824 3508 3893 (72),
3537 3823 3627 3877 καὶ
3658 3826 3724 3893 τῇ

2139 3918 2438 3989 παραθέσει
2476 3916 2571 3972 τοῦ
2599 3915 2795 3985 θνητοῦ
2829 3916 3082 3988 σώματος
3103 3915 3163 3970 τὸ
3196 3916 3465 3971 ἀθάνατον
3504 3916 3726 3985 ἄμεινον

2140 4011 2303 4080 ἔγνω,
2338 4010 2433 4064 καὶ
2465 4009 2577 4082 (75)
2609 4008 2689 4080 τῷ
2718 4007 2900 4079 θνητῷ
2931 4007 3149 4079 σώματι
3175 4007 3273 4077 τῆς
3304 4007 3607 4071 ἀθανασίας
3637 4006 3727 4058 τὸν

2139 4102 2299 4170 λόγον
2328 4100 2439 4172 (74)
2491 4100 2912 4170 ὲγκατέσπειρε,
2948 4099 3040 4153 καὶ
3080 4100 3206 4162 τοὺς
3233 4098 3392 4161 ὄντας
3434 4097 3545 4168 (75)
3586 4095 3725 4153 ἐκδι-

2139 4192 2332 4247 δάσκει
2371 4190 2448 4263 μὴ
2477 4191 2657 4246 πάντα
2689 4193 2755 4261 τῇ
2807 4189 2968 4259 φύσει
3005 4190 3303 4246 πιστεύειν.
3335 4190 3411 4244 Οὐ
3445 4189 3556 4260 γὰρ
3589 4187 3725 4255 αῦτη

2140 4283 2235 4339 τοῦ
2268 4284 2367 4355 ζῇν
2388 4282 2501 4353 ἔχει
2532 4283 2593 4336 τὸ
2618 4282 2784 4353 κῦρος
2804 4298 2817 4311 ·
2850 4278 2886 4354 ἦ
2916 4282 3023 4354 γὰρ
3047 4282 3116 4336 ἂν
3139 4283 3232 4336 ὲπὶ
3254 4285 3439 4355 ῥητοῖς
3457 4280 3722 4352 προῦϐαι-

2143 4391 2223 4437 νε,
2252 4374 2349 4427 καὶ
2376 4375 2467 4427 τὸν
2496 4375 2686 4445 χρόνον
2712 4373 2953 4445 διώριζε,
2983 4374 3078 4427 καὶ
3110 4373 3300 4426 τοῦτον
3330 4374 3535 4427 ἆπασιν
3565 4374 3722 4443 ἐχορ-

2144 4468 2288 4537 ήγει,
2341 4466 2492 4520 οὐδὲν
2546 4465 2975 4539 περισκοποῦσαθ
3006 4467 3117 4520 εἴτε
3169 4465 3281 4537 (76)
3330 4466 3581 4538 ἄμεινον,
3618 4466 3723 4518 εἴτε

2218 4662 2330 4731 (75)
2363 4661 2441 4716 Ex
2470 4660 2573 4717 CC.
2600 4660 2662 4715 Ρ.
2694 4661 3036 4718 inserendum
3076 4661 3137 4716 τὸ
3168 4662 3445 4731 μέγιστον.

2218 4734 2333 4803 (74)
2356 4733 2549 4801 Λόγον,
2573 4732 3001 4786 convenientiam
3022 4733 3383 4795 indelebiletn,
3407 4734 3523 4789 sive
3539 4733 3726 4788 formae

2144 4805 2409 4858 rationem
2438 4812 2755 4872 perpetuam
2795 4804 3050 4872 inrcrum
3077 4803 3261 4872 specie
3300 4817 3539 4872 quaque,
3569 4804 3727 4859 intel-

2144 4875 2269 4941 lige.
2306 4874 2404 4942 Sig
2434 4870 2569 4926 infra
2602 4888 2655 4941 p.
2683 4870 2790 4942 65:
2835 4870 2926 4936 Ἐξ
2948 4870 3081 4937 ὕλης
3109 4870 3213 4942 καί
3243 4870 3508 4936 είδουςίτδ
3542 4875 3721 4942 σῶμα’

2142 4937 2313 5012 η’μὲν
2347 4937 2439 5012 οὖν
2475 4942 2576 5012 ῦλη
2602 4937 2891 5010 ’φθείρεται
2932 4942 3024 5012 καί
3064 4941 3369 5003 διαλύεται,
3421 4943 3577 5012 μένει
3612 4937 3666 4998 δὲ
3699 4946 3727 4997 ὁ

2145 5010 2329 5074 ἄνισος
2358 5010 2451 5065 τοῦ
2498 5010 2673 5074 εἴδους
2706 5012 2733 5063 ό
2762 5012 2939 5079 λόγος.
2971 5010 3030 5064 ΕΙ
3077 5027 3200 5065 mox
3237 5029 3249 5064 :
3281 5012 3387 5065 Καὶ
3420 5010 3448 5065 ό
3469 5014 3579 5066 τῶν
3600 5014 3724 5067 όλυο

2184 5081 2259 5134 ὦν
2285 5081 2438 5149 λόγος
2459 5081 2656 5150 ὀλάρας
2685 5080 2933 5133 διέσωσε.
2969 5084 3031 5134 lit
3062 5093 3179 5146 pust
3210 5083 3386 5150 paullo
3418 5100 3431 5135 :
3461 5083 3524 5135 El
3548 5086 3727 5150 τοίνυν

2149 5098 2259 5203 ρων
2286 5098 2438 5149 Λόγος
2459 5098 2656 5150 ολιιρας
2685 5098 2933 5133 οιεσωσε.
2969 5098 3031 5134 ιιι
3062 5098 3179 5146 pust
3210 5098 3386 5150 paullo
3418 5100 3431 5135 :
3462 5098 3524 5135 bl
3548 5098 3723 5138 τνιινυν

2181 5170 2207 5203 ν
2236 5154 2347 5214 τοῖς
2381 5150 2593 5221 θνητοῖς
2621 5152 2648 5203 ό
2672 5151 2763 5203 τοῦ
2806 5151 2978 5214 εἴδους
3016 5150 3173 5220 λόγος
3217 5152 3506 5214 ἀθάνατος,
3545 5149 3590 5276 δὲ
3621 5152 3723 5207 τ.ού

2151 5236 2215 5276 γε
2249 5223 2346 5276 τῆς
2369 5221 2638 5274 ἀθανάτου
2667 5219 2841 5276 φυγῆς
2868 5221 3134 5276 ἀθάνατος
3158 5224 3185 5274 ὁ
3203 5222 3379 5276 λόγος.
3405 5224 3500 5275 καὶ
3528 5241 3556 5276 ο
3598 5239 3723 5276 ποτε

2151 5236 2215 5288 γε
2249 5223 2346 5285 τῆς
2369 5219 2638 5274 ἀθανάτου
2667 5219 2841 5290 ψυχῆς
2868 5221 3134 5284 ἀθάνατος
3158 5224 3185 5274 ὁ
3203 5222 3379 5290 λόγος,
3405 5224 3500 5275 καὶ
3528 5219 3725 5276 οὔποτε

2154 5290 2329 5360 χρόνῳ
2360 5290 2652 5345 διόλλυται.
2680 5320 2737 5329 --
2793 5290 3239 5360 Ἐγκατέσπειρε.
3285 5291 3421 5345 Alibi
3465 5293 3569 5348 hoc
3603 5292 3726 5347 Dia-

2143 5361 2264 5429 logo
2286 5361 2559 5414 concludit
2586 5362 2700 5414 fieri
2726 5362 2949 5431 omnino
2974 5376 3079 5415 non
3113 5376 3290 5431 posse,
3321 5370 3381 5414 ut
3412 5375 3612 5431 corpus
3633 5365 3724 5416 ltu-

2145 5446 2361 5483 manum
2392 5445 2614 5499 prorsus
2646 5429 2945 5484 aboleatur.
2969 5429 3164 5486 Anima
3186 5432 3330 5485 enim
3350 5432 3487 5485 mori
3513 5429 3720 5495 nescia,

2143 5513 2266 5556 cum
2302 5499 2467 5570 setnel
2504 5499 2552 5553 id
2587 5499 2937 5570 habitaverit,
2963 5500 3179 5570 reliquit
3212 5502 3265 5557 in
3289 5514 3357 5570 eo
3381 5502 3590 5556 semina
3625 5502 3723 5570 im-

2147 5569 2487 5642 mortalitatis
2500 5582 2744 5642 eamque
2788 5569 2887 5639 ipsi
2918 5569 3193 5642 impressit
3224 5569 3589 5627 indelebilem.
3622 5569 3737 5641 ΒΑ.Δ

2217 5637 2331 5707 (75)
2361 5637 2467 5707 CC.
2498 5635 2561 5707 Ρ.
2590 5635 2823 5701 ζῶνταςξ
2946 5681 2967 5690 -

2216 5705 2327 5779 (76)
2352 5705 2456 5764 CC.
2494 5705 2554 5764 P.
2587 5706 2711 5763 οὕτε
2738 5707 2864 5779 ἄμ.,
2899 5708 3021 5766 οὔτι
3053 5711 3149 5784 μή.
