4014 6140
314 317 423 380 933

1604 312 2236 378 THEOPHRASTUS.

3476 325 3581 389 93b

319 438 415 507 μή.
482 430 748 504 Προνοίας
807 429 937 501 γὰρ,
1027 430 1089 483 οὐ
1138 428 1378 498 φύσεως,
1438 427 1615 480 τοῦτο.
1687 428 1885 500 Διόπερ

2003 445 2067 484 ac
2092 439 2315 498 .tempus
2341 429 2457 497 ejus
2502 430 2747 484 terminis
2789 430 2902 484 suis
2938 430 3209 517 definiret,
3240 441 3403 501 a'qnc
3441 436 3579 490 adeo

313 526 584 596 aiis-1H7?)
624 523 757 594 πρδς
789 522 851 574 τὸ
871 520 1186 574 λυσιτελοῦν
1221 521 1282 574 τὸ
1318 520 1577 591 διάφορον
1610 519 1723 590 ἔχει
1753 520 1891 591 (78),

314 618 410 672 καὶ
463 615 807 688 μετατίθεται
849 613 924 676 ὡς
976 612 1041 666 ἂν
1071 612 1149 682 τῷ
1200 611 1581 665 ὲπιστατοῦντι
1629 612 1738 665 τῶν
1758 612 1894 664 ὅλων

311 706 465 774 δοκῇ.
506 704 570 756 Ei
624 702 683 755 δέ
723 719 810 764 τις
836 704 916 764 είς
954 701 1131 771 γῆρας
1163 701 1437 769 ἀφίκοιτο,
1483 701 1731 765 κίνδυνος
1766 701 1889 771 μὲν,

316 795 578 869 μειζόνων
605 794 662 847 δὲ
717 793 828 846 τῶν
855 793 1033 847 ἄθλων
1065 792 1405 863 ἀπήλαυσεν,
1454 794 1504 846 εί
1534 792 1604 845 τὰ
1629 809 1890 863 προειρηο

316 890 454 961 μένα
509 886 699 959 μαθὼν
759 886 854 939 καὶ
899 885 1166 955 ποιήσας,
1226 884 1409 937 πᾶσαν
1457 900 1517 935 τε
1558 884 1752 952 σοφίαν
1798 884 1894 936 καὶ⁸

312 980 627 1049 ἐπιστήμην
676 978 771 1031 καὶ
812 977 1009 1046 τέχνην
1042 974 1356 1043 εἰσαγαγὼν
1386 973 1463 1043 τῷ
1503 974 1603 1045 βίῳ
1626 988 1641 1001 ·
1691 973 1786 1028 καὶ
1817 973 1893 1044 μὴ

310 1073 479 1146 μόνον
517 1069 731 1131 ἑαυτὸν,
768 1068 903 1121 ἀλλὰ
942 1067 1034 1120 καὶ
1067 1066 1167 1137 τὴν
1210 1066 1315 1137 γῆν
1347 1067 1565 1121 ἃπασαν
1591 1066 1894 1135 διακοσμή-

315 1178 417 1225 σας
441 1161 554 1233 (79)
613 1158 838 1213 ἀπέλθοι
862 1173 879 1191 ο
926 1158 989 1210 οὐ
1043 1157 1153 1228 γὰρ
1213 1157 1322 1210 ἔδει
1359 1156 1451 1210 τὸν
1499 1156 1662 1210 αὐτὸν
1704 1155 1892 1227 χρόνον

310 1255 487 1310 ἅπασι
542 1251 892 1323 διορίζεσθαι.
935 1248 1013 1303 ἾΙ
1061 1251 1169 1321 γὰρ
1195 1249 1261 1303 ἂν
1308 1248 1571 1321 ἀσελγείᾳ
1626 1248 1896 1319 συζήσαν-

313 1364 407 1411 τες
439 1345 554 1417 (80)
608 1345 913 1415 ἄνθρωποι,
994 1342 1319 1415 σωφροσύνῃ
1375 1343 1526 1413 παρὰ
1544 1342 1644 1411 τὴν
1701 1341 1894 1395 πολιὰν

310 1437 659 1509 ὲπερείδοντο
717 1436 829 1505 (81)
864 1453 877 1466 ·
944 1437 1040 1489 καὶ
1076 1436 1134 1487 ὲν
1185 1433 1376 1506 ἡλικίᾳ
1432 1436 1545 1497 τοῑς
1591 1432 1893 1503 ἀλλοτρίοις

311 1527 787 1601 ὲντρυφήσαντες,
821 1523 918 1578 τοῦ
966 1525 1154 1594 γήρως
1198 1524 1299 1592 τὴν
1330 1522 1675 1594 δικαιοσύνην
1719 1522 1893 1592 προὺ-

310 1620 589 1675 6άλλοντο.
610 1619 672 1671 Ei
707 1616 817 1688 γὰρ
846 1616 940 1669 νῦν
964 1614 1265 1668 ἀκολασίαν
1295 1614 1386 1668 καὶ
1416 1613 1726 1677 πλεονεξίαν
1752 1613 1893 1666 abun

314 1712 491 1781 ῥᾷστα
520 1705 831 1768 διώκουσιν,
863 1707 963 1758 οὐκ
999 1704 1200 1765 ειδότες
1228 1703 1277 1755 εί
1330 1703 1493 1773 μέχρι
1512 1702 1616 1772 τῆς
1649 1702 1891 1772 ἑσπέρας

1996 517 2138 571 illan)
2180 518 2353 581 ipsam
2401 518 2939 587 suppeditarennec
2988 526 3167 570 utrttm
3211 520 3403 572 melius
3432 525 3577 576 dete-

1996 607 2175 662 riusve
2239 616 2424 672 esset,
2483 623 2808 678 magnopere
2862 607 3153 660 laboraret.
3221 608 3580 668 Providentia:

1993 712 2146 762 vero,
2189 713 2296 753 non
2344 707 2551 753 naturae
2581 714 2777 754 munus
2811 700 2912 753 ltoc
2963 708 3069 754 est.
3111 698 3264 754 Unde
3307 703 3471 756 etiam
3513 720 3576 757 ea

1993 788 2287 843 secundum
2331 799 2517 844 nostra
2570 789 2884 854 commoda,
2935 790 3185 845 diversos
3238 791 3403 845 hosce
3455 797 3580 847 vitae

1994 891 2194 935 nostrae
2241 881 2504 936 terminos
2558 881 2696 951 ligit,
2745 896 2947 950 eosque
2996 891 3052 935 ιιι
3112 897 3292 936 rerum
3336 886 3576 937 ninnium

1995 972 2325 1028 moderatori
2365 973 2540 1027 visum
2578 972 2707 1039 erit,
2740 972 2847 1027 huc
2878 973 3114 1042 illucque
3152 977 3434 1028 transfert.
3474 975 3575 1030 Sin

1994 1073 2174 1118 autem
2207 1063 2405 1132 aliquis
2441 1064 2510 1118 ad
2540 1062 2783 1118 ultimam
2822 1075 3159 1120 senectutem
3186 1069 3487 1135 perveniat,
3513 1084 3578 1120 eo

1994 1156 2263 1226 majorum
2308 1154 2528 1224 quidem
2582 1156 2941 1209 certaminum
2972 1157 3267 1224 periculum
3312 1158 3578 1212 erit:setl

1993 1248 2038 1303 si
2070 1262 2189 1317 qua:
2229 1246 2506 1317 proposita
2553 1256 2703 1312 sunt,
2749 1247 3002 1300 didicerit
3044 1262 3106 1301 ac
3134 1248 3325 1303 fecerit
3367 1249 3574 1314 omnia,

1992 1354 2324 1410 omnemque
2353 1340 2517 1393 etiam
2549 1340 2869 1407 sapientiam
2900 1350 2953 1394 et
2982 1341 3267 1395 scientiam
3300 1352 3357 1395 et
3400 1353 3574 1396 artem

1993 1432 2049 1486 in
2086 1444 2244 1486 usum
2282 1432 2535 1485 humana:
2570 1430 2691 1484 vita:
2730 1430 3095 1485 introduxerit
3126 1452 3137 1485 :
3168 1432 3257 1485 liii:
3291 1446 3576 1503 postquam

1994 1538 2103 1578 non
2136 1524 2303 1577 modo
2350 1514 2456 1578 sibi
2509 1524 2635 1592 ipsi,
2681 1537 2865 1577 verum
2902 1523 3068 1577 etiam
3118 1525 3385 1579 universae
3415 1536 3578 1580 terrae

1996 1628 2210 1668 summo
2252 1623 2574 1669 ornamento
2609 1611 2819 1679 fuisset,
2849 1631 2881 1667 e
2921 1614 3056 1669 vivis
3089 1615 3436 1669 excessisset.
3470 1612 3579 1671 Ne-

1995 1719 2101 1775 que
2128 1705 2271 1759 enim
2309 1704 2550 1769 oportuit
2583 1704 2770 1758 iisdem
2805 1705 3053 1759 terminis
3079 1714 3242 1772 atque
3266 1705 3457 1775 spatiis
3488 1706 3577 1769 de,

312 1799 600 1872 βιώσονται
628 1796 765 1868 (82),
800 1797 851 1849 τί
888 1795 953 1848 ἂν
1011 1794 1243 1864 ἔδρασαν
1267 1788 1323 1846 εὖ
1359 1792 1557 1854 εἰδότες
1579 1793 1655 1856 ὡς
1675 1794 1755 1855 είς
1784 1792 1886 1862 γῆς

1988 1796 2197 1851 finitum
2222 1795 2388 1867 “5
2410 1797 2533 1849 vita:
2555 1804 2766 1863 tempus
2788 1795 3036 1851 omnibus
3065 1796 3181 1851 dari
3203 1813 3217 1849 :
3242 1797 3455 1865 quando
3474 1796 3576 1852 lioc

314 1907 412 1963 ρας
479 1887 798 1958 ἀφίξονται;
848 1885 941 1956 Μὴ
1001 1884 1058 1937 δέ
1104 1900 1189 1948 τις
1233 1883 1711 1953 φιλοχρηματείτω
1764 1899 1890 1937 παι-

309 1981 439 2035 δίων
463 1980 577 2050 (85)
640 1978 826 2040 ἕνεκα,
883 1976 1079 2044 ἄδηλον
1104 1975 1345 2044 νομίζων
1377 1976 1426 2029 εί
1475 1975 1602 2045 πρὶν
1647 1974 1740 2027 ἐπὶ
1800 1973 1890 2027 τὸν

309 2071 515 2142 κλῆρον
538 2070 734 2132 ἐλθεῖν,
764 2066 1266 2136 διαφθαρήσονταω
1308 2067 1402 2119 καὶ
1428 2066 1525 2135 μὲν
1547 2066 1610 2136 δὴ
1634 2066 1776 2129 θεῖος
1798 2068 1893 2119 κα)⁵

190 2194 211 2203 ν
308 2159 466 2227 οὗτος
496 2162 660 2232 νόμος
679 2160 789 2231 (84)
823 2159 931 2229 πρὸ
956 2158 1056 2226 τῆς
1082 2157 1230 2227 ὥρας
1258 2158 1433 2219 ἐνίους
1464 2158 1719 2210 ἀπελθεῖν
1743 2172 1758 2188 ⁸
1797 2159 1893 2211 καὶ

312 2253 456 2323 πέρα
480 2253 607 2322 ὅρου
646 2250 836 2321 βιῶναι
870 2248 961 2301 τὸν
986 2248 1208 2318 ἄριστον
1237 2246 1371 2317 (85),
1403 2248 1452 2299 εί
1484 2248 1677 2318 καιρὸς
1699 2249 1889 2319 καλοίη

312 2345 406 2398 καὶ⁹
431 2342 624 2415 χρείαέ
657 2339 919 2410 Προνοίας
946 2338 1054 2409 γὰρ
1086 2338 1220 2408 προς
1249 2338 1310 2390 τὸ
1341 2338 1502 2391 καλὸν
1525 2339 1766 2405 τιθέναι,
1797 2340 1892 2392 καὶ

313 2437 450 2506 πρὸς
472 2436 534 2489 τὸ
571 2434 857 2487 κάλλιστον
890 2430 1273 2501 μετατιθέναι·
1305 2432 1353 2483 εἰ
1381 2430 1438 2483 δὲ
1467 2432 1680 2498 παγίως
1708 2434 1736 2485 ὀ
1768 2433 1890 2501 ὅρος

312 2519 495 2596 ἵδρυτο
530 2524 664 2601 (86),
718 2524 984 2590 ἀνάγκης,
1024 2522 1085 2573 οὐ
1132 2522 1417 2592 Προνοίας,
1448 2521 1644 2575 ἐδόκει.
1681 2522 1795 2575 Νῦν
1833 2522 1892 2575 δὲ

311 2615 504 2669 τοῦτον
549 2615 613 2685 ἒᾷ
646 2613 1102 2683 παραϐαίνεσθαι,
1141 2614 1265 2675 τοὺς
1297 2612 1531 2665 συνιέναι
1562 2612 1891 2681 δυναμένους

313 2706 724 2763 ὲκδιδὰσκουσα,
750 2704 831 2758 ὅτι
865 2704 1002 2773 πρὸς
1049 2702 1317 2767 ἐξουσίαν,
1348 2704 1408 2756 οὐ
1440 2703 1572 2772 πρὸς
1615 2704 1884 2773 ἀνάγκην,

316 2799 400 2861 εἰς
424 2794 799 2859 τάξινὲκαστα
825 2793 1028 2864 τίθησι,
1062 2794 1153 2846 καὶ
1185 2794 1321 2863 πρὶς
1343 2794 1401 2845 τὸ
1433 2793 1707 2862 βέλτιστον
1729 2813 1893 2865 μετα-

317 2887 527 2955 τίθησι,
570 2887 658 2939 xui
692 2888 830 2939 κατὰ
862 2885 1008 2948 νοῦν,
1030 2886 1089 2937 οὐ
1114 2885 1310 2954 μάτην,
1346 2884 1437 2937 καὶ
1476 2885 1608 2955 πρὸς
1640 2886 1892 2940 διδασκα-

310 2976 456 3040 λίαν,
487 2976 548 3028 οὐ
587 2976 719 3046 πρὸς
741 2974 860 3045 βίαν
889 2975 1104 3043 ἀφίησι,
1142 2974 1234 3026 καὶ
1261 2975 1362 3026 οὐκ
1382 2973 1598 3043 ἀφίησι.
1626 2973 1812 3026 Ταῦτα
1835 2975 1891 3029 δὲ

310 3064 618 3134 δυνάμεως,
632 3066 731 3117 οὐκ
751 3064 1054 3128 ἀσθενείας,
1076 3062 1170 3116 καὶ
1190 3062 1528 3131 ἐπιμελείας,
1552 3064 1650 3115 οὐκ
1671 3064 1887 3135 ἀργίας,

314 3156 559 3228 σύμϐολα
590 3155 854 3225 γίγνεται.

1986 1888 2138 1953 dato,
2172 1902 2239 1942 eo
2275 1903 2364 1942 res
2406 1886 2812 1953 delaberentur,
2856 1897 2921 1941 ut
2950 1887 3198 1941 homines
3233 1886 3401 1941 multo
3459 1887 3577 1940 ml-

1990 1996 2093 2035 nns
2138 1979 2333 2050 pudice
2368 1981 2537 2034 vitam
2573 1988 2820 2046 agerent,
2860 1993 2925 2033 ac
2965 1979 3356 2033 continentiam
3389 1992 3561 2048 usque

1991 2073 2044 2125 in
2096 2080 2311 2127 aetatem
2354 2071 2603 2126 ultimam
2650 2070 2975 2126 diﬂerrent:
3004 2070 3209 2140 quique
3243 2070 3369 2125 dum
3410 2069 3575 2125 ilore-
3610 2064 3617 2069 ’

1991 2173 2111 2218 rent
2159 2172 2346 2229 mtate,
2404 2162 2568 2217 rebus
2595 2161 2790 2217 alienis
2828 2160 2932 2216 frui
2980 2160 3421 2226 consuevissent;
3459 2161 3571 2229 iam

1990 2271 2149 2311 senes
2180 2255 2333 2320 facti,
2366 2256 2455 2310 vix
2484 2256 2608 2310 dum
2627 2256 2896 2327 justitiam
2936 2264 3238 2312 servarent.
3268 2255 3348 2311 Ac
3387 2255 3432 2310 si
3458 2256 3568 2325 iam

1990 2346 2380 2415 impudicitiam
2426 2356 2590 2416 atque
2633 2347 2918 2400 avaritiam
2978 2345 3113 2400 adeo
3159 2345 3322 2401 facile
3380 2359 3571 2415 perse-

1988 2445 2249 2506 quuntur,
2285 2453 2406 2491 cum
2433 2438 2682 2492 nesciunt
2707 2450 2878 2507 usque
2904 2436 2971 2492 ad
3005 2447 3280 2492 senectam
3318 2436 3565 2490 ultimam

1989 2542 2110 2583 sese
2158 2538 2547 2597 perventuros;
2591 2528 2742 2599 quid,
2775 2529 2820 2583 si
2866 2539 3018 2583 certe
3058 2528 3284 2593 scirent,
3326 2526 3571 2583 facturos

1994 2620 2193 2688 putes?
2219 2618 2284 2673 Et
2309 2636 2376 2675 ne
2394 2621 2518 2689 quis
2547 2620 2839 2675 liberorum
2871 2634 3096 2674 suorum
3125 2619 3298 2687 gratia
3333 2619 3571 2687 pecuniis

1986 2712 2377 2765 coacervandis
2404 2713 2644 2781 ξιιίιιιίιιιιι
2684 2714 2950 2777 studeret,
2994 2728 3062 2767 ac
3089 2713 3273 2783 potius
3299 2711 3569 2781 cogitaret

1991 2801 2255 2855 incertum
2291 2816 2429 2866 esse,
2460 2818 2525 2856 an
2553 2804 2703 2873 prius
2745 2805 3040 2871 intereant,
3072 2819 3236 2874 quam
3276 2802 3570 2858 haeredita-

1991 2900 2097 2946 tem
2144 2895 2297 2947 adire
2326 2896 2536 2963 possint
2566 2912 2580 2948 :
2613 2897 2725 2949 haec
2759 2911 2977 2966 quoque
3005 2896 3272 2951 divinitus
3319 2895 3565 2949 introdu-

1992 2992 2077 3037 cta
2114 2983 2200 3037 lex
2223 2996 2327 3050 est,
2359 2994 2415 3039 ut
2441 2995 2565 3040 ante
2594 2996 2806 3056 tempus
2833 3001 2866 3042 e
2904 2987 3043 3041 vivis
3066 2985 3333 3040 excedant
3357 2985 3526 3065 aliqui
3552 3000 3568 3039 :

1993 3088 2056 3128 ac
2094 3089 2303 3140 rursus,
2337 3078 2381 3131 si
2415 3087 2625 3146 tempus
2647 3086 2702 3131 et
2739 3092 2825 3133 res
2856 3076 3056 3145 ferant,
3098 3077 3249 3130 ultra
3278 3078 3568 3131 terminum

1922 3147 1965 3204 (Σ
1997 3162 2230 3229 optimus
2250 3165 2489 3233 quisque
2519 3167 2683 3220 vivat.
2721 3166 2870 3223 Solet
2897 3168 3042 3221 enim
3080 3166 3424 3220 Providentia
3463 3178 3567 3218 non

314 3250 490 3304 solum
531 3251 668 3303 bene
701 3263 793 3304 res
837 3245 1190 3312 constituere,
1236 3260 1425 3299 verum
1495 3245 1660 3301 etiam
1704 3249 1927 3327 optime,
1969 3268 2090 3321 qua:
2149 3256 2452 3313 constituta
2497 3257 2732 3323 fuerant,
2781 3272 3105 3328 quocunque
3133 3273 3232 3328 par
3264 3267 3368 3323 est,
3398 3266 3567 3310 trans-

313 3342 481 3399 ferre.
515 3343 830 3398 Terminum
872 3342 1013 3396 enim
1049 3357 1149 3396 suo
1202 3340 1318 3395 loco
1347 3341 1510 3395 fixum
1564 3356 1802 3399 manere.
1866 3346 2075 3401 videtur
2111 3364 2234 3405 esse
2286 3351 2653 3417 necessitatis,
2697 3366 2806 3407 non
2865 3350 3253 3408 Providentiae.
3291 3348 3565 3403 Interdum

314 3448 522 3503 autem,
559 3446 617 3489 ut
651 3435 814 3489 fixum
888 3434 1174 3489 terminum
1224 3434 1532 3488 transiliant
1597 3435 1785 3503 aliqui,
1858 3440 2144 3505 permittit,
2214 3458 2407 3513 nempe
2449 3451 2507 3498 ut
2548 3458 2644 3499 eos
2673 3444 2763 3513 qui
2809 3444 3026 3514 ingenio
3072 3443 3278 3507 valent,
3317 3443 3560 3503 edoceat,

316 3532 492 3586 solere
544 3542 687 3592 sese,
728 3542 795 3582 ex
844 3526 1015 3580 libera
1062 3523 1294 3595 quadam
1355 3539 1419 3579 ac
1472 3524 1635 3580 nullis
1679 3525 1885 3598 legibus
1956 3533 2177 3587 astricta
2214 3544 2507 3601 potestate,
2549 3549 2654 3591 non
2722 3545 2903 3590 autem
2935 3534 3042 3590 ulla
3077 3542 3325 3589 coactam
3364 3514 3564 3587 neces;

315 3626 495 3690 sitate,
545 3623 596 3678 in
631 3625 878 3677 ordinem
916 3631 1144 3686 rectum,
1184 3635 1304 3688 qua:
1338 3620 1494 3685 fiunt,
1522 3634 1739 3690 cogere,
1784 3633 1949 3692 atque
2011 3629 2077 3682 ad
2108 3629 2160 3682 id
2191 3630 2334 3697 quod
2402 3629 2665 3699 optimum
2691 3631 2782 3696 sit,
2849 3627 3150 3685 transferre
3182 3646 3196 3683 :
3258 3628 3419 3697 idque
3445 3642 3564 3697 pru-

315 3717 530 3780 denter,
553 3726 607 3770 et
635 3715 920 3768 adductam
958 3712 1137 3780 aliqua
1169 3711 1380 3764 ratione
1408 3727 1422 3766 :
1451 3726 1556 3765 non
1592 3719 1794 3765 temere
1822 3722 1877 3767 et
1915 3714 2142 3780 fruSIra,
2168 3727 2225 3773 ut
2290 3720 2506 3784 doceat,
2558 3734 2665 3774 non
2706 3728 2764 3773 ut
2794 3731 2972 3788 cogat,
3005 3719 3087 3773 vel
3128 3719 3447 3784 concedere,
3480 3718 3563 3773 vel

318 3825 424 3864 non
461 3808 784 3864 concedere.
868 3804 998 3871 Quae
1045 3819 1134 3860 res
1222 3804 1511 3873 potentiae,
1571 3818 1676 3858 non
1726 3803 2161 3874 imbecillitatis,
2222 3810 2546 3878 industriae,
2618 3826 2724 3866 non
2781 3812 3042 3868 socordia
3107 3811 3559 3881 significationem

317 3901 499 3956 habet.

385 3970 498 4040 (77)
523 3966 627 4040 cc,
655 3968 716 4040 1_>.
743 3966 901 4040 αιτῇ.

385 4037 499 4105 (78)
528 4039 630 4091 CC.
668 4037 728 4090 I’.
762 4038 924 4105 laxat.

386 4098 501 4177 (79)
530 4107 662 4175 Γῆν
692 4098 1127 4174 διαφὶὸσμήσας.
1152 4098 1421 4177 εδηθλίιορ
1443 4111 1689 4170 respectu
1717 4103 1882 4157 etiam

318 4171 502 4235 talium
536 4171 759 4237 artium,
796 4171 1183 4234 doctrinarum,
1213 4171 1676 4227 artiﬁciorumaue
1698 4184 1887 4229 aucto-

316 4264 402 4304 res
428 4249 480 4299 in
503 4250 629 4299 deos
665 4244 815 4297 relati
854 4254 977 4297 sunt
1006 4243 1320 4310 antiquitus.
1357 4239 1455 4295 ΒΔ.

385 4318 498 4389 (80)
751 4311 1217 4389 συνακμάσαντες.

386 4383 464 4457 (8|
481 4395 497 4452 ;
524 4384 629 4438 ce.
660 4383 724 4457 ι)ἶ
747 4385 913 4451 ὲπηρ.

386 4448 497 4523 ('82)
537 4457 603 4507 Et
650 4448 981 4521 péxpi'rﬁc
1009 4449 1270 4523 ἑσπέρας
1317 4448 1667 4523 βιώσονται.
1698 4449 1890 4507 Cicero

1984 3966 2115 4026 illo.
2172 3964 2447 4019 Communi
2504 3983 2719 4033 superos
2784 3984 2925 4020 mens
2977 3982 3125 4033 prece
3173 3978 3360 4020 cuncta
3405 3972 3554 4032 petit.

1988 4034 2255 4102 Quidquid
2291 4036 2347 4088 in
2382 4039 2605 4104 hospitio
2647 4041 2900 4104 succedat
2947 4037 3177 4103 corporis
3210 4038 3331 4099 isto,
3374 4037 3559 4095 Sidere

1986 4104 2062 4157 rel
2093 4116 2231 4156 retro
2261 4115 2377 4157 vota
2427 4102 2623 4171 ferente
2647 4105 2823 4166 cadat,
2861 4102 3044 4158 Unius
3070 4106 3286 4157 diribitio
3332 4123 3436 4159 non
3480 4120 3556 4164 est

1985 4175 2473 4244 expletagsenectaz;
2519 4172 2735 4227 Centum
2765 4190 2931 4244 annos
2965 4174 3126 4227 etiam.
3154 4175 3322 4240 prima
3339 4174 3557 4244 juventa

1987 4245 2147 4307 cupit.
2179 4242 2247 4295 At
2275 4245 2361 4296 cui
2389 4245 2606 4297 canities
2652 4245 2839 4308 sparsit
2863 4243 2979 4312 jam
3011 4259 3127 4296 sera
3169 4242 3409 4310 capillos,
3455 4247 3557 4302 De-

1984 4312 2169 4378 ﬁciunt
2195 4322 2302 4366 toto
2349 4330 2496 4380 quem
2524 4329 2619 4366 sua
2654 4313 2881 4366 membra
2908 4315 3095 4381 gradu,
3134 4312 3272 4367 Sena
3293 4315 3410 4367 licet
3439 4317 3557 4371 ritca

1988 4384 2217 4435 ricennia
2241 4385 2516 4447 complent,
2546 4393 2720 4449 aptat,
2775 4385 2963 4447 Sperat
3023 4393 3072 4435 et
3118 4393 3323 4436 a'states
3360 4386 3554 4440 addere

1985 4466 2132 4521 posse
2167 4454 2377 4516 decent;
2423 4450 2539 4521 Has
2567 4467 2769 4521 quoque
2814 4455 2858 4505 si
2887 4452 3167 4514 addiderit,
3210 4468 3414 4520 semper
3442 4456 3551 4509 sitit

310 4519 521 4581 Catone
556 4519 776 4591 Maiore,
804 4538 853 4575 c.
887 4523 953 4575 l9
986 4538 998 4573 :
1042 4521 1170 4585 Quis
1196 4529 1283 4591 est
1334 4531 1439 4572 tant
1462 4519 1675 4591 stultus.
1702 4537 1886 4588 quant-
1918 4533 1961 4587 υ
1990 4520 2201 4591 insuper
2237 4537 2431 4586 unam;
2478 4519 2623 4575 Unus
2665 4519 2720 4575 in
2753 4522 3052 4586 immensos,
3098 4522 3145 4574 si
3176 4519 3352 4591 que/it,
3383 4539 3552 4578 anuus

310 4598 389 4650 vis
416 4595 482 4646 sit
516 4588 834 4654 adolescens,
869 4592 954 4642 cui
992 4591 1056 4643 sit
1086 4589 1415 4654 exploratum
1440 4605 1493 4641 se
1522 4588 1589 4641 ad
1622 4605 1884 4658 vesperam

308 4681 423 4718 esse
454 4663 749 4716 victurum?
781 4660 923 4713 Idem
954 4660 1048 4713 lib.
1100 4674 1162 4721 ιι,
1200 4658 1275 4711 De
1316 4658 1507 4725 ﬁnibus
1529 4699 1543 4721 ,
1576 4674 1624 4711 c.
1658 4657 1738 4713 8':
1775 4657 1885 4714 Ne-

310 4736 445 4787 mini
484 4731 815 4799 eapforatum
847 4738 1008 4792 potest
1047 4744 1178 4792 esse,
1214 4730 1474 4799 quomodo
1500 4744 1553 4780 se
1584 4728 1886 4781 habiturum

310 4804 380 4857 sit
421 4817 631 4863 corpus,
675 4816 776 4851 non
814 4800 933 4849 dico
972 4800 1039 4849 ad
1076 4813 1295 4862 annum,
1340 4798 1429 4850 sed
1477 4801 1545 4849 ad
1599 4813 1882 4861 vesperum.

314 4871 603 4938 Euripides
634 4870 774 4935 apud
809 4867 1102 4938 Stobaeum,
1128 4863 1298 4920 Serm.
1338 4870 1400 4920 de
1430 4878 1610 4921 morte.
1641 4867 1737 4920 Bs.

382 4936 496 5010 (83)
520 4938 626 5010 (EQ.
656 4938 723 5010 ξ’.
747 4936 972 5010 παίᾷων.

381 5005 493 5075 (84)
524 5006 629 5060 CC.
654 5005 716 5075 P7.
755 5007 783 5058 6
818 5007 999 5075 νόμοςἶ

381 5073 495 5150 (85)
529 5073 936 5150 Τὸν-ἄριστον.
962 5073 1466 5150 Vitamdongazvam
1502 5073 1777 5143 Scriptura
1803 5076 1879 5127 di-

309 5145 434 5201 vina
467 5146 687 5199 infinitis
715 5146 849 5199 locis
889 5145 1110 5212 prmmio
1144 5145 1401 5198 bonorum
1436 5159 1641 5197 morum
1691 5160 1884 5210 propn-

311 5218 425 5282 nit;
456 5225 509 5267 et
541 5230 638 5283 pro
665 5229 857 5282 magna
894 5230 950 5267 re
991 5228 1179 5267 omnes
1199 5228 1343 5283 eam
1373 5221 1584 5283 vovent
1605 5212 1727 5283 sibi.
1767 5214 1879 5278 Qua

308 5288 377 5339 de
409 5280 467 5339 re
496 5280 719 5337 memini
753 5280 949 5336 veteris
993 5291 1162 5350 poetae
1195 5281 1460 5335 Drosithci
1508 5281 1587 5333 vel
1625 5280 1876 5335 Dorotliei

312 5356 413 5410 hoc
452 5355 783 5423 epigramma
840 5354 1036 5420 legere,
1086 5352 1347 5423 hactenus
1397 5350 1611 5417 quidem
1660 5351 1878 5404 ἀνέκδο-

306 5439 438 5491 τον,
491 5421 740 5491 qualibus
784 5432 992 5476 scatent
1042 5421 1240 5475 scrinia
1291 5428 1591 5491 nostrarum
1641 5434 1801 5487 opum
1861 5439 1873 5473 :

311 5487 543 5546 Fortiter
582 5493 635 5544 in
686 5492 791 5545 vita
830 5502 1047 5544 mortem
1095 5500 1418 5544 contemnere
1454 5487 1687 5556 jactant,
1734 5490 1875 5553 Quos

313 5564 528 5633 fortuna
555 5564 665 5614 suis
689 5560 1063 5633 pulverulentat
1094 5561 1236 5633 equis
1260 5574 1277 5612 :
1308 5558 1370 5633 dt
1412 5558 1599 5633 quibus
1624 5557 1743 5633 alba
1768 5560 1875 5633 dies

308 5626 540 5698 procedit
568 5630 774 5682 tramite
810 5628 928 5681 la’to
950 5669 964 5691 ,
1006 5628 1221 5681 Dulcius
1254 5628 1475 5698 cytherea
1517 5626 1589 5676 nil
1628 5629 1726 5679 sibi
1764 5629 1876 5698 luce

300 5696 508 5765 ferunt.
559 5698 749 5751 Omnia
779 5699 867 5751 sed
889 5713 1054 5767 passte
1080 5712 1217 5750 mtnc
1260 5696 1374 5760 Itoc,
1414 5710 1545 5747 nunc
1566 5706 1791 5765 tempore
1824 5696 1874 5748 in

1990 4587 2304 4644 eahNemo
2358 4602 2508 4645 satur
2538 4593 2660 4645 vita:
2701 4607 2878 4644 mensa
2928 4592 3146 4643 discedit
3188 4587 3254 4643 ub
3294 4595 3431 4654 ista;
3458 4591 3553 4644 ln-

1992 4670 2176 4713 cusant
2207 4677 2380 4715 omnes
2426 4662 2559 4730 fata,
2600 4671 2838 4730 retroque
2885 4660 3077 4730 vident.
3134 4660 3205 4712 At
3242 4662 3366 4725 quia
3404 4664 3548 4714 nul/a

1992 4730 2122 4789 dies.
2154 4747 2262 4793 ars,
2293 4728 2453 4784 rirtus
2474 4772 2488 4793 ,
2521 4728 2766 4800 prorogat
2799 4733 2948 4797 istos,
2997 4728 3111 4782 Hoc
3144 4730 3349 4796 patitur
3381 4731 3549 4783 meriti

1993 4800 2166 4852 nescia
2201 4802 2302 4853 rita
2340 4802 2444 4853 sui.
2476 4800 2569 4853 ΡΑ.

2064 4868 2173 4937 (86)
2205 4869 2434 4937 Παγίως
2468 4872 2501 4922 ό
2532 4869 2671 4935 ὄρος
2702 4868 2926 4935 ἵδρυτο.
2957 4868 3109 4935 Quod
3156 4875 3397 4922 statuunt
3424 4867 3550 4937 "cla-

1994 4936 2248 5006 ruantque
2287 4936 2609 5006 philosophi.
2648 4937 2881 5006 “Seneca,
2926 4940 3052 4991 sive.
3078 4938 3198 5002 quis
3228 4937 3387 5006 alius,
3413 4936 3547 4991 Her-

1990 5006 2105 5068 rule
2140 5004 2387 5068 Furente,
2439 5006 2540 5060 l88
2576 5026 2590 5059 :
2633 5004 2785 5059 Certo
2826 5007 3031 5060 ueniunt
3080 5008 3263 5058 ordine
3321 5005 3545 5071 Parcit;

1990 5071 2142 5142 Nulli
2172 5076 2323 5142 jusso
2356 5092 2556 5129 cessare
2612 5076 2767 5139 licet;
2811 5073 2965 5126 Nulli
3014 5076 3263 5142 scriptum
3313 5075 3549 5141 proferre

1986 5141 2143 5195 diem.
2175 5141 2350 5198 Verus
2383 5147 2607 5209 Seneca,
2634 5146 2789 5197 Cons.
2836 5145 2904 5195 ad
2951 5141 3125 5197 Marc.
3148 5143 3235 5207 20,
3262 5143 3295 5198 9
3329 5162 3341 5196 :
3375 5143 3545 5197 Fixus

1985 5222 2056 5263 est
2088 5214 2271 5279 cuique
2307 5215 2592 5278 terminus;
2613 5214 2837 5265 manebit
2866 5227 3064 5278 semper
3093 5214 3181 5264 ubi
3219 5214 3422 5277 positus
3447 5223 3543 5278 est,

1986 5296 2075 5332 nec
2103 5283 2251 5334 illum
2285 5284 2499 5336 ulterius
2542 5283 2814 5350 diligentia
2859 5292 2950 5350 aut
2998 5282 3171 5350 gratia
3208 5282 3543 5350 promovebit.

1984 5350 2277 5421 liirrocles,
2302 5353 2353 5404 in
2382 5353 2517 5421 Aur.
2548 5347 2725 5403 Carm.
2764 5366 2814 5421 ρ,
2860 5347 2928 5401 90
2965 5367 2987 5421 _:
3016 5348 3288 5421 Γινώσκει
3319 5352 3425 5421 γὰρ
3468 5349 3541 5413 ὡς

1976 5417 2155 5471 θανεῖν
2187 5422 2466 5489 πέπρωται
2496 5420 2689 5481 ἅπασι,
2715 5419 2807 5489 καί
2840 5435 2920 5479 τις
2947 5418 3251 5489 ὡρισμένος
3275 5417 3539 5489 tavit-x96;

1975 5505 2061 5578 νος
2097 5490 2230 5571 πρὸς
2267 5484 2529 5578 διαμξνῂν
2566 5491 2675 5578 τοῖς
2718 5488 2933 5578 θγητοίς
2963 5484 3540 5578 ,σζῴμασινηήομῶνξοῦ

1975 5556 2256 5629 ἐνστάντος
2292 5556 2906 5629 οὐξδείζχαλεπαίνειν,
2957 5556 3072 5611 ἀλλ’
3106 5558 3182 5623 ὡς
3225 5556 3355 5628 θείῳ
3395 5557 3539 5629 νόμῳ

1976 5626 2194 5691 έκῦντας
2225 5627 2470 5681 ἕπεσθαι.
2498 5626 2591 5679 ΒΑ.
