4032 6144
580 353 686 420 943

1961 350 2198 408 ᾸΞΝΕΕ
2239 350 2482 410 GAZ/El
2913 366 2924 400 I

3746 349 3844 415 9-11

584 477 644 519 se
667 458 912 532 praebuit,
939 471 1255 527 quaeomnes
1275 454 1389 521 ejus
1413 456 1552 525 leges
1579 458 1808 510 servavit
1835 473 1848 522 ;
1879 469 1935 511 ut
1968 462 2125 513 victri

2262 460 2374 513 ἄνω
2405 459 2618 534 χορείας
2645 457 2879 530 ἠξίωσεν
2911 460 3047 531 (55),
3077 458 3199 511 ὅθεν
3229 459 3521 512 ἐκπίπτειν
3562 458 3623 510 οὗ
3667 459 3844 531 θέμις.

581 568 697 605 cem
721 547 1009 620 647jam
1035 559 1258 608 corona,
1294 554 1533 611 nectare,
1567 545 1878 612 honoribus,
1912 550 2151 604 coalitum

584 641 860 696 consortio
889 637 1142 705 dignatus
1173 649 1290 702 est;
1345 636 1486 691 unde
1511 635 1601 694 fas
1657 656 1762 693 non
1793 650 1874 695 est
1905 658 2021 694 eam
2053 661 2152 696 nn-

580 745 741 800 quam
771 727 1043 784 excidere.
1078 725 1310 780 lnertem
1348 739 1551 794 autem,
1577 741 1630 783 et
1665 732 1929 800 ignaram,
1952 745 2005 788 (ιι
2043 745 2154 789 διο.

577 821 759 887 lidam,
789 829 845 874 et
877 818 1085 873 futilem
1117 836 1130 871 :
1159 820 1399 888 itemque
1432 828 1486 874 et
1521 821 1791 876 theatrum
1827 828 2072 889 turbare,
2101 836 2153 881 ιιι

574 912 720 983 leges
749 910 1078 966 confundere
1109 910 1346 975 solitam,
1385 913 1568 965 statim
1602 923 1659 966 ιιι
1692 915 1920 970 vinculis
1956 933 2152 986 corpo-

572 1007 651 1060 ris
690 1002 866 1058 soluta
909 1002 1009 1056 fuit
1050 1012 1387 1068 exsecratus,
1441 1004 1492 1056 in
1547 1019 1829 1071 pinnarum
1875 1024 2148 1063 carcerem

575 1097 793 1152 demisit
829 1113 843 1149 :
873 1097 1017 1150 unde
1048 1096 1131 1150 fas
1158 1110 1261 1149 non
1291 1103 1375 1148 est
1403 1111 1635 1164 unquam
1668 1099 1922 1168 elfngere.

642 1187 937 1245 ΤΗΙΞΟΡΗ.
973 1187 1123 1243 Unde
1151 1203 1279 1256 ergo
1309 1196 1386 1241 tot
1415 1198 1711 1244 certatores
1741 1193 1989 1256 accersit,
2026 1209 2145 1245 cum

571 1293 676 1336 tam
712 1280 882 1350 longis
917 1279 1272 1348 temporibus,
1304 1279 1438 1334 adeo
1469 1281 1620 1333 multi
1651 1284 1762 1351 jam
1796 1293 1950 1335 antca
1986 1294 2014 1335 e
2049 1301 2148 1352 pa-

569 1374 746 1428 latSIra
779 1369 1149 1424 excesserint?
1180 1384 1283 1425 non
1314 1370 1457 1423 enim
1491 1369 1651 1437 dicis,
1685 1374 1898 1442 opinor,
1931 1377 2145 1429 eosdem

568 1477 756 1515 omnes
787 1460 972 1514 fuisse.

643 1551 880 1605 AXlTll.
911 1548 1283 1620 Nequaquam.

640 1646 940 1702 THEOPH.
974 1645 1128 1702 Unde
1154 1661 1303 1715 ergo,
1332 1647 1420 1702 dic
1446 1649 1626 1704 sodes.

638 1737 876 1794 AXlTll.
904 1739 1044 1794 Deus
1059 1738 1238 1793 omnia
1257 1753 1377 1808 quae
1395 1738 1609 1808 quidem
1633 1751 2010 1809 procreantur,
2032 1743 2144 1813 ipse

2263 553 2374 622 Τὴν
2400 553 2457 605 δὲ
2485 552 2749 623 ῥᾴθυμον,
2780 553 2874 606 κα).
2901 551 3159 623 ἄνανδρον
3189 552 3324 622 (56),
3355 553 3450 604 καὶ
3474 551 3728 621 ἀνόητον,
3761 562 3848 606 καὶ

2262 642 2446 707 λάλον,
2487 643 2581 696 κα).
2617 643 3082 714 διαταράττουσαν
3114 642 3214 715 μὲν
3257 643 3318 696 τὸ
3351 642 3602 715 θέατρον,
3639 646 3766 707 τοὺς
3795 646 3845 697 δὲ

2262 738 2461 809 νόμους
2495 737 2851 808 συγχέουσαν,
2891 738 3129 809 μισήσας
3161 738 3345 801 εὐθὺς,
3381 739 3444 790 ὲκ
3472 739 3572 808 τῆς
3605 743 3848 810 φρουρᾶς

2261 833 2338 894 εἰς
2385 830 2446 882 τὸ
2479 831 2579 900 τῆς
2629 829 2826 893 τίσεως
2881 829 3256 903 δεσμωτήριον
3307 831 3667 902 ἀπέπεμψεν,
3731 831 3846 884 ὅθεν

2260 921 2679 994 ἀποδιδράσκειν
2709 922 2771 975 οὐ
2799 921 2976 992 Θέμις.

2327 1197 2521 1250 ΘΕΟΦ.
2567 1194 2740 1249 Πόθεν
2787 1187 2881 1247 οὖν
2923 1192 3256 1246 εἰσκαλεῖται
3284 1193 3413 1255 τοὺς
3459 1191 3696 1256 πολλοὺς
3723 1192 3842 1245 τού-

2255 1307 2379 1352 τους
2407 1289 2718 1356 ἀγωνιστὰς
2763 1287 3033 1340 τοσούτων
3069 1286 3127 1338 ὲν
3155 1284 3234 1356 τῷ
3276 1284 3472 1356 μακρῷ
3500 1285 3684 1357 χρόνῳ
3716 1302 3842 1356 προ-

2254 1380 2684 1451 εξεληλυθότων;
2716 1379 2776 1431 οὐ
2807 1380 2915 1448 γὰρ
2945 1378 3070 1441 τοὺς
3108 1375 3308 1440 αὐτοὺς
3337 1375 3543 1445 λέγεις.

2323 1557 2493 1613 ΑΞΙΘ.
2543 1556 2821 1627 Οὐμενοῦν
2854 1556 2988 1628 (⁸57).

2321 1651 2514 1705 ΘΕΟΦ.
2561 1649 2773 1703 Οὐκοῦν
2809 1649 2992 1713 πόθεν,
3025 1647 3147 1701 εἰπέ
3173 1665 3263 1719 μοι
3299 1649 3448 1718 (38);

2324 1741 2500 1795 ΑΞίΘ.
2543 1742 2675 1805 Θεὸς
2726 1741 2902 1812 μένων
2948 1741 3085 1811 ὅπερ
3145 1742 3292 1805 ἐστὶ,
3341 1744 3576 1793 ποιεῖται
3611 1740 3724 1810 (59)
3778 1743 3840 1793 τὰ

566 1830 918 1885 nihilominus
953 1831 1055 1884 hoc
1091 1829 1264 1898 ipsum
1299 1831 1440 1896 quod
1475 1838 1562 1884 est
1595 1845 1935 1899 permanens,
1971 1833 2100 1888 facit

2251 1829 2583 1898 γιγνόμενα·
2636 1829 2696 1882 οὐ
2756 1830 2864 1900 γὰρ
2910 1828 3047 1882 ἄλλα
3103 1827 3272 1880 ποιῶν
3330 1828 3689 1895 ἐλαττοῦται,
3723 1831 3838 1882 οὐδὲ

563 1934 740 1989 neque
786 1918 890 1972 alia
937 1934 1060 1973 eum
1113 1918 1262 1984 facit,
1310 1919 1364 1972 in
1415 1921 1774 1976 substantiam
1826 1923 1985 1977 aliam
2033 1925 2145 1995 ipse

561 2019 806 2066 mutatur
842 2027 856 2064 :
893 2023 1068 2078 neque
1104 2007 1271 2062 multa
1304 2022 1428 2062 cum
1463 2009 1680 2078 promit,
1719 2013 1833 2080 ipse
1867 2014 2144 2068 consumi-

561 2112 668 2159 tur.
696 2100 804 2157 Sed
827 2114 892 2156 eo
917 2101 1090 2170 magis
1118 2109 1260 2156 totus
1287 2101 1497 2170 integer
1521 2111 1726 2168 manet,
1751 2105 1892 2173 quod
1915 2105 2145 2162 subinde

561 2193 820 2264 majorem
854 2207 1035 2247 rerum
1073 2193 1281 2261 copiam
1317 2191 1465 2248 facit.
1501 2191 1634 2248 Nam
1669 2195 1750 2261 ei,
1787 2211 1891 2250 non
1925 2211 1992 2252 ex
2027 2199 2144 2254 sin-

558 2286 698 2355 gulis
727 2285 794 2340 iis
817 2299 940 2353 qua:
965 2291 1278 2348 nascuntur,
1305 2283 1492 2338 verum
1520 2300 1586 2339 ex
1615 2285 1718 2340 hoc
1746 2286 1860 2354 ipso
1884 2288 2026 2356 quod
2053 2303 2141 2343 re-

558 2393 677 2433 rum
704 2377 967 2433 Conditor
987 2377 1121 2432 alias
1143 2387 1260 2443 est,
1286 2378 1495 2447 opilicis
1518 2394 1714 2433 nomen
1737 2379 1916 2435 datur.
1941 2381 2141 2448 Quem-

557 2469 846 2524 admodum
881 2468 1046 2524 etiam
1081 2468 1134 2524 in
1175 2467 1452 2523 hominum
1492 2470 1652 2525 rebus
1690 2480 1852 2541 atque
1885 2474 2140 2542 negotiis,

557 2561 888 2616 architectus
917 2575 1022 2615 non
1055 2560 1107 2614 in
1139 2574 1203 2614 ea
1237 2575 1356 2630 quae
1416 2560 1545 2615 facit
1583 2562 1807 2616 aedilicia
1839 2562 2139 2618 dividitur:

559 2667 658 2709 nec
701 2663 986 2722 propterea
1033 2652 1176 2721 quod
1227 2653 1393 2706 multa
1439 2652 1589 2719 facit,
1631 2655 1751 2710 ideo
1787 2655 1872 2710 vel
1919 2657 1983 2712 de
2027 2658 2143 2728 ejus

557 2745 769 2809 anima,
803 2745 887 2798 vel
916 2744 983 2798 de
1017 2753 1124 2800 tota
1157 2744 1274 2814 ejus
1303 2745 1528 2800 scientia
1561 2745 1852 2813 quidquam
1886 2747 2138 2801 decedit:

556 2836 683 2890 licet
709 2835 819 2905 jam
852 2834 1104 2900 delubra,
1139 2833 1248 2904 jam
1284 2835 1457 2897 aedes,
1496 2834 1653 2886 modo
1688 2849 1856 2889 naves
1891 2835 2137 2890 fabricet.

559 2925 722 2994 Igitur
754 2935 934 2979 manet
968 2926 1171 2993 primus
1205 2940 1383 2978 rerum
1414 2924 1692 2987 Conditor,
1728 2934 1943 2978 manettt
1977 2926 2136 2978 etiam

557 3033 677 3086 qua:
712 3027 838 3071 sunt
870 3018 937 3070 ah
968 3032 1032 3071 eo
1064 3026 1367 3084 procreata,
1403 3030 1573 3084 eaque
1605 3016 1717 3084 ipsa
1752 3020 1818 3070 ab
1855 3015 1973 3084 ejus
2008 3029 2138 3070 nutu

557 3120 611 3165 et
652 3109 985 3179 providentia
1025 3109 1278 3178 pendent.
1316 3107 1516 3162 Omitte
1551 3123 1708 3176 ergo,
1745 3113 1883 3178 quod
1922 3125 2132 3180 quaere-

2248 1917 2416 1971 πολλὰ
2449 1917 2892 1990 προϐαλλόμενος
2927 1917 3302 1972 ἀναλίσκεται.
3350 1919 3492 1972 Ἀλλ’
3522 1919 3603 1972 ἔτι
3637 1921 3836 1990 μᾶλλον

2244 2012 2364 2075 ὅλος
2395 2011 2577 2082 μένει,
2607 2012 2718 2082 ὅσῳ
2766 2009 2967 2082 μᾶλλον
2997 2011 3202 2081 πλῆθος
3250 2010 3567 2087 ἐργάζεται.
3616 2014 3692 2066 Οὐ
3732 2014 3834 2085 γὰρ

2244 2107 2307 2160 ἐκ
2336 2105 2445 2158 τῶν
2470 2105 2811 2159 καθέκαστον
2835 2103 3139 2174 γινομένων
3169 2103 3449 2174 (40),ἁλλὰ
3479 2105 3611 2176 παρ’
3639 2105 3832 2158 ἑαυτοῦ

2244 2195 2590 2267 Δημιουργος
2621 2197 2650 2248 ό
2683 2193 3051 2265 Δημιουργός.
3124 2193 3280 2246 Ἐπε)⁸
3327 2193 3422 2246 καὶ
3451 2195 3603 2264 παρὰ
3627 2193 3834 2265 ἀνθρὼ-

2245 2303 2367 2349 ποις
2413 2287 2512 2354 οὐχ
2553 2287 2581 2338 ὁ
2625 2282 2940 2346 τεκτονικὸς
2986 2283 3068 2346 είς
3119 2283 3154 2337 ἃ
3191 2284 3524 2356 δημιουργεῖ
3567 2284 3831 2356 διαμεμέ-

2245 2396 2446 2450 ρισται,
2478 2377 2600 2431 οὐδέ
2628 2394 2681 2430 τι
2713 2376 2814 2445 τῆς
2843 2375 3047 2445 ψυχῆς,
3076 2375 3196 2428 οὐδὲ
3226 2377 3327 2446 τῆς
3355 2377 3485 2446 ὅλης
3519 2378 3832 2446 ἐπιστήμης

2243 2469 2544 2540 ἀφῄρηται,
2577 2468 2698 2522 οὐδὲ
2724 2468 2837 2537 (41)
2883 2467 2931 2518 εί
2965 2465 3058 2519 νῦν
3095 2465 3196 2536 μὲν
3235 2467 3386 2538 ἱερὰ,
3423 2467 3519 2521 νῦν
3549 2468 3607 2522 δὲ
3634 2469 3829 2533 οἰκίας,

2241 2564 2336 2618 νῦν
2365 2564 2420 2616 δὲ
2451 2562 2651 2634 νεώρια
2679 2561 3046 2614 τεκταίνεται.
3097 2560 3257 2613 Ἀλλὰ
3287 2562 3502 2632 πρῶτος
3535 2559 3636 2632 μὲν
3664 2561 3692 2614 ὁ
3725 2563 3830 2632 Δη-

2244 2654 2528 2725 μιουργὸς,
2562 2653 2715 2723 μένει
2741 2652 2798 2704 δὲ
2829 2652 2896 2704 τὰ
2925 2653 3058 2721 παρ’
3099 2651 3267 2705 αὑτοῦ
3294 2652 3593 2722 γιγνόμενα
3613 2653 3712 2724 τῆς
3740 2653 3833 2706 αὐ-

2239 2746 2333 2800 τοῦ
2355 2745 2466 2816 (42)
2478 2731 2750 2816 ’προνοίας
2776 2743 3030 2813 δεόμενα.
3049 2741 3412 2812 ’Λναθέμενος
3457 2742 3552 2796 οὖν
3579 2743 3642 2796 τὸ
3669 2743 3831 2796 πόθεν

2241 2836 2394 2908 (περ),
2436 2835 2536 2906 ὲμὲ
2565 2835 2674 2905 γὰρ
2697 2834 2790 2887 καὶ
2821 2835 2879 2887 σὲ
2907 2833 3119 2904 τοῦτο),
3151 2836 3271 2896 ταῖς
3305 2833 3363 2887 δὲ
3395 2834 3613 2902 γυναιξὶ
3647 2835 3831 2887 πειθό-

2243 2946 2425 3001 μενος,
2471 2931 2553 2982 ὅτι.
2587 2927 2664 2998 τῷ
2711 2925 3042 2998 Δημιουργῷ
3061 2926 3167 2979 τῶν
3201 2925 3341 2981 ὅλων
3367 2925 3520 2980 οὐδὲν
3550 2927 3664 2979 τῶν
3689 2926 3830 2980 ὅλων

2239 3022 2531 3087 ἀδύνατον,
2596 3021 2670 3090 μὴ
2733 3019 2886 3088 ζήτει
2936 3017 3051 3089 (45)
3091 3019 3220 3083 τοὺς
3266 3018 3351 3070 ἀεὶ
3393 3017 3830 3082 καταϐαίνοντας

2238 3110 2545 3178 ἀγωνιστὰς
2603 3108 2724 3161 ὅθεν
2778 3107 3228 3179 ἐπεισέρχονται-
3283 3107 3443 3170 αὐτὸς
3487 3106 3594 3177 γὰρ
3643 3108 3672 3160 ὁ
3727 3107 3828 3162 τὸν

557 3207 676 3266 has,
716 3203 857 3256 unde
900 3203 968 3255 sit
1007 3203 1120 3255 hate
1159 3200 1210 3254 in
1253 3201 1523 3253 theatrum
1566 3201 1946 3268 prodeuntium
1987 3211 2130 3256 tanta

2241 3201 2423 3269 ἀγῶνα
2473 3199 2662 3264 τιθεὶς,
2715 3199 3088 3253 είσκαλεῖταιο
3144 3198 3317 3253 καὶτὸ
3355 3199 3619 3268 κήρυγμα
3651 3200 3828 3268 φύσις

554 3292 709 3363 copia
746 3309 760 3347 :
796 3295 1010 3362 quando
1047 3292 1113 3346 de
1151 3291 1306 3345 nobis
1340 3290 1469 3359 ipsis
1508 3291 1610 3344 hoc
1649 3293 1824 3359 potius
1863 3307 2024 3360 quant
2067 3294 2134 3348 de

554 3399 767 3440 summo
793 3398 972 3439 rerum
1001 3383 1295 3438 Conditore
1322 3382 1486 3450 quaeri
1519 3392 1702 3451 posset
1730 3400 1743 3436 :
1772 3385 2022 3453 quodque
2053 3401 2133 3439 re-

555 3494 676 3532 rum
709 3476 952 3532 omnimn
983 3473 1176 3543 Opifex
1210 3482 1468 3542 praestare
1495 3484 1548 3528 et
1580 3474 1788 3529 edicere
1820 3479 1985 3546 possit
2019 3493 2136 3532 0m-

557 3569 665 3629 nia,
694 3566 775 3621 vel
807 3565 1122 3620 mulieribus
1152 3565 1590 3618 asseverantihns
1614 3565 1792 3619 crede.
1823 3567 1956 3632 Quid
1989 3567 2130 3619 cnim

559 3657 702 3713 unde
741 3656 978 3719 veniant,
1021 3655 1110 3722 qui
1158 3655 1209 3708 in
1258 3655 1526 3708 theatrum
1577 3657 1770 3708 intrant
1835 3669 2133 3712 certatores

635 3862 736 3933 ('55)
759 3859 962 3933 Graecis
988 3859 1368 3933 festivitatibus
1396 3858 1533 3933 nihil
1555 3857 1666 3913 fere
1693 3860 2124 3933 commendatum

548 3929 672 3987 sine
701 3929 1022 4002 salt-alioue;
1046 3929 1193 4002 unde
1217 3931 1444 4002 choreas
1457 3929 1625 4002 etiam
1651 3932 1962 4002 cmlestihus
1996 3947 2124 4002 gau-

555 4002 657 4056 diis
691 3991 1018 4055 intulerunt.
1041 3999 1129 4053 Sic
1161 3991 1337 4052 tam‘en
1366 4009 1420 4052 et
1451 3999 1749 4066 Scriptura.
1789 4000 1882 4056 BA.

629 4073 738 4138 (56)
770 4072 873 4125 CC.
916 4073 973 4140 ξ).
1009 4071 1301 4140 Ἀνανδρον
1334 4069 1427 4120 καὶ
1460 4069 1704 4139 ῥᾴθυμον

628 4143 738 4211 (57)
776 4140 879 4195 CC.
1018 4138 1316 4211 Οὓμενουν.

627 4207 738 4280 (58)
772 4213 875 4265 CC.
910 4209 969 4263 P.
998 4207 1204 4276 Πόθήεν;
1237 4208 1434 4262 οὐκοῦν
1463 4207 1584 4262 είπέ
1615 4227 1727 4280 μοι.

629 4280 740 4351 (39)
772 4282 878 4334 CG.
922 4280 980 4334 P.
1026 4281 1194 4332 Ποιεῖ.

627 4349 739 4422 (Ml)
1017 4349 1380 4422 Γιγνομένων.

628 4419 738 4494 (41)
762 4419 867 4494 (λβ,
901 4419 961 4494 13,-
991 4421 1170 4494 Eiﬂ‘b"
1189 4419 1300 4494 μὲν
1330 4422 1470 4494 ἱερά-

628 4489 738 4562 (ιν)
775 4492 878 4562 QC.
911 4489 971 4543 P.
1003 4491 1113 4559 Τῆς
1145 4491 1271 4562 παρ’
1304 4489 1488 4548 αὑτοῦ.

627 4559 739 4631 (45)
781 4560 1056 4628 Indignam
1083 4560 1157 4613 uti
1193 4575 1308 4631 rem
1342 4561 1663 4629 quaestione.
1695 4562 1838 4615 unde
1869 4559 1940 4615 sit
1972 4567 2121 4616 tanta

555 4630 856 4686 animarum
912 4633 1137 4684 oriunda
1196 4630 1370 4697 copia,
1429 4634 1570 4685 inter
1622 4646 1718 4685 nos
1786 4631 2118 4698 ventilanda,

555 4702 832 4764 omiltcns,
873 4701 1206 4768 credensque
1246 4700 1358 4769 jam
1413 4701 1752 4764 mulieribus,
1793 4701 1884 4768 qui
1935 4703 2118 4754 omnia

557 4773 792 4826 condere
819 4772 1012 4840 potuit,
1070 4774 1118 4824 ei
1172 4770 1508 4837 impossibile
1539 4772 1672 4826 nihil
1720 4771 1942 4826 omnino
1977 4786 2116 4826 esse.

558 4842 652 4896 Est
679 4851 858 4895 tamen
893 4841 1201 4912 impeditior
1257 4841 1426 4912 locus,
1455 4858 1616 4911 quam
1668 4852 1726 4896 ut
1775 4857 1967 4896 sanmn
2019 4857 2120 4912 ego

559 4926 680 4966 esse
737 4925 861 4965 eum
913 4911 1238 4964 existimem.
1280 4911 1482 4967 Neuter
1531 4915 1793 4976 interpres
1843 4923 2122 4965 assecutus

557 4990 641 5035 est
669 4996 886 5036 sensum
929 4981 1271 5048 sequentium
1308 4984 1610 5037 verborum.
1639 4982 1749 5036 Non
1777 4984 1918 5036 enim
1945 4983 2020 5034 ait
2054 4999 2116 5035 ex

557 5050 841 5105 animabus
861 5050 993 5120 ipsis
1016 5051 1360 5120 qua-rendam
1414 5053 1553 5106 unde
1594 5054 1834 5106 veniant.
1871 5052 1949 5104 Ad
1994 5068 2113 5106 mu-

557 5122 717 5175 lieres
745 5119 924 5174 autem
964 5119 1317 5190 qtncstionem
1360 5120 1556 5190 rcjicil,
1611 5123 1774 5189 quod,
1841 5137 1963 5174 cum
1998 5123 2112 5188 ipse

557 5192 771 5258 pariant
849 5191 1099 5244 homines
1163 5189 1806 5256 vitaeque'introducant,
1871 5192 2113 5245 nesciant

556 5272 733 5316 tamen
765 5261 1004 5328 ipsazmet
1035 5259 1174 5312 unde
1225 5261 1442 5330 veniant
1475 5263 1688 5314 animae.
1743 5260 2002 5330 Ambigua
2029 5270 2112 5316 est

554 5332 821 5385 sententia
853 5341 907 5384 et
932 5330 1098 5382 verba
1131 5329 1362 5394 ascripta
1386 5331 1607 5384 omnino
1637 5330 1828 5384 abesse
1867 5342 2103 5398 possunt.

555 5400 944 5467 Exspectcnms
985 5400 1238 5452 meliores
1270 5402 1453 5463 hhros,
1485 5416 1606 5454 cum
1640 5403 1729 5454 uni
1764 5409 1970 5452 tantum
1998 5402 2117 5453 edi-

557 5471 627 5520 tio
660 5471 842 5540 Graeca
883 5471 1162 5523 debeatur.
1209 5470 1474 5540 Legi-bam
1519 5471 1807 5540 aliquando
1835 5484 1856 5540 εί
1895 5469 2116 5540 Ἀναθέ-

558 5554 705 5602 μενοι.
733 5537 823 5593 οὖν
853 5541 914 5592 τὸ
942 5540 1102 5592 πόθεν
1145 5537 1299 5609 τοῦτο
1346 5542 1463 5600 ταῖς
1498 5537 1712 5606 γυναιξὶ
1747 5539 2005 5609 πείθομεν
2040 5539 2116 5602 ὡς

559 5611 686 5728 περ),
753 5611 853 5678 ἐμὲ
914 5609 1002 5662 καὶ
1051 5610 1106 5660 σὲ
1138 5649 1151 5672 ,
1215 5607 1356 5661 ὥστε
1415 5610 1523 5662 τῶν
1580 5611 1713 5664 ὅλων
1797 5607 2113 5680 δημιουργῷ

561 5679 616 5724 OL
655 5680 708 5728 ὲν
762 5683 865 5728 τιῖιν
929 5683 1062 5728 ὅλων
1125 5679 1405 5728 αόύνιτον.
1451 5680 1556 5728 Sed
1613 5683 1827 5728 codices
1887 5680 2106 5728 Graecos

561 5679 708 5728 οὶδὲν
762 5683 865 5730 τιῖιν
929 5683 1062 5730 ὅλων
1125 5679 1405 5731 adi/1707.
1451 5680 1556 5734 Sed
1613 5679 2106 5735 codices’Graacos

561 5759 869 5813 exspectate
906 5752 1118 5800 omnino
1156 5752 1472 5803 consultius.
1514 5752 1590 5802 Ad
1622 5766 1677 5805 se
1711 5751 1854 5819 ipsos
1889 5751 2106 5820 quidem

721 4423 739 4632 ξ

2156 4532 2203 4592 D

2240 3295 2485 3362 γίγνεται
2519 3294 2652 3364 (44).
2687 3292 2844 3347 Οὕτω
2878 3293 3156 3363 βουληθεὶς
3183 3293 3290 3360 (45)
3311 3289 3408 3354 τὰς
3438 3293 3634 3362 νοερᾶς
3653 3294 3830 3349 δυνά-

2235 3404 2357 3457 μεις
2383 3386 2678 3456 ὑπέστησε,
2703 3385 2796 3439 καὶ
2818 3385 3044 3457 οὐδεμία
3079 3385 3239 3439 πόθεν
3267 3385 3476 3456 ἐρωτᾷν
3498 3385 3611 3455 (46)
3645 3387 3828 3458 ἐπήρ-

2231 3480 2320 3549 θη.
2383 3477 2538 3533 Οὕτω
2585 3480 2675 3532 τὸν
2727 3479 2960 3550 οὐρανὸν
3018 3476 3114 3532 καὶ
3162 3477 3261 3549 τὴν
3307 3481 3412 3550 γῆν
3465 3479 3675 3533 ὲποὶει·
3727 3480 3827 3533 καὶ

2230 3570 2321 3620 τὸν
2371 3568 2492 3639 μὲν,
2537 3570 2650 3630 τοῖς
2696 3567 2956 3640 ἄστροις,
3001 3567 3104 3639 τὴν
3137 3567 3219 3633 δὲ,
3267 3570 3384 3632 τοῖς
3427 3570 3616 3637 φυτοῖς
3645 3567 3826 3623 διεκό-

2235 3677 2357 3730 σξιει
2393 3661 2524 3729 (47).
2578 3660 2741 3730 Ὁρᾷς
2784 3661 2842 3712 δέ
2888 3677 2992 3713 που
3043 3659 3137 3712 καὶ
3170 3659 3240 3712 τὰ
3269 3660 3413 3729 φυτὰ
3441 3659 3538 3713 νῦν
3565 3659 3667 3730 ἤδη
3705 3661 3826 3732 βρί-

2234 3879 2441 3932 snaqne
2501 3861 2656 3915 initia
2717 3861 2977 3932 homines
3013 3859 3447 3932 remittitetiam
3501 3859 3820 3932 paulo_post

2235 3927 2507 3992 narrator,
2547 3947 2670 3985 cum
2710 3931 2786 3983 ait
2842 3948 2855 3982 :
2917 3930 3030 3982 Οὐκ
3068 3929 3126 3995 ἐξ
3184 3929 3304 3992 ἑνὸς
3359 3927 3697 3998 δημιουργοῦ
3749 3932 3817 3982 τὰ

2231 4006 2407 4056 πάντα
2445 4001 2540 4055 καὶ
2578 4003 2642 4053 ὲκ
2679 4002 2808 4070 μιᾶς
2853 4000 3030 4070 ἀρχῆς
3078 4001 3226 4052 πᾶσα
3277 3999 3470 4070 λογικὴ
3519 3999 3626 4070 xui
3651 4001 3815 4070 νοερὰ

2231 4020 2407 4056 παντα
2445 4017 2540 4055 και
2578 4017 2642 4053 εκ
2679 4017 2808 4070 μιας
2853 4017 3030 4122 αρχτὸς
3078 4017 3226 4052 πασσ
3277 4017 3470 4069 Αογικη
3519 4017 3612 4051 και
3651 4017 3814 4070 νοερα

2229 4074 2458 4158 δύναμις
2485 4072 2579 4158 ita}
2612 4071 2774 4158 οὐσία
2803 4070 2978 4158 προῆλ
3017 4086 3043 4122 ε
3080 4070 3173 4122 καὶ
3198 4071 3288 4158 ’ὅτι
3318 4069 3536 4158 πρόεισι
3570 4069 3646 4152 μὴ
3681 4070 3814 4158 ἶπὶ-

2236 4138 2482 4209 στήσετε,
2521 4143 2600 4205 εἰς
2628 4142 2770 4211 ὑμᾶς
2799 4138 2998 4202 αὐτοὺς
3025 4141 3221 4211 νεωστ)
3249 4138 3552 4211 φυομένους
3583 4138 3815 4211 ἀποόλέο

2235 4231 2453 4276 ποντες.
2489 4209 2808 4282 Suggeritur
2831 4212 2934 4282 alia
2969 4211 3148 4264 lectio.
3171 4209 3540 4282 _Scriltettilurtt
3567 4249 3578 4260 .
3615 4211 3732 4273 τοῖς
3753 4210 3809 4262 δὲ

2236 4284 2428 4353 Σύροις
2458 4279 2799 4353 πειθόμενος.
2824 4281 2976 4347 Qum,
2999 4282 3042 4334 si
3078 4295 3140 4333 ex
3171 4279 3312 4353 libro
3337 4290 3422 4335 est
3451 4279 3654 4353 a_liqu_o,
3683 4294 3807 4353 vera

2235 4347 2713 4407 est'existimanda.
2740 4352 2800 4404 Et
2815 4354 2891 4404 sic
2911 4365 3030 4405 eam
3044 4349 3439 4414 expressimus,
3458 4347 3552 4401 ΒΑ.
3580 4347 3731 4402 Unde
3747 4349 3808 4400 de

2234 4439 2313 4477 me
2339 4435 2403 4478 et-
2425 4435 2468 4480 te
2496 4422 2641 4493 Syris
2670 4426 2942 4474 credamus
2973 4419 3134 4488 quod,
3166 4419 3441 4493 Barthius,
3457 4419 3551 4472 sed
3577 4428 3802 4473 temere.

2305 4494 2416 4563 (44)
2446 4491 2550 4563 llla'
2581 4493 2793 4547 voeatio
2822 4493 2928 4544 vita
2963 4500 3046 4545 est
3074 4498 3129 4542 ct
3170 4491 3390 4563 creati_o_
3428 4502 3612 4541 rerum
3648 4502 3802 4563 voca-

2233 4559 2426 4616 taruni.
2477 4562 2619 4616 Sane
2661 4570 2716 4615 et
2778 4563 3030 4615 universa
3086 4567 3278 4614 natura
3337 4559 3465 4614 hinc
3516 4560 3800 4614 exordium

2226 4636 2583 4699 ordinemque
2612 4633 2792 4685 habet.
2831 4632 2924 4684 ΒΑ.

2300 4704 2408 4771 (45)
2446 4697 2612 4756 Οὕτω
2642 4701 2997 4771 βουληθείςἶ
3024 4699 3148 4754 Sola
3189 4698 3485 4771 voluntate.
3523 4697 3636 4753 Deo
3660 4697 3799 4771 enim

2228 4767 2473 4828 voluntas
2495 4773 2744 4826 etiectum
2766 4767 2913 4826 facit.
2953 4769 3249 4824 Martianus
3277 4769 3518 4837 Capella.
3557 4784 3596 4838 ι,
3624 4785 3678 4838 p.
3717 4767 3748 4820 9
3783 4783 3796 4818 :

2227 4843 2246 4915 [
2278 4846 2448 4897 Anxia
2474 4860 2586 4896 cum
2611 4842 2828 4911 trepidis
2858 4849 3010 4915 nutat
3031 4842 3292 4915 sententh
3314 4843 3488 4915 rebus,
3511 4837 3797 4915 [Fluctuat

2227 4908 2439 4967 incertis
2477 4926 2565 4964 aut
2617 4908 2728 4965 sors
2760 4915 2936 4981 ignota
2973 4911 3190 4982 futuris,
3227 4908 3531 4982 [consultat
3556 4908 3799 4982 imortale

2227 5002 2409 5054 genus,
2452 4983 2590 5054 quod
2613 4983 2677 5054 id
2726 4975 2922 5054 indaga
2953 4975 3062 5036 veri
3094 4975 3259 5054 [Citra
3297 4979 3436 5054 facit
3471 4981 3696 5032 dubium
3724 4975 3798 5030 vel

2220 5049 2335 5124 ipes
2367 5049 2563 5108 inrérta
2596 5052 2810 5124 fatigat.
2854 5049 2945 5124 LA}
2989 5049 3384 5124 prie—acinacis
3425 5065 3650 5124 mettum
3701 5054 3798 5124 est,

2220 5117 2484 5178 ciinctatio
2527 5117 2674 5176 nulla
2700 5117 2783 5176 cst
2821 5117 3051 5192 :'[Qu0d
3081 5121 3254 5192 superi
3270 5119 3479 5192 voluere
3514 5119 3701 5189 liquet,
3738 5117 3802 5168 de

2219 5205 2425 5260 pectore
2445 5194 2568 5264 ﬁxis
2585 5190 2918 5316 LPra’opiafe
2945 5201 3128 5244 carent
3153 5202 3172 5243 :
3199 5190 3403 5261 siquod
3429 5190 3622 5260 placet,
3647 5199 3801 5256 atque

2219 5281 2420 5316 necesse
2453 5276 2527 5316 est
2625 5281 2677 5316 Α.

2218 5281 2420 5318 "£06888
2453 5276 2527 5319 εει
2585 5276 2656 5317 UA
2665 5303 2677 5316 .

2291 5335 2398 5405 (46)
2441 5336 2631 5389 Πόθεν
2667 5330 2910 5402 ἐρωτᾷν.
2964 5331 3104 5386 Hinc
3144 5331 3291 5385 vides
3317 5330 3581 5405 aversari
3616 5326 3795 5382 homi-

2219 5400 2337 5457 nem
2377 5400 2532 5459 istam
2566 5400 2946 5473 quaestionem,
2981 5413 3040 5454 ιιι
3065 5417 3186 5471 qua:
3215 5400 3486 5473 curiosior
3518 5401 3592 5473 sit
3629 5410 3791 5473 quam

2218 5475 2471 5543 rmijestas
2494 5469 2758 5529 creatoris
2784 5474 2897 5528 fere
2929 5469 3100 5539 ferat)
3134 5472 3476 5539 prependere
3507 5471 3574 5543 ad
3606 5469 3796 5522 tradu—

2215 5540 2358 5605 cem,
2393 5545 2532 5613 quod
2558 5561 2620 5598 ett
2647 5544 2908 5612 subjectis
2929 5543 3192 5613 exemplis
3226 5551 3476 5613 app_=rct.
3512 5540 3608 5592 Bt.

2289 5605 2917 5684 («i7)-Al£)€0'0'[18l:Pal:i
2966 5605 3178 5666 ratione
3239 5605 3390 5664 υιιιίε
3427 5612 3621 5684 etiam:
3646 5605 3799 5661 liores

2210 5683 2330 5739 coeli
2364 5699 2621 5738 vocantur
2649 5687 2845 5740 sidera.
2875 5683 2969 5733 ΒΑ.
