4032 6144
220 315 324 381 94⁵5
1503 313 1812 376 ΤΗΕΟΡΗ

1918 314 2125 376 STUS.
3375 296 3479 363 915

218 431 377 481 Θοντα
406 427 519 490 τοῖς
568 427 797 496 καρποῖς
818 438 831 453 ’
863 425 988 489 τοὺς
1017 426 1075 481 δὲ
1111 427 1280 499 μήπω
1338 426 1659 498 γενομένους
1688 422 1812 479 ὡδί-

1918 440 2129 497 quzeras
2158 444 2170 480 :
2204 438 2326 479 cum
2353 424 2397 479 is
2424 423 2538 492 ipse
2563 425 2666 491 qul-
2683 428 2952 475 certamen
2981 416 3082 469 hoc
3106 413 3331 468 instituit
3348 452 3362 474 ,
3386 425 3480 465 eos

218 535 399 575 νοντα.
427 518 597 571 Ὅταν
628 516 684 569 δὲ
720 516 877 570 πάλιν
900 517 1089 589 καιρὸς
1112 519 1248 591 καλῇ
1283 519 1419 591 (48),
1452 518 1697 573 πείθεται
1722 516 1801 588 τῷ

1918 532 2091 574 )mnes
2126 524 2393 581 accersat,
2435 517 2642 585 hocque
2675 512 2796 583 ejus
2831 510 3065 565 edictum
3104 522 3239 574 opus
3272 516 3480 560 naturae

219 608 570 679 κηρύγματι,
612 608 707 662 καὶ
753 607 937 676 ἐξάγει
997 611 1092 663 καὶ
1137 611 1495 679 ὑπεκφαίνει,
1531 611 1623 663 καὶ
1666 608 1805 672 ὅλως

1918 611 2086 668 statim
2127 610 2254 665 flat?
2287 608 2487 664 Eodem
2527 605 2754 662 consilio
2794 616 3017 672 superas
3054 599 3173 653 illas
3214 606 3389 651 mente
3425 604 3478 649 et

217 701 437 765 τελέους
470 700 762 755 ἀποδίδωσι
794 703 920 765 τοὺς
968 704 1244 774 καρποὺς,
1292 703 1390 775 τῆς
1424 702 1705 772 δυνάμεως
1733 700 1801 755 δι’

1926 699 2252 769 ntclligentia
2282 699 2534 769 praeditas
2566 694 2852 750 facultates
2880 690 3156 761 produxit.
3190 700 3365 756 neque
3390 703 3481 739 ea-

216 786 287 864 ἦς
315 792 377 845 τὸ
430 791 631 864 πρῶων
659 789 772 863 (49)
812 794 1181 862 ἀπεγέννησεν
1212 791 1356 847 ένδον
1389 793 1676 865 μενούσης,
1708 793 1803 846 κα).

1918 806 2023 845 rum
2051 789 2182 855 ulla,
2209 789 2478 844 undenam
2506 797 2676 854 esset,
2702 800 2829 841 ausa
2852 792 2935 838 est
2957 778 3246 837 sciscitari.
3276 775 3473 830 Eodem

219 885 385 938 πάλιν
430 882 524 936 καὶ
571 881 832 947 πολλάκις
880 882 988 937 τῶν
1029 883 1260 954 καρπῶν
1308 884 1569 954 ἀφθονία”
1607 883 1706 955 τῆς
1741 883 1798 937 δὲ

1918 882 2065 938 modo
2096 881 2291 937 ccelum
2328 881 2528 951 pariter
2558 893 2621 932 ac
2652 887 2850 931 terram
2883 874 3009 928 fecit
3043 890 3056 926 :
3088 884 3314 939 quorum
3353 867 3479 921 illud

221 975 379 1047 ῥίζης
424 972 574 1026 οὐδὲν
609 972 927 1036 ἁλίσκεται,
979 973 1061 1026 ὅτι
1107 972 1182 1045 μὴ
1229 975 1323 1027 κα)⁵
1369 972 1688 1044 βεϐαιοτέρα
1712 971 1800 1040 γί-

1918 971 2088 1036 astris,
2131 971 2270 1025 hanc
2311 967 2508 1039 plantis
2552 966 2791 1020 ornavit.
2828 961 2992 1017 Vides
3034 960 3198 1015 etiam
3246 955 3479 1025 plantas,

220 1083 433 1135 γνεται.
478 1064 543 1118 Τί
589 1059 682 1118 οὖν
729 1063 810 1117 ἔτι
859 1063 1212 1136 θαυμάζομεν
1272 1066 1321 1119 εί
1379 1066 1408 1118 ὀ
1462 1062 1804 1135 Δημιουργδς

1918 1062 2099 1133 iartim
2137 1061 2314 1117 enatis
2341 1060 2452 1128 jam
2496 1057 2759 1112 fructibus
2797 1060 3069 1124 gravatas,
3111 1048 3309 1136 partim
3349 1060 3483 1098 non-

126 1178 133 1184 ·
222 1134 440 1215 ἅπαντα
466 1159 786 1231 περιείληφε
814 1158 881 1212 τὰ
902 1134 1168 1230 γενόμενα
1189 1159 1302 1229 (50)
1329 1159 1421 1214 κα)⁵
1444 1159 1511 1213 τὰ
1528 1134 1803 1229 μέλλοντα

1918 1154 2027 1209 lum
2061 1160 2214 1208 natos
2248 1150 2519 1220 parturire
2552 1166 2565 1200 :
2599 1156 2708 1201 tum
2745 1145 2830 1198 ubi
2868 1152 3079 1210 tempus
3122 1134 3320 1201 fuerit,
3357 1135 3483 1190 huic

221 1250 482 1317 ἐσεσῦαι;
523 1228 753 1303 έκαστον
800 1250 855 1303 δὲ
902 1245 1013 1304 οἷον
1035 1228 1212 1305 έθέλει
1253 1252 1347 1305 καὶ
1378 1252 1465 1306 ὅτε
1496 1228 1801 1320 προσήκει,

1924 1256 2093 1299 terum
2132 1240 2311 1297 edicto
2347 1238 2594 1307 obsequi,
2631 1246 2684 1292 et
2722 1234 2883 1289 ﬂores
2922 1230 3263 1302 protrudere,
3297 1237 3354 1285 et
3396 1228 3480 1280 vi-

223 1343 317 1395 καὶ
347 1339 425 1405 ὡς
454 1315 522 1393 άν
551 1339 813 1394 κάλλιστα
843 1339 977 1411 ἔχοι,
1014 1340 1174 1413 σοφίᾳ
1209 1342 1303 1395 καὶ
1333 1340 1496 1412 τέχνῃ
1529 1315 1802 1409 (51)“προσ

1918 1348 2044 1397 τετε,
2073 1340 2130 1387 et
2161 1328 2378 1385 tandem
2408 1326 2675 1399 perfectos
2706 1323 2913 1379 fructus
2941 1320 3103 1377 edere
3135 1337 3149 1373 :
3183 1319 3231 1373 vi
3266 1317 3357 1372 illa
3390 1315 3481 1370 fa.

224 1433 403 1505 φέρει·
1902 1423 2211 1492 cultateque
2232 1418 2490 1486 naturali,
2512 1432 2617 1488 qua
2641 1416 2878 1487 praedita;
2898 1415 3131 1486 primum
3158 1417 3480 1479 genueraut.

227 1526 373 1583 intus
402 1534 675 1591 manente,
703 1539 947 1594 saepeque
978 1537 1032 1579 et
1062 1525 1257 1578 iterum
1292 1523 1562 1579 fructuum
1630 1518 1839 1591 copiam
1878 1514 2274 1591 suppeditante,
2306 1512 2377 1566 ita
2438 1520 2497 1565 ut
2527 1509 2675 1564 radix
2707 1523 2812 1562 non
2844 1505 3003 1594 modo
3035 1518 3139 1558 non
3168 1516 3482 1594 corrumpa-

230 1628 336 1683 tur,
364 1632 551 1672 verum
577 1617 741 1671 etiam
771 1616 977 1671 firmior
997 1630 1061 1671 ac
1082 1614 1308 1669 validior
1331 1613 1444 1672 fiat.
1471 1612 1609 1680 Quid
1640 1590 1803 1681 igitur
1837 1590 2065 1665 miruur,
2099 1603 2144 1658 si
2213 1615 2498 1671 supremus
2529 1598 2620 1653 ille
2688 1611 2868 1652 rerum
2896 1591 3121 1660 Opifex,
3153 1590 3331 1646 omnia
3364 1605 3486 1660 qua:

228 1723 280 1768 et
307 1712 492 1768 futura
519 1721 661 1779 sunt,
690 1721 744 1769 et
765 1710 880 1783 jam
909 1710 1038 1766 olim
1066 1708 1233 1777 facta,
1290 1707 1834 1778 comprehendanet
1907 1714 2094 1756 eorum
2148 1693 2608 1765 unumquodque,
2656 1691 3026 1762 qualecunque
3069 1686 3217 1752 νυΙιο
3268 1697 3485 1756 quoque

231 1817 474 1877 tempore
499 1806 769 1872 convenit,
796 1820 1013 1876 quaque
1042 1803 1216 1858 forma
1247 1801 1669 1874 pulcherrimum
1697 1808 1803 1865 est,
1841 1804 1957 1851 arte
1985 1804 2039 1847 et
2072 1789 2337 1861 sapientia
2367 1802 2465 1844 sua
2496 1784 2737 1856 profert?

296 1874 494 1955 ΘῈΟΦ.
549 1898 710 1953 Ἀλλὰ
757 1874 831 1953 τί*
858 1898 1060 1970 δήποτε
1107 1898 1207 1961 τὰς
1250 1897 1351 1970 μὲν
1383 1897 1550 1960 ἄλλας
1582 1893 1803 1963 λογικάς

1976 1883 2276 1942 ΤΗΕΟΡΗ.
2316 1884 2432 1952 Qua
2471 1897 2602 1938 vero
2642 1883 2707 1936 de
2746 1894 2909 1936 causa
2949 1880 3092 1935 Deus
3125 1876 3246 1933 illas
3283 1874 3483 1930 alteras
3526 1918 3533 1923 .

229 1991 486 2061 δυνάμεις
511 1992 608 2045 καὶ
635 1968 1047 2063 προῢπέστήησεν
1080 1989 1193 2060 (52)
1226 1968 1413 2054 όήΘεδς
1440 1991 1534 2043 καὶ
1564 1986 1805 2059 διώρισε⁸

1918 1987 2094 2035 mente
2124 1985 2180 2032 et
2214 1975 2423 2031 ratione
2454 1973 2706 2044 praeditas
2741 1971 3046 2037 facultates,
3079 1979 3133 2026 ct
3164 1968 3321 2024 initio
3349 1980 3481 2038 pro-

231 2082 324 2145 τέις
354 2083 414 2136 δὲ
464 2082 574 2137 τῶν
601 2075 905 2154 ἀνθρώπων
952 2082 1129 2154 ψυχὰς
1159 2081 1385 2151 λογικὰς
1418 2079 1583 2145 οὔσας
1610 2079 1688 2132 ἔτι
1715 2077 1809 2132 καὶ

1918 2069 2137 2134 creavit,
2167 2078 2220 2123 et
2251 2076 2400 2122 certo
2431 2081 2657 2121 numero
2690 2064 2931 2119 definivit
2960 2080 2976 2118 :
3008 2064 3271 2118 humanas
3300 2070 3480 2115 autem

1912 2162 2145 2224 animas,
2181 2174 2302 2229 quae
2337 2167 2392 2213 et
2429 2158 2557 2228 ipsae
2594 2156 2791 2213 mentis
2825 2165 2950 2211 sunt
2984 2163 3039 2211 et
3075 2153 3302 2211 rationis
3335 2166 3480 2208 com-

1910 2263 2088 2325 potes,
2121 2250 2353 2306 subinde
2381 2248 2557 2305 adhuc
2587 2246 2870 2317 producit?

1982 2340 2219 2397 AXI'I‘H.
2265 2336 2513 2412 Optimus
2548 2339 2639 2395 ille
2676 2337 2970 2410 legislator,
3013 2351 3115 2392 non
3153 2349 3343 2390 omnes
3382 2334 3480 2388 ha-

1911 2436 2117 2490 minnm
2169 2435 2417 2501 morbos,
2465 2433 2591 2488 dum
2640 2438 2961 2500 erumpant,
3003 2435 3284 2495 exspectat
3324 2440 3339 2478 :
3384 2426 3483 2478 huc

1910 2529 2053 2584 enim
2084 2536 2228 2583 esset
2257 2525 2395 2596 ejus,
2423 2523 2516 2596 qui
2546 2522 2883 2579 solummodo
2907 2519 3105 2589 judicis
3135 2517 3375 2588 fungitur
3401 2518 3483 2569 ot-

1912 2620 2036 2675 llcio
2070 2638 2085 2675 :
2121 2628 2328 2673 tantum
2365 2625 2543 2671 autem
2582 2614 2905 2685 principium
2941 2608 3094 2666 orttfs
3118 2604 3312 2664 eorum
3348 2622 3485 2677 pra:-

232 2171 325 2225 νῦν
350 2171 752 2244 προδάλλεταις

301 2346 480 2403 ΑΞΙΘ.
547 2349 607 2403 '0
640 2348 845 2418 ἀγαθὸς
889 2349 1188 2422 νομοθέτης
1232 2351 1344 2422 (55)
1394 2350 1495 2404 οὐκ
1544 2347 1809 2420 ἀναμένει

140 2506 143 2507 ν
234 2440 390 2493 πάντ’
439 2439 743 2512 ἀνθρώπων
786 2441 853 2496 τὰ
901 2442 1083 2514 πάθη”
1116 2441 1371 2497 δικαστοῦ
1402 2440 1515 2512 (54)
1561 2439 1671 2512 γὰρ
1704 2438 1806 2509 ἤδη

233 2530 391 2582 τοῦτό
420 2546 482 2599 γε
502 2545 516 2560 ⁶
548 2530 684 2585 ἀλλὰ
715 2532 875 2604 μόνον
906 2531 1018 2602 (55)
1048 2532 1147 2603 τὴν
1180 2533 1355 2606 ἀρχὴν
1389 2531 1642 2600 γενέσθαι
1672 2546 1809 2602 προ-

233 2614 403 2682 λέγει.
444 2617 598 2671 Ἐπεὶ
630 2620 724 2672 καὶ
754 2620 854 2683 τὰς
902 2620 1061 2684 πόας,
1095 2621 1189 2675 καὶ
1226 2621 1293 2674 τὰ
1324 2620 1494 2674 πολλὰ
1518 2621 1806 2691 φάρμακα,

234 2708 329 2761 καὶ
365 2708 539 2773 ίάσεις
560 2709 667 2778 πρὸ
687 2710 794 2764 τῶν
818 2711 1143 2780 νοσημάτων
1160 2713 1226 2782 τῇ
1258 2713 1328 2783 γῇ
1360 2728 1558 2783 προευτ
1571 2710 1809 2782 ρεπίζειν

232 2797 475 2852 κελεύει.
524 2800 636 2852 Καὶ
677 2799 771 2855 νῦν
814 2803 1061 2872 προεῖδεν
1104 2802 1132 2854 ό
1164 2802 1294 2867 Θεὸς
1341 2804 1421 2857 ὅτι
1457 2804 1555 2866 τὰς
1586 2800 1810 2871 λογικὰς

231 2887 503 2959 δυνάμεις
548 2890 918 2959 θαυμάσαντες
963 2894 1239 2966 ἄνθρωποι
1292 2895 1560 2965 ἁνὰρχους
1603 2888 1664 2946 τε
1714 2892 1809 2947 καὶ

233 2979 572 3050 ἁγεννητους
609 2981 946 3051 νομίσαντες,
993 2985 1089 3037 καὶ
1136 2983 1337 3047 πολλὰς
1367 2984 1540 3055 ἀρχὰς
1583 2983 1677 3037 καὶ
1709 2999 1811 3055 μυ-

237 3070 389 3140 ρίους
434 3071 591 3136 θεοὺς
641 3073 951 3139 ποιοῦντες,
996 3074 1366 3146 δημοκρατίαν
1410 3075 1641 3128 ἄτακτον
1690 3073 1811 3127 ἀντὶ

234 3162 337 3232 τῆς
380 3158 722 3235 τεταγμένης
767 3166 1062 3237 μοναρχίας
1102 3165 1446 3231 είσοίσουσιν,
1481 3167 1544 3218 Ὀἱ
1597 3164 1810 3218 καὶτὸν

1910 2713 2058 2768 dicit.
2094 2709 2225 2764 Nam
2260 2722 2314 2766 et
2344 2708 2562 2773 herbas,
2594 2716 2649 2761 et
2682 2706 2845 2760 multa
2879 2705 3192 2776 pharmaca,
3224 2710 3278 2755 et
3308 2712 3485 2753 reme-

1910 2802 2019 2869 dia,
2051 2811 2335 2871 antequam
2366 2799 2455 2853 ulli
2487 2808 2668 2853 essent
2697 2797 2892 2861 morbi,
2925 2805 3082 2851 terra:
3111 2802 3167 2846 ut
3198 2788 3481 2862 proferret,

1912 2894 2211 2950 mandavit.
2251 2892 2511 2962 Equidem
2557 2889 2800 2960 praevidit
2844 2886 3011 2951 Deus,
3051 2884 3193 2956 quod
3235 2882 3481 2949 deinceps

1910 2986 2198 3049 accidit,ut
2219 2984 2463 3039 homines
2488 2980 2762 3050 illasipsas
2789 2980 2995 3034 ratione
3026 2974 3280 3046 praeditas
3313 2971 3478 3027 facul—

1914 3086 2050 3132 tates
2076 3075 2359 3139 admirari,
2387 3085 2439 3127 et
2473 3072 2674 3126 nullum
2708 3071 2789 3127 sui
2822 3069 3139 3139 principium
3167 3064 3387 3128 habere,
3432 3071 3483 3114 et

1912 3180 2184 3234 nunquam
2199 3172 2483 3218 natasesse
2496 3162 2866 3215 existimarent
2884 3177 2895 3213 :
2912 3160 3145 3227 itemque
3166 3154 3323 3208 multa
3339 3153 3488 3224 prin-

236 3252 495 3325 αἰσθητὸν
526 3255 733 3326 κόσμον
759 3258 1164 3322 ἐπαινέσαντες,
1200 3259 1292 3314 καὶ
1323 3260 1380 3311 ἐν
1406 3256 1553 3328 αὒτῷ
1586 3257 1811 3321 στάντες

1918 3256 2049 3325 cipia
2075 3264 2127 3308 et
2151 3255 2462 3309 innumeros
2483 3250 2610 3303 deus
2628 3260 2949 3312 statuerent,
2981 3263 3153 3316 eoque
3170 3248 3285 3316 ipso
3303 3245 3487 3300 demo-v

236 3341 372 3397 Θεὸν
400 3342 632 3415 ἄναρχον
658 3345 756 3399 καὶ
791 3346 1084 3418 ἀγέννητον
1109 3343 1248 3401 εἶναι
1276 3348 1425 3418 (56)·
1455 3348 1549 3400 καὶ
1583 3347 1633 3399 οί
1666 3347 1808 3401 πάνυ

1918 3345 2133 3401 cratium
2165 3341 2633 3414 quamdamm
2658 3341 3016 3395 inordinatam
3046 3338 3444 3392 introducerent
3468 3373 3483 3396 ,

238 3433 527 3506 φιλοσοφίᾳ
555 3435 910 3508 σφριγῶντες,
941 3440 1020 3501 είς
1043 3438 1343 3507 φαντασίαν
1369 3438 1558 3506 ἄλογον
1590 3435 1813 3505 ἐξώκει-

237 3523 359 3579 λαν.
381 3524 481 3579 Διά
495 3542 576 3579 τοι
595 3526 753 3579 τοῦτο
771 3526 871 3590 τὰς
891 3528 1165 3600 ἡμετέρας
1183 3527 1358 3597 ψυχὰς
1380 3526 1602 3593 λογικὰς
1626 3525 1683 3579 οὗ
1694 3543 1812 3592 σας,

238 3614 325 3667 ἔτι
354 3616 449 3669 καὶ
475 3616 570 3669 νῦν
602 3618 963 3690 προϐάλλεται
1018 3620 1368 3690 παράδειγμα
1397 3620 1494 3688 τῆς
1522 3618 1687 3672 αὑτοῦ
1724 3620 1814 3672 δυ·

238 3706 482 3775 νάμεως,
512 3709 606 3761 καὶ
632 3709 980 3764 διδασκαλίαν
1007 3710 1113 3763 τῶν
1142 3710 1635 3780 προῦφεστηκότων
1676 3710 1811 3782 (57),

236 3797 318 3858 ὡς
361 3796 421 3861 ἐξ
462 3799 579 3863 ἑνὸς
620 3800 965 3871 Δημιουργοῦ
1008 3802 1214 3869 πάντα,
1250 3803 1342 3855 καὶ
1376 3804 1439 3855 ἐκ
1476 3804 1606 3871 μιᾶς
1639 3803 1813 3873 ἀρχῆς

238 3890 395 3942 πᾶσα
432 3888 624 3962 λογικὴ
655 3893 750 3945 καὶ
776 3893 939 3963 νοερὰ
968 3893 1197 3963 δύναμις
1230 3893 1323 3945 καὶ
1366 3893 1522 3946 οὐσία
1556 3893 1812 3964 προῆλθε,

236 3980 338 4032 καὶ
364 3981 444 4034 ὅτι
476 3982 588 4053 (58)
628 3984 840 4053 πρόεισι
875 3985 1006 4055 (59).
1051 3984 1142 4056 Μὴ
1171 3985 1511 4055 ἀπιστήσητε
1550 3986 1629 4048 είς
1671 3986 1815 4054 ὑμᾶς

238 4070 440 4134 αὐτοὺς
464 4073 660 4126 νεωστὶ
681 4076 980 4145 φυομένους
997 4074 1421 4137 ἀποὸλέποντες,
1442 4074 1492 4127 οἳ
1529 4076 1649 4138 ταῖς
1692 4092 1817 4144 προ-

317 4244 428 4316 (48)
465 4249 683 4320 καιρὸς
702 4249 882 4318 καλῇ.
908 4249 1093 4305 Melius
1117 4248 1255 4304 forte
1285 4250 1494 4320 καιρόν.
1528 4248 1658 4303 Nam
1692 4264 1811 4303 cum

240 4316 349 4369 hoc
370 4319 619 4388 omnium
653 4316 1034 4386 perfectionem
1072 4328 1127 4374 et
1158 4316 1565 4388 productionem
1616 4335 1814 4387 provo-

239 4383 530 4460 cathDeus.
572 4383 717 4442 Nibil
763 4400 940 4444 tamen
995 4383 1173 4445 muto.
1220 4388 1313 4443 BA.
1368 4388 1475 4445 Nec
1518 4383 1811 4460 quidquam

241 4454 440 4513 melius
477 4460 790 4512 mutandum
822 4460 1054 4513 videtur.
1093 4460 1249 4514 EDIT.

465 4525 880 4597 EOI'IpﬂpiB‘IO‘I.

462 4594 544 4673 ἐκ
572 4594 772 4673 (35).}.
799 4598 1253 4673 hicinserendum
1290 4597 1383 4651 xui.
1404 4598 1471 4653 τὰ
1496 4600 1809 4673 γιγνόμενα.

685 4666 851 4740 ξοφίᾳ
879 4668 965 4720 ἀεὶ
1000 4669 1093 4722 καὶ
1124 4668 1308 4740 τέχνῃ.

320 4733 433 4799 (52)
459 4733 569 4787 cc.
598 4733 658 4787 P.
686 4733 898 4799 Προῦπ.

322 4802 435 4875 (53)
472 4802 578 4882 CC:
610 4802 841 4882 P._N9p._.
867 4807 1165 4882 ἐπιστήμῃ,
1191 4807 1289 4882 ορκ
1313 4808 1595 4882 ἐμπειρίᾳ,
1619 4827 1820 4881 προγι-

239 4871 483 4995 νοῖκτέκεόςι
505 4872 615 4927 τῶν
671 4871 974 4946 ἀνθρώπων
1012 4871 1082 4930 τά
1119 4871 1313 4948 "ﬁdem
1345 4871 1449 4931 ’καὶ
1484 4871 1589 4933 'dv'.
1636 4871 1823 4936 στάντα

239 4961 347 4995 τεν
380 4960 412 4995 σ
487 4960 527 4995 ι.

238 4960 527 5015 γενεςναξν

322 5012 436 5088 (54)
467 5011 686 5088 _Judicis
730 5022 814 5088 est
855 5024 1174 5088 exspectare
1203 5018 1330 5088 quid
1369 5029 1587 5072 acturus
1627 5022 1696 5073 sit
1727 5037 1822 5088 per

238 5084 431 5153 omnia
467 5083 649 5153 homo,
683 5091 737 5137 et.
769 5085 840 5138 ita
876 5083 1162 5141 imininere
1200 5087 1314 5153 ejus
1345 5090 1524 5141 rebus.
1558 5090 1625 5142 At
1667 5083 1820 5143 nem-

240 5168 390 5224 guns
414 5151 698 5222 legislator
717 5164 939 5223 peccata
959 5157 1122 5209 etiam
1147 5151 1291 5210 illius
1323 5157 1573 5209 nonnulla
1604 5160 1817 5219 avertit.

241 5221 320 5278 ne
346 5221 761 5294 fiant'unqnam,
782 5225 1121 5278 occasionem
1151 5227 1430 5280 erroribus
1455 5227 1818 5294 przecidendo,

242 5300 551 5416 ariteguam
599 5293 899 5363 impingere
926 5295 978 5347 in
1011 5295 1133 5349 illos
1174 5293 1478 5351 mortalium
1510 5296 1663 5350 labor
1697 5313 1819 5363 pos-

242 5377 291 5416 st
338 5402 350 5413 .
424 5377 477 5415 it.

242 5377 350 5418 ιιι.
380 5377 477 5415 ΒΛ.

324 5431 441 5499 (55)
476 5429 593 5501 ec.
616 5429 678 5484 P.
698 5430 873 5501 Μηδέ.

469 5498 633 5571 Ρ.
661 5498 807 5556 addit
846 5502 1115 5571 Ἐφασαν.

347 5569 444 5706 57)
474 5568 584 5624 CC.
618 5570 680 5624 Ρ.
723 5568 1185 5639 Προῦφεστώτων.

347 5641 419 5695 58
467 5638 576 5693 CC.
614 5639 673 5693 P.
703 5640 811 5692 Καὶ
840 5640 939 5695 ἔτι.

322 5638 442 5709 (58)
467 5638 576 5693 CC.
614 5639 673 5693 P.
703 5640 811 5692 Καὶ
840 5640 939 5695 ἔτι.

321 5707 445 5768 (59)
471 5709 581 5764 Καὶ
610 5709 699 5763 ὅτι
726 5710 980 5776 πρόεισι.
1015 5707 1125 5765 Nec
1155 5710 1267 5763 hcce
1298 5711 1430 5766 satis
1466 5709 1646 5765 facilia
1673 5719 1815 5763 sunt.

1910 3440 1997 3494 illa
2032 3439 2280 3493 videlicet
2312 3436 2514 3508 optime
2548 3436 2791 3490 instituta
2828 3432 3143 3489 monarchia
3180 3429 3481 3500 repudiata.

1912 3530 2012 3598 Qui
2051 3531 2212 3586 etiam
2249 3531 2393 3587 hunc
2430 3532 2603 3601 ipsum
2641 3532 2730 3602 qui
2771 3528 2973 3585 nostris
3008 3537 3092 3583 est
3123 3523 3400 3594 expositus
3432 3532 3487 3575 et

1916 3620 2213 3690 percipitur
2240 3621 2519 3686 sensibus,
2554 3620 2810 3674 mundum
2843 3616 3038 3672 divinis
3068 3613 3316 3668 laudibus
3347 3610 3488 3665 cele-

1920 3711 2166 3775 brarunt,
2194 3722 2249 3765 et
2279 3711 2443 3766 Deum
2471 3711 2562 3780 qui
2593 3712 2662 3765 sit
2689 3709 2757 3764 ab
2783 3720 3009 3771 aeterno,
3038 3722 3135 3762 nec
3161 3720 3395 3774 unquam
3423 3719 3485 3758 ex

1920 3815 2190 3870 quoquam
2220 3811 2397 3865 natus,
2421 3816 2540 3856 esse
2564 3812 2873 3855 statuerunt
2900 3818 2914 3855 :
2942 3799 3081 3852 unde
3106 3806 3159 3850 et
3181 3796 3271 3866 qui
3297 3795 3352 3850 in
3376 3797 3486 3864 phi-

1920 3892 2163 3961 losophia
2186 3892 2472 3960 plurimum
2497 3893 2787 3960 pollebant,
2808 3891 2859 3944 in
2880 3890 3159 3959 Opiniones
3181 3903 3309 3943 sane
3330 3902 3490 3955 quam

1922 3983 2184 4037 absurdas
2213 3984 2571 4053 impegerunt.
2596 3982 2709 4048 Qua
2739 3983 2804 4036 de
2829 3995 2990 4035 causa
3024 3989 3232 4032 nostras
3262 3979 3490 4038 animas,

1920 4074 2022 4128 etsi
2060 4074 2285 4129 rationis
2318 4082 2597 4141 compotes
2631 4081 2832 4137 essent,
2870 4071 3221 4126 nihilominus
3256 4069 3493 4137 quotidie

1922 4251 2051 4306 Inde
2082 4263 2232 4306 ortas
2261 4261 2424 4322 atque
2461 4266 2529 4305 ex
2557 4266 2661 4305 uno
2693 4249 2840 4304 fonte
2871 4263 3062 4322 onlnes
3098 4249 3219 4322 illas
3252 4260 3491 4322 potesta-

1924 4332 2003 4375 tes
2045 4324 2303 4377 oriuudas
2337 4320 2511 4384 'esse,
2552 4322 2822 4375 neminem
2858 4320 3103 4374 videlicet
3139 4320 3301 4373 ullam
3341 4320 3491 4387 prin—

1919 4393 2059 4459 cipio
2097 4406 2300 4456 carere,
2355 4391 2553 4446 exinde
2599 4390 2783 4444 videre
2812 4390 3061 4459 potestis,
3110 4392 3256 4459 quod
3302 4389 3494 4459 anima:

1919 4458 2111 4541 vestra:
2156 4462 2363 4541 pariter
2399 4461 2503 4515 illis
2548 4461 2613 4515 ad
2668 4458 2840 4530 prima
2891 4458 3191 4541 pervenire.
3223 4458 3491 4528 principia

1919 4531 2205 4599 cogitando
2224 4531 2465 4600 possint;
2498 4544 2635 4601 quas
2667 4541 2868 4601 tamen,
2893 4531 2946 4601 in
2975 4531 3114 4584 hanc
3146 4531 3307 4583 vitam
3370 4542 3488 4601 cum

1921 4598 2237 4663 mittuntur,
2265 4612 2443 4655 ortum
2493 4598 2650 4655 suum
2689 4600 2934 4669 indipisci
2971 4601 3165 4667 cuique
3208 4615 3304 4653 sua
3344 4598 3492 4650 testi-

1921 4672 2157 4723 monium
2187 4672 2371 4725 dicere
2414 4672 2642 4739 cogitur.
2677 4669 2882 4723 Sensus
2929 4681 3106 4724 tamen
3152 4679 3207 4723 et
3239 4669 3328 4723 hic
3356 4681 3493 4739 esse

1920 4741 2092 4805 possit
2120 4759 2132 4794 :
2159 4755 2291 4795 neve
2312 4738 2611 4795 statueritis
2633 4739 2937 4793 inccnsulto
2965 4741 3115 4808 prius
3140 4753 3260 4793 esse
3281 4738 3492 4791 animas

1919 4825 2082 4877 quam
2124 4825 2353 4879 corpora
2409 4810 2845 4879 ingrederentur,
2876 4825 3010 4874 quas
3063 4809 3320 4865 videretis
3347 4818 3494 4879 trans

1923 4876 2102 4932 omnia
2143 4876 2602 4931 immortalitatem
2643 4876 2944 4945 intelligere
2986 4893 3165 4947 posse.
3198 4909 3268 4920 —
3304 4877 3489 4947 Παράο

1922 4948 2119 5020 δειγμα
2149 4948 2224 5018 μὴ
2270 4948 2601 5020 ἀπιστήσετε
2630 4948 2712 4999 ὅτι
2746 4948 2980 5020 πρόεισι.
3016 4948 3297 5003 Sententia
3326 4951 3488 5020 etiam

1925 5018 2056 5072 esse
2088 5028 2263 5087 potest
2296 5037 2309 5070 -.
2338 5019 2717 5070 documentum
2759 5018 2924 5071 etiam
2960 5034 3024 5072 ne
3051 5020 3273 5073 credere
3306 5018 3487 5071 nolitis

1921 5090 2133 5156 priores
2161 5088 2443 5156 animabus
2470 5088 2663 5139 vestris
2690 5096 2903 5141 creatas
2953 5088 3071 5142 illas
3101 5103 3221 5142 esse
3249 5097 3491 5156 potesta;

1925 5154 2004 5211 tes
2028 5198 2041 5219 ,
2072 5173 2191 5209 cum
2233 5158 2382 5222 paria
2414 5154 2594 5209 facere
2641 5157 2761 5209 illas
2821 5159 2903 5210 his
2943 5174 3101 5226 posse
3131 5154 3397 5211 videritis.
3429 5154 3488 5206 Ei

1924 5230 1999 5280 rei
2028 5228 2151 5281 data
2176 5236 2257 5277 est
2278 5228 2430 5293 origo
2454 5227 2648 5296 animm
2671 5227 2721 5279 in
2742 5226 2842 5279 hac
2860 5242 2955 5279 sua
2978 5230 3169 5296 cuique
3191 5227 3296 5278 vita
3325 5242 3490 5294 agno-

1924 5298 2144 5350 scenda.
2182 5296 2275 5347 Vel
2320 5298 2549 5362 scriptor
2575 5295 2706 5361 ipse,
2755 5310 2909 5349 more
2940 5295 3290 5364 nptin’iorum,
3318 5296 3490 5361 parcit

1929 5366 2088 5418 nimis
2116 5364 2382 5417 interdum
2408 5365 2618 5430 verbis;
2650 5364 2729 5417 vel
2758 5364 2984 5427 librarii,
3009 5368 3073 5419 de
3101 5364 3491 5419 consuetudine

1923 5436 2302 5502 pessinmrunt,
2345 5434 2647 5502 omiserunt
2692 5430 3079 5502 nonntinquant
3132 5434 3382 5488 facientia
3423 5433 3489 5484 ad

1923 5500 2206 5557 Sententiae
2244 5500 2567 5555 claritatem.
2602 5501 2783 5576 Potest
2806 5516 2868 5576 et
2899 5500 2958 5557 τὸ
2988 5505 3201 5576 πρόεισι
3224 5507 3288 5557 ad
3317 5511 3487 5558 totum

1923 5588 2155 5641 sequens
2214 5586 2425 5641 comma
2483 5574 2752 5641 protendi.
2803 5571 3043 5640 Sequere
3095 5583 3335 5629 nostram
3376 5579 3491 5628 tra-

1921 5640 2249 5697 ductionem.
2280 5640 2375 5693 ΒΑ.
