4032 6144
334 316 443 381 953
1604 327 2232 395 THEOPHRASTUS.
3483 347 3606 411 955'

336 426 439 480 οὐκ
461 425 708 481 ιθέλουσι
738 425 851 500 (95)
884 430 1223 505 συγχωρεῖν,
1256 431 1293 489 ἃ
1319 436 1430 498 τοῖς
1466 434 1682 505 σώμασι
1714 435 1910 508 ῥαδίως

2018 441 2339 503 servandus,
2365 445 2580 510 quando
2605 450 2747 515 quod
2774 449 2849 502 nti
2878 463 3058 518 queat,
3088 471 3194 509 non
3223 455 3342 509 ideo
3369 465 3591 525 prora"!

338 518 671 589 χαρίζονται.

2016 531 2259 586 comburi
2308 535 2498 601 possit.
2528 535 2649 591 Jam
2684 538 2960 596 Platonem
3008 518 3422 610 commendant,
3467 546 3592 600 licet

341 626 553 711 asserat
598 631 824 711 corpora
863 619 1001 711 facta
1037 620 1250 690 quidem
1286 636 1427 688 esse,
1462 638 1567 677 non
1630 632 1807 677 autem
1862 624 2083 681 dissolvi
2115 645 2130 682 :
2170 640 2360 684 contra
2423 634 2707 692 animabus
2767 637 2953 693 uolunt
2990 641 3178 707 tribui,
3208 642 3350 711 quod
3398 653 3592 709 corpo-

339 707 492 763 ribus
525 705 680 760 facile
699 709 1024 764 concedunt.

407 797 604 853 ΘΕΟΦ.
630 801 769 854 Ὀὐκ
819 800 967 854 ἔστιν
1014 801 1088 873 μὴ
1129 802 1248 872 οὐχ).
1295 802 1507 868 τούτοις
1548 805 1906 862 συνέπεσθαι·

2089 804 2389 861 τηΕοΡη.
2428 805 2543 862 Non
2566 823 2852 876 possumus
2881 827 2984 866 non
3018 813 3119 867 has
3154 816 3394 870 rationes
3412 818 3587 887 sequi.

336 888 397 943 ιν
421 890 480 943 δὲ
523 892 671 961 ἡμᾶς
707 891 1059 962 παρέδραμεν
1080 934 1095 958 ,
1132 894 1215 947 ὅτι
1250 895 1352 958 τὰς
1388 895 1486 966 μὲν
1520 896 1687 962 ἄλλας
1720 899 1910 969 νοερᾶς

2019 896 2124 953 Sed
2156 914 2318 951 unum
2352 912 2452 952 nos
2490 900 2665 954 adhuc
2697 900 2866 970 fugit.
2904 905 3046 971 quod
3082 921 3203 959 cum
3236 920 3466 964 caeteras
3497 925 3588 965 ra-

335 982 432 1036 καὶ
468 982 697 1051 λογικὰς
738 982 934 1046 οὐσίας
958 984 1141 1057 μέτρῳ
1186 986 1471 1058 διωρίσθαι
1504 989 1735 1060 λέγομεν
1761 1007 1774 1021 ·
1809 991 1910 1056 τὰς

2019 990 2165 1043 tione
2192 998 2355 1059 atque
2387 988 2743 1060 intelligentia
2790 993 3043 1060 praeditas
3075 995 3409 1052 substantias
3436 1009 3590 1056 certo

335 1072 394 1127 δὲ
431 1073 781 1145 ἀνθρωπίνας
811 1076 894 1139 είς
933 1077 1203 1149 ἀμετρίαν
1245 1079 1558 1149 ἐξάγεσθαι,
1599 1082 1660 1135 Et
1695 1082 1771 1153 μὴ
1810 1083 1911 1153 τὴν

335 1166 510 1237 αὐτὴν
541 1166 717 1239 ψυῄν
763 1169 857 1223 ἐπὶ
893 1169 1066 1224 πολλὰ
1095 1171 1326 1242 σώματα
1373 1173 1723 1243 μεταϐαίνειν
1784 1192 1912 1229 συν-

334 1260 618 1334 εχὼρησεν
644 1263 673 1317 6
692 1262 870 1333 λόγος.

406 1546 583 1606 ΔΞΙΘ.
628 1549 748 1604 Τῶν
780 1551 1139 1625 ἀνθρωπίνων
1183 1553 1372 1626 ψυχῶν
1418 1553 1479 1607 τὸ
1524 1553 1726 1623 πλῆθος
1773 1555 1907 1621 πρὸς

336 1638 486 1711 ἡμᾶς
515 1642 614 1712 μὲν
640 1640 866 1715 ἄπειρον
886 1661 899 1674 ·
922 1644 1002 1715 τῷ
1029 1645 1085 1698 δὲ
1111 1644 1439 1717 Δημιουργῷ
1468 1644 1903 1716 πεπερασμένον,

2016 1081 2250 1151 quodam
2310 1082 2469 1135 modo
2496 1096 2831 1151 numeroque
2875 1084 3319 1155 circumscriptas
3370 1104 3586 1144 assera-

2019 1185 2135 1223 nms
2176 1169 2499 1223 :‘humanas
2522 1178 2702 1224 autem
2735 1170 2947 1226 animas
2987 1173 3218 1230 dicimus
3240 1215 3257 1242 ,
3284 1185 3438 1230 extra
3472 1193 3589 1233 mo-

2014 1265 2141 1313 dum
2194 1275 2585 1331 numerumque
2636 1275 2852 1317 omnem
2894 1266 3187 1333 provenire
3229 1283 3244 1321 :
3289 1267 3392 1322 nisi
3435 1283 3588 1324 eam-

2013 1351 2134 1404 dem
2183 1350 2418 1403 animam
2474 1349 2531 1402 in
2572 1350 2735 1405 multa
2780 1366 3006 1421 corpora
3048 1354 3410 1425 commigrare
3449 1372 3590 1413 con-

2011 1437 2292 1493 cedamus.

2083 1548 2321 1607 AXITH.
2358 1550 2673 1604 Animarum
2723 1551 3085 1605 humanarum
3138 1551 3426 1607 multitudo
3463 1567 3587 1607 ou:-

2015 1642 2120 1707 uis,
2149 1641 2305 1697 nobis
2341 1641 2556 1712 quidem
2610 1641 2664 1695 in
2709 1641 3031 1697 immensum
3070 1644 3339 1699 excrescit
3372 1662 3385 1698 :
3419 1653 3474 1696 at
3520 1658 3584 1698 ea

335 1730 526 1803 ὥσπερ
560 1733 656 1788 καὶ
697 1733 855 1789 ἄλλαι
894 1734 1004 1788 τῶν
1038 1734 1276 1804 λογικῶν
1325 1734 1524 1789 οὐσίαι.
1570 1735 1669 1799 Ἀς
1708 1735 1771 1788 σὺ
1814 1735 1910 1806 μὲν

2015 1746 2179 1803 penes
2202 1732 2377 1802 ipsum
2402 1730 2648 1801 opiﬁcem
2675 1746 2827 1801 teque
2847 1742 2930 1788 est
2963 1732 3113 1787 finita
3143 1748 3206 1789 ac
3229 1744 3398 1801 certa,
3427 1744 3588 1802 atque

336 1823 437 1880 οὐκ
460 1824 821 1897 ἀριθμήσας,
869 1826 999 1891 Θεὸς
1035 1825 1092 1880 δὲ
1139 1826 1250 1898 (96)
1290 1827 1390 1880 ὅσα
1418 1843 1477 1880 τε
1520 1825 1909 1896 περιείληφεν,

336 1913 470 1986 ἡμῖν
511 1914 613 1986 μὲν
652 1916 917 1987 ἀόριστα,
959 1916 1038 1987 τῷ
1066 1917 1122 1970 δὲ
1161 1916 1509 1988 περιλαωντι
1555 1916 1908 1987 διωρισμένα.

338 2005 449 2062 Καὶ
484 2006 649 2071 αὐτὸς
674 2009 859 2072 αὐτοῖς
897 2008 1098 2078 μέτρον
1126 2008 1336 2078 γίνεται
1366 2009 1510 2079 (97),
1543 2000 1618 2062 ὧν
1654 2005 1910 2075 περιέλα-

338 2095 433 2151 σιν
461 2088 596 2167 (98).
647 2097 735 2150 Ἐν
767 2097 826 2151 δὲ
859 2101 981 2160 ταῐς
1016 2098 1205 2161 ἁΰλοις
1242 2099 1334 2151 καὶ
1375 2098 1620 2165 λογικαῖς
1667 2097 1909 2161 οὐσίαις,

337 2187 403 2244 οὐ
450 2188 783 2260 στενοχωρία
824 2188 884 2242 τὸ
933 2188 1172 2259 πλῆθος·
1211 2189 1269 2242 ἒν
1308 2188 1415 2259 ῄρ
1461 2188 1530 2243 τὰ
1568 2188 1784 2241 πάνταο
1817 2188 1911 2241 καὶ

336 2277 567 2334 ῑκαστον
617 2279 738 2333 ὅλον
787 2278 1076 2350 ιπλήρωσε
1129 2278 1273 2349 (99),
1327 2279 1422 2332 καὶ
1472 2278 1651 2332 πάντα
1686 2276 1748 2330 τὸ
1789 2276 1911 2329 ὅλον

338 2368 692 2439 ὑποδέχεταιο
734 2368 829 2422 καὶ
857 2370 957 2421 οὐκ
994 2369 1248 2438 ἐμπόδιον
1289 2367 1416 2421 ἄλλο
1455 2366 1599 2437 ἄλλῳ
1621 2408 1634 2431 ,
1662 2366 1910 2435 καθάπερ

336 2459 405 2515 τὰ
431 2458 596 2515 ενυλα
643 2458 892 2530 σώματα.
948 2459 1103 2512 Ἐπεὶ
1136 2461 1238 2513 κᾶν
1286 2461 1399 2522 τοῖς
1440 2461 1629 2527 φυτοῖς
1667 2456 1774 2510 τῶν
1815 2455 1909 2509 νῦν

335 2546 645 2620 λεγομένων
685 2547 881 2604 εἴδωλα
924 2548 1195 2617 φαίνεται.
1250 2548 1340 2614 Ἐξ
1380 2548 1499 2611 ἐνὸς
1546 2548 1655 2618 γὰρ
1692 2546 1908 2616 δένδρου

336 2638 695 2712 βλαστήματα
744 2640 843 2713 μὲν
880 2641 1050 2712 μυρία
1101 2642 1390 2711 τέμνεται,
1421 2639 1653 2692 ἕκαστον
1698 2637 1756 2691 δὲ
1799 2637 1910 2691 τῶν

333 2732 830 2804 ἀποτεμνομένων,
873 2731 936 2786 τὸ
970 2734 1090 2787 ὅλον
1116 2734 1215 2805 τῆς
1257 2733 1400 2803 ζωῆς
1429 2730 1545 2802 ἔχει
1566 2749 1582 2764 ⁸
1620 2731 1695 2793 ὡς
1726 2733 1792 2802 τῇ
1836 2731 1906 2802 γῇ

333 2823 491 2879 δοθὲν
531 2823 878 2894 βλαστάνεινο
914 2827 1009 2879 καὶ
1047 2830 1147 2897 τῆς
1176 2826 1320 2896 ζωῆς
1348 2825 1410 2878 τὺ
1431 2823 1551 2877 ὅλον
1572 2823 1650 2894 τῷ
1688 2824 1907 2894 μεγάλῳ

335 2911 541 2984 δένδρῳ
590 2912 790 2984 ὁμοίως
834 2915 1224 2986 ἑμμεμένηκε·
1272 2913 1375 2978 κάξ
1423 2912 1542 2977 ἑνὸς
1592 2913 1797 2983 ἄπειρα
1839 2912 1908 2966 τὰ

330 3004 667 3077 γιγνόμενα,
705 3006 798 3059 καὶ
847 3005 905 3060 ἓν
936 3007 1113 3060 πάντα
1132 3046 1148 3070 ,
1187 3005 1282 3059 καὶ
1314 3004 1422 3059 τῶν
1463 3004 1522 3072 ἐξ
1552 3003 1717 3058 αὑτοῦ
1749 3022 1906 3073 γενο-

340 3095 518 3167 μένων
562 3096 714 3151 οὐδὲν
761 3096 836 3168 (1)
901 3097 1077 3151 ἐκεῖνο
1126 3095 1202 3167 (2)
1261 3094 1322 3161 ἐξ
1385 3089 1446 3150 οὗ
1503 3097 1573 3150 τὰ
1618 3097 1902 3168 γενόμενα.

336 3186 454 3244 Κᾶν
602 3188 682 3251 είς
718 3188 973 3259 ἀπειρίαν
1001 3190 1132 3258 ἡμῖν
1161 3187 1474 3259 προϐαίνειν
1506 3187 1637 3259 δοκῇ
1676 3188 1776 3260 (4),
1814 3190 1905 3243 καὶ

335 3281 588 3352 ἀόριστον
620 3280 796 3335 οὐδέν.
845 3281 988 3353 Πρὸς
1020 3281 1077 3334 δὲ
1114 3283 1359 3345 τούτοις,
1398 3283 1506 3335 πᾶν
1540 3280 1600 3345 ἐξ
1638 3282 1907 3353 ἀνομοίων

335 3368 625 3431 σύνθετον,
665 3371 842 3441 χρόνῳ
883 3372 1014 3424 ποτὲ
1046 3370 1139 3425 καὶ
1178 3370 1473 3427 διαλύεται.
1512 3371 1765 3437 Τοιοῦτος
1812 3372 1908 3427 καὶ

335 3461 366 3517 ὀ
415 3461 676 3531 αἰσθητὸς
722 3461 965 3532 κόσμος·
1009 3461 1105 3515 καὶ
1148 3455 1209 3515 οὗ
1242 3463 1311 3516 τὰ
1359 3462 1499 3534 μέρη
1536 3463 1816 3534 φθείρεται
1852 3463 1911 3529 ἐξ

334 3543 408 3609 ὧν
436 3553 499 3607 τὸ
527 3553 648 3608 ὅλον
693 3552 805 3625 (5),
842 3554 1056 3624 ἀνάγκη
1087 3551 1148 3608 τδ
1188 3553 1309 3610 ὅλον
1338 3557 1451 3619 τοῖς
1491 3556 1713 3628 μέρεσιν
1745 3555 1804 3620 ἐξ
1835 3550 1909 3609 ὧν

335 3646 619 3717 συνετέθη,
648 3645 822 3700 ταῦτα
849 3646 1160 3710 πείσεσθαι,
1195 3647 1299 3710 ἕως
1327 3646 1392 3700 ἂν
1418 3648 1478 3700 τὸ
1506 3647 1774 3701 ἀθάνατον
1812 3665 1912 3701 κα-

336 3735 519 3810 θαρῶς
545 3738 722 3792 λάϐοι.
753 3738 869 3801 Πᾶς
898 3739 953 3791 δὲ
983 3738 1173 3808 χρόνος
1206 3738 1324 3809 Θεῷ
1357 3739 1455 3809 μὲν
1498 3738 1703 3810 βραχύς
1722 3756 1736 3771 ο
1782 3739 1912 3809 θνηο

333 3829 445 3893 τοῖς
476 3826 534 3881 δὲ
591 3827 954 3900 μακρότατος.
1005 3828 1243 3892 Οὐκοῦν,
1300 3830 1348 3881 εί
1395 3828 1557 3899 μέχρι
1588 3828 1778 3882 τούτου
1830 3830 1905 3899 (6)

335 3916 405 3974 τὰ
441 3918 520 3989 (7)
554 3917 782 3989 σώματα
813 3919 1138 3988 διορίζεται,
1167 3918 1266 3971 οὐκ
1289 3920 1369 3980 είς
1401 3917 1656 3989 ἀπειρίαν
1683 3918 1783 3982 τὰς
1809 3918 1910 3989 ψυ-

337 4006 439 4076 χὰς
477 4006 743 4077 ὲξᾶγομεν
768 4023 783 4038 ·
827 4006 964 4064 ἀλλὰ
1010 4008 1271 4077 στήσεται
1298 4007 1408 4059 τῶν
1451 4006 1639 4077 ψυχῶν
1674 4009 1708 4079 ἡ
1736 4009 1907 4079 φορὰ,

336 4097 469 4153 ὅταν
502 4098 602 4170 στῇ
640 4097 701 4153 τδ
726 4097 1000 4169 δεόμενον,
1032 4096 1127 4152 καὶ
1163 4096 1581 4168 ὑποδεχόμενον.
1613 4097 1776 4153 Ὥστε
1809 4099 1908 4170 μέ-

2015 1824 2242 1878 aliarum
2300 1824 2562 1877 rationem
2620 1824 2932 1878 habentium
2987 1823 3439 1880 substantiarnm.
3482 1826 3588 1879 Eas

2014 1918 2127 1985 ipse
2165 1915 2382 1985 quidem
2408 1915 2629 1971 minime
2658 1915 2818 1971 facile
2872 1916 3245 1971 numeraveris
3273 1934 3285 1969 :
3320 1913 3465 1971 Deus
3491 1931 3586 1969 au-

2015 2017 2120 2062 tem
2149 2007 2424 2063 facillime.
2462 2006 2531 2062 Et
2565 2021 2909 2078 quaecunque
2940 2005 3056 2077 ipse
3085 2005 3586 2076 comprehenderit,

2011 2111 2072 2151 ea
2108 2097 2263 2151 nobis
2314 2095 2532 2165 quidem
2597 2095 2808 2151 infinita
2854 2105 2981 2152 sunt
3040 2097 3224 2153 omnia
3258 2110 3274 2149 :
3303 2096 3405 2167 ipsi
3457 2110 3590 2152 vero

2012 2187 2387 2256 complectenti
2416 2188 2505 2242 illa
2548 2188 2656 2243 Deo
2688 2204 2913 2259 prorsus
2954 2188 3127 2244 finita.
3161 2187 3372 2258 Hicque
3395 2198 3480 2244 est
3505 2187 3589 2243 eis

2013 2278 2225 2344 modus,
2256 2292 2416 2347 quem
2441 2277 2553 2333 vult
2582 2278 2672 2347 qui
2702 2278 3136 2346 comprehendit.
3171 2277 3227 2331 lu
3253 2276 3590 2347 incorporeis

2011 2380 2192 2425 autem
2236 2379 2290 2423 et
2317 2369 2580 2424 rationem
2616 2368 2941 2425 habentibus
2957 2368 3274 2424 substantiis
3306 2367 3590 2423 multitudo

2012 2476 2117 2515 non
2153 2458 2304 2523 facit,
2337 2470 2395 2513 ut
2418 2460 2473 2514 in
2503 2459 2635 2531 ipsis
2666 2459 2986 2515 substantiis
3027 2459 3208 2528 aliqua
3241 2459 3458 2515 accidat
3487 2473 3588 2513 an-

2010 2548 2210 2619 gustia.
2244 2547 2424 2605 Unum
2476 2549 2623 2604 enim
2658 2559 2788 2604 sunt
2831 2549 3011 2604 omnia
3038 2591 3054 2614 ,
3082 2557 3137 2603 et
3167 2548 3379 2619 singula
3417 2556 3588 2601 totum

2010 2640 2267 2708 explent,
2296 2648 2353 2695 et
2376 2640 2561 2695 omnia
2591 2649 2762 2694 totum
2795 2641 3100 2711 suscipiunt
3124 2654 3139 2694 :
3168 2656 3267 2695 nec
3292 2638 3590 2710 impellitur

2010 2740 2101 2786 aut
2130 2732 2394 2801 premitur
2418 2730 2646 2787 altermn
2681 2733 2748 2785 ab
2776 2731 2968 2798 altero,
2992 2731 3444 2801 quemadmodum
3468 2745 3590 2786 cor-

2011 2840 2139 2896 pora
2170 2824 2273 2879 alia
2299 2825 2419 2880 aliis
2443 2823 2828 2891 impedimento
2847 2840 2968 2881 esse
2998 2833 3247 2895 possunt.
3280 2824 3412 2879 Nam
3442 2833 3494 2879 et
3524 2823 3578 2877 ia

2011 2915 2228 2985 plantis,
2262 2929 2448 2971 eorum
2470 2913 2636 2987 650
2663 2898 2783 2985 quae
2798 2916 2908 2985 jam
2939 2915 3080 2969 dicta
3107 2924 3250 2980 sunt,
3270 2913 3421 2985 quasi
3445 2926 3593 2982 qua:-

2012 3009 2132 3061 ilam
2162 3007 2450 3062 simulacra
2478 3015 2796 3063 cernuntur.
2822 3006 3190 3076 Amputantur
3216 3007 3361 3060 enim
3392 3018 3458 3059 ex
3482 3019 3588 3059 una

2015 3100 2193 3171 aliqua
2246 3101 2443 3155 arbore
2486 3099 2686 3155 surculi
2735 3113 2900 3169 prope
2933 3097 3236 3165 innumeri,
3273 3097 3364 3167 qui
3412 3106 3591 3151 tamen

2006 3192 2119 3263 jam
2148 3192 2410 3262 amputati
2436 3234 2452 3258 ,
2492 3193 2655 3245 vitam
2692 3191 2745 3245 in
2793 3204 2852 3246 se
2878 3198 3044 3244 totam
3081 3188 3285 3258 quique
3338 3184 3583 3240 habent:

2014 3287 2085 3339 ita
2114 3293 2174 3339 ut
2207 3293 2367 3339 terrm
2401 3284 2638 3339 mandati
2685 3282 2993 3354 germinent
3020 3319 3036 3345 ,
3068 3294 3240 3350 eoque
3267 3279 3382 3349 ipso
3404 3286 3591 3331 osten-

2012 3380 2144 3433 dant
2194 3379 2298 3435 sibi
2347 3394 2450 3435 non
2499 3379 2677 3433 minus
2706 3390 2868 3447 quam
2922 3389 3128 3446 magna:
3179 3371 3360 3428 arbori
3420 3369 3589 3425 vitam

2010 3469 2155 3522 intus
2182 3467 2441 3524 adfuisse.
2472 3470 2646 3537 Atque
2674 3481 2740 3522 ex
2773 3479 2881 3520 uno
2932 3464 3024 3519 illo
3063 3462 3304 3533 germine
3337 3459 3473 3514 fiunt
3510 3460 3592 3512 in-

2011 3571 2260 3621 numera,
2290 3568 2345 3612 et
2386 3573 2553 3611 unum
2580 3555 2764 3612 omnia
2789 3596 2805 3622 ,
2835 3566 2891 3609 et
2914 3568 3102 3610 eorum
3135 3567 3256 3624 quae
3287 3566 3354 3607 ex
3377 3565 3442 3606 eo
3461 3558 3592 3603 sunt

2010 3657 2166 3710 nata,
2191 3648 2392 3702 nullum
2427 3657 2511 3704 est
2562 3649 2614 3703 id
2655 3650 2833 3718 ipsum
2875 3663 2941 3703 ex
2974 3662 3082 3716 quo
3126 3654 3251 3699 sunt
3288 3652 3484 3698 euatze.
3510 3642 3593 3695 Ac

2010 3755 2315 3808 quanquam
2369 3741 2525 3795 nobis
2556 3740 2671 3795 hac
2715 3740 2770 3794 in
2818 3738 3091 3794 inﬁnitum
3132 3735 3324 3792 deduci
3362 3735 3588 3789 videan-

2017 3837 2123 3894 tur,
2158 3839 2334 3885 tamen
2371 3831 2642 3885 infinitum
2690 3845 2881 3886 eorum
2920 3838 3003 3885 est
3044 3826 3275 3882 nullum.
3301 3825 3399 3881 His
3425 3823 3587 3889 adde,

2016 3921 2157 3988 quod
2199 3935 2318 3990 qua).
2352 3935 2420 3975 ex
2472 3921 2771 3991 imparibus
2813 3919 3114 3990 composita
3153 3926 3313 3980 sunt,
3350 3926 3592 3984 tempore

2016 4024 2116 4064 suo
2137 4008 2509 4065 dissolvantur
2536 4024 2758 4065 necesse
2784 4016 2888 4065 est.
2929 4008 3104 4077 Atque
3137 4005 3401 4073 ejusmodi
3441 4020 3592 4060 mun-

2016 4100 2117 4157 dus
2162 4100 2252 4157 hic
2280 4111 2365 4158 est
2427 4101 2517 4173 qui
2542 4101 2809 4157 cernitur.
2847 4099 2904 4156 Si
2930 4098 3059 4169 quid
3096 4098 3169 4154 sit
3216 4096 3369 4166 cujus
3402 4103 3588 4167 partes

412 4304 526 4380 (95)
565 4304 623 4360 In
657 4306 836 4380 verbis
884 4306 953 4380 ab
983 4304 1274 4361 Ambrosio
1306 4305 1675 4376 interpretatis
1711 4307 1763 4359 in
1799 4307 1903 4362 hoc
1938 4314 1980 4370 D
2010 4307 2334 4364 Anastasius
2384 4307 2588 4364 Sinaita
2614 4348 2630 4372 ,
2681 4306 2821 4380 libro
2851 4308 2958 4380 jam
3003 4303 3206 4374 saepius
3245 4311 3542 4380 memorato
3561 4321 3587 4380 _:

338 4376 528 4433 codice
558 4378 868 4445 prazteritis.
891 4376 988 4430 ΒΑ.

434 4445 527 4515 96)
551 4446 626 4500 Ex
648 4446 754 4501 CC.
780 4445 841 4501 P.
865 4449 951 4501 hic
972 4446 1119 4501 locus
1153 4446 1233 4500 sic
1262 4446 1622 4501 restituendus
1646 4465 1658 4501 :
1691 4448 1823 4511 Θεὸς
1853 4447 1911 4501 δὲ

336 4515 667 4588 μησεν,
697 4518 855 4571 Ὅσα.

411 4586 544 4659 (97)
566 4586 674 4659 Καὶ
706 4588 911 4654 αὐτοῖς
951 4588 1168 4658 μέτρον
1191 4588 1434 4659 γίνεται.
1470 4589 1605 4655 Quia
1633 4587 1914 4642 voluntate

339 4656 457 4728 ejus
488 4656 741 4728 definitus
773 4668 857 4712 est
907 4656 974 4713 iis
1018 4656 1293 4716 numerus.
1333 4659 1519 4728 Itaque
1571 4660 1685 4728 ipsc
1727 4667 1809 4728 est
1846 4659 1913 4713 iis

342 4726 464 4781 loco
521 4727 768 4789 nttmeri,
836 4730 927 4794 qui
972 4745 1255 4783 numerum
1328 4726 1512 4782 earnm
1558 4726 1651 4780 sua
1723 4727 1914 4782 volun-

345 4804 456 4850 tate
505 4797 934 4868 cornprehendit.
969 4799 1288 4854 Ambrosius
1331 4802 1539 4854 vertit:
1583 4797 1745 4852 Nobis
1785 4799 1911 4868 qui-

343 4868 461 4921 dem
522 4865 764 4926 inﬁnita.
814 4867 896 4921 illi
942 4878 1117 4922 autem
1166 4870 1535 4933 comprehensa
1584 4879 1740 4937 atque
1778 4865 1913 4934 deﬁ-

344 4937 456 5009 nito
503 4945 659 4995 sunt:
690 4937 836 5003 isque
878 4938 984 4991 illis
1020 4938 1206 5009 modus
1253 4940 1469 5008 efﬁcitur
1494 4955 1642 5009 quem
1669 4938 1815 5009 jubet
1870 4937 1916 4989 is

345 5005 437 5076 qui
486 5021 575 5059 eas
610 5009 1016 5075 comprehendit.
1068 5007 1198 5075 Quae
1254 5005 1632 5076 interpretatio
1682 5006 1917 5060 deiicere

351 5075 534 5139 aliqua
565 5078 739 5144 arguit
774 5086 974 5130 textum
1008 5086 1252 5131 nostrum
1285 5075 1557 5132 Graecum.
1592 5075 1733 5137 Non,
1761 5085 1915 5142 puto,

350 5145 641 5267 inelinsBex
686 5145 830 5200 facili
872 5148 1122 5211 verteris,
1153 5163 1312 5218 quam
1346 5158 1527 5202 nostra
1554 5156 1710 5201 sonat
1740 5155 1919 5200 trans-

369 5223 499 5267 atto.
578 5231 631 5267 A.

369 5223 499 5268 alio.
536 5223 631 5267 ΒΑ.

571 5283 675 5358 (ρο.
709 5282 766 5338 P.
795 5278 869 5339 ὧν
893 5302 1020 5358 περ.

420 5355 536 5424 (99)
580 5356 886 5409 Ἐκαστον
929 5354 1077 5411 ὅλον
1105 5355 1441 5423 ἐπλήρωσε.
1484 5354 1613 5407 Mira
1655 5368 1785 5409 sane
1837 5370 1923 5408 ra-

354 5424 487 5477 tioni
522 5439 631 5494 res,
666 5435 721 5478 et
771 5435 948 5480 tamen
983 5441 1129 5481 vera.
1166 5427 1449 5494 Specimen
1484 5424 1695 5479 dederit
1739 5425 1918 5477 anima

352 5495 514 5565 etiam
541 5493 795 5559 humana,
823 5511 964 5565 quae,
992 5512 1113 5549 cum
1158 5493 1215 5549 in
1241 5511 1463 5562 corpore
1494 5496 1604 5557 sit,
1639 5495 1726 5565 ubi
1777 5496 1829 5547 in
1863 5508 1921 5546 30

351 5562 422 5617 sit
444 5578 548 5617 non
581 5573 755 5632 potest
776 5562 900 5630 dici,
925 5567 1022 5620 nisi
1045 5567 1193 5621 dicas
1229 5568 1368 5634 quod
1401 5574 1505 5616 tota
1536 5574 1619 5618 est
1653 5564 1705 5617 in
1733 5572 1841 5618 toto
1871 5572 1925 5634 et

294 5686 297 5689 .
355 5642 463 5705 tota
497 5634 1036 5705 itidemrinquolihet
1061 5637 1177 5705 ejus
1204 5633 1354 5700 loco;
1391 5650 1495 5700 qua
1532 5648 1690 5705 exire
1724 5633 1919 5686 divini-

354 5702 478 5757 tatis
533 5702 832 5760 similitudo
878 5704 930 5760 in
977 5722 1038 5760 ea
1083 5702 1384 5761 clarissime
1434 5704 1670 5773 conspici
1716 5712 1913 5771 potest.

2010 4380 2281 4462 Ζωρποιδς
2309 4380 2422 4461 ,και
2478 4370 2775 4462 συστάῖικὴ
2828 4370 2927 4457 ἐει
2976 4370 3590 4462 emissaemissa

2009 4450 2245 4520 ὑπάρχει
2261 4441 2373 4530 τῇς
2396 4441 2778 4530 τετραστοίχου
2805 4447 2899 4527 τρῡ
2925 4441 3181 4526 σώματος
3207 4441 3441 4511 φύάεως.
3466 4441 3589 4495 κατ’

2009 4520 2195 4573 εἰκόνα
2215 4520 2340 4574 θεου
2370 4536 2464 4572 του
2498 4534 2857 4582 προνοητικου
2891 4517 3073 4582 πάσης
3106 4531 3205 4582 της
3245 4512 3589 4582 τετραπεράς

2009 4531 2195 4573 εικονα
2215 4531 2340 4574 θεου
2370 4536 2464 4572 του
2498 4534 2857 4590 προνοητικου
2891 4531 3073 4584 πασης
3106 4531 3205 4636 ττὲς
3245 4531 3589 4592 ’πετριε-περαί

2007 4607 2102 4664 του
2148 4591 2243 4664 κα).
2273 4592 2375 4661 τῆς
2415 4589 2816 4664 ἄνω-κτίσεως·
2846 4586 3040 4664 ξιόῃρ
3063 4584 3156 4664 οὐᾷ
3215 4580 3306 4634 τὸν
3332 4580 3590 4664 τουιθεου

2010 4661 2173 4713 τόπον
2202 4654 2448 4730 ἔγνωμεν
2470 4659 2600 4730 ἔνθα
2625 4658 2887 4730 κατοικεῖ,
2918 4655 3055 4730 ἀλλὰ
3080 4654 3239 4730 μόνρν
3262 4654 3591 4730 Fugerit-ipp

2015 4731 2098 4783 ὅτι
2122 4719 2298 4800 πάντη
2321 4719 2468 4783 {om
2492 4745 2507 4760 ·
2547 4728 2670 4781 οὔτε
2688 4727 2802 4800 μὴν
2829 4728 2922 4800 τὸν
2938 4719 3234 4800 τόπον-τῆς
3254 4719 3433 4800 ψυχῆς
3462 4719 3592 4800 ἔνθα

2018 4802 2157 4852 οἰκεῖ
2182 4802 2239 4852 ὲν
2268 4790 2480 4868 ἁώματι
2508 4790 2870 4865 ἐπιστάμεθα,
2901 4795 3036 4868 αλλὰ
3072 4790 3230 4868 μόνον
3257 4790 3478 4868 οίδαμεν
3499 4790 3591 4868 ἔτι

2018 4871 2077 4940 ἐν
2106 4869 2185 4939 τῷ
2223 4859 2389 4922 παντὶ
2420 4859 2791 4940 σᾼὼματί-εοτι
2837 4866 2937 4940 καὶ
2974 4859 3219 4940 ἐνεργεῖ,
3247 4866 3368 4940 ειυς.

2019 4939 2123 4992 hac
2157 4929 2376 4991 'ratione
2411 4929 2595 4991 videas
2643 4935 2907 4991 Victorini
2941 4929 3176 4988 rhetoris
3220 4939 3275 4984 et
3318 4929 3588 4982 dialectici

2020 5024 2142 5062 cum
2173 5009 2364 5080 p_rimis
2395 5005 2809 5080 nobilis__liliros
2840 5014 3028 5080 contra
3051 5002 3307 5080 Arrium;
3329 5007 3395 5080 et
3424 4996 3597 5080 Plotia

2023 5092 2151 5131 unm
2176 5067 2458 5131 'Enneatlis
2489 5079 2544 5144 6,
2592 5076 2685 5130 lib.
2720 5091 2769 5142 ν,
2808 5073 3067 5145 peculiari
3102 5072 3205 5126 huc
3233 5068 3459 5138 scripto.
3490 5067 3589 5121 Ba.

2095 5146 2170 5217 (Ι)
2209 5148 2283 5200 Ex
2318 5146 2427 5201 CC.
2456 5147 2516 5202 P.
2545 5149 2746 5216 Supp.;
2774 5145 3052 5209 ἀπεοικός.

2094 5218 2168 5285 (2)
2206 5216 2311 5288 QC.
2344 5217 2404 5288 Ρ.
2432 5217 2643 5288 ἐκείνῳ.

2093 5289 2170 5357 (5)
2203 5285 2309 5342 CC.
2438 5288 2549 5341 καί.

2096 5354 2171 5426 (4)
2211 5358 2314 5411 CC.
2353 5354 2412 5409 P.
2444 5357 2607 5411 δοκεῖ.
2744 5424 2750 5426 Α
2817 5418 2835 5426 Δ
2898 5392 2907 5403 .

2096 5414 2173 5496 (5')
2220 5426 2295 5480 Τὰ
2336 5426 2488 5495 μέρη
2542 5429 2644 5495 ςρθ.
2695 5424 2764 5490 ἐξ
2796 5418 2883 5496 agr
2929 5424 2993 5479 τὸ
3037 5423 3207 5479 ὅλον.
3256 5414 3592 5477 Essentiales

2022 5494 2206 5567 partes
2236 5494 2419 5567 dicu_ut
2451 5494 2783 5567 scholastici.
2819 5494 2916 5551 BA.

2094 5566 2169 5634 (6)
2203 5567 2311 5621 CC.
2345 5564 2407 5621 P:
2439 5565 2556 5619 τοῦ.

2092 5638 2169 5709 (7)
2204 5636 2309 5693 cc.
2343 5634 2404 5691 P.
2435 5637 2560 5691 add.
2594 5634 2783 5705 θνητά.
