4032 6144
374 311 482 386 95⁷1
1653 314 1966 382 ἸἨΕΟΡΗΙ

2038 316 2248 379 tSTUS
3088 336 3097 341 ε
3523 319 3630 385 958

378 429 556 491 εἰπεῖν
604 424 750 498 (27),
778 426 1164 499 ἀδαμαντίνοις
1190 427 1416 484 δέδεται.
1465 430 1527 483 Et
1571 431 1618 483 δ’
1666 432 1727 485 ἑν
1763 430 1956 502 χιλίαις

2058 448 2187 503 ceps
2213 447 2451 501 unquam
2491 431 2608 489 fore
2640 439 2702 488 ut
2748 430 2804 488 in
2832 433 2973 488 hanc
2999 418 3167 487 vitam
3198 430 3383 486 redeat
3409 420 3627 497 anima‘,

377 518 555 579 ἔτεσιν
589 516 772 584 ἅπαξ,
807 518 973 590 φησὶν
1017 521 1046 573 ό
1075 520 1169 575 τοῦ
1221 521 1479 590 Φαίδρου
1510 523 1808 595 Σωκράτης
1860 521 1959 594 τὴν

2055 524 2315 579 videlicet
2366 524 2456 579 hic
2491 524 2687 579 iterum
2715 523 2923 579 victura
2957 540 2972 577 :
3004 534 3125 577 cum
3159 522 3276 578 haec
3303 524 3485 577 omnia
3523 524 3631 578 sint

377 609 558 682 ψυχὴν
592 609 830 680 ἑκάστην
858 610 1071 682 σώματι
1100 613 1398 677 κοινωνεῖν,
1434 613 1529 667 καὶ⁹
1554 616 1635 677 εἰς
1664 612 1959 686 μυριοστὴν

2053 615 2165 687 jam
2192 624 2351 670 antea
2381 615 2697 681 confutata,
2727 614 2833 670 etsi
2858 613 3076 685 quidem
3109 613 3335 682 juvenili
3392 613 3627 684 quodam

380 700 628 772 ⁶περίοδον
674 701 784 756 τῶν
822 702 1012 783 ψυχῶν
1058 703 1121 756 τὸ
1165 704 1364 776 μέτρον
1403 704 1658 776 ἐξαρκεῖν
1705 706 1954 774 λέγεται,

2065 708 2229 762 modo
2275 707 2496 780 gloriari
2542 706 2998 782 Ii‘beathvinculis
3040 705 3399 760 adamantinis
3445 706 3624 776 ligata.

379 792 540 862 ἡμεῖς
590 791 890 849 ἐλαττόνων
921 792 1108 863 ψυχῶν
1150 793 1477 864 δεησόμεθα.
1510 796 1585 848 Οὐ
1613 795 1721 866 γὰρ
1765 797 1844 859 είς
1868 812 1961 848 το-

2056 796 2173 852 Jam
2224 797 2269 853 si
2305 796 2450 852 mille
2487 797 2647 851 annis
2699 796 2867 852 semel
2902 796 2999 864 (ut
3048 796 3125 849 ait
3168 796 3220 848 in
3269 793 3494 849 thdro
3526 794 3629 849 So-

380 880 571 935 σοῦτον
603 881 794 952 χρόνον
828 882 898 935 τὰ
934 883 1105 954 θνητά
1136 883 1366 954 σώματά
1411 902 1594 962 φαμεν
1630 885 1955 957 παρατείνε-

2059 886 2299 958 crates)
2364 901 2703 956 unaquaeque
2760 885 2942 939 anima
2998 884 3442 940 consuetudinem
3510 900 3630 939 cum

378 973 503 1026 σθαι
521 990 536 1003 ο
564 971 708 1027 ὥστε
738 976 868 1045 παρ’
891 975 1014 1046 ἐμοὶ
1046 976 1244 1048 μᾶλλον
1278 968 1312 1040 ἢ
1347 978 1502 1047 παρά
1524 978 1609 1031 σοὶ
1642 979 1830 1049 μέτρῳ
1852 979 1953 1032 τάκ·

2056 991 2287 1048 corpore
2337 977 2561 1042 habeat,
2612 976 2664 1032 ei
2712 976 2765 1030 in
2821 975 3007 1033 decem
3070 975 3301 1029 millium
3364 990 3631 1032 annorum

375 1063 558 1145 ψυχὰς
589 1064 938 1136 διορίζεσθαι.

2056 1069 2323 1125 ambitum
2372 1067 2565 1124 modus
2628 1067 2930 1121 animarum
3006 1066 3255 1122 sullicere
3307 1075 3580 1122 statuatur
3611 1103 3628 1132 .

379 1171 480 1210 nos
537 1156 697 1226 longe
753 1158 972 1215 minore
1015 1173 1246 1215 numero
1316 1160 1623 1216 animarum
1679 1160 1981 1231 egebimus.
2019 1156 2208 1228 Neque
2239 1158 2385 1214 enim
2422 1156 2479 1213 in
2523 1164 2637 1211 tam
2714 1155 2931 1225 longum
2980 1164 3190 1227 tempus
3230 1155 3476 1212 mortalia
3514 1172 3632 1213 cor-

378 1264 512 1323 pora
549 1251 775 1320 produci
818 1251 920 1323 ipsi
964 1252 1276 1309 statuimus.
1339 1255 1458 1323 Quo
1494 1255 1554 1310 ﬁt
1605 1264 1664 1311 ut
1705 1254 1838 1310 mibi
1881 1254 2063 1325 potius
2125 1253 2432 1309 animarum
2496 1265 2782 1307 numerum
2811 1259 2978 1321 atque
3034 1252 3251 1306 modum
3287 1251 3497 1309 ﬁnitum
3523 1261 3635 1308 sta-

382 1344 551 1400 tuenti
578 1383 594 1409 ,
626 1358 789 1414 quam
830 1346 926 1402 tibi
956 1345 1230 1403 diversum
1270 1350 1628 1418 existimanti,
1659 1350 1731 1407 sit
1758 1349 2191 1408 assentiendum.

445 1454 642 1511 ΘΕΟΦ.
693 1457 885 1527 Ψυχῆς
934 1458 1034 1529 μὲν
1086 1454 1182 1514 οὖν
1232 1462 1362 1533 πέρι
1412 1463 1566 1519 οὐδὲν
1593 1463 1948 1535 ἀμφισϐήτη-

2124 1461 2435 1525 TllEOPlL
2459 1465 2534 1520 De
2555 1464 2737 1525 anima
2768 1463 2988 1539 quidem
3006 1463 3220 1518 nullum
3252 1463 3385 1519 mihi
3407 1462 3630 1518 dubium

382 1562 466 1600 σιν
516 1546 629 1619 (28)
677 1548 993 1614 ἀπολείπεις
1037 1551 1151 1622 (29)
1177 1569 1194 1585 ο
1240 1552 1345 1607 οῐει
1372 1554 1432 1608 δὲ
1466 1556 1564 1609 καὶ
1602 1553 1697 1609 τδν
1741 1554 1952 1626 κόσμον

2055 1554 2318 1624 reliquisti
2345 1571 2360 1621 ;
2384 1553 2480 1610 sed
2528 1563 2684 1624 putas
2713 1567 2780 1609 ne
2809 1549 2928 1611 fore
2964 1549 3255 1621 aliquando
3298 1557 3358 1604 ut
3399 1550 3633 1603 mundus

381 1638 555 1721 χρόνῳ
582 1639 712 1693 ποτὲ
738 1638 1083 1710 διαλύεσθαι;

963 1640 1083 1710 θαι;
2057 1645 2148 1703 hic
2177 1644 2555 1702 dissolvatur?

447 1748 624 1815 ΑΞΙΘ.
675 1752 847 1825 Εἴπερ
876 1754 1060 1809 ἔνυλον
1108 1756 1363 1827 γέγονεν,
1402 1751 1448 1813 ὦ
1481 1760 1667 1831 ἑταῖρε
1689 1798 1705 1823 ,
1739 1758 1833 1813 καὶ
1879 1757 1953 1829 μὴ
1987 1772 2030 1827 3

2123 1756 2360 1814 Altl’l‘H.
2389 1757 2482 1815 Sic
2517 1771 2650 1813 sane
2677 1774 2695 1812 :
2730 1754 2976 1821 idenim,
3010 1768 3133 1809 cum
3160 1751 3397 1808 mundus
3425 1750 3540 1820 ipse
3560 1748 3633 1804 sit

381 1842 688 1913 αὐτόματον
716 1843 778 1897 τὸ
830 1846 994 1899 καλὸν
1034 1849 1184 1902 τουτὶ
1214 1849 1413 1919 θέαμα.
1454 1851 1581 1914 Πῶς
1635 1851 1851 1919 Mysis;
1891 1851 1956 1903 Et

2057 1865 2349 1920 corporeus
2369 1891 2386 1919 ,
2412 1836 2474 1906 ἐι
2511 1864 2607 1904 sua
2639 1856 2833 1917 sponte
2867 1855 3031 1916 atque
3056 1859 3124 1900 ex
3171 1858 3231 1900 se
3261 1842 3381 1912 ipso
3408 1840 3632 1895 minime

380 1929 488 1985 τῶν
508 1931 781 2002 σωμάτων
805 1934 986 2005 (Ξ9⁹)ή
1022 1937 1234 2004 γένεσις
1267 1931 1358 1991 οἷα
1381 1937 1443 2010 δὴ
1461 1938 1674 2008 κίνησις
1690 1934 1747 1992 οὗ
1760 1956 1829 1993 σα
1861 1939 1957 2007 μέ-

2055 1944 2216 2016 651
2252 1944 2503 2010 exsistat,
2532 1941 2692 1998 facile
2719 1947 2803 1995 est
2833 1939 3287 1995 demonstratum.
3311 1933 3451 2001 Quid
3483 1930 3629 1986 enim

383 2040 495 2077 νειν
540 2024 641 2077 οὐκ
685 2022 863 2077 ἐθέλει
902 2026 1038 2095 (50),
1084 2028 1172 2081 ἀεὶ
1205 2028 1261 2081 δὲ
1292 2027 1387 2083 τοῦ
1433 2029 1638 2083 τελείου
1686 2030 1782 2083 καὶ
1813 2029 1953 2097 ἐνὸς,

2058 2035 2230 2091 dicas?
2242 2033 2286 2089 si
2317 2047 2604 2103 corporum
2620 2029 2903 2103 generatio
2921 2043 3042 2100 qua:
3061 2029 3177 2098 ipsa
3209 2035 3388 2082 motus
3411 2024 3630 2093 quidam

382 2114 506 2181 ὅθεν
561 2115 854 2185 προῆλθεν,
886 2115 1174 2187 ὀρέγεται,
1220 2120 1314 2172 καὶ
1364 2120 1502 2191 πρὸς
1550 2122 1729 2173 ἐκεῖνο
1783 2121 1957 2173 artati-

2057 2136 2141 2184 est
2163 2125 2431 2188 videlicet,
2482 2137 2703 2178 manere
2725 2136 2834 2177 uno
2865 2121 2919 2176 in
2942 2120 3061 2176 loco
3093 2118 3249 2184 nolit,
3282 2132 3347 2173 ac
3368 2117 3549 2187 potius
3565 2113 3631 2168 ad

386 2222 470 2272 σει
507 2206 617 2278 (51)
655 2206 749 2259 καὶ
788 2207 1111 2275 ἑπείγεται;
1163 2210 1240 2262 Οὐ
1284 2210 1392 2279 γὰρ
1435 2211 1610 2279 μάτην
1652 2212 1685 2280 ή
1720 2211 1955 2281 κίνησις,

2059 2234 2224 2272 mntm
2274 2226 2329 2271 et
2368 2215 2498 2270 illud
2523 2212 2823 2284 perfectum
2871 2227 2939 2268 ex
2969 2226 3077 2282 quo
3115 2208 3401 2281 provenit,
3428 2204 3634 2275 princi-

383 2296 639 2356 οὐδέποτε
666 2295 777 2365 ἄρα
810 2298 1070 2367 στήσεται
1093 2299 1197 2361 ἕως
1226 2298 1291 2352 ἂν
1318 2300 1378 2351 τὸ
1405 2298 1740 2369 ποθούμενον
1769 2298 1920 2371 εὖροι
1940 2317 1954 2332 ·

2062 2308 2207 2377 pium
2266 2307 2489 2371 tendat,
2528 2311 2787 2374 properet
2832 2310 2997 2371 atque
3052 2301 3215 2356 etiam
3266 2293 3645 2369 propellaturf

310 2380 325 2385 ’
384 2380 607 2458 εὑρήσει
635 2386 713 2449 δὲ,
741 2389 868 2441 ὅταν
896 2388 925 2439 6
954 2390 1297 2460 Δημιουργὸς
1330 2390 1490 2453 αὐτὸς
1522 2390 1764 2460 βούλοιτο
1803 2390 1902 2463 (52]

2059 2413 2236 2469 neque
2262 2398 2405 2453 enim
2430 2397 2549 2452 sine
2579 2410 2744 2450 causa
2781 2393 2957 2460 aliqna
3003 2396 3069 2448 tit
3092 2401 3298 2458 motus,
3324 2404 3499 2459 neque
3534 2404 3597 2442 ns
3617 2419 3630 2429 -

386 2482 706 2553 βουλήσεται
731 2483 808 2547 δὲ,
836 2485 965 2537 ὅταν
996 2484 1301 2552 ἐπιτήδειον
1410 2482 1565 2535 Μετά
1597 2482 1704 2552 γὰρ
1727 2484 1824 2552 τὴν
1851 2482 1958 2536 τῶν

2058 2492 2202 2559 piam
2230 2488 2478 2552 sistitur,
2539 2495 2832 2554 antequam
2861 2484 2915 2540 id
2943 2486 3085 2555 quod
3127 2483 3488 2539 desideratum
3515 2488 3640 2546 est,

384 2571 572 2644 ψυχῶν
622 2574 985 2645 δοκιμασίαν,
1034 2576 1128 2626 καὶ
1178 2574 1268 2625 τὸν
1316 2574 1571 2643 προφανῆ
1613 2575 1715 2643 τῆς
1758 2575 1959 2637 κακίας

2058 2580 2338 2635 inventum
2363 2579 2432 2634 sit
2470 2597 2485 2632 :
2521 2578 2830 2634 invenietur
2887 2592 3017 2632 vero
3044 2617 3060 2644 ,
3106 2577 3325 2646 quando
3350 2587 3644 2643 supremus

385 2664 629 2737 ἐλεγχτν,
674 2667 735 2719 τὸ
763 2666 1020 2734 αἰσθητὸν
1053 2667 1175 2719 ὅλον
1212 2667 1304 2723 ἐπὶ
1350 2666 1411 2718 τὸ
1453 2666 1722 2719 ἀθάνατον
1758 2666 1956 2737 μεταλ-

2058 2671 2148 2726 ille
2186 2685 2364 2726 rerum
2407 2670 2590 2741 opifex
2633 2671 2867 2726 voluerit
2897 2712 2913 2734 ,
2943 2669 3088 2725 volet
3130 2676 3310 2723 autem
3359 2665 3482 2730 ille,
3510 2679 3633 2720 cum

383 2754 537 2819 λάξει
559 2770 574 2785 ⁸
620 2756 759 2808 ὥστε
790 2756 1035 2827 συνᾴδειν
1068 2759 1132 2826 τῇ
1163 2756 1269 2809 τῶν
1311 2754 1615 2827 ἀνθρώπων
1645 2755 1954 2827 ἀθανασίᾳ·

2057 2763 2106 2817 ei
2143 2762 2315 2816 visum
2346 2761 2509 2815 fuerit
2533 2771 2917 2832 opportunum.
2952 2760 3165 2814 Etenim
3192 2756 3336 2813 facta
3379 2755 3490 2824 iam
3518 2754 3636 2808 ani-

386 2847 485 2907 καὶ
531 2845 693 2899 πάλιν
739 2848 938 2900 οἰκεῖον
970 2847 1232 2915 γενέσθαι
1271 2847 1362 2900 τὸν
1405 2848 1593 2913 τόπον,
1636 2849 1704 2918 τῇ
1732 2845 1843 2900 τῶν
1875 2848 1954 2899 ol-

2059 2868 2268 2909 marum
2299 2854 2639 2922 probatione,
2662 2862 2717 2907 et
2741 2853 3024 2923 perspicua
3045 2862 3208 2922 atque
3227 2849 3477 2905 omnibus
3506 2856 3633 2902 nota

388 2935 630 3001 κούντων
659 2936 993 3009 εὐδαιμονίᾳ.
1028 2939 1177 2991 Ἔδει
1210 2938 1318 3008 γὰρ
1358 2938 1535 3008 θνητῷ
1576 2939 1804 3008 κόσμῳ,
1835 2937 1958 3008 θνη-

2058 2945 2276 2999 malitiae
2306 2945 2729 3015 reprehensione
2753 2962 2769 2999 :
2803 2944 2904 2999 hoc
2927 2958 3088 2997 omne
3112 2942 3256 3012 quod
3277 2940 3533 2996 sensibus
3551 2946 3635 2994 est

383 3026 478 3083 τὸν
526 3025 665 3091 ζῶον
715 3028 1118 3085 ἐνδιαιτᾶσθαιο
1158 3028 1412 3100 ἀθανάτῳ
1457 3029 1604 3085 δὲτὸ
1646 3029 1914 3083 ἀθάνατον
1938 3045 1952 3060 ’

2059 3036 2365 3102 expositum
2393 3076 2409 3102 ,
2446 3035 2499 3089 in
2544 3034 2599 3091 id
2625 3036 2769 3105 quod
2810 3032 3118 3089 immortale
3153 3040 3234 3088 est
3279 3041 3443 3100 atque
3473 3038 3635 3085 aeter-

383 3116 486 3186 μία
518 3116 627 3187 γὰρ
654 3118 748 3183 τοῦ
780 3121 983 3187 παντὸς
1026 3120 1321 3191 σύμπνοια,
1370 3120 1605 3179 ἄτακτον
1633 3120 1806 3185 οὐδὲν,
1834 3118 1956 3172 οὐδὲ

2061 3142 2213 3193 num,
2256 3134 2608 3181 convertetur
2642 3144 2657 3180 :
2702 3125 2921 3196 quando
2967 3123 3299 3180 conveniens
3334 3129 3421 3178 est
3456 3120 3633 3175 homi-

383 3206 736 3277 ἀσύμφωνον,
766 3210 883 3264 ἀλλ’
913 3212 1023 3281 (55)
1069 3214 1284 3283 ἑκάστῳ
1330 3212 1506 3282 φίλιόν
1534 3229 1595 3265 τε
1642 3212 1735 3266 ναὶ
1766 3211 1955 3282 ἐπιτή-

2065 3232 2193 3270 nnm
2227 3215 2650 3285 immortalitati,
2689 3224 2750 3272 ut
2776 3214 2926 3270 locus
2948 3224 3109 3285 aptus
3136 3222 3299 3282 atque
3322 3224 3636 3267 accommo-

380 3296 522 3354 εειον
543 3317 558 3331 ο
591 3302 685 3356 καὶ
711 3304 812 3375 τὴν
835 3304 928 3358 τοῦ
957 3306 1305 3378 Δημιουργοῦ
1335 3307 1592 3377 βούλησιν
1659 3307 1955 3377 πεποίηται

2061 3305 2161 3361 dus
2190 3304 2300 3367 .ﬁat
2353 3304 2651 3361 incolarum
2693 3305 2959 3361 felicitati.
2991 3302 3241 3374 Oportuit
3301 3301 3446 3357 enim
3485 3300 3540 3356 in
3569 3314 3635 3355 eo

383 3392 545 3462 φύσιν
562 3395 697 3467 (54)·
716 3397 883 3466 σοφοῦ
905 3398 963 3453 δὲ
988 3393 1036 3452 οἷ
1043 3417 1141 3471 μαι
1164 3402 1257 3453 καὶ
1286 3399 1509 3457 δυνατοῦ
1530 3398 1598 3452 τὰ
1628 3399 1767 3453 αὐτὰ
1787 3398 1957 3467 θνητά

2061 3396 2152 3467 qui
2187 3397 2465 3467 periturus
2491 3406 2597 3464 est,
2620 3398 2843 3465 mundo,
2871 3396 3104 3453 mortale
3130 3409 3345 3466 quoque
3367 3406 3464 3449 seu
3510 3405 3635 3461 perh

383 3486 480 3552 καὶ
532 3486 778 3541 ἀθάνατα
816 3493 1149 3558 μεταποιεῖν.
1198 3491 1300 3555 Ἠ,
1346 3490 1523 3559 πόσης
1551 3489 1835 3559 δυνάμεως
1864 3488 1959 3542 καὶ

2062 3490 2260 3544 iturum
2290 3490 2541 3545 animans
2567 3505 2709 3556 esse,
2732 3505 2798 3546 ac
2825 3504 3021 3545 rursus
3048 3490 3103 3544 in
3135 3486 3228 3541 illo
3258 3495 3462 3540 aeterno
3477 3491 3635 3538 aeter—

385 3579 577 3645 <E0<piac
608 3580 717 3651 (55)
738 3623 753 3646 ,
791 3584 928 3652 μήτε
954 3582 1016 3636 τὸ
1051 3581 1243 3660 θνητὸν
1273 3585 1420 3657 ἡμᾶς
1450 3584 1696 3646 ἀγνοεῖν.
1730 3582 1867 3650 μήτε
1901 3582 1960 3634 ὲν

2066 3597 2193 3635 num
2235 3590 2399 3650 atque
2444 3580 2771 3637 immortale.
2808 3581 3063 3638 Omnium
3116 3578 3260 3634 enim
3308 3590 3488 3633 rerum
3528 3588 3633 3628 una

385 3669 534 3741 αὐτῷ
572 3671 878 3742 διαμένειν;

2066 3672 2307 3741 quaedam
2339 3681 2422 3728 est
2446 3674 2735 3729 concordia
2761 3693 2774 3728 :
2805 3688 2907 3730 nec
2933 3681 3018 3729 est
3041 3671 3429 3733 inordinatum,
3452 3676 3546 3721 aut
3568 3665 3636 3722 ab

385 3762 486 3817 hac
526 3766 816 3821 concordia
877 3765 1170 3822 deﬂectens
1206 3765 1541 3836 quidquam:
1588 3765 1685 3820 sed
1746 3763 1955 3834 singula
2020 3762 2250 3834 singulis
2321 3772 2447 3819 sunt
2494 3764 2691 3829 amica,
2718 3772 2843 3832 apta
2872 3771 3036 3835 atque
3066 3763 3278 3818 idonea.
3315 3760 3493 3829 Atque
3523 3757 3638 3811 haec

385 3860 625 3927 supremi
656 3859 969 3917 Conditoris
1001 3860 1251 3916 voluntas
1281 3870 1366 3915 est
1396 3861 1509 3930 ipsa
1558 3869 1774 3915 natura.
1816 3858 1948 3912 Nam
1989 3865 2043 3913 et
2073 3857 2339 3926 sapientis
2366 3866 2420 3911 et
2473 3857 2825 3927 praepotentis
2875 3872 2997 3913 esse
3054 3865 3207 3924 puto,
3231 3868 3320 3909 res
3339 3853 3555 3908 easdem
3581 3860 3638 3905 et

385 3950 646 4017 mortales
696 3951 879 4007 facere
905 3962 960 4007 et
986 3952 1344 4007 immortales.
1373 3951 1581 4020 Quanta
1614 3951 1756 4005 enim
1780 3948 2023 4020 potentia
2078 3958 2136 4003 et
2189 3947 2454 4017 sapientia
2518 3947 2597 4013 lit,
2656 3956 2792 4019 etut
2858 3947 3103 4003 mortalis
3149 3955 3359 4002 naturae
3399 3959 3505 4000 non
3538 3958 3638 3999 ex-

387 4052 567 4125 pertes
598 4053 760 4114 atque
796 4046 1105 4114 ignorantes
1145 4045 1315 4101 simus
1340 4085 1356 4112 ,
1387 4056 1441 4101 et
1470 4045 1527 4100 in
1561 4044 1651 4099 illa
1694 4046 1807 4114 ipsa
1843 4044 1957 4114 jam
1997 4042 2277 4114 explorata
2311 4056 2416 4096 non
2448 4041 2801 4096 maneamus?

453 4155 647 4210 ΘΕΟΦ.
683 4157 747 4209 Τί
777 4157 864 4223 δές
904 4159 1005 4211 οὐκ
1034 4158 1328 4229 ἀγέννητος
1363 4160 1391 4211 ό
1418 4159 1623 4229 κόσμος
1653 4157 1746 4217 καὶ
1786 4157 1957 4228 ἀναρ-

2135 4150 2433 4209 ἸΗΕΟΡΙΙ.
2453 4152 2589 4220 Quid
2614 4152 2774 4208 vero?
2816 4151 3009 4205 Annon
3036 4152 3122 4206 hic
3148 4150 3379 4205 mundus
3403 4159 3458 4205 et
3497 4165 3634 4204 nun-

385 4262 505 4317 χοςς
533 4247 568 4318 ἢ
604 4248 718 4311 πῶς
748 4250 1091 4320 Δημιουργὸς
1123 4250 1510 4320 ὁΔημιουργὸς
1535 4291 1551 4317 ,
1583 4253 1633 4304 et
1663 4252 1854 4321 χρόνος
1888 4245 1957 4321 ἦν

2065 4259 2224 4314 quam
2264 4256 2423 4298 natus
2457 4250 2568 4309 est,
2604 4250 2657 4297 et
2682 4241 2952 4311 principio
2981 4243 3127 4296 omni
3163 4240 3345 4295 caret?
3368 4240 3476 4294 Aut
3501 4253 3637 4310 quo-

387 4336 477 4409 ὅτε
508 4340 581 4409 μὴ
615 4340 682 4391 τὰ
716 4339 879 4392 αὑτοῦ
915 4340 1238 4411 εἰργάζετο;
1562 4410 1565 4411 ν

2065 4336 2225 4392 modo
2253 4334 2446 4405 Opifex
2482 4335 2569 4389 ille
2594 4342 2677 4389 est
2702 4332 2893 4404 Opifex
2918 4373 2932 4399 ,
2969 4333 3014 4387 si
3044 4334 3263 4402 quidem
3299 4343 3508 4402 tempus
3535 4331 3636 4386 fuit

1562 4410 1565 4421 V
2054 4432 2244 4497 ullum,
2275 4446 2383 4502 quo
2407 4446 2627 4487 suarum
2658 4445 2841 4486 rerum
2866 4430 3000 4484 nihil
3028 4431 3357 4500 peragebat?

456 4535 634 4591 ΔΞΙΘ.
688 4541 885 4593 ’Λκουε
914 4542 979 4612 δὴ
1013 4543 1169 4607 φασὶ,
1210 4542 1355 4611 μάλα
1411 4542 1575 4597 καλοῦ
1605 4542 1762 4611 λόγου
1808 4543 1958 4613 (56)⁶

2137 4543 2371 4601 ΔΧΙΤΙΙ.
2400 4544 2458 4598 ld
2501 4544 2676 4614 ipsum
2709 4545 2924 4608 audias,
2948 4557 3133 4612 quaeso
3161 4561 3176 4597 :
3210 4544 3443 4597 reddunt
3489 4540 3632 4597 enim

399 4626 461 4685 ὐ
489 4632 706 4687 πάντων
746 4634 1007 4697 Βασιλεὺς
1037 4634 1095 4699 ἐξ
1125 4628 1185 4688 οὗ
1217 4635 1286 4687 τὰ
1324 4635 1523 4700 πάντα,
1568 4636 1601 4706 ὴ
1646 4636 1755 4688 τῶν
1790 4633 1960 4689 ὄντων

2066 4638 2331 4692 rationem
2379 4650 2512 4692 sane
2553 4651 2716 4707 quam
2764 4636 2982 4690 bonam.
3034 4635 3334 4704 Snpremus
3382 4634 3471 4688 ille
3520 4634 3633 4688 Rex

457 4853 571 4938 (τί)
604 4855 899 4938 Νεαγικόγ
936 4854 1157 4938 ιςξπτεῖγἰ
1181 4856 1465 4938 lactantia
1504 4854 1727 4938 juvenili
1815 4858 1961 4938 ᾼίῑιι-

2129 4857 2244 4938 1⁵4)
2289 4856 2408 4938 ’ἰὴν
2445 4856 2552 4938 τρῦ
2584 4845 2948 4938 Gestavit)???
2972 4852 3633 4938 βρύλτῑεηνέεεξοίηται

392 4923 639 4996 mantina
696 4925 908 4980 vincula
966 4926 1303 4995 insolubilis,
1367 4927 1652 4996 proverbio
1706 4930 1958 4995 quodam,
2062 4923 2270 4993 φύσιν.
2311 4926 2575 4996 Superius
2617 4923 2756 4980 dixit
2800 4923 3132 4980 veluntatem
3166 4923 3478 4996 Conditoris
3512 4937 3636 4996 esse

391 5004 534 5069 sunt,
560 4995 629 5050 ob
644 5008 789 5069 _eum
823 4996 1051 5065 lapidem
1086 4998 1325 5051 omnium
1369 4994 1733 5051 metallorum
1762 4996 1962 5050 tlrmis-
2065 5004 2344 5069 naturam;
2373 4994 2472 5048 hoc
2493 4996 2836 5069 estordinem
2865 4996 3103 5050 omnium
3132 5007 3309 5046 rerum
3336 4994 3631 5046 viventium

394 5066 612 5135 είηιίιινιιι.
643 5064 769 5135 3A.,
880 5064 891 5065 ί
2065 5065 2224 5117 istum
2255 5078 2321 5117 ex
2357 5078 2479 5118 sese
2516 5080 2728 5134 semper
2758 5064 2879 5119 esse
2910 5074 3211 5135 urgentem.
3237 5076 3634 5135 quogeneran-

464 5134 574 5205 (ξε)
615 5135 721 5205 με.
753 5134 813 5189 Ρ.
842 5136 1346 5205 ἀμφισϐητήσιμον.

2064 5142 2152 5205 t_u_r
2180 5144 2575 5205 serva_nturque
2606 5131 2789 5205 omnia
2828 5152 2840 5205 ς
2872 5131 3047 5187 Αὐτοῦ
3077 5133 3185 5203 γὰρ
3210 5131 3304 5205 τὸν
3334 5132 3521 5205 ἀγῶνα
3549 5147 3631 5182 τι·

619 5203 835 5284 Εῇκηϐρ.
868 5201 946 5259 Ρ(
965 5201 1117 5284 sttpp.
1146 5201 1396 5284 Ερξίθεε.
1578 5273 1639 5284 ___
1771 5276 1783 5284 _

2064 5202 2247 5264 θέντος
2281 5201 2546 5284 κήρυγμα
2564 5204 2751 5284 ’φύσις
2779 5204 3027 5284 γίγνεται
3051 5220 3065 5233 ⁶
3090 5201 3347 5284 e't‘alilﬁ.“
3355 5201 3531 5256 Possis
3555 5208 3636 5253 ta-

485 5272 599 5347 2_9")
640 5275 744 5329 CC.
784 5273 845 5327 P.
875 5272 1117 5347 Averb‘as
1146 5276 1269 5337 Πῶς
1308 5274 1523 5343 levem;
1578 5273 1962 5345 Theophrasto
2062 5288 2077 5326 I

1813 5284 1962 5330 rasto
2062 5287 2325 5347 menunou
2340 5272 2677 5347 jttgpte_h_:ec
2706 5272 2959 5347 mutanda
2985 5273 3269 5347 suspicari.
3308 5272 3402 5326 ΒΑ.

392 5345 442 5417 εἰ
470 5340 1022 5421 τῶνσιυψῂὲΧηιωυ
1055 5345 1318 5421 tribuunt.
1382 5340 1391 5343 ⁷
1516 5414 1529 5421 _
1655 5414 1665 5421 _
1734 5340 1751 5345 ’
1789 5415 1800 5421 _

2287 5342 2391 5421 9C.
2424 5340 2481 5394 Ρ.
2522 5344 2700 5421 {Idm};
2733 5343 3053 5421 σοιρίαςχαὶ
3081 5340 3392 5421 δυνάμεως.

466 5413 576 5482 (50)
746 5412 855 5468 CC.
890 5416 949 5468 P.
1011 5414 1351 5471 inserendum
1403 5414 1569 5485 (ποία
1608 5414 1716 5489 γὰρ
1746 5415 1960 5486 κίνησις

2068 5481 2083 5489 “
2289 5412 2619 5489 flexo-vadi},
2657 5406 2832 5489 ῥασῖ,
2860 5411 3026 5480 μάλα
3059 5406 3249 5489 καλοῦ
3280 5413 3486 5489 λόγοιθε
3527 5406 3630 5489 a-

398 5478 579 5550 μένειν
610 5483 782 5535 ἐθέλει
808 5489 845 5550 ).
1412 5478 1422 5485 ’
1620 5478 1631 5484 ’
1685 5478 1698 5489 ’
1855 5478 1865 5486 ’

2068 5478 2331 5536 lmlatbris
2361 5478 2593 5550 alicujus
2632 5478 2871 5535 solemne
2908 5484 3189 5535 exordium
3237 5478 3371 5535 esse
3400 5478 3630 5532 videtur.

421 5544 428 5557 Ι

489 5552 578 5620 51)
621 5552 723 5606 CG.
754 5553 813 5606 P.
846 5552 1084 5609 σπεύδει.
2071 5552 2167 5606 llic
2209 5566 2338 5604 vero
2378 5566 2555 5620 sermo
2588 5551 2763 5619 palam
2807 5551 2994 5620 incipit
3022 5552 3291 5605 hominem
3321 5550 3629 5604 Christiana

489 5619 578 5689 5'2)
620 5620 898 5691 βούληται.
2070 5639 2081 5664 t

2070 5622 2298 5691 veritate
2352 5619 2613 5691 imbuere.
2669 5620 2851 5687 Itaque
2898 5619 3107 5691 meritae
3138 5632 3628 5691 sermoncm_c0m-

489 5554 578 5620 51)
621 5554 723 5606 CG.
754 5554 813 5606 P.
846 5554 1084 5609 σπεύδει.
2071 5554 2167 5606 llic
2209 5566 2338 5604 vero
2378 5566 2555 5604 sermo
2588 5554 2763 5619 palam
2807 5554 2994 5620 incipit
3022 5554 3291 5605 hominem
3321 5554 3547 5604 Christia

489 5622 578 5689 5'2.)
620 5620 898 5691 βούληται.
2070 5622 2298 5675 veritate
2352 5619 2613 5674 imbuere.
2669 5620 2851 5687 Itaque
2898 5621 3107 5675 meritae
3138 5635 3441 5675 sermonem
3479 5632 3544 5673 co

464 5554 582 5774 355)
628 5691 699 5745 Ex
733 5692 818 5746 CC
868 5693 926 5746 l’.
962 5709 1114 5763 supp.
1146 5693 1391 5748 ἕκαστον.
2075 5690 2287 5744 mundat
2322 5690 2763 5761 pulchritmlinis,
2799 5692 2841 5745 si
2870 5690 3033 5744 al’um
3063 5704 3415 5761 quamquam.
3446 5688 3547 5744 ΒΑ.
