4032 6144
403 297 512 359 959

1779 295 2017 355 ᾸΕΝΕίΕ
2052 294 2295 357 ῦΑΖᾸΕΙ

3551 293 3654 356 9πο

403 405 648 461 omnium
673 419 738 460 ex
768 419 878 476 quo
907 408 1088 459 omnia
1116 411 1444 473 promanant
1477 420 1491 456 :
1522 417 1701 457 rerum
1727 403 1968 456 omnium

2076 403 2220 475 ἁρχὴ
2259 404 2372 472 (57)
2426 402 2522 456 καὶ
2567 402 2697 472 γονή
2755 399 2906 469 (58)·
2961 399 3022 452 οὗ
3084 399 3192 471 γάρ
3246 398 3437 467 ἄγονος
3473 405 3652 472 πηγή·

406 495 736 565 principium
781 505 836 550 et
857 496 1048 562 origo,
1090 495 1142 548 in
1203 493 1510 562 primisque
1559 491 1826 548 fecundus
1853 492 1975 548 fons

404 593 492 641 est
525 602 541 640 :
568 576 768 654 quippe
797 585 886 654 qui
911 585 979 638 sit
1010 599 1278 638 summum
1314 583 1540 650 bonum,
1567 583 1847 653 sapientia:
1872 583 1978 638 Pa-

408 685 512 740 ter,
535 692 712 732 rerum
737 677 973 729 omnium
991 674 1276 729 Conditor.
1303 675 1351 730 ls
1389 690 1494 730 non
1527 687 1766 744 tempore
1794 675 1978 744 aliquo

404 769 568 836 coepit
613 768 812 821 habere
845 766 1217 836 generationis
1250 767 1360 821 vim
1399 776 1563 837 atque
1609 767 1926 822 facultatem
1959 786 1972 822 :

405 859 500 914 sed
526 872 739 927 semper
762 855 924 912 Verbi
947 868 1003 912 et
1030 857 1322 928 Sapientiae
1342 858 1504 914 Pater
1526 861 1764 915 exsistit.
1790 857 1974 928 Neque

403 965 533 1006 vero
565 965 756 1018 passus
801 959 884 1004 est
927 951 1221 1020 quidquam
1255 954 1568 1022 generando
1603 971 1617 1008 :
1654 954 1853 1023 quippe
1882 953 1974 1022 qui

405 1056 505 1096 nec
535 1041 716 1110 aliqua
753 1043 1096 1096 necessitatis
1126 1043 1198 1108 vi,
1231 1059 1331 1099 nec
1351 1053 1630 1113 assumpto
1660 1045 1976 1112 generatio-

403 1132 489 1188 nis
509 1139 762 1187 consorte
808 1131 1139 1202 (quanquam
1182 1150 1288 1189 non
1321 1144 1467 1191 esset
1495 1135 1786 1205 quisquam
1815 1135 1975 1205 alius)

408 1239 586 1294 neque
616 1224 886 1280 exhausta
940 1239 1038 1293 per
1093 1226 1198 1282 hoc
1238 1241 1335 1283 sua
1371 1227 1638 1298 potentia,
1670 1228 1974 1296 generavit.

404 1315 634 1384 Semper
659 1315 802 1368 enim
833 1313 886 1367 in
915 1328 975 1369 se
1000 1327 1122 1369 eum
1152 1317 1341 1384 genuit
1370 1331 1530 1387 quem
1558 1325 1727 1370 totum
1761 1316 1814 1372 in
1841 1324 1974 1385 toto,

403 1404 662 1473 repletum
699 1404 884 1461 habet.
931 1404 1094 1459 Solus
1133 1406 1246 1475 ipse
1287 1407 1448 1463 Pater
1491 1422 1611 1463 esse
1643 1409 1833 1464 voluit.
1865 1409 1976 1465 Nec

401 1505 688 1564 propterea
712 1505 792 1550 est
821 1494 1088 1566 superﬂua
1123 1497 1211 1552 illa
1255 1501 1469 1556 soboles
1507 1520 1519 1556 :
1559 1501 1797 1572 alioquin
1830 1504 1974 1558 enim

407 1602 514 1642 non
556 1586 782 1642 haberet
809 1603 928 1642 eum
952 1588 1130 1660 inse,
1169 1591 1258 1658 qui
1295 1599 1348 1644 et
1391 1592 1505 1660 ipse
1539 1603 1685 1649 esset
1732 1595 1973 1664 ejusdem

405 1684 615 1727 natura:
665 1684 826 1743 atque
857 1677 1193 1732 substantiae.
1227 1677 1343 1733 .Iam
1390 1682 1482 1750 qui
1530 1685 1886 1753 compositum
1917 1687 1970 1741 in

2076 496 2209 548 αὐτὸ
2237 494 2298 548 τὸ
2320 494 2522 564 ἀγαθὸν
2541 535 2557 558 ,
2598 495 2625 547 6
2653 496 2754 564 τῆς
2779 492 2972 560 σοφίας
3011 492 3203 561 Πατὴρ
3225 531 3238 554 ,
3271 493 3364 544 καὶ
3392 493 3500 546 τῶν
3525 495 3656 546 ὗλων

2075 585 2436 656 Δημιουργός.
2472 584 2546 636 Ού
2575 583 2752 653 χρόνῳ
2778 582 2876 652 τῆς
2896 582 3054 635 τόκου
3081 582 3362 651 δυνάμεως
3388 585 3481 635 καὶ
3505 583 3657 651 ἐνερ-

2077 677 2230 743 γείας
2277 675 2500 744 ἦρξατο.
2547 674 2658 726 Ἀεὶ
2698 673 2806 743 γὰρ
2842 672 2934 724 τοῦ
2971 672 3143 740 Λόγου
3190 673 3284 724 καὶ
3321 671 3519 741 σοφίας
3549 674 3654 726 Πα-

2076 769 2214 839 τήρ·
2253 768 2312 819 οὺ
2353 766 2515 818 πάθει
2547 767 2847 834 γεννήσας,
2882 763 2942 816 ού
2981 762 3084 832 γὰρ
3131 763 3190 828 ἐξ
3235 763 3502 834 ἀνάγκης,
3541 763 3654 816 οὐδὲ

2077 858 2343 912 συναίτιον
2398 859 2497 928 τῆς
2529 857 2835 926 γεννήσεως
2882 853 3064 907 λαϐὼν
3118 855 3224 923 (59)
3256 872 3269 884 ’
3324 855 3386 907 οὐ
3442 854 3549 924 γὰρ
3591 850 3657 926 ἦν

2076 952 2205 1006 ἄλλο
2229 967 2240 979 ·
2280 949 2398 1002 οὐδὲ
2431 948 2623 1002 ἑαυτὸν
2651 947 2753 1016 τῆς
2781 947 3063 1017 δυνάμεως
3096 945 3361 1008 κενώσας.
3410 946 3526 999 Ἀεὶ
3553 947 3656 1018 γὰρ

2075 1044 2132 1095 ὲν
2165 1041 2373 1110 ἐαυτῷ,
2403 1040 2463 1093 ὃν
2506 1041 2726 1092 τέτοκεν
2746 1079 2761 1103 ,
2794 1038 2927 1108 ἔχει,
2961 1038 3080 1090 ὅλον
3118 1040 3174 1090 ὲν
3213 1038 3319 1108 ὅλῳ
3347 1037 3656 1109 πληροῦντα

2076 1134 2170 1188 καὶ
2193 1131 2591 1204 πληρούμενον.
2623 1131 2801 1184 Μόνον
2833 1129 2942 1203 (40)
2972 1129 3082 1200 γὰρ
3111 1131 3300 1201 Πατὴρ
3331 1127 3468 1183 εἶναι
3499 1130 3654 1200 μόνος

2081 1224 2352 1293 ὴῦούλετο.
2387 1224 2497 1276 Καὶ
2517 1223 2577 1275 οὑ
2610 1222 2864 1293 περιττὸν
2890 1221 2953 1273 τὸ
2978 1220 3224 1291 γέννημα
3244 1237 3257 1250 ·
3291 1221 3350 1274 ού
3379 1221 3487 1292 γάρ
3511 1216 3656 1292 εἶχεν

2074 1315 2132 1366 ὲν
2167 1313 2344 1384 ἐαυτῷ
2372 1313 2469 1365 καὶ
2497 1313 2594 1383 τῆς
2622 1312 2790 1382 αὐτῆς
2819 1309 3005 1374 οὐσίας
3029 1327 3044 1341 ·
3075 1311 3134 1362 οὐ
3168 1309 3278 1379 γάρ
3312 1309 3566 1373 σύνθεσις
3601 1313 3661 1363 ἐν

2075 1406 2241 1477 αὐτῷ.
2274 1405 2373 1459 Διά
2417 1406 2575 1458 τοῦτο
2611 1405 2702 1457 τὸν
2745 1404 2917 1471 Λόγον
2957 1403 3229 1466 οὖσιωδῶς
3265 1403 3522 1467 τέτοκεν,
3573 1404 3656 1456 ἵνα

2074 1497 2172 1568 τὴν
2202 1497 2522 1559 ὑπόστασιν,
2558 1495 2652 1549 καὶ
2688 1494 2798 1565 (41)
2826 1494 2919 1547 τοῦ
2948 1494 3164 1564 Πατρὸς
3195 1493 3426 1564 δύναμιν
3459 1493 3657 1564 διηγήο

2078 1605 2238 1658 σηται
2260 1588 2422 1651 αὐτὸς
2445 1588 2617 1656 Λόγος
2643 1585 2755 1657 (ᾇῖ)
2783 1585 2878 1653 ὢν,
2906 1587 3068 1649 αὐτὸς
3084 1584 3210 1648 νοῦς
3232 1586 3324 1638 καὶ
3351 1584 3425 1655 τῷ
3441 1584 3523 1637 νοῒ
3543 1586 3655 1652 (45)

2076 1679 2290 1734 ἅπαντα
2324 1680 2704 1750 συναθροίσας.
2737 1679 2922 1732 Πάντα
2959 1677 3025 1731 δι’
3063 1676 3227 1730 αὑτοῦ
3265 1679 3292 1730 6
3327 1677 3519 1748 Πατὴρ
3561 1676 3650 1745 8r,-

402 1779 471 1819 ρο
515 1781 622 1819 non
669 1777 752 1820 est
795 1768 1086 1836 quidquam
1113 1811 1128 1834 ,
1166 1770 1286 1825 ideo
1327 1746 1566 1827 Verbum
1619 1746 1970 1844 naturaliter,

2079 1772 2358 1841 μιουργεῖ·
2392 1746 2553 1838 σοφία
2583 1768 2690 1840 γὰρ
2720 1768 2827 1821 ἔδει
2859 1767 2970 1838 (Li)
3015 1767 3132 1820 τόδε
3175 1767 3235 1820 τὸ
3278 1769 3386 1820 πᾶν
3422 1746 3654 1838 ἐργάζε-

403 1869 517 1921 aut,
550 1859 706 1913 utsic
735 1861 912 1917 dicam
939 1902 952 1925 ,
981 1862 1414 1917 substantialiter
1441 1865 1664 1934 genuit:
1695 1881 1888 1936 nempe
1915 1876 1975 1924 ut

402 1950 761 2004 substantiam
798 1961 851 2006 et
872 1953 1126 2007 virtutem
1159 1953 1338 2010 Patris
1369 1966 1623 2010 enarret:
1649 1959 1739 2028 qui
1760 1957 1873 2028 ipse
1890 1969 1976 2014 est

399 2037 660 2106 Verbum,
695 2041 895 2110 quique
921 2043 1033 2112 ipse
1055 2051 1137 2098 est
1166 2061 1318 2100 mens
1344 2085 1359 2112 ,
1391 2055 1446 2100 et
1491 2058 1669 2102 mente
1718 2049 1770 2102 in
1807 2066 1972 2105 unum

399 2131 580 2184 omnia
613 2133 780 2200 cogit,
814 2134 1110 2204 omniaque
1151 2150 1248 2204 per
1288 2136 1462 2207 ipsum
1497 2137 1656 2195 Pater
1692 2138 1844 2196 facit.
1875 2139 1964 2196 Sa-

401 2222 598 2291 pientia
654 2225 797 2279 enim
831 2225 932 2281 hoc
972 2227 1231 2296 quidquid
1263 2240 1387 2295 est,
1435 2231 1552 2286 solo
1598 2233 1772 2302 potuit
1809 2233 1967 2290 allici.

399 2313 578 2382 Atque
609 2330 711 2368 una
745 2332 866 2370 cum
895 2316 1055 2384 Filio,
1084 2321 1174 2387 qui
1203 2329 1410 2376 natura:
1439 2330 1522 2377 est
1551 2323 1810 2392 ejusdem,
1846 2325 1970 2395 Spi-

398 2405 559 2460 ritum
605 2416 851 2462 sanctum
913 2411 1076 2464 etiam
1117 2412 1398 2482 produxit,
1439 2429 1543 2469 non
1577 2415 1627 2469 vi
1680 2425 1831 2472 certe
1865 2417 1972 2472 ulla

396 2500 663 2569 adigente,
695 2504 790 2558 sed
832 2503 1051 2559 virtutis
1087 2520 1197 2560 suae
1237 2506 1519 2564 facultate.
1550 2509 1707 2566 Unde
1743 2518 1799 2566 et
1844 2511 1970 2580 quia

395 2590 598 2655 voluit,
632 2602 684 2647 et
719 2593 843 2663 quia
891 2597 1102 2664 potuit.
1149 2612 1270 2652 eum
1319 2601 1593 2669 produxit.
1625 2601 1742 2668 Quo
1776 2603 1968 2672 Spiritu

397 2675 539 2732 Deus
567 2681 748 2734 omnia
779 2693 958 2735 mente
983 2692 1033 2737 et
1069 2698 1230 2739 sensu
1263 2686 1486 2753 praedita
1517 2687 1652 2742 solet
1681 2687 1888 2754 al'ilare,
1917 2700 1972 2744 et

396 2770 596 2824 virtute
620 2771 848 2841 replere,
877 2782 931 2827 et
962 2775 1269 2844 complecti,
1298 2786 1351 2830 et
1384 2777 1451 2831 ad
1475 2792 1597 2833 sese
1625 2780 1970 2847 pertrahere.

397 2855 625 2926 Semper
654 2863 799 2916 enim
838 2862 1080 2934 Spiritus
1111 2867 1176 2919 ad
1203 2866 1419 2922 Patrem
1457 2883 1517 2922 se
1547 2871 1834 2937 convertit,
1867 2887 1963 2927 eo-

397 2965 505 3018 que
526 2952 687 3004 etiam
713 2955 972 3024 quidquid
997 2955 1307 3025 contigerit,
1327 2973 1552 3026 prorsus
1584 2960 1771 3017 trahit.
1795 2961 1971 3031 Atque

397 3040 664 3137 ejusmodi
696 3057 781 3098 est
828 3049 1082 3115 perennis
1116 3047 1232 3102 haec
1277 3064 1469 3118 magna
1496 3048 1672 3106 Patris
1702 3055 1966 3123 sapientia
1997 3080 2039 3137 ρ

395 3139 451 3184 et
482 3133 653 3187 virtus
679 3170 696 3198 ,
732 3149 852 3205 quae
873 3147 957 3191 est
1004 3139 1185 3193 unitas
1231 3148 1286 3194 et
1330 3139 1511 3194 divina
1541 3139 1784 3199 Trinitas
1815 3185 1830 3211 ,
1865 3161 1966 3202 nec.

396 3223 574 3294 majus
611 3240 711 3281 nec
758 3227 938 3283 minus
985 3229 1281 3300 quidquam
1329 3232 1386 3285 in
1429 3245 1490 3286 se
1551 3233 1842 3302 recipiens.
1875 3238 1969 3294 Est

2079 1862 2235 1915 σθαι·
2276 1863 2371 1916 καὶ
2418 1861 2533 1932 ἅμα
2561 1860 2639 1931 τῷ
2683 1861 2827 1930 τόκῳ
2865 1860 2964 1930 τῆς
3008 1859 3178 1928 αὐτῆς
3225 1859 3416 1922 οὐσίας
3442 1898 3456 1922 ,
3498 1859 3656 1926 ἀγιον

2076 1953 2300 2023 Πνεῦμα
2339 1953 2680 2023 προσήνεγκε
2714 1951 2825 2020 (45)
2853 1966 2867 1980 ·
2913 1950 2974 2002 οὐ
3007 1949 3098 2020 βίᾳ
3119 1992 3132 2014 ,
3173 1950 3340 2018 φησὶν
3373 1949 3506 2020 (46),
3541 1950 3653 2003 ἀλλ’

2075 2043 2295 2115 ἐξουσία
2338 2039 2638 2112 δυνάμεως.
2687 2042 2775 2096 Διὸ
2801 2043 2863 2112 δὴ
2915 2041 3008 2094 καὶ
3052 2043 3240 2094 τέτοκε
3291 2039 3650 2111 βουλόμενος,

2075 2135 2168 2188 καὶ
2205 2135 2489 2205 προήγαγε
2519 2133 2815 2203 δυνάμενος
2854 2133 2968 2201 (47)
2995 2172 3010 2197 ,
3043 2132 3138 2185 καὶ
3165 2132 3341 2200 τούτῳ
3367 2131 3444 2202 τῷ
3481 2132 3652 2184 Πνεύ-

2079 2242 2209 2296 ματι
2238 2227 2306 2278 τά
2330 2242 2390 2277 τε
2419 2225 2587 2296 νοητά
2626 2226 2720 2278 καὶ
2763 2225 2996 2295 αἰσθητά
3047 2225 3298 2293 ἐμπνέων
3319 2265 3334 2292 ,
3373 2224 3652 2295 δυνάμεως

2077 2318 2307 2390 πληροῖ,
2344 2318 2440 2370 καὶ
2489 2317 2701 2387 συνέχει
2744 2317 2838 2369 καὶ
2882 2315 3015 2387 πρὸς
3052 2317 3242 2369 ἑαυτὸν
3277 2317 3448 2370 ἕλκει.
3500 2317 3652 2369 Ἔπι-

2075 2411 2297 2480 στρέφει
2331 2409 2440 2478 γὰρ
2470 2407 2558 2461 ἀεὶ
2590 2409 2724 2478 πρὸς
2773 2407 2864 2459 τὸν
2893 2407 3114 2477 Πατέρα
3154 2406 3213 2459 τὸ
3247 2407 3473 2477 Πνεῦμα
3496 2448 3510 2471 ,
3560 2409 3653 2460 καὶ

2076 2505 2185 2556 πᾶν
2224 2499 2473 2564 ἀνέλκει,
2507 2492 2569 2552 οῦ
2614 2498 2679 2551 ἂν
2719 2497 2988 2567 ἐφάψεται
3019 2497 3154 2569 (48).
3192 2495 3379 2560 Οὕτως
3423 2497 3652 2568 ἄχρονος

2071 2592 2106 2660 ἡ
2157 2589 2369 2660 μεγάλη
2413 2587 2508 2640 τοῦ
2558 2587 2771 2658 Πατρὸς
2813 2587 2974 2655 σοφία
3017 2587 3110 2639 καὶ
3157 2586 3422 2657 δύναμις,
3476 2589 3508 2658 ἠ
3552 2605 3650 2656 μο-

2071 2683 2203 2744 νὰς,
2234 2683 2269 2750 ἡ
2322 2679 2442 2732 θεία
2487 2678 2694 2748 Τριὰς,
2739 2678 2798 2730 οὐ
2853 2679 2913 2731 τὸ
2963 2678 3164 2749 μᾶλλον
3193 2677 3289 2730 καὶ
3331 2672 3495 2748 ἦττον
3530 2681 3652 2731 ἑπι-

2070 2773 2336 2844 δεχομένη
2357 2789 2373 2803 ο
2396 2771 2553 2824 οὐσία
2572 2772 2682 2842 γὰρ
2708 2769 2828 2840 μία,
2857 2771 2952 2823 καὶ
2970 2770 3066 2834 τὰς
3094 2770 3289 2842 νοερᾶς
3314 2770 3505 2833 οὐσίας
3538 2769 3650 2841 (49)

2074 2867 2385 2928 συνέταττε,
2415 2864 2509 2917 καὶ
2534 2863 2836 2933 πεποίηκεν
2869 2861 3001 2932 (50).
3047 2861 3336 2914 Ἠϐούλετο
3368 2861 3476 2932 γὰρ
3507 2862 3650 2930 ἔχειν

2071 2955 2166 3020 οὓς
2212 2956 2276 3008 ἂν
2313 2951 2371 3008 εὖ
2407 2956 2559 3024 ποιῇ.
2599 2952 2700 3006 Διά
2732 2951 2895 3006 τοῦτο
2925 2951 3024 3015 τὰς
3057 2953 3170 3006 ἄνω
3215 2952 3474 3022 δυνάμεις
3506 2968 3639 3020 προ-

2072 3049 2327 3104 ϐάλλεται
2371 3045 2466 3099 τοῦ
2520 3044 2759 3114 ἀγαθοῦ,
2797 3045 2891 3097 καὶ
2931 3044 3034 3115 τῆς
3072 3043 3298 3115 πρώτης
3327 3042 3638 3113 εὐεργεσίας

2076 3141 2274 3203 ἱκανῶς
2303 3138 2565 3194 ἀπολαύει
2594 3138 2734 3210 (51)⁶
2773 3137 2962 3208 ἀγαθῷ
2993 3137 3101 3208 γάρ
3131 3137 3302 3199 οὐδεὶς
3330 3135 3453 3206 περὶ
3484 3133 3632 3187 066s-

2075 3236 2164 3299 νος
2180 3277 2194 3301 ,
2230 3233 2443 3304 φθόνος.

396 3317 542 3370 enim
573 3333 678 3373 una
722 3319 1063 3387 substantia,
1135 3323 1255 3392 quae
1299 3334 1535 3380 mentem
1575 3325 1838 3384 habentes
1911 3333 2245 3391 substantias
2291 3326 2572 3384 constituit
2623 3340 2686 3380 ac
2724 3324 2854 3380 fecit
2891 3341 2906 3378 :
2975 3325 3187 3394 quando
3237 3318 3405 3376 voluit
3440 3319 3648 3375 habere-

398 3410 594 3476 quibus
627 3412 1010 3470 benefaceret:
1041 3416 1270 3484 ideoque
1286 3431 1511 3483 superas
1542 3419 1662 3475 illas
1686 3420 1971 3481 facultates
2009 3425 2262 3497 produxit
2294 3440 2308 3476 :
2337 3436 2526 3488 nempe
2585 3429 2643 3474 ut
2705 3423 2822 3487 ipso
2853 3419 2996 3472 bono
3036 3418 3317 3488 primaque
3349 3427 3449 3469 sua
3484 3413 3640 3466 bene-

401 3503 612 3560 ﬁcentia
649 3509 861 3563 abunde
892 3509 1222 3567 fruerentur.
1246 3509 1434 3567 Nullus
1467 3517 1612 3568 enim
1639 3515 1692 3569 in
1718 3517 1860 3573 bono
1887 3520 2103 3576 invidia:
2140 3529 2220 3573 est
2251 3520 2420 3571 locus.

471 3598 647 3665 Atque
685 3601 763 3652 sic
800 3599 1015 3668 quidem
1046 3598 1307 3656 Conditor
1331 3615 1621 3672 antequam
1681 3607 1796 3663 haec
1858 3611 1972 3680 ipsa

397 3687 560 3760 652
583 3703 701 3758 qua:
727 3690 974 3746 sensibus
1002 3703 1124 3746 sunt
1148 3695 1414 3762 exposita,
1431 3701 1972 3765 procreasset,mini-

402 3794 487 3831 Ine
509 3778 717 3833 otiosus
747 3777 866 3832 fuit.
885 3779 1091 3834 leum
1124 3792 1300 3837 autem
1329 3797 1358 3837 a
1387 3799 1493 3852 quo
1523 3793 1737 3855 tempus
1766 3788 1973 3844 initium

400 3869 651 3938 sumpsit,
677 3877 731 3923 et
765 3877 965 3925 terram
985 3912 1002 3938 ,
1027 3881 1081 3927 et
1109 3888 1310 3940 aerem,
1334 3885 1389 3931 et
1423 3892 1592 3944 mare,
1619 3878 1703 3932 Itis
1720 3877 1830 3948 jam
1855 3894 1979 3950 pro-

399 3959 598 4014 creatis
627 3958 825 4016 eﬂ‘ecit.
856 3961 1007 4018 Alias
1048 3964 1215 4020 etiam
1261 3967 1442 4034 aliud,
1489 3983 1590 4039 pro
1625 3984 1720 4025 sua
1756 3985 1966 4026 summa

469 4113 750 4197 (37)”‘EE'
771 4113 849 4197 ρῦ
881 4116 955 4197 τᾷ
1002 4115 1219 4182 πάντα,
1269 4119 1308 4187 ἡ
1349 4138 1467 4197 τῶν
1499 4122 1740 4197 πάντῶν
1778 4127 1959 4197 ἀρχή.

403 4186 666 4254 Repetitio
708 4190 785 4242 rei
837 4187 1018 4260 arduae
1052 4199 1244 4260 potest
1271 4186 1328 4243 ut
1380 4191 1449 4245 sit
1484 4195 1757 4260 auctoris;
1803 4186 1964 4250 nobis

400 4265 581 4326 tamen
613 4268 798 4311 errore
831 4258 1180 4326 exscriptoris
1232 4258 1422 4313 iterata
1472 4265 1632 4318 verba
1684 4258 1955 4320 videntur.

399 4324 585 4400 Possis
614 4324 1276 4400 correcti‘unculaadesse
1302 4347 1315 4382 :
1345 4329 1596 4400 βασιλεὺς
1622 4325 1684 4386 οὗ
1713 4337 1860 4388 ἐστιν
1896 4335 1965 4388 τὰ

401 4396 598 4476 πάντα,
633 4394 666 4462 ἡ
701 4396 806 4476 τῶν
839 4395 1008 4450 όντων
1048 4398 1212 4468 ἀρχή.
1261 4394 1435 4476 βι]ιε
1478 4403 1710 4476 arbitror
1737 4404 1964 4476 Eneam

403 4467 711 4532 scripsisse.
729 4467 874 4540 Quae
919 4467 1218 4540 sequuntur
1245 4468 1312 4540 de’
1340 4469 1448 4524 Deo
1475 4473 1680 4540 optimo
1727 4474 1965 4528 maximo

400 4543 456 4586 et
505 4537 853 4602 generatione
911 4536 1026 4605 ejus
1078 4537 1280 4605 ingenti
1334 4536 1725 4596 commentario
1775 4543 1963 4597 deduci

400 4605 613 4675 possint
645 4625 710 4663 ex
753 4605 1109 4675 scriptoribus
1139 4607 1229 4675 qui
1271 4607 1337 4662 de
1373 4607 1638 4664 Trinitate
1666 4623 1847 4666 contra
1875 4611 1967 4665 Ju-

401 4674 564 4737 daeos.
601 4674 874 4741 Arianos,
896 4674 1216 4740 SaracenOs,
1253 4677 1604 4746 scripserunt,
1643 4683 1686 4735 si
1704 4682 1753 4734 id
1781 4696 1968 4744 agere-

405 4753 509 4823 tur.
532 4748 748 4823 Semina
777 4747 918 4800 enim
953 4747 1038 4801 bic
1063 4756 1186 4823 sunt
1217 4749 1459 4823 quietiam
1496 4750 1966 4805 innumerabilium

404 4814 827 4882 disputationum
860 4826 914 4868 et
948 4818 1327 4872 assertionuur.
1361 4817 1456 4874 ΒΑ.

472 4885 584 4956 (58)
624 4887 730 4944 CC.
764 4887 822 4956 ξ’-
861 4887 1011 4956 πηγή

471 4955 583 5025 (59)
623 4960 729 5012 CC.
770 4955 828 5009 P.
863 4955 1196 5026 παραλαϐών

473 5027 585 5096 (40)
621 5027 732 5082 CC.
863 5025 1049 5096 μόνου.

473 5095 586 5167 (Η)
620 5097 696 5151 Ex
722 5095 826 5167 (ἰρ-
861 5095 1105 5167 Ροβειιιρ·
1135 5097 1254 5167 τήν-

865 5163 1103 5240 δηλὼση,
1125 5163 1430 5236 αὔτολόγος,
1464 5165 1744 5230 αὐτονοῦς.

472 5235 584 5309 ea)
625 5236 731 5309 (ξς.
763 5235 827 5309 ε).
863 5238 1022 5309 γρεξνο

496 5303 586 5376 44)
626 5306 732 5376 CC.
868 5305 1054 5373 ἐδεῖτο.

500 5374 586 5448 45)
628 5375 733 5448 9C3-
767 5374 829 5448 ξι
863 5378 1197 5448 προήγαγεν-

473 5443 587 5585 (46)
630 5445 736 5500 CC.
772 5446 832 5499 P.
861 5445 951 5516 βίᾳ
976 5443 1210 5516 φύσεως.

500 5516 590 5585 47)
630 5517 799 5570 Caute
837 5515 953 5569 haec
984 5517 1210 5585 intelligc

500 5516 590 5587 47)
630 5517 799 5570 Caute
837 5515 953 5587 haec
984 5515 1330 5586 intelligenda
1365 5531 1511 5582 sunt,
1543 5535 1607 5572 ne
1636 5534 1701 5573 ex
1733 5518 1845 5572 solo
1867 5517 1970 5570 Pa-

409 5590 494 5638 tre
543 5585 835 5653 procedere
865 5585 1124 5652 Spiritum
1166 5585 1416 5641 sanctum
1466 5589 1644 5644 dicere
1690 5589 1965 5647 videatur;

410 5667 529 5726 qua:
575 5653 679 5713 fuit
715 5667 820 5710 non
863 5654 1148 5711 incelebris
1191 5655 1318 5712 olim
1354 5658 1596 5714 lateresis.
1645 5657 1818 5714 Verba
1854 5659 1962 5712 sin-

2148 3608 2336 3672 Οὕτως
2365 3609 2464 3660 οὐκ
2506 3607 2557 3658 ὲν
2582 3607 2755 3676 ἀργία
2787 3604 2892 3672 πρὸ
2921 3604 3025 3655 τῶν
3057 3602 3330 3668 αἰσθητῶν
3359 3598 3648 3667 διέμεινεν.

2075 3702 2316 3773 Οὐρανὸν
2360 3701 2447 3763 δὲ,
2498 3697 2619 3751 ὅθεν
2657 3699 2684 3750 ό
2713 3696 2903 3767 χρόνος
2940 3694 3206 3763 ἄρχεται,
3239 3692 3333 3744 καὶ
3374 3690 3512 3759 γῆν,
3553 3693 3656 3743 καὶ.

2073 3793 2244 3863 ἀέρα,
2299 3790 2392 3844 καὶ
2422 3789 2696 3843 θάλατταν
2721 3827 2735 3850 ,
2787 3785 2923 3856 μετὰ
2953 3783 3023 3836 τὰ
3068 3783 3261 3854 πρῶτα
3304 3781 3643 3851 δημιουργεῖ.

2078 3880 2304 3934 Ἀλλοτε
2330 3878 2438 3948 γὰρ
2463 3876 2591 3932 ἄλλο
2619 3875 2740 3928 κατ’
2773 3872 3021 3938 ἐξουσίαν
3051 3871 3345 3942 ἐργάζεται
3363 3885 3378 3899 ⁸
3406 3868 3564 3930 αὐτὸς
3589 3866 3648 3920 δὲ

2075 3972 2163 4028 ἀεὶ
2205 3971 2496 4043 ἐργάζεται
2516 3985 2530 3999 ·
2567 3967 2729 4030 αὐτὸς
2755 3965 2865 4039 (52)
2898 3966 2993 4020 καὶ
3023 3964 3122 4036 τὴν
3149 3962 3282 4034 ὓλην
3315 3963 3540 4034 χορηγεῖ
3569 3959 3644 4030 τῷ

2071 4125 2194 4195 gula
2238 4127 2351 4178 haec
2386 4123 2628 4195 singulos
2655 4131 2880 4195 poscant
2910 4118 3354 4177 commentarios.
3387 4116 3484 4170 ΒΑ.

2165 4196 2254 4259 48)
2297 4195 2399 4248 CC.
2434 4194 2495 4247 Ρ.
2532 4193 2832 4262 ἐφάψηται.
3035 4247 3063 4262 λ,

2165 4197 2254 4259 48)
2297 4197 2399 4248 CC.
2434 4197 2495 4247 P.
2532 4197 2832 4262 ἐφάψηται.
3059 4247 3063 4252 η

2141 4197 2251 4338 (49)
2293 4265 2370 4318 Et
2417 4264 2520 4338 CC.
2559 4263 2638 4338 P._
2665 4264 2751 4317 hic
2796 4259 3142 4315 inserendum
3199 4257 3409 4330 Προτοῦ
3451 4256 3640 4327 χρόνου

2076 4333 2363 4402 πεποίηκε,
2393 4336 2486 4386 καὶ
2517 4333 2694 4386 συνέτ.

2141 4398 2272 4476 (50f
2288 4404 2590 4476 Legendum
2609 4402 2864 4476 arbitror,
2884 4398 3064 4476 addita
3091 4414 3222 4476 voce
3248 4415 3272 4476 :_
3290 4400 3392 4476 xa‘r
3409 4399 3637 4476 πεπο

2072 4468 2166 4528 κεν
2211 4473 2306 4536 τὰς
2354 4468 2597 4542 λογικάς.
2668 4472 2742 4525 De
2795 4469 3053 4542 ambabus
3082 4470 3225 4542 enim
3260 4468 3345 4521 his
3373 4468 3520 4542 loqui
3547 4468 3639 4518 de-

2073 4547 2198 4599 bent
2242 4537 2538 4609 sequeutia.
2577 4543 2642 4596 Et
2688 4543 2764 4594 ita
2795 4539 2973 4606 jungit
3019 4539 3238 4606 angelos
3269 4537 3636 4609 _cmlest_esque

2075 4607 2378 4683 potestates
2435 4611 2743 4683 rationabili
2795 4618 3088 4683 creaturae,
3139 4607 3340 4683 homini
3390 4607 3635 4683 scilicet,

2073 4676 2229 4751 supra
2259 4699 2310 4751 p.
2333 4682 2420 4735 47.
2452 4681 2561 4735 Nec
2581 4683 2760 4735 obstat
2788 4679 2927 4746 quod
2947 4678 3142 4732 caelum
3164 4676 3462 4751 subjungit.
3479 4677 3634 4751 quod

2075 4744 2290 4807 homine
2325 4751 2470 4818 prius
2509 4752 2782 4803 conditum
2806 4744 2919 4812 est,
2970 4762 3091 4800 cum
3145 4748 3211 4818 de
3246 4744 3439 4818 itsqui
3479 4747 3638 4818 bene—

2075 4823 2191 4876 ﬁcia
2227 4813 2337 4875 Dei'
2367 4834 2660 4888 agnoscere
2685 4827 2911 4888 possent
2946 4815 3250 4888 sermoAhic
3295 4816 3388 4881 sit,
3437 4831 3542 4867 non
3576 4813 3642 4867 de

2075 4903 2311 4962 tempore
2356 4884 2665 4962 creationis.
2686 4884 2961 4962 ‘Alioquin
2988 4884 3272 4962 manifeste
3303 4893 3484 4938 tamen
3521 4893 3634 4962 sta:

2076 4953 2198 5014 tuit'
2227 4959 2618 5030 angelosrante
2665 4953 2857 5013 omnia
2889 4956 3007 5030 _alia_
3050 4956 3327 5030 conditos;
3378 4967 3504 5030 qua;
3546 4953 3647 5006 fuit

2076 5020 2364 5084 multorum
2393 5029 2577 5098 Opinio
2597 5068 2610 5090 ,
2641 5037 2700 5081 ut
2725 5025 3043 5098 notavit_vir
3069 5020 3446 5098 doctissimus,
3481 5020 3644 5074 Lam-

2075 5100 2256 5153 bertus
2286 5092 2531 5159 Danaéus,
2560 5097 2883 5151 tractatione
2913 5094 2989 5148 De
3015 5093 3234 5159 angelis.
3269 5092 3388 5146 Non
3422 5103 3641 5159 perten-

2077 5171 2247 5224 dintus
2288 5180 2465 5222 tamen
2512 5170 2613 5221 bac
2655 5175 2801 5229 uota,
2838 5176 2892 5219 et
2923 5166 3187 5218 asterisco
3214 5178 3330 5216 eam
3360 5176 3460 5215 suo
3490 5172 3646 5214 nota-

2074 5241 2271 5301 vimus,
2305 5253 2425 5292 cum
2455 5236 2736 5304 sequentia
2773 5235 2946 5288 solum
2976 5233 3043 5287 de
3073 5233 3277 5304 angelis
3309 5231 3412 5304 hoc
3438 5231 3655 5304 dictum.

2075 5300 2293 5376 intelligi
2340 5300 2603 5376 jubeant.
2630 5304 2862 5358 Omnino
2893 5304 3043 5376 nihili
3083 5300 3188 5376 est.
3240 5300 3540 5376 Συνέταξτε
3576 5300 3642 5350 ad

2074 5369 2314 5431 ordinem
2341 5369 2354 5373 ⁷
2383 5375 2810 5429 ltierarchiarutn
2874 5373 3366 5426 decantatissunum
3439 5369 3646 5424 Graecae

2075 5447 2330 5500 Ecclesiae
2383 5445 2636 5514 pertinet,
2685 5444 2794 5514 cui_
2827 5443 3148 5496 illustrando
3201 5439 3438 5510 ingentia
3490 5437 3645 5493 volu-

2079 5516 2226 5569 mina
2257 5511 2559 5580 conscripta
2585 5523 2730 5569 sunt.
2764 5511 2860 5576 ΒΑ,

2146 5584 2256 5654 (51)
2299 5583 2404 5639 CC.
2436 5584 2494 5638 P.
2527 5583 2724 5644 ἱκανῶς
2747 5580 3058 5654 ἀπολαύειν.

2153 5648 2263 5724 (52)
2294 5655 2398 5709 CC.
2435 5655 2495 5710 P.
2528 5655 2612 5708 ἀεὶ
2640 5654 2695 5706 δὲ
2733 5653 3024 5722 ἐργάζεται
3055 5649 3236 5714 αὐτὸς,
3265 5648 3381 5703 καὶ.
