4032 6144
357 341 465 408 961

1641 338 2264 421 THEOPHRASTUS.

3511 343 3618 408 962

370 454 554 510 παντί.
597 453 830 523 Ἐγείρει
862 469 922 505 τε
953 453 1046 506 καὶ
1083 449 1444 522 συναρμόττει
1477 451 1588 523 (55)
1629 453 1724 505 καὶ
1755 454 1938 508 τάττει

2044 453 2285 523 potentia
2331 450 2486 518 facit,
2539 453 2932 523 materiamque
2987 455 3149 512 rebus
3190 456 3444 514 omnibus
3495 461 3615 531 ipse

368 549 464 603 καὶ
496 549 818 618 διακοσμεῖ·
853 548 913 599 οὐ
947 548 1055 618 γὰρ
1090 549 1384 616 ἀγέννητος
1423 546 1534 617 (54)
1569 547 1678 600 οὐδ’
1708 546 1941 618 ἄναρχος

367 643 401 712 ἡ
454 640 576 710 ὕλη.
626 639 798 692 Τοῦτό
849 656 910 692 σε
949 640 1044 693 καὶ
1090 638 1347 693 Χαλδαῖοι
1394 637 1735 702 διδάσκουσι,
1773 640 1867 692 καὶ
1913 641 1942 692 6

369 733 700 805 Πορφύριος.
755 732 1083 801 Ἐπιγρὰφει
1119 730 1177 785 δὲ
1223 730 1366 785 Καθ’
1413 728 1562 783 ὅλον
1601 729 1713 801 (55)
1745 730 1806 782 τὸ
1857 729 1940 800 βι-

369 824 538 890 ϐλίον,
577 824 607 876 ὃ
630 825 716 886 ἐίς
751 823 912 894 μέσον
942 822 1174 894 προάγει
1209 820 1314 874 τῶν
1343 819 1626 874 Χαλδαίων
1659 821 1728 875 τὰ
1761 821 1938 889 λόγια,

369 921 428 972 ἐν
453 913 532 982 οἷς
562 917 846 986 γεγονέναι
878 917 977 988 τὴν
1007 915 1141 986 ὕλην
1171 915 1530 985 ἰσχυρίζεται.
1564 916 1674 968 Καὶ
1701 915 1761 967 τὸ
1790 914 1941 967 Πλω-

367 1011 516 1064 τίνου
567 1009 848 1076 διανοίγων
894 1007 1097 1077 βιϐλίον
1123 1021 1137 1036 ⁸
1175 1006 1298 1060 ὅθεν
1341 1006 1410 1060 τὰ
1455 1005 1597 1060 κατὰ
1631 1005 1793 1074 φύσιν
1837 1021 1939 1057 που

367 1102 578 1170 λέγων,
619 1101 882 1169 ἀγένητον
935 1098 990 1151 δὲ
1021 1095 1158 1150 εἶναι
1191 1099 1288 1168 τὴν
1322 1099 1451 1168 ὓλην
1495 1099 1605 1166 (56)
1626 1138 1640 1160 ,
1675 1096 1854 1150 καὶτὸ
1882 1097 1940 1149 ὲν

369 1193 564 1264 ἀρχαῖς
606 1188 842 1253 τιθέναι,
887 1189 962 1253 ὼς
1001 1189 1160 1242 ἄθεον
1189 1189 1402 1259 δόγμα,
1445 1188 1832 1259 παραιτητέον.
1874 1188 1938 1240 ΕΞ

365 1283 545 1336 τοίνυν
596 1283 630 1352 ἡ
678 1279 778 1350 ὕλη
825 1279 1065 1351 γενητὴ,
1114 1281 1208 1334 καὶ
1255 1281 1354 1333 οὐκ
1403 1279 1576 1351 ἀρχὴ,
1609 1277 1724 1332 ἀλλ’
1776 1278 1940 1349 ἐσχα-

354 1371 602 1444 -τον(57),
637 1370 751 1434 πῶς
789 1372 818 1423 6
845 1370 1106 1442 αἰσθητὸς
1134 1370 1339 1440 κόσμος
1399 1370 1660 1440 ἀγένητος
1699 1369 1732 1440 ἢ
1769 1369 1938 1439 ἄναρ-

368 1483 492 1536 χος,
530 1465 562 1536 ἢ
605 1463 711 1535 πρὸ
741 1462 837 1518 τοῦ
876 1463 1106 1534 χρόνους
1146 1463 1219 1515 Οὐ
1264 1463 1371 1532 γὰρ
1405 1462 1510 1530 πρὸ
1538 1462 1634 1531 τῆς
1664 1460 1796 1530 ὕλης
1827 1460 1937 1532 (⁵8)

365 1558 601 1627 ποίημα.
633 1556 804 1620 Αὐτὸς
836 1556 892 1609 δὲ
931 1557 1062 1626 ἡμῖν
1087 1556 1116 1607 6
1146 1555 1370 1609 Πλάτων
1414 1553 1686 1625 μέμνηται
1736 1553 1848 1623 (59)
1882 1555 1938 1605 ἐν

375 1651 624 1719 Τιμαίῳ,
670 1649 789 1713 πῶς
838 1648 992 1702 οὐδὲν
1035 1646 1509 1718 σχηματιζόμενος
1550 1645 1936 1714 ἀποφαίνεται.

367 1743 638 1813 Πρότερον
688 1740 944 1812 ἐρωτῶν,
1001 1740 1230 1810 πότερον
1280 1739 1502 1808 γέγονεν
1539 1740 1568 1792 6
1619 1738 1858 1808 κόσμος,
1902 1737 1936 1808 ἢ

363 1835 427 1887 οὐ
479 1834 740 1902 γέγονεν·
776 1830 875 1887 εἷθ’
921 1833 955 1903 ἡ
1009 1831 1158 1885 αἰτία
1209 1831 1694 1902 προσγέγραπται·
1745 1831 1939 1900 ὁρατός
1973 1814 2010 1868 Β

366 1942 424 1978 τε
452 1927 561 1995 γάρ
592 1925 740 1978 ἐστιν
765 1941 778 1954 ·
808 1923 971 1986 αὐτός
999 1922 1058 1976 τέ
1087 1925 1202 1976 ἐστι
1235 1922 1344 1994 (60)
1378 1922 1472 1974 τοῦ
1499 1920 1731 1993 οὐρανοῦ
1757 1921 1818 1974 τὸ
1840 1938 1937 1990 χα-

368 2017 686 2086 ριέστατον,
732 2017 782 2069 oi
827 2016 1092 2084 ἀστέρες’
1127 2015 1246 2067 ἀλλ’
1278 2015 1427 2084 ὅμως
1472 2013 1565 2066 καὶ
1599 2007 1745 2066 οὗτοι
1780 2012 1940 2081 γεγό⁴

361 2125 541 2162 νασιν.
593 2108 720 2160 Αἴτε
758 2107 866 2177 γὰρ
920 2107 1265 2177 μετοικήσεις
1301 2105 1395 2160 καὶ
1441 2106 1629 2176 δρόμοι
1678 2106 1773 2159 καὶ
1807 2105 1940 2157 ὑπο-

370 2199 618 2268 στροφαὶ,
653 2199 750 2251 καὶ
779 2199 837 2250 αἱ
867 2198 1004 2269 πρὸς
1038 2197 1098 2250 τὸ
1130 2197 1338 2267 βόρειον
1375 2195 1702 2261 ἀναϐάσεις,
1741 2196 1834 2248 καὶ
1882 2195 1938 2248 αἱ

367 2291 502 2364 πρὸς
524 2291 618 2344 τὸν
645 2289 796 2343 νότον
828 2289 1062 2354 κάθοδοι,
1093 2289 1244 2359 ἡλίου
1269 2305 1328 2340 τε
1360 2289 1455 2342 κα)¹
1494 2288 1725 2358 σελήνης
1757 2287 1934 2340 ἐκλεί-

356 2384 517 2453 ψεις,
550 2380 786 2453 αἰσθητὰ
813 2381 1024 2434 πάντα·
1069 2379 1105 2434 ὃ.
1137 2379 1419 2450 γίγνεσθαι
1465 2381 1563 2448 μὲν
1596 2380 1743 2433 δοκεί
1793 2379 1939 2432 Πλά·

365 2493 494 2531 τωνι
514 2516 528 2540 ,
557 2473 692 2529 εἶναι
724 2475 780 2528 δὲ
811 2473 1041 2544 βεϐαίως
1069 2474 1345 2530 οὐδέποτε.

2042 554 2283 616 praestat,
2317 545 2614 601 exsuscitat
2639 584 2653 608 ,
2683 557 3052 618 coagmentat,
3085 549 3393 616 concinnat,
3431 562 3610 608 ornat.

2042 639 2229 706 Neque
2273 640 2419 694 enim
2463 638 2791 693 credendum
2825 649 2911 694 est
2965 643 3246 695 tnateriam
3293 658 3397 696 non
3440 645 3611 710 nasci,

2042 733 2414 802 principioque
2439 746 2644 787 carere.
2675 731 2826 800 Quod
2849 742 2899 788 te
2930 733 3162 789 Chaldaei
3186 737 3379 790 docent
3408 754 3422 792 :
3455 737 3613 791 item-

2057 839 2146 894 pte
2175 823 2507 895 Porphyrius
2534 824 2584 877 in
2615 839 2681 879 eo
2710 839 2869 894 quem
2895 824 3159 879 Καθ’ὅλον
3179 827 3423 882 inscribit
3449 827 3608 894 libro,

2041 929 2162 968 cum
2197 914 2434 969 rationes
2465 913 2840 969 Chaldaeorum
2869 915 2922 969 in
2951 915 3185 971 medium
3220 931 3410 971 omnes
3433 917 3608 984 aﬂ‘ert,

2042 1007 2106 1061 iis
2137 1005 2420 1060 materiam
2465 1020 2588 1060 esse
2641 1013 2822 1060 natam
2867 1005 3137 1062 aliirmat:
3171 1016 3281 1062 tum
3317 1006 3511 1063 Plotini
3543 1010 3613 1065 li-

2042 1096 2194 1152 brum
2224 1097 2498 1165 explicans
2518 1097 2666 1162 dicit,
2691 1097 3004 1151 existimare
3029 1101 3321 1153 secundum
3360 1110 3608 1156 naturam

2041 1197 2106 1238 ac
2139 1192 2284 1237 recte
2315 1184 2456 1248 dici,
2497 1185 2778 1239 materiam
2826 1201 2930 1241 non
2994 1196 3212 1251 natam,
3255 1197 3310 1242 et
3347 1198 3604 1261 tanquam

2043 1289 2220 1328 rerum
2241 1275 2562 1344 principium
2597 1277 2744 1345 poni,
2771 1277 2929 1346 plane
2961 1287 3021 1332 ut
3045 1279 3261 1348 impiam
3294 1281 3603 1350 opinionem

2043 1367 2386 1420 minuendam
2417 1383 2479 1421 ac
2509 1369 2924 1437 explodendam.
2957 1371 3014 1425 Si
3044 1371 3210 1442 igitur
3250 1374 3477 1427 materia
3522 1384 3608 1429 est

2040 1469 2188 1523 nata,
2224 1474 2323 1514 nec
2359 1460 2602 1514 habenda
2641 1473 2740 1529 pro
2776 1462 2949 1529 primo
2975 1477 3154 1516 rerum
3181 1463 3420 1517 omnium
3443 1464 3598 1534 priu-

2039 1553 2202 1620 cipio,
2240 1553 2333 1607 sed
2368 1551 2556 1606 ultimo
2599 1564 2781 1608 creata
2810 1573 2822 1609 :
2855 1553 3127 1624 quomodo
3161 1554 3414 1609 sensibus
3447 1569 3612 1623 expo-

2039 1643 2178 1697 situs
2201 1642 2290 1697 ille
2322 1643 2552 1697 mundus
2581 1642 2782 1712 poterit
2811 1658 2916 1698 non
2949 1653 3107 1698 natus
3128 1657 3270 1707 esse,
3297 1654 3388 1698 aut
3412 1645 3610 1714 princi-

2039 1737 2126 1804 pio
2154 1749 2362 1800 carere,
2387 1745 2480 1788 aut
2499 1736 2644 1789 omni
2679 1744 2920 1804 tempore
2953 1736 3102 1806 prior
3127 1737 3442 1791 exstitisse?
3467 1738 3612 1805 Opus

2041 1829 2183 1881 enim
2212 1828 2382 1894 ipsum
2416 1842 2522 1881 non
2549 1835 2726 1897 potest
2765 1841 2885 1882 esse
2915 1827 3063 1897 prius
3095 1837 3186 1882 aut
3208 1829 3482 1897 antiquius
3513 1844 3608 1882 sua

2040 1920 2289 1973 materia.
2340 1917 2482 1973 Idem
2531 1918 2686 1974 nobis
2730 1919 2893 1974 etiam
2938 1919 3609 1989 Plato,qt'temadmodum

2040 2011 2155 2082 ipse
2189 2027 2292 2065 non
2316 2013 2563 2081 ignoras,
2591 2013 2643 2066 in
2678 2011 2898 2076 Timwo,
2929 2012 3073 2066 nullo
3107 2013 3290 2068 colore
3321 2012 3609 2068 verborum

2040 2120 2188 2170 ttsus,
2223 2105 2474 2160 atlirmat.
2507 2105 2582 2157 Ac
2605 2106 2835 2174 primum
2883 2106 3026 2160 sitne
3056 2103 3254 2170 factus,
3283 2119 3350 2159 an
3381 2104 3613 2160 infectus

2041 2197 2130 2251 hic
2160 2197 2392 2249 mtmdus
2413 2236 2427 2259 ,
2456 2198 2650 2266 quaerit
2677 2213 2691 2248 :
2729 2207 2839 2250 tum
2879 2212 3043 2251 causa
3080 2198 3404 2262 ascribitur;
3434 2206 3612 2266 potest

2041 2285 2186 2340 enim
2211 2286 2360 2340 cerni
2391 2301 2406 2338 :
2451 2287 2672 2354 ipsaque
2696 2286 2817 2341 caeli
2847 2287 3167 2342 suavissima
3201 2287 3398 2356 portio,
3429 2288 3607 2342 sidera

2042 2377 2227 2430 itidem
2276 2375 2416 2430 facta
2471 2387 2616 2430 sunt.
2653 2377 2895 2445 Ipsorum
2939 2379 3084 2432 enim
3131 2379 3613 2449 commigrationcs

2041 2469 2158 2522 sive
2187 2477 2385 2532 motus,
2421 2477 2475 2520 et
2499 2468 2780 2531 decursus,
2809 2479 2863 2522 et
2892 2470 3297 2535 conversiones,
3322 2479 3376 2524 et
3403 2471 3604 2524 adver-

363 2583 458 2622 sus
503 2567 726 2622 Boream
759 2581 1052 2632 ascensus,
1101 2575 1156 2620 et
1229 2567 1282 2619 in
1329 2573 1597 2620 austrum-
1626 2563 1969 2619 descensus:
2013 2560 2251 2628 solisque
2291 2570 2346 2614 et
2424 2560 2566 2614 luna:
2613 2561 2979 2627 defectiones,
3011 2570 3066 2616 et
3109 2562 3370 2633 quidquid
3415 2580 3610 2622 sensus

364 2678 471 2716 non
508 2648 594 2716 est.
616 2675 830 2729 expers,
865 2661 1007 2729 gigni
1035 2660 1250 2728 quidem
1281 2657 1490 2713 Platoni
1520 2658 1791 2723 videntur,
1834 2671 2021 2711 verum
2052 2668 2172 2708 esse
2200 2653 2352 2706 ﬁrma
2385 2669 2448 2707 ac
2469 2654 2639 2708 solida
2671 2670 2967 2724 nunquam.

436 2754 628 2806 ΘΕΟΦ.
668 2755 730 2806 Ut
779 2752 872 2804 τοῦ
919 2754 1201 2816 Πλάτωνος
1251 2753 1644 2822 μυσταγωγοὶ,
1696 2752 1794 2816 τὸ,
1839 2751 1934 2820 γέ-

369 2862 547 2916 γονεν
575 2845 705 2914 (6t),
734 2844 970 2912 λέγουσι,
1002 2845 1137 2898 ἀλλὰ
1169 2847 1290 2900 κατ’
1323 2846 1504 2900 αἰτίαν
1536 2845 1760 2914 γέγονεν
1798 2844 1935 2915 (62).

367 2934 494 2991 Οἷον
513 2938 612 3008 τῆς
639 2938 774 3008 ἐμῆς
802 2938 957 3000 σκιᾶς
983 2935 1180 3003 αἴτιον,
1214 2937 1307 2990 τοῦ
1335 2938 1431 3008 μὲν
1463 2937 1574 3008 (65)
1612 2936 1794 3007 σῶμα,
1824 2933 1937 2988 ἀλλ’

360 3030 466 3082 οὐκ
493 3031 624 3082 αὐτὸ
653 3028 950 3098 πεποίηκεν
973 3027 1166 3100 αὐτὴν,
1195 3027 1310 3082 ἀλλ’
1344 3029 1528 3098 ἐκείνη
1561 3026 1737 3097 τούτῳ
1801 3041 1931 3077 συν-

365 3120 748 3191 ηκολούθησεν.

434 3295 612 3352 ΑΞΙΘ.
647 3299 762 3352 Οὐκ
791 3296 902 3368 ἄρα
932 3292 1262 3366 δημ.ουργὺς
1305 3291 1334 3344 6
1363 3289 1739 3362 Δημιουργδς,
1774 3289 1822 3342 εί
1864 3289 1937 3360 μὴ

364 3391 686 3462 βουλόμενος
715 3389 745 3444 ὃ
790 3388 1110 3458 πεποίηκεν,
1141 3385 1503 3458 δημιουργεῖο
1538 3381 1654 3436 ἀλλ’
1697 3381 1939 3450 αὐτόμα-

366 3500 455 3536 τον
482 3483 602 3537 τόδε
633 3482 694 3535 τὸ
742 3483 886 3545 πᾶν,
940 3482 990 3533 εί
1028 3479 1101 3550 μὴ
1147 3481 1390 3547 γέγονεν.
1445 3470 1824 3526 Ἀντιστατοῦν
1860 3469 1938 3540 τῷ

367 3573 500 3646 ἡλίῳ
545 3575 608 3626 τὸ
651 3572 841 3644 σῶμα,
891 3571 951 3625 οὐ
984 3570 1259 3641 συγχωρεῖ
1294 3566 1524 3621 κατόπιν
1549 3563 1803 3632 γενέσθαι
1838 3561 1936 3631 τὴν

366 3665 714 3736 λαμπηδόνα*
753 3665 848 3716 καὶ
901 3662 1058 3715 τοῦτο
1101 3663 1134 3732 ἡ
1183 3660 1312 3713 σκιά
1354 3658 1488 3729 (64).
1525 3655 1686 3709 Ὅθεν
1732 3648 1842 3707 οἷον
1871 3654 1933 3706 τὸ

370 3758 562 3825 σῶμα,
610 3756 836 3826 τοιαύτη
879 3755 1258 3825 διαγράφεται.
1327 3752 1388 3802 '0
1444 3749 1501 3806 δὲ
1559 3743 1929 3816 Δημιουργδς,

367 3851 688 3920 ἀσώματος,
736 3850 1016 3920 ἀόριστος,
1065 3846 1196 3899 αὐτὸ
1234 3843 1296 3897 τὸ
1337 3841 1448 3910 φῶς
1490 3839 1599 3909 (65)
1633 3838 1930 3906 ὑπάρχων·

369 3941 484 4003 πῶς
516 3937 608 3993 οὖν
635 3941 668 4008 ἢ
696 3941 858 3992 πόθεν
890 3937 1238 4010 συμϐέϐηκεν
1272 3935 1306 4004 ἡ
1351 3931 1513 3997 σκιά;
1543 3929 1666 3992 Πῶς
1694 3928 1749 3980 δὲ
1779 3925 1935 3996 ἀμεί-

367 4048 474 4085 νων
523 4028 592 4102 ἦν
632 4033 724 4084 καὶ
773 4031 848 4094 ὡς
899 4029 1116 4101 ἀληθῶς
1147 4023 1524 4098 Δημιουργὺς,
1560 4020 1720 4083 αὐτὸς
1768 4019 1936 4072 ποιῶν

370 4121 464 4174 καὶ
502 4119 860 4194 συναρμόζων
894 4113 928 4194 ᾗ
968 4117 1245 4189 βούλοιτο;
1295 4113 1329 4184 ἢ
1380 4113 1538 4174 σκιᾶς
1587 4109 1648 4176 ἐξ
1691 4107 1937 4178 ἀνάγκης

441 4271 553 4340 (53)
589 4269 694 4340 (ἒοο
725 4269 785 4340 ῙῘ-
820 4266 1166 4340 συναρμόζει.

449 4339 561 4408 (5.6)
601 4339 706 4394 CC.
737 4339 797 4393 P.
831 4339 1110 4408 ἀγένητος.

442 4406 555 4483 (55)
734 4409 802 4483 _P._
836 4406 1084 4483 καθόλου.

612 4477 995 4555 Plotit_ti__illiu_s
1035 4471 1405 4555 celeberrimi,
1474 4483 1614 4555 [irae~
1645 4480 1929 4555 quo-sane

373 4541 556 4609 vciutu
597 4559 680 4604 est
723 4546 1070 4616 philosophos
1098 4541 1412 4618 eteterosjn
1452 4541 1644 4618 rebus
1669 4541 1934 4618 praecipue

373 4607 657 4694 spirituum
695 4607 912 4694 u'tnbt'as
938 4607 1089 4694 esse.
1123 4611 1678 4694 discipulus'insignis
1705 4607 1804 4694 iuit
1828 4609 1934 4694 iste

375 4680 908 4760 Plorphyrius,cujus
933 4685 1180 4760 ct_yita_m
1217 4683 1368 4760 nobis
1394 4680 1752 4760 elegitrtt'crlet
1773 4692 1936 4755 accu-

373 4749 498 4818 rate'
543 4749 902 4824 conscriptam
943 4753 1178 4822 reliquit.
1211 4750 1452 4825 _Utinam
1492 4749 1816 4825 Christianis
1847 4761 1936 4825 ea:

375 4816 702 4886 luniniattdis
761 4816 1128 4896 abstinuisset.
1210 4820 1400 4896 Libros
1457 4816 1934 4896 sane_Porphy-t:ii

372 4900 670 4970 expressitn
721 4907 908 4970 contra
944 4895 1224 4970 t’eritatem
1258 4893 1485 4970 scriptos
1523 4888 1742 4970 adducit
1785 4888 1937 4970 testif

377 4959 554 5025 monio
574 4980 625 5021 et
644 4968 770 5019 dine
792 4965 1135 5031 blasphemiae
1161 4961 1334 5031 arguit
1353 4959 1719 5031 Theodore-tus
1749 4963 1935 5031 contra

373 5023 589 5094 Graecos
621 5037 713 5090 lib.
750 5049 808 5094 II,
862 5023 926 5086 ut
975 5042 1029 5084 et
1073 5023 1409 5083 Justitiianus
1437 5028 1748 5094 imperator.
1784 5023 1936 5076 Scri-

374 5112 480 5178 psit
537 5108 675 5161 idem
754 5102 1132 5178 philosophica:
1188 5095 1933 5178 Historiae“cttttttttetttarigs,

373 5161 544 5234 cide")
579 5161 850 5237 laudatos;
899 5161 987 5236 qui
1015 5167 1325 5237 utinamvel
1360 5165 1457 5237 soli
1500 5173 1797 5237 exstarent.
1838 5161 1933 5237 Ba.

373 5248 479 5303 CC.
551 5247 610 5302 P.
667 5243 788 5297 ὅθεν
838 5234 989 5294 κο.κά
1039 5257 1057 5290 ›
1103 5236 1234 5307 φησί
1286 5252 1387 5287 που
1434 5234 1694 5302 ἀγένητον
1743 5245 1796 5287 ει
1859 5234 1938 5287 sic

373 5319 532 5371 infra.

443 5387 554 5458 (δη
594 5385 702 5458 ct;-
741 5384 800 5458 r-
838 5381 1085 5458 έςτχατος-
1129 5446 1176 5458 ..

469 5442 558 5514 58)
597 5453 800 5525 μαι).
835 5442 984 5525 (rb-Ex
1005 5451 1099 5517 τῆς
1129 5446 1258 5525 ὓλης
1291 5442 1521 5512 ποίημα.
1835 5464 1879 5525 \\

469 5525 560 5594 59)
595 5524 669 5576 Ex
700 5522 805 5576 cc.
841 5523 896 5573 ι».
932 5534 1083 5594 δυριν-
1105 5521 1273 5594 ,γάρκ
1376 5582 1387 5594 .
1589 5578 1641 5594 σο

596 5593 828 5666 l)_tttnjtto
867 5578 1208 5666 SCl'i_lit-.‘:llt|itlli
1251 5582 1427 5666 ἁπτός,
1468 5597 1546 5634 τε.
1589 5578 1678 5633 Sic
1719 5595 1930 5662 supra:

373 5649 565 5731 ὁρατὸν
593 5663 701 5731 γὰρ
727 5661 854 5713 ὄντα
899 5661 991 5710 καὶ
1028 5655 1194 5708 ἁπτὸν
1232 5655 1325 5731 καὶ
1363 5649 1929 5731 πάντημσωματοειδῆ.

424 5736 548 5788 et'tit
572 5723 701 5800 ergit
735 5740 900 5788 recte,
929 5740 982 5778 ut
1011 5743 1125 5785 nus,
1172 5726 1503 5776 Λιιιιπυδὶιιε,
1539 5723 1647 5771 t\nn
1677 5730 1750 5770 cs!
1787 5737 1930 5770 asse-

1965 4582 2014 4641 ι)

2109 2745 2411 2804 THEOPH.
2445 2747 2515 2802 At
2546 2747 2788 2804 Platonis
2825 2751 3213 2822 mysteriorum
3254 2751 3603 2821 interpretes,

2037 2838 2370 2906 τὸ,γέγονεν,
2397 2838 2449 2892 id
2472 2849 2576 2902 est,
2612 2838 2812 2894 factum
2849 2849 2953 2907 est,
2983 2854 3090 2895 non
3120 2842 3438 2912 simpliciter
3465 2845 3610 2899 acci-

2037 2931 2327 3000 piunt,sed
2347 2929 2568 3000 perinde
2590 2945 2653 2984 ac
2683 2931 2729 2986 si
2759 2932 3030 2986 diceretur
3061 2935 3358 2988 secundum
3387 2949 3606 2990 causam

2039 3019 2266 3085 factum,
2297 3029 2597 3090 exponunt.
2633 3018 2704 3075 Ut
2731 3021 2935 3076 umbrae
2963 3037 3095 3076 mea:
3125 3037 3364 3086 causam,
3390 3023 3493 3078 mei
3524 3025 3576 3094 ip
3600 3053 3620 3097 -έ

1989 3177 2004 3195 ν
2040 3115 2154 3169 sius
2183 3129 2378 3183 corpus
2408 3115 2493 3168 aio
2530 3132 2544 3168 :
2580 3121 2635 3167 at
2660 3129 2722 3168 ea
2752 3129 2947 3183 corpus
2982 3130 3160 3170 meum
3191 3129 3299 3170 non
3333 3115 3486 3183 fecit,
3513 3117 3609 3172 sed

1963 3177 2004 3234 Ο
2037 3206 2152 3261 bare
2183 3207 2355 3273 ipsum
2387 3216 2570 3260 secuta
2599 3216 2702 3262 cst.

2105 3296 2340 3350 ΑΧΙΊῊ.
2379 3297 2517 3366 Ergo
2543 3297 2808 3350 Conditor
2843 3312 2951 3351 non
2981 3306 3063 3352 est
3093 3295 3366 3362 conditor,
3399 3298 3447 3352 si
3482 3299 3622 3377 qui;

2033 3389 2154 3443 dem
2195 3403 2316 3458 quae
2346 3386 2496 3453 fecit,
2524 3389 2745 3464 minime
2775 3403 2871 3442 sua
2894 3387 3169 3443 voluntate
3202 3386 3333 3442 fecit
3362 3405 3377 3443 :
3413 3397 3467 3442 et
3487 3389 3621 3443 uni-'

2033 3493 2252 3534 versum
2290 3480 2412 3544 hoc,
2445 3479 2705 3548 quidquid
2737 3488 2840 3546 est,
2871 3489 3061 3549 Sponte
3083 3494 3180 3535 sua
3207 3489 3370 3549 atque
3407 3495 3474 3535 ex
3514 3496 3608 3536 se-
3696 3531 3697 3534 η

2032 3583 2091 3622 se
2121 3569 2353 3624 exsistit.
2387 3569 2454 3622 Et
2501 3569 2603 3622 nisi
2654 3569 2725 3623 sit
2763 3567 2963 3624 factum
3011 3569 3120 3638 jam
3156 3570 3373 3640 aliquod
3405 3585 3609 3641 corpus

2038 3658 2180 3725 quod
2205 3665 2308 3712 stet
2339 3674 2369 3713 e
2407 3658 2626 3728 regione
2666 3659 2816 3724 solis,
2851 3676 2954 3714 non
2997 3663 3247 3716 concedit
3292 3672 3354 3717 ut
3392 3677 3425 3718 a
3459 3671 3609 3734 tergo

2039 3745 2126 3800 lux
2173 3745 2318 3800 ﬂat:
2367 3747 2531 3815 idque
2568 3747 2741 3816 ipsum
2795 3758 2881 3804 est
2935 3750 3149 3806 umbra.
3192 3751 3346 3808 Unde
3393 3761 3449 3808 et
3490 3755 3609 3809 talis

2036 3843 2121 3889 est
2163 3837 2352 3890 umbra
2378 3875 2393 3900 ,
2421 3837 2580 3905 quale
2627 3851 2826 3906 corpus
2871 3839 2997 3895 illud
3034 3841 3268 3896 exsistit.
3294 3843 3364 3896 At
3405 3843 3609 3898 Condi-

2039 3935 2123 3979 tor
2152 3935 2236 3980 est
2268 3928 2620 3996 incorporeus
2660 3940 2712 3985 et
2748 3932 3084 3999 immensus,
3119 3940 3174 3987 et
3214 3933 3308 3988 lux
3360 3936 3606 4004 quasdam

2032 4025 2234 4071 aeterna
2272 4034 2287 4072 :
2333 4022 2603 4087 quomodo
2653 4023 2838 4091 igitur,
2873 4033 2966 4076 attt
2995 4025 3262 4078 undenam
3294 4027 3486 4081 umbra
3516 4041 3608 4082 ac-

2033 4111 2236 4166 cessit?
2283 4110 2565 4176 Quomodo
2619 4127 2749 4167 vero
2805 4113 3284 4181 praestantissimus
3337 4124 3607 4171 et'verus

2037 4268 2191 4316 cutus
2219 4262 2470 4330 Wolfius,
2507 4265 2696 4318 vitiato
2725 4265 2903 4319 codici
2934 4265 3221 4320 addictior.
3259 4263 3359 4322 ΒΑ.

2129 4332 2216 4404 6i)
2258 4334 2356 4386 CC.
2395 4334 2453 4404 Ρ.
2484 4334 2542 4386 τὸ
2571 4335 2792 4402 γέγονεν
2817 4336 2878 4387 οὐ
2909 4335 3098 4404 γέγονε
3137 4336 3250 4404 γέν.

2133 4402 2219 4468 6‘2)
2264 4403 2368 4456 CC.
2404 4403 2462 4458 P.
2493 4406 2728 4470 ἐγένετο.

2112 4473 2223 4541 (63)
2264 4473 2369 4526 CC.
2401 4473 2459 4528 P.
2491 4475 2694 4543 τούμὸν
2731 4474 2908 4543 σῶμα.

2113 4543 2222 4612 (64)
2273 4543 2454 4596 Τοῦτο
2485 4545 2522 4612 ἠ
2576 4544 2741 4597 σκιά.
2782 4544 2858 4597 De
2899 4547 3085 4598 umbra
3119 4546 3342 4601 mirifica
3377 4556 3426 4601 et
3457 4549 3606 4604 serio

2039 4613 2252 4678 quidem
2282 4616 2568 4686 commenti
2591 4625 2714 4686 sunt
2740 4624 2796 4686 et
2819 4625 3186 4686 memoramnt
3211 4617 3442 4686 antiqui.
3473 4617 3606 4672 Vide

2034 4686 2326 4746 elegantem
2363 4682 2553 4736 librum
2609 4683 2832 4738 Joannis
2885 4684 3163 4749 Wowerii,
3219 4687 3304 4738 cui
3343 4682 3601 4742 titulus:

2036 4751 2158 4826 [)ies
2189 4754 2387 4826 (sativa,
2423 4753 2549 4826 sive,
2574 4755 2856 4826 de_urnbra
2889 4756 3360 4826 pmgniongwcujus
3397 4757 3607 4826 insigne
3713 4753 3716 4758 ’

2036 4821 2308 4887 ingenium
2342 4823 2504 4874 vitam
2541 4822 2697 4876 isthic
2729 4837 2942 4877 onmem
2969 4821 3120 4877 Suam
3154 4825 3485 4878 illustranda‘.
3507 4821 3606 4880 an-

2038 4891 2268 4954 tiquitati
2326 4891 2636 4957 impendere
2688 4893 2946 4952 debebat,
3001 4895 3132 4946 adeo
3161 4893 3209 4945 ei
3271 4895 3347 4946 rei
3405 4895 3602 4949 factum

2039 4957 2206 5010 fuisse
2231 4959 2465 5032 videtur.
2487 4961 2606 5032 Sed
2635 4961 2907 5032 abstulere
2935 4962 3166 5015 fructum
3207 4963 3347 5016 hunc
3379 4964 3603 5032 tempori

2040 5029 2313 5092 praeterito
2355 5028 2626 5083 ambitiosi
2660 5030 2880 5098 spiritus
2915 5043 2964 5085 et
3013 5032 3311 5086 inconsulta
3357 5028 3604 5098 juventa.

2042 5098 2192 5171 Quod
2220 5113 2340 5150 cum
2367 5099 2770 5171 adolescentulo
2795 5102 2921 5171 olim
2949 5103 3077 5154 mihi
3110 5111 3446 5169 quereretur,
3479 5119 3596 5171 gra-

2049 5169 2283 5240 tilicattts
2323 5183 2438 5220 sum
2473 5169 2669 5223 Poema
2717 5170 2814 5236 ipsi
2861 5172 2928 5225 de
2957 5173 3388 5240 peregrinatione
3413 5169 3601 5239 jnien-

2048 5238 2177 5290 tutis
2226 5237 2584 5300 Germanicae,
2635 5243 2774 5306 quod
2826 5237 3058 5293 revisunt
3091 5237 3163 5293 ἐι
3211 5242 3276 5292 ad
3334 5237 3602 5295 tttomenta

2047 5309 2341 5377 prudentia:
2366 5322 2467 5377 tt0tt
2496 5309 2700 5362 inutilia
2725 5308 2998 5362 redactum
3027 5310 3315 5377 aliquando
3334 5310 3603 5364 editurum

2038 5375 2312 5450 polliceor.
2370 5376 2635 5450 Sed_baec
2675 5378 2825 5450 οὐδὲν
2870 5378 3008 5448 πρὸς
3047 5375 3252 5450 ταῦτην
3279 5378 3602 5450 τὴνᾼσκιάν,

2036 5446 2191 5511 cujus
2247 5448 2447 5498 IllellliO
2493 5447 2582 5502 hic
2628 5449 2788 5502 etiam
2847 5446 2950 5502 non
3009 5459 3093 5503 est
3141 5446 3246 5504 non
3297 5446 3604 5503 uinbrosior

2034 5529 2208 5581 aequo.
2258 5511 2393 5588 Yide
2425 5517 2646 5571 omnino
2687 5516 3005 5573 Zachariam
3029 5556 3046 5588 ,
3078 5517 3157 5574 De
3187 5518 3383 5573 munda
3415 5519 3605 5587 p.105

2035 5594 2082 5636 ει
2121 5600 2213 5650 sqq
2272 5585 2365 5638 ΒΑ.

2107 5653 2216 5720 (63)
2260 5654 2366 5710 CC.
2399 5654 2456 5710 Ρ.
2488 5655 2753 5725 αὑτοφῶς.
