4032 6144
393 335 498 404 963

1771 315 2010 378 ENE/E
2046 308 2289 374 GAZ/El

3543 271 3644 345 {tui

396 454 576 497 rerum
601 435 831 492 Creator
854 433 998 490 erit?
1021 428 1195 486 utrum
1217 465 1236 493 .
1269 427 1313 481 si
1357 439 1474 495 quae
1497 423 1647 491 velit,
1677 423 1794 494 ipse
1825 437 1968 478 con-
1998 473 2001 482 ,

2104 416 2379 486 πομένης;
2415 411 2511 473 Τίς
2557 409 2600 464 δ’
2641 407 2706 461 ἂν
2751 404 2848 475 τὴν
2895 399 3088 455 ἑαυτοῦ
3144 399 3300 451 σκιᾶιν
3342 400 3568 465 κοσμεῖν
3610 400 3642 466 ῆ

396 531 488 586 dat
517 537 573 584 et
602 534 891 597 componat
919 538 1025 578 :an
1057 535 1186 576 vero
1223 518 1412 573 umbra
1449 515 1764 572 necessario
1792 514 1956 568 comi-

397 620 588 676 tante?
614 619 680 674 Et
705 618 827 687 quis
859 624 940 671 est
975 613 1067 684 qui
1099 625 1253 667 suam
1291 609 1461 679 ipsius
1492 609 1738 662 umbram
1769 618 1969 660 ornare

399 728 494 774 aut
542 715 786 772 demoliri
855 711 1019 767 velit?
1073 706 1344 776 Numquid
1413 718 1520 758 non
1570 697 1966 769 providentiam

402 809 564 863 etiam
595 808 709 861 haec
751 805 1108 874 desipientum
1154 799 1432 853 hominum
1457 795 1594 848 ratio
1647 786 1973 846 sustulerit?

401 899 492 954 Sic
544 898 688 952 enim
731 895 876 949 nulla
909 907 1136 962 prorsus
1185 891 1480 945 haberetur
1505 885 1710 940 umbras
1745 895 1876 936 cura
1907 893 1974 932 ac

2071 509 2352 578 καθαίρειν
2395 505 2670 575 βούλοιτο;
2699 496 2904 553 Οὐκοῦν
2937 495 3033 548 καὶ
3062 493 3161 562 τὴν
3195 491 3450 561 πρόνοιαν
3480 490 3508 540 ὁ
3542 489 3646 540 τῶν

2069 603 2313 671 ἀνοήτων
2338 598 2494 665 λόγος
2529 591 2839 646 συνανείλεν
2860 593 2874 618 "
2907 587 2964 640 ού
3007 584 3115 655 γὰρ
3148 583 3213 636 ἂν
3246 581 3458 648 γένοιτο
3491 580 3646 643 σκιᾶς

2073 670 2389 756 ἐπιμέλεια.
2424 687 2546 740 Ἔτι
2569 685 2626 738 δὲ
2653 683 2769 754 ἅμα
2796 679 2873 750 τῷ
2907 678 3121 747 σώματι
3155 674 3281 726 σκιὰ
3314 670 3650 740 παραφαίνε-

2072 799 2191 836 ται·
2231 779 2344 833 ἀλλ’
2377 776 2641 831 ἀδύνατον
2672 774 2788 844 ἃμα
2827 769 2906 841 τῷ
2933 762 3264 839 Δημιουργῷ
3291 760 3652 831 παραλαμϐά-

2073 891 2187 927 νειν
2217 873 2315 942 τὴν
2349 869 2504 940 ὓλην.

401 950 767 1057 ratio.—Adde,
800 950 943 1058 quod
969 989 1120 1059 juxta
1157 998 1352 1053 corpus
1376 981 1567 1036 umbra
1595 977 1879 1034 cernitur:
1913 981 1969 1025 at
2007 970 2122 1026 ﬁeri
2157 984 2263 1022 non
2302 973 2480 1036 potest
2517 971 2576 1016 ut
2604 959 2760 1016 simul
2787 972 2910 1012 cum
2933 956 3190 1012 Creatore
3231 960 3480 1005 sumatur
3537 950 3650 1018 ipsa

403 1099 620 1154 quoque
653 1082 905 1136 materia.

473 1173 651 1242 Atque
681 1173 783 1226 hoc
814 1173 987 1239 ipsum
1028 1169 1273 1224 Plotinus
1301 1165 1621 1237 inquisivit,
1676 1174 1730 1218 et
1774 1160 1973 1232 apertis

402 1263 580 1318 verbis
612 1262 749 1315 dixit
771 1263 1052 1315 materiam
1079 1269 1233 1312 antea
1259 1257 1448 1321 fuisse,
1474 1255 1739 1323 simulque
1763 1253 1974 1305 Anaxa-

404 1370 587 1422 goram
617 1351 864 1422 obiurgat
891 1391 904 1416 ,
938 1352 1080 1421 quod
1126 1366 1245 1404 eam
1281 1363 1385 1402 non
1429 1348 1594 1401 etiam
1632 1345 1778 1398 dicat
1817 1352 1974 1394 antea

404 1447 597 1511 fuisse,
631 1445 911 1515 magisque
943 1454 1248 1499 creatorem
1284 1439 1447 1494 simul
1474 1447 1528 1493 et
1553 1436 1832 1490 materiam
1869 1447 1974 1486 una

409 1538 748 1612 introducat.
769 1535 921 1601 Quod
951 1543 1130 1589 tamen
1160 1532 1276 1588 fieri
1306 1545 1414 1586 non
1455 1536 1636 1598 potest
1670 1543 1683 1578 ι
1721 1539 1840 1580 cum
1865 1523 1978 1592 opi-

411 1635 568 1689 ﬁcem
597 1645 760 1699 opere
783 1643 880 1683 suo
911 1628 1146 1696 priorem
1171 1639 1295 1679 esse
1327 1623 1552 1679 omnino
1585 1626 1854 1688 oporteat.
1883 1618 1980 1670 At-

412 1725 551 1779 ticus
581 1732 760 1775 autent
816 1719 1066 1772 assiduus
1108 1715 1196 1770 ille
1234 1713 1475 1770 Platonis
1517 1710 1779 1774 imitator,
1809 1721 1978 1777 expo-

2147 1155 2318 1208 Τοῦτο
2351 1149 2463 1223 (66)
2509 1149 2784 1210 Πλωτῖνος
2835 1142 3331 1215 περιεργαζόμενος
3367 1141 3470 1209 τὴν
3520 1139 3652 1207 ὕλην

2083 1247 2270 1315 σαφῶς
2307 1247 2446 1299 πάνυ
2495 1242 2780 1314 προλέγει,
2824 1240 2926 1294 ,καὶ
2978 1238 3068 1290 τὸν
3107 1234 3473 1304 Ἀναξαγόραν
3507 1250 3658 1301 κωμ-

2080 1339 2204 1409 ῳδεί
2256 1338 2336 1390 ὅτι
2403 1336 2476 1406 μὴ
2507 1334 2762 1404 προλέγει
2791 1332 2924 1405 (67),
2963 1332 3078 1385 ἀλλ’
3112 1332 3228 1400 ἅμα
3251 1330 3343 1382 τὸν
3389 1332 3660 1399 Δημιουρ-

2083 1429 2178 1499 γὺν
2221 1429 2317 1481 καὶ
2365 1428 2462 1497 τὴν
2511 1427 2644 1497 ὓλην
2695 1426 3012 1496 εἰσήγαγεν.
3079 1423 3363 1476 ’Λδύνατον
3404 1422 3462 1475 δὲ
3504 1421 3616 1490 ἅμα
3642 1438 3656 1453 ’

2087 1521 2164 1573 δεῖ
2193 1521 2300 1589 γὰρ
2331 1514 2470 1573 εἶναι
2506 1518 2875 1588 πρεσϐύτερον
2902 1518 2996 1570 τοῦ
3043 1517 3348 1586 ποιήματος
3375 1515 3466 1566 τὸν
3509 1529 3663 1584 ποιηο

2084 1612 2206 1681 τήν.
2253 1611 2310 1663 Ὀ
2339 1611 2396 1662 δέ
2428 1609 2594 1672 πολὺς
2634 1611 2726 1661 καὶ
2769 1609 3012 1669 Ἀττικὸς
3049 1607 3162 1676 (68)
3191 1609 3218 1659 ὁ
3249 1604 3341 1659 τοῦ
3374 1605 3662 1666 Πλάτωνος

2082 1703 2344 1774 ἐραστὴς,
2373 1703 2440 1755 τά
2470 1701 2546 1772 τῷ
2579 1702 2838 1770 ἐρωμένῳ
2864 1699 3123 1753 δοκοῦντα
3149 1696 3388 1762 διεξιὼν,
3423 1696 3530 1765 ἔφη
3562 1708 3660 1748 που

411 1831 544 1872 nens
574 1813 812 1867 Platonis
829 1811 910 1864 sui
941 1807 1245 1863 charissimi
1265 1806 1484 1874 placita,
1513 1801 1777 1870 huiusque
1805 1799 1984 1852 mundi

2102 1794 2179 1846 τοῦ
2230 1795 2436 1863 κόσμου
2489 1793 2588 1862 τὴν
2642 1793 2803 1859 φύσιν
2849 1792 2942 1844 καὶ
2963 1789 3118 1856 τάξιν
3161 1787 3459 1858 ἐπιζητῶν·
3491 1789 3662 1839 τοιοῦο

411 1907 692 1962 materiam
726 1911 886 1972 atque
909 1901 1154 1955 ordinem
1179 1898 1482 1966 inquirens,
1519 1894 1594 1947 ait
1632 1893 1780 1946 illum
1813 1891 1984 1959 ipsum

411 2012 569 2068 quem
621 1995 852 2050 dicimus
883 1994 1162 2053 mundum,
1196 2003 1372 2056 neque
1413 2002 1518 2040 non
1564 1994 1780 2048 natum,
1816 1997 1988 2052 neque

414 2087 804 2156 sempiternum
831 2098 950 2138 esse
983 2101 997 2136 :
1031 2082 1122 2136 sed
1148 2084 1214 2135 ab
1239 2094 1304 2134 eo
1333 2078 1423 2148 qui
1457 2077 1690 2147 potentia
1718 2075 1787 2129 sit
1820 2073 1990 2142 major

413 2188 467 2233 et
503 2175 799 2246 perfectior
822 2216 838 2242 ,
874 2183 927 2228 et
991 2173 1299 2241 antiquior,
1337 2179 1390 2224 et
1422 2167 1724 2238 sapientior
1750 2207 1765 2230 ,
1801 2164 1989 2219 condi-

416 2281 528 2324 tum
566 2283 687 2322 esse
727 2282 887 2321 :cuin
943 2264 1060 2318 ﬁeri
1091 2278 1196 2317 non
1224 2262 1431 2332 possit,
1473 2268 1531 2313 ut
1570 2259 1688 2326 ipse
1728 2257 1817 2325 qui
1840 2255 1990 2310 cerni

413 2367 471 2417 et
512 2357 752 2424 contingi
779 2364 960 2425 queat,
993 2354 1192 2424 quique
1227 2365 1426 2422 corpus
1466 2348 1687 2411 habeat,
1717 2361 1988 2414 nunquam

419 2463 576 2506 natus
597 2465 718 2505 esse
749 2447 1017 2502 videatur.
1053 2445 1293 2511 Quarum
1319 2442 1465 2497 enim
1488 2454 1668 2495 rerum
1690 2448 1903 2501 natura,
1926 2436 1990 2488 nd

415 2543 470 2598 id
503 2552 560 2596 ut
591 2541 840 2605 exsistat,
863 2552 965 2607 ope
1006 2545 1063 2590 et
1103 2534 1307 2588 auxilio
1336 2542 1457 2602 eget
1484 2549 1496 2585 :
1519 2528 1684 2601 653
1720 2526 1996 2596 quomodo

416 2629 733 2683 audebimus
757 2628 936 2680 dicere
977 2639 1070 2678 eas
1111 2638 1210 2676 nec
1233 2632 1385 2676 natas
1417 2635 1559 2685 esse,
1588 2633 1689 2672 nec
1716 2619 1782 2672 ab
1811 2631 1876 2670 eo
1901 2617 1991 2683 qui

418 2721 562 2790 ipsas
587 2718 776 2776 fecerit
801 2757 815 2782 ,
859 2715 1210 2771 conservari?
1243 2713 1590 2767 Aristotelem
1629 2720 1812 2764 autem
1856 2709 1991 2762 ridi-

417 2808 593 2864 culum
619 2806 868 2877 appellat,
898 2805 1038 2876 quod
1069 2805 1190 2874 quis
1212 2813 1266 2859 et
1295 2803 1604 2857 universam
1635 2803 1775 2856 hanc
1807 2800 1994 2854 mundi

423 2898 728 2952 machinam
761 2898 913 2953 cerni
947 2898 1203 2966 tangique
1230 2909 1411 2964 posse,
1445 2894 1682 2960 itemque
1715 2907 1836 2947 esse
1865 2907 1994 2947 cor-

421 3004 640 3060 poream
697 2989 971 3055 fateatur;
1017 2999 1071 3042 et
1115 2987 1470 3042 nihilominus
1539 2988 1826 3042 contendat
1877 3001 1995 3040 eam

422 3097 524 3139 nec
547 3089 787 3139 creatam
814 3081 1072 3148 olim,nec
1102 3079 1402 3148 perituram
1456 3093 1694 3149 unquam
1727 3093 1866 3134 esse.
1891 3077 1995 3134 Sed

496 3283 608 3352 (66)
647 3281 752 3336 cu.
783 3281 840 3336 Ρ.
873 3281 970 3335 και
994 3299 1046 3334 τ.

499 3350 612 3424 {67)
655 3353 1008 3424 Porphyrium
1061 3351 1218 3424 modo
1237 3352 1648 3424 commentariis
1681 3350 1998 3424 Plotinianis

430 3421 546 3480 huic
576 3424 934 3477 disserentem
977 3422 1294 3474 introduxit.
1336 3423 1706 3489 Anaxagoram
1736 3432 1913 3474 autem
1946 3421 1996 3474 in

427 3495 614 3547 eadem
658 3506 716 3545 re
755 3502 906 3544 notat
928 3490 1173 3543 Pietinns
1206 3490 1342 3543 libro
1373 3490 1446 3544 De
1470 3492 1716 3560 materia,
1746 3506 1794 3543 e.
1827 3490 1878 3555 7,
1903 3492 1995 3560 qui

428 3573 514 3616 est
551 3569 776 3628 quartus
817 3561 1088 3614 Enneadis
1145 3561 1413 3612 secundm.
1465 3559 1642 3612 Verba
1689 3559 1998 3628 apponam:

441 3629 808 3720 Ἐμτξεδοκλῇς
837 3629 892 3682 δὲ
913 3629 982 3720 τὲ
1007 3631 1241 3720 στοιχεῖα
1273 3629 1453 3714 ἐνθ’ὑλζῃ
1485 3629 1709 3720 θέμενοὲ
1738 3630 2002 3720 agnitae:

429 3698 855 3770 tupoﬁcavusxst
901 3698 1002 3770 τὴν
1041 3699 1245 3768 φθοράν
1293 3698 1490 3752 αὐτῶν.
1550 3698 1914 3770 Ἀναξαγόρας
1950 3699 2006 3752 δὲ

431 3767 695 3840 τδμίγμα
715 3767 860 3838 ὕδωρ
877 3767 1066 3834 ποιῶν,
1093 3767 1192 3840 οὐκ
1217 3770 1626 3840 ἐπιτηδειότητα
1649 3769 1783 3840 πρὸς
1808 3767 2002 3840 πάντα,

433 3838 570 3892 ἀλλὰ
599 3839 774 3890 πάντα
817 3840 1069 3908 ἐνεργείᾳ
1101 3838 1245 3908 ἔχειν
1291 3839 1482 3907 λέγων,
1534 3839 1593 3890 ὃν
1641 3838 1851 3908 εἰσάγει
1883 3839 2006 3890 νοῦν

433 3910 666 3977 ἀναιρεῖ,
702 3909 801 3978 ούκ
839 3905 998 3960 αὑτὸν
1033 3905 1377 3978 τὴνμορῳὴν
1410 3911 1504 3960 καὶ
1535 3909 1596 3960 τὸ
1627 3905 1765 3970 εἶδος
1795 3908 2009 3978 διδόντα

433 3979 632 4048 ποιῶν,
659 3977 779 4030 οὐδὲ
810 3978 1070 4048 πρότερον
1104 3979 1202 4046 τῆς
1230 3977 1362 4048 ὕλης
1380 3978 1536 4048 ,ἀλλ’
1571 3979 1724 4048 agat:
1751 3977 2008 4048 ἀδύνατον

433 4048 492 4102 δὲ
528 4048 585 4100 τὸ
610 4047 759 4118 aper
789 4043 991 4118 εί’γὰρ’
1021 4043 1237 4118 μετέχει
1265 4043 1328 4118 ro
1355 4047 1533 4118 μίγμα
1557 4043 1651 4099 τοῦ
1679 4043 1838 4110 εἶναι,
1871 4047 2009 4118 πρό-

433 4132 590 4184 τερον
618 4115 679 4168 τὸ
699 4115 757 4169 ὅν
779 4133 792 4146 ·
821 4119 868 4169 εί
897 4115 1070 4170 δὲ’καὶ
1093 4115 1252 4170 τοῦτο
1273 4116 1332 4170 ὃν
1353 4115 1524 4170 καὶτὸ
1555 4117 1731 4187 μίγμα
1765 4115 2003 4181 κάκεῖνο,

435 4186 600 4258 ᾄλλου
645 4187 729 4258 ἐπῖ
765 4186 946 4258 αύτοῖς
978 4187 1162 4256 δεήσει
1210 4189 1427 4258 τρίτουξ
1479 4188 1528 4258 εί
1579 4185 1670 4240 οὖν
1721 4190 2003 4258 πρότερον,

847 4203 946 4249 τοις
978 4203 1162 4256 οεησει
1210 4203 1427 4258 τριτουξ
1479 4203 1528 4258 ει
1579 4204 1670 4240 ουν
1721 4204 2006 4258 προτερον,

437 4256 653 4355 Exilii
681 4253 1135 4355 ξὲιξηειευιιέῖ
1158 4253 1428 4355 ,εἷέειινιξί
1479 4257 1583 4310 εδει
1630 4257 1698 4310 τά
1725 4253 1839 4326 είδη
1868 4253 2010 4309 δέατά

443 4321 655 4448 σμικξρά
685 4326 743 4376 ἐν
771 4328 837 4396 τῇ
858 4321 972 4397 ⁷ὖλῃ
999 4321 1176 4394 sim;
1201 4339 1311 4382 etc.
1349 4326 1443 4379 ΒΑ.
1827 4321 1839 4326 ⁷

511 4395 566 4464 (6
605 4403 622 4464 )
660 4394 924 4462 Corrupta
966 4398 1143 4451 lectio.
1185 4398 1504 4449 Ambrosius
1537 4414 1552 4447 :
1593 4395 1872 4448 Enimvero
1909 4394 2009 4446 At—

441 4441 940 4531 είσὶιῖἳιιῖῥὲἶὶὶῐε
966 4441 1506 4533 Ῥῐᾶὶῦὶιίῖἶέῖρξἷιὲὶὶὲ
1536 4441 1806 4518 aui-3.1;;
1817 4441 2011 4516 ’ἇινέὲὲ-
2041 4441 2088 4498 ι)

443 4543 615 4614 ναίον,
649 4537 772 4587 dum
797 4551 914 4614 quq:
937 4534 1298 4604 amantissimo
1328 4550 1421 4613 suo
1452 4533 1694 4614 uidentur
1715 4546 2013 4614 exponeret.

447 4604 556 4658 Sed
597 4618 694 4656 nec
739 4602 904 4669 prisci
936 4602 1128 4656 nomen
1163 4604 1414 4658 convenit
1439 4605 1637 4666 Attico,
1673 4612 1726 4657 et
1764 4603 1825 4654 τὸ
1852 4602 2016 4665 πολὺς

443 4687 550 4726 non
577 4673 737 4726 habet
757 4675 807 4725 in
837 4687 894 4727 se
921 4673 1142 4727 alterius
1165 4673 1405 4726 auctoris
1431 4687 1646 4735 nomen,
1672 4687 1793 4726 cum
1821 4673 1888 4724 de
1913 4688 2016 4726 uno

443 4755 752 4810 sermonem
779 4758 899 4797 esse
924 4743 1105 4796 omnia
1129 4743 1412 4810 sequentia
1439 4743 1572 4796 satis
1598 4743 1870 4796 evincunt.
1911 4741 2015 4794 Alii

445 4812 646 4882 legunt,
674 4812 702 4862 ὀ
725 4809 780 4864 δὲ
808 4811 1049 4882 Πρόκλος
1070 4813 1164 4864 καὶ
1201 4809 1467 4872 ’Δττικός.
1496 4812 1628 4876 Quae
1663 4811 1843 4876 lectio,
1877 4811 1919 4863 si
1951 4825 2016 4864 ex

447 4881 600 4935 libris
629 4890 732 4944 est,
765 4881 890 4934 vera
929 4892 1034 4944 est,
1065 4889 1120 4934 et
1160 4883 1224 4935 ad
1259 4895 1378 4936 eam
1411 4883 1690 4950 dirigenda
1746 4882 2016 4948 interpre-

447 4952 601 5004 tatio.
645 4950 810 5004 Attici
860 4950 1074 5016 quidem
1130 4965 1324 5004 nomen
1379 4953 1747 5006 necessarium
1785 4952 2015 5004 restitui.

445 5017 572 5073 Fuit
605 5021 750 5073 enim
785 5019 1016 5074 celebris
1043 5020 1133 5073 ille
1169 5021 1488 5088 platonicus.
1526 5023 1774 5074 Stobaeus
1798 5021 2018 5085 Ecloga-

451 5105 567 5168 rum
593 5088 1368 5168 pliysicarmn,“lihzh‘cap.’
1392 5090 1526 5156 Περὶ
1561 5089 1870 5168 έιςεργειῶγ
1913 5091 2018 5168 τῆς

447 5157 681 5227 ψυχῆς,
717 5167 758 5214 ι.
788 5159 829 5223 Ι,
858 5157 1048 5227 p.894
1079 5176 1091 5212 :
1129 5158 1263 5227 Ἤδη
1287 5159 1464 5212 τοίνυν
1492 5161 1582 5210 καὶ
1614 5161 1669 5210 ἐν
1696 5161 1875 5222 αὐτοῖς
1908 5165 2020 5222 τοῖς

448 5226 818 5293 Πλατωνικοῖς
853 5226 1034 5280 πολλοὶ
1063 5226 1552 5291 διαστασιάζουσιν,
1585 5230 1632 5280 οί
1657 5229 1755 5296 μὲν
1783 5230 1860 5289 εἰς
1896 5230 2021 5297 μίαν

451 5297 706 5367 σύνταξιν
747 5300 841 5350 καὶ
885 5298 1012 5367 μίαν
1055 5297 1197 5350 ἰδέαν
1236 5299 1304 5349 τά
1345 5297 1456 5367 εἴδη
1490 5298 1581 5350 καὶ
1606 5302 1680 5367 τὰ
1719 5299 1882 5366 μόρια
1927 5299 2022 5364 τῆς

449 5366 597 5450 ζῳῆς
623 5371 720 5450 ita}
744 5369 818 5450 Ξὰ
843 5366 1564 5450 ἐνεργήματαρυνάγοντες,
1591 5366 1781 5446 ὥςπερ
1817 5367 2022 5450 Iliun-ri,-

451 5436 538 5499 νός
555 5453 614 5489 τε
628 5437 722 5508 καὶ.
744 5436 1080 5508 Πορφύριος·
1101 5439 1150 5490 οί
1173 5437 1230 5489 δέ
1248 5439 1327 5508 είς
1347 5438 1527 5508 μάχην
1561 5437 1734 5490 ταῦτα
1751 5436 1760 5438 ⁷
1777 5453 1877 5490 κατ
1887 5437 2026 5508 ατεί-

454 5519 652 5570 νοντες,
683 5506 872 5577 ὥσπερ
897 5508 1204 5577 Νουμήνιος
1224 5523 1236 5535 °
1271 5507 1320 5560 οί
1349 5507 1406 5560 δὲ
1437 5511 1502 5558 ἐκ
1533 5508 1857 5577 μαχομένων
1886 5506 2024 5577 αὐτὰ

457 5575 886 5646 συναρμόζοντες
907 5616 921 5638 ,
951 5575 1139 5646 ὥσπερ
1162 5578 1221 5646 οἱ
1265 5579 1394 5646 περὶ
1444 5575 1689 5629 ’Λττικδν
1716 5576 1824 5646 καὶ-
1851 5575 2022 5627 Πλού-

459 5644 674 5718 ταρχον.
695 5646 791 5718 Et,
815 5661 955 5718 cap.
981 5644 1118 5718 Περί
1146 5644 1432 5718 διαφορᾶς
1463 5647 1718 5718 καθόδου
1760 5644 1876 5718 τῶν
1907 5649 2024 5718 ψυ-

460 5714 604 5778 χῶν,
642 5729 696 5780 ρ.
737 5714 861 5777 9υ8,
908 5715 1042 5768 idem
1090 5714 1330 5770 Atticum
1365 5731 1484 5772 cum
1518 5716 1844 5786 Pl.:tonicis,
1882 5717 2024 5768 velut

2087 1902 2176 1938 τον
2226 1886 2281 1937 δὲ
2329 1884 2489 1937 αὐτὸν
2551 1885 2679 1936 ὄντα
2747 1883 2845 1935 οὐκ
2895 1882 3189 1950 ἀγέννητον
3255 1876 3504 1948 (69-70),
3561 1865 3666 1928 οὖδ⁴

2090 1976 2258 2028 ἀΐδιον
2293 1970 2459 2028 εἶναι·
2495 1975 2609 2028 ἀλλ’
2636 1974 2739 2026 ὑπὸ
2764 1973 2857 2027 τοῦ
2890 1970 3136 2042 μείζονος
3168 1970 3268 2040 τὴν
3303 1968 3537 2037 δύναμιν
3576 1966 3667 2020 καὶ

2089 2069 2422 2139 τελειοτέρου
2464 2067 2598 2120 Θεοῦ
2632 2066 2725 2119 τοῦ
2768 2065 3145 2136 πρεσϐυτάτου
3194 2063 3290 2118 καλ⁷
3333 2063 3530 2134 νοητοῦ
3579 2078 3670 2128 γει

2090 2160 2327 2228 γονέναι.
2393 2159 2617 2230 Ὀρατδν
2666 2160 2774 2229 γάρ
2819 2159 2949 2210 ὄντα
2997 2158 3093 2209 καὶ
3143 2156 3316 2209 ἁπτὸν
3357 2155 3450 2207 καὶ
3493 2155 3667 2222 πάντη

2094 2252 2462 2322 σωματοειδῆ,
2493 2253 2776 2322 ἀμήχανον
2811 2247 2877 2321 ἦν
2907 2250 3201 2319 ἀγέννητον
3233 2242 3394 2301 εἶναι.
3433 2241 3534 2299 Ὧν
3564 2247 3670 2317 γὰρ

2093 2349 2126 2416 ἡ
2184 2347 2340 2400 οὐσία
2391 2346 2639 2416 βοηθείας
2692 2345 2863 2399 δεῖται
2898 2347 2996 2416 τῆς
3027 2343 3157 2416 παρ’
3206 2342 3397 2413 ἐτέρου
3428 2342 3567 2413 πρὸς
3613 2340 3672 2392 τὸ

2093 2436 2253 2503 εἶναι,
2300 2439 2417 2501 πῶς
2447 2439 2618 2492 ταῦτα
2655 2438 2728 2508 μὴ
2760 2436 3129 2508 ὁμολογοῦμεν
3159 2435 3444 2504 γεγονέναι
3490 2451 3548 2486 τε
3579 2433 3670 2486 καὶ

2095 2530 2199 2582 ὑπὸ
2231 2528 2324 2582 τοῦ
2359 2529 2682 2598 ποιήσαντος
2713 2527 3116 2590 διασώζεσθαι;
3151 2527 3241 2580 τὸν
3269 2525 3326 2578 δὲ
3369 2525 3676 2595 Ἀριστοτέ-

2095 2621 2193 2688 λην
2220 2620 2314 2672 καὶ
2339 2620 2543 2688 γελοῖον
2567 2619 2851 2681 ἀποκαλεῖ,
2883 2618 3251 2689 ὁμολογοῦντα
3275 2617 3375 2687 μὲν
3394 2617 3456 2669 τὸ
3477 2617 3533 2669 δέ
3561 2614 3671 2684 (71)

2095 2713 2156 2765 τὸ
2205 2713 2312 2764 πᾶν
2356 2711 2553 2782 ὁρατὸν
2589 2706 2730 2763 εἶναι
2780 2710 2876 2762 καὶ
2919 2709 3088 2762 ἁπτὸν
3144 2708 3238 2760 καὶ
3275 2707 3670 2778 σωματοειδὲς,

2097 2805 2388 2874 ἀγέννητον
2433 2803 2491 2855 δὲ
2525 2803 2618 2854 καὶ
2666 2801 2946 2873 ἄφθαρτον
2975 2799 3115 2854 εἶναι
3157 2799 3600 2868 φιλονεικοῦντα*
3640 2796 3672 2866 ἦ

2099 2897 2215 2959 πῶς
2245 2895 2307 2948 ού
2355 2894 2761 2963 καταγέλαστος
2796 2895 3024 2956 ἐκεῖνος,
3055 2895 3104 2944 εἰ
3139 2893 3274 2963 μηδέ
3305 2895 3417 2954 τοῖς
3448 2891 3557 2943 τῶν
3583 2892 3674 2942 Λίο-

2097 2989 2340 3058 γυπτίων
2369 2989 2677 3058 προφήταις
2711 2986 2883 3041 ἐθέλει
2911 2986 3240 3040 συνέπεσθαι
3265 3003 3278 3017 ο
3311 2986 3359 3038 οἳ
3393 2982 3545 3037 τοῦδε
3575 2981 3666 3033 τοῦ

2023 3115 2068 3177 C
2101 3081 2300 3144 παντὸς
2333 3079 2506 3152 ἀρχὴν
2532 3081 2625 3133 καὶ
2656 3079 2871 3149 γένεσιν
2897 3079 3168 3147 λέγοντες,
3200 3077 3505 3145 ἐπέστησαν
3533 3090 3664 3142 καρο

2098 3283 2397 3352 principem
2429 3297 2614 3336 eorum
2652 3282 2935 3344 ducemve,
2961 3281 3109 3352 ponit
3137 3298 3149 3334 :
3188 3275 3305 3352 Ἔτι
3339 3278 3450 3352 μῂν
3481 3280 3538 3333 αἱ
3568 3295 3671 3330 κα-

2100 3349 2480 3424 θαραξφυχαί
2507 3352 2603 3404 καὶ
2643 3352 2848 3424 τέλειαι
2883 3349 3564 3424 καθαρῶςῌεὶσοικίςονται
3597 3352 3678 3424 είς

2101 3416 2423 3490 τά’σώματα
2451 3421 2578 3473 ἄνευ
2611 3421 2951 3491 παθημάτων
2986 3416 3092 3491 κά.ὶέ
3117 3420 3214 3489 τῆς
3245 3421 3550 3491 στερήσεως
3584 3416 3677 3472 τοῦ

2102 3489 2347 3553 νοεῖνίαί
2380 3492 2437 3543 δὲ
2461 3491 2702 3544 ἐναντίαι
2741 3489 2996 3554 ἐναντίως
3017 3508 3030 3521 ·
3077 3489 3306 3559 Ἀττικῷ
3333 3489 3367 3559 ἦ
3404 3489 3680 3559 Πλατωνι-

2104 3565 2217 3626 κοῖς
2248 3561 2308 3613 ob
2355 3561 2622 3624 συνδοκεῖ,
2665 3571 2770 3616 ete.
2817 3561 2952 3615 Male
2999 3561 3072 3614 ibi
3104 3558 3370 3629 interpres
3394 3558 3517 3613 Gul.
3546 3559 3683 3613 Can-

2107 3642 2255 3686 terus
2291 3645 2482 3685 novam
2521 3632 2668 3684 velut
2695 3641 2897 3686 sectam
2924 3639 3075 3685 tanto
3105 3629 3219 3683 viro
3257 3629 3408 3695 facit,
3436 3639 3676 3690 vertens,

2112 3701 2272 3755 Attici
2299 3700 2640 3754 sectatoribus
2670 3717 2772 3753 non
2809 3700 3014 3754 videtur
3043 3715 3062 3754 :
3091 3699 3253 3752 nimia
3287 3699 3538 3753 libertate
3566 3699 3680 3752 suis

2113 3770 2385 3825 amoribus
2411 3771 2681 3824 hominem
2708 3785 3015 3825 semovens.
3045 3769 3304 3823 Eumdem
3350 3771 3483 3823 citat
3510 3768 3682 3821 Theo-

2115 3843 2331 3893 tloretus
2379 3840 2471 3892 lib.
2531 3855 2583 3892 vi
2643 3837 2953 3907 Therapcut.
3017 3853 3110 3893 seu
3175 3838 3248 3890 De
3305 3837 3681 3907 providentia;

2115 3910 2240 3962 Ὅτι
2285 3909 2342 3962 δὲ
2383 3908 2534 3972 αὖξει
2563 3909 2672 3979 τῶν
2706 3905 3007 3979 ἀνθρώπων
3054 3908 3163 3979 τὴν
3192 3909 3460 3979 πονηρίαν
3511 3907 3572 3958 τὸ
3607 3905 3680 3976 μὴ

2116 3978 2391 4032 πιστεύειν
2435 3978 2735 4050 ἰθύνεσθαιῂ
2755 3977 2977 4050 προνοίᾳ
3007 3979 3079 4030 τὰ
3109 3977 3400 4050 ξύμπαντα
3442 3977 3684 4050 Ἀττικδς

2113 4052 2141 4102 ὁ
2175 4049 2517 4112 Πλατωνικὸς
2552 4049 2668 4119 βοᾷ,
2705 4049 2868 4119 Cujus
2902 4048 3195 4119 sequentia
3220 4048 3385 4119 verba
3414 4062 3535 4119 cuiu
3580 4048 3684 4115 pri-

2117 4123 2219 4173 mis
2247 4119 2452 4172 clarum
2483 4116 2955 4172 inter'Platouicos
2987 4118 3150 4171 fuisse
3186 4117 3446 4170 indicant.
3477 4116 3686 4170 Disser-

2119 4190 2350 4243 tationes
2378 4190 2538 4242 Attici
2575 4189 2857 4243 nonnullas
2889 4189 3039 4256 ponit
3063 4188 3330 4241 Eusebius
3367 4185 3461 4241 lib.
3514 4203 3579 4256 xv
3611 4185 3686 4238 De

2117 4267 2400 4326 purpurat.
2429 4256 2632 4326 Eraug.
2663 4257 2816 4311 Hune
2851 4255 2990 4311 haud
3041 4257 3204 4310 dubio
3251 4257 3482 4326 Atticum
3512 4255 3688 4326 loqui-

2119 4337 2205 4380 tur
2229 4325 2354 4381 hoc
2396 4328 2513 4381 loco
2544 4325 2806 4382 A’xitheus
2853 4337 3058 4392 noster,
3085 4331 3173 4395 qui
3207 4325 3544 4380 dissimulato
3584 4325 3691 4380 ino-

2119 4399 2264 4450 mine
2323 4399 2395 4450 ita
2445 4407 2503 4448 ιιι
2530 4400 2750 4458 ,ειιὶιυιη
2806 4408 2890 4454 est
2939 4398 3129 4465 utique
3181 4396 3399 4450 nomine
3449 4395 3690 4465 scripsit.

2128 4466 2396 4538 Ἐραστὴν
2422 4476 2582 4538 vocat
2601 4467 2924 4538 specialiter
2956 4469 3257 4538 addictum,
3291 4474 3354 4538 ut
3389 4465 3691 4538 singulares

2118 4534 2324 4590 amicos
2350 4534 2482 4590 suos
2506 4534 2800 4590 Christiani
2833 4537 3188 4597 dulcissimos,
3225 4536 3406 4589 dulces
3437 4550 3600 4599 suos;
3627 4534 3694 4587 de

2117 4617 2222 4674 quo
2253 4606 2404 4659 alibi.
2441 4605 2556 4674 Ipse
2587 4607 2740 4659 Plato
2781 4608 2990 4660 solebat
3035 4608 3285 4669 ἑταίρους
3325 4607 3438 4658 sive
3478 4604 3696 4658 sodales

2119 4676 2624 4743 nuncupare.Suida
2646 4676 2699 4728 in
2731 4676 2979 4742 Ἑταῖρε·
3017 4676 3075 4727 '0
3105 4676 3330 4727 Πλάτων
3357 4679 3453 4727 καὶ
3467 4676 3517 4726 οἱ
3545 4674 3694 4728 ἄλλοι

2119 4744 2397 4817 φιλόσοφοι
2422 4750 2546 4808 τοὺς
2571 4745 2825 4815 γνησίους
2851 4746 3088 4817 ἐρα-στὰς
3111 4745 3220 4817 τῶν
3249 4745 3421 4817 λόγων
3447 4744 3698 4817 ἑταίρους

2119 4815 2376 4867 ἐκάλουν*
2426 4817 2520 4877 οὓς
2559 4814 2808 4884 ἐμιμεῖτο
2847 4814 3157 4876 Ἰουλιανὸς,
3201 4814 3454 4884 ἑταίρους
3483 4815 3696 4874 πάντας

2120 4883 2300 4936 καλῶν
2339 4887 2397 4936 ἐν
2423 4888 2541 4946 ταῖς
2584 4884 2893 4949 συνουσίαις
2916 4926 2930 4950 ,
2961 4886 3059 4937 οὐκ
3094 4883 3600 4952 ἀπαυθαδιζόμενος
3629 4885 3698 4952 τῇ

2125 4953 2393 5025 βασιλείᾳ.
2439 4955 2619 5025 Potest
2650 4967 2705 5025 ut
2748 4955 2865 5007 laus
2910 4957 3115 5022 aliqua,
3156 4957 3268 5006 sive
3303 4965 3489 5020 patrne
3529 4955 3694 5025 Attici

2127 5038 2318 5076 nomen
2346 5023 2396 5077 in
2424 5024 2600 5078 verbis
2629 5023 2810 5077 Aineae
2839 5025 2910 5077 sit
2943 5033 3280 5092 corruptum,
3315 5026 3428 5075 sive
3452 5035 3508 5076 et
3533 5023 3699 5077 Citrio

2125 5093 2392 5147 stianismi
2442 5097 2767 5147 encnmium.
2798 5093 2932 5146 Nam
2963 5110 3085 5148 eum
3129 5093 3505 5161 philosoiihuui
3550 5093 3698 5144 veri-

2127 5173 2290 5232 tatem
2332 5164 2648 5230 eOgnovisse
2692 5172 2960 5215 testantur
2999 5177 3141 5216 nune
3171 5177 3386 5232 quoque
3419 5163 3699 5232 exstantia

2123 5231 2238 5297 ejus
2259 5233 2480 5301 scripta,
2510 5241 2565 5284 ut
2596 5235 2738 5299 quod
2764 5243 2952 5284 contra
2995 5231 3345 5286 Aristotelem
3378 5246 3476 5299 pro
3512 5231 3704 5301 Moyse

2131 5313 2176 5354 ἐι
2203 5300 2423 5356 Piatone
2462 5313 2706 5369 superest
2749 5303 2800 5352 in
2844 5301 3177 5356 Bibliotheca
3214 5301 3496 5355 Bavarica.
3536 5300 3603 5352 Et
3633 5317 3700 5351 ex

2125 5385 2188 5422 eo
2222 5371 2357 5424 libro
2384 5372 2662 5439 legendum
2690 5371 2776 5424 hic
2798 5371 3047 5424 existimo
3072 5389 3085 5422 :
3126 5370 3194 5426 '0
3213 5371 3270 5424 δὲ
3293 5370 3575 5432 Μωῠσέως
3605 5373 3704 5423 καὶ

2125 5440 2410 5562 ρέάτωόος
2439 5441 2673 5511 ἐραστὴς
2702 5441 2732 5492 6
2769 5439 3033 5502 Ἀττικός.
3064 5439 3196 5495 Vide
3229 5441 3517 5494 Eusebium
3554 5441 3707 5494 dicto

2149 5526 2161 5562 I
2205 5524 2281 5561 ro.
2354 5527 2404 5562 Α.

2149 5526 2281 5562 ιυτο.
2311 5526 2404 5562 UA.

2197 5578 2409 5650 (69:79)
2449 5579 2553 5632 CC.
2590 5578 2649 5630 P.
2678 5581 2956 5650 ἀγένητον,
2990 5581 3064 5632 sic
3093 5588 3148 5633 et
3181 5579 3339 5634 infra.

2199 5649 2308 5719 (71)
2347 5648 2454 5703 CG.
2487 5650 2542 5702 ι’.
2570 5651 2712 5701 τόδε.
