4032 6144
467 309 567 375 967
1833 309 2072 371 [ΕΝΕῶ
2105 311 2344 373 ϐΑΖιΕΙ
3599 310 3705 375 963

468 417 657 480 erevit.
687 416 766 474 Et
805 417 892 474 bis
920 416 1063 473 enim
1094 413 1222 470 illud
1249 413 1534 484 sequitur:
1562 411 1619 469 Si
1645 411 1835 470 oculus
1868 424 1923 470 et
1952 416 2035 470 di-

2137 420 2200 472 El
2229 417 2505 490 ὀφθαλμδς
2532 418 2622 473 καὶ
2649 417 2908 482 δάκτυλος
2965 417 3062 474 καὶ
3116 417 3279 491 μέρος
3327 417 3561 471 ἑκαστον
3601 437 3707 476 πα.

469 511 633 582 gitus,
659 518 717 566 et
750 507 1170 580 unumquodque
1213 505 1459 577 corporis
1498 505 1800 561 membrum
1838 507 2035 578 aliquid

2137 508 2250 562 θεῖν
2283 509 2523 573 δύναται,
2549 509 2649 563 οὐκ
2689 508 2898 573 ἀπαθὲς
2928 509 3040 580 (79)
3077 507 3140 562 τὸ
3185 507 3306 562 ὅλον
3353 509 3469 570 τοῖς
3517 507 3710 578 μέρεσι

471 603 595 657 mali
621 603 730 672 pati
754 609 979 671 possunt
1003 640 1020 665 ,
1047 613 1154 654 non
1185 597 1292 654 erit
1317 613 1346 652 a
1379 597 1534 653 malis
1559 598 1799 680 immune
1823 613 2038 668 corpus,

471 697 563 751 sed
595 696 766 764 ipsum
804 702 976 748 totum
1019 692 1162 748 idem
1214 689 1353 746 feret
1379 693 1523 763 quod
1550 701 1754 761 partes.
1791 691 1966 748 Porro
1993 693 2037 747 si

469 785 744 838 interitum
783 783 898 838 haec
939 781 1309 836 membrorum
1358 781 1646 838 dissolutio
1685 782 1786 837 toti
1826 781 2037 850 corpori

468 875 742 944 importet,
775 873 950 943 ipsum
983 871 1203 941 quidem
1253 870 1466 927 solvere
1493 881 1580 928 est
1613 871 1845 926 alienum
1889 885 1920 924 a
1951 886 2039 926 ra-

2133 599 2329 652 ταυτὸν
2377 599 2646 653 πείσεται.
2697 599 2926 651 Ἔπειτα
2976 599 3024 649 εί
3071 596 3170 666 μὲν
3223 597 3258 663 ή
3303 593 3454 658 λύσις
3505 594 3713 664 φθορὰν

2133 689 2320 757 είσῆγε
2351 687 2428 758 τῷ
2458 690 2640 754 παντὶ,
2671 687 2818 742 λύειν
2842 689 3070 759 ἀνόητον
3096 683 3185 757 ἦν.
3214 688 3275 739 EE
3297 686 3354 739 δὲ
3381 685 3481 756 τὴν
3506 685 3712 755 φθορὰν

2133 777 2302 846 αὐτὴν
2329 779 2360 845 ἡ
2408 776 2562 841 λύσις
2595 777 2909 840 καταλύσει,
2943 775 3186 847 μεγάλης
3221 775 3414 844 σοφίας
3442 774 3538 827 κα)⁵
3569 773 3714 841 ἀφά-

2133 885 2226 922 του
2253 868 2540 939 δυνάμεως
2571 870 2639 923 τὰ
2672 869 2840 940 θνητὰ
2872 871 3044 923 ποιεῖν
3069 867 3313 921 ἀθάνατα

467 965 612 1022 tione
639 975 693 1022 et
722 964 1046 1036 prudentia;
1083 962 1178 1018 sed
1220 961 1268 1017 si
1311 962 1593 1018 interitum
1645 963 1760 1017 sive
1800 971 2029 1017 mortem
2069 959 2186 1016 haec
2251 963 2486 1029 partium
2550 961 2832 1016 dissolutio
2895 961 3189 1029 frangatac
3214 961 3390 1017 solvat
3420 961 3566 1030 ipsa;
3599 970 3712 1012 ma-

466 1071 584 1128 gna:
612 1065 695 1111 est
727 1054 970 1125 profecto
1014 1051 1294 1124 sapientia:
1345 1061 1402 1107 et
1449 1053 1728 1108 immensae
1762 1052 2039 1122 potentiae,
2079 1068 2198 1124 quae
2233 1053 2478 1108 mortalia
2548 1053 2781 1117 fuerant,
2819 1053 3138 1110 immortalia
3163 1052 3408 1110 efﬁcere.

536 1167 834 1227 THEOPH.
864 1167 976 1225 Cur
1003 1167 1167 1238 igitur
1192 1181 1302 1224 non
1334 1165 1492 1222 initio
1515 1165 1622 1221 hoc
1651 1164 1819 1221 fecit?
1841 1165 2032 1222 Utrum

464 1279 572 1321 non
598 1262 796 1333 potuit,
819 1269 914 1316 aut
945 1253 1155 1314 noluit?

535 1374 771 1434 AXITH.
803 1373 897 1428 Dei
923 1372 1258 1427 voluntatem
1302 1369 1462 1424 nulla:
1490 1383 1727 1439 unquam
1765 1369 1910 1423 vires
1941 1368 2039 1422 dc-

465 1467 675 1524 tlciunt.
707 1463 893 1520 Voluit
941 1463 1106 1533 igitur
1155 1459 1244 1515 ille
1267 1474 1330 1515 ea
1366 1475 1486 1528 qua:
1533 1469 1768 1514 mentem
1819 1459 2039 1522 habent,

468 1574 595 1616 esse
621 1557 952 1628 sempiterna
986 1567 1131 1608 :non
1169 1554 1298 1606 item
1332 1565 1394 1607 ea
1424 1565 1546 1621 qua
1579 1563 1799 1606 sensum
1832 1558 2039 1602 tantum

466 1650 694 1708 habent.

537 1757 833 1816 THEOPH.
862 1755 1157 1819 Invidiane,
1190 1768 1256 1808 an
1291 1752 1395 1806 alia
1422 1752 1600 1821 aliqua
1631 1750 1831 1806 causa?

535 1850 769 1907 AXITH.
822 1847 994 1903 Penes
1039 1861 1162 1901 eum
1206 1844 1297 1914 qni
1356 1858 1627 1899 summum
1677 1843 1876 1896 bonum
1931 1847 2036 1906 est,

466 1945 613 2000 nulla
643 1955 866 2012 prorsus
893 1947 976 1991 est
997 1952 1124 2007 erga
1156 1949 1480 2005 quemquam
1505 1933 1726 1987 invidia.
1751 1931 1856 1988 Sed
1884 1933 1928 1988 si
1961 1932 2040 1987 si-

467 2039 614 2092 milia
647 2041 829 2089 essent
862 2030 1066 2097 ontnia,
1096 2028 1229 2083 nihil
1259 2035 1464 2092 essent,
1491 2039 1614 2079 cum
1649 2041 1813 2080 unum
1837 2034 2037 2081 essent.

462 2127 582 2186 lam
616 2139 747 2181 vero
772 2130 954 2178 mente
979 2129 1034 2176 et
1080 2120 1290 2175 ratione
1315 2117 1572 2188 praeditas
1603 2116 1958 2185 substantias,
1985 2124 2042 2172 ει

462 2218 630 2294 654
657 2217 808 2274 illum
843 2223 1022 2269 mente
1050 2211 1395 2282 prwditarum
1431 2208 1744 2264 facultatum
1781 2209 2039 2263 mundum

465 2313 687 2370 omnino
708 2320 924 2363 omnem
952 2302 1362 2359 immortalitate
1396 2301 1652 2358 donavit:
1681 2313 1782 2355 nec
1811 2308 1896 2355 est
1931 2298 2039 2353 ulla

463 2404 690 2462 invidia.
744 2397 998 2457 Secundo
1035 2395 1227 2452 ordine
1271 2409 1495 2451 sensum
1542 2393 1796 2449 habentia
1821 2433 1836 2460 ,
1867 2406 2040 2461 eaque

464 2491 712 2550 mortalia
765 2485 1052 2544 collocavit
1091 2498 1256 2553 :quaa
1304 2482 1526 2553 pulchra
1566 2481 1786 2551 quidem
1834 2487 2041 2535 suntet

469 2597 688 2654 magna,
753 2579 847 2634 sed
900 2575 1093 2649 primis
1133 2573 1242 2629 illis
1285 2573 1446 2643 longe
1489 2573 1722 2627 minora.
1763 2569 1878 2626 Non
1908 2583 2040 2639 ergo

464 2675 606 2746 quod
646 2668 885 2728 secunda
911 2667 1102 2738 primis
1130 2665 1374 2736 adjunin
1399 2682 1414 2732 ;
1440 2665 1534 2720 sed
1557 2664 1757 2735 aliquid
1786 2663 2041 2732 pulcher-

465 2765 722 2821 rimarum
761 2759 974 2816 illarum
1015 2770 1194 2810 rerum
1222 2795 1238 2822 ,
1279 2758 1424 2824 quod
1466 2754 1694 2824 quidem
1749 2766 2039 2820 procreare

465 2861 716 2925 poterat,
755 2849 1014 2906 infectum
1054 2847 1507 2917 praetermittere,
1549 2843 1740 2897 fuisset
1784 2843 2036 2899 invidiae:

466 2947 533 3001 Et
569 2941 897 3000 immortalia
933 2939 1139 3009 pariter
1181 2951 1242 2992 ac
1298 2936 1547 2991 mortalia
1591 2948 1804 3002 creare,
1844 2944 2038 3005 poten-

2211 1165 2404 1220 ΘΕΟΦ.
2435 1166 2503 1219 Τί
2530 1163 2624 1219 οῦν
2672 1165 2748 1236 μὴ
2797 1165 2896 1234 τὴν
2929 1165 3104 1236 ἀρχὴν
3144 1163 3448 1235 πεποίηκε;
3485 1165 3710 1240 πότερον

2137 1257 2238 1310 ούκ
2273 1255 2521 1328 ἠδύνατο,
2545 1256 2578 1328 ἢ
2601 1257 2701 1310 οὐκ
2741 1255 3032 1326 ἠϐούλετο;

2203 1370 2382 1426 ΑΞῙΘ.
2409 1371 2520 1441 Τῆς
2551 1369 2645 1424 τοῦ
2675 1369 2810 1424 Θεοῦ
2859 1369 3164 1442 βουλήσεως
3205 1371 3304 1424 οὑκ
3356 1371 3707 1425 ἀπολείπεται

2132 1463 2384 1534 δύναμις.
2416 1462 2708 1533 Βουληθεὶς
2744 1461 2875 1530 γοῦν
2902 1462 2971 1515 τὰ
3000 1463 3164 1534 νοητὰ
3201 1463 3380 1517 πάντα
3412 1466 3705 1536 πεποίηκε-ι

2135 1555 2381 1609 ἀθάνατα
2401 1571 2415 1586 ο
2450 1555 2520 1609 τὰ
2541 1555 2598 1608 δὲ
2628 1554 2864 1626 αἰσθητὰ
2893 1556 2993 1608 οὐκ
3015 1555 3274 1623 ἠϐούλετο
3305 1556 3414 1620 (80)

2209 1755 2404 1809 ΘΕΟΦ.
2439 1755 2537 1809 Διὰ
2567 1755 2784 1824 φθόνον,
2811 1754 2844 1826 ἢ
2873 1753 2956 1819 τίς

2210 1846 2383 1905 ΑΞΙΘ.
2423 1847 2640 1918 ’Λγαθῷ
2688 1846 2814 1917 περὶ
2866 1845 3080 1910 οὐδενὸς
3130 1844 3323 1915 φθόνος
3373 1843 3550 1908 οὐδείς
3579 1842 3707 1915 (82).

2153 1936 2294 1990 Ἀλλ’
2323 1939 2370 1990 εί
2409 1939 2586 1992 πάντα
2634 1939 2793 2008 ὅμοια
2823 1932 2912 2008 ἦν,
2942 1936 3095 1990 οὐδὲν
3131 1931 3200 2006 ἦν
3220 1952 3235 1966 '
3266 1935 3324 1989 ἓν
3347 1934 3457 2004 γὰρ
3482 1931 3571 2006 ἦν.
3599 1937 3710 1990 Νῦν

2139 2026 2197 2081 δὲ
2225 2027 2447 2096 λογικὰς
2475 2027 2668 2099 νοερὰς
2704 2028 2797 2081 καὶ
2843 2027 3026 2090 οὐσίας
3079 2029 3173 2081 καὶ
3213 2029 3399 2090 ἁπλῶς
3441 2027 3551 2080 τῶν
3591 2040 3709 2099 νοη-

2140 2117 2248 2172 τῶν
2276 2119 2368 2172 τὸν
2401 2118 2606 2188 κόσμον
2643 2117 2754 2190 (82)
2811 2117 2930 2171 ὅλον
2977 2119 3243 2172 ἀθάνατον
3302 2117 3671 2189 προυϐάλλετο
3694 2133 3708 2148 ·

2141 2206 2236 2260 καὶ
2270 2205 2462 2276 φθόνος
2519 2206 2714 2270 οὐδείς.
2767 2206 3007 2277 Δεύτερα
3057 2205 3114 2259 δὲ
3165 2206 3402 2277 αἰσθητὰ
3448 2206 3562 2278 (85)
3620 2208 3710 2264 καὶ

2141 2296 2312 2368 θνητά
2339 2296 2646 2368 προσέθηκε
2669 2311 2682 2325 ·
2715 2297 2855 2351 καλὰ
2890 2298 2988 2368 μὲν
3016 2296 3145 2350 ὄντα
3191 2299 3287 2350 καὶ
3335 2299 3573 2368 μεγάλα,
3608 2299 3709 2350 τῶν

2139 2387 2196 2441 δὲ
2221 2387 2453 2458 πρώτων
2473 2388 2752 2442 ἐλάττονα.
2779 2390 2893 2442 υύκ
2914 2390 3022 2460 ἄρα
3053 2388 3115 2442 τὸ
3144 2387 3375 2462 δεύτερα
3397 2390 3709 2461 προσθεῖναι

2140 2475 2576 2552 φθονοῦντοςῆν·
2605 2479 2740 2534 ἀλλὰ
2782 2481 2836 2534 τί
2874 2480 2984 2534 τῶν
3019 2480 3199 2534 καλῶν
3237 2481 3570 2554 παραλιπεῖν
3600 2483 3712 2553 (ει)

2138 2566 2214 2625 ὧν
2255 2574 2431 2626 ποιεῖν
2467 2573 2700 2643 ἠδύνατο
2755 2572 2889 2644 (85).
2943 2574 3055 2627 Καὶ
3098 2573 3340 2628 ἀθάνατα
3399 2575 3494 2628 καὶ
3545 2574 3712 2645 θνητᾶ

2137 2664 2510 2736 δημιουργεῖν,
2561 2665 2708 2719 αῐτια
2771 2666 3050 2738 δυνάμεως
3105 2661 3194 2737 ἦν,
3243 2667 3344 2720 οὐκ
3403 2667 3711 2730 ἀσθενείας.

2138 2757 2356 2810 Τελείου
2377 2756 2482 2829 γὰρ
2505 2757 2676 2828 Λόγου
2705 2759 2796 2812 καὶ
2813 2758 3169 2830 δημιουργοῦ,
3197 2758 3272 2830 μὴ
3301 2759 3463 2828 μόνον
3483 2759 3712 2828 διάφορα

2139 2851 2332 2914 ποιεῖν,
2381 2849 2518 2904 ἀλλὰ
2563 2850 2658 2903 καὶ
2713 2848 2964 2920 ἀλλήλοις
3035 2850 3252 2905 ἐναντία
3278 2866 3293 2881 ο
3351 2844 3463 2904 οἷον
3521 2850 3714 2903 λευκὸν

2139 2941 2233 2994 καὶ¹
2295 2940 2481 3011 μέλαν,
2535 2944 2627 2994 καὶ
2664 2939 2866 3012 θερμὸν
2911 2942 3004 2996 καὶ
3050 2942 3277 3013 ψυχρὸν,
3331 2941 3422 2996 καὶ
3463 2941 3710 2994 ἀθάνατα

467 3035 556 3090 tia:
608 3031 787 3103 potius
837 3035 924 3083 est
979 3041 1149 3097 quam.
1177 3023 1588 3079 imbecillitatis.
1648 3023 1841 3079 Divitis
1887 3025 2029 3078 enim

2137 3030 2227 3084 καὶ
2255 3029 2426 3100 θνητά
2450 3045 2462 3059 ⁸
2511 3029 2546 3084 ἃ
2575 3029 2642 3085 δι’
2681 3031 2984 3104 ὑπερϐολὴν
3011 3034 3306 3105 δυνάμεως,
3332 3032 3574 3086 ἀθάνατα
3607 3046 3706 3100 με·

466 3126 612 3183 illius
667 3130 722 3177 et
774 3118 1161 3189 omnipotentis
1202 3114 1367 3170 Verbi
1424 3124 1588 3184 atque
1642 3116 1851 3186 Opiﬁcis
1916 3125 2030 3181 est,

468 3233 575 3273 non
631 3213 792 3268 modo
850 3224 939 3264 res
992 3207 1274 3273 diversas,
1339 3220 1523 3262 verum
1580 3207 1742 3261 etiam
1792 3206 1934 3262 inter
1977 3223 2037 3263 se

465 3304 769 3365 contrarias
809 3313 1137 3373 procreare,
1181 3306 1238 3352 ut
1275 3297 1452 3352 album
1509 3306 1563 3352 et
1613 3299 1858 3367 nigrum,
1900 3300 2025 3354 cali.

468 3398 594 3453 dum
632 3399 688 3449 et
751 3390 1038 3463 frigidum,
1085 3387 1332 3442 mortalia
1387 3395 1443 3440 et
1504 3387 1869 3454 immortalia;
1911 3404 2032 3458 quae

466 3493 645 3540 tamen
701 3483 813 3553 ipsa
863 3494 1080 3551 quoque
1118 3493 1215 3548 pro
1255 3491 1352 3532 sua
1390 3492 1602 3534 summa
1645 3487 1803 3548 atque
1841 3479 2124 3536 excellenti
2187 3483 2450 3552 potentia,
2511 3481 2770 3553 deinceps
2847 3485 3254 3541 immortalitate
3321 3482 3564 3539 donavit.
3597 3479 3711 3548 Qua
3813 3556 3820 3563 .

2136 3121 2442 3192 ταποιήσει.
2469 3121 2558 3173 Διὸ
2585 3121 2650 3192 δὴ
2681 3127 3118 3196 προκατέσπειρε
3152 3124 3250 3176 κάν
3274 3125 3380 3184 τοῖς
3403 3121 3622 3191 θνητοῖς
3645 3119 3707 3174 τδ

2141 3211 2431 3264 ιᾶιθείνατον⁹
2462 3210 2490 3263 ὃ
2517 3211 2610 3264 καὶ
2654 3211 2944 3283 βλαστήσει
2977 3214 3125 3276 ποτὲ,
3162 3214 3256 3267 κα)⁵
3293 3211 3577 3282 κρατήσει,
3613 3209 3711 3263 καί

2134 3301 2196 3354 τὸ
2228 3300 2447 3355 ἔλαττον
2482 3301 2750 3372 ὲκτρίψει,
2785 3304 2878 3355 καὶ
2910 3303 3046 3375 πρὸς
3087 3302 3247 3357 ἑαυτὸ
3285 3300 3711 3374 μετασκευάσει,

2137 3393 2228 3444 καὶ
2253 3391 2524 3454 ἀειθαλεῖς
2551 3389 2664 3454 ’ἐξει
2692 3393 2818 3456 τοὺς
2843 3393 3112 3463 καρπούς.

465 3578 534 3633 de
567 3590 732 3632 causa
759 3573 870 3644 jam
903 3582 1058 3628 antea
1099 3585 1313 3642 quoque
1361 3571 1680 3627 mortalibus
1717 3572 1876 3628 rebus
1932 3573 2359 3631 immortalitatis
2415 3591 2599 3633 semen
2658 3579 2875 3648 aliquod
2933 3577 3200 3645 injecerit,
3252 3579 3398 3646 quod
3421 3573 3712 3644 aliquando

465 3667 788 3740 geminabit
840 3675 894 3721 et
933 3665 1232 3736 superabit,
1300 3672 1354 3719 et
1429 3665 1574 3735 quod
1644 3662 1822 3719 minus
1859 3673 1964 3730 est,
2018 3665 2264 3722 absumet
2302 3666 2519 3738 sibique
2568 3669 3018 3732 accommodabit,
3049 3677 3424 3738 aeternumque
3461 3667 3710 3722 ﬂorentes

465 3760 489 3815 l'
489 3765 672 3814 ructus
707 3755 863 3812 feret.

536 3849 740 3916 Estque
772 3847 933 3918 hujus
958 3846 1035 3902 rei
1075 3847 1296 3904 minime
1326 3847 1444 3905 leve
1468 3859 1870 3919 argumentum,
1891 3849 2035 3920 quod

465 3939 555 3996 illa
577 3939 864 4010 purissima
898 3937 1020 3994 coeli
1058 3947 1325 4010 terraeque
1355 3955 1504 4009 pars,
1536 3940 1618 3995 vel
1651 3938 1766 4009 jam
1795 3941 1861 3996 ab
1897 3941 2036 3996 inte-

461 4032 570 4085 ritu
595 4029 741 4085 salva
771 4037 934 4100 atque
977 4029 1236 4085 immunis
1265 4039 1634 4086 conservatur.
1672 4031 1878 4098 Quibus
1903 4046 2036 4087 sane

461 4121 698 4192 Olympi,
729 4129 786 4175 et
817 4120 1238 4176 Fortunatarum
1263 4121 1586 4186 insularum,
1617 4132 1674 4177 et
1703 4122 1878 4192 campi
1912 4123 2038 4193 Ely-

464 4213 531 4269 sii
569 4228 764 4270 nomen
807 4222 1024 4269 veteres
1079 4213 1489 4269 attribuerunt:
1518 4228 1714 4284 nempe
1748 4223 1807 4270 ut
1847 4223 2036 4271 osten-

465 4303 659 4358 derent
689 4301 810 4360 fore
837 4312 897 4359 ut
923 4303 1121 4358 cmlum
1149 4312 1318 4359 totum
1341 4311 1592 4375 terraque
1628 4313 1740 4360 tota
1763 4305 2035 4376 ejusmodi

482 4541 500 4551 __
533 4481 644 4551 (79)
686 4481 760 4536 Ex
790 4481 896 4538 CC.
929 4483 991 4537 Ρ.
1041 4496 1200 4551 supp.
1232 4497 1280 4536 ο.
1325 4481 1423 4534 ἀπ.
1468 4480 1530 4534 τὸ
1570 4481 1768 4550 σῶμα,
1807 4480 1944 4535 ἀλλὰ
1971 4479 2033 4534 τὸ

458 4549 580 4606 ὅλον
601 4549 651 4606 τ.
687 4569 744 4606 υ..
762 4552 922 4605 τοῦτο
951 4549 1218 4604 πείσεται.

528 4569 580 4604 ον
601 4569 651 4606 τ.
731 4569 922 4606 ,τουτο
951 4569 1218 4604 πείσεται.

528 4622 642 4690 (80)
679 4569 788 4676 ἕο.
831 4622 890 4674 ι».
918 4621 987 4673 τὰ
1012 4622 1069 4674 δὲ
1095 4618 1332 4689 αἰσθητὰ
1363 4611 1472 4690 οἶα
1493 4617 1588 4690 καὶ
1624 4619 2028 4690 μετατίθεσθαι.

534 4688 644 4762 (81)
688 4691 919 4745 Pnlclire
944 4691 1214 4746 Hierocles
1241 4688 1290 4744 in
1317 4688 1769 4762 Aureir‘Carminis
1799 4691 2031 4758 primum

458 4758 674 4816 versum
699 4762 788 4814 ubi
814 4771 868 4814 et
887 4762 1130 4814 ordinem
1154 4774 1334 4814 rerum
1354 4758 1695 4813 conditarum
1717 4764 1918 4829 pariter
1936 4773 2034 4829 ex;

458 4832 702 4900 sequitur
729 4848 742 4882 :
776 4831 931 4883 Αίτία
953 4830 1060 4900 γὰρ
1085 4833 1184 4900 τῆς
1198 4829 1308 4900 τῶν
1337 4830 1556 4900 πάντων
1588 4827 1860 4900 ποιήσεως
1881 4827 2029 4900 αὐτῷ

458 4898 684 4970 οὐδεμία
702 4900 834 4970 ἄλλη
859 4898 1148 4970 πρόσεστιν
1165 4898 1402 4970 εὔλογος,
1424 4898 1569 4970 πλὴν
1584 4901 1681 4970 τῆς
1704 4898 1825 4954 κατ’
1846 4898 2029 4970 οὐσίαν

454 4966 833 5040 ἀγαθότητοςξ
848 4966 1050 5040 ἀγαθὸς
1081 4969 1189 5038 γὰρ
1217 4966 1284 5040 ἦν
1319 4970 1476 5040 φύσει
1499 4966 1527 4997 ’“
1549 4966 1738 5040 ἀγαθῷ
1771 4971 1826 5023 δὲ
1856 4969 2030 5040 οὐδεὶς

455 5040 587 5109 περὶ
635 5038 848 5100 οὐδενὸς
896 5039 1158 5109 οὐδέποτε
1211 5038 1494 5109 ἐγγίνεται
1537 5038 1760 5109 φθόνος·
1811 5041 1865 5091 at
1923 5038 2030 5109 γὰρ

454 5108 606 5180 παρᾲ
652 5109 752 5178 τὴν
795 5108 1106 5180 ἁγαθότητα
1149 5108 1441 5180 λεγόμεναι
1479 5108 1828 5180 (γινόμεναι)
1865 5108 2032 5180 αἰτίαι

453 5177 553 5247 τῆς
579 5177 944 5248 δημιουργίας
970 5177 1123 5248 τοῦδε
1146 5177 1239 5248 τοῦ
1277 5177 1475 5248 παντὸς
1507 5177 1873 5248 ἀνθρωπίναις
1903 5177 2034 5248 μᾶλέ

453 5246 543 5318 λον
586 5246 987 5318 περιστάσεσιν
1097 5246 1188 5318 τῷ
1209 5246 1318 5316 θεῷ
1371 5246 1671 5318 πρέπουσιν
1697 5264 1708 5276 ’
1742 5249 1945 5318 ἀγαθὸς
1977 5247 2033 5318 δὲ

452 5314 672 5388 ὢνμτὴν
697 5317 856 5388 φύσιν
906 5319 933 5368 ό
967 5314 1086 5388 θεὸς
1133 5314 1206 5369 τὰ
1241 5314 1476 5388 μάλιστα
1513 5314 1845 5388 ὡμοιωμένα
1887 5314 2032 5385 αὑτῷ

453 5385 647 5458 πρῶτα
678 5386 840 5454 φύσει
880 5387 1198 5458 παρήγαγε,
1245 5385 1339 5440 καὶ
1369 5385 1599 5458 δεύτερα
1633 5385 1832 5458 τξτὴν
1863 5388 2033 5458 μέσην

453 5455 934 5526 ρμοιότηταγπρὸς
969 5455 1157 5510 αὑτὸν
1227 5455 1582 5526 κεκτημένα,
1619 5455 1800 5526 τρίτα
1831 5455 1887 5510 δὲ
1939 5457 2036 5508 καὶ

455 5523 671 5595 texam
705 5523 924 5578 πάντων
980 5527 1089 5579 τῶν
1143 5523 1417 5579 ἐοικότων
1445 5525 1595 5595 αὐτῷ
1643 5523 1710 5577 τὰ
1759 5527 1896 5595 πρὸς
1936 5526 2037 5594 τὴν

457 5584 890 5680 dilati-clamosi?
923 5596 1469 5680 μάλιστατύρειμένα
1498 5612 1509 5624 ’
1543 5584 1608 5680 τῇ
1649 5597 1704 5649 δὲ
1737 5584 1894 5680 οὑξιίᾷ
1927 5584 2036 5680 τῶν

459 5661 772 5730 γινομένων
821 5661 1117 5736 σύνδρομος
1164 5661 1259 5736 ἦν’
1286 5661 1520 5736 ή”τάξις
1573 5661 1713 5718 ὥστε
1771 5667 1831 5718 τὸ
1871 5661 2035 5733 φύσει

2205 3849 2314 3902 Καὶ
2357 3849 2707 3921 παράδειγμα
2757 3849 2874 3903 τόδε
2921 3850 3032 3920 (86)
3087 3851 3181 3904 τοῦ
3231 3849 3392 3919 λόγου
3433 3851 3538 3906 οὐκ
3588 3854 3708 3908 ἐλά⁴

2133 3954 2335 4010 χιστον,
2363 3941 2452 4000 ὅτι,
2473 3941 2568 3992 τοῦ
2591 3939 2822 4011 ούρανοῦ
2848 3939 2943 3994 καὶ
2961 3940 3061 4009 τῆς
3085 3941 3188 4010 γῆς
3214 3940 3274 3994 τὸ
3304 3942 3707 4012 ἁκραιφνέσταο

2131 4046 2224 4084 τον
2246 4030 2339 4083 καὶ
2365 4031 2631 4085 ἀθάνατον
2657 4031 2753 4084 νῦν
2781 4029 3124 4095 διασώζεται.
3151 4032 3216 4084 Ὃ
3244 4031 3308 4100 δὴ
3341 4032 3622 4102 Ὄλυμπόν
3647 4049 3704 4086 τι

2135 4122 2228 4175 καὶ
2253 4123 2532 4194 Μακάρων
2569 4123 2786 4193 νήσους,
2835 4123 2931 4174 καὶ
2980 4121 3230 4176 Ἠλύσιον
3281 4122 3545 4187 πολλάκις
3591 4123 3704 4176 ὀνο-

2140 4214 2305 4286 μάζει
2356 4215 2426 4269 τὰ
2467 4214 2644 4284 λόγια,
2691 4216 2771 4279 είς
2819 4214 3094 4281 ἀπόδειξιν
3121 4219 3212 4271 ὅτε
3244 4217 3305 4270 τὸ
3333 4218 3452 4271 ὅλον
3485 4216 3579 4271 τοῦ
3618 4219 3704 4270 oi:-

2142 4307 2303 4380 ρανοῦ
2353 4307 2448 4360 κα)⁵
2493 4307 2589 4378 τῆς
2635 4306 2738 4378 γῆς
2768 4306 2921 4362 ἔσται
2967 4307 3207 4363 τοιοῦτον
3241 4308 3374 4380 (87).
3402 4308 3572 4362 Οὐδὲν
3601 4309 3705 4380 γὰρ

2135 4480 2852 4552 κρεῖττονίπροτεταγμὲνον
2879 4476 3019 4535 εῖναι
3045 4481 3140 4536 τοῦ
3170 4480 3615 4552 καταδεεστέρου,
3647 4478 3700 4532 ἐν

2135 4551 2194 4602 τε
2223 4553 2335 4613 τοῖς
2365 4551 2506 4619 ὅλοις
2535 4551 2768 4619 γένεσιν,
2797 4551 2854 4604 ἐν
2881 4569 2941 4604 τε
2983 4553 3096 4614 τοῖς
3132 4551 3253 4606 καθ’
3284 4553 3515 4604 ἕκαστον
3545 4551 3699 4618 γένος

2137 4621 2237 4689 τὴν
2277 4621 2400 4692 κατ’
2437 4616 2576 4692 εἶδος
2618 4621 2916 4692 ὑπόστασιν
2958 4622 3348 4692 κεκτημένοις·
3381 4621 3452 4692 ού⁸
3475 4616 3585 4689 γὰρ
3610 4619 3699 4672 τύο

2138 4707 2262 4761 χαις
2310 4689 2607 4761 ἐκληροῦτο
2656 4690 2753 4760 τὴν
2787 4691 2940 4756 τάξιν
2987 4705 3056 4744 τα
3085 4689 3282 4751 πάντα,
3343 4689 3463 4742 οὐδὲ
3503 4705 3696 4761 προαιο

2143 4758 2344 4830 ρεσεως
2387 4758 2746 4831 με’ταὸολαῖςξ
2777 4761 2914 4831 ἀλλὰ
2941 4761 3127 4830 νόμοις
3151 4758 3561 4831 δημιουργικοῖς
3590 4758 3698 4831 διά-

2141 4827 2281 4902 ξρορα
2333 4827 2620 4902 προήγετο,
2651 4829 2748 4902 καὶ
2778 4829 2875 4902 τὴν
2914 4827 3075 4902 κταξιν
3122 4827 3383 4897 ἀνάλογον
3433 4830 3556 4890 ταῖς
3593 4827 3701 4902 τῶν

2137 4897 2349 4970 φύσεων
2381 4897 2555 4964 ἀξίαις
2581 4897 2865 4970 ἐλάγχανε.
2895 4901 3024 4968 Quae
3053 4915 3180 4954 sane
3205 4910 3330 4954 sunt
3371 4913 3402 4952 e
3427 4899 3704 4967 myrothe-

2129 4969 2229 5041 ciis
2279 4969 2755 5041 cmlestis_bausta
2809 4972 3089 5041 sapientia:
3133 4970 3546 5038 ιΙοειι·ἰιιωιμιε,
3581 4982 3704 5022 cum

2129 5038 2276 5092 hisce
2293 5039 2482 5092 nostri.
2521 5037 2616 5096 ΒΑ.

2202 5108 2309 5179 (8‘).)
2351 5109 2456 5179 (ξιξ.
2485 5108 2546 5179 ιζ.
2579 5109 2669 5162 τὸν
2707 5109 2896 5179 νοητὸν
2918 5107 3038 5164 κόσ.

2204 5178 2314 5262 ιε)
2585 5179 2653 5262 τᾲ
2682 5176 2932 5262 mene-

2221 5247 2308 5318 84)
2484 5247 2544 5318 Ιζ.
2580 5249 2656 5317 μὴ
2679 5247 3051 5318 παραλείπειν.

2226 5317 2315 5386 85)
2356 5316 2460 5390 CQ.
2509 5316 2570 5371 P.
2605 5316 2823 5390 Δκαιτὸ
2862 5319 3216 5390 δημιουργεῖν
3265 5317 3366 5386 οὐχ
3415 5316 3706 5388 ὁρωμένην

2131 5387 2539 5470 κσὲηξρυέιεὲνηγ
2565 5387 2839 5470 εῠῖοεξίανε

2205 5423 2852 5524 ξὸἷῖῗωόδοῃβ.
2888 5457 2938 5512 λ.
2969 5458 3069 5510 οὒκ
3089 5455 3230 5510 διαλ.
3257 5457 3396 5510 ἐστι.
3417 5454 3538 5510 τοῦ.

2204 5527 2316 5598 (8τ)
2342 5524 2600 5596 Olympus
2623 5529 2911 5595 peculiaris
2934 5531 3056 5581 cwli
3086 5527 3253 5589 locus,
3281 5529 3332 5580 in
3353 5540 3461 5595 quo
3482 5528 3704 5598 deorum

2137 5596 2372 5664 ipsorum
2414 5611 2724 5662 supremum:
2759 5598 3046 5652 concilium
3078 5598 3274 5663 degere
3316 5606 3370 5648 et
3413 5596 3703 5658 providen-

2140 5672 2224 5720 tia-
2258 5669 2436 5718 sedent
2474 5680 2593 5719 esse
2645 5677 2885 5721 statuunt
2929 5667 3196 5735 sapiet-tes
3235 5667 3419 5733 puisci.
3457 5665 3702 5717 Julianus
