4032 6144
419 311 531 376 975

1810 302 2050 363 AENEAS
2087 300 2331 364 GAZEI

3603 307 3701 371 976

489 419 729 476 AXlTll.
757 420 832 475 Ac
857 433 1016 476 omne
1036 432 1229 488 corpus
1269 417 1769 488 altTheophrastns
1814 419 2008 472 animae

2182 416 2360 473 ΑΞΙΘ.
2407 417 2565 492 Ἀ).λά
2595 417 2701 472 πᾶν
2737 415 2898 487 σῶμα
2946 416 3113 487 φησὶν
3155 418 3183 470 6
3222 416 3569 488 Θεόφραστος
3607 421 3702 492 ἀρ-

422 515 648 584 perinde
683 524 745 568 a‘c
781 522 980 569 vestem
1016 511 1305 567 convenire
1344 530 1357 565 :
1399 525 1729 581 quamquam
1767 526 1886 566 eam
1926 512 2009 566 vel

428 607 648 677 triplam
696 606 776 659 vel
821 603 1174 674 quadruplam
1208 618 1351 669 esse,
1393 618 1492 659 nos
1532 605 1795 658 hactenus
1829 602 2008 658 latuit.

490 697 658 769 656
714 694 1010 751 TllEOPﬂ.
1082 693 1250 751 Rides
1313 705 1367 750 tu
1430 695 1676 766 quidem,
1736 695 2008 762 Axithee,

352 794 357 798 '
423 792 597 861 prisca
630 790 914 859 mysteria.

488 880 722 935 ΑΧΙΤΠ.
745 879 826 934 Τιι
857 894 1004 946 vero,
1035 880 1443 951 Theophraste,
1476 881 1621 937 serio
1649 880 1816 937 doces
1846 880 1959 937 lucc
1994 900 2008 937 :

421 968 751 1039 minimeque
774 968 1059 1025 ridiculum
1078 971 1292 1027 videtur
1310 970 1404 1026 tibi
1434 970 1818 1043 incorporeum
1842 971 2004 1043 quid-

419 1063 540 1118 dam
567 1077 692 1118 cum
723 1076 1055 1133 quocunque
1082 1078 1310 1133 corpore
1340 1063 1616 1135 conjungi,
1652 1064 1908 1135 aliudque
1936 1064 2008 1118 ali

417 1167 472 1211 et
513 1154 826 1211 coalescere
866 1165 920 1209 et
966 1156 1177 1223 consui,
1222 1155 1500 1228 multaque
1544 1172 1772 1227 corpora
1820 1157 2008 1212 eodem

422 1246 746 1301 vestimento
786 1246 916 1316 tegi.
960 1246 1057 1302 Sin
1099 1254 1280 1301 autem
1324 1248 1563 1302 animata
1604 1251 1714 1302 sint
1752 1262 2008 1318 corpora,

420 1345 474 1390 tu
523 1336 689 1392 multa
732 1337 987 1405 animalia
1032 1353 1196 1394 unam
1239 1338 1480 1394 animam
1525 1339 1677 1410 quasi
1720 1341 2008 1410 quemdam

420 1438 773 1499 cognatorum
807 1444 1062 1500 pecorum
1090 1445 1307 1500 gregem
1340 1430 1476 1487 dicis
1509 1431 1806 1501 impellere,
1836 1442 1893 1487 et
1920 1447 2010 1487 or-

420 1522 605 1577 dinem
645 1522 699 1577 in
738 1537 859 1578 sese
893 1522 1299 1578 ascendentium
1336 1523 1655 1580 animalium
1695 1523 1858 1580 simul
1898 1534 2009 1581 tra-

421 1612 574 1667 here.

492 1699 791 1771 THEOPll.
838 1702 1085 1759 Absurda
1130 1705 1349 1774 quidem
1394 1706 1645 1764 videntur
1685 1709 1801 1764 haec
1846 1722 2004 1773 esse,

2122 510 2302 579 μόδιον
2342 506 2480 563 εἶναι
2514 510 2686 581 ψυχῇ,
2724 508 2981 581 καθάπερ
3013 509 3266 580 ἱμάτιονο
3308 511 3403 563 καὶ
3442 512 3703 582 τριπλοῦς

2119 619 2203 665 τις
2235 599 2310 653 ὢν
2345 602 2440 654 καὶ
2468 598 2807 671 τετραπλοῦς
2831 600 2977 669 ἡμᾶς
3000 597 3281 653 ἐλάνθανε.

2185 691 2380 747 ΘΕΟΦ.
2439 689 2685 759 Παίζεις,
2748 693 2814 745 σὺ
2890 692 3119 758 Ἀξίθεε,
3164 691 3232 745 τά
3286 691 3397 746 τῶν
3451 692 3696 747 παλαιῶν

2113 781 2428 853 ἀπόρρητα.

2182 874 2361 929 ΑΞΙΘ.
2412 875 2482 929 Σὺ
2532 874 2591 929 δὲ
2641 875 2986 941 σπουδάζεις,
3046 868 3093 929 ὧ
3126 874 3468 948 Θεόφραστε,
3515 877 3612 931 καὶ
3644 878 3701 931 οὖ

2112 968 2320 1038 γελοῖον
2369 954 2619 1024 εἷναίισοι
2650 969 2800 1024 δοκεῖ
2816 970 2877 1024 τὸ
2908 970 3203 1041 ἀσώματον
3231 972 3416 1027 ὁτιοῦν
3441 973 3555 1047 (ﬂ)
3597 974 3699 1027 σώ-

2117 1077 2247 1131 ματι
2289 1060 2489 1132 ῥᾳδίως
2538 1060 2974 1131 συμπλέκεσθαι,
3021 1061 3117 1115 καὶ
3168 1061 3565 1116 ἐπισυνάπτειν
3607 1062 3702 1115 καὶ

2113 1153 2451 1224 συρράπτειν
2504 1152 2633 1206 ἀλλο
2685 1151 2850 1223 ἀλλῳ,
2913 1153 3007 1206 καὶ
3060 1151 3230 1206 πολλά
3295 1152 3412 1223 ἅμα
3475 1151 3704 1219 σώματα

2112 1244 2507 1313 ἑπενδύεσθαι;
2540 1245 2604 1299 Et
2659 1244 2716 1299 δὲ
2761 1246 2857 1298 καὶ
2916 1245 3135 1317 ἔμψυχα
3175 1245 3246 1300 τά
3300 1245 3530 1316 σώματα
3569 1246 3701 1317 (15),

2114 1337 2286 1391 πολλὰ
2325 1336 2440 1403 ζῶα
2481 1337 2580 1410 τὴν
2613 1337 2742 1409 μίαν
2779 1338 2980 1409 ψυχὴν,
3023 1338 3215 1411 ὥσπερ
3248 1339 3454 1410 ἀγέλην
3495 1356 3705 1410 συμπε-

2113 1430 2364 1498 φυκότων
2391 1425 2885 1503 βοσκημάτωνφὴς
2917 1432 3188 1498 ἐλαύνειν,
3208 1432 3303 1486 καὶ
3333 1432 3579 1504 όρμαθὸν
3609 1433 3705 1487 ἀλ-

2111 1519 2297 1593 λήλοις
2324 1522 2715 1595 ὲμὸεόηκότων
2743 1522 2897 1587 ζώων
2926 1523 3224 1595 συναίρειν.

2184 1703 2381 1759 ΘΕΟΦ.
2417 1705 2603 1757 Ἐοικε
2648 1705 2750 1775 μὲν
2798 1704 2977 1759 ἄτοπα
3004 1705 3180 1759 ταῦτα
3219 1699 3382 1767 εἶναι,
3425 1704 3520 1758 καὶ
3554 1704 3702 1758 οὐδὲν

424 1796 667 1867 nihilque
696 1796 812 1867 ipse
839 1811 944 1852 non
973 1796 1311 1853 confutatum
1340 1798 1629 1870 reliquisti.
1684 1798 1793 1855 Sed
1821 1815 2001 1856 annon

2126 1797 2205 1868 ιᾷς
2234 1796 2582 1865 ἀνέλεγκτον.
2641 1795 2783 1849 Ἀλλ’
2826 1796 3046 1861 ἀκούεις
3094 1792 3181 1851 οἷα
3206 1797 3274 1850 τά
3302 1799 3432 1867 περὶ
3464 1798 3531 1850 τὰ
3565 1800 3700 1869 μνῆ-

419 1888 575 1943 audis
597 1887 763 1943 etiam
788 1887 933 1943 circa
957 1886 1205 1959 sepulcra
1230 1888 1398 1944 videri
1429 1890 1649 1947 umbras
1673 1905 1737 1946 ac
1762 1898 2001 1962 spectra,

418 1996 539 2051 qua:
564 1982 807 2051 profecto
832 1989 958 2037 sunt
984 1981 1073 2037 illa
1102 1983 1247 2037 aeria
1276 1982 1578 2038 animarum
1608 1998 1860 2054 corpora,
1886 1997 2006 2054 qua:

419 2074 713 2129 simulacra
746 2075 984 2129 vocant?

487 2166 727 2223 ΑΧΙΤΙΙ.
751 2166 1027 2238 Numquid
1060 2170 1162 2224 hoc
1193 2167 1440 2238 ignoras,
1469 2168 1560 2239 qui
1590 2169 1810 2240 cognita
1842 2166 2008 2223 habes

419 2260 625 2326 omnia,
664 2260 780 2315 haec
821 2268 1036 2330 spectra
1077 2273 1201 2315 esse
1238 2260 1377 2314 mala
1416 2260 1703 2326 daemonia,
1741 2261 2007 2315 humanas

420 2352 633 2408 animas
676 2351 1161 2423 repraesentanda;
1196 2352 1449 2422 quodque
1484 2352 1520 2406 ii
1553 2352 1646 2422 qui
1680 2352 2007 2407 incantatio-

421 2446 575 2499 nibus
606 2458 824 2514 operam
856 2452 1088 2508 navant,
1120 2457 1288 2512 seque
1322 2459 1483 2514 posse
1516 2444 1862 2514 proﬁtentur,
1892 2444 2004 2513 jam

419 2536 544 2591 olim
579 2534 890 2591 defunctum
918 2551 1148 2592 evocare
1176 2552 1190 2590 :
1226 2551 1332 2591 non
1365 2536 1638 2592 hominem
1672 2537 2007 2593 carminibus

421 2631 535 2684 suis
560 2630 863 2693 attrahunt,
889 2629 980 2683 sed
1008 2628 1334 2683 daemonium
1366 2628 1585 2698 aliquod
1614 2629 1835 2698 malum,
1861 2629 2005 2700 quod

310 2730 317 2743 ‘
421 2718 769 2776 simulacrum
798 2720 1037 2776 hominis
1062 2718 1299 2791 etiingat,
1329 2730 1492 2790 atque
1520 2729 1581 2775 ut
1607 2722 1870 2792 imponat,
1903 2722 2002 2777 mi-

424 2812 601 2866 racula
633 2811 792 2866 simul
824 2826 888 2864 ac
918 2812 1209 2865 humanam
1238 2826 1425 2866 vocem
1453 2810 1611 2866 edat?
1638 2810 1790 2877 Quod
1822 2821 2003 2868 tamen

421 2913 698 2973 spectrum
742 2912 866 2957 orto
908 2903 1022 2958 sole
1061 2905 1244 2959 statim
1283 2903 1561 2958 evanescit
1598 2920 1613 2957 :
1652 2918 1774 2959 cum
1815 2906 2007 2961 verisi-

422 2997 549 3053 mile
577 2998 649 3052 sit
676 2997 873 3066 ipsum,
905 2997 947 3051 si
977 3006 1123 3052 esset
1154 2996 1388 3052 hominis
1417 2996 1617 3063 anima,
1648 2996 1811 3051 etiam
1841 2997 2008 3052 inter-

2114 1906 2262 1960 ματα
2299 1888 2540 1959 σκιοειδῆ
2583 1888 2986 1959 φαντάσματα;
3029 1888 3205 1943 ταῦτά
3227 1890 3345 1943 ἐστι
3385 1890 3453 1943 τά
3489 1891 3699 1963 ἀερώδη

2108 1983 2217 2038 τῶν
2238 1982 2426 2055 ψυχῶν
2456 1981 2708 2053 σώματα,
2740 1981 2775 2037 ἀ
2803 1980 2869 2054 δὴ
2898 1982 3093 2036 εἴδωλα
3131 1981 3392 2037 καλοῦσιν
3424 1983 3572 2054 (Ιϐ);

2178 2163 2354 2219 ΑΞΙΘ.
2410 2161 2578 2215 Οὔπω
2626 2160 2958 2233 μεμάθηκας
3001 2163 3030 2214 6
3089 2161 3271 2218 πάντα
3326 2161 3518 2233 μαθὼν
3566 2162 3698 2234 (Π),

2108 2257 2192 2310 ὅτι
2225 2254 2334 2325 (18)
2377 2252 2631 2322 δαιμόνια
2657 2252 2939 2323 κακόεργα
2970 2250 3065 2306 καὶ
3091 2252 3255 2305 ένυλα
3285 2252 3385 2317 τὰς
3422 2253 3698 2324 ἀνθρωπί-

2107 2362 2206 2409 νας
2238 2344 2416 2414 ψυχὰς
2458 2342 2854 2412 ὑποκρίνεται’
2910 2343 3005 2396 καὶ
3052 2343 3101 2395 oi
3154 2344 3441 2415 γοητεύειν
3496 2346 3700 2415 σοφιζὸ-

2113 2454 2288 2509 μενοι,
2316 2438 2413 2490 καὶ
2456 2435 2549 2489 τὸν
2596 2434 2764 2490 πάλαι
2804 2435 3113 2506 τεθνηκότα
3145 2437 3330 2491 καλεῖν
3369 2439 3701 2507 ἐπαγγελλό-

2112 2547 2287 2601 μενοι,
2316 2529 2417 2582 οὐκ
2443 2528 2731 2599 ἄνθρωπον
2754 2531 2874 2591 ταῖς
2895 2528 3157 2601 ὲπῳδίαις
3182 2530 3453 2595 ἕλκουσιν,
3488 2531 3625 2584 ἀλλά
3648 2548 3699 2583 τι

2107 2620 2405 2689 δαιμόνιον,
2448 2618 2476 2671 ὂ
2522 2617 2618 2672 τοῦ
2666 2617 2955 2691 ἀνθρώπου
3002 2618 3102 2690 τήν
3139 2620 3326 2675 εἰκόνα
3369 2623 3434 2674 τὸ
3484 2621 3700 2675 εἴδωλον

2112 2708 2533 2782 σχηματίζεται,
2567 2707 2662 2762 καί
2708 2726 2762 2762 τι
2805 2704 2952 2781 πρὸς
2970 2708 3189 2780 ἀπάτην
3216 2710 3570 2781 τερωιεύεται
3609 2714 3701 2766 καὶ

2109 2803 2405 2873 φθέγγεται
2430 2820 2443 2869 ;
2494 2801 2633 2854 Ἀλλ’
2659 2802 2688 2854 6
2710 2801 2864 2872 ἥλιος
2895 2801 3105 2873 ἀνίσχει
3133 2802 3270 2875 (19),
3300 2805 3397 2858 καὶ
3424 2804 3489 2857 τὸ
3510 2806 3701 2875 φάσμα

2107 2895 2415 2950 διαλέλυται
2435 2911 2449 2926 °
2474 2897 2524 2948 si
2552 2895 2609 2949 δὲ
2639 2877 2706 2967 ἦν
2730 2894 3046 2967 ἀνθρωπίνη
3080 2893 3245 2967 ψυχὴ,
3273 2897 3368 2950 καὶ
3412 2898 3470 2951 ἐν
3514 2899 3697 2970 ἡμέρᾳ

2107 2993 2220 3055 τοῖς
2247 2989 2522 3059 φιλτάτοις
2570 2986 2680 3060 (εο)
2733 2987 2879 3058 μάλα
2926 2987 3099 3075 ἡδέως
3145 2988 3568 3060 προσδιελέγετο,
3599 2989 3692 3045 καὶ

423 3092 543 3155 diu,
575 3103 710 3159 quos
738 3088 1094 3144 charissimos
1122 3087 1310 3156 habet,
1340 3088 1581 3144 suaviter
1605 3090 1965 3146 allocuturum
1985 3129 2001 3157 ,
2033 3129 2076 3189 α
2115 3082 2368 3152 συνδιῆγε
2391 3081 2524 3153 (21)-

424 3196 637 3250 nuaque
669 3180 933 3234 futurum.

494 3268 803 3328 TllEOPll.
828 3272 1001 3340 Quem
1037 3271 1205 3344 igitur
1233 3273 1413 3327 anima
1446 3272 1503 3328 in
1535 3274 1752 3329 modum
1787 3275 2005 3331 crucia-

426 3376 511 3422 tus
538 3366 673 3421 ullos
701 3365 900 3421 sentiet
926 3372 1091 3435 atque
1119 3363 1279 3435 feret,
1303 3365 1350 3420 si
1380 3379 1575 3436 corpus
1601 3367 1805 3422 aerium
1835 3382 1866 3423 e
1891 3381 2005 3423 me-

425 3458 514 3513 dio
557 3457 847 3513 tollamus?
888 3455 1077 3527 Neque
1123 3457 1270 3513 enim
1311 3459 1590 3514 cruciatus
1632 3458 1772 3514 ullos
1814 3459 2010 3515 sentiet

427 3564 658 3620 corpore
687 3551 971 3606 destituta.

496 3643 732 3699 AXl'l‘ll.
772 3643 938 3701 Recte
969 3643 1189 3715 quidem
1226 3650 1340 3701 haec
1371 3646 1529 3710 dicis,
1562 3647 1703 3702 illam
1737 3649 1854 3703 sine
1884 3663 2008 3703 cor-

426 3751 557 3806 pore
585 3738 789 3793 sentire
820 3737 1035 3792 dolores
1065 3737 1241 3794 nullos
1272 3753 1455 3808 posse.
1490 3738 1596 3795 Sed
1627 3755 1824 3810 corpus
1854 3755 2008 3795 suum

429 3828 600 3898 ipsius
632 3839 856 3901 repetet,
889 3845 997 3900 quo
1018 3830 1133 3901 jam
1166 3840 1329 3887 antea
1359 3832 1575 3903 publice
1606 3844 1769 3903 atque
1799 3833 1850 3886 in
1879 3846 2011 3887 con-

427 3929 617 3991 spectu
649 3923 927 3977 hominum
956 3932 1039 3978 est
1069 3938 1164 3979 usa
1191 3940 1206 3980 :
1235 3924 1399 3995 idque
1428 3933 1558 3980 tunc
1589 3922 1701 3991 ﬁet,
1730 3940 1853 3980 cum
1882 3924 2013 3981 deti-

427 4015 598 4069 nitum
627 4013 815 4084 judicii
849 4025 1060 4084 tempus
1090 4016 1397 4087 postularit.
1421 4014 1613 4087 Neque
1640 4017 1784 4072 enim
1816 4016 1929 4084 (iet,
1955 4026 2013 4071 ut

426 4122 549 4162 cum
580 4107 686 4163 alio
712 4107 1040 4179 voluptatem
1072 4109 1299 4178 ceperit,
1326 4124 1450 4165 cum
1482 4109 1588 4165 alio
1615 4124 1744 4166 vero
1774 4110 2011 4166 dolorem

427 4214 772 4255 communem
801 4201 979 4269 capiat
1009 4218 1023 4256 :
1055 4216 1228 4271 neque
1256 4216 1453 4272 corpus
1483 4202 1627 4257 aliud
1659 4202 1853 4258 animze
1882 4201 2013 4258 sub-

427 4294 697 4361 servierit,
730 4293 872 4349 aliud
911 4309 1100 4350 rursus
1128 4303 1355 4350 vocetur
1383 4295 1435 4349 in
1463 4294 1750 4365 judicium.

503 4384 803 4441 TllEOPll.
838 4387 918 4439 An
949 4400 1079 4457 ergo
1112 4394 1387 4441 terrenum
1417 4387 1521 4442 hoc
1550 4401 1749 4456 corpus
1778 4386 2014 4443 resusci-

2179 3277 2374 3333 ΘΕΟΦ.
2421 3277 2546 3341 Πῶς
2602 3273 2695 3332 οὖν
2762 3279 2989 3349 ἀλγήσει
3052 3278 3198 3350 ψυχὴ
3268 3278 3691 3351 τιμωρουμένη,

2109 3371 2157 3423 εἰ
2182 3371 2243 3423 τὸ
2268 3370 2454 3441 ἀέριον
2487 3370 2775 3441 ἀνέλοιμεν
2800 3372 2993 3442 σῶμα;
3038 3374 3102 3426 οὐ
3146 3372 3253 3445 γὰρ
3282 3371 3408 3426 ἄνευ
3438 3371 3693 3442 σώματος

2110 3460 2358 3536 ἀλγήσει.

2182 3660 2362 3720 ΑΞῘΘ.
2422 3660 2500 3718 ἾΙ
2567 3662 2749 3730 καλῶς
2816 3666 3018 3734 λέγεις,
3077 3666 3178 3719 οὐκ
3225 3666 3359 3721 ἀνευ
3421 3665 3688 3736 σώματος.

2123 3755 2284 3809 Ἀλλά
2321 3755 2382 3808 τὸ
2415 3757 2614 3811 οἰκεῖον
2661 3757 3020 3830 ἀναλήψεται,
3049 3761 3143 3812 καὶ
3175 3750 3221 3828 ᾧ
3251 3757 3500 3830 φανερῶς
3534 3758 3696 3829 ἐχρή-

2116 3862 2263 3912 σατο,
2294 3850 2425 3904 ὅταν
2468 3851 2496 3903 6
2545 3850 2881 3921 τεταγμένος
2914 3850 3013 3922 τῆς
3064 3850 3299 3922 κρίσεως
3347 3850 3541 3922 χρόνος
3595 3868 3698 3904 κα-

2112 3938 2345 4010 λοίη.οὑ
2377 3939 2487 4011 γάρ
2514 3941 2643 3996 ἀλλο
2683 3942 2784 4013 μὲν
2820 3942 2984 4014 ἥσθη,
3028 3941 3158 3997 ἄλλο
3200 3943 3257 3996 δὲ
3298 3943 3557 4016 ἀλγήσει·
3590 3940 3695 3995 οὐδ’

2115 4031 2243 4085 ἄλλο
2304 4032 2403 4103 μὲν
2449 4032 2711 4107 διηκόνει,
2770 4034 2897 4089 ἀλλο
2943 4035 2999 4088 δὲ
3067 4035 3204 4106 πρὸς
3252 4036 3439 4106 κρίσιν
3496 4036 3699 4102 ὕπαγε-

2112 4138 2205 4176 ται
2240 4123 2377 4196 (es).
3132 4138 3135 4141 λ

2187 4385 2384 4439 ΘΕΟΦ.
2404 4385 2476 4439 Τὸ
2499 4385 2687 4456 γήϊνον
2728 4385 2941 4455 λέγεις;
2979 4386 3122 4458 μέγα
3161 4386 3350 4458 θαῦμα
3387 4403 3400 4417 ⁶
3452 4387 3552 4441 καὶ
3602 4385 3707 4457 μὴν

433 4486 598 4531 tatum
631 4478 695 4531 iri
727 4478 926 4548 putas?
954 4488 1010 4532 at
1039 4478 1093 4533 id
1124 4478 1368 4533 miraculi
1398 4477 1575 4533 simile
1606 4477 1769 4533 fuerit
1798 4494 1813 4533 :
1842 4493 2009 4549 quan-

2126 4476 2427 4531 διαλέλυται
2461 4478 2556 4532 καὶ
2578 4477 2986 4533 διεσκέδασται’
3023 4480 3119 4534 καὶ
3165 4478 3229 4533 τὸ
3280 4478 3404 4550 μὲν,
3453 4478 3563 4532 ὑπὸ
3602 4478 3710 4532 τῶν

502 4677 613 4747 (14)
654 4675 759 4729 CC.
794 4677 857 4747 γι),
895 4675 1120 4747 ότωοῖω.

500 4742 612 4819 (15)
666 4747 739 4819 Et;
771 4745 877 4800 CC.
911 4744 970 4799 P.
1003 4746 1180 4819 suppl.
1226 4747 1442 4810 πάντως
1466 4744 1524 4798 δὲ
1569 4742 1792 4816 ἔμψυχα
1830 4744 2016 4817 ψυχῆς

431 4816 541 4889 γάρ
568 4816 635 4871 τὰ
658 4816 916 4889 σώματα,
944 4834 1009 4889 π.
1038 4816 1154 4881 ζῶα
1184 4824 1290 4889 etc.

500 4887 614 4960 (16)
650 4887 904 4941 Εἲδωλα.
933 4887 1184 4960 _S_pe_ctra.
1241 4888 1314 4960 D_e
1354 4887 1658 4960 dminonum
1691 4901 1857 4960 censu
1899 4887 2017 4958 lnge

430 4956 883 5014 t-onnnentarium
931 4956 1211 5010 Michaelis
1261 4957 1450 5021 Pselli,
1502 4972 1530 5009 ιι
1579 4958 1887 5026 praestantis
1918 4956 2015 5012 do-

433 5031 621 5108 ett-ina:
655 5029 773 5108 viro
804 5026 1367 5108 Gilbertoﬁaulmino
1391 5027 2015 5108 nuper,promulgatum.

435 5099 641 5154 Εῐδωλα
678 5098 858 5153 larvas
888 5097 1101 5166 proprie
1122 5095 1312 5150 Latine
1344 5097 1720 5164 interpretere,
1754 5095 1897 5153 sicut
1920 5114 2019 5151 no-

433 5172 515 5226 bis
565 5178 717 5225 notat
756 5168 990 5238 Cyrillus
1025 5166 1539 5237 glossographorum
1595 5167 1874 5237 magister.
1918 5167 2020 5222 ΒΑ.

432 5241 541 5295 CC.
576 5241 631 5294 Ρ.
666 5238 943 5294 καλεῖται.

504 5312 615 5381 (l7)
660 5311 722 5363 Ὀ
755 5310 949 5363 πάντα
971 5306 1198 5381 μαθών.
1238 5305 1436 5381 Ιιίωηίιι,
1470 5321 1633 5377 quam
1664 5323 1768 5361 non
1800 5309 2015 5381 Illiben-

436 5376 521 5437 ter
551 5376 756 5444 tamen,
787 5381 950 5434 etiam
976 5376 1249 5443 sentiens,
1284 5376 1337 5447 in
1377 5376 1527 5447 suam
1557 5379 1865 5447 arrogantis
1899 5378 2014 5431 lau-

434 5452 811 5575 deﬁgaggarit
833 5448 1240 5518 Theophrastus
1268 5446 1466 5517 aliquis
1492 5445 1817 5514 huiusmodi.
1843 5448 1941 5501 BA.

536 5521 618 5587 l8)
665 5521 773 5584 Ὡς.

660 5524 912 5647 "ligula.
970 5588 1087 5644 Non
1119 5604 1251 5660 pura
1273 5586 1423 5660 ,Ased
1456 5596 1772 5660 concretum
1813 5587 2017 5660 aliquid

438 5656 768 5717 ﬂammare
800 5660 1092 5715 trahentia.
1122 5656 1257 5713 Vide
1288 5656 1543 5713 Psellum.
1580 5658 1805 5713 Animas
1838 5659 2016 5711 homi-

439 5745 567 5786 ttutzt
608 5732 796 5784 eodem
837 5734 993 5785 modo
1046 5730 1192 5786 vitiis
1236 5730 1443 5786 deditas
1491 5729 1764 5799 inquinari
1823 5730 2017 5785 docent

2115 4676 2400 4748 Platonici.
2447 4674 2679 4731 Ἐνυλον
2706 4675 3057 4748 "materialem
3106 4679 3499 4748 interpretatur
3553 4678 3713 4735 Oun-

2118 4747 2382 4820 tnastjcon
2425 4748 2713 4820 priscum._
2737 4747 2991 4820 ’ᾼνύλους
3024 4747 3479 4820 angelossaepins
3504 4751 3717 4820 gappel-

2118 4819 2195 4873 lat
2240 4816 2480 4872 Joannes
2520 4817 2719 4887 prmsul
2758 4816 3156 4874 Euchaitensi‘s.
3207 4817 3305 4874 ΒΑ.
3350 4816 3430 4873 Ex
3489 4816 3620 4875 Ct}.
3658 4822 3716 4872 l'.

2125 4888 2216 4961 hic
2249 4888 2513 4961 locussic
2550 4888 2854 4961 restituitur
2898 4907 2923 4961 :_
2960 4888 3078 4961 ἀλλ’
3107 4890 3137 4941 6
3171 4890 3324 4960 ἥλιος
3353 4891 3468 4945 ἀνω
3516 4908 3718 4961 προσε-

2120 4958 2354 5030 λαύνων⁸
2366 4957 2467 5030 τὴν
2501 4957 2654 5011 κάτω
2683 4958 2875 5030 στενὴν
2906 4958 3135 5013 διαλύει.

2195 5028 2307 5099 (20)
2337 5026 2506 5083 Noctu
2546 5030 2740 5085 adesse
2768 5026 2978 5084 animas
3012 5033 3303 5086 charorunt
3327 5041 3383 5086 et
3421 5032 3607 5087 visere
3626 5051 3718 5087 cn-

2122 5110 2314 5168 gnatos
2356 5100 2654 5152 credebant
2687 5112 2919 5156 veteres.
2963 5101 3039 5155 De
3069 5112 3249 5157 statua
3287 5102 3589 5157 Domitiani
3643 5107 3719 5165 ίμ-

2125 5171 2239 5224 sius
2274 5171 2465 5245 vicem,
2497 5168 2750 5245 Papinius
2778 5169 2931 5245 Equo
2955 5169 3048 5233 Μ..
3088 5170 3225 5226 Silv.
3264 5175 3316 5238 l,
3354 5173 3405 5236 l,
3429 5172 3550 5245 96:
3576 5173 3721 5245 illa:

2124 5250 2172 5293 et
2203 5242 2296 5293 sub
2356 5250 2502 5293 nocte
2526 5239 2743 5312 silenti,
2777 5239 2933 5312 [Cum
2963 5245 3170 5312 superis
3220 5253 3427 5297 terrena
3466 5239 3681 5312 ριαὲεηι
3707 5283 3720 5302 .

2127 5322 2218 5363 tua
2274 5314 2430 5382 (urbe
2460 5309 2640 5363 relicto
2673 5308 2926 5382 [Lubetur
2962 5311 3113 5376 caelo,
3156 5308 3499 5381 miscebitque
3537 5315 3719 5366 osculu

2117 5382 2313 5453 inata;
2366 5379 2494 5452 [Ibit
2536 5383 2588 5433 in
2631 5379 2903 5453 amplexus
2956 5391 3111 5453 natus
3154 5379 3424 5453 fraterque
3463 5395 3723 5453 paterque

2127 5447 2219 5531 [ιοξι
2273 5447 2466 5574 lgor—0r;
2508 5465 2612 5503 una
2673 5447 2843 5503 locum
2909 5450 3085 5504 cervix
3134 5447 3588 5523 dabiL'omnibls
3632 5447 3719 5508 iu-

2127 5531 2241 5574 ωδ.
2321 5538 2373 5574 Α.

2127 5531 2241 5575 trts.
2273 5531 2373 5576 ΒΑ.

2198 5593 2310 5661 (2|)
2348 5591 2424 5646 Ex
2454 5592 2560 5648 CC.
2596 5593 2658 5645 P.
2705 5593 2792 5647 hic
2826 5591 3196 5649 inserendum.

2199 5662 2311 5734 (ἐξ)
2343 5662 2447 5718 CC.
2482 5664 2540 5717 Ρ.
2578 5663 2869 5732 ἀπάγεται.
