4032 6144
434 248 590 361 ’983

1846 297 2084 359 ΙΕΝΕΕ
2123 300 2364 361 ϐΑΖᾸΣΙ

3638 288 3739 355 984

482 402 785 474 pecudibus
816 417 952 474 quas
973 403 1285 459 innumeras
1321 402 1541 466 habent,
1574 403 1693 458 loca
1723 404 1938 473 propria
1963 406 2054 460 de-

2161 404 2253 460 νῦν
2284 406 2368 460 bat
2405 406 2506 478 μὲν
2537 406 2566 459 ὁ
2602 406 2757 470 Θεόςο
2797 405 2969 478 μυρία
2999 406 3058 461 δέ
3093 406 3188 461 καὶ
3216 404 3408 475 δένδρα
3445 401 3543 459 καὶ
3586 400 3743 473 βοτά-

398 495 402 499 ’
485 494 692 550 stinare
729 508 960 566 :nempe
987 503 1043 549 nt
1071 502 1128 550 et
1159 507 1253 551 eas
1296 493 1399 565 ipsi
1447 493 1612 551 facile
1640 495 1975 562 discet-nant,
2004 505 2058 552 et

485 586 592 642 illa:
615 601 778 658 quam
819 586 1098 642 minimum
1139 585 1287 642 inter
1336 599 1459 642 sese
1497 586 1904 658 perturbentur.
1935 587 2055 644 Jam

482 694 617 735 vero
636 693 758 734 cum
799 677 946 748 plnat
980 677 1095 748 ipse
1127 677 1289 742 Deus,
1320 692 1445 737 eum
1479 678 1661 734 multa:
1701 679 1811 735 sint
1832 680 2057 735 arbores

482 779 540 825 et
576 769 804 840 plantae;
841 784 962 824 cum
1007 784 1112 823 una
1157 784 1294 840 aqua
1326 788 1340 824 :
1372 769 1524 838 juxta
1570 780 1747 825 tamen
1794 770 2057 842 cujusque

486 857 699 913 illorum
751 858 992 912 omnium
1055 873 1273 924 causa},
1330 857 1421 913 illa
1483 873 1644 914 unam
1701 859 2056 925 eamdemque

481 963 678 1019 aquam
734 950 787 1004 in
824 965 978 1006 suam
1021 951 1192 1021 ipsius
1236 950 1507 1021 propriam
1559 951 1789 1006 formam
1839 950 2052 1005 trahit:

482 1053 593 1097 tum
653 1042 863 1098 confert
925 1025 1198 1111 colorem,
1254 1042 2052 1114 magnitudinem,dulcorem,

478 1147 804 1199 amarorem,
828 1133 1062 1190 calorem
1088 1175 1105 1202 ,
1133 1135 1302 1206 frigus
1324 1174 1340 1199 ,
1371 1142 1466 1188 aut
1496 1132 1694 1190 bonum
1728 1142 1822 1188 aut
1853 1134 2052 1188 malum

482 1224 726 1280 odorem.
760 1227 940 1294 Atque
985 1228 1101 1281 haec
1157 1242 1245 1282 res
1296 1226 1544 1283 homines
1591 1224 1866 1296 sapientes
1914 1241 2054 1281 nun-

2161 514 2250 552 ναι
2283 497 2416 569 (64),
2450 496 2508 551 ἐν
2535 497 2592 551 δὲ
2625 496 2686 551 τὺ
2730 495 2897 568 ὕδωρ
2946 496 3063 552 ἀλλ’
3102 498 3256 569 ὅμως
3303 494 3538 550 ἑκάστου
3585 493 3737 561 λόγος

2157 589 2220 643 τὺ
2252 589 2383 643 αὐτὸ
2413 587 2557 661 ὕδωρ
2581 589 2760 643 ἕλκων
2784 588 2921 661 (65),
2949 589 3088 661 πρὸς
3119 590 3178 643 τὺ
3207 589 3408 643 οίκεῐον
3446 584 3738 659 μετέϐαλεν

2160 677 2323 747 εἶδος,
2360 681 2455 734 καὶ
2493 680 2681 752 σχῆμα
2718 682 2812 734 καὶ
2845 681 3046 751 χρῶμα
3067 721 3084 747 ,
3111 681 3208 734 καὶ
3237 678 3491 751 μέγεθος,
3521 676 3618 731 καὶ
3642 674 3738 747 ἡδὺ

2162 772 2258 825 καὶ
2287 771 2503 845 πικρὸν,
2538 772 2633 826 καὶ
2664 771 2865 843 θερμὸν
2897 773 2992 826 καὶ
3022 770 3253 842 ψυχρὸν,
3289 770 3385 825 καὶ
3417 767 3620 831 εὑῶδες
3649 766 3742 821 καὶ

2162 861 2262 914 οὐκ
2290 860 2510 925 εὑῶδες.
2550 860 2659 916 Καὶ
2687 861 2774 915 ἀεὶ
2810 862 2911 931 μέν
2941 860 3246 932 παράδοξον
3277 860 3338 914 τὸ
3383 858 3702 927 γιγνόμενον
3724 895 3740 920 ,

2162 952 2278 1005 ἀλλ’
2314 953 2464 1023 ὅμως
2496 951 2555 1005 ού
2590 951 2877 1022 διετάραξε
2906 952 3034 1016 τοὺς
3064 950 3297 1023 σοφούς·
3331 952 3379 1004 εί
3420 949 3477 1002 δὲ
3508 947 3603 1002 τοῦ
3639 951 3740 1019 Δη-

2164 1044 2426 1117 μιουργοῦ
2455 1045 2695 1118 προῆλθε
2720 1045 2782 1097 τὸ
2800 1046 3081 1116 κήρυγμα,
3117 1044 3211 1098 καὶ
3237 1044 3272 1114 ἠ
3301 1042 3571 1104 ἀθάνατος
3598 1039 3739 1112 ψυχή

2163 1135 2493 1209 μεμνημένη
2542 1135 2604 1190 τδ
2647 1138 2846 1191 οἰκεῖον
2888 1133 3030 1200 εἶδος
3076 1135 3291 1204 ἐπέγνω
3339 1134 3434 1188 καὶ
3484 1131 3737 1197 ἀνέλαϐε,

2160 1229 2299 1299 πρὸς
2335 1229 2495 1282 τοῦτο
2524 1228 2686 1300 μόνον
2720 1227 2989 1300 ἀποροῦσι
3018 1230 3115 1284 καὶ
3142 1227 3530 1298 διαμάχονται.

479 1329 643 1386 quam
682 1315 966 1385 petplexos
1010 1315 1137 1371 fecit
1175 1333 1190 1370 :
1229 1317 1312 1371 sin
1344 1315 1556 1385 opificis
1606 1317 1788 1371 edicto
1849 1315 1942 1369 fiat
1984 1323 2042 1370 ut
2077 1317 2256 1371 anima
2282 1335 2403 1389 quae
2439 1327 2520 1375 est
2589 1319 2724 1374 alias
2794 1320 3154 1383 immortalis,
3189 1335 3343 1375 suam
3386 1317 3561 1387 ipsius
3590 1328 3739 1368 reco-

478 1411 598 1466 lens
637 1409 870 1466 formam
895 1421 1150 1483 agnoscat
1173 1426 1239 1466 ac
1281 1410 1549 1481 recipiat:
1590 1409 1762 1467 solum
1797 1411 1849 1467 id
1881 1419 1963 1467 est
1992 1419 2047 1467 et
2085 1413 2302 1468 videtur
2329 1415 2434 1470 illis
2505 1414 2795 1485 ejusmodi,
2863 1424 2922 1469 ut
2959 1416 3025 1470 de
3049 1429 3115 1470 eo
3161 1413 3408 1469 dubitent
3450 1425 3516 1465 ac
3559 1421 3737 1462 secum

481 1501 581 1573 Ipsi
612 1511 875 1572 pugnent.

550 1611 912 1669 Statuendum
948 1622 1032 1669 est
1073 1614 1269 1684 igitur,
1327 1615 1558 1671 formam
1590 1654 1606 1681 ,
1670 1615 1844 1686 qualis
1893 1614 2050 1671 initio

2227 1608 2301 1664 Τὸ
2333 1611 2430 1682 μὲν
2451 1603 2547 1664 οὖν
2575 1605 2713 1673 εἶδος
2738 1604 2850 1663 οἷον
2893 1607 2954 1662 τὸ
2987 1608 3202 1681 πρῶτον
3233 1606 3490 1680 προῆλθε,
3532 1605 3739 1661 τοιοῦτο

479 1703 700 1772 prodiit,
734 1702 893 1758 talem
931 1719 1152 1774 prorsus
1182 1705 1448 1761 mansisse
1481 1724 1495 1760 :
1536 1707 1820 1762 materiam
1848 1716 2054 1773 autem,

2161 1704 2445 1773 Ειὲμεινεψ
2481 1703 2514 1771 ή
2551 1700 2606 1754 δὲ
2636 1700 2737 1770 ὕλη
2767 1699 3096 1771 (ὑπόκειται
3132 1699 3241 1768 γὰρ
3272 1698 3423 1769 πάσῃ
3453 1697 3738 1767 ποιότητι)

478 1795 733 1863 quoniam
767 1796 1010 1865 subjecta
1037 1806 1123 1852 est
1156 1804 1210 1852 et
1238 1795 1303 1850 ad
1333 1795 1735 1867 suscipiendam
1758 1795 2056 1866 quamlibet

477 1884 707 1941 formam
752 1886 925 1951 facta,
965 1902 1085 1942 eam
1123 1902 1241 1956 quae
1276 1886 1470 1942 melior
1500 1895 1583 1943 est
1627 1897 1682 1942 et
1713 1888 2058 1957 praestantior

477 1976 702 2033 omnino
729 1979 1026 2047 suscipere.
1059 1978 1238 2033 Veluti
1279 1994 1450 2049 ponas
1497 1978 1568 2034 ob
1615 1978 1801 2035 oculos
1831 1978 2057 2036 Achillis

478 2077 713 2123 statua‘m
751 2084 990 2125 aeream:
1027 2070 1072 2125 is
1100 2084 1272 2126 terens
1313 2069 1553 2125 Achilles
1595 2069 1855 2140 temporis
1896 2078 2054 2124 vetu-

477 2168 619 2212 state
648 2169 1005 2213 consumatur
1038 2175 1052 2212 :
1085 2173 1268 2229 aesque
1297 2157 1428 2212 illud
1457 2157 1724 2226 abjectum
1755 2158 1922 2227 aliqui
1950 2158 2051 2213 sibi

478 2260 697 2303 sumant
722 2291 739 2315 ,
783 2258 946 2318 atque
981 2250 1035 2305 in
1057 2251 1228 2304 frusta
1262 2250 1621 2305 minutissima
1659 2260 1902 2315 sectum,
1927 2264 2052 2318 pas-

480 2341 583 2395 sim
631 2341 986 2397 disseminent
1019 2360 1031 2397 :
1067 2342 1139 2398 ibi
1191 2350 1302 2397 tum
1334 2342 1543 2412 peritus
1594 2340 1789 2411 aliquis
1832 2341 2050 2405 artifex,

478 2433 603 2487 aeris
632 2433 862 2488 materia
896 2443 954 2488 ut
983 2434 1049 2489 ad
1096 2443 1267 2488 artem
1310 2435 1595 2504 aptissima
1633 2433 1958 2498 collaudata,
1980 2448 2053 2485 αις

479 2524 611 2578 illud
646 2538 807 2579 omne
849 2524 1134 2595 conquirat
1172 2535 1335 2596 atque
1389 2525 1668 2579 inveniat:
1708 2538 1772 2578 ac
1801 2524 2057 2591 deinceps

480 2614 775 2671 conﬂatum
805 2625 860 2670 et
892 2625 1252 2688 eXpnrgatnm
1295 2625 1412 2670 arte
1440 2626 1494 2672 et
1536 2616 1798 2672 facultate
1820 2615 2054 2685 quadam

478 2720 601 2770 sua,
637 2705 811 2775 ipsum
838 2720 911 2761 ωε
949 2704 1004 2760 in
1035 2720 1228 2760 aurum
1274 2715 1596 2771 convertat,
1628 2704 1787 2775 eique
1831 2703 2055 2759 Achillis

478 2796 713 2852 formam
750 2797 970 2853 inducat
1001 2800 1144 2853 :erit
1193 2797 1437 2867 profecto
1466 2806 1520 2852 et
1561 2796 1830 2851 videbitur
1860 2810 2057 2850 aureus

2156 1793 2427 1864 δεξαμενή
2446 1809 2527 1855 τις
2550 1787 2684 1845 οὖσα
2713 1790 3020 1860 μεταϐολὴν
3048 1789 3390 1858 ὑποδέχεται.
3422 1787 3605 1840 Οἱονεῒ.
3629 1786 3736 1855 (66)

2171 1885 2447 1957 Ἀχιλλεὺς
2479 1884 2565 1954 εἴη
2600 1882 2855 1955 χαλκοῦς,
2890 1881 3077 1953 λυθείη
3110 1882 3166 1934 δὲ
3213 1880 3326 1950 (67)
3366 1880 3549 1949 χρόνῳ
3591 1871 3739 1941 οὗτος

2158 1980 2187 2032 ὁ
2230 1976 2527 2045 Ἀχιλλεὺς,
2573 1973 2666 2028 καί
2695 1991 2840 2036 τινες
2880 1974 2975 2026 τὸν
3016 1971 3217 2043 χαλκὸν
3266 1970 3617 2042 ἠμελημένον
3651 1969 3739 2022 λα-

2158 2069 2364 2134 ϐόντες,
2396 2069 2494 2123 καὶ
2529 2064 3145 2139 κατακερματίσαντες,
3180 2061 3463 2134 πανταχοῦ
3499 2062 3739 2116 διασπείο

2161 2176 2351 2233 ρωσιν·
2400 2161 2428 2212 ὁ
2460 2158 2518 2211 δὲ
2569 2158 2731 2228 σοφὸς
2768 2156 3100 2229 δημιουργὸς
3125 2155 3274 2226 (68),
3308 2154 3606 2217 ἐπαινέσας
3645 2151 3740 2205 τοῦ

2158 2251 2360 2323 χαλκοῦ
2398 2249 2498 2321 τὴν
2520 2247 2669 2320 ξ’ύλην
2707 2247 2784 2311 ὡς
2824 2246 3138 2323 ἐπιτηδείαν
3168 2247 3234 2317 τῇ
3264 2244 3457 2317 τέχνῃ,
3489 2244 3587 2298 καὶ
3614 2243 3740 2314 χαλ-

2158 2343 2291 2399 κοῦν
2320 2341 2596 2411 συλλέγων
2640 2340 2731 2393 τὸν
2767 2339 2886 2393 ὅλον
2934 2337 3128 2409 ἐξεύρῃ
3157 2336 3290 2409 (69),
3323 2336 3737 2408 συγχωνεύσας.

2159 2436 2251 2490 καὶ
2282 2433 2618 2505 ἐκκαθάρας,
2651 2432 2745 2486 καὶ
2772 2431 2935 2502 σοφίᾳ
2975 2431 3082 2485 τινὶ
3113 2429 3208 2483 καὶ
3230 2429 3463 2499 δυνάμει
3497 2429 3587 2483 τὸν
3617 2429 3741 2499 χαλ-

2158 2526 2252 2580 κὸν
2268 2526 2347 2588 εἰς
2368 2522 2567 2595 χρυσὸν
2596 2519 2916 2592 μεταϐαλὼν
2941 2519 3079 2589 (70),
3100 2519 3195 2572 τοῦ
3232 2517 3526 2588 Ἀχιλλέως
3549 2518 3740 2589 ἐπάγοι

2157 2614 2217 2669 τὸ
2250 2611 2413 2678 εἶδος,
2450 2612 2640 2684 ὀφθείη
2694 2610 2760 2665 ἂν
2793 2610 3029 2682 χρυσοῦς
3076 2611 3105 2663 ὁ
3146 2610 3316 2663 πάλαι
3360 2609 3595 2681 χαλκοῦς
3634 2610 3740 2681 (7i)

2169 2706 2442 2778 ’Λχιλλεὺς
2474 2704 2678 2776 μέντοι.
2712 2701 2870 2757 Οῦτω
2896 2702 3005 2756 τῶν
3039 2702 3359 2772 σωμάτωνὴ
3384 2700 3482 2773 ὕλη
3513 2700 3576 2755 τδ
3608 2700 3739 2772 βαρῦ

2157 2800 2256 2852 καὶ
2286 2795 2583 2867 κεχυμένον
2624 2796 2721 2849 καὶ
2755 2794 2949 2865 θνητὸν
2979 2793 3356 2863 διαφυγοῦσα,
3404 2796 3466 2865 τῇ
3508 2792 3599 2847 τοῦ
3638 2796 3740 2864 Δη-

481 2888 624 2943 idem
659 2888 748 2943 ille
788 2888 1050 2956 Achilles,
1081 2889 1171 2959 qui
1210 2889 1362 2960 prius
1408 2888 1588 2942 fuerat
1626 2902 1819 2943 aereus.
1852 2887 2054 2941 Eodem

2161 2887 2423 2962 μιουργοῦ
2464 2886 2748 2959 φιλοτιμίᾳ
2796 2887 2889 2941 καὶ
2940 2885 3127 2959 τέχνῃ,
3172 2885 3393 2956 καθαρὰ
3430 2886 3524 2939 καὶ
3564 2883 3739 2953 κούφη

481 2977 644 3032 modo
688 2993 977 3046 corporqu
1036 2978 1284 3041 materia,
1340 2977 1525 3047 procul
1577 2979 1644 3033 ab
1692 2992 1751 3034 se
1807 2976 2031 3031 remotis

2161 2981 2251 3032 καὶ
2293 2978 2558 3042 ἀθάνατος
2597 2977 2865 3047 γίγνεται.
2923 2975 3074 3030 Ἔδει
3108 2976 3219 3048 γὰρ
3270 2978 3441 3047 αὐτὴν
3493 2976 3630 3047 «pe;
3676 2972 3738 3026 τὸ

481 3070 721 3138 pondere
753 3042 806 3125 et
834 3068 938 3124 situ
973 3079 1026 3122 et
1070 3042 1400 3123 mortalitate
1422 3109 1438 3134 ,
1478 3068 1719 3139 supremi
1745 3067 2054 3123 Conditoris

2161 3069 2426 3124 ἀθάνατον
2453 3068 2556 3139 τῆς
2583 3042 2762 3139 ψυχῆς
2786 3068 3072 3126 κοινωνίαν
3099 3042 3495 3138 πεποιημένην,
3530 3042 3731 3119 ἀθανα-

477 3159 646 3232 659
662 3171 779 3216 arte
797 3169 852 3216 et
868 3174 1078 3216 summa
1091 3161 1288 3231 gratia,
1305 3176 1436 3230 pura
1452 3169 1505 3216 et
1522 3161 1651 3217 levis
1667 3172 1723 3216 et
1739 3159 2054 3214 immortalis

2161 3161 2287 3228 σίαν
2330 3160 2442 3231 (72)
2487 3160 2618 3214 ποτέ
2661 3159 3136 3232 μεταλαμϐάνειν,
3188 3154 3255 3230 ἦς
3296 3159 3387 3213 καὶ
3428 3158 3488 3211 τὸ
3515 3157 3732 3229 πρῶτον

479 3253 683 3306 evadit.
715 3249 1017 3321 Oportebat
1045 3249 1192 3304 enim
1228 3264 1347 3306 eam
1374 3293 1388 3316 ,
1428 3250 1684 3320 quoniam
1731 3250 1797 3304 ad
1833 3249 2054 3304 immor-

2163 3252 2482 3324 ἀπήλαυσεν
2525 3253 2612 3308 ἄν.
2666 3254 2729 3306 Εί
2773 3252 2848 3325 μὴ
2875 3252 2988 3326 [διὸ
3031 3251 3285 3317 πολλάκις
3330 3251 3545 3323 εἴρηται
3579 3245 3733 3321 (73)}

480 3341 644 3397 talem
696 3342 893 3396 anima:
925 3340 1244 3396 societatem
1276 3339 1421 3396 facta
1470 3340 1610 3406 fuit,
1644 3340 2054 3397 immortalitate

2161 3346 2349 3417 χρόνον
2370 3346 2493 3400 τινὰ
2508 3345 2765 3401 τεθνάναι
2795 3346 3172 3420 συνεχωρήθη,
3198 3345 3290 3401 καὶ
3314 3346 3388 3410 ὼς
3411 3344 3476 3400 ἂν
3503 3344 3539 3416 ὴ
3564 3341 3738 3398 κακία

480 3434 634 3503 cuius
683 3443 844 3489 antea
875 3449 1091 3504 quoque
1132 3445 1350 3505 gustum
1393 3433 1628 3504 aliquem
1665 3434 1779 3489 sive
1820 3433 2054 3490 fructum

2162 3437 2398 3512 διακοπῇ
2455 3441 2592 3512 (74),
2640 3441 2675 3512 ἢ
2729 3442 2825 3496 καὶ
2887 3441 3028 3514 αὐτὴ
3086 3442 3257 3513 ἑαυτῇ
3315 3438 3413 3512 τὴν
3469 3437 3740 3511 τιμωρίαν

480 3538 737 3598 ceperat,
785 3527 1081 3598 aliquando
1135 3526 1321 3598 potiri.
1377 3526 1530 3582 Alias
1578 3527 1755 3591 enitn,
1814 3536 1872 3582 ut
1917 3542 2058 3596 saepe
2164 3529 2398 3602 ἐξεύροι.

480 3621 684 3675 dictum
734 3629 854 3689 est,
900 3618 1104 3677 obiisse
1146 3633 1536 3697 nonnunquam
1578 3616 1825 3689 profuit:
1893 3633 2089 3690 nempe
2130 3633 2184 3676 ut
2252 3622 2457 3678 malitia
2493 3631 2586 3678 aut
2629 3628 2973 3694 amputetur,
3007 3632 3102 3678 aut
3127 3623 3244 3695 ipsa
3272 3621 3376 3680 sibi
3408 3636 3618 3693 poenam
3654 3620 3734 3675 iu-

479 3711 684 3768 veniat.
719 3761 722 3769 ,

3140 3716 3161 3733 /

551 3816 818 3886 Caeterum
851 3831 898 3886 si
927 3838 1111 3887 nostra
1131 3844 1363 3901 corpora
1388 3829 1613 3887 omnino
1649 3827 1969 3901 rediguntur
2001 3824 2053 3882 in

2233 3831 2295 3884 Ei
2332 3828 2440 3901 γὰρ
2465 3829 2545 3893 εἰς
2577 3829 2644 3884 τὰ
2673 3828 2839 3901 μηδὲν
2868 3830 2937 3884 τὰ
2969 3829 3201 3900 σώματα
3228 3830 3469 3884 διελύετο
3488 3869 3505 3896 ,
3530 3831 3583 3884 τί
3611 3847 3735 3884 ποτε

480 3922 732 3987 nihilum,
774 3922 1132 3993 quamobrem
1187 3922 1267 3978 eis
1308 3931 1454 3979 tanta
1497 3923 1667 3977 virtus
1708 3920 1928 3987 insedit,
1979 3922 2054 3976 uti

2163 3920 2271 3992 ἄρα
2294 3920 2545 3974 τοσοῦτον
2572 3922 2755 3990 ἰσχύος
2781 3923 2962 3986 αὐτοῖς
2992 3921 3353 3993 ἐναπέμενεν,
3383 3921 3528 3976 ὥστε
3559 3922 3734 3993 μεῖζον

480 4016 747 4086 sepulcris
791 4016 1008 4071 condita
1062 4016 1184 4085 plus
1240 4016 1470 4085 possint,
1518 4030 1680 4085 quam
1728 4013 1883 4082 olim,
1931 4029 2052 4070 cum

2165 4011 2368 4082 ἰσχύειν
2400 4014 2458 4068 ἐν
2485 4012 2682 4083 θήκαις
2711 4012 3083 4085 καθιδρυμένα
3104 4053 3120 4079 ,
3147 4014 3181 4084 ἦ
3211 4014 3301 4068 ὅτε
3332 4012 3612 4083 πανταχοῦ
3637 4012 3734 4081 γῆς

550 4207 660 4279 (64)
691 4209 951 4285 μυρίων.
984 4210 1170 4285 Magia
1202 4225 1298 4285 pro
1342 4209 1566 4285 infinitis
1593 4210 1737 4285 dicit
1767 4209 1935 4265 etiam
1962 4225 2055 4285 su:-
2166 4211 2401 4279 neg0tio,
2439 4221 2491 4285 et
2533 4210 2911 4285 Egyptiorum
2957 4215 3175 4270 iuventa
3215 4215 3471 4272 calluisse
3511 4216 3731 4271 Eneam

477 4277 576 4355 pra
607 4294 659 4345 p.
692 4277 780 4355 6;),
810 4280 840 4334 7
867 4279 1016 4355 :“730'3
1038 4277 1218 4355 τοίνυν
1240 4280 1570 4355 τδ-στέλεχος
1589 4279 1923 4355 ἐκρύπτετο;
1952 4280 2054 4355 ποῦ

2166 4277 2408 4355 nostrum
2436 4277 2798 4355 docet-palam
2820 4284 2924 4355 iste
2945 4285 3205 4355 dialogus.
3240 4286 3402 4340 Multa
3429 4288 3482 4340 in
3509 4286 3733 4340 vetustis

477 4348 769 4421 ταὶ-μυρία
821 4348 1029 4421 φύλλα;
1072 4348 1203 4404 Item
1251 4350 1398 4421 alibi.
1438 4348 1751 4421 llesych‘itts
1776 4369 1817 4421 7:
1862 4349 2051 4421 μυρία·
2166 4352 2452 4403 admodum
2475 4348 2804 4409 membranis
2840 4354 3020 4410 videre
3051 4348 3272 4410 m'emiui
3305 4355 3371 4408 ad
3401 4357 3540 4410 hanc
3565 4365 3730 4409 artem

480 4417 799 4493 ¹[ξολλάᾹΒΛ.
837 4417 1055 4493 Omissa
1088 4435 1194 4493 vos
1220 4429 1304 4474 est
1335 4418 1391 4493 in
1416 4417 1637 4493 Gnaeo.
1667 4417 1993 4493 Ambrosius
2035 4437 2049 4472 :
2087 4421 2134 4480 D
2161 4423 2486 4493 spectantia,
2520 4422 2661 4475 inter
2693 4438 2815 4493 quae
2843 4425 3068 4479 Ausonii
3105 4437 3293 4493 poetae.
3327 4423 3373 4478 si
3405 4426 3507 4479 diis
3541 4426 3730 4493 placet,

480 4488 548 4541 Et
578 4503 850 4561 vero_cum
876 4489 1130 4544 imbribus
1155 4488 1295 4561 Deus
1330 4489 1515 4561 irriget
1545 4498 1775 4553 terram,
1810 4491 2055 4561 innume-
2157 4490 2577 4561 chrysopmiam,
2602 4488 2762 4561 quain
2795 4492 2972 4548 laudat
3000 4488 3162 4548 etiam
3192 4496 3245 4548 in
3266 4488 3731 4561 OrpheiCiceroui

479 4573 652 4627 mque
677 4559 780 4611 sint
809 4570 856 4612 et
902 4560 1115 4612 arbores
1151 4570 1197 4612 et
1227 4558 1431 4623 Iterbw,
1463 4569 1510 4611 et
1546 4575 1684 4628 aqua
1714 4576 1842 4623 una,
1877 4558 2053 4627 cujus-
2158 4559 2434 4626 pueriliter
2469 4558 2686 4626 ascripti
2717 4564 2952 4617 editione
3000 4564 3161 4618 homo
3219 4558 3385 4618 Italus
3415 4563 3594 4619 Julius
3617 4563 3730 4618 Cae-

475 4644 575 4702 q_ue
600 4636 777 4682 tamen
818 4631 955 4702 ratio
981 4631 1214 4702 eamdem
1255 4644 1448 4702 aquam
1484 4628 1538 4702 in
1574 4645 1724 4682 suam
1757 4628 2053 4702 spagienaet
2156 4645 2246 4682 sar
2271 4628 2562 4702 Glusianus
2597 4631 2856 4701 Squarzia
2877 4632 3304 4701 jureconsnltus.
3336 4630 3537 4688 Eodem
3570 4632 3730 4702 perti-

476 4698 705 4765 ﬁguram
730 4698 1001 4768 transfert.
1036 4698 1114 4752 lta
1143 4707 1198 4753 et
1230 4697 1496 4753 reCentior
1525 4697 1816 4766 interpres.
1844 4698 2056 4768 Excidit
2160 4707 2250 4752 net
2274 4700 2414 4765 quod
2436 4702 2503 4768 de
2529 4697 2978 4756 transmutatione
2996 4702 3331 4758 metallorum
3359 4702 3435 4758 ait
3459 4697 3614 4756 infra.
3636 4703 3722 4756 ΒΑ.

475 4782 738 4842 ergovox
769 4767 992 4842 δένδρα.Δ
1018 4768 1136 4842 Sed»
1175 4783 1279 4842 ego
1298 4768 1509 4842 _ma|im_
1533 4769 1710 4840 legere
1755 4786 1768 4823 :
1801 4767 1970 4842 μυρία
1998 4767 2054 4842 δὲ

2214 4768 2338 4842 Δ(71)
2372 4767 2478 4824 CC.
2506 4770 2567 4824 P.
2600 4771 2735 4826 etC.
2759 4772 2823 4827 A.
2850 4771 3085 4842 χαλκοῦς
3121 4771 3418 4842 Ἀχιλλεὺς,
3460 4773 3729 4842 Ἀχιλλεὺς

477 4839 571 4891 καὶ
600 4837 834 4910 διάφορα
865 4837 1008 4908 «ῥυτὰ
1055 4840 1150 4892 καὶ
1186 4838 1427 4910 βοτάναι.
1467 4837 1608 4893 Nam
1649 4837 1950 4910 generatim
1988 4839 2056 4893 de
2159 4838 2224 4909 μέ

475 4907 727 4979 omnibus
750 4907 1008 4979 lnquitur,
1035 4907 1230 4979 quibus
1253 4924 1347 4979 per
1372 4910 1608 4979 pluviam
1634 4907 1726 4964 dat
1752 4910 2055 4979 incremen-

477 4984 590 5052 tum
624 4978 784 5052 Dens.
814 4977 915 5052 ΒΑ.
940 4977 1064 5052 Οῼζ
1086 4977 1149 5032 Ρ.
1181 4977 1350 5050 μυρία
1374 4977 1438 5032 δὲ
1475 4982 1568 5033 καὶ
1596 4979 1829 5052 διάφορα
1863 4978 2054 5049 δένδρα
2156 4979 2189 5032 ὰ

477 5045 740 5119 καλλφυτὰ
766 5050 861 5119 καὶ
892 5048 1136 5119 βοτάναι.
1183 5045 1194 5049 ⁷
1259 5045 1271 5050 ’
1699 5045 1710 5050 ’
1761 5045 1778 5055 Ἀ

546 5116 661 5188 (es)
683 5118 789 5188 cu.
823 5116 1031 5188 their
1065 5119 1158 5188 ὃμ.
1200 5121 1228 5171 ὁ
1257 5122 1367 5184 ἐκ.,
1399 5120 1428 5171 ὀ
1458 5119 1517 5171 τὸ
1550 5120 1629 5173 εδ.

545 5185 661 5259 (60)
685 5187 792 5244 CC.
826 5187 888 5259 ιζ.
922 5184 1034 5242 οἷον
1064 5184 1113 5242 εί
1150 5190 1265 5259 Ἀχ.
1300 5189 1480 5259 σταίη.

546 5256 660 5331 di?)
698 5259 801 5331 βε·
829 5257 899 5331 Ρ·
932 5269 987 5331 et
1024 5259 1086 5314 C-
1117 5258 1182 5331 A-

925 5327 1353 5401 διασπείρουσιν.
1382 5329 1544 5401 σοφὸς
1569 5330 1738 5399 δέτις
1766 5331 1865 5401 ἠδη
1895 5332 2049 5401 δημι.

547 5396 661 5470 (69)
688 5399 794 5455 CC.
825 5398 885 5454 P.
915 5400 976 5453 τὸ
1006 5400 1127 5454 ὅλον
1148 5396 1401 5470 ἐξεύροι,
1424 5399 1541 5455 εἶτα
1575 5396 1734 5469 συγκ.

549 5466 663 5535 (70)
702 5470 804 5536 Εἰς
833 5470 1073 5539 χρυσὸν
1099 5466 1472 5541 μεταϐαλών.
1515 5466 1674 5526 Dicas
1713 5466 2052 5525 metallorum

479 5537 534 5591 in
572 5537 1258 5611 aurum(transigendorum
1293 5540 1459 5611 fuisse
1493 5556 1720 5611 gnarum
1751 5542 1892 5595 hunc
1921 5541 2052 5593 scri-

482 5618 712 5675 ptorem.
754 5609 922 5683 _Cer_t_e
972 5609 1073 5665 nec
1125 5609 1556 5683 improbabiliter
1600 5612 1826 5683 omnino
1866 5619 2052 5683 nostro

486 5689 599 5730 avo
647 5678 1119 5747 profundissimam
1177 5678 1553 5751 antiquitatem
1601 5681 1726 5737 huic
1781 5681 2053 5737 vindicant

2202 4855 2363 4893 εντοι.

2159 4854 2501 4984 CC_.
2559 4911 2620 4966 P.
2674 4904 3164 4984 diiunctius-itote
3227 4912 3726 4984 μεταλαγχάνειν...

2199 4979 2438 5052 ualidus};
2466 4979 2554 5052 ἂν,
2588 4983 2636 5033 εἰ
2665 4981 2741 5052 μὴ
2767 4982 2832 5036 δι’
2859 4981 2887 5034 ὃ
2921 4983 3042 5035 πολ.

2229 5049 2342 5118 (75)
2374 5047 2483 5102 Nec
2526 5051 2641 5104 haec
2668 5047 2860 5106 carent
2903 5051 3374 5107 contaminalione.
3410 5050 3729 5105 Ambrosius

2155 5120 2399 5190 quantam
2432 5119 2519 5173 hic
2543 5121 2763 5184 omittit,
2795 5132 2845 5175 et
2885 5122 3185 5189 transponit
3226 5121 3509 5190 sequentia
3545 5123 3613 5175 de
3641 5134 3727 5189 pit-

2157 5190 2277 5258 gina
2312 5189 2519 5242 decima
2565 5191 2722 5243 tertia
2764 5191 2830 5243 ad
2879 5192 3194 5245 vicesimam
3240 5189 3513 5257 quartam,
3566 5191 3725 5242 alium

2157 5259 2398 5311 codicem
2432 5270 2683 5325 secutus;
2715 5270 3044 5329 quapropter
3069 5260 3185 5325 ejus
3220 5261 3384 5315 etiam
3418 5258 3727 5313 translatio-

2158 5343 2277 5381 nem
2325 5328 2594 5398 edendam
2642 5344 2764 5383 cum
2816 5339 2997 5383 nostra
3047 5331 3366 5384 recensione
3410 5329 3573 5398 jussi,
3608 5343 3726 5383 cum

2156 5413 2255 5451 nec
2304 5396 2446 5451 illius
2490 5400 2625 5453 ordo
2670 5401 2742 5454 sit
2794 5400 3010 5467 penitus
3054 5396 3446 5466 aspernandus.
3498 5397 3729 5454 Omnino

2158 5477 2333 5520 autem
2380 5468 2672 5537 integriore
2709 5468 2899 5523 codice
2926 5483 3064 5536 opus
3109 5468 3349 5531 habebit,
3384 5467 3474 5537 qui
3511 5468 3727 5537 elegan-

2158 5537 2421 5591 tissimum
2459 5536 2514 5592 et
2547 5540 2919 5593 doctissimum
2964 5539 3107 5593 hunc
3145 5538 3468 5608 scriptorem
3507 5538 3560 5593 in
3593 5536 3726 5608 legi-

2160 5608 2343 5678 timum
2369 5621 2525 5678 suum
2553 5608 2798 5678 ordinem
2829 5609 3080 5678 redigere
3103 5607 3269 5678 volet.
3305 5607 3401 5662 ΒΑ.

2227 5675 2337 5746 (Ἠ)
2367 5676 2469 5731 CC.
2509 5677 2564 5730 Ρ.
2606 5676 2914 5750 διακοπείη,
2945 5675 3047 5739 καὶ,
3082 5677 3220 5747 αὐτὴ
3252 5677 3441 5748 ἑαυτῇ.
