4032 6144
314 309 419 374 993

1624 293 2253 356 THEOPHRASTUS.

3481 296 3589 361 991.

314 418 479 481 νικῶς
522 412 855 486 διαμάχεσθε
886 414 996 485 (15)
1022 455 1036 478 ,
1068 414 1115 467 οι
1161 412 1232 465 τὰ
1275 406 1457 481 ἀφανῆ
1491 408 1586 461 καὶ
1620 405 1689 459 τά
1725 405 1902 461 ἄτοπα

2013 405 2300 474 pueriliter
2327 405 2643 476 disceptatis
2670 445 2684 471 ,
2718 405 3023 479 praesertim
3055 407 3145 479 qui
3183 414 3237 463 et
3266 409 3499 465 obscura
3534 424 3587 467 et

318 509 463 579 μάλα
493 506 664 577 ἡδέως
690 505 1075 576 προσιέμενοι;
1103 502 1290 572 ’Υμείς
1315 500 1425 570 γὰρ
1455 500 1504 552 εί
1534 497 1627 551 τὸν
1657 495 1902 550 Γλαῦκον

314 603 406 655 τον
435 600 652 660 Μίνωος
683 595 1054 662 ἀποπνιγέντα
1077 594 1155 664 τῷ
1187 591 1362 663 μέλιτι
1386 629 1401 655 ,
1428 587 1715 650 Πολύδειος
1749 586 1859 658 (14)
1885 628 1900 652 ,

316 694 346 744 ὁ
376 691 570 761 μάντις
600 686 660 754 ἐξ
693 689 931 759 Ἄργους
972 687 1052 749 είς
1083 685 1307 755 Κρήτην
1354 682 1690 751 ἀφικόμενος
1723 723 1736 745 ,
1769 681 1903 761 ἀνα-

321 781 518 851 στῆσαι
547 778 778 847 λέγοιτο,
833 775 985 846 παρά
1012 774 1105 829 τοῦ
1139 773 1433 845 δράκοντος
1465 771 1565 841 τὴν
1616 770 1755 824 πόαν
1793 787 1902 840 μα·

319 871 427 925 θὼν
467 871 612 942 (15),
659 868 1041 930 ἀϐασανίστως
1089 865 1343 936 δέχεσθε’
1398 865 1495 918 καὶ
1538 863 1621 917 ὅτι
1660 860 1753 916 τόν
1793 861 1904 915 Ἰπ-

317 963 549 1018 πόλυτον
588 961 618 1013 6
675 959 1037 1031 Ἀσκληπιὸς,
1085 957 1117 1029 ἢ
1167 956 1258 1010 τὸν
1310 954 1651 1026 Τυνδάρεων
1672 952 1905 1021 ,λέγεται

319 1055 430 1126 γὰρ
477 1053 569 1107 καὶ
604 1051 792 1106 τοῦτο’
835 1052 931 1105 καὶ
976 1051 1052 1114 ὡς
1097 1048 1197 1121 τὴν
1229 1047 1537 1129 Ἄλκηστιῖ
1592 1045 1902 1117 Ἡρακλῆς.

321 1147 416 1201 καὶ
445 1145 534 1199 τὸν
559 1143 760 1214 Θησέα,
791 1144 883 1196 καὶ
908 1142 1166 1213 Τίμωνα,
1188 1140 1285 1194 καὶ
1316 1139 1487 1193 Λυδὸν
1511 1138 1646 1210 (ιο),
1682 1139 1776 1193 καὶ
1807 1138 1850 1190 Τ
1857 1155 1903 1189 ι·-

323 1238 592 1310 μοσθένην
644 1234 736 1291 τὸν
796 1235 1097 1306 Ἀθηναῖον,
1147 1233 1364 1304 Εὐδόξῳ
1391 1232 1505 1304 (17)
1557 1231 1626 1285 τὰ
1681 1229 1903 1285 τοιαῦτα

322 1330 695 1400 συγγράφοντι
730 1325 986 1380 πείθεσθε
1007 1365 1022 1391 ,
1054 1324 1320 1395 Πίνδαρος
1350 1323 1406 1376 δὲ
1434 1323 1463 1374 6
1492 1321 1731 1392 Θηϐαῖος
1757 1359 1771 1385 ,
1810 1319 1905 1373 καὶ

331 1419 623 1490 Ἡρόδοτος
681 1416 1164 1488 Ἁλικαρνασσεὺς,
1214 1414 1466 1483 Ἀριστέα
1499 1413 1610 1484 (l8)
1642 1413 1775 1480 φασὶ
1811 1410 1905 1463 τὸν

322 1512 722 1583 Προκοννήσιον
766 1508 1079 1563 εἰσελθόντα
1114 1508 1266 1579 παρά
1294 1506 1385 1561 τὸν
1417 1504 1631 1574 κναφέα
1667 1506 1725 1557 ὲν
1761 1505 1904 1573 Προ-

322 1604 589 1675 κοννήσῳ,
623 1604 741 1656 ἐκεῖ
767 1602 863 1656 καὶ
893 1601 1148 1656 τεθνάναι
1172 1615 1188 1633 ⁸
1218 1601 1314 1655 καὶ
1341 1597 1708 1667 ἀφανισθέντα
1737 1596 1907 1661 Κυζι-

323 1697 509 1767 κηνοῖς
537 1695 786 1766 φανερῶς
811 1692 1176 1764 διαλέγεσθαι⁶
1211 1692 1307 1747 καὶ
1355 1690 1651 1753 διακοσίοις
1677 1688 1905 1759 ὕστερον

2009 495 2247 553 absurda
2284 508 2393 554 tam
2440 497 2675 554 libenter
2716 499 3049 556 admittitis?
3096 500 3205 558 Vos
3246 502 3392 558 enim
3439 506 3586 573 quod

2007 587 2270 645 Glaucum
2300 589 2497 648 Minois
2532 592 2703 647 filiuni
2734 631 2750 657 ,
2787 607 2909 648 eum
2944 592 3036 660 qui
3084 593 3245 649 melle
3284 594 3586 651 suffocatus

2006 688 2145 746 erat,
2170 678 2428 752 Polydius
2448 692 2600 736 vates
2626 681 2784 748 Argis
2818 679 2872 735 in
2901 678 3121 736 Cretam
3158 680 3435 750 profectus
3468 684 3585 740 fer-

2009 775 2096 822 tur
2135 771 2454 834 suscltasse,
2508 768 2678 824 herba
2725 768 2983 824 videlicet
3029 784 3125 838 per
3165 770 3456 825 draconem
3491 785 3584 827 co-

2005 860 2178 929 giiita,
2220 860 2365 916 nulla
2397 861 2505 916 alia
2556 863 2632 916 rei
2664 860 2985 931 probatione
3021 860 3281 929 requisita
3319 862 3581 933 recipitis.

2004 948 2076 1003 Et
2124 949 2268 1020 quod
2317 950 2506 1005 itidem
2566 950 2761 1018 fertur,
2808 949 3157 1020 Ilippolytum
3213 959 3377 1021 atque
3415 967 3582 1008 unum

2007 1039 2248 1109 Tyndari
2284 1038 2453 1093 filium
2485 1038 2856 1109 Esculapius,
2895 1041 3150 1109 quodque
3198 1039 3463 1099 Hercules
3488 1042 3584 1098 Al-

2006 1140 2231 1197 eestem,
2260 1129 2551 1198 Theseum,
2579 1131 2885 1195 Timonem,
2918 1131 3152 1201 Lydum,
3177 1132 3583 1190 Timostlieneni

2009 1222 2397 1278 Atheniensem
2430 1223 2767 1289 suscitarint,
2804 1222 3026 1279 Eudoxo
3045 1238 3130 1279 res
3162 1225 3427 1294 ejusmodi
3457 1240 3584 1280 coii-

2006 1314 2266 1369 scribenti
2308 1314 2469 1369 (idem
2503 1315 2736 1370 habetis.
2764 1313 3033 1370 Pindarus
3059 1326 3112 1371 et
3138 1315 3447 1373 Herodotus
3473 1316 3582 1371 lla-

2008 1405 2394 1471 Iicarnasseus,
2451 1406 2727 1461 Aristeum
2779 1406 2930 1461 illum
2969 1405 3393 1464 Proconnesiuni
3427 1408 3583 1463 aiunt

2008 1497 2061 1558 in
2109 1497 2223 1567 ipsa
2256 1496 2607 1553 Proconneso
2637 1499 2706 1553 ad
2758 1498 3014 1554 fullonem
3051 1501 3340 1570 quemdam
3371 1502 3583 1571 ingres-

2007 1605 2125 1647 sum
2160 1590 2321 1645 isthic
2357 1599 2589 1645 mortem
2635 1590 2873 1647 abiisse:
2906 1606 3163 1667 cumque,
3183 1592 3577 1662 aliquantisper

2008 1682 2280 1751 latuisset,
2321 1681 2610 1754 Cyzicenis
2653 1682 2913 1753 deinceps
2959 1684 3257 1753 oppressis,
3283 1685 3461 1740 verbis
3506 1685 3587 1740 lo-

322 1788 469 1841 ἔτεσι
507 1788 602 1841 καὶ
651 1787 1060 1856 τεσσαράκοντα
1115 1787 1175 1838 ὲν
1227 1783 1430 1855 Ἰταλίᾳ
1481 1780 1907 1841 Μεταποντίνοις

2013 1784 2195 1831 culum
2250 1790 2428 1831 esse:
2486 1785 2596 1830 tum
2650 1776 2900 1831 ducentis
2956 1778 3184 1846 posthac
3224 1778 3584 1848 quadraginta

320 1877 576 1947 ὀφθῆναι,
605 1876 698 1929 καὶ
731 1875 976 1930 κελεύειν
1006 1875 1199 1929 ἑαυτὸν
1232 1874 1443 1937 θυσίαις
1469 1874 1655 1944 τιμᾷν,
1691 1871 1788 1926 καὶ
1816 1872 1907 1926 τὸν

336 1969 678 2023 Ἀπόλλωναδ
722 1988 740 2021 ι
780 1971 1065 2022 συνείπετο
1088 1968 1200 2040 (19)
1241 1968 1384 2037 γὰρ,
1424 1966 1551 2037 ἔφη,
1583 1964 1663 2037 τῷ
1708 1966 1906 2019 Ἀπόλ-

322 2061 452 2115 λωνι
484 2061 605 2114 τότε
637 2060 847 2131 κόραξ,
886 2060 1148 2131 ὑπάρχων
1179 2060 1207 2112 ό
1241 2057 1338 2112 νῦν
1385 2056 1666 2129 Ἀριστεύς
1714 2055 1850 2127 (20).
1884 2074 1903 2108 ι

325 2155 437 2208 Kal
490 2154 612 2217 τοὺς
660 2152 1103 2213 Μεταποντίνους
1155 2149 1480 2222 πέμψαντας
1539 2149 1621 2212 είς
1670 2148 1910 2217 Δελφοὺς

323 2245 533 2315 ἐρωτᾷν
556 2242 669 2316 (21)
697 2243 787 2297 τὸν
826 2242 1161 2307 Ἀπόλλωνα,
1192 2243 1240 2294 εἰ
1268 2242 1375 2311 χρὴ
1399 2240 1478 2311 τῷ
1518 2239 1758 2311 ’Δριστέῖ
1790 2238 1906 2291 πεί-

325 2333 513 2387 θεσθαι
538 2350 552 2363 ·
579 2335 675 2388 καὶ
706 2334 804 2406 τὴν
832 2332 1039 2387 Πυθίαν
1060 2333 1261 2402 χρῆσαι
1286 2331 1362 2394 ὡς
1383 2329 1727 2399 πειθομένοις
1755 2329 1913 2400 ἄμειο

324 2444 413 2480 νον
441 2426 614 2480 ἔσται.
647 2427 756 2480 Kal
789 2424 886 2479 νῦν
918 2425 1142 2495 ἀνδριὰς
1169 2424 1400 2493 ἕστηκεν
1424 2423 1717 2492 ἐπωνυμίᾳ
1758 2422 1909 2491 Ἀρι-

326 2518 506 2581 στεὺς,
532 2517 661 2589 παρ’
691 2516 838 2588 αὐτῷ
862 2515 941 2587 τῷ
966 2515 1241 2585 ἀγάλματι
1272 2514 1365 2567 τοῦ
1409 2513 1765 2577 Ἀπόλλωνος.
1798 2513 1908 2567 Kal

323 2606 400 2670 ὡς
452 2606 595 2669 θεοῖς
630 2606 959 2676 ἀμφοτέροις
994 2606 1027 2675 ἠ
1062 2603 1224 2657 θυσία
1265 2601 1418 2674 κοινὴ
1458 2602 1734 2673 νομίζεται
1770 2602 1903 2674 (22).

2007 1869 2166 1924 annis
2193 1869 2244 1923 in
2275 1869 2425 1924 Italia
2455 1869 2842 1938 Metapontinis
2868 1870 3223 1939 apparuisse:
3262 1871 3436 1940 iisque
3463 1872 3585 1940 jus-

2007 1959 2166 2025 sisse,
2197 1960 2273 2014 uti
2319 1961 2495 2030 ipsum
2529 1970 2583 2016 et
2616 1960 2919 2030 Apollinem
2957 1960 3118 2023 simul
3157 1961 3444 2015 sacrificiis
3475 1961 3579 2016 ho-

2008 2051 2350 2120 noribusque
2377 2051 2574 2107 divinis
2615 2060 3097 2121 prosequerentur.
3129 2050 3260 2104 Erat
3288 2051 3459 2116 enim,
3502 2051 3585 2107 in-

2009 2142 2148 2212 quit,
2198 2151 2335 2197 tune
2383 2156 2606 2203 corvus,
2648 2151 2703 2196 et
2747 2143 3081 2212 sequebatur
3124 2140 3453 2210 Apollinem,
3490 2141 3586 2211 qui

2006 2248 2151 2288 nunc
2200 2232 2397 2286 iterum
2438 2241 2525 2287 est
2582 2233 2853 2287 Aristeus.
2908 2230 3010 2287 Ubi
3062 2247 3189 2288 vero
3225 2230 3587 2301 Metapontini

2007 2323 2245 2393 Delphos
2302 2323 2580 2378 misissent
2659 2323 2750 2392 qui
2817 2322 3164 2378 consulerent
3228 2321 3583 2392 Apollinem,

2006 2424 2186 2470 utrum
2235 2415 2450 2470 Aristeo
2498 2414 2659 2468 ﬁdem
2704 2415 3010 2469 habendam
3063 2426 3332 2481 censeret,
3377 2413 3588 2483 Apolli-
3703 2402 3714 2412 ’

2005 2524 2151 2575 nem,
2186 2509 2231 2564 si
2267 2508 2486 2577 quidem
2518 2507 2699 2563 verbis
2733 2506 2849 2577 ejus
2876 2506 3035 2561 fidem
3068 2506 3386 2562 habuissent
3422 2516 3586 2575 atque

2011 2601 2499 2670 obtemperassent,
2543 2600 2703 2655 saluti
2759 2600 2812 2654 id
2863 2598 3001 2665 fore,
3048 2599 3415 2669 respondisse.
3457 2598 3584 2665 Quo

325 2697 435 2750 Kal
460 2697 667 2760 τούτοις
691 2697 1110 2769 ἀπερισκέπτως
1134 2694 1454 2757 συνέπεσθε,
1487 2693 1739 2763 καθάπερ
1770 2692 1907 2763 πρὸς

2013 2693 2212 2748 factum
2245 2703 2353 2759 est,
2390 2702 2446 2747 ut
2476 2703 2656 2747 statua
2691 2693 2892 2747 Aristei
2937 2708 3130 2748 nomen
3181 2692 3410 2758 habens,
3447 2706 3588 2760 pone

325 2786 491 2840 θαλον
520 2788 633 2857 (25)
679 2787 751 2840 τὰ
796 2787 1124 2859 θρέμματα,
1165 2786 1262 2839 καὶ
1308 2784 1561 2856 ἀλλήλοις
1611 2782 1906 2854 συνήδεσθε

2013 2787 2363 2842 simulacrum
2412 2785 2681 2856 Apollinis
2721 2794 2904 2839 erecta
2939 2783 3050 2853 jam
3103 2785 3373 2848 videatur,
3411 2784 3588 2852 quod-

319 2876 791 2947 κορυϐαντιῶντες
811 2878 942 2949 (21).
975 2878 1162 2941 Οὐδεὶς
1208 2877 1318 2948 γὰρ
1350 2875 1463 2948 (25)
1487 2875 1748 2929 τάναντία
1778 2878 1907 2945 γρά-

2013 2894 2116 2949 que
2160 2888 2219 2932 ut
2249 2878 2377 2943 diis,
2424 2878 2686 2932 ambobus
2723 2878 2945 2933 victima
2992 2877 3296 2932 communis
3324 2878 3589 2931 decerna-

323 2986 451 3038 φειν
478 2970 711 3042 ἀντῆρεν
736 2970 867 3041 (26).

2013 2977 2120 3020 tur.
2156 2967 2337 3035 Atque
2365 2966 2479 3021 haec
2514 2980 2609 3019 vos
2637 2966 2845 3040 omnia,
2879 2966 3022 3019 nulla
3055 2981 3236 3020 rerum
3279 2966 3463 3020 habita
3497 2979 3588 3018 ra-

325 3065 501 3131 tioiie,
532 3064 758 3135 perinde
788 3061 1103 3134 sequimini,
1173 3071 1233 3118 ut
1297 3062 1548 3118 fruticem
1614 3063 1870 3133 pecudes,
1942 3064 2204 3132 vobisque
2257 3061 2494 3117 invicem
2548 3061 2722 3117 instar
2782 3061 3152 3133 C0rybantum
3200 3062 3587 3119 insanientium

321 3155 674 3227 applauditis.
735 3155 846 3211 Nec
901 3165 1086 3212 contra
1132 3155 1423 3226 quisquam
1472 3170 1711 3226 unquam
1757 3155 2000 3225 scripsit.

397 3245 458 3299 El
491 3245 548 3299 δὲ
576 3245 739 3310 αὐτὸς
761 3247 790 3299 6
817 3248 1161 3318 Δημιουργὸς
1187 3247 1442 3320 ἀθανάτῳ
1461 3249 1609 3320 ψυχῇ
1642 3246 1907 3302 ἀθάνατον

2087 3244 2363 3302 Caeterum
2414 3248 2457 3303 si
2507 3247 2774 3305 Conditor
2810 3248 3101 3304 immortali
3143 3247 3338 3303 animze
3389 3262 3589 3318 corpus

323 3339 498 3409 αὐτῆς
529 3339 623 3393 καὶ
658 3339 720 3393 τὸ
752 3340 915 3412 σῶμα
945 3344 1119 3395 ποιεῖν
1148 3342 1545 3410 ἐπαγγέλλεται
1568 3383 1585 3408 ,
1620 3342 1758 3414 πρὸς
1782 3342 1906 3396 τοῦ·

2013 3340 2177 3394 etiam
2207 3340 2515 3396 immortale
2541 3356 2601 3397 se
2628 3341 2899 3396 facturum
2930 3340 3288 3412 polliceatur,
3326 3342 3589 3396 adversus

318 3446 419 3482 τον
448 3429 711 3483 ἄσπονδον
742 3430 981 3501 πόλεμον
1020 3430 1113 3484 καὶ
1140 3431 1452 3502 ἀκήρυκτον
1482 3431 1594 3501 (27)
1618 3430 1906 3503 διεγείρειν

2013 3444 2136 3484 eum
2169 3440 2328 3485 atrox
2380 3440 2437 3485 et
2501 3432 2741 3486 subitum
2794 3428 2993 3486 bellum
3046 3440 3104 3486 ut
3156 3434 3456 3494 moveatur,
3493 3431 3588 3486 alii

320 3521 577 3593 ἀλλήλοις
640 3521 1097 3594 παρακελεύεσθε.
1158 3523 1352 3577 Καίτοι
1404 3523 1501 3577 καὶ
1544 3522 1771 3576 Πλάτων
1828 3523 1907 3594 τῷ

2014 3522 2147 3578 alios
2186 3523 2451 3578 incitatis.
2484 3527 2663 3592 Atque
2724 3522 2874 3577 Plato
2910 3521 3085 3577 fertur
3136 3521 3489 3578 llarmonium
3520 3538 3585 3577 ex

325 3613 545 3685 σώματι
568 3613 657 3667 τὸν
699 3612 984 3685 ’Δρμόνιον
1005 3612 1116 3685 (28)
1147 3614 1207 3679 ἐξ
1227 3613 1356 3686 ᾅδου
1388 3614 1523 3683 πρὸς
1548 3614 1674 3678 τοὺς
1698 3613 1907 3679 ζῶντας

2020 3614 2211 3669 inferis
2246 3628 2353 3669 una
2382 3628 2508 3670 cum
2542 3629 2776 3685 corpore
2803 3616 3103 3673 reduxisse.
3132 3614 3457 3673 Zoroastres
3493 3627 3588 3670 au-

406 3811 512 3885 (15)
542 3814 648 3870 CC.
686 3814 745 3870 P.
781 3814 1162 3885 dii/ttuﬁxsolis.

406 3814 512 3885 (15)
542 3814 648 3870 CC.
686 3814 745 3870 P.
781 3814 1162 3885 ἀντιμάχεσθε.

306 3924 315 3931 .
400 3886 511 3956 (14)
553 3884 879 3940 Claudianus
910 3884 1298 3956 Bello_Gelico:
1332 3883 1645 3955 [Cretaque,
1673 3885 1718 3937 si
1751 3900 1907 3956 verax

2013 3814 2379 3956 ³³³ῗὲ34ἐὲλέ

2075 3886 2186 3955 (25)
2222 3885 2324 3955 CC.
2358 3885 2421 3955 Ρ.
2459 3885 2631 3947 οὐδεὶς
2664 3885 2813 3953 γοῦν.

327 3952 583 4008 narratur
611 3956 814 4023 fabula,
838 3955 964 4007 vidit
991 3952 1258 4024 [Minoam
1288 3952 1437 4022 τιῐριο
1453 3952 1672 4021 puerum
1696 3954 1907 4023 prodire

325 4025 591 4095 sepulcro,
612 4024 801 4095 [Quem
826 4025 999 4095 senior
1021 4034 1159 4077 vates
1181 4026 1351 4077 avium
1373 4024 1627 4095 clangore
1645 4032 1906 4095 repertum

328 4092 890 4165 [Graiiiiiie—restituit;
919 4095 1066 4165 inii-re
1103 4109 1223 4165 itam
1252 4109 1461 4146 munere
1498 4092 1908 4165 sorti§_[Diiicia

326 4161 484 4216 nulla
518 4178 712 4226 necem,
750 4162 1082 4231 eitamidedit
1125 4163 1370 4215 horridus
1399 4164 1606 4231 anguis.
1637 4161 1767 4217 Vide
1799 4162 1906 4216 Pa-

329 4235 617 4300 Ιειξνιωιυιιι
639 4248 759 4300 cap.
792 4233 883 4297 27,
912 4230 1181 4303 Hyginum
1212 4232 1343 4303 Fab.
1369 4232 1489 4295 156,
1510 4232 1901 4303 Apollodorum

328 4318 454 4357 cuin
485 4302 674 4370 primis
706 4303 843 4358 libro
871 4300 1063 4372 iii,'(5,
1092 4303 1154 4368 l;
1187 4302 1274 4365 10,
1301 4302 1378 4372 5).
1409 4300 1664 4371 Reliquas
1695 4301 1904 4356 fabulas

328 4384 590 4427 excutere
635 4374 850 4428 animus
881 4386 989 4427 non
1037 4383 1140 4427 est.
1190 4372 1385 4425 Mirum
1430 4387 1576 4436 vero,
1625 4373 1904 4441 ignorasse

331 4444 619 4511 plerasque
646 4441 910 4513 Hyginum
930 4481 943 4506 ,
970 4443 1253 4513 quicaput
1284 4442 1385 4495 251
1419 4442 1544 4496 hinc
1565 4452 1775 4513 poterat
1798 4442 1902 4513 sibi

329 4526 492 4566 suum
536 4510 754 4566 auctius
792 4510 1011 4582 ponere.
1054 4510 1240 4567 [Eueni
1272 4527 1487 4567 summa
1533 4512 1765 4582 eruditio
1791 4512 1902 4582 jam

333 4584 461 4659 hinc
500 4591 756 4659 apparet,
807 4584 897 4651 qui
942 4583 1159 4659 intimas
1199 4584 1361 4636 etiam
1379 4590 1465 4659 _et
1518 4581 1678 4651 vulgo
1715 4597 1905 4651 parum
1946 4605 1988 4659 ο

335 4652 751 4722 ιιιὶιειενιιῲειιρε
782 4653 995 4722 noverit
1024 4653 1343 4722 producere.
1376 4651 1474 4705 BA.

408 4721 522 4791 (15)
553 4720 660 4791 CC.
776 4719 1088 4791 μαθὼντῆν
1119 4723 1276 4775 πόαν.

409 4790 522 4861 (ιθ)
691 4790 746 4843 Ρ.
783 4792 876 4846 καὶ
904 4790 1144 4861 Τύμωνα
1170 4791 1360 4845 Λυδόν.

409 4860 519 4933 (17)
549 4860 637 4933 De
657 4860 877 4933 Eudoso
906 4860 1172 4933 Laertius,
1206 4877 1321 4929 vni,
1351 4863 1441 4930 90,
1478 4861 1586 4917 alii.
1615 4860 1709 4915 BA.

407 4929 520 5003 (18)
817 4930 1120 5002 Ἀριστέαν.

408 4999 519 5073 (19)
560 5001 666 5057 CC.
801 4999 1132 5071 Συνέπομαι.

409 5071 521 5143 (20)
557 5073 663 5143 (ξω.
805 5072 1112 5143 Ἀριστέας.
1151 5081 1193 5100 ⁸⁸

413 5141 525 5213 (21)
556 5141 663 5213 CC.
699 5142 759 5196 P.
795 5142 1099 5210 ἐπερωτᾷν.

411 5210 523 5283 (22)
573 5212 698 5283 Vide
741 5213 1075 5266 Herodotum
1123 5226 1199 5283 iv,
1247 5211 1349 5274 Li;
1403 5210 1753 5283 Plutarchum
1803 5210 1913 5263 [lo-

336 5279 507 5347 iiiiilo,
540 5281 709 5347 c.28;
746 5282 1084 5350 Apollonium
1120 5280 1351 5335 Mirabil.
1382 5297 1431 5336 c.
1459 5284 1523 5346 2;
1555 5292 1659 5335 etc.
1691 5279 1915 5334 Poetam

339 5362 488 5409 hunc
519 5355 793 5407 hominem
821 5353 985 5404 fuisse
1015 5353 1276 5405 discimus
1298 5367 1361 5405 ex
1387 5356 1577 5405 AtiiCis
1603 5350 1909 5415 Pausaiiiaa,

334 5442 388 5478 c.
421 5426 512 5488 2i,
541 5425 595 5486 6,
625 5422 866 5545 agmina
899 5421 1015 5487 ejus
1038 5424 1103 5473 de
1129 5422 1394 5491 grypliuiii
1431 5422 1654 5475 historia
1680 5435 1914 5474 comme-

336 5506 624 5545 moiantis.
712 5509 764 5544 Α.

336 5512 448 5548 13101
463 5506 549 5547 ant
564 5510 624 5545 IS.
666 5506 737 5545 UA
751 5531 764 5544 .

414 5566 523 5634 (25)
553 5562 658 5617 (ΖΟ.
684 5564 742 5616 Ρ.
781 5562 1046 5634 Καθάπερ
1084 5561 1215 5634 πρὸς
1248 5560 1437 5614 θαλλὸν
1463 5563 1531 5616 τὰ
1564 5561 1723 5630 θρέμ.

416 5632 524 5703 (24)
560 5632 1089 5699 Κορυϐαντιώντες.
1121 5632 1404 5703 Furentes.
1434 5635 1595 5687 Schol
1619 5643 1762 5688 astes
1791 5637 1916 5689 Ari-

338 5701 621 5773 stophanis
646 5703 892 5770 Vespsfl;
917 5701 1694 5772 Suidas,Hesycliiiis,l’liiiiiis,
1724 5705 1812 5759 lib.
1854 5721 1914 5769 it,

2074 3953 2185 4022 (26)
2213 3954 2321 4009 CC.
2354 3953 2411 4008 P.
2448 3955 2712 4024 ἀνταίρει.

2078 4024 2187 4095 (27)
2228 4022 2576 4097 Ἀοςπονδονζ
2608 4022 2896 4097 πόλεμον.
2932 4024 3231 4097 Hesychius
3258 4044 3273 4097 ς
3297 4026 3580 4097 ,ἄσπονδον

2006 4093 2185 4166 ἀγριοι
2212 4135 2226 4159 ,
2256 4094 2468 4166 ἐχθροξ,
2493 4093 2587 4147 καὶ
2620 4093 3161 4166 μὴμνημονεύοντες
3191 4096 3374 4165 φιλίας
3403 4096 3435 4166 ἢ
3465 4097 3584 4150 διαο

2010 4162 2213 4226 θέσεως
2238 4202 2253 4226 ,
2288 4162 2645 4217 άδιάλλακτοι
2685 4162 2872 4218 sums.
2908 4194 2978 4204 —
3027 4162 3587 4233 ’AmipimtorfSaiie

2010 4249 2170 4289 secus
2210 4248 2455 4289 censeas.
2488 4233 2622 4287 Nam
2656 4249 2718 4288 ex
2751 4234 2994 4302 professo
3024 4238 3169 4289 velut
3212 4236 3412 4289 bellum
3445 4237 3585 4289 indi-

2010 4314 2154 4358 ctum
2181 4305 2440 4376 gerebant
2462 4304 2852 4376 sophistaehoc
2871 4306 2992 4376 deo.
3024 4303 3186 4359 Forte
3210 4306 3421 4376 melius,
3448 4307 3587 4376 ἀκή-

2012 4373 2198 4444 ρυτον,
2226 4373 2370 4442 quod
2407 4373 2677 4445 néyaAzal
2716 4373 3068 4429 ἀδιάλλακτον
3101 4376 3238 4429 idem
3276 4373 3581 4445 Hesychius

2011 4442 2419 4516 interpretatur.
2466 4442 2573 4499 Sed
2599 4445 2906 4516 ἀκήρυκτον
2940 4448 3102 4499 etiam
3137 4442 3433 4513 legationes
3474 4460 3584 4499 non

2012 4515 2325 4567 admittens.
2360 4513 2458 4569 ΒΛ.

2086 4582 2367 4658 (‘28)_Non
2418 4584 2619 4639 mirum
2669 4584 2734 4639 de
2781 4583 3006 4658 Platone
3050 4585 3167 4641 hinc
3214 4585 3363 4658 fingi,
3422 4603 3582 4658 quem

2019 4656 2181 4707 etiam
2212 4653 2265 4707 iii
2296 4654 2524 4725 deorum
2560 4669 2851 4725 numerum
2885 4657 3017 4725 (imo
3043 4653 3382 4710 aeuzideoriun
3408 4653 3582 4723 {vide

2021 4725 2334 4791 Aitgustiu.,
2375 4724 2447 4777 De
2476 4723 2619 4778 civit.
2655 4724 2767 4786 Dei,
2809 4739 2869 4790 Il,
2896 4723 2997 4790 ‘14;
3030 4726 3084 4791 8,
3122 4728 3207 4792 15)
3260 4728 3488 4781 relatum
3519 4742 3586 4781 ex

2020 4793 2272 4848 LabeOue
2311 4795 2502 4847 scribit
2558 4793 2620 4847 Β.
2687 4795 3054 4862 Augustinus,
3105 4811 3227 4850 cum
3286 4798 3428 4850 titillat
3477 4814 3585 4851 non

2022 4865 2438 4934 sectaimaxima
2476 4864 2986 4934 certatimque-que
3023 4869 3088 4920 de
3117 4881 3216 4920 suo
3250 4869 3477 4922 mentita
3515 4869 3587 4921 sit

2023 4933 2282 5005 principe.
2322 4930 2451 5005 Vide
2474 4948 2599 5005 qua:
2637 4934 2706 4989 de
2736 4930 3039 5005 Pythagora
3077 4936 3427 5001 liimblichus,
3462 4938 3582 5000 alii;

2018 5003 2085 5058 de
2111 5003 2371 5075 sophistis
2401 5004 2515 5057 suis
2546 5003 3036 5073 paratragmdiatur
3067 5007 3364 5075 Euiinpius.
3400 5008 3582 5060 Plato-

2020 5088 2139 5144 item
2170 5088 2201 5126 e
2234 5074 2336 5127 deo
2363 5076 2528 5144 etiam
2568 5076 2806 5144 genitum
2841 5075 3155 5140 credidere,
3208 5074 3265 5130 ut
3321 5089 3588 5131 testamur

2019 5141 2320 5215 ﬂesychius
2375 5141 2631 5215 illustris,
2687 5144 2953 5215 Diogenes
3010 5145 3277 5207 Laertius,
3330 5146 3609 5212 Apuli-ius.

2019 5212 2151 5286 illiw
2201 5226 2328 5265 vero
2382 5213 2561 5286 fabula
2593 5253 2609 5275 ,
2658 5212 2826 5286 quant
2864 5216 2931 5268 de
2984 5217 3294 5286 Christiano
3346 5220 3585 5286 quintam

2018 5282 2298 5336 Platonem
2356 5282 2694 5338 conviciari‘
2730 5284 2890 5340 solito
2959 5286 3119 5338 refert
3175 5282 3380 5337 SinaitJ
3444 5283 3591 5337 Ana-

2028 5352 2253 5417 stasius,
2299 5354 2344 5407 si
2402 5354 2446 5406 is
2501 5366 2614 5417 est,
2667 5366 2859 5424 quiest.
2895 5354 3013 5418 111,
3058 5369 3178 5422 quae
3214 5369 3335 5424 cum
3373 5353 3592 5408 Christo

2029 5424 2391 5477 resurrexisse
2422 5422 2799 5493 philosophum
2827 5424 3021 5477 docere
3056 5422 3591 5493 vultaNequaquam,

2029 5493 2226 5561 inquit,
2259 5495 2390 5546 diris
2423 5496 2692 5547 deoaeebis
2726 5494 2984 5547 hominem
3026 5504 3144 5546 ante
3182 5492 3378 5546 Christi
3401 5493 3595 5545 aduen-

2026 5573 2137 5615 tum
2169 5566 2503 5629 aelimctum;
2531 5581 2652 5617 nam
2678 5574 2727 5617 et
2750 5565 2817 5615 ad
2845 5563 3039 5630 inferos
3073 5564 3378 5627 prwdicntio
3405 5561 3594 5615 Salva-

2027 5637 2153 5685 toris
2188 5640 2438 5701 pervenit.
2472 5631 2656 5685 Fertur
2696 5635 2909 5703 antiqua
2937 5634 3152 5684 Ii‘mliiio
3183 5634 3245 5684 de
3286 5633 3595 5693 Si‘llUlu‘liCO

2024 5704 2272 5769 quodam,
2304 5704 2394 5773 qui
2422 5704 2585 5754 multa
2610 5709 2797 5772 probra
2841 5705 2891 5755 in
2929 5703 3192 5755 Platonem
3221 5703 3583 5771 μΙιὲιοδομηίιιιιη
