4032 6144
497 293 3688 363 Μ

1689 577 1873 620 (τικοΑ
1925 577 2074 620 ΛΚΝ.
2124 576 2272 618 σιω.
2322 574 2529 615 DXSX.

1352 887 2873 1102 ZACHABIAS

1213 1343 2014 1471 EPISCOPUS'
2124 1347 2997 1462 MITYLENES.

1841 1852 2384 1946 NOTITIA.

1296 2120 1586 2184 (GALLAND.,
1625 2119 1860 2167 Veterum
1922 2118 2128 2167 Patrum
2185 2112 2434 2173 Biblioth.,
2471 2120 2506 2163 t.
2544 2113 2623 2174 XI,
2658 2113 2742 2164 Pr.
2778 2112 2946 2176 p.‘X.)

587 2542 937 2616 Zacharias,
975 2538 1370 2602 Alexandriae
1411 2537 1684 2618 primum
1728 2537 1946 2599 litteris
1982 2535 2462 2598 humanioribus
2503 2533 2804 2607 imbutus,
2845 2531 3254 2613 postmodum
3299 2546 3379 2592 ex
3433 2530 3752 2594 rhetorum

501 2646 742 2711 scholis
795 2660 1083 2722 egressus
1144 2641 1703 2722 jurisprudentiam
1768 2640 2092 2714 excoluit;
2138 2645 2327 2720 atque
2373 2638 2452 2700 ad
2499 2637 2707 2700 forum
2762 2652 2830 2698 se
2883 2635 3240 2710 conferens,
3304 2633 3753 2696 causidicinam

505 2746 719 2826 Beryti
758 2743 1079 2824 professus
1109 2750 1201 2803 est
1235 2741 1344 2819 (1),
1376 2739 1740 2802 Scholastici
1794 2747 2130 2820 prepterea
2164 2745 2656 2818 cognomentum
2691 2743 3067 2800 consecutus
3099 2758 3113 2799 :
3161 2753 3239 2800 eo
3277 2737 3448 2799 enim
3490 2735 3752 2798 nomine

501 2848 924 2909 censebantur
961 2843 1070 2922 qui
1120 2860 1340 2904 causas
1379 2842 1445 2903 in
1470 2841 1610 2903 foro
1640 2843 1996 2916 actitabant,
2041 2849 2108 2904 ut
2126 2844 2256 2923 jam
2290 2842 2532 2922 pridem
2564 2848 2707 2921 post
2731 2840 2889 2903 alios
2931 2841 3322 2903 observatum
3381 2839 3627 2902 Valesio
3661 2835 3744 2917 (2)

502 2943 932 3020 intelligimus.
961 2941 1270 3019 Deinceps
1290 2957 1439 3001 vero
1470 2939 1924 3019 ejusdoctrinaa
1944 2941 2108 3003 fama
2139 2942 2320 3004 latius
2349 2947 2703 3022 pervagata,
2725 2939 3019 3003 Ecclesiaa
3040 2940 3436 3020 Mitylenensi
3464 2941 3758 3021 regenda)

501 3046 869 3129 praeﬁcitur.
909 3042 1138 3103 Claruit
1167 3042 1331 3104 circa
1369 3059 1605 3103 annum
1639 3041 1860 3103 Christi
1894 3041 2028 3102 530.
2069 3046 2248 3105 Anno
2278 3060 2550 3122 namque
2598 3041 2708 3104 536
2748 3041 3016 3104 concilio
3069 3043 3759 3124 ConstantinOpolitano

499 3146 815 3218 interfuit,
855 3143 1153 3204 adversus
1193 3140 1588 3220 Authimum,
1617 3142 1912 3202 Severum
1961 3141 2246 3222 aliosque
2294 3141 2756 3220 Acephalorum
2797 3141 3140 3221 principes,
3179 3143 3296 3204 sub
3323 3145 3552 3204 Menna
3585 3142 3758 3206 cele-

505 3248 722 3316 brato;
754 3243 818 3302 in
854 3242 1033 3320 cujus
1057 3240 1223 3302 Actis
1266 3241 1400 3318 ejus
1442 3240 1677 3301 mentio
1721 3239 1986 3301 subinde
2033 3239 2303 3301 occurrit
2333 3238 2444 3319 (3),
2483 3245 2673 3318 atque
2701 3240 2942 3318 ubique
2974 3241 3393 3319 metropolitaa
3426 3241 3611 3304 titulo
3649 3243 3754 3302 in-

504 3343 737 3424 signiti,
775 3349 1047 3419 Ζαχαρίου
1078 3347 1174 3418 τῆς
1212 3345 1592 3414 Μιτυληναίων
1609 3347 2012 3417 μητροπόλεως.
2062 3341 2096 3398 Ι

2229 3357 2240 3398 ε
2282 3339 2476 3400 miror
2517 3337 2836 3417 equidem,
2888 3338 2970 3400 cl.
3024 3340 3367 3419 Lequienio
3406 3349 3758 3422 suspectam
3820 3353 3821 3356 ‘

511 3461 650 3507 esse
681 3457 900 3503 vocem
949 3445 1335 3517 μητροπόλεως
1372 3437 1451 3516 (4)
1493 3437 1556 3498 in
1597 3438 1818 3499 iisdem
1854 3439 2019 3499 Actis
2055 3439 2287 3518 saepius
2341 3439 2714 3518 repetitam;
2748 3455 2889 3500 cum
2935 3440 3277 3518 prtesertim
3322 3442 3618 3520 Mitylene
3664 3442 3762 3504 in-

507 3548 659 3609 sulze
693 3541 1054 3607 clarissimae
1086 3540 1264 3601 Lesbi
1292 3543 1560 3602 maxima
1589 3541 1908 3603 civitatum
1940 3541 2265 3602 habeatur.
2300 3540 2455 3612 Quid
2490 3541 2659 3619 quod
2690 3541 2754 3601 in
2788 3540 3204 3602 vetustissima
3236 3541 3479 3602 Notitia
3510 3541 3760 3604 Gracc-

505 3662 651 3707 rum
687 3641 1150 3718 episcopo-tuum
1185 3657 1223 3696 a
1261 3639 1455 3699 Leone
1492 3639 1785 3718 Sapiente
1839 3639 1922 3698 ad
1962 3637 2387 3700 Andronicum
2423 3639 2862 3717 Palamlogum,
2914 3640 3183 3717 Georgio
3212 3641 3448 3703 Codino
3493 3659 3529 3703 a
3557 3644 3762 3704 Goaro

509 3743 784 3822 subjecta
818 3739 925 3819 (5),
956 3737 1022 3796 in
1051 3737 1375 3815 provincia
1403 3737 1623 3798 insulae
1674 3738 1855 3798 Lesbi
1908 3737 2235 3815 Mitylenes
2268 3738 2491 3816 praesul
2525 3739 2924 3818 metrOpolita
2953 3740 3180 3802 dicitur
3203 3739 3271 3800 47
3303 3759 3318 3802 :
3349 3750 3614 3819 ἐπαρχίας
3669 3753 3764 3820 νή-

513 3866 606 3902 σου
657 3849 862 3903 Λὲσὸου
883 3850 911 3901 ὁ
939 3846 1248 3916 Μιτυλήνης
1294 3845 1402 3914 μξν.
1435 3836 1549 3908 Qui
1581 3841 1640 3897 et
1677 3834 1836 3896 infra
1870 3834 1974 3914 (6),
2007 3837 2072 3895 in

2172 3835 2347 3896 rdine
2372 3837 2788 3914 praesidentiw
2841 3838 3401 3916 metropolitarum,
3435 3840 3545 3900 ubi
3583 3842 3764 3902 sedes

512 3938 962 4017 Hitylenensis
1029 3940 1431 3997 enumeratur
1483 3933 1747 3993 thronus
1805 3931 2316 4010 quadragesimus
2370 3949 2599 4006 nonus,
2663 3932 2868 3993 eidem
2927 3935 3062 3995 sedi
3110 3934 3592 4014 metropoliticm
3651 3955 3764 3998 sex

513 4040 916 4119 episcopatus
949 4036 1384 4115 subjiciuntur.
1422 4037 1494 4093 At
1539 4049 1687 4093 vero
1726 4030 1826 4092 his
1861 4031 2087 4104 missis,
2151 4048 2279 4110 quo
2335 4031 2588 4092 demum
2633 4049 2801 4095 anno
2858 4051 2893 4096 e
2948 4035 3102 4097 vivis
3159 4036 3498 4098 excesserit
3543 4046 3769 4101 noster

511 4140 840 4217 Mitylenes
887 4139 1165 4207 antistes,
1193 4135 1354 4197 haud
1387 4135 1572 4214 plane
1593 4139 1986 4212 compertum
2019 4132 2346 4194 habemus.
2380 4133 2552 4194 Diem
2585 4143 2754 4196 certe
2786 4155 3150 4217 supremum
3189 4139 3413 4200 obierit
3435 4138 3597 4201 circa
3629 4157 3765 4202 me-

515 4243 688 4301 dium
719 4239 936 4302 saeculi
973 4256 1059 4298 v1.
1125 4239 1277 4296 Nam
1306 4235 1579 4296 concilio
1608 4252 1649 4292 v
1681 4231 2070 4295 (ecumenico
2099 4232 2788 4311 Constantinopolitano
2811 4253 2876 4310 ιι,
2909 4252 3076 4297 anno
3127 4236 3236 4296 553
3293 4244 3535 4310 coacto,
3567 4238 3762 4303 inter-

512 4343 709 4404 fuisse
757 4342 1048 4403 novimus
1092 4341 1399 4401 Joannem
1437 4339 1816 4397 Cucusorum
1853 4335 2251 4414 episcopum,
2284 4335 2484 4396 vicem
2530 4343 2819 4412 agentem
2877 4338 3136 4400 Palladii
3196 4340 3614 4419 metropolitaa
3660 4345 3768 4402 Mi-

511 4445 860 4523 tylenensis
899 4446 980 4524 (7)
1017 4461 1030 4503 :
1065 4443 1171 4522 qui
1195 4458 1344 4502 sane
1376 4441 1538 4502 inter
1570 4437 1866 4499 Ecclesiae
1902 4437 2232 4516 Mitylenes
2274 4437 2577 4515 praesules
2614 4438 2780 4500 haud
2813 4441 3382 4520 prtetermittendus
3412 4451 3540 4504 erat
3569 4460 3604 4504 a
3651 4445 3766 4503 Le-

515 4547 773 4624 quienio
813 4544 924 4625 (8),
962 4544 1069 4605 sed
1121 4540 1590 4623 praeponendus
1639 4540 1937 4616 Gregorio
1964 4540 2013 4611 Ι,
2046 4555 2234 4616 quem
2277 4537 2437 4598 inter
2473 4539 2686 4602 Patres
2707 4542 2954 4602 concilii
2975 4542 3644 4621 Constantinopolitani
3675 4561 3765 4614 ιιι,

516 4645 824 4722 generalis
855 4660 941 4716 γι,
971 4660 1138 4703 anno
1167 4642 1280 4703 680
1331 4640 1652 4713 celebrati,
1707 4641 1942 4701 sedisse
1980 4640 2268 4700 novimus
2303 4639 2414 4719 (9).
2450 4643 2643 4704 Porro
2689 4660 2765 4704 ex
2808 4643 2884 4705 iis
2922 4659 3065 4722 qum
3112 4643 3303 4704 modo
3359 4642 3437 4704 de
3488 4643 3767 4704 Palladio

515 4743 817 4816 diximus,
856 4741 1215 4820 corrigendi
1266 4751 1410 4803 sunt
1465 4743 1712 4804 Miraeus
1743 4739 1888 4820 (10),
1934 4740 2214 4802 Oudinus
2271 4741 2420 4821 (ll),
2451 4743 2889 4811 Tillemontius
2939 4744 3059 4825 (12)
3111 4743 3367 4822 aliique,
3410 4750 3479 4805 ut
3531 4744 3769 4805 dudum

515 4844 761 4904 monuit
789 4843 1106 4904 Fabricius
1140 4841 1260 4920 (13)
1289 4860 1304 4915 ;
1338 4844 1446 4921 qui
1476 4859 1644 4904 anno
1679 4841 1789 4902 553
1819 4841 2022 4903 eidem
2041 4842 2312 4905 concilio
2341 4843 3034 4923 Constantinopolitano
3067 4863 3136 4920 ιι,
3169 4843 3446 4924 generali
3474 4861 3540 4919 v,
3570 4844 3767 4905 inter-

516 4942 716 5005 fuisse
745 4943 1102 5005 Zachariam
1139 4941 1351 5021 quode
1380 4941 1648 5020 agimus,
1680 4941 1954 5004 tradunt.

587 5170 665 5238 (Ι)
686 5170 920 5225 Zachar.
950 5169 1098 5222 Dial.
1127 5169 1334 5238 initio:
1636 5237 1643 5238 ί
1695 5237 1704 5238 7
1916 5202 1931 5212 -
2274 5168 2350 5237 (8)
2381 5167 2641 5238 Lequien.
2668 5166 2703 5221 l.
2737 5182 2786 5238 c.

589 5235 668 5306 (εὶ)
703 5239 880 5294 Vales.
925 5238 1028 5292 Vit.
1066 5238 1272 5293 Socrat.
1299 5237 1471 5292 Schol.
1505 5238 1606 5292 sub
1633 5237 1751 5290 init.
2014 5304 2052 5306 μ
2274 5235 2350 5305 (9)
2381 5235 2584 5292 ama.
2609 5247 2740 5291 tom.
2774 5235 2881 5298 VII,
2910 5251 3028 5305 pag.
3065 5237 3202 5292 1070
3235 5238 3288 5291 b.

590 5304 669 5376 (5)
703 5309 910 5363 Concil.
939 5319 1048 5362 tom
1106 5307 1173 5371 V,
1201 5323 1324 5375 pag.
1364 5308 1488 5372 965,
1519 5325 1570 5360 a.
1623 5307 1781 5360 1021.
1829 5320 1880 5359 a.
1938 5304 2096 5372 1025,

1969 5304 2096 5372 025,
2279 5307 2391 5376 (10)
2421 5306 2540 5376 Mir.
2563 5309 2786 5376 Augtar.
2826 5310 2892 5360 de
2915 5304 3111 5375 'script.
3145 5308 3280 5361 ecel.
3315 5320 3437 5376 pag.
3467 5305 3559 5360 28.

512 5392 568 5432 a.
602 5374 762 5443 1057,
793 5394 842 5432 c.
867 5380 1000 5431 edit.
1037 5377 1079 5430 l.
1116 5374 1434 5431 'Ven-Labb.
1735 5445 1749 5446 γ
1816 5445 1825 5446 7

2277 5374 2390 5444 (11)
2419 5375 2617 5446 Ondin.
2649 5374 2724 5446 De
2747 5377 2934 5444 script.
2965 5374 3102 5446 cce].
3140 5386 3272 5430 tom.
3301 5374 3342 5438 1,
3375 5374 3497 5446 pag.
3542 5374 3695 5430 me.

699 5446 1320 5524 [:eqiiien._0r.u(.‘hriu.
1354 5446 1559 5524 toni_._[,
1586 5459 1706 5524 pag.
1728 5445 1856 5524 9516.
1881 5517 1891 5524 _
2414 5445 2625 5524 Iillem.
2661 5445 2828 5524 hiem.
2856 5443 2984 5524 tom.
3026 5443 3112 5510 IV,
3135 5460 3261 5524 pag.
3291 5447 3417 5499 408.

593 5514 672 5585 (5)
708 5516 879 5570 Nam.
904 5517 1067 5583 episc.
1095 5515 1268 5569 (ἔναξε.
1305 5531 1424 5586 pag.
1450 5516 1576 5580 559,
1606 5517 1737 5568 edit.
1776 5515 1945 5568 Paris.

2207 5584 2246 5586 __
2274 5514 2386 5586 (Ιὸ)
2423 5514 2644 5586 Fabric.
2685 5514 2816 5586 Bibl.
2856 5516 2951 5568 Gr.
2997 5514 3251 5586 tom_.lX,
3294 5531 3414 5584 pag.
3440 5517 3563 5582 556,
3610 5525 3662 5570 et
3707 5515 3773 5571 de

589 5583 668 5656 (6)
703 5586 836 5640 Ibid.
871 5601 990 5652 pag.
1023 5586 1160 5656 59'].
1306 5583 1316 5586 ⁷
1385 5583 1395 5584 ί
2207 5583 2375 5639 Verrit.
2408 5584 2558 5653 relig.
2588 5583 2788 5637 Christ.
2834 5599 2986 5654 pagg.
3030 5584 3123 5637 108
3170 5600 3283 5654 seq.

589 5657 667 5728 (7)
695 5657 897 5711 Concil.
937 5665 1066 5710 tum.
1099 5655 1187 5721 Vl,
1209 5670 1362 5726 pagg.
1397 5656 1478 5722 l6,
1513 5674 1559 5710 (ε.
1587 5666 1641 5710 et
1672 5656 1775 5711 218
1799 5671 1846 5710 e.
