4032 6144
354 373 487 442 1021
1345 371 1803 434 DISPUTATIO
1844 371 1942 432 DE
1980 370 2233 432 MUNDI
2269 351 2621 432 OPIFICIO.
3459 367 3594 432 mea

349 491 453 560 τὴν
487 485 839 558 Ἀλεξάνδρου
866 523 884 550 ,
911 485 1004 540 καὶ
1045 486 1173 548 τοὺς
1201 482 1394 546 ἀλλους
1429 480 1626 550 σοφοὺς
1666 476 1925 550 ἐμμελῶς

2038 476 2196 532 Lulum
2242 491 2526 548 arrogans,
2558 478 2610 532 in
2642 475 2931 532 Alexandri
2965 475 3098 532 urbe
3147 475 3281 531 alios
3311 477 3478 532 etiam
3506 493 3597 533 sa-

353 579 530 633 ποιεῖν
549 575 1022 648 ἐπαγγελλόμενος
1047 617 1064 642 ,
1095 576 1211 630 ὅσοι
1247 577 1305 638 ές
1329 573 1497 628 αὑτοῦ
1531 569 1762 642 φοιτῶσι
1789 609 1805 633 ,
1837 569 1931 624 καὶ

2038 568 2244 637 pientes
2290 567 2500 638 prolixe
2531 583 2592 624 se
2617 566 2936 624 ellecturum
2981 567 3266 636 pollicetur
3287 607 3303 632 ,
3335 578 3600 638 quotquot

348 670 422 726 τά
453 667 568 725 ὦτα
587 667 742 739 αὐτῷ
763 668 1088 742 παρέχουσι.

2038 659 2098 712 ad
2131 672 2192 712 se
2227 657 2467 713 discendi
2493 667 2668 729 gratta
2704 659 3054 725 venerint,et
3085 673 3244 714 aures
3263 657 3363 714 sibi
3392 657 3600 729 patien-

2033 760 2115 805 ter
2132 751 2685 805 accommodarerint.

423 865 489 920 Β.
505 863 818 936 ’Δμμωνίου
849 861 964 936 (25)
997 861 1128 934 πέρι
1151 860 1518 916 πυνθάνεσθαί
1547 879 1637 932 μοι
1665 861 1862 928 δοκεῖς,
1884 859 1931 920 ὦ

2101 858 2164 914 Β.
2202 858 2276 912 De
2323 857 2608 916 Ammonio
2655 857 2966 928 percontari
3019 859 3150 913 mihi
3178 858 3396 924 videris,
3450 860 3605 914 beate

357 955 592 1028 μακάριε
619 994 636 1021 ,
684 951 950 1018 τοιούτοις
985 953 1096 1024 7&9
1140 951 1304 1007 αὐτὸν
1351 950 1532 1020 λόγοις
1571 949 1768 1015 εῑωθας
1804 951 1935 1005 ἀπο-

2038 949 2117 1004 vir
2157 966 2173 1004 :
2215 947 2479 1019 ejusmodi
2517 951 2660 1004 enim
2701 949 2882 1004 verbis
2920 947 3202 1004 hominem
3233 949 3410 1004 ridere
3438 949 3603 1006 soles.

355 1047 648 1104 σκώπτειν.

425 1162 491 1214 A.
521 1159 634 1213 Καὶ
661 1155 771 1231 γὰρ
799 1155 974 1221 οὕτως
1004 1155 1118 1228 ἔχει
1152 1156 1290 1227 (24).
1337 1155 1514 1227 Φράξε
1561 1155 1626 1227 δὴ
1662 1151 1754 1209 οῦν
1783 1156 1932 1220 ὅπως

355 1250 510 1320 αὐτῷ
540 1249 602 1304 τὸ
641 1249 1061 1321 φροντιστήριον
1089 1247 1203 1319 ἔχει
1228 1287 1244 1314 ,
1293 1247 1387 1302 καὶ
1428 1248 1458 1301 ό
1486 1246 1596 1300 τῶν
1643 1246 1930 1316 ἀκροατῶν

357 1341 638 1409 σύλλογος,
669 1341 765 1394 καὶ
792 1341 841 1394 εί
868 1338 1128 1410 φοιτῶσιν
1157 1340 1214 1402 ἐς
1245 1336 1410 1392 αὐτοῦ
1443 1337 1610 1392 τανῦν
1649 1338 1760 1390 νέοι
1789 1337 1935 1401 τινὲς

355 1429 551 1499 ἀγαθοί
594 1445 656 1482 τε
703 1429 798 1484 καὶ
847 1428 1006 1483 καλοὶ
1055 1429 1152 1483 καὶ
1195 1429 1298 1498 τὴν
1346 1427 1524 1500 ψυχήν
1563 1427 1753 1484 ἀσυλοι
1795 1427 1930 1499 (25).

360 1521 473 1576 Καὶ
499 1519 608 1592 γάρ
653 1536 722 1591 με
761 1519 880 1584 δέος
912 1520 1054 1592 ίσχει
1088 1521 1324 1592 ἀκήριον
1352 1520 1673 1590 ἀγωνιῶντα
1709 1520 1820 1592 (26)
1858 1519 1971 1603 μὴ⁸

357 1611 618 1685 ἐμπλήσῃ
661 1611 763 1684 τῆς
803 1611 972 1667 αὑτοῦ
1015 1611 1336 1685 ἀδολεσχίας
1377 1615 1506 1679 τοὺς
1541 1614 1718 1678 νέους.
1748 1613 1934 1678 Δεινός

2103 1145 2167 1200 Α.
2209 1144 2300 1201 Sic
2325 1159 2410 1201 res
2446 1145 2627 1200 habet.
2665 1143 2763 1199 Dic
2785 1143 2972 1214 igitur,
2999 1143 3091 1214 qui
3157 1142 3272 1212 ipsa
3317 1141 3524 1207 schola,
3555 1152 3612 1196 et

2047 1237 2350 1292 auditorum
2387 1244 2684 1292 conventus
2715 1237 2883 1290 valet.
2953 1237 3109 1291 Anne
3139 1237 3206 1290 ad
3245 1235 3420 1302 ipsum
3465 1249 3608 1289 nunc

2035 1329 2404 1384 adolescentes
2431 1329 2603 1398 probi,
2633 1329 2866 1394 honesti,
2899 1329 3090 1383 animo
3133 1327 3441 1382 intemerati
3476 1341 3604 1380 ven-

2037 1418 2434 1474 titant?Va|de
2487 1419 2630 1474 enim
2665 1419 2864 1482 timeo,
2917 1434 3092 1488 neque
3138 1420 3190 1474 id
3235 1420 3353 1475 sine
3407 1433 3604 1488 magna

2034 1511 2202 1565 animi
2239 1525 2405 1566 cruce
2429 1551 2446 1576 ,
2483 1526 2552 1566 ne
2587 1511 2702 1566 suis
2732 1511 2946 1580 ineptiis
2982 1510 3241 1578 iuvenum
3267 1519 3476 1566 mentes
3502 1511 3606 1564 im-

2044 1601 2193 1656 buat.
2223 1599 2392 1655 llonm
2425 1603 2568 1656 enim
2611 1601 2714 1657 iste
2743 1605 2809 1655 ad
2846 1601 3275 1670 corrumpendos
3301 1599 3608 1670 iuventutis

358 1704 466 1776 7&9
494 1705 524 1759 ό
559 1703 701 1778 ἀνὴρ
743 1703 856 1777 (27)
904 1703 1215 1778 διαφθεῖραι
1261 1707 1396 1761 νέων
1427 1705 1607 1778 ψυχὰς
1629 1745 1646 1772 ,
1685 1707 1934 1777 ἀφιστῶν

2038 1690 2266 1754 animos,
2299 1690 2424 1744 dum
2470 1703 2501 1742 a
2532 1687 2644 1744 Deo
2675 1697 2840 1758 atque
2879 1689 3112 1744 veritate
3162 1687 3351 1759 procul
3376 1703 3473 1746 eos
3510 1689 3580 1743 ab

357 1795 493 1850 Θεοῦ
520 1795 616 1850 καὶ
643 1795 746 1868 τῆς
773 1795 1058 1868 ἀληθείας.

2038 1782 2203 1848 ducit,
2238 1795 2486 1851 magnam
2509 1781 2614 1835 vim
2647 1780 2829 1836 habet.

430 1889 491 1942 Β.
521 1887 646 1951 Πῶς
674 1885 853 1952 τοῦτο,
887 1887 1010 1942 εἰπέ
1037 1905 1054 1954 ;

2105 1877 2166 1932 Β.
2192 1876 2311 1945 Quo
2341 1875 2469 1932 illud
2494 1876 2689 1945 pacto?

426 2003 492 2056 Δ.
516 2002 630 2056 Οὐκ
655 1997 829 2064 οἶσθα,
850 2001 1186 2070 συγγέγονας
1207 2001 1316 2072 γὰρ
1331 2000 1410 2072 τῷ
1429 2001 1582 2071 ἀνδρὶ
1607 2001 1812 2072 καὶτῆς
1833 2001 1934 2054 αὑ-

2103 1989 2405 2046 A.Nescin’
2433 1997 2522 2056 tu,
2565 1991 2657 2060 qui
2693 1990 3118 2047 familiarissime
3161 1991 3251 2048 diu
3290 2006 3414 2048 cum
3442 2005 3508 2047 eo
3545 2005 3606 2046 es

358 2091 452 2146 τοῦ
479 2091 764 2154 συνουσίας
792 2090 995 2153 ἱκανῶς
1020 2092 1374 2162 μετείληφας,
1406 2093 1554 2156 ὅπως
1581 2091 1794 2157 δοξάζει
1836 2089 1933 2144 τοῦ

2038 2087 2281 2134 versatus
2330 2089 2494 2148 atque
2551 2080 2723 2150 ipsius
2766 2095 3060 2150 congressu
3114 2081 3383 2150 praecipue
3432 2096 3602 2146 usus.

360 2179 590 2254 οὐρανοῦ
615 2181 748 2251 πέρι
770 2181 867 2235 καὶ
886 2181 980 2236 τοῦ
999 2181 1158 2250 Θεοῦ;
1192 2183 1278 2247 Ὠς
1295 2183 1618 2248 ἀναϐιϐάζει
1661 2183 1796 2254 πρὸς
1835 2183 1936 2252 τὴν

359 2272 528 2344 αὐτὴν
555 2271 633 2343 τῷ
651 2271 772 2343 Θεῷ
787 2271 965 2339 ἀξίαν,
983 2275 1064 2338 είς
1087 2275 1181 2326 τὸν
1198 2275 1425 2344 οὐρανόν
1440 2273 1553 2344 (28)
1569 2293 1585 2340 ;
1605 2273 1932 2345 Γεγενῆσθαι

363 2365 463 2436 μὲν
484 2363 678 2433 λέγων,
712 2363 835 2419 κατ’
861 2365 1044 2420 αἰτίαν
1077 2365 1135 2418 δὲ
1175 2366 1355 2436 μόνον,
1392 2367 1665 2421 συναΐδιον
1690 2361 1827 2419 εἶναι
1857 2364 1934 2436 τῷ

361 2455 684 2526 πεποιηκότι
717 2455 868 2526 (29),
901 2457 996 2510 καὶ
1019 2457 1122 2511 οὐκ
1153 2457 1220 2512 ἀν
1249 2475 1383 2512 ποτε
1415 2457 1692 2528 φθαρῆναι
1731 2456 1850 2510 τόδε
1875 2456 1936 2509 τὸ

361 2545 490 2600 πᾶν.

429 2743 494 2802 Β.
549 2743 824 2800 Μανθάνω
873 2761 937 2798 τε
987 2745 1084 2799 καὶ
1129 2745 1306 2816 ἀληθῆ
1359 2745 1572 2814 λέγεις·
1621 2747 1714 2800 καὶ
1763 2746 1935 2819 ἡδέως

357 2833 428 2888 ἀν
464 2848 527 2886 σε
555 2831 806 2902 ἐροίμην,
837 2833 887 2886 εί
919 2833 994 2904 μὴ
1023 2832 1183 2887 τοῦτο
1220 2833 1394 2898 οὓτως
1423 2834 1558 2905 ἔχει.
1604 2837 1792 2900 Δοκεϊς
1824 2837 1935 2906 γάρ

362 2941 460 2994 μοι
487 2921 732 2987 πιθανῶς
755 2925 853 2977 καὶ
873 2925 976 2978 οὐκ
999 2925 1262 2996 ἀκόμψως
1289 2927 1594 2998 ἐπιχειρεῖν
1635 2928 1768 2999 (50).

430 3101 494 3155 Α.
523 3099 716 3155 Βούλει
743 3096 858 3170 οῦν,
884 3096 930 3157 ὧ
957 3104 1162 3176 ἑταῖρε,
1192 3105 1335 3177 ἐμήν
1349 3123 1410 3159 τε
1436 3107 1532 3160 καὶ
1553 3105 1718 3160 αὐτοῦ
1747 3123 1936 3160 συνου-

361 3193 484 3246 σίαν
515 3192 850 3266 διηγήσομαί
887 3195 1001 3266 (5i)
1043 3212 1126 3250 σοι
1153 3195 1352 3268 πέρυσι
1385 3197 1762 3268 γεγενημένην
1786 3193 1933 3270 (3‘2);

360 3285 458 3340 καὶ
498 3285 646 3349 τίνες
680 3286 783 3357 μὲν
807 3289 857 3341 οἱ
885 3291 1018 3361 παρ’
1051 3290 1286 3356 ἐκείνου,
1317 3291 1464 3354 τίνες
1489 3291 1546 3344 δὲ
1567 3291 1617 3344 oi
1645 3292 1774 3363 παρ’
1800 3291 1935 3363 ἐμοῦ

361 3375 497 3447 πρὸς
521 3378 724 3434 ἐκεῖνον
757 3379 1055 3452 ἐτύγχανον
1090 3381 1259 3450 λόγοι,
1295 3381 1595 3448 πυθέσθαι;

431 3555 492 3612 Β.
525 3557 668 3628 Λέγε
692 3559 779 3632 δή.
823 3561 1022 3624 Ἡδέως
1044 3559 1153 3630 γὰρ
1196 3561 1262 3614 ἂν
1295 3558 1612 3630 ἀκούσαιμι.

431 3649 496 3700 Δ.
558 3647 698 3700 Ἀλλ’
731 3649 879 3710 ὅπως
911 3647 985 3719 μή
1013 3665 1098 3712 τις
1127 3647 1296 3701 ἐλθὼν
1323 3647 1568 3720 ὲκκόπτῃ
1599 3665 1702 3717 μου
1725 3647 1815 3701 τὸν
1844 3644 1934 3700 λό⁴

316 3745 323 3750 ’
360 3752 477 3804 γον,
508 3735 666 3808 δεῦρό
703 3754 794 3790 σου
826 3737 926 3808 τῆς
951 3738 1134 3808 χειρὸς
1158 3737 1454 3808 λαϐόμενος
1478 3739 1679 3807 ἀπάγω
1709 3739 1858 3810 παρὰ
1877 3740 1938 3792 τὸ

361 3890 528 3964 αὐτοῦ
556 3890 809 3964 γλῶσσαν
834 3894 1093 3964 κινήσαςο
1132 3891 1344 3964 πρὸς-δν
1373 3892 1611 3964 ἔγραψεν
1625 3893 1879 3964 Ἰωάννης
1910 3894 1940 3945 ό

363 3958 680 4048 ἐπικληθεὶς
719 3958 1031 4048 (ξιλότιξτονός,
1065 3958 1208 4048 πάνυ
1255 3958 1599 4048 θαυμοισίωςι
1627 3958 1939 4048 ιὶπαὶιτήσας

359 4030 506 4085 κατά
545 4031 656 4085 τῶν
694 4037 763 4100 ιη’
817 4032 1292 4101 Ἐπιχειρημάτων
1323 4030 1489 4101 αὐτοῦ
1515 4031 1606 4084 καὶ
1641 4030 1824 4101 δείξας
1852 4031 1942 4084 ait-

363 4101 452 4172 τὸν
492 4101 608 4172 κάν
665 4095 779 4172 τοῖς
807 4095 1169 4172 κἘλληνικόῖς,
1211 4099 1296 4168 ἐφ’
1353 4095 1448 4172 οἷς)
1493 4101 1634 4172 μέγα
1695 4100 1938 4170 ἐφρόνει,

367 4169 556 4239 ἀμαθῆ
593 4170 692 4222 καὶ
722 4169 972 4240 ἀνόητον.
999 4169 1810 4240 Eadem_sententiaZachariae,
1839 4183 1941 4222 nec

369 4238 691 4294 immerente
728 4238 1138 4293 calumniatore.
1192 4238 1268 4292 Ex
1320 4239 1616 4306 interprete
1647 4239 1818 4292 altero
1852 4251 1941 4290 re-

367 4319 485 4362 tere
536 4311 918 4378 cognoscimus
969 4324 1163 4362 nomen
1210 4308 1386 4362 Procli
1421 4323 1532 4362 non
1568 4310 1804 4362 sermoni
1839 4307 1944 4362 Za-

365 4379 583 4440 chariae,
627 4380 720 4434 sed
776 4379 1106 4434 interlineari
1159 4379 1334 4447 spatio
1389 4378 1658 4433 incertum
1699 4379 1750 4432 in
1783 4391 1946 4447 mem;

365 4447 553 4518 brutiis
603 4457 902 4518 repertum,
953 4445 1321 4518 scriptumque
1351 4466 1364 4501 :
1395 4448 1547 4518 ἥκων
1579 4447 1637 4501 δὲ
1667 4447 1816 4518 ποιρά
1844 4445 1938 4500 τοῦ

363 4515 682 4586 φιλοσόφου,
713 4517 913 4588 μᾶλλον
947 4517 1004 4570 δὲ
1037 4517 1382 4586 ἀφιλοσόφου.
1421 4515 1554 4584 Quae
1602 4515 1762 4588 lectio
1804 4518 1940 4588 citra

363 4601 580 4642 onmem
625 4587 1052 4643 controversiam
1100 4588 1332 4651 genuina
1385 4598 1464 4642 εει
1510 4597 1563 4642 et
1611 4587 1936 4641 reducenda.

365 4653 723 4726 Philosophus
751 4659 895 4712 enim
928 4657 1049 4710 κατ’
1077 4655 1266 4726 ἐξοχὴν
1306 4656 1550 4713 Proclus.
1589 4658 1712 4724 quia
1745 4655 1940 4726 summi

364 4724 673 4794 philosophi
709 4727 882 4781 locum
929 4724 1177 4787 tenebat,
1199 4724 1358 4794 quem
1388 4727 1714 4796 ἀφιλόσοφον
1737 4725 1942 4796 θεάσο-

365 4809 465 4862 φον
497 4793 678 4864 dicere
707 4812 838 4850 sane
861 4807 980 4850 erat
1012 4793 1293 4863 inagna’de
1323 4809 1381 4850 se
1411 4793 1742 4864 promittere.
1773 4793 1867 4850 BA.

433 4863 552 4946 (25)
596 4865 940 4946 ᾉμμωιςίου.
978 4865 1290 4946 Ἀμμωνίου
1308 4863 1506 4935 μικροῦ
1531 4864 1626 4946 ¹εοῦ
1656 4865 1938 4946 Ἑρμείου,

365 4933 508 5006 aliis.
529 4933 587 4988 'ls
623 4933 850 5006 JOanuis
877 4933 1219 5006 grammatici
1243 4933 1452 5006 doctor,
1484 4935 1638 5004 cujus
1670 4933 1825 5006 (imo,
1852 4934 1942 5003 qui

367 5002 550 5075 hujus)
580 5020 646 5075 ex
695 5002 983 5075 colloquiis
1009 5019 1149 5075 suos?
1195 5003 1246 5056 in
1286 5004 1498 5075 Poster.
1547 5002 1941 5074 Analchom-

365 5073 662 5143 mentarios
691 5073 996 5129 confecisse
1023 5074 1325 5143 proﬁtetur.
1363 5074 1500 5128 Tm.

457 5141 547 5210 24)
581 5142 727 5197 Nihil
781 5153 976 5198 mutes.

455 5211 546 5281 25)
599 5212 717 5280 Τὴν
774 5212 988 5282 ψυχὴν
1022 5213 1264 5266 ᾶσυλοι.
1340 5210 1590 5266 Nondum
1671 5212 1939 5280 inquinati

364 5280 670 5335 dm'umnum
718 5280 964 5338 doctrina
987 5299 1051 5336 ex
1105 5283 1416 5351 sophisticis
1449 5283 1940 5350 argumentationi-

367 5351 497 5418 bus;
547 5351 740 5472 lquales
796 5354 1129 5408 venabantur
1186 5352 1258 5405 illi
1315 5362 1664 5418 corruptores
1733 5353 1942 5405 auium-

370 5435 508 5472 rum.
589 5435 642 5472 Α.

370 5435 426 5470 I‘ll
437 5436 508 5472 Ill.
547 5435 618 5472 UA
628 5460 642 5474 .

435 5489 550 5558 (26)
595 5489 972 5558 Ἀγωνιῶντα.
1007 5489 1273 5543 Laborem
1310 5505 1464 5558 suum
1519 5498 1704 5542 contra
1735 5489 1941 5542 indicat

371 5557 614 5628 nitentis.
655 5557 926 5627 Satagere,
972 5561 1046 5614 ita
1083 5559 1306 5628 exponit
1345 5557 1576 5628 Cyrillus
1626 5559 1937 5628 glossogra-

369 5629 528 5698 phus.
553 5627 708 5698 Saepe
735 5626 904 5698 utitur
931 5631 1030 5684 hoc
1064 5631 1228 5698 verbo
1251 5626 1494 5698 Justinus
1519 5626 1740 5692 Murtyr.
1769 5627 1862 5680 ΒΑ.

439 5697 552 5768 (27)
584 5697 786 5762 Δεινός
822 5697 930 5765 γὰρ
959 5701 992 5752 ό
1033 5697 1210 5765 ἀνήρ.
1250 5697 1472 5750 Locutio
1519 5699 1582 5750 de
1608 5699 1692 5768 sui
1724 5699 1937 5768 generis

372 5765 682 5823 hominibus
707 5768 1033 5836 sophistica;
1070 5783 1228 5834 quam
1267 5767 1599 5823 illuslramus
1649 5767 1798 5822 alibi.
1851 5767 1936 5820 l'ir

1966 3147 2008 3205 ϐ

2004 2169 2166 2240 ,quid
2207 2171 2274 2224 de
2308 2170 2466 2235 caelo,
2507 2171 2634 2240 quid
2665 2170 2734 2226 de
2765 2171 2875 2226 Deo
2896 2169 3138 2226 sentiat?
3167 2168 3240 2226 Ut
3271 2172 3465 2226 evehat
3492 2185 3608 2226 cor-

2037 2262 2146 2316 lum
2184 2262 2251 2316 ad
2280 2265 2524 2317 eamdem
2555 2277 2674 2317 eum
2709 2263 2818 2318 Deo
2857 2263 3210 2330 dignitatem?
3235 2263 3463 2318 Factum
3488 2263 3609 2332 qui-

2037 2355 2156 2410 dem
2193 2355 2367 2424 ipsum
2421 2355 2688 2419 allirmat,
2737 2355 2830 2410 sed
2867 2357 3077 2412 ratione
3134 2363 3340 2410 tantum
3389 2369 3605 2420 causae,

2035 2449 2172 2504 adeo
2207 2458 2264 2502 ut
2296 2447 2424 2502 illud
2466 2461 2619 2517 teque
2659 2461 2724 2502 ac
2761 2447 2929 2502 Deum
2983 2447 3371 2516 sempiternum
3407 2444 3610 2499 consti-

2037 2549 2177 2606 tuat,
2201 2554 2377 2610 neque
2401 2539 2542 2596 hanc
2565 2538 2975 2594 universitatem
3000 2551 3236 2607 unquam
3268 2535 3606 2592 interituram

2037 2641 2205 2700 putet.

2109 2741 2168 2796 B.
2201 2740 2466 2811 Intelligo,
2487 2757 2551 2797 ac
2578 2756 2704 2797 vera
2731 2750 2859 2796 sunt
2884 2755 3004 2812 quae
3021 2739 3304 2809 praedicas.
3327 2737 3403 2793 Te
3426 2746 3604 2792 tamen

2037 2835 2216 2888 libens
2251 2835 2510 2905 rogarim,
2544 2832 2681 2888 Num
2731 2833 2846 2888 haec
2895 2835 2969 2888 ita
3018 2847 3078 2887 se
3129 2830 3332 2886 habere
3377 2829 3606 2887 censes!

2039 2923 2164 2978 Mihi
2195 2925 2339 2978 enim
2389 2923 2708 2993 probabilis,
2759 2939 2864 2978 non
2913 2923 3092 2992 inepta
3146 2931 3236 2976 aut
3258 2923 3606 2977 dissentanea

2037 3015 2158 3084 ejus
2185 3014 2397 3068 videtur
2423 3013 2788 3070 ratiocinatio.
2863 3081 2866 3084 ,

2113 3104 2179 3158 A.
2210 3101 2303 3156 Vis
2335 3100 2533 3172 igitur,
2565 3103 2768 3168 amice,
2802 3116 2976 3158 meam
3026 3112 3081 3158 et
3125 3102 3294 3172 ipsius
3342 3100 3408 3156 de
3433 3115 3496 3156 ea
3547 3115 3606 3156 re

2042 3189 2482 3264 congressionem
2509 3230 2526 3258 ,
2561 3208 2706 3250 anno
2743 3194 3022 3263 superiore
3055 3195 3198 3250 inter
3235 3209 3334 3250 nos
3368 3192 3603 3248 habitam

2041 3301 2125 3342 me
2166 3286 2261 3341 tibi
2295 3285 2772 3340 commemorare?
2797 3285 2896 3342 Vis
2940 3285 3106 3342 etiam
3133 3326 3150 3353 ,
3191 3300 3327 3355 quos
3352 3285 3498 3338 ultro
3523 3284 3604 3338 ci-

2037 3385 2229 3443 troque
2267 3387 2550 3430 sermones
2589 3372 2736 3428 inter
2780 3388 2880 3431 nos
2916 3375 3046 3430 olim
3093 3375 3467 3438 instituimus,
3505 3389 3606 3430 co-

2033 3466 2330 3538 gnoscere‘l

2111 3561 2172 3614 B.
2197 3561 2329 3628 Age,
2357 3555 2590 3616 libenter
2608 3561 2750 3614 enim
2775 3561 2917 3615 istud
2939 3561 3225 3615 audierim.

2112 3653 2177 3707 Δ.
2204 3649 2404 3708 Verum
2437 3668 2502 3707 ne
2530 3653 2652 3726 quis
2679 3655 2978 3710 adventans
3007 3663 3250 3710 nostrum
3297 3667 3602 3710 sermonem

2045 3741 2393 3810 interpellet,
2426 3749 2482 3796 te
2523 3745 2790 3812 prehensa
2819 3761 2978 3798 manu
3002 3743 3070 3796 ad
3103 3743 3194 3800 Dei
3223 3744 3482 3814 templum
3507 3743 3606 3798 ad-

2047 3895 2416 3970 illis_aliquid_
2459 3897 2674 3951 homine
2709 3899 2882 3970 majus
2913 3909 3108 3966 sonat;
3166 3901 3255 3955 hic
3309 3898 3609 3970 εἰρωνικῶς

2044 3964 2453 4036 quodammodo
2483 3975 2789 4032 usurpatur.
2811 3967 2906 4022 BA.

2118 4033 2230 4100 (28)
2267 4030 2528 4106 suspecta
2563 4030 2662 4086 tria
2691 4037 2852 4089 verba
2884 4039 2962 4102 είς
3001 4056 3052 4092 τ.
3083 4038 3224 4106 οῠρ.,
3253 4046 3306 4092 et
3338 4051 3435 4104 pro
3463 4039 3606 4105 glas.

2044 4113 2250 4172 seruate
2275 4103 2465 4172 abesse
2494 4112 2786 4172 poterunt;
2835 4109 3026 4160 saltem
3056 4103 3242 4161 vocula
3287 4103 3369 4170 εις
3425 4103 3606 4160 turbat

2048 4171 2384 4293 (agilitatem.
2417 4171 2514 4225 BA.
2552 4171 2659 4227 CC.
2694 4173 2754 4226 P.
2785 4175 2878 4227 καὶ
2918 4177 3009 4230 τὸν
3053 4177 3373 4247 οὐρανόν....
3405 4176 3513 4228 ait.
3552 4177 3610 4230 δὲ

2049 4259 2086 4293 υ.
2119 4258 2234 4293 νην.

2119 4258 2234 4310 νην.

2048 4259 2234 4381 μοῖἒῶ.
2281 4311 2438 4380 Πρὸς
2476 4310 2592 4380 τὴν
2639 4311 2836 4380 αὐτὴν
2881 4311 2963 4378 τῷ
2997 4314 3119 4380 Θεῷ
3172 4315 3370 4379 ἀξίαν.
3416 4317 3612 4370 Errare

2043 4380 2440 4453 platonicoruru
2469 4383 2675 4436 auctori
2703 4385 3030 4452 mquantium
3069 4400 3204 4453 opus
3231 4403 3242 4438 :
3284 4385 3404 4440 vide
3432 4385 3610 4440 Theo-

1973 4449 2322 4546 l)phrastum
2375 4449 2566 4546 Atiniae
2627 4461 2682 4534 et
2751 4449 3220 4546 qttainseqluunt'ur
3276 4455 3328 4508 in
3390 4453 3608 4546 Nostro.

2045 4522 2372 4590 Argumenta
2402 4523 2574 4576 eidem
2603 4523 2678 4576 rei
2709 4524 2848 4588 apud
2873 4523 3114 4578 Ocellum
3143 4522 3415 4578 Lucanum
3446 4527 3496 4578 iu
3519 4525 3608 4580 «ιο.

2044 4591 2240 4663 Stobzni
2297 4591 2542 4663 [ξιιγεὶοῇ
2594 4592 2870 4644 Συναΐδιον
2910 4591 2988 4663 τῶ
3037 4609 3170 4650 πεπ.
3215 4592 3358 4648 Satis
3384 4594 3610 4663 pulchre

2050 4661 2164 4715 hate
2203 4660 2445 4715 confutat
2475 4661 2676 4716 Encas
2699 4673 2900 4717 noster.
2928 4660 3024 4716 ΒΑ.

2112 4731 2225 4802 (50)
2266 4732 2385 4785 Οὐκ
2417 4732 2704 4800 ἀκόμψως
2734 4732 3074 4801 ἐπιχειρεῖν.
3111 4729 3269 4787 Vides
3288 4746 3396 4802 quo
3427 4731 3608 4786 studio

2045 4803 2312 4872 sermonis
2361 4813 2614 4872 ornatus_
2646 4803 2995 4872 requiratur.
3043 4801 3370 4872 Ἐπιχειρείν
3397 4804 3606 4866 conari,

2041 4869 2316 4944 a/I_'e_ctare,
2334 4869 2550 4944 espouit
2577 4869 2815 4944 Cyr-illus
2845 4873 2895 4944 in
2937 4869 3210 4944 Glossario
3230 4869 3610 4944 {sptn'cévgcatl

2043 4937 2478 5011 συλλογίζεσθαι,
2522 4937 2662 5011 unde
2698 4939 3038 5011 ,ἐπιχείρημα
3081 4937 3609 4995 διαλεκτέκὺνέίναι

2045 5008 2420 5082 συλλογισμόν,
2449 5009 2662 5063 Suitlas.
2689 5010 2777 5063 Sic
2793 5008 3154 5082 ἐπιχείρησις,
3176 5013 3604 5082 argumentatio;

2043 5079 2507 5150 ἐπιχειρούμενον,
2537 5079 2870 5150 argumentis
2890 5079 3203 5134 'aslructum
3225 5079 3261 5150 ;ί
3287 5081 3608 5150 προϐλήμαο

2041 5166 2108 5201 τα
2135 5149 2519 5220 εὐεπιχείρητα
2570 5149 2664 5200 καὶ
2697 5149 3140 5220 δυσεπιχείρητα,
3163 5149 3302 5220 ἀνὴρ
3323 5149 3608 5220 ἐπιχειρη-

2043 5217 2301 5286 ματικός.
2321 5217 2480 5273 homo
2509 5217 2921 5284 argumentandi
2943 5217 3174 5284 artifex;
3207 5217 3351 5272 tit-ex
3383 5217 3606 5272 Ammo-

2043 5287 2151 5349 nin,
2203 5287 2448 5352 Philone,
2505 5287 2792 5341 Aristotele
2829 5289 3031 5356 pridem
3082 5289 3282 5342 notavit
3314 5289 3607 5356 grteeitatis

2043 5357 2381 5428 iustnurator
2399 5373 2502 5410 non
2526 5367 2824 5428 postremus
2849 5361 2988 5428 inter
3012 5358 3214 5428 primos
3231 5356 3352 5412 Gul.
3381 5357 3604 5412 Budams

2042 5425 2334 5478 Comment.
2365 5425 2492 5492 (ing.
2519 5425 2690 5479 ϐιαιο.
2715 5425 2836 5478 542.
2870 5425 2965 5478 ΒΑ.

2111 5495 2223 5563 (51)
2255 5495 2472 5564 Rectius
2507 5495 2646 5548 forte
2677 5495 3050 5564 διηγήσωμαι.

2111 5564 2221 5632 (52)
2258 5563 2479 5630 Πέρυσι
2511 5563 2939 5632 γεγενημένην.
2979 5564 3129 5618 Anna
3155 5563 3422 5631 prwterilo
3480 5579 3600 5631 qua:

2039 5635 2302 5701 contigit:
2337 5634 2718 5702 Cyrillus;qui
2760 5633 3050 5704 περυσινόν
3092 5633 3596 5704 annotinuntintt-r-
3669 5660 3672 5664 -

2041 5713 2300 5772 luctatur.
2337 5705 2483 5757 Anno
2511 5705 2690 5758 tiiClllll
2721 5702 2937 5758 Plautus
2971 5713 3024 5758 et
3055 5703 3140 5757 alii
3177 5703 3350 5772 pauci.
3384 5702 3478 5758 Bs.
