4032 6144
440 349 577 442 1067

1466 351 1871 412 ZACIIARL’E
1909 348 2340 411 MlTYLENES
2379 349 2713 411 EPISCOP]

3576 347 3717 410 1068

511 448 787 520 (.‘illtIST.
821 463 1116 534 Respondi,
1146 463 1411 530 Quoniam
1454 464 1520 517 ad
1551 463 1888 532 operandam
1945 478 2024 515 ra-

2194 459 2631 515 ΧΡΙΣΤΙΑΝΟΣ.
2666 463 2752 523 Ὠς
2780 462 2943 532 ἔχων,
2966 457 3033 533 ἦν
3055 462 3099 514 δ’
3129 460 3240 529 ἐγὼ
3258 504 3273 529 ,
3301 462 3427 525 τοὺς
3448 461 3715 534 δημιουρ-

445 557 617 612 tiones
654 557 792 611 intra
845 570 904 610 se
942 564 1199 626 perpetuo
1251 554 1414 609 habet
1467 553 1628 618 Deus,
1677 569 1894 623 semper
1932 561 2015 607 est

442 647 642 713 opifex.
679 644 1139 709 Quemadmodum
1175 653 1229 697 et
1255 643 1495 705 medicus
1533 642 1673 712 apud
1704 658 1763 698 se
1811 644 2015 697 habens

446 737 691 792 medendi
738 736 997 799 rationes,
1023 736 1266 789 medic‘us
1298 742 1383 788 est
1411 742 1467 788 et
1490 734 1707 789 dicitur.
1745 733 1898 800 Quod
1925 749 2017 788 eo-

440 832 561 883 dem
626 829 786 883 modo
840 826 1182 883 sentiendum
1227 827 1294 881 de
1346 825 1497 882 fabro
1546 827 1895 892 materiario,
1952 829 2019 881 de

441 917 632 971 aedium
657 924 954 979 strnctore,
980 914 1047 967 de
1094 914 1334 969 rhetore.
1370 913 1507 968 Num
1532 915 1584 969 id
1626 915 1721 969 tibi
1769 915 2015 969 videtur?

512 1006 816 1063 MEDICUS
849 1004 1145 1065 DOCTOR.
1181 1006 1433 1072 Maxime,
1474 1009 1567 1062 sed
1620 1022 1688 1062 an
1752 1008 2016 1061 medicum

438 1100 831 1169 appellabimus
864 1100 1333 1156 nominabimusve
1368 1115 1490 1154 eum
1525 1102 1616 1168 qui
1681 1115 1786 1154 non
1820 1099 2019 1155 sanat?

440 1191 806 1245 Materiarium
844 1188 1060 1244 fabrum
1107 1198 1201 1243 aut
1259 1190 1454 1244 adium
1493 1188 1873 1244 fabricatorcm
1925 1205 2020 1246 cos

442 1285 531 1352 qui
560 1292 734 1338 artem
760 1281 1060 1336 fabricandi
1095 1290 1218 1336 actu
1264 1297 1368 1336 non
1400 1280 1697 1336 exercent?
1729 1281 1818 1337 Uti
1848 1297 2022 1351 neque

442 1376 712 1429 musicum
733 1388 856 1428 eum
874 1374 964 1444 qui
985 1373 1169 1428 ﬁdium
1189 1373 1340 1443 pulsu
1357 1375 1615 1428 musicam
1636 1389 1740 1427 non
1763 1373 2019 1439 ostendit,

442 1465 605 1537 273
642 1479 817 1534 neque
850 1472 1207 1519 concentuum
1256 1466 1534 1518 harmonia
1567 1464 1766 1518 mulcet
1804 1465 2024 1519 audien—

449 1560 578 1609 tium
601 1556 835 1618 animos,
877 1568 1051 1623 neque
1098 1554 1311 1609 illorum
1343 1567 1501 1608 aures
1537 1553 1737 1607 titillat.
1776 1552 1882 1608 Sed
1924 1569 2022 1608 nec

446 1648 716 1701 rhetorem
757 1644 1007 1711 dicimus,
1058 1644 1150 1713 qui
1180 1656 1362 1713 neque
1414 1652 1556 1709 orat,
1595 1658 1772 1713 neque
1815 1645 1869 1697 in
1906 1643 2024 1699 foro

438 1739 731 1805 jndicibus,
768 1737 850 1792 vel
894 1737 958 1790 in
989 1746 1178 1791 senatu
1227 1736 1591 1799 senatoribus,
1645 1736 1727 1789 vel
1769 1737 1821 1790 in
1881 1752 2025 1791 con-

2117 553 2306 621 γικοὺς
2345 552 2535 622 λόγους
2561 555 2620 606 ἐν
2670 553 2888 625 ἐαυτῷ,
2938 553 3029 606 ἀεὶ
3076 553 3410 624 δημιουργὸς
3470 554 3500 606 ό
3546 552 3707 618 Θεός.

2121 644 2335 717 Ὥσπερ
2363 648 2457 699 καὶ
2492 648 2521 700 ό
2560 647 2742 717 ίατρδς
2774 646 2913 718 ἔχων
2943 647 3071 710 τοὺς
3105 647 3384 717 ίατρικοὺς
3422 646 3618 714 λόγους
3654 647 3717 699 ἐν

2120 736 2321 807 ἐαυτῷ,
2360 736 2544 808 ἰατρὸς
2588 739 2706 792 ἐστί
2739 755 2799 791 τε
2833 739 2929 791 και⁷
2957 737 3197 806 λέγεται.
3245 739 3367 791 Ἔτι
3411 737 3455 791 δ’
3495 733 3565 791 αὖ
3614 739 3717 792 καὶ

2118 826 2148 880 ὁ
2174 827 2511 890 τεκτονικὸς,
2547 828 2640 880 καὶ
2677 829 2705 881 ό
2751 827 3129 897 οἰκοδομικδς,
3162 828 3258 882 καὶ
3306 828 3333 881 ὁ
3374 827 3673 899 ῥητορικός
3698 842 3714 855 ’

2121 918 2156 989 ἧ
2181 934 2263 971 σοι
2287 919 2348 971 ού
2380 918 2663 987 φαίνονται
2684 936 2700 986 ;

2190 1009 2654 1063 ΙΑΤΡΟΣΟΦΙΣΤ.
2697 1010 2845 1063 Πάνυ
2875 1026 2961 1078 γε.
2989 1008 3125 1063 Ἀλλ’
3148 1010 3250 1065 οὐκ
3275 1009 3364 1078 ἂν,
3395 1007 3430 1083 ἦ
3467 1011 3515 1066 δ’
3536 1012 3619 1078 ὃς,
3648 1015 3725 1067 ία-

2120 1097 2249 1169 τρὸν
2275 1099 2667 1170 καλέσαιμενῆ
2718 1100 3091 1170 όνομάσαιμεν
3134 1101 3225 1156 τὸν
3268 1103 3342 1174 μὴ
3380 1104 3719 1172 ὑγιάζοντας

2124 1190 2246 1243 Οὐδ’
2268 1186 2333 1243 αὖ
2347 1190 2702 1262 τεκτονικδνῆ
2720 1192 3057 1261 οἰκοδομικὸν
3078 1191 3167 1246 τὸν
3187 1194 3262 1264 μὴ
3278 1195 3377 1265 τὴν
3398 1195 3720 1265 τεκτονικὴν

2122 1278 2156 1350 ἢ
2187 1277 2546 1349 οἰκοδομικὴν
2577 1280 2643 1348 τῇ
2682 1281 2933 1351 ἐνεργείᾳ
2973 1279 3318 1350 προάγοντας
3354 1283 3565 1353 Ὥσπερ
3594 1284 3719 1336 οῦδὲ

2125 1369 2385 1438 μουσικὸν
2408 1368 2498 1422 τὸν
2530 1368 2606 1439 μὴ
2634 1372 2747 1433 τοῖς
2773 1371 3049 1441 κρούμασι
3074 1371 3358 1427 δεικνύντα
3388 1375 3486 1446 τὴν
3516 1391 3718 1444 μουσι-

2123 1461 2248 1534 κὴν,
2279 1463 2372 1516 καὶ
2409 1464 2476 1533 τῇ
2510 1461 2618 1515 τῶν
2662 1462 2993 1533 κρουμάτων
3032 1464 3275 1537 ἁρμονίᾳ
3316 1464 3578 1534 θέλγοντα
3620 1468 3720 1541 τὰς

2123 1552 2233 1607 τῶν
2262 1552 2561 1607 ἐπαϊόντων
2585 1552 2784 1623 ψυχὰς,
2813 1554 2907 1606 καὶ
2935 1553 3353 1622 κατακηλοῦντα
3381 1555 3592 1610 τούτων
3621 1557 3717 1621 τὰς

2123 1645 2314 1710 ἀκοάς.
2353 1645 2513 1699 Ἀλλά
2551 1646 2658 1716 μὴν
2690 1644 2815 1699 οὔτε
2849 1646 3141 1717 ῥητορικὸν
3171 1647 3404 1718 λέγομεν
3443 1649 3538 1702 τὸν
3575 1651 3717 1720 μήτε

2127 1734 2575 1807 πανηγυρίζοντα
2609 1735 2757 1808 (60),
2810 1737 2950 1807 μήτε
2997 1738 3119 1800 τοῖς
3141 1736 3321 1806 λόγοις
3357 1738 3621 1793 πείθοντα
3660 1742 3717 1792 ἐν

444 1829 600 1883 cione
630 1826 1111 1882 concionatoribus
1147 1824 1306 1879 [idem
1326 1822 1681 1879 verbis'facil.
1712 1823 1828 1877 Non
1861 1824 2023 1893 igitur

2137 1828 2463 1899 δικαστηρίῳ
2482 1826 2765 1890 δικαστὰς,
2790 1826 2885 1880 καὶ
2911 1827 2968 1880 ἐν
2997 1826 3370 1900 βουλευτηρίῳ
3391 1829 3716 1900 βουλευτὰς,

444 1921 624 1991 opifex
664 1924 789 1987 erit,
839 1920 931 1991 qui
991 1927 1114 1974 actu
1163 1917 1300 1972 nihil
1356 1926 1634 1986 operatur,
1685 1927 1741 1973 et
1791 1918 2027 1975 rationes

442 2015 703 2084 operandi
742 2027 880 2082 quas
927 2011 1109 2074 habet,
1139 2010 1193 2064 in
1243 2019 1493 2080 apert-um
1549 2025 1653 2064 non
1705 2009 1932 2079 profert,
1972 2021 2030 2065 et

446 2105 730 2159 informem
779 2102 1150 2159 materiam‘in
1180 2100 1408 2155 formam
1440 2108 1494 2154 et
1522 2100 1757 2170 speciem
1795 2117 1903 2155 non
1934 2100 2027 2154 ad-

446 2196 594 2251 ducit
619 2203 671 2251 et
702 2203 875 2266 aptat.

516 2378 789 2436 ClllilST.
833 2378 1020 2435 Recte.
1054 2377 1162 2434 Sed
1200 2376 1347 2442 audi,
1386 2375 1457 2431 mi
1491 2374 1836 2444 philosophe,
1865 2384 2027 2443 quam

446 2480 572 2537 apte
602 2468 668 2521 de
695 2466 806 2522 Deo
839 2467 1168 2521 disseramus
1192 2475 1246 2519 et
1274 2464 1585 2535 opinemur.
1618 2464 1857 2518 Dicimus
1884 2462 2027 2516 enim

447 2560 614 2612 Deum
635 2572 850 2627 semper
870 2558 1039 2613 fuisse
1062 2557 1337 2627 Opiﬁcem,
1362 2566 1547 2627 utpote
1572 2556 1861 2610 habentem
1898 2556 1950 2607 in
1972 2569 2031 2609 se

440 2648 711 2704 elﬁciendi
741 2648 999 2712 rationes,
1026 2658 1080 2702 et
1110 2649 1542 2718 quandocunque
1572 2646 1701 2700 velit
1728 2645 2030 2715 producen-

438 2752 579 2797 tt-m.
617 2737 806 2809 Neque
838 2741 985 2794 enim
1019 2739 1232 2794 inertia:
1271 2738 1436 2794 Deum
1467 2738 1574 2793 ullo
1615 2739 1775 2792 modo
1806 2751 2031 2790 accusa-

444 2845 592 2896 irns,
624 2844 800 2895 neque
833 2845 954 2884 cum
1006 2830 1139 2884 nihil
1172 2828 1359 2892 cilicit,
1390 2829 1601 2898 opiﬁcis
1627 2843 1821 2881 nomen
1850 2827 1897 2880 ei
1931 2826 2030 2880 de-

453 2918 749 2984 trahimus;
797 2921 891 2974 sed
949 2935 1015 2975 ex
1066 2919 1132 2973 iis
1182 2934 1302 2988 quae
1350 2918 1542 2972 etl'ccla
1587 2927 1731 2985 sunt,
1783 2917 2028 2985 Opiﬁcem

451 3020 833 3081 agnoscentes,
863 3008 931 3064 ab
956 3011 1103 3064 omni
1138 3009 1478 3076 habitudine,
1513 3018 1567 3064 et
1594 3009 1941 3072 necessitate,
1977 3015 2032 3060 et

388 3086 391 3089 ’
452 3098 762 3171 tyrannide,
812 3088 1011 3169 quippe
1044 3101 1134 3169 qui
1170 3100 1336 3168 Deus,
1365 3108 1419 3154 et
1460 3114 1628 3153 unum
1664 3099 1755 3161 sit,
1798 3099 2028 3152 liberum

2127 1923 2223 1975 καὶ
2269 1922 2328 1975 ἐν
2377 1920 2650 1991 ἐκκλησίᾳ
2699 1918 3127 1990 ἐκκλησιαστάς.
3178 1920 3389 1975 Οὐκοῦν
3438 1921 3565 1976 οὔτε
3621 1924 3717 1995 δη-

2128 2013 2389 2083 μιουργὸς
2419 2012 2484 2066 ἂν
2512 2012 2596 2082 εἴη
2640 2014 2668 2066 ὁ
2703 2010 2778 2083 μὴ
2815 2013 2884 2082 τῇ
2915 2010 3168 2084 ἐνεργείᾳ
3194 2011 3578 2085 δημιουργῶν,
3624 2016 3719 2069 καὶ⁵

2126 2104 2253 2167 τοὺς
2286 2102 2477 2172 λόγους
2509 2102 2604 2167 οὓς
2636 2102 2750 2173 ἔχει
2775 2104 2855 2167 εἰς
2895 2103 3208 2172 τούμφανές
3235 2105 3531 2178 προφέρων
3556 2122 3569 2136 ’
3617 2110 3709 2162 καὶ

2126 2193 2225 2265 τὴν
2245 2195 2482 2248 ἀνείδεον
2504 2194 2637 2267 ὓλην
2673 2194 2753 2258 είς
2775 2188 2914 2259 εἶδος
2945 2194 3039 2248 καὶ
3062 2193 3250 2266 σχῆμα
3285 2198 3718 2267 μετασκευάζων

2128 2302 2186 2339 τε
2214 2286 2310 2340 καὶ⁹
2335 2287 2750 2358 μεθαρμόττων.

2199 2378 2428 2433 ΧΡΙΣΤ.
2448 2376 2667 2444 Καλῶς,
2691 2373 2758 2450 ἦν
2775 2377 2819 2431 δ’
2845 2376 2976 2448 ἐγώ.
3011 2377 3154 2433 Ἀλλ’
3177 2378 3362 2445 ἄκουε,
3383 2373 3430 2435 ὧ
3454 2382 3714 2454 μακάριε,

2128 2469 2278 2532 ὅπως
2327 2468 2596 2540 ὀρθότατα
2647 2470 2742 2523 τοῦ
2776 2469 2914 2523 Θεοῦ
2970 2470 3098 2543 πέρι
3145 2471 3593 2543 διαλαμϐάνομεν
3625 2474 3718 2525 καὶ

2128 2560 2445 2631 δοξάζομεν.
2479 2561 2663 2632 Φαμὲν
2695 2561 2805 2632 γάρ
2834 2562 2929 2617 τὸν
2980 2562 3112 2617 Θεδν
3141 2563 3229 2617 ἀεὶ
3253 2564 3610 2635 δημιουργὸν,
3645 2564 3719 2627 ὡς

2131 2652 2324 2723 ἔχοντα
2372 2654 2502 2716 τοὺς
2532 2652 2961 2724 δημιουργικοὺς
3007 2653 3198 2724 λόγους
3245 2655 3304 2708 ἐν
3358 2656 3561 2726 ἐαυτῷ,
3623 2657 3717 2710 καὶ

2131 2742 2261 2794 ὅταν
2297 2741 2455 2813 ἐθέλῃ
2498 2742 2832 2811 προάγοντα.
2869 2743 2943 2796 Οὐ
2979 2743 3089 2815 γὰρ
3119 2743 3320 2814 ἀργίαν
3359 2745 3591 2799 καθόλου
3623 2744 3714 2797 τοῦ

2126 2832 2266 2886 Θεοῦ
2293 2832 2734 2905 κατηγοροῦμεν,
2772 2832 2885 2888 οὔτ’
2937 2835 3125 2909 ἐπειδή
3155 2853 3289 2891 ποτε
3333 2836 3411 2909 μὴ
3452 2837 3713 2910 δημιουρ-

2132 2928 2238 2991 γεῖ,
2267 2924 2600 2995 δημιουργὸν
2625 2921 2767 2980 εἶναι
2791 2925 2977 2981 τοῦτον
2999 2927 3316 2999 ἀρνούμεθα
3334 2944 3350 2959 '
3377 2927 3496 2983 ἀλλ’
3523 2929 3584 2981 ἐκ
3603 2928 3711 2979 τῶν

2132 3017 2433 3084 γεγονότων
2461 3016 2794 3088 δημιουργὸν
2836 3019 3212 3090 ἐπιστάμενοι,
3263 3020 3444 3083 πάσης
3480 3019 3711 3090 σχέσεως

2133 3104 2300 3157 αὑτὸν
2338 3103 2435 3157 καὶ
2477 3103 2726 3174 ἀνάγκης
2760 3105 2855 3159 καὶ
2900 3107 3238 3176 τυραννίδος,
3267 3108 3343 3172 ὡς
3381 3106 3515 3162 θεὸν
3554 3104 3701 3168 ὅντα,

448 3205 580 3247 esse
616 3192 971 3246 arbitramur.
1000 3190 1170 3246 Beata
1203 3191 1346 3245 enim
1383 3201 1436 3246 et
1487 3191 1662 3246 soluta
1690 3202 1883 3245 natura
1925 3207 2029 3244 non

2137 3197 2230 3250 καὶ
2246 3194 2326 3261 ἓν,
2343 3194 2629 3267 ἐλεύθερον
2645 3192 2785 3250 εἶναι
2806 3197 3242 3271 ὑποτοπάζομεν.
3264 3196 3338 3252 Οὔ
3356 3199 3468 3268 γάρ
3491 3196 3708 3269 ἀνάγκῃ

359 3317 381 3339 κ
448 3285 567 3356 agit
599 3284 959 3349 necessitate,
990 3297 1174 3353 neque
1206 3286 1424 3354 quando
1447 3299 1553 3337 non
1581 3284 1712 3354 agit,
1749 3284 1862 3337 sive
1886 3283 2035 3335 inor-

455 3381 662 3445 dinate,
697 3379 814 3434 sive
844 3378 1008 3435 simul
1037 3379 1241 3458 omnia,
1265 3378 1380 3448 jam
1420 3378 1584 3433 etiam
1617 3388 1849 3447 ponetur
1883 3390 2035 3432 cura

452 3472 666 3540 Opiilcis
710 3480 981 3526 naturam.
1028 3470 1216 3525 Nonne
1253 3471 1350 3524 tibi
1399 3469 1553 3525 valde
1598 3470 1918 3534 absurdum,
1965 3470 2038 3524 mi

455 3561 801 3632 philosophe,
855 3558 1088 3627 videtur,
1137 3562 1527 3629 confitendum,
1574 3577 1696 3617 esse
1744 3562 2037 3627 medicum,

458 3655 548 3723 qui
583 3652 879 3709 instructus
902 3663 987 3709 est
1009 3663 1126 3709 arte
1156 3654 1385 3719 medica,
1414 3669 1529 3707 eam
1556 3653 1744 3708 habitu
1777 3655 2039 3724 possidet,

458 3757 514 3799 et
546 3745 601 3799 in
651 3760 711 3799 se
746 3748 861 3814 ipso
890 3746 1230 3811 circumfert,
1266 3760 1431 3799 unum
1466 3755 1648 3799 autem
1683 3756 1777 3800 aut
1810 3746 2037 3801 alterum

457 3850 688 3906 corpore
718 3836 1052 3891 laborantem
1100 3846 1155 3892 et
1182 3836 1604 3907 periclitantem,
1643 3852 1710 3892 ne
1740 3836 2045 3893 elemento-

460 3942 578 3981 rum
622 3940 884 3997 compage
936 3926 1283 3995 dissolvatur,
1338 3927 1562 3983 medica:
1595 3912 1729 3982 artis
1774 3927 2039 3984 beneﬂcio

460 4146 680 4201 nemque
720 4135 1011 4201 majorum,
1056 4128 1169 4198 ejus
1224 4128 1637 4182 communionem
1685 4123 2041 4181 indissolubili

457 4200 702 4255 societate
759 4203 828 4254 ad
871 4200 982 4253 ha'c
1027 4215 1189 4267 usque
1233 4210 1468 4265 tempora
1513 4214 1805 4261 servemus,
1856 4206 2030 4267 tamen

458 4273 514 4324 id
553 4268 905 4324 obsecramus.
936 4268 1077 4324 lnter
1104 4266 1222 4338 ejus
1254 4269 1561 4339 singulares
1590 4269 1769 4322 cultus
1798 4266 2030 4339 habeba-

465 4350 550 4393 tur
581 4340 879 4409 frequentia
912 4336 1400 4393 consecrandaruin
1428 4336 1538 4409 _l_)eo
1566 4339 1827 4406 virginum
1859 4336 2032 4402 copia,

461 4425 581 4479 quae
614 4406 760 4463 tanta
792 4409 1083 4479 quotannis
1121 4417 1259 4474 erat,
1303 4415 1363 4479 ut
1393 4406 1628 4479 aliorum
1649 4408 1893 4479 locorum
1932 4420 2032 4457 nu-

462 4476 685 4551 merum,
715 4476 873 4551 longe
916 4487 1288 4551 exsuperaret.
1323 4476 1535 4551 Auctor
1567 4477 1726 4529 trimn
1773 4476 2033 4551 librorum

461 4548 538 4603 De
559 4544 865 4617 virginibus,
895 4544 1069 4602 eidem
1092 4545 1779 4617 Ambrosroascriptormn,
1809 4544 1901 4617 lib.
1934 4559 2028 4597 lll:

462 4619 523 4673 Si
563 4615 680 4689 quis
716 4627 868 4688 putat
917 4616 1308 4689 conservatione
1354 4615 1613 4689 virginum
1656 4615 1824 4689 minui
1871 4630 2033 4689 genus

461 4683 773 4752 hunianuni,
822 4687 1112 4742 consideret
1142 4687 1290 4755 quia.
1333 4685 1421 4739 ubi
1451 4700 1634 4752 paqu
1673 4685 1895 4755 virgines
1919 4726 1932 4747 ,
1961 4683 2033 4735 ibi

461 4761 616 4811 etiam
644 4759 918 4826 pauciores
940 4753 1214 4817 homines;
1254 4756 1341 4808 ubi
1372 4756 1682 4825 virginitatis
1717 4753 1893 4826 studia
1926 4769 2037 4804 crc-

462 4822 671 4893 briora',
700 4829 770 4881 ibi
793 4843 1064 4882 numerum
1090 4841 1291 4896 quoque
1316 4822 1587 4879 hominum
1621 4842 1739 4896 esse
1761 4822 2033 4896 majorem.

462 4898 659 4952 Discite
709 4907 935 4968 quantas
989 4894 1349 4949 Alexandrina
1401 4896 1658 4968 totiusque
1713 4894 1943 4968 Orientis
1987 4900 2036 4945 et

461 4965 729 5038 Africana
759 4967 997 5038 Ecclesia
1029 4981 1261 5038 sacrare
1307 4965 1588 5032 quotannis
1619 4966 1975 5038 consuererint
2020 4976 2038 5014 :

462 5032 734 5103 pauciores
782 5037 865 5090 hic
897 5035 1130 5089 homines
1164 5038 1441 5098 prodeunt,
1482 5049 1635 5102 quam
1676 5034 1785 5088 illic
1814 5032 2037 5102 virgines

461 5118 855 5162 Consecrantur.
882 5104 1140 5159 [io-uana:
1157 5103 1373 5173 quidem
1403 5105 1655 5173 Ecclesia;
1674 5104 2036 5157 Alexandrina

465 5196 634 5248 usque
653 5180 716 5232 ad
748 5177 1128 5248 gloriationem
1158 5172 1610 5248 coiijutigebatiir_.
1629 5172 1823 5228 Beatus
1845 5174 2039 5248 Hiero-

467 5243 692 5321 nymus,
711 5243 968 5321 epist.‘68
995 5263 1006 5297 :
1031 5243 1109 5297 Tu
1139 5243 1270 5298 scito
1298 5243 1442 5296 nobis
1476 5243 1604 5296 nihil
1633 5259 1742 5298 esse
1774 5244 2041 5321 antiquius

464 5313 620 5387 quam
652 5313 846 5373 Christi
864 5319 993 5387 jura
1015 5329 1245 5387 servare,
1271 5328 1362 5387 ne_c_
1384 5324 1592 5380 patrum
1623 5313 1914 5387 transferre
1934 5323 2041 5363 ter-

465 5381 654 5453 minus,
678 5390 765 5441 sed
785 5381 985 5454 semper
1008 5385 1298 5438 meminisse
1324 5381 1610 5437 Romanam
1633 5381 1793 5451 ﬁdem
1826 5385 2043 5448 Aposto-

466 5462 566 5513 lico
598 5475 687 5513 ore
728 5458 1022 5520 laudatam,
1052 5454 1204 5524 cujus
1229 5471 1284 5524 se
1327 5470 1438 5507 esse
1465 5454 1773 5521 participem
1812 5454 2043 5524 Alexan-

464 5531 622 5583 drimt
659 5528 895 5580 Ecclesia
937 5522 1216 5592 gloriatur.
1253 5522 1562 5577 I‘ecnliares
1590 5524 1831 5591 ejusdem
1868 5522 2045 5575 Eccle-

468 5604 559 5651 sia:
595 5599 1013 5653 consuetudines
1036 5635 1050 5657 ,
1081 5603 1138 5648 ut
1170 5595 1447 5648 sedentem
1490 5595 1799 5659 episcopum
1831 5595 2046 5645 audisse

469 5668 568 5736 trgi
603 5666 885 5736 Evangelia
910 5680 1146 5736 eumque
1172 5666 1346 5719 solum
1365 5665 1679 5736 concionari
1699 5665 2046 5736 consum-isse

468 5732 621 5792 notat
671 5732 1003 5803 Nic‘epborus
1045 5732 1332 5799 Callistus,
1366 5734 1458 5790 lib.
1498 5748 1593 5799 xu,
1622 5748 1671 5789 c.
1716 5732 1806 5787 5i.
1856 5733 1902 5787 ls
1935 5732 2047 5800 cpi-

2142 3286 2472 3358 δημιουργεϊ
2531 3289 2565 3358 ἡ
2614 3287 2876 3360 ἐλευθέρα
2922 3290 3017 3342 καὶ
3071 3289 3313 3361 μακαρία
3362 3287 3560 3358 φύσις,
3596 3285 3708 3341 οὔτ’

2138 3377 2326 3448 ἐπειδή
2362 3395 2491 3431 ποτε
2523 3379 2598 3449 μὴ
2646 3379 3009 3451 δημιουργεῖ,
3059 3382 3195 3452 μηδέ
3244 3380 3518 3447 ἀτάκτως,
3573 3379 3704 3451 μηδὲ

2139 3468 2257 3541 ἅμα
2285 3471 2482 3536 πάντα,
2527 3470 2627 3543 ἤδη
2668 3471 2882 3526 καὶτοῦ
2929 3470 3069 3528 εἷναι
3099 3473 3436 3544 δημιουργὸς
3470 3473 3574 3540 ἐξω
3601 3473 3717 3527 κεί-

2147 3576 2319 3613 σεται.
2351 3561 2420 3613 Ἢ
2448 3556 2548 3614 οὐκ
2585 3560 2849 3626 ἐπιεικῶς
2876 3560 3080 3617 ἄτοπόν
3125 3580 3228 3630 σοι,
3261 3556 3306 3617 ὦ
3340 3561 3514 3633 φίλος,
3549 3579 3715 3616 κατα-

2140 3650 2413 3719 φαίνεται,
2451 3651 2636 3718 ίατρὸν
2670 3653 2880 3706 ἐκεῖνον
2915 3653 3116 3708 ειδέναι
3162 3654 3261 3708 καὶ
3308 3653 3594 3725 ὁμολογεῖν
3628 3652 3717 3706 τὸν

2144 3745 2245 3811 τῆς
2277 3742 2526 3814 ἰατρικῆς
2548 3742 2954 3815 ἐπειλημμένον
2991 3745 3211 3817 τέχνης,
3237 3747 3332 3800 καὶ
3361 3748 3422 3800 ἐν
3453 3745 3563 3813 ἒξει
3592 3742 3719 3798 ταύ-

2142 3850 2242 3905 της
2275 3836 2568 3903 γεγονότα,
2607 3835 2701 3889 καὶ
2740 3835 2949 3908 ταύτην
3001 3837 3059 3890 ἐν
3089 3836 3268 3909 ἐαυτῷ
3317 3838 3716 3910 περιφέροντα·

2143 3925 2239 3980 ἕνα
2273 3925 2331 3979 δέ
2365 3943 2469 3979 που
2505 3927 2539 4000 ἢ
2566 3926 2819 4000 δεύτερον
2851 3928 2911 3982 τὸ
2957 3927 3120 4001 σῶμα
3146 3930 3396 4001 καμόντα
3418 3929 3516 3984 καὶ
3544 3927 3722 3981 κινδυ-

2149 4140 2337 4196 copus,
2368 4135 2490 4200 post
2524 4128 2741 4200 tertium
2784 4124 3115 4200 Ephesinum
3162 4130 3449 4187 consilium
3471 4169 3488 4195 ,
3530 4139 3587 4184 et
3620 4130 3718 4185 mi-

2144 4206 2282 4248 tram
2316 4198 2519 4272 recepit
2551 4208 2606 4272 et
2631 4199 2795 4272 Papa:
2820 4198 2923 4272 sibi
2958 4202 3373 4272 appellationem
3396 4201 3713 4272 yittdicavit,

2142 4276 2195 4319 et
2243 4267 2481 4321 universi
2529 4268 2678 4323 orbis
2701 4269 2867 4336 judex
2901 4267 3119 4325 habiius
3158 4282 3262 4331 est.
3301 4272 3348 4325 si
3380 4269 3520 4325 ﬁdes
3554 4273 3717 4324 tradi-

2148 4336 2381 4409 tionibus
2407 4337 2649 4406 ejusdem
2679 4337 2969 4408 Nicephori
3000 4339 3093 4394 lib.
3128 4353 3239 4407 xtv,
3283 4355 3335 4395 c.
3388 4340 3479 4404 54,
3509 4356 3564 4409 p.
3602 4340 3716 4395 {80.

2069 4414 2114 4474 ο
2145 4404 2243 4458 ΒΑ.

2211 4475 2321 4547 (60)
2349 4475 2512 4549 Mure
2541 4477 3035 4548 πανηγυρίζοντα.
3094 4477 3149 4531 In
3201 4478 3433 4535 canibus
3462 4496 3566 4534 non
3604 4496 3720 4549 per-

2138 4546 2408 4600 orantem.
2459 4546 2516 4600 ln
2550 4546 2905 4604 conventibus
2956 4549 3271 4617 populorum
3332 4565 3428 4618 per
3475 4546 3720 4605 civitates

2138 4625 2310 4668 artem
2367 4632 2519 4670 suam
2571 4620 2899 4672 exercebant
2939 4622 3202 4681 rhetores,
3248 4622 3414 4674 variis
3472 4624 3637 4676 motis
3689 4638 3715 4672 ιι

2139 4685 2375 4753 quolibet
2423 4688 2835 4754 quaestionibus.
2892 4687 2984 4743 Sic
3021 4689 3357 4743 somniorum
3411 4691 3714 4744 doctrinam

2140 4765 2194 4827 et
2220 4755 2418 4827 judicia
2453 4769 2550 4824 per
2585 4770 2888 4827 panegyres
2923 4756 3146 4812 Graeciae
3178 4773 3299 4811 sese
3327 4760 3642 4827 explorasse
3670 4767 3721 4813 et

2141 4822 2295 4879 libris
2325 4822 2510 4892 postea
2558 4822 2842 4880 mandasse
2887 4829 3079 4881 scribit
3109 4822 3489 4885 Artemidorus
3534 4829 3719 4883 Prote-

2144 4896 2252 4969 mio
2284 4893 2500 4969 {Tobto
2546 4895 2603 4949 δέ
2635 4896 2732 4969 καὶ
2768 4896 3465 4969 ᾳφόδραλδιαόεόλημένων
3511 4899 3624 4952 τῶν
3665 4900 3719 4950 ἐν

2142 4962 2321 5038 ᾁγορᾷ
2347 4966 2628 5038 μάντεων,
2650 4963 2743 5038 οὒς
2768 4962 2843 5038 δῆν
2877 4962 3144 5038 προΐκτας
3175 4984 3235 5019 τε
3266 4962 3369 5020 ’καὶ
3396 4968 3603 5037 γόητας
3633 4970 3720 5022 καί

2146 5032 2488 5107 βωμολόχους
2514 5034 2772 5107 καλοῦσιν
2802 5032 2851 5089 ὀί
2880 5032 3467 5107 σεμνοπροσωποῦντες
3487 5032 3597 5091 ’και
3626 5042 3719 5100 τὰς

2142 5104 2313 5177 oppri;
2364 5104 2772 5177 ἀνεσπακότες,
2824 5104 3245 5177 καταφρονήσας
3294 5108 3398 5175 τῆς
3442 5109 3718 5173 διαϐολῆς,

2142 5172 2288 5246 ἔτεσι
2327 5174 2540 5246 πολλοῖς
2570 5174 2848 5246 ὡμίλησα,
2884 5172 2993 5230 καῖ
3010 5172 3069 5229 ἐν
3122 5172 3334 5230 Ἑλλάδι
3358 5172 3505 5232 ⁷κατείι
3541 5172 3719 5239 πόλεις

2146 5244 2237 5319 καὶ
2272 5244 2605 5319 πανηγύρεις
2634 5287 2648 5309 ,
2683 5244 2789 5319 καίΔ
2827 5248 2884 5297 ἐν
2935 5247 3111 5319 Ἀσία,
3146 5249 3242 5319 καὶ
3277 5250 3337 5319 ἐν
3397 5248 3599 5319 Ἰταλίᾳ
3632 5248 3719 5299 καὶ

2144 5312 2250 5388 τῶν
2282 5312 2624 5388 νήσων-’ταῖς
2664 5314 2948 5388 μεγίσταις
2981 5312 3076 5370 καῖ
3096 5312 3716 5388 πολυανθρωποτᾰταιςς

2146 5383 2433 5457 ύπομένων
2463 5383 2698 5457 ἀκούειν,
2713 5383 2975 5457 παλαιοὺς
2999 5387 3238 5457 ὀνείρους
3270 5383 3366 5441 καῖ
3394 5387 3598 5441 τούτων
3624 5390 3717 5448 τὰς

2148 5452 2469 5527 ἀποϐάσεις.
2495 5454 2661 5508 Multa
2688 5454 2802 5527 luga
2832 5455 2938 5509 huc
2964 5452 3260 5524 pertinent,
3288 5457 3522 5527 hincque
3549 5460 3714 5510 lucem

2148 5524 2387 5597 capiunt,
2413 5535 2690 5597 oratorum
2723 5522 3035 5597 Graecorum
3066 5527 3166 5580 sub
3196 5522 3449 5581 Romano
3473 5528 3715 5597 imperio.

2148 5596 2418 5661 praecipue
2464 5593 2711 5665 aniani.
2754 5590 2916 5648 Varia
2954 5606 3133 5649 autem
3180 5597 3506 5665 signiﬁcatio
3542 5590 3715 5658 rerbi;
3816 5618 3821 5623 ·

2148 5676 2271 5714 nam
2310 5673 2453 5735 recte
2500 5671 2555 5717 et
2602 5664 2745 5735 festa,
2785 5673 2841 5719 et
2878 5665 3183 5733 spectacula
3237 5664 3528 5735 et__landes
3579 5668 3717 5735 ipsas

2150 5733 2445 5803 panegyrin
2466 5733 2748 5803 complecti
2764 5732 2915 5790 notat
2929 5736 3273 5791 doctissimus
3288 5732 3612 5806 Hesychius.
3624 5736 3720 5787 ΒΑ.
