4032 6144
455 397 590 462 1069
1463 391 1918 455 DISPUTATlO
1959 390 2057 453 DE
2098 390 2351 452 MUNDI
2389 390 2738 458 OPlFlClO.
3504 438 3509 445 .
3569 388 3706 454 1070

445 509 716 573 νεύσαντα
746 508 847 577 τῆς
882 506 991 562 τῶν
1036 505 1316 578 στοιχείων
1372 505 1637 577 ἁρμονίας
1680 505 2020 571 διαλυθῆναι,

2134 513 2303 569 curat,
2338 518 2514 571 neque
2546 503 2756 556 interea
2787 498 2934 582 circa
2967 497 3292 555 medicinam
3318 506 3580 569 perpetuo
3612 517 3705 554 oc-

447 600 534 655 διὰ
570 601 669 671 τῆς
726 598 976 673 ἰατρικῆς
1034 596 1474 669 εὐεργετήσαντα
1528 595 1746 667 τέχνης,
1802 595 1903 648 κᾶν
1953 594 2027 666 μὴ

2134 592 2603 662 ειψιιιυιιῡευιιι
2656 600 2838 646 autem
2895 587 3145 659 opiﬁcem
3197 603 3318 645 esse
3364 591 3703 660 negandum.

456 691 587 762 περὶ
617 691 717 763 τὴν
743 689 989 762 ἰατρικὴν
1018 691 1077 754 ὲς
1119 689 1208 742 ἀεὶ
1245 688 1447 759 ἐνεργῇ
1470 702 1486 718 ο
1539 686 1630 739 τὸν
1672 686 1732 740 δὲ
1778 686 1912 740 Θεὸν
1949 686 2026 757 μὴ

452 782 786 853 δημιουργὸν
851 779 1237 848 ὑποτοπάζειν,
1307 780 1436 833 ὅταν
1519 777 1703 851 ἐθέλῃ,
1769 779 2029 851 δημιουρ-

451 869 652 939 γοῦντα
666 887 682 937 ;

520 961 651 1016 IAT.
688 961 836 1015 Πάνυ
869 980 957 1031 γε.

515 1054 748 1109 ΧΡΙΣΤ.
803 1053 990 1124 Αὐτὰρ
1020 1052 1115 1106 καὶ
1147 1053 1240 1106 τδν
1277 1053 1589 1109 τεκτονικὸν
1626 1053 1722 1106 καὶ
1755 1050 2026 1124 οίκοδομι-

449 1143 544 1196 κὸν
563 1184 579 1209 ,
620 1143 881 1213 μουσικόν
907 1160 969 1196 τε
1008 1139 1077 1197 αὖ
1117 1143 1212 1196 καὶ
1242 1143 1559 1215 ῥητορικὸν,
1580 1142 1733 1199 οὐδὲν
1763 1143 1829 1197 ἂν
1850 1142 2029 1212 λωϐή-

452 1248 603 1283 σαιτο
634 1232 667 1302 ἡ
713 1229 771 1284 ἐν
807 1245 914 1284 τινι
945 1231 1123 1302 χρόνῳ
1157 1231 1288 1302 περὶ
1325 1231 1394 1285 τὰ
1441 1231 1798 1303 πραττόμενα.
1841 1233 2027 1293 αὐτοῖς

446 1321 634 1391 ἀργία.

449 1433 453 1437 ι
520 1412 652 1463 lA'l'.
685 1412 760 1465 Ού
798 1414 929 1482 γάρ.

520 1504 745 1557 ΧΡΙΣΤ.
765 1498 912 1569 Εἶεν,
928 1501 995 1576 ἦν
1015 1505 1061 1558 δ’
1084 1504 1219 1574 ἐγὼ,
1236 1504 1459 1569 τούτους
1480 1505 1577 1575 μὲν
1594 1504 1862 1568 ἅπαντας,
1881 1500 2028 1557 ἐλευ-

453 1594 610 1666 Οερίᾳ
645 1612 707 1648 τε
760 1597 1112 1667 γεραίρομεν,
1146 1596 1384 1667 ἀφετούς
1415 1614 1475 1650 τε
1524 1596 1620 1649 καὶ
1668 1596 2024 1663 αὐτονόμους,

452 1687 544 1739 καὶ
574 1686 754 1758 πάσης
784 1688 1029 1759 ἀνάγκης
1073 1689 1231 1755 ἐκτὸς
1281 1684 1422 1745 εἶναι
1456 1688 1700 1759 τίθεμεν,
1759 1689 1889 1757 περὶ
1927 1689 2026 1760 τὴν

449 1778 558 1831 τῶν
580 1780 795 1834 οἰκείων
824 1781 1033 1852 τεχνῶν
1063 1782 1346 1853 ἐνέργειαν
1366 1797 1380 1811 ’
1413 1781 1506 1834 τὸν
1534 1781 1593 1834 δὲ
1627 1779 1849 1835 πάντων
1874 1780 2026 1851 βασι-

449 1869 545 1922 λέα
571 1870 660 1923 τὸν
688 1871 847 1941 μόνον
880 1872 1189 1944 ἐλεύθερον,

452 1961 639 2033 θερίας
660 1966 773 2025 τοῖς
796 1964 975 2028 ἄλλοις
1007 1965 1263 2036 χορηγὸν,
1286 1965 1382 2020 καὶ¹
1402 1962 1683 2035 διανομέα,
1709 1966 1777 2035 τῇ
1812 1964 2028 2018 πάντων

450 2053 562 2105 τῶν
605 2055 662 2106 ἐν
716 2054 932 2124 γενέσει
972 2056 1068 2108 καὶ
1110 2056 1288 2127 φθορᾷ
1338 2055 1618 2126 κρατούσῃ
1659 2053 2029 2125 ύποξεύξομεν

450 2144 687 2217 ἀνάγκῃ,
732 2145 827 2198 καὶ
849 2145 1018 2217 ταύτῃ
1049 2145 1325 2200 δουλεύειν
1357 2148 1455 2200 καλ⁹
1497 2145 1662 2200 αὐτὸν
1687 2144 2031 2216 ὑποτοπήσο-

455 2253 582 2305 μεν·
619 2236 749 2307 ἴν’ἢ
813 2239 888 2309 μὴ
941 2237 1275 2309 δημιουργὸς
1316 2238 1631 2310 ὁμολογοῖτο
1688 2237 1827 2309 πρὸς
1858 2237 2015 2315 ήμῶν

456 2327 737 2399 ἐλευθερίᾳ
760 2328 1151 2400 τετιμημένος,
1199 2328 1398 2400 καὶμὴ
1443 2330 1895 2400 ἀναγκαζόμενος
1939 2318 2032 2400 δη-

455 2418 952 2487 μιουργεῖν;Μήτε
985 2418 1077 2487 ὑφ’
1121 2416 1343 2471 ἑαυτοῦ.
1392 2414 1530 2471 Οὔτε
1571 2417 1681 2489 γὰρ
1715 2419 1902 2483 στάσις
1935 2417 2031 2472 καὶ

456 2507 602 2579 μάχη
638 2510 766 2580 περὶ
794 2509 893 2581 τὴν
932 2509 1303 2564 ἀστασίαστον
1331 2509 1427 2563 καὶ
1460 2508 1744 2581 ἀμάχητον
1776 2512 1867 2585 καὶ
1895 2512 2030 2582 ἠρε-

456 2595 661 2664 μοῦσαν
710 2599 805 2653 καὶ
835 2598 1143 2671 είρηναίαν,
1199 2598 1405 2668 μᾶλλον
1440 2596 1498 2651 δὲ
1528 2598 1885 2670 αύτοειρήνην
1918 2599 2030 2671 (Gl)

451 2690 825 2758 τυγχάνουσαν
846 2691 997 2751 θείαν
1028 2694 1214 2761 φύσιν.
1247 2690 1465 2760 Ἐπειδὴ
1491 2692 1640 2747 πᾶσα
1659 2691 1896 2761 ἁπλότης
1919 2692 2031 2763 (ϐΞὶ

453 2779 551 2831 καὶ
595 2779 728 2831 αὐτὸ
768 2780 829 2832 τὸ
876 2781 955 2843 ἓν,
1001 2781 1096 2833 καὶ
1145 2779 1395 2843 σύνθεσις
1451 2779 1709 2849 οὐδαμοῦ,
1756 2783 1893 2851 μήτε
1927 2781 2033 2834 ὑπό

455 2886 570 2921 του.
613 2870 689 2923 Οὐ
735 2870 846 2940 γὰρ
887 2870 982 2924 τοῦ
1025 2871 1245 2925 πάντων
1280 2870 1542 2941 βασιλέως
1570 2870 1688 2924 ὲστί
1731 2888 1783 2924 τι
1828 2873 2032 2926 ἐπανα-

457 2957 719 3028 ϐεϐηκός·
764 2959 797 3031 ἢ
849 2961 896 3013 εί
958 2959 1289 3030 δημιουργὸς
1346 2957 1761 3027 ὑποτοπάζοιτο,
1815 2961 2032 3030 δεσμοῖς

456 3048 703 3121 ἀνάγκης
759 3049 949 3103 τοῦτον
1002 3050 1353 3121 δημιουργεῖν
1386 3050 1496 3123 (65)
1552 3051 1851 3123 νομίσομεν
1882 3052 2021 3123 (64).

531 3229 659 3283 ῙΛΤ.
692 3227 889 3291 Καλῶς
917 3228 1115 3297 λέγεις.

527 3319 750 3371 ΧΡΙΣΤ.
783 3314 860 3371 Ἥ
887 3320 985 3371 οὐκ
1034 3316 1208 3379 οἶσθα,
1260 3311 1305 3372 ὧ
1362 3318 1489 3389 φίλη
1545 3320 1776 3391 κεφαλὴ,
1829 3319 1903 3383 ὡς
1934 3320 2036 3373 οὐκ

456 3410 671 3479 ἀνάγκη
699 3450 714 3475 ,
744 3409 882 3462 ἀλλὰ
913 3410 1047 3480 μόνη
1099 3408 1392 3480 ἀγαθότης,
1424 3411 1521 3480 τῆς
1550 3411 1908 3481 δημιουργίας
1941 3411 2034 3464 καὶ

463 3503 732 3571 ποιήσεως
752 3501 908 3554 τοῦδε
937 3501 1031 3554 τοῦ
1078 3488 1282 3565 παντὸς
1330 3503 1711 3573 καθηγήσατο,
1743 3504 1837 3557 καὶ
1864 3520 2033 3574 προσ-

454 3591 639 3644 τάττει
685 3593 778 3644 καὶ
821 3590 1179 3662 ἡγεμονεύει;
1212 3592 1321 3646 Καὶ
1368 3594 1416 3644 εί
1451 3593 1629 3663 βούλει
1662 3632 1677 3654 ,
1724 3594 1887 3647 ἄκουε
1940 3596 2035 3646 καὶ

456 3681 551 3734 τοῦ
577 3683 843 3754 ὑμετέρου
888 3684 1173 3746 Πλάτωνος
1201 3683 1407 3753 ταύτην
1441 3685 1536 3736 καὶ
1564 3684 1732 3753 μόνην
1754 3684 1934 3737 αἰτίαν
1961 3679 2029 3736 εῖ-

459 3791 546 3827 ναι
576 3775 825 3843 λέγοντος
855 3778 953 3843 τῆς
983 3775 1090 3827 τῶν
1119 3775 1255 3827 ὅλων
1300 3774 1647 3837 συστάσεωςο
1695 3774 1771 3837 ὡς
1817 3775 1909 3827 τὸν
1939 3774 2027 3829 Τί-

454 3879 634 3931 μαιον
673 3866 959 3928 συντιθεὶς,
989 3859 1091 3918 ὧδέ
1126 3880 1278 3934 φησι·
1326 3864 1585 3934 Λέγωμεν
1622 3864 1721 3932 τὴν
1751 3864 1930 3917 αίτίαν
1961 3862 2028 3916 δι’

458 3955 525 4023 ἢν
557 3959 586 4008 δ
631 3956 884 4020 συνιστὰς
926 3957 1044 4009 τόδε
1092 3956 1152 4008 τὺ
1182 3956 1291 4008 πᾶν
1353 3956 1720 4026 συνεστήσατο
1746 3972 1760 3986 ·
1827 3954 2029 4023 ἀγαθὸς

459 4041 528 4114 ἦν
556 4061 573 4077 ⁸
606 4046 798 4118 ἀγαθῷ
833 4047 889 4099 δὲ
926 4046 1099 4109 οὐδεὶς
1136 4045 1390 4098 οὐδέποτε
1425 4045 1557 4114 περὶ
1599 4045 1810 4109 οὐδενὸς
1847 4045 1913 4098 ἂν
1940 4045 2031 4113 γέ-

462 4153 604 4189 νοιτο
627 4137 819 4204 φθόνος
843 4151 859 4167 ο
889 4136 1024 4205 πρὸς
1061 4134 1139 4201 δὲ,
1171 4131 1268 4187 καὶ⁴
1295 4131 1451 4185 τοῦτο
1484 4131 1658 4204 ἄθρει.

532 4230 664 4282 ΙΑΤ.
689 4226 762 4281 To
784 4230 933 4281 ποῖον
959 4226 1021 4295 δή
1048 4242 1062 4291 ;

531 4381 643 4451 (Gl)
670 4378 1089 4447 Αὑτοειρήνην.
1121 4377 1212 4432 Dei
1240 4377 1523 4451 imperium
1548 4387 1601 4433 et
1626 4377 1883 4445 maiestas
1909 4378 2022 4446 ipsa

460 4449 558 4523 pars
585 4456 690 4513 est,
716 4465 876 4523 quam
913 4464 1017 4523 non
1054 4458 1278 4523 tangunt
1310 4449 1570 4502 unnnllus
1599 4455 2020 4523 qualescunque.

2131 687 2275 755 quod
2331 686 2548 741 nonnisi
2580 699 2703 740 cum
2740 681 2877 757 velit.
2903 679 3200 753 operetur?

2200 943 2368 1002 MED.
2410 941 2662 1000 Maxime.
3737 975 3743 1002 ε

2200 994 2744 1091 illinere
2779 1031 2995 1085 fabrum
3043 1037 3100 1084 et
3154 1028 3532 1093 architectum,
3575 994 3753 1117 eam}

2129 1125 2471 1194 sidicumque
2509 1131 2563 1178 et
2597 1123 2873 1177 rhetorem
2926 1118 3060 1174 nihil
3091 1118 3294 1175 laeserit
3322 1159 3340 1184 ,
3365 1118 3413 1174 si
3456 1118 3710 1187 aliquan-

2098 1215 2218 1269 .din
2249 1215 2316 1269 ab
2353 1215 2439 1280 iis,
2475 1214 2619 1270 circa
2648 1228 2769 1284 qua:
2804 1220 3055 1269 versatur
3093 1226 3283 1266 eorum
3317 1225 3432 1278 ars,
3462 1210 3704 1265 desistet.

2202 1387 2365 1444 MED.
2406 1387 2642 1442 Minime.

2198 1479 2471 1536 CHRIST.
2511 1477 2776 1549 Agedum,
2823 1478 2924 1534 hos
2967 1477 3189 1548 quidem
3234 1489 3423 1532 omnes
3454 1475 3708 1532 libertate

2127 1571 2452 1626 decoramus
2493 1569 2723 1637 solutos,
2777 1578 2834 1624 et
2877 1569 2957 1624 sui
2991 1568 3150 1641 juris,
3196 1582 3261 1624 ac
3295 1577 3449 1623 extra
3488 1581 3705 1622 onmem

2130 1661 2515 1716 necessitatem
2546 1659 2819 1729 ponimus,
2849 1660 2993 1730 quod
3034 1660 3231 1714 attinet
3252 1658 3327 1727 ad
3361 1659 3706 1729 propriarum

2127 1752 2327 1806 artium
2354 1751 2698 1807 ellicientiam
2730 1768 2744 1805 :
2778 1749 3020 1805 omnium
3048 1762 3228 1805 autem
3267 1765 3451 1820 regem
3485 1752 3575 1821 qui
3609 1768 3706 1805 su-

1219 1872 1314 1927 καὶ
1350 1873 1451 1944 τῆς
1489 1871 1657 1935 ὅντως
1695 1841 2027 1943 οὔσηςυὲλευ-

2134 1841 2213 1896 Ius
2244 1850 2328 1896 est
2356 1842 2514 1907 liber,
2549 1858 2614 1897 ac
2644 1855 2827 1897 veram
2876 1841 3183 1895 libertatem
3217 1842 3471 1897 omnibus
3521 1856 3712 1911 suppe-

2131 1935 2270 1987 ditat
2317 1943 2373 1988 et
2422 1934 2723 2002 dispensat,
2773 1932 3088 1987 necessitati
3132 1947 3251 2000 quin
3296 1931 3606 1985 dominatur
3653 1932 3705 1984 in

2130 2026 2381 2082 omnibus
2409 2026 2510 2080 sub
2532 2036 2797 2080 ortum-et
2831 2024 3114 2080 interitum
3159 2024 3496 2088 cadentibus,
3543 2022 3709 2093 subji-

2130 2116 2362 2184 ciemus,
2411 2133 2475 2172 ac
2506 2120 2554 2173 ei
2602 2115 2897 2189 mancipari
2948 2116 3116 2171 etiam
3147 2114 3323 2185 ipsum
3371 2115 3707 2170 existimabi-

2131 2225 2283 2279 mus;
2333 2220 2394 2265 ut
2444 2225 2549 2265 non
2597 2209 2781 2280 opifex
2832 2207 3131 2264 allirmetur
3172 2223 3204 2261 a
3260 2207 3416 2263 nobis
3457 2206 3710 2262 libertate

2130 2311 2378 2367 ornatus,
2412 2311 2465 2356 et
2495 2316 2601 2356 non
2637 2300 2968 2357 necessitate
3001 2308 3226 2356 coactus
3251 2299 3319 2355 ad
3346 2314 3433 2354 res
3461 2301 3704 2356 conden~

2132 2394 2265 2450 das?
2291 2391 2476 2463 Neque
2526 2409 2554 2447 a
2587 2408 2645 2449 se
2676 2393 2813 2463 ipso.
2858 2389 3045 2464 Neque
3090 2394 3235 2447 enim
3277 2401 3363 2447 est
3394 2392 3590 2448 seditio
3624 2391 3709 2446 vel

2132 2500 2307 2556 pugna
2343 2485 2491 2540 circa
2537 2486 2772 2540 divinam
2802 2495 3079 2551 naturam,
3126 2480 3306 2538 omnis
3346 2485 3711 2555 repugnantia:

2130 2585 2187 2630 et
2228 2574 2587 2633 dissensionis
2633 2585 2932 2645 expertem,
2976 2586 3032 2630 et
3060 2577 3301 2645 quietam
3351 2583 3407 2629 et
3439 2584 3707 2644 pacatam,

2132 2667 2241 2721 imo
2267 2682 2395 2722 vero
2426 2666 2756 2736 ipsissimam
2786 2680 3001 2736 pacem.
3051 2667 3499 2737 Quandoquidem
3532 2669 3710 2724 omnis

2131 2756 2452 2825 simplicitas
2508 2754 2671 2810 etiam
2729 2753 2908 2824 ipsum
2958 2771 3122 2809 unum
3169 2767 3274 2820 est,
3305 2765 3361 2810 et
3387 2755 3710 2824 compositio

2140 2862 2433 2917 nusquam,
2468 2860 2642 2915 neque
2673 2845 2742 2900 ab
2770 2845 2955 2915 aliquo
2990 2847 3039 2900 ei
3076 2844 3316 2902 advenit.
3351 2843 3536 2916 Neque
3564 2847 3707 2901 enim

2134 2939 2511 2993 univcrsomm
2544 2936 2653 3007 regi
2700 2937 2991 3007 quidquam
3039 2938 3275 3001 accidit;
3313 2946 3406 2991 aut
3448 2938 3492 2991 si
3527 2935 3707 3007 opifex

2134 3030 2501 3093 existimetur,
2527 3029 2755 3083 vinculis
2779 3030 3119 3084 necessitatis
3148 3032 3503 3086 constrictum
3532 3032 3706 3100 ipsum

2133 3122 2371 3176 condere
2397 3121 2807 3174 arbitrabimur.
3414 3104 3423 3111 ⁸

2058 3228 2099 3284 ο
2204 3211 2368 3266 MED.
2410 3211 2643 3266 Pulchre
2671 3211 2831 3266 dicis.

2201 3303 2475 3360 CHRIST.
2524 3307 2605 3358 An
2655 3305 2876 3370 nescis,
2920 3300 3306 3359 charissimam
3355 3317 3552 3373 caput,
3600 3322 3705 3361 non

2132 3399 2531 3463 necessitatem,
2568 3400 2661 3452 sed
2685 3379 2869 3451 solum.
2894 3395 3191 3451 bonitatem
3237 3398 3437 3466 opilicii
3478 3409 3533 3452 et
3573 3398 3705 3455 elle-

2132 3488 2327 3543 ctionis
2365 3487 2520 3554 hujus
2558 3487 2937 3541 universitatis
2968 3487 3160 3542 ducem
3205 3486 3397 3551 fuisse,
3429 3496 3483 3543 et
3516 3490 3706 3557 βιωθε-

2132 3580 2274 3643 dem,
2310 3587 2364 3633 et
2393 3579 2809 3648 gubernatorem
2829 3577 2852 3633 ?
2876 3577 2930 3630 Si
2964 3576 3064 3643 vis,
3102 3578 3224 3630 andi
3255 3587 3492 3631 vestrum
3520 3577 3705 3633 Plato-

2135 3686 2280 3733 nem,
2305 3671 2444 3724 hanc
2470 3670 2640 3724 solam
2664 3684 2782 3723 esse
2807 3684 3027 3723 causam
3057 3669 3492 3738 pronuntiantur:
3520 3672 3704 3724 mundi

2134 3761 2519 3816 constituendi.
2550 3759 2643 3816 Ille
2686 3759 2941 3815 Tiuueum
2981 3761 3350 3825 conscribens,
3381 3760 3460 3815 sic
3492 3762 3703 3829 inquit:

2135 3851 2373 3907 Edamus
2402 3867 2647 3918 causam,
2684 3860 2903 3921 prOpter
2924 3867 3086 3919 qtiam
3115 3851 3380 3906 Conditor
3418 3853 3557 3906 hanc
3588 3853 3702 3906 uni-

2137 3945 2450 3998 versitatem
2503 3944 2787 3999 condidit:
2818 3942 3001 3997 Bonus
3047 3951 3187 4009 erat,
3236 3943 3378 3996 bono
3430 3959 3703 4012 nunquam

2138 4036 2243 4089 ulla
2277 4036 2343 4091 de
2379 4051 2436 4091 re
2485 4038 2625 4091 inest
2671 4035 2897 4091 invidia.
2937 4034 3206 4089 Praeterea
3253 4035 3414 4088 etiam
3444 4035 3586 4091 istud
3622 4038 3702 4091 in-

2136 4127 2301 4196 spice.

2210 4220 2368 4275 MED.
2411 4218 2715 4285 Quidnam?

2130 4387 2234 4430 cat.
2266 4376 2534 4440 Lucanus,
2564 4378 2652 4431 lib.
2684 4392 2718 4430 ιι
2751 4393 2764 4428 :
2792 4373 3469 4446 [-Pacentsnmmatenent.
3499 4378 3701 4433 Seneca

2132 4450 2271 4513 apud
2302 4449 2638 4501 Lactantinm
2668 4447 2760 4501 lib.
2795 4445 2869 4512 vl,
2892 4461 2942 4498 c.
2974 4445 3044 4498 25
3077 4462 3091 4498 :
3122 4445 3348 4499 vultisne
3367 4463 3472 4507 eos.
3506 4449 3701 4515 inquit,

462 4506 625 4573 nocet
648 4506 839 4571 n'at'ura
862 4506 1189 4572 beatissimi:
1211 4528 1436 4580 natum,
1460 4506 1634 4585 neque
1658 4519 1835 4569 minus
1856 4506 2027 4570 sacris
2061 4506 2101 4559 D
2136 4506 2299 4569 Deum
2322 4521 2552 4583 cogitare
2583 4533 2825 4586 magnum
2855 4506 2906 4569 et
2935 4515 3202 4582 placidum
3228 4527 3274 4568 et
3303 4506 3701 4584 majestate'leni

460 4589 817 4657 scriptoribus
844 4596 1174 4657 agnoverunt
1203 4589 1479 4654 gentilium
1517 4589 1778 4639 nonnulli.
1815 4586 2030 4657 Cassio-

461 4654 645 4722 dorus,
694 4658 769 4710 De
818 4654 1017 4719 anima,
1053 4672 1101 4709 c.
1152 4655 1218 4710 16
1260 4672 1273 4705 :
1318 4657 1544 4708 Serenus
1590 4666 1865 4717 coruscat;
1909 4654 2028 4722 pius

461 4727 742 4794 fuliiiinat;
782 4728 889 4779 ima
920 4741 1225 4793 summaque
1275 4726 1547 4791 sapientia!
1579 4742 1689 4777 sua:
1719 4726 1826 4790 lege
1855 4723 2030 4776 mode-

461 4810 612 4847 ratur
639 4812 657 4848 :
696 4797 891 4849 scilicet
927 4802 1050 4863 quia
1090 4800 1142 4846 in
1182 4794 1550 4862 gubernatione
1581 4794 1693 4862 ejus
1738 4796 2026 4849 consistunt

462 4867 661 4929 (mulio,
692 4882 793 4917 non
825 4869 880 4918 in
913 4862 1006 4917 suo
1038 4881 1187 4932 posse
1218 4864 1399 4915 relicta
1425 4878 1443 4923 ;
1472 4864 1724 4917 irascitur
1760 4862 2028 4926 blandus;

402 4932 417 4968 ἰ
455 4936 663 5006 judicat
701 4937 1049 5003 tranquillus;
1077 4944 1123 5006 et
1164 4934 1276 4985 sine
1321 4934 1808 5006 mutabilitateejus
1843 4949 2026 5006 prove-

464 5002 568 5057 niet
598 5005 738 5073 quod
768 5002 1182 5071 delinquentium
1214 5013 1389 5073 reatus
1409 5005 1649 5069 excipiet.
1677 5002 2029 5073 Pliilos'Ophos

465 5071 623 5128 nemo
661 5075 849 5127 nescit.
882 5073 1135 5141 Papinius
1174 5073 1240 5125 de
1268 5072 1398 5141 Jove
1431 5086 1641 5124 summo
1670 5083 1722 5125 et
1752 5071 2027 5141 Platonico

466 5145 741 5196 numinum
784 5140 1032 5206 numine,
1067 5143 1158 5195 lii).
1204 5157 1258 5194 ιιι
1299 5140 1479 5205 Tlteb.,
1512 5143 1599 5208 qui
1635 5142 1855 5193 Martem
1891 5140 2025 5191 allu-

465 5214 649 5277 qnitur
684 5232 696 5266 :
729 5212 745 5283 [
793 5212 1286 5283 Rapeﬁcunclantes,
1334 5221 1378 5261 et
1412 5210 1804 5283 {cederadturbn
1849 5208 2027 5283 [Qum

465 5279 741 5345 dedimus}
786 5283 878 5335 tibi
913 5282 994 5349 fus
1042 5282 1177 5349 ipsos
1228 5283 1499 5332 incendere
1541 5281 1673 5350 bello
1705 5279 1723 5350 Ῐ
1756 5279 2024 5332 Coelicolas

466 5368 745 5418 paremque
788 5366 977 5405 meam.
1018 5350 1159 5402 Ideni
1193 5352 1298 5403 line
1328 5351 1419 5402 lib.
1449 5364 1523 5420 x_:
1559 5348 1854 5420 [.Iunbnem
1891 5352 2025 5400 luci-

465 5430 573 5470 tam
605 5415 890 5486 furibunda
936 5422 1143 5472 silentia
1189 5430 1460 5487 torquent;
1503 5415 1669 5486 [Non
1705 5431 1877 5471 tamen
1914 5423 2025 5470 Iiwc

468 5487 679 5542 turbant
718 5508 895 5559 pacem
928 5489 1096 5541 Jovis.
1129 5490 1475 5559 Claudianus.
1506 5489 1660 5558 [Pax
1694 5488 1896 5555 nenjorn
1936 5489 2025 5539 de-

467 5568 637 5612 θείη..
670 5555 756 5613 sed
793 5571 846 5613 ut
877 5559 1015 5611 altus
1047 5559 1254 5627 Olympi
1287 5557 1298 5618 Ι
1340 5555 1551 5620 Vertei,
1587 5561 1675 5625 qui
1701 5560 1868 5624 spatio
1906 5574 2024 5609 ven-

466 5630 862 5699 toshiemesque
888 5629 1153 5699 relinquit,
1182 5629 1196 5699 [
1225 5628 1711 5699 Perpetuunrmtlla
1742 5637 2023 5678 temeratus

469 5697 602 5749 nube
644 5696 903 5761 serenum,
942 5696 1196 5767 [Celsior
1229 5700 1458 5765 exsurgit
1502 5697 1721 5765 pluviis.
1777 5700 2025 5767 auditque

472 5776 672 5820 ruentes
699 5767 845 5839 [Sub
869 5765 1084 5832 pedibus
1114 5768 1333 5832 nimbus,
1369 5778 1413 5818 et
1443 5783 1601 5819 runca
1634 5767 1864 5819 tonitrua
1896 5765 2022 5816 cal-

2136 4587 2431 4649 uerendum,
2486 4587 2712 4639 amicum
2749 4595 2796 4638 et
2838 4601 3035 4650 semper
3084 4586 3139 4636 in
3186 4588 3470 4648 proximo?
3500 4589 3553 4640 in
3607 4605 3701 4641 suo

2132 4659 2315 4724 cuique
2337 4658 2721 4709 consecrandus
2744 4665 2819 4707 est
2841 4667 3066 4722 pectore.
3098 4653 3230 4707 Vide
3257 4671 3378 4709 enin
3402 4659 3702 4724 sapientein

2133 4727 2285 4778 “ill'ls
2344 4726 2611 4794 plerisque
2664 4728 2936 4785 oninillns,
2972 4725 3255 4794 principue
3301 4740 3367 4779 eo
3413 4742 3572 4793 quem
3629 4729 3701 4781 Dc

2136 4792 2539 4859 tranquillitate
2563 4795 2725 4846 animi
2759 4796 2927 4847 dedit.
2966 4792 3063 4847 BA.

2203 4865 2311 4930 (62)
2348 4863 2521 4918 Πᾶσα
2546 4864 2838 4930 ἁπλότης.
2869 4865 3007 4915 Deus
3032 4863 3488 4930 simplicissimus.
3520 4861 3700 4928 Plato,

2204 4949 2239 4984 ιι
2279 4934 2348 5005 De
2377 4950 2481 5001 rep.
2508 4950 2526 4987 :
2560 4932 2766 5005 Κομιδῇ
2799 4933 2905 5003 ἄρα
2931 4932 3107 5005 ὁνθερς
3141 4931 3347 4987 ἁπλοῦν
3381 4934 3477 5005 καί
3501 4932 3700 5005 ἀληθὲς

2131 5002 2188 5074 ἐν
2223 5020 2281 5054 τε
2315 5004 2462 5074 ἔργῳ
2492 5005 2585 5056 καὶ
2615 5002 2672 5055 ἐν
2699 5002 2861 5072 λόγῳ,
2895 5004 2987 5074 καὶ
3014 5002 3138 5074 οὔτε
3160 5004 3323 5066 αὐτὸς
3355 5002 3696 5074 μεθίσταται.

2130 5072 2253 5124 οὒτε
2285 5072 2478 5135 ἄλλους
2523 5073 2797 5143 ἐξαπατᾷ,
2845 5073 2967 5125 οὕτε
3017 5073 3154 5124 κατὰ
3202 5075 3525 5143 φαντασίας,
3574 5073 3699 5126 οὔτε

2131 5144 2273 5213 κατὰ
2294 5144 2504 5210 λόγους,
2529 5142 2650 5195 οὔτε
2674 5142 2813 5197 κατὰ
2838 5143 3079 5213 σημείων
3109 5142 3352 5212 πομπὰς,
3385 5142 3499 5194 οὔθ’
3524 5143 3696 5213 ὕπαρ,

2129 5211 2237 5262 οὐδ’
2266 5214 2417 5278 ὄναρ.
2450 5213 2545 5267 ΒΑ.

2201 5282 2310 5350 (ϋῦ)
2340 5279 2742 5350 Amicam-rein,
2771 5297 2966 5344 creare,
3003 5280 3242 5335 condere.
3276 5281 3350 5337 De
3384 5284 3487 5337 hoc
3526 5284 3693 5345 enim,

2132 5367 2232 5404 non
2273 5354 2340 5405 de
2388 5355 2578 5420 quavis
2632 5354 2855 5421 actione
2896 5365 3074 5421 sermo
3127 5352 3214 5405 hic
3261 5361 3361 5406 est.
3428 5354 3696 5421 Ἀνάγκην

2129 5438 2273 5492 saepe
2302 5419 2430 5475 Jove
2452 5422 2807 5492 omnibusque
2833 5420 2932 5472 diis
2963 5419 3218 5492 majorem
3249 5423 3452 5476 faciunt
3479 5419 3692 5492 tragici.

2128 5490 2203 5544 De
2254 5492 2369 5560 ejus
2418 5492 2612 5544 throno
2655 5489 2805 5541 Plato
2857 5498 3148 5560 extremo,
3209 5491 3303 5543 lib.
3363 5509 3391 5546 κ
3456 5493 3530 5546 De
3569 5489 3673 5560 'rep

2129 5559 2359 5614 tlrcanili
2388 5570 2442 5615 el.
2471 5559 2983 5630 condendikverbtun
3009 5559 3172 5613 etiam
3203 5565 3557 5630 sequentibus
3581 5559 3693 5617 cill-

2129 5634 2299 5683 rientli
2331 5647 2459 5684 voce
2489 5631 2694 5682 malim.
2730 5627 2825 5681 ΒΑ.

2199 5702 2309 5769 (lii)
2342 5704 2397 5753 (ὲ.
2430 5700 2485 5754 ιι.
2514 5700 2850 5767 νομίσοιμεν.
