4032 6144
425 426 551 490 1077

1440 421 1897 483 DISPUTATIO
1936 424 2040 483 DE
2076 423 2332 484 MUNDI‘
2366 424 2696 487 OPIFICIO

3532 425 3671 489 1078

420 544 556 612 ὓλην
586 538 699 611 (85)
745 538 1244 607 συναπογεννήσας.
1284 536 1494 590 Οὺσιῶν
1554 536 1661 604 γὰρ
1721 536 1813 588 τὸν
1860 536 1993 588 Θεὸν

2099 551 2194 606 per
2250 538 2657 607 generationem
2718 536 2957 594 adhibet.
3028 538 3465 594 Substantiarum
3525 541 3670 593 enim

429 633 655 704 ποιητὴν
685 627 826 686 εῖναι
867 647 1071 701 φαμεν,
1116 631 1178 682 οὐ
1216 628 1327 699 γὰρ
1352 628 1418 697 δὴ
1473 627 1637 698 μόνον
1670 628 1994 698 σχημάτων,

424 725 564 779 κατὰ
599 724 658 777 δὲ
679 724 773 776 τὸν
816 722 1081 793 ὑμέτερον
1115 720 1273 789 λόγον
1302 719 1636 789 δημιουργός
1666 722 1813 772 ἐστιν
1838 719 1867 771 ὁ
1894 717 1992 787 τὴν

421 816 828 887 ἀσχημάτιστον
853 815 947 868 καὶ
990 813 1229 867 ἀνείδεον
1256 812 1389 883 ὓλην
1415 814 1490 875 εἰς
1515 808 1656 874 εἶδος
1687 811 1783 864 καὶ
1810 810 1995 880 σχῆμα

426 907 820 979 μεταπλάττων
848 922 864 938 ο
889 905 985 958 καὶ
1008 904 1108 974 τῆς
1131 903 1401 975 προτέρας
1435 902 1796 956 ἀπαλλάττων
1817 903 1993 971 ἀμορ-

422 1001 549 1069 φίας
603 1000 697 1053 καὶ
731 996 1012 1070 ταραχῆς,
1052 997 1147 1049 καὶ
1172 995 1266 1048 τοῦ
1308 995 1518 1058 ὲνόντος
1551 993 1791 1064 φυρμοῦ.
1826 987 1995 1072 ῼῦτος

428 1090 523 1158 μὲν
553 1088 582 1140 ὁ
622 1086 720 1140 τοῦ
769 1084 1106 1157 δημιουργοῦ
1156 1085 1278 1137 κατ’
1306 1082 1475 1154 ἄμφω
1529 1076 1628 1146 τὰς
1667 1083 1825 1146 δόξας
1869 1083 1995 1152 ὄρος

424 1181 519 1233 καὶ
544 1179 725 1246 λόγος.
748 1178 823 1230 Τὸ
854 1177 910 1229 δὲ
936 1176 1180 1246 συνέχειν
1208 1175 1304 1228 καὶ
1326 1173 1692 1244 προνοεῖσθαι,
1717 1174 1903 1245 ἔτερόν
1940 1189 1995 1225 τι

427 1271 577 1341 παρά
607 1269 669 1323 τδ
709 1269 1062 1339 δημιουργεῖν
1098 1268 1164 1321 ἂν
1194 1267 1302 1336 εἴη.
1333 1264 1585 1335 Συνέχειν
1627 1264 1736 1335 γάρ
1763 1266 1906 1327 ἐστι,
1936 1263 1995 1316 τὸ

427 1363 496 1416 τά
517 1362 645 1415 ὁντα
667 1361 762 1414 καὶ
793 1358 1139 1429 γεγενημένα
1164 1357 1553 1427 περισφίγγειν
1577 1373 1637 1409 τε
1671 1359 1766 1410 καὶ
1796 1356 1997 1425 φυλάτ-

426 1470 541 1508 τειν
566 1470 581 1484 ·
623 1450 973 1522 προνοεῖσθαι
1004 1449 1082 1511 δὲ,
1127 1449 1190 1501 τὸ
1235 1451 1347 1512 τοῖς
1393 1443 1514 1501 οὖσὶ
1556 1464 1615 1500 τε
1647 1449 1743 1502 καὶ
1770 1464 1999 1517 γεγενη-

430 1545 610 1615 μένοις
642 1541 901 1612 φροντίδα
933 1540 1056 1594 τινά
1083 1541 1292 1611 νέμειν.
1360 1600 1365 1613 Ι

496 1634 627 1688 ΙΔΤ.
665 1630 737 1687 Εὖ
763 1633 978 1700 λέγεις·
1018 1631 1071 1685 τί
1099 1631 1158 1685 δέ
1205 1648 1288 1684 σοι
1323 1632 1639 1699 συνάγεται,
1744 1630 1788 1683 δ’
1820 1629 1901 1693 ὃς,
1929 1633 1992 1683 ὲκ

423 1725 520 1777 τοῦ
549 1722 645 1777 νῦν
677 1723 1034 1795 δημιουργεῖν
1070 1720 1161 1775 τὸν
1195 1721 1351 1789 Θεὸν,
1378 1721 1552 1792 ἡδέως
1583 1721 1648 1775 ἀν
1688 1738 1782 1774 σου
1815 1721 2000 1774 πυθοί-

428 1832 501 1885 μη
508 1833 555 1866 ν.

494 1905 720 1958 ΧΡΙΣΤ.
753 1905 832 1976 Φη
842 1905 904 1975 μ).
930 1905 1008 1960 δέ.

498 1996 610 2047 ΙΑΤ
650 1994 809 2050 Φάθι.

494 2088 719 2142 ΧΡΙΣΤ.
737 2089 802 2142 Ei
827 2088 902 2160 μὴ
922 2087 1017 2141 νῦν
1045 2088 1395 2158 δημιουργεῖ,
1410 2082 1477 2158 ἦν
1492 2087 1537 2140 δ’
1558 2088 1695 2156 ἐγώσ
1732 2087 1998 2159 δημιουρ-

425 2179 519 2245 γὸν
542 2179 601 2232 δὲ
629 2174 769 2234 εἶναι
799 2180 906 2250 φὴς
931 2219 946 2243 ,
978 2180 1067 2234 διὰ
1096 2180 1159 2233 τὸ
1199 2180 1298 2252 ἤδη
1325 2179 1861 2250 δεδημιουργηκέναι
1882 2195 1895 2211 ·
1930 2180 1993 2231 οὐ

425 2271 534 2342 γὰρ
554 2272 792 2343 ἀνάγκη,
823 2271 1016 2326 τοῦτον
1043 2272 1131 2325 ἀεὶ
1150 2272 1504 2342 δημιουργεῖν
1533 2285 1548 2299 ·
1576 2271 1654 2341 τῷ
1684 2271 1833 2342 αὐτῷ
1853 2270 1998 2341 λόγῳ

425 2360 576 2414 ἐσται
603 2362 936 2433 δημιουργὸς
987 2362 1047 2427 ἐξ
1092 2362 1311 2427 ἑαυτοῦ,
1362 2364 1458 2415 καὶ
1495 2360 1816 2432 μηδέπωτά
1866 2361 1999 2416 ὄντα

422 2454 833 2523 δημιουργήσας
896 2453 1028 2524 (86),
1080 2453 1155 2517 ὡς
1213 2446 1441 2523 μηδενὸς
1487 2452 1765 2522 δεόμενος.
1836 2451 1999 2505 Ἀλλά

423 2545 534 2616 γὰρ
562 2546 700 2615 ἔχων
732 2548 858 2608 τοὺς
896 2545 1325 2616 δημιουργικοὺς
1349 2544 1542 2612 λόγους
1563 2545 1622 2595 ὲν
1664 2541 1862 2612 ἑαυτῷ,
1900 2544 1997 2598 καὶ

425 2636 634 2705 μέλλων
660 2638 754 2690 καὶ
806 2637 1055 2708 ἐνεργείᾳ
1103 2637 1483 2707 δημιουργεῖν.
1516 2635 1591 2691 Οὐ
1645 2630 1753 2706 γὰρ
1780 2636 1996 2706 ἀνάγκη

421 2726 515 2779 τὸν
546 2726 881 2795 δημιουργὸν
921 2727 1008 2779 ἀεὶ
1065 2726 1442 2795 δημιουργεῖν,
1501 2725 1579 2787 ὡς
1615 2726 1644 2778 ὁ
1672 2723 1831 2792 λόγος
1892 2728 1998 2780 ἀπ-

426 2817 619 2882 έδειξε.
651 2817 795 2886 Πρὸς
827 2817 906 2880 δὲ,
939 2817 1158 2868 κάκεῖνο
1183 2814 1358 2886 ἄθρει.

498 2907 632 2962 ΙΑΤ.
670 2908 745 2959 Τὸ
777 2908 929 2959 ποῖον
961 2904 1023 2975 δή
1041 2904 1177 2976 (87);

495 2996 721 3051 ΧΡΙΣΤ.
762 2995 828 3049 Εἰ
890 2996 1161 3050 συναῖδιον
1203 2993 1283 3065 τῷ
1314 2993 1432 3065 Θεῷ
1468 2995 1559 3048 τὸν
1612 2998 1815 3067 κόσμον
1855 2992 1995 3050 εἶναι

426 3091 697 3159 φήσομεν,
748 3089 904 3142 ἔσται
969 3105 1075 3141 που
1129 3090 1348 3152 πάντως
1403 3089 1548 3143 κατά
1593 3105 1654 3156 γε
1691 3088 1848 3142 τοῦτο
1901 3090 1997 3143 καὶ

2098 630 2263 684 Deum
2306 629 2619 686 effectorem
2674 645 2799 687 esse
2850 631 3104 698 dicimus,
3148 645 3249 687 nec
3297 644 3424 686 vero
3465 640 3671 685 tantum

2095 722 2418 778 formarum.
2444 723 2516 780 Ut
2540 740 2635 779 vos
2664 732 2845 779 autem
2874 725 3132 790 censetis,
3156 723 3335 794 opifex
3369 734 3451 778 εει
3477 724 3571 792 qui
3600 724 3676 776 in-

2094 812 2321 867 formem
2335 812 2497 884 275
2507 823 2562 868 et
2575 813 2769 883 speciei
2788 822 3063 883 expertem
3080 813 3357 868 materiam
3371 814 3424 866 in
3438 813 3670 881 speciem

2093 912 2145 958 et
2177 904 2405 957 formam
2453 904 2685 974 retiogit,
2719 913 2771 959 et
2807 921 2837 959 a
2869 905 3052 974 priore
3079 903 3423 960 deformitate
3452 917 3505 959 et
3545 919 3672 958 con-

2096 994 2403 1065 turbatiune
2432 1003 2487 1049 et
2533 994 2692 1049 insita
2730 996 3080 1065 permistione
3130 996 3391 1051 vindicat.
3434 995 3541 1050 Ista
3575 996 3673 1063 igi-

2096 1094 2185 1138 tur
2206 1096 2288 1140 est
2311 1085 2520 1154 opificis
2539 1085 2695 1155 juxta
2719 1096 3078 1155 utrorumque
3103 1087 3402 1141 sententias
3432 1086 3673 1142 definitio

2095 1182 2258 1246 atque
2309 1177 2472 1230 ratio.
2517 1176 2808 1232 Continere
2859 1186 3044 1232 autem
3098 1186 3152 1233 et
3190 1178 3478 1247 providere
3527 1178 3671 1231 aliud

2096 1276 2245 1322 certe
2283 1276 2386 1332 est,
2433 1281 2595 1336 quam
2636 1265 2891 1324 efﬁcere.
2924 1267 3060 1322 Nam
3106 1269 3412 1333 continere,
3462 1277 3548 1323 est
3588 1284 3674 1322 res

2096 1371 2215 1426 quae
2237 1357 2506 1412 exsistunt
2539 1371 2764 1427 qumque
2797 1355 2957 1413 factae
2988 1366 3138 1425 sunt,
3170 1360 3309 1414 tueri
3343 1368 3507 1428 atque
3541 1372 3671 1412 conv

2095 1463 2314 1505 servare
2351 1468 2364 1504 :
2396 1450 2679 1519 providere
2721 1462 2926 1516 autem,
2976 1452 3042 1507 de
3084 1451 3247 1507 rebus
3291 1465 3410 1520 quae
3454 1458 3676 1504 exstant

2098 1556 2321 1610 quaeque
2340 1540 2497 1597 facta:
2524 1550 2670 1611 sunt,
2703 1556 2891 1599 curam
2923 1544 3148 1600 habere.

2168 1632 2329 1687 MED.
2371 1633 2539 1689 Recte
2583 1635 2757 1691 sentis
2789 1653 2807 1690 :
2838 1636 2935 1691 sed
2981 1636 3110 1705 quid
3157 1650 3223 1691 ex
3273 1650 3341 1690 eo
3381 1633 3670 1704 colligitur,

2098 1727 2240 1795 quod
2266 1726 2406 1781 Deus
2436 1741 2579 1782 nunc
2621 1727 2824 1797 aliquid
2846 1726 3068 1793 efﬁciat,
3104 1739 3196 1783 aut
3226 1742 3331 1783 non
3367 1725 3583 1791 efﬁciat,
3615 1724 3674 1778 li-

2101 1820 2314 1875 bentius
2339 1834 2403 1874 ex
2433 1829 2486 1875 te
2513 1821 2856 1891 quaesierim.
3177 1826 3180 1829 '

2030 1886 2072 1939 Β
2166 1909 2439 1966 cumsr.
2480 1886 2663 1967 Dicam

2172 2003 2332 2058 MED.
2373 2004 2507 2073 Age.

2167 2094 2445 2151 CllRlST.
2499 2095 2557 2150 Si
2601 2096 2703 2151 hoc
2742 2096 2998 2166 temporis
3052 2094 3278 2149 articulo
3325 2106 3433 2147 nou
3482 2091 3665 2154 cilicii,

2097 2186 2404 2242 effectorem
2440 2197 2621 2242 autem
2653 2202 2771 2242 esse
2805 2188 2907 2255 ais,
2947 2190 3089 2257 quod
3112 2185 3228 2256 jam
3251 2182 3510 2248 effecerit,
3547 2183 3668 2250 (ne-

2098 2290 2204 2346 que
2230 2275 2372 2331 enim
2414 2292 2639 2333 necesse
2677 2286 2760 2332 est
2785 2278 2936 2331 illum
2967 2289 3181 2345 semper
3209 2273 3663 2342 eﬂicere),eadem

2100 2365 2309 2420 ratione
2346 2365 2450 2421 erit
2479 2364 2702 2422 effector
2760 2381 2825 2421 ex
2866 2376 3010 2430 sese,
3057 2364 3268 2420 etiamsi
3312 2362 3548 2417 nondum
3580 2377 3666 2415 res

2100 2468 2218 2523 qua:
2238 2464 2388 2521 sunt,
2421 2454 2679 2523 effecerit,
2723 2463 2782 2510 ut
2808 2454 3006 2509 nuHius
3032 2469 3215 2524 egens.
3255 2453 3469 2507 Etenim
3505 2450 3667 2505 habet

2097 2545 2359 2602 eﬂicieudi
2390 2548 2628 2602 rationes
2677 2546 2728 2600 in
2766 2547 3080 2615 semetipso,
3112 2554 3167 2600 et
3194 2558 3318 2599 actu
3350 2544 3662 2599 effecturos.

2098 2635 2232 2690 Nam
2270 2651 2374 2692 non
2403 2640 2625 2691 necesse
2644 2645 2728 2691 est
2751 2634 3060 2691 effectorem
3095 2648 3311 2704 semper
3344 2632 3668 2698 eﬂicere,~ut

2098 2742 2278 2783 sermo
2303 2728 2505 2783 docuit.
2542 2727 2814 2784 Praeterea
2850 2728 2990 2783 istud
3024 2726 3250 2795 inspice.

2174 2906 2337 2962 MED.
2378 2905 2647 2972 Quidnam
2666 2907 2691 2959 ?

2169 2995 2440 3055 CHRIST.
2487 2996 2742 3068 blandus,
2776 2997 2821 3052 si
2851 3011 2973 3052 eum
3003 3010 3245 3052 coaevum
3284 2996 3392 3050 Deo
3433 3008 3555 3051 esse
3586 2994 3670 3049 di-

2095 3104 2303 3154 camus,
2345 3087 2445 3158 ipsi
2484 3088 2591 3142 erit
2624 3089 2827 3142 honore
2867 3102 2983 3158 par.
3015 3086 3131 3153 Quo
3173 3086 3303 3155 quid
3351 3100 3471 3140 esse
3499 3085 3670 3155 possit

420 3181 686 3251 ὁμότιμος
708 3178 819 3249 (88)
846 3179 1017 3249 αὐτῷ.
1051 3172 1136 3233 Οὔ
1150 3179 1202 3233 τι
1239 3179 1305 3233 ἂν
1334 3181 1547 3248 γένοιτο
1574 3179 1710 3249 πρὸς
1740 3179 1994 3233 ἀσέϐειαν

2101 3181 2269 3250 magis
2300 3181 2546 3248 impium,
2571 3179 2618 3234 si
2651 3179 3223 3248 circumscriptum,-et
3260 3177 3666 3247 aspectabilem,

427 3270 633 3342 μεῖζον,
658 3270 707 3322 εἰ
732 3269 822 3322 τὸν
839 3268 1354 3340 περιγεγραμμένον
1382 3269 1477 3322 καὶ
1503 3268 1697 3338 ὁρατὸν
1714 3268 1776 3321 τὸ
1799 3270 1991 3337 ἁπτὸν,

424 3361 520 3415 καὶ
555 3361 712 3432 σῶμα
745 3359 937 3430 ἔχοντα
967 3360 1167 3422 ὑλικὸν,
1206 3362 1263 3423 ἐς
1287 3361 1483 3415 ταύτὸν
1514 3361 1672 3433 δόξης
1699 3364 1794 3416 καὶ
1827 3364 1995 3434 τιμῆς

421 3454 490 3522 τῇ
525 3450 881 3523 ἀπεριλήπτῳ
913 3449 1009 3503 καὶ
1065 3450 1327 3518 ἀνωτάτω
1383 3451 1576 3505 πασῶν
1630 3453 1994 3523 ἀναγάγωμεν

467 3560 616 3608 ossi;

467 3561 616 3608 υσεις

425 3561 460 3612 φ
499 3636 630 3690 ΙΔΤ.
666 3635 741 3688 Οὐ
779 3634 930 3689 ταῦθ’
963 3633 1136 3697 οὕτως
1162 3633 1297 3704 ἔχει,
1327 3631 1363 3705 ἦ
1387 3633 1431 3687 δ’
1467 3635 1547 3700 ὃς,
1580 3637 1675 3689 καὶ
1711 3637 1759 3688 εἰ
1791 3636 1992 3706 βούλει,

425 3727 829 3799 παραδείγματι
862 3726 921 3779 σέ
946 3743 1054 3779 τινι
1083 3725 1190 3778 τῶν
1226 3727 1518 3797 γνωρίμων
1562 3725 1842 3796 ξεναγὴσω
1882 3726 1993 3797 (89)

424 3818 559 3887 πρὸς
575 3817 634 3870 τὸ
657 3816 1009 3888 ζητούμενον.
1033 3815 1170 3868 Φασὶ
1197 3815 1303 3884 γὰρ
1325 3815 1430 3879 ὅτι,
1461 3813 1716 3884 καθάπερ
1738 3815 1908 3867 αἴτιον
1934 3815 2016 3867 τὸκ

426 3910 583 3980 σῶμα
612 3910 709 3980 τῆς
736 3910 965 3965 ἑκάστου
995 3907 1154 3968 σκιᾶς
1179 3907 1289 3975 (90)
1309 3906 1539 3973 γίνεται,
1564 3905 1860 3975 ὁμόχρονος
1884 3905 1993 3975 (9|)

420 3997 478 4050 δὲ
521 3998 600 4067 τῷ
652 4000 868 4068 σώματι
900 4000 933 4068 ὴ
978 3996 1105 4050 σκιά
1153 3996 1248 4050 καὶ
1278 3995 1376 4065 οὐχ
1433 3995 1729 4065 ὁμότιμος·
1768 3994 1912 4048 οὕτω
1940 3995 1996 4048 δὲ

421 4090 517 4145 καὶ
551 4090 637 4143 ὅδε
661 4090 690 4142 ὁ
717 4091 923 4160 κόσμος
947 4086 1415 4159 παρακολούθημά
1442 4087 1560 4139 ἐστι
1588 4086 1682 4139 τοῦ
1719 4086 1877 4150 Θεοῦ,
1918 4089 1998 4139 αῖ-

420 4181 540 4233 τίου
589 4179 741 4244 ὄντος
791 4178 939 4250 αὑτῷ
970 4178 1063 4232 τοῦ
1094 4173 1232 4231 εἶναι
1259 4193 1273 4207 ·
1313 4177 1409 4230 καὶ
1455 4175 1721 4238 συναῖδιός
1771 4176 1886 4228 ἐστι
1916 4175 1994 4246 τῷ

422 4270 574 4338 Θεῷ,
608 4272 794 4324 οὐκέτι
823 4271 878 4322 δὲ
909 4269 1005 4323 καὶ
1027 4268 1309 4338 ὁμότιμος.

492 4361 713 4418 ΧΡΙΣΤ.
747 4357 881 4413 Εἶτα.
912 4361 973 4413 οὐ
1005 4360 1234 4429 συνορᾷς
1263 4358 1399 4421 ὅλως
1440 4375 1525 4426 γε,
1554 4354 1622 4428 ἦν
1650 4357 1695 4410 δ’
1727 4356 1859 4425 ἐγὼ,
1890 4358 1993 4423 τὴν

421 4452 650 4508 ἀτοπίαν
670 4451 778 4506 τῶν
808 4450 1132 4522 λεγομένων,
1169 4449 1394 4518 Πρῶτον
1424 4450 1521 4518 μὲν
1542 4448 1604 4520 δὴ
1634 4447 1995 4520 ἀπροαζρετον

2102 3280 2154 3325 ει
2193 3271 2555 3335 tractabilem,
2600 3277 2655 3324 et
2693 3283 2920 3339 corpore
2964 3269 3248 3324 materiato
3280 3269 3559 3338 praeditum
3601 3270 3665 3319 ad

2095 3362 2337 3416 eamdem
2372 3360 2599 3430 gloriam
2643 3369 2697 3414 et
2731 3359 2992 3414 honorem
3035 3374 3159 3415 cum
3196 3359 3667 3424 incircumscripto

2094 3464 2146 3507 et
2190 3451 2581 3521 iuaspectabili,
2617 3460 2671 3507 et
2700 3452 2954 3507 omnibus
2988 3450 3193 3504 naturis
3221 3449 3502 3519 superiore
3536 3464 3666 3502 eve-

2097 3544 2330 3597 hamus?

2167 3633 2328 3687 MED.
2364 3634 2480 3688 Non
2518 3634 2633 3688 haec
2667 3634 2749 3689 sic
2777 3649 2836 3689 se
2879 3636 3098 3691 habent.
3130 3635 3209 3690 Ac
3236 3634 3280 3689 si
3308 3634 3393 3688 vis
3422 3618 3674 3699 exemplo

2096 3725 2277 3793 aliquo
2308 3724 2560 3778 familiari
2594 3736 2646 3778 te
2677 3741 2839 3780 manu
2876 3726 3071 3782 ducam
3112 3727 3178 3779 ad
3222 3726 3273 3779 id
3298 3726 3446 3794 quod
3466 3723 3665 3793 quaeri-

2099 3825 2199 3867 tur.
2234 3815 2399 3868 Aiunt
2427 3815 2569 3868 enim
2592 3816 2734 3884 quod
2756 3817 3204 3883 quemadmodum
3229 3830 3424 3882 corpus
3447 3816 3665 3884 quidem

2096 3918 2258 3957 causa
2291 3904 2505 3958 exsistit
2534 3904 2960 3973 uniuscujusque
2988 3907 3216 3971 umbra),
3249 3915 3305 3958 et
3333 3914 3510 3970 tamen
3546 3921 3664 3958 um-

2099 3995 2190 4046 bra
2229 4008 2326 4060 par
2362 4006 2448 4049 est
2480 4005 2724 4063 tempore
2770 3996 3009 4064 corpori,
3047 4011 3150 4049 non
3195 4007 3376 4049 autem
3421 3997 3664 4061 honore;

2096 4084 2175 4139 sic
2196 4098 2326 4139 sane
2353 4084 2439 4139 hic
2468 4085 2699 4140 mundus
2727 4087 3125 4141 consectarium
3157 4086 3410 4154 quiddam
3436 4097 3519 4140 est
3542 4085 3660 4152 Dei,

2096 4177 2295 4247 quippe
2333 4176 2425 4244 qui
2458 4176 2558 4246 ipsi
2606 4191 2850 4242 causam,
2899 4186 2957 4237 ut
3003 4177 3097 4244 sit,
3130 4179 3388 4247 prabeat.
3437 4177 3505 4232 Et
3537 4194 3667 4233 vero

2101 4280 2311 4321 coaevus
2341 4274 2424 4321 est
2449 4267 2578 4332 Deo,
2610 4282 2714 4321 non
2749 4277 2926 4323 tamen
2960 4268 3163 4323 honore
3193 4269 3438 4337 aequalis.

2170 4356 2441 4413 CllRlST.
2481 4358 2642 4426 Atqui
2682 4373 2788 4413 non
2828 4360 3007 4414 cernis
3043 4359 3429 4414 absurditatem
3478 4376 3663 4415 eorum

2103 4464 2220 4517 qua:
2257 4449 2529 4505 dicuntur.
2562 4450 2800 4514 Primum
2833 4450 3045 4521 quidem
3085 4450 3364 4515 electionis
3388 4460 3665 4520 expertem

412 4593 429 4609 λ
497 4619 608 4701 (85)
656 4621 1469 4701 Ἀρμόὲιςουσανῷληηπριιίε
1497 4623 1839 4701 ροιιδιυξιβῇ
1888 4623 1988 4677 [ον.

2096 4624 2340 4701 losoplii._
2360 4622 2456 4701 βλ.

428 4703 532 4755 mis
558 4690 677 4750 ι-ἱιιη
706 4690 925 4750 niateria
954 4695 1112 4749 simul
1144 4695 1393 4748 conditis.
1426 4690 1649 4759 Seponit
1677 4692 1985 4759 opinionem

426 4768 660 4845 plurium
717 4766 1007 4845 insignium
1065 4762 1511 4845 philosophorum
1569 4763 1635 4814 de
1688 4763 2009 4845 afternitate

430 4831 688 4898 materiae,
736 4831 851 4888 seu'
870 4833 1041 4895 silvae,
1069 4831 1174 4887 icui
1208 4831 1412 4885 formas
1461 4840 1663 4884 tantum
1719 4831 1990 4884 induxerit

425 4909 674 4962 conditor
704 4903 943 4957 universi
973 4904 1124 4957 deus.
1158 4901 1330 4955 Etiam
1360 4899 1582 4954 Ovidius
1612 4916 1734 4953 cum
1763 4916 1868 4952 uno
1893 4918 1988 4954 suo

430 4975 655 5028 Natura:
691 4972 838 5027 vultu
882 4986 1001 5026 eam
1033 4968 1437 5039 persuasionem
1472 4979 1689 5023 secutus
1718 4979 1821 5022 est.
1859 4969 1990 5023 Vide

428 5046 595 5098 libros
630 5042 777 5112 Περὶ
807 5040 1150 5112 ἀρεσκόντων
1212 5040 1502 5112 Plutarcho
1550 5040 1843 5112 ascriptus,
1899 5039 1988 5112 qui

430 5129 530 5168 nec
589 5109 978 5180 integrifnec
1032 5110 1334 5180 diligenter
1369 5109 1597 5173 collecti,
1656 5123 1753 5180 nec
1812 5109 1990 5180 magni

428 5183 647 5236 omnino
678 5175 930 5247 ponderis
959 5188 1106 5233 sunt.
1147 5175 1383 5247 Ποιητής
1425 5193 1546 5232 mox
1580 5177 1770 5231 melius
1802 5175 1988 5245 factor,

429 5267 588 5320 quam
616 5250 835 5320 eﬂ'eclor
862 5247 1186 5320 traducitur.
1223 5247 1318 5320 Βιξ.

502 5320 613 5391 (86)
646 5314 932 5391 ’Μηδέπω
960 5316 1226 5391 τὰ-ὀντα
1273 5314 1742 5391 δημιουργήσας.
1797 5316 1987 5371 Eadem

431 5387 633 5446 (Encas
659 5400 862 5451 uoster,
891 5387 935 5442 si
965 5387 1096 5441 satis
1126 5387 1367 5440 memini.

504 5459 615 5528 (87)
647 5458 890 5512 Sustinet
919 5456 1211 5528 artificiose
1240 5457 1545 5528 audientem
1586 5456 1902 5528 sopltistam,
1934 5464 1991 5513 ut

432 5524 782 5582 attentionem
831 5528 1051 5589 reddat,
1108 5526 1441 5594 interrogare
1464 5524 1733 5594 hominem
1768 5525 1987 5588 faciens,

433 5612 693 5658 suspenso
716 5596 930 5664 paulum
953 5608 1223 5664 sermone.
1251 5593 1414 5663 quue
1434 5593 1993 5664 saepiusChristianus

435 5664 535 5732 per
567 5663 840 5731 Dialogum
885 5665 1027 5717 hunc
1076 5663 1225 5726 facit,
1277 5664 1498 5717 notabili
1546 5663 1796 5717 artiﬁcio.
1833 5664 1993 5717 latro-

432 5736 703 5804 sOphista,
727 5732 1338 5804 medicus-philosophus
1369 5732 1558 5788 Latine
1587 5733 1687 5785 erit
1720 5735 1993 5804 traducen-

439 5802 559 5861 dus.
590 5803 854 5872 SOphistae
885 5802 1035 5858 enim
1071 5816 1135 5854 eo
1180 5812 1416 5871 tempore
1447 5808 1531 5870 qui
1568 5804 1834 5869 prioribus
1871 5803 1990 5870 phi-

2168 4691 2281 4763 (88)
2328 4695 2639 4763 Ὁμότιμος
2688 4694 2946 4761 collegam
3001 4695 3383 4761 interpretatur
3432 4691 3666 4763 Gya-illus

2097 4768 2371 4833 magister.
2422 4763 2634 4823 Atticus
2685 4765 2942 4817 irridebat
2974 4763 3341 4825 Aristotelem,
3377 4766 3465 4830 qui
3503 4778 3662 4829 quem

2096 4849 2293 4902 corpus
2322 4848 2442 4885 esse
2478 4836 2711 4896 videbat,
2758 4833 3011 4885 mundum
3044 4834 3246 4886 diceret
3291 4843 3470 4884 tamen
3504 4842 3664 4902 teter-

2096 4899 2259 4966 num,
2313 4911 2365 4955 et
2412 4917 2592 4966 parem
2647 4904 2963 4971 incorporeo
3025 4902 3295 4956 conditori
3353 4903 3485 4955 deo.
3536 4899 3666 4956 Vide

2092 4971 2340 5026 IEneam.
2379 4971 2471 5029 BA,
2764 4998 2765 5001 η

2165 5039 2273 5111 (89)
2307 5040 2652 5109 Ξεναγήσω.
2690 5041 2994 5111 Tanquam
3023 5040 3304 5111 hospitem.
3328 5040 3546 5111 ducam.
3575 5038 3667 5093 Ξε-

2092 5109 2291 5177 ναγῶν,
2339 5111 2549 5178 ὁδηγῶν
2597 5111 2690 5163 καὶ
2739 5111 2889 5176 ἄγων
2922 5109 3048 5172 τοὺς
3089 5110 3273 5175 ξένους
3342 5110 3661 5178 Hesychius.

2091 5178 2434 5306 gignimqu
2480 5197 2536 5235 se
2579 5181 2708 5234 facit
2743 5181 2833 5234 illa
2883 5195 2980 5235 sua
3014 5180 3364 5235 similitudine
3400 5180 3660 5249 sophista.

2163 5318 2273 5388 (90)
2307 5318 2382 5370 De
2414 5318 2601 5371 umbra
2638 5319 2842 5388 pariter
2871 5319 3052 5371 multis
3085 5318 3287 5373 jEneas
3330 5329 3531 5374 noster.
3567 5319 3661 5373 ΒΑ.

2162 5387 2274 5459 (91)
2336 5388 2714 5456 Ὀμόχρονος.
2774 5387 3175 5459 [ineptissimum
3216 5388 3471 5459 effatum.
3534 5389 3665 5442 Cum

2091 5457 2235 5513 enim
2271 5460 2323 5512 in
2355 5460 2594 5511 tenebris
2630 5472 2848 5526 corpus,
2886 5457 2974 5511 ubi
3003 5458 3230 5511 umbra?
3264 5459 3327 5512 Et
3365 5469 3532 5512 totum
3566 5459 3667 5512 hoc

2092 5529 2157 5582 de
2182 5530 2368 5582 umbra
2393 5527 2671 5596 plusquam
2696 5528 3054 5581 umbraticum
3077 5538 3179 5593 est,
3201 5538 3256 5581 et
3280 5529 3473 5582 merito
3510 5529 3666 5596 paulo

2093 5608 2212 5665 post
2248 5594 2572 5666 exagitator.
2609 5594 2760 5666 Xide
2788 5596 3214 5651 eruditissimum
3278 5599 3449 5652 lusum
3504 5594 3662 5650 ωηερε

2093 5669 2219 5720 olim
2252 5665 2418 5737 nostri
2478 5666 2561 5722 Jo.
2606 5665 2845 5719 Woweri
2877 5667 2987 5737 qui
3037 5667 3117 5721 vel
3167 5667 3283 5722 solo
3332 5671 3433 5723 boc
3463 5668 3664 5737 ingenii

2096 5740 2175 5790 sui
2206 5736 2593 5791 sublimitatem
2622 5745 2674 5790 et
2696 5736 3052 5793 eruditionem
3084 5737 3250 5793 animi
3278 5736 3541 5795 ostendit.
3566 5736 3660 5794 BIL.
