4032 6144
528 356 656 421 1091

1548 355 1949 418 ZACHARI/E
1988 352 2419 415 MITYLENES
2457 351 2795 413 EPISCOPI

3650 349 3799 417 1092

529 478 678 523 certe
725 482 885 522 omne
939 467 1174 521 vinctum
1246 465 1381 519 solvi
1437 473 1638 534 potest.
1674 485 1692 516 ι
1722 466 1786 519 Ει
1841 474 2096 519 rursum:

2208 466 2379 520 ποιεῖ·
2409 483 2427 514 t
2470 463 2596 517 Θεοὶ
2624 463 2760 516 θεῶν
2786 456 2861 516 ὧν
2895 462 3006 531 ἐγὼ
3026 463 3382 533 δημιουργὸς,
3415 462 3604 518 ἀλυτοξ
3635 467 3793 527 ἐστε,

535 580 554 612 ι
596 559 829 614 Proinde
873 557 1000 626 quia
1036 556 1161 611 facti
1216 556 1352 611 e5tis
1378 571 1522 618 ,non
1569 556 1705 610 estis
1740 554 2095 619 immortales,

535 666 708 721 neque
755 649 1158 703 indissolubiles
1198 648 1441 719 penitus.
1473 649 1727 700 Attamen
1765 661 1869 700 nou
1907 646 2099 701 dissol-

528 742 752 802 vemini,
788 756 958 808 neque
983 740 1387 807 consequemini
1426 737 1617 793 mortis
1663 740 1831 792 fatum
1860 755 1875 804 ;
1903 738 2101 807 quippe

528 846 699 885 meam
731 831 1086 897 voluntatem,
1106 831 1278 899 majus
1298 829 1571 883 vinculum
1596 838 1650 883 ct
1676 829 1949 897 potentius
1970 829 2100 882 ade-

528 923 624 988 pti,
650 936 806 988 quam
828 920 1101 973 vinculum
1127 920 1338 975 illorum
1358 920 1559 989 quibus
1579 934 1701 974 cum
1725 916 2096 984 eﬂicercmini,

527 1009 755 1078 colligati
787 1011 1180 1079 constrictique
1210 1010 1397 1064 estis.)
1434 1009 1510 1063 Te
1539 1024 1623 1074 ne,
1654 1008 1725 1062 nui
1759 1010 1985 1073 medice,
2016 1009 2102 1063 his

526 1101 704 1154 verbis
739 1100 1095 1163 medicamnr,
1124 1109 1180 1154 et
1212 1100 1422 1154 tandem
1452 1099 1837 1168 persuademus
1875 1098 2097 1168 potabili

525 1191 771 1244 oratione
805 1191 998 1244 falsum
1033 1190 1273 1243 auditum
1310 1198 1369 1241 ut
1402 1203 1668 1257 expurges
1710 1186 1966 1241 ?Tuisne
2002 1204 2102 1240 au-

530 1278 675 1334 ribus
700 1288 912 1347 oportet
940 1278 1092 1346 plura
1124 1275 1504 1331 insusurrare?
1529 1274 1704 1330 Cerne
1729 1279 1871 1329 enim
1902 1285 1955 1329 nl
1988 1275 2103 1344 ipse

530 1371 678 1424 Plato
707 1384 885 1423 ortum
916 1370 1060 1423 norit
1088 1368 1309 1432 caelum,
1340 1376 1395 1421 et
1424 1375 1689 1436 quatenus
1716 1374 1894 1420 ortntn
1931 1366 2104 1420 disso-

530 1462 720 1516 lulioni
749 1470 801 1515 et
832 1460 1068 1515 interitui
1102 1460 1396 1514 olmoxium
1430 1457 1619 1528 :quod
1653 1458 1962 1512 necessario
1992 1457 2105 1511 dis-

532 1554 731 1608 solutio
778 1553 1220 1623 compositionem
1283 1551 1669 1621 subsequatur.
1735 1548 1907 1605 Omne
1957 1550 2101 1605 enim

530 1645 885 1714 compositum
920 1644 1137 1698 dissolvi
1170 1644 1335 1697 etiam
1369 1652 1559 1696 natura
1592 1641 1748 1695 solet.
1777 1639 1862 1694 Nil
1892 1655 2018 1695 vero
2054 1650 2105 1695 te

531 1737 837 1800 conturbet,
873 1736 1013 1803 quod
1048 1732 1245 1800 adjecit
1277 1733 1429 1786 Plato
1466 1750 1479 1787 :
1523 1750 1542 1784 ι
1573 1732 1627 1785 Si
1664 1731 1881 1801 quidem
1914 1745 2101 1784 eorum

2204 555 2339 627 ἐμοῦ
2377 573 2441 624 γε
2485 554 2791 619 ἐθέλοντος·
2836 555 2897 609 τὸ
2931 556 3031 625 μὲν
3079 555 3143 624 δὴ
3191 552 3345 607 δεθὲν
3378 554 3488 608 πᾶν
3521 553 3703 611 λυτάν.
3766 574 3789 607 ›

2205 650 2318 704 Καὶ
2350 645 2513 702 πάλιν
2533 664 2549 680 ’
2586 666 2605 700 ι
2660 647 2753 700 Διὸ
2801 645 3035 719 ἐπείπερ
3068 645 3355 714 ἐγένεσθε,
3384 647 3485 699 οὐκ
3529 647 3796 701 ἀθάνατοι

2210 739 2312 809 μέν
2343 741 2466 791 ἐστε
2489 755 2502 768 ⁸
2537 739 2661 791 οὐδὲ
2694 737 2879 791 ἀλυτοι
2921 739 3240 809 τοπάμπαν,
3278 735 3404 790 οὔτε
3433 755 3498 808 γε
3536 739 3643 810 μὴν
3691 739 3796 791 λυ-

2210 829 2475 901 θήσεσθε,
2502 830 2623 883 οὐδὲ
2657 828 2915 894 τεύξεσθε
2950 830 3185 884 θανάτου
3224 829 3420 901 μοίρας
3445 871 3461 896 ,
3497 833 3598 900 τῆς
3644 830 3794 899 ἐμῆς

2210 922 2517 993 βουλήσεως
2545 964 2559 989 ,
2619 922 2866 993 μείζονος
2918 921 2999 975 ἔτι
3046 921 3252 992 δεσμοῦ
3307 921 3402 974 καὶ
3445 923 3797 992 κυριωτέρας

2208 1013 2460 1085 λαχόντες
2485 1013 2710 1067 ἐκείνων
2725 1009 2807 1079 οἷς
2830 1014 2919 1068 ὅτε
2937 1013 3217 1082 ὲγγίνεσθε
3246 1013 3380 1084 (55),
3407 1014 3737 1067 συνεδείσθε.
3769 1033 3789 1066 ο

2207 1097 2355 1175 Ἀρά
2371 1121 2431 1156 σε
2459 1102 3031 1174 καταφαρμακεύομεν
3049 1103 3186 1172 (56),
3218 1096 3263 1156 ὦ
3284 1101 3456 1171 φίλος,
3472 1103 3588 1164 τοῖς
3608 1101 3795 1168 λόγοις

2209 1194 2437 1259 τούτοις,
2487 1194 2584 1247 καὶ
2634 1194 2733 1263 ὀψὲ
2781 1193 3043 1263 πείθομεν
3077 1193 3294 1264 ποτίμῳ
3341 1192 3487 1263 λόγῳ
3537 1191 3796 1262 ἁλμυρὰν

2207 1286 2378 1358 ἀκοὴν
2411 1286 2824 1340 ἀποκλύσασθαι
2849 1285 2963 1357 (57)
2987 1303 3001 1352 ;
3027 1285 3060 1357 ἦ
3093 1284 3173 1337 δεῖ
3203 1302 3296 1338 σου
3320 1284 3650 1356 κατεπᾲδειν
3679 1284 3793 1353 (58)

2212 1376 2566 1447 μακρότερα;
2602 1377 2704 1446 δρα
2738 1374 2847 1444 γὰρ
2887 1374 3032 1437 ὅπως
3067 1374 3231 1437 αὐτὸς
3260 1376 3288 1427 6
3314 1374 3544 1427 Πλάτων
3575 1384 3674 1427 καὶ
3705 1386 3823 1441 γεο-

2210 1468 2366 1537 νητδν
2394 1464 2502 1520 οἶδε
2530 1467 2622 1520 τὸν
2649 1466 2899 1538 οὐρανὸν,
2932 1467 3028 1518 καὶ
3057 1468 3105 1518 εἱ
3131 1467 3244 1534 (59)
3275 1467 3489 1535 γέγονε,
3528 1458 3795 1535 λυόρῖενόν

2208 1577 2269 1612 τε
2299 1560 2394 1613 καὶ
2429 1556 2809 1629 φθειρόμενον,
2843 1555 3051 1619 λύσεως
3076 1554 3135 1620 ἐξ
3164 1556 3409 1627 ἀνάγκης
3437 1558 3503 1625 τῇ
3540 1555 3795 1609 συνθέσει

2211 1650 2627 1722 παρεπομένης.
2701 1649 2816 1701 Πᾶν
2858 1647 2966 1718 γὰρ
3018 1647 3271 1700 σύνθετον
3324 1647 3421 1700 καὶ
3474 1645 3792 1700 διαλύεσθαι

2212 1742 2446 1812 πέφυκε.
2480 1739 2574 1811 Μὴ
2603 1739 2665 1811 δή
2696 1756 2757 1792 σε
2783 1737 3204 1809 μορμολυττέτω
3230 1737 3341 1810 (60)
3369 1737 3568 1806 λέγων,
3604 1755 3622 1789 α
3662 1739 3792 1790 Ἀν-

531 1825 709 1893 aliqua
745 1827 837 1876 liat
868 1822 1195 1886 dissolutio;
1236 1841 1255 1873 ι
1286 1832 1340 1875 et
1366 1822 1558 1874 iterum
1587 1837 1599 1873 :
1628 1836 1651 1873 ι
1671 1820 1782 1873 Non
1804 1833 2104 1888 conseque-

2208 1848 2313 1904 περ
2352 1830 2459 1901 ἄρα
2485 1828 2641 1892 λύσις
2670 1827 2850 1882 αὐτῶν
2888 1828 3136 1897 γένηται.
3182 1846 3202 1879 ›
3235 1828 3349 1880 Kal.
3383 1827 3461 1891 ὡς
3494 1847 3512 1878 ‹
3546 1829 3621 1880 Οὐ
3664 1830 3794 1880 τεύ-

532 1913 662 1966 mini
698 1914 888 1966 mortis
920 1911 1125 1977 fatum;
1158 1929 1174 1962 ι
1208 1926 1329 1962 cum
1367 1912 1666 1979 pratsertitn
1699 1907 1894 1962 dixerit
1925 1925 1938 1960 :
1974 1925 1994 1959 ι
2030 1909 2107 1962 Ac

530 2002 747 2069 quidem
769 2012 917 2055 certe
947 2014 1105 2054 omne
1128 2000 1367 2052 vinctum
1383 1996 1517 2052 solvi
1532 2005 1768 2066 potest:
1785 2007 1838 2053 et
1863 2013 2104 2053 rursum:

535 2110 556 2143 ι
593 2072 706 2143 Non
743 2089 874 2142 estis
908 2088 1121 2158 penitus
1155 2085 1579 2140 indissolubilcs.
1620 2103 1640 2138 ι
1681 2086 1821 2153 Quin
1856 2095 1911 2141 et
1943 2101 1974 2141 e
2012 2102 2106 2141 sua

530 2182 654 2235 tabe
686 2181 883 2233 coelum
918 2179 1074 2233 docet
1107 2178 1210 2242 ali,
1244 2177 1369 2231 dum
1405 2192 1526 2230 cum
1559 2175 1761 2231 Timaeo
1795 2179 2105 2245 disputans,

531 2280 721 2324 natura
743 2284 931 2323 omnes
954 2267 1255 2321 istiusmodi
1281 2281 1367 2320 res
1388 2266 1632 2320 interitui
1655 2267 1919 2321 obnoxias
1939 2282 2109 2338 agno-

530 2363 637 2417 scit
666 2371 825 2430 atqne
854 2359 1225 2413 dissolutionis
1257 2357 1568 2426 participes,
1598 2358 1799 2427 quippe
1826 2372 1945 2426 quae
1975 2356 2106 2412 effc-

530 2464 630 2508 ctaa
659 2454 787 2507 sint.
818 2452 969 2519 Quod
1002 2451 1046 2506 si
1081 2450 1356 2504 voluntate
1385 2447 1608 2519 Opiﬁcis
1638 2450 1962 2503 immortalia
1996 2452 2110 2502 hate

476 2573 479 2576 ν
529 2559 652 2599 csse
687 2552 913 2607 asserat,
948 2543 1201 2596 nimirum
1234 2528 1542 2596 commotus
1574 2541 1689 2595 haec
1723 2542 1940 2604 dixerit,
1975 2541 2107 2595 sibi-

529 2648 634 2704 que
665 2633 890 2702 loquens
919 2632 1221 2697 contraria,
1254 2640 1312 2685 et
1343 2639 1599 2699 tanquam
1637 2630 1691 2683 in
1729 2641 1995 2684 nocturna
2026 2630 2109 2683 di-

532 2724 820 2778 micatione
844 2737 1027 2777 secum
1054 2724 1320 2792 pugnans.
1346 2719 1593 2774 Humana
1618 2722 1816 2789 quippe
1840 2720 2107 2790 sapientia

531 2812 689 2881 pauci
716 2822 798 2867 est
828 2810 1073 2865 facienda
1097 2851 1111 2875 ,
1142 2820 1305 2876 atque
1332 2808 1452 2861 ideo
1482 2805 1635 2859 nihili
1666 2823 1680 2860 :
1714 2808 1916 2860 etenim
1949 2805 2111 2875 paulo

532 2912 654 2955 ante
684 2912 878 2955 natura
908 2917 1001 2955 sua
1034 2914 1193 2968 posse
1220 2898 1473 2964 interire,
1503 2896 1644 2965 quod
1674 2895 1864 2950 effecta
1896 2904 2105 2957 essent,

534 3004 762 3047 testatus
791 3006 894 3046 est.
925 2990 1155 3045 Nonne?

605 3083 768 3137 MED.
806 3082 1050 3137 Videtur.

2207 1919 2365 1987 ξεσθε
2390 1919 2618 1973 θανάτου
2663 1918 2877 1988 μοίρας.
2907 1936 2926 1969 ι
2962 1918 3108 1987 Ἔφη
3135 1917 3266 1987 γὰρ,
3294 1937 3313 1968 ε
3345 1918 3420 1970 Τὸ
3459 1916 3559 1988 μὲν
3587 1917 3650 1985 δὴ
3683 1919 3793 1971 πᾶν

2206 2010 2357 2064 δεθὲν
2383 2009 2558 2062 λυτόν.
2601 2028 2619 2061 ι
2651 2008 2763 2062 Καὶ
2789 2008 2866 2071 ὡς
2893 2027 2911 2060 ‹
2943 2009 3017 2061 Ού
3045 2009 3277 2077 πάμπαν
3301 2009 3485 2063 ἄλυτοι
3512 2008 3724 2064 ἔσεσθε.
3764 2029 3785 2062 r

2209 2100 2321 2154 Kal
2377 2101 2443 2153 ὲκ
2472 2100 2573 2170 τῆς
2626 2099 2836 2162 οἰκείας
2866 2099 2924 2152 δὲ
2979 2099 3188 2170 φθορᾶς
3231 2099 3325 2153 τὸν
3380 2099 3612 2170 οὐρανόν
3653 2118 3792 2171 φησι

2206 2191 2503 2262 τρέφεσθαι
2528 2191 2678 2260 αὐτῷ
2699 2191 2918 2262 Τιμαίῳ
2945 2190 3436 2261 πρώιαλεγὸμενος
3462 2191 3597 2261 (61),
3629 2192 3791 2259 φύσει

2209 2297 2269 2333 τε
2302 2280 2522 2352 φθαρτά
2575 2282 2839 2352 χρήματα
2889 2281 3071 2335 πάντα
3129 2281 3305 2335 ταῦτα
3332 2281 3636 2351 γινώσκει,
3693 2284 3791 2335 καὶ

2208 2370 2434 2424 δεκτικά
2484 2369 2695 2434 λθσεως
2729 2367 2907 2436 οἶδεν,
2945 2370 3136 2442 ἐπειδὴ
3183 2373 3277 2425 καὶ
3330 2373 3572 2441 γέγονεν.
3623 2373 3689 2425 Εἰ
3732 2373 3792 2426 δὲ

2211 2460 2464 2532 βουλήσει
2485 2462 2578 2515 τοῦ
2601 2461 2949 2534 Δημιουργοῦ
2976 2462 3220 2517 ἀθάνατα
3242 2463 3415 2517 ταῦτα
3434 2458 3573 2518 εἶναί
3599 2482 3788 2536 φησιν,

2209 2554 2493 2624 ἀσχάλλων
2522 2556 2606 2608 ὅτι
2638 2556 2732 2609 καὶ
2772 2557 2999 2628 φήσειεν
3036 2554 3429 2625 ὲναντιολογῶν
3463 2573 3522 2609 τε
3559 2558 3655 2611 καὶ
3690 2575 3791 2609 κα-

2210 2642 2387 2714 θάπερ
2416 2646 2472 2696 ὲν
2501 2645 2842 2717 νυκτομαχίᾳ
2875 2646 3178 2716 μαχόμενος
3207 2644 3319 2715 (62)
3341 2645 3539 2714 ἑαυτῷ.
3578 2645 3643 2699 Ἦ
3680 2648 3789 2717 γὰρ

2210 2732 2526 2804 ἀνθρωπίνη
2571 2734 2735 2802 σοφία
2755 2774 2770 2796 ,
2802 2735 2983 2802 ὀλίγου
3013 2735 3157 2798 τινός
3186 2734 3334 2787 ἔστιν
3362 2734 3488 2800 ἀξία
3522 2735 3616 2788 κα).
3640 2734 3759 2787 οὐδε

2210 2824 2297 2887 νὸς
2326 2824 2460 2896 (65),
2491 2826 2627 2888 τέως
2657 2828 2721 2897 τῇ
2754 2824 2914 2895 φύσει
2940 2826 3119 2880 αὐτῶν
3149 2825 3701 2898 προσμεμαρτύρπκε
3727 2829 3784 2881 τὸ

2209 2917 2469 2972 δύνασθαι
2510 2917 2802 2990 φθαρῆναι,
2834 2919 3021 2989 ἐπειδὴ
3043 2919 3138 2973 καὶ
3175 2919 3421 2988 γέγονεν.
3451 2920 3521 2972 Ἥ
3548 2918 3640 2986 οὔ,

2281 3089 2416 3145 IAT.
2449 3091 2722 3145 Φαίνεται.

603 3173 880 3229 CllRlST.
915 3174 970 3226 Si
1012 3173 1176 3242 igitur
1211 3173 1324 3226 haec
1364 3171 1686 3225 naturaliter
1724 3169 1966 3225 interitui
2004 3169 2102 3223 ob-

2279 3183 2453 3243 ΧΡΙΣ.
2494 3183 2554 3234 Ei
2580 3182 2644 3253 δὴ
2667 3181 2823 3250 φύσει
2845 3180 3061 3252 φθαρτά
3083 3179 3274 3245 ταῦτα,
3302 3179 3459 3251 σχολῇ
3484 3180 3534 3248 γ’
3554 3178 3621 3233 ἂν
3646 3180 3781 3244 τοὺς

535 3268 693 3321 noxia
728 3275 879 3326 sunt,
915 3263 1221 3316 nullatenus
1249 3278 1340 3317 eos
1371 3261 1462 3331 qui
1494 3271 1683 3314 natura
1719 3261 1941 3314 interire
1979 3275 2105 3329 pos-

530 3367 683 3421 sunt,
729 3356 859 3409 deos
903 3354 1168 3422 suspicari
1216 3360 1448 3422 oportet.
1492 3353 1572 3405 An
1619 3352 1715 3405 tibi
1757 3351 1970 3405 videtur
2008 3350 2109 3404 iste

535 3448 766 3501 mundus
800 3447 941 3499 Deus
975 3458 1119 3510 esse,
1150 3460 1272 3497 cum
1304 3446 1377 3498 sit
1407 3443 1581 3497 factus
1607 3452 1662 3495 et
1695 3450 1887 3495 natura
1920 3441 2109 3495 interi-

537 3539 614 3592 tui
650 3538 948 3600 obnoxius,
987 3535 1439 3605 quemadmodum
1481 3533 1622 3588 ratio
1657 3534 2016 3596 demonstrat,
2053 3543 2108 3587 et

537 3628 689 3682 l‘lato
717 3626 972 3680 tradidit?

606 3718 766 3773 MED.
802 3718 938 3778 Ouid
967 3716 1188 3771 debeam
1217 3715 1398 3770 dicere
1428 3715 1629 3770 nescio.

604 3807 872 3865 CHRIST.
923 3808 1340 3878 Progrediamur
1383 3822 1512 3875 ergo
1560 3815 1805 3861 oratione
1848 3805 1914 3860 ad
1963 3805 2106 3877 leges

535 3901 894 3954 ratiocinandi
927 3899 1392 3954 accommodatius
1424 3913 1438 3950 :
1468 3899 1625 3952 stude
1652 3907 1832 3951 autem
1863 3899 2104 3966 assequi.

532 3989 666 4043 Nam
703 4002 752 4044 te
782 3991 922 4045 istud
954 3991 1163 4058 facere,
1194 4007 1317 4047 cum
1344 3993 1427 4047 vir
1456 3993 1531 4047 sis
1564 3993 1753 4047 doctus
1782 4001 1836 4047 et
1866 3992 2105 4059 philoso-

534 4082 694 4149 phus,
731 4083 909 4150 cupio.
947 4081 1157 4137 Fateris
1196 4098 1264 4137 ne
1304 4084 1468 4151 igitur
1504 4081 1670 4137 Deum
1707 4083 2106 4151 incorporeum,

536 4179 861 4237 increatum,
893 4172 1289 4243 incorruptum,
1321 4191 1349 4227 a
1380 4173 1502 4230 tabe
1530 4174 1789 4240 alienum,
1821 4189 1851 4227 a
1879 4180 2105 4229 conere-

534 4264 682 4317 tione
708 4264 977 4318 liberum?

2210 3279 2372 3345 φύσει
2404 3274 2678 3347 φθαρτοὺς
2707 3274 2864 3337 θεοὺς
2897 3274 3293 3345 ὑποτοπητέον’
3327 3274 3361 3345 ἦ
3392 3289 3474 3326 σοι
3503 3273 3652 3328 δοκεῖ
3681 3273 3783 3327 κόν-

2213 3382 2348 3432 σμος
2379 3365 2511 3427 Θεὸς
2541 3360 2704 3431 εἶναι,
2733 3365 2958 3434 γενητὸς
2987 3363 3063 3417 ὢν
3092 3367 3188 3418 καὶ
3216 3363 3373 3434 φύσει
3400 3362 3674 3433 φθαρτός’
3705 3363 3783 3427 ὡς

2208 3457 2236 3508 6
2260 3455 2415 3522 λόγος
2448 3454 2716 3521 ἀπέδειξε,
2753 3454 2850 3507 καὶ
2876 3456 2904 3508 6
2936 3454 3165 3509 Πλάτων
3196 3453 3447 3520 τίθει-αις

2283 3716 2419 3770 IAT.
2462 3717 2576 3769 Οὐκ
2602 3713 2719 3770 οἶδα
2751 3717 2779 3770 ὃ
2805 3734 2857 3769 τι
2882 3715 2990 3786 φῶ.

2283 3811 2464 3864 ΧΡΙΣ.
2500 3810 2709 3863 Οὐκοῦν
2751 3809 2886 3880 φέρε
2930 3807 3489 3880 συλλογιστικὼτερον
3530 3809 3610 3882 τῷ
3640 3810 3781 3882 λόγῳ

2213 3902 2512 3974 προΐωμεν.
2563 3899 2956 3973 Προθυμήθητι
2984 3899 3039 3954 δὲ
3068 3900 3242 3971 τούτῳ
3270 3901 3745 3972 παρακολουθῆσαι
3763 3920 3777 3933 σ

2209 3994 2370 4046 τοῦτο
2410 3993 2519 4063 γάρ
2558 4008 2617 4043 σε
2652 3994 2825 4044 ποιεῖν
2857 3990 3037 4058 λόγιον
3077 3991 3207 4044 ὄντα
3250 3993 3346 4046 καὶ
3392 3993 3568 4062 φίλιον
3604 3996 3781 4066 γλίχο-

2214 4103 2333 4158 μαι.
2365 4086 2469 4139 Τὸν
2499 4085 2631 4138 Θεὸν
2659 4083 2948 4154 ἀσώματον
2983 4084 3078 4136 καὶ
3110 4086 3394 4158 ἀγένητον,
3428 4070 3704 4159 ἄφθαρτον
3726 4106 3780 4142 τε

2212 4179 2308 4232 καὶ
2335 4175 2661 4250 ἀνώλεθρον,
2692 4177 2787 4230 καὶ
2817 4176 3120 4239 συνθέσεως
3153 4177 3441 4252 ἐλεύθερον
3480 4180 3781 4252 ὁμολογεῖς,

2212 4268 2381 4359 ῆοῠς

605 4393 719 4463 (55)
755 4393 845 4448 Sic
883 4394 1039 4463 vulgo
1070 4394 1378 4463 ὲγγίνεσθε.
1422 4392 1586 4449 Forte
1632 4402 1780 4449 certe
1828 4393 2098 4463 ὲγίνεσθε.

2208 4398 2438 4454 brardus
2491 4399 2580 4454 hic
2632 4400 2944 4459 intricatius
3000 4405 3162 4458 vertit
3198 4403 3391 4457 altern.
3438 4401 3537 4459 ΒΑ.
3587 4401 3781 4456 Tuisne

533 4461 669 4518 Tan.

604 4532 715 4603 (56)
749 4532 1386 4601 Καταφαρμακεύομεν.
1437 4531 1614 4585 llludit
1646 4532 1966 4600 professioni
2008 4533 2107 4587 ho-

534 4602 703 4655 minis
721 4604 936 4665 medici,
965 4606 1053 4669 qui
1109 4604 1181 4655 sit
1209 4604 1378 4656 instar
1419 4611 1596 4655 mente
1628 4603 1791 4669 capti,
1823 4612 1878 4655 et
1910 4603 2107 4656 habeat

535 4686 757 4724 necesse
789 4671 947 4724 simul
977 4672 1290 4738 potionibus
1312 4681 1367 4725 et
1399 4671 1741 4724 sermonibus
1768 4672 1974 4724 curari.
2003 4670 2102 4726 Bs.

604 4741 715 4861 $357)
757 4740 1060 4823 :Alyvpc‘tr
1079 4740 1273 4807 ἀκοὴν
1293 4740 1736 4820 ἀπολύσαᾳθαυ
1764 4739 2063 4810 Hesychius
2089 4759 2102 4795 :

644 4826 808 4861 μυοα.
864 4811 1097 4861 γαλεπὰ.
1146 4811 1339 4861 πικρά.⁸
1377 4828 1405 4861 a
1460 4825 1614 4861 man.
1670 4810 1813 4861 Idem
1863 4810 2102 4861 άλιιυοὸν

543 4810 808 4879 Ἀλμυρά,
864 4811 1097 4880 χαλεπὰ,
1146 4811 1339 4880 ’πικρά⁸
1377 4828 1405 4863 a
1439 4811 1614 4880 mari.
1670 4810 1813 4862 Idem
1863 4810 2106 4879 ἁλμυρὸν

532 4880 717 4932 ἀλικὸν
751 4879 993 4948 expauit,
1019 4895 1122 4947 qua
1157 4879 1287 4933 voce
1315 4879 1450 4932 mari
1482 4880 1641 4932 vicini
1671 4888 1764 4932 aut
1793 4883 1989 4933 accola:
2017 4884 2106 4932 ho-

533 4952 707 5020 mines
742 4951 790 5020 in
822 4952 1189 5020 Pelopmmg-su
1214 4949 1555 5020 dicebautur.
1588 4948 1806 5020 Κυρῐως
1827 4948 2038 5020 τίθεται
2070 4951 2101 5020 ἡ

530 5018 676 5082 λέξις
706 5019 799 5069 ἐπὶ
834 5016 1049 5080 τῶνίείς
1084 5016 1187 5088 ἀλα
1221 5018 1553 5088 μυρομένων
1582 5016 1861 5086 ποταμῶν,
1900 5020 1928 5070 ὂ
1956 5016 2104 5071 ἔστιν

529 5088 891 5158 ἐκχεομένων·
912 5091 1116 5140 Auctor
1146 5086 1419 5158 Etytnol.:
1446 5087 1668 5158 Κρίίνειν
1698 5089 1905 5157 χυμοὺς
1941 5089 2102 5158 ὀξεῖς,

528 5156 763 5227 δριμεῖς,
797 5156 1185 5227 ὀδαξιστικοὺς,
1218 5156 1468 5227 πικροὺς,
1507 5156 1815 5226 ἁλμυροὺς,
1845 5157 2101 5220 ἀλυκούς.

530 5224 757 5280 Πλάτων
794 5224 911 5298 γάρ
935 5227 1032 5280 καὶ
1087 5224 1165 5295 τῷ
1199 5224 1383 5297 ἁλυκῴ
1412 5224 1635 5298 ὀνόματι
1667 5224 1736 5298 εν
1766 5227 1981 5295 Τιμαίῳ
2017 5227 2105 5280 κέ-

531 5243 757 5280 ιιΛατων
834 5246 901 5298 ap
935 5243 1032 5280 και
1087 5243 1165 5295 τις)
1199 5243 1383 5297 αΑυκῳ
1412 5243 1635 5296 ονοματι
1679 5243 1736 5278 εν
1769 5243 1981 5295 “paup
2017 5243 2103 5280 κε-

531 5314 745 5366 χρηται.
784 5243 953 5362 ἆυθηι
995 5301 1242 5364 sequitur
1285 5299 1385 5350 hoc
1415 5298 1531 5351 loco
1578 5295 1898 5353 Zacharias.
1942 5301 2103 5349 Ἀπο-

532 5367 831 5419 κλυσασθαι
851 5405 865 5426 ,
894 5368 1138 5430 abluere,
1165 5368 1368 5421 eluere.
1405 5366 1500 5420 ΒΑ.

601 5435 713 5506 (58)
740 5436 1129 5504 Κατεπᾲδειν.
1161 5436 1338 5490 Manet
1373 5437 1423 5489 in
1463 5435 1682 5506 homine
1718 5434 1944 5488 insania:
1975 5450 2103 5487 exa-

530 5504 775 5574 gitanda,
807 5508 1050 5560 alludens
1075 5514 1130 5559 et
1156 5506 1487 5560 medicorum
1516 5504 1749 5572 ineptias
1770 5544 1785 5570 ,
1820 5507 1907 5570 qui
1940 5507 2102 5557 multa

537 5576 804 5644 cantando
838 5576 1016 5629 curari
1049 5576 1372 5640 credebant;
1404 5577 1472 5629 de
1516 5589 1624 5644 quo
1655 5589 1718 5628 ex
1767 5575 2105 5640 antiquitatis

534 5643 782 5697 omnibus
821 5644 935 5699 fere
968 5645 1286 5704 conditoriis
1332 5644 1484 5698 alibi.
1536 5643 1615 5699 De
1686 5644 1853 5697 verbo
1894 5659 2104 5695 κατεπ-

532 5707 676 5781 ᾴδειν
709 5710 1025 5783 Hesychius,
1056 5711 1251 5768 Pollux
1286 5714 1375 5769 lib.
1408 5730 1481 5782 tv,
1518 5728 1566 5770 c.
1604 5712 1657 5781 6,
1688 5713 1903 5767 Suidas.
1934 5712 2101 5768 Gcne-

2210 4470 2434 4541 aurihus
2463 4479 2674 4538 oportet
2707 4472 2855 4539 plura
2886 4472 3269 4529 insusurrare?
3293 4471 3496 4537 Gentis,
3526 4471 3584 4526 lu
3616 4472 3779 4541 pluri-

2213 4539 2309 4591 bus
2347 4538 2717 4593 incantamlus
2748 4542 2843 4594 es?
2878 4541 3015 4596 Tan.

2282 4607 2394 4682 (ὅθ)
2429 4607 2539 4682 QC.
2581 4609 2640 4664 P.
2679 4605 2738 4680 ἦ,
2768 4606 2803 4680 ἦ
2837 4614 2921 4666 Vel
2964 4615 3018 4682 ή.
3052 4612 3254 4667 Cenes.

2284 4678 2634 4753 (liUUIngp...
2662 4678 2996 4753 absterreat.
3015 4682 3316 4753 Hesychius
3346 4702 3360 4737 :
3396 4678 3781 4753 μορμολύττει,

2210 4746 2521 4818 φοϐερίζειί
2544 4746 2767 4820 μύρμοι,
2793 4752 2970 4819 φόϐοι.
2999 4753 3043 4805 A
3076 4746 3239 4806 larvis
3266 4746 3621 4817 tragico-runt.
3662 4751 3783 4804 Vide

2208 4823 2540 4890 euu_uletti_et
2572 4818 2968 4890 Etymolugum.
3006 4821 3113 4875 Nos
3148 4838 3335 4890 supra.
3371 4822 3467 4875 ΒΑ.

2280 4886 2391 4960 (61)
2430 4883 2884 4960 {Encas'Gazacus
2924 4909 2938 4945 :
2975 4883 3286 4945 Πλάτωιόὺ
3331 4893 3435 4960 τῆς
3463 4890 3571 4958 γῆς
3606 4889 3783 4959 μόνον,

2206 4955 2342 5031 ἀλλὰ
2372 4957 2466 5031 κοι)ἶ
2499 4956 2594 5007 τοῦ
2622 4959 2852 5031 ούρανοῦ
2884 4960 3092 5031 φθορὰν
3143 4961 3331 5028 σαφῶς
3370 4955 3658 5026 ἐπεισάγει
3705 4963 3785 5031 Τι-

2202 5027 2377 5100 μαίῳ,
2412 5026 2796 5100 λέγων-ὲκτῆς
2823 5026 3031 5092 οἰκείας
3060 5026 3270 5100 φθορᾶς
3293 5032 3383 5083 τὸν
3413 5031 3647 5099 οὐρανὸν
3669 5029 3788 5098 τρέ-

2207 5095 2421 5171 φεσθαι]
2451 5097 2701 5171 είλτοίνυν
2715 5095 2896 5171 τροφὴ
2919 5100 3012 5152 καὶ
3035 5095 3228 5171 φθορά,
3255 5100 3359 5153 πού
3389 5101 3451 5152 τὸ
3478 5095 3749 5153 ἀθάνατον
3768 5138 3786 5162 ,

2211 5164 2303 5217 ΒΛ.
2336 5164 2441 5218 CC.
2479 5166 2535 5221 ι’.
2566 5168 2756 5235 προσ-δ.

2278 5235 2392 5308 (62)
2437 5235 2533 5308 Ἐν
2574 5252 2950 5307 νυκτομαχίᾳ
2989 5239 3353 5308 μαχόμενος.
3384 5238 3785 5293 -[’roverbium.

2209 5302 2395 5379 L_a_tini_
2421 5302 3257 5379 dicunt,Andaliatarumviuere
3282 5302 3549 5379 pugnare.
3578 5311 3652 5379 De
3680 5321 3788 5375 quo

2208 5375 2327 5444 vide
2348 5374 2590 5444 idoctiss.
2630 5375 2866 5444 Lipsium
2901 5379 2993 5432 lib.
3025 5395 3063 5433 tt
3097 5374 3381 5432 Saturnal:
3409 5393 3459 5433 c.
3496 5378 3586 5433 12.
3617 5374 3716 5431 Ba.

2280 5442 2534 5513 (65)7Non
2563 5442 2939 5502 snut'omnino
2963 5465 3095 5502 sana
3128 5451 3241 5501 haec
3277 5449 3464 5502 verba.
3497 5446 3709 5512 Scribe,
3738 5446 3789 5499 εἰ

2209 5511 2297 5593 μὴξ
2336 5512 2568 5593 ούδενῷς.
2625 5513 3069 5593 Pulchreautem
3119 5511 3790 5593 ista__conclu_duntu_r,_nt

2206 5585 2710 5706 :tgétiqisxtijguaturn
2728 5586 2814 5639 vel
2858 5589 3018 5641 deum
3058 5587 3143 5642 vel
3191 5587 3395 5656 aliquid
3447 5588 3552 5643 deo
3608 5586 3790 5643 simile

2239 5667 2261 5705 s
2361 5670 2373 5705 ι
2455 5670 2484 5704 ιι
2569 5670 2639 5706 ιιι.
2713 5675 2766 5706 Α.

2239 5667 2326 5706 SSC
2361 5667 2639 5706 ιιιυιιυιιιιι.
2669 5667 2766 5708 ΒΔ.
