4032 6144
471 240 608 304 1999

1483 230 1881 295 ZACHARI/E
1954 226 2383 287 MITYLENES
2419 230 2535 289 ΕΡ]
2547 231 2756 292 SCOPI

3605 231 3759 297 1100

469 366 616 409 ctum
658 362 739 407 est
779 352 831 406 in
871 350 1117 419 exemplo
1156 362 1362 413 sumas,
1397 360 1649 402 amoveas
1686 353 1864 398 autem
1909 342 2051 412 quod

2169 342 2448 412 Ξείγματος
2490 346 2602 413 (89)
2632 345 2831 411 λαϐὼν,
2882 346 2943 400 τὸ
2988 346 3332 418 ἀπεμφαϊνον
3379 348 3755 418 ἀποπέμποι),

471 448 909 511 tlisscutaneum;
957 443 1093 513 (sic,
1126 440 1379 511 inquam)
1432 439 1574 494 Deus
1623 436 1956 502 benefactor,
1996 443 2051 489 et

471 537 676 605 opifex,
710 545 764 589 et
804 536 941 589 Deus
973 548 1159 587 eorum
1196 546 1315 601 qua?
1349 531 1611 586 beneﬁcio
1642 528 1934 584 aﬂ'ecturus
1968 538 2052 581 est

470 638 525 680 et
553 637 958 695 procreaturus,
984 640 1090 679 non
1121 622 1428 680 necessario
1457 622 1716 677 benelicia
1743 618 2050 683 conferens,

472 724 567 768 aut
594 729 908 783 procrearis,
936 728 1110 782 neque
1138 722 1197 767 ut
1229 714 1371 768 Deus
1401 712 1474 767 sit
1503 712 1556 766 in
1591 726 1773 765 rerum
1804 720 2050 765 naturam

474 823 561 862 res
589 808 734 877 ipsas
762 807 1064 877 producens
1093 823 1106 861 :
1137 807 1301 861 habet
1325 806 1471 861 enim
1500 820 1564 860 ex
1607 804 1787 872 seipso
1826 803 1876 856 id
1908 801 2049 873 quod

471 909 577 964 est,
613 901 706 955 sed
738 909 795 954 ut
827 899 1001 956 bonus
1033 909 1088 954 et
1119 898 1280 955 Deus.
1317 896 1450 957 Mihi
1481 908 1662 952 autem
1696 898 1837 951 istud
1868 895 2052 950 consi-

473 993 622 1047 dera.

542 1084 709 1138 MED.
744 1084 1057 1151 Quidnam?

542 1176 819 1232 CllRlST.
850 1176 988 1231 Num
1014 1183 1285 1231 tacentem
1314 1175 1586 1230 hominem
1614 1170 1883 1229 sermonis
1908 1185 2054 1226 com-

473 1280 649 1339 putem
682 1269 817 1323 dicis
846 1282 910 1321 ex
941 1282 1007 1322 eo
1038 1270 1182 1337 quod
1214 1280 1466 1322 sermone
1494 1266 1569 1319 uti
1603 1263 1811 1333 possit?

543 1361 710 1416 MED.
744 1361 828 1415 Sit
860 1360 1004 1415 istud
1037 1375 1191 1414 sane.

545 1451 818 1508 CHRIST.
862 1452 999 1520 Quid
1049 1460 1229 1506 autem
1279 1449 1654 1519 Pythagoras,
1698 1456 1754 1502 et
1801 1445 2053 1514 discipuli

476 1542 675 1610 ipsius,
705 1541 906 1612 quique
935 1540 1062 1596 olim
1098 1540 1150 1593 in
1180 1538 1335 1594 Italia
1367 1537 1907 1608 philosophabautur,
1940 1550 2056 1589 ser-

2153 436 2453 507 εὑεργέτης
2492 439 2647 493 ἔσται
2684 442 2777 491 καὶ
2809 439 3144 510 δημιουργὸς
3187 442 3215 494 6
3261 439 3391 502 Θεός
3422 456 3433 467 ·
3471 440 3565 492 καὶ
3609 439 3759 503 Θεὸς

2152 528 2261 581 τῶν
2293 529 2599 598 μελλόντων
2642 530 3055 603 εὐεργετεῖσθαι
3106 530 3201 585 καὶ
3251 531 3750 601 δημιουργείσθαια

2152 624 2250 675 οὐκ
2271 623 2487 696 ἀνάγκῃ
2509 623 2867 694 εὐεργετῶνῆ
2900 622 3273 695 δημιουργῶν,
3300 624 3411 676 οὐδ’
3431 624 3519 677 ἶνα
3612 623 3757 686 Θεὸς

2153 718 2424 788 παράγων
2448 718 2586 787 πρὸς
2615 719 2832 786 γένεσιν
2862 718 2932 772 τὰ
2963 717 3128 771 ὅντα·
3157 717 3275 789 ἔχει
3307 717 3418 788 γὰρ
3454 717 3516 783 ἐξ
3542 718 3751 772 ἑαυτοῦ

2153 808 2214 861 τὸ
2243 807 2383 863 εἶναι
2414 811 2442 863 ὃ
2470 813 2618 864 ἐστιν
2643 827 2657 840 °
2680 810 2797 864 ἀλλ’
2826 811 2902 874 ὡς
2926 810 3131 879 ἀγαθὸς
3158 811 3255 863 καὶ
3279 810 3435 873 Θεός.
3468 809 3663 880 ’Δθρει
3689 809 3754 862 δέ

2158 918 2249 971 μοι
2279 902 2376 956 καὶ
2405 901 2562 956 τοῦτο
2590 902 2728 974 (90).

2225 1081 2405 1139 IATP.
2443 1085 2516 1138 Τὸ
2541 1087 2690 1139 ποῖον
2716 1085 2817 1153 δής

2224 1176 2453 1230 ΧΡΙΣΤ.
2490 1177 2565 1230 Οὐ
2599 1179 2705 1247 φὴς
2737 1177 2829 1230 τὸν
2856 1175 3151 1231 σιωπῶντα
3176 1173 3467 1246 ἄνθρωπον
3501 1173 3749 1242 λογικὸν,

2156 1268 2233 1337 τῷ
2264 1269 2525 1322 δύνασθαι
2560 1269 2704 1339 λόγῳ
2739 1268 3074 1340 κεχρῆσθαι;

2228 1363 2407 1415 ῙΑΊῬ.
2440 1362 2584 1415 Πάνυ
2605 1379 2687 1430 γε.

2228 1454 2457 1507 ΧΡΙΣΤ.
2492 1453 2556 1505 Τί
2586 1453 2642 1505 δὲ
2675 1451 3001 1523 Πυθαγόρας
3032 1452 3127 1504 καὶ
3171 1451 3219 1503 οἱ
3248 1452 3305 1513 ἐς
3351 1449 3519 1503 αὐτοῦ
3558 1451 3748 1520 φοιτήο

2160 1561 2356 1607 σαντες
2387 1546 2483 1597 καὶ
2528 1544 2670 1597 κατὰ
2702 1545 2803 1614 τὴν
2851 1543 3086 1597 Ἰταλίαν
3127 1543 3298 1595 πάλαι
3344 1541 3750 1611 φιλοσοφήσωσι

478 1633 653 1688 monis
678 1641 955 1702 compotes
980 1641 1036 1686 et
1063 1631 1293 1685 rationis
1319 1630 1665 1695 videbantur,
1693 1627 1909 1697 quando
1932 1641 2054 1682 cum

2169 1655 2272 1701 τες,
2305 1633 2417 1709 ἆρά
2444 1655 2529 1691 σοι
2563 1637 2776 1704 λογικοὶ
2819 1637 3039 1690 ἐδόκουν
3071 1630 3230 1702 εἶναι,
3262 1635 3427 1706 ἡνίκα
3472 1634 3613 1704 μετὰ
3640 1634 3750 1685 τῶν

476 1725 600 1780 aliis
631 1725 686 1779 in
719 1725 937 1780 silentio
961 1720 1534 1794 philosophabamur?

546 1815 711 1871 MED.
744 1816 983 1884 Quidni?

544 1905 824 1962 CllRlS'l‘.
856 1906 1043 1976 Igitur,
1074 1904 1146 1960 mi
1219 1902 1414 1970 amice,
1443 1902 1586 1957 Deus
1613 1901 1802 1968 etiam,
1833 1900 1888 1956 ni
1919 1901 2060 1969 apud

478 2012 576 2055 vos
601 1999 871 2054 deteriore
896 1998 969 2053 sit
992 1996 1310 2052 conditione
1332 2010 1493 2066 quam
1517 1994 1851 2066 Pythagoras
1876 2002 1931 2047 et
1956 2008 2060 2047 ca:-

477 2091 579 2145 teri
618 2089 902 2159 homines,
935 2088 1079 2145 Deus
1113 2088 1279 2144 etiam
1314 2096 1371 2142 et
1402 2086 1583 2156 opifex
1609 2126 1623 2151 ,
1661 2095 1716 2140 et
1751 2066 2056 2147 benéilcus.

476 2181 691 2238 etiamsi
745 2180 922 2250 reipsa
961 2178 1250 2251 aliquando
1283 2194 1389 2234 non
1443 2177 1677 2242 efﬁciat,
1713 2192 1779 2232 ex
1817 2190 1882 2230 eu
1917 2174 2060 2244 quod

477 2273 650 2343 possit
683 2287 901 2343 semper
930 2272 1164 2338 ellieere,
1197 2279 1253 2327 et
1286 2271 1485 2326 habeat
1518 2285 1648 2340 erga
1687 2268 1775 2322 illa
1809 2283 1930 2339 quae
1969 2269 2063 2323 be-

479 2364 690 2420 neficiis
722 2363 887 2418 allicit
913 2371 970 2419 et
996 2373 1279 2434 procreat,
1304 2361 1637 2417 voluntatem
1665 2368 1722 2415 et
1749 2360 2061 2431 propensio-

477 2472 604 2513 nem
644 2457 855 2527 origine
896 2464 1197 2511 carentem.
1242 2453 1411 2510 Porro
1456 2469 1552 2509 vos
1596 2453 1726 2507 mihi
1768 2452 2058 2519 videmini,

479 2549 609 2605 dum
648 2548 811 2604 vultis
847 2546 1252 2605 incommodum
1290 2556 1471 2602 vestra
1510 2546 1767 2616 opinione
1806 2544 2061 2616 exiguum

480 2638 744 2712 cﬂ'ugere,
799 2654 996 2711 magno
1051 2640 1195 2695 malo
1251 2638 1543 2708 implicari.
1607 2637 1675 2693 Ut
1729 2638 1874 2691 enim
1930 2650 2063 2692 sane

482 2730 651 2789 Deum
695 2746 973 2802 nunquam
1016 2732 1070 2787 in
1112 2730 1226 2786 otio
1269 2729 1441 2784 fuisse
1479 2738 1784 2793 versatum,
1825 2728 1919 2784 sed
1965 2728 2060 2783 be-

484 2821 749 2878 nel'ecisse
778 2823 847 2878 ab
872 2830 1075 2878 aeterno
1104 2818 1471 2892 prouuntietis
1492 2834 1508 2881 ;
1526 2816 1838 2899 voluntatis
1866 2831 2062 2887 exper-

484 2924 595 2971 tem
626 2930 806 2971 rerum
834 2930 1085 2982 causam,
1118 2923 1171 2969 et
1201 2928 1308 2968 non
1342 2911 1660 2982 prudentem
1693 2925 1815 2966 eum
1849 2910 2060 2976 facitis,

2157 1729 2335 1783 ἄλλων
2368 1729 2465 1799 τὴν
2503 1729 2714 1798 σιωπὴν
2745 1727 3100 1799 ἐφιλοσόφουν
3134 1725 3282 1800 (91);

2229 1822 2407 1875 IATP.
2437 1820 2561 1884 Πῶς
2589 1821 2699 1890 γὰρ
2727 1819 2787 1873 οὗ
2812 1838 2828 1888 ;

2226 1911 2456 1965 ΧΡΙΣΤ.
2486 1909 2721 1975 Οὐκοῦν,
2753 1904 2799 1963 ὧ
2828 1910 3034 1979 ἑταῖρε,
3062 1908 3156 1962 καὶ
3185 1911 3214 1963 ό
3256 1908 3414 1973 Θεὸς,
3444 1910 3494 1963 εί
3527 1910 3602 1980 μὴ
3631 1908 3747 1978 χεί-

2162 2019 2269 2075 ρων
2298 2003 2415 2055 ὲστὶ
2439 2002 2567 2073 παρ’
2595 2002 2723 2071 ὑμῖν
2750 2000 3073 2071 Πυθαγόρου
3096 2000 3315 2054 καὶτῶν
3337 2001 3517 2054 ἄλλων
3540 2001 3751 2073 ἀνθρώ-

2159 2110 2297 2158 πων,
2330 2092 2422 2145 καὶ
2444 2091 2577 2155 Θεὸς
2605 2090 2672 2144 ἂν
2699 2091 2782 2162 εἴη
2812 2090 2907 2144 καὶ
2936 2090 3272 2160 δημιουργὸς
3297 2089 3391 2143 καὶ
3420 2089 3740 2160 εὐεργέτης,

2160 2184 2263 2241 κᾶν
2307 2183 2561 2255 ἐνεργείᾳ
2593 2183 2722 2237 ποτὲ
2773 2183 2848 2254 μὴ
2873 2182 3178 2254 δημιουργῇ
3201 2197 3214 2213 ⁸
3239 2180 3319 2253 τῷ
3348 2180 3612 2235 δύνασθαι
3656 2182 3746 2250 δη-

2163 2278 2448 2348 μιουργεῖν
2478 2275 2601 2330 ἀεί’
2633 2275 2731 2329 καὶ¹
2777 2274 2857 2345 τῷ
2905 2276 3144 2344 ἄναρχον
3198 2274 3346 2346 ἔχειν
3377 2275 3479 2346 τὴν
3522 2274 3653 2343 περὶ
3681 2273 3747 2328 τὰ

2161 2369 2597 2441 εὐεργετούμενα
2638 2369 2734 2423 καὶ
2776 2367 3047 2439 θεούμενα
3086 2368 3200 2439 (92)
3246 2366 3506 2437 βούλησίν
3549 2384 3610 2421 τε
3652 2368 3747 2420 καὶ.

2161 2460 2497 2533 προθυμίαν.
2547 2461 2739 2531 Ὑμεῖς
2788 2460 2847 2514 δέ
2899 2478 2990 2530 μοι
3034 2460 3268 2524 δοκεῖτε,
3325 2459 3526 2530 μικρὸν
3554 2458 3743 2512 δοκοῦν

2161 2552 2361 2608 ἄτοπον
2403 2551 2818 2621 ἀποφυγγάνειν
2849 2551 3148 2615 ἐθέλοντες,
3191 2549 3419 2620 μεγάλῳ
3466 2549 3625 2617 κακῷ
3655 2565 3748 2599 πε-

2164 2640 2530 2715 ριπείρεσθαι.
2564 2640 2681 2695 Ἵνα
2725 2641 2833 2713 γὰρ
2855 2641 3018 2711 δῆθεν
3059 2641 3151 2693 τὸν
3197 2640 3330 2694 Θεὸν
3364 2641 3440 2711 μὴ
3484 2641 3544 2693 ὲν
3582 2639 3747 2711 ἀργίᾳ

2163 2732 2296 2787 ποτὲ
2340 2731 2636 2803 καθῆσθαι,
2667 2732 2804 2786 ἀλλὰ
2841 2732 2953 2803 γὰρ
2987 2732 3301 2802 εὐεργετεῖν
3342 2731 3403 2797 ἐξ
3434 2732 3610 2788 ἀϊδίου
3640 2732 3744 2801 φή-

2136 2866 2139 2869 .
2165 2839 2317 2894 σητε,
2349 2823 2647 2893 ἀϐούλητον
2668 2822 2778 2877 τῶν
2815 2822 2985 2878 ὅντων
3013 2824 3218 2886 αἰτίαν,
3254 2822 3350 2876 καὶ
3382 2822 3482 2875 οὐκ
3503 2822 3746 2892 ἔμφρονα

2163 2914 2354 2970 τοῦτον
2374 2915 2624 2985 είσάγετε
2650 2916 2788 2985 (93),
2826 2917 2921 2971 καὶ
2957 2916 3055 2987 τὴν
3085 2916 3374 2987 ὁμόδουλον
3398 2916 3615 2984 ποίησιν
3647 2916 3746 2967 ἑπ-

486 3015 544 3063 et
573 3018 891 3063 conservam
929 3003 1269 3062 ell‘ectionem
1309 3004 1589 3073 insurgere
1620 3003 1799 3059 facitis
1833 3002 1889 3059 in
1928 3001 2061 3059 effe-

2175 3010 2428 3065 ανίστατε
2449 3011 2527 3083 τῷ
2565 3014 2760 3082 ποιητῇ
2780 3009 2893 3081 (94)
2920 3010 3014 3064 καὶ
3040 3009 3287 3063 συναῖδια
3310 3007 3384 3078 τῷ
3413 3007 3741 3075 πεποιηκότι

486 3105 732 3165 ctorem,
783 3105 836 3152 et
885 3105 1159 3152 coaeterna
1207 3109 1306 3150 suo
1355 3092 1534 3163 opiﬁci
1585 3093 2064 3151 comminiscimini

486 3188 726 3261 opiﬁcis,
775 3189 829 3243 in
879 3188 1009 3244 deos
1058 3187 1146 3242 illa
1197 3187 1519 3255 referentes,
1564 3196 1618 3242 et
1663 3203 1918 3258 magnum
1969 3202 2068 3242 no-

490 3297 614 3338 men
635 3291 691 3337 et
711 3295 847 3347 rem,
876 3280 1075 3352 quibus
1096 3279 1257 3335 vultis
1287 3281 1602 3347 attribuitis,
1624 3280 1787 3355 281
1809 3292 2066 3349 tanquam

489 3372 692 3444 aliquid
724 3372 955 3427 aliarum
984 3380 1040 3428 et
1064 3373 1435 3427 communium
1468 3388 1649 3428 rerum
1686 3393 1698 3428 :
1729 3389 1837 3428 non
1870 3388 2067 3429 conce-

492 3465 681 3521 dentes
703 3464 877 3520 solum
916 3465 1086 3519 Deum
1125 3465 1303 3535 ipsum
1340 3480 1527 3533 unum,
1584 3475 1641 3522 et
1696 3467 1920 3535 bonum,
1973 3482 2069 3537 per

491 3555 673 3611 omnia
712 3556 768 3608 iu
790 3556 1041 3610 omnibus
1069 3556 1272 3625 primas
1300 3555 1466 3621 l‘erre,
1504 3565 1560 3612 et
1607 3573 1774 3613 unum
1826 3572 1969 3623 esse,
2015 3566 2069 3614 et

490 3645 688 3710 solum,
725 3646 888 3716 idque
913 3645 1176 3715 singulari
1203 3646 1382 3701 modo.
1409 3646 1545 3701 Nam
1562 3647 1609 3702 si
1640 3658 1943 3705 coaeternus
1958 3649 2068 3706 Deo

493 3738 581 3794 hic
604 3737 834 3794 mundus
876 3747 981 3807 est,
1012 3739 1272 3809 quidnam
1318 3749 1401 3795 est
1448 3741 1744 3796 secundum
1792 3743 1935 3812 quod
1986 3752 2070 3798 est

491 3828 635 3887 Deus
662 3831 854 3886 melior
885 3831 989 3887 hoc
1030 3831 1264 3888 mundo?
1305 3830 1449 3887 Istud
1473 3834 1578 3888 erit
1610 3834 1749 3903 quod
1788 3837 1857 3889 ab
1905 3843 2068 3891 teter-

491 3940 564 3981 no
589 3925 697 3980 sit:
729 3936 786 3980 et
811 3925 1085 3994 quomodo
1121 3925 1375 3980 omnibus
1406 3926 1568 3983 rebus
1594 3927 1648 3981 in
1687 3913 1940 3984 omnibus
1970 3945 2068 3983 ex-

490 4020 689 4074 cellere
718 4002 998 4074 dicemus?
1053 4015 1132 4071 Ac
1162 4016 1208 4071 si
1235 4016 1396 4071 simul
1426 4015 1591 4084 Deus,
1618 4017 1779 4072 simul
1813 4020 2067 4085 mundus,

491 4122 705 4174 semper
734 4117 915 4161 autem
953 4105 1113 4172 Deus,
1145 4112 1202 4161 et
1252 4104 1417 4159 simul
1465 4120 1588 4160 cum
1634 4105 1890 4164 ell'ectore
1943 4119 2068 4165 nata

493 4217 615 4258 esse
650 4212 864 4274 oportet
892 4199 1116 4268 elIecta;
1150 4199 1238 4256 ubi
1269 4210 1352 4257 est
1375 4202 1492 4272 ipsa
1526 4202 1704 4258 unitas
1746 4204 1903 4259 beata
1950 4203 2066 4271 Dei,

489 4301 549 4350 et
576 4293 800 4351 libertas
839 4292 909 4351 ab
957 4291 1107 4348 omni
1159 4289 1479 4347 habitudine
1531 4303 1586 4349 et
1619 4295 1857 4350 essentia
1915 4304 2068 4349 extra

2169 3103 2507 3173 φαντάζεσθε
2540 3103 2608 3157 τὰ
2653 3105 2960 3173 ποιήματα,
3003 3102 3083 3164 είς
3129 3101 3286 3166 θεοὺς
3322 3098 3739 3161 ἀναϐιϐάζοντες

2166 3197 2360 3261 ταῦτα,
2393 3198 2488 3251 καὶ
2515 3196 2576 3250 τὸ
2606 3197 2749 3266 μέγα
2778 3195 2952 3265 ὄνομά
2969 3212 3031 3249 τε
3069 3194 3164 3248 καὶ
3195 3194 3429 3265 πρᾶγμα
3454 3186 3533 3255 οἷς
3557 3190 3747 3261 βούλεο

2170 3289 2264 3343 σθε
2284 3331 2300 3356 ,
2340 3289 2627 3359 διανέμετε
2651 3329 2665 3354 ,
2697 3289 2886 3359 ὥσπερ
2916 3305 2966 3341 τι
2996 3286 3105 3341 τῶν
3134 3286 3311 3342 ἄλλων
3340 3286 3639 3357 χρημάτων
3672 3285 3747 3356 μὴ

2170 3379 2581 3451 συγχωροῦντες
2603 3379 2694 3433 τὸν
2727 3378 2887 3449 μόνον
2919 3378 3052 3432 Θεὸν
3089 3378 3222 3432 αὐτὸ
3246 3377 3308 3430 τὸ
3337 3376 3417 3442 ἓν,
3456 3379 3552 3431 καὶ
3574 3378 3745 3445 τάγα-

2169 3471 2281 3538 θὸν,
2312 3471 2455 3525 κατὰ
2484 3470 2702 3524 πάντων
2743 3471 2800 3523 ὲν
2837 3471 2972 3522 πᾶσι
3004 3469 3076 3523 τὰ
3116 3472 3362 3540 πρωτεῖα
3396 3470 3609 3542 φέρειν’
3656 3471 3748 3524 καὶ

2169 3565 2227 3618 ἓν
2257 3559 2421 3627 εἶναι,
2454 3565 2548 3617 καὶ
2583 3563 2762 3634 μόνον,
2800 3564 2897 3615 ttat
2934 3561 3112 3632 μόνως
3141 3562 3276 3632 (95).
3316 3564 3378 3615 Ei
3421 3564 3530 3632 γὰρ
3561 3566 3743 3616 συναϊο

2168 3654 2279 3717 διος
2324 3652 2402 3723 τῷ
2440 3650 2558 3722 Θεῷ
2595 3652 2683 3706 ὅδε
2728 3654 2758 3705 6
2799 3653 3004 3721 κόσμος
3036 3652 3175 3718 ἐστὶ,
3211 3653 3266 3705 τί
3307 3651 3433 3705 καθ’
3468 3654 3498 3706 ὃ
3543 3656 3689 3706 ἐστιν
3719 3655 3748 3707 6

2169 3745 2303 3808 Θεὸς
2325 3744 2565 3816 ἀμείνων
2590 3743 2742 3797 τοῦδε
2773 3743 2866 3796 τοῦ
2896 3742 3136 3813 κόσμους
3171 3741 3343 3795 Τοῦτο
3368 3742 3414 3795 δ’
3445 3743 3513 3796 ἂν
3545 3744 3663 3812 εἴη,
3692 3744 3749 3794 τὸ

2171 3837 2354 3901 ἁῖδίως
2383 3831 2521 3891 εἶναι
2552 3835 2684 3905 (96).
2735 3836 2847 3889 Καὶ
2891 3834 3011 3897 πῶς
3055 3834 3276 3888 πάντων
3315 3833 3499 3887 αὐτῶν
3533 3836 3646 3904 (97)
3690 3837 3746 3886 ἐν

2172 3929 2307 3982 πᾶσι
2351 3928 2628 3998 διαφέρειν
2660 3930 2941 3997 φήσομεν;
2978 3925 3089 3977 Καὶ
3138 3928 3187 3979 εί
3219 3925 3336 3994 ἅμα
3378 3927 3407 3978 6
3439 3924 3607 3989 Θεὸς,
3635 3926 3748 3995 ἅμα

2170 4020 2406 4091 κόσμος,
2445 4020 2532 4072 ἀεὶ
2571 4018 2629 4072 δὲ
2660 4020 2689 4071 6
2726 4016 2895 4083 Θεὸς,
2941 4019 3037 4071 καὶ
3083 4016 3507 4087 συμπεφυκέναι
3549 4017 3631 4069 δεῖ
3672 4017 3749 4086 τῷ

2170 4114 2368 4183 ποιητῇ
2400 4111 2468 4164 τὰ
2493 4111 2795 4180 ποιήματα*
2825 4109 2927 4163 ποῦ
2959 4108 3019 4162 τὸ
3048 4107 3104 4162 ἓν
3143 4108 3237 4161 τοῦ
3270 4108 3545 4180 μακαρίου
3580 4108 3713 4162 Θεοῦ
3732 4150 3747 4174 ,

2171 4206 2265 4260 καὶ
2296 4204 2359 4257 τὸ
2391 4205 2573 4273 πάσης
2605 4202 2889 4275 ἐλεύθερον
2924 4202 3162 4273 σχέσεως
3192 4201 3336 4272 (98),
3377 4202 3473 4255 καὶ
3507 4201 3608 4271 τῆς
3645 4219 3746 4254 σω-

2175 4295 2414 4367 ματικῆς
2441 4294 2599 4358 ὲκτδς
2626 4290 2766 4349 εἶναι
2798 4295 3047 4364 φύσεως;
3078 4293 3157 4346 Τὰ
3181 4293 3290 4362 γὰρ
3313 4292 3453 4364 ἅμα,
3480 4293 3591 4346 τῶν
3618 4293 3748 4364 πρός

563 4514 677 4589 (89)
714 4517 823 4573 Τοῦ
856 4517 1355 4592 παραδείγματος.
1405 4515 1720 4592 Exemplum
1766 4517 1898 4574 dicit
1923 4520 2062 4590 quod

2243 4521 2357 4591 (93)
2383 4521 2693 4592 Εῑσάγετε.
2724 4518 3074 4592 lntroducitis
3102 4520 3251 4592 velut
3284 4518 3336 4573 in
3371 4531 3595 4592 scenam
3625 4532 3747 4592 per:

493 4588 656 4658 supra
683 4588 1307 4658 proposuitChristiano
1340 4602 1599 4658 paganus.
1633 4588 1728 4641 ΒΑ.

567 4656 679 4730 (90)
709 4656 909 4727 Ἀθρει
952 4656 1020 4711 δέ
1038 4676 1142 4729 μοι
1167 4657 1268 4712 καὶ
1313 4656 1949 4730 τοῦτο.βοείιτιι)ιιηάιιε
1981 4659 2069 4716 hic

493 4727 793 4785 subsistere
824 4738 880 4784 et
935 4727 1303 4799 considerare
1328 4728 1537 4799 aliquid
1572 4727 1735 4782 homo
1766 4730 2069 4799 imaginan-

494 4803 596 4852 dus
625 4808 749 4863 est;
791 4799 1060 4868 praecipue
1116 4815 1238 4854 cum
1275 4797 1342 4853 de
1391 4798 1586 4853 silente
1636 4799 1854 4853 homine
1884 4797 2069 4856 sermo

493 4870 564 4925 sit
594 4868 827 4923 futurus.
862 4868 960 4923 ΒΑ.

567 4937 679 5008 (91)
710 4938 953 5005 Σιωπὴν
983 4938 1397 5008 ἐφιλοσόφουν
1434 4958 1446 4992 :
1480 4952 1602 4992 cum
1644 4940 2065 4993 taciturnitatem

493 5010 610 5066 sive
644 5009 918 5079 silentium
951 5010 1083 5064 certi
1131 5010 1388 5078 temporis
1421 5023 1519 5077 pro
1554 5017 1705 5079 parte
1735 5008 1911 5078 aliqua
1942 5014 2064 5079 phi-

494 5080 758 5148 losophim
783 5078 1115 5134 facesserent
1140 5090 1194 5131 et
1231 5076 1603 5148 praeciperent.
1622 5076 1737 5148 DA.

570 5146 683 5220 (92)
715 5148 1095 5220 Genebrardus
1122 5148 1367 5202 ediderat
1396 5162 1411 5199 :
1446 5146 1585 5216 Erga
1611 5147 1710 5199 illa
1733 5164 1850 5217 qua:
1874 5149 2068 5220 beneﬁ-

495 5218 589 5275 ciis
630 5220 785 5289 allicit
818 5228 868 5271 et
903 5218 1177 5272 divinitate
1206 5220 1528 5289 uoluntatem
1567 5226 1615 5269 et
1645 5218 2062 5289 propensionem.

493 5287 699 5361 Anglus
729 5290 947 5361 quidam
961 5304 1074 5361 pro
1096 5287 1365 5361 θεούμενα
1391 5288 1518 5357 legit
1533 5300 1605 5361 ex
1637 5287 1948 5361 CODjeCllll‘a
1971 5289 2067 5357 δη-

498 5354 932 5434 μιοῦργοόμενατ
959 5354 1323 5434 Elontacutius
1361 5354 1509 5434 vero
1530 5354 1904 5434 θεωρούμενα,
1925 5354 2065 5434 prie-

494 5425 604 5487 in'aa
633 5425 847 5487 scilicet
885 5430 953 5484 ab
990 5438 1217 5483 aeterno.
1245 5427 1537 5493 Coniunxit
1584 5425 2068 5480 autea'Zacbarias

495 5505 611 5556 haec
638 5502 744 5555 duo
762 5497 1173 5570 εὐεργετεῖσθαι
1210 5508 1260 5552 et
1290 5496 1763 5570 deptoupysisoat.
1785 5498 1929 5570 step).
1958 5498 2067 5550 τῶν

495 5566 1007 5641 εὐεργετησορξένων
1030 5570 1125 5622 καὶ
1154 5566 1609 5641 δημιουργείσθαι
1635 5566 1959 5641 μελλόντων.
2003 5570 2064 5621 Et

496 5637 685 5698 t'urSus
714 5637 861 5695 ε’καὶ
903 5637 1238 5711 δημιουργὸξ
1274 5640 1364 5691 καὶ
1401 5637 1714 5709 εὐεργέτης.
1757 5638 1884 5692 Duc.

2167 4587 2358 4649 sonam
2421 4593 2487 4647 de
2523 4587 2626 4660 qua
2659 4601 2902 4646 statuere
2931 4588 3349 4660 vobisgliberutn
3383 4587 3455 4641 sit
3489 4587 3748 4660 quidquid

2168 4662 2468 4717 volueritis.
2491 4657 2564 4716 Ita
2593 4662 2757 4715 Deum
2780 4657 3221 4729 circumagebant
3244 4657 3578 4726 pliilOSOphi,
3604 4658 3751 4712 nullo

2170 4732 2339 4802 ipsius
2372 4743 2515 4802 metu
2546 4742 2639 4785 aut
2674 4741 2945 4802 respectu.
2977 4732 3073 4802 BA.

2242 4802 2390 4871 (94)“
2417 4800 2535 4868 Τὴν
2591 4793 2928 4871 ὁμόδουλον
2974 4796 3641 4871 ποίησινλέπρνίσεατε
3673 4793 3752 4862 τῷ

2171 4866 2411 4938 ποιητῇ.
2458 4866 2743 4939 insurgere
2786 4870 2987 4925 facitis.
3033 4866 3202 4924 Recte
3235 4868 3309 4923 ita
3337 4866 3748 4933 Geuebtardus,

2176 4960 2279 4996 non
2322 4943 2389 4993 de
2420 4955 2568 4992 more
2591 4941 2788 5008 ubique
2818 4957 2936 4993 suo.
2966 4942 3062 4994 BA.

2250 5010 2361 5080 (95)
2389 5010 2496 5064 Καὶ
2512 5010 2581 5063 ἐν
2604 5006 2755 5063 εἶναι
2780 5011 2877 5064 καὶ
2900 5010 3093 5078 μόνον
3118 5007 3217 5063 καὶ
3241 5006 3561 5080 μόνωςζΕῑ
3584 5019 3744 5060 unum

2176 5076 2298 5136 esse
2326 5076 2379 5135 et
2409 5082 2582 5133 solum
2624 5092 2677 5133 et
2712 5076 2913 5134 nullius
2937 5082 3070 5135 soeii
3102 5076 3419 5145 patientem.
3451 5076 3550 5131 ΒΑ.

2245 5150 2357 5221 (96)
2396 5150 2575 5203 Τοῦτο
2617 5148 2773 5221 δ’ἂν
2824 5151 2917 5218 εἴη
2971 5149 3037 5203 τὸ
3083 5141 3300 5221 ἆζδίωςᾼ
3327 5141 3501 5202 εἶναι.
3550 5144 3749 5221 Nempe

2174 5217 2295 5274 cum
2331 5217 2453 5285 hoc,
2485 5220 2628 5288 quod
2657 5217 2913 5274 omnibus
2943 5218 3253 5282 antecellat,
3285 5218 3339 5272 in
3371 5231 3439 5273 eo
3484 5217 3745 5272 consistat

2174 5289 2315 5359 quod
2343 5290 2492 5344 solus
2523 5290 2595 5344 sit
2628 5301 2882 5344 aateruus.
2917 5288 3008 5343 BA.

2248 5361 2358 5428 (97)
2391 5359 2746 5413 Scriheudum
2780 5360 2964 5412 αὐτόν.
2986 5358 3081 5412 ΒΑ.

2248 5423 2361 5499 (98)
2422 5428 2989 5499 Πάσηςίέλεύθερον
3044 5424 3340 5499 σχέσεως.
3389 5424 3649 5499 Liberum
3679 5423 3744 5477 ab

2176 5495 2350 5553 Ouini'
2381 5501 2522 5567 quod
2575 5498 2763 5552 haberi
2809 5495 3024 5568 (potest,
3090 5495 3376 5568 qualitate,
3420 5495 3743 5568 quantitate,

2176 5566 2435 5636 nuntiique
2460 5566 3131 5637 prmilicahilifﬂabitum,
3167 5566 3544 5637 habitudinem
3576 5567 3742 5619 inter-

2177 5635 2420 5706 pretatur
2440 5635 2697 5708 Cyrdlus,
2724 5648 2778 5693 et
2805 5639 2885 5694 sic
2908 5649 3135 5708 uterque
3168 5636 3460 5707 interpres.
3492 5635 3595 5693 ΒΑ.
