4032 6144
490 299 624 366 1103

1488 302 1884 360 ZACHARLE
1925 304 2350 365 MITYLE‘NES
2390 308 2727 367 EI‘JSCOPI

3618 309 3764 373 11οί

479 430 655 482 neque
699 413 991 474 habuisset,
1047 413 1341 466 secundum
1402 429 1515 477 vos,
1547 413 1634 467 tibi
1709 413 2052 480 perpulchras

2164 415 2284 469 λετο
2318 419 2359 486 (1
2382 420 2426 485 1)
2459 420 2603 472 τόνδε
2640 419 2728 471 τὸν
2763 420 2968 488 κόσμον
2998 417 3319 487 πεποίηκεν·
3352 419 3383 488 ἦ
3426 422 3473 472 εἰ
3516 421 3749 490 ἐξήρκε-

480 510 716 561 rationes
773 521 898 559 suas
947 505 1231 571 potestatis
1278 506 1571 558 formarum
1619 503 1909 558 elfectricis
1961 522 2054 573 po-

476 607 648 653 neret.
712 597 848 662 Quin
888 606 934 648 et
970 595 1200 649 fortasse
1259 597 1439 664 inopia
1491 596 1733 650 materia:
1786 598 2051 652 minorem

473 709 633 762 quam
669 701 907 760 optasset
940 690 1083 745 hunc
1129 691 1387 745 mundum
1424 691 1582 756 fecit;
1617 702 1709 746 aut
1757 693 1800 746 si
1844 692 2055 748 sull‘ecit

476 785 644 849 ipsius
671 782 931 836 voluntati
964 782 1210 844 materia,
1259 792 1423 835 totam
1474 797 1628 836 suam
1676 783 1957 837 scientiam
2002 795 2054 838 et

471 875 755 931 efficiendi
775 876 1017 928 rationes
1042 874 1398 945 exprompsit.
1426 873 1695 928 Praeterea
1728 886 2052 944 potestatem

470 966 716 1019 ordinate
770 972 826 1019 et
878 964 1153 1017 incondite
1210 978 1335 1019 sese
1382 973 1686 1017 moventem
1755 965 2051 1033 adaequatis

467 1067 523 1108 et
553 1056 825 1125 opponitis
853 1069 1060 1124 magna:
1105 1064 1266 1123 atque
1299 1055 1575 1109 immensa:
1622 1054 1716 1109 Dei
1760 1047 2046 1124 'pote~tati,

473 1160 531 1202 ut
556 1163 676 1218 quae
699 1148 938 1217 potuerit
963 1155 1188 1200 cunctas
1216 1144 1333 1213 ejus
1366 1146 1606 1200 rationes
1643 1147 1939 1215 suscipere,
1997 1161 2051 1201 et

473 1250 620 1294 tanta
647 1254 788 1305 esse,
840 1252 1097 1309 quantam
1134 1238 1249 1306 ipse
1281 1236 1467 1291 voluit.
1497 1238 1588 1293 Sic
1619 1239 1763 1293 omni
1797 1255 1861 1293 ex
1897 1251 2051 1308 parte

469 1347 589 1386 eam
646 1345 769 1386 esse
820 1330 931 1385 Deo
1004 1343 1187 1398 parem
1238 1329 1480 1396 honore,
1536 1330 1798 1384 orationis
1863 1345 2053 1385 conse-

471 1423 690 1493 quentia
742 1420 1131 1492 deprehendit;
1182 1434 1290 1489 quo
1316 1418 1447 1490 quid
1480 1434 1600 1474 esse
1623 1422 1797 1489 possit
1830 1422 1897 1475 ad
1948 1422 2052 1475 im-

473 1514 724 1583 pietatem
753 1510 949 1580 majus,
971 1526 1092 1566 cum
1138 1509 1396 1566 deformis
1428 1510 1507 1565 sic
1549 1511 1732 1580 specie
1770 1520 1828 1565 et
1883 1511 2053 1580 ﬁgura

2163 524 2254 560 σεν
2284 513 2314 578 ἡ
2345 508 2444 577 ύλη
2468 511 2602 579 πρὸς
2624 510 2720 580 τὴν
2748 508 2912 562 αὑτοῦ
2947 510 3222 578 βούλησιν,
3248 512 3337 563 καὶ
3368 511 3551 563 πᾶσαν
3580 511 3757 564 αὑτοῦ

2160 602 2260 671 τὴν
2301 603 2611 671 ἐπιστήμην
2648 600 2965 665 ύπεδείξατο
2988 639 3001 661 ,
3035 600 3129 652 καὶ
3161 601 3288 662 τοὺς
3320 602 3763 672 δημιουργικοὺς

2162 696 2376 762 λόγους.
2412 690 2579 755 Αὖθις
2627 692 2727 762 τὴν
2769 692 3022 755 ἀτάκτως
3053 694 3146 745 καὶ
3189 692 3527 764 πλημμελῶς
3569 710 3759 746 κινου-

2167 788 2337 856 μένην
2364 784 2603 849 ἐξισοῦτε
2654 784 2748 838 καὶ
2779 784 3245 853 ἀντιπαρεξάγετε
3281 787 3347 854 τῇ
3402 785 3614 854 μεγάλῃ
3656 785 3757 838 καὶ

2163 876 2457 943 ἀμετρήτῳ
2490 872 2585 925 τοῦ
2614 873 2748 927 Θεοῦ
2782 872 3040 941 δυνάμει·
3074 873 3219 942 ἤπερ
3261 871 3496 942 ἐδυνήθη
3539 874 3757 934 πάντας

2159 963 2326 1017 αὐτοῦ
2367 965 2491 1026 τοὺς
2524 964 2714 1032 λόγους
2746 962 3139 1029 ὑποδέξασθαι,
3181 965 3277 1017 καὶ
3321 966 3561 1033 τοσαύτη
3607 962 3751 1018 εἶναι

2158 1054 2401 1123 ὃσηνπερ
2432 1056 2593 1116 αὐτὸς
2645 1055 2898 1108 ἐϐούλετο
2928 1056 3060 1125 (1⁵2).
3092 1054 3277 1119 Οὕτως
3313 1057 3651 1126 πανταχόθεν
3689 1058 3755 1109 τὸ

2159 1141 2300 1198 εἷναι
2336 1146 2508 1217 αὐτὴν
2536 1146 2800 1216 ὁμότιμον
2827 1147 2903 1216 τῷ
2930 1146 3050 1216 Θεῷ
3079 1148 3112 1217 ἡ
3148 1147 3239 1200 τοῦ
3265 1147 3423 1215 λόγου
3454 1147 3755 1202 ἀκολουθία

2161 1239 2476 1308 ἐφώρασεν·
2518 1234 2580 1293 οὗ
2628 1240 2680 1291 τί
2714 1239 2777 1293 ἂν
2814 1240 3024 1313 γένοιτο
3063 1240 3201 1309 πρὸς
3237 1238 3494 1292 ἀσέϐειαν
3540 1239 3751 1310 μεῖζον,

2158 1327 2250 1381 τοῦ
2297 1327 2395 1399 τὴν
2447 1327 2692 1398 ἄμορφον
2738 1329 2831 1381 καὶ
2880 1328 3118 1382 ἀνείδεον
3162 1328 3257 1381 καὶ
3306 1328 3747 1399 ἀσχημάτιστον,

2158 1420 2369 1484 ἐξισοῦν
2402 1420 2477 1490 τῷ
2506 1420 2657 1490 Θεῷ,
2694 1421 2755 1472 ού
2804 1420 2967 1489 μόνον
2996 1420 3137 1473 κατά
3182 1421 3243 1472 τὸ
3286 1420 3372 1473 ἀεὶ
3407 1416 3583 1483 εἶναι,
3617 1420 3754 1472 ἀλλὰ

2164 1512 2278 1583 γὰρ
2304 1513 2398 1566 καὶ
2430 1512 2548 1566 κατ’
2578 1512 2768 1577 αὐτὴν,
2802 1511 2877 1574 ὡς
2905 1512 3104 1576 εἰπεῖν,
3138 1512 3238 1580 τὴν
3267 1510 3498 1580 δύναμιν
3531 1511 3679 1581 (15);

473 1604 699 1657 materia
763 1613 1009 1672 aequatur
1064 1602 1196 1666 Deo,
1249 1616 1358 1656 non
1412 1611 1623 1657 tantum
1679 1602 1735 1657 in
1790 1617 1855 1659 eo
1905 1604 2049 1671 quod
2093 1620 2308 1672 semper
2367 1603 2739 1669 exsistat,sed
2769 1603 2932 1658 etiam
2976 1603 3120 1672 quod
3174 1604 3420 1657 eamdem
3457 1617 3748 1671 prepemo-

470 1698 597 1749 dum
620 1693 861 1749 obtineat
889 1692 1244 1763 potestatem?

542 1788 706 1842 MED.
738 1786 867 1841 Sola
894 1787 1101 1840 ratione
1147 1788 1289 1840 hanc
1333 1786 1718 1855 comprehendi
1769 1801 1925 1855 posse
1974 1788 2054 1841 di-
2086 1799 2128 1852 ις

469 1890 622 1943 eunt,
660 1890 714 1934 et
751 1879 978 1933 docendi
1008 1876 1183 1947 gratia
1213 1876 1557 1946 simpliciter,
1597 1889 1655 1932 ut
1682 1880 1734 1931 in
1766 1879 2056 1949 hypothesi

472 1975 584 2025 tunc
619 1971 866 2024 docuisse
895 1970 1195 2024 Platonem.

542 2060 709 2129 282
744 2057 1020 2118 (ἏΠΠΞΤ.
1050 2057 1217 2129 Igitur
1249 2058 1294 2113 si
1336 2058 1448 2114 sola
1481 2059 1689 2115 ratione
1719 2061 1857 2113 hanc
1886 2060 2055 2129 perci-

476 2154 677 2221 pimus,
703 2150 1155 2220 quemadmodum
1183 2149 1552 2219 tragelaplmm
1576 2150 1756 2203 animo
1785 2152 2055 2219 ﬁngimus,

469 2243 577 2298 erit
611 2249 759 2296 certe
805 2240 1068 2310 ejusmodi
1101 2249 1160 2294 ut
1207 2256 1305 2294 nec
1358 2242 1604 2305 exsistat,
1635 2256 1737 2295 nec
1777 2241 2054 2297 subsistat.

469 2333 624 2401 Quod
647 2333 692 2387 si
723 2346 907 2387 verum
935 2340 1039 2394 est,
1066 2346 1171 2385 non
1192 2331 1366 2415 igitur
1391 2346 1456 2386 ex
1496 2332 1717 2387 materia
1742 2341 2057 2402 antegressa

472 2427 615 2479 Deus
642 2426 745 2478 hoc
766 2422 1077 2478 universum
1109 2422 1414 2487 fabricavit,
1445 2422 1537 2476 sed
1558 2437 1622 2476 ex
1655 2437 1718 2477 eo
1742 2423 1882 2491 quod
1909 2424 2053 2477 nihi-

469 2519 582 2574 lum
607 2516 828 2572 omnino
860 2526 996 2569 erat.
1028 2512 1180 2568 Hunc
1216 2515 1357 2568 enim
1391 2515 1642 2567 mundum
1674 2528 1795 2569 esse
1830 2516 2053 2580 factum,

472 2610 901 2662 demonstratum
934 2612 1096 2659 estet
1149 2603 1482 2670 confessum,
1539 2604 1851 2672 habereque
1902 2605 2056 2659 ordi-

473 2714 598 2753 nem
624 2705 680 2753 et
710 2705 892 2766 aptam
942 2710 1279 2764 compagem,
1317 2711 1437 2764 qua:
1482 2696 1550 2750 ab
1592 2695 1773 2763 aliquo
1832 2696 2058 2750 conciu-

474 2799 642 2845 nante
666 2789 989 2845 eﬂiciantur.
1038 2787 1155 2842 Non
1195 2787 1341 2842 enim
1392 2788 1619 2841 fortuito
1694 2802 1869 2855 neque
1925 2804 2056 2841 casn

472 2882 766 2936 exsistunt.
805 2879 1003 2933 Verum
1035 2880 1149 2934 haec
1177 2878 1418 2932 materiae
1449 2877 1649 2943 fabula,
1687 2889 1741 2932 et
1781 2878 2058 2934 insulsitas

474 2970 759 3025 sententiae
809 2985 839 3023 a
895 2968 1166 3038 plerisque
1198 2973 1507 3021 nostrorum
1557 2983 1661 3022 non
1714 2969 2051 3038 ignobilium,

469 3060 789 3132 jamdudum
854 3058 1085 3113 refutata
1124 3066 1229 3113 est.
1288 3058 1442 3113 Unde
1468 3058 1519 3111 in
1566 3060 1818 3127 praesenti
1867 3078 1895 3113 a
1939 3062 2055 3114 dis-

474 3156 755 3223 putatione
784 3151 1114 3206 desistimus.

547 3245 711 3300 ΗΕΒ.
739 3243 876 3315 Apte
900 3252 988 3297 tua
1020 3241 1217 3307 oratio,
1254 3241 1449 3306 amice,
1487 3241 1539 3294 id
1585 3243 1725 3309 quod
1775 3244 2053 3310 quaerebas

476 3337 885 3395 demonstravit.
935 3335 1069 3391 Item
1100 3334 1321 3388 adverte
1345 3332 1437 3401 qui
1488 3334 1848 3401 persuadeant
1899 3349 2056 3388 mun-

476 3433 602 3485 dum
633 3443 820 3484 carere
858 3426 1125 3497 principio
1154 3435 1208 3479 et
1242 3424 1367 3478 line.

545 3517 820 3574 CHRIST.
853 3516 1045 3572 Narra.

548 3609 713 3665 MED.
752 3607 1213 3664 Perfectissimam
1292 3606 1517 3676 figuram
1588 3605 1864 3673 globosam
1936 3620 2056 3660 esse

476 3699 772 3773 geometria
800 3702 980 3764 docet,
1006 3709 1065 3754 ut
1099 3714 1220 3769 quae
1256 3712 1435 3768 neque
1481 3698 1810 3767 principium
1860 3697 2057 3752 habeat

480 3809 651 3865 neque
682 3794 860 3847 linem.
916 3791 1047 3846 Eam
1101 3801 1279 3847 autem
1336 3793 1482 3846 hunc
1557 3791 1815 3845 mundum
1867 3790 2052 3845 sortiri

477 3894 731 3954 aspectus
759 3885 1017 3939 ostendit.
1046 3881 1344 3953 Oportebat
1371 3884 1517 3937 enim
1543 3882 2051 3952 praestantissimum

476 3977 701 4047 figuram
750 3985 804 4031 et
856 3975 1307 4046 perfectissimam
1361 3974 1829 4045 prastantissimre
1880 3976 1956 4027 rei
2000 3983 2055 4028 et

476 4066 893 4122 absolutissima!
937 4067 1181 4121 attribui.
1243 4065 1454 4122 Videais
1517 4066 1683 4137 igitur
1732 4080 1837 4135 quo
1897 4076 2053 4134 pacto

476 4175 571 4226 per
596 4161 733 4211 hanc
772 4158 995 4228 figuram
1047 4157 1274 4227 hujusce
1316 4157 1499 4212 mundi
1550 4159 1827 4213 aeternitas
1854 4168 2053 4229 aparte

477 4250 758 4321 utriusque
821 4250 1050 4305 extremi
1103 4250 1533 4305 demonstratur.
1602 4248 1881 4319 Siquidem
1932 4250 2051 4319 glo-

473 4343 605 4397 hosa
634 4342 823 4413 ﬁgura,
851 4357 1024 4411 neque
1047 4340 1369 4410 principium
1390 4342 1569 4406 habet,
1602 4356 1775 4410 neque
1804 4341 1987 4396 linem.

2227 1789 2407 1841 lA'l‘P.
2437 1788 2601 1856 Μάνῳ
2634 1786 2711 1856 τῷ
2744 1783 2991 1854 λογισμῷ
3016 1783 3127 1854 (14)
3152 1782 3357 1853 ταύτην
3376 1779 3514 1837 εἶναι
3537 1784 3748 1855 ληπτὴν

2163 1897 2327 1949 φασιν
2359 1871 2496 1941 εἶδος
2520 1878 2653 1945 (15),
2685 1877 2781 1929 κα)⁸
2806 1875 3160 1938 διδασκαλίας
3194 1875 3383 1938 ἁπλῶς
3411 1877 3575 1946 χάριν
3603 1878 3738 1945 (16),

2160 1970 2233 2031 ὡς
2261 1972 2320 2021 ἐν
2348 1969 2598 2021 ὑποθέσει
2628 1966 2801 2021 ταῦτα
2826 1966 3264 2037 διεξεληλυθέναι
3295 1967 3389 2020 τὸν
3418 1969 3703 2021 Πλάτωνα.

2230 2060 2454 2113 ΧΡΙΣΤ.
2481 2058 2711 2123 Οὐκοῦν,
2738 2055 2804 2132 ἦν
2837 2058 2882 2111 δ’
2908 2058 3039 2127 ἐγὼ,
3076 2060 3124 2111 εί
3161 2059 3311 2131 μόνῳ
3338 2059 3585 2130 λογισμῷ
3612 2061 3742 2113 ταύ-

2160 2169 2258 2222 την
2286 2150 2655 2221 λαμϐάνομεν,
2686 2149 2942 2220 καθάπερ
2978 2150 3069 2203 τὸν
3096 2150 3442 2220 τραγέλαφον
3468 2152 3580 2221 (17)
3617 2153 3741 2205 ἀνα-

2161 2238 2510 2310 πλαττόμεὈα
2530 2280 2544 2304 ,
2585 2240 2739 2293 ἔσται
2767 2241 2875 2311 ἄρα
2910 2240 3003 2295 καὶ
3038 2241 3389 2310 ἀνύπαρκτος
3417 2242 3511 2294 καὶ
3542 2241 3740 2295 ἀνυπό-

2164 2340 2376 2396 στατος.
2410 2333 2470 2386 Εἰ
2490 2332 2545 2385 δὲ
2574 2331 2733 2386 τοῦτο
2753 2374 2768 2398 ,
2799 2334 2898 2386 οὐκ
2922 2332 3028 2402 ἄρα
3065 2330 3125 2396 ἐξ
3155 2331 3285 2402 ὖλης
3313 2333 3341 2385 ὁ
3373 2332 3507 2396 Θεδς
3540 2333 3655 2386 τόδε
3684 2333 3742 2385 τὸ

2161 2426 2271 2478 πᾶν
2316 2425 2647 2494 ἐτεκτήνατο
2694 2424 3209 2494 προϋποκειμένης,
3240 2422 3357 2477 ἀλλ’
3394 2424 3461 2476 ἐκ
3494 2424 3740 2493 μηδαμοῦ

2163 2515 2426 2586 μηδαμῶς
2463 2514 2637 2579 ὄντος·
2670 2514 2899 2583 γενητὸς
2928 2514 3038 2583 γὰρ
3067 2514 3154 2567 ὅδε
3185 2516 3214 2567 ὁ
3251 2514 3459 2584 κόσμος
3484 2515 3655 2584 ἐφάνη
3684 2531 3741 2566 τε

2161 2609 2255 2659 καὶ
2298 2604 2643 2675 ὡμολόγηται
2669 2648 2683 2669 ,
2730 2605 2883 2669 τάξιν
2912 2604 3052 2675 ἔχων
3093 2606 3187 2658 καὶ
3225 2605 3519 2674 ἁρμονίαν,
3552 2606 3609 2657 αἶ
3642 2605 3741 2657 ὑπό

2160 2714 2305 2759 τινος
2338 2696 2578 2764 γίνονται
2606 2695 2702 2747 τοῦ
2755 2695 3105 2766 ἁρμόζοντος.
3154 2695 3228 2748 Οὐ
3264 2695 3372 2764 γάρ
3417 2695 3529 2748 ἀπὸ
3574 2694 3741 2764 τύχης

2159 2788 2278 2840 οὐδὲ
2321 2788 2660 2857 αὐτομάτως.
2704 2787 2842 2839 Ἀλλ’
2877 2781 3031 2849 οὗτος
3081 2787 3176 2855 μὲν
3207 2788 3236 2839 ὁ
3264 2787 3432 2856 μῦθος
3474 2788 3575 2858 τῆς
3611 2788 3741 2857 ὕλης

2159 2879 2252 2931 καὶ
2279 2882 2311 2949 ή
2344 2879 2695 2949 πλημμέλεια
2728 2877 2838 2949 (18)
2870 2878 2962 2930 τοῦ
2995 2876 3357 2946 δοξάσματος,
3385 2879 3597 2941 πολλοῖς
3636 2879 3739 2931 τῶν

2158 2972 2440 3043 ἡμετέρων
2470 2973 2569 3024 οὐκ
2581 2970 2838 3039 -ἀγεννῶς
2870 2970 3039 3023 πάλαι
3067 2968 3459 3039 διελήλεγκται.
3487 2970 3648 3024 Ὅθεν
3675 2969 3732 3030 ἐς

2159 3065 2220 3114 τὸ
2246 3063 2419 3133 παρὸν
2454 3062 2843 3132 καταπαύομεν
2867 3062 2978 3131 (19)
3008 3060 3098 3114 τὸν
3120 3061 3290 3129 λόγον.

2226 3240 2405 3292 1ΛΤΡ.
2451 3237 2649 3301 Καλῶς
2680 3239 2780 3308 μὲν
2800 3241 2827 3292 ὁ
2858 3239 3015 3307 λόγος
3040 3280 3055 3302 ,
3080 3232 3125 3293 ὦ
3158 3238 3399 3308 φιλότης,
3425 3235 3486 3289 τὸ
3508 3236 3743 3291 σπουδα-

2157 3329 2384 3400 ζόμενον
2423 3318 2727 3396 ἀπέδειξεν.
2773 3331 2916 3399 Ὅρα
2946 3331 3001 3384 δὲ
3041 3332 3191 3395 ὅπως
3224 3328 3738 3400 κατακομψεύονται

2155 3418 2244 3470 τὸν
2271 3418 2473 3485 κόσμον
2498 3420 2730 3491 ἄναρχον
2754 3415 2890 3473 εἶναι
2918 3420 3012 3473 καὶ
3043 3420 3423 3490 ἀτελεύτητον.

2226 3510 2452 3562 ΧΡΙΣΤ.
2495 3511 2650 3565 Φάθι.

2227 3603 2408 3656 ΙΛΤΡ.
2449 3604 2796 3658 Τελειότατον
2838 3604 3158 3675 σχημάτων,
3195 3604 3257 3657 τὺ
3288 3606 3578 3677 σφαιρικὸν
3604 3601 3738 3659 εἶναι

2156 3693 2468 3763 γεωμετρία
2497 3696 2682 3764 φησὶν,
2721 3696 2794 3758 ὠς
2836 3696 2972 3765 μήτε
3003 3695 3177 3765 ἀρχὴν
3223 3694 3348 3764 ἔχον
3390 3696 3514 3766 μηδ’
3547 3695 3615 3748 αὖ
3654 3711 3739 3747 τε·

2156 3786 2369 3857 λευτήν.
2405 3785 2608 3840 Τούτου
2637 3788 2694 3839 δὲ
2723 3788 2873 3839 τόνδε
2907 3786 2998 3840 τὸν
3027 3789 3233 3857 κόσμον
3282 3788 3735 3858 μεταλαγχάνειν,

2157 3880 2189 3949 ἡ
2226 3878 2348 3947 ὄψις
2371 3879 2667 3933 δείκνυσιν.
2706 3879 2852 3931 Ἐδει
2878 3879 2988 3950 γὰρ
3016 3879 3076 3933 τὸ
3102 3880 3324 3949 ἄριστον
3349 3881 3445 3932 καὶ
3465 3880 3738 3933 τελειότα-

2155 3988 2245 4022 τον
2282 3972 2602 4040 σχημάτων,
2637 3970 2715 4040 τῷ
2740 3971 2947 4040 ἀρίστῳ
2974 3972 3082 4022 τῶν
3106 3971 3411 4038 γεγονότων
3437 3971 3528 4023 καὶ
3554 3971 3737 4040 τελείῳ

2156 4062 2527 4131 περιτεθῆναι.
2577 4063 2715 4132 Ὅρα
2757 4059 2851 4114 οὖν
2894 4063 3044 4125 ὅπως
3078 4062 3173 4115 καὶ
3209 4062 3297 4114 διὰ
3329 4062 3426 4114 τοῦ
3462 4064 3735 4132 σχήματός

2156 4168 2288 4218 φασι
2319 4153 2381 4204 τὸ
2422 4153 2655 4222 ἄναρχον
2690 4154 2783 4206 καὶ
2826 4153 3181 4222 ἀτελεύτητον
3211 4152 3366 4204 τοῦδε
3395 4152 3493 4205 τοῦ
3532 4152 3732 4221 κόσμου

2154 4243 2517 4312 διαφαίνεται.
2544 4246 2713 4315 Εἴπερ
2743 4245 2801 4297 τὸ
2832 4246 3120 4316 σφαιρικὸν
3162 4245 3370 4316 σχῆμα,
3403 4244 3527 4297 οὔτε
3565 4246 3733 4316 ἀρχὴν

2155 4334 2287 4403 ἔχει,
2315 4335 2424 4388 οὐδ’
2450 4332 2517 4389 αὖ
2546 4337 2825 4407 τελευτήν.

545 4449 817 4506 CHRIST.
860 4449 987 4516 Sed,
1021 4464 1054 4503 ο
1084 4450 1382 4515 fortunate,
1410 4452 1540 4504 mihi
1589 4460 1644 4506 et.
1696 4452 1790 4506 tibi
1845 4453 2050 4521 princi-

2226 4450 2450 4503 ΧΡΙΣΤ.
2506 4451 2666 4513 Ἀλλ’,
2696 4444 2740 4501 ὦ
2773 4451 3033 4521 μακάριε,
3063 4447 3131 4521 ἦν
3158 4451 3201 4502 δ’
3232 4449 3363 4518 ἐγὼ,
3384 4450 3510 4520 ἐμοὶ
3535 4451 3627 4502 καὶ
3656 4449 3733 4499 σοὶ

472 4540 620 4610 pium
655 4541 879 4608 hujusce
911 4539 1099 4610 figurze
1148 4539 1662 4609 incomprehensum
1697 4550 1818 4595 est:
1865 4558 2053 4597 nnmes

475 4640 655 4686 tamen
690 4631 875 4686 circuli
911 4631 1234 4702 principium
1261 4642 1316 4687 et
1357 4631 1519 4686 linem
1573 4631 1795 4687 habent.
1862 4633 2050 4700 Quan-

474 4720 761 4790 doquidem
802 4721 1025 4775 accedat
1054 4730 1354 4791 geometra,
1406 4731 1461 4776 et
1510 4722 1781 4777 describat
1821 4722 2045 4795 figuram

576 4924 658 4989 11)
693 4922 797 4977 CC.
830 4922 891 4975 P.
929 4922 1205 4990 ἠϐούλετο.

576 4994 659 5065 1‘2)
718 4994 1029 5065 Ὃσηιξπεμ
1077 4994 1261 5057 αὐτὸς
1320 4994 1621 5047 ἐϐούλετο.
1668 4991 1735 5047 Ut
1792 4994 2042 5046 nimirum

474 5066 751 5184 meliorﬁm
779 5064 1161 5184 chiligutorem
1195 5065 1309 5132 ipse
1338 5066 1479 5118 Deus
1509 5075 1699 5130 optare
1733 5078 1837 5117 non
1863 5074 2045 5130 poSset

474 5145 563 5184 aut
602 5151 661 5184 νυ
709 5143 778 5184 et.
855 5149 906 5184 Δ.

474 5145 563 5186 aut
602 5134 778 5187 vellet.
814 5134 906 5185 Ba.

545 5204 656 5273 (15)
714 5201 861 5273 Κατί
908 5200 1101 5268 αὐτὴν
1140 5203 1253 5269 τὴν
1292 5201 1570 5270 δύναμιν.
1628 5200 1815 5266 Quoad
1872 5203 2045 5271 ipsum

472 5272 645 5328 etiam
666 5272 977 5339 potentiam.
1008 5273 1103 5325 ΒΑ.

543 5344 655 5414 (te)
701 5344 868 5407 Νόθῳ
912 5340 1401 5414 λογισμῷᾋΝόθῳ
1451 5340 1601 5394 νόθον
1643 5357 1776 5414 οεεε
1804 5355 1951 5411 puto,
1993 5353 2048 5396 et

471 5412 629 5535 Pani:
664 5414 945 5482 legendum
982 5413 1147 5483 μόνῳ.
1184 5412 1315 5465 Nam
1357 5428 1475 5479 qua}
1506 5412 1687 5480 spuria
1728 5413 1813 5465 illa
1866 5414 2048 5465 ratio?

500 5482 549 5535 ia
584 5483 821 5535 ridiculae
853 5485 1067 5535 lectioni
1094 5484 1440 5535 arnuiesccre
1469 5484 1753 5535 ridiculum
1774 5494 1879 5535 est.
1907 5484 2042 5535 ’l‘Au.

500 5482 549 5536 ia
584 5483 821 5536 ridiculae
853 5485 1067 5537 lectioni
1094 5482 1440 5549 arquiesccre
1469 5484 1753 5536 ridiculum
1774 5494 1879 5535 est.
1907 5484 2042 5536 ΤΑιι.

542 5552 651 5625 (15)
691 5551 996 5625 Lege-mlum
1033 5549 1068 5625 ἦ
1100 5555 1143 5607 δ’
1175 5554 1252 5614 ὃς.

543 5623 654 5692 (lli)
684 5622 1087 5692 Διδασκαλιίιζν
1113 5625 1318 5689 ἁπλῶς
1344 5622 1538 5692 χὰίηιν.
1570 5622 1753 5674 Solum
1787 5623 2046 5675 doctrinae

473 5690 682 5755 gratia,
722 5691 785 5758 in
834 5695 1113 5760 hypothesi
1171 5690 1381 5763 petunt}.
1444 5697 1517 5747 De
1582 5695 1735 5761 cujus
1792 5710 1888 5747 usu
1926 5698 2045 5746 vide

2155 4541 2189 4609 ἡ
2236 4541 2379 4611 ἁρχὴ
2423 4542 2575 4594 τοῦδε
2609 4544 2703 4595 τοῦ
2749 4546 3029 4614 σχήματος
3073 4543 3335 4610 ἄληπτος.
3386 4544 3503 4605 Πᾶς
3553 4542 3732 4611 μέντοι

2155 4630 2389 4696 κύκλος,
2436 4634 2609 4704 ἀρχὴν
2662 4635 2775 4705 ἔχει
2834 4636 2926 4688 καί
2975 4635 3255 4703 τελευτήν.
3326 4634 3479 4686 Ἐπεὶ
3524 4634 3733 4702 παρίτω

2155 4724 2500 4795 γεωμέτρης,
2543 4728 2636 4777 καὶ
2674 4726 3078 4796 καταγραφέτω
3120 4725 3239 4777 τόδε
3284 4725 3344 4777 τὸ
3387 4725 3575 4795 σχῆμα
3619 4721 3735 4774 ἐπί-

2153 4926 2378 5047 ἓοχιιιιιι
2418 4925 2611 4979 Coulra
2658 4928 3057 4981 mathematicos
3098 4925 3366 4995 principio
3406 4924 3529 4979 lihri
3565 4927 3726 4981 tertii.

2197 5013 2249 5047 Α.

2197 5013 2249 5048 Δ.

2228 5065 2359 5136 (17),
2388 5063 2465 5127 C,
2504 5064 2644 5136 Axa‘tr
2690 5065 2946 5133 καθάπερ
3010 5064 3102 5117 τὸν
3149 5064 3515 5136 τραγέλαφον.
3571 5066 3730 5128 Οιιίεὶ

2158 5136 2261 5187 tale
2296 5134 2513 5202 aliqum!
2563 5135 2763 5187 animal
2796 5136 2847 5186 iu
2892 5150 3071 5186 rerum
3106 5134 3298 5187 natura
3338 5151 3463 5188 vere
3494 5151 3726 5200 unquam

2156 5204 2337 5257 fuerit.
2368 5207 2522 5257 Circa
2556 5219 2718 5256 unum
2764 5218 2977 5256 amnem
3032 5205 3232 5257 Phasin
3291 5215 3507 5257 exstare
3545 5208 3729 5256 svubit

2158 5276 2361 5328 Plinius
2392 5274 2487 5327 lib.
2521 5290 2638 5335 vm,
2670 5289 2719 5326 c.
2753 5275 2841 5327 55.
2877 5273 3087 5326 Dudum
3120 5284 3380 5326 notarunt
3409 5276 3523 5326 alii.
3563 5275 3657 5326 Bt.

2221 5344 2329 5413 (18)
2366 5345 2721 5413 Πλημμέλεια
2754 5346 3007 5411 σημαίνει
3040 5344 3099 5395 τὸ
3129 5347 3191 5395 ἐκ
3215 5345 3471 5412 δευτέρου
3495 5345 3564 5396 τά
3596 5342 3729 5395 αὐτὰ

2148 5414 2452 5480 φροντίζειν
2507 5414 2600 5465 τοῦ
2658 5414 2834 5480 λέγειν
2890 5414 2921 5482 ἢ
2975 5414 3489 5481 ἐπαναλαμϐάνειν·
3546 5427 3729 5465 θυι-ιω·

2145 5484 2496 5551 Etymolngiri
2550 5488 2749 5547 magni.
2799 5483 3031 5552 Uyrlllus
3087 5484 3140 5537 in
3189 5485 3727 5552 (ὶιοδε.ιι·ιο;11λημ-

2149 5558 2366 5622 μέλημα
2389 5571 2400 5582 ·
2433 5564 2724 5620 peccatum.
2770 5554 3044 5613 delictum,
3082 5568 3281 5605 reatum
3305 5593 3319 5615 ,
3353 5558 3725 5613 romntissum;

2146 5623 2481 5691 πλημμελῶν
2519 5625 2786 5689 tle/inquo,
2829 5640 3000 5691 pecco,
3030 5625 3275 5675 admitto.
3313 5623 3415 5678 Ba.

2216 5701 2326 5761 (11))
2365 5695 2818 5760 [ιἰιταπιιίυμεν.
2855 5695 3128 5748 διειίιιιυε.
3163 5692 3261 5745 ΒΑ.
