4032 6144
325 371 462 439 1109

1255 383 1258 386 '
1351 364 1810 428 DISPUTATIO
1850 363 1960 426 DE-
1987 359 2240 423 MUNDI
2278 357 2630 420 OPlFlCIO.

3451 348 3586 415 1110

389 477 566 536 ΔΜΜ.
609 477 760 534 Πάνυ
787 495 873 548 γε,
909 471 946 550 ἦ
1006 470 1052 532 δ’
1085 475 1164 540 ὃς.
1207 474 1268 528 '0
1301 473 1401 546 μὲν
1427 475 1533 545 γὰρ
1571 473 1704 537 Θεὸς
1745 489 1904 542 ποιη-

2077 467 2248 522 AMM.
2277 465 2530 520 Maxime.
2563 465 2696 520 Nam
2730 465 2870 520 Deus
2928 472 3010 520 est
3041 462 3276 519 eme-iens
3305 460 3587 528 sempiter-

319 571 470 626 τικόν
505 573 652 625 ἐστιν
684 570 875 624 ἀΐδιον·
912 571 942 623 ὁ
989 567 1049 623 δὲ
1083 567 1289 637 κόσμος
1336 565 1524 628 ἀϊδίως
1575 564 1898 634 γενόμενον·

321 663 558 734 τοσαύτη
589 662 769 716 τοίνυν
801 661 954 714 ἔσται
987 659 1188 729 ἀμφοῖν
1213 656 1248 728 ἡ
1278 654 1534 727 διαφορὰ,
1567 655 1667 725 ὅση
1699 652 1901 725 μεταξὺ

322 753 606 816 ποιοῦντος
639 753 735 805 κα.)⁵
772 751 1100 822 γινομένου,
1145 747 1242 801 καὶ
1287 743 1752 818 δημιουργοῦντος
1807 743 1905 797 καὶ

321 844 660 912 κτιζομένου.

391 936 618 990 ΧΡΙΣΤ.
664 935 806 988 Ἀλλ’
847 935 944 1004 οὐχ
1063 933 1164 1004 μὲν
1193 923 1440 1004 ποιεϊ,ᾗ
1484 929 1541 983 δὲ
1573 929 1802 998 γίνεται,
1835 923 1903 997 ἦν

320 1029 362 1082 δ’
393 1027 524 1096 ἐγὼ,
560 1026 841 1097 διαφέρειν
873 1027 1054 1096 φαμὲν
1100 1024 1190 1078 τὸν
1225 1023 1359 1076 Θεὸν
1385 1023 1480 1076 τοῦ
1515 1021 1746 1084 παντός·
1783 1019 1903 1072 οὐδὲ

322 1120 477 1173 τοῦτο
502 1121 530 1172 ὁ
577 1119 736 1186 λόγος
761 1115 1192 1179 κατασκευάζειν
1223 1114 1549 1168 ἐσπούδακε.
1585 1112 1759 1165 Τοῦτο
1793 1111 1902 1182 γὰρ

321 1210 385 1280 δὴ
415 1212 546 1264 πᾶσι
578 1208 673 1262 καὶ
698 1208 1068 1278 ὡμολόγηται·
1102 1206 1164 1260 τὸ
1189 1207 1246 1259 δὲ
1277 1205 1456 1260 κοινὸν
1482 1204 1740 1258 ἁπάντων
1769 1203 1902 1272 ὁμο-

323 1303 542 1372 λόγημα
595 1299 994 1364 ἀνασκευάξειν
1025 1300 1162 1369 (51),
1203 1298 1279 1370 μὴ
1313 1297 1412 1350 καὶ
1457 1295 1579 1349 λίαν
1608 1293 1904 1362 ἀϐέλτερον

324 1391 380 1472 ᾖ,
413 1397 508 1448 καὶ
530 1395 630 1449 οὐκ
661 1395 1026 1463 ἐπιστήμονος
1057 1390 1251 1462 ἀνδρὸς
1289 1389 1384 1443 καὶ
1425 1387 1717 1458 φιλοσόφου
1751 1385 1861 1455 ('52)
1888 1403 1902 1450 ;

326 1484 403 1537 Οὐ
455 1482 595 1536 κατά
626 1483 688 1535 τὸ
730 1484 906 1536 ποιεῖν
952 1481 1132 1534 τοίνυν
1171 1479 1268 1532 καὶ
1307 1477 1542 1548 πάσχειν
1581 1475 1904 1548 πρόσκειται

324 1573 420 1628 νῦν
456 1574 586 1644 ἡμῖν
615 1571 938 1642 ἀνιχνεύειν,
970 1571 1068 1624 καὶ
1097 1567 1370 1640 θηρᾶσθαι
1391 1567 1490 1637 τὴν
1519 1565 1784 1636 διαφορὰν
1809 1561 1904 1617 τοῦ

324 1665 460 1719 Θεοῦ
489 1665 624 1736 πρὸς
647 1663 738 1716 τὸν
769 1664 995 1732 κόσμονο
1033 1661 1129 1716 καὶ
1159 1661 1222 1714 τὸ
1252 1659 1604 1731 ἀσυγκρίτως
1636 1657 1906 1728 ὑπερέχον

325 1755 420 1810 τοῦ
447 1756 605 1810 Θεοῦ·
635 1756 750 1808 ἀλλ’
783 1757 832 1808 εί
865 1755 1022 1826 μόνος
1053 1753 1166 1822 (⁸55)
1197 1751 1368 1815 ἀΐδιός
1403 1752 1520 1804 ἐστι
1541 1791 1554 1816 ,
1581 1751 1677 1804 καὶ
1710 1765 1906 1802 κοινω-

325 1849 446 1903 νίαν
479 1848 736 1917 οὐδεμίαν
757 1847 868 1914 ἔχει
905 1844 1040 1916 πρὸς
1066 1842 1256 1897 τοῦτον
1285 1841 1430 1897 κατὰ
1451 1859 1513 1911 γε
1543 1843 1604 1896 τὸ
1627 1841 1717 1896 ἀεὶ
1740 1835 1903 1896 εἶναι.

324 1942 390 1994 Et
423 1941 479 1994 δὲ
512 1939 700 2003 τοῦτο,
753 1937 1093 2007 ἐπανέρομαι
1123 1935 1218 1990 καὶ
1269 1937 1328 2000 ἐς
1370 1930 1548 2002 αὖθις,
1584 1934 1686 1989 οὐκ
1737 1933 1908 1989 ἀΐδιον

324 2035 434 2104 φὴς
461 2029 602 2087 εἶναι
630 2033 689 2085 τὺ
723 2033 808 2086 ἀεὶ
847 2030 945 2098 δν;

396 2147 567 2202 ΑΜΜ.
609 2147 734 2202 Ναί.

396 2239 622 2294 ΧΡΙΣΤ.
679 2240 736 2294 '0
775 2241 832 2294 δὲ
865 2239 999 2302 Θεὸς
1029 2239 1200 2302 ἀΐδιος
1229 2237 1330 2303 ὣν,
1355 2237 1443 2292 ἀεὶ
1472 2237 1546 2291 ῶν
1573 2253 1588 2302 ;

394 2417 580 2470 ΑΜΜ.
623 2414 784 2470 Οὕτω
819 2413 982 2486 φημί.

391 2529 626 2583 ΧΡΙΣΤ.
678 2527 788 2581 Καὶ
816 2527 844 2579 ὁ
875 2525 1080 2596 κόσμος
1117 2523 1174 2577 δὲ
1213 2523 1382 2588 ἀΐδιος
1419 2521 1515 2590 ὣν,
1559 2521 1700 2576 κατὰ
1735 2521 1794 2576 σὲ
1821 2521 1908 2574 ἀεὶ

321 2619 398 2674 ὢν
431 2621 614 2683 tactv;

393 2709 577 2764 AMM.
609 2707 760 2762 Πάνυ
791 2725 874 2774 γε.

393 2823 624 2878 ΧΡΙΣΤ.
665 2824 730 2876 Ei
757 2823 936 2876 τοίνυν
959 2822 1131 2878 ἀΐδιον
1157 2823 1262 2895 φὴς
1287 2816 1424 2876 εἶναι
1455 2820 1515 2876 τὸ
1537 2820 1622 2876 ἀεὶ
1645 2819 1728 2885 ὃν,
1751 2818 1910 2873 τοῦτο

319 2915 375 2966 δὲ
413 2912 479 2966 οὐ
515 2912 676 2982 μόνου
723 2911 860 2967 Θεοῦ
891 2913 1034 2968 κατά
1063 2914 1125 2967 τὸ
1160 2913 1428 2987 ὑμέτερον
1459 2912 1707 2983 δόξασμα
1727 2951 1742 2977 ,
1774 2911 1910 2965 ἀλλά

317 3005 417 3058 καὶ
450 3003 548 3056 τοῦ
583 3004 824 3075 κόσμου,
865 3005 966 3060 ποῦ
997 3005 1058 3058 τὸ
1085 3003 1384 3076 ὑπέρτερον
1413 3003 1509 3074 τοῦ
1537 3001 1694 3068 Θεοῦ,
1727 3002 1820 3056 καὶ
1849 3001 1911 3054 τὸ

318 3097 499 3168 χωρὶς
533 3096 874 3167 συγκρίσεως
903 3097 1123 3168 ἀπάσης
1147 3095 1692 3168 ὑπεραναὸεὗηκέναι
1721 3093 1910 3148 τοῦτον

1937 1815 1981 1871 Β

2007 576 2168 628 num;
2221 559 2453 614 mundus
2505 568 2689 614 autem
2743 557 3132 628 sempiternum
3184 553 3456 609 etinctum.
3510 555 3586 606 Ac

2009 661 2160 708 tanta
2194 652 2478 722 utriusque
2510 649 2835 717 differentia,
2865 658 3069 720 quanta
3103 651 3241 702 inter
3264 647 3585 703 cllieientein

2004 755 2061 801 et
2089 743 2364 810 eﬂ‘ectum,
2397 744 2718 800 condentem
2746 753 2800 799 et
2828 757 2944 798 rem
2973 741 3268 798 conditam.

2074 947 2348 1003 ‘CHRIST.
2380 945 2542 1016 Atqui
2573 960 2680 999 non
2719 951 2986 1014 quatenus
3019 939 3202 1004 elﬁcit,
3239 950 3296 994 et
3320 901 3588 1008 quateuus

2007 1038 2258 1102 eﬂicitur,
2310 1034 2526 1090 differre
2572 1033 2810 1086 diximus
2861 1029 3028 1088 Deum
3084 1029 3151 1081 ab
3212 1025 3586 1087 universitate,
3676 1045 3693 1053 —

2008 1143 2184 1198 neque
2257 1141 2436 1182 sermo
2477 1125 2618 1178 istud
2679 1133 2922 1178 astruere
2965 1119 3190 1175 studuit.
3242 1117 3386 1172 Istud
3444 1115 3588 1170 enim

2008 1219 2169 1274 etiam
2191 1215 2444 1270 omnibus
2485 1213 2540 1267 in
2583 1211 2832 1266 confesso
2865 1219 2946 1264 est
2991 1227 3004 1263 :
3055 1219 3310 1263 cancrum
3340 1219 3588 1260 commu-

2006 1327 2129 1366 nem
2155 1308 2396 1364 omnium
2427 1305 2750 1362 sententiam
2785 1307 3088 1366 destruere,
3139 1315 3318 1354 nonne
3361 1298 3586 1353 demen-

2007 1399 2274 1454 tissimum
2301 1395 2485 1462 fuerit,
2513 1404 2563 1451 et
2593 1410 2696 1449 non
2731 1393 2963 1448 hominis
2995 1392 3216 1446 scientis
3255 1398 3312 1442 et
3339 1387 3584 1459 philoso-

2006 1485 2136 1556 phi?
2159 1484 2272 1540 Neu
2305 1485 2467 1554 igitur
2495 1485 2705 1538 ratione
2739 1481 3006 1537 eﬂiciendi
3037 1489 3094 1535 et
3149 1479 3410 1549 patiendi,
3459 1494 3588 1546 pro—

2009 1580 2242 1648 positum
2268 1592 2409 1632 nunc
2443 1587 2526 1632 est
2555 1578 2827 1646 vestigare
2879 1583 2934 1629 et
2980 1573 3172 1628 venari
3223 1571 3584 1626 differentiam

2010 1670 2150 1724 inter
2212 1669 2375 1723 Deum
2433 1678 2488 1725 et
2529 1669 2812 1732 mundum,
2869 1675 2925 1722 et
2973 1662 3445 1732 incomparabilem
3493 1659 3591 1716 Dei

2010 1763 2375 1832 praestantiam
2422 1779 2436 1815 :
2483 1763 2577 1816 sed
2638 1774 2704 1814 an
2752 1759 2900 1814 solus
2953 1756 3318 1826 sempiternus
3367 1753 3460 1818 sit,
3538 1761 3594 1807 et

2013 1855 2220 1910 nullam
2239 1853 2678 1908 communionem
2705 1851 2906 1906 habeat
2935 1864 3056 1904 cum
3088 1844 3312 1911 mundo,
3372 1843 3586 1899 ratione

2013 1945 2486 2016 seumiternitatis.
2515 1943 2668 2012 Quod
2697 1941 2742 1996 si
2776 1941 2846 1996 ita
2875 1947 2978 2006 est,
3005 1953 3219 1995 rursum
3253 1951 3440 2007 qumro
3461 1952 3592 1991 num

2013 2039 2402 2106 sempiternum
2439 2033 2674 2090 allii-mes
2702 2035 2754 2088 id
2790 2033 2935 2103 quod
2965 2044 3182 2101 semper
3213 2027 3336 2084 est?

2087 2150 2184 2205 AM
2194 2150 2260 2204 ill.
2293 2151 2472 2204 Certe.

2082 2239 2360 2297 CHRIST.
2427 2240 2571 2296 Deus
2647 2249 2826 2294 autem
2889 2237 3252 2306 sempiternus
3319 2247 3442 2290 eum
3497 2231 3590 2296 sit,

2013 2351 2191 2391 nonne
2223 2347 2437 2403 semper
2461 2331 2588 2387 est?

2087 2425 2259 2483 AMM.
2285 2425 2377 2482 Sic
2414 2423 2612 2480 sentio.

2091 2538 2367 2596 CHRIST.
2402 2539 2480 2594 Ac
2505 2536 2738 2626 mundus
2766 2536 2856 2607 qui
2897 2546 2986 2591 tua
3011 2535 3267 2606 opinione
3299 2532 3588 2604 sempiter-

2015 2649 2114 2688 nus
2140 2642 2244 2698 est,
2283 2645 2499 2700 semper
2528 2628 2778 2686 exsistit?

2080 2724 2252 2784 AMM.
2292 2725 2538 2796 Semper.

1996 2883 2002 2888 .
2086 2837 2366 2897 CHRIST.
2409 2838 2465 2895 Si
2505 2837 2672 2910 igitur
2723 2837 3113 2908 sempiternum
3170 2834 3308 2890 dicis
3361 2846 3484 2888 esse
3537 2831 3594 2888 id

2012 2933 2157 3005 quod
2189 2946 2406 3003 semper
2439 2931 2698 2986 exsistit:
2746 2930 2848 2984 hoc
2893 2937 3074 2984 autem
3131 2942 3240 2982 non
3295 2925 3466 2980 solius
3507 2935 3592 2978 est

2014 3025 2108 3081 Dei
2139 3034 2320 3080 vestra
2377 3023 2671 3089 sententia,
2721 3020 2816 3077 sed
2878 3021 3042 3077 etiam
3093 3019 3276 3074 mundi
3327 3034 3342 3072 :
3382 3017 3471 3070 ubi
3511 3026 3597 3071 est

2015 3117 2108 3173 Dei
2137 3115 2453 3182 eminentia,
2484 3114 2537 3169 in
2598 3129 2706 3184 qua
2755 3113 2892 3169 citra
2944 3109 3407 3182 comparationem
3431 3107 3593 3162 ullam

317 3187 412 3241 τοῦ
471 3187 672 3252 παντὸς
711 3188 854 3242 κατά
901 3189 962 3242 τὸ
1010 3187 1098 3242 ἀεὶ
1145 3181 1316 3253 εἶναι,
1365 3187 1502 3258 ὅπερ
1537 3186 1686 3239 ἐστὶν
1728 3185 1911 3249 ἀῑδίως

2017 3208 2230 3264 excedit
2283 3205 2695 3262 universitatem.
2765 3204 2980 3260 ratione
3068 3169 3519 3271 sempiternitatis
3572 3237 3590 3264 ,

317 3277 506 3343 εἶναι,
543 3279 704 3351 εἴπερ
740 3279 816 3350 μὴ
869 3279 1030 3350 μόνος
1073 3279 1236 3344 αὐτὸς
1269 3276 1584 3350 ἔχειτοῦτο,
1629 3274 1766 3330 ἀλλὰ
1815 3275 1910 3329 καὶ

323 3375 350 3424 ὁ
375 3373 590 3442 κόσμος
625 3369 774 3441 αὐτῷ
801 3371 860 3424 τὸ
888 3369 982 3423 τοῦ
1015 3370 1184 3434 ἀΐδιος
1214 3365 1354 3423 εἶναι
1384 3367 1599 3439 ἀξίωμα
1628 3365 1914 3438 συνεμερί-

329 3481 485 3525 σατο,
519 3461 628 3515 τῶν
659 3461 838 3516 αὐτῶν
863 3461 1168 3532 πρεσϐείων
1197 3461 1536 3532 ἀξιούμενος,
1564 3458 1688 3514 καθ’
1731 3459 1910 3528 (apag;

330 3556 620 3632 Oderat/of;
653 3554 709 3607 δὲ
741 3554 1016 3608 καὶτοῦτο
1036 3595 1051 3621 ,
1096 3555 1172 3618 ὡς
1199 3555 1260 3606 ού
1298 3552 1474 3626 χρεὼν
1507 3553 1598 3606 τὸν
1627 3552 1728 3620 τῆς
1766 3550 1914 3620 φιλο-

331 3649 525 3718 σοφίας
557 3647 1020 3719 μεταποιούμενον
1043 3647 1198 3718 παρά
1229 3646 1363 3700 πολὺ
1393 3644 1722 3716 σοφιστικῶς
1738 3643 1915 3696 διαλέ-

327 3741 525 3808 γεσθαί
553 3757 614 3793 τε
641 3739 736 3794 καὶ
781 3739 1074 3810 ἐριστικῶς
1095 3781 1110 3805 ,
1145 3739 1239 3792 καὶ
1286 3737 1569 3806 Καδμείαν
1602 3736 1759 3806 νίκην
1791 3733 1913 3802 γλί-

328 3832 524 3901 χεσθαι
551 3833 708 3902 νικᾷν
736 3831 845 3902 (54)
869 3847 882 3897 ;
909 3828 1094 3884 Ταῦτα
1127 3829 1264 3898 ἔφην
1282 3829 1378 3898 μὲν
1403 3827 1533 3896 ἐγὼ,
1563 3825 1842 3895 ἐσιώπησε
1868 3825 1914 3879 δ’

330 3925 542 3983 ἐκεῖνος
573 3919 736 3974 λίθων
775 3939 834 3974 τε
868 3921 961 3974 καὶ
991 3919 1189 3990 ἰχθύων
1229 3919 1570 3988 ἀφωνότερος
1605 3917 1719 3986 (55)
1755 3933 1916 3984 γεγοα

329 4010 454 4073 νὼς.
499 4008 684 4081 Ἐὡρα
726 4009 834 4082 γάρ
861 4011 989 4072 τοὺς
1019 4008 1395 4081 περιεστῶτας
1425 4007 1810 4078 θαυμάζοντας
1846 4007 1916 4061 τά

331 4099 604 4168 ἡμέτερα,
640 4101 734 4152 καὶ
759 4101 856 4163 τὰς
880 4099 1224 4170 Χριστιανῶν
1251 4097 1555 4164 ἀποδείξεις
1583 4099 1912 4169 ἀγαμένους,

333 4191 425 4244 καὶ
457 4189 850 4262 ψιθυρίζοντας
874 4193 987 4263 (56)
1019 4193 1158 4264 πρὸς
1199 4193 1460 4262 ἀλλήλους
1511 4193 1586 4256 ὡς
1614 4192 1758 4264 μάλα
1805 4189 1918 4246 εἷεν

332 4285 583 4338 νεανικαί
611 4287 723 4355 (57)
759 4303 820 4338 τε
853 4287 946 4339 καὶ
977 4285 1214 4358 ἰσχυραί.
1249 4287 1376 4338 Ὅτε
1429 4286 1492 4355 δὴ
1524 4287 1618 4338 καί
1645 4303 1798 4350 τινας
1825 4285 1918 4350 οὒς

335 4376 528 4449 ἔτυχεν
565 4379 854 4450 ἐμπλήσας
905 4379 1071 4432 πάλαι
1121 4379 1222 4448 τῆς
1261 4377 1426 4432 αὑτοῦ
1471 4377 1784 4450 ἀδολεσχίας
1823 4379 1918 4432 καὶ

335 4471 682 4540 ἀδελτερίας,
725 4470 976 4524 ἐκέλευεν
1021 4471 1124 4536 ἔξω
1151 4470 1396 4538 γίνεσθαι
1437 4473 1529 4525 καὶ
1583 4473 1658 4544 μὴ
1704 4473 1918 4525 ἐπαΐειν

335 4567 443 4622 τῶν
469 4567 802 4638 λεγομένων,
827 4568 902 4630 ὡς
944 4567 1008 4620 ἂν
1031 4561 1186 4635 οἶμαι
1207 4607 1220 4630 ,
1257 4567 1329 4636 μή
1356 4585 1409 4619 τι
1439 4566 1665 4620 πάθοιεν
1694 4567 1798 4622 ὑπὸ
1821 4565 1916 4620 τοῦ

337 4659 500 4729 λόγου
546 4661 766 4730 καὶτῆς
801 4658 1149 4723 ἀποδείξεως,
1190 4659 1284 4712 καὶ
1325 4659 1732 4730 Χριστιανίζειν
1763 4655 1918 4723 αὖθις

317 4861 327 4867 “
409 4861 523 4928 (51)
557 4861 695 4916 Fere
725 4876 910 4916 omnes
951 4860 1382 4924 κατασκευάζειν
1413 4867 1580 4914 recte.

413 4927 629 5004 (52453)
683 4931 946 4986 Videntur
967 4932 1213 5004 quaedam
1261 4932 1347 5004 hic
1383 4931 1676 5004 excidisse.
1709 4927 1774 5004 Et
1805 4928 1918 4984 for-

345 4999 490 5057 tas'se
519 4999 998 5069 aliqua'Ammonii
1033 5000 1374 5054 interlocutio
1413 5010 1531 5068 post
1561 5002 1716 5053 istam
1747 4999 1918 5052 inter-

343 5074 680 5138 rogationem
719 5072 969 5138 ili-periit.
1006 5071 1100 5124 Est
1127 5071 1270 5124 enim
1305 5070 1466 5125 solito
1512 5069 1770 5139 prolixior
1805 5071 1918 5123 haec

343 5143 503 5194 unius
531 5141 934 5198 sermocinatio.
968 5140 1064 5194 ΒΑ.

383 5211 858 5332 ’(ξίξΙι)Βιιάδμείαν
915 5209 1116 5278 νίκην.
1159 5207 1286 5264 Vide
1328 5209 1394 5262 ad
1433 5207 1760 5262 Thebaidem
1814 5207 1916 5262 Pa-

384 5298 496 5332 IIHi.
571 5297 622 5332 Α.

343 5295 496 5349 ptutt.
529 5295 622 5334 ω.

415 5349 532 5417 (55)
564 5352 757 5404 Λίθων
795 5367 858 5404 τε
887 5349 984 5402 καὶ
1024 5349 1246 5416 ἰχθύων
1283 5347 1683 5415 ἀφωνότερος.
1737 5345 1916 5400 Notis-

345 5419 544 5472 simurn
623 5421 963 5486 proverbium
1029 5421 1253 5472 aliorum
1324 5417 1710 5486 natationibus.
1769 5417 1922 5482 Adji-

347 5485 823 5551 ciendumiistmt,
861 5491 952 5541 'et
1019 5489 1152 5540 infra
1221 5487 1364 5552 qttod
1421 5485 1496 5538 ait
1557 5505 1570 5540 :
1625 5487 1917 5556 Πεπήγασι

352 5559 446 5610 καὶ
477 5557 677 5627 ἰχθύων
712 5560 802 5612 καὶ
831 5559 994 5612 λίθων
1033 5557 1364 5628 ἀφωνότεροι
1397 5556 1659 5628 γίνονται.
1686 5557 1922 5610 Joannes

355 5629 622 5679 ".lH'ilﬂila
683 5629 732 5682 in
788 5630 1034 5682 silentem
1071 5627 1354 5693 queindam
1387 5627 1709 5680 ntonachunl
1748 5642 1916 5680 carm.

347 5697 442 5749 101
491 5713 504 5748 :
547 5697 658 5749 Kal
699 5699 806 5766 γὰρ
836 5699 893 5762 ἐξ
933 5697 1222 5766 ἐπωνύμου
1254 5698 1498 5764 Ἀφωνος
1540 5695 1690 5765 ἰχθὺς
1718 5697 1808 5750 καὶ
1836 5696 1921 5748 6o-

341 5769 458 5828 κεϊς
491 5768 596 5820 καὶ
625 5769 925 5837 τυγχάνεις.
979 5767 1088 5820 Non
1117 5767 1306 5822 dubito
1333 5777 1511 5822 autem
1544 5781 1668 5820 Vere
1701 5768 1777 5822 sic
1813 5767 1912 5818 ista

2015 3299 2280 3368 siquidem
2315 3312 2420 3352 non
2479 3296 2595 3368 ipse
2621 3295 2768 3352 solus
2808 3295 2938 3350 illud
2993 3293 3224 3358 obtinet,
3282 3293 3376 3348 sed
3425 3291 3588 3346 etiam

2015 3393 2251 3446 mundus
2284 3405 2406 3444 cum
2445 3389 2562 3460 ipso
2585 3387 3040 3458 sempiteruitatis
3067 3385 3393 3456 dignitatem
3441 3396 3592 3437 com-

2016 3497 2232 3536 munem
2266 3481 2446 3548 habet,
2480 3481 2667 3536 eadem
2724 3478 3080 3551 praerogativa
3131 3477 3324 3546 dignus
3354 3474 3594 3541 habitus,

2017 3578 2195 3624 vestra
2223 3571 2516 3638 Opinione?
2553 3568 2807 3640 Nunquid
2839 3568 3181 3631 consideras,
3215 3581 3320 3622 non
3343 3574 3595 3635 oportere

2015 3673 2137 3712 eum
2185 3660 2278 3728 qui
2333 3659 2734 3730 philosophiam
2782 3659 2883 3714 sibi
2945 3660 3206 3724 vindicat,
3263 3657 3505 3728 captiose
3543 3666 3598 3712 et

2016 3752 2356 3805 contentiose
2401 3751 2624 3805 multum
2656 3751 2982 3820 disceptare,
3042 3759 3097 3806 et
3155 3750 3448 3806 Cadmeam
3511 3749 3598 3801 vi-

2019 3843 2248 3896 ctoriam
2284 3841 2578 3911 appetere?
2625 3841 2750 3895 Haec
2796 3842 3012 3909 quidem
3057 3857 3157 3910 ego
3196 3841 3466 3905 dicebam,
3511 3840 3598 3894 ille

2017 3943 2193 3986 autem
2225 3933 2439 4000 silebat,
2472 3933 2642 4003 magis
2671 3942 2850 3986 mutus
2877 3931 3122 3996 eﬂ'ectus,
3149 3947 3308 4000 quam
3335 3941 3428 3984 aut
3461 3931 3600 4000 lapis

2019 4023 2292 4095 284nm
2317 4025 2502 4094 piscis.
2535 4025 2806 4080 Cernebat
2835 4025 3003 4089 enim,
3031 4038 3124 4077 eos
3154 4023 3243 4092 qui
3275 4023 3595 4086 intererant,

2018 4125 2200 4170 nostra
2234 4117 2512 4180 admirari,
2547 4126 2601 4170 et
2635 4115 3073 4172 Christianorum
3104 4113 3598 4168 deruoustrationes

2019 4204 2318 4275 suspicere,
2353 4215 2408 4260 et
2437 4206 2577 4260 inter
2609 4218 2667 4258 se
2699 4203 3120 4259 murmurabant
3160 4218 3259 4259 eas
3292 4201 3446 4259 valde
3479 4217 3600 4257 esse

2019 4295 2266 4351 eﬂicaces
2293 4306 2348 4350 et
2391 4296 2596 4352 tirmas.
2633 4295 2726 4352 [lie
2758 4296 2923 4368 igitur
2959 4297 3222 4363 quosdam
3275 4310 3412 4364 quos
3459 4293 3589 4348 olim

2023 4387 2294 4442 imbuerat
2349 4404 2443 4443 sua
2491 4389 2760 4444 dementia
2809 4399 2864 4444 et
2907 4387 3181 4453 fatuitate,
3227 4385 3389 4455 jussit
3453 4385 3600 4440 l‘oras

2023 4477 2340 4539 abscedere.
2379 4492 2552 4547 neque
2609 4478 2798 4532 audire
2829 4492 2948 4548 qua:
3009 4475 3348 4539 dicebantur,
3411 4487 3497 4537 ne,
3541 4481 3601 4525 ut

2023 4567 2240 4635 opinor,
2273 4567 2450 4636 aliquo
2480 4569 2638 4623 modo
2677 4569 3020 4624 adicerentur
3081 4569 3185 4622 hac
3233 4565 3599 4636 disputatione

2027 4667 2081 4714 et
2112 4661 2600 4727 demonstratione,
2635 4672 2690 4716 et
2719 4660 3033 4717 Christiana
3083 4675 3276 4730 sapere
3315 4659 3600 4729 persuade-

2027 4863 2314 4922 accidisse.
2367 4875 2474 4914 non
2505 4860 2866 4924 Πλατωνικῶς
2905 4859 3052 4928 ﬁngi.
3083 4859 3242 4914 Serio
3265 4859 3410 4916 enim
3442 4859 3598 4913 Chri-

2027 4931 2238 4986 stiauus
2266 4933 2428 4984 homo
2457 4941 2510 4983 et
2533 4932 2791 4985 cordatus
2824 4931 3070 4984 veritatis
3101 4933 3288 4984 doetor
3311 4930 3602 4994 erubescat

2028 5001 2152 5054 talia
2185 5001 2250 5054 de
2276 5001 2620 5056 successibus
2656 5002 2768 5054 suis
2799 4999 3016 5070 gloriari
3057 5000 3194 5054 [ictis
3223 5001 3474 5070 personis
3497 5013 3598 5070 ire-

2027 5070 2251 5138 busque.
2279 5070 2348 5124 Et
2374 5071 2486 5138 ipse
2516 5071 2673 5140 paulo
2698 5069 2923 5124 inferius
2947 5070 3019 5122 ait
3043 5069 3268 5140 gloriam
3293 5083 3354 5140 se
3378 5069 3602 5140 minime

2027 5143 2265 5193 omnium
2302 5138 2529 5202 sectari,
2569 5157 2622 5208 p.
2655 5141 2774 5202 151,
2813 5141 2878 5193 19
2912 5157 2926 5194 :
2957 5139 3194 5202 Τούτους
3219 5139 3270 5206 γ’
3295 5139 3358 5192 ἔα
3388 5138 3602 5208 χαίρειν

2025 5209 2409 5282 τοὺςίλόγουςμ·
2446 5207 2648 5282 ούᾼγάρ
2685 5210 2924 5282 ἐπαίνων
2963 5209 3258 5282 ἓνεκαᾲκαὶ
3281 5207 3602 5282 ἐπιδείξεως

2027 5281 2184 5350 ταυτὶ
2233 5277 2725 5350 διεξεληλύθαμεν,
2779 5279 2917 5332 ἀλλά
2965 5280 3063 5348 τῆς
3097 5279 3198 5349 σῆς
3241 5277 3458 5343 εὐεξίας
3507 5279 3602 5330 καὶ

2027 5349 2216 5420 ὑγείας
2253 5349 2546 5416 μεταποιού
2556 5367 2724 5420 μενοι.
2766 5350 2862 5420 BA.

2101 5419 2212 5486 (56)
2255 5416 2700 5488 Ψιθυρίζοκτας.
2752 5419 2888 5474 Vide
2939 5420 3264 5474 scholiastcn
3323 5416 3599 5472 Theocriti

2031 5488 2188 5558 initio
2251 5487 2422 5557 ldyllii
2473 5491 2656 5558 primi,
2723 5499 2778 5544 et
2835 5488 3162 5544 scholiasten
3223 5489 3602 5558 Aristophanis

2029 5557 2290 5613 Nubibus.
2316 5561 2410 5612 Ba.

2098 5631 2209 5699 (ὅῖ)
2261 5630 2564 5682 Νεανικαί.
2635 5629 2901 5696 Str-cunae,
2941 5629 3213 5694 robustaz,
3248 5629 3438 5686 liniue.
3481 5627 3601 5684 Pol—

2026 5701 2116 5754 lux
2150 5699 2244 5754 l-ib.
2280 5717 2318 5764 t,
2349 5713 2398 5756 c.
2427 5700 2512 5752 10.
2549 5702 2642 5754 ΒΑ.
