4032 6144
431 311 570 378 1115

1459 314 1855 376 ZACHABLE
1891 314 2318 376 MITYLENES
2347 312 2683 374 EPISCOPI

3537 307 3674 374 1116

495 422 664 477 AMM.
715 423 829 478 Nisi
875 438 961 478 res
986 434 1283 479 coaeteruas
1330 422 1438 478 Deo
1480 422 1803 491 dixerimus,
1856 425 1998 480 Deus

2169 427 2351 481 AMM.
2386 426 2446 477 El
2485 425 2558 495 μὴ
2603 424 2872 490 συναῖδια,
2909 418 2945 495 ἦ
2985 424 3030 478 δ’
3059 423 3141 486 ὃς,
3174 422 3252 493 τῷ
3278 421 3399 492 Θεῷ
3429 422 3497 476 τὰ
3544 414 3673 476 ὄντα

433 531 565 569 sane
593 530 685 568 eas
728 515 938 568 nolebat
977 525 1236 570 exstare:
1291 524 1453 582 atque
1496 516 1567 568 ita
1600 512 1704 568 fuit
1744 530 1864 568 eum
1901 529 1996 569 vo-

433 607 691 660 luntatem
731 606 799 660 de
844 606 1004 659 rebus
1035 620 1143 659 non
1176 604 1419 670 haberet,
1452 622 1515 660 ex
1545 615 1786 676 tempore
1816 615 1995 662 autem

434 712 558 751 cum
581 698 809 751 voluerit
849 706 902 750 et
945 698 1309 761 constituerit,
1363 700 1669 752 necessario
1708 699 1998 767 aliquando

433 789 595 840 etiam
617 787 899 841 consilium
920 788 1163 842 mutabit.
1187 788 1302 853 Quo
1318 790 1515 857 posito,
1538 804 1640 842 non
1659 790 1769 858 jam
1795 805 1821 841 a
1843 789 1999 844 nobis

435 884 500 932 de
528 877 635 932 Deo
660 888 1021 933 consentanea
1053 882 1236 949 opinio
1263 882 1589 937 servabitur.
1617 882 1748 934 Nam
1781 884 1833 936 in
1859 892 1997 936 tem-

436 983 565 1036 pore
597 970 923 1032 deliberare,
969 981 1024 1025 et
1050 972 1498 1037 deliberationem
1546 983 1773 1036 mutare,
1825 983 2000 1027 muta-

434 1062 593 1116 bilem
627 1061 835 1116 inducit
865 1078 987 1117 eum
1021 1064 1109 1133 qui
1139 1063 1443 1133 huiusmodi
1485 1060 1864 1118 affectionibus
1904 1067 2001 1118 ob-

435 1154 630 1207 noxius
655 1160 758 1206 est.
1221 1221 1226 1225 γ

502 1244 774 1299 CllRlST.
818 1243 1317 1307 Verumenimvero,
1376 1244 1449 1297 mi
1501 1243 1839 1311 philosophe,
1893 1258 1998 1297 non

436 1349 657 1389 necesse
678 1336 962 1389 estdicere
1001 1337 1166 1389 Deum
1209 1336 1262 1389 i-n
1298 1342 1542 1404 tempore
1577 1336 1859 1388 consilium
1897 1350 1991 1389 cc-

435 1426 581 1493 pisse
639 1426 705 1480 de
769 1428 930 1479 rebus
998 1426 1391 1494 procreandis:
1459 1426 1502 1479 si
1569 1441 1752 1479 earum
1812 1435 2001 1479 natura

442 1516 604 1585 igitur
622 1515 670 1569 ei
697 1525 983 1581 coaetcrna,
1008 1525 1061 1569 et
1094 1517 1338 1586 principii
1370 1516 1621 1570 similiter
1660 1531 1879 1584 expers,
1908 1519 2000 1570 sed

443 1604 623 1658 habuit
655 1607 719 1657 de
751 1606 814 1658 iis
856 1606 1185 1659 voluntatem
1223 1614 1498 1660 carentem
1551 1605 1838 1674 principio,
1888 1614 2000 1658 tan-

441 1709 602 1761 quam
634 1696 807 1748 bonus
833 1705 887 1749 et
916 1695 1077 1760 Deus,
1107 1696 1158 1749 in
1190 1703 1367 1750 actum
1396 1705 1574 1748 autem
1602 1695 1852 1762 perduxit
1880 1710 2001 1748 cum

2105 519 2370 588 φήσομεν,
2404 519 2432 569 ό
2463 516 2595 580 Θεὸς
2633 516 2741 588 ἄρα
2775 516 2873 569 οὑκ
2908 515 3017 585 (46)
3054 513 3329 584 ἠϐουλήθη
3370 513 3672 583 ὑποστῆναι

2103 608 2173 663 τὰ
2207 607 2335 660 ὄντα
2357 626 2368 639 ·
2414 610 2509 663 καὶ
2550 605 2617 678 ἦν
2658 609 2745 661 ὅτε
2793 607 2892 677 τὴν
2922 609 3051 676 περὶ
3081 605 3191 659 τῶν
3220 605 3390 658 ὄντων
3420 605 3675 674 βούλησιν

2104 698 2204 751 οὑκ
2233 693 2346 768 εἶχε
2368 715 2382 729 ·
2414 699 2589 768 χρόνῳ
2614 697 2671 750 δὲ
2700 696 3151 765 βουλευσάμενος,
3182 694 3242 760 ἐξ
3272 695 3516 764 ἀνάγκης
3546 696 3674 747 ποτὲ

2105 788 2199 841 καὶ
2236 787 2745 856 μεταϐουλεύσεται.
2783 787 2845 838 Εἰ
2887 785 2945 837 δὲ
2982 784 3168 849 τοῦτο,
3210 783 3389 836 οὐκέτ’
3431 782 3498 837 ἂν
3546 785 3674 851 ἡμῖν

2106 878 2140 947 ὴ
2169 878 2300 945 περὶ
2338 875 2472 928 Θεοῦ
2506 877 2792 946 πρέπουσα
2821 873 3089 942 ὑπόληψις
3133 872 3558 941 διασωθήσεται.
3602 871 3676 926 Τὸ

2106 967 2215 1038 γὰρ
2241 967 2416 1036 χρόνῳ
2467 964 2813 1035 βουλεύεσθαι
2843 966 2936 1017 καὶ
2984 963 3504 1032 μεταϐουλεύεσθαι,
3550 982 3674 1035 τρε-

2108 1059 2240 1113 πτδν
2289 1060 2498 1127 εἰσάγει
2530 1058 2620 1112 τὸν
2648 1060 2761 1121 τοῖς
2792 1057 3056 1121 τοιούτοις
3107 1056 3429 1128 παθήμασιν
3460 1057 3675 1110 ὑποκεί-

2109 1166 2291 1219 μενον.

2178 1237 2398 1291 ΧριΣΤ.
2439 1236 2690 1291 Μάλιστα
2724 1236 2821 1306 μὲν
2854 1235 2970 1301 οῦν,
2996 1229 3041 1289 ὧ
3085 1239 3206 1301 τᾶν,
3252 1232 3321 1306 ἦν
3345 1235 3391 1288 δ’
3418 1234 3549 1302 ἐγὼ,
3576 1235 3677 1287 οὑκ

2107 1332 2318 1401 ἀνάγκη
2347 1331 2524 1401 χρόνῳ
2556 1330 2947 1400 βουλεύσασθαι
2971 1330 3099 1399 περὶ
3125 1331 3225 1400 τῆς
3240 1330 3348 1383 τῶν
3375 1330 3674 1398 γεγονότων

2110 1438 2170 1473 συ
2180 1421 2419 1483 στάσεως
2439 1420 2617 1488 λέγειν
2637 1420 2726 1473 τὸν
2748 1420 2899 1472 Θεόν.
2924 1421 2987 1473 Et
3009 1419 3072 1491 δὴ
3093 1414 3186 1473 οὗν
3208 1420 3541 1490 συνάναρχος
3567 1420 3671 1488 (4⁸1)

2107 1511 2185 1579 τῷ
2211 1510 2327 1580 Θεῷ
2349 1510 2557 1579 λέγοιτο
2586 1510 2681 1564 καὶ
2715 1510 2983 1574 συναῖδιος
3020 1510 3226 1563 τούτων
3259 1511 3294 1580 ἡ
3345 1510 3530 1579 φύσις,
3561 1508 3672 1562 ἀλλ’

2110 1600 2221 1673 εἶχε
2254 1604 2349 1672 μὲν
2378 1602 2475 1672 τὴν
2506 1602 2634 1672 περὶ
2662 1601 2865 1655 τούτων
2898 1600 3151 1671 βούλησιν
3183 1601 3416 1672 ἄναρχον
3445 1601 3520 1664 ὡς
3541 1602 3673 1666 άγα-

2110 1693 2199 1756 θὸς
2228 1693 2321 1745 καὶ
2351 1692 2484 1753 Θεός
2504 1707 2518 1722 ·
2551 1691 2895 1761 ὑπεστήσατο
2940 1691 2996 1744 δὲ
3020 1731 3034 1757 ,
3069 1692 3155 1744 ὅτε
3189 1690 3455 1744 συνοίσειν
3483 1690 3672 1760 ἔμελλε

435 1786 778 1838 commodum
820 1785 1054 1840 futurum
1104 1795 1225 1841 erat
1276 1787 1440 1841 rebus
1487 1801 1605 1854 qua:
1659 1786 1814 1840 facta:
1856 1793 2003 1841 sunt.

2109 1788 2217 1848 τοῖς
2246 1784 2569 1854 γινομένοις.
2603 1784 2836 1837 Ἔπειτα
2862 1784 2919 1838 δὲ
2948 1783 3009 1837 τὸ
3041 1783 3417 1854 βουλεύεσθαι,
3450 1782 3541 1835 ἐπὶ
3577 1783 3672 1852 μὲν

438 1875 641 1928 Deinde
675 1875 995 1942 deliberare,
1023 1876 1138 1930 sive
1165 1876 1449 1930 consilium
1480 1889 1695 1945 capere,
1740 1877 1793 1928 in
1825 1875 2003 1929 homi-

437 1965 595 2018 nibus
620 1965 837 2035 quidem
888 1966 1014 2020 dum
1043 1972 1355 2035 usurpatur,
1404 1964 1457 2018 in
1495 1963 1880 2033 cogitationem
1914 1966 2002 2019 in-

435 2053 585 2107 ducit
615 2053 930 2109 mutationis
965 2065 1021 2109 et
1048 2055 1384 2111 alterationis
1424 2054 1660 2110 consilii.
1705 2054 1773 2109 At
1812 2054 1866 2108 in
1897 2054 2006 2109 Deo

435 2143 738 2199 deliberare
774 2158 879 2200 non
915 2145 1208 2201 humanam
1248 2147 1413 2204 habet
1446 2146 1879 2216 intelligentiam,
1930 2146 2006 2203 si-

433 2233 648 2303 quidem
723 2233 864 2290 Deus
919 2237 1079 2290 homo
1120 2251 1225 2292 non
1264 2245 1389 2293 est:
1442 2236 1853 2293 accommodate
1904 2236 2003 2306 igi-

439 2335 524 2377 tu‘r
553 2324 617 2378 ad
649 2334 874 2381 naturas
917 2328 1189 2395 subiectas
1235 2330 1457 2385 verbum
1500 2329 1644 2387 istud
1700 2329 2006 2402 intelligen-

437 2416 561 2466 dum
596 2425 697 2469 est.
1072 2414 1079 2425 ’

496 2504 668 2559 ΑΜΜ.
701 2505 933 2561 Pulchre
958 2507 1114 2564 dicis.

494 2595 768 2650 CHRIST.
816 2597 939 2652 Fuit
970 2600 1127 2655 nobis
1155 2600 1469 2670 aliquando,
1526 2616 1559 2656 ο
1591 2602 1785 2670 amice,
1842 2605 2006 2659 etiam

436 2692 501 2742 de
551 2688 833 2757 principali
884 2699 939 2745 et
992 2693 1146 2745 beata
1197 2690 1464 2747 Trinitate
1504 2708 1726 2749 sermo:
1780 2704 1837 2750 et
1877 2709 2008 2749 vero

436 2778 784 2848 philosophus
806 2779 1109 2848 postulabat
1135 2782 1295 2847 scire,
1340 2797 1449 2851 quo
1474 2793 1632 2851 pacto
1675 2784 1924 2839 eamdem
1955 2793 2010 2840 et

337 2946 345 2953 .
438 2868 758 2924 Trinitatem
792 2880 846 2925 et
877 2871 1140 2926 unitatem
1166 2887 1285 2927 esse
1325 2873 1678 2929 dixeramus:
1723 2875 1837 2931 brec
1864 2876 2007 2930 enim

439 2975 541 3014 nun
571 2974 692 3014 esse
714 2961 823 3015 ullo
848 2963 1007 3015 modo
1037 2964 1400 3017 consentanea
1431 2979 1565 3036 prou
1581 2966 1851 3024 untiabat.
1897 2966 2010 3038 Ego

438 3058 616 3103 autem
672 3052 739 3105 ad
790 3051 1009 3119 ipsum:
1077 3053 1400 3107 Trinitatem
1451 3054 1680 3111 dicimus
1725 3071 1868 3121 esse,
1933 3058 2003 3112 mi

435 3139 762 3201 Christiane,
813 3140 866 3193 in
908 3140 1141 3204 unitate,
1187 3152 1243 3196 et
1283 3144 1544 3198 unitatem
1594 3146 1648 3201 in
1703 3119 2001 3215 Trinitate,
2032 3119 2075 3176 θ’

440 3241 725 3297 propterea
750 3232 893 3299 quod
928 3232 1247 3302 hypostases
1278 3234 1498 3303 quidem
1530 3248 1640 3293 tres
1668 3249 1814 3305 sunt,
1850 3241 2004 3296 unica

438 3328 616 3371 autem
650 3321 911 3375 essentia.
954 3319 1089 3375 Nam
1120 3324 1442 3394 principium
1501 3342 1682 3381 rerum
1735 3328 2009 3385 fecundis-

440 3414 575 3465 sima
603 3422 685 3465 est
715 3423 932 3481 natura,
970 3414 1185 3470 invidiae
1214 3430 1411 3486 expers
1442 3417 1679 3485 bonitas,
1711 3420 1833 3475 fons
1864 3421 2007 3485 vitat,

441 3502 744 3572 intelligens
774 3504 975 3572 lumen,
1007 3504 1183 3573 ipsum
1208 3522 1480 3561 sumntum
1508 3508 1708 3562 bonum
1737 3524 1791 3564 et
1819 3525 2006 3578 unum,

440 3591 612 3659 prima
638 3607 801 3646 causa
832 3594 945 3661 ipse
972 3595 1062 3663 qui
1093 3605 1202 3661 est,
1250 3596 1502 3666 quodque
1529 3612 1655 3652 vere
1692 3608 1796 3664 est,
1839 3600 2010 3668 quod-

438 3695 546 3751 que
570 3698 784 3750 semper
808 3685 1082 3738 se'eodem
1109 3685 1267 3740 modo
1289 3686 1452 3741 habet
1474 3703 1486 3739 :
1517 3702 1646 3742 sane
1671 3688 1813 3743 velut
1832 3703 2008 3756 mens,

439 3781 494 3826 et
527 3770 690 3827 Pater
719 3772 955 3829 Verbum
986 3789 1255 3844 generans
1293 3792 1400 3831 non
1433 3778 1856 3846 pronuntiabile,
1908 3795 2007 3835 ne-

438 3877 547 3933 que
601 3879 816 3918 rursum
873 3866 1169 3931 internum,
1224 3867 1316 3921 sed
1348 3867 1705 3922 substantiale
1746 3879 1803 3922 et
1848 3868 1901 3923 in
1951 3884 2011 3924 se

437 3956 763 4020 consistens,
816 3955 1164 4025 ejusdemque
1196 3971 1317 4011 cum
1367 3956 1484 4026 ipso
1523 3957 1883 4012 substantiae:
1940 3959 2010 4012 ab

436 4053 646 4099 mtcrno
692 4054 746 4099 et
793 4056 1151 4111 eoaetcrnnm,
1200 4047 1397 4115 quippe
1430 4047 1669 4115 ejusdem
1717 4063 1842 4102 cum
1894 4048 2009 4119 ipso

439 4136 683 4202 deitatis,
717 4151 822 4190 non
856 4137 1072 4205 quidem
1103 4138 1398 4206 liypostasi,
1429 4138 1520 4191 sed
1556 4139 1860 4194 substantia
1891 4156 1905 4193 :
1957 4152 2013 4194 et

442 4227 602 4279 aliam
637 4226 955 4295 hypostasin
992 4228 1059 4281 ab
1087 4239 1290 4282 mterno
1323 4229 1626 4297 producens
1654 4230 1755 4284 sibi
1791 4231 1915 4298 ipsi,
1957 4241 2012 4286 et

440 4315 621 4370 Verbo
669 4319 1184 4372 consubstantialem
1209 4338 1221 4373 :
1252 4335 1409 4390 quem
1439 4337 1568 4374 sane
1592 4320 1850 4390 Spiritum
1877 4336 2003 4376 san-

439 4416 587 4460 ctum
626 4409 802 4461 divina
832 4420 1022 4462 vocant
1052 4412 1291 4477 oracula,
1345 4412 1505 4465 simul
1533 4427 1637 4465 una
1675 4428 1798 4465 cum
1853 4412 2009 4468 Verbi

439 4509 494 4551 et
538 4497 657 4553 Filii
697 4508 862 4568 atque
903 4501 1194 4570 Sapientiae
1226 4503 1601 4570 generatione,
1657 4506 1865 4573 absque
1900 4506 2009 4559 ullo

440 4589 585 4644 ﬂuxu
623 4600 674 4645 ct
698 4593 939 4646 sectione
972 4605 1028 4649 et
1072 4594 1466 4650 exinanitioue.
1516 4595 1665 4664 (Haec
1715 4597 1856 4651 enim
1885 4609 2011 4652 sunt

440 4697 726 4751 corporum
756 4683 1113 4754 aﬂ'ectioues.)
1158 4685 1332 4755 Supra
1364 4701 1559 4748 mvum,
1603 4695 1658 4741 et
1707 4697 1922 4754 tempus
1956 4697 2011 4743 et

441 4788 604 4829 omne
633 4778 868 4844 spatium
900 4778 1041 4847 quod
1067 4777 1246 4832 animo
1286 4777 1473 4846 agitari
1514 4776 1710 4841 valeat,
1762 4794 1901 4832 unus
1929 4786 2012 4832 est

440 4882 561 4920 cum
598 4867 775 4923 Verbo
815 4883 870 4923 et
896 4868 1122 4939 Opiﬁce,
1154 4879 1209 4925 et
1257 4868 1557 4939 Sapientia,
1586 4878 1640 4923 et
1673 4869 1854 4924 divino
1889 4869 2013 4939 Spi—

513 4989 623 5058 (46)
654 4990 768 5043 Οὑκ
802 4990 1245 5057 iuterposnimus.
1280 4989 1414 5043 Tan.

444 5130 485 5183 Β
513 5060 622 5129 (Η)
666 5060 721 5113 ln
769 5076 913 5113 man.
961 5059 1187 5126 Anglico
1235 5060 1554 5128 legebatur:
1590 5059 1638 5111 εἰ
1681 5059 1748 5131 δὴ
1773 5059 1835 5112 οὑ
1886 5077 2006 5139 συν.

492 5147 577 5183 nc.

492 5147 577 5186 UC.

515 5200 626 5270 (48)
664 5197 1485 5270 Generantissimaﬂralora.A_De
1520 5196 1783 5270 Trinitate
1833 5199 2007 5252 divina

443 5266 617 5324 instar
656 5272 896 5324 omnium
944 5269 1054 5322 sint
1106 5267 1292 5320 Hilarii
1351 5266 1503 5331 libri,
1551 5269 1658 5320 sint
1714 5268 2011 5321 Athanasio

443 5340 689 5403 ascripti,
719 5342 827 5391 sint
852 5354 971 5405 qua:
994 5348 1181 5390 contra
1207 5337 1435 5391 Ariauos
1463 5338 1798 5402 scripserunt
1832 5336 2005 5391 Graeci

443 5409 731 5476 Latinique
776 5410 981 5471 Pati-es,
1035 5407 1141 5460 sint
1198 5422 1318 5474 qum
1366 5415 1550 5458 contra
1582 5405 1796 5461 Jud:eos
1827 5408 2003 5460 omnis

444 5480 616 5529 intutis
665 5489 914 5531 auctores
959 5486 1014 5531 et
1063 5485 1404 5538 tractatores,
1437 5476 1599 5528 etiam
1650 5491 1769 5542 quae
1822 5488 2002 5542 poste-

446 5547 617 5598 riores
644 5546 815 5600 (ΞΜιυί
847 5556 1031 5600 contra
1069 5548 1375 5600 Saracenos
1414 5545 1844 5612 disputaverunt,
1887 5546 2003 5599 the-

447 5615 588 5666 sauri
624 5617 800 5668 omnis
829 5618 980 5670 home
1012 5618 1289 5668 doctrinm.
1334 5613 1564 5669 Pulchra
1616 5614 2001 5668 demonstratio

449 5681 679 5751 primum
728 5684 853 5749 Dei,
902 5683 1093 5738 deinde
1141 5683 1445 5750 Trinitatis,
1478 5683 1615 5754 apud
1656 5681 1997 5738 Theodorum

2104 1875 2405 1947 ἀνθρώπων
2456 1875 2768 1946 λεγόμενον,
2807 1877 3018 1947 τροπήν
3068 1892 3127 1928 τε
3176 1875 3271 1927 καὶ
3307 1873 3369 1926 τδ
3410 1873 3674 1943 μεταϐου-

2103 1969 2373 2032 λεύεσθαι,
2400 1968 2629 2039 παρέχει
2652 1970 2792 2022 νοεῖν
2811 1982 2825 1997 ·
2858 1968 2949 2020 ἐπὶ
2975 1967 3031 2020 δὲ
3060 1966 3198 2021 Θεοῦ
3232 1966 3293 2019 τὸ
3324 1965 3673 2035 βουλεύεσθαι

2103 2061 2204 2115 οὐκ
2236 2060 2559 2132 ἀνθρώπων,
2612 2060 2799 2128 ἐπειδὴ
2853 2058 2927 2130 μὴ
2972 2059 3256 2129 ἄνθρωπος
3289 2057 3318 2109 ὁ
3347 2057 3506 2119 Θεόι,’
3541 2072 3672 2109 κατ-

2104 2151 2346 2222 αλλήλως
2415 2145 2507 2205 οὖν
2569 2153 2690 2215 ταῖς
2740 2150 3132 2222 ὑποκειμέναις
3188 2150 3383 2219 φύσεσι
3438 2148 3499 2203 τὸ
3552 2148 3676 2219 βου-

2104 2244 2356 2299 λεύεσθαι
2382 2244 2623 2316 νοητέον.

2173 2510 2352 2564 AMM.
2384 2506 2582 2571 Καλῶς
2617 2507 2820 2576 λέγεις.

2176 2600 2402 2655 ΧΡΙΣΤ.
2439 2599 2668 2666 Γέγονεν
2721 2600 2855 2669 ἡμῖν
2893 2612 3056 2662 ποτε,
3106 2589 3151 2649 ὧ
3183 2596 3389 2665 ἑταῖρε,
3424 2595 3520 2648 καὶ
3553 2595 3675 2665 περὶ

2105 2691 2203 2762 τῆς
2230 2690 2461 2762 ἀρχικῆς
2489 2690 2583 2743 καὶ
2614 2688 2886 2760 μακαρίας
2909 2688 3137 2760 Τριάδος
3169 2687 3330 2756 λόγος
3350 2701 3368 2718 ⁶
3406 2688 3503 2742 καὶ
3528 2687 3676 2759 ἠξίου

2111 2783 2403 2855 μανθάνειν
2434 2784 2462 2836 ό
2497 2782 2805 2851 φιλόσοφος,
2828 2782 2977 2843 ὅπως
3006 2779 3106 2851 τὴν
3133 2780 3328 2849 αὐτὴν,
3355 2780 3451 2833 καὶ
3476 2780 3678 2850 Τριάδα

2107 2872 2285 2944 φαμὲν
2317 2868 2454 2926 εἶναι
2483 2871 2578 2925 καὶ
2608 2871 2812 2941 μονάδα
2833 2889 2847 2903 ο
2879 2856 3178 2940 ἀξύμδατα
3207 2871 3317 2940 γάρ
3347 2886 3469 2931 πως
3493 2868 3679 2935 ἔλεγεν

2107 2960 2246 3017 εἶναι
2293 2963 2485 3018 ταῦτα.
2541 2961 2684 3030 Ἐγὼ
2729 2961 2785 3014 δὲ
2816 2959 2952 3030 πρὸς
3001 2959 3196 3013 αὐτόν·
3252 2959 3458 3029 Τριάδα
3497 2957 3676 3025 φαμὲν

2108 3051 2267 3117 εἶναι,
2298 3049 2343 3107 ὦ
2373 3054 2544 3123 φίλος,
2578 3055 2635 3106 ὲν
2672 3052 2879 3123 μονάδι,
2909 3053 3004 3105 καὶ
3033 3050 3234 3121 μονάδα
3262 3051 3321 3102 ὲν
3351 3048 3525 3119 τριάδι
3549 3064 3566 3078 ο
3593 3045 3672 3115 τεῷ

2107 3136 2205 3209 τὰς
2242 3145 2339 3215 μὲν
2384 3144 2708 3206 ὑποστάσεις
2744 3144 2892 3213 τρεῖς
2932 3137 3093 3204 εῖναι,
3125 3140 3220 3209 τὴν
3248 3139 3302 3191 δὲ
3346 3135 3531 3190 οὑσίαν
3570 3135 3673 3205 μό-

2106 3253 2226 3306 νην.
2290 3236 2355 3289 Ἡ
2400 3236 2508 3305 γὰρ
2556 3235 2696 3305 ἀρχὴ
2751 3232 2860 3285 τῶν
2906 3233 3078 3285 ὄντων
3118 3233 3151 3302 ή
3190 3228 3532 3299 γονιμωτάτῃ
3570 3226 3677 3295 φύ-

2109 3345 2192 3389 σις
2226 3327 2358 3397 (48),
2415 3329 2450 3396 ἡ
2499 3326 2729 3394 ἄφθονος
2784 3324 3087 3394 ἁγαθότης,
3124 3325 3159 3393 ή
3187 3322 3336 3393 πηγὴ
3375 3320 3477 3390 τῆς
3507 3319 3679 3390 ζωῆς.

2106 3418 2169 3470 τὸ
2193 3418 2375 3487 νοερὸν
2403 3418 2536 3485 φῶς,
2565 3418 2696 3469 αὐτὸ
2722 3417 2957 3485 τάγαθὸν
2990 3418 3085 3469 καὶ
3114 3416 3193 3480 ἓν,
3222 3417 3259 3482 ἡ
3288 3412 3483 3486 πρώτη
3507 3413 3677 3478 αἰτία,

2107 3509 2137 3561 ὁ
2169 3506 2263 3573 ὢν,
2294 3508 2466 3563 καὶτὸ
2495 3508 2663 3571 ὅντως
2691 3508 2771 3571 δν,
2804 3509 2895 3562 καὶ
2928 3510 3015 3563 ἀεὶ
3032 3507 3298 3570 ὡσαύτως
3324 3506 3468 3577 ἔχον,
3501 3500 3590 3559 οἷα
3616 3506 3677 3576 δὴ

2110 3597 2254 3664 νοῦς,
2301 3597 2394 3650 καὶ
2447 3598 2639 3667 Πατὴρ
2688 3598 2858 3666 Λόγον
2890 3598 3180 3666 γεννήσας,
3234 3595 3295 3648 οὑ
3328 3594 3676 3666 προφορικον,

2110 3688 2216 3741 οὐδ’
2248 3688 2316 3742 αὖ
2355 3688 2678 3753 ἐνδιάθετον,
2714 3688 2830 3741 ἀλλ’
2873 3687 3104 3758 οὑσιώδη
3134 3703 3197 3739 τε
3246 3686 3342 3739 καὶ
3388 3685 3680 3738 mnam-

2110 3797 2221 3839 τον,
2261 3779 2353 3832 καὶ
2397 3780 2496 3847 τῆς
2539 3778 2709 3848 αὑτῆς
2739 3778 2927 3841 οὑσίας
2966 3780 3147 3850 αὐτῷ·
3176 3780 3238 3844 ἐξ
3268 3779 3442 3833 ἀϊδίου
3484 3795 3543 3831 τε
3593 3776 3679 3830 καὶ

2112 3868 2379 3931 συναῖδιος
2408 3862 2497 3922 οἷα
2524 3869 2624 3938 τῆς
2673 3869 2842 3938 αὐτῆς
2873 3869 3002 3923 ὄντα
3037 3870 3292 3940 θεότητος
3325 3868 3496 3939 αὐτῷ,
3526 3870 3586 3922 οὑ
3615 3870 3679 3937 τῇ

2110 3957 2444 4020 ὑποστάσει,
2490 3961 2555 4029 τῇ
2596 3958 2755 4028 οὐσίᾳ
2782 3958 2872 4023 δὲ,
2907 3960 3002 4012 καὶ
3046 3959 3241 4030 ἑτέραν
3290 3960 3589 4013 ὑπόστασιν
3624 3957 3681 4021 ἐξ

2112 4047 2283 4102 ἀϊδίου
2332 4047 2800 4120 προϐαλλόμενος,
2836 4046 3124 4118 όμοούσιον
3170 4048 3322 4118 αὑτῷ
3357 4066 3421 4101 τε
3467 4048 3561 4102 καὶ
3606 4044 3680 4116 τῷ

2112 4140 2301 4208 Λόγῳο
2333 4139 2361 4191 ὃ
2397 4139 2459 4208 δὴ
2490 4139 2713 4209 Πνεῦμα
2738 4138 2892 4206 ἅγιον
2921 4140 2989 4193 τά
3019 4139 3138 4192 θεῖα
3172 4139 3327 4193 καλεῖ
3358 4139 3537 4207 λόγια,
3573 4137 3682 4206 ἅμα

2112 4234 2177 4301 τῇ
2210 4230 2303 4284 τοῦ
2342 4231 2515 4298 Λόγου
2565 4231 2659 4283 καὶ
2714 4230 2844 4284 Υἰοῦ
2884 4233 2979 4285 καὶ
3014 4232 3113 4300 τῆς
3161 4232 3365 4299 Σοφίας
3415 4231 3682 4297 γεννήσει,

2114 4321 2285 4391 χωρίς
2325 4339 2468 4385 τινος
2521 4322 2790 4391 ῥεύσεως,
2836 4325 2928 4376 καὶ
2989 4324 3185 4393 τομῆς,
3235 4324 3327 4376 καὶ
3380 4320 3681 4382 κενώσεως.

2044 4446 2087 4501 D
2116 4413 2301 4466 Ταῦτα
2333 4413 2440 4482 γὰρ
2474 4414 2742 4480 σωμάτων
2779 4414 3078 4484 παθήματα
3096 4429 3111 4443 ·
3148 4415 3289 4482 ὑπὲρ
3317 4413 3491 4466 αἰῶνά
3516 4430 3572 4465 τε
3596 4411 3685 4501 καὶ

2119 4503 2329 4574 χρόνον,
2370 4503 2464 4555 καὶ
2509 4505 2617 4556 πᾶν
2645 4504 2920 4574 διάστημα
2969 4504 3207 4557 νοεῖσθαι
3252 4504 3569 4574 δυνάμενον,
3610 4497 3685 4564 εἷς

2119 4598 2236 4648 ἐστι
2279 4593 2415 4664 μετά
2456 4594 2550 4647 τοῦ
2585 4595 2759 4663 Λόγου
2793 4598 2886 4648 καὶ
2930 4596 3276 4666 Δημιουργοῦ
3312 4597 3406 4648 καὶ
3451 4595 3553 4662 τῆς
3592 4595 3688 4647 Σο-

2118 4685 2245 4755 φίας
2288 4686 2381 4742 καὶ
2412 4683 2504 4737 τοῦ
2540 4685 2684 4738 θείου
2719 4687 3057 4757 Πνεύματος,
3104 4688 3179 4751 ὡς
3206 4689 3292 4750 είς
3319 4687 3494 4741 αἴτιον
3530 4687 3686 4739 αὑτὸν

2117 4776 2570 4847 ἀναφερομένων·
2612 4776 2705 4829 τοῦ
2757 4778 2855 4846 μὲν
2902 4778 3270 4848 γεννητικῶς,
3308 4777 3403 4830 τοῦ
3449 4777 3505 4829 δὲ
3555 4794 3686 4846 προ·

2117 4869 2309 4931 οδικῶς
2348 4868 2492 4937 (49),
2523 4867 2698 4921 εἴτουν
2728 4869 3151 4940 ὲκπορευτικῶς.
3198 4870 3369 4939 Εἴπερ
3413 4868 3582 4937 Σοφία
3630 4885 3688 4921 τε

2111 4991 2420 5108 ΑΙίιιιιρτιὲιιηι
2454 4988 2633 5043 libello
2663 4988 2806 5059 Πρὸς
2835 4989 2927 5042 τὸν
2959 4988 3055 5042 τοῦ
3082 4987 3301 5064 δρόμου·
3351 4987 3606 5058 Ἐμέσης,
3638 4994 3690 5041 ct

2112 5074 2139 5108 a
2168 5075 2179 5108 I
2206 5075 2259 5108 n.
2342 5074 2392 5108 Α.

2112 5060 2259 5111 alibi.
2296 5058 2392 5110 ΒΛ.
2718 5056 2727 5059 ⁷
3115 5056 3125 5060 ⁷
3188 5056 3193 5057 ί
3291 5056 3301 5064 ’

2183 5126 2293 5193 (e9)
2329 5126 2742 5181 Emondavimus
2777 5142 2840 5180 ex
2875 5127 3043 5195 Regio
3067 5127 3433 5194 manuscripto
3465 5126 3532 5179 11.
3567 5125 3610 5178 ιι
3639 5133 3692 5178 et
3739 5125 3742 5128 ’

2110 5198 2357 5265 Anglico,
2393 5196 2487 5248 τοῦ
2524 5197 2623 5265 μὲν
2653 5196 2977 5266 προοδικῶς,
3033 5212 3155 5249 cum
3205 5198 3428 5250 essetin
3456 5197 3688 5266 editione

2113 5264 2619 5335 'l':tr.,rrposoatzt'bg.
2651 5264 2741 5320 Sic
2767 5268 2831 5318 de
2864 5266 3065 5333 Spiritu
3089 5276 3278 5319 saneto
3299 5267 3534 5333 loquitur
3555 5264 3692 5335 (ζοιιι

2113 5333 2319 5389 cilium
2349 5335 2714 5388 Florentinnm
2758 5351 2896 5388 sess.
2946 5335 3039 5397 ‘20,
3067 5351 3119 5403 p‘.
3150 5336 3253 5388 464
3284 5335 3539 5387 editionis
3582 5333 3689 5385 llo-

2112 5420 2284 5458 tnana:
2321 5423 2333 5457 ε
2373 5406 2534 5457 Ὥστε
2576 5406 2673 5474 τὴν
2703 5404 2857 5468 τάξιν
2897 5405 2996 5511 τῆς
3028 5406 3257 5475 προόδου
3306 5404 3459 5458 οὐδὲν
3509 5403 3690 5470 ἕτερον

2115 5469 2247 5511 cruat
2284 5473 2314 5511 ’Ἀ
2363 5476 2653 5511 antiit-inerti"
2697 5474 2884 5511 21-:th
2921 5476 2941 5511 ἑ
3011 5476 3200 5511 ἑφένλνι
3250 5474 3553 5511 hang/hu“:
3599 5470 3689 5511 ὰω⁹

2114 5469 2315 5543 εξναιῆ
2363 5469 2653 5543 πρόσωπον
2697 5474 2884 5542 ἓτερον
2921 5469 2978 5540 ἐξ
3010 5469 3200 5543 ἐτέρου
3250 5474 3553 5542 λαμϐάνειν
3599 5469 3689 5537 ἀφ’

2108 5535 2169 5594 οῦ
2217 5535 2333 5595 scit.
2368 5535 2497 5595 :Ilta
2548 5556 2605 5595 ut
2659 5535 3013 5609 production—is
3069 5535 3197 5596 ordo
3247 5535 3384 5596 nihil
3433 5543 3583 5595 aliud
3624 5535 3689 5591 sit

2107 5627 2267 5677 quam
2318 5630 2473 5665 mmm
2515 5630 2787 5681 personam
2837 5629 2945 5665 esse
2976 5628 3039 5665 ex
3085 5614 3212 5677 alia,
3247 5621 3297 5666 et
3345 5623 3588 5665 naturam
3626 5609 3688 5661 ab

2107 5698 2164 5734 eo
2187 5698 2218 5735 a
2237 5698 2336 5749 quo
2369 5692 2441 5734 est
2469 5686 2713 5748 accipere.
2744 5682 2870 5735 Duc.
