4032 6144
307 331 435 396 1117

1319 325 1774 390 DISPUTATIO
1819 327 1918 388 DE
1953 325 2206 387 MUNDI
2241 327 2589 389 OPIFICIO.

3416 325 3554 394 1118

301 446 396 498 καὶ
425 443 620 512 Λόγος,
653 439 977 512 ἡγεμονεύει
1008 439 1110 510 τῆς
1145 441 1458 506 συστάσεως
1487 441 1582 495 καὶ
1608 441 1875 512 δημιουρο

1999 442 2110 504 ·ἰιυ,
2171 441 2279 496 illis
2327 443 2378 496 in
2428 443 2604 510 ipsum
2633 442 2785 511 quasi
2839 443 2892 495 iu
2935 457 3152 497 causam
3205 443 3412 512 relatis,
3456 444 3554 499 illo

302 533 428 604 γίας
477 531 572 586 καὶ
615 531 928 592 ούσιὼσεως
971 529 1079 584 τῶν
1125 531 1327 584 ὄντων·
1387 529 1615 602 Πνεῦμα
1643 531 1704 584 δὲ
1731 531 1876 585 θεῖόν

303 625 509 678 ἔστιτὸ
549 623 788 693 ὲμπνέον
841 622 1041 685 πάσαις
1086 624 1209 684 ταῖς
1248 621 1492 690 λογικαῖς
1523 623 1616 675 καὶ
1663 626 1876 693 νοεραῖς

303 717 534 779 οὐσίαις,
561 715 652 767 καὶ
685 705 744 766 τὸ
770 712 1112 766 τελειωτικὸν
1141 713 1239 782 τῆς
1268 712 1474 766 τούτων
1505 714 1875 776 ὑποστάσεως.

304 806 408 859 Τὸν
431 803 524 858 οὖν
562 805 781 876 Πατέρα
806 804 900 856 τοῦ
931 803 1105 870 Λόγου
1140 802 1236 855 καὶ
1265 804 1361 872 τῆς
1389 804 1588 872 Σοφίας
1620 805 1714 857 καὶ
1745 821 1879 876 προ-

306 897 466 949 ϐολέα
502 895 596 948 τοῦ
645 895 964 964 Πνεύματος
1007 891 1102 945 τοῦ
1149 892 1305 960 ἁγίου
1337 894 1470 962 (50),
1506 895 1604 966 τὴν
1654 895 1881 964 πρώτην

306 987 486 1039 αἰτίαν
511 984 624 1057 (51)
669 985 764 1038 καὶ
803 985 981 1055 ἀρχήν
1013 999 1192 1051 φαμεν
1221 981 1474 1051 θεότητος
1505 978 1664 1037 εἶναι’
1699 983 1874 1054 ἀρχὴν

305 1079 531 1148 ἄχρονον
555 1078 652 1146 τῆς
677 1079 736 1128 ὲν
778 1075 893 1143 Υἱῷ
933 1092 991 1128 τε
1039 1076 1130 1128 καὶ
1161 1073 1438 1144 Πνεύματι
1469 1073 1874 1144 θεωρουμένης,

307 1164 340 1244 ᾖ
373 1169 537 1238 φησὶν
565 1169 592 1218 ὁ
618 1167 882 1237 ἡμέτερος
909 1165 1172 1235 Θεολόγος
1200 1163 1238 1216 Γ
1244 1164 1500 1236 ρηγόριος
1525 1165 1662 1234 (52).
1691 1164 1880 1228 Οὕτως

309 1260 342 1328 ή
375 1256 618 1328 μακαρία
653 1258 747 1310 καὶ
783 1257 1136 1327 ἀρχικωτάτη
1181 1253 1373 1325 Τριάς,
1405 1254 1498 1308 καὶ
1547 1255 1705 1325 τριάς
1758 1257 1879 1308 ἐστι

311 1349 403 1402 καὶ
433 1349 590 1410 ὲνάς·
626 1349 764 1418 μήτε
800 1349 880 1411 είς
926 1347 1132 1416 πλῆθος
1180 1346 1376 1414 ἄλογον
1421 1345 1516 1400 καὶ
1571 1345 1882 1415 Ἑλληνικὸν

308 1439 766 1510 διεσκεδασμένη*
825 1437 994 1508 μονὰς
1043 1439 1172 1509 γάρ.
1224 1439 1378 1508 Μήτε
1428 1437 1529 1508 μιᾷ
1587 1437 1882 1490 ὑποστάσει

311 1531 734 1602 περικλειομένη
768 1530 1042 1600 φθονερῶς
1064 1529 1158 1582 καὶ
1197 1528 1524 1592 Ἰουδαϊκῶς·
1557 1527 1716 1596 τριάς
1750 1527 1880 1597 γάρ.

1979 533 2196 602 quidem
2258 547 2356 602 per
2407 535 2623 588 modum
2682 535 3066 604 generationis,
3130 535 3231 589 hoc
3283 549 3410 590 vero
3459 551 3558 606 per

1989 623 2210 678 modum
2248 624 2644 694 progressionis
2704 624 2817 678 sive
2848 625 3228 692 processionis.
3272 624 3550 694 Siquidem

1986 714 2260 782 Sapientia
2297 725 2352 768 et
2388 713 2622 770 Verbum
2675 725 2872 782 praeest
2907 717 3282 770 constitutioni
3334 725 3389 769 et
3435 715 3556 784 opi-

1987 805 2109 859 licio
2141 817 2196 859 et
2223 805 2588 874 procreationi
2619 821 2797 858 rerum
2828 823 2842 859 :
2874 805 3110 874 Spiritus
3138 817 3315 859 autem
3345 805 3559 859 divinus

1988 896 2218 964 inspirat
2251 896 2520 949 universis
2546 897 2797 950 essentiis
2829 897 3053 949 rationis
3081 905 3135 949 et
3182 896 3556 966 intelligentia:

1983 987 2354 1055 participibus,
2373 997 2426 1041 et
2444 986 2652 1056 perﬁcit
2671 987 3320 1042 illarntnsubsistentiam.
3341 986 3556 1041 Patrem

1984 1093 2113 1147 ergo
2136 1076 2294 1131 Verbi
2327 1087 2380 1130 et
2413 1079 2705 1147 Sapientia:
2731 1091 2786 1132 et
2818 1094 2882 1133 ex
2913 1095 3021 1148 quo
3046 1079 3286 1148 procedit
3326 1078 3560 1147 Spiritus

1993 1179 2236 1232 sanctus,
2263 1169 2428 1240 286
2450 1171 2674 1238 primam
2693 1185 2911 1224 causam
2930 1181 2983 1223 et
3003 1169 3562 1239 principiuntdicimus

1988 1257 2206 1314 deitatis
2253 1275 2395 1324 esse,
2453 1261 2777 1330 principium
2829 1276 3024 1316 carens
3088 1271 3372 1332 tempore:
3441 1276 3563 1331 quae

1989 1349 2161 1405 deitas
2187 1351 2238 1405 itt
2271 1351 2410 1406 Filio
2439 1363 2492 1407 et
2517 1352 2724 1422 Spiritu
2757 1363 3053 1422 spectatur,
3104 1355 3560 1424 quemadmodum

1989 1441 2229 1508 loquitur
2255 1453 2438 1498 noster
2467 1444 2776 1514 Tbeologus
2808 1445 3130 1514 Gregorius.
3184 1445 3275 1499 Sic
3309 1446 3464 1499 beata
3510 1453 3564 1498 et

1991 1533 2440 1601 principalissima
2469 1535 2732 1602 Trinitas,
2785 1545 2842 1591 et
2877 1539 3093 1592 trinitas
3120 1545 3204 1591 est
3235 1543 3290 1589 et
3336 1535 3518 1588 unitas
3545 1553 3560 1588 ς

313 1637 418 1676 non
449 1623 500 1676 in
531 1621 923 1676 multitudinem
952 1621 1180 1674 alienam
1215 1635 1243 1672 a
1277 1620 1488 1673 ratione
1524 1629 1578 1674 ct
1610 1633 1873 1688 paganum
1910 1620 2150 1690 dispersa
2179 1642 2192 1679 :
2233 1626 2416 1680 unitas
2467 1629 2633 1693 enim,
2669 1643 2843 1698 neque
2906 1629 3066 1685 unica
3130 1628 3407 1700 hypostasi
3441 1641 3570 1680 eon-

313 1715 485 1778 clnsa,
515 1714 694 1769 invide
720 1724 772 1768 et
793 1712 1016 1768 Judaice
1046 1729 1058 1766 :
1093 1711 1310 1766 trinitas
1339 1711 1482 1765 enim
1517 1719 1622 1764 est.

383 1806 558 1862 ΔΜΜ.
607 1803 837 1866 οὐκοῦν,
878 1799 913 1871 ἦ
943 1803 986 1855 δ’
1019 1802 1098 1866 ὃς,
1139 1803 1260 1864 ταῖς
1296 1801 1394 1871 μὲν
1426 1800 1756 1854 ὑποστάσεσι
1796 1797 1890 1851 καὶ

2064 1797 2238 1854 Mill.
2292 1799 2465 1870 Igitur
2499 1803 2870 1859 subsistentiis
2915 1803 3031 1859 sive
3077 1805 3458 1875 bypostasibus
3509 1813 3569 1862 et

310 1899 392 1970 τῷ
416 1895 655 1968 ἀριθμῷ,
695 1895 826 1967 τρία
856 1893 966 1964 (55)
1001 1891 1176 1944 ταῦτά
1204 1907 1290 1959 γε,
1315 1893 1380 1962 τῇ
1407 1891 1465 1944 δὲ
1499 1889 1660 1961 ούσίᾳ
1685 1889 1766 1942 ἓν.
1844 1942 1859 1954 ,

385 1988 608 2044 ΧΙῚΣΤ.
652 1984 941 2054 Ἀνεὸὁησε
975 1983 1248 2052 πάμμεγα
1273 1983 1366 2034 καὶ
1395 1982 1752 2051 ἀνευφήμησε
1781 1979 1889 2033 τῶν

311 2077 596 2151 ἀκροατῶν
639 2079 668 2131 ὁ
713 2077 987 2144 σύλλογος,
1026 2075 1166 2144 μετά
1193 2091 1336 2134 τινος
1366 2072 1564 2143 ἡδονῆς
1593 2072 1688 2125 καὶ
1718 2071 1888 2142 χάρι-

311 2187 426 2233 τος.
455 2167 618 2221 Τουτὶ
642 2168 749 2237 γάρ
775 2165 804 2218 δ
830 2167 962 2236 ἡμῖν
989 2166 1016 2217 ό
1047 2164 1203 2232 λόγος
1225 2162 1500 2215 δεικνύναι
1531 2160 1887 2224 ἐσπούδαζεν,

312 2263 342 2314 ὁ
370 2259 656 2330 φιλόσοφος
706 2255 984 2325 συνήγαγέ
1029 2271 1089 2307 τε
1138 2255 1231 2306 καὶ
1283 2251 1669 2324 συνεπὲρανεν.
1717 2250 1778 2305 '0
1833 2251 1891 2304 δὲ

314 2351 710 2422 ὑπομειδιάσας
761 2348 904 2419 μάλα
939 2365 990 2400 τι
1038 2344 1333 2416 σαρωινιον
1391 2343 1503 2414 (54)
1557 2343 1696 2412 μετά
1745 2359 1893 2405 τινος

316 2445 682 2517 ἐρυθήματος,
703 2442 932 2504 ἐσιώπα,
957 2439 1052 2491 καὶ
1083 2436 1271 2506 ἑτέρου
1305 2435 1480 2505 εἴχετο
1501 2434 1684 2502 λόγου.
1721 2425 1892 2487 Αὖταί

319 2551 412 2604 μοι
435 2536 583 2603 τρεῖς
611 2531 868 2600 γεγόνασι
889 2529 1026 2598 πρὸς
1047 2527 1209 2581 αὑτὸν
1231 2524 1534 2578 συνουσίαν
1563 2523 1656 2576 δύο
1683 2525 1782 2594 μὲν
1797 2521 1891 2576 τοῦ

313 2625 547 2698 ούρανοῦ
570 2624 696 2694 πέρι
719 2623 813 2676 καὶ⁴
843 2621 938 2674 τοῦ
965 2619 1124 2684 Θεοῦ,
1169 2619 1244 2682 ὡς
1269 2619 1328 2671 ού
1357 2617 1626 2678 συναΐδιος
1655 2615 1733 2686 τῷ
1767 2614 1890 2686 Θεῷ

315 2719 407 2772 ὅδε
457 2719 485 2770 ὁ
516 2715 723 2784 κόσμος
745 2729 759 2746 ο
801 2711 899 2782 μία
929 2710 1179 2782 περὶτῆς
1209 2707 1484 2780 μακαρίας
1513 2707 1608 2760 καὶ
1658 2707 1893 2778 ἀρχικῆς

315 2809 552 2880 Τριάδος
571 2825 584 2837 ·
629 2807 798 2876 Ιἤγουν
837 2803 1066 2874 τρισσῆς
1096 2801 1282 2864 ἐνάδος
1309 2817 1370 2853 τε
1421 2799 1516 2852 καὶ
1549 2797 1798 2868 μονάδος.
1824 2826 1897 2839 -ο

316 2899 581 2968 Γεγόνασί
612 2915 702 2967 μοι
735 2896 829 2950 καὶ
852 2895 1006 2949 ἄλλαι
1027 2893 1218 2946 πολλαὶ
1247 2892 1450 2964 ἐτέρων
1470 2891 1598 2963 πέρι
1627 2889 1898 2960 δοξασμά-

319 3009 434 3044 των
463 2991 750 3060 ἡμετέρων
783 3005 841 3040 τε
869 2987 963 3040 καὶ
993 2984 1324 3054 Ἑλληνικῶν
1344 2999 1359 3014 ⁸
1394 2983 1509 3036 ἀλλ’
1532 2982 1607 3045 ὼς
1633 2981 1786 3034 οὐδὲν
1817 2979 1896 3050 τῷ

317 3080 673 3152 προκειμένῳ
707 3078 1084 3146 σπουδάσματι
1136 3077 1228 3130 καὶ
1260 3075 1580 3147 θεωρήματι
1612 3071 1896 3126 συντελού-

1992 1891 2238 1945 numeris
2294 1894 2394 1946 tria
2430 1894 2543 1948 lucc
2574 1905 2734 1959 sunt,
2783 1896 3314 1955 substantiaautem
3365 1912 3559 1954 unum.

2063 1980 2336 2036 CliRlST.
2391 1981 2559 2038 Valde
2594 1985 2921 2040 exclamavit
2961 1996 3016 2040 et
3058 1986 3296 2041 laudavit
3339 1989 3556 2043 audito—

1992 2088 2110 2126 rum
2145 2087 2345 2127 corona
2378 2088 2499 2128 cum
2529 2076 2759 2144 quadam
2795 2077 3066 2147 voluptate
3092 2085 3146 2132 et
3177 2078 3374 2146 gratia.
3404 2077 3560 2135 Istud

1993 2164 2135 2218 enim
2168 2164 2343 2233 ipsum
2376 2166 2518 2232 quod
2563 2167 2846 2221 studebam
2884 2184 3000 2222 utea
3050 2170 3299 2224 oratione
3345 2171 3572 2226 demon-

1992 2265 2189 2319 strare,
2225 2254 2579 2324 philosophus
2609 2257 2831 2326 collegit
2858 2268 2913 2312 et
2945 2259 3230 2314 conclusit.
3267 2259 3358 2315 llle
3386 2269 3567 2317 autem

1995 2343 2284 2400 subridens
2329 2346 2486 2401 valde
2525 2349 2690 2400 etiam
2727 2349 3012 2402 sardonice
3041 2364 3162 2403 cum
3194 2351 3428 2418 quodam
3475 2367 3571 2406 ru-

1993 2437 2126 2490 bore
2159 2435 2396 2499 tacebat,
2442 2445 2497 2491 et
2528 2436 2683 2491 alteri
2733 2439 2970 2493 sermoni
3027 2439 3334 2495 insistebat.
3392 2441 3574 2512 Atque

1993 2527 2082 2581 lite
2127 2533 2238 2582 tres
2287 2526 2502 2592 quidem
2537 2525 2758 2582 fuerunt
2798 2543 2921 2583 cum
2967 2529 3087 2598 ipso
3133 2534 3566 2601 eongressiones.

1997 2615 2124 2669 Duae
2147 2615 2365 2684 quidem
2401 2617 2468 2670 de
2517 2617 2656 2670 ctelo
2683 2626 2738 2670 et
2786 2617 2935 2672 Deo:
2989 2619 3248 2674 mundum
3291 2622 3435 2677 hunc
3465 2638 3570 2678 non

1997 2719 2118 2760 esse
2149 2704 2261 2758 Deo
2307 2715 2631 2760 cowternum
2659 2722 2674 2773 ;
2719 2722 2821 2761 una
2851 2718 3030 2762 autem
3055 2711 3122 2764 de
3145 2711 3308 2767 beata
3335 2721 3392 2767 et
3419 2713 3575 2784 priu-

1997 2795 2156 2866 cipali
2195 2793 2489 2860 Trinitate,
2541 2813 2734 2867 nempe
2779 2796 2975 2868 triplici
3023 2801 3255 2866 unitate,
3289 2813 3342 2856 et
3386 2805 3576 2874 singu-

1997 2887 2238 2942 laritate.
2298 2916 2370 2928 —
2417 2887 2590 2942 Habui
2638 2897 2694 2941 et
2723 2889 2860 2943 alias
2889 2890 3082 2946 multas
3113 2892 3179 2946 de
3205 2893 3328 2947 aliis
3356 2905 3578 2949 senten-

2000 2979 2114 3042 tiis,
2162 2989 2270 3032 tam
2315 2980 2520 3033 nostris
2551 2993 2708 3048 quam
2739 2981 3002 3050 paganis;
3045 2983 3138 3036 sed
3169 2984 3292 3051 quia
3328 2983 3458 3038 nihil
3494 2987 3578 3039 in-

2000 3069 2204 3123 stitutae
2246 3069 2554 3123 tractationi
2597 3079 2651 3122 et
2685 3072 3128 3140 contemplationi
3163 3071 3470 3142 conferunt,
3518 3075 3576 3131 in

317 3192 454 3239 σας,
492 3173 702 3242 σιωπᾷν
745 3173 804 3234 ἐς
857 3171 918 3222 τὸ
964 3169 1139 3238 παρὸν
1187 3167 1351 3220 καλὸν
1403 3162 1542 3218 εἷναί
1579 3181 1670 3233 μοι
1723 3163 1886 3228 ἔδοξε.

1999 3173 2233 3226 prtesens
2259 3168 2438 3213 tacere
2467 3159 2735 3228 integrum
2767 3161 2916 3214 duxi.
2953 3159 3249 3230 Visigitnr,
3284 3165 3354 3216 mi
3378 3166 3574 3230 Ιιοιιιο,

318 3264 513 3318 Βούλει
557 3259 670 3328 οὖν,
705 3256 749 3314 ῶ
789 3261 972 3329 φίλος,
1017 3257 1307 3328 ἀρκεσθεὶς
1338 3255 1500 3310 τανῦν
1529 3257 1640 3316 τοῖς
1673 3254 1900 3324 εἰρημέ-

319 3373 458 3419 νοις,
507 3353 602 3406 καὶ
653 3351 960 3422 πυθόμενος
986 3351 1096 3404 τῶν
1120 3348 1256 3422 πρὸς
1276 3348 1368 3402 τὸν
1403 3346 1692 3418 φιλόσοφον
1725 3345 1900 3414 λόγων

317 3446 628 3515 ἀναχωρεῖν
656 3443 839 3496 οἴκαδε
860 3458 876 3508 ;

389 3559 457 3611 Β.
494 3557 780 3628 Οὐδαμῶς,
814 3551 859 3608 ῶ
906 3553 1148 3627 μακάριε
1169 3569 1184 3584 ·
1212 3554 1308 3609 καὶ⁵
1337 3554 1504 3608 αὐτὸν
1529 3554 1642 3625 γάρ
1678 3571 1769 3626 μοι
1809 3551 1902 3606 τίον

319 3647 610 3714 κολοφῶνα
650 3647 752 3716 τῆς
793 3647 1050 3717 ἀπορίας,
1087 3643 1352 3715 βούλομαί
1391 3661 1452 3696 σε
1491 3643 1593 3712 τῆς
1627 3643 1767 3713 ἐμῆς
1792 3642 1900 3694 ἀπ-

317 3742 519 3796 ελάσαι
543 3741 718 3810 ψυχῆς
739 3754 753 3768 ·
784 3737 1040 3808 ἀγχίνους
1065 3737 1175 3808 γὰρ
1195 3733 1244 3789 εἶ
1265 3737 1360 3789 καὶ
1385 3735 1547 3804 σοφὸς
1567 3733 1898 3804 δημηγόρος.

387 3833 463 3884 Δ.
511 3829 672 3882 Ἀλλὰ
715 3827 938 3890 τούτους
972 3828 1022 3893 γ’
1067 3827 1132 3878 ἔα
1161 3827 1372 3896 χαίρειν
1404 3823 1531 3884 τοὺς
1577 3823 1803 3890 λόγους*
1838 3821 1900 3874 οὐ

318 3923 431 3991 γάρ
476 3919 712 3972 ἐπαίνων
737 3918 901 3971 ἓνεκα
935 3918 1026 3968 καὶ
1052 3915 1366 3978 ἐπιδείξεως
1407 3912 1568 3966 ταυτὶ
1595 3909 1904 3978 διεξεληλύ-

321 4013 526 4082 θαμεν,
559 4010 696 4062 ἀλλὰ
723 4011 822 4078 τῆς
857 4009 960 4078 σῆς
995 4006 1210 4072 εὐεξίας
1248 4005 1342 4058 καὶ
1373 4003 1558 4070 ὑγείας
1594 4001 1704 4068 (55)
1742 4015 1905 4070 μετα-

323 4100 666 4170 ποιούμενοι.
703 4099 874 4166 Λόγος
895 4097 952 4151 δὲ
977 4098 1099 4166 ἐμοὶ
1125 4095 1231 4147 τῶν
1261 4093 1496 4146 ἐπαίνων
1525 4091 1700 4148 οὐδείς
1721 4105 1734 4119 ·
1772 4086 1906 4141 ἁλλά

325 4197 424 4263 τῆς
462 4191 624 4262 φίλης
674 4190 931 4254 ἀληθείας
967 4188 1060 4240 καὶ
1091 4186 1198 4237 τῶν
1231 4179 1700 4254 ἐκκλησιαστικῶν
1750 4179 1906 4240 δοξα-

328 4287 556 4354 σμάτων
595 4284 690 4336 καὶ
735 4282 1100 4351 διδαγμάτων.
1131 4279 1266 4342 Τοὺς
1304 4277 1561 4337 ἐπαίνους
1607 4273 1700 4326 οὖν
1732 4288 1904 4324 κατα-

324 4375 505 4429 λιπὼν
531 4377 640 4437 τοῖς
671 4373 995 4442 φιλοτίμοις,
1031 4373 1124 4423 καὶ
1149 4369 1306 4438 δόξης
1332 4367 1500 4439 ἐρῶσί
1523 4383 1581 4418 τε
1611 4365 1704 4416 καὶ
1726 4363 1906 4432 γλιχο-

2004 3258 2290 3304 coutenttts
2324 3266 2472 3303 nunc
2501 3250 2565 3304 iis
2595 3265 2713 3318 qtne
2745 3265 3167 3308 commemorata
3204 3265 3354 3320 sunt,
3402 3267 3456 3311 et
3487 3257 3571 3311 in-

2005 3341 2235 3395 tellectis
2259 3341 2324 3394 iis
2349 3357 2468 3410 qua:
2493 3357 2614 3395 cum
2643 3341 2964 3414 philosopho
2992 3347 3365 3414 tractavimus,
3387 3349 3574 3417 pedem

2003 3432 2218 3486 domum
2253 3433 2594 3488 referamus?

2073 3541 2135 3597 Β.
2171 3541 2546 3620 Nequaquam,
2579 3544 2649 3596 nti
2675 3543 2967 3600 Zacltaria.
2998 3544 3206 3600 Etenim
3238 3547 3412 3618 ipsum
3446 3547 3576 3604 mibi

2003 3635 2360 3704 col0pbonetn
2392 3635 2749 3691 dubitationis
2775 3637 2934 3706 cupio
2969 3647 3027 3691 ut
3061 3653 3125 3693 ex
3159 3641 3340 3694 animo
3369 3639 3578 3698 deleas.

2006 3726 2324 3794 ingeniosus
2355 3727 2499 3781 enim
2528 3738 2582 3782 et
2609 3731 2824 3798 sapiens
2859 3745 2919 3783 es
2949 3738 3156 3785 orator.

2072 3813 2139 3869 Α.
2191 3815 2321 3880 Sed,
2358 3815 2521 3870 lteusl
2553 3825 2606 3868 ttt
2639 3818 2766 3870 tnibi
2801 3819 2900 3872 bos
2929 3833 3206 3874 sermones
3233 3819 3578 3889 valerejube.

2007 3902 2122 3956 Non
2171 3905 2314 3958 enim
2364 3903 2580 3957 laudum
2632 3905 2890 3969 cupidine
2943 3916 3000 3960 et
3047 3910 3425 3964 ostentationis
3479 3913 3578 3964 ista

2005 3993 2396 4064 percurrimus,
2429 3993 2524 4047 sed
2553 4004 2610 4046 ttt
2638 4004 2740 4048 tua:
2778 3995 3139 4051 incolumitati
3171 4008 3226 4052 ct
3269 3999 3431 4053 saluti
3461 4010 3578 4054 stu-

2009 4086 2284 4138 deremus.
2320 4083 2531 4138 Laudes
2567 4100 2693 4138 vero
2721 4086 2874 4140 niltiii
2900 4087 3130 4142 facimus
3161 4106 3176 4144 :
3223 4091 3315 4143 sed
3345 4091 3579 4145 amicam

2009 4177 2310 4238 veritatem,
2338 4187 2392 4229 et
2411 4176 2815 4231 ecclesiasticas
2843 4180 3144 4232 sententias
3173 4190 3226 4232 et
3253 4182 3578 4235 documenta

2008 4267 2410 4336 amplectimur.
2462 4267 2686 4323 Relictis
2730 4271 2893 4339 igitur
2935 4269 3356 4337 laudationibus,
3396 4274 3573 4327 ambi-

2010 4360 2162 4412 tiosis
2193 4359 2563 4428 bonorumque
2614 4361 2823 4428 cupidis
2871 4370 2926 4415 et
2973 4363 3394 4431 appetentibus,
3443 4377 3574 4432 pro-

329 4467 540 4534 μένοις,
575 4464 706 4534 φάθι
737 4465 764 4517 ὅ
795 4481 846 4515 τι
884 4463 976 4516 καὶ
1013 4461 1214 4530 βούλει,
1253 4460 1346 4511 καὶ
1389 4459 1440 4510 τί
1471 4474 1563 4508 σου
1592 4454 1688 4524 τὴν
1727 4453 1893 4522 ψυχή’.

2013 4466 2148 4520 pone
2195 4451 2338 4520 quod
2395 4451 2497 4514 vis,
2551 4451 2789 4522 quidque
2824 4449 3258 4507 tnentetn'tuam
3313 4453 3492 4508 turbat
3524 4462 3580 4507 et

329 4557 554 4630 θορυϐεῖ
583 4575 640 4608 τε
665 4557 760 4610 καὶ
781 4555 1152 4624 διαταράττει,
1171 4553 1298 4620 περὶ
1329 4550 1394 4604 τὰ
1420 4549 1526 4602 τῶν
1550 4547 1904 4616 δοξασμάτων

329 4652 430 4720 τῆς
466 4648 722 4717 ἀληθείας
762 4647 1170 4716 ὁμολογήματα.
1219 4644 1396 4712 "Egon;
1439 4639 1572 4712 (56),
1625 4633 1668 4690 ὧ
1711 4637 1902 4704 ἀγαθὲ,

331 4741 484 4794 τόνδε
511 4739 600 4792 τὸν
621 4739 820 4809 κόσμον
842 4737 946 4790 ὑπὸ
974 4737 1067 4788 τοῦ
1095 4733 1226 4786 Θεοῦ
1251 4727 1744 4801 δεδημιουργῆσθαι
1769 4729 1906 4797 μετά

435 4930 524 4995 50)
556 4927 848 4980 Zacharias
887 4925 1102 4978 Patrem
1143 4920 1596 4995 vorat_7:po60}.é0t
1623 4919 1716 4972 τοῦ
1748 4920 1902 4995 ἁγίου

338 4991 680 5065 Ιινεύματος.
717 5008 772 5046 ιιι
807 4998 944 5047 idem
981 4996 1266 5065 ςοιιιιὶιίιιιιι
1305 4991 1671 5065 Εμπριιιίιιιιιιι
1705 4991 1903 5065 προϐο-

337 5068 438 5136 λὴν
470 5059 515 5118 ei
545 5067 750 5124 tribuit,
783 5081 836 5133 p.
871 5065 972 5137 459
996 5065 1162 5137 Δτ-Ούκ
1211 5061 1596 5137 ἄρα-οὐδεμίαν
1618 5060 1742 5137 ’ἔχει
1773 5059 1904 5137 πρὸς

339 5079 438 5136 MP
470 5084 515 5118 el
545 5079 750 5124 lI'tDuH.
783 5081 836 5133 p.
871 5079 972 5116 4ου
1007 5083 1016 5114 :
1051 5079 1162 5115 υύκ
1211 5079 1316 5132 αρα
1344 5079 1463 5113 ουοε
1515 5079 1596 5110 ιαν
1636 5079 1742 5128 εχει
1773 5079 1904 5137 προς

339 5141 442 5202 τὴν
473 5137 563 5187 τοῦ
587 5137 794 5202 Πατρὺς
826 5133 1091 5203 προϐολὴν
1125 5133 1428 5190 κοινωνίαν,
1456 5079 1577 5198 ita;
1607 5129 1791 5203 ἀίδίως
1821 5145 1904 5195 τῳ

341 5199 523 5273 lict-cpi.
551 5199 888 5256 ἀποδέδοται·
927 5199 1086 5254 Non}:
1135 5219 1253 5270 ergo
1283 5203 1482 5273 ratione
1511 5199 1800 5273 Communis
1830 5207 1901 5246 es!

338 5277 422 5326 illi
455 5267 721 5337 producu'o
746 5292 774 5325 (ι
809 5273 985 5336 Putre,
1009 5287 1123 5340 quw
1146 5267 1602 5335 separutt'mJ’atrt'
1631 5267 1900 5318 tribuitur.

341 5343 479 5396 Dt.c.

417 5413 529 5480 (51)
565 5415 788 5466 Αἰγίαν.
821 5411 996 5464 Latini
1045 5411 1404 5478 religiosiores
1437 5409 1502 5460 :tb
1535 5407 1634 5459 hac
1666 5422 1795 5458 vove
1827 5420 1909 5457 rc-

339 5482 576 5549 lttgittnt.
607 5483 738 5535 Tan.

417 5543 532 5620 (δῇ)
582 5555 870 5618 Θεολόγος
902 5550 1246 5618 Γρηγόριος.
1288 5549 1424 5620 Vitio
1461 5545 1737 5620 Elp'qvt'ld?)
1767 5543 1910 5620 λόγῳ

345 5615 434 5688 β’(
455 5615 607 5672 Orat.
640 5623 724 5677 15.
759 5615 958 5674 ἤπιοι
979 5615 1248 5688 taitltsqne
1285 5617 1544 5688 theologis
1581 5615 1738 5688 μόνον
1768 5615 1908 5688 τοῦ·

339 5684 459 5752 ⁶ὶνον,
489 5691 628 5756 μετά
660 5689 748 5742 τὸν
779 5684 1171 5756 εύαγγελιστὴν
1213 5685 1480 5748 Ἰωάννην,
1507 5684 1752 5750 θεολόγον
1776 5685 1904 5736 ἁνα-

2013 4545 2305 4598 commovit
2343 4542 2486 4598 circa
2536 4544 2932 4598 sententiarum
2985 4560 3232 4598 verarum
3278 4542 3576 4616 professio-

2015 4651 2156 4688 nem.
2217 4635 2460 4698 Dicebas,
2490 4635 2572 4687 vir
2604 4636 2765 4698 bone,
2816 4637 2959 4690 hunc
2997 4638 3254 4689 mundum
3285 4653 3313 4688 a
3353 4637 3464 4690 Deo
3497 4635 3582 4688 fa-

2016 4728 2278 4780 brieatum
2306 4736 2426 4794 post
2481 4727 2887 4794 itttclligcntias,
2937 4729 3150 4796 quando
3198 4728 3372 4788 ipsum
3423 4741 3584 4796 Opor-

2018 4917 2256 4982 φανῆναι
2290 4915 2539 4983 observat
2567 4913 2857 4983 Gregorius
2883 4916 2933 4967 in
2964 4916 3079 4980 ejus
3108 4915 3248 4970 Vita.
3283 4914 3419 4972 Tan.

2047 4987 2194 5067 .05)
2247 4985 2400 5104 ἴξρία.
2436 4982 2572 5038 Tres
2619 4982 2833 5053 quidem
2876 4985 3055 5050 liceat,
3105 4989 3202 5040 ιιι..
3237 4989 3417 5040 dicere
3453 4985 3579 5040 reli-

2047 5067 2214 5104 lttSll.
2299 5069 2386 5104 AR-

2047 5057 2094 5106 io
2125 5067 2214 5108 snt.
2252 5055 2278 5104 '1
2299 5069 2386 5109 AR.

2047 5073 2094 5106 to
2125 5071 2214 5108 stt.
2264 5071 2386 5109 IAR.

2007 5071 2040 5125 g
2079 5125 2190 5194 (54)
2236 5122 2768 5194 ’Υπγομειδιάσαᾳη
2817 5123 3173 5194 σσρδώνιοιο.
3231 5123 3579 5177 l‘roverbium

2009 5193 2127 5244 vide
2155 5197 2290 5259 apud
2325 5193 2614 5245 Zenobiam
2648 5195 2740 5244 lib.
2785 5209 2835 5252 ν,
2871 5195 3036 5254 Adng.
3074 5193 3161 5250 85;
3194 5195 3581 5259 lliogeniantttn

2009 5265 2045 5316 1.
2080 5279 2191 5321 \‘Ill,
2216 5262 2384 5328 Atlag.
2424 5263 2488 5325 5;
2543 5263 2762 5314 Sui-lant
2793 5263 2944 5315 Ct-ttl.
2982 5263 3081 5324 1‘2,
3123 5263 3287 5326 Adng.
3322 5261 3408 5316 65.
3437 5264 3584 5327 Quos

2017 5344 2262 5383 aut-tores
2291 5334 2504 5393 inut-tos
2545 5333 2946 5400 iilttstratosque
2978 5334 3198 5384 doctiss.
3235 5333 3457 5386 Sehotto
3487 5335 3584 5386 de-

2019 5403 2230 5453 bemus.
2263 5401 2357 5453 ΒΑ.

2090 5470 2212 5590 (ἴιῖξέ
2249 5467 2562 5537 Τῆςσῆς...
2590 5469 2812 5536 ὑγείας.
2847 5466 3039 5522 Saluti.
3075 5468 3280 5524 GENEB.
3315 5468 3578 5526 BA.Sani-

2103 5557 2134 5588 ι.
2218 5554 2304 5590 an.

2021 5551 2134 5594 tatt.
2170 5551 2304 5590 'I'An.

2089 5608 2198 5676 (Ilo)
2237 5611 2441 5674 Ἔςης.
2483 5606 2736 5660 Perrona:
2782 5608 2868 5659 ltie
2909 5607 3246 5662 conturbata:
3285 5619 3451 5675 Sunt,
3490 5607 3582 5668 ε,θά

2019 5680 2088 5730 ita
2124 5690 2180 5729 ut
2215 5693 2276 5730 ex
2313 5680 2450 5730 l'aL'tii
2486 5679 2686 5746 possint
2714 5677 2932 5746 corrigi.
2969 5677 3064 5731 ΒΔ.
