4032 6144
363 257 498 324 1125

1379 253 1832 316 DISPUTATIO
1869 253 1968 314 DE
2006 252 2257 314 MUNDI
2295 251 2646 314 OPIFICIO.

3462 249 3596 315 1126

359 363 782 438 ὑπερορίζουσα,
809 363 870 417 τὸ
897 362 1114 432 πρῶτον
1137 363 1231 416 καὶ
1254 361 1562 416 τελευταῖον
1592 363 1764 416 κακόν
1794 363 1928 434 (77)⁶

2043 375 2181 415 mum
2227 371 2282 417 et
2333 369 2636 416 extremum
2692 361 2915 426 malum,
2975 369 3030 417 et
3081 363 3307 418 omnino
3367 365 3592 432 spiritus

359 459 453 512 καὶ
489 457 626 519 ὅλως
655 457 963 524 συνάγουσα
989 457 1056 508 τά
1083 456 1426 526 φρονήματα,
1461 455 1557 510 καὶ
1579 454 1697 525 τοῦ,
1733 454 1930 508 Γνῶθι

357 549 610 613 σαυτὸν,
637 546 730 600 τοῦ
778 548 1104 616 γράμματος
1143 546 1637 616 ἀναμιμνήσκουσα
1671 545 1766 598 τοῦ
1797 545 1929 598 Δελ-

359 639 520 707 φικοῦ
566 639 702 709 (78).
755 637 1127 708 Ὀλιγωρήσας
1166 636 1224 688 δὲ
1275 637 1370 689 τοῦ
1399 637 1589 706 νόμου,
1637 636 1732 690 καὶ
1769 633 1931 708 ἧττον

361 727 655 797 φροντίσας
677 728 705 778 ό
721 725 1006 796 ἄνθρωπος
1032 723 1125 776 τοῦ
1145 723 1458 793 νομοθέτου,
1487 727 1588 794 τῆς
1611 724 1929 791 ἀθανασίας,

360 813 426 888 ἧς
463 818 510 868 εί
553 814 729 885 φύλαξ
760 815 1000 882 ἐγεγόνει
1029 814 1123 870 τοῦ
1158 814 1342 882 νόμου,
1385 814 1808 884 μετελάγχανεν,
1843 815 1933 868 ἐκ·

362 909 572 966 πίπτει,
612 906 708 959 καὶ
731 907 956 975 τιμᾶται
989 905 1090 974 τὴν
1123 905 1388 959 διάλυσιν.
1432 904 1581 958 Ἔδει
1617 905 1724 976 γὰρ
1765 905 1841 976 μὴ
1874 905 1934 958 τὸ

362 999 530 1052 κακὸν
565 997 832 1051 ἀθάνατον
852 993 1014 1060 εἶναι,
1048 997 1146 1050 καὶ
1171 995 1316 1049 τοῦτ’
1348 996 1636 1066 εὐεργεσίᾳ
1666 996 1760 1050 τοῦ
1788 997 1934 1066 βασι-

358 1091 514 1151 λέως,
561 1089 656 1142 καὶ
701 1087 996 1157 νομοθέτου
1029 1088 1124 1141 καὶ
1157 1088 1513 1157 δημιουργοῦ.
1567 1086 1751 1141 Κακὺν
1779 1088 1822 1140 δ’
1867 1087 1934 1142 ἂν

359 1181 444 1250 εἴη
477 1182 510 1249 ἡ
559 1179 666 1232 τῶν
695 1178 991 1248 βασιλικῶν
1042 1177 1480 1248 προσταγμάτων
1527 1178 1936 1248 καταφρόνησις

359 1274 453 1327 καὶ
499 1269 884 1340 ἀφροντιστία,
934 1269 1029 1323 καὶ
1081 1270 1114 1340 ἠ
1158 1269 1289 1340 περὶ
1325 1269 1416 1321 τὸν
1465 1267 1760 1338 εὐεργέτην
1789 1267 1937 1336 ὀλιγ-

358 1361 500 1430 ωρία
547 1359 702 1426 (79),
754 1359 953 1428 ἥκιστα
996 1357 1216 1428 γραφὴν
1261 1357 1373 1423 (80)
1424 1355 1747 1426 ἀχαριστίας
1799 1357 1936 1408 ἀπο-

359 1450 731 1520 φυγγάνουσα.
787 1449 1002 1516 Ταύτην
1047 1448 1109 1516 δὴ
1157 1447 1332 1517 ἀρχὴν
1371 1449 1465 1500 καὶ
1501 1447 1596 1498 τοῦ
1638 1446 1797 1500 ἄλλου
1839 1445 1937 1514 τῆς

359 1541 557 1602 κακίας
598 1536 834 1608 ὁμαδοῦ,
869 1537 1086 1590 καὶτοῦ
1132 1535 1299 1606 ἑσμοῦ
1331 1536 1444 1606 (81)
1472 1535 1580 1588 τῶν
1620 1536 1718 1604 τῆς
1769 1534 1936 1587 ἀϐου-

357 1631 501 1693 λίας,
533 1629 628 1682 καὶ
657 1627 954 1689 ἀκολασίας
983 1625 1186 1696 ἡδονῶν
1211 1628 1239 1678 6
1289 1625 1578 1695 ἅνθρωπος
1610 1625 1932 1696 ἐποιήσατο·

2032 451 2360 520 comprimit,
2391 452 2520 506 etin
2555 453 2870 506 memoriam
2902 462 3122 508 revocat
3159 451 3473 523 Delphicam
3503 455 3596 507 in-

2032 539 2406 608 scriptionem,
2459 538 2630 594 Nosce
2674 551 2724 593 te
2767 541 2963 608 ipsum.
3001 541 3172 595 Homo
3223 553 3403 595 autem
3469 558 3599 598 eou-

2034 642 2280 690 temnens
2307 635 2478 703 legem
2511 644 2566 688 et
2587 635 2764 688 minus
2795 649 3018 697 curans,
3047 649 3077 687 a
3114 634 3444 703 legislatoris
3495 637 3595 687 im-

2033 723 2384 789 mortalitate,
2436 737 2621 793 quam,
2677 725 2722 778 si
2775 733 2959 779 custos
2991 725 3316 787 exstitisset,
3365 726 3594 778 sortims

2034 813 2244 879 fuisset,
2272 814 2502 876 excidit,
2538 823 2593 868 et
2630 813 2852 882 punitur
2885 813 3264 867 dissolutione.
3302 813 3600 881 Oportebat

2033 906 2178 960 enim
2217 905 2414 959 malum
2442 920 2547 958 non
2591 920 2714 960 esse
2757 904 3097 967 immortale,
3143 903 3305 973 idque
3337 905 3602 958 bencliriu

2035 995 2231 1050 summi
2269 997 2432 1065 regis,
2469 1003 2524 1049 et
2553 994 2894 1064 legislatoris,
2921 1001 2978 1048 et
3005 994 3238 1062 Opiticis.
3277 993 3474 1048 Malum
3500 1010 3602 1048 au-

2038 1096 2144 1141 tem
2190 1085 2358 1141 fuerit
2390 1085 2662 1156 regiorum
2694 1085 2946 1158 juss_uum
2972 1087 3302 1152 contemptio
3331 1094 3387 1140 et
3418 1086 3603 1154 negle-

2035 1177 2168 1243 ctio,
2195 1183 2250 1230 et.
2280 1191 2406 1244 erga
2447 1189 2606 1229 suum
2646 1175 3052 1230 benefacmrem
3089 1175 3297 1229 incuria
3343 1185 3396 1228 et
3428 1177 3606 1244 despi-

2034 1283 2188 1327 catus
2214 1270 2437 1324 minime
2468 1269 2682 1337 culpam
2735 1266 2931 1336 ingrati
2972 1267 3139 1320 animi
3172 1267 3458 1336 effugiens.
3494 1267 3606 1322 Iloc

2037 1365 2200 1435 igitur
2252 1361 2576 1432 principium
2612 1359 2835 1414 alterius
2880 1359 3132 1414 vitiorum
3166 1361 3340 1414 turbas
3391 1368 3448 1414 et
3503 1375 3599 1428 ag-

2037 1451 2372 1523 gregatiouis
2431 1449 2805 1518 voluptatum,
2849 1451 3174 1505 temeritatis
3227 1461 3282 1504 et
3340 1450 3607 1519 inn-mpe-

2035 1543 2247 1607 rantiae,
2290 1545 2449 1598 homo
2484 1543 2588 1598 sibi
2644 1541 2772 1596 fecit
2817 1560 2832 1597 :
2874 1543 2987 1598 haec
3031 1543 3169 1596 ratio
3207 1542 3601 1604 dissolutionis,

2043 1635 2160 1688 luec
2205 1633 2609 1687 reformationis
2675 1642 2728 1686 et
2779 1632 3203 1688 immortalitatis
3253 1649 3440 1698 causa,
3473 1633 3605 1688 nihil

357 1713 516 1780 οὗτος
547 1718 576 1770 6
604 1716 764 1782 λόγος
800 1715 900 1783 τῆς
930 1713 1138 1776 λύσεως
1160 1751 1175 1776 ,
1201 1712 1294 1782 ἥδε
1332 1712 1430 1780 τῆς
1461 1711 1816 1773 ἀναπλάσεως
1845 1710 1940 1762 καὶ

2043 1726 2185 1779 aliud
2209 1741 2368 1794 quam
2401 1724 2491 1776 Dei
2537 1723 2775 1788 bonitas,
2816 1733 2872 1777 et
2919 1725 3324 1779 commiseratio
3351 1725 3470 1792 ejus
3511 1725 3604 1787 qui

355 1809 460 1878 τῆς
489 1807 788 1868 ἀθανασίας
827 1805 996 1871 αἰτία,
1023 1804 1210 1872 ἕτερον
1252 1804 1404 1856 οὐδὲν
1433 1803 1465 1872 ἢ
1497 1800 1772 1871 ἀγαθότης
1801 1799 1940 1853 θεοῦ

358 1899 458 1954 καὶ
486 1893 668 1960 οἶκτος
709 1898 840 1967 περὶ
881 1898 974 1950 τὸν
1020 1895 1346 1949 πεπτωκότα
1391 1895 1484 1946 καὶ
1533 1891 1942 1962 φιλανθρωπίας

361 1988 666 2060 ὑπερδολή.
722 1987 984 2058 Ἐλεὴσας
1029 1986 1136 2059 γὰρ
1173 1988 1202 2040 6
1230 1985 1564 2056 δημιουργὸς
1600 1985 1662 2037 τὸ
1693 1984 1938 2054 πλάσμα,

359 2083 460 2136 καὶ
483 2081 736 2135 νικᾶσθαι
755 2079 914 2133 τοῦτο
941 2078 1077 2150 πρὸς
1099 2079 1200 2148 τῆς
1223 2078 1424 2140 κακίας
1449 2079 1523 2148 μὴ
1552 2077 1939 2147 ἀνασχόμενος,

357 2171 568 2228 διαλύει
603 2173 702 2242 μὲν
735 2171 794 2224 τὸ
831 2171 1229 2240 ὑποδεξάμενον
1257 2169 1318 2221 τὸ
1349 2169 1519 2222 κακὸν
1543 2169 1786 2238 ἀγγεῖον,
1811 2169 1942 2222 ἀνα-

360 2267 590 2318 πλάττει
628 2264 685 2316 δὲ
731 2263 909 2328 αὖθις,
963 2262 1058 2314 καὶ
1089 2260 1470 2330 ἀναχαλκεύει,
1511 2260 1621 2313 τῶν
1653 2259 1941 2331 μοχθηρῶν

358 2357 532 2420 ἕξεων
587 2356 680 2408 καὶ
736 2353 920 2406 τύπων
972 2351 1400 2422 ἀπηλλάγμενον
1463 2351 1599 2420 (82),
1661 2351 1749 2404 ἵνα
1801 2351 1940 2422 μήτε

355 2449 610 2502 ἀθάνατα
657 2445 932 2514 νοσῶμεν·
982 2443 1104 2514 μηδ’
1149 2441 1218 2496 αὖ
1259 2441 1422 2495 πάλιν
1459 2442 1615 2512 ἀϊδίῳ
1647 2441 1826 2513 φθορᾷ
1848 2441 1942 2495 καὶ

355 2539 624 2609 διηνεκεῖ.
676 2536 740 2589 τὸ
773 2534 996 2605 πλάσμα
1043 2533 1484 2599 καταδικάζοιτο,
1533 2534 1620 2586 ἐπ’
1666 2533 1942 2604 ἀθανασίᾳ

355 2635 464 2700 τὴν
499 2627 673 2698 ἀρχὴν
703 2626 946 2694 γεγονός.
1007 2624 1148 2678 Ἀλλ’
1183 2625 1371 2696 ἐπειδὴ
1405 2625 1574 2679 κακία
1608 2625 1707 2696 τῆς
1733 2624 1942 2690 λύσεως

363 2721 746 2793 προηγήσατο,
779 2718 874 2771 καὶ
902 2719 1067 2786 νόμου
1089 2719 1381 2790 ὑπεροψία,
1415 2718 1522 2772 ἔδει
1555 2719 1714 2773 πάλιν
1738 2719 1942 2791 ἀρετὴν

367 2813 465 2868 καὶ
509 2811 675 2880 νόμου
725 2808 973 2878 φυλακὴν
1015 2809 1110 2862 καὶ
1157 2810 1574 2881 ἀναμαρτησίαν
1625 2810 1944 2880 καθηγήσα-

361 2903 496 2956 σθαι
535 2900 892 2966 ἀναπλάσεως
929 2902 1022 2956 καὶ
1052 2903 1152 2973 τῆς
1184 2902 1505 2966 ἀθανασίας.
1535 2901 1634 2954 Διά
1667 2901 1861 2968 ταῦτα,
1896 2895 1942 2957 ὦ

2041 1816 2334 1876 ceciderat,
2379 1813 2837 1882 benignitatisque
2877 1813 3281 1882 exsuperantia.
3314 1813 3606 1868 Miseratus

2039 1907 2185 1961 enim
2210 1907 2414 1974 opifer
2435 1921 2594 1959 suum
2623 1919 2778 1974 opus,
2809 1914 2864 1959 et
2889 1905 3064 1975 ipsum
3101 1905 3242 1960 vinci
3276 1921 3306 1958 a
3342 1906 3481 1960 malo
3509 1907 3608 1960 mi-

2042 1994 2188 2046 nime
2217 1992 2426 2056 ferens,
2461 1992 2712 2047 dissolvit
2751 1977 2968 2063 quidem
2995 2008 3090 2048 vas
3137 1993 3262 2048 mali
3297 2004 3609 2063 receptacu-

2043 2085 2172 2147 lum,
2213 2083 2306 2138 sed
2343 2084 2540 2138 iterum
2568 2083 2792 2154 reiingit
2831 2084 3181 2152 reducitque,
3224 2099 3418 2150 pravos
3457 2085 3612 2140 habi-

2045 2183 2130 2227 tus
2149 2183 2202 2227 et
2225 2171 2454 2227 formam
2481 2172 2683 2240 delens,
2709 2187 2776 2228 ne
2795 2175 3104 2241 perenniter
3121 2185 3469 2245 aegrotemus,
3503 2191 3600 2229 ne-

2041 2279 2147 2332 que
2205 2278 2396 2318 rursus
2429 2273 2689 2334 perpetuo
2733 2264 2956 2320 interitu
3003 2274 3056 2319 et
3091 2267 3424 2335 sempiterno
3463 2266 3612 2335 Opifi-

2043 2357 2186 2410 cium
2219 2371 2376 2410 suum
2405 2355 2650 2419 damnet,
2693 2357 2760 2410 ad
2791 2355 3254 2423 immortalitatem
3284 2372 3312 2410 a
3345 2357 3610 2427 principio

2045 2447 2272 2504 factum.
2306 2445 2530 2501 Verum.
2555 2457 2839 2516 postquam
2889 2448 3088 2502 malum
3119 2449 3492 2506 dissolutionis
3519 2467 3610 2504 au-

2042 2547 2162 2593 ctor
2192 2537 2292 2592 fuit
2321 2546 2376 2593 et
2399 2539 2528 2605 dux,
2561 2541 2799 2608 itemque
2827 2540 2961 2607 legis
2982 2541 3357 2609 despicientia,
3389 2557 3608 2596 rursum

2043 2629 2333 2698 oportebat
2361 2629 2619 2684 virtutem
2661 2641 2714 2685 et
2756 2629 2892 2700 legis
2927 2632 3363 2686 observationem
3415 2643 3470 2686 et
3517 2648 3606 2686 va-

2044 2723 2304 2776 cuitatem
2329 2721 2576 2791 peccati,
2613 2723 3007 2778 restitutionem
3049 2733 3104 2777 et
3151 2723 3610 2778 immortalitatem

2044 2817 2390 2870 antecedere.
2435 2813 2688 2881 Proinde,
2735 2815 3010 2870 fortunate
3057 2815 3160 2882 vir,
3212 2815 3326 2883 ipse
3370 2815 3512 2870 Dens
3560 2824 3616 2868 et.

2047 2906 2320 2976 legislator
2343 2914 2398 2960 et
2440 2921 2558 2972 rex,
2591 2905 2754 2960 homo
2805 2903 3039 2961 efllcitur
3063 2944 3078 2969 ,
3125 2913 3181 2960 et
3227 2914 3405 2960 manet
3445 2905 3610 2970 Dens,

361 2994 646 3064 μακάριε,
679 2993 841 3057 αὐτὸς
867 2994 896 3046 6
918 2992 1051 3058 Θεὸς
1087 2993 1177 3046 καὶ
1206 2993 1502 3064 νομοθέτης
1535 2993 1630 3048 καὶ
1665 2992 1940 3064 βασιλεὺς,

2049 3015 2112 3054 ac
2145 2999 2261 3068 ipse
2302 3009 2516 3054 natura:
2557 2997 2738 3068 opifex
2785 3010 2938 3053 curat
2988 3005 3192 3051 naturae
3241 2999 3614 3068 aegritudines,

355 3086 656 3156 ἄνθρωπος
683 3085 918 3154 γίνεται,
951 3087 1045 3138 καὶ
1079 3085 1230 3156 μένει
1260 3085 1422 3149 Θεὸς,
1455 3086 1553 3140 καὶ
1599 3086 1765 3150 αὐτὸς
1793 3089 1821 3140 6
1847 3086 1944 3157 τῆς

355 3176 586 3248 φύσεως
634 3175 967 3248 δημιουργὸς
1001 3179 1143 3229 ἰᾶται
1175 3175 1244 3228 τὰ
1277 3177 1374 3244 τῆς
1409 3176 1627 3244 φύσεως
1656 3179 1946 3248 ἀρῤωστή·

356 3285 548 3342 ματα’
591 3269 839 3339 καθαρὰν
884 3268 1066 3330 δείξας
1109 3269 1166 3320 ἐν
1198 3268 1374 3338 ἐαυτῷ
1406 3269 1498 3322 καὶ
1529 3270 1818 3342 ἐλευθέραν
1846 3271 1946 3342 τὴν

351 3359 550 3429 φύσιν,
598 3358 692 3412 καὶ
731 3357 1012 3428 ἀλώϐητον
1042 3358 1136 3409 καὶ
1187 3359 1532 3427 ἀπήμαντον,
1569 3359 1706 3430 πρὸς
1755 3361 1809 3414 δὲ
1851 3362 1946 3416 καὶ

350 3450 640 3506 ἀθόλωτον
681 3435 914 3520 πάμπαν
967 3449 1062 3501 καὶ
1095 3449 1481 3520 ἀναμάρτητον
1505 3465 1519 3479 ·
1578 3453 1670 3505 καὶ
1702 3453 1818 3516 ὁδὸς
1855 3454 1944 3522 γί-

351 3561 519 3598 νεται
545 3547 644 3614 τῆς
671 3542 971 3604 ἀθανασίας
1001 3540 1078 3612 τῷ
1116 3541 1420 3616 πλάσματι,
1465 3543 1558 3596 καὶ
1587 3543 1942 3614 καθηγεμὼν,

351 3641 454 3692 καὶ
493 3637 678 3699 ἁπλῶς
705 3639 904 3700 εἰπεῖν,
938 3636 1079 3706 ἀρχὴ
1113 3637 1208 3688 καὶ
1240 3635 1518 3702 ὑπόθεσις,
1549 3637 1859 3709 ἀναστήσας
1885 3637 1946 3691 τὸ

351 3728 530 3794 σῶμα
571 3725 666 3778 καὶ
719 3725 1166 3788 ἀπαθανατίσας,
1223 3725 1359 3795 ὅπερ
1405 3726 1468 3777 ἐκ
1521 3726 1618 3795 τῆς
1671 3727 1947 3796 ἡμετέρας

351 3800 584 3885 (ῥύσεως
627 3817 720 3868 καὶ
763 3815 948 3877 οὐσίας
977 3815 1139 3876 αὐτὸς
1181 3815 1212 3866 ὁ
1250 3815 1420 3882 Λόγος
1469 3815 1565 3866 καὶ
1616 3815 1947 3886 δημιουργὸς

348 3911 580 3978 ἥνωσεν
622 3907 801 3976 ἑαυτῷ
839 3908 976 3977 μετά
1025 3905 1204 3974 ψυχῆς
1233 3903 1580 3976 ἀνθρωπείας
1627 3906 1720 3958 καὶ
1753 3907 1946 3977 νοερᾶς

349 3997 634 4070 δηλονότι,
669 3999 756 4050 ἵνα
789 3999 966 4051 πᾶσαν
987 3995 1368 4066 ἀναχαλκευσῃ
1395 3995 1496 4066 τὴν
1524 3995 1704 4064 φύσιν.
1740 3992 1809 4069 ᾯ
1840 3999 1947 4068 γὰρ

349 4091 516 4158 λόγῳ
565 4089 658 4142 τοῦ
705 4087 924 4159 πρώτου
953 4087 1240 4156 ἀνθρώπου
1273 4085 1676 4156 ὑποδεξαμένου
1706 4089 1802 4158 τὴν
1829 4089 1948 4142 διά-

350 4179 527 4232 λυσιν
561 4180 655 4232 καὶ
696 4179 794 4249 τὴν
823 4179 959 4248 πρὸς
995 4177 1168 4248 βραχὺ
1204 4177 1408 4247 φθορὰν
1441 4179 1530 4231 διὰ
1559 4177 1658 4246 τῆς
1690 4177 1947 4248 πλημμε-

349 4273 540 4336 λείας,
565 4271 626 4324 τὸ
655 4273 810 4339 γένος
840 4270 988 4324 ἅπαν
1015 4271 1125 4332 τοῖς
1161 4271 1344 4332 αὐτοῖς
1375 4271 1632 4340 ἐτιμᾶτο·
1663 4270 1838 4341 τούτῳ
1869 4269 1948 4338 τῷ

2049 3103 2237 3161 puram
2271 3089 2326 3144 in
2361 3090 2538 3159 seipso
2562 3090 2870 3156 ostendens,
2911 3099 2965 3144 et
3001 3089 3222 3144 liberam
3255 3105 3408 3145 noxa:
3450 3091 3614 3148 labis-

2047 3196 2153 3252 que
2183 3191 2460 3251 expertem
2517 3192 2806 3244 naturam;
2845 3191 3106 3250 prmterca
3134 3183 3298 3238 etiam
3336 3183 3494 3252 plane
3534 3185 3608 3236 in-

2047 3274 2468 3328 contaminatam
2520 3283 2576 3328 et
2607 3273 2810 3342 peccati
2844 3289 3064 3327 vacuam
3105 3291 3118 3325 :
3155 3273 3348 3343 viaque
3388 3273 3617 3328 edicitur

2046 3361 2478 3418 immortalitatis
2505 3375 2605 3416 suo
2627 3361 2844 3429 opiﬁcio
2885 3369 3046 3430 atque
3079 3363 3208 3430 dux,
3243 3372 3296 3415 et
3343 3373 3402 3416 ut
3445 3364 3612 3418 semel

2047 3454 2246 3518 dicam,
2299 3454 2626 3523 principium
2671 3463 2726 3507 et
2767 3469 2931 3507 causa
2971 3455 3315 3508 essuscitaus
3337 3469 3534 3521 corpus
3560 3463 3616 3508 et

2047 3545 2460 3601 immortalitate
2510 3543 2788 3610 afﬁciens,
2843 3545 2986 3612 quod
3025 3560 3056 3598 e
3094 3557 3279 3599 nostra
3325 3554 3516 3598 natura
3561 3555 3616 3596 et

2046 3634 2286 3691 essentia
2335 3633 2510 3705 ipsum
2547 3631 2786 3686 Verbum
2841 3647 2896 3686 et
2935 3635 3114 3702 opifex
3149 3634 3252 3688 sibi
3293 3636 3391 3703 ipsi
3439 3635 3614 3688 univit

2047 3741 2168 3780 cum
2199 3726 2380 3779 anima
2405 3725 2635 3778 humana
2663 3733 2718 3778 et
2741 3725 3080 3792 intelligenti,
3109 3734 3164 3778 ut
3192 3727 3498 3779 universam
3527 3739 3614 3778 re-

2049 3815 2311 3869 formarct
2341 3825 2615 3870 naturam.
2661 3813 2778 3879 Qua
2823 3814 2966 3868 enim
3001 3815 3229 3878 ratione,
3271 3815 3360 3869 ubi
3406 3816 3615 3883 primus

2049 3907 2212 3961 homo
2237 3905 2542 3973 subjectum
2587 3920 2709 3960 sese
2737 3903 2968 3960 reddidit
2996 3904 3332 3958 dissolutioni
3374 3915 3430 3958 et
3465 3905 3612 3960 brevi

2049 3998 2371 4068 Corruptela:
2413 4011 2509 4050 sua
2543 3995 2817 4063 socordia,
2851 3996 3160 4050 universum
3193 4012 3363 4064 genus
3413 3997 3604 4051 iisdem

2049 4092 2335 4144 multatum
2382 4099 2468 4142 est
2505 4107 2517 4142 :
2555 4103 2617 4143 ea
2653 4088 2764 4155 ipsa
2801 4088 3008 4141 ratione
3048 4102 3143 4156 per
3171 4087 3418 4154 opificem
3446 4085 3613 4140 Deum

2050 4188 2477 4250 permanentem.
2511 4189 2566 4232 et
2597 4179 2800 4232 interea
2827 4176 3076 4233 eﬂ'ectum
3109 4179 3402 4242 hominem,
3427 4179 3476 4230 in
3509 4196 3615 4245 quo

2054 4268 2253 4323 nullam
2285 4267 2524 4336 speciem
2561 4277 2652 4318 aut.
2685 4275 2888 4320 motum
2920 4265 3000 4320 sui
3062 4265 3231 4334 ipsius
3281 4269 3479 4320 malum
3535 4269 3616 4318 in-

349 4363 518 4434 λόγῳ
546 4362 712 4416 αὑτοῦ
738 4361 832 4415 τοῦ
861 4361 1198 4432 δημιουργοῦ
1227 4361 1322 4412 τοῦ
1356 4361 1638 4430 μείναντος
1674 4361 1830 4427 Θεοῦ,
1855 4365 1940 4416 καὶ

2054 4361 2200 4415 venit
2247 4358 2388 4432 (erat
2425 4361 2572 4412 enim
2619 4357 2738 4411 forts
2765 4366 3080 4410 cunctarum
3111 4357 3368 4410 virtutum
3401 4369 3454 4411 et
3485 4373 3613 4410 san-

347 4455 664 4525 γενομένου
696 4451 1009 4522 ἀνθρώπου,
1045 4455 1102 4504 έν
1129 4445 1172 4520 ᾧ
1209 4451 1374 4522 μηδὲν
1405 4447 1542 4514 εἶδος
1573 4453 1704 4520 μηδὲ
1741 4453 1946 4523 κίνημα

350 4547 572 4616 ἑαυτῆς
617 4545 851 4616 ἢκακία
889 4545 999 4614 (85)
1053 4544 1244 4614 εὕρετο
1291 4539 1398 4615 (ἦν
1443 4544 1552 4614 γὰρ
1591 4547 1624 4614 ἡ
1657 4545 1805 4614 πηγὴ
1838 4545 1945 4598 τῶν

350 4639 585 4712 ἀρετῶν
636 4639 728 4691 καὶ
769 4637 874 4706 τῆς
922 4637 1236 4706 ἁγιότητος,
1274 4635 1368 4689 καὶ
1415 4637 1449 4705 ἡ
1498 4635 1733 4705 ἀτρεψία
1787 4636 1942 4705 καὶὴ

349 4801 542 4864 pudor
563 4795 657 4846 iste
686 4791 802 4853 tibi;
830 4791 1123 4864 quidenim
1157 4790 1407 4858 terrisque
1433 4787 1650 4864 poloque
1686 4786 1941 4859 [Parendi

353 4857 482 4918 sine
513 4862 620 4931 lege
642 4871 808 4912 manet
832 4862 854 4913 Ρ
877 4863 981 4913 tice
1011 4871 1193 4912 cuncta
1219 4871 1467 4931 reguntur
1487 4857 1833 4928 [Aiternisque
1857 4873 1939 4910 re-

352 4927 681 5004 gunl,ét(‘.,
713 4946 834 5004 ηυξ
861 4932 1008 4995 plura
1051 4938 1205 5004 sunt.
1225 4927 1320 4980 BA.

436 5001 558 5071 (Π)
603 4999 672 5053 Τὸ
719 4999 952 5071 πρῶτον·
981 4997 1079 5071 καὶ
1107 4996 1452 5071 τελευταῖον
1482 4998 1687 5050 κακόν.
1727 4997 1938 5066 Super—

353 5067 520 5124 biam
549 5071 697 5132 dicit,
731 5069 817 5120 tali
865 5067 1038 5134 elogio
1071 5069 1232 5119 etiam
1279 5071 1416 5133 apud
1449 5079 1633 5132 poetas
1668 5077 1930 5120 notatam.

357 5143 440 5192 Dc
476 5139 650 5191 sacris
687 5138 838 5190 libris
867 5146 1048 5188 notum
1085 5135 1142 5188 Β.
1190 5137 1468 5202 Augustini
1525 5136 1724 5188 ilicttnn
1757 5153 1770 5191 :
1807 5135 1942 5188 Hinc

353 5210 497 5263 inde
519 5208 580 5260 iis
612 5209 717 5258 alia
741 5205 880 5256 mala
903 5215 949 5258 et
978 5207 1100 5256 vitia
1124 5209 1294 5258 notari
1325 5204 1616 5270 superbiant
1647 5205 1752 5268 fere
1774 5207 1940 5257 omni-

351 5283 462 5332 bus
497 5277 725 5344 paginis,
749 5275 922 5342 factis,
961 5275 1144 5344 dictis,
1172 5275 1436 5340 exemplis,
1465 5283 1567 5324 etc.
1605 5273 1701 5326 ΒΑ.

438 5341 790 5415 (78)Τνῶθι
819 5347 1070 5415 σαυτόν.
1106 5341 1355 5396 Veterum
1383 5343 1574 5394 litteris
1603 5344 1942 5415 commenda-

351 5412 641 5469 tisSiniam
662 5414 1020 5476 sententiam;
1049 5428 1204 5480 quam
1237 5425 1420 5463 nostro
1446 5427 1558 5480 mro
1584 5413 1754 5476 plenis
1789 5412 1942 5480 home

351 5483 577 5539 ιιιιιιιιὶε
593 5494 647 5536 et
680 5481 990 5536 litteraturae
1011 5479 1161 5536 libris
1185 5481 1466 5534 illustravit
1499 5479 1760 5534 Dsodorus
1790 5479 1942 5532 Tuci-

350 5557 588 5606 tiemtts.
627 5551 722 5603 ΒΑ.
1775 5577 1779 5581 ~

351 5625 486 5693 (79)
511 5619 1135 5688 ’().1ιγωρ1α.ι)οερεειίο,
1155 5629 1509 5688 contemptus,
1533 5615 1932 5688 \‘ilipCttSiUBa.

2053 4451 2280 4515 ctitatis,
2321 4460 2376 4504 et
2408 4452 2522 4518 ipsa
2562 4449 2879 4502 mutationis
2924 4459 2975 4502 et
3017 4447 3222 4516 peccati
3255 4447 3610 4514 itnmttttilas),

2053 4543 2104 4594 in
2137 4541 2449 4594 universum
2481 4555 2650 4608 genus
2673 4553 2834 4590 causa
2871 4537 3298 4593 immortalitatis
3347 4547 3400 4592 et
3433 4539 3612 4592 incor-

2051 4633 2424 4702 ruptibilitatis
2449 4632 2600 4702 signa
2635 4633 3090 4686 transmittuntur.

2120 4790 2236 4859 (80)
2288 4787 2560 4856 Γραφήν.
2623 4789 3342 4859 Culpam,__accusatlonem,
3404 4804 3616 4858 pmnam

2049 4857 2254 4927 legibus
2289 4863 2657 4927 constitutam.
2700 4859 2758 4912 Vi
2785 4861 2830 4910 1e
2868 4857 3208 4926 Hesyrhium.
3238 4857 3334 4913 BA.

2119 4928 2228 4996 (8i)
2277 4927 2520 4996 ’Eowof).
2554 4926 2850 4988 Examinis,
2881 4927 3229 4986 ebullitionis,
3268 4929 3442 4996 grrgis
3473 4931 3618 4982 den-

2047 4995 2224 5066 sioris.
2278 4997 2417 5066 Ideni
2473 4995 2768 5066 Hvsvchius
2809 5013 2823 5049 :
2883 4996 3078 5066 Ἐσμδς
3101 5036 3114 5054 ,
3150 4997 3304 5064 ὄχλος
3327 5039 3342 5062 ,
3372 4995 3575 5066 πλῆθος
3599 5038 3614 5062 ,

2047 5065 2466 5136 συναθροισμόςο
2499 5065 2704 5131 κυρίως
2727 5065 2784 5118 δὲ
2817 5066 2908 5117 ἐπὶ
2927 5065 3198 5136 μελισσῶν
3225 5065 3612 5135 ἀθροίσματος.

2051 5135 2186 5188 Male
2218 5135 2456 5204 uomitus,
2494 5139 2636 5189 velut
2664 5137 2855 5204 ἐμέτου
2891 5136 3174 5202 legeretur,
3212 5139 3390 5189 vertit.
3424 5137 3508 5190 «ιο.

2127 5205 2238 5270 (8‘2)
2282 5202 2450 5274 Nemo
2481 5202 2841 5274 ἱιιίίιὶὶιιειειίι
2870 5205 3153 5274 legendum
3178 5204 3614 5274 ἀπηλλαγμένον,

2058 5277 2136 5325 vel
2162 5272 2625 5342 ἀπηλλειμμένον.
2659 5274 2792 5327 ¹Ι’Λιι.
2828 5273 2989 5328 liccte
3017 5273 3236 5340 corrigit
3263 5272 3483 5328 dot-tiss.
3521 5275 3618 5326 Τει-

2057 5345 2236 5404 riuns,
2295 5342 2732 5410 ἀπηλλαγμένον.
2801 5343 2988 5394 Veram
3052 5343 3375 5394 sententiam
3436 5345 3618 5395 animo

2051 5413 2212 5463 etiam
2252 5411 2438 5464 habuit
2472 5411 2890 5475 Genebrurdus;
2935 5412 3029 5464 sed
3076 5411 3259 5463 nescio
3300 5429 3364 5464 an
3411 5423 3614 5464 textum

2052 5482 2320 5546 integrum
2365 5481 2434 5532 sit
2483 5493 2721 5533 secutus.
2760 5479 2946 5534 illi-lius
2976 5482 3194 5534 cumino
3226 5479 3477 5533 'l’nrinus.
3519 5480 3614 5534 BA.

2123 5550 2234 5619 (85)
2282 5549 2463 5614 Neque
2517 5549 2747 5616 speciem
2802 5550 2961 5619 ullam
3019 5565 3196 5619 neque
3269 5549 3614 5605 ίιῆεριίοηυιη

2053 5617 2268 5673 malitiae
2301 5619 2550 5686 (iul'uisse
2587 5619 2804 5672 Christo
2847 5618 3012 5685 dicit,
3049 5617 3242 5675 Anima
3281 5633 3334 5677 et
3384 5635 3615 5691 corpore
