4042 6142
333 359 468 424 1133

1351 353 1808 416 DISPUTATIO
1846 354 1943 414 DE
1980 353 2232 414 MUNDI
2273 353 2625 415 OPIFICIO.

3466 346 3601 414 lifll

398 478 466 532 A.
503 473 718 548 Χαρίζῃ
745 490 854 545 μοι,
887 465 932 526 ὦ
961 469 1136 542 ’γαοὲ,
1158 470 1186 524 ὃ
1218 486 1266 522 τι
1302 467 1397 522 καὶ
1427 467 1608 537 βούλει
1651 466 1918 520 πυνθανό-

2096 467 2163 520 A.
2201 465 2329 520 Mihi
2387 481 2500 521 rein
2551 465 2916 536 gratissimam
2961 461 3177 530 feceris,
3224 461 3362 519 bone
3400 463 3503 528 vir,
3552 465 3596 522 si

331 586 516 642 μενος.

403 662 462 715 Β.
493 661 598 713 Τὸν
625 659 778 726 Θεὸν,
806 657 1156 726 αὐτεξούσιον
1187 657 1548 728 πεποιηκέναι
1579 656 1671 709 τὸν
1701 651 1912 724 ἀνορω-

336 770 438 806 πον
467 753 652 820 ἔλεγες
669 770 685 818 ;

407 841 471 892 Α.
503 839 633 892 Ναί.

404 953 466 1006 Β.
499 953 608 1006 Καὶ
635 952 799 1021 νόμον
822 950 984 1004 αὐτὸν
1020 950 1304 1022 εἰληφέναι
1336 952 1474 1022 πρὸς
1513 950 1609 1005 τοῦ
1638 953 1916 1023 Δημιουρ-

338 1045 440 1114 γοῧ
461 1060 474 1076 ο
502 1038 664 1114 ⁴ἧττον
687 1043 744 1096 δὲ
771 1043 1052 1115 φροντίσαι
1081 1041 1176 1095 τοῦ
1212 1043 1380 1112 νόμου
1409 1043 1508 1097 καὶ
1535 1042 1918 1114 κατολιγωρῆ-ο

343 1153 431 1190 σαι
449 1135 544 1188 τοῦ
573 1133 866 1205 νομοθέτου
884 1151 900 1202 ;

305 1225 324 1284 l
411 1247 475 1300 Α.
506 1247 653 1300 Πάνυ
679 1262 763 1314 γε.

413 1339 474 1392 Β.
507 1338 618 1390 Καὶ
643 1337 850 1407 ταύτην
880 1337 1062 1394 αἰτίαν
1096 1336 1234 1408 ἔφης
1259 1336 1360 1407 τῆς
1394 1335 1603 1400 λύσεως
1636 1334 1749 1406 (9);

409 1432 476 1484 Α.
506 1430 617 1484 Καὶ
654 1429 763 1502 γὰρ
785 1427 958 1493 οὓτως
991 1428 1126 1500 ἔχει.

419 1545 480 1598 Β.
509 1543 606 1608 Τίς
631 1539 746 1606 οὖν,
787 1537 832 1598 ὦ
868 1543 1043 1612 ’γαθὲ,
1078 1541 1295 1612 ἀνάγκη
1333 1542 1567 1614 τιμῆσαι
1621 1542 1722 1613 τὴν
1759 1542 1924 1612 φύσιν

345 1636 650 1706 ἐλευθερίᾳ,
682 1636 778 1690 καὶ
804 1635 866 1689 τὸ
895 1634 1246 1700 αὐτεξούσιον
1284 1633 1470 1689 δοῦναι
1500 1633 1570 1689 δι’
1601 1629 1666 1689 οὗ
1699 1635 1926 1706 ἔμελλεν

345 1729 425 1790 είς
448 1725 655 1800 φθορὰν
691 1725 1118 1798 κατασύρεσθαι,
1151 1727 1246 1780 καὶ
1275 1725 1393 1779 τόδε
1427 1725 1491 1779 τὸ
1522 1727 1630 1779 πᾶν
1664 1725 1927 1796 συνεφέλ-

345 1819 580 1885 κεσθαι;
617 1819 651 1890 ἢ
687 1818 807 1883 πῶς
839 1819 938 1885 τῆς
985 1818 1277 1888 ὀλιγωρίας
1315 1816 1410 1872 τοῦ
1466 1818 1655 1888 νόμου,
1713 1818 1782 1890 ἢν
1837 1819 1933 1874 καὶ

2021 556 2282 626 quidquid
2313 565 2420 612 tua:
2444 555 2710 610 voluntati
2738 554 2971 618 sedebit,
3003 553 3360 623 perconteris.

2091 648 2152 703 Β.
2210 647 2376 702 Deum
2438 662 2552 703 sua:
2601 646 2888 716 potestatis
2931 644 3130 702 fecisse
3178 645 3456 702 hominem
3512 644 3603 704 di-

2023 742 2183 796 cebas
2204 741 2230 794 ‘l

2093 836 2160 888 A.
2205 833 2457 888 Maxime.

2098 947 2159 1002 Β.
2198 947 2264 1002 Ει
2300 947 2473 1017 legem
2523 945 2591 1000 ab
2628 942 2839 1014 Opiﬁce
2882 942 3180 1012 accepisse,
3220 944 3316 1000 sed
3357 957 3478 1000 eam
3518 956 3608 998 ne-

2025 1040 2282 1112 glexisse,
2319 1036 2826 1106 contempsisseque
2848 1033 3260 1105 legislatoreml

2097 1238 2166 1293 Δ.
2206 1235 2493 1308 Equidem.

2100 1328 2162 1383 Β.
2202 1329 2282 1382 Ac
2322 1343 2444 1384 eam
2489 1341 2712 1384 causam
2749 1343 2872 1385 esse
2915 1331 3178 1387 narrabas
3210 1326 3628 1385 dissolutionis?

2103 1417 2168 1472 A.
2203 1417 2283 1472 Ita
2309 1425 2413 1473 est.

2103 1527 2166 1582 Β.
2212 1527 2353 1596 Quid
2395 1529 2577 1600 igitur,
2599 1529 2740 1585 bone
2775 1531 2880 1596 vir,
2911 1529 3280 1586 necessarium
3321 1529 3422 1584 fuit
3454 1544 3614 1584 exor-

2033 1633 2166 1675 nare
2195 1631 2444 1676 naturam
2487 1620 2761 1688 libertate,
2813 1631 2872 1678 et
2906 1623 3134 1680 liberum
3169 1623 3454 1677 arbitrium
3511 1625 3607 1677 im-

2034 1711 2263 1780 partire.
2292 1725 2388 1782 per
2407 1713 2550 1781 quod
2577 1713 2692 1783 ipsa
2717 1715 3044 1770 attrahenda
3069 1721 3191 1771 erat
3215 1715 3280 1768 ad
3312 1715 3612 1780 interitum,

2037 1811 2093 1858 et
2137 1805 2281 1860 istud
2341 1805 2654 1862 universum
2712 1820 2900 1863 secum
2942 1807 3102 1862 simul
3152 1817 3618 1863 attractura:aut

349 1912 530 1965 αἰτίαν
546 1883 682 1982 ἔφης
702 1911 800 1981 τῆς
821 1883 1052 1974 λύσεως,
1075 1883 1332 1981 δευτέρας
1350 1908 1518 1979 οὐσης
1669 1883 1766 1964 τού
1788 1927 1930 1964 παν-

2050 1909 2142 1964 ιιιο
2168 1903 2326 1962 pacto
2369 1910 2494 1950 cum
2535 1897 2789 1967 neglectu
2833 1896 2990 1963 legis,
3019 1912 3182 1967 quam
3230 1911 3448 1952 causam
3499 1911 3619 1951 esse

347 2000 439 2064 τὸς
488 2000 880 2070 δημιουργίας,
931 1999 1095 2064 αὐτὸς
1137 1999 1434 2071 προλαϐὼν
1482 1999 1637 2070 (10),
1691 2000 1934 2073 φθαρτὸν

350 2089 522 2142 ἐποίει
555 2089 644 2142 τὸν
674 2090 912 2159 κόσμον;

418 2287 482 2340 Α.
520 2287 702 2358 ’ῌδει,
755 2281 801 2340 ὦ
848 2287 1023 2357 “fciet,
1069 2291 1138 2360 τῇ
1197 2291 1587 2361 προγνωστικῇ
1638 2289 1870 2360 δυνάμει
1909 2293 1938 2345 ὁ

348 2379 715 2448 Δημιουργὸς,
763 2379 836 2443 ὡς
887 2379 1217 2452 ὀλιγωρήσει
1269 2380 1365 2434 τοῦ
1416 2381 1586 2451 νόμου
1637 2381 1732 2434 καὶ
1782 2380 1938 2434 ἔσται

347 2467 544 2539 θνητὸς
585 2471 613 2521 ὁ
642 2469 928 2540 ἄνθρωπος
957 2486 970 2499 ·
996 2471 1091 2524 καὶ
1121 2471 1338 2540 φθάσας
1384 2469 1578 2542 θνητὸν
1610 2469 1759 2540 αὐτῷ
1796 2487 1935 2525 κατ-

348 2560 616 2623 εσκεύαζε
657 2561 861 2630 κόσμον
891 2564 1200 2635 ἐπιτήδειον
1225 2563 1568 2633 ἐνδιαίτημα.
1600 2563 1814 2633 Ἐγὼδέ
1847 2581 1930 2618 σοι

351 2651 449 2704 καὶ
477 2652 573 2705 τοῦ
600 2653 853 2720 γενέσθαι
881 2655 974 2708 τὸν
1011 2656 1300 2727 ἄνθρωπον
1338 2653 1689 2720 αὐτεξούσιον
1717 2656 1815 2726 τὴν
1858 2655 1939 2708 al-

348 2745 475 2796 τίαν
524 2745 948 2817 ἀποκρινοῦμαι.
985 2749 1059 2803 Σὺ
1095 2749 1151 2803 δὲ
1189 2749 1243 2803 εἴ
1267 2767 1321 2802 τι
1359 2749 1550 2821 ἕτερον
1593 2748 1755 2820 ἔχεις,
1802 2765 1938 2803 πυν-

353 2835 544 2889 Οάνου.

427 2952 488 3005 Β.
517 2952 651 3006 Φάοι
677 2954 815 3018 τέως
844 2955 906 3008 τὸ
938 2955 1231 3026 προταοὲν.

424 3061 490 3116 Α,
529 3062 698 3132 Φημί.
736 3063 794 3116 Ὀ
831 3065 1197 3135 Δημιουργὺς,
1245 3059 1290 3120 ὧ
1325 3066 1568 3136 φιλότης,
1602 3069 1809 3136 ἀγαθὸς
1842 3067 1938 3133 ὢν,

354 3151 558 3222 μᾶλλον
589 3152 646 3204 δὲ
697 3155 730 3222 ἡ
761 3154 1137 3225 αὐταγαοότης
1172 3157 1283 3227 (ll)
1325 3159 1419 3212 καὶ
1464 3159 1515 3210 τ’
1555 3158 1782 3226 ἀγαθὸν,
1813 3159 1942 3228 βού-

359 3351 482 3405 ραν,
506 3333 662 3404 δίκην
685 3335 917 3404 ἀλόγων,
940 3330 1086 3410 ᾗπερ
1112 3337 1177 3392 ἂν
1195 3338 1384 3408 ἄγοιτο
1410 3341 1786 3412 συνεπομένην
1802 3340 1936 3412 (12)’

356 3424 494 3494 πρὸς
523 3425 576 3477 δὲ
627 3427 720 3479 καὶ
749 3427 810 3479 τὸ
839 3429 1002 3481 καλὸν
1048 3430 1322 3501 ἡμέτερον
1353 3431 1468 3502 (l3)
1521 3427 1664 3486 εἶναι
1683 3448 1698 3464 ·
1745 3433 1806 3486 οὐ
1839 3432 1947 3503 γὰρ

341 3513 424 3596 ,δὴ
470 3515 564 3568 τοῦ
609 3517 808 3586 δεσμοῦ
851 3519 948 3589 τῆς
1000 3519 1254 3588 φύσεως,
1327 3521 1416 3575 ἴνα
1462 3523 1562 3592 τὴν
1603 3522 1806 3594 ἀρετὴν
1835 3523 1950 3593 (Η)

360 3605 580 3668 ἑκόντες
627 3607 988 3678 ἐργαζόμενοι
1029 3611 1122 3664 καὶ
1157 3612 1227 3664 τά
1265 3612 1426 3680 καλὰ,
1471 3614 1710 3668 ἐπαίνων
1758 3631 1818 3667 τε
1851 3614 1948 3667 καὶ

361 3695 540 3790 ἄθλων
591 3697 893 3769 ἀξιώμεοα.
928 3701 1002 3752 Οὐ
1042 3701 1150 3790 γὰρ
1195 3703 1258 3755 τὸ
1297 3703 1718 3774 ἠναγκασμένον
1757 3704 1942 3769 καλὸν,

363 3785 514 3855 αὐτῷ
553 3787 726 3854 φίλον,
765 3787 902 3841 ἀλλὰ
950 3789 1011 3841 τὸ
1057 3785 1121 3843 ἐκ
1153 3791 1536 3861 προαιρέσεως
1585 3794 1943 3864 γεωργούμε-

365 3895 454 3929 νον
487 3879 648 3948 (Μ’).
680 3880 749 3932 Ἢ
809 3881 872 3934 σὺ
931 3880 1024 3933 τὸν
1075 3881 1264 3950 ἱκέτην
1312 3883 1404 3934 τὸν
1461 3882 1685 3948 σαυτοῦ,
1734 3900 1944 3952 μαστι-

367 3967 491 4032 γίαν
521 3969 790 4040 (15)6ντα
826 3973 922 4024 καὶ
959 3971 1248 4041 δεσμώτην
1291 3974 1556 4039 ἐπαινεῖς,
1596 3975 1752 4026 εἵπου
1783 3991 1836 4027 τι
1869 3969 1944 4029 ὧν

369 4061 672 4127 κελεύεται,
701 4063 1119 4132 διαπράττεται,
1157 4063 1190 4134 ἢ
1233 4065 1364 4117 ὅταν
1397 4065 1671 4135 μηδεμιᾶς
1700 4064 1948 4136 ἀνάγκης

367 4153 746 4225 ἐπικειμένης,
783 4157 877 4208 καὶ
913 4155 1200 4226 μάστιγος,
1253 4156 1484 4227 μηδενὸς
1512 4156 1950 4228 ἀπολιμπάνοιτο

378 4352 652 4430 Ἑλλήνων
678 4355 941 4430 νοούμενα
960 4357 1034 4430 ᾡς
1062 4358 1372 4430 συνάναρχα
1394 4358 1686 4430 λόγοςέστὶ
1713 4359 1940 4429 μάταιος

370 4424 466 4476 καὶ
485 4424 788 4499 ᾲνίσχυρος·
814 4427 914 4499 fisa.
935 4428 1043 4499 γὰρ
1059 4424 1352 4483 πλάττουσι
1379 4424 1725 4499 μορφώματα
1739 4431 1936 4489 σεπτᾶι,

369 4494 846 4570 τιμώμεγαᾼτταᾷ
906 4494 1086 4549 αὐτῶν
1109 4499 1212 4570 ζὼς
1273 4494 1408 4570 Οεοῖ,
1453 4494 1552 4551 οὐκ
1579 4494 1764 4570 ίῆσαν,
1823 4501 1936 4552 ἀλλ’

375 4564 639 4636 ἐγένοντο,
671 4565 996 4636 θελήσαντος
1040 4568 1134 4620 τοῦ
1186 4568 1422 4636 μεγάλου
1469 4569 1602 4622 Θεοῦ

375 4635 546 4708 ξίιιιιιε
601 4645 654 4686 et
708 4635 1103 4708 disertissimus
1153 4635 1408 4701 Theologi
1463 4638 1599 4692 liber
1642 4640 1947 4708 jiiugeiiiliis

381 4701 610 4782 lectione
655 4715 710 4757 et
744 4707 1174 4782 consideratione
1206 4709 1361 4782 _|_iuic_
1377 4701 1659 4765 Zachariae
1698 4701 1943 4778 disputa-

385 4774 536 4833 tioui,
571 4789 692 4825 eum
725 4774 838 4828 suis
863 4779 1291 4830 commentariis.
1328 4778 1424 4832 Ba.

453 4841 527 4909 (9)
570 4843 776 4896 Αἱτίαν
817 4843 928 4912 τῆς
981 4847 1236 4914 λύσεως.
1292 4849 1520 4901 Causam
1568 4859 1630 4902 iit
1677 4850 1854 4902 anima
1891 4859 1945 4902 et

381 4925 578 4984 Cur-pus
619 4930 646 4963 ai
685 4929 742 4965 se
773 4914 1046 4970 discedere
1083 4926 1404 4981 cogerentur
1432 4927 1484 4970 et
1516 4932 1796 4984 cogantur.
1843 4921 1940 4974 Ba.

451 4981 560 5049 (ιο)
581 4984 924 5054 Προλιιϐών.
963 4987 1100 5038 Deus
1129 4989 1417 5054 prieseicns
1457 4981 1672 5042 hine—Sic
1721 5005 1943 5042 succes-

379 5052 668 5124 Slll‘:l._Esl
698 5070 848 5124 sane
874 5057 1089 5124 dignus
1127 5052 1336 5110 vindice
1385 5057 1471 5110 hic
1511 5061 1701 5111 nodus.
1740 5059 1946 5124 Qiizerit

379 5120 522 5196 enim
548 5121 634 5174 hic
657 5120 978 5196 discipulus,
991 5141 1111 5196 cum
1139 5141 1232 5193 per
1253 5136 1618 5194 contemptum
1645 5120 1946 5196 legismuii—

379 5190 480 5240 iliis
523 5201 667 5264 esset
702 5191 925 5264 futurus
960 5190 1285 5248 dissolubilis
1311 5206 1366 5250 et
1392 5190 1756 5264 eiiiiteiiiptiiiii
1798 5198 1946 5250 illum

381 5261 675 5335 prae-scierit
717 5261 878 5322 Deus.
913 5261 1058 5335 [cur]
1093 5267 1347 5317 mundum
1395 5275 1572 5318 tamen
1608 5261 1950 5334 corruptibi-

384 5330 485 5448 :t‘ltll
534 5335 837 5452 eoﬁdiderit
873 5351 886 5387 :
916 5330 1251 5403 superﬂuum
1296 5335 1440 5389 enim
1490 5337 1591 5388 hoc
1633 5351 1755 5390 esse
1789 5330 1951 5392 vitle-

406 5417 446 5445 ιιι
481 5414 562 5449 iir.
639 5419 693 5452 Α.

406 5408 562 5449 ialiir.
596 5408 693 5455 ΒΑ.

457 5469 568 5544 (ll)
589 5475 1025 5544 ᾼὺταγαθότης.
1049 5474 1166 5544 Ipsa
1198 5475 1250 5529 in
1275 5489 1333 5529 se
1355 5491 1563 5542 suaque
1591 5485 1778 5528 natura
1810 5480 1952 5544 prin-

386 5535 574 5602 cipalis
597 5535 833 5604 bonitas;
853 5535 1004 5610 cujus
1021 5535 1138 5598 esse
1159 5547 1328 5613 ipsum
1357 5547 1427 5599 sit
1447 5535 1540 5598 sua
1567 5535 1976 5614 genuina-boni—

392 5615 566 5679 tas,_ut
589 5626 922 5679 nequaquam
949 5615 1085 5666 alius
1107 5615 1224 5668 fons
1240 5617 1308 5668 sit
1327 5617 1517 5669 nativa:
1541 5616 1816 5669 bonitatis.
1847 5615 1944 5671 Ba.

459 5677 569 5754 (l2)
594 5677 904 5754 Legenduiii
941 5686 1338 5752 συνεπομένων.
1375 5685 1508 5740 Tan.
1541 5687 1612 5737 lia
1649 5696 1791 5736 rei-Ic
1823 5702 1944 5738 cur-

392 5751 529 5798 rcxit
572 5751 792 5804 doctiss.
843 5751 1086 5807 Tariuus.
1128 5758 1232 5808 Sed
1281 5766 1456 5808 tamen
1505 5771 1673 5824 neque
1717 5756 1942 5806 ιιιιιτιιιιι

354 3242 508 3294 λεται
545 3242 618 3312 μὴ
645 3243 911 3312 ἀνάγκαις
945 3245 1268 3300 ὐποκεῖσοαι
1294 3248 1394 3318 τὴν
1422 3246 1586 3316 φύσιν
1615 3249 1715 3317 τὴν
1737 3249 1939 3319 ήμετέ-
1967 3227 2010 3283 c

2038 1989 2258 2045 dicebas
2286 1989 2678 2057 dissolutionis,
2709 1991 3070 2062 posteriorem
3097 1990 3474 2046 universitatis
3501 1989 3622 2058 opi-

2039 2079 2164 2135 ticio
2209 2079 2350 2136 Deus
2387 2091 2516 2136 ante
2550 2081 2873 2152 perciperet,
2923 2081 3336 2154 corruptibilem
3384 2081 3622 2136 faciebat

2039 2171 2297 2226 mundum
2313 2171 2360 2226 ?-
2695 2199 2698 2204 -

2109 2287 2174 2341 Α.
2219 2284 2438 2342 Sciebat
2478 2287 2854 2358 praenoscendi
2899 2286 3162 2343 facultate
3201 2285 3398 2356 Opifex
3439 2287 3620 2342 homi-

2041 2393 2163 2434 nem
2207 2386 2645 2450 contempturum
2698 2394 2852 2434 suam
2903 2377 3103 2448 legem,
3148 2377 3376 2448 foreque
3419 2388 3622 2434 morta-

2039 2469 2168 2534 lem,
2215 2469 2403 2538 sicque
2449 2471 2756 2540 anticipans
2807 2471 3093 2526 mortalem
3143 2470 3244 2540 ipsi
3296 2470 3623 2540 praeparavit

2040 2563 2298 2615 mundum
2351 2563 2821 2618 accommodatum
2875 2563 3230 2618 domicilium.
3283 2563 3398 2633 Ego
3438 2574 3620 2619 autem

2042 2652 2135 2706 tibi
2181 2666 2403 2706 causam
2447 2668 2546 2708 cur
2585 2656 2762 2710 factus
2819 2654 2892 2709 sit
2940 2653 3106 2710 homo
3156 2669 3270 2710 suae
3310 2655 3620 2725 potestatis,

2041 2742 2381 2810 respondebo
2409 2761 2422 2798 :
2453 2743 2549 2798 sed
2577 2743 2624 2799 si
2655 2742 2785 2814 quid
2815 2742 2964 2800 aliud
2988 2742 3180 2812 habes,
3213 2744 3509 2814 interroga.

2111 2943 2174 2998 Β.
2217 2942 2502 3012 Explicato
2544 2910 3118 3014 quamprimum-quod
3149 2943 3485 3014 propositum
3506 2953 3617 3001 est.

2115 3059 2182 3114 A.
2224 3055 2470 3113 Faciam.
2517 3057 2749 3114 Crealor
2798 3058 2976 3114 bonus
3025 3073 3148 3114 cum
3198 3058 3292 3122 sit,
3348 3058 3458 3113 imo
3491 3073 3624 3113 vero

2043 3151 2161 3220 ipsa
2192 3150 2432 3217 bonitas,
2467 3163 2854 3218 summumque
2896 3149 3120 3215 bonum,
3163 3149 3340 3220 primo
3371 3149 3481 3205 vult
3516 3165 3623 3206 non

2047 3241 2464 3296 necessitatibus
2494 3230 2689 3310 subjici
2719 3249 2971 3296 naturam
3014 3251 3280 3307 nostram,
3315 3257 3468 3298 more
3493 3243 3626 3298 bru-

2049 3343 2265 3398 torum,
2321 3342 2380 3386 ut
2416 3345 2743 3402 quocunque
2797 3330 3028 3401 impulsa
3079 3332 3278 3396 fuerit,
3334 3335 3623 3388 trahatur:

2049 3422 2245 3478 deinde
2270 3425 2469 3478 bonum
2497 3434 2743 3480 nostrum
2777 3439 2898 3479 esse
2925 3439 3030 3478 non
3055 3437 3086 3477 ο
3119 3434 3326 3477 natura:
3355 3438 3517 3489 nexu,
3539 3435 3620 3490 ut,

2047 3515 2135 3568 ubi
2159 3515 2378 3570 virtuiis
2415 3530 2579 3584 opera
2624 3525 2679 3570 et
2708 3516 2967 3585 praeclara
2997 3514 3239 3570 volentes
3277 3515 3623 3584 gesserimus.

2047 3605 2204 3661 laude
2255 3615 2308 3661 et
2335 3607 2572 3677 praemiis
2603 3607 2747 3675 digni
2796 3607 2988 3662 simus.
3032 3605 3295 3662 Coactum
3339 3608 3484 3662 enim
3530 3608 3629 3662 hoc

2047 3713 2174 3751 num
2213 3698 2310 3768 ipsi
2351 3708 2562 3768 gratum
2591 3714 2698 3753 non
2731 3707 2840 3765 est,
2883 3699 2978 3754 sed
3021 3701 3163 3769 quod
3197 3699 3423 3754 consilio
3449 3709 3503 3754 et
3531 3700 3626 3754 de-

2047 3789 2187 3843 lectu
2237 3789 2464 3858 geritur.
2531 3789 2686 3844 Tune
2737 3805 2955 3844 servum
2998 3798 3147 3844 tuum
3176 3791 3530 3846 verberonem
3576 3799 3632 3843 et

2048 3879 2310 3944 vinctum,
2367 3891 2546 3934 tamen
2591 3879 2801 3945 laudes,
2853 3881 2899 3934 si
2937 3882 3155 3948 quando
3187 3880 3391 3948 aliquid
3437 3895 3626 3934 eorum

2049 3989 2168 4042 qua:
2191 3973 2347 4042 jussa
2389 3984 2536 4038 sunt,
2561 3974 2916 4043 pi'mstiterit?
2945 3988 3014 4026 an
3040 3989 3162 4028 cum
3196 3973 3340 4026 nulla
3383 3974 3628 4027 necessi-

2052 4076 2163 4120 tate
2208 4065 2406 4135 iujecta
2457 4079 2559 4121 nec
2605 4065 2793 4134 ﬂagro,
2833 4065 2966 4119 nihil
3021 4064 3394 4135 praetermittit
3433 4077 3624 4118 eorum

2052 4172 2172 4226 qua:
2209 4157 2418 4213 ratione
2442 4158 2658 4212 servilis
2687 4156 3014 4213 conditionis
3043 4158 3204 4212 debet
3246 4154 3480 4222 eliicere,
3535 4170 3632 4210 ne-

2048 4360 2178 4413 illuil
2209 4360 2583 4430 συνεπομένην
2631 4359 3082 4413 contemnendum
3111 4399 3126 4426 ,
3160 4357 3627 4428 approbatumque

2047 4429 2292 4485 Genelira
2302 4433 2416 4485 nlo.
2453 4429 2551 4484 Bs.

2117 4501 2230 4571 (15)
2261 4500 2329 4555 Τὸ
2355 4504 2548 4555 καλὸν
2568 4499 2880 4570 ἡμέτερον.
2907 4498 3060 4571 Quod
3089 4501 3490 4571 saneno'strum
3517 4511 3622 4551 non

1227 4568 1422 4636 εγάλου
1465 4568 1636 4640 Θεοῦ(
1665 4569 1712 4622 ls
1745 4570 1948 4623 doetis-
1981 4578 2026 4634 0
2053 4568 2218 4633 esSel,
2253 4573 2296 4624 si
2348 4568 2670 4640 cogeremur
2703 4573 2882 4624 alieno
2928 4569 3154 4640 arbitrio
3192 4569 3472 4640 obtinere,
3525 4581 3626 4621 nec

2055 4651 2299 4694 nostrum
2353 4637 2500 4695 ἱιιἹιΙ
2541 4650 2689 4694 esset
2737 4641 3056 4694 dominium.
3088 4637 3240 4704 Quod
3280 4639 3624 4702 acquiramiis

2051 4712 2450 4779 quodammodo
2500 4711 2698 4763 malum
2745 4721 3060 4777 slieriieiiles
3107 4719 3162 4762 et
3215 4721 3422 4762 summa
3461 4706 3629 4779 vi_vi-

2054 4774 2267 4841 tantes,
2308 4781 2568 4842 mutabili,
2614 4794 2713 4834 nec
2753 4774 3005 4832 mutanda
3051 4789 3252 4839 tamen,
3288 4785 3488 4832 mente.
3526 4774 3623 4833 Ba.

2123 4850 2232 4919 (Li)
2262 4848 2376 4902 Non
2401 4852 2535 4902 satis
2558 4857 2670 4903 Iiiec
2700 4851 2994 4919 cohaerent.
3024 4849 3212 4919 Scribe
3234 4847 3487 4919 si__plaeet
3520 4863 3534 4898 :
3562 4845 3623 4919 οὐ

2051 4913 2157 4990 γάρ
2188 4913 2251 4988 δὴ
2284 4919 2376 4972 τοῦ
2412 4919 2612 4990 δεσμοῦ
2649 4919 2750 4988 τῆς
2785 4917 2999 4988 φύσεως
3026 4917 3234 4982 ἕνεκεν,
3269 4915 3383 4969 ἀλλ’
3411 4916 3496 4967 ἵνα
3525 4913 3624 4986 τὴν

2051 4993 2140 5042 an.
2180 4991 2273 5042 BA.

2089 5038 2272 5126 Villii
2325 5060 2800 5128 ΓεωρτῸύμενρν.
2847 5057 3110 5128 Gregorio
3194 5065 3252 5109 ut
3327 5055 3623 5128 pleraque.

2053 5139 2190 5180 orat.
2222 5125 2245 5181 l
2282 5147 2294 5182 :
2327 5130 2435 5183 Καὶ
2453 5125 2611 5181 τοῦτο
2635 5131 2692 5181 δὲ
2718 5125 2784 5199 ἦν
2806 5131 2914 5198 ἄρα
2939 5125 3035 5198 τῆς
3065 5129 3239 5199 ἄκρας
3266 5125 3622 5199 ἀγαθότητος,

2057 5199 2277 5268 ποιῆσαι
2314 5199 2376 5250 τὸ
2412 5199 2613 5266 ἀγαθὸν
2651 5195 2751 5251 καῖ
2798 5195 3064 5267 ἡμέτερον
3087 5239 3100 5262 ,
3142 5195 3212 5249 ὀὐ
3253 5197 3415 5265 φύσει
3465 5195 3625 5268 μονον

2057 5265 2582 5338 κατασπειρὸμενον,
2616 5269 2748 5320 ἁ).λᾶ
2797 5265 2899 5338 καὶ
2922 5265 3237 5338 προαιρέσει
3269 5265 3625 5338 γεωργούμεη

2059 5355 2147 5390 νον
2179 5339 2274 5390 καὶ
2297 5335 2408 5399 τοῖς
2435 5339 2602 5406 ἄμφω
2629 5339 2724 5392 τοῦ
2753 5335 3100 5402 αὐτεξούσεου
3132 5339 3450 5408 κινήμασιν,
3485 5335 3622 5408 Tan.

2127 5409 2238 5477 (l5)
2277 5410 2632 5477 Μαστιγίαν.
2671 5409 2874 5462 Comici
2909 5413 3046 5461 liam:
3074 5407 3258 5461 vocem
3290 5407 3445 5459 Latio
3470 5407 3628 5458 dona-

2055 5489 2197 5536 runt,
2233 5495 2336 5530 non
2381 5480 2595 5530 iuventa
2642 5493 2744 5546 qua
2790 5479 3073 5530 commode
3113 5480 3623 5546 interpretarentur.

2052 5547 2286 5612 (lyrillus
2321 5558 2520 5606 tamen,
2560 5563 2708 5600 more
2733 5562 2850 5610 suo,
2905 5547 2954 5599 id
3003 5557 3230 5601 conatus
3267 5555 3350 5600 est
3381 5563 3395 5598 :
3432 5560 3625 5614 μαστιο

2051 5617 2200 5682 γίας,
2231 5619 2552 5677 vei'berosus,
2584 5617 2920 5684 flagellas-us;
2949 5617 3033 5670 cui
3066 5617 3271 5670 scilicet
3300 5616 3524 5684 verbera
3570 5622 3627 5668 et

2051 5687 2251 5748 lligella
2293 5685 2440 5737 velut
2480 5683 2668 5738 iiaiura
2701 5697 2791 5737 aut
2833 5687 2940 5739 fato
2971 5688 3318 5740 conveniant.
3369 5683 3624 5738 Verbero

2051 5773 2170 5806 nem
2204 5759 2270 5808 ab
2300 5771 2396 5807 usu
2426 5764 2478 5807 et
2511 5758 2767 5822 patientia
2801 5758 3106 5824 quotidiana
3137 5759 3342 5812 dicunt.
3383 5754 3481 5814 ΒΔ.
