4042 6142
457 326 593 394 H35

1478 326 1875 388 7..tCtI.\1tt,-E
1918 327 1971 386 M
1982 328 2346 387 ITY].ENES
2385 327 2721 387 EPISCOPI

3574 325 3702 391 1136

454 458 561 511 que
602 441 887 496 adversum
912 454 972 495 ea
1004 453 1122 509 quin
1149 438 1249 508 ipsi
1288 438 1648 506 imperantur,
1693 438 2024 506 aggreditur,

2164 439 2238 490 ὦν
2277 439 2377 507 τῆς
2409 437 2651 501 δουλείας
2678 437 2881 508 ἔργων,
2917 435 3054 508 μηδὲ
3104 438 3333 491 κατόπιν
3362 436 3433 491 τοι
3464 436 3570 490 τῶν
3600 439 3703 491 σῶν

394 526 413 540 ⁸
461 533 552 587 sed
584 540 829 603 prompte
854 548 974 586 cum
1008 532 1173 585 animi
1211 530 1484 600 voluptate
1515 530 1840 585 famulatur?

529 709 687 780 291
721 708 779 764 Β.
812 706 979 763 Planc
1004 708 1272 779 posterius
1302 680 1596 778 amplector
1621 723 1682 763 ac
1713 707 1931 779 recipio.

532 887 594 939 Α.
636 884 832 951 Quidni
881 885 1044 955 igitur
1081 886 1311 940 Creator
1347 885 1642 955 posteriori
1689 886 1922 950 insistat,
1969 887 2036 940 il-

461 978 659 1046 ludque
708 977 1105 1047 amplectatur,
1150 976 1321 1030 solam
1379 988 1626 1031 nostram
1671 979 1806 1032 bene
1848 978 2038 1047 agendi

465 1069 730 1122 rationem
760 1078 1047 1137 expetens,
1077 1082 1140 1122 ac
1164 1067 1323 1121 istam
1358 1072 1529 1124 solam
1561 1084 1591 1124 e
1616 1068 1772 1123 nobis
1791 1069 2035 1139 volupta-

465 1171 570 1214 tem
620 1159 861 1225 capiens,
921 1167 979 1212 ut
1016 1158 1315 1222 salvcmur,
1347 1160 1802 1227 quemadmodum
1852 1162 1928 1214 ait
1958 1162 2042 1214 in-

463 1252 635 1321 signis
680 1250 765 1305 ille
811 1262 865 1304 et
914 1251 1128 1305 divinus
1162 1250 1451 1306 Clemens?
1493 1249 1678 1321 Itaque
1704 1249 1797 1322 qui
1853 1252 2043 1306 tollunt

466 1344 696 1396 liberum
744 1340 1075 1402 arbitrium.
1127 1350 1183 1395 et
1228 1340 1485 1396 incusant
1537 1342 1853 1396 Creatorem
1902 1342 2044 1411 quod

466 1451 574 1489 non
601 1434 788 1487 fecerit
819 1447 917 1486 nos
945 1432 1158 1486 consilii
1195 1443 1250 1486 et
1276 1432 1561 1488 electionis
1601 1444 1880 1503 expertes,
1913 1434 2045 1487 nihil

469 1528 613 1581 aliud
641 1540 802 1595 quam
832 1526 1048 1583 brutum
1086 1528 1347 1591 impetum
1379 1536 1433 1579 et
1467 1535 1716 1579 naturam
1754 1526 2047 1596 pmferunt

472 1620 711 1673 rationis.
733 1617 1001 1688 participi,
1032 1617 1453 1671 iuvoluntariam
1502 1620 1798 1690 motionem
1834 1631 2043 1686 praepo-

470 1720 663 1765 nentes
692 1710 1004 1764 voluntariae
1041 1710 1262 1764 motioni
1291 1718 1346 1764 et
1374 1710 1562 1763 virtuti
1591 1709 1802 1764 ratione
1834 1721 1889 1763 et
1911 1725 2046 1763 eou-

2138 529 2619 624 προσταγμάτων·
2675 529 2811 583 ἀλλά
2860 530 3170 601 προθυμίας
3218 527 3565 583 ύποδουλεύοι
3612 533 3705 583 σὺν

2138 622 2296 694 ἡδονῇ
2323 640 2339 689 ;

2212 714 2273 768 Β.
2315 714 2508 786 Δῆλον,
2547 708 2592 769 ὦ
2622 715 2797 785 ’γαθὲ,
2838 715 2913 780 ὡς
2969 717 3030 771 τὸ
3083 717 3340 789 δεύτερον
3395 716 3607 785 ἄγαμαί
3649 732 3707 768 τε

2142 804 2238 856 καὶ
2274 804 2594 875 ἀσπάζομαι
2628 805 2764 875 (16).

2211 892 2278 947 Α.
2322 894 2561 959 Οὐκοῦν,
2615 889 2661 949 ὦ
2716 895 2980 968 μακάριε,
3033 895 3127 949 καὶ
3180 899 3211 951 δ
3264 897 3607 969 Δημιουργδς
3640 898 3709 969 τῷ

2142 981 2385 1056 δευτέρῳ
2420 986 2648 1052 τίθεται,
2690 988 2784 1040 καὶ
2842 988 2992 1040 ’τουτὶ⁵
3028 988 3355 1055 ἀσπάζεται,
3417 990 3583 1060 μόνης
3620 992 3710 1060 τῆς

2143 1075 2423 1146 ἡμετέρας
2478 1075 2781 1147 εὐπραξίας
2842 1077 3190 1149 γλιχόμενος·
3226 1080 3320 1132 καὶ
3361 1079 3521 1133 τοῦτο
3560 1084 3714 1150 μόνον

2143 1164 2432 1218 ἀπολαύων
2467 1165 2625 1235 ἡμῶν
2661 1158 2707 1233 ᾧ
2746 1165 3029 1235 σωζόμεθα
3057 1182 3071 1197 ·
3124 1167 3200 1230 ὣς
3233 1184 3367 1238 φησι
3416 1169 3649 1238 Κλήμης
3689 1170 3715 1220 ὀ

2144 1256 2354 1319 κλεινὸς
2378 1258 2472 1309 καὶ
2498 1256 2875 1320 θεσπέσιος.οί
2904 1258 3084 1310 τοίνυν
3100 1257 3162 1310 τὸ
3194 1258 3541 1323 αὐτεξούσιον
3569 1261 3715 1312 ἀναι-

2151 1346 2390 1418 ροῦντες,
2420 1346 2515 1400 καὶ
2546 1348 2628 1400 ὃτι
2654 1349 2727 1419 μὴ
2766 1348 3056 1417 γεγόνασιν
3088 1344 3465 1423 άπροάίρετοι,
3498 1350 3590 1403 τὸν
3615 1353 3711 1420 Δη-

2150 1436 2413 1507 μιουργδν
2468 1438 2912 1507 καταιτιώμενοι,
2938 1440 3089 1492 οὐδὲν
3117 1441 3305 1511 ἕτερον
3338 1438 3499 1512 ῆ’τὴν
3533 1441 3719 1510 ἄλογον

2147 1529 2329 1598 ὁρμήν
2358 1545 2417 1581 τε
2466 1531 2559 1582 καὶ
2602 1528 2763 1597 φύσιν
2817 1531 3126 1601 προτιμῶσι
3181 1533 3280 1603 τῆς
3324 1532 3574 1603 λογικῆς,
3627 1532 3721 1602 τὴν

2149 1616 2405 1671 ἀκούσιον
2431 1617 2605 1687 φοράν
2651 1619 3001 1688 προτιθέντες
3029 1619 3124 1673 τοῦ
3158 1622 3403 1674 ἑκουσίου
3427 1623 3722 1692 κινήματος

2150 1713 2245 1764 καὶ
2279 1710 2378 1779 τῆς
2434 1709 2659 1779 λογικῆς
2711 1712 2949 1779 ἀρετῆς·
3008 1714 3102 1766 καὶ
3148 1714 3427 1784 μονονουχὶ
3465 1715 3722 1783 χαλεπαί-

470 1803 591 1855 silin
637 1801 871 1871 prmditze
911 1810 963 1855 et
1013 1801 1322 1866 instructae,
1372 1815 1435 1854 ac
1481 1798 1867 1869 propemodum
1912 1814 2053 1867 aegre

2161 1822 2335 1867 νοντες
2362 1805 2445 1858 ὅτι
2479 1803 2554 1875 μὴ
2587 1805 2879 1876 θρέμματα
2916 1807 3010 1859 καὶ
3036 1807 3258 1877 πίθηκοι
3293 1807 3534 1878 κάμηλοί
3554 1824 3611 1859 τε
3635 1809 3724 1860 καὶ

473 1895 709 1949 ferentes
737 1892 881 1963 quod
910 1906 1014 1946 non
1048 1906 1244 1961 pecora
1279 1902 1334 1946 et
1361 1891 1554 1955 simiae,
1602 1890 1792 1945 cameli
1823 1899 1878 1944 et
1911 1890 2047 1943 asini

473 1985 584 2040 nati
624 1992 774 2039 sunt.

545 2074 605 2130 Β.
649 2074 817 2140 licus,
851 2088 883 2128 ο
907 2072 1085 2141 beate,
1120 2085 1207 2126 me
1246 2070 1458 2125 asinum
1479 2079 1627 2125 certe
1665 2077 1719 2125 et
1760 2069 1970 2125 simiam
1997 2076 2051 2122 et

478 2167 763 2232 camelum,
791 2176 846 2221 et
874 2168 1044 2220 bruta:
1066 2175 1274 2219 natura:
1300 2172 1455 2218 notas
1489 2171 1709 2233 propter
1739 2160 2048 2231 huiusmodi

477 2262 830 2331 quaestionem
862 2257 1038 2313 fecisti
1066 2258 1081 2312 l

549 2353 611 2407 Α.
653 2350 885 2415 Jocaris,
913 2350 1052 2404 bone
1088 2348 1172 2403 vir
1200 2364 1214 2402 :
1242 2361 1344 2417 ego
1373 2360 1503 2401 vero
1531 2343 1909 2400 existimabam
1946 2357 2052 2398 non

480 2462 595 2497 esse
625 2441 908 2513 prudentis
954 2440 1167 2509 virique
1217 2435 1566 2508 intelligentis
1602 2434 1654 2489 in
1704 2444 1812 2489 tam
1848 2432 2054 2504 magnis

482 2536 689 2589 ludere.

558 2624 617 2677 Β.
662 2622 1034 2677 Urbauitatem
1077 2618 1338 2673 all‘ectans
1368 2617 1510 2672 istud
1536 2615 1804 2681 dicebam,
1839 2629 1942 2669 non
1965 2613 2052 2684 jo-

484 2732 635 2773 caus.
684 2712 816 2767 Nam
865 2728 925 2767 ca
976 2726 1095 2781 quae
1148 2710 1486 2773 dicebantur,
1542 2717 1629 2763 sat
1677 2706 1940 2776 intelligo,
1994 2720 2059 2762 ac

485 2808 713 2878 gratiam
761 2804 939 2859 habeo
977 2815 1195 2857 summo
1232 2798 1421 2870 Opiﬁci
1453 2800 1594 2869 quod
1630 2800 1857 2853 rationis
1898 2797 2061 2865 parti-

488 2904 660 2967 cipem
716 2896 953 2965 meique
982 2892 1192 2948 arbitrii
1229 2890 1617 2960 procreaverit.
1654 2887 1917 2943 lncusabo
1966 2903 2059 2941 auc

489 3004 594 3046 tem
626 3004 742 3047 non
794 2988 968 3057 ipsum
1006 2985 1223 3053 quidem
1258 3000 1272 3035 :
1306 2981 1436 3051 quid
1474 2981 1616 3034 enim
1656 2981 1820 3035 homo
1843 2981 2061 3033 incusa-

489 3082 629 3135 vcrit
681 3082 1005 3147 sapientem,
1058 3075 1385 3144 penitusque
1430 3074 1629 3127 bonum
1684 3080 1739 3125 et
1795 3069 2063 3140 probum?

2155 1894 2266 1947 ὅνοι
2294 1895 2610 1963 γεγόνασιν.

2230 2071 2291 2124 Β.
2340 2069 2443 2123 ’ἰοὺ
2473 2109 2488 2131 ,
2512 2062 2557 2123 ὦ
2585 2071 2823 2141 μακάριε
2861 2071 2993 2141 (l7),
3021 2071 3095 2133 ὡς
3134 2069 3253 2125 ὃνον
3283 2088 3350 2141 με
3382 2073 3477 2126 καὶ
3503 2072 3728 2142 πίθηκον

2158 2164 2254 2216 καὶ
2287 2162 2535 2232 κάμηλον
2575 2164 2671 2216 καὶ
2701 2163 2768 2215 τά
2805 2166 2902 2234 τῆς
2934 2164 3159 2233 ἀλογίας
3215 2166 3596 2236 γνωρίσματα,
3644 2166 3729 2219 διὰ

2158 2255 2257 2325 τὴν
2287 2254 2518 2325 ἀπορίαν
2543 2254 2851 2324 πεποίηκας
2867 2256 2879 2308 !

2230 2347 2294 2397 Λ.
2339 2343 2581 2410 Παίζεις,
2612 2341 2658 2401 ὦ
2692 2346 2845 2413 ’γαθέ
2865 2362 2877 2375 ⁸
2912 2345 3024 2411 ἐγὼ
3048 2345 3104 2400 δὲ
3127 2346 3287 2418 ᾤμην
3335 2346 3419 2419 μὴ’
3443 2349 3578 2420 πρὸς
3602 2365 3729 2420 φρο-

2160 2438 2317 2508 νίμου
2348 2432 2487 2489 εἶναι
2504 2439 2599 2490 καὶ
2626 2437 2817 2508 ἀνδρὸς
2845 2438 3092 2503 συνετοῦ,
3117 2441 3186 2491 τά
3214 2439 3355 2492 οὕτω
3376 2440 3587 2510 μεγάλα
3615 2441 3722 2493 διαο

2166 2528 2402 2592 παίζειν.

2234 2618 2295 2672 Β.
2343 2617 2830 2689 Χαριεντιζόμενος
2881 2617 2992 2688 (18)
3039 2619 3208 2688 Ecprlv,
3259 2613 3305 2673 ὦ
3352 2623 3623 2693 μακάριε·
3673 2623 3732 2674 ού

2166 2708 2273 2780 γὰρ
2303 2708 2367 2779 δὴ
2409 2708 2640 2772 παίζων.
2689 2709 2830 2777 Ἐγὼ
2850 2710 2957 2781 γὰρ
2987 2711 3210 2781 ξυνίημι
3254 2711 3367 2764 τῶν
3401 2713 3732 2781 λεγομέτων,

2166 2801 2260 2854 καὶ
2291 2800 2453 2870 χάριν
2481 2794 2597 2853 οἶδα
2638 2800 2715 2869 τῷ
2747 2800 3098 2872 Δημιουργῷ,
3153 2802 3235 2854 ὅτι
3281 2819 3348 2871 με
3379 2803 3598 2870 λογικὸν
3648 2805 3736 2856 καὶ

2168 2890 2516 2955 αὐτεξούσιον
2539 2886 2677 2943 εἶναι
2712 2891 2997 2961 πεποίηκε.
3030 2892 3340 2961 Νεμεσήσω
3376 2892 3551 2945 δὲούκ
3570 2891 3734 2960 αύτῷ·

2165 2981 2218 3034 τί
2249 2982 2358 3052 γὰρ
2424 2981 2518 3032 καὶ
2571 2982 2927 3051 νεμεσήσειεν
2979 2982 3268 3051 ἄνθρωπος
3318 2981 3394 3045 τῷ
3457 2982 3602 3051 σοφῷ
3644 2984 3735 3035 καὶ

2169 3071 2435 3140 παγκάλῳ
2466 3071 2575 3141 (l9)
2600 3072 2695 3123 mi.
2722 3070 2938 3140 ἁγαθῷ;
2969 3071 3104 3123 ἀλλά
3138 3071 3251 3142 γάρ
3279 3074 3343 3141 τῇ
3388 3072 3493 3123 τῶν
3524 3072 3727 3141 ἀνθρώ-

492 3175 581 3227 sed
628 3170 907 3224 hominum
949 3166 1264 3229 amentiam,
1314 3164 1456 3233 quod
1502 3162 1831 3231 voluptatem
1866 3162 2057 3231 praefe-

2167 3180 2282 3216 πων
2336 3162 2592 3233 ἀϐουλίᾳ,
2652 3165 2732 3215 ὅτι
2768 3163 2828 3215 τὸ
2859 3162 2957 3233 ἡδὺ
3008 3163 3311 3233 προτιμῶσι
3356 3163 3452 3230 τῆς
3506 3162 3728 3232 ἀρετῆς,

492 3272 613 3319 rant
648 3261 853 3327 virtuti,
888 3259 1050 3314 illecti
1092 3266 1148 3312 et
1196 3256 1490 3311 inscientes
1541 3274 1556 3309 :
1591 3263 1650 3309 ut
1690 3254 1733 3309 si
1766 3254 1889 3325 quis
1915 3261 2065 3323 optet

491 3352 698 3423 pruritu
726 3350 933 3416 vexari,
968 3357 1022 3409 et
1049 3346 1322 3416 voluptate
1365 3345 1625 3413 deceptus
1668 3353 1837 3399 totum
1867 3360 2065 3415 corpus

494 3444 763 3514 unguibus
793 3442 1020 3505 laceret,
1051 3452 1154 3493 non
1188 3436 1433 3505 cogitans
1468 3445 1523 3490 et
1549 3438 1861 3505 expendens
1903 3450 2063 3491 secu—

495 3546 670 3590 turam
702 3531 1093 3601 impetiginem.

563 3627 630 3681 Α.
678 3627 843 3681 [tecte
881 3637 939 3679 se
967 3622 1131 3677 habet
1166 3619 1487 3688 similitudo,
1518 3632 1572 3675 et
1609 3621 1763 3677 valde
1794 3624 2062 3677 convenit.

496 3720 554 3778 Si
579 3717 711 3788 quid
738 3730 870 3771 vero
901 3714 1069 3769 habes
1092 3713 1259 3779 aliud,
1291 3713 1584 3783 interroga.

570 3810 631 3864 Β.
677 3806 805 3862 Ha-c
836 3806 964 3860 mihi
995 3806 1107 3861 sola
1142 3813 1310 3860 restat
1340 3805 1625 3860 dubitatio.
1656 3805 1761 3872 Qui
1790 3805 2066 3860 hominum

495 3915 724 3970 corpora
762 3900 814 3953 in
840 3899 982 3954 mille
1009 3909 1191 3970 partes
1222 3910 1280 3956 et
1319 3900 1616 3967 sectiones,
1650 3900 1695 3955 si
1726 3900 1799 3955 ita
1828 3900 2070 3970 contige-

499 3994 590 4057 rit,
622 3992 819 4056 divisa,
847 4000 901 4046 et
931 4006 960 4046 a
991 3991 1121 4048 leris
1161 3992 1350 4047 bestiis
1382 4001 1491 4046 tam
1529 3991 1882 4046 terrestribus
1907 4005 2069 4061 quam

498 4082 829 4155 aquatilibus
854 4095 998 4150 saepe
1035 4081 1282 4151 depasta,
1323 4095 1465 4150 saepe
1504 4081 1667 4135 etiam
1716 4081 1930 4150 penitus
1971 4080 2070 4135 ab-

499 4182 736 4242 sumpta,
778 4172 1009 4229 dicimus
1050 4172 1322 4229 revictura
1355 4182 1413 4229 et
1450 4171 1907 4229 resurrectionem
1947 4171 2073 4229 ade-

502 4264 694 4334 plura?

575 4445 639 4498 A.
683 4443 794 4513 Ego
831 4443 922 4499 ubi
966 4443 1063 4498 tibi
1097 4443 1369 4512 Vulgatam
1406 4442 1548 4497 hanc
1597 4439 1947 4509 qua-stionem
1993 4439 2075 4492 di-

2164 3253 2548 3323 δελεαζόμενοι
2592 3253 2703 3324 (νο)
2759 3254 2853 3306 καὶ
2903 3252 3548 3324 ἀμαθαίνοντεςοῶσπερ
3594 3253 3663 3306 ἂν
3688 3254 3739 3306 εῐ

2165 3364 2248 3409 τις
2318 3345 2580 3415 ἀγάσαιτο
2655 3345 2717 3397 τὸ
2782 3343 3071 3414 κνήθεσθαι
3130 3345 3243 3417 (21)
3275 3385 3292 3411 ,
3345 3348 3439 3399 καὶ
3481 3345 3589 3399 ύπδ
3639 3347 3738 3417 τῆς

2169 3438 2359 3507 ἡδονῆς
2392 3438 2751 3507 ἀπατώμενος
2765 3437 2901 3507 (22),
2925 3438 3048 3491 ὅλον
3072 3438 3317 3504 διαξὲσαι
3345 3438 3411 3490 τὸ
3444 3438 3603 3507 σῶμα
3626 3443 3735 3501 τοῖς

2170 3528 2338 3594 ὄνυξι,
2371 3529 2469 3591 τὰς
2495 3529 2765 3599 ἑπομένας
2790 3529 2864 3599 μὴ
2898 3528 3273 3600 διανοούμενος
3294 3527 3502 3600 ψώρας.

2240 3620 2305 3671 Δ.
2347 3619 2542 3682 Καλῶς
2582 3618 2784 3685 λέγεις,
2820 3619 2914 3672 καὶ
2968 3619 3244 3690 ἁρμονίως
3274 3620 3388 3689 ἔχει
3440 3620 3502 3672 τὸ
3529 3621 3628 3690 τῆς
3668 3622 3739 3673 είς

2168 3711 2346 3773 κὸνος.
2384 3709 2515 3763 liis:
2542 3710 2599 3763 δὲ
2630 3711 2816 3779 ἕτερον
2841 3710 3005 3780 ἔχεις,
3035 3709 3329 3764 πυνθάνου.

2238 3802 2301 3857 Β.
2341 3802 2501 3855 Τουτὶ
2526 3802 2686 3873 μόνον
2714 3818 2802 3871 μοι
2821 3802 2883 3855 τὸ
2909 3802 3173 3872 ἀπόρημα
3199 3802 3596 3874 περιλείπεται.
3624 3802 3740 3866 Πῶς

2174 3894 2245 3948 τά
2272 3894 2379 3947 τῶν
2412 3894 2717 3966 ἀνθρώπων
2756 3892 2984 3964 σώματα
3025 3894 3105 3957 εἰς
3158 3894 3362 3965 μυρίας
3425 3896 3620 3967 μοίρας
3652 3897 3741 3947 καὶ

2170 3982 2365 4054 τομάς,
2396 3984 2445 4036 εί
2481 3983 2667 4055 τύχοι,
2694 3982 3057 4052 διαιρεθέντα,
3092 3982 3198 4037 ύπό
3225 4001 3284 4037 τε
3318 3984 3528 4056 θηρίων
3551 3984 3744 4039 πολλά.

2170 4093 2261 4141 κις
2316 4078 2412 4131 xci.
2466 4076 2576 4130 τῶν
2610 4078 2667 4131 ὲν
2692 4078 2762 4147 γῇ
2812 4091 2870 4129 τε
2915 4075 3009 4129 καὶ
3043 4074 3281 4148 θαλάττῃ
3334 4076 3741 4148 λυμαινομένων

2176 4168 2339 4231 αύτά,
2390 4167 2650 4231 πολλάκις
2704 4168 2760 4221 δὲ
2814 4168 2911 4222 καὶ
2967 4167 3201 4239 πάμπαν
3258 4168 3603 4223 ἀναλωθέντα
3656 4169 3744 4221 καὶ

2177 4258 2496 4314 ἀπολωλότα
2548 4257 2783 4329 λέγομεν
2833 4257 3233 4313 ἀναϐιώσεσθαι
3265 4259 3361 4313 καὶ
3400 4259 3745 4321 ἀναστάσεως

2182 4350 2474 4419 τυγχάνειν
2504 4367 2519 4413 ;

2248 4440 2312 4491 Δ.
2368 4437 2507 4507 Ἐγώ
2567 4455 2647 4491 σοι
2696 4440 2756 4493 τὸ
2827 4439 3264 4512 πολυθρύλλητον
3320 4442 3468 4494 τουτὶ
3527 4441 3745 4509 ζήτημα

506 4534 674 4599 lucro,
709 4534 867 4587 ﬁnem
902 4533 1173 4601 imponam
1202 4532 1436 4600 dialogo,
1488 4531 1591 4586 nisi
1625 4529 1806 4601 aliqua
1835 4529 1939 4583 alia
1973 4528 2057 4583 du.

2179 4501 2485 4596 διαλύσας,
2551 4531 2724 4602 πέρας
2753 4501 3112 4603 ἐπιθήσω-τῷ
3157 4501 3420 4603 διαλόγῳ,
3470 4501 3746 4603 είνμήητι

506 4622 695 4674 bitatio
727 4622 964 4674 animum
993 4629 1145 4675 tuum
1181 4618 1487 4673 conturbet.

575 4712 638 4765 Β.
674 4711 786 4766 Hoc
817 4726 983 4766 unum
1021 4710 1221 4766 insidet
1247 4709 1430 4764 animo
1478 4723 1621 4775 meo,
1650 4715 1707 4763 et
1746 4707 2074 4763 inhaerescit.

507 4802 660 4868 Nam,
688 4801 1021 4868 mihicrede,
1048 4814 1240 4872 magna
1257 4800 1612 4871 quaestionum
1640 4799 2073 4870 importunitate,

506 4907 557 4948 ct
590 4909 778 4951 errore
802 4894 1044 4950 animum
1076 4909 1256 4949 meum
1286 4895 1622 4966 expurgasti.

578 5076 688 5145 (to)
715 5072 1010 5145 Verissime
1032 5072 1161 5145 imo,
1189 5080 1245 5127 ut
1272 5087 1372 5145 ego
1409 5071 1706 5127 secundum
1731 5086 1854 5125 amo
1881 5079 1934 5124 et
1950 5085 2077 5145 am:

510 5142 729 5211 plut-tor.
764 5144 900 5200 ΤΑιι.
926 5172 995 5185 -ο
1015 5144 1256 5209 Clarum,
1289 5158 1321 5197 ο
1343 5144 1503 5205 bone,
1532 5156 1716 5194 amare
1741 5150 1794 5194 et
1820 5142 2070 5211 amplecti

513 5210 592 5267 me
640 5216 1016 5282 posteriorem.
1048 5213 1240 5268 Mirum
1274 5227 1373 5267 cur
1406 5213 1493 5266 hic
1530 5212 1779 5265 tenebras
1821 5210 2074 5263 otluderit

530 5302 536 5331 ι
582 5299 731 5338 t-tiss.
758 5284 1012 5338 Tarinus.
1049 5284 1145 5337 Ba.

583 5357 691 5421 tl?)
727 5352 874 5407 Vult!
910 5370 943 5408 o
988 5353 1172 5407 beate!
1213 5349 1444 5421 Cyrillus
1502 5350 1601 5401 heu
1654 5348 2067 5421 interpretatur.

516 5420 527 5463 ἲ
568 5418 630 5474 ιιι
661 5439 786 5476 vero
812 5425 1135 5490 discipulum
1185 5418 1509 5490 sapientiam
1552 5418 1919 5490 venditantem
1952 5433 2064 5471 ma-

516 5540 519 5545 .
552 5506 697 5555 Mter,
732 5486 1265 5545 νιιίυιίιιεῑειῠυιυηί
1285 5498 1646 5557 compactum.
1687 5486 1751 5540 Et
1785 5487 2065 5557 magister,

516 5574 525 5603 ί
554 5584 587 5607 ιι
625 5562 860 5615 vicissim
891 5563 1031 5616 illius
1056 5566 1181 5628 joco
1209 5561 1377 5613 videri
1410 5556 1541 5628 vult.

590 5630 694 5695 (ιθ)
746 5626 1277 5697 Χαριεντιζὸμενος.
1340 5626 1653 5679 Adblandiri
1703 5626 1831 5697 tiliii
1859 5628 2065 5689 volens,

576 5714 620 5745 ιιι
658 5700 875 5751 ttludcre
899 5714 982 5751 aut
1006 5696 1174 5767 jorari
1212 5708 1403 5766 praeter
1431 5711 1541 5749 rent
1566 5697 1769 5751 volens.
1803 5696 1898 5750 Bs.
1938 5696 2065 5760 lmo,

2181 4619 2367 4691 ἕτερον
2396 4620 2572 4690 ἀπὸρη
2582 4620 2658 4689 μά
2684 4636 2774 4671 σου
2802 4620 2897 4690 τὴν
2914 4620 3089 4691 ψυχὴν
3109 4622 3474 4692 διαταράττει.

2252 4712 2313 4767 Β.
2341 4710 2515 4764 Τοῦτο
2543 4711 2703 4781 μόνον
2731 4712 3009 4781 ἐφεδρεύει
3040 4714 3105 4782 τῇ
3132 4711 3276 4782 ψυχῇ
3304 4713 3397 4765 καὶ
3427 4711 3747 4781 ἐγκάθηται.

2197 4803 2284 4866 Ὠς
2321 4799 2380 4856 εὖ
2407 4802 2515 4856 ίσθι
2540 4802 2651 4872 (2'5)
2683 4803 2887 4873 πολλῆς
2915 4803 3227 4872 ἀδολεσχίας
3263 4804 3637 4878 ἀπορημάτων
3663 4805 3750 4857 καὶ

2187 4894 2395 4963 πλάνης
2433 4894 2529 4963 τὴν
2560 4894 2700 4967 ἐμὴν
2745 4893 2921 4966 ψυχὴν
2954 4893 3310 4965 ἐξεκάθαρας.

2187 5072 2364 5127 facete
2395 5074 2597 5143 aliquid
2626 5074 2809 5129 dicere
2839 5074 3096 5142 gestiens,
3147 5090 3251 5127 non
3311 5074 3555 5129 illudere.

2252 5143 2364 5213 (l9)
2396 5143 2479 5206 Τῷ
2508 5143 2678 5213 σοφῷ
2706 5144 2806 5197 καί
2840 5143 3152 5213 παῖ-κάλῳ,
3205 5144 3562 5211 Trajiciendm
3590 5157 3744 5196 voces

2180 5212 2329 5319 ut‘rb
2359 5215 2467 5294 πάν
2498 5216 2571 5337 ἕο
2618 5230 2807 5269 omnes
2835 5212 3083 5284 spectare
3112 5216 3283 5283 possit
3320 5232 3333 5269 :
3381 5214 3458 5283 τῷ
3493 5214 3757 5283 παγκάλῳ

2180 5298 2465 5337 κα.σο;οω.
2539 5299 2592 5336 Α.

2179 5298 2273 5337 και
2298 5298 2465 5337 σοῖὓω.
2499 5298 2592 5337 UA.

2251 5301 2822 5423 febj‘ocgéﬁtwymt
2856 5352 2954 5406 καί
2990 5353 3450 5423 ἀμαθαίνοντες.
3488 5352 3755 5408 llleeebris

2178 5425 2390 5489 decepti
2419 5436 2473 5476 et
2498 5436 2674 5474 mente
2710 5424 2860 5477 moti.
2890 5424 2984 5477 ΒΑ.

2245 5492 2357 5561 (21)
2405 5492 2762 5557 Κνήθεσθαι.
2797 5492 3002 5561 Scalpi.
3054 5492 3224 5558 Quam
3262 5510 3372 5545 rein
3409 5494 3535 5546 alibi
3577 5493 3756 5547 docui-

2178 5577 2293 5613 mus
2331 5564 2516 5614 multis
2553 5564 2603 5613 in
2637 5563 2845 5615 tlt‘llCllS
2890 5565 3214 5629 quandoque
3250 5564 3438 5616 fuisse.
3473 5566 3573 5616 ΒΑ.

2246 5632 2355 5697 (ἐξ)
2409 5631 2833 5697 Ἀπίιτίὺμενος,
2879 5632 2985 5685 Per
3002 5634 3336 5702 voluptatem
3361 5636 3634 5702 deceptus.
3658 5629 3749 5702 lit-

2249 5704 2356 5769 tiS)
2388 5703 2481 5768 illi;
2510 5701 2960 5769 διανοούμενος.
2998 5701 3112 5755 Non
3152 5704 3615 5757 animadvertetis.
3655 5701 3750 5752 iis.
