4042 6142
330 311 461 377 H37

1356 310 1814 371 DISPUTATIO
1858 311 1957 370 DE
1994 307 2244 368 MUNDI
2286 300 2640 364 OPIFlCIO.

3463 285 3602 350 1138

399 434 466 486 Λ.
492 430 653 502 Αὐτῷ
674 430 752 502 τῷ
779 429 1111 502 Δημιουργῷ
1138 427 1319 500 χάρις,
1343 419 1388 478 ὦ
1423 425 1600 494 ’γαθὲ,
1639 425 1716 494 τῷ
1739 423 1914 478 ταῦτα

2083 421 2150 474 Λ.
2193 417 2297 486 Ipsi
2354 427 2569 470 summo
2621 407 2812 479 Opiﬁci
2863 406 3070 480 gratia,
3119 404 3211 474 qui
3266 403 3384 458 hac
3422 403 3603 456 dicere

327 519 508 589 λέγειν
545 519 827 574 δεδωκότι.
862 519 1256 590 Προθυμήοητι
1292 511 1386 569 οὗν
1421 513 1518 568 καὶ
1573 514 1634 566 τὸ
1663 513 1915 579 δυνατὸν,

2021 509 2294 566 concessit
2321 526 2334 561 :
2368 505 2527 562 stude
2555 502 2719 571 igitur
2753 500 2804 558 id
2834 499 2978 570 quod
3021 496 3138 552 ﬁeri
3168 502 3354 567 potest
3377 509 3604 550 consen-

329 587 424 670 και
449 616 510 670 τὸ
539 614 766 684 εὔλογον
795 587 921 685 (24)-
948 587 1065 684 τῆς
1095 587 1451 672 όιναστάσεως
1504 607 1614 662 τῶν
1647 609 1918 678 σωμάτων

2047 614 2353 670 aneumquc
2403 602 2524 662 est,
2564 605 2856 661 corporum
2909 587 3364 644 TCSUI'I'CCiiOIIBIII
3411 599 3607 655 cogno-

333 705 627 761 πυθέσθαι.

402 797 466 854 Β.
506 796 670 865 Λέγε·
703 795 873 866 ἡδέως
905 795 1015 865 γὰρ
1043 793 1110 848 ἂν
1139 787 1472 864 ἀκούσαιμί

398 889 466 942 Α.
503 887 588 944 Τὰ
639 887 749 940 τῶν
786 885 1088 958 ἀνθρώπων
1126 885 1394 954 σώματα,
1429 879 1476 939 ὧ
1555 882 1731 954 ’γαθὲ,
1784 882 1923 954 πρὸς

337 978 511 1050 βραχῦ
550 976 659 1048 γὰρ
686 976 1032 1047 φυσιολογεῖν
1083 975 1414 1045 ἀναγκαῖον,
1471 976 1536 1029 ὲκ
1568 974 1738 1029 ’τίνων
1791 988 1924 1041 συγ-

337 1069 549 1125 κεῖσθαι
579 1069 822 1140 φήσομεν
847 1067 957 1140 (25)
980 1085 996 1134 ἱ

402 1162 466 1217 Β.
519 1159 615 1215 Ἐκ
635 1159 744 1214 τῶν
763 1160 1049 1230 τεσσάρων
1077 1157 1380 1228 στοιχείων,
1431 1159 1527 1212 καὶ
1556 1159 1586 1211 6
1625 1155 1738 1210 τῶν
1769 1170 1927 1225 φυσι-

341 1253 451 1308 κῶν
477 1252 634 1323 λόγος
675 1253 830 1323 φησι,
859 1253 1010 1322 καὶὴ
1041 1251 1272 1322 ἀλήθεια
1305 1249 1572 1304 δείκνυσι.
1643 1282 1654 1296 ι

411 1348 480 1402 Δ.
511 1345 702 1400 Ταῦτα
731 1344 790 1400 δὲ
837 1343 1169 1414 διαλυόμενα
1207 1343 1288 1407 είς
1319 1341 1372 1394 τί
1420 1343 1625 1413 χωρεῖν
1657 1339 1926 1411 λέγομεν;

342 1438 470 1512 'Ap‘
487 1442 588 1496 οὐκ
615 1443 696 1506 είς
724 1441 910 1496 ἐκεῖνα
939 1439 1001 1506 ἐξ
1023 1433 1098 1496 ὧν
1123 1440 1218 1492 καὶ
1242 1436 1505 1508 συνετέθη
1548 1436 1660 1506 (26)
1685 1452 1700 1501 ;

418 1536 480 1589 Β.
523 1535 684 1588 Πᾶσα
721 1533 966 1604 ἀνάγκη.

414 1629 479 1681 Δ.
520 1624 586 1679 Τί
634 1625 813 1678 τοίνυν
849 1622 1162 1696 θαυμαστὸν
1193 1623 1446 1692 φαίνεται
1493 1621 1527 1694 ἢ
1577 1621 1750 1687 ξένον,
1803 1622 1854 1674 εί
1899 1622 1927 1673 6

353 1719 723 1788 Δημιουργδς,
760 1719 854 1772 καὶ
887 1717 1070 1787 σοφὸς,
1127 1718 1224 1771 καὶ
1262 1714 1508 1780 δυνατὸς,
1562 1715 1656 1770 καὶ
1708 1714 1930 1769 πάντων

2046 1724 2190 1790 dum,
2213 1723 2261 1780 si
2295 1719 2484 1791 Opifex
2511 1729 2566 1775 et
2591 1717 2808 1787 sapiens
2833 1727 2887 1771 et
2919 1727 3140 1786 potens,
3170 1713 3263 1783 qui
3297 1723 3350 1768 et
3377 1712 3618 1767 omnium
3724 1732 3733 1736 -

345 1811 472 1875 τοὺς
497 1809 689 1878 λόγους
729 1806 908 1874 εἰδὼς,
957 1808 1038 1872 είς
1074 1807 1246 1878 μυρία
1268 1808 1533 1877 τμήματα
1582 1806 1678 1860 καὶ
1733 1804 1928 1876 μοίρας

347 1901 929 1973 κατακερματισθέντα
956 1899 1069 1972 (27)
1094 1899 1204 1953 τῶν
1229 1900 1324 1952 ἀνθ
1335 1897 1536 1969 ρώπων
1566 1897 1638 1952 τὰ
1667 1897 1918 1968 σώματα,

347 1997 415 2048 ὲκ
466 1991 576 2046 τῶν
630 1992 914 2062 τεσσάρων
959 1989 1242 2061 στοιχείων
1291 1985 1450 2052 αὖθις
1512 1987 1738 2056 συνάγει
1793 1985 1934 2058 πρὸς

351 2082 662 2154 όιρμονίαν;
697 2079 762 2136 Ὀ
807 2080 915 2152 γὰρ
947 2079 1122 2134 ταῦτα
1162 2078 1432 2150 πρότερον
1469 2077 1832 2150 συναθροίσας
1875 2095 1936 2131 τε

349 2175 446 2227 καὶ
493 2173 861 2246 συναρμόσας,
889 2171 984 2225 καί
1013 2187 1139 2225 τινα
1170 2171 1369 2240 κρᾶσιν
1427 2169 1541 2240 (28)
1599 2169 1937 2238 ἀξιόιγαστον

351 2267 445 2322 καὶ
481 2267 799 2336 ἀξιοθέατον
837 2268 903 2320 ὲκ
927 2265 1034 2319 τῶν
1063 2265 1322 2318 ἐναντίων
1373 2263 1754 2334 ἁρμοσάμενος
1789 2261 1938 2332 μόνῳ

357 2359 436 2428 τῷ
459 2359 810 2431 βουληθῆναι,
845 2360 872 2412 6
916 2356 1082 2420 αὐτὸς
1135 2355 1481 2408 διαλυθεῖσαν
1517 2355 1622 2424 τὴν
1663 2352 1936 2425 ἁρμονίαν

351 2456 430 2517 εἰς
461 2455 648 2506 ἐκεῖνα
682 2452 740 2517 ἐξ
777 2444 849 2505 ὧν
881 2451 976 2504 καὶ
1017 2448 1302 2517 συνετέθη,
1354 2443 1512 2511 αὖθις
1539 2446 1760 2500 καλεσει
1793 2444 1933 2516 πρὸς

351 2545 635 2598 ἀδιάλυτον
667 2543 777 2612 (29)
816 2541 1164 2612 συμφωνίαν.
1199 2538 1386 2593 Ταῦτα
1409 2539 1468 2591 δὲ
1491 2537 1692 2607 πράξει
1722 2535 1802 2606 τῷ
1837 2553 1938 2607 με-

353 2637 506 2706 γάλῳ
541 2635 704 2689 αὑτοῦ
728 2634 961 2704 νεύματι
1008 2631 1138 2704 (50).
1178 2633 1248 2686 Ἥ
1277 2633 1401 2702 οὐχὶ
1448 2632 1628 2686 πάντα
1676 2631 1745 2684 τὰ
1780 2631 1938 2694 ὄντα,
1961 2647 1980 2656 ί

353 2728 424 2781 τά
447 2745 507 2780 τε
539 2729 650 2782 ἄνω
679 2725 774 2780 καὶ
800 2725 954 2780 κάτω
995 2723 1086 2777 καὶ
1115 2723 1185 2777 τὰ
1211 2725 1270 2776 ἐν
1313 2724 1464 2792 μέσῳ
1510 2721 1939 2792 περιδέδρακται

355 2823 388 2888 ἠ
414 2819 536 2872 θεία
559 2817 718 2887 φύσις
742 2818 837 2870 καὶ
866 2817 1214 2888 περιείληφε,
1245 2816 1340 2869 καὶ⁵
1362 2815 1468 2878 ἔξω
1482 2813 1577 2867 τοῦ
1603 2814 1806 2876 παντός
1825 2813 1939 2883 (51)

360 2911 480 2961 ἐστι
513 2908 607 2962 καὶ
641 2909 698 2960 ὲν
726 2907 804 2978 τῷ
844 2907 1132 2960 παντὶκαὶ
1180 2907 1322 2976 ὑπὲρ
1369 2905 1431 2958 τὸ
1468 2907 1598 2971 πᾶν,
1645 2904 1740 2958 καὶ
1789 2904 1942 2960 οὐδὲν

356 2999 518 3053 κενὸν
575 2996 1238 3068 τῆς’θείας-δυνάμεως
1286 2997 1382 3051 καὶ
1445 2998 1547 3068 τῆς
1598 2998 1933 3068 ὑπερουσίου

2023 704 2194 747 scere.

2096 782 2155 836 Β.
2199 783 2332 851 Age,
2355 777 2588 833 libenter
2623 774 2769 830 istud
2803 772 3093 830 audierim.

2093 876 2156 928 Α.
2193 872 2484 928 Hontinum
2518 885 2752 938 corpora
2793 866 3022 938 (paucis.
3049 864 3194 920 enim
3237 861 3606 934 philosophari

2027 979 2251 1022 necesse
2277 960 2380 1036 est)
2409 977 2441 1019 e
2473 961 2800 1032 quibusnam
2830 958 3083 1028 componi
3114 957 3398 1012 dicemus?

2100 1170 2163 1224 Β.
2219 1169 2262 1222 Ε
2309 1175 2546 1236 quatuor
2589 1161 2876 1220 elementis
2921 1159 3272 1231 physicorum
3321 1172 3505 1214 sermo
3556 1164 3613 1212 et

2031 1261 2234 1318 veritas
2258 1259 2518 1314 ostendit.

2104 1353 2167 1409 Α.
2211 1352 2336 1407 Haec
2368 1359 2549 1404 autem
2589 1347 2849 1404 dissoluta
2881 1360 3044 1416 quam
3081 1343 3134 1399 in
3185 1359 3302 1398 rem
3347 1342 3499 1400 abire
3530 1339 3615 1396 di-

2031 1445 2244 1501 cimus?
2275 1441 2469 1498 Nonne
2497 1443 2548 1496 in
2579 1455 2642 1495 ea
2666 1455 2734 1494 ex
2774 1439 2974 1509 quibus
3000 1437 3372 1494 constabant?

2103 1536 2164 1592 Β.
2207 1535 2444 1590 Omnino
2470 1532 2864 1588 necessarium.

2106 1629 2170 1684 A.
2227 1625 2366 1694 Quid
2416 1624 2579 1693 igitur
2630 1622 2830 1678 mirum
2883 1619 3155 1685 videatur,
3211 1616 3342 1688 quid
3401 1626 3620 1686 stupen-

2041 1819 2284 1873 rationcs
2319 1823 2484 1880 tenet,
2509 1813 2564 1868 in
2594 1812 2740 1867 mille
2767 1819 3044 1878 segmenta
3071 1819 3128 1864 et
3155 1818 3334 1878 partes
3361 1807 3617 1876 dissipata

2037 1909 2316 1965 hominum
2360 1920 2590 1976 corpora
2619 1919 2651 1958 e
2693 1912 2933 1973 quatuor
2955 1901 3244 1956 elementis
3287 1914 3501 1953 rursum
3537 1911 3623 1952 re-

2037 2003 2173 2072 digit
2203 2001 2272 2055 ad
2305 1995 2673 2055 concentum?
2703 1995 2803 2062 Qui
2833 1993 2978 2048 enim
3010 2007 3074 2047 ea
3101 1990 3252 2062 prius
3275 2000 3622 2060 coagmenta-

2035 2095 2135 2160 vit,
2168 2090 2517 2162 congregavit
2567 2097 2624 2143 et
2669 2083 3049 2151 concinnavit,
3089 2093 3146 2139 et
3199 2083 3438 2153 aliquam
3481 2091 3624 2136 tent-

2038 2184 2372 2255 perationem
2415 2181 2684 2235 admiratu
2732 2188 3094 2248 spectantque
3145 2177 3362 2246 dignam
3404 2189 3436 2230 ο
3481 2190 3620 2230 con-

2039 2277 2225 2332 trariis
2269 2275 2388 2330 sola
2430 2273 2708 2328 voluntate
2753 2271 3058 2342 coaptavit;
3107 2269 3248 2324 idem
3300 2268 3618 2324 dissolutum

2037 2375 2362 2424 concentum
2412 2365 2468 2420 in
2517 2363 2608 2418 illa
2651 2378 2682 2418 e
2713 2363 2912 2434 quibus
2962 2361 3307 2428 constabant,
3345 2362 3626 2417 revocabit

2041 2463 2106 2515 ad
2149 2456 2574 2523 indissolubilem
2616 2456 3033 2510 consonantiam
3071 2465 3126 2510 et
3159 2453 3620 2525 coniunctionem.

2043 2550 2167 2606 llaec
2202 2560 2384 2605 autem
2415 2549 2576 2604 faciet
2612 2561 2808 2618 magno
2837 2561 2939 2602 suo
2973 2555 3131 2602 nutu.
3177 2547 3369 2600 Annon
3443 2544 3624 2599 divina

2042 2653 2236 2697 natura
2275 2643 2460 2696 omnia
2489 2655 2612 2710 quae
2640 2650 2770 2694 sunt
2807 2653 3032 2709 supera,
3073 2635 3264 2701 infera,
3311 2635 3622 2706 interiecta,

2043 2733 2461 2804 comprehendit
2483 2742 2538 2787 et
2559 2731 2960 2800 complectitur,
2996 2738 3190 2798 estque
3217 2737 3369 2782 extra
3400 2727 3624 2780 univer-

2043 2841 2160 2880 sum
2198 2833 2254 2880 et
2301 2825 2356 2878 in
2401 2823 2657 2878 universo
2707 2830 2764 2876 et
2809 2835 2976 2890 supra
3015 2821 3349 2884 universum,
3383 2816 3628 2886 nihilque

2043 2917 2225 2973 divina
2271 2916 2360 2972 illa
2394 2915 2656 2986 potentia,
2685 2922 2740 2968 et
2783 2913 3040 2968 omnibus
3077 2911 3348 2982 superiori
3389 2910 3625 2966 essentia

2045 3024 2281 3067 vactum
2317 3017 2424 3074 est,
2461 3021 2586 3076 quae
2605 3005 2720 3062 sola
2755 3006 3104 3058 interminata
3133 3013 3238 3068 est,
3286 3016 3458 3072 neque
3487 3001 3628 3071 pati-

353 3087 545 3152 οὐσίας
567 3088 668 3158 τῆς
707 3088 878 3157 μόνης
907 3088 1242 3160 ἀπεράντου,
1289 3088 1386 3142 καὶ
1431 3091 1792 3162 περιορισμὸν
1840 3092 1938 3144 οὐκ

2049 3111 2138 3156 ιυι·
2197 3097 2806 3168 circumscriptionem?
2868 3095 3004 3150 Nam
3064 3097 3246 3150 Deitas
3306 3094 3629 3164 quantitatis

355 3179 692 3251 ἀνεχομένης
712 3195 728 3245 3
767 3178 1009 3232 Ἀποσον
1056 3177 1164 3249 γάρ
1204 3196 1258 3232 τι
1288 3177 1481 3249 θεότης
1518 3180 1616 3235 καὶ
1643 3181 1936 3252 ἀμέγεθες,

2046 3208 2242 3266 expers
2275 3201 2382 3260 est,
2425 3201 2482 3247 et
2532 3187 2942 3262 magnitudinis,
2987 3197 3245 3258 tanquam
3283 3187 3625 3256 incorporea.

350 3271 434 3334 ὡς
458 3269 772 3341 ἀσώματον.

432 3361 494 3418 Β.
532 3363 679 3416 Πάνυ
707 3378 792 3430 γε.

430 3457 496 3513 Δ.
531 3459 595 3512 Εἰ
614 3458 792 3511 τοίνυν
815 3457 886 3510 τὰ
911 3456 1089 3512 πάντα
1108 3457 1326 3530 πληροῖ,
1359 3459 1452 3512 καὶ
1483 3459 1708 3529 Πνεῦμα
1734 3461 1940 3532 Κυρίου

359 3551 692 3622 πεπλήρωκε
723 3550 820 3622 τὴν
854 3551 1217 3621 οἰκουμένην,
1252 3547 1288 3627 ᾖ
1324 3569 1458 3620 φησι
1485 3552 1553 3606 τὰ
1587 3553 1706 3606 θεῖα
1748 3553 1902 3622 λόγια
1925 3595 1940 3620 ,

362 3647 454 3727 καὶ
473 3645 529 3698 ὲν
557 3647 622 3716 τῇ
651 3643 794 3716 χειρὶ
819 3645 983 3698 αὑτοῦ
1012 3645 1082 3698 τὰ
1110 3645 1321 3717 πέρατα
1349 3645 1448 3716 τῆς
1474 3647 1606 3716 γῆς’
1640 3648 1772 3700 ποία
1807 3648 1944 3702 δυσ-

362 3733 548 3806 χέρεια
581 3734 614 3804 ἢ
649 3737 799 3798 ποῖος
847 3734 1007 3798 πόνος
1045 3734 1124 3806 τῷ
1166 3735 1542 3806 μακαρίῳ,τὰ
1579 3738 1637 3788 ὲν
1687 3739 1754 3808 τῇ
1802 3738 1946 3808 χειρὶ

363 3824 526 3880 αὐτοῦ
551 3825 752 3882 εἰδέναι
781 3843 796 3894 ;
833 3827 906 3881 Ἦ
939 3826 1004 3880 σὺ
1047 3827 1291 3895 ἀγνοεῖς,
1321 3826 1388 3881 ἄν
1425 3843 1478 3880 τι
1505 3830 1571 3896 τῇ
1604 3830 1748 3898 χειρὶ
1788 3845 1943 3899 περι-

362 3917 566 3991 φέρῃςς

433 4011 495 4063 Β.
537 4009 822 4081 Οὐδαμῶς.

433 4104 498 4156 Α.
533 4101 669 4156 Οὔτε
697 4104 726 4156 6
747 4103 1098 4174 Δημιουργὸς
1135 4101 1248 4174 ἄρα
1278 4103 1374 4156 καὶ
1405 4103 1568 4171 σοφὸς
1596 4103 1726 4165 τοὺς
1748 4101 1942 4170 λόγους

363 4195 472 4248 τῶν
505 4195 774 4261 σωμάτων
808 4196 1014 4264 ἀγνοεῖ,
1058 4195 1092 4265 ἢ
1129 4194 1228 4265 τὴν
1273 4193 1333 4260 ἐξ
1367 4195 1600 4248 ἑκάστου
1648 4195 1946 4264 ληφθεῖσαν

369 4289 584 4358 μοῖραν,
627 4287 722 4342 καὶ
769 4289 851 4352 είς
881 4288 1014 4343 αὐτὸ
1043 4287 1208 4343 πάλιν
1231 4286 1616 4342 ἁναλυθεῖσαν.
1666 4287 1802 4342 Οὔτε
1835 4287 1944 4360 μὴν

437 4441 460 4473 ⁸
492 4441 622 4512 Sap.
652 4457 692 4511 ι,
723 4443 778 4498 7.

2120 3379 2182 3434 Β.
2225 3376 2482 3433 Maxime.

2119 3470 2184 3523 Α.
2227 3469 2282 3524 Si
2308 3470 2472 3538 igitur
2492 3467 2672 3522 omnia
2695 3466 3004 3538 replet‘,et
3025 3463 3261 3536 Spiritus
3291 3463 3500 3518 Domini
3540 3477 3628 3516 re-

2050 3559 2395 3630 plevit292
2409 3559 2598 3613 orbem
2628 3567 2919 3623 terrarum,
2943 3557 3232 3626 utquidem
3258 3556 3412 3610 aiunt
3444 3555 3626 3609 divina

2051 3649 2298 3711 oracula,
2323 3659 2377 3702 et
2411 3648 2465 3702 in
2511 3663 2671 3702 manu
2709 3648 2878 3717 ipsius
2907 3648 3039 3702 lines
3063 3655 3252 3712 teme;
3288 3645 3465 3716 qualis
3493 3643 3630 3700 ditii-

2055 3743 2227 3797 cultas
2255 3749 2351 3796 aut
2377 3741 2555 3810 qualis
2590 3741 2742 3794 labor
2771 3742 2932 3795 beato
2960 3740 3034 3794 illi
3065 3741 3296 3808 mnnini,
3329 3755 3390 3795 ea
3418 3754 3538 3808 quae
3576 3739 3629 3792 in

2047 3847 2208 3884 manu
2259 3831 2426 3900 ipsius
2471 3837 2620 3891 sunt,
2661 3829 3023 3898 cognoscere?
3057 3829 3210 3884 Tune
3272 3831 3512 3898 ignoras,
3581 3827 3630 3884 si

2047 3921 2175 3990 quid
2202 3936 2365 3973 manu
2394 3917 2801 3989 complectare?

2120 4011 2182 4066 Β.
2223 4011 2462 4064 Minime.

2118 4105 2182 4156 A.
2228 4101 2414 4171 Neque
2445 4103 2610 4174 igitur
2648 4103 2830 4173 opifex
2877 4114 2932 4160 et
2971 4104 3190 4174 sapiens
3217 4119 3504 4174 corporum
3541 4121 3630 4162 ra:-

2050 4194 2228 4250 tiones
2258 4193 2494 4262 ignorat,
2527 4204 2620 4250 aut
2652 4205 2860 4266 partem
2891 4211 2922 4250 e
2954 4195 3196 4265 quolibet
3236 4195 3506 4252 elemento
3535 4213 3630 4254 ca-

2053 4295 2198 4358 ptam
2244 4293 2298 4342 et
2343 4286 2398 4342 in
2447 4286 2623 4358 ipsum
2671 4286 2849 4344 denuo
2892 4285 3210 4344 resolutam.
3266 4287 3450 4358 Neque
3498 4305 3632 4346 sane

443 4597 555 4670 (9.4)
589 4599 879 4668 Ε-ῦλογον.
909 4598 976 4670 Ει
1003 4597 1140 4670 bona
1173 4597 1384 4652 ratione
1414 4596 1679 4652 nitentem
1711 4604 1769 4651 et
1803 4594 1937 4652 faci-
1975 4600 2018 4654 D
2047 4557 2361 4670 universum
2395 4607 2478 4654 est
2507 4595 2670 4655 Deus.
2711 4596 2936 4654 Videndi
2993 4599 3115 4654 libri
3170 4598 3324 4656 Marii
3363 4601 3627 4656 Victorini

375 4668 486 4740 lem
508 4668 766 4740 perceptu
813 4669 975 4724 simul
1004 4669 1158 4722 dicit.

2045 4666 2234 4738 contra
2261 4669 2515 4730 Arianos,
2563 4685 2700 4738 quos
2757 4670 2948 4738 Iogieis
3005 4671 3160 4725 tricis
3191 4673 3458 4728 obscuros
3493 4675 3632 4726 dixit

445 4735 555 4812 (‘25)
586 4735 889 4812 Parumper
930 4740 1074 4794 enim
1114 4739 1178 4792 ad
1209 4737 1636 4812 _tlisqniren_dam
1693 4747 1942 4812 naturam
2043 4735 2426 4812 Hieronymus.
2475 4735 2595 4795 Hac
2641 4735 2833 4812 autem
2885 4742 3154 4812 sententia
3207 4753 3429 4810 recepta
3486 4744 3632 4796 cadit

377 4805 552 4862 hacin
590 4819 742 4880 parte
772 4805 959 4863 venire
1011 4807 1312 4880 necessitas
1338 4805 1609 4880 postulat;
1642 4822 1708 4862 ex
1741 4809 1938 4876 quibus
2041 4805 2449 4880 argumentatio
2482 4808 2975 4880 vetustissimorum
3029 4805 3502 4880 pltilOSOpltorum,
3537 4813 3640 4880 qui

375 4879 732 4948 compositam
759 4894 882 4933 esse
909 4879 1191 4948 particulis
1221 4879 1483 4930 dicemus.
1525 4878 1618 4931 BA.

2043 4879 2300 4931 mundum
2333 4893 2402 4933 ea
2436 4879 2647 4932 ratione
2669 4880 3136 4948 ineorruptihilem
3167 4879 3288 4936 esse
3322 4879 3629 4944 sciverunt.

450 4945 564 5017 (26)
594 4945 1028 5020 Numivero’non
1069 4945 1124 5000 iu
1155 4963 1218 5002 ea
1249 4961 1315 5001 ex
1344 4948 1542 5017 quibus
1573 4945 1790 5002 collatis
1819 4957 1948 5000 sunt
2042 4949 2193 5020 quod
2215 4957 2367 5020 ext_ra
2401 4963 2524 5002 eum
2577 4948 2727 5020 nihil
2749 4950 2826 5003 sit
2846 4965 2875 5002 a
2896 4945 3016 5018 quo
3069 4951 3242 5020 possit
3322 4953 3628 5019 corrumpi.

383 5020 698 5072 constituta.
730 5019 824 5072 BA.

450 5087 560 5158 (27)
594 5087 896 5158 Hesychius
923 5104 944 5158 :_
973 5085 1434 5158 numerarique-Eis;
1460 5087 1588 5158 _'_t-:i;
1610 5085 1785 5158 nam;
1817 5087 1948 5140 ἁνα-

381 5152 582 5227 λίσκει·
611 5152 889 5227 διατέμνει
919 5154 952 5225 ἢ
977 5152 1240 5227 ⁸λεεπξιτυνει
1265 5155 1298 5211 ἢ
1344 5155 1576 5227 μερίζει.
1611 5156 1740 5227 lietn
1777 5157 1946 5227 ipsam

571 5223 817 5321 pluribus
847 5223 987 5296 apud
1016 5223 1672 5296 AthenagoramIEneam
1713 5223 1790 5297 [p.
1831 5225 1948 5296 σει,

384 5293 538 5350 alios.
568 5297 664 5350 ΒΑ.
884 5293 896 5296 ⁷
1240 5293 1246 5295 ”

451 5365 561 5437 (ξε)
589 5364 837 5437 Κρᾶσινῖ.
857 5363 1246 5437 Cinnum.__BA.

453 5433 580 5558 59%;)
635 5433 1036 5490 ’ἈδιάλυωἈ
1123 5434 1330 5490 Vitiose
1413 5433 1696 5504 legebatur
1769 5433 1952 5488 διάλυ-

446 5520 492 5558 ‘.
567 5521 656 5558 ιιι.

383 5516 492 5558 τον.
521 5516 656 5560 'ntt.

459 5573 978 5697 (50)BScribendum
1025 5585 1157 5648 puto
1210 5575 1286 5646 τῷ
1343 5573 1758 5646 μεγαλοδυνὰτῳ
1827 5573 1950 5627 νεύ-

389 5656 534 5697 ματι.
620 5664 672 5697 Δ.

433 5659 534 5698 ατι.
599 5656 672 5698 ς.

389 5656 428 5710 μ
459 5656 754 5784 (δυινὶξω
807 5714 909 5770 τοῦ
969 5717 1215 5784 παντός.
1276 5719 1474 5789 Supra,
1516 5725 1669 5771 extra
1721 5724 1773 5770 et
1810 5714 1947 5770 ultra

2051 5017 2266 5092 ocellus
2297 5015 2564 5092 Lucanus.
2591 5015 2659 5071 Ei
2687 5018 2744 5092 δε
2769 5019 2866 5092 καί
2902 5015 3116 5092 δοξᾴζοι
3153 5039 3237 5084 τις
3260 5021 3394 5092 αὐτὸ
3411 5015 3636 5092 φθείρε-

2057 5087 2202 5163 σθαι,
2226 5087 2348 5163 ἢτοι
2371 5087 2480 5141 ὑπό
2499 5105 2650 5163 τινος⁸
2667 5089 2775 5163 τῷν
2805 5089 2912 5156 ἔξω
2933 5091 3028 5163 τοῦ
3057 5093 3260 5163 παντὸς
3289 5087 3634 5163 φθαρήσεται

2054 5157 2539 5229 δυναστευόμενον,
2565 5157 2600 5229 ἢ
2629 5159 2736 5214 ὑπό
2759 5176 2904 5223 τινος
2931 5160 3044 5214 τῶν
3073 5161 3226 5224 ὲντός
3247 5176 3260 5190 ·
3289 5157 3416 5214 οὔτε
3439 5157 3496 5216 δὲ
3526 5161 3634 5214 ὑπό

2057 5243 2200 5300 τινος
2223 5227 2338 5300 ,τῷν
2371 5227 2594 5300 ἔξωθεν,
2633 5230 2797 5300 ἐκτὸς,
2815 5231 2927 5300 γὰρ
2956 5231 3052 5284 τοῦ
3082 5231 3284 5294 παντὸς
3313 5233 3467 5285 οὐδέν
3492 5250 3506 5264 ·
3561 5233 3634 5285 τὰ

2058 5298 2166 5368 γὰρ
2200 5295 2358 5368 ἄλλα,
2411 5299 2591 5368 πάντα
2629 5301 2688 5354 ἐν
2733 5295 3038 5368 crpitum,
3078 5303 3173 5354 καὶ
3204 5301 3267 5354 τὸ
3289 5303 3410 5355 ὅλον
3442 5302 3537 5355 καὶ
3569 5302 3632 5354 τὸ

2187 5369 2213 5420 6
2248 5351 2480 5446 κάσςεέοςς
2536 5351 2680 5446 αὖτέ
2699 5351 2804 5446 δέτὸ
2830 5351 2950 5425 τες
2969 5351 3038 5446 έν
3061 5351 3259 5446 dies:
3291 5351 3624 5446 suam

2057 5437 2243 5511 satis;
2263 5437 2498 5511 might/dt
2514 5455 2572 5511 τε
2596 5439 2712 5511 καὶ-
2735 5439 3153 5511 δυναμικώτερα
3179 5436 3322 5496 εἶναι
3351 5436 3447 5496 τοῦ
3490 5436 3632 5495 riam-

2057 5508 2191 5579 16;.
2215 5507 2378 5562 ltecte
2411 5509 2628 5576 quidem
2662 5509 2750 5563 ille
2778 5507 3095 5564 secundum
3121 5513 3386 5566 rationem
3413 5529 3428 5579 ;
3460 5519 3516 5566 at
3546 5526 3632 5565 se-

2057 5577 2288 5631 cundum
2323 5578 2625 5643 veritatem,
2652 5579 2704 5632 id
2751 5589 2834 5634 est
2869 5581 3230 5648 cognitionem
3267 5583 3358 5640 Dei
3405 5577 3632 5640 Omnino

2055 5649 2308 5715 pessime,
2345 5659 2401 5703 ut
2436 5649 2520 5704 vel
2554 5649 2641 5704 hic
2672 5649 2809 5706 liber
2843 5651 3108 5714 docuerit.
3141 5650 3238 5707 ΒΔ.
