4042 6142
439 230 574 297 1243

1460 239 1865 301 ΖΑΟΗΑΙΠᾸΞ
1900 242 2236 303 MITYLEN
2244 244 2337 303 ES
2372 241 2711 303 EPISCOPI

3582 249 3721 314 ll“

432 357 555 411 quae
585 342 858 412 pertinent
881 343 948 399 ad
985 346 1123 401 hanc
1155 346 1605 402 exercitationem
1636 357 1691 403 et
1722 349 1887 403 vitam
1914 365 2036 420 qua:

2141 352 2281 422 μετὰ
2303 352 2411 405 τῶν
2447 353 2717 423 σωμάτων
2745 352 2864 422 βίυυ
2894 353 3005 406 τῶν
3021 354 3303 426 ἐπικήρων
3324 354 3457 427 (49),
3490 357 3566 420 εἰς
3604 361 3717 412 κόλ-

435 444 559 484 cum
611 433 933 502 corporibus
976 433 1263 505 fragilibus
1304 445 1358 490 et
1412 436 1644 491 inﬁrmis
1687 438 1919 507 geritur,
1960 440 2014 495 in

437 521 561 576 sinu
590 523 885 591 Abraham,
908 523 1058 581 Isaac
1088 535 1141 582 et
1168 523 1357 582 Jacob.
1392 525 1470 582 Ita
1508 527 1647 584 Deus
1677 538 1763 584 sat
1788 543 1819 583 a
1853 530 2009 586 nobis

440 626 703 672 exoratus
726 626 832 673 est.
863 616 1221 676 Discedamus
1255 620 1439 690 igitur.
1474 651 1487 661 -

514 731 623 809 (49)
663 732 1350 809 Ἑπικήρωντ-Ἑπζκῃρα,
1380 736 1734 809 ὲςπιΘ-ανάεεᾳθ
1768 737 1877 809 κὴρ
1907 737 2016 809 γὰρ

438 806 466 857 ὀ
488 802 715 865 Θάνατος
739 818 752 832 ·
777 814 970 876 auctor
1001 804 1179 876 Magni
1213 802 1591 876 Eiymologici.
1626 804 1762 863 Vide
1789 802 2020 863 iri-utra-

439 886 711 945 quevoce
738 873 888 945 plura
920 874 1060 945 apud
1093 874 1443 945 Hesychium.
1470 873 1569 930 ΒΑ.

508 940 621 1011 (50)
655 940 847 997 Ultima
883 940 1046 998 verba
1077 940 1270 1000 eadem
1303 956 1428 1001 sunt
1466 946 1609 1017 apud
1649 944 1881 1001 mnsam
1913 962 2011 1001 no-

452 1093 481 1117 ζ.

2133 461 2269 507 nou;
2309 444 2563 514 Ἀϐραὰμ
2585 444 2679 497 καὶ
2722 444 2910 497 Ἰσαὰκ
2944 445 3040 500 καὶ
3071 446 3286 501 Ἰακώϐ.
3328 448 3551 514 Ἰκανῶς
3586 452 3719 520 ἡμῖν

2135 531 2355 605 ηὖκται.
2408 534 2552 589 Ἀλλ’
2589 535 2760 607 ἴωμεν
2789 534 2925 607 (50).

2126 753 2343 808 strum;
2394 739 2723 812 etmemini
2763 740 2895 795 alibi
2947 755 3034 796 me
3087 742 3425 812 suspicatum
3478 747 3545 799 de
3608 762 3717 801 uno

2128 815 2411 937 ἓιιὲξιθιὲιε
2466 810 2631 867 libelli
2676 819 2938 881 auctore,
2989 825 3093 868 non
3149 810 3332 870 tamen
3394 824 3455 869 ut
3506 828 3717 886 perten-

2166 898 2196 937 a
2263 923 2275 937 .
2354 898 2406 935 Α.

502 1091 3683 1133 WW.‘

1318 1255 1961 1371 EJUSDEM
2051 1247 2819 1365 ZACHARUE

1704 1471 2436 1585 DISPUTATIO

541 1655 787 1705 CONTRA
824 1662 900 1707 EA
933 1664 1073 1717 QUJE
1114 1666 1195 1709 DE
1224 1664 1478 1709 DUOBUS
1526 1660 1857 1707 PRINCIPIIS
1887 1660 1927 1702 Α
1959 1657 2295 1702 MANICILEO
2325 1655 2586 1706 OUODAM
2614 1658 2869 1703 SCRIPTA
2900 1660 2977 1704 ET
3007 1661 3320 1707 PROJECTA
3353 1660 3419 1707 IN
3449 1658 3606 1706 ῩῙΔΙ

1309 1765 1618 1809 PUBLICAM
1661 1763 1953 1819 REPERIT,
1998 1757 2368 1804 JUSTINIANO
2419 1757 2838 1803 IMPERATORE.

510 1980 568 2037 Si
591 1990 718 2037 sunt
743 1981 796 2035 in
823 1982 1073 2039 omnibus
1095 1983 1369 2037 contraria
1393 1982 1658 2053 principia
1682 1996 1803 2053 qua:
1825 1983 2012 2052 ponis,
2049 1989 2090 2043 Β
2189 1979 2344 2034 Rude
2384 1980 2550 2050 igitur
2583 1987 2668 2035 est
2707 1989 2762 2035 et
2795 1980 2951 2036 valde
2983 1981 3310 2037 ineruditum
3344 1983 3527 2038 dicere
3575 2000 3707 2040 con-

440 2086 606 2127 tritum
651 2071 847 2127 bonum
887 2073 1031 2144 quod
1069 2087 1252 2139 vocas,
1285 2082 1344 2128 et
1383 2072 1612 2128 alterum
1654 2072 1882 2139 malum;
1926 2089 2019 2127 ne-

440 2178 593 2220 cesse
620 2173 734 2230 est,
766 2162 813 2218 si
844 2168 1043 2219 bonum
1073 2165 1431 2220 substantiam
1464 2178 1585 2221 esse
1618 2165 1782 2230 dicis,
1818 2164 2018 2220 malum

441 2271 547 2311 non
592 2272 714 2312 esse
752 2256 1132 2312 substantiam.
1175 2255 1230 2311 Si
1272 2255 1472 2313 bonum
1516 2257 1650 2313 dicis
1694 2257 2018 2328 principium

439 2362 588 2415 esse,
625 2347 821 2402 malum
860 2362 966 2403 non
1001 2362 1123 2403 esse
1156 2348 1478 2419 principium
1518 2367 1532 2403 :
1571 2349 1628 2404 Si
1668 2350 1864 2406 bonum
1897 2362 2021 2404 esse

440 2440 734 2510 ingenitum
761 2449 817 2496 et
839 2450 1123 2507 aeternum,
1148 2442 1345 2497 malum
1375 2457 1479 2497 non
1505 2457 1625 2498 esse
1651 2442 1750 2498 sic.
1781 2442 1838 2498 Si
1868 2441 2013 2497 enim

441 2531 556 2585 bare
596 2533 899 2587 communia
941 2532 1143 2587 habent
1180 2536 1387 2602 omnia,
1420 2534 1688 2604 quomodo
1726 2542 1850 2589 sunt
1888 2547 2019 2588 con-

441 2625 651 2678 traria?
678 2623 973 2680 Praeterea.
998 2624 1287 2681 Contraria
1319 2641 1425 2682 non
1457 2638 1724 2696 quatenus
1757 2627 2017 2681 substan-

440 2718 514 2769 tia
552 2728 710 2783 sunt,
741 2717 995 2772 dicuntur
1022 2731 1143 2774 esse
1179 2719 1492 2784 contraria;
1526 2718 1840 2773 substantia:
1874 2718 2017 2771 enim

440 2810 574 2864 nihil
603 2818 686 2865 est
718 2810 1084 2876 contrarium,
1116 2810 1208 2866 sed
1242 2819 1337 2878 aut
1363 2819 1632 2881 quatenus
1660 2819 1789 2865 sunt
1819 2810 1885 2863 ad
1916 2809 2017 2863 ali-

440 2900 593 2968 quid,
624 2909 715 2952 aut
747 2900 1044 2954 secundum
1074 2899 1392 2968 qualitatem
1422 2911 1478 2954 et
1504 2897 1777 2965 accidens,
1808 2907 1901 2952 aut
1928 2912 2018 2953 se-

441 2988 675 3042 cundum
698 2988 939 3044 habitum
963 2997 1017 3043 et
1037 2989 1398 3057 privationem
1421 3007 1433 3044 :
1453 3005 1518 3043 ex
1540 3004 1646 3059 quo
1670 2989 1748 3054 ﬁt,
1769 2996 1827 3044 ut
1845 2990 2019 3059 primo

442 3087 494 3132 et
526 3077 624 3131 soli
654 3077 819 3142 bono,
848 3092 970 3133 cum
1004 3078 1135 3133 nihil
1166 3079 1358 3133 horum
1387 3078 1605 3143 habeat,
1636 3079 1767 3135 nihil
1795 3081 1866 3135 sit
1890 3096 2018 3135 con-

443 3169 666 3223 trarium
690 3186 705 3236 ;
750 3168 874 3238 quia
914 3168 1209 3224 secundum
1251 3171 1611 3225 substantiam
1654 3179 1739 3225 est
1780 3171 2016 3239 bonum,

439 3261 757 3317 substantia:
777 3275 905 3315 vero
927 3259 1057 3315 nihil
1079 3269 1161 3314 est
1183 3260 1516 3315 contrarium
1542 3279 1556 3316 :
1579 3261 1851 3315 contraria
1875 3259 2015 3317 enim

439 3354 692 3407 dicuntur
715 3367 928 3409 sursum
956 3360 1012 3407 et
1036 3351 1315 3418 deorsum,
1340 3368 1446 3408 non
1471 3363 1739 3423 quatenus
1762 3354 2016 3408 substan-

441 3444 514 3498 tia
551 3453 694 3506 sunt,
727 3445 821 3498 sed
857 3453 1125 3513 quatenus
1159 3445 1225 3499 ad
1263 3444 1485 3514 aliquid.
1518 3444 1647 3511 Quae
1680 3454 1858 3499 autem
1894 3455 2019 3500 sunt

439 3536 506 3590 ad
537 3534 769 3603 aliquid,
800 3549 919 3589 cum
952 3544 1146 3589 natura
1178 3550 1444 3605 corporea
1472 3539 1679 3592 adnexa
1710 3546 1838 3591 sunt
1865 3553 1878 3591 :
1910 3551 2016 3591 non

440 3625 608 3696 igitur
638 3624 694 3680 in
732 3635 922 3679 natura
959 3626 1302 3695 incorporea,
1334 3635 1390 3681 et
1423 3642 1543 3696 quae
1575 3626 1825 3682 omnibus
1863 3636 2016 3683 ante-

439 3718 586 3774 cellit
611 3728 665 3775 et
689 3734 808 3788 quae
837 3718 1156 3790 intelligitur
1179 3720 1562 3789 comprehendi
1593 3734 1699 3775 non
1728 3733 1908 3791 posse,
1937 3720 2015 3774 lo-

441 3825 563 3864 cum
596 3810 798 3866 habent
827 3825 1040 3865 sursum
1072 3821 1126 3865 et
1153 3811 1428 3869 deorsum.

509 3901 577 3956 Et
621 3903 782 3957 timor
814 3903 1122 3957 contrarius
1155 3901 1355 3957 dicitur
1387 3901 1721 3971 fortitudini,
1757 3918 1861 3959 non
1899 3912 2018 3958 tan-

438 4009 600 4063 quam
643 3993 952 4049 substantia
993 3994 1207 4064 aliqua,
1249 3994 1344 4049 sed
1391 4003 1643 4063 tanquam
1688 3994 1921 4064 qualitas
1962 4004 2020 4049 et

441 4086 715 4153 accidens,
741 4087 883 4156 quod
911 4102 1052 4156 saepe
1081 4088 1256 4153 adest,
1281 4095 1337 4142 et
1361 4087 1518 4143 abest
1543 4105 1557 4142 :
1586 4086 1847 4142 fortitudo
1874 4087 2017 4143 enim

440 4187 497 4230 ct
529 4177 693 4232 timor
716 4177 771 4231 in
802 4178 981 4232 anima
1008 4172 1324 4247 Spectantur
1350 4194 1455 4233 non
1484 4188 1740 4249 tanquam
1768 4180 2019 4234 substan-

440 4267 551 4331 tim,
583 4268 678 4321 sed
711 4277 964 4337 tanquam
995 4266 1304 4337 qualitates.
1338 4268 1603 4335 Quocirca
1632 4285 1737 4323 non
1769 4269 2020 4323 dicuntur

439 4361 655 4426 animae,
690 4360 783 4415 sed
816 4362 964 4416 circa
1000 4360 1236 4416 animam
1275 4362 1726 4426 considerantur;
1757 4360 2019 4419 fortitudo

443 4464 696 4523 tanquam
747 4454 961 4509 habitus
1009 4454 1227 4520 anitnie,
1278 4453 1438 4507 timor
1482 4462 1740 4523 tanquam
1789 4455 2019 4523 privatio

440 4546 675 4602 habitus.
707 4543 860 4601 Sicut
889 4545 1094 4601 sanitas
1131 4556 1186 4599 et
1242 4545 1465 4600 morbus
1495 4545 1547 4600 in
1579 4560 1807 4615 corpore
1834 4564 1847 4601 :
1878 4547 2019 4603 unde

440 4652 669 4693 necesse
691 4647 775 4693 est
796 4638 1006 4707 priores
1030 4650 1149 4692 esse
1176 4635 1393 4692 habitus
1414 4636 1832 4706 privationibus.
1857 4636 2015 4693 Sum-

442 4745 543 4785 mae
568 4729 728 4801 igitur
749 4729 1000 4784 amentiae
1020 4738 1168 4784 esset
1189 4728 1430 4798 cogitare
1453 4728 1555 4784 hoc
1578 4728 1631 4783 in
1654 4727 1766 4783 Deo
1792 4744 1806 4783 :
1827 4729 2017 4784 distin-

440 4820 547 4875 ctio
576 4820 716 4873 enim
749 4818 875 4874 boni
904 4835 933 4874 a
970 4818 1111 4873 malo
1146 4834 1250 4875 non
1281 4818 1442 4875 habet
1470 4817 1646 4874 locum
1679 4820 1730 4874 in
1764 4820 1893 4889 Deo,
1924 4821 2019 4875 sed

441 4911 498 4966 in
534 4913 676 4967 bono
705 4918 760 4966 et
791 4911 933 4965 malo
963 4913 1237 4965 actionum
1276 4911 1636 4966 humanarum
1668 4928 1683 4966 :
1718 4912 1861 4967 bono
1894 4912 2015 4981 qui-

442 5007 562 5060 dem
602 5006 655 5058 in
693 5011 1000 5059 creaturam
1031 5000 1126 5056 Dei
1157 5002 1494 5072 ingrediente
1527 5003 1821 5057 secundum
1861 5002 2016 5057 habi-

444 5110 587 5162 tum;
628 5095 769 5150 malo
800 5108 929 5150 vero
962 5095 1258 5148 secundum
1297 5091 1654 5162 privationem
1694 5093 1912 5148 habitus
1949 5109 2015 5149 ex

443 5199 593 5242 motu
616 5186 799 5240 liberte
822 5183 1111 5239 voluntatis
1130 5182 1421 5237 accedente
1440 5195 1581 5250 saepe
1608 5199 1622 5236 :
1650 5181 1848 5236 bonum
1870 5184 2016 5238 enim

445 5282 498 5333 in
542 5280 753 5343 anima,
800 5287 856 5332 et
897 5278 1078 5332 vivere
1120 5275 1415 5329 secundum
1460 5276 1714 5330 virtutem
1762 5284 2014 5345 tanquam

443 5372 679 5439 optimus
715 5369 933 5440 quidam
972 5368 1208 5434 habitus,
1242 5366 1382 5447 sicut
1419 5365 1622 5425 dietum
1658 5374 1767 5431 est,
1800 5368 2019 5422 advenit

447 5460 649 5518 homini
678 5480 692 5518 :
716 5463 876 5532 hujus
898 5477 1027 5517 vero
1056 5461 1266 5533 ignavia
1292 5474 1358 5514 ex
1385 5457 1659 5514 voluntate
1680 5469 1736 5514 et
1758 5474 1823 5513 ex
1854 5475 2017 5528 prava

447 5554 861 5620 consuetudine,
894 5567 959 5607 ac
991 5549 1406 5607 conversatione
1439 5548 1579 5602 mala
1617 5549 2016 5618 proﬁciscente,

451 5639 650 5696 malum
680 5651 939 5713 tauquam
970 5642 1200 5713 privatio
1231 5641 1447 5698 habitus
1476 5655 1619 5710 sche
1651 5640 1869 5697 accidit.

2124 2072 2351 2128 trarium
2379 2074 2521 2128 bono
2543 2072 2842 2127 secundum
2868 2074 3239 2128 substantiam
3260 2084 3315 2129 et
3339 2089 3437 2145 per
3459 2091 3519 2131 se
3542 2076 3701 2142 bono,

2123 2171 2348 2238 malum,
2388 2171 2529 2227 sicut
2573 2173 2846 2227 contraria
2890 2180 3020 2228 sunt
3061 2187 3278 2228 sursum
3320 2183 3377 2229 et
3420 2175 3703 2240 deorSutn;

2122 2274 2217 2319 aut
2241 2278 2363 2320 esse
2389 2265 2613 2320 omnino
2642 2263 2849 2333 aliquid
2874 2264 3209 2318 contrarium
3237 2264 3381 2320 bono
3406 2266 3704 2321 secundum

2121 2356 2505 2422 substantiam,
2536 2355 2679 2426 quod
2714 2365 2799 2411 est
2834 2354 2981 2410 solus
3015 2355 3158 2411 Deus
3187 2372 3203 2411 :
3236 2371 3397 2412 nemo
3433 2357 3577 2413 enim
3612 2357 3706 2410 bo-

2122 2464 2245 2515 nus,
2280 2449 2383 2503 nisi
2419 2463 2559 2504 unus
2590 2446 2753 2513 Deus,
2786 2448 2911 2517 quia
2948 2447 3114 2516 ipsius
3146 2449 3347 2502 bonum
3384 2459 3591 2504 tantum
3620 2459 3703 2505 est

2122 2536 2490 2604 immutabile,
2525 2546 2780 2606 tanquam
2814 2536 3057 2607 primum
3078 2537 3280 2601 bonus,
3310 2547 3368 2593 et
3396 2541 3694 2594 secundum

2121 2629 2481 2685 substantiam
2513 2628 2722 2695 bonus;
2755 2643 2860 2697 qua
2894 2627 3102 2682 ratione
3132 2629 3267 2683 nihil
3295 2639 3379 2684 est
3407 2631 3458 2685 ei
3490 2612 3702 2701 contra:-

2120 2723 2285 2777 rium.
2310 2721 2490 2789 Quare
2515 2721 2712 2776 malum
2738 2737 2842 2776 non
2864 2731 2950 2776 est
2971 2721 3269 2777 secundum
3294 2723 3693 2778 substantiam:

2120 2814 2168 2869 ei
2209 2815 2354 2868 enim
2396 2814 2539 2883 quod
2582 2821 2685 2879 est,
2729 2813 3022 2883 opponitur
3059 2812 3374 2878 dividendo,
3414 2815 3554 2884 quod
3598 2830 3698 2869 non

2120 2914 2237 2971 est;
2271 2905 2413 2959 unde
2444 2920 2552 2959 non
2585 2913 2670 2959 est
2703 2903 3028 2969 substantia,
3058 2903 3203 2973 quod
3240 2919 3347 2959 non
3382 2916 3482 2960 est.
3516 2905 3573 2959 Si
3604 2921 3699 2959 auo
3746 2946 3762 2959 .

2122 3003 2229 3049 tem
2259 2995 2402 3066 quod
2433 3010 2538 3049 non
2569 3005 2681 3059 est,
2715 3009 2821 3049 non
2852 3002 2937 3049 est
2968 2995 3306 3062 substantia,
3331 3004 3386 3051 et
3413 2995 3702 3065 opponitur

2119 3087 2465 3149 substantiae,
2496 3086 2820 3151 dividendo,
2850 3093 2912 3140 ut
2939 3087 3051 3152 ais,
3083 3087 3257 3153 bono,
3284 3088 3423 3157 quod
3451 3095 3533 3141 est
3558 3087 3694 3140 sub-

2121 3178 2319 3234 stantia
2342 3218 2358 3245 ,
2394 3176 2597 3232 malum
2631 3196 2645 3233 :
2682 3177 2882 3231 malum
2920 3176 3089 3248 igitur
3120 3193 3226 3234 non
3257 3188 3336 3234 est
3365 3177 3694 3234 substantia.

2192 3265 2251 3321 Si
2284 3276 2465 3321 autem
2503 3267 2617 3322 haec
2651 3267 2733 3322 sic
2769 3266 3005 3335 habent,
3040 3277 3094 3323 et
3128 3268 3280 3323 aliter
3313 3268 3511 3322 bonum
3549 3266 3698 3335 quod

2118 3367 2201 3413 est
2238 3358 2294 3412 in
2336 3356 2469 3422 Deo,
2508 3357 2908 3423 consideratur,
2944 3359 3038 3428 qui
3082 3368 3166 3414 est
3208 3358 3407 3414 bonum
3447 3372 3477 3411 a
3520 3357 3701 3427 seipse

2118 3452 2321 3507 motus,
2360 3451 2415 3497 et
2457 3445 2753 3499 secundum
2798 3445 3162 3500 substantiam
3204 3446 3429 3513 bonum,
3467 3455 3523 3501 et
3556 3445 3697 3517 quod

2118 3532 2353 3602 primum
2389 3531 2592 3587 bonum
2631 3533 2991 3604 intelligitur;
3028 3537 3190 3592 aliter
3222 3551 3352 3593 vero
3386 3537 3698 3593 considera--

2119 3632 2206 3677 tur
2238 3623 2292 3678 in
2337 3623 2685 3690 hominibus,
2718 3627 2862 3696 quod
2899 3643 3045 3698 saepe
3082 3628 3444 3700 privationem
3485 3628 3698 3684 habitus

2117 3715 2327 3786 proprii
2361 3715 2724 3773 voluntariam
2768 3719 2982 3788 recipit,
3019 3731 3074 3775 et
3105 3720 3311 3777 veritas
3351 3731 3437 3776 est
3474 3735 3595 3776 cum
3635 3721 3698 3775 iis

2117 3822 2237 3877 quae
2267 3808 2349 3863 sic
2382 3807 2756 3879 intelliguntur
2784 3817 2839 3865 et
2871 3810 3129 3866 dicuntur
3176 3829 3192 3866 :
3248 3826 3429 3867 annon
3461 3821 3545 3866 est
3577 3813 3700 3866 bar-

2118 3902 2250 3955 bara
2277 3908 2332 3955 et
2360 3900 2524 3956 stulta
2553 3912 2609 3956 et
2633 3916 2702 3957 ex
2730 3902 2880 3957 omni
2908 3912 3063 3974 parte
3090 3919 3402 3976 repugnans
3427 3902 3606 3958 fabula
3632 3902 3697 3958 de

2117 3990 2327 4046 duobus
2377 3990 2692 4061 principiis,
2743 4007 2866 4062 quae
2916 4008 3237 4050 communes
3286 3995 3545 4050 notiones
3595 4010 3695 4048 non

2117 4082 2382 4151 probant?
2406 4081 2684 4149 Quomodo
2708 4083 2852 4138 enim
2878 4100 3001 4141 esse
3026 4087 3230 4156 poterit
3253 4087 3421 4158 ἀρχὴ,
3448 4101 3568 4157 quae
3590 4100 3690 4139 non

2118 4174 2172 4228 in
2212 4174 2467 4230 omnibus
2510 4175 2880 4245 principatum
2926 4186 3073 4234 tenet
3111 4196 3128 4235 :
3165 4178 3212 4235 si
3258 4187 3440 4233 autem
3482 4192 3698 4234 necesse

2116 4274 2223 4334 est,
2254 4274 2314 4322 ut
2340 4268 2396 4321 in
2420 4266 2675 4322 omnibus
2703 4267 3066 4339 principatum
3097 4279 3278 4325 teneat
3303 4271 3334 4340 ἡ
3366 4269 3538 4342 ἀρχὴ,
3566 4284 3696 4322 unus

2118 4357 2269 4414 solus
2298 4357 2406 4412 erit
2441 4358 2721 4428 princeps,
2753 4361 2897 4429 quod
2932 4360 3256 4430 principium
3293 4375 3572 4416 vocamus.
3600 4357 3697 4427 lgi-

2124 4460 2212 4505 tttr
2260 4448 2458 4504 malum
2510 4464 2615 4504 non
2669 4459 2754 4506 est
2806 4451 3131 4517 substantia,
3176 4453 3272 4507 sed
3321 4452 3519 4507 divinae
3567 4451 3697 4521 legis

2122 4540 2502 4611 transgressio,
2543 4555 2664 4612 qua:
2706 4556 2774 4596 ex
2816 4541 2932 4596 solo
2981 4552 3130 4597 motu
3176 4543 3363 4599 liberat
3405 4541 3699 4599 voluntatis

2124 4632 2337 4702 ignavis
2372 4633 2855 4690 ratiocinatoribus
2889 4633 3122 4700 accidit,
3158 4644 3213 4691 et
3247 4637 3300 4689 in
3336 4636 3452 4690 sola
3491 4635 3701 4689 actione

2127 4739 2232 4778 non
2264 4723 2756 4793 obtemperantium
2790 4724 2893 4805 legi
2927 4723 3022 4780 Dei
3054 4727 3299 4781 cernitur
3331 4743 3347 4780 :
3380 4728 3521 4781 unde
3554 4727 3607 4780 in
3637 4739 3697 4779 ea

2126 4815 2285 4882 inest,
2315 4822 2373 4870 ut
2402 4816 2576 4886 possit
2609 4815 2880 4883 desinere,
2914 4834 3037 4874 cum
3071 4818 3299 4888 poenitet
3329 4831 3700 4888 saepenumero

2123 4922 2239 4975 eos,
2278 4907 2374 4977 qui
2418 4908 2740 4963 maleﬁcium
2786 4908 3014 4975 faciunt,
3046 4918 3106 4966 et
3147 4909 3217 4964 ad
3251 4909 3508 4964 virtutem
3554 4919 3698 4965 motu
3794 4914 3802 4935 '

2123 5000 2417 5055 voluntatis
2459 5001 2716 5063 redeunt;
2760 5001 2903 5070 quod
2945 5001 3165 5071 quidem
3213 5003 3539 5057 documento
3581 5009 3696 5068 est,

2126 5109 2230 5149 non
2271 5107 2392 5148 esse
2430 5092 2570 5147 mala
2613 5094 2907 5148 secundum
2952 5101 3222 5146 naturam.
3256 5091 3388 5159 Quae
3425 5092 3573 5146 enim
3610 5104 3700 5147 se-

2124 5187 2359 5242 cundum
2389 5195 2637 5240 naturam
2666 5195 2814 5251 sunt,
2844 5183 2983 5238 vinci
3014 5199 3120 5239 non
3148 5192 3396 5253 possunt.
3427 5183 3486 5236 Si
3519 5193 3698 5237 autem

2125 5278 2264 5332 mala
2318 5292 2423 5331 non
2471 5287 2600 5331 sunt
2650 5284 2881 5342 natura,
2928 5284 2985 5330 et
3035 5286 3360 5328 naturarum
3408 5274 3705 5329 fabricator

2131 5371 2270 5426 Deus
2307 5384 2425 5436 eSt;
2470 5385 2635 5424 unttm
2675 5368 2839 5438 igitur
2871 5376 2924 5422 et
2960 5366 3133 5423 solum
3172 5366 3497 5437 principium
3539 5366 3650 5420 erit
3688 5381 3704 5418 :

2126 5462 2268 5531 quod
2295 5461 2418 5532 quia
2451 5459 2983 5529 incircumscriptum
3015 5468 3119 5523 est,
3149 5469 3204 5514 et
3234 5458 3435 5528 ubique
3464 5472 3591 5513 esse
3623 5458 3704 5509 in-

2126 5554 2405 5625 telligitur,
2438 5553 2648 5609 nullum
2684 5552 2858 5609 locum
2890 5553 2982 5608 dat
3014 5551 3269 5621 nequitiae
3298 5564 3417 5621 quae
3455 5565 3561 5605 non
3599 5557 3705 5604 est.
