4042 6142
282 325 303 387 l
319 321 418 390 149

553 537 727 610 [idosv
748 533 877 609 ἦ).οε
903 541 1092 604 Φοῖϐος
1114 542 1304 610 ἄνδρες

561 607 784 676 Κράτος
821 611 1017 681 ’Ἄρεος
1044 627 1106 664 κε
1114 607 1322 680 ράάσας
1339 628 1353 676 ;

1339 333 1444 395 EX
1479 336 1843 398 HISTORIA
1884 338 2478 407 ECCLESIASTICA.

276 435 533 518 quidem
559 439 816 500 Martem
849 447 1030 504 vocat
1065 447 1276 521 pocla,
1307 442 1570 505 alterum
1612 445 1944 523 Phoebum,
1988 456 2249 531 propter
2281 453 2417 533 ejus
2457 451 2694 516 scilicet
2728 455 3146 518 eruditionem
3191 475 3210 518 :

3403 351 3538 417 1150

2231 551 2293 623 Ὀ
2319 553 2377 623 δὲ
2407 551 2600 623 Φοῖϐος
2627 553 2786 616 ἄλλος
2807 557 2976 623 ἐγγὺς

2253 621 2424 675 Πάλιν
2452 622 2664 686 εἴκελος
2693 621 2932 696 φαάνθή.

273 694 743 800 gerrae:
787 709 998 800 utrum
1037 699 1642 800 altern-terevaserit
1687 705 2026 800 historicus
2075 715 2266 800 atque
2312 712 2653 800 episcopus
2701 694 3138 800 Meliti‘nensis,
3201 734 3279 778 an
3331 719 3540 796 potius

274 775 992 876 psallerbdelipirenon
1021 795 1249 876 Aque‘o‘:
1285 780 1408 876 sed
1452 791 1622 876 certe
1660 785 1768 847 uni
1817 803 1896 848 ex
1946 787 2045 850 his
2092 775 2474 870 ProcOpium
2505 775 2794 855 Gazzeuni
2843 775 3178 875 scripsisse
3207 775 3542 876 quas

274 852 442 914 edidi
478 853 558 933 (5)
585 855 905 934 epistolas,
935 852 1173 925 vix'est
1196 858 1640 923 dubitandum.

344 1015 420 1086 (5)
455 1016 684 1074 Classic.
715 1017 826 1074 AA.
851 1030 889 1076 ι.
916 1019 1003 1076 IV.

279 1195 2938 1222 “ww

1116 1367 1882 1485 ZACHARUE
1971 1377 2691 1492 BHETORIS

1486 1588 1802 1647 EPISCOPI
1844 1591 2334 1652 MELITINENSIS

555 1765 1545 1896 HISTORUE
1677 1772 3250 1916 ECCLESIASTICXE

727 2001 732 2007 ’
887 2064 914 2079 ο
1389 2024 1812 2114 CAPITA
1881 2029 2390 2120 SELECTA
2520 2028 2524 2032 ’

1313 2231 1401 2276 sx
1443 2234 1667 2281 CODICE
1710 2234 1976 2282 snuco
2013 2237 2326 2284 vuzcmo
2373 2222 2482 2305 (6).

785 2531 1012 2591 CAPUT
1049 2533 1340 2590 PRIMUM.

783 2649 862 2706 De
897 2649 1135 2706 Nestorii
1169 2653 1338 2706 obitu.

341 2763 558 2822 Mortuo
590 2764 732 2821 ﬁdeli
767 2767 1014 2837 principe
1061 2767 1390 2832 Theodosio,
1429 2768 1714 2838 imperium
1757 2772 1854 2827 ob-

271 2859 445 2914 tinuit
485 2857 818 2924 Marcianus,
851 2859 942 2926 qui
983 2858 1222 2914 instante
1253 2859 1396 2928 apud
1435 2875 1558 2915 eum
1595 2876 1853 2916 uxorem-

267 2964 376 3020 que
423 2951 544 3019 ejus
594 2949 939 3005 Pulcheriam
990 2949 1174 3006 Leone
1224 2951 1488 3017 Romano,
1533 2956 1852 3025 congregari

260 3041 432 3113 jussit
457 3043 750 3114 synodum,
773 3059 896 3112 quae
928 3059 1122 3115 reapse
1150 3055 1338 3100 coacta
1369 3054 1456 3101 est
1486 3046 1849 3114 Chalcedone,

269 3149 416 3190 anno
439 3133 737 3189 Alexandri
779 3133 1096 3191 Macedonis
1135 3136 1260 3201 764,
1295 3139 1746 3195 convenientibus
1783 3143 1850 3195 ad

269 3241 389 3280 eam
421 3225 694 3296 episcOpis
725 3226 1011 3296 sexaginta
1043 3235 1278 3296 quatuor
1315 3244 1477 3298 supra
1508 3231 1847 3300 quingentos.

269 3313 379 3370 Sed
430 3325 608 3370 tamen
667 3314 1042 3370 Theodorelus
1105 3316 1229 3387 Cyri
1281 3318 1566 3387 episcopus
1613 3317 1850 3376 Leonem

267 3417 435 3462 antea
477 3407 852 3463 concitaverat
903 3409 973 3462 ad
1021 3409 1368 3463 scribendum
1417 3412 1482 3464 ad
1534 3409 1848 3466 Flavianum

266 3514 388 3552 eam
416 3499 727 3569 epistolam,
757 3515 876 3570 qua?
907 3500 1215 3570 dOgmatiea
1243 3501 1464 3566 dicitur,
1494 3501 1851 3574 Eutychiana:

267 3593 534 3647 doctrina:
566 3593 968 3648 adversantem.
1005 3594 1264 3650 Scribens
1289 3595 1472 3664 itaque
1502 3596 1634 3664 Leo,
1670 3597 1851 3654 Theo-

267 3685 518 3754 doretum
549 3683 822 3740 Marciano
842 3684 1085 3755 Augusto
1111 3685 1336 3757 ejusque
1361 3688 1576 3758 conjugi
1606 3691 1850 3758 impense

265 3775 670 3828 commendavit
713 3775 854 3844 :qui
899 3775 1118 3844 quidem
1165 3777 1438 3846 Augustus
1473 3777 1711 3834 Nestorii
1753 3781 1850 3835 do-

1887 2543 1936 2600 Α
1963 2541 2229 2608 synodum
2277 2541 2680 2614 invitabantur,
2714 2547 2892 2621 iisque
2920 2551 3158 2611 Nestorii
3195 2567 3252 2613 et
3285 2556 3538 2616 Dorothci

1955 2632 2134 2688 obitus
2185 2634 2621 2704 significabatur.
2653 2639 2824 2705 Porro
2863 2659 2985 2698 cum
3021 2647 3258 2718 episcopi
3304 2651 3542 2722 undique

1954 2725 2165 2804 evocati
2209 2727 2479 2796 synodum
2518 2728 2731 2796 Nicaeae,
2784 2745 2942 2802 prout
2985 2737 3240 2804 primitus
3278 2741 3538 2796 indictum

1955 2813 2152 2880 fuerat,
2189 2818 2519 2874 celebraturi
2569 2833 2774 2887 essent,
2831 2827 3113 2880 mandavit
3145 2837 3328 2899 postea
3369 2833 3540 2899 impe-

1955 2915 2104 2960 rator
2133 2915 2192 2961 ut
2233 2907 2576 2968 Chalcedone
2605 2916 2784 2983 potius
2829 2928 3326 2987 cengregarentur;
3365 2937 3430 2976 nc
3461 2923 3540 2976 vi-

1953 2995 2154 3052 delicet
2181 2999 2464 3056 rebellium
2507 3017 2810 3060 conventus
2858 3005 3056 3061 Nicmm
3097 3009 3272 3064 fieret.
3315 3011 3537 3066 Interim

1951 3087 2190 3145 Nestorii
2233 3092 2456 3148 asseclae
2499 3094 2811 3167 imperatori
2861 3109 3272 3167 persuaserunt,
3333 3111 3392 3155 ut
3441 3116 3536 3172 sy-

1954 3181 2094 3236 nodo
2119 3197 2322 3251 prteses
2362 3183 2737 3242 Theodorelus
2766 3188 3160 3258 praeficeretur,
3196 3191 3353 3263 cujus
3384 3193 3536 3248 arbi-

1956 3271 2061 3327 trio
2088 3283 2281 3328 cuncta
2316 3275 2692 3333 delinirentur.

2547 3390 2624 3446 De
2659 3391 2932 3448 Dioscoro.

2021 3498 2366 3566 Apostolicus
2418 3501 2508 3556 hic
2550 3503 2634 3556 vir
2671 3502 2792 3572 (9),
2850 3502 3218 3574 apostolorum
3274 3505 3538 3562 doctrinae

1951 3590 2183 3655 assecla,
2217 3591 2445 3661 ejusque
2487 3593 2808 3662 profitendae
2851 3594 3016 3649 ritum
3051 3595 3395 3650 ab.infant'tt
3443 3599 3536 3651 doc

1950 3691 2095 3748 etus,
2117 3681 2250 3736 sede
2277 3696 2378 3736 sua
2411 3683 2688 3750 depositus
2719 3681 2846 3750 fuit,
2871 3693 2925 3738 et
2952 3685 3004 3739 in
3032 3685 3284 3739 exsilium
3319 3686 3533 3754 pulsus,

1951 3771 2078 3840 quia
2125 3786 2373 3840 personae
2407 3771 2672 3827 unitatem
2712 3772 2764 3826 in
2808 3774 3019 3829 duabus
3056 3776 3264 3828 naturis
3309 3777 3538 3830 adorare

265 3863 500 3916 cuinam
531 3863 786 3919 hauserat,
808 3865 910 3936 (7),
955 3865 1184 3935 ejusque
1223 3866 1565 3935 dogmatibus
1605 3869 1849 3924 adlmre-
1881 3882 1924 3937 Β
1956 3864 2158 3929 renuit,
2191 3871 2353 3931 prout
2399 3877 2428 3914 a
2459 3861 2639 3917 Leone
2673 3871 2729 3916 et
2771 3879 2802 3917 a
2842 3865 3075 3918 concilio
3108 3865 3536 3920 Chalcedonensi

267 3952 363 4006 bat
398 3970 412 4007 :
446 3968 615 4022 quare
657 3963 711 4009 et
745 3955 918 4026 ipsum
963 3971 1030 4010 ex
1082 3969 1285 4011 oaseuo
1328 3957 1522 4012 exsilio
1555 3974 1654 4028 per
1680 3958 1846 4015 Joan-

267 4060 394 4100 nem
432 4047 705 4101 tribunum
762 4064 865 4102 una
911 4063 1034 4100 cum
1067 4047 1342 4102 Dormhco
1371 4047 1629 4104 Marciani
1674 4050 1846 4120 ipsius

267 4137 541 4210 populari,
593 4138 827 4195 Nestorii
875 4141 1065 4207 socio,
1131 4153 1482 4196 revocaverat
1523 4143 1622 4214 (8).
1677 4143 1847 4200 Porro

267 4232 443 4286 redux
477 4229 760 4286 Nestorius
809 4239 1052 4286 sanctam
1090 4229 1366 4301 Virginem
1403 4231 1686 4301 Deiparam
1729 4249 1846 4290 cte-

268 4324 350 4392 pit
380 4323 467 4378 his
502 4325 681 4378 verbis
719 4323 949 4378 irridere
979 4341 992 4378 :
1023 4324 1151 4394 quid
1195 4333 1281 4380 est
1337 4326 1550 4380 Maria?
1583 4328 1848 4383 Adhucne

267 4415 444 4469 Mater
473 4415 565 4470 Dei
614 4416 879 4470 vocatur?
927 4415 1158 4484 Moxque
1205 4417 1253 4470 ei
1301 4432 1462 4485 poena
1507 4419 1600 4473 Dei
1649 4419 1846 4474 vindex

264 4505 604 4573 supervenit,
652 4505 816 4560 veluti
871 4505 998 4559 olim
1051 4505 1206 4571 Ario,
1257 4508 1348 4575 qui
1401 4507 1452 4560 in
1505 4509 1596 4562 Dei
1652 4509 1848 4564 Filium

269 4597 620 4664 blasphemus
649 4595 790 4650 fuit:
842 4596 1042 4652 etenim
1083 4595 1329 4665 jumento
1376 4597 1620 4669 dejectus
1667 4600 1852 4656 Nesto-

269 4687 410 4750 rius,
447 4686 667 4740 concisa
709 4685 910 4756 lingua,
955 4695 1120 4756 atque
1167 4701 1263 4741 ore
1307 4689 1584 4745 vermibus
1627 4691 1848 4760 abroso,

270 4778 326 4832 in
365 4778 564 4834 itinere
595 4780 902 4834 exstinctus
947 4788 1216 4846 est;cum
1257 4795 1432 4850 eoque
1479 4783 1641 4837 simul
1683 4785 1852 4840 Doro-

273 4873 433 4928 theus
477 4873 657 4928 socius
703 4873 840 4928 obiit
872 4889 886 4926 :
915 4873 1111 4942 quibus
1155 4875 1378 4939 auditis,
1411 4874 1583 4930 doluit
1625 4877 1853 4946 impera-

271 4972 384 5028 tor,
420 4977 598 5031 neque
625 4963 764 5018 hanc
795 4979 906 5019 rem
933 4965 1052 5020 sine
1091 4965 1401 5035 suspicione
1427 4975 1480 5020 et
1509 4983 1638 5022 cura
1673 4978 1852 5024 trans-

273 5057 446 5112 misit.
475 5056 698 5111 lnteriuz
727 5056 962 5114 Joannes
990 5058 1236 5114 tribunus
1264 5060 1478 5116 litteras
1508 5061 1852 5128 imperatoris

271 5148 538 5203 Marciani
574 5148 834 5205 Dioscoro
877 5160 930 5206 et
958 5148 1210 5206 Juvenali
1259 5151 1502 5216 tradidit,
1539 5153 1736 5224 quibus
1783 5157 1853 5210 ad

350 5310 430 5381 (6)
459 5308 569 5365 Has
601 5311 810 5368 nobiles
837 5311 1114 5368 Zacharia:
1147 5313 1388 5369 historici
1427 5321 1630 5380 partes,
1663 5315 1856 5370 Graece

217 5400 232 5411 ο
271 5377 342 5452 ab
361 5377 606 5452 auctore
627 5397 724 5452 suo
753 5386 1003 5451 scriptas,
1037 5385 1230 5438 deinde
1268 5387 1336 5440 ab
1379 5377 1650 5452 anonymo
1679 5385 1856 5441 faetas

276 5451 563 5520 Syriacas,
593 5451 720 5504 mihi
747 5453 936 5506 Latine
960 5455 1216 5508 scribenti
1265 5451 1761 5522 interpretabantur
1789 5471 1856 5510 ex

283 5522 518 5592 giyriaco
552 5522 806 5592 idiqmate
831 5525 1067 5592 perdocti
1103 5525 1212 5578 duo
1254 5525 1530 5578 Maronitae
1575 5523 1856 5580 Mattbazus

279 5589 525 5644 Sciultan
549 5602 604 5646 et
632 5589 956 5647 FranciScus
978 5595 1249 5648 Mehaseb.

351 5663 432 5732 (7)
473 5660 736 5733 Nimirum
767 5662 1104 5733 Eutycluani,
1139 5680 1368 5732 quorum
1412 5665 1462 5718 in
1498 5680 1722 5719 numero
1755 5666 1856 5720 fuit

275 5729 600 5799 Zacharias,
641 5729 956 5789 orthodoitis
989 5729 1273 5792 catholicis
1320 5733 1730 5792 Nestorianismi
1759 5753 1851 5790 ca-

1955 3949 2238 4004 dclinitum
2285 3949 2498 4016 fuerat;
2532 3961 2588 4006 et
2633 3951 2760 4020 quia
2801 3950 3129 4006 Theodoreti
3165 3952 3380 4022 lbzeque
3415 3968 3536 4022 par‘

1957 4054 2036 4098 tes
2072 4042 2226 4112 sequi
2269 4042 2465 4109 noluit,
2498 4044 2589 4113 qui
2621 4045 2691 4098 ob
2729 4058 2856 4098 suas
2892 4043 3254 4112 blasphemias
3283 4045 3440 4113 ejecti
3467 4045 3536 4099 ab

1953 4135 2200 4190 Ecclesia
2266 4135 2397 4189 olim
2455 4133 2696 4190 fuerant.
2763 4135 2929 4190 Aiunt
2978 4135 3344 4203 Dioscorum,
3401 4151 3527 4192 cum

1956 4229 2361 4284 'l‘heodoretum
2407 4229 2550 4284 haud
2582 4243 2681 4298 pro
2745 4243 2896 4283 more
2927 4237 3159 4284 stantem
3197 4231 3292 4285 sed
3339 4231 3539 4286 seden-

1959 4327 2065 4374 tem
2097 4319 2152 4374 in
2195 4319 2430 4375 concilio
2457 4319 2601 4388 loqui
2635 4320 2892 4386 vidisset;
2923 4320 3079 4374 venia
3127 4321 3314 4389 petita,
3357 4331 3412 4376 et
3439 4337 3538 4377 ceu

1957 4413 2074 4482 ipse
2105 4411 2370 4468 canonice
2409 4412 2476 4468 de
2506 4411 2674 4482 gradu
2705 4411 3030 4466 sacerdotali
3063 4412 3340 4481 depositus
3369 4423 3536 4477 esset,

1960 4505 2218 4558 thronum
2248 4518 2406 4558 suum
2433 4504 2746 4559 deseruisse
2781 4506 3049 4558 dicentem
3079 4505 3237 4558 :Nou
3271 4505 3382 4558 sedi
3419 4521 3540 4559 cum

1958 4596 2160 4664 impiis,
2199 4613 2364 4668 neque
2392 4597 2512 4650 cum
2555 4596 2732 4650 stultis
2763 4598 3032 4666 ingressus
3081 4613 3218 4652 sum.
3256 4597 3372 4663 Quo
3403 4597 3544 4661 viso,

1959 4687 2288 4745 Theodoreti
2359 4689 2598 4744 fautores
2672 4689 2850 4758 ipsum
2925 4689 3149 4744 sibimet
3214 4689 3545 4758 dignitatem

1960 4784 2256 4853 abrogasse
2301 4783 2748 4838 exclamaverunt
2786 4801 2800 4836 :
2835 4781 3029 4850 reliqui
3064 4793 3256 4836 contra
3297 4780 3546 4851 episcopi

1963 4875 2406 4930 vociferabantur
2439 4875 2600 4930 fidem
2638 4875 3044 4941 pessumdatum
3087 4875 3174 4938 iri,
3213 4873 3258 4929 si
3291 4873 3542 4928 Theodo-

1967 4977 2118 5022 relus
2151 4965 2507 5022 Nestorianus
2529 4966 2928 5034 admitteretur,
2951 4968 3090 5036 quod
3120 4967 3338 5036 perinde
3371 4974 3539 5032 esset,

1960 5075 2024 5114 ac
2071 5059 2116 5114 si
2165 5073 2267 5113 nos
2297 5073 2510 5128 quoque
2543 5058 2802 5130 Cyrillum
2838 5059 3202 5128 rejiccremus.
3244 5059 3315 5112 Et
3353 5057 3541 5128 paucis

1966 5153 2282 5223 iuterjectis.
2309 5151 2602 5222 Postquam
2646 5151 2950 5224 symbolum
2997 5153 3064 5208 de
3091 5153 3300 5208 duabus
3326 5151 3540 5206 naturis

1964 5316 2225 5370 lumniam
2257 5313 2600 5382 alliugebant.

2031 5387 2104 5456 (8)
2157 5381 2411 5456 Legebat"
2459 5385 2600 5439 lunte
2662 5384 2956 5456 Zachariae
2996 5382 3188 5456 locum
3247 5381 3530 5456 Evagrius,

1961 5453 2104 5510 Hist.
2139 5457 2268 5508 εστι.
2307 5455 2404 5509 lib.
2439 5471 2498 5517 ll,
2527 5455 2559 5508 Ξ
2589 5470 2600 5506 :
2638 5453 2914 5522 Ζαχαρίας
2954 5453 3052 5524 μὲν
3095 5453 3357 5524 ἐμπαθῶς
3385 5457 3411 5507 ὁ
3442 5455 3541 5524 ῥή-

1953 5543 2073 5596 τωρ
2107 5526 2202 5596 καὶ
2236 5525 2532 5594 Νεστόριον
2565 5526 2627 5577 ἐκ
2650 5527 2768 5596 ’τῆς
2810 5523 3106 5596 ὑπερορίας
3147 5523 3540 5594 μετάπεμπτον

1955 5593 2213 5664 γεκῶἑσοαι
2247 5595 2380 5664 φησὶ
2409 5597 2566 5664 (πρὸς
2602 5593 2862 5662 σύνοδον).

2030 5666 2106 5734 (9)
2137 5663 2430 5720 Zacharias
2456 5663 2740 5720 lia-reticus
2766 5667 3078 5719 Dioscorum
3112 5663 3292 5718 laudat
3315 5663 3536 5720 lnercti-

3619 2761 3650 2787 κ
