4042 6142
564 334 695 400 1151

568 540 835 601 buerunt,
865 536 1106 590 fraudem
1134 534 1404 603 propriam
1435 534 1607 601 palam
1638 529 2017 583 Theudoretus
2052 523 2134 578 fa-

566 647 689 686 cere
718 630 903 698 carpit,
943 626 1178 682 irridens
1220 626 1341 680 illos
1376 634 1540 692 atque
1564 623 1946 683 'Subsannans;
1976 617 2135 678 lletn,

567 721 836 792 inquiens.
862 716 1168 774 Nestoriani
1189 715 1461 786 dogmatis
1482 729 1705 769 succum
1730 712 1811 766 eis
1829 708 2135 781 propinavi,

567 822 890 881 gratumque
941 810 1172 866 reddidi.
1216 809 1485 863 Cmterum
1530 805 1813 860 confessor
1855 803 2143 857 Dioscorus

567 901 781 970 Gangra
816 901 882 953 ad
916 897 1273 954 habitandum
1312 905 1571 950 extrusus
1601 903 1703 948 est.
1734 891 2011 947 Juvenalis
2047 905 2144 944 au-

570 1002 700 1056 tem,
735 990 829 1060 qui
875 1004 1057 1046 secum
1093 988 1290 1055 fuerat,
1327 987 1484 1041 fidem
1524 985 1762 1054 negavit,
1804 982 2145 1053 postpositis-

566 1098 674 1152 que
706 1080 1183 1153 promissionibus,
1213 1093 1349 1148 quas
1382 1091 1566 1132 coram
1592 1075 1803 1130 civibus
1835 1070 2144 1141 Hierosoly-

568 1173 790 1228 mitanis
843 1172 1066 1235 fecerat,
1136 1167 1598 1225 Chalcedonensis
1660 1166 1853 1236 synodi
1925 1165 2143 1219 decreta

568 1263 847 1332 amplexus
886 1274 992 1328 est,
1028 1262 1103 1316 uti
1131 1262 1391 1329 deinceps
1426 1258 1650 1330 patebit.

1218 1396 1374 1453 CAP.
1416 1393 1478 1450 ll.

572 1507 651 1565 De
700 1505 940 1563 Proterio
993 1507 1050 1561 in
1107 1506 1306 1629 locatus.
1341 1504 1584 1630 Dziascori
1653 1503 2000 1573 Alexandria!
2054 1519 2145 1557 or-

1288 1593 1372 1630 ma
1404 1591 1454 1630 ο.

1288 1591 1454 1631 mata.

642 1715 901 1773 Dioscoro
948 1715 1001 1770 in
1048 1714 1419 1769 Alexandrina
1457 1710 1586 1769 sede
1624 1710 1904 1767 Proterius
1948 1708 2149 1764 sollici-

1581 322 1980 385 ZACHAHIE
2023 315 2452 380 Ml‘l‘YlJﬂNES
2494 307 2832 371 EPISCOPI

564 450 803 519 episcopi
848 454 1185 514 receperunt,
1231 443 1388 512 eique
1439 456 1729 494 assensum
1785 454 1941 491 suum
1998 452 2136 501 pI‘tB-
2170 438 2215 487 Α
2244 429 2369 483 illuc
2405 442 2527 480 cum
2576 422 2836 476 Dioscoro
2882 413 3033 470 socio
3063 422 3405 482 progressus,

3692 288 3833 350 1152

3447 404 3537 457 diu
3583 417 3683 472 pro
3727 401 3834 451 lide

2248 517 2476 574 certavit
2507 534 2519 568 :
2562 523 2839 584 postremo
2871 517 3072 567 tamen,
3113 499 3432 571 urgentibus
3464 492 3683 563 imperii
3729 505 3830 543 ne-

2247 607 2614 669 cessitatibus,
2662 604 2993 670 imperatore
3010 596 3142 679 ~ipso
3192 591 3329 644 mire
3363 586 3621 641 adulante
3665 591 3832 649 atque

2250 700 2582 762 blandiente,
2611 697 2808 764 quippe
2837 689 2927 759 qui
2959 673 3228 756 episcopis
3263 693 3427 734 manu
3461 674 3681 745 propria
3722 673 3828 725 mi-

2250 794 2519 848 nistrabat
2552 790 2618 842 ad
2644 796 2908 847 mensam,
2942 780 3158 848 aliaque
3187 773 3383 828 edebat
3411 768 3641 825 demissi
3671 780 3830 820 reve-

2252 884 2531 950 rentisque
2582 876 2749 930 animi
2800 871 3037 931 indicia;
3099 876 3325 934 accepta
3371 863 3591 916 demum
3647 857 3716 911 ab
3766 870 3830 909 eo

2252 975 2610 1046 promissione
2634 972 2699 1026 de
2749 964 3102 1037 sultjiciendis
3146 961 3319 1015 tribus
3349 955 3650 1011 Palaestinte
3689 950 3829 1005 sedi-

2251 1043 2351 1122 bus
2409 1063 2601 1119 honori
2663 1060 2936 1115 cathedrae
3012 1049 3567 1120 llierosolymitanm;
3631 1043 3831 1096 mentis

2249 1154 2434 1209 oculos
2478 1151 2580 1208 sibi
2620 1146 2911 1209 obstruxit,
2944 1142 3116 1198 solum
3152 1136 3399 1195 destituit
3433 1134 3486 1188 iu
3532 1129 3831 1187 certamine

2252 1246 2598 1305 Diosc-orum,
2652 1248 2711 1293 et
2755 1232 3193 1291 adversariorum
3243 1228 3296 1281 itt
3348 1232 3532 1294 partes
3592 1216 3828 1279 transiit,

2252 1346 2542 1406 spretoque
2587 1330 2681 1385 Dei
2718 1324 3092 1399 jurejurando,
3140 1333 3265 1374 cum
3311 1313 3524 1371 caeteris
3561 1309 3836 1378 episcOpis

2253 1404 2600 1484 subscribere
2628 1435 2820 1492 passus
2850 1425 2954 1472 est.
2982 1415 3063 1469 Re
3089 1410 3305 1482 cognita
3334 1404 3685 1462 Theodosius
3721 1415 3836 1455 mo-

2255 1514 2461 1570 nachus
2500 1490 2729 1582 ejusque
2761 1492 2918 1570 socii,
2951 1503 3043 1574 qui
3074 1510 3195 1555 acta
3228 1496 3418 1570 synodi
3448 1492 3702 1550 Studiose
3734 1490 3835 1582 ob-

2254 1579 2565 1664 servabant,
2600 1595 2891 1654 confestim
2925 1594 2980 1648 in
3018 1588 3361 1646 Palasstinam
3408 1582 3617 1639 reversi
3648 1579 3837 1651 prodi.-

2256 1705 2367 1751 tam
2413 1693 2572 1748 [idem
2621 1686 3007 1757 Hierosolyma!
3053 1679 3463 1741 nuntiaverunt,
3500 1683 3837 1741 coactosque

575 1818 685 1876 tur,
714 1811 805 1883 qui
828 1810 1110 1881 presbyter
1146 1822 1271 1864 cum
1300 1820 1365 1862 eo
1398 1805 1595 1860 fuerat.
1630 1803 1731 1859 Hic
1766 1804 1999 1874 primum
2028 1801 2146 1870 qui.
2186 1793 2224 1847 Β
2256 1787 2557 1843 monachos
2591 1783 2657 1839 de
2687 1796 2745 1836 re
2773 1788 2887 1833 tota
2914 1774 3183 1832 certiores
3210 1771 3480 1883 feceru‘nt.

573 1904 694 1958 dem
756 1903 1111 1958 vehementer
1183 1899 1391 1971 synodo
1454 1896 1897 1962 adversabatur;
1966 1908 2153 1947 verum

575 2002 763 2061 postea
791 2000 851 2046 ut
880 1993 1132 2047 thronuin
1164 1990 1268 2047 sibi
1312 1997 1622 2059 usurparet,
1653 1988 1828 2042 factus
1852 1995 1956 2052 est,
1986 1985 2153 2040 Veluli

572 2083 741 2141 Judas
773 2082 1047 2153 magistri,
1086 2091 1143 2137 et
1184 2081 1352 2137 Veluti
1388 2080 1634 2151 parentis
1680 2078 1942 2144 Absalou,
1980 2079 2157 2149 prodi-

573 2184 678 2230 tor.
716 2174 839 2230 Mox
890 2173 1104 2244 rapacis
1151 2174 1258 2229 ritu
1307 2173 1483 2229 leonis
1534 2172 1588 2227 in
1637 2185 1802 2242 grege
1839 2186 1943 2226 suo
1985 2180 2157 2239 semet

573 2266 812 2322 ostendit
847 2280 862 2319 :
892 2265 1093 2319 etenim
1125 2264 1292 2334 cmplt
1331 2263 1527 2317 multos
1575 2261 1797 2329 injuriis
1837 2258 2049 2315 allicere
2082 2269 2158 2314 at-

575 2372 681 2426 que
720 2357 1051 2426 opprimere,
1084 2366 1146 2409 ut
1174 2353 1328 2409 inviti
1358 2354 1412 2409 in
1454 2352 1780 2409 sententiam
1811 2367 1961 2405 suam
1993 2351 2154 2415 irent,

574 2458 775 2518 eosque
804 2447 998 2504 exsilio
1026 2458 1081 2502 et
1116 2448 1383 2503 bonorum
1425 2444 1826 2515 proscriptione
1891 2441 2158 2496 multabat

578 2555 672 2607 per
709 2538 895 2594 civiles
935 2537 1225 2608 praefectos
1277 2536 1370 2605 qui
1420 2536 1471 2589 ei
1506 2535 1574 2590 de
1621 2536 1877 2588 mandato
1922 2531 2158 2587 Caesaris

577 2630 795 2685 obnoxii
840 2638 1017 2684 erant.
1054 2628 1418 2694 Quamobrem
1466 2624 1766 2696 presbyteri
1808 2640 1872 2679 ac
1904 2622 2155 2678 monachi

580 2723 865 2791 populique
896 2736 1020 2789 pars
1061 2719 1296 2773 maxima
1350 2717 1666 2785 religionem
1710 2724 2023 2786 corruptam
2076 2729 2158 2769 re-

577 2824 854 2880 putantes,
877 2821 931 2865 et
962 2812 1202 2879 iniquam
1236 2809 1482 2864 Dioscori
1508 2807 1927 2877 depositionent,
1961 2806 2157 2861 Prote-

579 2907 753 2973 riique
776 2904 1055 2958 audaciam
1083 2913 1133 2958 et
1162 2902 1588 2972 improbitatem,
1618 2915 1888 2956 consensu
1929 2901 2072 2954 inter
2095 2915 2157 2955 se

578 2995 713 3048 inito
747 2995 816 3049 ab
858 3009 922 3048 eo
977 3000 1354 3059 secesserunt;
1403 3002 1798 3062 cmperuntque
1837 2993 2153 3046 Dioscorum

579 3083 942 3152 proclamare,
974 3081 1199 3150 ejusque
1227 3097 1426 3136 nomen
1475 3092 1732 3149 tanquam
1764 3081 1917 3151 probi
1951 3080 2155 3134 fidelis-

579 3190 683 3243 que
718 3175 809 3229 Dei
849 3174 1152 3228 sacerdotis
1196 3173 1334 3227 libro
1372 3173 1496 3226 vitm
1545 3173 1961 3241 inscripserunt.
2002 3172 2156 3237 Quod

582 3268 798 3337 indigne
823 3265 1113 3320 admodum
1156 3265 1337 3319 ferens
1363 3263 1666 3328 Pr0terius,
1696 3279 1917 3316 munera
1954 3262 2155 3317 Roma-

582 3361 665 3415 nis
695 3357 911 3423 obtulit,
947 3371 1244 3424 eorumque
1273 3369 1425 3408 arma
1478 3363 1670 3407 contra
1702 3354 1960 3422 pupulum
2005 3367 2156 3406 com-

582 3454 770 3516 movit,
802 3453 1248 3517 intercmptorum
1283 3446 1549 3516 sanguine
1591 3459 1782 3498 manus
1809 3459 1938 3499 suas
1963 3460 2159 3499 cruen-

587 3555 706 3597 tans
737 3561 750 3597 :
784 3544 889 3595 vim
928 3542 1072 3595 enim
1104 3540 1376 3609 publicam
1412 3536 1615 3602 intulit,
1663 3552 1764 3590 nec
1812 3537 1930 3592 sine
1967 3538 2159 3592 multo-

586 3649 703 3685 rum
750 3634 895 3686 cmde
927 3639 1222 3699 pugnattnn
1257 3636 1339 3682 est
1380 3628 1521 3695 apud
1555 3625 1749 3679 altaria
1797 3636 1854 3680 et
1892 3627 2157 3697 baptiste-

587 3724 746 3789 rium,
773 3723 841 3777 ad
870 3736 991 3793 qua:
1020 3720 1288 3790 supplices
1312 3718 1672 3788 confugerant
1699 3715 1834 3790 (10).

1155 3869 1159 3875 '
1219 3854 1391 3910 ~CAP.
1432 3852 1522 3909 Ill.

928 3973 1000 4027 De
1028 3971 1273 4027 Juvenali
1310 3977 1463 4039 atque
1501 3967 1817 4023 Theodosio.

654 4087 836 4151 Paria,
878 4084 987 4139 imo
1030 4083 1307 4154 graviora,
1343 4076 1547 4137 scelera
1588 4080 1643 4133 in
1685 4078 1973 4134 Palaestina
2021 4079 2163 4133 acci-

588 4182 803 4246 derunt,
835 4194 1066 4249 quorum
1093 4189 1258 4231 causa
1289 4175 1425 4229 haec.
1462 4172 1581 4239 Quo
1615 4180 1859 4240 tempore
1885 4169 2163 4247 Juvenalis

588 4273 981 4327 Chalcedonem
1014 4277 1271 4326 evocatus
1309 4275 1413 4329 est,
1441 4280 1566 4320 cum
1609 4279 1641 4320 e
1664 4263 1872 4320 Joanne
1911 4263 2155 4329 tribuno,

590 4364 939 4435 imperatoris
980 4361 1316 4417 voluntatem
1374 4355 1791 4426 Nestoriumque
1854 4354 1924 4410 ab
1971 4355 2164 4410 exsilio

2328 1876 2562 1933 Proinde
2612 1885 2803 1928 omnes
2848 1866 3077 1925 consilio
3120 1865 3254 1919 inito
3303 1858 3550 1916 redeunti
3590 1850 3837 1910 .luvenali

2257 1977 2629 2034 occurrentes,
2678 1965 2745 2020 de
2790 1959 3073 2034 promissis
3109 1956 3270 2012 factis
3313 1962 3370 2009 et
3417 1959 3609 2021 postea
3651 1944 3840 2000 fractis

2259 2066 2674 2125 admonuerunt,
2706 2058 2774 2112 ab
2813 2069 2987 2125 eoque
3017 2062 3078 2108 ut
3128 2064 3218 2106 res
3263 2058 3447 2117 gestas
3487 2043 3841 2099 anathemate

2259 2152 2609 2224 improbaret,
2644 2148 3062 2218 expostularunt
3096 2160 3110 2198 :
3141 2141 3342 2214 quibus
3370 2139 3488 2209 ipse
3515 2134 3668 2191 velut
3697 2132 3841 2185 alter

2259 2243 2464 2299 Pilatus
2520 2244 2594 2296 ait
2639 2240 2841 2307 :Quod
2905 2237 3091 2305 scripsi
3141 2232 3379 2302 scripsi‘
3426 2247 3441 2285 :
3485 2243 3596 2297 quo
3652 2224 3841 2279 audito

2260 2337 2531 2402 monachi,
2565 2352 2626 2392 se
2674 2334 2897 2390 minime
2938 2345 3062 2386 eum
3116 2337 3449 2397 recepturos,
3498 2317 3840 2391 quandoqui-

2259 2431 2378 2485 dem
2414 2429 2793 2497 jusjurandum
2833 2422 3335 2494 promissionesque
3377 2414 3630 2483 fregisset
3657 2418 3841 2479 prote-

2257 2518 2385 2575 stati
2430 2527 2577 2574 sunt.
2626 2518 2719 2572 Sic
2761 2531 2890 2586 ergo
2920 2516 3034 2583 ipse
3065 2513 3284 2581 quidem
3330 2510 3398 2562 ad
3449 2507 3843 2573 imperatorem

2260 2611 2594 2683 regreditur;
2624 2610 2680 2664 hi
2707 2623 2837 2662 vero
2867 2605 3303 2676 Hierosolymam
3341 2597 3548 2654 reversi
3581 2593 3835 2665 p0pulum

2257 2714 2313 2759 et
2365 2717 2587 2758 suarum
2633 2700 2871 2768 partium
2914 2697 3204 2766 episcopos
3256 2693 3703 2746 convocaverunt
3746 2696 3841 2735 ca—

2260 2796 2438 2869 piendi
2470 2793 2683 2849 consilii
2725 2806 2915 2856 causa,
2950 2799 3112 2857 atque
3146 2786 3315 2841 alium
3348 2783 3657 2851 episcopum
3676 2773 3842 2829 Jure-

2261 2888 2364 2944 nali
2394 2883 2831 2942 substituendum
2855 2882 3254 2936 decreverunt:
3283 2876 3575 2942 habitaque
3605 2869 3839 2938 prinmm

2261 2979 2649 3036 deliberatione
2679 2975 2823 3030 circa
2862 2973 2997 3026 duos
3033 2968 3369 3025 verecundos
3400 2961 3700 3017 monachos
3734 2957 3846 3010 Ito-

2262 3088 2478 3128 tnanuut
2529 3080 2695 3137 atque
2748 3064 3107 3127 Marcianum,
3142 3060 3385 3126 aliosque
3424 3054 3603 3108 claros
3638 3050 3847 3103 virtute

2263 3166 2531 3225 homines,
2568 3158 2823 3228 suffragia
2851 3157 3068 3211 tandem
3097 3153 3163 3208 ad
3195 3147 3549 3207 Theodosium
3584 3142 3847 3198 contule-

2265 3267 2411 3321 runt,
2448 3254 2737 3323 praeditum
2768 3248 2894 3304 zelo
2922 3249 3119 3309 virum,
3155 3252 3210 3300 et
3242 3258 3337 3314 pro
3365 3240 3467 3294 ﬁde
3501 3237 3714 3308 jamdiu
3742 3236 3843 3289 de-

2260 3357 2581 3404 certantem.
2642 3344 2798 3398 llunc
2850 3342 3016 3411 igitur
3074 3340 3141 3394 ad
3196 3337 3565 3406 episcopatum
3621 3328 3675 3381 vi
3726 3341 3853 3395 per-

2263 3448 2566 3501 traxerunt,
2592 3436 2807 3505 rejectis
2833 3431 3084 3503 precibus
3138 3427 3254 3497 ejus
3286 3436 3453 3494 atque
3489 3418 3852 3490 adjurationi-

2262 3532 2383 3596 bus,
2413 3528 2611 3597 quibus
2644 3524 2844 3580 orabat
2886 3532 2951 3595 ut
2977 3508 3037 3576 se
3068 3520 3376 3575 ministrum
3415 3514 3595 3585 potius
3625 3510 3851 3565 alterius

2261 3617 2493 3688 eligendi
2545 3630 2669 3669 esse
2712 3613 2994 3679 sinerent;
3051 3618 3547 3674 consecratumque
3604 3602 3659 3655 in
3718 3599 3851 3654 sede

2263 3711 2685 3766 collocaverunt.
2715 3705 2827 3760 Hac
2856 3712 3078 3771 accepta
3125 3700 3339 3763 notitia,
3380 3698 3503 3752 alia:
3547 3693 3850 3749 Palaestina:

2265 3804 2426 3856 urbes
2475 3798 2777 3852 offerebant
2818 3797 2865 3850 ei
2912 3794 3233 3850 candidatos
3285 3790 3353 3843 ad
3396 3782 3693 3844 sacerdotii
3726 3780 3841 3836 ofﬁ-

2269 3894 2421 3948 ciutn
2472 3889 2892 3952 consecrandos,
2930 3885 3056 3955 quia
3097 3881 3349 3937 videlicet
3396 3876 3635 3933 hominis
3681 3873 3852 3927 virtu-

2267 3998 2371 4041 tem
2401 3982 2755 4054 veritatisque
2790 3980 2969 4036 zelum
3004 3985 3343 4048 eompertum
3387 3971 3682 4027 habebant.

2909 4107 3061 4163 CAP.
3106 4105 3194 4161 IV.

2813 4222 2888 4277 De
2920 4221 3079 4276 Petro
3119 4218 3296 4273 Ibero.

2337 4364 2392 4421 lu
2432 4363 2515 4418 his
2543 4362 2664 4417 novi
2696 4360 2939 4431 episcopi
2971 4355 3401 4413 admiratoribus
3434 4351 3636 4406 Petrus
3668 4349 3850 4403 Iberus

589 4465 902 4511 revocatum
933 4453 1137 4508 obiisse
1174 4450 1555 4521 cognovisset;
1601 4447 1737 4501 satis
1765 4455 2030 4516 praeterea
2071 4462 2156 4502 ex-

2271 4465 2413 4520 erat,
2448 4464 2559 4510 toto
2603 4455 2734 4509 orbe
2778 4452 2986 4519 clarus,
3036 4451 3122 4505 vir
3160 4446 3519 4513 consiliosus,
3545 4440 3851 4498 Theodosio

591 4548 858 4617 ploratum
904 4545 1109 4598 habens
1137 4558 1301 4612 quam
1348 4540 1519 4611 turpis
1558 4538 1803 4593 doctrina
1846 4539 1900 4592 in
1942 4536 2167 4606 dogma-

594 4642 700 4694 tica
759 4637 985 4709 epistola
1035 4637 1444 4701 contineretur,
1499 4633 1698 4702 quippe
1750 4646 1870 4700 qua:
1913 4628 2165 4684 Nestor-io

593 4746 818 4803 prorsus
846 4731 1093 4803 favebat;
1122 4727 1288 4793 clero,
1326 4724 1630 4791 monachis,
1661 4722 1964 4793 populoque
1990 4725 2164 4777 advo—

593 4833 735 4888 cato,
772 4820 1016 4877 fraudem
1054 4821 1324 4894 ejusmodi
1358 4819 1617 4875 doctrina:
1649 4817 1885 4886 aperuit,
1937 4830 2169 4886 eamque

593 4914 1098 4977 anathematizavit,
1152 4915 1474 4982 animosque
1525 4910 1884 4981 plurimorum
1934 4909 1986 4963 in
2039 4922 2170 4964 vera

595 5004 702 5058 fide
744 5003 978 5058 firmavit
1009 5022 1022 5057 :
1060 5003 1390 5071 insuperque
1425 5001 1722 5065 mandavit,
1762 5008 1821 5054 ut
1863 4998 1907 5054 si
1943 4998 2173 5067 ipsemet

594 5096 920 5151 sententiam
944 5093 998 5149 in
1028 5094 1236 5165 synodo
1259 5092 1550 5162 aliquando
1578 5097 1859 5156 mutasset,
1892 5104 2170 5158 nunquam

595 5202 658 5244 se
695 5189 951 5259 deinceps
980 5186 1048 5243 ad
1082 5185 1521 5242 communionem
1555 5183 1927 5239 admitterent.
1961 5181 2175 5252 [leapse

671 5365 691 5400 ³
719 5364 880 5421 Joan.
912 5379 1030 5432 nx,
1064 5363 1159 5418 22.

666 5525 778 5593 (10)
817 5523 1098 5593 Evagrius,
1128 5521 1273 5593 Hist.
1296 5518 1428 5593 geccf.
1462 5518 1630 5593 tt,_8:
1664 5516 1758 5593 ξΓῷ
1789 5518 2035 5593 μέντοιγξ.
2058 5516 2168 5593 Za-

600 5589 769 5666 xapiq.
795 5597 862 5648 τὰ
892 5589 1019 5666 napi
1047 5592 1251 5666 τούτῳν
1290 5589 1640 5666 διῃγουμένῳ.
1659 5590 1807 5641 δοκεῖ
1851 5589 2167 5656 πεπρᾶχθαι

605 5660 703 5731 ps9
732 5660 800 5718 ’ἑὰ
832 5660 1035 5717 comm
1066 5662 1257 5723 πλείω,
1308 5660 1367 5723 ἐξ
1400 5661 1577 5720 αἰτίας
1617 5660 1671 5711 δὲ
1723 5660 2039 5729 Προτερίου,
2070 5673 2167 5725 με-

604 5729 795 5800 ficta;
838 5733 1075 5804 ταραχίις
1122 5736 1188 5802 τῇ
1233 5731 1575 5799 ’Λλεξὲινδρω
1621 5731 2034 5799 spuma-ﬁcum;
2074 5729 2173 5779 οὐκ

2275 4545 2401 4600 olim
2435 4543 2598 4599 obses
2623 4543 2807 4607 datus,
2839 4541 3000 4610 eique
3034 4546 3090 4594 et
3133 4535 3350 4607 conjugi
3385 4533 3560 4604 ipsius
3593 4527 3851 4587 charissi'

2277 4653 2396 4692 ntus
2429 4645 2647 4706 propter
2696 4644 2872 4688 actam
2907 4640 3053 4687 recte
3091 4631 3297 4696 vitam;
3343 4640 3586 4695 namque
3638 4625 3692 4678 in
3738 4619 3854 4675 aula

2278 4726 2423 4796 regia
2459 4725 2723 4780 educatus
2761 4722 2962 4788 fuerat,
2999 4729 3054 4775 et
3106 4715 3357 4789 magistri
3404 4715 3656 4785 equitnm
3687 4709 3855 4776 digni-

2278 4830 2444 4873 tatem
2484 4818 2538 4872 iu
2572 4816 2796 4885 imperio
2839 4825 3122 4869 assecutus
3164 4817 3305 4865 erat.
3343 4805 3396 4862 is
3440 4805 3644 4859 deinde
3675 4802 3853 4857 relicta

2275 4909 2419 4974 aula,
2445 4907 2819 4963 Christianam
2860 4900 3258 4974 professionem
3292 4896 3579 4966 amplexus
3617 4901 3701 4947 est
3737 4905 3853 4945 cum

2279 4999 2421 5054 fideli
2465 4998 2681 5068 patrino
2709 5010 2830 5060 suo,
2880 5010 2911 5049 a
2941 5007 3050 5063 quo
3082 4994 3149 5047 de
3183 4988 3336 5045 fonte
3383 4983 3622 5055 spiritali
3655 4982 3857 5036 levatus
3897 4987 3902 4997 '

2279 5088 2455 5143 fuerat
2485 5107 2499 5143 :
2534 5087 2697 5143 ambo
2735 5088 2917 5155 itaque
2958 5085 3014 5139 in
3053 5082 3197 5138 viam
3235 5077 3457 5134 virtutis
3490 5075 3652 5130 valde
3674 5083 3861 5144 proves

2280 5180 2353 5237 cti
2391 5189 2537 5249 sunt,
2574 5180 2647 5235 ita
2687 5187 2747 5234 ut
2782 5175 3048 5233 miracula
3094 5176 3257 5229 etiam
3295 5171 3435 5225 Deus
3468 5163 3857 5222 Constantino-

2274 5518 2340 5570 ἐκ
2358 5515 2451 5570 τοῦ
2473 5513 2535 5586 δή
2546 5531 2646 5586 pou
2668 5509 2844 5586 πατῦτα
2867 5506 3261 5586 τξῖολῇἧώξις
3273 5500 3389 5557 ἀλλ’
3415 5500 3484 5555 ἐκ
3504 5516 3677 5585 ςινων
3702 5508 3862 5586 στρξς

2275 5564 2560 5647 malum}:
2588 5584 2649 5647 ἐξ
2687 5580 3008 5651 Ἰιῖπιστολῆς
3028 5564 3295 5649 Τι’μοοέὸυ
3327 5569 3701 5641 πιστούμενος
3733 5564 3865 5637 πρὸς

2282 5661 2485 5711 Λέοντι
2515 5653 2913 5725 γεγενημένης.
