4042 6142
271 313 407 377 1153

1332 317 1432 377 EX
1471 317 1835 377 HISTORIA
1876 319 2479 384 ECCLESIASTICA.

3380 319 3515 382 ttat

266 431 373 499 poli
421 442 516 497 per
543 427 665 484 illos
691 401 969 495 ediderit;
1015 443 1120 500 qua
1163 442 1229 483 ex
1281 430 1415 483 urbe
1459 428 1746 499 fugientes,
1769 431 1835 483 ad
1867 445 1909 498 Α
1943 446 2059 485 rum
2091 433 2394 488 occisorum
2441 432 2757 504 sanguinem
2805 446 3050 500 cernere,
3097 445 3267 501 coque
3320 432 3511 495 laetari.

268 521 567 576 Palaestina:
597 522 814 575 deserta
847 534 907 575 se
950 519 1324 584 contulerunt,
1351 519 1440 575 ubi
1482 519 1831 574 monasticam

266 612 430 664 vitam
478 611 722 666 studiose
750 610 1072 674 coluerunt;
1107 617 1419 677 quantoque
1467 608 1638 678 magis
1663 616 1837 662 semet

265 700 449 756 celare
477 701 820 766 nitebantur,
860 708 1011 755 tanto
1036 700 1104 754 de
1132 698 1268 769 ipsis
1286 699 1661 754 vehementior
1690 698 1834 753 fama

269 790 552 847 crescebat
580 807 598 846 :
625 790 824 846 etenim
860 789 1104 860 prodigia
1142 804 1358 859 quoque
1404 803 1512 843 non
1557 802 1715 844 secus
1749 797 1837 842 at—

262 898 369 953 que
397 883 526 938 olim
556 882 784 955 apostoli
811 891 1190 949 patraverunt.
1220 880 1464 950 Denique
1496 880 1622 934 dttm
1655 878 1836 933 varias

267 975 530 1030 stationes
575 983 807 1039 mutant,
835 972 1039 1028 Gazam
1082 980 1249 1041 atque
1280 969 1565 1039 Majumam
1599 970 1835 1024 devene-

268 1075 394 1119 runt
427 1082 443 1120 :
474 1064 674 1133 quibus
711 1064 889 1119 omnis
911 1064 1130 1134 generis
1156 1062 1590 1131 conditionisque
1619 1061 1718 1115 viri
1754 1069 1837 1114 at-

265 1174 371 1225 que
426 1155 639 1210 feminae
692 1156 905 1211 obviam
954 1153 1105 1220 facti,
1155 1153 1376 1210 Petrum
1425 1154 1479 1207 vi
1527 1162 1834 1220 correptum

269 1248 697 1318 Hierosolymam
737 1248 805 1302 ad
834 1245 1199 1302 Theodosium
1227 1245 1630 1315 perduxerunt,
1670 1259 1837 1298 oran-

268 1352 349 1397 tes
384 1351 445 1395 ut
493 1355 616 1394 eum
661 1339 762 1393 sibi
803 1339 1114 1408 episc0pum
1149 1340 1320 1393 daret.
1374 1338 1438 1393 Et
1478 1337 1675 1393 Petrus
1718 1335 1837 1404 qui-

265 1436 384 1487 dem
427 1431 608 1485 multis
642 1431 824 1485 causis
869 1431 920 1483 in
949 1431 1183 1485 medium
1221 1430 1470 1485 adductis
1505 1428 1830 1490 resistebat;

263 1533 637 1579 verumtamen
665 1521 1027 1586 Theodosius,
1060 1520 1145 1575 cui
1181 1520 1504 1575 candidatus
1547 1519 1683 1573 satis
1720 1527 1837 1573 erat

272 1615 541 1683 cognitus,
577 1612 934 1666 reluctantem
973 1612 1222 1679 imposita
1259 1625 1420 1665 manu
1451 1611 1832 1666 consecravit:

267 1723 357 1775 qui
403 1707 455 1759 in
489 1704 575 1759 his
622 1705 892 1775 angustiis
942 1704 1152 1772 positus
1202 1704 1368 1772 cmpit
1418 1717 1477 1757 se
1526 1703 1833 1758 hmreticum

1939 536 2038 577 oro
2063 532 2115 577 te
2152 534 2208 578 ut
2268 525 2340 579 ibi
2372 534 2567 580 memet
2631 526 2919 580 admoveas
2946 535 3215 593 quatenus
3262 535 3511 594 tangam:

1935 627 2099 682 quem
2135 616 2225 669 ubi
2271 615 2380 669 dux
2428 616 2688 682 admovit,
2722 619 2768 673 is
2816 625 2962 671 tacto
3017 615 3280 684 sanguine
3323 629 3515 669 manus

1935 701 2207 768 oblinivit,
2250 702 2513 774 humique
2561 721 2766 774 pronus
2798 704 2931 760 ﬁens
2972 706 3162 760 orabat
3212 714 3272 758 ut
3325 718 3513 758 eorum

1938 790 2186 860 martyrii
2215 791 2495 862 particeps
2543 794 2717 847 ﬁeret.
2777 794 3016 863 Moxque
3063 808 3291 863 surgens
3329 792 3516 848 oculos

1934 895 2062 937 suos
2083 897 2151 938 eo
2187 897 2382 939 cruore
2409 885 2684 952 perunxit,
2724 885 3061 954 sublatisque
3092 885 3145 937 in
3177 885 3370 939 coelum
3400 899 3517 937 ma-

1936 972 2118 1037 nibus,
2153 972 2342 1029 oculos
2370 973 2477 1029 sibi
2504 975 2701 1043 aperiri
2746 974 2916 1028 sensit
2965 989 3029 1027 ac
3056 973 3210 1036 vidit,
3263 982 3317 1028 et
3366 971 3512 1027 salu-

1939 1062 2039 1117 tari
2081 1064 2351 1132 baptismo
2401 1063 2631 1120 donatus
2683 1073 2766 1121 est
2812 1085 2824 1120 :
2875 1078 3036 1133 quam
3087 1080 3202 1120 rem
3253 1070 3518 1134 quotquot

1937 1154 2252 1219 audierunt,
2318 1155 2682 1210 admiratione
2743 1154 2873 1209 tacti
2929 1154 3088 1210 ﬁdem
3135 1163 3513 1224 susceperunt.

1935 1245 2200 1301 Craterum
2259 1246 2637 1302 mandatorum
2701 1249 2973 1318 regiorum
3018 1247 3289 1312 ministri,
3351 1261 3515 1315 quos-

1936 1352 2150 1407 cunque
2181 1337 2334 1392 vivos
2362 1338 2708 1405 dimiserant,
2761 1339 2959 1395 ﬁnibus
3006 1338 3219 1407 imperii
3269 1347 3516 1391 extorres

1939 1428 2211 1484 fecerunt.
2266 1429 2437 1484 Aiunt
2475 1440 2681 1497 autem,
2712 1432 2854 1500 quod
2891 1446 3010 1485 cum
3040 1429 3233 1484 Petrus
3284 1429 3394 1494 ille,
3450 1430 3517 1483 de

1935 1536 2044 1592 quo
2083 1536 2245 1591 supra
2296 1521 2503 1577 dietum
2542 1532 2651 1585 est,
2685 1522 2974 1591 tranquille
3027 1530 3234 1592 ageret,
3295 1522 3514 1575 nemine

1937 1613 2172 1678 scilicet,
2208 1613 2281 1669 ob
2313 1613 2664 1683 imperatoris
2699 1616 3008 1668 mandatum
3038 1624 3090 1669 et
3121 1614 3371 1682 Augustae
3418 1627 3512 1681 pa-

1939 1705 2250 1768 trocinium,
2283 1703 2331 1759 ei
2375 1703 2678 1759 tnolestiam
2725 1706 3038 1767 exhibente,
3082 1704 3366 1757 Dominum
3419 1716 3518 1756 no-

266 1799 489 1860 dicere;
522 1811 630 1865 quo
678 1797 864 1850 audito
908 1808 1197 1863 parumper
1234 1794 1542 1849 subsistens
1586 1792 1836 1846 Tltcmlo-
1868 1778 1908 1833 Β
1938 1805 2108 1850 strum
2149 1811 2244 1864 per
2296 1796 2467 1849 visum
2511 1797 2856 1864 conspexerit
2905 1796 3153 1850 subirato
3201 1794 3348 1847 vultu
3405 1792 3511 1846 sibi

265 1890 379 1942 sius
421 1905 436 1942 :
480 1889 551 1942 De
605 1901 724 1952 me,
792 1886 989 1955 inquit,
1034 1894 1089 1939 et
1131 1886 1196 1939 de
1242 1894 1295 1940 te
1344 1886 1549 1954 pariter
1604 1883 1837 1938 tribunal

263 1979 463 2033 Christi
494 1976 757 2046 iudicabit
790 1993 804 2029 :
830 1990 939 2044 quo
964 1976 1171 2041 audito,
1204 1976 1428 2030 verbum
1461 1989 1616 2029 suum
1640 1973 1835 2028 Petrus

263 2069 542 2130 correxit,
600 2083 767 2136 seque
822 2083 928 2121 non
980 2068 1296 2122 hmreticnm
1336 2067 1433 2120 sed
1488 2076 1831 2136 peccatorem

264 2176 384 2215 esse
416 2162 510 2213 ait.
539 2158 806 2215 Caeterum
837 2157 1195 2222 Theodosius,
1227 2159 1314 2212 cui
1346 2160 1444 2211 viri
1488 2173 1667 2211 mores
1699 2156 1834 2210 satis

263 2251 466 2321 cogniti
497 2260 674 2318 erant,
721 2248 1062 2304 Gazensibus
1091 2249 1407 2319 episcopum
1454 2262 1575 2301 eum
1609 2249 1834 2301 ordina-

263 2346 362 2398 vit.
388 2344 519 2399 Alite
554 2345 714 2397 etiam
761 2343 863 2396 viri
902 2341 1062 2409 hujus
1094 2343 1145 2395 in
1194 2330 1416 2409 sc'ri'ptis
1446 2339 1690 2394 feruntur
1724 2339 1839 2392 lau-

262 2436 382 2499 des,
412 2448 545 2505 quas
580 2449 681 2489 nos
718 2432 1004 2488 brevitatis
1048 2447 1210 2487 causa
1243 2431 1725 2501 praetermittimus.
1754 2430 1767 2441 ‘

918 2543 1069 2598 CAP.
1111 2542 1176 2598 γ.

678 2657 752 2710 De
785 2655 1063 2710 Theodosii
1092 2656 1417 2724 expulsione.

337 2770 470 2823 Dum
515 2769 631 2823 haec
682 2766 1022 2822 Theodosius
1066 2784 1322 2837 prospere
1368 2776 1600 2837 gereret,
1654 2768 1835 2823 audita

257 2878 447 2917 rerum
505 2860 695 2913 notitia
752 2860 1050 2927 imperator
1112 2859 1463 2923 Marcianus,
1523 2858 1833 2914 Juvenalem

256 2967 382 3006 cum
413 2949 682 3003 Dorotheo
721 2948 919 3002 comite
954 2947 1306 3017 exercituque
1337 2949 1504 3013 misit,
1542 2958 1599 3003 ut
1632 2950 1685 3002 in
1716 2948 1837 3001 vin-

260 3039 380 3094 cula
413 3036 771 3091 Theodosium
820 3037 1172 3104 conjicereut,
1209 3038 1495 3105 episcopos
1538 3038 1606 3091 ab
1641 3053 1705 3091 eo
1734 3052 1833 3090 au-

1937 1886 2243 1941 dicentem;
2308 1885 2537 1955 Ergone,
2605 1886 2783 1952 Petre,
2843 1901 2942 1955 ego
3010 1886 3060 1939 in
3108 1885 3351 1939 ﬁdelibus
3379 1885 3510 1939 meis

1943 1976 2383 2042 persecutionem
2438 1978 2632 2045 patior,
2669 1986 2722 2031 tu
2753 1992 2881 2031 vero
2934 1976 3171 2046 quietem
3229 1975 3513 2044 sequeris?

1935 2064 2033 2120 Cui
2069 2081 2191 2120 mox
2231 2066 2423 2121 Petrus
2473 2067 2672 2136 quietis
2727 2081 2840 2122 sua:
2895 2066 3168 2135 paenitens
3222 2068 3513 2121 obsecratus

1936 2166 2041 2223 est,
2071 2157 2367 2228 relictaque
2397 2156 2568 2223 Gaza,
2609 2172 2730 2212 cum
2767 2157 2982 2228 agmine
3037 2155 3356 2226 patientium
3422 2157 3514 2209 de-

1939 2250 2211 2321 migravit.

2579 2362 2731 2420 CAP.
2774 2362 2860 2418 VI.

2373 2476 2449 2529 De
2480 2472 2763 2530 Salomone
2797 2476 3077 2529 monac/to.

2008 2587 2299 2658 Postquam
2346 2584 2626 2642 Juvenalis
2666 2589 2910 2644 Romano
2949 2588 3188 2643 exercitu
3230 2587 3410 2645 ﬁdeles
3449 2604 3515 2644 ac

1940 2679 2269 2741 monachos,
2287 2678 2379 2746 qui
2430 2679 2482 2731 in
2520 2676 2671 2745 pagis
2702 2677 2994 2745 degebant,
3020 2690 3335 2745 persecutus
3391 2681 3510 2741 fuit,

1942 2762 2368 2835 lllerosolymam
2420 2765 2589 2829 venit,
2641 2765 2936 2832 sedemque
2994 2780 3148 2818 suam
3205 2768 3513 2834 occupavit,

1940 2853 2334 2921 promissorum
2372 2870 2616 2917 suorum,
2694 2856 2920 2913 caedium
2991 2863 3346 2922 patratarum,
3393 2872 3512 2925 per-

1937 2943 2339 3014 juriorumque,
2405 2960 2527 3013 qua:
2586 2945 2899 3017 ingressum
2947 2945 3069 3015 ejus
3094 2946 3345 3000 comitata
3403 2948 3514 3002 fue-

1940 3044 2089 3097 raut,
2125 3050 2350 3103 prorsus
2404 3035 2626 3089 oblitus.
2703 3034 2854 3088 Tune
2913 3038 3131 3103 quidam
3188 3038 3512 3102 monachus,

257 3128 514 3184 ctoritate
544 3127 759 3197 proliria
813 3126 1094 3180 ordinatos
1132 3127 1351 3179 sedibus
1382 3126 1664 3195 pellerent,
1712 3141 1833 3182 mo-
1861 3110 1904 3166 ο
1940 3125 2158 3178 nomine
2175 3123 2454 3187 Salomon,
2488 3125 2828 3179 verecundia:
2858 3136 3014 3196 typus
3032 3127 3376 3193 venerabilis,
3399 3133 3517 3183 zelo

261 3220 466 3273 nachos
498 3217 856 3288 populumque
885 3218 1138 3285 punireut
1183 3226 1347 3285 atque
1395 3227 1669 3280 vexarent,
1709 3231 1824 3284 pro~

263 3322 451 3381 pterea
525 3309 666 3378 quod
753 3307 1118 3361 Theodosium
1189 3316 1393 3362 temere
1453 3317 1506 3362 et
1574 3308 1831 3362 audacter

260 3404 578 3475 episcopum
640 3400 1026 3467 Hierosolyma}
1084 3397 1382 3466 fecissent;
1436 3414 1546 3454 uno
1605 3410 1831 3469 excepto

260 3494 427 3551 Petro
456 3495 630 3558 Ibero,
662 3509 758 3565 pro
790 3507 895 3562 quo
923 3493 1160 3561 Angusta
1195 3493 1599 3555 intercesserat,
1628 3490 1758 3546 licet
1786 3492 1833 3546 is

261 3603 392 3642 cum
432 3586 789 3639 universitate
821 3585 1196 3655 cpisc0porum
1228 3584 1632 3637 communicare
1669 3599 1833 3652 nega-

264 3688 369 3732 ret.
445 3677 751 3731 Adveniens
819 3676 983 3745 igitur
1027 3673 1306 3729 Juvenalis
1375 3674 1571 3728 multos
1629 3674 1834 3729 invenit

267 3770 453 3825 animo
500 3768 726 3836 simplici
780 3768 1096 3830 monachos,
1141 3779 1268 3818 vera
1308 3766 1677 3819 tantummodo
1730 3766 1833 3821 ﬁde

265 3862 535 3930 rectisque
564 3859 817 3928 operibus
867 3867 1105 3913 armatos
1136 3873 1150 3910 :
1180 3855 1377 3924 quibus
1423 3855 1575 3909 initio
1612 3856 1832 3925 quidem

265 3954 550 4010 blandiens
577 3961 631 4005 ut
657 3966 841 4005 secum
884 3951 1352 4031 communicarent
1376 3949 1604 4017 orabat;
1639 3962 1830 4003 verum

263 4045 321 4100 hi
355 4044 497 4099 dicta
521 4044 638 4114 ejus
661 4059 883 4113 prorsus
913 4044 1320 4107 aversabantur,
1352 4042 1451 4096 nisi
1485 4041 1599 4110 ipse
1623 4054 1687 4094 ea
1715 4053 1834 4108 qua:

263 4136 535 4193 violenter
574 4136 714 4206 apud
754 4135 1154 4191 Chalcedonem
1205 4146 1325 4189 acta
1361 4131 1575 4188 fuerant
1607 4131 1833 4187 anatbe-
1872 4146 1881 4151 ’

264 4229 608 4285 matizaret:
673 4228 875 4299 quibus
926 4242 1047 4282 cum
1106 4224 1448 4296 imperatoris
1505 4222 1833 4279 voluntatem

261 4329 583 4389 opponeret,
607 4319 959 4375 nihilominus
984 4319 1035 4373 hi
1064 4320 1405 4373 recusabant.
1436 4315 1588 4372 Tunc
1620 4317 1834 4371 demum

265 4413 523 4467 mandato
583 4414 701 4480 ejus
756 4412 987 4469 Romani
1050 4426 1113 4465 ac
1175 4408 1502 4465 Samaritani
1553 4420 1835 4479 coeperunt

263 4504 566 4565 monachos
597 4502 833 4558 fustibus
871 4502 1081 4557 caedere
1124 4509 1289 4569 atque
1320 4514 1548 4555 enecare
1573 4501 1665 4570 qui
1699 4515 1832 4555 can-

265 4607 446 4653 tantes
477 4595 694 4650 aiebaut
730 4613 743 4651 :
774 4594 936 4659 Deus,
962 4601 1207 4648 venerunt
1237 4602 1409 4661 gentes
1445 4591 1499 4644 in
1542 4590 1832 4646 hmredita-

265 4699 369 4741 tem
430 4697 609 4752 tuam,
660 4685 956 4755 polluerunt
1006 4683 1251 4752 templum
1299 4692 1484 4744 tuum,
1543 4689 1831 4749 posuerunt

261 4775 563 4829 Jerusalem
602 4775 896 4829 desolatam
919 4774 960 4826 ².
993 4771 1138 4828 Sane
1175 4773 1417 4827 nonnulli
1467 4772 1835 4828 Romanorum

263 4867 643 4921 misericordia
710 4867 835 4922 tacti
881 4866 1110 4930 flebant;
1176 4864 1265 4917 alii
1325 4873 1503 4917 tamen
1546 4862 1833 4932 conjuncta

261 4974 430 5027 opera
486 4974 610 5013 cum
655 4956 1016 5013 Samaritanis
1064 4957 1359 5024 permultos
1413 4954 1709 5009 monachos
1755 4953 1838 5007 itt-

263 5050 627 5112 terfeceruut,
668 5048 741 5101 ita
798 5057 859 5102 ut
894 5049 1085 5101 borum
1132 5046 1394 5115 sanguine
1444 5055 1589 5098 terra
1639 5044 1836 5097 redun-

259 5142 443 5193 daret.

335 5233 564 5297 Quidam
592 5243 771 5288 autem
803 5232 1180 5289 Samaritanus
1205 5246 1380 5286 (‘iBCllS
1436 5232 1623 5286 ducem
1676 5246 1832 5286 suum

259 5324 460 5381 fefellit
484 5324 708 5380 dicens:
739 5325 1004 5392 Quoniam
1049 5325 1220 5380 oculis
1255 5338 1462 5394 nequeo
1493 5323 1831 5379 Christiano-

337 5480 359 5510 ³
397 5477 548 5533 Psal.
586 5494 812 5536 Lxxvnt.
848 5481 899 5535 l.

329 5611 441 5682 (ll)
475 5613 612 5667 llinc
654 5616 816 5669 etiam
849 5615 1062 5669 Samuel
1103 5615 1387 5669 Armenius
1435 5629 1461 5665 τι
1505 5628 1586 5665 me
1629 5614 1827 5675 editus.

263 5683 331 5737 de
363 5687 517 5753 Cujus
551 5689 983 5754 ntOnopltysismo
1025 5687 1126 5754 jam
1178 5702 1278 5738 non
1323 5687 1527 5746 dubito,
1567 5686 1749 5738 scribit
1788 5702 1838 5738 Ill

1937 3223 2263 3280 commotus,
2295 3214 2734 3269 benedictionem
2776 3217 2844 3269 ab
2883 3218 3292 3285 archiepisc0p0
3323 3230 3511 3285 posui-

1938 3304 2049 3360 lare
2078 3319 2138 3359 se
2163 3304 2437 3359 simulavit
2460 3323 2474 3371 ;
2498 3316 2845 3377 sportamque
2867 3310 3051 3363 cinere
3080 3325 3143 3363 ac
3165 3310 3382 3379 pulvere
3409 3313 3516 3381 ple-

1938 3412 2060 3450 nam
2086 3395 2309 3451 braehio
2326 3409 2566 3466 gestans,
2590 3396 2834 3451 Juvenali
2859 3400 3332 3468 appropinquavit,
3355 3418 3514 3471 quem

1939 3488 2029 3542 hic
2047 3489 2394 3557 conspicatus
2421 3488 2486 3541 ad
2519 3504 2576 3542 se
2602 3488 2862 3543 accedere
2894 3489 3088 3555 jussit:
3127 3493 3210 3546 cui
3236 3493 3512 3549 Salomon:

1937 3579 2368 3648 Adsum,inquit,
2401 3579 2650 3645 Domine,
2686 3592 2744 3634 ut
2786 3597 2814 3634 ιι
2850 3588 2903 3636 te
2943 3584 3273 3648 benedicar;
3315 3586 3516 3639 Roma-

1942 3669 2136 3738 nisque
2192 3683 2473 3722 accessum
2508 3670 2574 3722 ad
2622 3684 2909 3738 personam
2939 3674 3382 3736 concedentibus,
3431 3677 3517 3731 ille

1939 3768 2181 3829 Spartam
2213 3759 2436 3826 pulvere
2465 3771 2717 3813 onustam
2772 3765 2825 3814 in
2883 3772 3044 3828 caput
3087 3761 3359 3817 .lu'venalis
3386 3767 3518 3819 eﬁ‘u-

1941 3853 2039 3916 dit,
2072 3850 2155 3905 his
2183 3850 2366 3905 verbis
2394 3861 2584 3905 utens:
2644 3850 2859 3904 Pudore
2887 3863 2933 3904 et
2958 3853 3255 3922 ignominia
3278 3856 3515 3925 stt/fusus

1940 3951 2019 3995 est
2060 3941 2284 3993 utendam
2316 3948 2367 3994 et
2398 3949 2744 4008 persecutor:
2790 3956 2953 4012 quem
2979 3957 3101 3999 cum
3140 3942 3369 4001 Romani
3396 3961 3518 4001 ver-

1942 4031 2184 4086 beraturi
2214 4041 2419 4096 essent,
2460 4045 2567 4086 non
2595 4032 2721 4087 sivit
2749 4032 3055 4102 iuvenalis;
3089 4051 3266 4106 neque
3307 4052 3516 4094 excan-

1942 4122 2081 4188 duit,
2109 4121 2295 4177 sedeo
2328 4120 2472 4177 facto
2516 4123 2810 4190 attonitus,
2869 4127 3145 4195 pulverem
3205 4129 3385 4200 capite
3416 4146 3517 4186 ex-

1943 4214 2137 4269 cussit.
2229 4213 2448 4268 Interim
2477 4216 2800 4270 monachum
2821 4218 3157 4286 apparitores
3185 4231 3520 4292 econspeetu

1941 4300 2226 4358 Iuvenalis
2258 4313 2626 4371 removerunt,
2680 4318 2843 4373 quem
2903 4304 2948 4359 is
2981 4305 3182 4361 viatico
3241 4308 3510 4362 attribute

1945 4395 2227 4450 discedere
2266 4394 2467 4465 jussit;
2524 4397 2623 4450 sed
2685 4395 2832 4451 enim
2886 4395 3182 4453 monachus
3238 4399 3522 4469 repudiata

1939 4484 2171 4554 pecunia
2201 4486 2356 4541 abiit.

2576 4598 2729 4655 CAP.
2767 4598 2883 4654 Vll.

1996 4708 2011 4721 δ
2055 4692 2132 4747 De
2159 4689 2385 4746 Zenonis
2413 4692 2555 4746 obitu
2586 4704 2631 4746 et
2663 4694 2725 4746 de
2746 4691 3019 4746 Anastasii
3060 4692 3397 4749 exultatione.

2018 4783 2242 4838 Exactis
2265 4783 2412 4838 Zeno
2437 4784 2490 4837 in
2520 4783 2748 4852 imperio
2775 4785 2932 4839 annis
2970 4783 3067 4848 l7,
3094 4776 3255 4839 sicuti
3308 4785 3360 4838 in
3403 4785 3526 4839 libri

1943 4874 2087 4930 sexti
2115 4874 2367 4942 capitulis
2419 4874 2619 4929 dictum
2671 4874 2794 4939 fuit,
2853 4876 2990 4930 obiit
3031 4875 3337 4945 Olympiade
3395 4877 3522 4940 517,

1948 4976 2098 5017 anno
2156 4962 2473 5017 Graecorum
2531 4963 2635 5018 802
2697 4965 2991 5020 indictione
3044 4966 3130 5029 14,
3182 4966 3532 5020 hebdomadas

1956 5053 2192 5122 majoris
2228 5053 2360 5108 feria
2405 5064 2622 5124 quarta.
2682 5053 2819 5110 Huic
2872 5043 3132 5111 successit
3190 5057 3530 5121 Anastasius,

1950 5145 2040 5205 qui
2061 5144 2278 5198 decurio
2306 5143 2635 5199 silcntiarius
2660 5145 2855 5212 fuerat,
2876 5148 3007 5201 urbe
3036 5145 3333 5215 Dyrrachio
3358 5156 3531 5209 ortus,

1947 5234 2201 5304 specioso
2239 5242 2687 5304 corpore,animo
2716 5238 3085 5306 integerrimo,
3117 5238 3371 5307 ﬁdelique
3401 5239 3534 5306 dog-

1943 5336 2093 5382 mate
2125 5326 2380 5395 prceditus
2418 5329 2498 5380 vir
2527 5327 2640 5397 (ll)
2666 5345 2679 5380 :
2704 5327 2797 5396 qui
2828 5328 2970 5397 apud
3019 5327 3312 5382 Ariadnen:
3360 5343 3533 5397 augu-

1943 5618 2218 5671 Cill’tlitit't)
2247 5634 2259 5669 :
2293 5616 2431 5671 Zeno
2470 5629 2516 5671 ct
2553 5620 2864 5672 Anastasius
2917 5618 3193 5671 orthodoxi
3243 5618 3520 5674 habentur.
