4042 6142
576 388 675 454 '55

534 515 674 560 stam
705 497 972 569 stipendia
1010 492 1240 555 faciens,
1267 487 1442 559 gratia
1481 485 1602 556 ejus
1650 482 1907 554 pollebat,
1941 482 2114 535 donec
2144 483 2189 538 Α
2221 488 2432 545 magus,
2457 473 2611 539 cujus

532 596 602 650 ad
642 591 929 661 imperium
971 585 1242 640 voluntate
1265 580 1507 649 ejusdem
1543 585 1854 645 assumptus
1880 581 1984 627 est.

1145 692 1304 749 CAP.
1353 689 1490 746 VIII.

538 816 611 870 De
636 814 827 870 visione
850 809 1074 865 Joannis
1110 804 1413 860 scholastici
1440 800 1760 864 Amidensis,
1798 796 1994 870 Donati
2018 810 2112 847 cu-

698 885 917 953 juadam
945 879 1149 949 fratris,
1179 878 1324 930 circa
1356 873 1631 927 Anastasii
1654 868 1954 937 imperium.

607 1019 800 1076 Paucis
856 1023 1145 1082 antequam
1176 1008 1500 1065 Anastasius
1521 1017 1816 1076 purpuram
1872 1004 2118 1054 sumeret

538 1112 756 1172 diebus,
785 1105 1022 1159 Joannes
1052 1101 1296 1170 quidam,
1344 1103 1707 1164 cognomento
1732 1085 2117 1146 scholasticus,

544 1203 737 1258 Itonati
775 1199 964 1259 frater,
1002 1191 1337 1255 Amidensis,
1368 1189 1452 1241 vir
1488 1187 1693 1240 illibata
1724 1181 1960 1252 justitia,
2021 1175 2116 1231 Dei

541 1288 980 1355 reverens,vitio
1018 1284 1165 1338 omni
1200 1282 1430 1344 alienus,
1473 1287 1527 1331 et
1560 1277 1610 1330 in
1665 1288 1763 1328 suo
1805 1267 2119 1326 scholastici

546 1381 797 1439 Ecclesia:
847 1374 1023 1430 oﬂicio
1053 1380 1246 1441 sponte
1271 1384 1334 1423 ac
1362 1368 1531 1420 libere
1576 1373 1957 1432 perseverans,
1994 1370 2118 1410 cum

541 1475 612 1529 ob
638 1470 827 1541 patria:
853 1480 966 1521 sua:
1017 1461 1234 1530 negotia
1268 1451 1742 1522 Constantinopoli
1788 1457 2121 1511 versaretur,

544 1539 651 1620 bis»
676 1577 769 1632 per
804 1559 977 1612 visum
1005 1553 1264 1624 cognovit
1296 1550 1410 1603 fore
1441 1557 1503 1603 ut
1531 1543 1852 1599 Anastasius
1883 1539 2125 1595 silentia-

548 1657 661 1711 rius
695 1658 975 1721 regnaret:
1033 1660 1196 1715 quem
1247 1645 1312 1697 ad
1364 1656 1425 1696 se
1463 1649 1716 1694 vocatum
1751 1634 1824 1688 ita
1859 1631 2125 1686 allocutus

544 1757 671 1803 est:
727 1742 803 1798 Te
851 1739 1177 1810 quantocius
1227 1742 1577 1803 regnaturum
1634 1726 1932 1780 vaticinor:
1993 1734 2124 1775 cura

1563 372 1963 435 ZACHARl/E
2006 366 2439 431 MITYLENES
2475 340 2818 423 EPISCOPI

3664 343 3796 410 1156

2658 465 2841 524 Hunni
2891 460 3118 519 consilio
3166 457 3481 513 utebantur.
3542 454 3796 511 Vicissim

2213 582 2309 637 pro
2344 565 2477 620 essit
2509 576 2632 616 cum
2661 555 3078 629 quadringentis
3106 551 3237 605 viris
3267 547 3564 610 Pherozes,
3611 545 3798 600 simul-

2212 673 2320 729 que
2355 670 2548 711 omnes
2612 664 2918 708 conscenso
2968 654 3175 710 monte,
3219 643 3395 697 foedus
3447 640 3712 702 inierunt,
3741 647 3801 692 et

2215 748 2614 802 communicato
2641 743 3200 807 convivio,‘mutuam
3244 733 3473 791 sublatis
3517 732 3574 786 in
3602 730 3799 785 coelum

2216 841 2471 896 manibus
2510 838 2669 892 fidem
2714 836 2989 905 jurarunt.
3067 829 3231 894 Exin,
3264 824 3677 882 discedentibus
3730 822 3799 875 ad

2223 947 2377 995 suam
2410 930 2685 999 regionem
2718 924 2945 989 Hunnis,
2987 930 3186 992 praeter
3237 918 3446 984 aliquot
3491 915 3681 978 duces,
3713 912 3801 980 qui

2218 1039 2341 1079 cum
2375 1019 2785 1092 quadringentis
2811 1017 2915 1073 illis
2938 1011 3191 1083 exigendi
3224 1007 3485 1080 stipendii
3519 1019 3686 1062 causa
3718 1016 3799 1058 re.

2221 1123 2570 1180 manserant;
2616 1112 3047 1178 Pherozes’post
3076 1108 3263 1161 decem
3298 1104 3510 1158 dierum
3567 1097 3807 1153 currieu.

2224 1212 2331 1264 lum
2362 1209 2520 1263 fidem
2558 1205 2738 1275 fregit,
2771 1203 3086 1270 bellumque
3118 1197 3382 1252 adversus
3433 1192 3661 1247 Hunnus
3722 1189 3809 1242 in-

2224 1300 2454 1357 struxit:
2484 1298 2573 1367 qui
2602 1311 2734 1352 sane
2768 1309 2891 1350 cum
2942 1292 3050 1347 illis
3094 1285 3535 1361 quadringentis,
3585 1283 3809 1351 suisque

2226 1394 2474 1453 ducibus,
2496 1391 2694 1462 pedem
2748 1387 2861 1456 jam
2921 1385 3267 1447 referebant;
3329 1378 3435 1433 nisi
3490 1374 3809 1430 Eustathius

2227 1485 2544 1539 Hunnorum
2577 1484 2789 1535 animos
2816 1479 3200 1537 instaurasset,
3235 1470 3529 1540 quominus
3558 1468 3663 1521 etsi
3710 1464 3812 1517 mi-

2227 1592 2360 1631 nore
2403 1587 2632 1629 numero
2666 1571 3121 1628 extimescerent:
3163 1564 3382 1620 interim
3417 1575 3573 1624 vero,
3620 1557 3810 1612 eodem

2227 1669 2491 1724 suadente
2521 1664 2846 1728 Eustathio,
2880 1661 3005 1715 thus
3032 1668 3089 1713 et
3110 1670 3350 1711 muscum
3373 1655 3425 1706 in
3458 1668 3570 1723 quo
3603 1651 3815 1719 locoju-

2230 1768 2404 1813 ratum
2430 1755 2627 1821 fuerat,
2662 1753 2774 1808 Deo
2799 1752 3179 1814 incenderunt,
3207 1756 3266 1802 ut
3289 1745 3541 1815 perjuros
3588 1742 3813 1797 ulcisce-

549 1840 715 1910 igitur
740 1844 803 1889 ut
833 1848 929 1902 pro
976 1839 1068 1885 tua
1100 1826 1405 1883 excellente
1441 1820 1604 1876 animi
1675 1819 1874 1871 virtute
1927 1821 2130 1910 sancta:
2160 1827 2203 1882 Β
2233 1858 2400 1904 mur.
2460 1819 2668 1902 Deinde
2696 1844 2994 1900 Pherozem
3026 1841 3166 1903 bem)
3216 1837 3461 1909 aggressi
3522 1851 3649 1890 cum
3700 1833 3816 1900 eius

551 1907 642 1986 Hei
669 1927 928 1984 voluntati
953 1922 1304 1993 acquiescas:
1330 1915 1614 1987 pacificum
1645 1921 1718 1977 te,
1751 1907 2123 1978 tranquillum,

549 2020 834 2081 humilem,
862 2013 1078 2069 cunctis
1123 2008 1342 2065 dotibus
1403 2013 1729 2060 exornatum
1789 1998 2014 2064 exhibe,
2073 2004 2130 2051 et

548 2125 679 2179 erga
709 2120 901 2161 omnes
935 2102 1123 2157 mitem
1154 2107 1211 2153 et
1240 2110 1474 2160 comem,
1503 2100 1557 2148 et
1592 2095 1666 2144 tui
1703 2089 1918 2160 generis
1950 2084 2129 2142 omni-

552 2173 652 2258 bus
678 2200 819 2255 fave.
854 2196 1041 2265 Neque
1075 2194 1188 2246 haec
1224 2186 1334 2251 aio,
1367 2183 1495 2253 quia
1531 2182 1605 2236 tui
1636 2181 1736 2235 sim
1763 2179 2003 2247 indigus,
2047 2173 2133 2228 vel

554 2303 613 2348 ut
641 2292 740 2347 tibi
776 2287 1046 2345 blamliar.
1092 2280 1211 2336 Jam
1239 2292 1368 2333 vero
1400 2274 1531 2344 quia
1578 2272 1667 2327 hic
1722 2269 1958 2325 Ioannes
2003 2265 2135 2321 satis

550 2394 672 2441 erat
698 2382 902 2442 clarus,
932 2375 1228 2443 multisque
1254 2370 1324 2424 ob
1356 2376 1491 2421 acta:
1525 2364 1649 2418 vita:
1699 2360 1965 2415 rationem
1997 2359 2137 2413 bene

552 2478 823 2549 cognitus,
862 2473 1018 2525 fidem
1050 2469 1097 2523 ei
1130 2462 1458 2520 Anastasius
1490 2459 1609 2514 sine
1651 2454 1989 2511 dubitatione
2037 2452 2136 2506 ad—

558 2548 753 2633 hibuit,
778 2574 939 2633 atque
966 2560 1105 2632 apud
1139 2571 1262 2613 eum
1290 2555 1343 2610 in
1376 2551 1632 2607 Ecclesia:
1658 2548 1861 2619 vigiliis
1904 2554 2025 2600 erat
2051 2558 2139 2599 as—

552 2663 766 2717 siduus.
824 2655 1065 2722 Contigit
1130 2657 1315 2705 autem
1375 2656 1432 2698 ut
1464 2643 1531 2697 ad
1596 2640 1806 2710 regium
1854 2636 2137 2706 fastigium

556 2763 779 2809 evectus
808 2749 1037 2820 gratiam
1087 2741 1391 2811 rependere
1441 2735 1618 2791 amico
1662 2747 1764 2788 suo
1815 2728 2143 2785 Anastasius

559 2850 854 2912 satageret,
889 2840 955 2893 iis
995 2836 1249 2891 videlicet
1299 2830 1485 2890 rebus,
1546 2839 1686 2895 quas
1742 2821 1996 2876 mortales
2046 2832 2141 2887 po-

558 2908 829 2991 tiSsimum
857 2938 1109 3000 appetere
1132 2923 1338 2988 solent;
1373 2920 1468 2973 sed
1517 2917 1662 2971 enim
1717 2910 1959 2968 Joannes
2006 2908 2145 2963 nihil

561 3025 785 3081 omnino
819 3025 886 3076 ab
910 3020 1156 3089 Augusto
1182 3014 1431 3083 accipere
1464 3020 1657 3077 passus
1684 3014 1805 3070 est;
1849 3002 1960 3056 cito
1989 2999 2146 3054 insu-

565 3133 662 3187 per
692 3130 756 3169 ex
792 3113 926 3166 urbe
949 3109 1096 3179 regia
1131 3108 1184 3160 in
1217 3103 1454 3175 patriam
1503 3112 1655 3154 suam
1708 3092 2000 3158 discessit;
2045 3092 2148 3145 hoc

2230 1941 2484 1997 universo
2509 1938 2749 1993 exercitu
2781 1935 3070 1992 occidione
3090 1931 3433 1994 occiderunt,
3460 1938 3515 1982 et
3537 1925 3815 1981 Persidem

2230 2031 2559 2100 depopulati,
2585 2029 2639 2082 in
2673 2041 2801 2082 suas
2829 2035 3005 2080 terras
3035 2038 3157 2078 sese
3205 2027 3555 2091 receperunt.
3645 2016 3817 2070 Porro

2232 2121 2488 2177 Pherozis
2523 2120 2758 2176 cadaver
2784 2118 2968 2189 (quem
2997 2116 3053 2170 in
3084 2114 3305 2184 regione
3326 2126 3423 2167 sua
3451 2116 3821 2180 cognomento

2234 2213 2550 2268 mendacem
2587 2210 2955 2280 appellabant)
2993 2207 3258 2275 nusquam
3289 2202 3567 2273 apparuit.

2305 2304 2408 2372 Qui
2436 2314 2617 2358 autem
2669 2304 2797 2357 huic
2857 2300 3125 2356 successit
3173 2298 3227 2351 in
3303 2294 3536 2364 imperio
3582 2292 3826 2346 Cavades

2236 2395 2464 2467 ejusque
2493 2408 2744 2463 proceres
2771 2389 3000 2447 infensis
3024 2389 3284 2443 adversus
3312 2384 3589 2439 Rounanos
3634 2380 3826 2434 animis

2238 2497 2416 2554 erant,
2450 2500 2654 2555 eosque
2680 2482 3008 2539 incusabant
3037 2481 3105 2535 de
3155 2478 3478 2532 Hunnorum
3523 2474 3747 2528 incursu
3772 2479 3829 2526 et

2241 2581 2306 2633 de
2335 2577 2523 2648 patria:
2547 2591 2662 2631 sua:
2710 2575 2972 2629 vastitate
3022 2582 3187 2640 atque
3232 2567 3497 2639 pernicie.
3562 2565 3829 2621 Contrac-

2242 2671 2312 2726 tis
2338 2670 2521 2739 itaque
2549 2667 2721 2737 c0piis
2753 2664 2999 2721 Cavades
3041 2658 3518 2730 Theodosiopolim
3548 2657 3604 2711 in
3632 2657 3829 2710 Arme-

2242 2765 2332 2819 nia
2413 2776 2702 2833 aggressus
2731 2759 3095 2843 expugnavit;
3158 2764 3400 2810 attamen
3462 2754 3584 2820 ejus
3623 2750 3827 2806 civibus

2242 2857 2565 2912 clementem
2592 2869 2653 2909 se
2685 2853 2944 2924 praebuit,
2978 2841 3108 2920 quia
3150 2847 3298 2902 nulla
3344 2861 3469 2901 eum
3502 2841 3827 2899 contumelia

2245 2948 2517 3002 Imserant.
2573 2945 2842 3002 Czeterum
2871 2941 3289 3000 Constantinum
3331 2939 3483 2992 urbis
3515 2935 3833 3006 praafeetum

2246 3051 2429 3093 secum
2498 3037 2745 3103 abduxit,
2778 3045 2833 3091 et
2878 3049 3067 3089 mense
3113 3030 3333 3087 Octobri
3382 3040 3509 3082 ante
3570 3027 3831 3083 Amidam

2248 3129 2500 3185 constitit
2525 3128 2930 3197 Mesopotamia:
2968 3125 3180 3187 urbem,
3213 3135 3442 3189 eamque
3472 3133 3675 3186 magno
3728 3118 3839 3170 im-

566 3223 673 3261 um)
698 3214 1006 3265 comemus’
1041 3199 1183 3268 quo"
1235 3194 1302 3287 ab
1350 3189 1638 3287 AMISIaSio
1682 3186 2051 3287 ifnpeuassej’
2089 3179 2216 3238 mc
2254 3179 2951 3287 “uerberare
3002 3179 3659 3283 cmpit'atque-arietib'us,
3710 3206 3846 3275 qui-

566 3315 651 3364 ea,
679 3312 800 3365 qua:
829 3294 975 3348 Zeno
1007 3305 1105 3360 pro
1165 3283 1493 3342 Christianis
1539 3277 1925 3343 constituerat,
1993 3274 2149 3329 ﬁrma

568 3395 870 3444 manerent.

1217 3489 1370 3547 CAP.
1405 3487 1500 3541 IX.

910 3607 987 3660 De
1020 3605 1207 3659 Amida
1239 3620 1271 3656 a
1295 3600 1475 3654 Persis
1498 3607 1821 3668 expugnata.

647 3770 932 3840 Itegnante
955 3760 1096 3832 apud
1148 3759 1343 3815 Persas
1399 3755 1668 3816 Pheroze,
1700 3769 1844 3809 anno
1878 3749 2154 3806 Anastasii

580 3862 721 3928 XIII,
760 3856 1077 3919 Hunni,viis
1123 3852 1370 3921 loeisque
1432 3848 1743 3912 montanis,
1785 3860 1923 3916 quos
1976 3843 2160 3899 Persae

574 3951 995 4014 custodiebant,
1038 3941 1412 4016 superatis,in
1451 3938 1730 3994 Persidem
1778 3937 2159 3991 incurrerunt:

580 4057 808 4115 quorum
840 4050 1050 4096 terrore
1074 4035 1354 4090 Pherozes
1395 4039 1585 4086 coacto
1642 4029 1890 4083 exercitu
1945 4026 2160 4080 obviam

578 4139 685 4194 illis
711 4151 771 4191 se
797 4133 1015 4197 obtulit,
1049 4138 1108 4184 ut
1140 4141 1363 4183 causam
1424 4134 1606 4179 motus
1651 4137 1841 4177 eorum
1882 4130 2044 4190 atque
2077 4120 2165 4174 in-

580 4227 856 4284 cursionis
884 4223 938 4278 in
982 4220 1261 4278 Persidem
1286 4220 1630 4289 exploraret:
1660 4215 1745 4270 cui
1767 4214 2167 4284 reaponderunt

584 4321 684 4384 illi,
718 4317 860 4372 haud
909 4314 1012 4370 sibi
1052 4328 1115 4369 ea
1152 4311 1424 4381 stipendia
1455 4308 1704 4364 sufﬁcere
1726 4321 1846 4377 qua:
1901 4316 2165 4373 tanquam

584 4409 844 4467 Barbaris
877 4408 1053 4461 Persae
1087 4404 1429 4473 pendebant:
1468 4399 1575 4455 Nos
1603 4399 1774 4462 enim,
1799 4397 2038 4463 aiebant,
2068 4395 2167 4450 sub

2253 3303 2355 3358 bus
2383 3305 2582 3358 moenia
2626 3315 2972 3373 prosternere
3022 3302 3314 3354 nitebatur.
3363 3295 3605 3350 Pellibus
3658 3295 3842 3358 enim,

2257 3410 2511 3467 tauquam
2555 3406 2720 3462 tecto,
2753 3395 3036 3449 machinas
3068 3391 3249 3447 Persae
3295 3397 3675 3460 protegentes,
3719 3386 3843 3441 urbi

2255 3492 2636 3556 admovebant,
2703 3491 3009 3556 eductoque
3074 3485 3291 3540 excelso
3343 3496 3562 3554 aggere,
3621 3482 3845 3535 mmniis

2259 3585 2656 3655 co:equabant:
2711 3581 3066 3637 nihilominus
3107 3577 3352 3647 quotidie
3386 3583 3715 3645 pugnantes,
3744 3587 3845 3626 ur-

2259 3677 2381 3731 bem
2413 3675 2554 3730 haud
2586 3674 2994 3744 expugnabaut,
3027 3668 3189 3724 miles
3239 3676 3420 3720 autem
3466 3662 3621 3716 varia
3676 3673 3845 3728 Opera

2260 3778 2311 3823 et
2343 3766 2553 3835 procliis
2600 3776 2929 3833 magnopere
2987 3758 3350 3812 atterebatur.
3410 3752 3516 3806 Per
3556 3751 3609 3806 id
3639 3760 3849 3819 tempus

2263 3871 2455 3926 magna
2486 3855 2535 3909 vi
2567 3853 2941 3908 conviciorum
2965 3858 3021 3904 et
3052 3846 3383 3901 derisionum
3417 3841 3652 3896 Cavadis
3682 3853 3847 3893 aures

2262 3947 2420 4001 abiis
2444 3946 2536 4015 qui
2574 3943 2627 3997 in
2693 3941 2910 3996 mmiiiis
2954 3935 3325 3994 consistebant
3373 3932 3845 3987 verberabantur:

2264 4038 2465 4107 quibus
2505 4034 2594 4089 ille
2623 4044 2969 4100 summopere
2995 4027 3210 4089 dolens,
3247 4022 3403 4076 valde
3453 4022 3619 4077 etiam
3666 4019 3846 4073 animo

2267 4130 2587 4198 angebatur,
2600 4133 2851 4193 proptera
2868 4119 3009 4189 quod
3027 4126 3081 4172 et
3106 4115 3276 4185 rigida
3301 4113 3592 4182 ingruebat
3649 4110 3844 4171 hiems,

2269 4229 2323 4276 et
2349 4219 2530 4273 Persa:
2564 4216 2702 4270 laxis
2730 4214 2975 4268 vestibus
3011 4207 3271 4279 implicati
3302 4205 3676 4275 languidiores
3704 4201 3849 4255 vide-

2269 4316 2487 4379 bantur,
2506 4319 2767 4364 eteorum
2796 4320 2955 4360 arcus
2978 4302 3202 4358 humido
3225 4313 3351 4354 aere
3382 4313 3614 4352 enerves
3638 4296 3848 4358 fiebant,

2270 4404 2479 4458 frontes
2506 4401 2737 4470 denique
2772 4399 3003 4453 arietum
3047 4392 3247 4448 muenia
3298 4391 3353 4443 in
3397 4404 3618 4443 cassum
3660 4387 3852 4442 ferien-

585 4502 676 4557 dio
714 4501 818 4554 ritu
858 4498 1101 4552 ferarum
1134 4494 1367 4547 vivimus
1400 4491 1454 4545 in
1482 4488 2023 4560 'septentrionalibus,
2047 4501 2149 4555 qua

2280 4504 2360 4549 tes
2392 4492 2539 4547 nullo
2560 4493 2644 4546 his
2677 4490 3007 4544 detrimento
3026 4496 3207 4549 erant,
3243 4496 3418 4551 neque
3441 4481 3609 4534 ullam
3649 4479 3851 4532 ruinam

585 4594 654 4648 ad
684 4605 931 4646 occasum
954 4595 1189 4655 vergunt
1214 4582 1497 4653 partibus;
1536 4596 1666 4635 arcu
1691 4590 1744 4635 et
1765 4579 1943 4650 gladio
1965 4577 2169 4633 victum

588 4687 906 4756 quzrrimus,
932 4690 1096 4750 atque
1147 4678 1292 4734 omni
1339 4676 1587 4731 carnium
1643 4689 1843 4745 genere
1881 4673 2170 4727 vescimur.

592 4777 867 4830 Prmterea
906 4774 1271 4827 Romanorum
1301 4770 1598 4837 imperator
1621 4765 1817 4835 duplex
1870 4765 2029 4820 nobis
2077 4764 2173 4819 sti-

590 4867 844 4937 pendium
877 4880 976 4933 per
1005 4863 1211 4929 legatos
1235 4875 1363 4915 suos
1392 4857 1659 4929 promisit,
1684 4856 1727 4908 si
1756 4863 1904 4909 certe
1932 4863 2176 4908 nostram

592 4959 894 5018 vobisemn,
925 4969 958 5009 ο
982 4954 1182 5015 Persae,
1228 4951 1548 5005 societatem
1583 4945 1988 5001 dircmerimus.
2051 4941 2176 4996 llam

593 5049 759 5120 igitur
788 5061 952 5102 causa
984 5055 1092 5110 est,
1120 5058 1218 5096 cur
1251 5039 1607 5094 accinctihuc
1624 5037 1967 5091 venerimus:
1990 5048 2178 5104 quam-

594 5146 781 5196 obrem
839 5138 921 5191 vel
967 5120 1159 5219 nobis,
1212 5142 1473 5203 quantum
1519 5129 1788 5195 Romani,
1824 5136 2039 5199 Oportet
2087 5125 2182 5181 de-

598 5234 694 5298 tis;
727 5231 809 5285 vel
833 5231 876 5286 si
912 5229 1115 5290 minus,
1147 5226 1347 5280 bellum
1383 5231 1593 5293 parate.

672 5325 763 5379 llis
817 5322 1016 5376 auditis
1067 5319 1390 5374 Hunnorum
1452 5314 1823 5372 molitionibus
1888 5314 2182 5378 Pherozes,

595 5431 908 5487 quanquam
941 5428 1035 5468 eos
1072 5413 1285 5466 minore
1365 5423 1595 5463 numero
1641 5423 1804 5477 quam
1842 5421 1968 5461 suas
1999 5406 2186 5474 copias

548 5542 553 5546 ο
598 5524 721 5564 esse
748 5507 979 5571 videret,
1025 5503 1380 5558 nihilominus
1443 5499 1617 5553 fallaci
1681 5515 1777 5554 eos
1821 5497 2188 5566 promissione

600 5602 849 5668 decipere
901 5596 1109 5649 maluit.
1158 5593 1381 5647 Interim
1446 5592 1764 5645 Hunnorum
1832 5590 1999 5642 duces
2061 5603 2184 5640 cum

606 5688 1018 5758 quadringentis
1079 5686 1308 5740 armatis
1389 5691 1801 5752 processerunt,
1857 5680 2185 5749 quibuscum

605 5789 721 5832 erat
778 5778 1089 5832 Eustathius
1137 5777 1356 5844 quidam
1408 5774 1763 5844 Apameeusis
1809 5782 2080 5826 mercator
2133 5779 2187 5826 et

2279 4585 2618 4641 efﬁciebant:
2649 4581 2850 4636 etenim
2882 4577 3221 4642 defensores,
3270 4575 3562 4643 juncorum
3625 4570 3855 4625 fascibus

2277 4677 2422 4732 inter
2456 4688 2515 4730 se
2544 4671 2825 4735 connexis,
2871 4668 3183 4723 ferientium
3209 4667 3445 4720 arietum
3501 4664 3612 4716 vim
3667 4664 3857 4716 obtun-

2279 4766 2497 4830 debant,
2527 4764 2616 4818 vel
2653 4777 2681 4816 a
2715 4770 2862 4816 recto
2885 4774 3073 4825 cursu,
3101 4757 3395 4828 quominus
3427 4755 3633 4809 moenia
3690 4749 3860 4806 difIin-

2279 4859 2494 4922 derent,
2519 4855 2889 4911 dimovebaut.

2351 4946 2470 5003 Jam
2495 4944 2587 4999 ubi
2618 4944 2874 4996 machina
2896 4939 3255 5000 consistebat,
3283 4937 3433 4991 cives
3463 4934 3616 4988 urbis
3654 4941 3859 4983 murum

2282 5040 2352 5094 ab
2381 5037 2644 5091 interiore
2672 5042 2827 5105 parte
2868 5033 3233 5103 perforantes,
3267 5027 3671 5092 materiamque
3697 5018 3860 5073 effos-

2285 5146 2399 5185 sam
2463 5128 2610 5182 foras
2667 5124 3038 5195 projicientes,
3098 5119 3523 5176 locicavitatem
3576 5104 3867 5169 sarmentis

2286 5222 2456 5277 desub
2485 5222 2858 5291 oppleverunt.
2930 5220 3049 5286 Quo
3082 5219 3250 5283 facto,
3279 5231 3443 5285 quum
3470 5215 3527 5268 in
3560 5209 3866 5267 machinam

2288 5315 2568 5384 quingenti
2600 5315 2819 5368 circiter
2850 5313 2951 5367 viri
2980 5327 3010 5367 e
3043 5312 3235 5367 Persis
3280 5308 3473 5364 delecti
3533 5320 3659 5359 rum
3708 5298 3871 5356 armis

2289 5411 2712 5473 insccndissent,
2739 5406 2965 5475 jamque
3019 5406 3282 5461 trabesin
3341 5400 3544 5456 mmnia
3584 5392 3872 5467 protende-

2290 5510 2435 5565 rent,
2466 5510 2526 5553 ut
2555 5513 2653 5570 per
2678 5512 2773 5553 eas
2828 5497 3099 5552 insilirent
3132 5497 3285 5565 (rege
3315 5494 3434 5561 ipso
3478 5496 3701 5544 astante
3751 5495 3869 5538 cum

2290 5594 2557 5657 exercitu,
2588 5601 2643 5644 et
2675 5588 3009 5644 clamoribus
3043 5588 3254 5641 animos
3295 5583 3557 5647 adden'e,
3600 5578 3771 5632 armis
3798 5576 3873 5627 in-

2293 5695 2454 5749 5uper
2490 5691 2546 5736 et
2573 5681 2791 5748 sagittis
2825 5694 2982 5749 opem
3014 5678 3247 5741 ferente,
3280 5686 3335 5729 et
3363 5673 3659 5745 praesentia
3692 5678 3875 5735 asper-

2297 5784 2459 5841 tuque
2486 5788 2582 5827 suo
2609 5786 2702 5827 eos
2750 5770 3085 5839 stimulante)
3130 5769 3447 5824 defensores
3495 5779 3693 5820 ervum
3758 5768 3873 5813 cum
