  <div class='ocr_page' id='page_1' title='image "/cluster/home/n/w/nwhite01/storage/ocr_20150623/85/mdp.39015032042783/586.png"; bbox 0 0 4042 6142; ppageno 0'>
   <div class='ocr_carea' id='block_1_1' title="bbox 306 381 3568 455">
    <p class='ocr_par' dir='ltr' id='par_1_1' title="bbox 306 381 3568 455">
     <span class='ocr_line' id='line_1_1' title="bbox 306 381 3568 455; baseline 0.002 -9"><span class='ocrx_word' id='word_1_1' title='bbox 306 381 440 446; x_wconf 52' lang='lat' dir='ltr'><strong>lli-7</strong></span> <span class='ocrx_word' id='word_1_2' title='bbox 1365 381 1464 442; x_wconf 76' lang='lat' dir='ltr'><strong>EX</strong></span> <span class='ocrx_word' id='word_1_3' title='bbox 1507 381 1876 442; x_wconf 82' lang='lat' dir='ltr'><strong>HISTORIA</strong></span> <span class='ocrx_word' id='word_1_4' title='bbox 1912 382 2510 447; x_wconf 73' lang='lat' dir='ltr'><strong>ECCLESIASTICA.</strong></span> <span class='ocrx_word' id='word_1_5' title='bbox 3426 389 3448 452; x_wconf 86' lang='grc'><strong>1</strong></span> <span class='ocrx_word' id='word_1_6' title='bbox 3467 388 3568 455; x_wconf 68' lang='grc'><strong>158</strong></span> 
     </span>
    </p>
   </div>
   <div class='ocr_carea' id='block_1_2' title="bbox 301 493 3562 574">
    <p class='ocr_par' dir='ltr' id='par_1_2' title="bbox 301 493 3562 574">
     <span class='ocr_line' id='line_1_2' title="bbox 301 493 3562 574; baseline 0.003 -28"><span class='ocrx_word' id='word_1_7' title='bbox 301 505 480 552; x_wconf 76' lang='lat' dir='ltr'><strong>slztcle</strong></span> <span class='ocrx_word' id='word_1_8' title='bbox 501 501 714 550; x_wconf 83' lang='lat' dir='ltr'><strong>coctum</strong></span> <span class='ocrx_word' id='word_1_9' title='bbox 751 493 1000 550; x_wconf 82' lang='lat' dir='ltr'><strong>trabibus</strong></span> <span class='ocrx_word' id='word_1_10' title='bbox 1035 493 1364 549; x_wconf 64' lang='lat' dir='ltr'><strong>ementibus</strong></span> <span class='ocrx_word' id='word_1_11' title='bbox 1417 495 1876 563; x_wconf 79' lang='lat' dir='ltr'><strong>superjaciebanl,</strong></span> <span class='ocrx_word' id='word_1_12' title='bbox 1910 504 1952 556; x_wconf 69' lang='grc' dir='ltr'><strong>Α</strong></span> <span class='ocrx_word' id='word_1_13' title='bbox 2056 495 2397 550; x_wconf 81' lang='lat' dir='ltr'><strong>Eratandent</strong></span> <span class='ocrx_word' id='word_1_14' title='bbox 2424 499 2646 567; x_wconf 81' lang='lat' dir='ltr'><strong>quidam</strong></span> <span class='ocrx_word' id='word_1_15' title='bbox 2698 498 2750 552; x_wconf 89' lang='lat' dir='ltr'><strong>in</strong></span> <span class='ocrx_word' id='word_1_16' title='bbox 2803 499 2938 554; x_wconf 89' lang='lat' dir='ltr'><strong>urbe</strong></span> <span class='ocrx_word' id='word_1_17' title='bbox 2985 499 3070 555; x_wconf 91' lang='lat' dir='ltr'><strong>cui</strong></span> <span class='ocrx_word' id='word_1_18' title='bbox 3145 515 3344 556; x_wconf 77' lang='lat' dir='ltr'><strong>nomen</strong></span> <span class='ocrx_word' id='word_1_19' title='bbox 3403 506 3562 574; x_wconf 85' lang='lat' dir='ltr'><strong>vulgo</strong></span> 
     </span>
    </p>
   </div>
   <div class='ocr_carea' id='block_1_3' title="bbox 306 585 3560 662">
    <p class='ocr_par' dir='ltr' id='par_1_3' title="bbox 306 585 3560 662">
     <span class='ocr_line' id='line_1_3' title="bbox 306 585 3560 662; baseline 0.002 -22"><span class='ocrx_word' id='word_1_20' title='bbox 306 585 540 640; x_wconf 88' lang='lat' dir='ltr'><strong>bubulas</strong></span> <span class='ocrx_word' id='word_1_21' title='bbox 567 601 784 654; x_wconf 90' lang='lat' dir='ltr'><strong>quoque</strong></span> <span class='ocrx_word' id='word_1_22' title='bbox 833 585 1000 654; x_wconf 82' lang='lat' dir='ltr'><strong>pelles</strong></span> <span class='ocrx_word' id='word_1_23' title='bbox 1035 585 1193 653; x_wconf 81' lang='lat' dir='ltr'><strong>aquis</strong></span> <span class='ocrx_word' id='word_1_24' title='bbox 1216 598 1338 638; x_wconf 90' lang='lat' dir='ltr'><strong>cum</strong></span> <span class='ocrx_word' id='word_1_25' title='bbox 1369 599 1500 638; x_wconf 90' lang='lat' dir='ltr'><strong>ervo</strong></span> <span class='ocrx_word' id='word_1_26' title='bbox 1533 587 1793 649; x_wconf 76' lang='lat' dir='ltr'><strong>decoctis,</strong></span> <span class='ocrx_word' id='word_1_27' title='bbox 1827 597 1885 640; x_wconf 90' lang='lat' dir='ltr'><strong>nt</strong></span> <span class='ocrx_word' id='word_1_28' title='bbox 1985 585 2259 654; x_wconf 85' lang='lat' dir='ltr'><strong>Cntricns,</strong></span> <span class='ocrx_word' id='word_1_29' title='bbox 2292 585 2376 640; x_wconf 89' lang='lat' dir='ltr'><strong>vir</strong></span> <span class='ocrx_word' id='word_1_30' title='bbox 2411 587 2753 644; x_wconf 88' lang='lat' dir='ltr'><strong>turbulentus</strong></span> <span class='ocrx_word' id='word_1_31' title='bbox 2772 599 2826 644; x_wconf 90' lang='lat' dir='ltr'><strong>et</strong></span> <span class='ocrx_word' id='word_1_32' title='bbox 2853 605 3043 658; x_wconf 81' lang='lat' dir='ltr'><strong>rapax,</strong></span> <span class='ocrx_word' id='word_1_33' title='bbox 3071 591 3165 660; x_wconf 85' lang='lat' dir='ltr'><strong>qui</strong></span> <span class='ocrx_word' id='word_1_34' title='bbox 3197 606 3360 647; x_wconf 88' lang='lat' dir='ltr'><strong>omne</strong></span> <span class='ocrx_word' id='word_1_35' title='bbox 3389 607 3560 662; x_wconf 86' lang='lat' dir='ltr'><strong>genus</strong></span> 
     </span>
    </p>
   </div>
   <div class='ocr_carea' id='block_1_4' title="bbox 303 673 3557 748">
    <p class='ocr_par' dir='ltr' id='par_1_4' title="bbox 303 673 3557 748">
     <span class='ocr_line' id='line_1_4' title="bbox 303 673 3557 748; baseline 0.001 -16"><span class='ocrx_word' id='word_1_36' title='bbox 303 678 540 732; x_wconf 85' lang='lat' dir='ltr'><strong>lubricas</strong></span> <span class='ocrx_word' id='word_1_37' title='bbox 567 679 878 741; x_wconf 86' lang='lat' dir='ltr'><strong>redderent,</strong></span> <span class='ocrx_word' id='word_1_38' title='bbox 925 676 1359 747; x_wconf 84' lang='lat' dir='ltr'><strong>perfnttdeltant;</strong></span> <span class='ocrx_word' id='word_1_39' title='bbox 1414 677 1591 745; x_wconf 83' lang='lat' dir='ltr'><strong>ignem</strong></span> <span class='ocrx_word' id='word_1_40' title='bbox 1652 677 1884 745; x_wconf 89' lang='lat' dir='ltr'><strong>denique</strong></span> <span class='ocrx_word' id='word_1_41' title='bbox 1987 673 2226 728; x_wconf 76' lang='lat' dir='ltr'><strong>audacia:</strong></span> <span class='ocrx_word' id='word_1_42' title='bbox 2248 675 2512 730; x_wconf 87' lang='lat' dir='ltr'><strong>adversus</strong></span> <span class='ocrx_word' id='word_1_43' title='bbox 2543 677 2736 732; x_wconf 79' lang='lat' dir='ltr'><strong>Persas</strong></span> <span class='ocrx_word' id='word_1_44' title='bbox 2759 693 3108 748; x_wconf 80' lang='lat' dir='ltr'><strong>expromens,</strong></span> <span class='ocrx_word' id='word_1_45' title='bbox 3157 681 3453 748; x_wconf 86' lang='lat' dir='ltr'><strong>plurimam</strong></span> <span class='ocrx_word' id='word_1_46' title='bbox 3489 699 3557 738; x_wconf 87' lang='lat' dir='ltr'><strong>ex</strong></span> 
     </span>
    </p>
   </div>
   <div class='ocr_carea' id='block_1_5' title="bbox 301 765 1881 835">
    <p class='ocr_par' dir='ltr' id='par_1_5' title="bbox 301 765 1881 835">
     <span class='ocr_line' id='line_1_5' title="bbox 301 765 1881 835; baseline -0.003 -12"><span class='ocrx_word' id='word_1_47' title='bbox 301 767 616 829; x_wconf 87' lang='lat' dir='ltr'><strong>sarmentis,</strong></span> <span class='ocrx_word' id='word_1_48' title='bbox 674 781 794 835; x_wconf 67' lang='lat' dir='ltr'><strong>qum</strong></span> <span class='ocrx_word' id='word_1_49' title='bbox 857 767 1124 820; x_wconf 72' lang='lat' dir='ltr'><strong>machina:</strong></span> <span class='ocrx_word' id='word_1_50' title='bbox 1187 773 1604 834; x_wconf 80' lang='lat' dir='ltr'><strong>suppOsnerant,</strong></span> <span class='ocrx_word' id='word_1_51' title='bbox 1668 765 1881 835; x_wconf 88' lang='lat' dir='ltr'><strong>injicie-</strong></span> 
     </span>
    </p>
   </div>
   <div class='ocr_carea' id='block_1_6' title="bbox 302 857 1878 928">
    <p class='ocr_par' dir='ltr' id='par_1_6' title="bbox 302 857 1878 928">
     <span class='ocr_line' id='line_1_6' title="bbox 302 857 1878 928; baseline -0.004 -12"><span class='ocrx_word' id='word_1_52' title='bbox 302 861 469 916; x_wconf 86' lang='lat' dir='ltr'><strong>bant:</strong></span> <span class='ocrx_word' id='word_1_53' title='bbox 499 861 854 928; x_wconf 76' lang='lat' dir='ltr'><strong>quamobrem</strong></span> <span class='ocrx_word' id='word_1_54' title='bbox 894 859 1218 913; x_wconf 90' lang='lat' dir='ltr'><strong>continuato</strong></span> <span class='ocrx_word' id='word_1_55' title='bbox 1261 871 1360 925; x_wconf 88' lang='lat' dir='ltr'><strong>per</strong></span> <span class='ocrx_word' id='word_1_56' title='bbox 1399 870 1492 910; x_wconf 81' lang='lat' dir='ltr'><strong>sex</strong></span> <span class='ocrx_word' id='word_1_57' title='bbox 1525 857 1686 910; x_wconf 90' lang='lat' dir='ltr'><strong>horas</strong></span> <span class='ocrx_word' id='word_1_58' title='bbox 1729 869 1878 926; x_wconf 72' lang='lat' dir='ltr'><strong>prae-</strong></span> 
     </span>
    </p>
   </div>
   <div class='ocr_carea' id='block_1_7' title="bbox 304 947 1880 1018">
    <p class='ocr_par' dir='ltr' id='par_1_7' title="bbox 304 947 1880 1018">
     <span class='ocr_line' id='line_1_7' title="bbox 304 947 1880 1018; baseline -0.004 -12"><span class='ocrx_word' id='word_1_59' title='bbox 304 955 396 1018; x_wconf 91' lang='lat' dir='ltr'><strong>lio,</strong></span> <span class='ocrx_word' id='word_1_60' title='bbox 425 955 550 1008; x_wconf 91' lang='lat' dir='ltr'><strong>dum</strong></span> <span class='ocrx_word' id='word_1_61' title='bbox 578 953 774 1006; x_wconf 83' lang='lat' dir='ltr'><strong>Persas</strong></span> <span class='ocrx_word' id='word_1_62' title='bbox 815 951 883 1005; x_wconf 89' lang='lat' dir='ltr'><strong>ab</strong></span> <span class='ocrx_word' id='word_1_63' title='bbox 918 949 1071 1003; x_wconf 84' lang='lat' dir='ltr'><strong>urbis</strong></span> <span class='ocrx_word' id='word_1_64' title='bbox 1115 949 1263 1003; x_wconf 89' lang='lat' dir='ltr'><strong>aditu</strong></span> <span class='ocrx_word' id='word_1_65' title='bbox 1303 947 1618 1003; x_wconf 79' lang='lat' dir='ltr'><strong>defensores</strong></span> <span class='ocrx_word' id='word_1_66' title='bbox 1654 947 1880 1016; x_wconf 88' lang='lat' dir='ltr'><strong>repelle-</strong></span> 
     </span>
    </p>
   </div>
   <div class='ocr_carea' id='block_1_8' title="bbox 306 1041 1876 1115">
    <p class='ocr_par' dir='ltr' id='par_1_8' title="bbox 306 1041 1876 1115">
     <span class='ocr_line' id='line_1_8' title="bbox 306 1041 1876 1115; baseline -0.006 -13"><span class='ocrx_word' id='word_1_67' title='bbox 306 1054 459 1110; x_wconf 85' lang='lat' dir='ltr'><strong>rent;</strong></span> <span class='ocrx_word' id='word_1_68' title='bbox 487 1045 631 1115; x_wconf 83' lang='lat' dir='ltr'><strong>ignis</strong></span> <span class='ocrx_word' id='word_1_69' title='bbox 662 1051 936 1098; x_wconf 87' lang='lat' dir='ltr'><strong>sarmenta</strong></span> <span class='ocrx_word' id='word_1_70' title='bbox 970 1041 1258 1109; x_wconf 89' lang='lat' dir='ltr'><strong>corripuit,</strong></span> <span class='ocrx_word' id='word_1_71' title='bbox 1307 1041 1606 1108; x_wconf 86' lang='lat' dir='ltr'><strong>statimque</strong></span> <span class='ocrx_word' id='word_1_72' title='bbox 1647 1041 1876 1094; x_wconf 77' lang='lat' dir='ltr'><strong>materia</strong></span> 
     </span>
    </p>
   </div>
   <div class='ocr_carea' id='block_1_9' title="bbox 303 1130 1880 1206">
    <p class='ocr_par' dir='ltr' id='par_1_9' title="bbox 303 1130 1880 1206">
     <span class='ocr_line' id='line_1_9' title="bbox 303 1130 1880 1206; baseline -0.005 -14"><span class='ocrx_word' id='word_1_73' title='bbox 303 1137 509 1206; x_wconf 87' lang='lat' dir='ltr'><strong>reliqua</strong></span> <span class='ocrx_word' id='word_1_74' title='bbox 529 1136 760 1190; x_wconf 81' lang='lat' dir='ltr'><strong>ﬂammis</strong></span> <span class='ocrx_word' id='word_1_75' title='bbox 785 1134 1015 1200; x_wconf 73' lang='lat' dir='ltr'><strong>exarsit,</strong></span> <span class='ocrx_word' id='word_1_76' title='bbox 1053 1141 1218 1200; x_wconf 87' lang='lat' dir='ltr'><strong>atque</strong></span> <span class='ocrx_word' id='word_1_77' title='bbox 1271 1130 1346 1186; x_wconf 86' lang='lat' dir='ltr'><strong>ita</strong></span> <span class='ocrx_word' id='word_1_78' title='bbox 1391 1141 1712 1201; x_wconf 89' lang='lat' dir='ltr'><strong>consumpta</strong></span> <span class='ocrx_word' id='word_1_79' title='bbox 1765 1147 1880 1184; x_wconf 84' lang='lat' dir='ltr'><strong>nta—</strong></span> 
     </span>
    </p>
   </div>
   <div class='ocr_carea' id='block_1_10' title="bbox 303 1219 1878 1294">
    <p class='ocr_par' dir='ltr' id='par_1_10' title="bbox 303 1219 1878 1294">
     <span class='ocr_line' id='line_1_10' title="bbox 303 1219 1878 1294; baseline -0.003 -12"><span class='ocrx_word' id='word_1_80' title='bbox 303 1231 461 1282; x_wconf 86' lang='lat' dir='ltr'><strong>china</strong></span> <span class='ocrx_word' id='word_1_81' title='bbox 494 1229 723 1294; x_wconf 90' lang='lat' dir='ltr'><strong>corruit,</strong></span> <span class='ocrx_word' id='word_1_82' title='bbox 753 1227 934 1282; x_wconf 81' lang='lat' dir='ltr'><strong>Persis</strong></span> <span class='ocrx_word' id='word_1_83' title='bbox 967 1225 1061 1294; x_wconf 89' lang='lat' dir='ltr'><strong>qtti</strong></span> <span class='ocrx_word' id='word_1_84' title='bbox 1097 1219 1184 1279; x_wconf 34' lang='lat' dir='ltr'><strong>‘in</strong></span> <span class='ocrx_word' id='word_1_85' title='bbox 1223 1225 1338 1294; x_wconf 90' lang='lat' dir='ltr'><strong>ipsa</strong></span> <span class='ocrx_word' id='word_1_86' title='bbox 1397 1234 1554 1280; x_wconf 89' lang='lat' dir='ltr'><strong>erant</strong></span> <span class='ocrx_word' id='word_1_87' title='bbox 1611 1225 1878 1278; x_wconf 86' lang='lat' dir='ltr'><strong>ambustis</strong></span> 
     </span>
    </p>
   </div>
   <div class='ocr_carea' id='block_1_11' title="bbox 302 1318 1877 1390">
    <p class='ocr_par' dir='ltr' id='par_1_11' title="bbox 302 1318 1877 1390">
     <span class='ocr_line' id='line_1_11' title="bbox 302 1318 1877 1390; baseline -0.001 -16"><span class='ocrx_word' id='word_1_88' title='bbox 302 1332 462 1390; x_wconf 85' lang='lat' dir='ltr'><strong>atque</strong></span> <span class='ocrx_word' id='word_1_89' title='bbox 494 1321 768 1384; x_wconf 77' lang='lat' dir='ltr'><strong>contritis,</strong></span> <span class='ocrx_word' id='word_1_90' title='bbox 805 1321 1041 1390; x_wconf 87' lang='lat' dir='ltr'><strong>lapidum</strong></span> <span class='ocrx_word' id='word_1_91' title='bbox 1107 1335 1329 1389; x_wconf 87' lang='lat' dir='ltr'><strong>quoque</strong></span> <span class='ocrx_word' id='word_1_92' title='bbox 1381 1319 1650 1389; x_wconf 89' lang='lat' dir='ltr'><strong>grandine</strong></span> <span class='ocrx_word' id='word_1_93' title='bbox 1680 1318 1750 1372; x_wconf 92' lang='lat' dir='ltr'><strong>ab</strong></span> <span class='ocrx_word' id='word_1_94' title='bbox 1811 1318 1877 1373; x_wconf 90' lang='lat' dir='ltr'><strong>iis</strong></span> 
     </span>
    </p>
   </div>
   <div class='ocr_carea' id='block_1_12' title="bbox 301 1409 1877 1481">
    <p class='ocr_par' dir='ltr' id='par_1_12' title="bbox 301 1409 1877 1481">
     <span class='ocr_line' id='line_1_12' title="bbox 301 1409 1877 1481; baseline 0.002 -22"><span class='ocrx_word' id='word_1_95' title='bbox 301 1415 390 1481; x_wconf 80' lang='lat' dir='ltr'><strong>qui</strong></span> <span class='ocrx_word' id='word_1_96' title='bbox 425 1413 477 1466; x_wconf 90' lang='lat' dir='ltr'><strong>itt</strong></span> <span class='ocrx_word' id='word_1_97' title='bbox 509 1429 662 1465; x_wconf 91' lang='lat' dir='ltr'><strong>tnuro</strong></span> <span class='ocrx_word' id='word_1_98' title='bbox 689 1421 846 1466; x_wconf 87' lang='lat' dir='ltr'><strong>erant</strong></span> <span class='ocrx_word' id='word_1_99' title='bbox 871 1413 1181 1480; x_wconf 83' lang='lat' dir='ltr'><strong>percussis:</strong></span> <span class='ocrx_word' id='word_1_100' title='bbox 1218 1411 1290 1463; x_wconf 90' lang='lat' dir='ltr'><strong>ita</strong></span> <span class='ocrx_word' id='word_1_101' title='bbox 1325 1420 1383 1464; x_wconf 93' lang='lat' dir='ltr'><strong>ttt</strong></span> <span class='ocrx_word' id='word_1_102' title='bbox 1412 1424 1504 1462; x_wconf 88' lang='lat' dir='ltr'><strong>rex</strong></span> <span class='ocrx_word' id='word_1_103' title='bbox 1533 1409 1877 1478; x_wconf 88' lang='lat' dir='ltr'><strong>pndibttndus</strong></span> 
     </span>
    </p>
   </div>
   <div class='ocr_carea' id='block_1_13' title="bbox 300 1500 1876 1572">
    <p class='ocr_par' dir='ltr' id='par_1_13' title="bbox 300 1500 1876 1572">
     <span class='ocr_line' id='line_1_13' title="bbox 300 1500 1876 1572; baseline -0.002 -17"><span class='ocrx_word' id='word_1_104' title='bbox 300 1514 636 1572; x_wconf 78' lang='lat' dir='ltr'><strong>maestusque.</strong></span> <span class='ocrx_word' id='word_1_105' title='bbox 670 1504 984 1567; x_wconf 87' lang='lat' dir='ltr'><strong>recederet;</strong></span> <span class='ocrx_word' id='word_1_106' title='bbox 1019 1501 1318 1570; x_wconf 56' lang='lat' dir='ltr'><strong>praesertim</strong></span> <span class='ocrx_word' id='word_1_107' title='bbox 1358 1500 1482 1568; x_wconf 85' lang='lat' dir='ltr'><strong>quia</strong></span> <span class='ocrx_word' id='word_1_108' title='bbox 1529 1501 1598 1554; x_wconf 90' lang='lat' dir='ltr'><strong>ab</strong></span> <span class='ocrx_word' id='word_1_109' title='bbox 1653 1501 1876 1554; x_wconf 88' lang='lat' dir='ltr'><strong>audaci-</strong></span> 
     </span>
    </p>
   </div>
   <div class='ocr_carea' id='block_1_14' title="bbox 297 1591 1875 1662">
    <p class='ocr_par' dir='ltr' id='par_1_14' title="bbox 297 1591 1875 1662">
     <span class='ocr_line' id='line_1_14' title="bbox 297 1591 1875 1662; baseline -0.003 -12"><span class='ocrx_word' id='word_1_110' title='bbox 297 1593 400 1650; x_wconf 84' lang='lat' dir='ltr'><strong>bus</strong></span> <span class='ocrx_word' id='word_1_111' title='bbox 455 1595 810 1662; x_wconf 88' lang='lat' dir='ltr'><strong>superhisqne</strong></span> <span class='ocrx_word' id='word_1_112' title='bbox 887 1595 1100 1648; x_wconf 82' lang='lat' dir='ltr'><strong>civibus</strong></span> <span class='ocrx_word' id='word_1_113' title='bbox 1171 1605 1501 1662; x_wconf 78' lang='lat' dir='ltr'><strong>magnopere</strong></span> <span class='ocrx_word' id='word_1_114' title='bbox 1570 1591 1875 1646; x_wconf 84' lang='lat' dir='ltr'><strong>maledictis</strong></span> 
     </span>
    </p>
   </div>
   <div class='ocr_carea' id='block_1_15' title="bbox 298 1683 986 1754">
    <p class='ocr_par' dir='ltr' id='par_1_15' title="bbox 298 1683 986 1754">
     <span class='ocr_line' id='line_1_15' title="bbox 298 1683 986 1754; baseline 0.004 -19"><span class='ocrx_word' id='word_1_115' title='bbox 298 1685 604 1754; x_wconf 80' lang='lat' dir='ltr'><strong>proscissus</strong></span> <span class='ocrx_word' id='word_1_116' title='bbox 633 1683 986 1738; x_wconf 88' lang='lat' dir='ltr'><strong>irridchatttr.</strong></span> 
     </span>
    </p>
   </div>
   <div class='ocr_carea' id='block_1_16' title="bbox 369 1772 1874 1843">
    <p class='ocr_par' dir='ltr' id='par_1_16' title="bbox 369 1772 1874 1843">
     <span class='ocr_line' id='line_1_16' title="bbox 369 1772 1874 1843; baseline 0.001 -17"><span class='ocrx_word' id='word_1_117' title='bbox 369 1773 580 1843; x_wconf 83' lang='lat' dir='ltr'><strong>Quippe</strong></span> <span class='ocrx_word' id='word_1_118' title='bbox 633 1790 738 1827; x_wconf 93' lang='lat' dir='ltr'><strong>non</strong></span> <span class='ocrx_word' id='word_1_119' title='bbox 793 1773 986 1827; x_wconf 82' lang='lat' dir='ltr'><strong>aderat</strong></span> <span class='ocrx_word' id='word_1_120' title='bbox 1039 1773 1090 1826; x_wconf 90' lang='lat' dir='ltr'><strong>itt</strong></span> <span class='ocrx_word' id='word_1_121' title='bbox 1128 1773 1260 1827; x_wconf 85' lang='lat' dir='ltr'><strong>urbe</strong></span> <span class='ocrx_word' id='word_1_122' title='bbox 1287 1774 1594 1842; x_wconf 86' lang='lat' dir='ltr'><strong>cpiscopus,</strong></span> <span class='ocrx_word' id='word_1_123' title='bbox 1631 1772 1726 1842; x_wconf 87' lang='lat' dir='ltr'><strong>qui</strong></span> <span class='ocrx_word' id='word_1_124' title='bbox 1779 1786 1874 1828; x_wconf 89' lang='lat' dir='ltr'><strong>eos</strong></span> 
     </span>
    </p>
   </div>
   <div class='ocr_carea' id='block_1_17' title="bbox 297 1864 1873 1934">
    <p class='ocr_par' dir='ltr' id='par_1_17' title="bbox 297 1864 1873 1934">
     <span class='ocr_line' id='line_1_17' title="bbox 297 1864 1873 1934; baseline 0.001 -16"><span class='ocrx_word' id='word_1_125' title='bbox 297 1864 366 1918; x_wconf 89' lang='lat' dir='ltr'><strong>ab</strong></span> <span class='ocrx_word' id='word_1_126' title='bbox 419 1865 508 1918; x_wconf 87' lang='lat' dir='ltr'><strong>illa</strong></span> <span class='ocrx_word' id='word_1_127' title='bbox 577 1866 882 1919; x_wconf 72' lang='lat' dir='ltr'><strong>temeritate</strong></span> <span class='ocrx_word' id='word_1_128' title='bbox 919 1873 1317 1932; x_wconf 80' lang='lat' dir='ltr'><strong>compesceret:</strong></span> <span class='ocrx_word' id='word_1_129' title='bbox 1357 1879 1477 1918; x_wconf 90' lang='lat' dir='ltr'><strong>nam</strong></span> <span class='ocrx_word' id='word_1_130' title='bbox 1509 1865 1699 1934; x_wconf 89' lang='lat' dir='ltr'><strong>paucis</strong></span> <span class='ocrx_word' id='word_1_131' title='bbox 1745 1873 1873 1919; x_wconf 87' lang='lat' dir='ltr'><strong>ante</strong></span> 
     </span>
    </p>
   </div>
   <div class='ocr_carea' id='block_1_18' title="bbox 297 1954 1874 2012">
    <p class='ocr_par' dir='ltr' id='par_1_18' title="bbox 297 1954 1874 2012">
     <span class='ocr_line' id='line_1_18' title="bbox 297 1954 1874 2012; baseline 0.001 -1"><span class='ocrx_word' id='word_1_132' title='bbox 297 1959 490 2012; x_wconf 88' lang='lat' dir='ltr'><strong>diebus</strong></span> <span class='ocrx_word' id='word_1_133' title='bbox 523 1966 751 2010; x_wconf 89' lang='lat' dir='ltr'><strong>mortem</strong></span> <span class='ocrx_word' id='word_1_134' title='bbox 803 1971 926 2011; x_wconf 91' lang='lat' dir='ltr'><strong>cum</strong></span> <span class='ocrx_word' id='word_1_135' title='bbox 969 1956 1077 2008; x_wconf 85' lang='lat' dir='ltr'><strong>vita</strong></span> <span class='ocrx_word' id='word_1_136' title='bbox 1148 1965 1580 2010; x_wconf 83' lang='lat' dir='ltr'><strong>comntutaverat</strong></span> <span class='ocrx_word' id='word_1_137' title='bbox 1636 1954 1874 2012; x_wconf 79' lang='lat' dir='ltr'><strong>Joannes</strong></span> 
     </span>
    </p>
   </div>
   <div class='ocr_carea' id='block_1_19' title="bbox 295 2045 1874 2116">
    <p class='ocr_par' dir='ltr' id='par_1_19' title="bbox 295 2045 1874 2116">
     <span class='ocr_line' id='line_1_19' title="bbox 295 2045 1874 2116; baseline -0.001 -14"><span class='ocrx_word' id='word_1_138' title='bbox 295 2051 605 2116; x_wconf 84' lang='lat' dir='ltr'><strong>episcopus,</strong></span> <span class='ocrx_word' id='word_1_139' title='bbox 654 2046 738 2100; x_wconf 90' lang='lat' dir='ltr'><strong>vir</strong></span> <span class='ocrx_word' id='word_1_140' title='bbox 779 2045 920 2116; x_wconf 89' lang='lat' dir='ltr'><strong>frugi</strong></span> <span class='ocrx_word' id='word_1_141' title='bbox 971 2055 1026 2100; x_wconf 89' lang='lat' dir='ltr'><strong>et</strong></span> <span class='ocrx_word' id='word_1_142' title='bbox 1058 2054 1266 2110; x_wconf 88' lang='lat' dir='ltr'><strong>castus,</strong></span> <span class='ocrx_word' id='word_1_143' title='bbox 1292 2056 1348 2100; x_wconf 90' lang='lat' dir='ltr'><strong>et</strong></span> <span class='ocrx_word' id='word_1_144' title='bbox 1372 2046 1583 2100; x_wconf 89' lang='lat' dir='ltr'><strong>sanctis</strong></span> <span class='ocrx_word' id='word_1_145' title='bbox 1630 2047 1874 2101; x_wconf 89' lang='lat' dir='ltr'><strong>moribus</strong></span> 
     </span>
    </p>
   </div>
   <div class='ocr_carea' id='block_1_20' title="bbox 297 2137 1872 2208">
    <p class='ocr_par' dir='ltr' id='par_1_20' title="bbox 297 2137 1872 2208">
     <span class='ocr_line' id='line_1_20' title="bbox 297 2137 1872 2208; baseline 0.001 -17"><span class='ocrx_word' id='word_1_146' title='bbox 297 2139 579 2208; x_wconf 66' lang='lat' dir='ltr'><strong>praeditus.</strong></span> <span class='ocrx_word' id='word_1_147' title='bbox 633 2139 731 2193; x_wconf 84' lang='lat' dir='ltr'><strong>llic</strong></span> <span class='ocrx_word' id='word_1_148' title='bbox 756 2154 787 2194; x_wconf 90' lang='lat' dir='ltr'><strong>e</strong></span> <span class='ocrx_word' id='word_1_149' title='bbox 821 2139 1158 2192; x_wconf 89' lang='lat' dir='ltr'><strong>monasterio</strong></span> <span class='ocrx_word' id='word_1_150' title='bbox 1187 2137 1591 2192; x_wconf 85' lang='lat' dir='ltr'><strong>Cartaminettsi</strong></span> <span class='ocrx_word' id='word_1_151' title='bbox 1629 2139 1697 2192; x_wconf 92' lang='lat' dir='ltr'><strong>ad</strong></span> <span class='ocrx_word' id='word_1_152' title='bbox 1753 2139 1872 2208; x_wconf 88' lang='lat' dir='ltr'><strong>epi-</strong></span> 
     </span>
    </p>
   </div>
   <div class='ocr_carea' id='block_1_21' title="bbox 297 2228 1870 2298">
    <p class='ocr_par' dir='ltr' id='par_1_21' title="bbox 297 2228 1870 2298">
     <span class='ocr_line' id='line_1_21' title="bbox 297 2228 1870 2298; baseline -0.002 -16"><span class='ocrx_word' id='word_1_153' title='bbox 297 2239 580 2298; x_wconf 62' lang='lat' dir='ltr'><strong>sl-Opatnm</strong></span> <span class='ocrx_word' id='word_1_154' title='bbox 619 2239 952 2298; x_wconf 83' lang='lat' dir='ltr'><strong>assumptus,</strong></span> <span class='ocrx_word' id='word_1_155' title='bbox 1013 2229 1148 2282; x_wconf 88' lang='lat' dir='ltr'><strong>nihil</strong></span> <span class='ocrx_word' id='word_1_156' title='bbox 1175 2231 1240 2282; x_wconf 90' lang='lat' dir='ltr'><strong>de</strong></span> <span class='ocrx_word' id='word_1_157' title='bbox 1279 2228 1508 2296; x_wconf 83' lang='lat' dir='ltr'><strong>jejunio,</strong></span> <span class='ocrx_word' id='word_1_158' title='bbox 1547 2228 1870 2282; x_wconf 85' lang='lat' dir='ltr'><strong>abstinentia</strong></span> 
     </span>
    </p>
   </div>
   <div class='ocr_carea' id='block_1_22' title="bbox 303 2319 1874 2390">
    <p class='ocr_par' dir='ltr' id='par_1_22' title="bbox 303 2319 1874 2390">
     <span class='ocr_line' id='line_1_22' title="bbox 303 2319 1874 2390; baseline 0.001 -19"><span class='ocrx_word' id='word_1_159' title='bbox 303 2322 601 2390; x_wconf 80' lang='lat' dir='ltr'><strong>priscisquc</strong></span> <span class='ocrx_word' id='word_1_160' title='bbox 650 2321 890 2374; x_wconf 88' lang='lat' dir='ltr'><strong>moribus</strong></span> <span class='ocrx_word' id='word_1_161' title='bbox 937 2321 1340 2386; x_wconf 86' lang='lat' dir='ltr'><strong>intnttttaverat,</strong></span> <span class='ocrx_word' id='word_1_162' title='bbox 1365 2321 1458 2374; x_wconf 90' lang='lat' dir='ltr'><strong>sed</strong></span> <span class='ocrx_word' id='word_1_163' title='bbox 1487 2319 1575 2372; x_wconf 90' lang='lat' dir='ltr'><strong>diu</strong></span> <span class='ocrx_word' id='word_1_164' title='bbox 1605 2328 1874 2387; x_wconf 84' lang='lat' dir='ltr'><strong>noctuque</strong></span> 
     </span>
    </p>
   </div>
   <div class='ocr_carea' id='block_1_23' title="bbox 297 2410 1870 2480">
    <p class='ocr_par' dir='ltr' id='par_1_23' title="bbox 297 2410 1870 2480">
     <span class='ocr_line' id='line_1_23' title="bbox 297 2410 1870 2480; baseline -0.003 -14"><span class='ocrx_word' id='word_1_165' title='bbox 297 2412 349 2466; x_wconf 88' lang='lat' dir='ltr'><strong>in</strong></span> <span class='ocrx_word' id='word_1_166' title='bbox 382 2413 720 2466; x_wconf 86' lang='lat' dir='ltr'><strong>monasterio</strong></span> <span class='ocrx_word' id='word_1_167' title='bbox 748 2410 1064 2480; x_wconf 86' lang='lat' dir='ltr'><strong>perstabat:</strong></span> <span class='ocrx_word' id='word_1_168' title='bbox 1099 2410 1386 2479; x_wconf 89' lang='lat' dir='ltr'><strong>opulentos</strong></span> <span class='ocrx_word' id='word_1_169' title='bbox 1407 2419 1589 2464; x_wconf 86' lang='lat' dir='ltr'><strong>autem</strong></span> <span class='ocrx_word' id='word_1_170' title='bbox 1611 2410 1870 2472; x_wconf 81' lang='lat' dir='ltr'><strong>civitatis,</strong></span> 
     </span>
    </p>
   </div>
   <div class='ocr_carea' id='block_1_24' title="bbox 294 2500 1871 2572">
    <p class='ocr_par' dir='ltr' id='par_1_24' title="bbox 294 2500 1871 2572">
     <span class='ocr_line' id='line_1_24' title="bbox 294 2500 1871 2572; baseline -0.001 -16"><span class='ocrx_word' id='word_1_171' title='bbox 294 2503 454 2557; x_wconf 87' lang='lat' dir='ltr'><strong>famis</strong></span> <span class='ocrx_word' id='word_1_172' title='bbox 495 2513 736 2570; x_wconf 88' lang='lat' dir='ltr'><strong>tempore</strong></span> <span class='ocrx_word' id='word_1_173' title='bbox 760 2509 814 2556; x_wconf 88' lang='lat' dir='ltr'><strong>et</strong></span> <span class='ocrx_word' id='word_1_174' title='bbox 848 2501 1180 2555; x_wconf 90' lang='lat' dir='ltr'><strong>incursionis</strong></span> <span class='ocrx_word' id='word_1_175' title='bbox 1227 2500 1468 2555; x_wconf 81' lang='lat' dir='ltr'><strong>Arabum</strong></span> <span class='ocrx_word' id='word_1_176' title='bbox 1505 2512 1670 2570; x_wconf 89' lang='lat' dir='ltr'><strong>atque</strong></span> <span class='ocrx_word' id='word_1_177' title='bbox 1699 2501 1871 2572; x_wconf 87' lang='lat' dir='ltr'><strong>pesti-</strong></span> 
     </span>
    </p>
   </div>
   <div class='ocr_carea' id='block_1_25' title="bbox 293 2590 1870 2662">
    <p class='ocr_par' dir='ltr' id='par_1_25' title="bbox 293 2590 1870 2662">
     <span class='ocr_line' id='line_1_25' title="bbox 293 2590 1870 2662; baseline 0 -16"><span class='ocrx_word' id='word_1_178' title='bbox 293 2592 473 2646; x_wconf 73' lang='lat' dir='ltr'><strong>lentiae</strong></span> <span class='ocrx_word' id='word_1_179' title='bbox 501 2593 740 2662; x_wconf 82' lang='lat' dir='ltr'><strong>graviter</strong></span> <span class='ocrx_word' id='word_1_180' title='bbox 763 2591 1144 2655; x_wconf 85' lang='lat' dir='ltr'><strong>admonuerat,</strong></span> <span class='ocrx_word' id='word_1_181' title='bbox 1177 2605 1246 2645; x_wconf 90' lang='lat' dir='ltr'><strong>ne</strong></span> <span class='ocrx_word' id='word_1_182' title='bbox 1278 2590 1615 2646; x_wconf 78' lang='lat' dir='ltr'><strong>frumentum</strong></span> <span class='ocrx_word' id='word_1_183' title='bbox 1654 2592 1707 2646; x_wconf 93' lang='lat' dir='ltr'><strong>iu</strong></span> <span class='ocrx_word' id='word_1_184' title='bbox 1769 2606 1870 2646; x_wconf 85' lang='lat' dir='ltr'><strong>an-</strong></span> 
     </span>
    </p>
   </div>
   <div class='ocr_carea' id='block_1_26' title="bbox 292 2683 1870 2760">
    <p class='ocr_par' dir='ltr' id='par_1_26' title="bbox 292 2683 1870 2760">
     <span class='ocr_line' id='line_1_26' title="bbox 292 2683 1870 2760; baseline 0 -22"><span class='ocrx_word' id='word_1_185' title='bbox 292 2699 452 2738; x_wconf 64' lang='lat' dir='ltr'><strong>nonae</strong></span> <span class='ocrx_word' id='word_1_186' title='bbox 481 2683 746 2736; x_wconf 85' lang='lat' dir='ltr'><strong>charitate</strong></span> <span class='ocrx_word' id='word_1_187' title='bbox 767 2683 1190 2760; x_wconf 73' lang='lat' dir='ltr'><strong>supprimerent,</strong></span> <span class='ocrx_word' id='word_1_188' title='bbox 1224 2683 1324 2737; x_wconf 85' lang='lat' dir='ltr'><strong>sed</strong></span> <span class='ocrx_word' id='word_1_189' title='bbox 1373 2684 1550 2750; x_wconf 86' lang='lat' dir='ltr'><strong>potius</strong></span> <span class='ocrx_word' id='word_1_190' title='bbox 1571 2685 1870 2739; x_wconf 76' lang='lat' dir='ltr'><strong>venderent</strong></span> 
     </span>
    </p>
   </div>
   <div class='ocr_carea' id='block_1_27' title="bbox 289 2775 1872 2846">
    <p class='ocr_par' dir='ltr' id='par_1_27' title="bbox 289 2775 1872 2846">
     <span class='ocr_line' id='line_1_27' title="bbox 289 2775 1872 2846; baseline 0 -16"><span class='ocrx_word' id='word_1_191' title='bbox 289 2775 772 2844; x_wconf 85' lang='lat' dir='ltr'><strong>indigentibnsqne</strong></span> <span class='ocrx_word' id='word_1_192' title='bbox 805 2775 1189 2838; x_wconf 84' lang='lat' dir='ltr'><strong>concederent,</strong></span> <span class='ocrx_word' id='word_1_193' title='bbox 1217 2789 1284 2828; x_wconf 91' lang='lat' dir='ltr'><strong>tte</strong></span> <span class='ocrx_word' id='word_1_194' title='bbox 1314 2775 1453 2830; x_wconf 90' lang='lat' dir='ltr'><strong>forte</strong></span> <span class='ocrx_word' id='word_1_195' title='bbox 1507 2778 1684 2846; x_wconf 89' lang='lat' dir='ltr'><strong>ipsum</strong></span> <span class='ocrx_word' id='word_1_196' title='bbox 1737 2791 1872 2830; x_wconf 81' lang='lat' dir='ltr'><strong>ven-</strong></span> 
     </span>
    </p>
   </div>
   <div class='ocr_carea' id='block_1_28' title="bbox 290 2867 1870 2936">
    <p class='ocr_par' dir='ltr' id='par_1_28' title="bbox 290 2867 1870 2936">
     <span class='ocr_line' id='line_1_28' title="bbox 290 2867 1870 2936; baseline 0.001 -16"><span class='ocrx_word' id='word_1_197' title='bbox 290 2869 432 2920; x_wconf 80' lang='lat' dir='ltr'><strong>turis</strong></span> <span class='ocrx_word' id='word_1_198' title='bbox 463 2869 710 2920; x_wconf 81' lang='lat' dir='ltr'><strong>hostibus</strong></span> <span class='ocrx_word' id='word_1_199' title='bbox 761 2877 1118 2933; x_wconf 85' lang='lat' dir='ltr'><strong>reservarem,</strong></span> <span class='ocrx_word' id='word_1_200' title='bbox 1165 2878 1218 2920; x_wconf 90' lang='lat' dir='ltr'><strong>ttt</strong></span> <span class='ocrx_word' id='word_1_201' title='bbox 1251 2868 1326 2921; x_wconf 88' lang='lat' dir='ltr'><strong>ait</strong></span> <span class='ocrx_word' id='word_1_202' title='bbox 1357 2867 1658 2936; x_wconf 79' lang='lat' dir='ltr'><strong>Scriptura,</strong></span> <span class='ocrx_word' id='word_1_203' title='bbox 1713 2868 1870 2936; x_wconf 86' lang='lat' dir='ltr'><strong>cujus</strong></span> 
     </span>
    </p>
   </div>
   <div class='ocr_carea' id='block_1_29' title="bbox 290 2957 1870 3028">
    <p class='ocr_par' dir='ltr' id='par_1_29' title="bbox 290 2957 1870 3028">
     <span class='ocr_line' id='line_1_29' title="bbox 290 2957 1870 3028; baseline 0.001 -18"><span class='ocrx_word' id='word_1_204' title='bbox 290 2957 616 3011; x_wconf 81' lang='lat' dir='ltr'><strong>vaticinium</strong></span> <span class='ocrx_word' id='word_1_205' title='bbox 669 2972 833 3011; x_wconf 79' lang='lat' dir='ltr'><strong>verax</strong></span> <span class='ocrx_word' id='word_1_206' title='bbox 861 2957 1054 3010; x_wconf 78' lang='lat' dir='ltr'><strong>evasit.</strong></span> <span class='ocrx_word' id='word_1_207' title='bbox 1111 2957 1244 3012; x_wconf 87' lang='lat' dir='ltr'><strong>llnic</strong></span> <span class='ocrx_word' id='word_1_208' title='bbox 1299 2958 1474 3028; x_wconf 88' lang='lat' dir='ltr'><strong>palant</strong></span> <span class='ocrx_word' id='word_1_209' title='bbox 1527 2959 1870 3028; x_wconf 84' lang='lat' dir='ltr'><strong>conspicien-</strong></span> 
     </span>
    </p>
   </div>
   <div class='ocr_carea' id='block_1_30' title="bbox 287 3047 1874 3118">
    <p class='ocr_par' dir='ltr' id='par_1_30' title="bbox 287 3047 1874 3118">
     <span class='ocr_line' id='line_1_30' title="bbox 287 3047 1874 3118; baseline 0.001 -16"><span class='ocrx_word' id='word_1_210' title='bbox 287 3052 418 3102; x_wconf 85' lang='lat' dir='ltr'><strong>dum</strong></span> <span class='ocrx_word' id='word_1_211' title='bbox 453 3062 512 3100; x_wconf 89' lang='lat' dir='ltr'><strong>se</strong></span> <span class='ocrx_word' id='word_1_212' title='bbox 540 3047 689 3100; x_wconf 81' lang='lat' dir='ltr'><strong>dedit</strong></span> <span class='ocrx_word' id='word_1_213' title='bbox 715 3047 768 3100; x_wconf 88' lang='lat' dir='ltr'><strong>itt</strong></span> <span class='ocrx_word' id='word_1_214' title='bbox 804 3047 994 3102; x_wconf 89' lang='lat' dir='ltr'><strong>altaris</strong></span> <span class='ocrx_word' id='word_1_215' title='bbox 1029 3048 1474 3118; x_wconf 86' lang='lat' dir='ltr'><strong>latere.angelus,</strong></span> <span class='ocrx_word' id='word_1_216' title='bbox 1525 3047 1874 3117; x_wconf 88' lang='lat' dir='ltr'><strong>hostiumque</strong></span> 
     </span>
    </p>
   </div>
   <div class='ocr_carea' id='block_1_31' title="bbox 1982 765 3560 843">
    <p class='ocr_par' dir='ltr' id='par_1_31' title="bbox 1982 765 3560 843">
     <span class='ocr_line' id='line_1_31' title="bbox 1982 765 3560 843; baseline 0.007 -25"><span class='ocrx_word' id='word_1_217' title='bbox 1982 765 2063 818; x_wconf 86' lang='lat' dir='ltr'><strong>eis</strong></span> <span class='ocrx_word' id='word_1_218' title='bbox 2091 767 2327 833; x_wconf 59' lang='lat' dir='ltr'><strong>praedam</strong></span> <span class='ocrx_word' id='word_1_219' title='bbox 2361 770 2588 838; x_wconf 81' lang='lat' dir='ltr'><strong>agebat:</strong></span> <span class='ocrx_word' id='word_1_220' title='bbox 2624 779 2790 838; x_wconf 87' lang='lat' dir='ltr'><strong>atque</strong></span> <span class='ocrx_word' id='word_1_221' title='bbox 2823 771 2968 826; x_wconf 88' lang='lat' dir='ltr'><strong>hunc</strong></span> <span class='ocrx_word' id='word_1_222' title='bbox 3005 772 3104 842; x_wconf 85' lang='lat' dir='ltr'><strong>ipsi</strong></span> <span class='ocrx_word' id='word_1_223' title='bbox 3163 771 3366 837; x_wconf 74' lang='lat' dir='ltr'><strong>Persae,</strong></span> <span class='ocrx_word' id='word_1_224' title='bbox 3401 789 3560 843; x_wconf 88' lang='lat' dir='ltr'><strong>prout</strong></span> 
     </span>
    </p>
   </div>
   <div class='ocr_carea' id='block_1_32' title="bbox 1982 855 3557 928">
    <p class='ocr_par' dir='ltr' id='par_1_32' title="bbox 1982 855 3557 928">
     <span class='ocr_line' id='line_1_32' title="bbox 1982 855 3557 928; baseline 0.006 -22"><span class='ocrx_word' id='word_1_225' title='bbox 1982 855 2151 914; x_wconf 77' lang='lat' dir='ltr'><strong>abiis</strong></span> <span class='ocrx_word' id='word_1_226' title='bbox 2179 857 2268 926; x_wconf 88' lang='lat' dir='ltr'><strong>qui</strong></span> <span class='ocrx_word' id='word_1_227' title='bbox 2294 859 2498 912; x_wconf 64' lang='lat' dir='ltr'><strong>minoia</strong></span> <span class='ocrx_word' id='word_1_228' title='bbox 2587 860 2880 914; x_wconf 79' lang='lat' dir='ltr'><strong>tuebantur</strong></span> <span class='ocrx_word' id='word_1_229' title='bbox 2910 861 3233 928; x_wconf 87' lang='lat' dir='ltr'><strong>audiebant,</strong></span> <span class='ocrx_word' id='word_1_230' title='bbox 3279 862 3557 919; x_wconf 89' lang='lat' dir='ltr'><strong>Cutricunt</strong></span> 
     </span>
    </p>
   </div>
   <div class='ocr_carea' id='block_1_33' title="bbox 1980 947 3560 1026">
    <p class='ocr_par' dir='ltr' id='par_1_33' title="bbox 1980 947 3560 1026">
     <span class='ocr_line' id='line_1_33' title="bbox 1980 947 3560 1026; baseline 0.008 -27"><span class='ocrx_word' id='word_1_231' title='bbox 1980 947 2344 1016; x_wconf 83' lang='lat' dir='ltr'><strong>appellabant.</strong></span> <span class='ocrx_word' id='word_1_232' title='bbox 2405 949 2624 1005; x_wconf 90' lang='lat' dir='ltr'><strong>Interim</strong></span> <span class='ocrx_word' id='word_1_233' title='bbox 2662 951 2974 1006; x_wconf 70' lang='lat' dir='ltr'><strong>(lanci-altus</strong></span> <span class='ocrx_word' id='word_1_234' title='bbox 3037 967 3204 1021; x_wconf 88' lang='lat' dir='ltr'><strong>prope</strong></span> <span class='ocrx_word' id='word_1_235' title='bbox 3235 957 3430 1008; x_wconf 90' lang='lat' dir='ltr'><strong>turrim</strong></span> <span class='ocrx_word' id='word_1_236' title='bbox 3462 971 3560 1026; x_wconf 90' lang='lat' dir='ltr'><strong>per</strong></span> 
     </span>
    </p>
   </div>
   <div class='ocr_carea' id='block_1_34' title="bbox 1981 1041 3557 1116">
    <p class='ocr_par' dir='ltr' id='par_1_34' title="bbox 1981 1041 3557 1116">
     <span class='ocr_line' id='line_1_34' title="bbox 1981 1041 3557 1116; baseline 0.008 -27"><span class='ocrx_word' id='word_1_237' title='bbox 1981 1041 2342 1106; x_wconf 66' lang='lat' dir='ltr'><strong>aquaadttctusf</strong></span> <span class='ocrx_word' id='word_1_238' title='bbox 2375 1049 2657 1095; x_wconf 75' lang='lat' dir='ltr'><strong>exeuntem</strong></span> <span class='ocrx_word' id='word_1_239' title='bbox 2682 1042 2856 1111; x_wconf 89' lang='lat' dir='ltr'><strong>ipsum</strong></span> <span class='ocrx_word' id='word_1_240' title='bbox 2889 1043 2956 1096; x_wconf 80' lang='lat' dir='ltr'><strong>ad</strong></span> <span class='ocrx_word' id='word_1_241' title='bbox 2987 1045 3220 1112; x_wconf 69' lang='lat' dir='ltr'><strong>praedam</strong></span> <span class='ocrx_word' id='word_1_242' title='bbox 3245 1047 3557 1116; x_wconf 85' lang='lat' dir='ltr'><strong>regredien-</strong></span> 
     </span>
    </p>
   </div>
   <div class='ocr_carea' id='block_1_35' title="bbox 1983 1128 3560 1206">
    <p class='ocr_par' dir='ltr' id='par_1_35' title="bbox 1983 1128 3560 1206">
     <span class='ocr_line' id='line_1_35' title="bbox 1983 1128 3560 1206; baseline 0.008 -26"><span class='ocrx_word' id='word_1_243' title='bbox 1983 1137 2199 1198; x_wconf 87' lang='lat' dir='ltr'><strong>tentque</strong></span> <span class='ocrx_word' id='word_1_244' title='bbox 2227 1128 2580 1186; x_wconf 83' lang='lat' dir='ltr'><strong>observabat:</strong></span> <span class='ocrx_word' id='word_1_245' title='bbox 2613 1135 2742 1200; x_wconf 88' lang='lat' dir='ltr'><strong>quin</strong></span> <span class='ocrx_word' id='word_1_246' title='bbox 2799 1134 2937 1189; x_wconf 89' lang='lat' dir='ltr'><strong>adeo</strong></span> <span class='ocrx_word' id='word_1_247' title='bbox 2996 1137 3321 1206; x_wconf 85' lang='lat' dir='ltr'><strong>quandoque</strong></span> <span class='ocrx_word' id='word_1_248' title='bbox 3375 1136 3560 1194; x_wconf 60' lang='lat' dir='ltr'><strong>PersasI</strong></span> 
     </span>
    </p>
   </div>
   <div class='ocr_carea' id='block_1_36' title="bbox 1981 1218 3560 1294">
    <p class='ocr_par' dir='ltr' id='par_1_36' title="bbox 1981 1218 3560 1294">
     <span class='ocr_line' id='line_1_36' title="bbox 1981 1218 3560 1294; baseline 0.009 -24"><span class='ocrx_word' id='word_1_249' title='bbox 1981 1218 2202 1274; x_wconf 89' lang='lat' dir='ltr'><strong>liberam</strong></span> <span class='ocrx_word' id='word_1_250' title='bbox 2233 1221 2280 1276; x_wconf 89' lang='lat' dir='ltr'><strong>ei</strong></span> <span class='ocrx_word' id='word_1_251' title='bbox 2315 1222 2588 1291; x_wconf 70' lang='lat' dir='ltr'><strong>praedandi</strong></span> <span class='ocrx_word' id='word_1_252' title='bbox 2637 1232 2962 1291; x_wconf 87' lang='lat' dir='ltr'><strong>potestatem</strong></span> <span class='ocrx_word' id='word_1_253' title='bbox 3011 1227 3418 1294; x_wconf 88' lang='lat' dir='ltr'><strong>permittebant,</strong></span> <span class='ocrx_word' id='word_1_254' title='bbox 3475 1230 3560 1284; x_wconf 88' lang='lat' dir='ltr'><strong>in-</strong></span> 
     </span>
    </p>
   </div>
   <div class='ocr_carea' id='block_1_37' title="bbox 1981 1313 3558 1388">
    <p class='ocr_par' dir='ltr' id='par_1_37' title="bbox 1981 1313 3558 1388">
     <span class='ocr_line' id='line_1_37' title="bbox 1981 1313 3558 1388; baseline 0.006 -24"><span class='ocrx_word' id='word_1_255' title='bbox 1981 1313 2142 1366; x_wconf 90' lang='lat' dir='ltr'><strong>tentis</strong></span> <span class='ocrx_word' id='word_1_256' title='bbox 2171 1313 2226 1366; x_wconf 90' lang='lat' dir='ltr'><strong>itt</strong></span> <span class='ocrx_word' id='word_1_257' title='bbox 2257 1327 2378 1368; x_wconf 90' lang='lat' dir='ltr'><strong>eum</strong></span> <span class='ocrx_word' id='word_1_258' title='bbox 2405 1313 2599 1379; x_wconf 87' lang='lat' dir='ltr'><strong>oculis,</strong></span> <span class='ocrx_word' id='word_1_259' title='bbox 2635 1329 2868 1385; x_wconf 80' lang='lat' dir='ltr'><strong>moxque</strong></span> <span class='ocrx_word' id='word_1_260' title='bbox 2903 1330 3025 1370; x_wconf 86' lang='lat' dir='ltr'><strong>eum</strong></span> <span class='ocrx_word' id='word_1_261' title='bbox 3059 1321 3558 1388; x_wconf 85' lang='lat' dir='ltr'><strong>persequebantur,</strong></span> 
     </span>
    </p>
   </div>
   <div class='ocr_carea' id='block_1_38' title="bbox 1978 1404 3555 1486">
    <p class='ocr_par' dir='ltr' id='par_1_38' title="bbox 1978 1404 3555 1486">
     <span class='ocr_line' id='line_1_38' title="bbox 1978 1404 3555 1486; baseline 0.007 -31"><span class='ocrx_word' id='word_1_262' title='bbox 1978 1412 2141 1472; x_wconf 77' lang='lat' dir='ltr'><strong>atque</strong></span> <span class='ocrx_word' id='word_1_263' title='bbox 2181 1404 2254 1459; x_wconf 89' lang='lat' dir='ltr'><strong>ita</strong></span> <span class='ocrx_word' id='word_1_264' title='bbox 2314 1406 2495 1461; x_wconf 78' lang='lat' dir='ltr'><strong>exitus</strong></span> <span class='ocrx_word' id='word_1_265' title='bbox 2543 1407 2858 1486; x_wconf 81' lang='lat' dir='ltr'><strong>reditusque</strong></span> <span class='ocrx_word' id='word_1_266' title='bbox 2894 1409 3070 1464; x_wconf 89' lang='lat' dir='ltr'><strong>locum</strong></span> <span class='ocrx_word' id='word_1_267' title='bbox 3122 1412 3555 1481; x_wconf 87' lang='lat' dir='ltr'><strong>comperiebant.</strong></span> 
     </span>
    </p>
   </div>
   <div class='ocr_carea' id='block_1_39' title="bbox 1978 1491 3556 1568">
    <p class='ocr_par' dir='ltr' id='par_1_39' title="bbox 1978 1491 3556 1568">
     <span class='ocr_line' id='line_1_39' title="bbox 1978 1491 3556 1568; baseline 0.008 -24"><span class='ocrx_word' id='word_1_268' title='bbox 1978 1491 2049 1544; x_wconf 74' lang='lat' dir='ltr'><strong>Ea</strong></span> <span class='ocrx_word' id='word_1_269' title='bbox 2083 1509 2213 1547; x_wconf 83' lang='lat' dir='ltr'><strong>vero</strong></span> <span class='ocrx_word' id='word_1_270' title='bbox 2254 1510 2382 1560; x_wconf 84' lang='lat' dir='ltr'><strong>nox,</strong></span> <span class='ocrx_word' id='word_1_271' title='bbox 2410 1511 2542 1564; x_wconf 75' lang='lat' dir='ltr'><strong>quae</strong></span> <span class='ocrx_word' id='word_1_272' title='bbox 2574 1497 2724 1552; x_wconf 88' lang='lat' dir='ltr'><strong>urbis</strong></span> <span class='ocrx_word' id='word_1_273' title='bbox 2768 1513 3023 1568; x_wconf 88' lang='lat' dir='ltr'><strong>suprema</strong></span> <span class='ocrx_word' id='word_1_274' title='bbox 3071 1499 3271 1568; x_wconf 80' lang='lat' dir='ltr'><strong>evasit,</strong></span> <span class='ocrx_word' id='word_1_275' title='bbox 3321 1500 3556 1557; x_wconf 86' lang='lat' dir='ltr'><strong>obscura</strong></span> 
     </span>
    </p>
   </div>
   <div class='ocr_carea' id='block_1_40' title="bbox 1977 1584 3559 1661">
    <p class='ocr_par' dir='ltr' id='par_1_40' title="bbox 1977 1584 3559 1661">
     <span class='ocr_line' id='line_1_40' title="bbox 1977 1584 3559 1661; baseline 0.009 -25"><span class='ocrx_word' id='word_1_276' title='bbox 1977 1584 2268 1638; x_wconf 86' lang='lat' dir='ltr'><strong>admodum</strong></span> <span class='ocrx_word' id='word_1_277' title='bbox 2316 1596 2372 1638; x_wconf 85' lang='lat' dir='ltr'><strong>et</strong></span> <span class='ocrx_word' id='word_1_278' title='bbox 2427 1586 2681 1654; x_wconf 83' lang='lat' dir='ltr'><strong>pluvialis</strong></span> <span class='ocrx_word' id='word_1_279' title='bbox 2729 1586 2850 1652; x_wconf 90' lang='lat' dir='ltr'><strong>fttit,</strong></span> <span class='ocrx_word' id='word_1_280' title='bbox 2912 1592 3250 1661; x_wconf 87' lang='lat' dir='ltr'><strong>contigitqne</strong></span> <span class='ocrx_word' id='word_1_281' title='bbox 3299 1601 3359 1648; x_wconf 91' lang='lat' dir='ltr'><strong>ut</strong></span> <span class='ocrx_word' id='word_1_282' title='bbox 3421 1595 3559 1650; x_wconf 83' lang='lat' dir='ltr'><strong>civis</strong></span> 
     </span>
    </p>
   </div>
   <div class='ocr_carea' id='block_1_41' title="bbox 1977 1675 3558 1743">
    <p class='ocr_par' dir='ltr' id='par_1_41' title="bbox 1977 1675 3558 1743">
     <span class='ocr_line' id='line_1_41' title="bbox 1977 1675 3558 1743; baseline 0.01 -17"><span class='ocrx_word' id='word_1_283' title='bbox 1977 1675 2191 1743; x_wconf 81' lang='lat' dir='ltr'><strong>quidam</strong></span> <span class='ocrx_word' id='word_1_284' title='bbox 2225 1678 2506 1732; x_wconf 85' lang='lat' dir='ltr'><strong>monachis</strong></span> <span class='ocrx_word' id='word_1_285' title='bbox 2535 1679 2818 1735; x_wconf 86' lang='lat' dir='ltr'><strong>amicalem</strong></span> <span class='ocrx_word' id='word_1_286' title='bbox 2853 1693 3068 1736; x_wconf 74' lang='lat' dir='ltr'><strong>ctenam</strong></span> <span class='ocrx_word' id='word_1_287' title='bbox 3113 1684 3406 1742; x_wconf 84' lang='lat' dir='ltr'><strong>instrueret</strong></span> <span class='ocrx_word' id='word_1_288' title='bbox 3433 1688 3558 1742; x_wconf 81' lang='lat' dir='ltr'><strong>vino</strong></span> 
     </span>
    </p>
   </div>
   <div class='ocr_carea' id='block_1_42' title="bbox 1975 1763 3557 1844">
    <p class='ocr_par' dir='ltr' id='par_1_42' title="bbox 1975 1763 3557 1844">
     <span class='ocr_line' id='line_1_42' title="bbox 1975 1763 3557 1844; baseline 0.009 -28"><span class='ocrx_word' id='word_1_289' title='bbox 1975 1763 2041 1818; x_wconf 86' lang='lat' dir='ltr'><strong>ad</strong></span> <span class='ocrx_word' id='word_1_290' title='bbox 2071 1765 2293 1819; x_wconf 88' lang='lat' dir='ltr'><strong>multam</strong></span> <span class='ocrx_word' id='word_1_291' title='bbox 2325 1777 2538 1820; x_wconf 89' lang='lat' dir='ltr'><strong>noctem</strong></span> <span class='ocrx_word' id='word_1_292' title='bbox 2564 1769 2884 1836; x_wconf 87' lang='lat' dir='ltr'><strong>pr0piuato:</strong></span> <span class='ocrx_word' id='word_1_293' title='bbox 2911 1785 3080 1838; x_wconf 90' lang='lat' dir='ltr'><strong>quare</strong></span> <span class='ocrx_word' id='word_1_294' title='bbox 3105 1772 3226 1840; x_wconf 89' lang='lat' dir='ltr'><strong>ipsi,</strong></span> <span class='ocrx_word' id='word_1_295' title='bbox 3255 1784 3557 1844; x_wconf 85' lang='lat' dir='ltr'><strong>occupante</strong></span> 
     </span>
    </p>
   </div>
   <div class='ocr_carea' id='block_1_43' title="bbox 1905 1835 3553 1925">
    <p class='ocr_par' dir='ltr' id='par_1_43' title="bbox 1905 1835 3553 1925">
     <span class='ocr_line' id='line_1_43' title="bbox 1905 1835 3553 1925; baseline 0.008 -18"><span class='ocrx_word' id='word_1_296' title='bbox 1905 1835 1946 1890; x_wconf 75' lang='grc' dir='ltr'><strong>Β</strong></span> <span class='ocrx_word' id='word_1_297' title='bbox 1976 1869 2187 1919; x_wconf 88' lang='lat' dir='ltr'><strong>somno,</strong></span> <span class='ocrx_word' id='word_1_298' title='bbox 2225 1855 2483 1911; x_wconf 77' lang='lat' dir='ltr'><strong>excubias</strong></span> <span class='ocrx_word' id='word_1_299' title='bbox 2531 1873 2630 1925; x_wconf 89' lang='lat' dir='ltr'><strong>pro</strong></span> <span class='ocrx_word' id='word_1_300' title='bbox 2682 1873 2834 1914; x_wconf 85' lang='lat' dir='ltr'><strong>more</strong></span> <span class='ocrx_word' id='word_1_301' title='bbox 2858 1861 3022 1916; x_wconf 88' lang='lat' dir='ltr'><strong>solito</strong></span> <span class='ocrx_word' id='word_1_302' title='bbox 3073 1877 3179 1917; x_wconf 91' lang='lat' dir='ltr'><strong>non</strong></span> <span class='ocrx_word' id='word_1_303' title='bbox 3241 1871 3553 1920; x_wconf 89' lang='lat' dir='ltr'><strong>tenuerunt.</strong></span> 
     </span>
    </p>
   </div>
   <div class='ocr_carea' id='block_1_44' title="bbox 1975 1945 3555 2021">
    <p class='ocr_par' dir='ltr' id='par_1_44' title="bbox 1975 1945 3555 2021">
     <span class='ocr_line' id='line_1_44' title="bbox 1975 1945 3555 2021; baseline 0.005 -19"><span class='ocrx_word' id='word_1_304' title='bbox 1975 1945 2108 2002; x_wconf 89' lang='lat' dir='ltr'><strong>Cum</strong></span> <span class='ocrx_word' id='word_1_305' title='bbox 2135 1947 2298 2018; x_wconf 88' lang='lat' dir='ltr'><strong>igitttr</strong></span> <span class='ocrx_word' id='word_1_306' title='bbox 2319 1947 2633 2005; x_wconf 85' lang='lat' dir='ltr'><strong>Cancrakus</strong></span> <span class='ocrx_word' id='word_1_307' title='bbox 2661 1965 2789 2006; x_wconf 90' lang='lat' dir='ltr'><strong>cum</strong></span> <span class='ocrx_word' id='word_1_308' title='bbox 2853 1954 3046 2021; x_wconf 86' lang='lat' dir='ltr'><strong>paucis</strong></span> <span class='ocrx_word' id='word_1_309' title='bbox 3093 1955 3230 2021; x_wconf 87' lang='lat' dir='ltr'><strong>suis,</strong></span> <span class='ocrx_word' id='word_1_310' title='bbox 3277 1955 3555 2010; x_wconf 86' lang='lat' dir='ltr'><strong>Cutricutn</strong></span> 
     </span>
    </p>
   </div>
   <div class='ocr_carea' id='block_1_45' title="bbox 1973 2038 3558 2112">
    <p class='ocr_par' dir='ltr' id='par_1_45' title="bbox 1973 2038 3558 2112">
     <span class='ocr_line' id='line_1_45' title="bbox 1973 2038 3558 2112; baseline 0.006 -22"><span class='ocrx_word' id='word_1_311' title='bbox 1973 2050 2327 2106; x_wconf 88' lang='lat' dir='ltr'><strong>persequens,</strong></span> <span class='ocrx_word' id='word_1_312' title='bbox 2361 2038 2427 2092; x_wconf 87' lang='lat' dir='ltr'><strong>ad</strong></span> <span class='ocrx_word' id='word_1_313' title='bbox 2501 2040 2696 2096; x_wconf 65' lang='lat' dir='ltr'><strong>muenia</strong></span> <span class='ocrx_word' id='word_1_314' title='bbox 2730 2042 3079 2106; x_wconf 87' lang='lat' dir='ltr'><strong>accessisset,</strong></span> <span class='ocrx_word' id='word_1_315' title='bbox 3137 2057 3314 2112; x_wconf 91' lang='lat' dir='ltr'><strong>neque</strong></span> <span class='ocrx_word' id='word_1_316' title='bbox 3345 2043 3558 2100; x_wconf 83' lang='lat' dir='ltr'><strong>clamo-</strong></span> 
     </span>
    </p>
   </div>
   <div class='ocr_carea' id='block_1_46' title="bbox 1975 2131 3552 2204">
    <p class='ocr_par' dir='ltr' id='par_1_46' title="bbox 1975 2131 3552 2204">
     <span class='ocr_line' id='line_1_46' title="bbox 1975 2131 3552 2204; baseline 0.004 -20"><span class='ocrx_word' id='word_1_317' title='bbox 1975 2145 2089 2185; x_wconf 89' lang='lat' dir='ltr'><strong>rem</strong></span> <span class='ocrx_word' id='word_1_318' title='bbox 2123 2131 2462 2186; x_wconf 89' lang='lat' dir='ltr'><strong>sustulerunt</strong></span> <span class='ocrx_word' id='word_1_319' title='bbox 2502 2133 2782 2197; x_wconf 85' lang='lat' dir='ltr'><strong>monachi,</strong></span> <span class='ocrx_word' id='word_1_320' title='bbox 2817 2148 2992 2202; x_wconf 90' lang='lat' dir='ltr'><strong>neque</strong></span> <span class='ocrx_word' id='word_1_321' title='bbox 3025 2133 3231 2204; x_wconf 91' lang='lat' dir='ltr'><strong>lapides</strong></span> <span class='ocrx_word' id='word_1_322' title='bbox 3267 2135 3552 2202; x_wconf 79' lang='lat' dir='ltr'><strong>iecerunt:</strong></span> 
     </span>
    </p>
   </div>
   <div class='ocr_carea' id='block_1_47' title="bbox 1975 2222 3556 2292">
    <p class='ocr_par' dir='ltr' id='par_1_47' title="bbox 1975 2222 3556 2292">
     <span class='ocr_line' id='line_1_47' title="bbox 1975 2222 3556 2292; baseline 0.004 -17"><span class='ocrx_word' id='word_1_323' title='bbox 1975 2237 2040 2276; x_wconf 87' lang='lat' dir='ltr'><strong>cx</strong></span> <span class='ocrx_word' id='word_1_324' title='bbox 2072 2237 2181 2292; x_wconf 91' lang='lat' dir='ltr'><strong>quo</strong></span> <span class='ocrx_word' id='word_1_325' title='bbox 2207 2222 2518 2292; x_wconf 87' lang='lat' dir='ltr'><strong>intelligens</strong></span> <span class='ocrx_word' id='word_1_326' title='bbox 2561 2223 2876 2279; x_wconf 82' lang='lat' dir='ltr'><strong>Cancrakus</strong></span> <span class='ocrx_word' id='word_1_327' title='bbox 2911 2227 3214 2282; x_wconf 87' lang='lat' dir='ltr'><strong>monachos</strong></span> <span class='ocrx_word' id='word_1_328' title='bbox 3248 2242 3442 2284; x_wconf 89' lang='lat' dir='ltr'><strong>somno</strong></span> <span class='ocrx_word' id='word_1_329' title='bbox 3473 2229 3556 2282; x_wconf 87' lang='lat' dir='ltr'><strong>itt-</strong></span> 
     </span>
    </p>
   </div>
   <div class='ocr_carea' id='block_1_48' title="bbox 1975 2313 3556 2388">
    <p class='ocr_par' dir='ltr' id='par_1_48' title="bbox 1975 2313 3556 2388">
     <span class='ocr_line' id='line_1_48' title="bbox 1975 2313 3556 2388; baseline 0.006 -23"><span class='ocrx_word' id='word_1_330' title='bbox 1975 2313 2216 2382; x_wconf 89' lang='lat' dir='ltr'><strong>dulgere,</strong></span> <span class='ocrx_word' id='word_1_331' title='bbox 2253 2315 2435 2368; x_wconf 83' lang='lat' dir='ltr'><strong>statim</strong></span> <span class='ocrx_word' id='word_1_332' title='bbox 2498 2315 2674 2370; x_wconf 80' lang='lat' dir='ltr'><strong>scalas</strong></span> <span class='ocrx_word' id='word_1_333' title='bbox 2734 2317 3046 2386; x_wconf 88' lang='lat' dir='ltr'><strong>militesque</strong></span> <span class='ocrx_word' id='word_1_334' title='bbox 3092 2319 3325 2384; x_wconf 86' lang='lat' dir='ltr'><strong>accivit;</strong></span> <span class='ocrx_word' id='word_1_335' title='bbox 3390 2331 3556 2388; x_wconf 89' lang='lat' dir='ltr'><strong>atque</strong></span> 
     </span>
    </p>
   </div>
   <div class='ocr_carea' id='block_1_49' title="bbox 1974 2405 3551 2479">
    <p class='ocr_par' dir='ltr' id='par_1_49' title="bbox 1974 2405 3551 2479">
     <span class='ocr_line' id='line_1_49' title="bbox 1974 2405 3551 2479; baseline 0.004 -19"><span class='ocrx_word' id='word_1_336' title='bbox 1974 2405 2119 2460; x_wconf 87' lang='lat' dir='ltr'><strong>illico</strong></span> <span class='ocrx_word' id='word_1_337' title='bbox 2150 2407 2243 2476; x_wconf 89' lang='lat' dir='ltr'><strong>qtti</strong></span> <span class='ocrx_word' id='word_1_338' title='bbox 2270 2422 2392 2462; x_wconf 89' lang='lat' dir='ltr'><strong>cum</strong></span> <span class='ocrx_word' id='word_1_339' title='bbox 2423 2422 2490 2462; x_wconf 88' lang='lat' dir='ltr'><strong>eo</strong></span> <span class='ocrx_word' id='word_1_340' title='bbox 2519 2417 2677 2462; x_wconf 89' lang='lat' dir='ltr'><strong>erant</strong></span> <span class='ocrx_word' id='word_1_341' title='bbox 2708 2423 2808 2478; x_wconf 91' lang='lat' dir='ltr'><strong>per</strong></span> <span class='ocrx_word' id='word_1_342' title='bbox 2830 2411 3184 2478; x_wconf 70' lang='lat' dir='ltr'><strong>aquaeductus</strong></span> <span class='ocrx_word' id='word_1_343' title='bbox 3237 2411 3472 2479; x_wconf 83' lang='lat' dir='ltr'><strong>ingressi</strong></span> <span class='ocrx_word' id='word_1_344' title='bbox 3497 2412 3551 2466; x_wconf 89' lang='lat' dir='ltr'><strong>in</strong></span> 
     </span>
    </p>
   </div>
   <div class='ocr_carea' id='block_1_50' title="bbox 1974 2497 3552 2568">
    <p class='ocr_par' dir='ltr' id='par_1_50' title="bbox 1974 2497 3552 2568">
     <span class='ocr_line' id='line_1_50' title="bbox 1974 2497 3552 2568; baseline 0.005 -20"><span class='ocrx_word' id='word_1_345' title='bbox 1974 2498 2369 2550; x_wconf 88' lang='lat' dir='ltr'><strong>monachorum</strong></span> <span class='ocrx_word' id='word_1_346' title='bbox 2397 2497 2588 2550; x_wconf 88' lang='lat' dir='ltr'><strong>turrint</strong></span> <span class='ocrx_word' id='word_1_347' title='bbox 2650 2508 2966 2564; x_wconf 88' lang='lat' dir='ltr'><strong>evaserunt,</strong></span> <span class='ocrx_word' id='word_1_348' title='bbox 3023 2500 3200 2568; x_wconf 87' lang='lat' dir='ltr'><strong>iisque</strong></span> <span class='ocrx_word' id='word_1_349' title='bbox 3249 2500 3552 2556; x_wconf 66' lang='lat' dir='ltr'><strong>interfectis</strong></span> 
     </span>
    </p>
   </div>
   <div class='ocr_carea' id='block_1_51' title="bbox 1973 2587 3553 2659">
    <p class='ocr_par' dir='ltr' id='par_1_51' title="bbox 1973 2587 3553 2659">
     <span class='ocr_line' id='line_1_51' title="bbox 1973 2587 3553 2659; baseline 0.004 -20"><span class='ocrx_word' id='word_1_350' title='bbox 1973 2587 2110 2640; x_wconf 89' lang='lat' dir='ltr'><strong>turri</strong></span> <span class='ocrx_word' id='word_1_351' title='bbox 2137 2587 2294 2655; x_wconf 82' lang='lat' dir='ltr'><strong>petiti</strong></span> <span class='ocrx_word' id='word_1_352' title='bbox 2327 2599 2476 2652; x_wconf 80' lang='lat' dir='ltr'><strong>sunt,</strong></span> <span class='ocrx_word' id='word_1_353' title='bbox 2514 2604 2748 2658; x_wconf 84' lang='lat' dir='ltr'><strong>moxque</strong></span> <span class='ocrx_word' id='word_1_354' title='bbox 2775 2589 3048 2659; x_wconf 90' lang='lat' dir='ltr'><strong>applicitis</strong></span> <span class='ocrx_word' id='word_1_355' title='bbox 3075 2593 3145 2647; x_wconf 84' lang='lat' dir='ltr'><strong>ad</strong></span> <span class='ocrx_word' id='word_1_356' title='bbox 3176 2593 3374 2648; x_wconf 63' lang='lat' dir='ltr'><strong>moenia</strong></span> <span class='ocrx_word' id='word_1_357' title='bbox 3429 2608 3553 2646; x_wconf 91' lang='lat' dir='ltr'><strong>sca-</strong></span> 
     </span>
    </p>
   </div>
   <div class='ocr_carea' id='block_1_52' title="bbox 1976 2677 3554 2746">
    <p class='ocr_par' dir='ltr' id='par_1_52' title="bbox 1976 2677 3554 2746">
     <span class='ocr_line' id='line_1_52' title="bbox 1976 2677 3554 2746; baseline 0.005 -18"><span class='ocrx_word' id='word_1_358' title='bbox 1976 2677 2041 2730; x_wconf 89' lang='lat' dir='ltr'><strong>lis</strong></span> <span class='ocrx_word' id='word_1_359' title='bbox 2068 2677 2290 2731; x_wconf 88' lang='lat' dir='ltr'><strong>nuntios</strong></span> <span class='ocrx_word' id='word_1_360' title='bbox 2322 2677 2387 2730; x_wconf 90' lang='lat' dir='ltr'><strong>ad</strong></span> <span class='ocrx_word' id='word_1_361' title='bbox 2421 2692 2602 2746; x_wconf 88' lang='lat' dir='ltr'><strong>regem</strong></span> <span class='ocrx_word' id='word_1_362' title='bbox 2652 2679 2935 2734; x_wconf 85' lang='lat' dir='ltr'><strong>miserunt.</strong></span> <span class='ocrx_word' id='word_1_363' title='bbox 2970 2679 3048 2734; x_wconf 88' lang='lat' dir='ltr'><strong>Eo</strong></span> <span class='ocrx_word' id='word_1_364' title='bbox 3091 2696 3218 2736; x_wconf 90' lang='lat' dir='ltr'><strong>casu</strong></span> <span class='ocrx_word' id='word_1_365' title='bbox 3279 2682 3554 2736; x_wconf 88' lang='lat' dir='ltr'><strong>intellecto</strong></span> 
     </span>
    </p>
   </div>
   <div class='ocr_carea' id='block_1_53' title="bbox 1969 2769 3550 2837">
    <p class='ocr_par' dir='ltr' id='par_1_53' title="bbox 1969 2769 3550 2837">
     <span class='ocr_line' id='line_1_53' title="bbox 1969 2769 3550 2837; baseline 0.005 -17"><span class='ocrx_word' id='word_1_366' title='bbox 1969 2769 2062 2837; x_wconf 90' lang='lat' dir='ltr'><strong>qui</strong></span> <span class='ocrx_word' id='word_1_367' title='bbox 2093 2769 2396 2837; x_wconf 82' lang='lat' dir='ltr'><strong>proximam</strong></span> <span class='ocrx_word' id='word_1_368' title='bbox 2431 2770 2622 2823; x_wconf 90' lang='lat' dir='ltr'><strong>turrim</strong></span> <span class='ocrx_word' id='word_1_369' title='bbox 2662 2771 3066 2833; x_wconf 86' lang='lat' dir='ltr'><strong>custodiebant.</strong></span> <span class='ocrx_word' id='word_1_370' title='bbox 3105 2773 3346 2829; x_wconf 89' lang='lat' dir='ltr'><strong>clamore</strong></span> <span class='ocrx_word' id='word_1_371' title='bbox 3402 2775 3550 2828; x_wconf 83' lang='lat' dir='ltr'><strong>edito</strong></span> 
     </span>
    </p>
   </div>
   <div class='ocr_carea' id='block_1_54' title="bbox 1971 2861 3549 2932">
    <p class='ocr_par' dir='ltr' id='par_1_54' title="bbox 1971 2861 3549 2932">
     <span class='ocr_line' id='line_1_54' title="bbox 1971 2861 3549 2932; baseline 0.001 -15"><span class='ocrx_word' id='word_1_372' title='bbox 1971 2862 2246 2931; x_wconf 84' lang='lat' dir='ltr'><strong>suppetias</strong></span> <span class='ocrx_word' id='word_1_373' title='bbox 2267 2861 2550 2916; x_wconf 84' lang='lat' dir='ltr'><strong>exstinctis</strong></span> <span class='ocrx_word' id='word_1_374' title='bbox 2572 2863 2851 2918; x_wconf 87' lang='lat' dir='ltr'><strong>monachis</strong></span> <span class='ocrx_word' id='word_1_375' title='bbox 2882 2861 3029 2918; x_wconf 83' lang='lat' dir='ltr'><strong>ferre</strong></span> <span class='ocrx_word' id='word_1_376' title='bbox 3053 2866 3234 2918; x_wconf 86' lang='lat' dir='ltr'><strong>conati</strong></span> <span class='ocrx_word' id='word_1_377' title='bbox 3264 2875 3424 2932; x_wconf 86' lang='lat' dir='ltr'><strong>sunt;</strong></span> <span class='ocrx_word' id='word_1_378' title='bbox 3453 2867 3549 2921; x_wconf 90' lang='lat' dir='ltr'><strong>sed</strong></span> 
     </span>
    </p>
   </div>
   <div class='ocr_carea' id='block_1_55' title="bbox 1971 2953 3554 3026">
    <p class='ocr_par' dir='ltr' id='par_1_55' title="bbox 1971 2953 3554 3026">
     <span class='ocr_line' id='line_1_55' title="bbox 1971 2953 3554 3026; baseline 0.003 -18"><span class='ocrx_word' id='word_1_379' title='bbox 1971 2953 2208 3020; x_wconf 82' lang='lat' dir='ltr'><strong>frustra;</strong></span> <span class='ocrx_word' id='word_1_380' title='bbox 2235 2955 2343 3008; x_wconf 89' lang='lat' dir='ltr'><strong>imo</strong></span> <span class='ocrx_word' id='word_1_381' title='bbox 2365 2971 2429 3009; x_wconf 86' lang='lat' dir='ltr'><strong>ex</strong></span> <span class='ocrx_word' id='word_1_382' title='bbox 2478 2957 2558 3010; x_wconf 89' lang='lat' dir='ltr'><strong>eis</strong></span> <span class='ocrx_word' id='word_1_383' title='bbox 2608 2956 2853 3011; x_wconf 89' lang='lat' dir='ltr'><strong>nonnulli</strong></span> <span class='ocrx_word' id='word_1_384' title='bbox 2891 2957 3103 3026; x_wconf 78' lang='lat' dir='ltr'><strong>sagittis</strong></span> <span class='ocrx_word' id='word_1_385' title='bbox 3143 2959 3428 3012; x_wconf 87' lang='lat' dir='ltr'><strong>Persarum</strong></span> <span class='ocrx_word' id='word_1_386' title='bbox 3457 2958 3554 3012; x_wconf 83' lang='lat' dir='ltr'><strong>icti</strong></span> 
     </span>
    </p>
   </div>
   <div class='ocr_carea' id='block_1_56' title="bbox 1971 3043 3552 3116">
    <p class='ocr_par' dir='ltr' id='par_1_56' title="bbox 1971 3043 3552 3116">
     <span class='ocr_line' id='line_1_56' title="bbox 1971 3043 3552 3116; baseline 0.001 -18"><span class='ocrx_word' id='word_1_387' title='bbox 1971 3046 2271 3114; x_wconf 86' lang='lat' dir='ltr'><strong>perierunt.</strong></span> <span class='ocrx_word' id='word_1_388' title='bbox 2327 3043 2462 3098; x_wconf 87' lang='lat' dir='ltr'><strong>Tum</strong></span> <span class='ocrx_word' id='word_1_389' title='bbox 2484 3045 2660 3116; x_wconf 74' lang='lat' dir='ltr'><strong>Cyrus</strong></span> <span class='ocrx_word' id='word_1_390' title='bbox 2690 3047 2978 3116; x_wconf 62' lang='lat' dir='ltr'><strong>prafectus</strong></span> <span class='ocrx_word' id='word_1_391' title='bbox 3011 3047 3088 3099; x_wconf 88' lang='lat' dir='ltr'><strong>rei</strong></span> <span class='ocrx_word' id='word_1_392' title='bbox 3117 3047 3321 3101; x_wconf 86' lang='lat' dir='ltr'><strong>certior</strong></span> <span class='ocrx_word' id='word_1_393' title='bbox 3352 3047 3552 3112; x_wconf 88' lang='lat' dir='ltr'><strong>factus,</strong></span> 
     </span>
    </p>
   </div>
   <div class='ocr_carea' id='block_1_57' title="bbox 288 3135 3551 3222">
    <p class='ocr_par' dir='ltr' id='par_1_57' title="bbox 288 3135 3551 3222">
     <span class='ocr_line' id='line_1_57' title="bbox 288 3135 3551 3222; baseline -0.001 -30"><span class='ocrx_word' id='word_1_394' title='bbox 288 3139 584 3192; x_wconf 83' lang='lat' dir='ltr'><strong>adventum</strong></span> <span class='ocrx_word' id='word_1_395' title='bbox 617 3140 1027 3208; x_wconf 76' lang='lat' dir='ltr'><strong>pnenuntiavit;</strong></span> <span class='ocrx_word' id='word_1_396' title='bbox 1056 3149 1108 3192; x_wconf 91' lang='lat' dir='ltr'><strong>et</strong></span> <span class='ocrx_word' id='word_1_397' title='bbox 1132 3148 1393 3206; x_wconf 76' lang='lat' dir='ltr'><strong>przeterea</strong></span> <span class='ocrx_word' id='word_1_398' title='bbox 1427 3139 1568 3209; x_wconf 89' lang='lat' dir='ltr'><strong>quod</strong></span> <span class='ocrx_word' id='word_1_399' title='bbox 1593 3139 1729 3206; x_wconf 90' lang='lat' dir='ltr'><strong>ipse,</strong></span> <span class='ocrx_word' id='word_1_400' title='bbox 1753 3139 1865 3206; x_wconf 83' lang='lat' dir='ltr'><strong>jns-</strong></span> <span class='ocrx_word' id='word_1_401' title='bbox 1899 3163 1940 3222; x_wconf 70' lang='grc' dir='ltr'>ο</span> <span class='ocrx_word' id='word_1_402' title='bbox 1975 3151 2097 3189; x_wconf 90' lang='lat' dir='ltr'><strong>cum</strong></span> <span class='ocrx_word' id='word_1_403' title='bbox 2131 3135 2473 3204; x_wconf 86' lang='lat' dir='ltr'><strong>lampadibus</strong></span> <span class='ocrx_word' id='word_1_404' title='bbox 2492 3139 2750 3222; x_wconf 74' lang='lat' dir='ltr'><strong>accensis</strong></span> <span class='ocrx_word' id='word_1_405' title='bbox 2781 3139 3126 3201; x_wconf 86' lang='lat' dir='ltr'><strong>accurreltat,</strong></span> <span class='ocrx_word' id='word_1_406' title='bbox 3157 3147 3320 3204; x_wconf 82' lang='lat' dir='ltr'><strong>atque</strong></span> <span class='ocrx_word' id='word_1_407' title='bbox 3353 3138 3426 3190; x_wconf 90' lang='lat' dir='ltr'><strong>ita</strong></span> <span class='ocrx_word' id='word_1_408' title='bbox 3467 3135 3551 3190; x_wconf 86' lang='lat' dir='ltr'><strong>fa-</strong></span> 
     </span>
    </p>
   </div>
   <div class='ocr_carea' id='block_1_58' title="bbox 293 3230 1866 3298">
    <p class='ocr_par' dir='ltr' id='par_1_58' title="bbox 293 3230 1866 3298">
     <span class='ocr_line' id='line_1_58' title="bbox 293 3230 1866 3298; baseline 0 -14"><span class='ocrx_word' id='word_1_409' title='bbox 293 3231 430 3284; x_wconf 70' lang='lat' dir='ltr'><strong>titize</strong></span> <span class='ocrx_word' id='word_1_410' title='bbox 465 3246 574 3284; x_wconf 74' lang='lat' dir='ltr'><strong>sua:</strong></span> <span class='ocrx_word' id='word_1_411' title='bbox 609 3245 794 3292; x_wconf 83' lang='lat' dir='ltr'><strong>causa,</strong></span> <span class='ocrx_word' id='word_1_412' title='bbox 826 3241 986 3286; x_wconf 90' lang='lat' dir='ltr'><strong>antea</strong></span> <span class='ocrx_word' id='word_1_413' title='bbox 1029 3230 1094 3282; x_wconf 90' lang='lat' dir='ltr'><strong>ad</strong></span> <span class='ocrx_word' id='word_1_414' title='bbox 1126 3231 1296 3284; x_wconf 86' lang='lat' dir='ltr'><strong>Deum</strong></span> <span class='ocrx_word' id='word_1_415' title='bbox 1331 3230 1671 3298; x_wconf 88' lang='lat' dir='ltr'><strong>colligendus</strong></span> <span class='ocrx_word' id='word_1_416' title='bbox 1697 3241 1866 3294; x_wconf 89' lang='lat' dir='ltr'><strong>esset,</strong></span> 
     </span>
    </p>
   </div>
   <div class='ocr_carea' id='block_1_59' title="bbox 290 3319 1869 3391">
    <p class='ocr_par' dir='ltr' id='par_1_59' title="bbox 290 3319 1869 3391">
     <span class='ocr_line' id='line_1_59' title="bbox 290 3319 1869 3391; baseline 0.001 -19"><span class='ocrx_word' id='word_1_417' title='bbox 290 3339 453 3390; x_wconf 85' lang='lat' dir='ltr'><strong>quant</strong></span> <span class='ocrx_word' id='word_1_418' title='bbox 489 3325 671 3376; x_wconf 79' lang='lat' dir='ltr'><strong>hostes</strong></span> <span class='ocrx_word' id='word_1_419' title='bbox 703 3322 890 3374; x_wconf 90' lang='lat' dir='ltr'><strong>urbem</strong></span> <span class='ocrx_word' id='word_1_420' title='bbox 945 3321 1301 3375; x_wconf 82' lang='lat' dir='ltr'><strong>invaderent:</strong></span> <span class='ocrx_word' id='word_1_421' title='bbox 1355 3336 1476 3391; x_wconf 71' lang='lat' dir='ltr'><strong>qua:</strong></span> <span class='ocrx_word' id='word_1_422' title='bbox 1517 3321 1698 3374; x_wconf 83' lang='lat' dir='ltr'><strong>omnia</strong></span> <span class='ocrx_word' id='word_1_423' title='bbox 1753 3319 1869 3390; x_wconf 89' lang='lat' dir='ltr'><strong>ipse</strong></span> 
     </span>
    </p>
   </div>
   <div class='ocr_carea' id='block_1_60' title="bbox 289 3411 1865 3482">
    <p class='ocr_par' dir='ltr' id='par_1_60' title="bbox 289 3411 1865 3482">
     <span class='ocr_line' id='line_1_60' title="bbox 289 3411 1865 3482; baseline -0.002 -13"><span class='ocrx_word' id='word_1_424' title='bbox 289 3417 548 3470; x_wconf 83' lang='lat' dir='ltr'><strong>universo</strong></span> <span class='ocrx_word' id='word_1_425' title='bbox 581 3415 816 3467; x_wconf 84' lang='lat' dir='ltr'><strong>civitatis</strong></span> <span class='ocrx_word' id='word_1_426' title='bbox 857 3412 1051 3482; x_wconf 90' lang='lat' dir='ltr'><strong>populo</strong></span> <span class='ocrx_word' id='word_1_427' title='bbox 1083 3411 1362 3477; x_wconf 84' lang='lat' dir='ltr'><strong>revelavit,</strong></span> <span class='ocrx_word' id='word_1_428' title='bbox 1399 3422 1459 3466; x_wconf 89' lang='lat' dir='ltr'><strong>ut</strong></span> <span class='ocrx_word' id='word_1_429' title='bbox 1492 3411 1865 3480; x_wconf 70' lang='lat' dir='ltr'><strong>pmnitentiam</strong></span> 
     </span>
    </p>
   </div>
   <div class='ocr_carea' id='block_1_61' title="bbox 290 3503 1558 3574">
    <p class='ocr_par' dir='ltr' id='par_1_61' title="bbox 290 3503 1558 3574">
     <span class='ocr_line' id='line_1_61' title="bbox 290 3503 1558 3574; baseline 0 -16"><span class='ocrx_word' id='word_1_430' title='bbox 290 3513 545 3574; x_wconf 66' lang='lat' dir='ltr'><strong>agerent,</strong></span> <span class='ocrx_word' id='word_1_431' title='bbox 573 3515 626 3558; x_wconf 91' lang='lat' dir='ltr'><strong>et</strong></span> <span class='ocrx_word' id='word_1_432' title='bbox 653 3504 1025 3557; x_wconf 87' lang='lat' dir='ltr'><strong>imminentem</strong></span> <span class='ocrx_word' id='word_1_433' title='bbox 1055 3517 1268 3570; x_wconf 68' lang='lat' dir='ltr'><strong>poenam</strong></span> <span class='ocrx_word' id='word_1_434' title='bbox 1305 3503 1558 3558; x_wconf 82' lang='lat' dir='ltr'><strong>titarettt.</strong></span> 
     </span>
    </p>
   </div>
   <div class='ocr_carea' id='block_1_62' title="bbox 363 3595 1867 3664">
    <p class='ocr_par' dir='ltr' id='par_1_62' title="bbox 363 3595 1867 3664">
     <span class='ocr_line' id='line_1_62' title="bbox 363 3595 1867 3664; baseline -0.001 -12"><span class='ocrx_word' id='word_1_435' title='bbox 363 3596 480 3652; x_wconf 66' lang='lat' dir='ltr'><strong>iam</strong></span> <span class='ocrx_word' id='word_1_436' title='bbox 515 3611 642 3650; x_wconf 89' lang='lat' dir='ltr'><strong>vero</strong></span> <span class='ocrx_word' id='word_1_437' title='bbox 675 3596 854 3650; x_wconf 86' lang='lat' dir='ltr'><strong>victus</strong></span> <span class='ocrx_word' id='word_1_438' title='bbox 885 3608 1007 3648; x_wconf 90' lang='lat' dir='ltr'><strong>cum</strong></span> <span class='ocrx_word' id='word_1_439' title='bbox 1045 3609 1142 3650; x_wconf 88' lang='lat' dir='ltr'><strong>suo</strong></span> <span class='ocrx_word' id='word_1_440' title='bbox 1172 3595 1415 3650; x_wconf 86' lang='lat' dir='ltr'><strong>exercitu</strong></span> <span class='ocrx_word' id='word_1_441' title='bbox 1465 3601 1588 3662; x_wconf 89' lang='lat' dir='ltr'><strong>post</strong></span> <span class='ocrx_word' id='word_1_442' title='bbox 1637 3595 1867 3664; x_wconf 89' lang='lat' dir='ltr'><strong>repetita</strong></span> 
     </span>
    </p>
   </div>
   <div class='ocr_carea' id='block_1_63' title="bbox 288 3683 1864 3751">
    <p class='ocr_par' dir='ltr' id='par_1_63' title="bbox 288 3683 1864 3751">
     <span class='ocr_line' id='line_1_63' title="bbox 288 3683 1864 3751; baseline -0.002 -10"><span class='ocrx_word' id='word_1_443' title='bbox 288 3688 554 3742; x_wconf 87' lang='lat' dir='ltr'><strong>adversus</strong></span> <span class='ocrx_word' id='word_1_444' title='bbox 583 3687 769 3740; x_wconf 86' lang='lat' dir='ltr'><strong>urbem</strong></span> <span class='ocrx_word' id='word_1_445' title='bbox 803 3685 1097 3740; x_wconf 87' lang='lat' dir='ltr'><strong>certamina</strong></span> <span class='ocrx_word' id='word_1_446' title='bbox 1135 3683 1398 3748; x_wconf 86' lang='lat' dir='ltr'><strong>Cavades,</strong></span> <span class='ocrx_word' id='word_1_447' title='bbox 1420 3683 1710 3751; x_wconf 89' lang='lat' dir='ltr'><strong>multisque</strong></span> <span class='ocrx_word' id='word_1_448' title='bbox 1735 3699 1864 3738; x_wconf 89' lang='lat' dir='ltr'><strong>suo-</strong></span> 
     </span>
    </p>
   </div>
   <div class='ocr_carea' id='block_1_64' title="bbox 290 3776 1864 3846">
    <p class='ocr_par' dir='ltr' id='par_1_64' title="bbox 290 3776 1864 3846">
     <span class='ocr_line' id='line_1_64' title="bbox 290 3776 1864 3846; baseline -0.001 -12"><span class='ocrx_word' id='word_1_449' title='bbox 290 3795 414 3834; x_wconf 82' lang='lat' dir='ltr'><strong>rum</strong></span> <span class='ocrx_word' id='word_1_450' title='bbox 468 3781 684 3835; x_wconf 86' lang='lat' dir='ltr'><strong>amissis</strong></span> <span class='ocrx_word' id='word_1_451' title='bbox 715 3819 729 3843; x_wconf 89' lang='lat'><strong>,</strong></span> <span class='ocrx_word' id='word_1_452' title='bbox 762 3780 944 3833; x_wconf 87' lang='lat' dir='ltr'><strong>animo</strong></span> <span class='ocrx_word' id='word_1_453' title='bbox 983 3776 1190 3830; x_wconf 85' lang='lat' dir='ltr'><strong>fractus</strong></span> <span class='ocrx_word' id='word_1_454' title='bbox 1244 3777 1401 3846; x_wconf 89' lang='lat' dir='ltr'><strong>petiit</strong></span> <span class='ocrx_word' id='word_1_455' title='bbox 1437 3786 1494 3829; x_wconf 89' lang='lat' dir='ltr'><strong>ut</strong></span> <span class='ocrx_word' id='word_1_456' title='bbox 1529 3777 1633 3831; x_wconf 84' lang='lat' dir='ltr'><strong>sibi</strong></span> <span class='ocrx_word' id='word_1_457' title='bbox 1685 3779 1864 3832; x_wconf 90' lang='lat' dir='ltr'><strong>tenuis</strong></span> 
     </span>
    </p>
   </div>
   <div class='ocr_carea' id='block_1_65' title="bbox 289 3869 1866 3942">
    <p class='ocr_par' dir='ltr' id='par_1_65' title="bbox 289 3869 1866 3942">
     <span class='ocr_line' id='line_1_65' title="bbox 289 3869 1866 3942; baseline -0.004 -14"><span class='ocrx_word' id='word_1_458' title='bbox 289 3873 500 3942; x_wconf 79' lang='lat' dir='ltr'><strong>argenti</strong></span> <span class='ocrx_word' id='word_1_459' title='bbox 531 3887 740 3934; x_wconf 65' lang='lat' dir='ltr'><strong>snntjna</strong></span> <span class='ocrx_word' id='word_1_460' title='bbox 771 3871 1196 3939; x_wconf 86' lang='lat' dir='ltr'><strong>appenderetur,</strong></span> <span class='ocrx_word' id='word_1_461' title='bbox 1231 3882 1338 3938; x_wconf 88' lang='lat' dir='ltr'><strong>qua</strong></span> <span class='ocrx_word' id='word_1_462' title='bbox 1381 3876 1626 3938; x_wconf 86' lang='lat' dir='ltr'><strong>accepta,</strong></span> <span class='ocrx_word' id='word_1_463' title='bbox 1661 3869 1729 3924; x_wconf 87' lang='lat' dir='ltr'><strong>ab</strong></span> <span class='ocrx_word' id='word_1_464' title='bbox 1773 3883 1866 3921; x_wconf 84' lang='lat' dir='ltr'><strong>ur-</strong></span> 
     </span>
    </p>
   </div>
   <div class='ocr_carea' id='block_1_66' title="bbox 291 3959 1864 4020">
    <p class='ocr_par' dir='ltr' id='par_1_66' title="bbox 291 3959 1864 4020">
     <span class='ocr_line' id='line_1_66' title="bbox 291 3959 1864 4020; baseline -0.005 0"><span class='ocrx_word' id='word_1_465' title='bbox 291 3967 376 4020; x_wconf 86' lang='lat' dir='ltr'><strong>bis</strong></span> <span class='ocrx_word' id='word_1_466' title='bbox 401 3965 686 4019; x_wconf 85' lang='lat' dir='ltr'><strong>obsidione</strong></span> <span class='ocrx_word' id='word_1_467' title='bbox 738 3964 1060 4017; x_wconf 70' lang='lat' dir='ltr'><strong>discederet.</strong></span> <span class='ocrx_word' id='word_1_468' title='bbox 1157 3961 1356 4014; x_wconf 85' lang='lat' dir='ltr'><strong>Verutn</strong></span> <span class='ocrx_word' id='word_1_469' title='bbox 1416 3961 1676 4016; x_wconf 85' lang='lat' dir='ltr'><strong>Leontius</strong></span> <span class='ocrx_word' id='word_1_470' title='bbox 1733 3959 1864 4012; x_wconf 88' lang='lat' dir='ltr'><strong>Bar-</strong></span> 
     </span>
    </p>
   </div>
   <div class='ocr_carea' id='block_1_67' title="bbox 291 4051 1864 4125">
    <p class='ocr_par' dir='ltr' id='par_1_67' title="bbox 291 4051 1864 4125">
     <span class='ocr_line' id='line_1_67' title="bbox 291 4051 1864 4125; baseline -0.004 -16"><span class='ocrx_word' id='word_1_471' title='bbox 291 4055 487 4125; x_wconf 79' lang='lat' dir='ltr'><strong>Paphi,</strong></span> <span class='ocrx_word' id='word_1_472' title='bbox 519 4055 818 4108; x_wconf 85' lang='lat' dir='ltr'><strong>nobilitatis</strong></span> <span class='ocrx_word' id='word_1_473' title='bbox 855 4055 1131 4122; x_wconf 82' lang='lat' dir='ltr'><strong>princeps,</strong></span> <span class='ocrx_word' id='word_1_474' title='bbox 1155 4062 1209 4106; x_wconf 93' lang='lat' dir='ltr'><strong>ct</strong></span> <span class='ocrx_word' id='word_1_475' title='bbox 1245 4051 1418 4122; x_wconf 87' lang='lat' dir='ltr'><strong>Cyrus</strong></span> <span class='ocrx_word' id='word_1_476' title='bbox 1469 4053 1776 4120; x_wconf 63' lang='lat' dir='ltr'><strong>prtefectus,</strong></span> <span class='ocrx_word' id='word_1_477' title='bbox 1811 4059 1864 4104; x_wconf 91' lang='lat' dir='ltr'><strong>et</strong></span> 
     </span>
    </p>
   </div>
   <div class='ocr_carea' id='block_1_68' title="bbox 291 4141 1862 4213">
    <p class='ocr_par' dir='ltr' id='par_1_68' title="bbox 291 4141 1862 4213">
     <span class='ocr_line' id='line_1_68' title="bbox 291 4141 1862 4213; baseline -0.003 -14"><span class='ocrx_word' id='word_1_478' title='bbox 291 4145 488 4200; x_wconf 81' lang='lat' dir='ltr'><strong>Paulus</strong></span> <span class='ocrx_word' id='word_1_479' title='bbox 509 4161 848 4210; x_wconf 77' lang='lat' dir='ltr'><strong>(Bt10IIOmlls,</strong></span> <span class='ocrx_word' id='word_1_480' title='bbox 878 4145 1077 4200; x_wconf 81' lang='lat' dir='ltr'><strong>Cavadi</strong></span> <span class='ocrx_word' id='word_1_481' title='bbox 1133 4145 1532 4213; x_wconf 87' lang='lat' dir='ltr'><strong>responderunt</strong></span> <span class='ocrx_word' id='word_1_482' title='bbox 1590 4141 1726 4196; x_wconf 88' lang='lat' dir='ltr'><strong>velle</strong></span> <span class='ocrx_word' id='word_1_483' title='bbox 1781 4156 1862 4207; x_wconf 88' lang='lat' dir='ltr'><strong>se,</strong></span> 
     </span>
    </p>
   </div>
   <div class='ocr_carea' id='block_1_69' title="bbox 289 4233 1862 4306">
    <p class='ocr_par' dir='ltr' id='par_1_69' title="bbox 289 4233 1862 4306">
     <span class='ocr_line' id='line_1_69' title="bbox 289 4233 1862 4306; baseline -0.004 -15"><span class='ocrx_word' id='word_1_484' title='bbox 289 4250 348 4291; x_wconf 90' lang='lat' dir='ltr'><strong>ttt</strong></span> <span class='ocrx_word' id='word_1_485' title='bbox 374 4238 485 4306; x_wconf 86' lang='lat' dir='ltr'><strong>ipse</strong></span> <span class='ocrx_word' id='word_1_486' title='bbox 518 4239 694 4305; x_wconf 87' lang='lat' dir='ltr'><strong>potius</strong></span> <span class='ocrx_word' id='word_1_487' title='bbox 719 4237 918 4304; x_wconf 81' lang='lat' dir='ltr'><strong>segetis</strong></span> <span class='ocrx_word' id='word_1_488' title='bbox 949 4236 1124 4289; x_wconf 89' lang='lat' dir='ltr'><strong>omnis</strong></span> <span class='ocrx_word' id='word_1_489' title='bbox 1155 4237 1382 4304; x_wconf 86' lang='lat' dir='ltr'><strong>pretium</strong></span> <span class='ocrx_word' id='word_1_490' title='bbox 1413 4233 1671 4297; x_wconf 87' lang='lat' dir='ltr'><strong>solveret,</strong></span> <span class='ocrx_word' id='word_1_491' title='bbox 1699 4247 1862 4302; x_wconf 90' lang='lat' dir='ltr'><strong>quam</strong></span> 
     </span>
    </p>
   </div>
   <div class='ocr_carea' id='block_1_70' title="bbox 284 4319 1862 4392">
    <p class='ocr_par' dir='ltr' id='par_1_70' title="bbox 284 4319 1862 4392">
     <span class='ocr_line' id='line_1_70' title="bbox 284 4319 1862 4392; baseline -0.003 -12"><span class='ocrx_word' id='word_1_492' title='bbox 284 4327 406 4392; x_wconf 87' lang='lat' dir='ltr'><strong>ejus</strong></span> <span class='ocrx_word' id='word_1_493' title='bbox 459 4327 736 4380; x_wconf 85' lang='lat' dir='ltr'><strong>exercitus</strong></span> <span class='ocrx_word' id='word_1_494' title='bbox 799 4335 1229 4392; x_wconf 83' lang='lat' dir='ltr'><strong>consumpserat,</strong></span> <span class='ocrx_word' id='word_1_495' title='bbox 1279 4332 1650 4392; x_wconf 68' lang='lat' dir='ltr'><strong>prietereaque</strong></span> <span class='ocrx_word' id='word_1_496' title='bbox 1699 4319 1862 4384; x_wconf 83' lang='lat' dir='ltr'><strong>tritici</strong></span> 
     </span>
    </p>
   </div>
   <div class='ocr_carea' id='block_1_71' title="bbox 284 4417 1859 4488">
    <p class='ocr_par' dir='ltr' id='par_1_71' title="bbox 284 4417 1859 4488">
     <span class='ocr_line' id='line_1_71' title="bbox 284 4417 1859 4488; baseline -0.003 -15"><span class='ocrx_word' id='word_1_497' title='bbox 284 4437 352 4474; x_wconf 89' lang='lat' dir='ltr'><strong>ac</strong></span> <span class='ocrx_word' id='word_1_498' title='bbox 379 4420 510 4484; x_wconf 89' lang='lat' dir='ltr'><strong>vini,</strong></span> <span class='ocrx_word' id='word_1_499' title='bbox 541 4419 682 4488; x_wconf 91' lang='lat' dir='ltr'><strong>quod</strong></span> <span class='ocrx_word' id='word_1_500' title='bbox 707 4435 738 4474; x_wconf 90' lang='lat' dir='ltr'><strong>e</strong></span> <span class='ocrx_word' id='word_1_501' title='bbox 783 4419 934 4486; x_wconf 88' lang='lat' dir='ltr'><strong>pagis</strong></span> <span class='ocrx_word' id='word_1_502' title='bbox 980 4417 1048 4472; x_wconf 89' lang='lat' dir='ltr'><strong>ad</strong></span> <span class='ocrx_word' id='word_1_503' title='bbox 1083 4433 1143 4472; x_wconf 87' lang='lat' dir='ltr'><strong>se</strong></span> <span class='ocrx_word' id='word_1_504' title='bbox 1196 4417 1498 4472; x_wconf 84' lang='lat' dir='ltr'><strong>vehendum</strong></span> <span class='ocrx_word' id='word_1_505' title='bbox 1549 4423 1859 4470; x_wconf 86' lang='lat' dir='ltr'><strong>curaverat.</strong></span> 
     </span>
    </p>
   </div>
   <div class='ocr_carea' id='block_1_72' title="bbox 285 4509 1862 4579">
    <p class='ocr_par' dir='ltr' id='par_1_72' title="bbox 285 4509 1862 4579">
     <span class='ocr_line' id='line_1_72' title="bbox 285 4509 1862 4579; baseline -0.002 -15"><span class='ocrx_word' id='word_1_506' title='bbox 285 4512 424 4566; x_wconf 78' lang='lat' dir='ltr'><strong>Dum</strong></span> <span class='ocrx_word' id='word_1_507' title='bbox 454 4525 586 4579; x_wconf 85' lang='lat' dir='ltr'><strong>ergo</strong></span> <span class='ocrx_word' id='word_1_508' title='bbox 623 4509 705 4564; x_wconf 88' lang='lat' dir='ltr'><strong>his</strong></span> <span class='ocrx_word' id='word_1_509' title='bbox 738 4509 990 4564; x_wconf 88' lang='lat' dir='ltr'><strong>omnibus</strong></span> <span class='ocrx_word' id='word_1_510' title='bbox 1021 4509 1288 4578; x_wconf 85' lang='lat' dir='ltr'><strong>angustiis</strong></span> <span class='ocrx_word' id='word_1_511' title='bbox 1339 4523 1557 4578; x_wconf 87' lang='lat' dir='ltr'><strong>pressus</strong></span> <span class='ocrx_word' id='word_1_512' title='bbox 1611 4522 1678 4562; x_wconf 90' lang='lat' dir='ltr'><strong>ac</strong></span> <span class='ocrx_word' id='word_1_513' title='bbox 1736 4521 1862 4576; x_wconf 82' lang='lat' dir='ltr'><strong>per-</strong></span> 
     </span>
    </p>
   </div>
   <div class='ocr_carea' id='block_1_73' title="bbox 285 4583 1862 4671">
    <p class='ocr_par' dir='ltr' id='par_1_73' title="bbox 285 4583 1862 4671">
     <span class='ocr_line' id='line_1_73' title="bbox 285 4583 1862 4671; baseline -0.003 -15"><span class='ocrx_word' id='word_1_514' title='bbox 285 4603 538 4657; x_wconf 83' lang='lat' dir='ltr'><strong>turbatus</strong></span> <span class='ocrx_word' id='word_1_515' title='bbox 570 4602 870 4671; x_wconf 85' lang='lat' dir='ltr'><strong>discessum</strong></span> <span class='ocrx_word' id='word_1_516' title='bbox 899 4583 1011 4656; x_wconf 56' lang='lat' dir='ltr'><strong>&#39;rex</strong></span> <span class='ocrx_word' id='word_1_517' title='bbox 1062 4602 1372 4664; x_wconf 85' lang='lat' dir='ltr'><strong>moliretur,</strong></span> <span class='ocrx_word' id='word_1_518' title='bbox 1399 4599 1656 4655; x_wconf 86' lang='lat' dir='ltr'><strong>Christus</strong></span> <span class='ocrx_word' id='word_1_519' title='bbox 1681 4597 1730 4653; x_wconf 92' lang='lat' dir='ltr'><strong>ei</strong></span> <span class='ocrx_word' id='word_1_520' title='bbox 1765 4612 1862 4666; x_wconf 88' lang='lat' dir='ltr'><strong>per</strong></span> 
     </span>
    </p>
   </div>
   <div class='ocr_carea' id='block_1_74' title="bbox 284 4693 1861 4764">
    <p class='ocr_par' dir='ltr' id='par_1_74' title="bbox 284 4693 1861 4764">
     <span class='ocr_line' id='line_1_74' title="bbox 284 4693 1861 4764; baseline -0.001 -17"><span class='ocrx_word' id='word_1_521' title='bbox 284 4695 462 4748; x_wconf 82' lang='lat' dir='ltr'><strong>visum</strong></span> <span class='ocrx_word' id='word_1_522' title='bbox 495 4703 817 4748; x_wconf 87' lang='lat' dir='ltr'><strong>nocturnum</strong></span> <span class='ocrx_word' id='word_1_523' title='bbox 845 4695 1098 4762; x_wconf 86' lang='lat' dir='ltr'><strong>apparuit</strong></span> <span class='ocrx_word' id='word_1_524' title='bbox 1131 4693 1216 4764; x_wconf 87' lang='lat' dir='ltr'><strong>(ut</strong></span> <span class='ocrx_word' id='word_1_525' title='bbox 1246 4693 1386 4747; x_wconf 86' lang='lat' dir='ltr'><strong>idem</strong></span> <span class='ocrx_word' id='word_1_526' title='bbox 1430 4703 1619 4762; x_wconf 86' lang='lat' dir='ltr'><strong>postea</strong></span> <span class='ocrx_word' id='word_1_527' title='bbox 1665 4706 1861 4746; x_wconf 89' lang='lat' dir='ltr'><strong>narra-</strong></span> 
     </span>
    </p>
   </div>
   <div class='ocr_carea' id='block_1_75' title="bbox 283 4783 1863 4855">
    <p class='ocr_par' dir='ltr' id='par_1_75' title="bbox 283 4783 1863 4855">
     <span class='ocr_line' id='line_1_75' title="bbox 283 4783 1863 4855; baseline 0 -18"><span class='ocrx_word' id='word_1_528' title='bbox 283 4783 390 4855; x_wconf 84' lang='lat' dir='ltr'><strong>vit)</strong></span> <span class='ocrx_word' id='word_1_529' title='bbox 417 4787 739 4854; x_wconf 80' lang='lat' dir='ltr'><strong>promittens</strong></span> <span class='ocrx_word' id='word_1_530' title='bbox 757 4801 817 4840; x_wconf 87' lang='lat' dir='ltr'><strong>se</strong></span> <span class='ocrx_word' id='word_1_531' title='bbox 843 4785 987 4840; x_wconf 87' lang='lat' dir='ltr'><strong>intra</strong></span> <span class='ocrx_word' id='word_1_532' title='bbox 1023 4785 1264 4838; x_wconf 88' lang='lat' dir='ltr'><strong>triduum</strong></span> <span class='ocrx_word' id='word_1_533' title='bbox 1298 4786 1488 4839; x_wconf 87' lang='lat' dir='ltr'><strong>urbem</strong></span> <span class='ocrx_word' id='word_1_534' title='bbox 1515 4785 1566 4838; x_wconf 90' lang='lat' dir='ltr'><strong>ei</strong></span> <span class='ocrx_word' id='word_1_535' title='bbox 1624 4798 1746 4838; x_wconf 90' lang='lat' dir='ltr'><strong>cum</strong></span> <span class='ocrx_word' id='word_1_536' title='bbox 1777 4785 1863 4840; x_wconf 88' lang='lat' dir='ltr'><strong>ci-</strong></span> 
     </span>
    </p>
   </div>
   <div class='ocr_carea' id='block_1_76' title="bbox 284 4875 1862 4946">
    <p class='ocr_par' dir='ltr' id='par_1_76' title="bbox 284 4875 1862 4946">
     <span class='ocr_line' id='line_1_76' title="bbox 284 4875 1862 4946; baseline -0.001 -14"><span class='ocrx_word' id='word_1_537' title='bbox 284 4875 448 4932; x_wconf 68' lang='lat' dir='ltr'><strong>vibus</strong></span> <span class='ocrx_word' id='word_1_538' title='bbox 481 4878 824 4941; x_wconf 88' lang='lat' dir='ltr'><strong>traditurum,</strong></span> <span class='ocrx_word' id='word_1_539' title='bbox 849 4877 940 4946; x_wconf 87' lang='lat' dir='ltr'><strong>qui</strong></span> <span class='ocrx_word' id='word_1_540' title='bbox 990 4877 1194 4932; x_wconf 84' lang='lat' dir='ltr'><strong>scelera</strong></span> <span class='ocrx_word' id='word_1_541' title='bbox 1247 4877 1508 4932; x_wconf 84' lang='lat' dir='ltr'><strong>adversus</strong></span> <span class='ocrx_word' id='word_1_542' title='bbox 1550 4889 1610 4930; x_wconf 84' lang='lat' dir='ltr'><strong>se</strong></span> <span class='ocrx_word' id='word_1_543' title='bbox 1636 4876 1862 4931; x_wconf 83' lang='lat' dir='ltr'><strong>commi-</strong></span> 
     </span>
    </p>
   </div>
   <div class='ocr_carea' id='block_1_77' title="bbox 281 4964 1862 5036">
    <p class='ocr_par' dir='ltr' id='par_1_77' title="bbox 281 4964 1862 5036">
     <span class='ocr_line' id='line_1_77' title="bbox 281 4964 1862 5036; baseline 0.001 -18"><span class='ocrx_word' id='word_1_544' title='bbox 281 4972 490 5018; x_wconf 85' lang='lat' dir='ltr'><strong>serant.</strong></span> <span class='ocrx_word' id='word_1_545' title='bbox 561 4964 670 5021; x_wconf 79' lang='lat' dir='ltr'><strong>Res</strong></span> <span class='ocrx_word' id='word_1_546' title='bbox 691 4976 872 5020; x_wconf 88' lang='lat' dir='ltr'><strong>autem</strong></span> <span class='ocrx_word' id='word_1_547' title='bbox 903 4969 1080 5021; x_wconf 63' lang='lat' dir='ltr'><strong>iubae</strong></span> <span class='ocrx_word' id='word_1_548' title='bbox 1109 4965 1276 5022; x_wconf 83' lang='lat' dir='ltr'><strong>modo</strong></span> <span class='ocrx_word' id='word_1_549' title='bbox 1305 4975 1522 5036; x_wconf 85' lang='lat' dir='ltr'><strong>peracta</strong></span> <span class='ocrx_word' id='word_1_550' title='bbox 1555 4977 1660 5022; x_wconf 86' lang='lat' dir='ltr'><strong>est.</strong></span> <span class='ocrx_word' id='word_1_551' title='bbox 1719 4965 1862 5020; x_wconf 89' lang='lat' dir='ltr'><strong>Tur-</strong></span> 
     </span>
    </p>
   </div>
   <div class='ocr_carea' id='block_1_78' title="bbox 284 5057 1861 5129">
    <p class='ocr_par' dir='ltr' id='par_1_78' title="bbox 284 5057 1861 5129">
     <span class='ocr_line' id='line_1_78' title="bbox 284 5057 1861 5129; baseline 0.001 -19"><span class='ocrx_word' id='word_1_552' title='bbox 284 5057 362 5110; x_wconf 89' lang='lat' dir='ltr'><strong>tis</strong></span> <span class='ocrx_word' id='word_1_553' title='bbox 391 5059 720 5126; x_wconf 69' lang='lat' dir='ltr'><strong>quaedamin</strong></span> <span class='ocrx_word' id='word_1_554' title='bbox 777 5068 933 5129; x_wconf 85' lang='lat' dir='ltr'><strong>parte</strong></span> <span class='ocrx_word' id='word_1_555' title='bbox 978 5061 1129 5115; x_wconf 89' lang='lat' dir='ltr'><strong>ttrhis</strong></span> <span class='ocrx_word' id='word_1_556' title='bbox 1187 5060 1516 5114; x_wconf 89' lang='lat' dir='ltr'><strong>occidentali</strong></span> <span class='ocrx_word' id='word_1_557' title='bbox 1571 5060 1861 5114; x_wconf 89' lang='lat' dir='ltr'><strong>commissa</strong></span> 
     </span>
    </p>
   </div>
   <div class='ocr_carea' id='block_1_79' title="bbox 282 5149 1862 5220">
    <p class='ocr_par' dir='ltr' id='par_1_79' title="bbox 282 5149 1862 5220">
     <span class='ocr_line' id='line_1_79' title="bbox 282 5149 1862 5220; baseline 0.001 -19"><span class='ocrx_word' id='word_1_558' title='bbox 282 5149 463 5202; x_wconf 83' lang='lat' dir='ltr'><strong>fuerat</strong></span> <span class='ocrx_word' id='word_1_559' title='bbox 515 5151 778 5204; x_wconf 78' lang='lat' dir='ltr'><strong>custodia:</strong></span> <span class='ocrx_word' id='word_1_560' title='bbox 841 5151 1232 5206; x_wconf 87' lang='lat' dir='ltr'><strong>monachorum</strong></span> <span class='ocrx_word' id='word_1_561' title='bbox 1297 5151 1393 5220; x_wconf 87' lang='lat' dir='ltr'><strong>qni</strong></span> <span class='ocrx_word' id='word_1_562' title='bbox 1470 5151 1862 5205; x_wconf 89' lang='lat' dir='ltr'><strong>monasterium</strong></span> 
     </span>
    </p>
   </div>
   <div class='ocr_carea' id='block_1_80' title="bbox 279 5224 1860 5312">
    <p class='ocr_par' dir='ltr' id='par_1_80' title="bbox 279 5224 1860 5312">
     <span class='ocr_line' id='line_1_80' title="bbox 279 5224 1860 5312; baseline 0.001 -19"><span class='ocrx_word' id='word_1_563' title='bbox 279 5238 509 5293; x_wconf 83' lang='lat' dir='ltr'><strong>Joannis</strong></span> <span class='ocrx_word' id='word_1_564' title='bbox 537 5241 676 5296; x_wconf 89' lang='lat' dir='ltr'><strong>lberi</strong></span> <span class='ocrx_word' id='word_1_565' title='bbox 710 5224 1038 5307; x_wconf 85' lang='lat' dir='ltr'><strong>incolebant,</strong></span> <span class='ocrx_word' id='word_1_566' title='bbox 1061 5258 1290 5312; x_wconf 89' lang='lat' dir='ltr'><strong>quorum</strong></span> <span class='ocrx_word' id='word_1_567' title='bbox 1316 5243 1484 5297; x_wconf 86' lang='lat' dir='ltr'><strong>abbas</strong></span> <span class='ocrx_word' id='word_1_568' title='bbox 1509 5252 1671 5310; x_wconf 89' lang='lat' dir='ltr'><strong>gente</strong></span> <span class='ocrx_word' id='word_1_569' title='bbox 1692 5239 1860 5295; x_wconf 89' lang='lat' dir='ltr'><strong>Persa</strong></span> 
     </span>
    </p>
   </div>
   <div class='ocr_carea' id='block_1_81' title="bbox 279 5331 1861 5404">
    <p class='ocr_par' dir='ltr' id='par_1_81' title="bbox 279 5331 1861 5404">
     <span class='ocr_line' id='line_1_81' title="bbox 279 5331 1861 5404; baseline 0.002 -20"><span class='ocrx_word' id='word_1_570' title='bbox 279 5341 422 5386; x_wconf 87' lang='lat' dir='ltr'><strong>erat.</strong></span> <span class='ocrx_word' id='word_1_571' title='bbox 491 5331 535 5384; x_wconf 72' lang='lat' dir='ltr'><strong>ts</strong></span> <span class='ocrx_word' id='word_1_572' title='bbox 569 5333 792 5401; x_wconf 84' lang='lat' dir='ltr'><strong>regione</strong></span> <span class='ocrx_word' id='word_1_573' title='bbox 837 5334 1007 5388; x_wconf 90' lang='lat' dir='ltr'><strong>turris</strong></span> <span class='ocrx_word' id='word_1_574' title='bbox 1069 5334 1226 5403; x_wconf 82' lang='lat' dir='ltr'><strong>lmjns</strong></span> <span class='ocrx_word' id='word_1_575' title='bbox 1270 5333 1523 5404; x_wconf 88' lang='lat' dir='ltr'><strong>vigilibus</strong></span> <span class='ocrx_word' id='word_1_576' title='bbox 1579 5334 1861 5387; x_wconf 87' lang='lat' dir='ltr'><strong>monachis</strong></span> 
     </span>
    </p>
   </div>
   <div class='ocr_carea' id='block_1_82' title="bbox 279 5423 1862 5494">
    <p class='ocr_par' dir='ltr' id='par_1_82' title="bbox 279 5423 1862 5494">
     <span class='ocr_line' id='line_1_82' title="bbox 279 5423 1862 5494; baseline 0.001 -18"><span class='ocrx_word' id='word_1_577' title='bbox 279 5423 526 5484; x_wconf 68' lang='lat' dir='ltr'><strong>creditte,</strong></span> <span class='ocrx_word' id='word_1_578' title='bbox 583 5433 764 5477; x_wconf 87' lang='lat' dir='ltr'><strong>castra</strong></span> <span class='ocrx_word' id='word_1_579' title='bbox 818 5435 1075 5492; x_wconf 79' lang='lat' dir='ltr'><strong>posuerat</strong></span> <span class='ocrx_word' id='word_1_580' title='bbox 1112 5429 1218 5479; x_wconf 85' lang='lat' dir='ltr'><strong>dux</strong></span> <span class='ocrx_word' id='word_1_581' title='bbox 1271 5426 1488 5494; x_wconf 89' lang='lat' dir='ltr'><strong>quidam</strong></span> <span class='ocrx_word' id='word_1_582' title='bbox 1543 5425 1862 5480; x_wconf 83' lang='lat' dir='ltr'><strong>Cancraktts</strong></span> 
     </span>
    </p>
   </div>
   <div class='ocr_carea' id='block_1_83' title="bbox 283 5513 1858 5588">
    <p class='ocr_par' dir='ltr' id='par_1_83' title="bbox 283 5513 1858 5588">
     <span class='ocr_line' id='line_1_83' title="bbox 283 5513 1858 5588; baseline 0.004 -23"><span class='ocrx_word' id='word_1_583' title='bbox 283 5513 558 5582; x_wconf 76' lang='lat' dir='ltr'><strong>liaghirns</strong></span> <span class='ocrx_word' id='word_1_584' title='bbox 583 5517 782 5582; x_wconf 87' lang='lat' dir='ltr'><strong>dictus,</strong></span> <span class='ocrx_word' id='word_1_585' title='bbox 807 5519 898 5586; x_wconf 91' lang='lat' dir='ltr'><strong>qtti</strong></span> <span class='ocrx_word' id='word_1_586' title='bbox 918 5533 1026 5572; x_wconf 92' lang='lat' dir='ltr'><strong>non</strong></span> <span class='ocrx_word' id='word_1_587' title='bbox 1056 5519 1231 5572; x_wconf 81' lang='lat' dir='ltr'><strong>solum</strong></span> <span class='ocrx_word' id='word_1_588' title='bbox 1265 5529 1428 5573; x_wconf 88' lang='lat' dir='ltr'><strong>noctu</strong></span> <span class='ocrx_word' id='word_1_589' title='bbox 1449 5519 1738 5588; x_wconf 85' lang='lat' dir='ltr'><strong>diligenter</strong></span> <span class='ocrx_word' id='word_1_590' title='bbox 1762 5520 1858 5572; x_wconf 89' lang='lat' dir='ltr'><strong>ad-</strong></span> 
     </span>
    </p>
   </div>
   <div class='ocr_carea' id='block_1_84' title="bbox 279 5607 1859 5674">
    <p class='ocr_par' dir='ltr' id='par_1_84' title="bbox 279 5607 1859 5674">
     <span class='ocr_line' id='line_1_84' title="bbox 279 5607 1859 5674; baseline 0.004 -16"><span class='ocrx_word' id='word_1_591' title='bbox 279 5607 564 5674; x_wconf 68' lang='lat' dir='ltr'><strong>t‘gilabat,</strong></span> <span class='ocrx_word' id='word_1_592' title='bbox 597 5623 782 5662; x_wconf 88' lang='lat' dir='ltr'><strong>verum</strong></span> <span class='ocrx_word' id='word_1_593' title='bbox 807 5610 970 5663; x_wconf 88' lang='lat' dir='ltr'><strong>etiam</strong></span> <span class='ocrx_word' id='word_1_594' title='bbox 1001 5625 1162 5664; x_wconf 88' lang='lat' dir='ltr'><strong>omne</strong></span> <span class='ocrx_word' id='word_1_595' title='bbox 1206 5611 1447 5664; x_wconf 89' lang='lat' dir='ltr'><strong>studium</strong></span> <span class='ocrx_word' id='word_1_596' title='bbox 1481 5619 1539 5666; x_wconf 85' lang='lat' dir='ltr'><strong>et</strong></span> <span class='ocrx_word' id='word_1_597' title='bbox 1567 5610 1859 5665; x_wconf 74' lang='lat' dir='ltr'><strong>artiﬁcium</strong></span> 
     </span>
    </p>
   </div>
   <div class='ocr_carea' id='block_1_85' title="bbox 275 5699 1856 5774">
    <p class='ocr_par' dir='ltr' id='par_1_85' title="bbox 275 5699 1856 5774">
     <span class='ocr_line' id='line_1_85' title="bbox 275 5699 1856 5774; baseline 0.01 -30"><span class='ocrx_word' id='word_1_598' title='bbox 275 5699 486 5766; x_wconf 69' lang='lat' dir='ltr'><strong>jamdiu</strong></span> <span class='ocrx_word' id='word_1_599' title='bbox 534 5700 847 5767; x_wconf 80' lang='lat' dir='ltr'><strong>adhibebat,</strong></span> <span class='ocrx_word' id='word_1_600' title='bbox 890 5713 948 5754; x_wconf 92' lang='lat' dir='ltr'><strong>ut</strong></span> <span class='ocrx_word' id='word_1_601' title='bbox 977 5712 1304 5772; x_wconf 84' lang='lat' dir='ltr'><strong>stratagetna</strong></span> <span class='ocrx_word' id='word_1_602' title='bbox 1366 5703 1585 5774; x_wconf 90' lang='lat' dir='ltr'><strong>aliquod</strong></span> <span class='ocrx_word' id='word_1_603' title='bbox 1637 5703 1704 5758; x_wconf 87' lang='lat' dir='ltr'><strong>ad</strong></span> <span class='ocrx_word' id='word_1_604' title='bbox 1762 5719 1856 5760; x_wconf 87' lang='lat' dir='ltr'><strong>ca-</strong></span> 
     </span>
    </p>
   </div>
   <div class='ocr_carea' id='block_1_86' title="bbox 279 5789 1138 5862">
    <p class='ocr_par' dir='ltr' id='par_1_86' title="bbox 279 5789 1138 5862">
     <span class='ocr_line' id='line_1_86' title="bbox 279 5789 1138 5862; baseline 0.009 -22"><span class='ocrx_word' id='word_1_605' title='bbox 279 5789 536 5855; x_wconf 74' lang='lat' dir='ltr'><strong>pLendattt</strong></span> <span class='ocrx_word' id='word_1_606' title='bbox 571 5793 759 5845; x_wconf 87' lang='lat' dir='ltr'><strong>urbem</strong></span> <span class='ocrx_word' id='word_1_607' title='bbox 785 5793 1138 5862; x_wconf 80' lang='lat' dir='ltr'><strong>excogitaret.</strong></span> 
     </span>
    </p>
   </div>
   <div class='ocr_carea' id='block_1_87' title="bbox 1975 3215 3558 3298">
    <p class='ocr_par' dir='ltr' id='par_1_87' title="bbox 1975 3215 3558 3298">
     <span class='ocr_line' id='line_1_87' title="bbox 1975 3215 3558 3298; baseline 0 -19"><span class='ocrx_word' id='word_1_608' title='bbox 1975 3225 2079 3279; x_wconf 89' lang='lat' dir='ltr'><strong>cile</strong></span> <span class='ocrx_word' id='word_1_609' title='bbox 2105 3225 2390 3280; x_wconf 87' lang='lat' dir='ltr'><strong>Persarum</strong></span> <span class='ocrx_word' id='word_1_610' title='bbox 2425 3215 2546 3280; x_wconf 79' lang='lat' dir='ltr'><strong>telis</strong></span> <span class='ocrx_word' id='word_1_611' title='bbox 2585 3228 2776 3296; x_wconf 89' lang='lat' dir='ltr'><strong>patuit,</strong></span> <span class='ocrx_word' id='word_1_612' title='bbox 2809 3229 2899 3295; x_wconf 92' lang='lat' dir='ltr'><strong>qui</strong></span> <span class='ocrx_word' id='word_1_613' title='bbox 2931 3229 2984 3282; x_wconf 87' lang='lat' dir='ltr'><strong>in</strong></span> <span class='ocrx_word' id='word_1_614' title='bbox 3031 3229 3266 3283; x_wconf 86' lang='lat' dir='ltr'><strong>obscuro</strong></span> <span class='ocrx_word' id='word_1_615' title='bbox 3291 3227 3558 3298; x_wconf 83' lang='lat' dir='ltr'><strong>degentes</strong></span> 
     </span>
    </p>
   </div>
   <div class='ocr_carea' id='block_1_88' title="bbox 1975 3317 3547 3390">
    <p class='ocr_par' dir='ltr' id='par_1_88' title="bbox 1975 3317 3547 3390">
     <span class='ocr_line' id='line_1_88' title="bbox 1975 3317 3547 3390; baseline 0.001 -20"><span class='ocrx_word' id='word_1_616' title='bbox 1975 3317 2044 3370; x_wconf 89' lang='lat' dir='ltr'><strong>ab</strong></span> <span class='ocrx_word' id='word_1_617' title='bbox 2067 3318 2298 3371; x_wconf 87' lang='lat' dir='ltr'><strong>hostium</strong></span> <span class='ocrx_word' id='word_1_618' title='bbox 2323 3317 2522 3387; x_wconf 84' lang='lat' dir='ltr'><strong>jaculis</strong></span> <span class='ocrx_word' id='word_1_619' title='bbox 2558 3320 2657 3372; x_wconf 90' lang='lat' dir='ltr'><strong>tuti</strong></span> <span class='ocrx_word' id='word_1_620' title='bbox 2707 3329 2883 3374; x_wconf 86' lang='lat' dir='ltr'><strong>erant.</strong></span> <span class='ocrx_word' id='word_1_621' title='bbox 2944 3319 3037 3374; x_wconf 88' lang='lat' dir='ltr'><strong>Sic</strong></span> <span class='ocrx_word' id='word_1_622' title='bbox 3083 3319 3262 3390; x_wconf 86' lang='lat' dir='ltr'><strong>Cyrus</strong></span> <span class='ocrx_word' id='word_1_623' title='bbox 3295 3320 3547 3374; x_wconf 87' lang='lat' dir='ltr'><strong>vulnera-</strong></span> 
     </span>
    </p>
   </div>
   <div class='ocr_carea' id='block_1_89' title="bbox 1975 3410 2378 3468">
    <p class='ocr_par' dir='ltr' id='par_1_89' title="bbox 1975 3410 2378 3468">
     <span class='ocr_line' id='line_1_89' title="bbox 1975 3410 2378 3468; baseline 0.01 -4"><span class='ocrx_word' id='word_1_624' title='bbox 1975 3419 2061 3465; x_wconf 89' lang='lat' dir='ltr'><strong>tus</strong></span> <span class='ocrx_word' id='word_1_625' title='bbox 2103 3410 2378 3468; x_wconf 87' lang='lat' dir='ltr'><strong>discessit.</strong></span> 
     </span>
    </p>
   </div>
   <div class='ocr_carea' id='block_1_90' title="bbox 2041 3499 3550 3574">
    <p class='ocr_par' dir='ltr' id='par_1_90' title="bbox 2041 3499 3550 3574">
     <span class='ocr_line' id='line_1_90' title="bbox 2041 3499 3550 3574; baseline 0.003 -20"><span class='ocrx_word' id='word_1_626' title='bbox 2041 3499 2284 3557; x_wconf 79' lang='lat' dir='ltr'><strong>Diluculo</strong></span> <span class='ocrx_word' id='word_1_627' title='bbox 2321 3510 2500 3556; x_wconf 88' lang='lat' dir='ltr'><strong>autem</strong></span> <span class='ocrx_word' id='word_1_628' title='bbox 2549 3517 2674 3571; x_wconf 84' lang='lat' dir='ltr'><strong>rege</strong></span> <span class='ocrx_word' id='word_1_629' title='bbox 2717 3518 2840 3558; x_wconf 87' lang='lat' dir='ltr'><strong>cum</strong></span> <span class='ocrx_word' id='word_1_630' title='bbox 2883 3504 3054 3572; x_wconf 91' lang='lat' dir='ltr'><strong>copiis</strong></span> <span class='ocrx_word' id='word_1_631' title='bbox 3097 3503 3550 3574; x_wconf 83' lang='lat' dir='ltr'><strong>superveniente,</strong></span> 
     </span>
    </p>
   </div>
   <div class='ocr_carea' id='block_1_91' title="bbox 1969 3591 3551 3658">
    <p class='ocr_par' dir='ltr' id='par_1_91' title="bbox 1969 3591 3551 3658">
     <span class='ocr_line' id='line_1_91' title="bbox 1969 3591 3551 3658; baseline 0.002 -12"><span class='ocrx_word' id='word_1_632' title='bbox 1969 3593 2130 3646; x_wconf 72' lang='lat' dir='ltr'><strong>scala:</strong></span> <span class='ocrx_word' id='word_1_633' title='bbox 2159 3593 2212 3646; x_wconf 90' lang='lat' dir='ltr'><strong>itt</strong></span> <span class='ocrx_word' id='word_1_634' title='bbox 2245 3593 2443 3646; x_wconf 64' lang='lat' dir='ltr'><strong>muenia</strong></span> <span class='ocrx_word' id='word_1_635' title='bbox 2473 3591 2693 3648; x_wconf 72' lang='lat' dir='ltr'><strong>directa:</strong></span> <span class='ocrx_word' id='word_1_636' title='bbox 2722 3603 2879 3658; x_wconf 90' lang='lat' dir='ltr'><strong>sunt,</strong></span> <span class='ocrx_word' id='word_1_637' title='bbox 2909 3603 2966 3650; x_wconf 91' lang='lat' dir='ltr'><strong>et</strong></span> <span class='ocrx_word' id='word_1_638' title='bbox 2997 3595 3152 3648; x_wconf 89' lang='lat' dir='ltr'><strong>miles</strong></span> <span class='ocrx_word' id='word_1_639' title='bbox 3180 3595 3551 3650; x_wconf 88' lang='lat' dir='ltr'><strong>conscendere</strong></span> 
     </span>
    </p>
   </div>
   <div class='ocr_carea' id='block_1_92' title="bbox 1965 3683 3550 3757">
    <p class='ocr_par' dir='ltr' id='par_1_92' title="bbox 1965 3683 3550 3757">
     <span class='ocr_line' id='line_1_92' title="bbox 1965 3683 3550 3757; baseline 0.003 -22"><span class='ocrx_word' id='word_1_640' title='bbox 1965 3684 2170 3753; x_wconf 87' lang='lat' dir='ltr'><strong>jussus.</strong></span> <span class='ocrx_word' id='word_1_641' title='bbox 2195 3683 2330 3738; x_wconf 90' lang='lat' dir='ltr'><strong>Tum</strong></span> <span class='ocrx_word' id='word_1_642' title='bbox 2365 3686 2519 3739; x_wconf 90' lang='lat' dir='ltr'><strong>multi</strong></span> <span class='ocrx_word' id='word_1_643' title='bbox 2548 3701 2614 3741; x_wconf 80' lang='lat' dir='ltr'><strong>ex</strong></span> <span class='ocrx_word' id='word_1_644' title='bbox 2647 3687 2714 3741; x_wconf 89' lang='lat' dir='ltr'><strong>iis</strong></span> <span class='ocrx_word' id='word_1_645' title='bbox 2742 3687 2833 3754; x_wconf 89' lang='lat' dir='ltr'><strong>qui</strong></span> <span class='ocrx_word' id='word_1_646' title='bbox 2865 3688 3322 3751; x_wconf 86' lang='lat' dir='ltr'><strong>conscenderant,</strong></span> <span class='ocrx_word' id='word_1_647' title='bbox 3353 3687 3550 3757; x_wconf 83' lang='lat' dir='ltr'><strong>lapidi-</strong></span> 
     </span>
    </p>
   </div>
   <div class='ocr_carea' id='block_1_93' title="bbox 1969 3776 3546 3848">
    <p class='ocr_par' dir='ltr' id='par_1_93' title="bbox 1969 3776 3546 3848">
     <span class='ocr_line' id='line_1_93' title="bbox 1969 3776 3546 3848; baseline 0.004 -20"><span class='ocrx_word' id='word_1_648' title='bbox 1969 3777 2068 3830; x_wconf 88' lang='lat' dir='ltr'><strong>bus</strong></span> <span class='ocrx_word' id='word_1_649' title='bbox 2099 3776 2326 3844; x_wconf 87' lang='lat' dir='ltr'><strong>telisque</strong></span> <span class='ocrx_word' id='word_1_650' title='bbox 2353 3777 2622 3844; x_wconf 88' lang='lat' dir='ltr'><strong>percussi,</strong></span> <span class='ocrx_word' id='word_1_651' title='bbox 2653 3777 2964 3846; x_wconf 85' lang='lat' dir='ltr'><strong>lattceisque</strong></span> <span class='ocrx_word' id='word_1_652' title='bbox 2993 3779 3220 3846; x_wconf 89' lang='lat' dir='ltr'><strong>repulsi,</strong></span> <span class='ocrx_word' id='word_1_653' title='bbox 3250 3779 3503 3848; x_wconf 90' lang='lat' dir='ltr'><strong>peribant</strong></span> <span class='ocrx_word' id='word_1_654' title='bbox 3529 3797 3546 3834; x_wconf 90' lang='lat'><strong>:</strong></span> 
     </span>
    </p>
   </div>
   <div class='ocr_carea' id='block_1_94' title="bbox 1967 3867 3548 3934">
    <p class='ocr_par' dir='ltr' id='par_1_94' title="bbox 1967 3867 3548 3934">
     <span class='ocr_line' id='line_1_94' title="bbox 1967 3867 3548 3934; baseline 0.004 -16"><span class='ocrx_word' id='word_1_655' title='bbox 1967 3867 2058 3933; x_wconf 89' lang='lat' dir='ltr'><strong>qui</strong></span> <span class='ocrx_word' id='word_1_656' title='bbox 2103 3877 2280 3920; x_wconf 89' lang='lat' dir='ltr'><strong>autem</strong></span> <span class='ocrx_word' id='word_1_657' title='bbox 2323 3867 2517 3922; x_wconf 86' lang='lat' dir='ltr'><strong>timore</strong></span> <span class='ocrx_word' id='word_1_658' title='bbox 2553 3867 2676 3922; x_wconf 89' lang='lat' dir='ltr'><strong>victi</strong></span> <span class='ocrx_word' id='word_1_659' title='bbox 2719 3869 2882 3922; x_wconf 85' lang='lat' dir='ltr'><strong>scalis</strong></span> <span class='ocrx_word' id='word_1_660' title='bbox 2925 3868 3270 3934; x_wconf 88' lang='lat' dir='ltr'><strong>desiliebant,</strong></span> <span class='ocrx_word' id='word_1_661' title='bbox 3309 3884 3406 3924; x_wconf 88' lang='lat' dir='ltr'><strong>eos</strong></span> <span class='ocrx_word' id='word_1_662' title='bbox 3454 3885 3548 3924; x_wconf 78' lang='lat' dir='ltr'><strong>rex</strong></span> 
     </span>
    </p>
   </div>
   <div class='ocr_carea' id='block_1_95' title="bbox 1967 3955 3544 4026">
    <p class='ocr_par' dir='ltr' id='par_1_95' title="bbox 1967 3955 3544 4026">
     <span class='ocr_line' id='line_1_95' title="bbox 1967 3955 3544 4026; baseline 0.002 -16"><span class='ocrx_word' id='word_1_663' title='bbox 1967 3971 2064 4010; x_wconf 88' lang='lat' dir='ltr'><strong>ceu</strong></span> <span class='ocrx_word' id='word_1_664' title='bbox 2090 3956 2310 4024; x_wconf 88' lang='lat' dir='ltr'><strong>pavidos</strong></span> <span class='ocrx_word' id='word_1_665' title='bbox 2333 3955 2698 4026; x_wconf 86' lang='lat' dir='ltr'><strong>fugitivosque</strong></span> <span class='ocrx_word' id='word_1_666' title='bbox 2717 3959 2892 4013; x_wconf 88' lang='lat' dir='ltr'><strong>occidi</strong></span> <span class='ocrx_word' id='word_1_667' title='bbox 2913 3957 3158 4026; x_wconf 87' lang='lat' dir='ltr'><strong>jubebat.</strong></span> <span class='ocrx_word' id='word_1_668' title='bbox 3177 3958 3544 4024; x_wconf 85' lang='lat' dir='ltr'><strong>Quamobrem</strong></span> 
     </span>
    </p>
   </div>
   <div class='ocr_carea' id='block_1_96' title="bbox 1969 4049 3546 4122">
    <p class='ocr_par' dir='ltr' id='par_1_96' title="bbox 1969 4049 3546 4122">
     <span class='ocr_line' id='line_1_96' title="bbox 1969 4049 3546 4122; baseline 0.001 -20"><span class='ocrx_word' id='word_1_669' title='bbox 1969 4049 2260 4116; x_wconf 88' lang='lat' dir='ltr'><strong>resumptis</strong></span> <span class='ocrx_word' id='word_1_670' title='bbox 2289 4049 2488 4102; x_wconf 87' lang='lat' dir='ltr'><strong>animis</strong></span> <span class='ocrx_word' id='word_1_671' title='bbox 2517 4049 2717 4116; x_wconf 61' lang='lat' dir='ltr'><strong>Persa),</strong></span> <span class='ocrx_word' id='word_1_672' title='bbox 2751 4051 2980 4120; x_wconf 85' lang='lat' dir='ltr'><strong>gloriam</strong></span> <span class='ocrx_word' id='word_1_673' title='bbox 3011 4051 3193 4122; x_wconf 86' lang='lat' dir='ltr'><strong>potius</strong></span> <span class='ocrx_word' id='word_1_674' title='bbox 3223 4066 3292 4106; x_wconf 87' lang='lat' dir='ltr'><strong>ex</strong></span> <span class='ocrx_word' id='word_1_675' title='bbox 3321 4051 3546 4106; x_wconf 87' lang='lat' dir='ltr'><strong>victoria</strong></span> 
     </span>
    </p>
   </div>
   <div class='ocr_carea' id='block_1_97' title="bbox 1966 4140 3547 4214">
    <p class='ocr_par' dir='ltr' id='par_1_97' title="bbox 1966 4140 3547 4214">
     <span class='ocr_line' id='line_1_97' title="bbox 1966 4140 3547 4214; baseline 0.001 -21"><span class='ocrx_word' id='word_1_676' title='bbox 1966 4148 2020 4194; x_wconf 90' lang='lat' dir='ltr'><strong>et</strong></span> <span class='ocrx_word' id='word_1_677' title='bbox 2055 4154 2250 4209; x_wconf 89' lang='lat' dir='ltr'><strong>pugna,</strong></span> <span class='ocrx_word' id='word_1_678' title='bbox 2288 4140 2370 4194; x_wconf 89' lang='lat' dir='ltr'><strong>vel</strong></span> <span class='ocrx_word' id='word_1_679' title='bbox 2406 4150 2554 4196; x_wconf 87' lang='lat' dir='ltr'><strong>certe</strong></span> <span class='ocrx_word' id='word_1_680' title='bbox 2589 4151 2816 4196; x_wconf 88' lang='lat' dir='ltr'><strong>mortem</strong></span> <span class='ocrx_word' id='word_1_681' title='bbox 2853 4143 3144 4213; x_wconf 88' lang='lat' dir='ltr'><strong>pugnando</strong></span> <span class='ocrx_word' id='word_1_682' title='bbox 3176 4153 3387 4214; x_wconf 90' lang='lat' dir='ltr'><strong>partam</strong></span> <span class='ocrx_word' id='word_1_683' title='bbox 3427 4143 3547 4196; x_wconf 87' lang='lat' dir='ltr'><strong>adi-</strong></span> 
     </span>
    </p>
   </div>
   <div class='ocr_carea' id='block_1_98' title="bbox 1967 4231 3542 4305">
    <p class='ocr_par' dir='ltr' id='par_1_98' title="bbox 1967 4231 3542 4305">
     <span class='ocr_line' id='line_1_98' title="bbox 1967 4231 3542 4305; baseline 0.003 -22"><span class='ocrx_word' id='word_1_684' title='bbox 1967 4231 2100 4299; x_wconf 85' lang='lat' dir='ltr'><strong>pisci</strong></span> <span class='ocrx_word' id='word_1_685' title='bbox 2133 4235 2511 4296; x_wconf 85' lang='lat' dir='ltr'><strong>decreverunt,</strong></span> <span class='ocrx_word' id='word_1_686' title='bbox 2537 4248 2700 4302; x_wconf 90' lang='lat' dir='ltr'><strong>quam</strong></span> <span class='ocrx_word' id='word_1_687' title='bbox 2728 4248 2760 4287; x_wconf 87' lang='lat' dir='ltr'><strong>a</strong></span> <span class='ocrx_word' id='word_1_688' title='bbox 2787 4236 3006 4304; x_wconf 86' lang='lat' dir='ltr'><strong>proprio</strong></span> <span class='ocrx_word' id='word_1_689' title='bbox 3034 4250 3157 4305; x_wconf 86' lang='lat' dir='ltr'><strong>rege</strong></span> <span class='ocrx_word' id='word_1_690' title='bbox 3181 4235 3456 4290; x_wconf 89' lang='lat' dir='ltr'><strong>contemni</strong></span> <span class='ocrx_word' id='word_1_691' title='bbox 3486 4245 3542 4288; x_wconf 88' lang='lat' dir='ltr'><strong>et</strong></span> 
     </span>
    </p>
   </div>
   <div class='ocr_carea' id='block_1_99' title="bbox 1965 4323 3544 4396">
    <p class='ocr_par' dir='ltr' id='par_1_99' title="bbox 1965 4323 3544 4396">
     <span class='ocr_line' id='line_1_99' title="bbox 1965 4323 3544 4396; baseline 0.002 -17"><span class='ocrx_word' id='word_1_692' title='bbox 1965 4323 2170 4388; x_wconf 89' lang='lat' dir='ltr'><strong>occidi,</strong></span> <span class='ocrx_word' id='word_1_693' title='bbox 2212 4325 2301 4392; x_wconf 92' lang='lat' dir='ltr'><strong>qui</strong></span> <span class='ocrx_word' id='word_1_694' title='bbox 2343 4326 2656 4382; x_wconf 89' lang='lat' dir='ltr'><strong>certaminis</strong></span> <span class='ocrx_word' id='word_1_695' title='bbox 2695 4335 2971 4396; x_wconf 88' lang='lat' dir='ltr'><strong>spectator</strong></span> <span class='ocrx_word' id='word_1_696' title='bbox 3008 4328 3242 4382; x_wconf 87' lang='lat' dir='ltr'><strong>astabat.</strong></span> <span class='ocrx_word' id='word_1_697' title='bbox 3289 4329 3354 4382; x_wconf 80' lang='lat' dir='ltr'><strong>Et</strong></span> <span class='ocrx_word' id='word_1_698' title='bbox 3394 4328 3544 4382; x_wconf 76' lang='lat' dir='ltr'><strong>cives</strong></span> 
     </span>
    </p>
   </div>
   <div class='ocr_carea' id='block_1_100' title="bbox 1965 4416 3544 4488">
    <p class='ocr_par' dir='ltr' id='par_1_100' title="bbox 1965 4416 3544 4488">
     <span class='ocr_line' id='line_1_100' title="bbox 1965 4416 3544 4488; baseline 0.001 -18"><span class='ocrx_word' id='word_1_699' title='bbox 1965 4416 2182 4484; x_wconf 87' lang='lat' dir='ltr'><strong>quidem</strong></span> <span class='ocrx_word' id='word_1_700' title='bbox 2227 4417 2404 4472; x_wconf 88' lang='lat' dir='ltr'><strong>conati</strong></span> <span class='ocrx_word' id='word_1_701' title='bbox 2448 4426 2576 4473; x_wconf 89' lang='lat' dir='ltr'><strong>sunt</strong></span> <span class='ocrx_word' id='word_1_702' title='bbox 2619 4419 2812 4474; x_wconf 89' lang='lat' dir='ltr'><strong>turrim</strong></span> <span class='ocrx_word' id='word_1_703' title='bbox 2857 4433 3017 4488; x_wconf 84' lang='lat' dir='ltr'><strong>quam</strong></span> <span class='ocrx_word' id='word_1_704' title='bbox 3062 4419 3318 4474; x_wconf 85' lang='lat' dir='ltr'><strong>tenebant</strong></span> <span class='ocrx_word' id='word_1_705' title='bbox 3361 4418 3544 4474; x_wconf 65' lang='lat' dir='ltr'><strong>Persae</strong></span> 
     </span>
    </p>
   </div>
   <div class='ocr_carea' id='block_1_101' title="bbox 1892 4505 3544 4580">
    <p class='ocr_par' dir='ltr' id='par_1_101' title="bbox 1892 4505 3544 4580">
     <span class='ocr_line' id='line_1_101' title="bbox 1892 4505 3544 4580; baseline -0.001 -16"><span class='ocrx_word' id='word_1_706' title='bbox 1892 4506 1939 4564; x_wconf 90' lang='lat' dir='ltr'><strong>D</strong></span> <span class='ocrx_word' id='word_1_707' title='bbox 1968 4509 2262 4576; x_wconf 86' lang='lat' dir='ltr'><strong>subruere,</strong></span> <span class='ocrx_word' id='word_1_708' title='bbox 2286 4509 2512 4580; x_wconf 87' lang='lat' dir='ltr'><strong>jamque</strong></span> <span class='ocrx_word' id='word_1_709' title='bbox 2539 4511 2658 4580; x_wconf 90' lang='lat' dir='ltr'><strong>ejus</strong></span> <span class='ocrx_word' id='word_1_710' title='bbox 2689 4512 2872 4567; x_wconf 87' lang='lat' dir='ltr'><strong>trabes</strong></span> <span class='ocrx_word' id='word_1_711' title='bbox 2903 4505 3300 4577; x_wconf 87' lang='lat' dir='ltr'><strong>dissolvebant;</strong></span> <span class='ocrx_word' id='word_1_712' title='bbox 3331 4511 3426 4568; x_wconf 91' lang='lat' dir='ltr'><strong>sed</strong></span> <span class='ocrx_word' id='word_1_713' title='bbox 3457 4512 3544 4566; x_wconf 81' lang='lat' dir='ltr'><strong>itt-</strong></span> 
     </span>
    </p>
   </div>
   <div class='ocr_carea' id='block_1_102' title="bbox 1965 4602 3546 4670">
    <p class='ocr_par' dir='ltr' id='par_1_102' title="bbox 1965 4602 3546 4670">
     <span class='ocr_line' id='line_1_102' title="bbox 1965 4602 3546 4670; baseline 0.001 -14"><span class='ocrx_word' id='word_1_714' title='bbox 1965 4602 2122 4656; x_wconf 88' lang='lat' dir='ltr'><strong>terim</strong></span> <span class='ocrx_word' id='word_1_715' title='bbox 2157 4603 2330 4657; x_wconf 84' lang='lat' dir='ltr'><strong>altera</strong></span> <span class='ocrx_word' id='word_1_716' title='bbox 2367 4603 2533 4658; x_wconf 87' lang='lat' dir='ltr'><strong>turris</strong></span> <span class='ocrx_word' id='word_1_717' title='bbox 2559 4611 2822 4670; x_wconf 85' lang='lat' dir='ltr'><strong>occupata</strong></span> <span class='ocrx_word' id='word_1_718' title='bbox 2855 4603 2973 4670; x_wconf 88' lang='lat' dir='ltr'><strong>fuit,</strong></span> <span class='ocrx_word' id='word_1_719' title='bbox 3003 4613 3058 4658; x_wconf 86' lang='lat' dir='ltr'><strong>et</strong></span> <span class='ocrx_word' id='word_1_720' title='bbox 3089 4618 3216 4658; x_wconf 80' lang='lat' dir='ltr'><strong>mox</strong></span> <span class='ocrx_word' id='word_1_721' title='bbox 3248 4603 3374 4668; x_wconf 88' lang='lat' dir='ltr'><strong>alia,</strong></span> <span class='ocrx_word' id='word_1_722' title='bbox 3409 4617 3546 4658; x_wconf 70' lang='lat' dir='ltr'><strong>mat-</strong></span> 
     </span>
    </p>
   </div>
   <div class='ocr_carea' id='block_1_103' title="bbox 1965 4691 3540 4762">
    <p class='ocr_par' dir='ltr' id='par_1_103' title="bbox 1965 4691 3540 4762">
     <span class='ocr_line' id='line_1_103' title="bbox 1965 4691 3540 4762; baseline -0.001 -16"><span class='ocrx_word' id='word_1_723' title='bbox 1965 4691 2225 4762; x_wconf 84' lang='lat' dir='ltr'><strong>niumque</strong></span> <span class='ocrx_word' id='word_1_724' title='bbox 2261 4691 2572 4750; x_wconf 84' lang='lat' dir='ltr'><strong>defensores</strong></span> <span class='ocrx_word' id='word_1_725' title='bbox 2613 4695 2802 4750; x_wconf 89' lang='lat' dir='ltr'><strong>occisi.</strong></span> <span class='ocrx_word' id='word_1_726' title='bbox 2841 4693 3034 4748; x_wconf 88' lang='lat' dir='ltr'><strong>Petrus</strong></span> <span class='ocrx_word' id='word_1_727' title='bbox 3074 4703 3254 4748; x_wconf 86' lang='lat' dir='ltr'><strong>autem</strong></span> <span class='ocrx_word' id='word_1_728' title='bbox 3298 4694 3540 4762; x_wconf 81' lang='lat' dir='ltr'><strong>quidam,</strong></span> 
     </span>
    </p>
   </div>
   <div class='ocr_carea' id='block_1_104' title="bbox 1962 4783 3544 4855">
    <p class='ocr_par' dir='ltr' id='par_1_104' title="bbox 1962 4783 3544 4855">
     <span class='ocr_line' id='line_1_104' title="bbox 1962 4783 3544 4855; baseline 0.002 -20"><span class='ocrx_word' id='word_1_729' title='bbox 1962 4783 2142 4852; x_wconf 86' lang='lat' dir='ltr'><strong>patria</strong></span> <span class='ocrx_word' id='word_1_730' title='bbox 2190 4783 2606 4850; x_wconf 84' lang='lat' dir='ltr'><strong>Hamcarensis,</strong></span> <span class='ocrx_word' id='word_1_731' title='bbox 2653 4785 2856 4854; x_wconf 86' lang='lat' dir='ltr'><strong>ingenti</strong></span> <span class='ocrx_word' id='word_1_732' title='bbox 2907 4799 3138 4855; x_wconf 85' lang='lat' dir='ltr'><strong>corpore</strong></span> <span class='ocrx_word' id='word_1_733' title='bbox 3180 4785 3284 4850; x_wconf 90' lang='lat' dir='ltr'><strong>vir,</strong></span> <span class='ocrx_word' id='word_1_734' title='bbox 3331 4793 3544 4854; x_wconf 86' lang='lat' dir='ltr'><strong>partem</strong></span> 
     </span>
    </p>
   </div>
   <div class='ocr_carea' id='block_1_105' title="bbox 1964 4877 3542 4950">
    <p class='ocr_par' dir='ltr' id='par_1_105' title="bbox 1964 4877 3542 4950">
     <span class='ocr_line' id='line_1_105' title="bbox 1964 4877 3542 4950; baseline -0.002 -18"><span class='ocrx_word' id='word_1_735' title='bbox 1964 4879 2178 4948; x_wconf 87' lang='lat' dir='ltr'><strong>aggeris</strong></span> <span class='ocrx_word' id='word_1_736' title='bbox 2213 4880 2562 4950; x_wconf 89' lang='lat' dir='ltr'><strong>civitatisque</strong></span> <span class='ocrx_word' id='word_1_737' title='bbox 2599 4879 2750 4934; x_wconf 88' lang='lat' dir='ltr'><strong>solus</strong></span> <span class='ocrx_word' id='word_1_738' title='bbox 2791 4878 3186 4935; x_wconf 88' lang='lat' dir='ltr'><strong>defendendam</strong></span> <span class='ocrx_word' id='word_1_739' title='bbox 3225 4877 3327 4932; x_wconf 89' lang='lat' dir='ltr'><strong>sibi</strong></span> <span class='ocrx_word' id='word_1_740' title='bbox 3363 4877 3542 4930; x_wconf 86' lang='lat' dir='ltr'><strong>vindi-</strong></span> 
     </span>
    </p>
   </div>
   <div class='ocr_carea' id='block_1_106' title="bbox 1963 4971 3540 5038">
    <p class='ocr_par' dir='ltr' id='par_1_106' title="bbox 1963 4971 3540 5038">
     <span class='ocr_line' id='line_1_106' title="bbox 1963 4971 3540 5038; baseline -0.002 -13"><span class='ocrx_word' id='word_1_741' title='bbox 1963 4972 2130 5036; x_wconf 88' lang='lat' dir='ltr'><strong>cavit,</strong></span> <span class='ocrx_word' id='word_1_742' title='bbox 2180 4971 2359 5026; x_wconf 88' lang='lat' dir='ltr'><strong>ferreo</strong></span> <span class='ocrx_word' id='word_1_743' title='bbox 2401 4973 2627 5027; x_wconf 90' lang='lat' dir='ltr'><strong>thorace</strong></span> <span class='ocrx_word' id='word_1_744' title='bbox 2668 4971 2934 5036; x_wconf 88' lang='lat' dir='ltr'><strong>munitus,</strong></span> <span class='ocrx_word' id='word_1_745' title='bbox 2980 4971 3210 5026; x_wconf 89' lang='lat' dir='ltr'><strong>missilia</strong></span> <span class='ocrx_word' id='word_1_746' title='bbox 3257 4983 3540 5038; x_wconf 87' lang='lat' dir='ltr'><strong>spargens,</strong></span> 
     </span>
    </p>
   </div>
   <div class='ocr_carea' id='block_1_107' title="bbox 1962 5063 3542 5134">
    <p class='ocr_par' dir='ltr' id='par_1_107' title="bbox 1962 5063 3542 5134">
     <span class='ocr_line' id='line_1_107' title="bbox 1962 5063 3542 5134; baseline -0.001 -17"><span class='ocrx_word' id='word_1_747' title='bbox 1962 5063 2161 5119; x_wconf 88' lang='lat' dir='ltr'><strong>Persas</strong></span> <span class='ocrx_word' id='word_1_748' title='bbox 2203 5064 2546 5134; x_wconf 72' lang='lat' dir='ltr'><strong>proyulsans,</strong></span> <span class='ocrx_word' id='word_1_749' title='bbox 2587 5067 2839 5134; x_wconf 87' lang='lat' dir='ltr'><strong>quemvis</strong></span> <span class='ocrx_word' id='word_1_750' title='bbox 2887 5065 3034 5120; x_wconf 86' lang='lat' dir='ltr'><strong>aditu</strong></span> <span class='ocrx_word' id='word_1_751' title='bbox 3075 5075 3368 5132; x_wconf 88' lang='lat' dir='ltr'><strong>egressuve</strong></span> <span class='ocrx_word' id='word_1_752' title='bbox 3413 5077 3542 5130; x_wconf 82' lang='lat' dir='ltr'><strong>pro-</strong></span> 
     </span>
    </p>
   </div>
   <div class='ocr_carea' id='block_1_108' title="bbox 1963 5156 3539 5228">
    <p class='ocr_par' dir='ltr' id='par_1_108' title="bbox 1963 5156 3539 5228">
     <span class='ocr_line' id='line_1_108' title="bbox 1963 5156 3539 5228; baseline -0.003 -17"><span class='ocrx_word' id='word_1_753' title='bbox 1963 5157 2189 5221; x_wconf 86' lang='lat' dir='ltr'><strong>bibens,</strong></span> <span class='ocrx_word' id='word_1_754' title='bbox 2233 5157 2466 5228; x_wconf 88' lang='lat' dir='ltr'><strong>gigantis</strong></span> <span class='ocrx_word' id='word_1_755' title='bbox 2509 5159 2680 5214; x_wconf 89' lang='lat' dir='ltr'><strong>instar</strong></span> <span class='ocrx_word' id='word_1_756' title='bbox 2718 5159 2906 5214; x_wconf 83' lang='lat' dir='ltr'><strong>firmus</strong></span> <span class='ocrx_word' id='word_1_757' title='bbox 2945 5167 3110 5228; x_wconf 89' lang='lat' dir='ltr'><strong>atque</strong></span> <span class='ocrx_word' id='word_1_758' title='bbox 3147 5156 3539 5225; x_wconf 79' lang='lat' dir='ltr'><strong>inconcussus;</strong></span> 
     </span>
    </p>
   </div>
   <div class='ocr_carea' id='block_1_109' title="bbox 1963 5244 3538 5319">
    <p class='ocr_par' dir='ltr' id='par_1_109' title="bbox 1963 5244 3538 5319">
     <span class='ocr_line' id='line_1_109' title="bbox 1963 5244 3538 5319; baseline -0.005 -17"><span class='ocrx_word' id='word_1_759' title='bbox 1963 5263 2197 5314; x_wconf 90' lang='lat' dir='ltr'><strong>cumque</strong></span> <span class='ocrx_word' id='word_1_760' title='bbox 2237 5249 2289 5302; x_wconf 91' lang='lat' dir='ltr'><strong>in</strong></span> <span class='ocrx_word' id='word_1_761' title='bbox 2337 5248 2460 5304; x_wconf 89' lang='lat' dir='ltr'><strong>aliis</strong></span> <span class='ocrx_word' id='word_1_762' title='bbox 2499 5249 2708 5304; x_wconf 77' lang='lat' dir='ltr'><strong>Amida:</strong></span> <span class='ocrx_word' id='word_1_763' title='bbox 2753 5250 2997 5319; x_wconf 86' lang='lat' dir='ltr'><strong>partibus</strong></span> <span class='ocrx_word' id='word_1_764' title='bbox 3043 5247 3208 5300; x_wconf 90' lang='lat' dir='ltr'><strong>multa</strong></span> <span class='ocrx_word' id='word_1_765' title='bbox 3257 5244 3538 5298; x_wconf 86' lang='lat' dir='ltr'><strong>hominum</strong></span> 
     </span>
    </p>
   </div>
   <div class='ocr_carea' id='block_1_110' title="bbox 1965 5333 3536 5408">
    <p class='ocr_par' dir='ltr' id='par_1_110' title="bbox 1965 5333 3536 5408">
     <span class='ocr_line' id='line_1_110' title="bbox 1965 5333 3536 5408; baseline -0.004 -16"><span class='ocrx_word' id='word_1_766' title='bbox 1965 5338 2131 5392; x_wconf 87' lang='lat' dir='ltr'><strong>millia</strong></span> <span class='ocrx_word' id='word_1_767' title='bbox 2179 5339 2469 5408; x_wconf 90' lang='lat' dir='ltr'><strong>perissent,</strong></span> <span class='ocrx_word' id='word_1_768' title='bbox 2514 5341 2566 5394; x_wconf 91' lang='lat' dir='ltr'><strong>in</strong></span> <span class='ocrx_word' id='word_1_769' title='bbox 2616 5341 2900 5404; x_wconf 90' lang='lat' dir='ltr'><strong>cuniculis,</strong></span> <span class='ocrx_word' id='word_1_770' title='bbox 2947 5338 3143 5408; x_wconf 77' lang='lat' dir='ltr'><strong>puteis,</strong></span> <span class='ocrx_word' id='word_1_771' title='bbox 3189 5333 3536 5402; x_wconf 86' lang='lat' dir='ltr'><strong>templisque,</strong></span> 
     </span>
    </p>
   </div>
   <div class='ocr_carea' id='block_1_111' title="bbox 1963 5425 3537 5502">
    <p class='ocr_par' dir='ltr' id='par_1_111' title="bbox 1963 5425 3537 5502">
     <span class='ocr_line' id='line_1_111' title="bbox 1963 5425 3537 5502; baseline -0.005 -20"><span class='ocrx_word' id='word_1_772' title='bbox 1963 5433 2203 5498; x_wconf 90' lang='lat' dir='ltr'><strong>quinque</strong></span> <span class='ocrx_word' id='word_1_773' title='bbox 2238 5429 2351 5499; x_wconf 89' lang='lat' dir='ltr'><strong>jant</strong></span> <span class='ocrx_word' id='word_1_774' title='bbox 2401 5431 2642 5488; x_wconf 89' lang='lat' dir='ltr'><strong>turribus</strong></span> <span class='ocrx_word' id='word_1_775' title='bbox 2683 5431 3029 5502; x_wconf 83' lang='lat' dir='ltr'><strong>expugnatis,</strong></span> <span class='ocrx_word' id='word_1_776' title='bbox 3071 5430 3182 5496; x_wconf 87' lang='lat' dir='ltr'><strong>ipse</strong></span> <span class='ocrx_word' id='word_1_777' title='bbox 3223 5425 3537 5488; x_wconf 88' lang='lat' dir='ltr'><strong>incolumis,</strong></span> 
     </span>
    </p>
   </div>
   <div class='ocr_carea' id='block_1_112' title="bbox 1963 5520 3540 5595">
    <p class='ocr_par' dir='ltr' id='par_1_112' title="bbox 1963 5520 3540 5595">
     <span class='ocr_line' id='line_1_112' title="bbox 1963 5520 3540 5595; baseline -0.004 -17"><span class='ocrx_word' id='word_1_778' title='bbox 1963 5523 2110 5578; x_wconf 90' lang='lat' dir='ltr'><strong>nullo</strong></span> <span class='ocrx_word' id='word_1_779' title='bbox 2137 5523 2359 5578; x_wconf 88' lang='lat' dir='ltr'><strong>vulnere</strong></span> <span class='ocrx_word' id='word_1_780' title='bbox 2385 5536 2630 5594; x_wconf 88' lang='lat' dir='ltr'><strong>accepto,</strong></span> <span class='ocrx_word' id='word_1_781' title='bbox 2660 5524 2782 5595; x_wconf 88' lang='lat' dir='ltr'><strong>fuga</strong></span> <span class='ocrx_word' id='word_1_782' title='bbox 2815 5540 2874 5578; x_wconf 87' lang='lat' dir='ltr'><strong>se</strong></span> <span class='ocrx_word' id='word_1_783' title='bbox 2904 5521 3181 5578; x_wconf 81' lang='lat' dir='ltr'><strong>subduxit.</strong></span> <span class='ocrx_word' id='word_1_784' title='bbox 3213 5520 3388 5575; x_wconf 84' lang='lat' dir='ltr'><strong>Persae</strong></span> <span class='ocrx_word' id='word_1_785' title='bbox 3411 5531 3540 5571; x_wconf 90' lang='lat' dir='ltr'><strong>vero</strong></span> 
     </span>
    </p>
   </div>
   <div class='ocr_carea' id='block_1_113' title="bbox 1964 5614 3538 5685">
    <p class='ocr_par' dir='ltr' id='par_1_113' title="bbox 1964 5614 3538 5685">
     <span class='ocr_line' id='line_1_113' title="bbox 1964 5614 3538 5685; baseline 0.004 -18"><span class='ocrx_word' id='word_1_786' title='bbox 1964 5615 2190 5668; x_wconf 88' lang='lat' dir='ltr'><strong>ulterius</strong></span> <span class='ocrx_word' id='word_1_787' title='bbox 2223 5618 2494 5685; x_wconf 87' lang='lat' dir='ltr'><strong>progressi</strong></span> <span class='ocrx_word' id='word_1_788' title='bbox 2528 5617 2743 5670; x_wconf 89' lang='lat' dir='ltr'><strong>cunctis</strong></span> <span class='ocrx_word' id='word_1_789' title='bbox 2775 5615 3044 5670; x_wconf 64' lang='lat' dir='ltr'><strong>moenibus</strong></span> <span class='ocrx_word' id='word_1_790' title='bbox 3077 5614 3230 5682; x_wconf 80' lang='lat' dir='ltr'><strong>potiti</strong></span> <span class='ocrx_word' id='word_1_791' title='bbox 3263 5623 3411 5672; x_wconf 69' lang='lat' dir='ltr'><strong>Slllll.</strong></span> <span class='ocrx_word' id='word_1_792' title='bbox 3447 5623 3538 5662; x_wconf 64' lang='grc' dir='ltr'><strong>ἴε-</strong></span> 
     </span>
    </p>
   </div>
   <div class='ocr_carea' id='block_1_114' title="bbox 1962 5707 3536 5776">
    <p class='ocr_par' dir='ltr' id='par_1_114' title="bbox 1962 5707 3536 5776">
     <span class='ocr_line' id='line_1_114' title="bbox 1962 5707 3536 5776; baseline -0.003 -17"><span class='ocrx_word' id='word_1_793' title='bbox 1962 5707 2130 5775; x_wconf 87' lang='lat' dir='ltr'><strong>pulsis</strong></span> <span class='ocrx_word' id='word_1_794' title='bbox 2157 5709 2461 5775; x_wconf 87' lang='lat' dir='ltr'><strong>occisisque</strong></span> <span class='ocrx_word' id='word_1_795' title='bbox 2487 5709 2826 5762; x_wconf 87' lang='lat' dir='ltr'><strong>continenter</strong></span> <span class='ocrx_word' id='word_1_796' title='bbox 2851 5723 2944 5776; x_wconf 90' lang='lat' dir='ltr'><strong>per</strong></span> <span class='ocrx_word' id='word_1_797' title='bbox 2970 5708 3104 5760; x_wconf 77' lang='lat' dir='ltr'><strong>duas</strong></span> <span class='ocrx_word' id='word_1_798' title='bbox 3132 5715 3314 5759; x_wconf 87' lang='lat' dir='ltr'><strong>noctes</strong></span> <span class='ocrx_word' id='word_1_799' title='bbox 3341 5716 3536 5754; x_wconf 81' lang='lat' dir='ltr'><strong>unam-</strong></span> 
     </span>
    </p>
   </div>
   <div class='ocr_carea' id='block_1_115' title="bbox 1961 5793 3538 5868">
    <p class='ocr_par' dir='ltr' id='par_1_115' title="bbox 1961 5793 3538 5868">
     <span class='ocr_line' id='line_1_115' title="bbox 1961 5793 3538 5868; baseline -0.003 -18"><span class='ocrx_word' id='word_1_800' title='bbox 1961 5815 2064 5868; x_wconf 89' lang='lat' dir='ltr'><strong>que</strong></span> <span class='ocrx_word' id='word_1_801' title='bbox 2102 5799 2244 5853; x_wconf 89' lang='lat' dir='ltr'><strong>diem</strong></span> <span class='ocrx_word' id='word_1_802' title='bbox 2287 5801 2603 5854; x_wconf 84' lang='lat' dir='ltr'><strong>custodibus</strong></span> <span class='ocrx_word' id='word_1_803' title='bbox 2638 5818 2649 5853; x_wconf 89' lang='lat'><strong>:</strong></span> <span class='ocrx_word' id='word_1_804' title='bbox 2687 5813 2750 5852; x_wconf 88' lang='lat' dir='ltr'><strong>ac</strong></span> <span class='ocrx_word' id='word_1_805' title='bbox 2789 5809 2896 5854; x_wconf 89' lang='lat' dir='ltr'><strong>tum</strong></span> <span class='ocrx_word' id='word_1_806' title='bbox 2933 5801 3143 5853; x_wconf 89' lang='lat' dir='ltr'><strong>demum</strong></span> <span class='ocrx_word' id='word_1_807' title='bbox 3187 5793 3538 5852; x_wconf 82' lang='lat' dir='ltr'><strong>descensione</strong></span> 
     </span>
    </p>
   </div>
  </div>
