4042 6142
523 320 661 383 1159

1547 316 1947 376 ZACIIAHLE
1989 315 2418 375 MITYLENES
2455 313 2794 375 EPISCOPI

3651 309 3778 372 lim

524 436 666 488 lat-ta
718 438 903 501 portas
954 436 1296 495 reserarunt,
1355 436 1518 498 atque
1564 430 1852 484 universus
1905 429 2098 497 irrupit
2129 434 2174 488 Α
2203 429 2378 482 dendo
2424 444 2550 496 rege
2591 436 2773 482 nostra
2820 425 3202 481 cohibuerunt.
3253 421 3533 480 Postremo
3578 428 3781 477 catenis

521 519 796 576 exercitus
824 535 944 574 cum
980 523 1234 572 mandato
1265 519 1429 587 regis,
1457 526 1517 571 ut
1547 519 1722 573 tribus
1753 521 1942 572 diebus
1974 520 2100 574 ιοιί-

524 614 754 678 demque
783 609 1030 664 noctibus
1060 607 1322 678 cujusque
1351 609 1550 678 gradus
1575 609 1929 677 dignitatisve
1955 610 2100 664 viros

524 715 587 754 ac
616 699 846 754 feminas
878 699 1277 754 interimerent.
1307 696 1548 750 Exilium
1581 697 1751 751 evasit
1783 713 1886 751 una
1920 697 2099 752 eccle-

525 793 635 855 sia,
667 805 828 859 quam
866 788 1110 858 Magnam
1146 788 1518 857 appellabant,
1549 802 1618 841 ιι.
1656 789 1982 859 Martyrihus
2017 789 2103 842 di-

524 891 677 946 cata,
708 880 892 951 regulo
926 881 1158 950 quodam
1193 879 1536 942 Christiano,
1569 894 1634 932 ex
1667 880 1812 933 Aran
1851 880 2100 950 regione,

524 973 666 1042 apud
701 988 882 1042 regem
921 972 1314 1036 intercedente.
1343 974 1437 1043 qui
1469 987 1586 1027 eam
1623 971 1836 1040 plenam
1871 971 2105 1027 hornini—

525 1066 628 1119 bus
659 1062 868 1118 servari
901 1062 1143 1119 indulsit.

599 1177 806 1232 Triduo
838 1177 1056 1231 demum
1091 1186 1318 1244 exacto,
1352 1182 1662 1233 vastitatem
1699 1193 1794 1233 rex
1829 1177 2101 1242 inhibuit,

527 1270 883 1338 deputatique
913 1267 1064 1322 fuere
1091 1269 1342 1324 custodes
1371 1270 1665 1336 spoliorum
1697 1269 1890 1324 aedium
1918 1283 2106 1323 sacra-

527 1377 649 1414 rum
699 1369 860 1428 atque
906 1360 1258 1427 palatiorum,
1307 1370 1368 1414 ut
1415 1361 1674 1430 quidquid
1726 1368 2103 1414 coacervatum

530 1452 728 1516 fuerat,
752 1451 862 1519 regi
891 1459 1170 1506 servarent
1199 1472 1211 1507 :
1238 1451 1329 1520 qui
1358 1453 1523 1505 etiam
1553 1451 1851 1514 mandavit,
1878 1460 1934 1501 ut
1959 1450 2107 1504 occi-

530 1557 712 1596 sorum
746 1543 1049 1611 conquisita
1079 1543 1341 1595 cadavera
1370 1552 1524 1596 extra
1551 1540 1944 1595 occidentalem
1975 1555 2104 1609 por-

533 1643 641 1686 tam
682 1631 1026 1698 eli‘errentur,
1068 1642 1128 1686 ut
1174 1635 1288 1702 ipse
1333 1643 1518 1702 postea
1563 1647 1659 1701 per
1695 1633 2103 1686 meridionalem

530 1724 923 1793 ingrederetur.
959 1725 1288 1780 Coacervata
1330 1725 1510 1792 itaque
1549 1733 1675 1777 sunt
1714 1733 1767 1778 et
1812 1725 1951 1778 inter
1981 1723 2108 1779 etre-

2205 519 2396 580 vincti,
2427 535 2549 574 cum
2582 520 2824 572 omnium
2860 517 3131 570 artiﬁcum
3167 516 3348 580 turba,
3383 515 3532 584 regio
3563 517 3783 569 servitio

2203 628 2296 666 seu
2327 613 2626 681 captivitati
2657 612 2856 666 addicti
2890 612 2941 665 in
2973 609 3257 664 Persidem
3288 622 3316 662 a
3352 607 3582 662 militum
3620 622 3778 660 manu

2202 705 2633 761 deducebantur.
2662 704 2792 760 Post
2816 705 2934 759 htec
2957 703 3207 759 nonnulli
3235 704 3301 758 de
3325 701 3569 758 exercitu
3607 715 3781 771 regem

2204 798 2464 851 adeuntes
2490 796 2571 851 sie
2595 811 2717 850 eum
2747 795 2892 850 allati
2917 804 3040 849 sunt
3070 813 3084 850 :
3109 795 3332 865 Cognati
3362 795 3537 848 nostri
3567 792 3786 847 fratres-

2203 903 2310 956 que
2335 887 2404 942 ah
2431 887 2590 957 hujus
2618 888 2767 943 urbis
2794 887 3008 942 civibus
3036 885 3088 940 in
3119 886 3308 955 praelia
3338 887 3582 954 percussi
3614 886 3785 954 perie-

2205 988 2360 1044 runt;
2398 979 2737 1048 postulamus
2776 979 2964 1048 igitur,
3002 986 3061 1032 ut
3099 979 3343 1034 decimus
3384 977 3615 1047 quisque
3657 977 3786 1031 civis

2206 1072 2499 1126 ulciscendi
2547 1072 2721 1142 gratia
2768 1071 2922 1127 nobis
2970 1070 3236 1124 tradatur.
3279 1070 3492 1141 Reapse
3538 1071 3786 1124 instituto

2206 1161 2443 1228 calculo,
2477 1162 2523 1217 is
2559 1176 2818 1217 munerus
2849 1174 2880 1216 e
2912 1161 3110 1215 civium
3147 1170 3289 1215 coetu
3324 1175 3618 1216 concessus
3657 1160 3784 1223 fuit,

2207 1268 2342 1322 quos
2373 1254 2664 1323 exquisitis
2692 1255 3030 1310 cruciatibus
3064 1263 3420 1310 necaverunt.
3455 1252 3571 1306 Rex
3605 1262 3784 1306 autem

2207 1339 2263 1394 in
2295 1339 2487 1395 balneo
2515 1340 2834 1397 Barzainabi
2867 1342 3019 1408 lavit,
3044 1351 3100 1398 et
3126 1344 3304 1398 hieme
3329 1354 3519 1398 exacta
3553 1343 3689 1396 urbe
3719 1342 3789 1395 di-

2207 1432 2576 1500 grediebatur,
2615 1433 2808 1488 relicto
2849 1434 2917 1488 ad
2957 1448 3079 1488 eam
3121 1436 3411 1504 regendam
3453 1434 3658 1503 Eglone
3701 1435 3784 1486 tri-

2208 1527 2352 1581 buno
2386 1525 2633 1580 millitum
2669 1541 2790 1582 cum
2825 1527 2945 1581 aliis
2980 1527 3192 1582 duobus
3225 1527 3481 1590 ducibus,
3516 1525 3792 1591 tribusque

2209 1618 2440 1673 militum
2462 1619 2699 1673 millibus
2725 1621 2790 1673 ad
2816 1619 3152 1686 praesidium,
3180 1635 3279 1674 nec
3304 1635 3407 1672 non
3432 1618 3644 1673 Joanne
3669 1615 3795 1669 Bar-

2209 1709 2378 1764 Balha
2407 1712 2692 1780 optimate,
2721 1722 2776 1767 ct
2806 1711 3000 1782 Sergio
3030 1712 3428 1776 Har-Zabduni,
3459 1711 3551 1780 qui
3586 1709 3786 1764 militiae

533 1817 755 1868 rendum
787 1825 1068 1869 numerata
1091 1816 1412 1869 cadaverum
1441 1815 1714 1884 ocIOginta
1742 1814 1905 1868 millia
1924 1855 1938 1880 ,
1968 1829 2107 1884 pra:-

2220 1813 2524 1869 praeessent.

531 1917 614 1960 ter
643 1907 732 1960 illa
765 1921 887 1976 quae
919 1905 1000 1959 vel
1033 1919 1208 1960 mersa
1238 1906 1532 1970 cuniculis,
1563 1905 1645 1959 vel
1676 1905 1729 1958 in
1763 1916 1954 1972 puteos
1986 1919 2108 1974 pro-

523 1999 704 2066 jecla,
758 1998 840 2052 vel
892 1998 945 2052 in
999 1997 1154 2050 atriis
1208 1997 1396 2051 relicta
1455 1996 1694 2050 fuerunt.
1750 1997 1951 2051 Deinde
2012 2012 2108 2051 rex

531 2089 813 2144 ecclesiam
860 2088 1163 2156 ingressus,
1207 2102 1328 2142 cum
1378 2085 1451 2141 ibi
1503 2085 1714 2140 Domini
1765 2087 1935 2141 nostri
1981 2084 2106 2138 Jesn

531 2182 732 2238 Christi
767 2181 861 2251 qui
894 2181 1100 2236 Galilaei
1133 2180 1317 2234 habitu
1351 2179 1600 2249 depictus
1630 2186 1777 2242 erat,
1815 2177 2106 2248 imaginem

534 2275 855 2338 astiexisset,
891 2272 1172 2343 cujusnam
1211 2287 1273 2326 ea
1307 2280 1452 2326 esset
1488 2279 1837 2341 percontatus
1869 2278 1987 2335 est;
2026 2285 2110 2324 re-

533 2367 923 2436 spondentibus
953 2376 1130 2420 autem
1163 2365 1250 2432 qui
1285 2365 1543 2429 aderant,
1574 2364 1669 2419 Dei
1702 2363 2106 2428 Nazarenorum

533 2473 651 2512 esse
673 2457 984 2525 imaginem,
1009 2455 1270 2510 inclinato
1299 2471 1392 2510 rex
1421 2464 1547 2510 ante
1574 2455 1718 2534 illam
1749 2454 1960 2524 capite:
1986 2452 2103 2516 Hie,

536 2551 730 2620 inquit,
775 2551 906 2604 mihi
939 2550 1071 2604 dixit
1103 2567 1115 2603 :
1147 2551 1429 2615 Remane;
1475 2551 1770 2619 urbemque
1814 2564 1844 2602 a
1888 2563 1973 2602 mc
2015 2549 2109 2603 tibi

537 2645 852 2697 tradendam
884 2651 1103 2710 propter
1129 2642 1329 2695 civium
1363 2641 1591 2706 scelera,
1621 2657 1774 2710 cape.

607 2736 698 2790 Sic
734 2736 894 2804 igitur
928 2734 1020 2787 Dei
1057 2742 1190 2787 nutu
1231 2734 1425 2787 tradita
1462 2733 1643 2788 Persis
1678 2733 1832 2798 urbe,
1867 2733 2113 2787 Cavades

538 2825 728 2894 ingens
776 2825 982 2893 argenti
1027 2825 1239 2893 pondus
1277 2839 1669 2892 sacrorumque
1715 2839 1965 2879 vasorum
2012 2839 2110 2877 au-

538 2931 789 2980 reorum,
835 2915 1106 2982 aliamque
1156 2916 1447 2985 pretiosam
1495 2917 1885 2985 supellectilem
1915 2917 2112 2986 cepit,

537 3022 658 3075 qua:
702 3016 827 3060 ante
866 3021 1064 3075 paucos
1107 3023 1279 3062 annos
1322 3008 1496 3078 legata
1543 3009 1723 3064 fuerat
1764 3009 2007 3064 ecclesiae
2048 3010 2116 3064 ab

2277 1891 2528 1947 Proxima
2573 1908 2701 1949 vero
2743 1904 2930 1951 testate
2973 1895 3342 1950 adventarunt
3382 1893 3633 1947 Amidam
3685 1891 3792 1945 Ho-

2211 1983 2378 2046 mani,
2399 1983 2729 2038 (lucentibus
2755 1985 3056 2039 exercitum
3086 1983 3328 2038 Patricio
3356 1997 3612 2052 supremo
3639 1983 3790 2044 duce,

2213 2085 2480 2144 provectae
2508 2076 2686 2131 aetatis
2711 2077 2862 2143 viro,
2891 2086 2947 2131 et
2974 2086 3128 2132 recto
3155 2092 3219 2132 ac
3251 2075 3426 2141 ﬁdeli,
3455 2077 3550 2130 sed
3583 2075 3793 2129 consilii

2211 2165 2392 2234 inope,
2417 2181 2536 2221 cum
2562 2165 2818 2238 Hypatio,
2841 2168 3030 2224 Celere
3055 2168 3338 2240 magistro,
3363 2176 3418 2223 et
3436 2167 3749 2221 Areohindo
3774 2185 3788 2219 :

2211 2261 2530 2327 quibuscum
2578 2268 2697 2314 erat
2747 2262 2907 2316 etiam
2959 2259 3204 2316 Justinus
3252 2275 3438 2315 comes
3471 2300 3488 2326 ,
3533 2259 3625 2329 qui
3679 2269 3792 2328 post

2213 2354 2558 2408 Anastasium
2587 2368 2882 2424 purpuram
2911 2354 3107 2408 induit.
3135 2354 3199 2408 Hi
3229 2353 3444 2408 collatis
3471 2354 3677 2408 viribus
3704 2369 3792 2407 ur-

2214 2445 2334 2500 bem
2372 2457 2601 2516 quatere
2634 2445 2774 2502 bello
2809 2455 3112 2516 coeperunt,
3149 2446 3392 2501 turribus
3429 2445 3643 2515 ligneis,
3678 2461 3793 2500 ma-

2213 2537 2413 2604 chinis,
2457 2538 2751 2604 cuniculis;
2795 2547 3071 2608 portaeque
3110 2538 3234 2608 ipsi,
3281 2539 3367 2593 cui
3410 2553 3607 2592 nomen
3656 2537 3799 2592 Mar-

2215 2630 2418 2695 Zoane,
2449 2631 2626 2698 ignem
2659 2630 2966 2698 injecerunt
2995 2645 3009 2684 :
3040 2645 3227 2684 verum
3259 2630 3510 2700 ingressu
3543 2631 3796 2699 prohibiti

2219 2739 2246 2776 a
2280 2722 2462 2777 Persis
2492 2731 2640 2786 sunt,
2667 2723 2760 2791 qui
2792 2734 3005 2790 portam
3036 2723 3218 2778 denuo
3245 2723 3599 2788 clauserunt;
3633 2740 3802 2792 quare

2218 2815 2420 2870 frustra
2449 2815 2594 2870 luere
2627 2815 2878 2881 Romani,
2911 2831 3086 2885 neque
3117 2815 3306 2870 urbem
3341 2825 3520 2870 marte
3550 2817 3800 2870 obtinere

2219 2918 2529 2976 potuerunt.
2564 2906 2682 2960 Jam
2717 2919 2918 2976 quanta
2950 2909 3114 2962 fuerit
3143 2909 3322 2978 populi
3356 2910 3606 2978 angustia
3641 2908 3798 2961 famis

2219 3014 2408 3062 causa,
2441 3015 2558 3066 qutt-
2589 3000 2642 3052 in
2675 3000 2790 3055 dies
2819 3001 3098 3066 saeviebat,
3131 3000 3267 3054 adeo
3298 3010 3357 3054 ut
3386 3001 3537 3054 cives
3569 3000 3802 3054 invicem

540 3094 724 3147 lsaaco
754 3094 908 3146 Barai
941 3093 1071 3159 ﬁlio,
1097 3094 1371 3150 consulari
1401 3096 1516 3151 viro
1542 3107 1596 3150 et
1625 3098 1766 3151 inter
1791 3099 1937 3152 cives
1959 3099 2113 3152 valde
2145 3134 2186 3191 Ο
2224 3089 2580 3154 devoral‘cnl;
2615 3105 2888 3159 quamque
2923 3099 3059 3144 tetra
3092 3100 3144 3146 et
3177 3090 3540 3161 lacrymabilis
3572 3091 3640 3143 sit
3684 3091 3804 3143 hazc

537 3187 812 3254 opulento.
853 3184 1074 3254 cherit
1113 3185 1276 3239 etiam
1321 3202 1570 3256 magnam
1606 3187 1795 3257 optimi
1836 3189 1944 3242 vini
1981 3190 2110 3255 vim,

539 3279 603 3330 ad
645 3277 826 3331 laet-em
863 3293 1032 3346 usque
1066 3280 1348 3345 cxsiccati,
1384 3281 1525 3347 quod
1565 3277 1729 3335 moris
1763 3293 1882 3335 erat
1917 3282 1969 3335 in
2009 3284 2120 3338 sole

543 3385 639 3437 per
661 3370 1000 3438 scptcnninm
1027 3369 1307 3435 collocari,
1331 3379 1496 3440 atque
1521 3371 1593 3425 ita
1621 3372 1833 3426 aridum
1861 3373 2120 3427 solidum-

538 3475 644 3527 que
681 3459 814 3511 lieri.
850 3457 956 3509 Iloc
987 3458 1038 3511 in
1070 3459 1340 3526 pulverem
1377 3461 1652 3514 redactum
1685 3461 1935 3515 solebant
1967 3478 2117 3518 occo-

546 3549 688 3601 nomi
723 3549 774 3602 in
807 3549 1091 3602 itineribus
1123 3565 1305 3604 secum
1340 3550 1506 3614 ferre,
1537 3551 1695 3606 lineis
1726 3553 1957 3608 sacculis
1987 3570 2120 3623 pure

542 3640 862 3709 repositum,
887 3638 1112 3710 ejusque
1137 3650 1351 3697 tenuem
1382 3651 1589 3711 partem
1619 3645 1820 3712 potioni
1850 3647 2121 3702 admisce-

509 3729 693 3793 -hant,
739 3730 788 3783 id
830 3732 970 3799 quod
1017 3731 1122 3784 vini
1171 3747 1421 3801 saporem
1468 3744 1795 3805 gustumque
1843 3737 2120 3804 reddebat,

543 3821 745 3890 ignaris
774 3833 950 3876 autem
982 3823 1121 3876 lanna
1156 3823 1206 3876 id
1237 3838 1388 3887 esse,
1425 3839 1644 3880 crocum
1681 3827 1962 3893 videlicet,
1998 3843 2122 3897 per-

542 3916 859 3969 suadebant.
895 3913 952 3969 ld
989 3915 1097 3969 vini
1134 3931 1303 3986 genus
1336 3933 1666 3988 magnopere
1700 3919 2004 3974 admiratus
2037 3930 2121 3976 est

543 4020 657 4069 rex,
699 4021 992 4075 secumque
1032 4007 1286 4075 abstulit;
1323 4023 1511 4064 verum
1551 4025 1613 4065 ex
1655 4025 1721 4066 eo
1759 4021 2000 4081 tempore
2034 4029 2124 4066 ars

542 4093 847 4164 hujnsmo'di
875 4099 1291 4170 gastrimargica
1319 4103 1461 4157 inter
1483 4101 1830 4158 Christianos
1851 4106 2123 4161 oblivione

543 4189 718 4242 deleta
764 4197 868 4244 est.
907 4191 1116 4244 Aurum
1165 4192 1361 4247 deinde
1410 4204 1802 4264 argentumque
1848 4206 1904 4250 et
1948 4199 2124 4251 omnis

546 4277 782 4345 pretiosa
810 4278 975 4333 vestis
1010 4293 1078 4333 ex
1136 4280 1344 4336 aedibus
1373 4283 1694 4349 optimatum
1729 4282 1954 4339 collecta
1985 4300 2124 4354 pra:-

546 4371 701 4425 l'ectis
726 4371 903 4424 aerarii
937 4373 1070 4442 regii
1101 4373 1295 4427 tradita
1325 4372 1424 4428 fuit
1455 4391 1471 4428 :
1500 4383 1692 4430 statuae
1717 4391 1936 4446 quoque
1961 4379 2127 4445 depo-

2226 3182 2484 3245 narratio,
2527 3184 2579 3236 in
2619 3187 2868 3252 sequenti
2904 3185 3142 3252 capitulo
3177 3186 3348 3255 palam
3384 3185 3494 3249 fiet,
3539 3181 3630 3236 ubi
3671 3182 3810 3238 belli

2221 3273 2530 3327 Amidensis
2561 3274 2846 3330 historiam
2881 3290 3200 3346 persequor.

2877 3410 3032 3468 CAP.
3074 3414 3142 3466 Χ.

2650 3524 2725 3577 De
2765 3526 3117 3594 redemptione
3150 3527 3374 3582 Amida.

2294 3633 2538 3688 Cavades
2573 3650 2688 3698 rex,
2727 3651 2848 3691 cum
2885 3639 2953 3692 ab
2991 3639 3124 3692 urbe
3157 3639 3370 3702 Amida,
3411 3639 3486 3692 uti
3525 3653 3688 3708 supra
3727 3638 3814 3694 di--

2225 3728 2368 3773 ctum
2399 3731 2502 3786 est,
2532 3737 2652 3777 cum
2681 3725 2922 3779 exercitu
2951 3727 3270 3792 discederet,
3298 3728 3521 3795 reliquit
3549 3730 3619 3783 ibi
3650 3730 3807 3798 Eglo-

2227 3826 2348 3865 nem
2382 3815 2593 3880 ducem,
2628 3815 2869 3884 duosque
2900 3818 3204 3886 praefectos,
3234 3829 3288 3872 et
3320 3821 3426 3874 tria
3460 3821 3683 3876 circiter
3709 3823 3803 3876 mi-

2226 3902 2378 3955 litum
2425 3905 2590 3959 millia
2633 3909 2867 3976 prtesidii
2911 3924 3106 3978 causa,
3151 3926 3271 3966 cum
3314 3912 3526 3968 duobus
3574 3914 3804 3969 tribusve

2224 3996 2574 4070 eptimatibus
2605 4000 2830 4068 aliisque
2855 4003 3094 4068 ejusdem
3128 4005 3280 4059 urbis
3306 4005 3638 4060 hominibus.
3667 4004 3795 4059 Cum

2227 4099 2403 4140 autem
2450 4090 2692 4156 praedicti
2739 4093 3105 4148 Romanorum
3147 4095 3315 4151 duces
3350 4097 3602 4150 Amidam
3643 4112 3803 4165 expu-

2225 4196 2394 4250 gnare
2430 4199 2770 4253 nequaquam
2813 4189 3156 4252 potuissent,
3195 4187 3467 4244 Patricius
3501 4191 3716 4246 tandem
3752 4194 3799 4244 in

2225 4270 2516 4328 Persarum
2564 4285 2738 4330 terras
2785 4276 3103 4342 descendit,
3150 4279 3504 4350 captivosque
3550 4281 3712 4347 ferit,
3752 4292 3803 4338 et

2228 4366 2435 4418 munita
2465 4367 2690 4421 castella
2719 4367 2955 4422 obtinuit
2979 4387 2994 4423 :
3021 4369 3363 4427 Areobindus
3389 4387 3522 4428 vero
3551 4383 3607 4429 et
3636 4374 3799 4446 Hypa-

545 4461 663 4517 sitaa
685 4474 830 4531 sunt,
856 4473 910 4520 et
937 4462 1209 4533 horologia
1238 4463 1484 4533 (salaria)
1508 4472 1562 4519 et
1589 4465 1801 4534 publica
1827 4481 2115 4533 marmora,

2229 4457 2336 4511 tius
2375 4455 2585 4512 Nisibin
2633 4460 2870 4528 aggressi
2919 4470 3070 4526 sunt,
3112 4476 3423 4545 quanquam
3470 4464 3592 4532 ejus
3635 4467 3801 4519 muni-

546 4558 602 4602 et
633 4564 709 4605 ωε
741 4566 932 4616 onme,
961 4561 1017 4606 et
1051 4552 1311 4622 quidquid
1346 4552 1556 4607 libitum
1591 4553 1720 4616 fuit,
1760 4555 2124 4611 tumultuariis

547 4640 760 4709 scaphis
806 4632 1114 4711 impositum
1162 4660 1258 4714 per
1301 4644 1539 4716 Tigrim,
1585 4647 1675 4717 qui
1719 4658 1929 4716 partem
1973 4649 2124 4704 urbis

547 4732 865 4786 orientalem
897 4733 1230 4802 praeterﬂuit,
1263 4736 1317 4789 in
1345 4735 1621 4792 Persidem
1653 4737 2021 4794 deferebatur.

618 4821 880 4892 Conquiri
923 4823 1119 4879 deinde
1159 4841 1250 4880 rex
1288 4825 1450 4894 jussit
1488 4829 1641 4882 urbis
1681 4829 2032 4900 magistratus
2069 4840 2126 4888 et

548 4914 967 4980 gubernatores,
1001 4915 1159 4984 eique
1191 4917 1356 4972 oblati
1395 4929 1522 4974 sunt
1563 4919 1820 4976 Leontius
1858 4931 1914 4976 et
1951 4922 2126 4993 Cyrus

551 5002 871 5072 praefectus,
916 5005 1008 5072 qui
1057 5007 1165 5060 telo
1209 5007 1526 5064 vulneratus
1572 5010 1782 5077 fuerat,
1829 5012 2128 5083 reliquique

552 5097 736 5149 duces.
761 5093 896 5148 Nam
923 5110 1264 5152 oeconomum
1292 5100 1510 5169 quidem
1541 5101 1766 5157 Paulum
1794 5104 2126 5160 Bar-Zainab

552 5183 733 5238 Persae
766 5185 1190 5251 trucidaverant,
1225 5203 1294 5244 ne
1331 5190 1376 5244 is
1412 5191 1549 5246 forte
1585 5193 1695 5262 regi
1730 5193 1834 5246 vim
1874 5210 2122 5262 magnam

553 5275 670 5329 auri
703 5277 1072 5340 renuntiaret,
1102 5292 1219 5347 qua:
1249 5280 1388 5348 apud
1420 5281 1591 5348 ipsum
1620 5295 1894 5352 comperta
1926 5283 2123 5337 luerat.

553 5363 838 5418 Leontium
878 5368 1072 5422 deinde
1107 5378 1160 5423 et
1193 5369 1393 5439 Cyrum
1432 5382 1580 5427 veste
1614 5375 1830 5428 sordida
1873 5376 2088 5429 indutos
2111 5417 2124 5441 ,

556 5457 682 5510 l'une
726 5457 886 5510 suillo
929 5459 1084 5513 collis
1130 5461 1373 5531 illigato,
1417 5479 1718 5532 porcasque
1767 5465 2008 5520 fcinellas
2051 5469 2128 5520 eis

559 5549 914 5614 imponentcs,
937 5551 1318 5620 trahentesque
1344 5554 1577 5609 infantia:
1598 5570 1760 5610 Causa
1787 5557 2126 5611 clamabant:

562 5633 672 5686 Hoc
693 5638 982 5702 opprobrio
1015 5641 1156 5710 digni
1195 5628 1330 5695 sunt
1354 5644 1592 5712 prmfecti
1632 5647 1702 5699 illi
1739 5647 1829 5714 qui
1869 5648 2004 5701 male
2042 5665 2130 5700 ur-

560 5724 680 5776 bem
723 5741 874 5778 suam
919 5743 1192 5798 rcxerunt,
1236 5751 1405 5804 neque
1448 5738 1562 5804 cjus
1608 5738 1856 5805 populum
1903 5740 1968 5790 ab
2012 5740 2129 5792 irri-

2228 4548 2404 4603 tiones
2447 4563 2716 4618 occupare
2757 4549 2958 4606 frustra
3002 4553 3183 4606 conati
3233 4565 3384 4619 sunt,
3428 4555 3644 4610 civibus
3685 4557 3800 4611 licet

2227 4641 2504 4698 Romanos
2537 4644 3004 4709 desiderantibus,
3035 4644 3267 4715 ideoque
3301 4647 3613 4716 languidius
3647 4650 3800 4704 resis-

2229 4735 2485 4791 tentibus.
2511 4735 2591 4792 He
2618 4736 2890 4792 intellecta
2915 4737 3158 4793 Cavades
3186 4754 3312 4793 cum
3342 4742 3590 4796 exercitu
3620 4753 3798 4798 contra

2228 4826 2509 4880 Romanos
2540 4827 2818 4896 prolectus
2849 4837 2969 4894 est,
3000 4829 3093 4900 qui
3123 4843 3183 4885 se
3215 4828 3356 4901 t‘ngre
3386 4834 3800 4895 commiserunt,

2226 4918 2565 4972 Areobindus
2603 4919 2826 4989 quidem
2865 4934 2932 4976 ex
2977 4935 3110 4988 agro
3144 4921 3600 4990 Arzamenorum,
3637 4922 3806 4979 Patri-

2229 5008 2347 5064 cius
2373 5023 2503 5063 vero
2527 5019 2582 5064 et
2612 5009 2876 5081 Hypatius
2901 5027 2932 5064 e
2959 5011 3182 5081 Siphrin
3209 5015 3458 5081 castello,
3489 5016 3696 5071 relictis
3723 5029 3806 5070 ca-

2229 5100 2358 5155 stris
2389 5101 2904 5172 impedimentisqne
2935 5104 3070 5166 suis,
3099 5118 3163 5180 ac
3193 5105 3380 5160 multis
3408 5105 3566 5174 equis
3597 5107 3810 5176 (prater

2230 5191 2352 5246 illos
2390 5194 2588 5262 quibus
2623 5193 2724 5262 ipsi
2759 5193 3093 5264 insidebant)
3129 5196 3221 5264 qui
3256 5209 3315 5251 se
3350 5197 3579 5266 rupibus
3620 5196 3807 5266 praeci-

2229 5285 2370 5353 piles
2411 5287 2710 5349 dederunt,
2750 5296 2805 5341 et
2843 5287 2924 5341 vel
2972 5289 3214 5356 graviter
3248 5289 3523 5342 vulnerati
3569 5298 3697 5344 sunt
3732 5287 3811 5341 vel

2231 5378 2476 5430 distracti
2525 5378 2829 5445 perierunt.
2880 5379 3031 5434 Unus
3076 5381 3220 5435 inter
3263 5381 3365 5435 hos
3413 5382 3811 5436 Pbarazmenes

2233 5467 2462 5521 feliciter
2490 5485 2630 5538 saepe
2657 5471 2934 5539 pugnavit,
2965 5486 3229 5540 suumque
3257 5487 3454 5527 nomen
3481 5472 3692 5540 jamdiu
3721 5486 3809 5526 no-

2237 5571 2346 5612 tum
2377 5561 2889 5630 l'ormidandumqne
2916 5563 3098 5618 Persis
3125 5563 3457 5632 reddiderat,
3486 5581 3629 5634 quos
3655 5564 3813 5618 variis

2237 5653 2677 5720 aggressionibus
2727 5656 2954 5722 carptim
3007 5655 3283 5709 minuebat
3328 5659 3810 5725 consumebatque.

2239 5753 2304 5794 ita
2355 5754 2408 5796 ut
2460 5745 2630 5798 timidi
2680 5756 2800 5800 ante
2845 5747 3019 5810 ipsum
3067 5756 3409 5802 corruerent.
3460 5747 3553 5803 Hic
3603 5748 3810 5803 demum
