4042 6142
3618 106 3668 185 ἱ

360 214 501 281 1161
1420 209 1537 270 ΒΧ
1573 204 1935 269 HISTORIA
1974 159 2567 262 ECCbESIASTlCA.
2811 302 2822 315 .
3051 302 3064 321 ι
3173 301 3183 312 1
3463 159 3699 321 111625,

368 347 491 388 cum
526 327 834 399 quingentis
868 323 1140 396 equitibus
1166 321 1416 377 Amidam
1450 320 1712 385 accessit,
1744 317 1936 386 coepit-
1964 319 2014 375 Α
2041 313 2374 378 conditiones
2391 306 2688 377 Persisjam
2706 302 2997 399 debilitatis
3017 301 3248 399 obtulit
3262 301 3609 371 quamobrem

354 439 478 496 que
507 421 734 477 insidias
764 416 1202 482 struere'Pcrsis,
1229 415 1316 482 qui
1348 413 1654 483 pabulatum
1689 413 1740 465 in
1774 425 1940 479 pagos

352 516 624 577 “exibant,
667 526 804 582 quos
855 509 1048 579 partim
1079 506 1403 568 occidebat,
1446 505 1647 574 partim
1692 505 1943 575 gregibus

374 605 640 672 equisque
667 601 951 672 spoliabat.

442 695 549 749 Per
571 695 622 748 id
654 703 866 760 tempus
892 691 1318 751 Pharasmanem
1344 686 1478 741 adiit
1501 687 1581 741 vir
1601 687 1828 741 callidus
1848 685 1938 740 cui

358 784 929 846 ~nonten'Gadanas,-e
959 795 1097 851 pago
1122 779 1490 843 Acbealorum,
1517 793 1676 848 quem
1703 793 1802 849 ego
1830 778 1944 847 ipse

374 880 441 934 de
467 878 602 932 facie
625 876 774 941 novi,
799 874 1050 943 cepitque
1074 887 1194 926 cum
1224 886 1289 926 eo
1316 871 1599 924 consilium
1629 871 1787 926 dandi
1814 885 1944 939 ope-

375 987 489 1025 ram
528 980 647 1023 astu
684 967 953 1035 aliquo-ct
990 963 1178 1018 fraude
1214 975 1272 1016 ut
1307 962 1476 1031 Eglon
1509 960 1799 1016 Persarum
1836 963 1945 1015 dux

376 1077 497 1115 cum
543 1059 799 1113 trecentis
834 1056 913 1109 vel
952 1053 1359 1123 quadringentis
1397 1055 1667 1123 equitibus
1705 1069 1769 1109 ex
1814 1055 1947 1110 urbe

362 1152 639 1221 prodiret.
661 1148 1128 1202 'Clarns‘venalor
1160 1153 1280 1199 erat
1306 1144 1576 1200 ‘Gadunas
1612 1145 1945 1200 silvestrium

362 1243 640 1303 “ferarum,
668 1240 943 1319 perdicqu
975 1246 1031 1291 et
1057 1236 1453 1301 columbarum,
1478 1247 1704 1306 eratque
1732 1238 1781 1292 ei
1814 1237 1949 1294 liber

376 1340 633 1387 accessus
662 1331 726 1383 ad
759 1327 1041 1399 Eglonem,
1074 1328 1159 1380 cui
1194 1327 1259 1380 ile
1289 1343 1388 1380 suo
1419 1340 1616 1382 venatu
1650 1340 1833 1398 partes
1863 1329 1949 1383 oi-

366 1422 609 1485 ‘ferebat,
652 1436 847 1474 mensae
888 1433 1102 1488 quoque
1142 1417 1381 1487 ejusdem
1428 1420 1731 1486 adhibitus;
1772 1436 1801 1474 a
1844 1435 1952 1490 quo

368 1512 620 1566 vicissim
670 1513 875 1564 urbana
921 1510 1095 1563 nliicia
1139 1508 1287 1562 haud
1330 1519 1476 1564 certe
1522 1510 1747 1564 minoris
1791 1511 1946 1580 pretii

382 1603 727 1669 impetrabat.
764 1601 858 1655 llic
884 1602 1108 1654 tandem
1144 1600 1329 1669 Egloni
1366 1601 1520 1662 dixit,
1555 1602 1823 1656 Romanos
1858 1617 1949 1671 pe-
1982 1664 1983 1667 η

368 1697 523 1749 ρῠίιθε
548 1696 632 1748 vix
663 1708 879 1762 aequare
905 1694 1272 1748 centenarium
1305 1710 1615 1755 munerum,
1643 1712 1763 1749 cum
1799 1698 1951 1764 quin-

374 1787 560 1851 gentis
591 1785 883 1854 equitibus,
902 1793 1214 1853 septemque
1246 1785 1464 1840 circiter
1494 1800 1744 1852 passuum
1786 1785 1949 1839 utilli-

369 1877 486 1930 *bus
525 1875 593 1928 ab
630 1874 763 1929 urbe
803 1877 994 1929 abesse
1034 1875 1087 1927 in
1132 1874 1249 1929 loco
1289 1875 1432 1928 dicto
1475 1874 1677 1929 "abero
1723 1874 1953 1931 Rohen:

384 1981 556 2033 quare
585 1966 758 2019 amice
787 1965 835 2019 ei
868 1965 1237 2028 suadebat,‘~ut
1269 1964 1335 2017 ad
1369 1965 1653 2033 pnedauda
1685 1976 1952 2031 armenta,

370 2054 709 2112 ‘0ccideudos
736 2055 1032 2121 Romanos,
1061 2054 1399 2125 gloriamque
1429 2055 1531 2110 sibi
1563 2055 1954 2110 coiit-iliandam

371 2147 646 2219 .prodiret.
683 2145 827 2201 Misit
856 2156 1048 2200 tamen
1092 2144 1260 2215 Eglon
1301 2146 1702 2215 exploratores,
1738 2147 1829 2216 qui
1861 2162 1956 2201 τε·

382 2243 558 2311 gressi
606 2254 805 2309 paucos
850 2240 1122 2293 Romanos
1158 2252 1433 2307 equosque
1472 2254 1530 2292 se
1570 2238 1766 2293 vidisse
1807 2238 1959 2293 dixe-

372 2340 536 2385 erunt.
560 2328 700 2384 Tum
724 2330 999 2385 accinctus
1025 2328 1192 2406 Eglon
1220 2343 1341 2383 cum
1368 2328 1778 2400 quadringentis
1803 2329 1956 2400 equi-

371 2422 529 2479 tibus
548 2422 704 2483 exiit,
729 2419 1203 2493 ipstttn‘Gadanam
1228 2419 1370 2474 mulo
1393 2418 1706 2490 impositum
1730 2418 1957 2484 ducens.

385 2525 416 2567 ε
434 2525 542 2579 quo
564 2510 617 2563 in
642 2508 833 2563 mediis
856 2508 1224 2564 [tuttmnorum
1248 2509 1460 2562 insidiis
1479 2509 1808 2565 constitutus
1823 2507 1955 2563 fuit:

383 2609 549 2669 atque
583 2600 652 2654 ita
690 2598 881 2653 Persas
915 2597 1143 2653 [tertiani
1177 2598 1449 2655 occisione
1479 2599 1831 2667 occiderunt,
1864 2611 1957 2652 ca-

373 2703 591 2762 ‘pulque
627 2690 844 2758 Eglouis
877 2691 927 2745 in
961 2691 1243 2746 castellum
1276 2691 1537 2748 tulerunt.

461 2782 586 2835 llaec
616 2783 789 2836 cmdcs
812 2780 925 2835 tilio
952 2781 1172 2851 Eglonis
1200 2798 1452 2854 magnum
1481 2798 1769 2840 maerorem
1794 2783 1963 2842 irati—

375 2888 495 2941 ~que
529 2872 747 2941 injecit;
783 2875 1023 2943 praefecti
1058 2885 1237 2930 autem
1274 2878 1546 2933 cautiores
1581 2878 1795 2945 redditi,
1827 2879 1961 2943 civi-

379 2964 492 3018 bus
546 2964 783 3019 obsessis
844 2969 983 3019 baml
1077 2966 1329 3037 deinceps
1399 2970 1609 3036 copiam
1687 2970 2031 3053 faciebantc

386 3054 618 3109 exeundi
651 3057 715 3108 ad
736 3058 1022 3137 nundinas,
1045 3074 1163 3128 qum
1197 3074 1362 3127 prope
1392 3061 1587 3114 tnmnia
1608 3060 1837 3139 ﬂebant,
1857 3077 1962 3131 quo

389 3146 577 3198 rustici
607 3147 811 3210 vinum,
844 3148 1082 3201 triticum
1112 3147 1327 3219 aliaque
1355 3150 1407 3203 id
1441 3166 1611 3218 genus
1636 3166 1667 3205 e
1697 3151 1844 3221 pagis
1870 3154 1961 3205 de-

387 3232 652 3300 ferebant,
679 3247 734 3288 ut
752 3236 943 3291 Persis
968 3253 1120 3306 a-que
1147 3253 1213 3294 ac
1239 3240 1447 3293 civibus
1472 3242 1765 3295 venderent
1794 3259 1807 3294 :
1838 3259 1958 3295 nam

389 3327 579 3381 delecti
621 3329 828 3397 equites
869 3330 1085 3380 obviam
1131 3328 1280 3393 facti,
1322 3332 1555 3385 rusticvs
1597 3331 1956 3399 excipiebant,

387 3425 551 3487 atque
585 3417 637 3471 in
676 3419 863 3472 urbem
899 3420 1239 3473 deducebant
1276 3438 1289 3472 :
1329 3437 1622 3490 ncnioque,
1650 3422 1804 3489 juxta
1843 3423 1959 3475 lan-

388 3509 618 3564 dabilem
644 3509 927 3565 Persarum
954 3511 1121 3581 legem
1147 3512 1280 3582 (‘12),
1306 3528 1563 3583 pagorum
1590 3514 1778 3567 incolis
1799 3514 1957 3581 quid-

387 3616 549 3670 quam
595 3605 804 3671 eripere
847 3603 1106 3670 audcbat;
1148 3607 1239 3657 sed
1287 3606 1337 3658 bi
1382 3620 1476 3673 pro
1521 3606 1669 3659 iibito
1711 3620 1797 3658 res
1836 3621 1960 3661 suas

384 3695 564 3762 pretio
600 3697 931 3760 vendebant,
975 3697 1322 3764 vicissimque
1361 3698 1412 3749 in
1450 3698 1671 3749 urbanis
1709 3698 1959 3750 nundinis

385 3797 509 3853 qua:
550 3785 650 3838 sibi
696 3800 830 3856 Opus
876 3794 1031 3839 erant
1079 3787 1417 3840 coemebant.
1465 3785 1843 3839 Verumtamen
1890 3789 1960 3841 ob

382 3872 607 3944 Eglonis
652 3874 876 3944 ejusque
919 3883 1252 3928 armatorum
1295 3876 1532 3940 eaedem,
1579 3877 1658 3929 lue
1709 3879 1960 3930 nundinae

385 3967 683 4032 desierunt,
710 3979 767 4021 et
795 3967 885 4034 qui
917 3966 1106 4034 reliqui
1139 3972 1297 4018 erant
1329 3967 1380 4018 in
1415 3965 1544 4020 urbe
1572 3968 1882 4036 optimates,
1907 3979 1960 4022 ct

384 4056 665 4117 hominum
701 4059 870 4112 ferme
904 4059 1087 4112 decem
1127 4058 1290 4111 millia
1332 4059 1383 4111 in
1419 4060 1649 4113 stadium
1691 4061 1957 4129 quoddam

386 4147 595 4201 detrusi
629 4148 846 4202 inerunt
876 4163 905 4199 a
937 4148 1198 4201 militibus
1230 4149 1560 4202 custoditum
1597 4167 1612 4202 :
1644 4150 1735 4218 qui
1770 4151 1960 4204 alimo-

386 4237 473 4290 nia
508 4237 751 4291 destituti
790 4238 924 4291 mori
948 4251 1263 4306 coeperunt,
1298 4250 1579 4307 postquam
1618 4256 1712 4294 sua
1750 4242 1960 4295 calcea-

2045 405 2357 460 sedentibus
2384 405 2435 456 in
2466 399 2612 455 urbis
2640 406 2788 469 porta
2818 395 3185 452 Romanorum
3218 392 3613 461 Persarumque

2046 499 2306 564 ducibus,
2344 498 2565 551 exibant
2602 494 2720 549 sine
2755 495 2922 546 armis
2958 494 3131 551 Persa:
3169 488 3425 559 quidquid
3464 495 3612 556 pole-

2048 601 2170 645 rant
2191 605 2372 645 secum
2403 589 2634 642 ferentes
2659 604 2672 641 :
2702 587 2790 656 qui
2818 598 2995 647 autem
3020 600 3050 644 c
3073 584 3281 636 civibus
3304 596 3396 636 eos
3422 595 3617 649 srquc-

2046 680 2262 747 bantur,
2306 683 2456 749 optio
2505 679 2584 735 eis
2639 677 2957 734 nominatim
3013 675 3200 737 iicbat,
3244 684 3301 726 ut
3333 671 3614 740 siquidem

2048 790 2270 830 manere
2310 773 2533 834 vellent,
2577 770 2794 834 liceret;
2839 783 2993 824 secus
3041 766 3210 820 libere
3261 780 3380 817 cum
3434 762 3617 817 Persis

2046 868 2259 922 abirent
2295 885 2309 920 :
2346 875 2510 933 atque
2547 863 2618 924 ita
2652 876 2716 917 ex
2759 861 2890 915 urbe
2929 861 3219 929 migratum
3263 856 3380 911 fuit.
3418 854 3616 911 Cavadi

2048 968 2226 1013 tamen
2259 969 2472 1016 centum
2501 969 2663 1021 supra
2694 953 2838 1006 mille
2863 951 2977 1005 auri
3010 951 3186 1021 pomlo
3217 951 3340 1001 data
3372 956 3494 1001 sunt
3526 961 3622 1017 pcr

2046 1048 2289 1105 Celerem
2324 1046 2670 1115 magistrum,
2704 1043 2993 1107 redempta:
3026 1039 3176 1093 urbis
3207 1038 3462 1107 pacisque
3494 1048 3617 1105 prec

2052 1141 2207 1193 tium.
2227 1136 2467 1195 Fmderis
2483 1133 2804 1202 conscriptas
2829 1130 3022 1185 tabulae
3045 1130 3152 1199 regi
3178 1130 3243 1182 ad
3268 1127 3619 1183 subscriben-

2049 1230 2176 1289 dum
2226 1227 2420 1285 oblatae
2469 1226 2715 1286 fuerunt;
2764 1222 2854 1293 qui
2903 1220 3223 1288 interposito
3271 1233 3482 1283 somno,
3530 1230 3625 1286 per

2050 1319 2223 1373 visum
2254 1316 2570 1387 admenitns
2603 1323 2685 1370 est
2724 1329 2790 1369 ne
2825 1327 3010 1383 pacem
3047 1319 3424 1379 componeret;
3458 1322 3626 1377 quare

2051 1417 2400 1478 experrectus
2424 1410 2680 1476 scriptum
2707 1404 2992 1468 conscidit,
3013 1411 3067 1457 ct
3090 1402 3140 1456 in
3170 1399 3469 1464 Persidem,
3490 1413 3624 1451 auro

2053 1515 2233 1555 secum
2265 1498 2468 1564 ablato,
2503 1498 2748 1552 recessit.
2785 1494 2951 1549 Porro
2985 1493 3386 1548 Pbarazmencs
3420 1488 3538 1543 urbi
3570 1496 3628 1543 et

2056 1590 2249 1646 ince‘lis
2280 1589 2721 1643 adtuinistratnlis
2754 1588 3048 1650 remansit,
3078 1586 3169 1656 qui
3205 1584 3407 1640 tributo
3433 1583 3629 1637 immu—

2058 1700 2154 1739 nes
2186 1683 2406 1738 decreto
2439 1681 2669 1738 Cwsaris
2709 1697 2803 1751 per
2836 1681 3182 1748 septenniutn
3221 1677 3471 1743 fuerunt;
3507 1686 3631 1730 eos-

2054 1789 2160 1842 quc
2190 1772 2418 1841 benigne
2449 1775 2743 1834 tractabat,
2772 1778 2828 1824 et
2859 1768 2949 1838 qui
2977 1783 3006 1822 e
3034 1766 3351 1836 captivitate
3383 1765 3631 1820 redibant

2055 1864 2331 1919 beneﬁciis
2354 1863 2604 1927 ornabat,
2622 1868 2958 1930 cunctosque
2979 1874 3077 1930 pro
3099 1858 3436 1929 singulorum
3460 1857 3629 1927 gradu

2056 1956 2276 2027 pacillce
2316 1955 2623 2025 excipiebat
2663 1970 2678 2008 :
2721 1953 3075 2024 quamobrem
3119 1951 3312 2019 civitas
3354 1951 3534 2022 quiete
3577 1957 3630 2005 et

2059 2051 2446 2121 tranquillitate
2476 2049 2581 2109 frui
2612 2050 2804 2120 coepit,
2824 2057 2991 2119 atque
3019 2048 3246 2116 :ediiicia
3277 2049 3329 2113 in
3361 2046 3633 2113 menibus

2055 2144 2239 2214 augeri
2276 2160 2292 2196 :
2329 2142 2394 2196 ad
2436 2156 2666 2211 eamque
2710 2142 2909 2206 missus
2949 2151 3034 2205 est
3075 2141 3360 2213 episcopus
3395 2139 3633 2207 Tltomas

2059 2232 2377 2295 monachus,
2422 2231 2505 2295 vir
2544 2230 2819 2302 paciﬁcus,
2862 2232 3035 2287 comis
3080 2240 3243 2303 atque
3293 2229 3627 2295 misericors.

2058 2321 2281 2393 Insuper
2307 2321 2398 2383 Dei
2423 2322 2767 2393 providentia
2799 2321 2926 2386 illuc
2953 2321 3178 2387 adduxit
3204 2322 3272 2387 de
3301 2321 3635 2389 mouasterio

2056 2412 2429 2476 Cati-raeorum
2472 2412 2782 2474 Samuelem
2828 2411 3143 2484 quemdam,
3188 2411 3361 2469 virum
3401 2409 3634 2490 justum,

2058 2516 2112 2560 ct
2145 2504 2528 2567 miraculorum
2558 2513 2932 2577 operatorem,
2966 2504 3120 2561 nodis
3148 2500 3500 2576 (dtetuounm)
3530 2514 3632 2560 ex:

2058 2597 2341 2669 pediendis
2378 2596 2656 2661 idoneum,
2692 2594 2782 2667 qui
2823 2596 2940 2652 suis
2980 2597 3231 2667 precibus
3271 2595 3460 2663 urbem
3502 2608 3637 2665 ςᾳιιτ

2062 2687 2317 2754 servarit,
2345 2697 2401 2743 et
2425 2686 2724 2761 quamlibet
2753 2686 2963 2747 civibus
2990 2701 3146 2759 opem
3183 2686 3458 2757 praestitit,

2697 2823 2850 2879 CAP.
2891 2822 2980 2885 XI.

2499 2940 2574 2994 De
2605 2939 2733 2995 urbe
2771 2938 2916 3007 Dara
2947 2938 3182 3001 condita.

2136 3056 2387 3113 Graviter
2424 3055 2715 3109 admodum
2752 3054 3025 3125 increpuit
3080 3052 3408 3111 Anastasius
3450 3051 3639 3115 Caesae

2066 3149 2344 3205 licinanos
2373 3147 2575 3201 milites
2606 3159 2908 3217 eorumque
2941 3145 3129 3208 duces,
3178 3145 3273 3215 qui
3321 3144 3386 3197 ad
3422 3145 3636 3213 imperii

2065 3220 2402 3309 metropolim
2460 3248 2584 3307 post
2646 3238 2846 3299 bellum
2906 3235 3182 3295 Persicum
3248 3246 3638 3305 pervenerunt,

2062 3335 2190 3400 quia
2238 3333 2449 3385 scilicet
2485 3332 2630 3391 baud
2672 3345 2738 3391 ex
2790 3331 2909 3401 ejus
2961 3329 3254 3395 sententia,
3304 3344 3466 3400 quam
3529 3328 3638 3385 Deo

2062 3420 2333 3490 placuisse
2387 3418 2663 3487 sperabat,
2723 3418 2922 3476 bellum
2970 3433 3229 3485 prospere
3277 3432 3399 3471 cum
3454 3415 3639 3495 Persis

2062 3514 2390 3582 gessissent,
2435 3526 2614 3580 neque
2641 3525 2735 3564 cos
2762 3510 2953 3575 armis,
2992 3511 3086 3564 sed
3121 3524 3254 3563 amo
3284 3527 3311 3561 a
3345 3525 3402 3563 se
3445 3509 3635 3583 misso,

2061 3603 2255 3656 Amida
2281 3603 2638 3669 expulissent.
2682 3599 2757 3652 illi
2795 3609 2985 3655 contra
3017 3615 3077 3654 se
3118 3603 3419 3669 purgabant
3455 3585 3657 3668 dicem.

2065 3704 2144 3745 tes
2194 3694 2418 3752 arduum
2463 3691 2627 3744 luisse
2665 3690 2865 3753 bellum
2895 3705 3017 3745 cum
3065 3705 3189 3762 rege
3218 3706 3427 3759 gerere,
3475 3706 3636 3758 quem

2064 3785 2189 3840 licet
2223 3784 2503 3852 Assyrium
2532 3792 2584 3835 et
2609 3783 2840 3844 hostem,
2874 3781 3013 3839 Deus
3046 3791 3223 3839 tamen
3254 3782 3306 3833 in
3336 3781 3634 3835 Romanam

2062 3876 2319 3929 ditionem
2371 3874 2676 3929 immiserat
2731 3882 3075 3941 peccatorum
3123 3887 3284 3925 causa
3334 3874 3636 3939 puniendo-

2065 3982 2205 4028 rum,
2241 3976 2294 4016 ut
2327 3964 2553 4032 ipsemet
2595 3962 2737 4025 Deus
2779 3964 3173 4029 ailirmaverat;
3223 3974 3419 4032 praeter
3472 3982 3630 4033 quam

2061 4058 2203 4125 quod
2235 4055 2476 4121 exercitu
2512 4056 2674 4109 etiam
2705 4056 3179 4110 valdecuumeroso
3216 4056 3449 4124 stipatus
3490 4068 3630 4112 erat.

2061 4149 2141 4202 Ad
2190 4147 2398 4205 Nisibin
2446 4150 2589 4216 quod
2638 4149 2854 4211 attinet,
2901 4162 3019 4202 eam
3071 4163 3293 4216 prorsus
3336 4153 3631 4221 expugnari

2064 4257 2167 4294 non
2200 4240 2461 4310 potuisse,
2518 4240 2740 4293 absente
2763 4240 2887 4293 licet
2922 4254 3065 4306 rege,
3110 4241 3486 4296 deﬁcientibus
3518 4243 3634 4296 ido-

385 4338 567 4383 Inenla
599 4339 652 4383 et
686 4338 928 4383 stercora
957 4332 1336 4394 comederunt,
1370 4341 1530 4399 atque
1562 4332 1771 4384 urinam
1809 4331 1957 4386 bibe-
1990 4330 2034 4385 D
2066 4334 2181 4389 neis
2215 4333 2501 4393 machinis,
2549 4333 2694 4385 nullo
2726 4332 2894 4400 quieti
2926 4342 3203 4386 noctttrnte
3234 4334 3407 4402 asylo,
3438 4335 3631 4397 Itoma—

388 4431 538 4485 rant,
582 4432 856 4488 postremo
901 4422 1040 4474 inter
1078 4438 1134 4475 sc
1181 4432 1367 4475 mutuo
1406 4425 1603 4474 saevire
1646 4434 1958 4491 crepet-ant,

384 4511 556 4564 donec
593 4527 756 4580 prope
786 4528 976 4567 onmes
1012 4515 1317 4584 consmupti
1354 4521 1479 4567 sunt
1514 4531 1527 4566 :
1563 4514 1652 4582 qui
1691 4523 1869 4568 autem
1905 4515 1959 4569 in

385 4601 562 4654 stadio
583 4602 686 4655 vivi
711 4601 1110 4671 superfuerant,
1136 4614 1394 4672 tanquam
1423 4606 1618 4658 mortui
1645 4622 1673 4658 e
1697 4607 1962 4676 sepulcris

384 4695 712 4759 prodeuntes
754 4708 817 4746 ex
864 4695 996 4747 urbe
1035 4693 1240 4746 dimissi
1285 4701 1432 4745 sunt.
1474 4693 1709 4747 Femina:
1750 4708 1962 4763 quoque

383 4781 529 4835 fame
557 4782 793 4836 efferata:
826 4785 969 4837 viros
1001 4786 1196 4851 passim
1232 4782 1419 4836 fraude
1452 4783 1641 4836 callida
1675 4785 1951 4839 artiﬁciis-

384 4886 489 4938 que
528 4873 923 4927 circumventos
966 4875 1282 4929 orcidebant
1323 4877 1510 4943 eisque
1555 4876 1952 4937 vescebantur;

386 4964 456 5016 ita
500 4972 558 5016 ut
594 4965 690 5018 viri
736 4964 872 5017 ultra
909 4967 1233 5034 quingentos
1270 4981 1297 5018 a
1337 4966 1550 5020 feminis
1587 4968 1753 5019 vorati
1794 4968 1895 5019 sint
1939 4980 1953 5024 :

386 5065 638 5124 tantaque
670 5057 766 5110 fuit
799 5058 850 5110 in
884 5061 981 5111 bac
1013 5060 1143 5112 urbe
1171 5058 1330 5112 futuis
1357 5058 1637 5113 calamitas
1668 5068 1722 5111 ut
1757 5059 1950 5111 Sama-

384 5146 479 5198 ria:
501 5161 562 5198 ac
588 5146 969 5215 Hierosolyma:
991 5149 1281 5212 excidium,
1306 5149 1370 5202 de
1394 5150 1573 5215 quoin
1598 5162 1693 5200 sua
1719 5147 1951 5202 llistoria

380 5231 669 5303 Josepbus,
705 5238 1060 5305 superaverit.

455 5326 538 5380 Ad
559 5339 860 5382 extremum
888 5328 1285 5383 Pbarazmcnes
1310 5330 1373 5381 ad
1398 5328 1586 5381 urbem
1613 5343 1948 5398 progressus,

455 5505 568 5575 (i2)
606 5507 677 5558 De
726 5506 828 5560 hac
881 5506 1096 5558 militari
1149 5506 1434 5559 Persarum
1485 5506 1600 5575 lege
1643 5503 1948 5575 confcrysis

382 5572 687 5646 {tagttienta
719 5579 932 5643 politica
968 5575 1111 5627 Petti
1147 5579 1386 5642 magistri
1415 5596 1440 5630 ιι
1475 5572 1558 5629 me
1582 5578 1722 5630 edita
1756 5576 1805 5626 in
1835 5572 1951 5627 Col-

673 5675 942 5733 Pnnor..
978 5674 1094 5731 (in.
1140 5673 1364 5734 LXXX
1383 5676 1449 5732 l'.

2062 4428 2145 4482 nis
2178 4424 2418 4481 castellis
2469 4424 2626 4492 longe
2663 4423 2893 4485 dissitis,
2929 4424 3264 4476 ctcxcrritui
3302 4425 3634 4491 continendo

2062 4521 2282 4589 ineptis,
2334 4530 2533 4588 praeter
2563 4534 2792 4571 annona:
2834 4530 2887 4571 ct
2933 4535 3082 4586 aquae
3135 4520 3439 4587 penuriam.
3498 4520 3633 4573 Uine

2062 4614 2446 4679 imperatorem
2508 4612 2770 4678 rogabant
2831 4620 2887 4662 ut
2939 4613 3127 4662 urbem
3177 4606 3412 4678 ailjnam
3468 4627 3632 4678 pr0pc

2063 4711 2305 4754 montem
2352 4701 2605 4753 l'abrirari
2654 4700 2960 4764 mandaret,
3007 4716 3126 4767 qua:
3155 4703 3414 4754 exercitui
3450 4704 3633 4770 periu-

2060 4789 2201 4854 gium
2233 4796 2375 4840 esset
2405 4796 2457 4839 et
2488 4788 2671 4847 statio,
2702 4802 2976 4839 armorum
3016 4787 3250 4852 oﬂiciua,
3309 4798 3363 4841 ct
3393 4790 3632 4857 regionis

2061 4880 2307 4933 Arabica:
2338 4878 2647 4947 praesidium
2680 4879 2938 4933 adversus
2973 4878 3168 4934 Persas
3205 4883 3442 4933 latrones
3470 4893 3632 4947 atque

2062 4970 2399 5023 Ismaelitas:
2433 4986 2594 5045 porro
2626 4970 2711 5022 alii
2748 4969 2965 5031 Duram,
3001 4972 3087 5024 alii
3124 4973 3459 5040 Ammoniiam
3497 4974 3631 5027 auli-

2064 5060 2328 5112 ﬁcandattt
2366 5060 2781 5112 Il-lll:‘.i(‘llti.tllt\'e
2815 5051 3135 5114 suadeimnt.

2136 5151 2277 5215 Ergo
2329 5150 2620 5216 imperatur
2677 5149 2903 5202 Timma:
2937 5154 3138 5205 Amida:
3186 5156 3439 5221 episeopo
3486 5155 3628 5208 tttisii

2059 5241 2339 5309 epistulari:
2370 5259 2486 5292 cum
2521 5244 2875 5297 architectis;
2923 5247 3009 5310 qui
3062 5262 3183 5295 cum
3235 5249 3383 5298 urbis
3433 5245 3629 5299 futura:

2064 5330 2324 5399 graphide
2358 5334 2504 5383 venit
2534 5335 2597 5384 ad
2632 5332 2926 5397 (Σιρειιιυιιι,
2980 5335 3063 5386 cui
3097 5334 3296 5403 placuit
3345 5352 3468 5404 cum
3503 5352 3617 5404 pro.

2059 5503 2186 5586 lcet.
2224 5502 2425 5586 Vatgt.
2467 5503 2533 5586 ll,
2565 5520 2628 5586 p._
2652 5505 2776 5565 594,
2812 5505 2897 5557 ubi
2929 5522 3106 5565 sermo
3136 5519 3217 5563 ρει
3251 5508 3313 5560 de
3357 5507 3473 5577 ipso
3504 5523 3633 5586 rege

2068 5574 2306 5629 l'lterozc
2331 5573 2574 5628 Car-adis
2600 5578 2900 5638 decessore.

3251 5678 3317 5753 3.7.
