4042 6142
492 316 684 396 Ἥδϐ

1564 307 1959 368 ZACIIARLE
2000 303 2427 365 MITYLENES
2464 302 2803 364 EPISCOI’I

3659 298 3793 362 1164

551 448 738 493 cerum
775 428 1006 486 consilio
1041 425 1266 487 ut'Dara
1294 420 1676 475 :rdiﬁcarctur.
1727 417 2021 472 Prtefectus
2054 428 2118 468 co
2150 422 2192 476 Α
2225 417 2490 470 mansisse
2520 434 2532 469 :
2589 413 2864 483 sirmrlque
2909 419 3194 466 accuratas
3226 418 3279 465 et
3330 410 3517 463 ﬁrmas
3560 410 3794 468 rationes

548 537 790 592 tempore
827 529 945 575 erat
974 515 1333 577 Pbilresimus,
1365 512 1446 565 vir
1479 510 1635 565 fortis
1654 520 1708 565 et
1743 509 1990 578 sapiens,
2028 522 2120 574 pe-

548 615 723 669 cuniae
749 611 972 666 nrinirue
1005 606 1258 675 cupidus,
1299 604 1400 659 sed
1431 616 1638 670 aequus,
1679 609 1734 655 ct
1764 615 1889 669 erga
1922 614 2120 668 Oper-as

552 716 929 775 pauperesque
958 698 1270 753 benevolus.
1306 698 1446 750 Dum
1479 696 1659 764 itaque
1696 694 1989 762 imperator
2016 691 2120 744 bcl-

549 799 806 847 huncum
845 789 1144 844 Tamaritis
1178 789 1406 857 aliisque
1448 786 1695 840 hostibus
1725 793 1961 854 gereret,
2003 799 2118 835 cer-

549 900 655 938 tam
706 884 825 937 auri
869 896 1135 937 summam
1191 880 1413 934 Thema:
1467 878 1726 946 cpisc0po
1776 876 1949 939 dedit,
2001 876 2118 943 pagi

549 975 752 1046 (Dar‘w)
803 973 1038 1043 pretium
1085 970 1177 1040 qui
1225 968 1481 1023 Ecclesia:
1530 966 1911 1038 patrimonium
1960 970 2119 1026 erat;

545 1080 717 1135 eoque
744 1075 928 1133 erupto
961 1072 1187 1117 cunctos
1229 1060 1466 1114 advenas
1510 1059 1582 1112 ibi
1621 1059 1876 1127 degentes
1916 1055 2122 1109 dimisit

547 1160 773 1222 liberos,
832 1155 1083 1210 domibus
1115 1151 1453 1223 singulorum
1510 1150 1760 1219 arcisque
1807 1147 2118 1217 coemptis:

552 1252 616 1305 ad
655 1250 803 1304 urbis
840 1261 967 1301 vero
995 1245 1285 1300 aediﬁcium
1326 1242 1489 1297 rmrlta
1522 1252 1748 1298 centena
1780 1241 1896 1295 auri
1945 1239 2120 1309 pondo

544 1338 932 1408 suppeditavit,
964 1335 1318 1405 iuratumque
1349 1331 1511 1387 ﬁdem
1549 1332 1689 1386 dedit
1740 1345 1799 1386 se
1826 1330 2121 1385 liberaliter

546 1427 807 1497 quidquid
832 1426 1121 1494 cpiscopus
1152 1421 1509 1492 etpendisset
1537 1429 2037 1489 compensatnrurn,
2068 1427 2122 1472 et

548 1519 816 1576 neminem
848 1517 1094 1571 mercede
1136 1511 1446 1565 fraudatum
1472 1510 1539 1565 iri
1567 1527 1581 1564 :
1614 1511 1851 1579 denique
1882 1510 2119 1577 amplum

547 1613 791 1666 edictum
827 1608 1106 1678 proposuit
1130 1608 1195 1659 de
1225 1604 1359 1660 urbe
1398 1604 1466 1658 ad
1499 1613 1687 1658 ntttum
1720 1602 1954 1671 episcopi
1986 1603 2118 1656 aedi-

549 1702 785 1765 ticanda,
817 1709 872 1753 et
895 1700 960 1753 de
994 1696 1257 1768 augendis
1287 1694 1592 1749 artiﬁcibus
1621 1705 1787 1762 atque
1815 1693 2021 1761 Oper-is,
2065 1701 2120 1747 et

545 1800 610 1850 de
640 1792 864 1847 materia
890 1787 1105 1845 trdiﬁcii
1159 1787 1397 1858 undique
1433 1786 1804 1840 convehenda.
1853 1784 1997 1837 Misit
2041 1785 2122 1837 irr-

545 1899 709 1954 Super
739 1881 1039 1950 scalptores
1071 1878 1270 1932 multos
1299 1889 1461 1945 atque
1494 1877 1628 1931 artis
1677 1875 1927 1928 muraria:
1968 1875 2122 1943 upiﬁc

543 1993 658 2041 eos,
691 1986 744 2030 et
766 1975 882 2044 lege
908 1973 1053 2028 cavit
1095 1980 1154 2026 ut
1178 1985 1337 2026 neruo
1366 1970 1568 2025 laboris
1600 1968 1681 2023 sui
1715 1969 1939 2038 praemio
1966 1984 2121 2022 care-

548 2078 629 2122 rr-t
658 2087 672 2124 :
711 2067 797 2122 bis
833 2066 1032 2135 quippe
1060 2063 1468 2118 conditionibus
1502 2062 1685 2116 urbem
1715 2060 2036 2130 quantocius
2069 2059 2120 2112 in

548 2158 759 2226 imperii
788 2157 984 2212 ﬁnibus
1014 2157 1338 2209 aediﬁcatum
1366 2154 1432 2207 iri
1468 2153 1821 2224 iutelligebat.

612 2251 781 2306 Porro
822 2250 1136 2317 episcOpus,
1183 2261 1306 2300 cum
1343 2244 1435 2298 Dei
1473 2260 1573 2314 ope
1617 2245 1767 2300 urbis
1799 2246 2124 2301 aediﬁcanda.-

548 2345 763 2398 initium
813 2339 1059 2405 fecisset,
1115 2337 1376 2407 prmsides
1429 2339 1772 2408 incorruptos
1809 2340 1956 2406 aperi
1990 2355 2116 2407 pra:-

550 2434 733 2504 posuit
765 2429 988 2500 Cyrum,
1021 2430 1310 2490 Adamnm,
1347 2438 1510 2496 atque
1544 2427 1937 2498 Entycbianum
1964 2445 2123 2497 pres-

547 2527 784 2596 byteros,
816 2505 1073 2576 diaconos
1129 2530 1307 2571 autem
1360 2518 1740 2587 Paphnutium,
1763 2517 2039 2589 Sergium,
2073 2531 2125 2574 et

544 2614 839 2677 Joannem,
880 2613 1122 2681 aliosque
1165 2626 1228 2663 ex
1278 2612 1487 2664 Amidae
1516 2611 1701 2664 clero:
1757 2612 1977 2680 ipseque
2012 2612 2122 2679 cpi-

549 2726 747 2780 scopus
797 2725 940 2778 sirpe
966 2708 1082 2762 loco
1134 2711 1343 2769 aderat,
1393 2719 1594 2773 eosque
1630 2704 1914 2765 inviscbat,
1968 2713 2126 2768 atque

446 2820 466 2842 ο
544 2802 761 2854 abunde
832 2799 1057 2867 pecunia
1118 2794 1417 2850 artiﬁcibus
1489 2803 1652 2862 atque
1714 2793 1889 2844 munis
1953 2807 2126 2858 Operae

560 2890 866 2945 hominibus
893 2890 1011 2943 sine
1045 2888 1149 2942 ulla
1184 2885 1372 2939 fraude
1402 2884 1635 2937 dabatur
1662 2901 1678 2948 ;
1726 2884 1794 2935 ita
1826 2891 1882 2933 ut
1931 2880 2124 2947 singuli

552 2987 606 3039 in
644 2987 783 3038 diem
827 2983 1169 3051 perciperent
1228 2994 1391 3032 unum
1423 2975 1597 3030 danek
1651 2975 1792 3046 (quze
1843 2984 1926 3027 est
1977 2981 2125 3025 sexta

2222 506 2559 574 perscripsit,
2596 505 2789 570 quibus
2821 502 3231 558 demonstrabat
3254 501 3574 554 universum
3602 516 3789 555 aurum

2221 597 2287 650 ad
2336 613 2393 651 se
2426 598 2652 650 missum
2698 596 2749 648 iu
2780 610 2918 667 pago
2962 595 3028 648 ad
3069 593 3218 648 urbis
3277 592 3504 645 formam
3558 593 3791 662 dignita-

2225 699 2440 756 temque
2488 687 2782 756 redigendo
2823 684 3247 753 consumpsisse.
3305 682 3444 735 Dara
3494 692 3674 735 autern
3728 684 3795 736 ab

2225 776 2568 844 imperatm-is
2601 775 2815 828 nomine
2840 772 3271 841 AnastaSiOpolis
3304 771 3447 826 dicta
3478 756 3627 825 fuit.‘

2297 889 2500 944 Deinde
2532 887 2771 943 Thomas
2798 886 3197 958 Eutycbianum
3227 887 3611 955 presbyterum
3645 883 3795 938 urbis

2225 981 2457 1049 primum
2494 980 2805 1052 episcopum
2840 979 3206 1043 consecravit,
3236 977 3551 1048 vigilantem
3587 978 3791 1038 virum,

2223 1083 2277 1126 et
2311 1073 2691 1142 gerendarum.
2710 1087 2888 1126 rerum
2920 1070 3178 1141 peritum,
3224 1069 3384 1137 eique
3433 1068 3795 1138 pronuntiatu,

2227 1164 2277 1217 id
2305 1173 2389 1218 est
2438 1164 2507 1217 ab
2535 1162 2813 1218 Amidensi
2842 1158 3222 1232 iurisdictione
3255 1160 3681 1227 exemptionem,
3718 1170 3797 1211 at-

2227 1256 2596 1311 tribuil.‘lluic
2642 1257 2891 1312 assiduus
2920 1256 3104 1313 socius
3132 1265 3248 1310 erat
3284 1254 3523 1311 Joannes
3553 1256 3795 1325 quidam,

2224 1351 2428 1402 Amidae
2480 1349 2738 1413 nutritus,
2796 1362 3106 1418 quanquam
3154 1356 3316 1417 gente
3368 1346 3668 1411 Romanus,
3712 1348 3796 1400 cui

2226 1451 2501 1493 tonsuram
2535 1439 2765 1494 contulit
2816 1437 3186 1510 Eutycbianus
3234 1449 3398 1507 atque
3451 1443 3797 1509 presbytera-

2228 1541 2362 1591 tnm,
2423 1530 2662 1599 fecitque
2705 1530 3010 1600 syndicum,
3061 1539 3117 1584 et
3166 1530 3421 1584 comitem
3471 1529 3689 1583 itineris
3735 1529 3799 1583 ad

2223 1623 2432 1691 imperii
2475 1620 2816 1692 metropoliur
2870 1636 3055 1675 secum
3098 1620 3288 1674 duxit.
3345 1619 3567 1675 Caesare
3619 1630 3796 1674 autem

2174 1761 2191 1786 ,
2226 1723 2516 1779 convento,
2566 1713 2747 1768 dotem
2814 1712 2880 1767 ab
2912 1727 2977 1767 eo
3032 1711 3276 1766 ecclesiae
3320 1726 3431 1766 suae
3479 1713 3796 1778 reportavit.

2180 1787 2193 1807 ’
2221 1803 2446 1871 Insuper
2474 1803 2816 1858 Abrabantus
2862 1803 3080 1871 quidam
3116 1802 3395 1858 Bar—Cbili
3427 1801 3800 1856 'l'clebrauen-

2225 1893 2322 1954 sis,
2353 1908 2417 1946 eo
2443 1901 2686 1961 tempore
2711 1892 2959 1947 notarius
2983 1893 3178 1947 comite
3214 1902 3493 1962 assumpto
3516 1892 3805 1960 Ephra-ruo

2224 1985 2456 2053 quodam
2494 1984 2728 2048 Telensi,
2778 1992 2999 2039 secutus
3027 1992 3112 2038 est
3156 1983 3555 2055 Eutycbianurn
3595 1985 3802 2053 episeo-

2226 2091 2373 2144 pum,
2421 2091 2451 2128 ει
2492 2090 2598 2144 quo
2630 2076 2917 2146 presbyter
2946 2077 3251 2142 ordinatus,
3285 2076 3484 2131 IlllSSttS
3513 2074 3610 2130 fuit
3644 2092 3802 2130 cura-

2227 2182 2311 2222 tor
2344 2169 2557 2224 aediﬁcii
2597 2170 2912 2224 balneorum
2944 2168 3245 2239 regiorum,
3293 2176 3348 2221 et
3379 2168 3613 2236 denique
3660 2181 3803 2223 arcer

2227 2272 2502 2317 nomatum
2554 2258 2810 2314 Ecclesia:
2855 2257 3106 2314 obtinuit.
3169 2256 3352 2312 Ca'sar
3404 2268 3585 2310 autem
3640 2256 3804 2323 Engy-

2228 2355 2425 2407 cbiano
2448 2352 2584 2408 dona
2620 2350 2874 2416 c0ntulil,
2926 2365 3141 2405 sacram
3178 2350 3436 2404 nimirum
3485 2350 3802 2418 supellecti-

2228 2449 2353 2511 lem,
2406 2447 2601 2503 etauri
2648 2445 2752 2499 vim
2786 2446 2853 2501 ad
2907 2444 3143 2513 ingentis
3178 2442 3443 2497 Ecclesirc.
3490 2444 3803 2504 mrirlirimrr,

2228 2556 2462 2609 cumque
2493 2554 2560 2594 ex
2609 2540 2732 2594 aula
2784 2536 3013 2592 dimisit.
3064 2536 3408 2604 (huteroquin
3456 2549 3647 2602 parum
3707 2534 3807 2588 fuit

2228 2636 2507 2701 superstes
2559 2632 2647 2686 hic
2693 2630 3020 2700 episcopus;
3062 2629 3219 2695 eique
3264 2630 3531 2682 successit
3566 2627 3804 2681 Thomas

2231 2725 2572 2790 liesiuensis,
2599 2723 2783 2776 Midiae
2817 2723 2981 2786 (illus,
3007 2731 3128 2774 ortu
3156 2719 3273 2774 Bon
3300 2736 3463 2785 anus,
3487 2722 3581 2788 qui
3604 2722 3809 2772 Arni-lie

2231 2831 2342 2873 erat
2379 2830 2715 2873 ceconomus.
2753 2814 2851 2870 Hic
2888 2829 3060 2868 navus
3090 2814 3169 2867 vir
3190 2824 3334 2877 erat,
3369 2823 3423 2866 et
3467 2813 3802 2882 ncgotiorurn

2230 2910 2584 2978 gerendorum
2609 2922 2831 2977 gnarus,
2854 2905 3182 2972 ebur-umque
3210 2905 3449 2959 habebat
3482 2918 3805 2973 magnopere

2234 2998 2499 3052 Joannem
2530 2995 2838 3066 syndicum,
2870 3004 3091 3064 propter
3121 2995 3238 3061 ejus
3265 2994 3575 3062 mquitatern
3607 3007 3669 3045 ac
3703 3007 3798 3045 ve-

553 3089 683 3145 pars
715 3075 1056 3137 drachmaz);
1099 3083 1152 3122 et
1178 3070 1268 3136 qui
1298 3068 1600 3136 jumeuturn
1655 3065 1943 3125 habebant,
1988 3063 2124 3114 duos
2155 3079 2199 3139 ρ
2234 3063 2573 3143 fecundum;
2616 3085 2749 3140 Cum
2792 3063 2971 3139 auium
3009 3085 3135 3139 sede
3178 3099 3273 3137 sua
3329 3084 3398 3137 ob
3455 3084 3573 3137 “dei
3625 3085 3807 3136 uelum

553 3163 753 3220 danek.
785 3161 860 3215 Ex
888 3162 989 3215 hac
1015 3160 1163 3214 urbis
1185 3157 1547 3212 aediﬁcatione
1576 3155 1725 3207 tnulti
1752 3154 1964 3206 divitias
1989 3169 2127 3206 corn-

540 3263 851 3328 .pararunt;
895 3264 1128 3319 cumque
1172 3249 1352 3316 operis
1396 3257 1448 3300 et
1491 3244 1755 3298 mer-crdis
1789 3259 1956 3311 aquae
1983 3241 2125 3294 fama

566 3342 988 3419 percrebuisset,
1045 3340 1291 3394 certatim
1347 3350 1411 3389 ex
1467 3336 1674 3388 oriente
1726 3344 1888 3401 atque
1927 3346 2127 3384 meast!

542 3436 811 3493 ‘muraria:
851 3434 989 3486 artis
1020 3429 1242 3499 opiﬁces
1274 3426 1696 3491 concurrebant,
1743 3440 1837 3477 nec
1868 3439 1969 3476 nou
2000 3439 2128 3490 ope-

556 3543 674 3582 rtun
708 3523 970 3596 prml‘ecti,
1028 3520 1116 3589 qui
1145 3533 1274 3573 suas
1307 3530 1596 3569 crumeuas
1642 3514 1819 3566 cuncti
1873 3514 2131 3578 ianeve-

557 3627 722 3681 runt;
763 3614 956 3669 merito
993 3621 1047 3664 et
1099 3609 1284 3663 favore
1312 3606 1573 3675 episcopi,
1615 3603 2126 3667 liberalishonrinis,

550 3707 728 3763 comis
776 3715 938 3772 atque
980 3699 1221 3769 benigni,
1264 3699 1351 3765 q’ui
1403 3695 1634 3749 Ctesaris
1673 3694 1803 3762 justi
1848 3695 2130 3763 promissis

552 3774 992 3852 conlisus‘erat:
1044 3805 1213 3860 quare
1246 3790 1388 3842 intra
1428 3787 1702 3840 biennium
1772 3785 2130 3838 trientriurnve

554 3897 933 3945 consummato
962 3896 1146 3952 opere,
1198 3884 1326 3933 urbs
1376 3879 1427 3931 in
1475 3878 1683 3946 imperii
1720 3877 1915 3930 ﬁnibus
1968 3875 2127 3928 veluti

552 3994 777 4052 germen
808 3976 1104 4045 quoddam,
1136 3972 1312 4026 subito
1341 3970 1608 4039 apparuit.

632 4094 729 4148 Ubi
760 4092 833 4145 rei
870 4089 1113 4142 notitiam
1150 4086 1360 4153 act-cpit
1384 4083 1644 4148 Cavades,
1677 4084 1862 4137 urbem
1888 4092 2131 4138 evertere

556 4186 706 4240 nisus
734 4190 817 4236 est
846 4197 861 4245 ;
902 4181 996 4233 sed
1057 4178 1281 4237 frustra,
1329 4174 1522 4227 validis
1554 4173 1698 4227 enim
1733 4174 1902 4228 muris
1933 4175 2127 4228 vallata

557 4284 673 4328 crat
702 4273 767 4326 ad
797 4270 1096 4325 incolarum
1133 4266 1620 4336 priangnaculum.
1661 4263 1889 4335 Regium
1917 4279 2130 4334 quoque

559 4366 808 4420 balneum
845 4375 896 4416 et
932 4360 1174 4431 speciosa
1207 4361 1399 4412 horrea
1433 4357 1695 4411 aediﬁcata
1734 4357 1971 4424 fuerunt,
2006 4372 2128 4411 cum

554 4457 877 4527 aqntrdnctu
915 4454 1004 4523 qui
1058 4454 1123 4504 ad
1171 4451 1383 4503 radices
1435 4449 1631 4500 montis
1672 4448 1951 4514 decurrit;
1988 4448 2128 4501 intra

554 4550 746 4603 urbem
782 4558 960 4599 autem
1012 4542 1229 4613 piscina:
1274 4538 1543 4592 mirabiles
1591 4540 1656 4591 ad
1690 4553 1842 4605 aqua:
1889 4549 2134 4606 reecpta.

560 4640 762 4695 culum.
820 4636 1057 4721 Operum
1106 4648 1237 4687 vero
1286 4640 1573 4686 exactores
1606 4645 1669 4684 ac
1698 4630 1952 4698 praesides
2001 4645 2136 4699 prte-

552 4726 771 4779 -claranr
798 4726 862 4777 de
886 4718 1150 4792 episcopo
1191 4719 1388 4773 farnam
1440 4722 1507 4771 ad
1540 4719 1805 4773 Ctesarem
1855 4718 2133 4786 perferen-

567 4818 692 4868 dam
759 4815 1044 4883 curabant,
1113 4813 1365 4866 videlicet
1419 4812 1485 4865 tle
1542 4811 1663 4878 eius
1707 4813 2026 4864 rectitudine
2070 4828 2135 4865 ac

555 4907 767 4973 justitia
786 4923 807 4958 ι
830 4921 1003 4972 quare
1030 4906 1127 4957 hoc
1158 4903 1376 4955 homine
1394 4902 1671 4969 Augustus
1720 4902 1947 4954 tnirilice
1982 4903 2129 4954 dele—

554 4997 988 5063 ctabatur,eiqne
1010 5006 1484 5061 quantumcunque
1510 4993 1623 5045 auri
1650 5009 1913 5046 summam
1930 4994 2129 5062 pcteuli

561 5087 828 5139 mittebat.
864 5083 1150 5137 Postremo
1175 5082 1411 5135 calculus
1442 5082 1609 5136 initus
1643 5094 1725 5136 est
1754 5084 1992 5152 pecuniae
2022 5085 2124 5137 ιιιιὶ-

561 5192 729 5231 versue
792 5192 912 5246 (prce
967 5174 1132 5227 missa
1196 5174 1422 5240 fuerat;
1494 5178 1876 5243 responditque
1931 5174 2128 5228 Cttsat'i

561 5270 870 5339 episccrpus,
908 5280 1098 5322 ICStettt
1132 5267 1296 5318 Deum
1323 5264 1606 5331 invocans,
1639 5281 1853 5317 onmem
1885 5282 2001 5316 eam
2038 5282 2130 5330 pe-

559 5358 772 5412 cuniam
828 5358 879 5410 in
917 5357 1208 5411 aedilicium
1260 5355 1425 5407 fuisse
1485 5356 1835 5424 insumptam,
1894 5358 2133 5424 nihilque

566 5460 644 5499 \ct
682 5451 732 5499 itt
790 5464 1080 5504 manusua
1130 5447 1212 5500 \‘t'l
1242 5447 1487 5501 ecclesia:
1540 5464 1649 5500 sua:
1693 5446 1997 5501 tlmolulttrtr
2053 5466 2133 5498 rc-

630 5621 743 5690 (ἱῦξ
792 5624 1020 5690 έῖ-ιβὶιιιιί
1085 5624 1241 5691 bujzrs
1315 5621 1561 5675 Latinam
1625 5621 2122 5689 interpretationem
2205 5636 2297 5678 sui:

555 5710 615 5765 ι.
648 5695 835 5746 υϋοϋυ.

2232 3183 2416 3250 pulsus
2464 3179 2584 3244 fuit,
2634 3192 2853 3233 secutus
2885 3187 2967 3231 est
2997 3193 3121 3230 cum
3160 3177 3389 3231 ﬁdeliter
3417 3177 3503 3230 hic
3537 3173 3811 3237 Joannes,

2231 3290 2389 3340 quem
2440 3273 2597 3325 etiam
2652 3272 3058 3339 curepiscopum
3108 3269 3258 3323 fecit.
3303 3266 3574 3320 Exsquvit
3616 3277 3808 3318 autem

2232 3364 2464 3418 Thomas
2497 3366 2653 3418 anuis
2707 3364 2925 3416 circiter
2977 3361 3065 3427 17,
3118 3362 3172 3416 in
3237 3360 3335 3414 ﬁde
3373 3376 3469 3413 sua
3517 3370 3805 3421 Constans.

2234 3468 2585 3525 mortuusque
2633 3468 2717 3510 est
2782 3455 3079 3510 indictione
3132 3454 3324 3518 tertia,
3390 3469 3497 3521 quo
3563 3462 3808 3520 tempore

2231 3550 2458 3602 Costues
2508 3546 2852 3598 ‘Anziochiam
2898 3544 3041 3613 cepit
3094 3544 3263 3611 (antro
3292 3542 3495 3597 Christi
3528 3540 3682 3610 550),
3728 3555 3806 3594 se-

2233 3642 2516 3709 pultusque
2542 3648 2625 3691 est
2655 3638 2706 3689 in
2738 3638 3069 3690 monasterio
3096 3635 3337 3698 Tirensi,
3366 3636 3456 3690 ubi
3489 3648 3656 3688 semet
3684 3650 3802 3685 cum

2234 3729 2514 3783 monachis
2548 3733 2993 3794 congregaverat,
3045 3725 3135 3793 qui
3170 3722 3418 3779 Mel'tlino
3461 3725 3529 3777 ab
3571 3722 3804 3777 Itusriuru

2232 3829 2526 3888 conspectu
2566 3817 2862 3886 fugerant;
2918 3828 2974 3871 et
2996 3814 3149 3884 juxta
3191 3814 3508 3885 episcolrurn
3549 3814 3666 3881 ejus
3696 3828 3806 3867 mo-

2234 3912 2480 3975 nastcrii,
2525 3913 2613 3978 qui
2644 3910 2715 3961 ibi
2754 3910 2960 3977 pariter
2991 3908 3340 3976 quiescebat,
3385 3906 3665 3976 depositus
3699 3914 3801 3959 est.

2864 4042 3015 4096 CAP.
3054 4041 3166 4095 Xll.

2601 4154 2679 4208 De
2727 4154 2939 4207 Marino
2985 4154 3292 4219 Apamecnsi

2310 4269 2441 4325 Post
2495 4269 2862 4324 Maccdonium
2935 4267 3253 4323 Timotheus
3306 4265 3803 4335 Constantinopolis

2235 4363 2518 4430 cpiscopus
2554 4361 2733 4415 factus
2762 4371 2866 4423 est,
2913 4360 2996 4412 vir
3030 4359 3369 4412 orthodoxus
3413 4356 3641 4427 (impius
3668 4356 3799 4410 scili-

2235 4466 2317 4509 cet
2361 4453 2753 4524 Eutycbianus)
2777 4493 2790 4515 ,
2814 4453 2966 4521 cujus
3002 4452 3201 4503 noruiui
3234 4466 3396 4519 opera
3425 4454 3801 4505 consentiunt:

2237 4547 2519 4599 honoratis
2555 4547 2700 4599 enim
2759 4546 2922 4598 Deum
2977 4545 3385 4611 interpretatur.
3441 4544 3572 4609 Ejus
3627 4540 3803 4595 diebus

2234 4636 2472 4690 Marinus
2499 4636 2716 4705 quidam
2749 4636 3106 4702 Aparnceusis
3138 4633 3368 4697 exstitit,
3421 4634 3507 4686 vir
3560 4632 3798 4699 vigilans,

2237 4716 2449 4791 dexter",
2482 4727 2742 4794 operibus
2777 4740 2965 4793 sagax,
3004 4725 3221 4793 sapiens
3270 4735 3322 4777 et
3349 4726 3561 4777 ductus.
3591 4725 3689 4776 llre
3720 4737 3801 4773 or-

2240 4819 2529 4872 thodoxam
2555 4819 2717 4872 etiam
2747 4818 2902 4871 ﬁdem
2936 4817 3167 4879 colebat,
3197 4828 3252 4868 ct
3282 4816 3633 4883 imperatoris
3683 4812 3805 4867 ami-

2238 4928 2355 4972 Cus,
2403 4928 2430 4963 a
2461 4911 2686 4964 secretis
2714 4919 2769 4963 et
2796 4909 3034 4961 consiliis
3061 4919 3181 4960 erat
3211 4927 3224 4961 :
3269 4909 3357 4975 qui
3393 4923 3511 4959 curn
3546 4921 3643 4975 per
3672 4906 3806 4955 vicos

2241 4998 2389 5049 rubis
2415 4997 2707 5055 incederet,
2741 5006 2831 5047 attt
2881 4995 3075 5049 alicubi
3134 5000 3369 5061 sederet,
3418 4996 3682 5064 quidquid
3720 4992 3807 5044 ob-

2243 5098 2460 5142 scrvatu
2497 5088 2714 5155 dignum
2746 5087 2795 5140 in
2849 5101 3078 5141 mentem
3116 5089 3214 5154 ipsi
3248 5087 3625 5149 succurrebat,
3673 5084 3807 5136 litte-

2233 5179 2306 5230 ris
2360 5180 2600 5232 mandari
2644 5179 2886 5245 jubebat.
2949 5181 3211 5233 Praeterea
3261 5180 3713 5231 atrarnentarium
3747 5172 3808 5225 ad

2232 5268 2505 5331 lectulum,
2533 5282 2827 5335 appeusnm
2860 5272 3092 5330 tenebat,
3123 5267 3524 5334 accensajuxta
3567 5263 3811 5335 pulvinar

2233 5360 2340 5415 luet
2370 5375 2470 5423 vita,
2510 5371 2562 5412 ut
2596 5360 2954 5430 cogitationes
3001 5376 3129 5414 suas
3174 5361 3226 5414 in
3273 5361 3462 5415 charta
3507 5356 3811 5413 describere

2234 5461 2324 5516 pri.
2395 5461 2442 5515 rt,
2500 5464 2639 5517 quas
2689 5460 2809 5506 orto
2865 5451 2977 5505 sole
3052 5452 3368 5521 imperatori
3442 5448 3808 5519 signiﬁcabat.

3369 5624 3573 5678 (hiem.
3631 5638 3668 5679 t.
3732 5617 3770 5672 il
3790 5654 3811 5684 ,

2448 5638 2507 5676 ex
2585 5624 2867 5677 Assernaui
2951 5622 3274 5678 Bib’iathcca
