4042 6142
509 362 669 437 Ὶιδτ

1551 358 1951 421 ZACIIARL’E
1994 360 2423 420 MI'l‘YLENES
2463 357 2799 418 EPISCOPI

3652 342 3784 410 1168

533 484 704 540 ,ιιιάεεί
730 479 882 537 nobis
918 477 1121 532 similes
1145 475 1354 530 tierent.
1386 470 1570 526 Occidi
1617 483 1821 538 autem,
1850 486 1987 539 quos
2022 485 2107 524 re-
2138 477 2180 531 A
2213 471 2505 525 liberarum
2551 464 3149 522 intolerabilesluctus.
3187 459 3313 512 Mihi
3356 470 3490 527 ergo
3524 456 3788 511 delibera-

535 576 673 647 peri,
707 573 786 627 bis
812 580 1027 626 centum
1061 577 1114 623 et
1135 567 1406 636 octoginta
1438 564 1788 620 sacetzdotesz
1822 562 2106 630 [Ethiopes

536 679 770 735 quoque,
806 661 897 731 qui
932 657 1214 713 ecclesiam
1245 653 1644 716 custodiebant,
1688 669 1790 705 una
1818 666 1942 705 cum
1976 651 2108 720 ipsis

536 775 565 811 e
593 757 775 811 medio
807 751 1000 807 susmli
1027 767 1042 816 ;
1075 765 1264 804 eorum
1297 763 1425 802 vero
1456 746 1744 802 ecclesiam
1774 745 1827 798 in
1868 756 2105 814 synagoo

534 865 654 917 gam
693 857 936 902 nostram
983 842 1246 899 converti.
1282 840 1434 894 Tunc
1465 840 1677 893 deorum
1720 851 1842 890 cum
1889 846 2106 890 centum

534 957 596 995 ac
625 940 809 1010 viginti
856 936 1095 990 millibus
1124 933 1403 988 hominum
1438 932 1502 983 ad
1533 928 1747 998 Nagran
1788 926 1989 996 regiam
2022 940 2111 977 eo-

537 1048 651 1085 rum
698 1030 884 1083 urhem
923 1037 1098 1081 castra
1133 1024 1272 1077 movi
1301 1038 1315 1074 :
1342 1035 1503 1088 quam
1540 1034 1660 1071 cum
1687 1018 1876 1070 diebus
1906 1006 2108 1080 aliquot

534 1125 735 1177 frustra
785 1132 1204 1188 Oppugnassem,
1261 1112 1583 1182 interposito
1619 1108 1977 1179 jurejurando
2022 1105 2104 1159 in-

534 1214 899 1271 columitatem
935 1210 1207 1279 pollicitus
1261 1222 1380 1261 sum
1418 1222 1430 1258 :
1466 1205 1648 1257 animo
1697 1212 1879 1253 tamen
1925 1198 2108 1252 datam

535 1305 859 1362 Christianis
906 1300 1157 1355 hostibus
1207 1299 1340 1352 meis
1394 1296 1550 1348 fidem
1599 1307 1703 1345 non
1755 1287 2105 1345 observandi.

535 1396 717 1461 Quare
747 1392 1018 1445 deditione
1072 1389 1210 1442 facta
1248 1384 1498 1456 pra'ecpi.
1549 1393 1607 1436 ut
1651 1395 1865 1446 aurum,
1914 1393 2108 1448 argen-

539 1497 672 1546 tum,
711 1494 765 1535 et
805 1496 993 1535 omnes
1015 1494 1145 1547 opes
1175 1493 1299 1532 suas
1340 1475 1663 1545 proferrent.
1697 1467 1946 1525 Prolatos
1984 1484 2104 1522 sos-

538 1576 655 1629 tuli.
733 1575 848 1627 Mox
925 1571 1148 1624 Paulum
1204 1583 1389 1622 eorum
1452 1567 1765 1635 episcopum
1833 1558 2104 1631 quaesivi:

535 1682 693 1736 queui
725 1678 847 1719 cum
891 1663 963 1716 illi
1005 1681 1035 1715 e
1067 1662 1202 1714 vivis
1239 1658 1352 1728 jam
1383 1656 1685 1711 excessisse
1728 1652 2107 1714 allirmassent,

538 1759 952 1825 haudquaquam
990 1753 1122 1822 ipsis
1164 1751 1320 1805 fidem
1353 1748 1605 1812 adhibui,
1641 1747 1812 1799 donec
1840 1741 2105 1797 tmnulum

2210 574 2322 616 tum
2359 574 2468 625 est,
2509 561 2592 613 bis
2635 559 2890 611 omnibus
2923 557 3082 607 linem
3137 555 3284 604 dare.
3324 550 3573 603 t'rforum
3609 550 3789 618 itaque

2211 652 2519 721 nuptiarum
2580 649 2695 703 dies
2747 646 3055 699 Imtissimos
3098 642 3250 709 exegi
3302 659 3314 693 :
3369 649 3426 691 et
3478 654 3618 691 llttttc
3669 639 3787 705 pari

2210 761 2332 796 eum
2398 742 2567 795 animi
2635 740 2738 795 mei
2795 737 2982 792 lwtitia
3047 735 3183 788 filias
3258 732 3500 801 virgines
3555 730 3792 799 quinque

2210 835 2430 890 Christo
2471 833 2752 902 despondi.
2804 830 2919 884 lluc
2963 843 3092 895 ergo
3144 826 3281 879 ferte
3329 823 3543 887 oculos,
3598 823 3790 895 sociat;

2213 924 2497 980 intuemini
2533 922 2768 977 sodalem
2794 930 3054 979 vestram,
3089 926 3329 971 vestrum
3357 915 3408 969 in
3442 929 3790 987 conspectum

2212 1036 2276 1073 eu
2328 1018 2569 1072 secundo
2613 1015 2992 1084 prodeuntem.
3030 1010 3485 1081 Quandoquidem
3535 1012 3590 1064 in
3631 1010 3792 1080 priori

2213 1111 2302 1164 illa
2343 1123 2584 1163 ineat-um
2612 1106 2921 1179 nuptiarum
2952 1120 3171 1176 pompa,
3206 1105 3359 1158 vobis
3394 1104 3650 1157 omnibus
3672 1118 3813 1175 spe-I

2210 1200 2509 1265 ctantibus,
2545 1200 2726 1270 s'ponsi
2762 1200 2960 1268 prioris
2992 1199 3210 1251 domum
3250 1195 3499 1248 traducta
3543 1208 3666 1247 sum
3700 1204 3796 1247 :et

2206 1307 2357 1346 nunc
2387 1298 2579 1361 aperto
2627 1289 2883 1343 similiter
2912 1287 3060 1340 vultu
3099 1286 3165 1340 ad
3212 1285 3493 1339 Christum
3528 1284 3715 1345 Deum,
3745 1290 3797 1337 et

2214 1401 2389 1441 meum
2475 1384 2822 1451 filiorumque
2879 1396 3121 1434 nieorum
3182 1377 3466 1431 Dominum
3513 1390 3793 1445 propero.

2211 1477 2684 1546 quemadmodum,
2725 1484 2775 1528 et
2820 1474 2934 1541 ipse
2987 1471 3239 1524 Christus
3290 1469 3359 1522 ob
3402 1483 3556 1521 suam
3595 1468 3650 1520 in
3699 1482 3796 1521 nos

2212 1568 2534 1622 charitatcm
2569 1567 2634 1618 ad
2688 1580 2785 1619 nos
2819 1562 3118 1620 descendit.
3157 1571 3211 1615 et
3245 1576 3342 1631 pro
3390 1559 3570 1613 saiute
3612 1565 3794 1613 nostra

2212 1645 2405 1727 passus
2437 1667 2542 1710 est.

2284 1747 2418 1802 Meis
2454 1761 2593 1825 ergo
2643 1745 2893 1799 insistere
2942 1742 3217 1809 vesngiis.
3265 1756 3362 1796 vos
3413 1739 3583 1793 etiam
3633 1746 3795 1806 atque

533 1853 651 1920 ejus
684 1849 815 1904 mibi
853 1845 1211 1903 ostenderunt
1243 1862 1257 1898 :
1291 1856 1391 1912 ego
1420 1856 1552 1894 vero
1583 1854 1705 1894 ossa
1755 1839 1879 1892 inde
1909 1847 2100 1891 extra-
2144 1824 2183 1878 Β
2213 1841 2375 1895 etiam
2422 1824 2572 1908 rogo,
2612 1851 2747 1890 neve
2792 1837 2995 1891 caduca
3045 1835 3157 1887 oris
3191 1833 3365 1886 forma
3423 1840 3789 1884 transversum

535 1952 620 1996 eta
655 1937 910 1994 cremavi.
962 1935 1257 1989 Ecclesiam
1305 1946 1519 2002 quoque
1570 1944 1778 1991 eorum,
1826 1940 1882 1980 et
1920 1940 2106 1980 sacer-

536 2035 710 2093 dotes,
743 2040 797 2083 et
823 2038 1083 2098 quotquot
1127 2027 1191 2078 ad
1237 2023 1525 2078 ecclesiam
1570 2019 1877 2088 confugisse
1919 2017 2108 2084 depre-

534 2123 721 2186 hendi,
758 2117 989 2171 llamuiis
1034 2114 1332 2183 absumpsi.
1383 2111 1646 2179 lteliquos
1680 2125 1807 2162 vero
1851 2109 2107 2173 erigebant

535 2213 814 2267 Clnistum
865 2222 1194 2274 cruccmque
1237 2205 1466 2274 cjnrare.
1528 2201 1678 2267 Quod
1728 2209 1905 2253 tamen
1939 2198 2013 2251 illi
2050 2212 2110 2251 se

534 2302 926 2357 commissuros
983 2303 1249 2364 negat-unt
1292 2291 1591 2358 :illumque
1625 2289 1790 2340 Deum
1838 2299 1960 2338 esse
1986 2326 2000 2348 ,
2054 2292 2107 2337 ct

535 2395 730 2450 Filium
761 2388 1032 2444 Benedicti
1084 2385 1462 2446 testabantur;
1496 2389 1550 2432 et
1587 2386 1819 2431 mortem
1864 2373 2004 2430 hanc
2035 2375 2102 2427 ob

534 2502 756 2544 causam
794 2482 1085 2552 eppetitam
1119 2481 1241 2531 vita:
1292 2473 1720 2543 anteponendam
1750 2467 2105 2521 afﬁrmabant.

537 2580 640 2633 Sed
676 2589 731 2632 et
754 2578 992 2646 ipsorum
1026 2571 1275 2640 princeps
1314 2567 1479 2621 multa
1518 2564 1801 2626 ell'utiens,
1829 2566 2110 2615 contume-

536 2673 622 2725 liis
685 2667 1003 2737 probrisque
1032 2678 1115 2715 me
1142 2662 1412 2714 incessere
1437 2673 1542 2711 non
1566 2655 1876 2711 verebatur.
1908 2651 2111 2707 Omnes

537 2765 718 2830 itaque
769 2772 958 2811 eorum
1013 2768 1265 2823 proceres
1315 2750 1438 2805 duci
1498 2750 1562 2802 ad
1607 2746 1930 2816 supplicium
1973 2744 2109 2811 jnssi

537 2862 682 2911 sunt.
719 2853 929 2905 Interea
964 2848 1195 2901 feminas
1229 2856 1286 2898 nt
1324 2844 1646 2898 maritorum
1688 2841 1894 2895 exitum
1931 2841 2110 2892 animo

536 2953 855 3014 reputantes
896 2940 1277 3007 t'csip‘scctettl
1331 2935 1704 2997 hortabamur,
1750 2931 1792 2985 si
1829 2930 1930 2986 sibi
1965 2929 2107 2984 suis-

537 3054 642 3107 que
666 3033 850 3088 liberis
881 3030 1188 3086 consultum
1207 3026 1433 3081 vellent.
1465 3023 1571 3078 Sed
1601 3022 1704 3076 illac
1729 3021 1865 3075 adeo
1900 3021 2109 3074 nostris

538 3121 1010 3181 adhertationibns
1045 3126 1331 3171 commotae
1377 3128 1481 3167 non
1512 3111 1753 3173 fuerunt,
1802 3119 1862 3163 ut
1891 3123 1921 3162 a
1949 3108 2111 3177 virgi-

539 3220 719 3280 nibus,
757 3227 891 3282 quas
937 3211 1051 3263 neri
1088 3209 1489 3265 addixeranms,
1536 3201 1589 3255 in
1619 3216 1683 3255 eo
1715 3208 2017 3268 praeventas
2053 3213 2111 3252 se

541 3312 707 3366 fuisse
738 3310 1225 3374 conquererentur,
1272 3306 1326 3350 et
1366 3296 1507 3349 ultro
1539 3297 1591 3347 in
1631 3292 1867 3346 medium
1901 3290 2109 3344 illarum

536 3415 727 3472 agmen
758 3399 1142 3463 irrumperent,
1179 3398 1344 3457 atque
1390 3402 1417 3439 a
1448 3386 1561 3441 suis
1592 3384 1807 3437 maritis
1849 3397 1906 3436 se
1932 3381 2111 3436 divul-

520 3510 622 3547 sus
651 3492 912 3543 dolerent.

599 3584 680 3638 iis
712 3596 844 3651 ergo
889 3578 1078 3631 ultimo
1131 3572 1394 3644 supplicio
1437 3569 1665 3635 affectis,
1708 3566 1937 3621 Romam
1974 3566 2113 3634 regis

530 3674 805 3742 designati
832 3685 1089 3735 uxorem,
1131 3666 1271 3721 datis
1322 3680 1388 3719 ex
1429 3672 1616 3717 nostro
1646 3660 1892 3714 exercitu
1929 3667 2111 3711 custo-

537 3768 734 3829 dibus,
789 3759 1164 3816 dimittendam
1210 3756 1537 3826 putavimus,
1588 3754 1634 3806 si
1686 3751 1828 3805 forte
1881 3752 2112 3804 filiarum

510 3854 1010 3913 commiseratione
1036 3861 1218 3920 capta,
1252 3847 1568 3916 religionum
1621 3843 1988 3899 Christianam
2023 3857 2109 3896 re-

546 3949 821 4020 podiaret,
868 3953 922 3999 et
952 3943 1232 3998 .ludaicam
1279 3938 1722 4008 amplecteretur,
1761 3935 1918 4001 tilias,
1960 3948 2112 4005 opes,

537 4042 783 4095 fortunas
817 4050 1005 4091 omnes
1036 4045 1342 4104 receptura.
1377 4032 1442 4083 At
1478 4031 1573 4092 illa,
1622 4038 1679 4083 ut
1711 4045 1739 4083 a
1771 4037 1957 4082 nostro
1993 4039 2113 4081 sese

537 4141 835 4200 conspectu
880 4127 1169 4197 proripuit,
1220 4123 1384 4178 nudat
1438 4130 1617 4189 caput,
1648 4129 1701 4175 et
1746 4129 1934 4189 aperto
1965 4116 2112 4170 vultu

538 4225 717 4295 prodit
748 4222 800 4276 in
829 4220 1122 4291 publicum,
1168 4217 1401 4271 mirante
1431 4212 1629 4285 populo
1661 4230 1675 4267 :
1701 4212 1972 4280 siquidem
1999 4208 2129 4278 ejus-

539 4316 735 4370 faciem
793 4328 859 4368 ex
912 4327 1021 4381 quo
1065 4312 1203 4363 facta
1260 4317 1378 4363 erat
1424 4303 1806 4378 grandiuscula
1842 4316 2013 4357 nemo
2061 4302 2113 4355 in

541 4410 658 4461 foro
690 4405 1056 4473 conspexisset
1089 4418 1101 4454 :
1133 4409 1294 4467 atque
1325 4414 1420 4466 per
1448 4400 1594 4452 vicos
1624 4396 1776 4450 urbis
1805 4404 1850 4447 et
1881 4394 2112 4461 compita

2208 1947 2307 1989 vos
2333 1931 2417 2002 agi
2452 1931 2646 1985 sinatis
2682 1946 2693 1981 :
2732 1945 2830 1981 nec
2858 1926 3002 1981 enim
3032 1941 3133 1996 ego
3167 1926 3323 1978 vobis
3351 1922 3533 1976 minus
3558 1920 3793 1975 formrsa

2210 2040 2329 2082 sum
2373 2025 2510 2078 :sed
2554 2032 2611 2076 et
2660 2022 2831 2089 ipsam
2885 2020 3025 2072 hanc
3074 2018 3509 2086 qualemcunque
3566 2014 3792 2065 formam

2211 2117 2499 2182 integrann,
2544 2123 2595 2167 et
2626 2110 2865 2166 Judaicze
2900 2106 3141 2176 perfidi-.13
3189 2106 3485 2158 imnmnem
3521 2104 3589 2155 ad
3640 2101 3797 2156 Chri-

2204 2215 2353 2260 stum
2396 2203 2665 2263 deferam,
2703 2210 2771 2252 rut
2815 2200 2928 2267 ipsa
2974 2197 3087 2249 uris
3140 2195 3350 2263 species
3404 2192 3634 2246 Domino
3682 2201 3797 2242 meo

2208 2294 2370 2348 tidem
2398 2291 2586 2353 faciat,
2617 2305 2704 2344 me
2747 2289 2815 2343 ab
2847 2287 2936 2340 illa
2989 2285 3040 2338 in
3064 2281 3414 2338 infidelitatis
3446 2280 3658 2335 crimen
3706 2280 3799 2334 ab-

2206 2383 2331 2438 duci
2367 2396 2706 2452 nequaquam
2738 2378 2978 2446 potuisse
3007 2393 3023 2428 :
3064 2382 3117 2427 ct
3147 2387 3367 2437 aurum,
3401 2381 3457 2427 et
3487 2380 3796 2439 argenturm.

2210 2485 2265 2530 et
2291 2476 2541 2544 ingentes
2567 2488 2700 2541 opes
2730 2470 3042 2530 ostcmlent,
3079 2465 3215 2519 nihil
3247 2465 3366 2533 ipso
3409 2463 3543 2516 mihi
3575 2460 3799 2515 eharius

2211 2567 2399 2623 foiSse.
2437 2566 2548 2620 Rex
2592 2550 2821 2634 namque
2857 2561 3156 2633 perduellis
3193 2557 3427 2613 salutem
3456 2552 3800 2609 incolomita-

2210 2668 2450 2729 temque,
2494 2658 2537 2712 si
2573 2656 2848 2711 Christum
2883 2655 3176 2724 ejnrarem,
3225 2648 3499 2720 promisit.
3544 2643 3654 2701 Sed
3705 2647 3800 2698 hoc

2212 2760 2423 2806 avertat
2472 2750 2633 2813 Deus,
2684 2747 2939 2813 sodales;
2976 2754 3205 2807 avertat,
3241 2743 3485 2811 inquam,
3535 2752 3605 2792 ne
3644 2734 3801 2792 Chri-

2212 2850 2354 2897 stum
2394 2839 2583 2902 Deum,
2622 2841 2673 2893 in
2715 2853 2873 2907 quem
2923 2836 3154 2900 credidi,
3194 2847 3340 2888 nunc
3383 2832 3630 2886 deseram
3655 2847 3681 2882 ‘:
3708 2827 3797 2882 sed

2211 2933 2429 3004 quando
2469 2945 2588 3000 ego,
2639 2940 2693 2983 et
2746 2928 2870 2981 filiae
2919 2928 2971 2980 in
3015 2925 3234 2980 nomine
3281 2921 3573 2976 Trinitatis
3618 2917 3796 2986 bapti-

2215 3032 2348 3079 zatze
2400 3020 2624 3084 fuimus,
2671 3018 2878 3074 Christi
2935 3031 3153 3071 crucem
3191 3014 3448 3076 adorare,
3507 3021 3563 3066 et
3601 3025 3701 3080 pro
3736 3022 3799 3062 eo

2218 3125 2447 3170 mortem
2473 3128 2595 3167 cum
2625 3113 2731 3165 vita
2778 3117 3138 3171 comnmtare,
3173 3121 3278 3160 una
3307 3121 3431 3160 cum
3465 3104 3571 3158 illis
3600 3112 3688 3157 est
3718 3115 3803 3155 ra-

2218 3218 2328 3260 tum
2372 3205 2501 3258 mihi
2536 3220 2551 3257 :
2581 3203 2847 3274 siquidem
2895 3211 2949 3255 et
2976 3199 3229 3255 Christus
3262 3212 3359 3267 pro
3399 3195 3549 3250 nobis
3576 3194 3802 3247 crucia-

2218 3310 2324 3361 tus,
2361 3308 2416 3352 et
2466 3306 2697 3353 mortem
2745 3295 2796 3349 in
2830 3309 2928 3350 sua
2961 3307 3127 3348 carne
3157 3302 3437 3364 perpessus
3467 3294 3570 3340 est.
3607 3284 3802 3352 Quare

2219 3407 2303 3446 res
2371 3391 2537 3445 hasce
2596 3389 2852 3452 caducas,
2916 3386 3170 3458 quamvis
3223 3383 3375 3438 modo
3435 3378 3625 3434 oculos
3678 3376 3801 3430 alli-

2214 3484 2398 3550 ciant,
2448 3482 2778 3552 cerporique
2830 3479 3185 3535 blandiantur
3229 3473 3559 3545 quandoque
3617 3482 3798 3523 tamen

2216 3589 2461 3638 casuras,
2485 3582 2676 3644 sponte
2707 3574 2921 3643 resigno
2944 3611 2960 3636 ,
2976 3584 3255 3641 perennes
3280 3578 3332 3623 et
3360 3574 3622 3635 perpetuo
3644 3577 3801 3617 111311·

2217 3680 2377 3721 suras
2409 3680 2539 3734 Opes
2571 3680 2600 3718 a
2644 3666 2871 3720 Domino
2917 3673 3233 3732 acceptura.
3265 3663 3310 3716 υ
3346 3675 3441 3714 vos
3470 3659 3680 3719 beatas,
3712 3670 3800 3709 so.

2215 3755 2387 3822 dales,
2436 3757 2482 3813 si
2530 3757 2689 3811 dictis
2741 3769 2904 3809 aures
2956 3752 3212 3807 dederitis
3267 3752 3426 3814 meis,
3478 3758 3535 3803 et
3582 3747 3794 3800 veritati

2217 3861 2435 3915 manus,
2489 3845 2877 3915 Christumque
2931 3846 3103 3900 Deam
3156 3843 3501 3907 dilexeritis,
3543 3855 3639 3908 pro
3694 3851 3798 3907 quo

2215 3957 2317 4014 ego
2342 3940 2347 3949 ’
2368 3950 2422 3997 et
2451 3941 2574 3996 ﬁliae
2601 3940 2894 3995 morimur!
2927 3937 3080 3991 Nunc
3108 3947 3285 3990 autem
3313 3950 3346 4002 p
3366 3952 3526 3997 metu,
3562 3942 3617 3984 et
3646 3942 3795 3983 trait-

2223 4033 2381 4105 quilla
2439 4042 2678 4102 tempora
2721 4030 2918 4100 populo
2949 4029 3039 4083 Dei
3078 4044 3270 4098 precor
3302 4046 3315 4079 :
3343 4026 3574 4079 fratrum
3611 4035 3664 4076 et
3707 4035 3794 4073 so-

2220 4139 2404 4203 rorum
2466 4125 2520 4178 in
2572 4124 2671 4177 hac
2725 4125 2859 4175 urbe
2912 4136 3009 4190 pro
3067 4120 3288 4203 (Ebrile
3343 4120 3792 4181 interemptarum

2219 4230 2383 4269 cruor
2421 4214 2521 4284 ipsi
2548 4228 2734 4267 murus
2766 4215 2877 4276 liat,
2905 4215 2948 4267 si
2982 4193 3162 4266 tanien
3193 4211 3419 4263 Domino
3454 4198 3796 4261 suo'Christo

2219 4313 2478 4373 perpetuo
2528 4305 2841 4357 adlnnserit.
2889 4304 2964 4357 En
3012 4304 3240 4355 tittvnter
3291 4301 3427 4353 urbe
3471 4299 3703 4359 exi-edo,
3748 4295 3795 4347 in

2219 4410 2323 4462 qua
2358 4394 2504 4448 velut
2535 4396 2584 4446 in
2622 4395 2950 4462 temporario
2984 4394 3217 4461 quodam
3254 4389 3560 4444 diversorio
3612 4388 3792 4441 hacte-

540 4498 855 4552 discorrens
904 4493 1141 4547 clamare
1176 4504 1240 4542 ac
1272 4488 1560 4541 vociferari
1613 4488 1753 4539 hunc
1796 4487 1848 4537 in
1894 4484 2109 4536 modum
2150 4499 2189 4552 ο
2221 4502 2321 4538 nos
2356 4497 2584 4539 versata:
2625 4501 2814 4538 sumus
2846 4500 2945 4551 ego
2976 4495 3031 4538 et
3073 4485 3196 4537 tiliae
3227 4500 3383 4544 mem,
3416 4482 3561 4533 illam
3607 4481 3791 4533 civita-

540 4588 728 4658 eorpit.
763 4584 1017 4638 Mulieres
1055 4579 1454 4648 Nagranenscs,
1485 4586 1751 4645 quotquot
1785 4575 1994 4627 adestis
2026 4589 2115 4626 so-

542 4680 711 4743 dales,
741 4677 1083 4738 Christianae,
1115 4670 1311 4725 Judtca:
1350 4680 1402 4723 et
1433 4669 1684 4738 gentiles,
1725 4668 1926 4719 audite.
1960 4665 2116 4720 Citri-

540 4772 773 4825 stianam
806 4784 888 4821 me
912 4782 1055 4830 esse,
1093 4774 1144 4817 et
1179 4778 1348 4831 genus
1380 4773 1434 4816 et
1463 4775 1692 4830 proavos
1727 4773 1877 4813 meo;
1922 4761 2116 4821 nostis,

543 4874 593 4916 et
635 4863 905 4931 ingentem
940 4859 1055 4911 auri
1094 4858 1419 4928 argentique
1455 4857 1688 4924 copiam,
1728 4850 2115 4920 patrimonium

545 4969 757 5023 quoque
804 4950 1158 5014 luculentum,
1216 4958 1269 5003 ct
1309 4964 1589 5002 servorum
1645 4956 1891 4999 caterv'as
1919 4955 2117 5012 pra-sto

545 5046 675 5097 mihi
710 5059 863 5109 esse;
898 5052 951 5095 et
979 5043 1022 5094 si
1060 5043 1244 5101 modo.
1290 5041 1548 5109 quoniam
1583 5054 1679 5106 pro
1711 5037 1929 5091 Christo
1962 5033 2118 5088 mari-

546 5147 630 5192 tus
659 5135 888 5198 interiit,
922 5149 1090 5188 novas
1124 5134 1340 5202 tntptias
1370 5124 1559 5202 optare
1588 5132 1774 5195 libeat,
1815 5144 1919 5183 non
1955 5128 2118 5180 defo-

548 5244 720 5284 toram
750 5230 922 5283 dotem
948 5244 1015 5282 ιγ
1059 5227 1283 5280 millium
1322 5239 1630 5285 aureorum,
1676 5233 1727 5274 et
1762 5230 1957 5289 pra‘ter
1990 5235 2119 5286 Opes

545 5321 613 5373 ab
637 5320 727 5373 illo
761 5319 888 5372 mihi
919 5318 1154 5380 relictas,
1184 5315 1443 5369 mundum
1493 5328 1658 5382 prope
1688 5312 1955 5365 infinitum
2001 5326 2115 5362 mo-

546 5410 754 5474 nilium,
797 5424 1154 5479 genunarum,
1199 5408 1266 5475 et;
1292 5404 1805 5473 pretiosissimarum
1842 5402 2115 5456 vestium:

548 5510 999 5570 perspectumque
1035 5499 1184 5552 vobis
1233 5505 1335 5561 est,
1370 5512 1472 5548 non
1509 5494 1642 5547 falso
1678 5494 1779 5548 ista
1835 5509 1861 5546 a
1914 5506 2002 5547 me
2029 5490 2113 5559 ja-

548 5593 706 5655 ctari,
747 5590 839 5643 sed
868 5605 966 5644 nec
996 5589 1123 5644 illud
1173 5604 1267 5642 vos
1296 5588 1464 5640 latere
1499 5585 1634 5648 scio,
1674 5585 1874 5638 tmllam
1901 5583 2117 5636 fernintc

546 5680 687 5734 diem
722 5680 1095 5747 optabiliorem
1125 5695 1245 5735 esse
1274 5680 1358 5735 die
1390 5676 1700 5748 nuptiarum
1737 5693 1749 5727 :
1786 5672 1911 5728 huic
1938 5683 2112 5727 autem

550 5769 840 5822 succedere
873 5784 1161 5838 mrumnas,
1205 5781 1455 5841 partuum
1498 5766 1734 5833 dolores,
1763 5775 1817 5820 et
1847 5767 1896 5819 in
1927 5762 2116 5819 fouere

2221 4586 2326 4631 tetu
2355 4587 2612 4631 aeternam
2639 4579 2962 4645 cogitantes.
2997 4577 3048 4628 in
3077 4591 3177 4644 qua
3207 4574 3502 4643 Sponsum,
3522 4573 3620 4624 cui
3657 4572 3795 4637 ipsas

2222 4669 2441 4731 tradidi,
2476 4679 2603 4720 sunt
2629 4668 2951 4720 iuventura‘.
2999 4666 3165 4720 Orate.
3193 4683 3287 4733 pro
3327 4679 3431 4725 me,
3463 4664 3706 4723 sodales,
3745 4668 3795 4709 Nl

2222 4758 2480 4811 llutninus
2520 4774 2672 4811 tuens
2703 4759 2954 4811 Christus
3009 4772 3094 4810 ine
3143 4757 3428 4824 suscipiat,
3463 4765 3519 4808 et
3559 4756 3797 4821 ignoscat

2221 4847 2373 4909 tnihi,
2397 4849 2832 4915 quatnluquidem
2867 4849 3103 4901 triduum
3132 4848 3327 4899 marito
3361 4857 3647 4913 superstes
3674 4839 3793 4894 sui.

2292 4938 2655 4992 Gliscentibus
2703 4955 2831 5007 ergo
2877 4955 2941 4992 ex
2993 4940 3126 4992 urbe
3168 4939 3504 4991 clamoribus
3564 4932 3794 4994 conciti,

2222 5033 2678 5098 perrontahamnr
2701 5033 2948 5095 reduces,
2987 5046 3122 5099 quos
3154 5045 3218 5083 co
3255 5029 3639 5097 lcgavcramns
3669 5037 3797 5076 num

2225 5125 2347 5185 tios,
2381 5138 2625 5189 quamam
2658 5126 2871 5174 tandem
2927 5122 3126 5175 insoliti
3179 5121 3322 5173 illius
3359 5119 3593 5185 eiulatus
3636 5127 3795 5169 causa

2220 5226 2386 5269 esset.
2438 5214 2549 5274 Isti,
2597 5228 2716 5280 qum
2770 5229 2891 5264 nrox
2943 5214 3319 5273 narrabamus,
3375 5208 3793 5261 renuntiarunt:

2225 5308 2452 5358 ltuntam
2486 5305 2756 5366 side-tiret,
2789 5301 3112 5355 feminarum
3153 5302 3342 5368 vulgus
3370 5300 3436 5350 ad
3471 5312 3567 5351 eos
3601 5296 3797 5347 clamn-

2222 5412 2308 5449 res
2341 5396 2642 5447 concitasse
2674 5412 2686 5446 :
2716 5395 2998 5446 custodum
3037 5407 3230 5460 nempe
3259 5389 3490 5459 segnitia
3530 5384 3795 5440 socordia-

2221 5505 2323 5555 quc
2354 5487 2552 5539 Lit-tum
2591 5487 2783 5547 fuerat,
2814 5494 2871 5536 ut
2911 5495 3114 5536 tantum
3147 5485 3360 5538 femina:
3394 5481 3608 5534 liceret.
3647 5476 3713 5528 Et
3744 5474 3797 5525 in

2219 5594 2312 5632 eos
2342 5576 2558 5645 quidem
2607 5576 2800 5627 ttllittto
2842 5574 3110 5643 supplicio
3155 5573 3596 5627 animadvertere
3627 5577 3797 5620 ratum

2220 5682 2362 5736 erat,
2393 5670 2493 5723 nisi
2534 5668 2585 5721 in
2632 5667 2902 5719 mitiorem
2937 5666 3260 5719 sententiam
3292 5643 3798 5731 quorumdam-pre-

2223 5777 2315 5817 ccs
2340 5776 2436 5815 nos
2472 5772 2657 5831 postea
2691 5759 2988 5814 ﬂexissent.
