  <div class='ocr_page' id='page_1' title='image "/cluster/home/n/w/nwhite01/storage/ocr_20150623/85/mdp.39015032042783/592.png"; bbox 0 0 4042 6142; ppageno 0'>
   <div class='ocr_carea' id='block_1_1' title="bbox 392 285 540 383">
    <p class='ocr_par' dir='ltr' id='par_1_1' title="bbox 392 285 540 383">
     <span class='ocr_line' id='line_1_1' title="bbox 392 285 540 383; baseline -0.007 -29"><span class='ocrx_word' id='word_1_1' title='bbox 392 285 540 383; x_wconf 30' lang='lat'><strong>.1169</strong></span> 
     </span>
    </p>
   </div>
   <div class='ocr_carea' id='block_1_2' title="bbox 1455 294 2591 375">
    <p class='ocr_par' dir='ltr' id='par_1_2' title="bbox 1455 294 2591 375">
     <span class='ocr_line' id='line_1_2' title="bbox 1455 294 2591 375; baseline 0.004 -20"><span class='ocrx_word' id='word_1_2' title='bbox 1455 294 1558 356; x_wconf 79' lang='lat' dir='ltr'><strong>EX</strong></span> <span class='ocrx_word' id='word_1_3' title='bbox 1591 296 1957 358; x_wconf 80' lang='lat' dir='ltr'><strong>HISTORIA</strong></span> <span class='ocrx_word' id='word_1_4' title='bbox 1996 298 2591 375; x_wconf 77' lang='lat' dir='ltr'><strong>ECCLESIASTICA.</strong></span> 
     </span>
    </p>
   </div>
   <div class='ocr_carea' id='block_1_3' title="bbox 3508 294 3656 379">
    <p class='ocr_par' dir='ltr' id='par_1_3' title="bbox 3508 294 3656 379">
     <span class='ocr_line' id='line_1_3' title="bbox 3508 294 3656 379; baseline 0 -22"><span class='ocrx_word' id='word_1_5' title='bbox 3508 294 3656 379; x_wconf 69' lang='lat' dir='ltr'><strong>me</strong></span> 
     </span>
    </p>
   </div>
   <div class='ocr_carea' id='block_1_4' title="bbox 416 392 3652 482">
    <p class='ocr_par' dir='ltr' id='par_1_4' title="bbox 416 392 3652 482">
     <span class='ocr_line' id='line_1_4' title="bbox 416 392 3652 482; baseline 0.003 -31"><span class='ocrx_word' id='word_1_6' title='bbox 416 410 421 423; x_wconf 81' lang='grc'><strong>’</strong></span> <span class='ocrx_word' id='word_1_7' title='bbox 473 395 615 453; x_wconf 83' lang='lat' dir='ltr'><strong>Ecce</strong></span> <span class='ocrx_word' id='word_1_8' title='bbox 646 404 829 454; x_wconf 88' lang='lat' dir='ltr'><strong>autem</strong></span> <span class='ocrx_word' id='word_1_9' title='bbox 857 401 925 456; x_wconf 87' lang='lat' dir='ltr'><strong>ab</strong></span> <span class='ocrx_word' id='word_1_10' title='bbox 954 400 1088 456; x_wconf 86' lang='lat' dir='ltr'><strong>urbe</strong></span> <span class='ocrx_word' id='word_1_11' title='bbox 1118 400 1317 458; x_wconf 89' lang='lat' dir='ltr'><strong>femina</strong></span> <span class='ocrx_word' id='word_1_12' title='bbox 1347 392 1973 470; x_wconf 39' lang='lat' dir='ltr'><strong>revertiturfbaccbanti</strong></span> <span class='ocrx_word' id='word_1_13' title='bbox 2005 413 2050 471; x_wconf 78' lang='grc' dir='ltr'><strong>Α</strong></span> <span class='ocrx_word' id='word_1_14' title='bbox 2084 424 2196 476; x_wconf 92' lang='lat' dir='ltr'><strong>rus,</strong></span> <span class='ocrx_word' id='word_1_15' title='bbox 2219 411 2486 466; x_wconf 84' lang='lat' dir='ltr'><strong>reveritus</strong></span> <span class='ocrx_word' id='word_1_16' title='bbox 2518 409 2840 466; x_wconf 79' lang='lat' dir='ltr'><strong>nobilissimi</strong></span> <span class='ocrx_word' id='word_1_17' title='bbox 2871 410 2973 465; x_wconf 91' lang='lat' dir='ltr'><strong>viri</strong></span> <span class='ocrx_word' id='word_1_18' title='bbox 3005 424 3199 482; x_wconf 76' lang='lat' dir='ltr'><strong>genus,</strong></span> <span class='ocrx_word' id='word_1_19' title='bbox 3237 417 3288 462; x_wconf 87' lang='lat' dir='ltr'><strong>et</strong></span> <span class='ocrx_word' id='word_1_20' title='bbox 3318 408 3463 478; x_wconf 88' lang='lat' dir='ltr'><strong>quod</strong></span> <span class='ocrx_word' id='word_1_21' title='bbox 3508 408 3652 461; x_wconf 82' lang='lat' dir='ltr'><strong>idem</strong></span> 
     </span>
    </p>
   </div>
   <div class='ocr_carea' id='block_1_5' title="bbox 401 481 1976 561">
    <p class='ocr_par' dir='ltr' id='par_1_5' title="bbox 401 481 1976 561">
     <span class='ocr_line' id='line_1_5' title="bbox 401 481 1976 561; baseline 0.009 -22"><span class='ocrx_word' id='word_1_22' title='bbox 401 487 625 554; x_wconf 76' lang='lat' dir='ltr'><strong>similis,</strong></span> <span class='ocrx_word' id='word_1_23' title='bbox 679 481 929 559; x_wconf 85' lang='lat' dir='ltr'><strong>nudoque</strong></span> <span class='ocrx_word' id='word_1_24' title='bbox 977 482 1190 561; x_wconf 84' lang='lat' dir='ltr'><strong>capite,</strong></span> <span class='ocrx_word' id='word_1_25' title='bbox 1246 503 1301 549; x_wconf 90' lang='lat' dir='ltr'><strong>et</strong></span> <span class='ocrx_word' id='word_1_26' title='bbox 1353 492 1492 550; x_wconf 88' lang='lat' dir='ltr'><strong>filias</strong></span> <span class='ocrx_word' id='word_1_27' title='bbox 1530 510 1711 550; x_wconf 87' lang='lat' dir='ltr'><strong>secum</strong></span> <span class='ocrx_word' id='word_1_28' title='bbox 1755 498 1976 553; x_wconf 87' lang='lat' dir='ltr'><strong>trahens</strong></span> 
     </span>
    </p>
   </div>
   <div class='ocr_carea' id='block_1_6' title="bbox 400 578 1973 655">
    <p class='ocr_par' dir='ltr' id='par_1_6' title="bbox 400 578 1973 655">
     <span class='ocr_line' id='line_1_6' title="bbox 400 578 1973 655; baseline 0.009 -25"><span class='ocrx_word' id='word_1_29' title='bbox 400 578 677 647; x_wconf 76' lang='lat' dir='ltr'><strong>eleganter</strong></span> <span class='ocrx_word' id='word_1_30' title='bbox 725 583 1102 653; x_wconf 83' lang='lat' dir='ltr'><strong>concinneque</strong></span> <span class='ocrx_word' id='word_1_31' title='bbox 1128 595 1372 651; x_wconf 84' lang='lat' dir='ltr'><strong>ornatas,</strong></span> <span class='ocrx_word' id='word_1_32' title='bbox 1402 589 1555 655; x_wconf 88' lang='lat' dir='ltr'><strong>quasi</strong></span> <span class='ocrx_word' id='word_1_33' title='bbox 1580 590 1645 641; x_wconf 92' lang='lat' dir='ltr'><strong>ad</strong></span> <span class='ocrx_word' id='word_1_34' title='bbox 1682 591 1973 645; x_wconf 88' lang='lat' dir='ltr'><strong>thalamum</strong></span> 
     </span>
    </p>
   </div>
   <div class='ocr_carea' id='block_1_7' title="bbox 402 676 1977 756">
    <p class='ocr_par' dir='ltr' id='par_1_7' title="bbox 402 676 1977 756">
     <span class='ocr_line' id='line_1_7' title="bbox 402 676 1977 756; baseline 0.009 -34"><span class='ocrx_word' id='word_1_35' title='bbox 402 683 782 737; x_wconf 87' lang='lat' dir='ltr'><strong>concessuras,</strong></span> <span class='ocrx_word' id='word_1_36' title='bbox 841 685 1025 730; x_wconf 82' lang='lat' dir='ltr'><strong>erecta</strong></span> <span class='ocrx_word' id='word_1_37' title='bbox 1073 676 1255 732; x_wconf 83' lang='lat' dir='ltr'><strong>fronte</strong></span> <span class='ocrx_word' id='word_1_38' title='bbox 1309 680 1441 746; x_wconf 90' lang='lat' dir='ltr'><strong>petit</strong></span> <span class='ocrx_word' id='word_1_39' title='bbox 1488 692 1833 756; x_wconf 72' lang='lat' dir='ltr'><strong>conspectum</strong></span> <span class='ocrx_word' id='word_1_40' title='bbox 1881 698 1977 735; x_wconf 83' lang='lat' dir='ltr'><strong>no-</strong></span> 
     </span>
    </p>
   </div>
   <div class='ocr_carea' id='block_1_8' title="bbox 399 765 1969 839">
    <p class='ocr_par' dir='ltr' id='par_1_8' title="bbox 399 765 1969 839">
     <span class='ocr_line' id='line_1_8' title="bbox 399 765 1969 839; baseline 0.007 -25"><span class='ocrx_word' id='word_1_41' title='bbox 399 770 570 814; x_wconf 79' lang='lat' dir='ltr'><strong>strum</strong></span> <span class='ocrx_word' id='word_1_42' title='bbox 600 776 615 815; x_wconf 88' lang='lat'><strong>:</strong></span> <span class='ocrx_word' id='word_1_43' title='bbox 644 778 767 816; x_wconf 81' lang='lat' dir='ltr'><strong>mox</strong></span> <span class='ocrx_word' id='word_1_44' title='bbox 804 765 999 820; x_wconf 91' lang='lat' dir='ltr'><strong>solutis</strong></span> <span class='ocrx_word' id='word_1_45' title='bbox 1029 766 1353 836; x_wconf 85' lang='lat' dir='ltr'><strong>plicatisque</strong></span> <span class='ocrx_word' id='word_1_46' title='bbox 1385 770 1437 821; x_wconf 95' lang='lat' dir='ltr'><strong>in</strong></span> <span class='ocrx_word' id='word_1_47' title='bbox 1481 785 1676 824; x_wconf 89' lang='lat' dir='ltr'><strong>manus</strong></span> <span class='ocrx_word' id='word_1_48' title='bbox 1708 771 1969 839; x_wconf 77' lang='lat' dir='ltr'><strong>crinibus,</strong></span> 
     </span>
    </p>
   </div>
   <div class='ocr_carea' id='block_1_9' title="bbox 400 851 1974 926">
    <p class='ocr_par' dir='ltr' id='par_1_9' title="bbox 400 851 1974 926">
     <span class='ocr_line' id='line_1_9' title="bbox 400 851 1974 926; baseline 0.009 -22"><span class='ocrx_word' id='word_1_49' title='bbox 400 851 600 906; x_wconf 87' lang='lat' dir='ltr'><strong>nudam</strong></span> <span class='ocrx_word' id='word_1_50' title='bbox 651 854 920 909; x_wconf 72' lang='lat' dir='ltr'><strong>cervicem</strong></span> <span class='ocrx_word' id='word_1_51' title='bbox 973 856 1222 926; x_wconf 77' lang='lat' dir='ltr'><strong>porrigit,</strong></span> <span class='ocrx_word' id='word_1_52' title='bbox 1278 858 1974 918; x_wconf 68' lang='lat' dir='ltr'><strong>inclamans:Cbristianae</strong></span> 
     </span>
    </p>
   </div>
   <div class='ocr_carea' id='block_1_10' title="bbox 399 949 1977 1024">
    <p class='ocr_par' dir='ltr' id='par_1_10' title="bbox 399 949 1977 1024">
     <span class='ocr_line' id='line_1_10' title="bbox 399 949 1977 1024; baseline 0.008 -25"><span class='ocrx_word' id='word_1_53' title='bbox 399 962 587 1001; x_wconf 88' lang='lat' dir='ltr'><strong>sumus</strong></span> <span class='ocrx_word' id='word_1_54' title='bbox 621 966 635 1014; x_wconf 92' lang='lat'><strong>;</strong></span> <span class='ocrx_word' id='word_1_55' title='bbox 678 964 777 1017; x_wconf 90' lang='lat' dir='ltr'><strong>pro</strong></span> <span class='ocrx_word' id='word_1_56' title='bbox 807 949 1026 1006; x_wconf 87' lang='lat' dir='ltr'><strong>Christo</strong></span> <span class='ocrx_word' id='word_1_57' title='bbox 1061 954 1345 1007; x_wconf 85' lang='lat' dir='ltr'><strong>morimur.</strong></span> <span class='ocrx_word' id='word_1_58' title='bbox 1382 956 1654 1009; x_wconf 70' lang='lat' dir='ltr'><strong>Abscinde</strong></span> <span class='ocrx_word' id='word_1_59' title='bbox 1703 964 1887 1024; x_wconf 80' lang='lat' dir='ltr'><strong>caput,</strong></span> <span class='ocrx_word' id='word_1_60' title='bbox 1920 964 1977 1013; x_wconf 82' lang='lat' dir='ltr'><strong>et</strong></span> 
     </span>
    </p>
   </div>
   <div class='ocr_carea' id='block_1_11' title="bbox 397 1036 1971 1116">
    <p class='ocr_par' dir='ltr' id='par_1_11' title="bbox 397 1036 1971 1116">
     <span class='ocr_line' id='line_1_11' title="bbox 397 1036 1971 1116; baseline 0.006 -27"><span class='ocrx_word' id='word_1_61' title='bbox 397 1037 463 1089; x_wconf 85' lang='lat' dir='ltr'><strong>ad</strong></span> <span class='ocrx_word' id='word_1_62' title='bbox 493 1036 708 1105; x_wconf 79' lang='lat' dir='ltr'><strong>fratres,</strong></span> <span class='ocrx_word' id='word_1_63' title='bbox 742 1055 807 1094; x_wconf 86' lang='lat' dir='ltr'><strong>ac</strong></span> <span class='ocrx_word' id='word_1_64' title='bbox 836 1055 1077 1107; x_wconf 81' lang='lat' dir='ltr'><strong>sorores,</strong></span> <span class='ocrx_word' id='word_1_65' title='bbox 1115 1057 1470 1113; x_wconf 88' lang='lat' dir='ltr'><strong>mearumque</strong></span> <span class='ocrx_word' id='word_1_66' title='bbox 1506 1046 1736 1099; x_wconf 88' lang='lat' dir='ltr'><strong>filiarum</strong></span> <span class='ocrx_word' id='word_1_67' title='bbox 1774 1061 1971 1116; x_wconf 85' lang='lat' dir='ltr'><strong>paren-</strong></span> 
     </span>
    </p>
   </div>
   <div class='ocr_carea' id='block_1_12' title="bbox 397 1132 1969 1207">
    <p class='ocr_par' dir='ltr' id='par_1_12' title="bbox 397 1132 1969 1207">
     <span class='ocr_line' id='line_1_12' title="bbox 397 1132 1969 1207; baseline 0.007 -27"><span class='ocrx_word' id='word_1_68' title='bbox 397 1137 502 1182; x_wconf 87' lang='lat' dir='ltr'><strong>tem</strong></span> <span class='ocrx_word' id='word_1_69' title='bbox 533 1132 686 1184; x_wconf 91' lang='lat' dir='ltr'><strong>ocius</strong></span> <span class='ocrx_word' id='word_1_70' title='bbox 717 1135 1040 1188; x_wconf 85' lang='lat' dir='ltr'><strong>transmitte.</strong></span> <span class='ocrx_word' id='word_1_71' title='bbox 1084 1135 1196 1207; x_wconf 71' lang='lat' dir='ltr'><strong>Ego</strong></span> <span class='ocrx_word' id='word_1_72' title='bbox 1227 1151 1355 1191; x_wconf 89' lang='lat' dir='ltr'><strong>vero</strong></span> <span class='ocrx_word' id='word_1_73' title='bbox 1382 1149 1500 1206; x_wconf 88' lang='lat' dir='ltr'><strong>post</strong></span> <span class='ocrx_word' id='word_1_74' title='bbox 1536 1148 1740 1192; x_wconf 78' lang='lat' dir='ltr'><strong>tantam</strong></span> <span class='ocrx_word' id='word_1_75' title='bbox 1775 1138 1969 1193; x_wconf 91' lang='lat' dir='ltr'><strong>mulie-</strong></span> 
     </span>
    </p>
   </div>
   <div class='ocr_carea' id='block_1_13' title="bbox 397 1219 1969 1291">
    <p class='ocr_par' dir='ltr' id='par_1_13' title="bbox 397 1219 1969 1291">
     <span class='ocr_line' id='line_1_13' title="bbox 397 1219 1969 1291; baseline 0.009 -20"><span class='ocrx_word' id='word_1_76' title='bbox 397 1219 471 1273; x_wconf 83' lang='lat' dir='ltr'><strong>ris</strong></span> <span class='ocrx_word' id='word_1_77' title='bbox 502 1223 815 1287; x_wconf 87' lang='lat' dir='ltr'><strong>amentiam,</strong></span> <span class='ocrx_word' id='word_1_78' title='bbox 839 1234 895 1277; x_wconf 83' lang='lat' dir='ltr'><strong>ut</strong></span> <span class='ocrx_word' id='word_1_79' title='bbox 927 1225 1148 1279; x_wconf 78' lang='lat' dir='ltr'><strong>Christo</strong></span> <span class='ocrx_word' id='word_1_80' title='bbox 1181 1229 1541 1291; x_wconf 86' lang='lat' dir='ltr'><strong>renuntiaret,</strong></span> <span class='ocrx_word' id='word_1_81' title='bbox 1566 1230 1742 1285; x_wconf 91' lang='lat' dir='ltr'><strong>adhuc</strong></span> <span class='ocrx_word' id='word_1_82' title='bbox 1772 1230 1969 1285; x_wconf 84' lang='lat' dir='ltr'><strong>suade-</strong></span> 
     </span>
    </p>
   </div>
   <div class='ocr_carea' id='block_1_14' title="bbox 394 1311 1967 1380">
    <p class='ocr_par' dir='ltr' id='par_1_14' title="bbox 394 1311 1967 1380">
     <span class='ocr_line' id='line_1_14' title="bbox 394 1311 1967 1380; baseline 0.009 -16"><span class='ocrx_word' id='word_1_83' title='bbox 394 1311 517 1365; x_wconf 87' lang='lat' dir='ltr'><strong>bam</strong></span> <span class='ocrx_word' id='word_1_84' title='bbox 550 1331 563 1365; x_wconf 89' lang='lat'><strong>:</strong></span> <span class='ocrx_word' id='word_1_85' title='bbox 598 1313 679 1367; x_wconf 92' lang='lat' dir='ltr'><strong>sin</strong></span> <span class='ocrx_word' id='word_1_86' title='bbox 732 1316 943 1380; x_wconf 86' lang='lat' dir='ltr'><strong>minus,</strong></span> <span class='ocrx_word' id='word_1_87' title='bbox 989 1326 1196 1373; x_wconf 83' lang='lat' dir='ltr'><strong>tantum</strong></span> <span class='ocrx_word' id='word_1_88' title='bbox 1248 1335 1313 1376; x_wconf 89' lang='lat' dir='ltr'><strong>ne</strong></span> <span class='ocrx_word' id='word_1_89' title='bbox 1370 1321 1573 1377; x_wconf 73' lang='lat' dir='ltr'><strong>diceret</strong></span> <span class='ocrx_word' id='word_1_90' title='bbox 1626 1338 1747 1378; x_wconf 90' lang='lat' dir='ltr'><strong>eum</strong></span> <span class='ocrx_word' id='word_1_91' title='bbox 1800 1324 1967 1378; x_wconf 88' lang='lat' dir='ltr'><strong>Deum</strong></span> 
     </span>
    </p>
   </div>
   <div class='ocr_carea' id='block_1_15' title="bbox 389 1405 1983 1484">
    <p class='ocr_par' dir='ltr' id='par_1_15' title="bbox 389 1405 1983 1484">
     <span class='ocr_line' id='line_1_15' title="bbox 389 1405 1983 1484; baseline 0.011 -29"><span class='ocrx_word' id='word_1_92' title='bbox 389 1416 544 1457; x_wconf 87' lang='lat' dir='ltr'><strong>esse.</strong></span> <span class='ocrx_word' id='word_1_93' title='bbox 586 1405 653 1458; x_wconf 80' lang='lat' dir='ltr'><strong>At</strong></span> <span class='ocrx_word' id='word_1_94' title='bbox 697 1421 802 1460; x_wconf 90' lang='lat' dir='ltr'><strong>non</strong></span> <span class='ocrx_word' id='word_1_95' title='bbox 850 1412 1130 1479; x_wconf 79' lang='lat' dir='ltr'><strong>persuasi;</strong></span> <span class='ocrx_word' id='word_1_96' title='bbox 1174 1414 1305 1482; x_wconf 91' lang='lat' dir='ltr'><strong>quin</strong></span> <span class='ocrx_word' id='word_1_97' title='bbox 1356 1414 1519 1468; x_wconf 79' lang='lat' dir='ltr'><strong>etiam</strong></span> <span class='ocrx_word' id='word_1_98' title='bbox 1569 1416 1689 1484; x_wconf 80' lang='lat' dir='ltr'><strong>ejus</strong></span> <span class='ocrx_word' id='word_1_99' title='bbox 1730 1409 1983 1480; x_wconf 65' lang='lat' dir='ltr'><strong>filiarnni.</strong></span> 
     </span>
    </p>
   </div>
   <div class='ocr_carea' id='block_1_16' title="bbox 392 1493 1964 1575">
    <p class='ocr_par' dir='ltr' id='par_1_16' title="bbox 392 1493 1964 1575">
     <span class='ocr_line' id='line_1_16' title="bbox 392 1493 1964 1575; baseline 0.013 -32"><span class='ocrx_word' id='word_1_100' title='bbox 392 1493 562 1545; x_wconf 82' lang='lat' dir='ltr'><strong>altera</strong></span> <span class='ocrx_word' id='word_1_101' title='bbox 600 1510 697 1550; x_wconf 92' lang='lat' dir='ltr'><strong>nos</strong></span> <span class='ocrx_word' id='word_1_102' title='bbox 729 1496 1078 1568; x_wconf 78' lang='lat' dir='ltr'><strong>objurgabat,</strong></span> <span class='ocrx_word' id='word_1_103' title='bbox 1107 1503 1197 1570; x_wconf 92' lang='lat' dir='ltr'><strong>qui</strong></span> <span class='ocrx_word' id='word_1_104' title='bbox 1224 1503 1327 1557; x_wconf 88' lang='lat' dir='ltr'><strong>ista</strong></span> <span class='ocrx_word' id='word_1_105' title='bbox 1364 1519 1798 1575; x_wconf 77' lang='lat' dir='ltr'><strong>suggereremus.</strong></span> <span class='ocrx_word' id='word_1_106' title='bbox 1829 1507 1964 1564; x_wconf 87' lang='lat' dir='ltr'><strong>Cum</strong></span> 
     </span>
    </p>
   </div>
   <div class='ocr_carea' id='block_1_17' title="bbox 392 1591 1967 1671">
    <p class='ocr_par' dir='ltr' id='par_1_17' title="bbox 392 1591 1967 1671">
     <span class='ocr_line' id='line_1_17' title="bbox 392 1591 1967 1671; baseline 0.014 -37"><span class='ocrx_word' id='word_1_107' title='bbox 392 1596 523 1651; x_wconf 68' lang='lat' dir='ltr'><strong>ergo</strong></span> <span class='ocrx_word' id='word_1_108' title='bbox 557 1599 871 1652; x_wconf 89' lang='lat' dir='ltr'><strong>persuasum</strong></span> <span class='ocrx_word' id='word_1_109' title='bbox 918 1591 1195 1660; x_wconf 81' lang='lat' dir='ltr'><strong>haberem,</strong></span> <span class='ocrx_word' id='word_1_110' title='bbox 1226 1594 1367 1648; x_wconf 80' lang='lat' dir='ltr'><strong>nulla</strong></span> <span class='ocrx_word' id='word_1_111' title='bbox 1396 1597 1467 1662; x_wconf 85' lang='lat' dir='ltr'><strong>vi,</strong></span> <span class='ocrx_word' id='word_1_112' title='bbox 1492 1597 1705 1653; x_wconf 79' lang='lat' dir='ltr'><strong>nuliove</strong></span> <span class='ocrx_word' id='word_1_113' title='bbox 1746 1600 1967 1671; x_wconf 80' lang='lat' dir='ltr'><strong>ingenio</strong></span> 
     </span>
    </p>
   </div>
   <div class='ocr_carea' id='block_1_18' title="bbox 390 1675 1963 1758">
    <p class='ocr_par' dir='ltr' id='par_1_18' title="bbox 390 1675 1963 1758">
     <span class='ocr_line' id='line_1_18' title="bbox 390 1675 1963 1758; baseline 0.013 -30"><span class='ocrx_word' id='word_1_114' title='bbox 390 1675 674 1730; x_wconf 86' lang='lat' dir='ltr'><strong>mulierem</strong></span> <span class='ocrx_word' id='word_1_115' title='bbox 703 1680 990 1737; x_wconf 69' lang='lat' dir='ltr'><strong>adductum</strong></span> <span class='ocrx_word' id='word_1_116' title='bbox 1023 1685 1112 1750; x_wconf 90' lang='lat' dir='ltr'><strong>iri,</strong></span> <span class='ocrx_word' id='word_1_117' title='bbox 1158 1696 1212 1740; x_wconf 91' lang='lat' dir='ltr'><strong>ut</strong></span> <span class='ocrx_word' id='word_1_118' title='bbox 1242 1687 1517 1744; x_wconf 77' lang='lat' dir='ltr'><strong>Christum</strong></span> <span class='ocrx_word' id='word_1_119' title='bbox 1547 1690 1782 1758; x_wconf 74' lang='lat' dir='ltr'><strong>eiuraret</strong></span> <span class='ocrx_word' id='word_1_120' title='bbox 1810 1712 1823 1748; x_wconf 88' lang='lat'><strong>:</strong></span> <span class='ocrx_word' id='word_1_121' title='bbox 1859 1710 1963 1749; x_wconf 64' lang='lat' dir='ltr'><strong>caa-</strong></span> 
     </span>
    </p>
   </div>
   <div class='ocr_carea' id='block_1_19' title="bbox 2078 498 3648 572">
    <p class='ocr_par' dir='ltr' id='par_1_19' title="bbox 2078 498 3648 572">
     <span class='ocr_line' id='line_1_19' title="bbox 2078 498 3648 572; baseline 0.002 -19"><span class='ocrx_word' id='word_1_122' title='bbox 2078 499 2220 554; x_wconf 83' lang='lat' dir='ltr'><strong>intor</strong></span> <span class='ocrx_word' id='word_1_123' title='bbox 2251 503 2401 570; x_wconf 83' lang='lat' dir='ltr'><strong>regni</strong></span> <span class='ocrx_word' id='word_1_124' title='bbox 2441 517 2696 572; x_wconf 88' lang='lat' dir='ltr'><strong>proceres</strong></span> <span class='ocrx_word' id='word_1_125' title='bbox 2734 511 2880 558; x_wconf 81' lang='lat' dir='ltr'><strong>esset</strong></span> <span class='ocrx_word' id='word_1_126' title='bbox 2917 501 3275 564; x_wconf 86' lang='lat' dir='ltr'><strong>clarissimus,</strong></span> <span class='ocrx_word' id='word_1_127' title='bbox 3309 510 3359 552; x_wconf 83' lang='lat' dir='ltr'><strong>et</strong></span> <span class='ocrx_word' id='word_1_128' title='bbox 3395 500 3447 552; x_wconf 91' lang='lat' dir='ltr'><strong>in</strong></span> <span class='ocrx_word' id='word_1_129' title='bbox 3484 498 3648 552; x_wconf 79' lang='lat' dir='ltr'><strong>armis</strong></span> 
     </span>
    </p>
   </div>
   <div class='ocr_carea' id='block_1_20' title="bbox 2075 602 2348 647">
    <p class='ocr_par' dir='ltr' id='par_1_20' title="bbox 2075 602 2348 647">
     <span class='ocr_line' id='line_1_20' title="bbox 2075 602 2348 647; baseline 0.007 -1"><span class='ocrx_word' id='word_1_130' title='bbox 2075 602 2348 647; x_wconf 73' lang='lat' dir='ltr'><strong>Sll‘OﬂllllS.</strong></span> 
     </span>
    </p>
   </div>
   <div class='ocr_carea' id='block_1_21' title="bbox 2147 680 3653 754">
    <p class='ocr_par' dir='ltr' id='par_1_21' title="bbox 2147 680 3653 754">
     <span class='ocr_line' id='line_1_21' title="bbox 2147 680 3653 754; baseline -0.003 -19"><span class='ocrx_word' id='word_1_131' title='bbox 2147 682 2276 737; x_wconf 84' lang='lat' dir='ltr'><strong>Inde</strong></span> <span class='ocrx_word' id='word_1_132' title='bbox 2338 685 2562 754; x_wconf 85' lang='lat' dir='ltr'><strong>profecti</strong></span> <span class='ocrx_word' id='word_1_133' title='bbox 2614 684 2908 739; x_wconf 82' lang='lat' dir='ltr'><strong>Naamanis</strong></span> <span class='ocrx_word' id='word_1_134' title='bbox 2957 691 3129 737; x_wconf 84' lang='lat' dir='ltr'><strong>terras</strong></span> <span class='ocrx_word' id='word_1_135' title='bbox 3188 681 3426 737; x_wconf 83' lang='lat' dir='ltr'><strong>Sabbato</strong></span> <span class='ocrx_word' id='word_1_136' title='bbox 3479 680 3653 750; x_wconf 87' lang='lat' dir='ltr'><strong>primo</strong></span> 
     </span>
    </p>
   </div>
   <div class='ocr_carea' id='block_1_22' title="bbox 2069 770 3651 847">
    <p class='ocr_par' dir='ltr' id='par_1_22' title="bbox 2069 770 3651 847">
     <span class='ocr_line' id='line_1_22' title="bbox 2069 770 3651 847; baseline -0.002 -21"><span class='ocrx_word' id='word_1_137' title='bbox 2069 771 2263 844; x_wconf 80' lang='lat' dir='ltr'><strong>jejunii</strong></span> <span class='ocrx_word' id='word_1_138' title='bbox 2298 778 2590 841; x_wconf 89' lang='lat' dir='ltr'><strong>tenuimus,</strong></span> <span class='ocrx_word' id='word_1_139' title='bbox 2623 777 2804 846; x_wconf 89' lang='lat' dir='ltr'><strong>ibique</strong></span> <span class='ocrx_word' id='word_1_140' title='bbox 2838 776 3045 847; x_wconf 81' lang='lat' dir='ltr'><strong>legatus</strong></span> <span class='ocrx_word' id='word_1_141' title='bbox 3078 775 3330 831; x_wconf 81' lang='lat' dir='ltr'><strong>exstincti</strong></span> <span class='ocrx_word' id='word_1_142' title='bbox 3365 774 3503 843; x_wconf 78' lang='lat' dir='ltr'><strong>regis</strong></span> <span class='ocrx_word' id='word_1_143' title='bbox 3547 770 3651 823; x_wconf 87' lang='lat' dir='ltr'><strong>llo-</strong></span> 
     </span>
    </p>
   </div>
   <div class='ocr_carea' id='block_1_23' title="bbox 2075 862 3645 937">
    <p class='ocr_par' dir='ltr' id='par_1_23' title="bbox 2075 862 3645 937">
     <span class='ocr_line' id='line_1_23' title="bbox 2075 862 3645 937; baseline -0.004 -18"><span class='ocrx_word' id='word_1_144' title='bbox 2075 867 2387 921; x_wconf 90' lang='lat' dir='ltr'><strong>meritarum</strong></span> <span class='ocrx_word' id='word_1_145' title='bbox 2418 869 2675 936; x_wconf 89' lang='lat' dir='ltr'><strong>occurrit,</strong></span> <span class='ocrx_word' id='word_1_146' title='bbox 2711 870 2798 937; x_wconf 85' lang='lat' dir='ltr'><strong>qui</strong></span> <span class='ocrx_word' id='word_1_147' title='bbox 2829 883 2949 921; x_wconf 90' lang='lat' dir='ltr'><strong>cum</strong></span> <span class='ocrx_word' id='word_1_148' title='bbox 2984 868 3182 922; x_wconf 67' lang='lat' dir='ltr'><strong>credent</strong></span> <span class='ocrx_word' id='word_1_149' title='bbox 3219 881 3249 920; x_wconf 87' lang='lat' dir='ltr'><strong>a</strong></span> <span class='ocrx_word' id='word_1_150' title='bbox 3284 877 3510 936; x_wconf 83' lang='lat' dir='ltr'><strong>tyranno</strong></span> <span class='ocrx_word' id='word_1_151' title='bbox 3553 862 3645 914; x_wconf 84' lang='lat' dir='ltr'><strong>Ju-</strong></span> 
     </span>
    </p>
   </div>
   <div class='ocr_carea' id='block_1_24' title="bbox 2072 955 3645 1016">
    <p class='ocr_par' dir='ltr' id='par_1_24' title="bbox 2072 955 3645 1016">
     <span class='ocr_line' id='line_1_24' title="bbox 2072 955 3645 1016; baseline 0.003 -7"><span class='ocrx_word' id='word_1_152' title='bbox 2072 957 2310 1011; x_wconf 76' lang='lat' dir='ltr'><strong>dteorum</strong></span> <span class='ocrx_word' id='word_1_153' title='bbox 2335 960 2680 1016; x_wconf 85' lang='lat' dir='ltr'><strong>commissam</strong></span> <span class='ocrx_word' id='word_1_154' title='bbox 2706 975 2734 1013; x_wconf 89' lang='lat' dir='ltr'><strong>a</strong></span> <span class='ocrx_word' id='word_1_155' title='bbox 2765 957 2918 1013; x_wconf 89' lang='lat' dir='ltr'><strong>nobis</strong></span> <span class='ocrx_word' id='word_1_156' title='bbox 2942 959 3242 1015; x_wconf 78' lang='lat' dir='ltr'><strong>didicissrt,</strong></span> <span class='ocrx_word' id='word_1_157' title='bbox 3274 955 3645 1008; x_wconf 61' lang='lat' dir='ltr'><strong>Namnanilmn</strong></span> 
     </span>
    </p>
   </div>
   <div class='ocr_carea' id='block_1_25' title="bbox 2070 1045 3644 1120">
    <p class='ocr_par' dir='ltr' id='par_1_25' title="bbox 2070 1045 3644 1120">
     <span class='ocr_line' id='line_1_25' title="bbox 2070 1045 3644 1120; baseline -0.004 -18"><span class='ocrx_word' id='word_1_158' title='bbox 2070 1050 2359 1119; x_wconf 87' lang='lat' dir='ltr'><strong>quemdam</strong></span> <span class='ocrx_word' id='word_1_159' title='bbox 2409 1061 2564 1120; x_wconf 82' lang='lat' dir='ltr'><strong>pacta</strong></span> <span class='ocrx_word' id='word_1_160' title='bbox 2617 1052 2863 1105; x_wconf 90' lang='lat' dir='ltr'><strong>mercede</strong></span> <span class='ocrx_word' id='word_1_161' title='bbox 2890 1049 3041 1119; x_wconf 87' lang='lat' dir='ltr'><strong>jubet</strong></span> <span class='ocrx_word' id='word_1_162' title='bbox 3087 1050 3139 1102; x_wconf 90' lang='lat' dir='ltr'><strong>in</strong></span> <span class='ocrx_word' id='word_1_163' title='bbox 3185 1048 3368 1099; x_wconf 76' lang='lat' dir='ltr'><strong>urbem</strong></span> <span class='ocrx_word' id='word_1_164' title='bbox 3413 1045 3644 1114; x_wconf 82' lang='lat' dir='ltr'><strong>Nagram</strong></span> 
     </span>
    </p>
   </div>
   <div class='ocr_carea' id='block_1_26' title="bbox 2071 1139 3641 1210">
    <p class='ocr_par' dir='ltr' id='par_1_26' title="bbox 2071 1139 3641 1210">
     <span class='ocr_line' id='line_1_26' title="bbox 2071 1139 3641 1210; baseline -0.003 -18"><span class='ocrx_word' id='word_1_165' title='bbox 2071 1140 2393 1209; x_wconf 80' lang='lat' dir='ltr'><strong>quantocius</strong></span> <span class='ocrx_word' id='word_1_166' title='bbox 2425 1141 2719 1210; x_wconf 83' lang='lat' dir='ltr'><strong>proﬁcisci,</strong></span> <span class='ocrx_word' id='word_1_167' title='bbox 2748 1142 3040 1210; x_wconf 87' lang='lat' dir='ltr'><strong>omniaque</strong></span> <span class='ocrx_word' id='word_1_168' title='bbox 3068 1139 3265 1194; x_wconf 81' lang='lat' dir='ltr'><strong>ibidem</strong></span> <span class='ocrx_word' id='word_1_169' title='bbox 3311 1147 3457 1205; x_wconf 82' lang='lat' dir='ltr'><strong>gesta</strong></span> <span class='ocrx_word' id='word_1_170' title='bbox 3483 1151 3641 1205; x_wconf 89' lang='lat' dir='ltr'><strong>quam</strong></span> 
     </span>
    </p>
   </div>
   <div class='ocr_carea' id='block_1_27' title="bbox 2072 1225 3643 1301">
    <p class='ocr_par' dir='ltr' id='par_1_27' title="bbox 2072 1225 3643 1301">
     <span class='ocr_line' id='line_1_27' title="bbox 2072 1225 3643 1301; baseline -0.003 -17"><span class='ocrx_word' id='word_1_171' title='bbox 2072 1229 2488 1301; x_wconf 79' lang='lat' dir='ltr'><strong>diligentissime</strong></span> <span class='ocrx_word' id='word_1_172' title='bbox 2525 1231 2831 1299; x_wconf 75' lang='lat' dir='ltr'><strong>explorare.</strong></span> <span class='ocrx_word' id='word_1_173' title='bbox 2860 1230 2912 1285; x_wconf 90' lang='lat' dir='ltr'><strong>ls</strong></span> <span class='ocrx_word' id='word_1_174' title='bbox 2941 1231 3122 1301; x_wconf 84' lang='lat' dir='ltr'><strong>itaque</strong></span> <span class='ocrx_word' id='word_1_175' title='bbox 3153 1240 3274 1300; x_wconf 89' lang='lat' dir='ltr'><strong>post</strong></span> <span class='ocrx_word' id='word_1_176' title='bbox 3304 1229 3417 1283; x_wconf 88' lang='lat' dir='ltr'><strong>dies</strong></span> <span class='ocrx_word' id='word_1_177' title='bbox 3442 1225 3643 1295; x_wconf 84' lang='lat' dir='ltr'><strong>aliquot</strong></span> 
     </span>
    </p>
   </div>
   <div class='ocr_carea' id='block_1_28' title="bbox 2071 1316 3643 1387">
    <p class='ocr_par' dir='ltr' id='par_1_28' title="bbox 2071 1316 3643 1387">
     <span class='ocr_line' id='line_1_28' title="bbox 2071 1316 3643 1387; baseline 0 -17"><span class='ocrx_word' id='word_1_178' title='bbox 2071 1316 2248 1386; x_wconf 77' lang='lat' dir='ltr'><strong>legato</strong></span> <span class='ocrx_word' id='word_1_179' title='bbox 2276 1318 2615 1385; x_wconf 87' lang='lat' dir='ltr'><strong>Christiano,</strong></span> <span class='ocrx_word' id='word_1_180' title='bbox 2651 1318 2808 1374; x_wconf 91' lang='lat' dir='ltr'><strong>nobis</strong></span> <span class='ocrx_word' id='word_1_181' title='bbox 2834 1319 3206 1382; x_wconf 87' lang='lat' dir='ltr'><strong>audientibus,</strong></span> <span class='ocrx_word' id='word_1_182' title='bbox 3251 1316 3494 1371; x_wconf 88' lang='lat' dir='ltr'><strong>narravit</strong></span> <span class='ocrx_word' id='word_1_183' title='bbox 3524 1331 3643 1387; x_wconf 78' lang='lat' dir='ltr'><strong>qua:</strong></span> 
     </span>
    </p>
   </div>
   <div class='ocr_carea' id='block_1_29' title="bbox 2069 1409 3640 1480">
    <p class='ocr_par' dir='ltr' id='par_1_29' title="bbox 2069 1409 3640 1480">
     <span class='ocr_line' id='line_1_29' title="bbox 2069 1409 3640 1480; baseline -0.003 -17"><span class='ocrx_word' id='word_1_184' title='bbox 2069 1422 2231 1475; x_wconf 84' lang='lat' dir='ltr'><strong>supra</strong></span> <span class='ocrx_word' id='word_1_185' title='bbox 2280 1410 2741 1473; x_wconf 86' lang='lat' dir='ltr'><strong>memoravimus,</strong></span> <span class='ocrx_word' id='word_1_186' title='bbox 2802 1411 3169 1480; x_wconf 72' lang='lat' dir='ltr'><strong>subiecitque,</strong></span> <span class='ocrx_word' id='word_1_187' title='bbox 3232 1422 3401 1471; x_wconf 66' lang='lat' dir='ltr'><strong>cassos</strong></span> <span class='ocrx_word' id='word_1_188' title='bbox 3454 1409 3640 1462; x_wconf 83' lang='lat' dir='ltr'><strong>eadem</strong></span> 
     </span>
    </p>
   </div>
   <div class='ocr_carea' id='block_1_30' title="bbox 2068 1500 3639 1572">
    <p class='ocr_par' dir='ltr' id='par_1_30' title="bbox 2068 1500 3639 1572">
     <span class='ocr_line' id='line_1_30' title="bbox 2068 1500 3639 1572; baseline -0.001 -17"><span class='ocrx_word' id='word_1_189' title='bbox 2068 1502 2358 1555; x_wconf 86' lang='lat' dir='ltr'><strong>occasione</strong></span> <span class='ocrx_word' id='word_1_190' title='bbox 2405 1510 2676 1557; x_wconf 86' lang='lat' dir='ltr'><strong>trecentos</strong></span> <span class='ocrx_word' id='word_1_191' title='bbox 2727 1510 2779 1555; x_wconf 89' lang='lat' dir='ltr'><strong>et</strong></span> <span class='ocrx_word' id='word_1_192' title='bbox 2821 1503 3174 1572; x_wconf 74' lang='lat' dir='ltr'><strong>quadraginta</strong></span> <span class='ocrx_word' id='word_1_193' title='bbox 3221 1513 3494 1569; x_wconf 86' lang='lat' dir='ltr'><strong>proceres,</strong></span> <span class='ocrx_word' id='word_1_194' title='bbox 3549 1500 3639 1570; x_wconf 88' lang='lat' dir='ltr'><strong>qui</strong></span> 
     </span>
    </p>
   </div>
   <div class='ocr_carea' id='block_1_31' title="bbox 2068 1580 3637 1664">
    <p class='ocr_par' dir='ltr' id='par_1_31' title="bbox 2068 1580 3637 1664">
     <span class='ocr_line' id='line_1_31' title="bbox 2068 1580 3637 1664; baseline -0.003 -17"><span class='ocrx_word' id='word_1_195' title='bbox 2068 1592 2121 1647; x_wconf 88' lang='lat' dir='ltr'><strong>irt</strong></span> <span class='ocrx_word' id='word_1_196' title='bbox 2180 1593 2313 1648; x_wconf 89' lang='lat' dir='ltr'><strong>urbe</strong></span> <span class='ocrx_word' id='word_1_197' title='bbox 2366 1603 2600 1664; x_wconf 82' lang='lat' dir='ltr'><strong>tyranno</strong></span> <span class='ocrx_word' id='word_1_198' title='bbox 2649 1604 3023 1649; x_wconf 87' lang='lat' dir='ltr'><strong>occurrerant.</strong></span> <span class='ocrx_word' id='word_1_199' title='bbox 3081 1580 3348 1648; x_wconf 50' lang='lat' dir='ltr'><strong>Pratter&#39;ea</strong></span> <span class='ocrx_word' id='word_1_200' title='bbox 3411 1592 3637 1653; x_wconf 87' lang='lat' dir='ltr'><strong>addidit,</strong></span> 
     </span>
    </p>
   </div>
   <div class='ocr_carea' id='block_1_32' title="bbox 2064 1682 3639 1753">
    <p class='ocr_par' dir='ltr' id='par_1_32' title="bbox 2064 1682 3639 1753">
     <span class='ocr_line' id='line_1_32' title="bbox 2064 1682 3639 1753; baseline -0.001 -15"><span class='ocrx_word' id='word_1_201' title='bbox 2064 1682 2309 1739; x_wconf 64' lang='lat' dir='ltr'><strong>Judaeum</strong></span> <span class='ocrx_word' id='word_1_202' title='bbox 2362 1684 2578 1740; x_wconf 80' lang='lat' dir='ltr'><strong>Aretine</strong></span> <span class='ocrx_word' id='word_1_203' title='bbox 2631 1686 2739 1740; x_wconf 88' lang='lat' dir='ltr'><strong>lilio</strong></span> <span class='ocrx_word' id='word_1_204' title='bbox 2783 1684 2950 1741; x_wconf 85' lang='lat' dir='ltr'><strong>Caleb</strong></span> <span class='ocrx_word' id='word_1_205' title='bbox 3010 1685 3224 1739; x_wconf 90' lang='lat' dir='ltr'><strong>illorum</strong></span> <span class='ocrx_word' id='word_1_206' title='bbox 3285 1683 3537 1753; x_wconf 84' lang='lat' dir='ltr'><strong>principi,</strong></span> <span class='ocrx_word' id='word_1_207' title='bbox 3585 1692 3639 1736; x_wconf 89' lang='lat' dir='ltr'><strong>et</strong></span> 
     </span>
    </p>
   </div>
   <div class='ocr_carea' id='block_1_33' title="bbox 388 1754 1958 1839">
    <p class='ocr_par' dir='ltr' id='par_1_33' title="bbox 388 1765 1958 1839">
     <span class='ocr_line' id='line_1_33' title="bbox 388 1765 1958 1839; baseline 0.014 -22"><span class='ocrx_word' id='word_1_208' title='bbox 388 1767 523 1818; x_wconf 88' lang='lat' dir='ltr'><strong>teris</strong></span> <span class='ocrx_word' id='word_1_209' title='bbox 553 1765 878 1825; x_wconf 83' lang='lat' dir='ltr'><strong>ChriSIianis</strong></span> <span class='ocrx_word' id='word_1_210' title='bbox 922 1786 1099 1828; x_wconf 87' lang='lat' dir='ltr'><strong>metus</strong></span> <span class='ocrx_word' id='word_1_211' title='bbox 1146 1777 1441 1832; x_wconf 79' lang='lat' dir='ltr'><strong>incutiendi</strong></span> <span class='ocrx_word' id='word_1_212' title='bbox 1466 1796 1626 1834; x_wconf 75' lang='lat' dir='ltr'><strong>causa</strong></span> <span class='ocrx_word' id='word_1_213' title='bbox 1652 1796 1769 1836; x_wconf 89' lang='lat' dir='ltr'><strong>eam</strong></span> <span class='ocrx_word' id='word_1_214' title='bbox 1809 1783 1958 1839; x_wconf 88' lang='lat' dir='ltr'><strong>humi</strong></span> 
     </span>
    </p>
   </div>
   <div class='ocr_carea' id='block_1_34' title="bbox 2061 1754 3635 1839">
    <p class='ocr_par' dir='ltr' id='par_1_34' title="bbox 2067 1773 3635 1839">
     <span class='ocr_line' id='line_1_34' title="bbox 2067 1773 3635 1839; baseline 0 -10"><span class='ocrx_word' id='word_1_215' title='bbox 2067 1774 2257 1831; x_wconf 68' lang='lat' dir='ltr'><strong>Ruma:</strong></span> <span class='ocrx_word' id='word_1_216' title='bbox 2298 1777 2530 1839; x_wconf 88' lang='lat' dir='ltr'><strong>marito.</strong></span> <span class='ocrx_word' id='word_1_217' title='bbox 2586 1777 2875 1833; x_wconf 83' lang='lat' dir='ltr'><strong>insultasse</strong></span> <span class='ocrx_word' id='word_1_218' title='bbox 2926 1777 2978 1833; x_wconf 90' lang='lat' dir='ltr'><strong>in</strong></span> <span class='ocrx_word' id='word_1_219' title='bbox 3022 1779 3136 1832; x_wconf 74' lang='lat' dir='ltr'><strong>iure</strong></span> <span class='ocrx_word' id='word_1_220' title='bbox 3193 1778 3398 1831; x_wconf 88' lang='lat' dir='ltr'><strong>verba:</strong></span> <span class='ocrx_word' id='word_1_221' title='bbox 3446 1773 3635 1829; x_wconf 79' lang='lat' dir='ltr'><strong>Viden‘</strong></span> 
     </span>
    </p>
   </div>
   <div class='ocr_carea' id='block_1_35' title="bbox 391 1859 1966 1943">
    <p class='ocr_par' dir='ltr' id='par_1_35' title="bbox 391 1859 1966 1943">
     <span class='ocr_line' id='line_1_35' title="bbox 391 1859 1966 1943; baseline 0.014 -34"><span class='ocrx_word' id='word_1_222' title='bbox 391 1861 662 1925; x_wconf 79' lang='lat' dir='ltr'><strong>prosterni</strong></span> <span class='ocrx_word' id='word_1_223' title='bbox 711 1859 885 1929; x_wconf 85' lang='lat' dir='ltr'><strong>jussi;</strong></span> <span class='ocrx_word' id='word_1_224' title='bbox 940 1865 1076 1919; x_wconf 87' lang='lat' dir='ltr'><strong>tilias</strong></span> <span class='ocrx_word' id='word_1_225' title='bbox 1129 1874 1275 1922; x_wconf 82' lang='lat' dir='ltr'><strong>vero&#39;</strong></span> <span class='ocrx_word' id='word_1_226' title='bbox 1307 1872 1489 1925; x_wconf 82' lang='lat' dir='ltr'><strong>statim</strong></span> <span class='ocrx_word' id='word_1_227' title='bbox 1539 1872 1773 1942; x_wconf 79' lang='lat' dir='ltr'><strong>jugulari</strong></span> <span class='ocrx_word' id='word_1_228' title='bbox 1826 1892 1966 1943; x_wconf 89' lang='lat' dir='ltr'><strong>pone</strong></span> 
     </span>
    </p>
   </div>
   <div class='ocr_carea' id='block_1_36' title="bbox 389 1953 1966 2037">
    <p class='ocr_par' dir='ltr' id='par_1_36' title="bbox 389 1953 1966 2037">
     <span class='ocr_line' id='line_1_36' title="bbox 389 1953 1966 2037; baseline 0.015 -37"><span class='ocrx_word' id='word_1_229' title='bbox 389 1957 642 2014; x_wconf 86' lang='lat' dir='ltr'><strong>matrem,</strong></span> <span class='ocrx_word' id='word_1_230' title='bbox 684 1953 820 2007; x_wconf 90' lang='lat' dir='ltr'><strong>adeo</strong></span> <span class='ocrx_word' id='word_1_231' title='bbox 863 1964 920 2009; x_wconf 91' lang='lat' dir='ltr'><strong>ut</strong></span> <span class='ocrx_word' id='word_1_232' title='bbox 962 1958 1219 2015; x_wconf 81' lang='lat' dir='ltr'><strong>tlisscctis</strong></span> <span class='ocrx_word' id='word_1_233' title='bbox 1251 1980 1279 2015; x_wconf 65' lang='grc' dir='ltr'><strong>ιε</strong></span> <span class='ocrx_word' id='word_1_234' title='bbox 1328 1965 1636 2019; x_wconf 66' lang='lat' dir='ltr'><strong>cervicibus</strong></span> <span class='ocrx_word' id='word_1_235' title='bbox 1675 1984 1966 2037; x_wconf 83' lang='lat' dir='ltr'><strong>erumpens</strong></span> 
     </span>
    </p>
   </div>
   <div class='ocr_carea' id='block_1_37' title="bbox 384 2038 1960 2127">
    <p class='ocr_par' dir='ltr' id='par_1_37' title="bbox 384 2038 1960 2127">
     <span class='ocr_line' id='line_1_37' title="bbox 384 2038 1960 2127; baseline 0.015 -39"><span class='ocrx_word' id='word_1_236' title='bbox 384 2052 551 2091; x_wconf 83' lang='lat' dir='ltr'><strong>cruor</strong></span> <span class='ocrx_word' id='word_1_237' title='bbox 583 2038 634 2092; x_wconf 92' lang='lat' dir='ltr'><strong>in</strong></span> <span class='ocrx_word' id='word_1_238' title='bbox 672 2055 733 2097; x_wconf 87' lang='lat' dir='ltr'><strong>os</strong></span> <span class='ocrx_word' id='word_1_239' title='bbox 757 2042 872 2109; x_wconf 84' lang='lat' dir='ltr'><strong>ejus</strong></span> <span class='ocrx_word' id='word_1_240' title='bbox 906 2046 1155 2101; x_wconf 55' lang='lat' dir='ltr'><strong>influeret</strong></span> <span class='ocrx_word' id='word_1_241' title='bbox 1190 2067 1203 2103; x_wconf 88' lang='lat'><strong>:</strong></span> <span class='ocrx_word' id='word_1_242' title='bbox 1235 2067 1357 2104; x_wconf 78' lang='lat' dir='ltr'><strong>mox</strong></span> <span class='ocrx_word' id='word_1_243' title='bbox 1391 2054 1564 2121; x_wconf 85' lang='lat' dir='ltr'><strong>ipsam</strong></span> <span class='ocrx_word' id='word_1_244' title='bbox 1606 2057 1721 2122; x_wconf 89' lang='lat' dir='ltr'><strong>pari</strong></span> <span class='ocrx_word' id='word_1_245' title='bbox 1754 2058 1960 2127; x_wconf 80' lang='lat' dir='ltr'><strong>suppli-</strong></span> 
     </span>
    </p>
   </div>
   <div class='ocr_carea' id='block_1_38' title="bbox 386 2127 1963 2209">
    <p class='ocr_par' dir='ltr' id='par_1_38' title="bbox 386 2127 1963 2209">
     <span class='ocr_line' id='line_1_38' title="bbox 386 2127 1963 2209; baseline 0.015 -27"><span class='ocrx_word' id='word_1_246' title='bbox 386 2127 473 2182; x_wconf 82' lang='lat' dir='ltr'><strong>cio</strong></span> <span class='ocrx_word' id='word_1_247' title='bbox 509 2131 713 2187; x_wconf 90' lang='lat' dir='ltr'><strong>necari.</strong></span> <span class='ocrx_word' id='word_1_248' title='bbox 754 2133 919 2188; x_wconf 88' lang='lat' dir='ltr'><strong>Deum</strong></span> <span class='ocrx_word' id='word_1_249' title='bbox 968 2138 1179 2194; x_wconf 85' lang='lat' dir='ltr'><strong>Adonai</strong></span> <span class='ocrx_word' id='word_1_250' title='bbox 1205 2142 1350 2209; x_wconf 87' lang='lat' dir='ltr'><strong>juro,</strong></span> <span class='ocrx_word' id='word_1_251' title='bbox 1392 2144 1694 2200; x_wconf 86' lang='lat' dir='ltr'><strong>incredibili</strong></span> <span class='ocrx_word' id='word_1_252' title='bbox 1729 2164 1963 2205; x_wconf 80' lang='lat' dir='ltr'><strong>mmrore</strong></span> 
     </span>
    </p>
   </div>
   <div class='ocr_carea' id='block_1_39' title="bbox 389 2217 1962 2310">
    <p class='ocr_par' dir='ltr' id='par_1_39' title="bbox 389 2217 1962 2310">
     <span class='ocr_line' id='line_1_39' title="bbox 389 2217 1962 2310; baseline 0.018 -38"><span class='ocrx_word' id='word_1_253' title='bbox 389 2217 614 2276; x_wconf 72' lang='lat' dir='ltr'><strong>aﬂ‘ectus</strong></span> <span class='ocrx_word' id='word_1_254' title='bbox 649 2240 791 2292; x_wconf 87' lang='lat' dir='ltr'><strong>sum,</strong></span> <span class='ocrx_word' id='word_1_255' title='bbox 843 2229 1092 2298; x_wconf 85' lang='lat' dir='ltr'><strong>cogitans</strong></span> <span class='ocrx_word' id='word_1_256' title='bbox 1124 2232 1315 2300; x_wconf 85' lang='lat' dir='ltr'><strong>ipsius,</strong></span> <span class='ocrx_word' id='word_1_257' title='bbox 1349 2234 1689 2306; x_wconf 82' lang='lat' dir='ltr'><strong>liliarumque</strong></span> <span class='ocrx_word' id='word_1_258' title='bbox 1725 2240 1962 2310; x_wconf 74' lang='lat' dir='ltr'><strong>pulchri-</strong></span> 
     </span>
    </p>
   </div>
   <div class='ocr_carea' id='block_1_40' title="bbox 389 2311 645 2370">
    <p class='ocr_par' dir='ltr' id='par_1_40' title="bbox 389 2311 645 2370">
     <span class='ocr_line' id='line_1_40' title="bbox 389 2311 645 2370; baseline 0.02 -6"><span class='ocrx_word' id='word_1_259' title='bbox 389 2311 645 2370; x_wconf 87' lang='lat' dir='ltr'><strong>tudinem.</strong></span> 
     </span>
    </p>
   </div>
   <div class='ocr_carea' id='block_1_41' title="bbox 458 2403 1964 2491">
    <p class='ocr_par' dir='ltr' id='par_1_41' title="bbox 458 2403 1964 2491">
     <span class='ocr_line' id='line_1_41' title="bbox 458 2403 1964 2491; baseline 0.017 -34"><span class='ocrx_word' id='word_1_260' title='bbox 458 2403 723 2471; x_wconf 85' lang='lat' dir='ltr'><strong>Quoniam</strong></span> <span class='ocrx_word' id='word_1_261' title='bbox 778 2426 908 2467; x_wconf 88' lang='lat' dir='ltr'><strong>vero</strong></span> <span class='ocrx_word' id='word_1_262' title='bbox 956 2415 1343 2483; x_wconf 79' lang='lat' dir='ltr'><strong>pontiﬁcibus,</strong></span> <span class='ocrx_word' id='word_1_263' title='bbox 1386 2420 1627 2491; x_wconf 87' lang='lat' dir='ltr'><strong>mihique</strong></span> <span class='ocrx_word' id='word_1_264' title='bbox 1682 2425 1964 2482; x_wconf 86' lang='lat' dir='ltr'><strong>videbatur</strong></span> 
     </span>
    </p>
   </div>
   <div class='ocr_carea' id='block_1_42' title="bbox 386 2494 1964 2577">
    <p class='ocr_par' dir='ltr' id='par_1_42' title="bbox 386 2494 1964 2577">
     <span class='ocr_line' id='line_1_42' title="bbox 386 2494 1964 2577; baseline 0.014 -30"><span class='ocrx_word' id='word_1_265' title='bbox 386 2494 565 2550; x_wconf 83' lang='lat' dir='ltr'><strong>scelus</strong></span> <span class='ocrx_word' id='word_1_266' title='bbox 599 2511 739 2565; x_wconf 85' lang='lat' dir='ltr'><strong>esse,</strong></span> <span class='ocrx_word' id='word_1_267' title='bbox 788 2501 831 2555; x_wconf 91' lang='lat' dir='ltr'><strong>si</strong></span> <span class='ocrx_word' id='word_1_268' title='bbox 866 2507 1214 2570; x_wconf 84' lang='lat' dir='ltr'><strong>peccantibus</strong></span> <span class='ocrx_word' id='word_1_269' title='bbox 1267 2511 1583 2577; x_wconf 89' lang='lat' dir='ltr'><strong>parentibus</strong></span> <span class='ocrx_word' id='word_1_270' title='bbox 1619 2513 1864 2568; x_wconf 85' lang='lat' dir='ltr'><strong>insontes</strong></span> <span class='ocrx_word' id='word_1_271' title='bbox 1900 2516 1964 2569; x_wconf 86' lang='lat' dir='ltr'><strong>li-</strong></span> 
     </span>
    </p>
   </div>
   <div class='ocr_carea' id='block_1_43' title="bbox 387 2584 1962 2673">
    <p class='ocr_par' dir='ltr' id='par_1_43' title="bbox 387 2584 1962 2673">
     <span class='ocr_line' id='line_1_43' title="bbox 387 2584 1962 2673; baseline 0.016 -36"><span class='ocrx_word' id='word_1_272' title='bbox 387 2584 509 2638; x_wconf 53' lang='lat' dir='ltr'><strong>heri»</strong></span> <span class='ocrx_word' id='word_1_273' title='bbox 550 2602 738 2656; x_wconf 72' lang='lat' dir='ltr'><strong>prunas</strong></span> <span class='ocrx_word' id='word_1_274' title='bbox 787 2594 978 2647; x_wconf 91' lang='lat' dir='ltr'><strong>darent</strong></span> <span class='ocrx_word' id='word_1_275' title='bbox 1035 2595 1110 2665; x_wconf 88' lang='lat' dir='ltr'><strong>(id</strong></span> <span class='ocrx_word' id='word_1_276' title='bbox 1155 2598 1299 2651; x_wconf 91' lang='lat' dir='ltr'><strong>enim</strong></span> <span class='ocrx_word' id='word_1_277' title='bbox 1354 2601 1516 2654; x_wconf 91' lang='lat' dir='ltr'><strong>etiam</strong></span> <span class='ocrx_word' id='word_1_278' title='bbox 1575 2603 1719 2673; x_wconf 80' lang='lat' dir='ltr'><strong>leges</strong></span> <span class='ocrx_word' id='word_1_279' title='bbox 1765 2616 1962 2663; x_wconf 73' lang='lat' dir='ltr'><strong>nostra:</strong></span> 
     </span>
    </p>
   </div>
   <div class='ocr_carea' id='block_1_44' title="bbox 383 2676 1957 2763">
    <p class='ocr_par' dir='ltr' id='par_1_44' title="bbox 383 2676 1957 2763">
     <span class='ocr_line' id='line_1_44' title="bbox 383 2676 1957 2763; baseline 0.015 -36"><span class='ocrx_word' id='word_1_280' title='bbox 383 2676 614 2747; x_wconf 79' lang='lat' dir='ltr'><strong>vetant),</strong></span> <span class='ocrx_word' id='word_1_281' title='bbox 666 2680 869 2737; x_wconf 86' lang='lat' dir='ltr'><strong>idcirco</strong></span> <span class='ocrx_word' id='word_1_282' title='bbox 928 2683 1042 2751; x_wconf 79' lang='lat' dir='ltr'><strong>lege</strong></span> <span class='ocrx_word' id='word_1_283' title='bbox 1079 2686 1185 2740; x_wconf 89' lang='lat' dir='ltr'><strong>lata</strong></span> <span class='ocrx_word' id='word_1_284' title='bbox 1241 2689 1410 2758; x_wconf 81' lang='lat' dir='ltr'><strong>edixi,</strong></span> <span class='ocrx_word' id='word_1_285' title='bbox 1469 2701 1524 2744; x_wconf 90' lang='lat' dir='ltr'><strong>ut</strong></span> <span class='ocrx_word' id='word_1_286' title='bbox 1575 2692 1881 2763; x_wconf 85' lang='lat' dir='ltr'><strong>impuberes</strong></span> <span class='ocrx_word' id='word_1_287' title='bbox 1929 2713 1957 2750; x_wconf 79' lang='grc' dir='ltr'>ιι</span> 
     </span>
    </p>
   </div>
   <div class='ocr_carea' id='block_1_45' title="bbox 387 2768 1958 2853">
    <p class='ocr_par' dir='ltr' id='par_1_45' title="bbox 387 2768 1958 2853">
     <span class='ocr_line' id='line_1_45' title="bbox 387 2768 1958 2853; baseline 0.015 -36"><span class='ocrx_word' id='word_1_288' title='bbox 387 2768 592 2822; x_wconf 86' lang='lat' dir='ltr'><strong>nostris</strong></span> <span class='ocrx_word' id='word_1_289' title='bbox 624 2771 885 2827; x_wconf 89' lang='lat' dir='ltr'><strong>militibus</strong></span> <span class='ocrx_word' id='word_1_290' title='bbox 923 2776 1161 2844; x_wconf 86' lang='lat' dir='ltr'><strong>alantur,</strong></span> <span class='ocrx_word' id='word_1_291' title='bbox 1196 2789 1251 2833; x_wconf 90' lang='lat' dir='ltr'><strong>ut</strong></span> <span class='ocrx_word' id='word_1_292' title='bbox 1277 2796 1399 2835; x_wconf 89' lang='lat' dir='ltr'><strong>cum</strong></span> <span class='ocrx_word' id='word_1_293' title='bbox 1431 2784 1496 2836; x_wconf 89' lang='lat' dir='ltr'><strong>ad</strong></span> <span class='ocrx_word' id='word_1_294' title='bbox 1531 2785 1831 2853; x_wconf 80' lang='lat' dir='ltr'><strong>pubertatis</strong></span> <span class='ocrx_word' id='word_1_295' title='bbox 1858 2803 1958 2840; x_wconf 89' lang='lat' dir='ltr'><strong>an-</strong></span> 
     </span>
    </p>
   </div>
   <div class='ocr_carea' id='block_1_46' title="bbox 387 2864 1960 2945">
    <p class='ocr_par' dir='ltr' id='par_1_46' title="bbox 387 2864 1960 2945">
     <span class='ocr_line' id='line_1_46' title="bbox 387 2864 1960 2945; baseline 0.017 -37"><span class='ocrx_word' id='word_1_296' title='bbox 387 2871 485 2910; x_wconf 85' lang='lat' dir='ltr'><strong>nos</strong></span> <span class='ocrx_word' id='word_1_297' title='bbox 540 2864 909 2930; x_wconf 85' lang='lat' dir='ltr'><strong>pervencrint,</strong></span> <span class='ocrx_word' id='word_1_298' title='bbox 960 2877 1053 2921; x_wconf 88' lang='lat' dir='ltr'><strong>aut</strong></span> <span class='ocrx_word' id='word_1_299' title='bbox 1082 2867 1363 2925; x_wconf 83' lang='lat' dir='ltr'><strong>Judaicam</strong></span> <span class='ocrx_word' id='word_1_300' title='bbox 1417 2874 1732 2945; x_wconf 75' lang='lat' dir='ltr'><strong>religionem</strong></span> <span class='ocrx_word' id='word_1_301' title='bbox 1785 2886 1960 2935; x_wconf 85' lang='lat' dir='ltr'><strong>susci-</strong></span> 
     </span>
    </p>
   </div>
   <div class='ocr_carea' id='block_1_47' title="bbox 384 2946 1957 3035">
    <p class='ocr_par' dir='ltr' id='par_1_47' title="bbox 384 2946 1957 3035">
     <span class='ocr_line' id='line_1_47' title="bbox 384 2946 1957 3035; baseline 0.018 -41"><span class='ocrx_word' id='word_1_302' title='bbox 384 2946 554 3013; x_wconf 83' lang='lat' dir='ltr'><strong>piant,</strong></span> <span class='ocrx_word' id='word_1_303' title='bbox 582 2960 675 3004; x_wconf 89' lang='lat' dir='ltr'><strong>aut</strong></span> <span class='ocrx_word' id='word_1_304' title='bbox 700 2953 742 3005; x_wconf 90' lang='lat' dir='ltr'><strong>si</strong></span> <span class='ocrx_word' id='word_1_305' title='bbox 775 2953 1143 3012; x_wconf 82' lang='lat' dir='ltr'><strong>Christianam</strong></span> <span class='ocrx_word' id='word_1_306' title='bbox 1181 2960 1422 3029; x_wconf 84' lang='lat' dir='ltr'><strong>profiteri</strong></span> <span class='ocrx_word' id='word_1_307' title='bbox 1463 2965 1673 3031; x_wconf 90' lang='lat' dir='ltr'><strong>malint,</strong></span> <span class='ocrx_word' id='word_1_308' title='bbox 1709 2977 1957 3035; x_wconf 87' lang='lat' dir='ltr'><strong>pereant.</strong></span> 
     </span>
    </p>
   </div>
   <div class='ocr_carea' id='block_1_48' title="bbox 381 3035 1955 3124">
    <p class='ocr_par' dir='ltr' id='par_1_48' title="bbox 381 3035 1955 3124">
     <span class='ocr_line' id='line_1_48' title="bbox 381 3035 1955 3124; baseline 0.019 -36"><span class='ocrx_word' id='word_1_309' title='bbox 381 3035 496 3091; x_wconf 87' lang='lat' dir='ltr'><strong>lloc</strong></span> <span class='ocrx_word' id='word_1_310' title='bbox 527 3040 643 3104; x_wconf 89' lang='lat' dir='ltr'><strong>tibi,</strong></span> <span class='ocrx_word' id='word_1_311' title='bbox 680 3058 796 3109; x_wconf 79' lang='lat' dir='ltr'><strong>rex,</strong></span> <span class='ocrx_word' id='word_1_312' title='bbox 837 3061 901 3101; x_wconf 90' lang='lat' dir='ltr'><strong>eo</strong></span> <span class='ocrx_word' id='word_1_313' title='bbox 932 3051 1318 3117; x_wconf 86' lang='lat' dir='ltr'><strong>perseribenda</strong></span> <span class='ocrx_word' id='word_1_314' title='bbox 1354 3058 1560 3124; x_wconf 87' lang='lat' dir='ltr'><strong>putavi,</strong></span> <span class='ocrx_word' id='word_1_315' title='bbox 1598 3069 1654 3114; x_wconf 83' lang='lat' dir='ltr'><strong>ut</strong></span> <span class='ocrx_word' id='word_1_316' title='bbox 1697 3061 1856 3115; x_wconf 91' lang='lat' dir='ltr'><strong>simul</strong></span> <span class='ocrx_word' id='word_1_317' title='bbox 1903 3070 1955 3118; x_wconf 86' lang='lat' dir='ltr'><strong>te</strong></span> 
     </span>
    </p>
   </div>
   <div class='ocr_carea' id='block_1_49' title="bbox 382 3128 1955 3208">
    <p class='ocr_par' dir='ltr' id='par_1_49' title="bbox 382 3128 1955 3208">
     <span class='ocr_line' id='line_1_49' title="bbox 382 3128 1955 3208; baseline 0.02 -31"><span class='ocrx_word' id='word_1_318' title='bbox 382 3128 758 3195; x_wconf 89' lang='lat' dir='ltr'><strong>admonerem,</strong></span> <span class='ocrx_word' id='word_1_319' title='bbox 794 3151 857 3189; x_wconf 90' lang='lat' dir='ltr'><strong>ne</strong></span> <span class='ocrx_word' id='word_1_320' title='bbox 885 3152 1212 3208; x_wconf 89' lang='lat' dir='ltr'><strong>quemquam</strong></span> <span class='ocrx_word' id='word_1_321' title='bbox 1250 3143 1618 3201; x_wconf 91' lang='lat' dir='ltr'><strong>Christianum</strong></span> <span class='ocrx_word' id='word_1_322' title='bbox 1654 3150 1703 3203; x_wconf 94' lang='lat' dir='ltr'><strong>in</strong></span> <span class='ocrx_word' id='word_1_323' title='bbox 1745 3159 1835 3206; x_wconf 90' lang='lat' dir='ltr'><strong>tuo</strong></span> <span class='ocrx_word' id='word_1_324' title='bbox 1867 3168 1955 3208; x_wconf 88' lang='lat' dir='ltr'><strong>re-</strong></span> 
     </span>
    </p>
   </div>
   <div class='ocr_carea' id='block_1_50' title="bbox 381 3214 1952 3307">
    <p class='ocr_par' dir='ltr' id='par_1_50' title="bbox 381 3214 1952 3307">
     <span class='ocr_line' id='line_1_50' title="bbox 381 3214 1952 3307; baseline 0.018 -38"><span class='ocrx_word' id='word_1_325' title='bbox 381 3214 486 3283; x_wconf 65' lang='lat' dir='ltr'><strong>gno</strong></span> <span class='ocrx_word' id='word_1_326' title='bbox 520 3220 700 3276; x_wconf 85' lang='lat' dir='ltr'><strong>vivere</strong></span> <span class='ocrx_word' id='word_1_327' title='bbox 735 3228 979 3295; x_wconf 86' lang='lat' dir='ltr'><strong>patiaris,</strong></span> <span class='ocrx_word' id='word_1_328' title='bbox 1028 3231 1131 3286; x_wconf 89' lang='lat' dir='ltr'><strong>nisi</strong></span> <span class='ocrx_word' id='word_1_329' title='bbox 1168 3233 1328 3300; x_wconf 86' lang='lat' dir='ltr'><strong>forte,</strong></span> <span class='ocrx_word' id='word_1_330' title='bbox 1365 3238 1456 3307; x_wconf 91' lang='lat' dir='ltr'><strong>qui</strong></span> <span class='ocrx_word' id='word_1_331' title='bbox 1502 3254 1652 3294; x_wconf 86' lang='lat' dir='ltr'><strong>suam</strong></span> <span class='ocrx_word' id='word_1_332' title='bbox 1692 3256 1815 3297; x_wconf 86' lang='lat' dir='ltr'><strong>cum</strong></span> <span class='ocrx_word' id='word_1_333' title='bbox 1865 3252 1952 3299; x_wconf 90' lang='lat' dir='ltr'><strong>tua</strong></span> 
     </span>
    </p>
   </div>
   <div class='ocr_carea' id='block_1_51' title="bbox 382 3309 1953 3389">
    <p class='ocr_par' dir='ltr' id='par_1_51' title="bbox 382 3309 1953 3389">
     <span class='ocr_line' id='line_1_51' title="bbox 382 3309 1953 3389; baseline 0.019 -30"><span class='ocrx_word' id='word_1_334' title='bbox 382 3309 643 3378; x_wconf 76' lang='lat' dir='ltr'><strong>religione</strong></span> <span class='ocrx_word' id='word_1_335' title='bbox 676 3328 1012 3376; x_wconf 84' lang='lat' dir='ltr'><strong>commutare</strong></span> <span class='ocrx_word' id='word_1_336' title='bbox 1046 3321 1297 3380; x_wconf 87' lang='lat' dir='ltr'><strong>voluerit.</strong></span> <span class='ocrx_word' id='word_1_337' title='bbox 1331 3325 1549 3384; x_wconf 72' lang='lat' dir='ltr'><strong>Judrcos</strong></span> <span class='ocrx_word' id='word_1_338' title='bbox 1592 3345 1722 3387; x_wconf 86' lang='lat' dir='ltr'><strong>vero</strong></span> <span class='ocrx_word' id='word_1_339' title='bbox 1752 3331 1953 3389; x_wconf 78' lang='lat' dir='ltr'><strong>fratres</strong></span> 
     </span>
    </p>
   </div>
   <div class='ocr_carea' id='block_1_52' title="bbox 382 3410 1958 3493">
    <p class='ocr_par' dir='ltr' id='par_1_52' title="bbox 382 3410 1958 3493">
     <span class='ocr_line' id='line_1_52' title="bbox 382 3410 1958 3493; baseline 0.017 -40"><span class='ocrx_word' id='word_1_340' title='bbox 382 3416 529 3457; x_wconf 82' lang='lat' dir='ltr'><strong>meos</strong></span> <span class='ocrx_word' id='word_1_341' title='bbox 557 3419 642 3469; x_wconf 89' lang='lat' dir='ltr'><strong>ea,</strong></span> <span class='ocrx_word' id='word_1_342' title='bbox 676 3424 781 3475; x_wconf 88' lang='lat' dir='ltr'><strong>qua</strong></span> <span class='ocrx_word' id='word_1_343' title='bbox 822 3410 987 3477; x_wconf 86' lang='lat' dir='ltr'><strong>soles,</strong></span> <span class='ocrx_word' id='word_1_344' title='bbox 1030 3413 1365 3485; x_wconf 84' lang='lat' dir='ltr'><strong>benignitate</strong></span> <span class='ocrx_word' id='word_1_345' title='bbox 1400 3418 1584 3476; x_wconf 88' lang='lat' dir='ltr'><strong>fovere</strong></span> <span class='ocrx_word' id='word_1_346' title='bbox 1621 3438 1809 3493; x_wconf 73' lang='lat' dir='ltr'><strong>perge,</strong></span> <span class='ocrx_word' id='word_1_347' title='bbox 1845 3424 1958 3479; x_wconf 68' lang='lat' dir='ltr'><strong>frao</strong></span> 
     </span>
    </p>
   </div>
   <div class='ocr_carea' id='block_1_53' title="bbox 378 3494 1953 3585">
    <p class='ocr_par' dir='ltr' id='par_1_53' title="bbox 378 3494 1953 3585">
     <span class='ocr_line' id='line_1_53' title="bbox 378 3494 1953 3585; baseline 0.016 -42"><span class='ocrx_word' id='word_1_348' title='bbox 378 3501 482 3546; x_wconf 84' lang='lat' dir='ltr'><strong>ter.</strong></span> <span class='ocrx_word' id='word_1_349' title='bbox 525 3494 742 3554; x_wconf 86' lang='lat' dir='ltr'><strong>Gratias</strong></span> <span class='ocrx_word' id='word_1_350' title='bbox 786 3514 881 3567; x_wconf 90' lang='lat' dir='ltr'><strong>pro</strong></span> <span class='ocrx_word' id='word_1_351' title='bbox 918 3503 1020 3556; x_wconf 90' lang='lat' dir='ltr'><strong>hac</strong></span> <span class='ocrx_word' id='word_1_352' title='bbox 1059 3514 1150 3560; x_wconf 84' lang='lat' dir='ltr'><strong>tua</strong></span> <span class='ocrx_word' id='word_1_353' title='bbox 1198 3507 1251 3561; x_wconf 89' lang='lat' dir='ltr'><strong>in</strong></span> <span class='ocrx_word' id='word_1_354' title='bbox 1308 3524 1401 3565; x_wconf 88' lang='lat' dir='ltr'><strong>eos</strong></span> <span class='ocrx_word' id='word_1_355' title='bbox 1431 3510 1806 3571; x_wconf 79' lang='lat' dir='ltr'><strong>benevolentia</strong></span> <span class='ocrx_word' id='word_1_356' title='bbox 1852 3531 1953 3585; x_wconf 82' lang='lat' dir='ltr'><strong>ego</strong></span> 
     </span>
    </p>
   </div>
   <div class='ocr_carea' id='block_1_54' title="bbox 380 3586 1955 3663">
    <p class='ocr_par' dir='ltr' id='par_1_54' title="bbox 380 3586 1955 3663">
     <span class='ocr_line' id='line_1_54' title="bbox 380 3586 1955 3663; baseline 0.019 -30"><span class='ocrx_word' id='word_1_357' title='bbox 380 3586 672 3652; x_wconf 83' lang='lat' dir='ltr'><strong>rependant</strong></span> <span class='ocrx_word' id='word_1_358' title='bbox 711 3606 1107 3663; x_wconf 89' lang='lat' dir='ltr'><strong>:quoscunque</strong></span> <span class='ocrx_word' id='word_1_359' title='bbox 1158 3597 1252 3652; x_wconf 89' lang='lat' dir='ltr'><strong>tibi</strong></span> <span class='ocrx_word' id='word_1_360' title='bbox 1287 3601 1640 3659; x_wconf 88' lang='lat' dir='ltr'><strong>charissimos</strong></span> <span class='ocrx_word' id='word_1_361' title='bbox 1686 3607 1803 3662; x_wconf 88' lang='lat' dir='ltr'><strong>fore</strong></span> <span class='ocrx_word' id='word_1_362' title='bbox 1844 3608 1955 3663; x_wconf 84' lang='lat' dir='ltr'><strong>tuis</strong></span> 
     </span>
    </p>
   </div>
   <div class='ocr_carea' id='block_1_55' title="bbox 376 3674 1399 3748">
    <p class='ocr_par' dir='ltr' id='par_1_55' title="bbox 376 3674 1399 3748">
     <span class='ocr_line' id='line_1_55' title="bbox 376 3674 1399 3748; baseline 0.022 -23"><span class='ocrx_word' id='word_1_363' title='bbox 376 3674 578 3730; x_wconf 79' lang='lat' dir='ltr'><strong>litteris</strong></span> <span class='ocrx_word' id='word_1_364' title='bbox 607 3678 718 3746; x_wconf 90' lang='lat' dir='ltr'><strong>ipse</strong></span> <span class='ocrx_word' id='word_1_365' title='bbox 750 3698 833 3736; x_wconf 90' lang='lat' dir='ltr'><strong>me</strong></span> <span class='ocrx_word' id='word_1_366' title='bbox 862 3683 1056 3740; x_wconf 79' lang='lat' dir='ltr'><strong>feceris</strong></span> <span class='ocrx_word' id='word_1_367' title='bbox 1087 3690 1399 3748; x_wconf 86' lang='lat' dir='ltr'><strong>certiorem.</strong></span> 
     </span>
    </p>
   </div>
   <div class='ocr_carea' id='block_1_56' title="bbox 450 3764 1949 3843">
    <p class='ocr_par' dir='ltr' id='par_1_56' title="bbox 450 3764 1949 3843">
     <span class='ocr_line' id='line_1_56' title="bbox 450 3764 1949 3843; baseline 0.017 -25"><span class='ocrx_word' id='word_1_368' title='bbox 450 3764 573 3821; x_wconf 68' lang='lat' dir='ltr'><strong>Haec</strong></span> <span class='ocrx_word' id='word_1_369' title='bbox 599 3785 687 3823; x_wconf 77' lang='lat' dir='ltr'><strong>rex</strong></span> <span class='ocrx_word' id='word_1_370' title='bbox 721 3772 981 3839; x_wconf 60' lang='lat' dir='ltr'><strong>promittis</strong></span> <span class='ocrx_word' id='word_1_371' title='bbox 1026 3777 1243 3836; x_wconf 64' lang='lat' dir='ltr'><strong>Iudaeus</strong></span> <span class='ocrx_word' id='word_1_372' title='bbox 1274 3782 1552 3839; x_wconf 80' lang='lat' dir='ltr'><strong>Mondero.</strong></span> <span class='ocrx_word' id='word_1_373' title='bbox 1585 3787 1722 3842; x_wconf 89' lang='lat' dir='ltr'><strong>Cum</strong></span> <span class='ocrx_word' id='word_1_374' title='bbox 1773 3803 1949 3843; x_wconf 81' lang='lat' dir='ltr'><strong>autent</strong></span> 
     </span>
    </p>
   </div>
   <div class='ocr_carea' id='block_1_57' title="bbox 380 3865 1952 3936">
    <p class='ocr_par' dir='ltr' id='par_1_57' title="bbox 380 3865 1952 3936">
     <span class='ocr_line' id='line_1_57' title="bbox 380 3865 1952 3936; baseline 0.017 -27"><span class='ocrx_word' id='word_1_375' title='bbox 380 3872 478 3911; x_wconf 83' lang='lat' dir='ltr'><strong>nos</strong></span> <span class='ocrx_word' id='word_1_376' title='bbox 503 3873 566 3912; x_wconf 89' lang='lat' dir='ltr'><strong>eo</strong></span> <span class='ocrx_word' id='word_1_377' title='bbox 597 3865 1051 3934; x_wconf 84' lang='lat' dir='ltr'><strong>pervenissemus,</strong></span> <span class='ocrx_word' id='word_1_378' title='bbox 1084 3870 1372 3930; x_wconf 84' lang='lat' dir='ltr'><strong>Monderus</strong></span> <span class='ocrx_word' id='word_1_379' title='bbox 1403 3890 1699 3933; x_wconf 90' lang='lat' dir='ltr'><strong>convocato</strong></span> <span class='ocrx_word' id='word_1_380' title='bbox 1725 3883 1790 3934; x_wconf 90' lang='lat' dir='ltr'><strong>ad</strong></span> <span class='ocrx_word' id='word_1_381' title='bbox 1824 3897 1952 3936; x_wconf 87' lang='lat' dir='ltr'><strong>con-</strong></span> 
     </span>
    </p>
   </div>
   <div class='ocr_carea' id='block_1_58' title="bbox 377 3948 1950 4042">
    <p class='ocr_par' dir='ltr' id='par_1_58' title="bbox 377 3948 1950 4042">
     <span class='ocr_line' id='line_1_58' title="bbox 377 3948 1950 4042; baseline 0.019 -43"><span class='ocrx_word' id='word_1_382' title='bbox 377 3948 590 4003; x_wconf 88' lang='lat' dir='ltr'><strong>cionem</strong></span> <span class='ocrx_word' id='word_1_383' title='bbox 622 3957 892 4021; x_wconf 76' lang='lat' dir='ltr'><strong>exercitu,</strong></span> <span class='ocrx_word' id='word_1_384' title='bbox 930 3961 1071 4030; x_wconf 80' lang='lat' dir='ltr'><strong>regis</strong></span> <span class='ocrx_word' id='word_1_385' title='bbox 1096 3961 1309 4018; x_wconf 82' lang='lat' dir='ltr'><strong>litteras</strong></span> <span class='ocrx_word' id='word_1_386' title='bbox 1335 3967 1545 4035; x_wconf 86' lang='lat' dir='ltr'><strong>publice</strong></span> <span class='ocrx_word' id='word_1_387' title='bbox 1575 3971 1793 4025; x_wconf 85' lang='lat' dir='ltr'><strong>recitari</strong></span> <span class='ocrx_word' id='word_1_388' title='bbox 1817 3973 1950 4042; x_wconf 80' lang='lat' dir='ltr'><strong>jus-</strong></span> 
     </span>
    </p>
   </div>
   <div class='ocr_carea' id='block_1_59' title="bbox 375 4040 1953 4133">
    <p class='ocr_par' dir='ltr' id='par_1_59' title="bbox 375 4040 1953 4133">
     <span class='ocr_line' id='line_1_59' title="bbox 375 4040 1953 4133; baseline 0.018 -42"><span class='ocrx_word' id='word_1_389' title='bbox 375 4043 449 4092; x_wconf 71' lang='lat' dir='ltr'><strong>s‘t</strong></span> <span class='ocrx_word' id='word_1_390' title='bbox 490 4057 756 4112; x_wconf 81' lang='lat' dir='ltr'><strong>:remque</strong></span> <span class='ocrx_word' id='word_1_391' title='bbox 805 4047 875 4101; x_wconf 82' lang='lat' dir='ltr'><strong>ita</strong></span> <span class='ocrx_word' id='word_1_392' title='bbox 943 4065 1003 4105; x_wconf 91' lang='lat' dir='ltr'><strong>se</strong></span> <span class='ocrx_word' id='word_1_393' title='bbox 1054 4052 1254 4107; x_wconf 80' lang='lat' dir='ltr'><strong>habere</strong></span> <span class='ocrx_word' id='word_1_394' title='bbox 1305 4040 1543 4121; x_wconf 66' lang='lat' dir='ltr'><strong>praesens</strong></span> <span class='ocrx_word' id='word_1_395' title='bbox 1595 4061 1764 4129; x_wconf 83' lang='lat' dir='ltr'><strong>ipsius</strong></span> <span class='ocrx_word' id='word_1_396' title='bbox 1811 4040 1953 4133; x_wconf 82' lang='lat' dir='ltr'><strong>regis</strong></span> 
     </span>
    </p>
   </div>
   <div class='ocr_carea' id='block_1_60' title="bbox 380 4129 1950 4220">
    <p class='ocr_par' dir='ltr' id='par_1_60' title="bbox 380 4129 1950 4220">
     <span class='ocr_line' id='line_1_60' title="bbox 380 4129 1950 4220; baseline 0.018 -39"><span class='ocrx_word' id='word_1_397' title='bbox 380 4129 582 4196; x_wconf 75' lang='lat' dir='ltr'><strong>legatus</strong></span> <span class='ocrx_word' id='word_1_398' title='bbox 642 4138 1330 4206; x_wconf 72' lang='lat' dir='ltr'><strong>a‘ttestabatur,attcxcns</strong></span> <span class='ocrx_word' id='word_1_399' title='bbox 1405 4148 1509 4204; x_wconf 85' lang='lat' dir='ltr'><strong>alia</strong></span> <span class='ocrx_word' id='word_1_400' title='bbox 1581 4154 1830 4220; x_wconf 69' lang='lat' dir='ltr'><strong>quazdam</strong></span> <span class='ocrx_word' id='word_1_401' title='bbox 1876 4129 1950 4210; x_wconf 69' lang='lat' dir='ltr'><strong>de</strong></span> 
     </span>
    </p>
   </div>
   <div class='ocr_carea' id='block_1_61' title="bbox 375 4219 1951 4304">
    <p class='ocr_par' dir='ltr' id='par_1_61' title="bbox 375 4219 1951 4304">
     <span class='ocr_line' id='line_1_61' title="bbox 375 4219 1951 4304; baseline 0.018 -31"><span class='ocrx_word' id='word_1_402' title='bbox 375 4219 818 4281; x_wconf 87' lang='lat' dir='ltr'><strong>Christianorum</strong></span> <span class='ocrx_word' id='word_1_403' title='bbox 887 4230 1076 4297; x_wconf 72' lang='lat' dir='ltr'><strong>crede,</strong></span> <span class='ocrx_word' id='word_1_404' title='bbox 1139 4248 1437 4304; x_wconf 86' lang='lat' dir='ltr'><strong>eorumque</strong></span> <span class='ocrx_word' id='word_1_405' title='bbox 1496 4254 1560 4294; x_wconf 82' lang='lat' dir='ltr'><strong>ex</strong></span> <span class='ocrx_word' id='word_1_406' title='bbox 1601 4219 1951 4302; x_wconf 16' lang='lat' dir='ltr'><strong>iHomeritide</strong></span> 
     </span>
    </p>
   </div>
   <div class='ocr_carea' id='block_1_62' title="bbox 379 4310 1951 4404">
    <p class='ocr_par' dir='ltr' id='par_1_62' title="bbox 379 4310 1951 4404">
     <span class='ocr_line' id='line_1_62' title="bbox 379 4310 1951 4404; baseline 0.018 -40"><span class='ocrx_word' id='word_1_407' title='bbox 379 4310 522 4382; x_wconf 80' lang='lat' dir='ltr'><strong>fuga.</strong></span> <span class='ocrx_word' id='word_1_408' title='bbox 562 4315 697 4369; x_wconf 89' lang='lat' dir='ltr'><strong>Tum</strong></span> <span class='ocrx_word' id='word_1_409' title='bbox 732 4335 860 4374; x_wconf 88' lang='lat' dir='ltr'><strong>vero</strong></span> <span class='ocrx_word' id='word_1_410' title='bbox 890 4320 1177 4379; x_wconf 85' lang='lat' dir='ltr'><strong>Monderus</strong></span> <span class='ocrx_word' id='word_1_411' title='bbox 1208 4329 1272 4379; x_wconf 89' lang='lat' dir='ltr'><strong>ad</strong></span> <span class='ocrx_word' id='word_1_412' title='bbox 1296 4328 1656 4399; x_wconf 86' lang='lat' dir='ltr'><strong>Christianos,</strong></span> <span class='ocrx_word' id='word_1_413' title='bbox 1687 4352 1825 4404; x_wconf 88' lang='lat' dir='ltr'><strong>quos</strong></span> <span class='ocrx_word' id='word_1_414' title='bbox 1849 4338 1951 4392; x_wconf 91' lang='lat' dir='ltr'><strong>sub</strong></span> 
     </span>
    </p>
   </div>
   <div class='ocr_carea' id='block_1_63' title="bbox 2066 1867 3631 1936">
    <p class='ocr_par' dir='ltr' id='par_1_63' title="bbox 2066 1867 3631 1936">
     <span class='ocr_line' id='line_1_63' title="bbox 2066 1867 3631 1936; baseline -0.001 -16"><span class='ocrx_word' id='word_1_415' title='bbox 2066 1882 2174 1936; x_wconf 86' lang='lat' dir='ltr'><strong>quo</strong></span> <span class='ocrx_word' id='word_1_416' title='bbox 2215 1877 2301 1920; x_wconf 80' lang='lat' dir='ltr'><strong>tua</strong></span> <span class='ocrx_word' id='word_1_417' title='bbox 2349 1876 2398 1922; x_wconf 86' lang='lat' dir='ltr'><strong>te</strong></span> <span class='ocrx_word' id='word_1_418' title='bbox 2436 1868 2490 1921; x_wconf 89' lang='lat' dir='ltr'><strong>in</strong></span> <span class='ocrx_word' id='word_1_419' title='bbox 2534 1868 2804 1922; x_wconf 86' lang='lat' dir='ltr'><strong>Christum</strong></span> <span class='ocrx_word' id='word_1_420' title='bbox 2841 1868 3033 1923; x_wconf 85' lang='lat' dir='ltr'><strong>fiducia</strong></span> <span class='ocrx_word' id='word_1_421' title='bbox 3071 1868 3384 1932; x_wconf 81' lang='lat' dir='ltr'><strong>adduxerit,</strong></span> <span class='ocrx_word' id='word_1_422' title='bbox 3435 1867 3631 1922; x_wconf 87' lang='lat' dir='ltr'><strong>bellum</strong></span> 
     </span>
    </p>
   </div>
   <div class='ocr_carea' id='block_1_64' title="bbox 2064 1958 3639 2029">
    <p class='ocr_par' dir='ltr' id='par_1_64' title="bbox 2064 1958 3639 2029">
     <span class='ocr_line' id='line_1_64' title="bbox 2064 1958 3639 2029; baseline 0.001 -19"><span class='ocrx_word' id='word_1_423' title='bbox 2064 1959 2325 2013; x_wconf 86' lang='lat' dir='ltr'><strong>adversus</strong></span> <span class='ocrx_word' id='word_1_424' title='bbox 2369 1973 2454 2013; x_wconf 91' lang='lat' dir='ltr'><strong>me</strong></span> <span class='ocrx_word' id='word_1_425' title='bbox 2502 1959 2849 2014; x_wconf 85' lang='lat' dir='ltr'><strong>molientem?</strong></span> <span class='ocrx_word' id='word_1_426' title='bbox 2884 1958 3002 2014; x_wconf 85' lang='lat' dir='ltr'><strong>Jam</strong></span> <span class='ocrx_word' id='word_1_427' title='bbox 3030 1960 3309 2029; x_wconf 77' lang='lat' dir='ltr'><strong>resipisce,</strong></span> <span class='ocrx_word' id='word_1_428' title='bbox 3357 1961 3540 2022; x_wconf 89' lang='lat' dir='ltr'><strong>miser,</strong></span> <span class='ocrx_word' id='word_1_429' title='bbox 3582 1966 3639 2013; x_wconf 85' lang='lat' dir='ltr'><strong>et</strong></span> 
     </span>
    </p>
   </div>
   <div class='ocr_carea' id='block_1_65' title="bbox 2063 2047 3633 2114">
    <p class='ocr_par' dir='ltr' id='par_1_65' title="bbox 2063 2047 3633 2114">
     <span class='ocr_line' id='line_1_65' title="bbox 2063 2047 3633 2114; baseline 0.001 -12"><span class='ocrx_word' id='word_1_430' title='bbox 2063 2047 2539 2113; x_wconf 79' lang='lat' dir='ltr'><strong>ciuratoChristo,</strong></span> <span class='ocrx_word' id='word_1_431' title='bbox 2568 2051 2830 2105; x_wconf 83' lang='lat' dir='ltr'><strong>senectuti</strong></span> <span class='ocrx_word' id='word_1_432' title='bbox 2858 2058 2963 2104; x_wconf 85' lang='lat' dir='ltr'><strong>tu:e</strong></span> <span class='ocrx_word' id='word_1_433' title='bbox 2987 2051 3274 2105; x_wconf 82' lang='lat' dir='ltr'><strong>eonsulere</strong></span> <span class='ocrx_word' id='word_1_434' title='bbox 3313 2065 3438 2104; x_wconf 84' lang='lat' dir='ltr'><strong>sero</strong></span> <span class='ocrx_word' id='word_1_435' title='bbox 3465 2050 3633 2114; x_wconf 87' lang='lat' dir='ltr'><strong>disce,</strong></span> 
     </span>
    </p>
   </div>
   <div class='ocr_carea' id='block_1_66' title="bbox 2067 2141 3637 2210">
    <p class='ocr_par' dir='ltr' id='par_1_66' title="bbox 2067 2141 3637 2210">
     <span class='ocr_line' id='line_1_66' title="bbox 2067 2141 3637 2210; baseline 0.001 -20"><span class='ocrx_word' id='word_1_436' title='bbox 2067 2152 2133 2191; x_wconf 90' lang='lat' dir='ltr'><strong>ne</strong></span> <span class='ocrx_word' id='word_1_437' title='bbox 2179 2146 2249 2201; x_wconf 89' lang='lat' dir='ltr'><strong>te,</strong></span> <span class='ocrx_word' id='word_1_438' title='bbox 2285 2153 2404 2207; x_wconf 75' lang='lat' dir='ltr'><strong>qure</strong></span> <span class='ocrx_word' id='word_1_439' title='bbox 2439 2141 2615 2193; x_wconf 86' lang='lat' dir='ltr'><strong>socius</strong></span> <span class='ocrx_word' id='word_1_440' title='bbox 2659 2150 2799 2207; x_wconf 89' lang='lat' dir='ltr'><strong>tuos,</strong></span> <span class='ocrx_word' id='word_1_441' title='bbox 2851 2141 3087 2195; x_wconf 77' lang='lat' dir='ltr'><strong>involvat</strong></span> <span class='ocrx_word' id='word_1_442' title='bbox 3135 2155 3314 2210; x_wconf 68' lang='lat' dir='ltr'><strong>paena.</strong></span> <span class='ocrx_word' id='word_1_443' title='bbox 3358 2141 3454 2193; x_wconf 75' lang='lat' dir='ltr'><strong>(Ini</strong></span> <span class='ocrx_word' id='word_1_444' title='bbox 3504 2142 3637 2193; x_wconf 75' lang='lat' dir='ltr'><strong>Are-</strong></span> 
     </span>
    </p>
   </div>
   <div class='ocr_carea' id='block_1_67' title="bbox 2065 2229 3636 2301">
    <p class='ocr_par' dir='ltr' id='par_1_67' title="bbox 2065 2229 3636 2301">
     <span class='ocr_line' id='line_1_67' title="bbox 2065 2229 3636 2301; baseline 0.001 -18"><span class='ocrx_word' id='word_1_445' title='bbox 2065 2231 2187 2283; x_wconf 88' lang='lat' dir='ltr'><strong>thas</strong></span> <span class='ocrx_word' id='word_1_446' title='bbox 2213 2246 2227 2283; x_wconf 86' lang='lat'><strong>:</strong></span> <span class='ocrx_word' id='word_1_447' title='bbox 2254 2229 2328 2283; x_wconf 92' lang='lat' dir='ltr'><strong>De</strong></span> <span class='ocrx_word' id='word_1_448' title='bbox 2354 2231 2491 2294; x_wconf 87' lang='lat' dir='ltr'><strong>istis,</strong></span> <span class='ocrx_word' id='word_1_449' title='bbox 2521 2230 2715 2298; x_wconf 90' lang='lat' dir='ltr'><strong>inquit,</strong></span> <span class='ocrx_word' id='word_1_450' title='bbox 2738 2234 2929 2285; x_wconf 86' lang='lat' dir='ltr'><strong>merito</strong></span> <span class='ocrx_word' id='word_1_451' title='bbox 2953 2232 3063 2297; x_wconf 87' lang='lat' dir='ltr'><strong>jam</strong></span> <span class='ocrx_word' id='word_1_452' title='bbox 3094 2248 3323 2301; x_wconf 64' lang='lat' dir='ltr'><strong>queror;</strong></span> <span class='ocrx_word' id='word_1_453' title='bbox 3346 2243 3398 2284; x_wconf 88' lang='lat' dir='ltr'><strong>ut</strong></span> <span class='ocrx_word' id='word_1_454' title='bbox 3424 2231 3512 2300; x_wconf 91' lang='lat' dir='ltr'><strong>qui</strong></span> <span class='ocrx_word' id='word_1_455' title='bbox 3553 2244 3636 2284; x_wconf 81' lang='lat' dir='ltr'><strong>rn‘c</strong></span> 
     </span>
    </p>
   </div>
   <div class='ocr_carea' id='block_1_68' title="bbox 2066 2320 3634 2389">
    <p class='ocr_par' dir='ltr' id='par_1_68' title="bbox 2066 2320 3634 2389">
     <span class='ocr_line' id='line_1_68' title="bbox 2066 2320 3634 2389; baseline -0.001 -15"><span class='ocrx_word' id='word_1_456' title='bbox 2066 2320 2204 2374; x_wconf 82' lang='lat' dir='ltr'><strong>bene</strong></span> <span class='ocrx_word' id='word_1_457' title='bbox 2240 2330 2548 2375; x_wconf 84' lang='lat' dir='ltr'><strong>monentem</strong></span> <span class='ocrx_word' id='word_1_458' title='bbox 2582 2322 2841 2375; x_wconf 85' lang='lat' dir='ltr'><strong>obattdire</strong></span> <span class='ocrx_word' id='word_1_459' title='bbox 2873 2323 3145 2378; x_wconf 81' lang='lat' dir='ltr'><strong>noluerint</strong></span> <span class='ocrx_word' id='word_1_460' title='bbox 3177 2323 3424 2377; x_wconf 84' lang='lat' dir='ltr'><strong>:aiebam</strong></span> <span class='ocrx_word' id='word_1_461' title='bbox 3459 2322 3634 2389; x_wconf 79' lang='lat' dir='ltr'><strong>siqui-</strong></span> 
     </span>
    </p>
   </div>
   <div class='ocr_carea' id='block_1_69' title="bbox 2064 2410 3627 2476">
    <p class='ocr_par' dir='ltr' id='par_1_69' title="bbox 2064 2410 3627 2476">
     <span class='ocr_line' id='line_1_69' title="bbox 2064 2410 3627 2476; baseline 0.001 -12"><span class='ocrx_word' id='word_1_462' title='bbox 2064 2413 2210 2475; x_wconf 86' lang='lat' dir='ltr'><strong>dem,</strong></span> <span class='ocrx_word' id='word_1_463' title='bbox 2240 2410 2442 2465; x_wconf 88' lang='lat' dir='ltr'><strong>nullam</strong></span> <span class='ocrx_word' id='word_1_464' title='bbox 2479 2412 2585 2465; x_wconf 88' lang='lat' dir='ltr'><strong>tuis</strong></span> <span class='ocrx_word' id='word_1_465' title='bbox 2623 2412 2783 2467; x_wconf 91' lang='lat' dir='ltr'><strong>dictis</strong></span> <span class='ocrx_word' id='word_1_466' title='bbox 2815 2413 3116 2468; x_wconf 75' lang='lat' dir='ltr'><strong>habendam</strong></span> <span class='ocrx_word' id='word_1_467' title='bbox 3154 2428 3275 2469; x_wconf 91' lang='lat' dir='ltr'><strong>esse</strong></span> <span class='ocrx_word' id='word_1_468' title='bbox 3316 2414 3496 2476; x_wconf 84' lang='lat' dir='ltr'><strong>fidem,</strong></span> <span class='ocrx_word' id='word_1_469' title='bbox 3530 2415 3627 2469; x_wconf 79' lang='lat' dir='ltr'><strong>sed</strong></span> 
     </span>
    </p>
   </div>
   <div class='ocr_carea' id='block_1_70' title="bbox 2066 2501 3634 2561">
    <p class='ocr_par' dir='ltr' id='par_1_70' title="bbox 2066 2501 3634 2561">
     <span class='ocr_line' id='line_1_70' title="bbox 2066 2501 3634 2561; baseline 0 -5"><span class='ocrx_word' id='word_1_470' title='bbox 2066 2502 2117 2556; x_wconf 92' lang='lat' dir='ltr'><strong>in</strong></span> <span class='ocrx_word' id='word_1_471' title='bbox 2156 2501 2288 2557; x_wconf 87' lang='lat' dir='ltr'><strong>urbe</strong></span> <span class='ocrx_word' id='word_1_472' title='bbox 2317 2503 2639 2557; x_wconf 89' lang='lat' dir='ltr'><strong>manendum</strong></span> <span class='ocrx_word' id='word_1_473' title='bbox 2678 2523 2691 2558; x_wconf 92' lang='lat'><strong>:</strong></span> <span class='ocrx_word' id='word_1_474' title='bbox 2727 2515 2775 2557; x_wconf 85' lang='lat' dir='ltr'><strong>et</strong></span> <span class='ocrx_word' id='word_1_475' title='bbox 2811 2504 2933 2559; x_wconf 88' lang='lat' dir='ltr'><strong>inde</strong></span> <span class='ocrx_word' id='word_1_476' title='bbox 2967 2506 3133 2561; x_wconf 91' lang='lat' dir='ltr'><strong>armis</strong></span> <span class='ocrx_word' id='word_1_477' title='bbox 3164 2521 3273 2559; x_wconf 89' lang='lat' dir='ltr'><strong>rem</strong></span> <span class='ocrx_word' id='word_1_478' title='bbox 3298 2520 3418 2559; x_wconf 72' lang='lat' dir='ltr'><strong>esse</strong></span> <span class='ocrx_word' id='word_1_479' title='bbox 3456 2516 3634 2558; x_wconf 77' lang='lat' dir='ltr'><strong>trans-</strong></span> 
     </span>
    </p>
   </div>
   <div class='ocr_carea' id='block_1_71' title="bbox 2064 2592 3630 2661">
    <p class='ocr_par' dir='ltr' id='par_1_71' title="bbox 2064 2592 3630 2661">
     <span class='ocr_line' id='line_1_71' title="bbox 2064 2592 3630 2661; baseline 0.001 -17"><span class='ocrx_word' id='word_1_480' title='bbox 2064 2592 2335 2661; x_wconf 79' lang='lat' dir='ltr'><strong>igendam,</strong></span> <span class='ocrx_word' id='word_1_481' title='bbox 2380 2609 2484 2645; x_wconf 91' lang='lat' dir='ltr'><strong>non</strong></span> <span class='ocrx_word' id='word_1_482' title='bbox 2529 2594 2749 2647; x_wconf 87' lang='lat' dir='ltr'><strong>verbis:</strong></span> <span class='ocrx_word' id='word_1_483' title='bbox 2779 2595 3029 2649; x_wconf 89' lang='lat' dir='ltr'><strong>datttrttm</strong></span> <span class='ocrx_word' id='word_1_484' title='bbox 3090 2594 3294 2650; x_wconf 78' lang='lat' dir='ltr'><strong>scilicet</strong></span> <span class='ocrx_word' id='word_1_485' title='bbox 3328 2593 3630 2657; x_wconf 75' lang='lat' dir='ltr'><strong>Christum,</strong></span> 
     </span>
    </p>
   </div>
   <div class='ocr_carea' id='block_1_72' title="bbox 2060 2685 3628 2756">
    <p class='ocr_par' dir='ltr' id='par_1_72' title="bbox 2060 2685 3628 2756">
     <span class='ocr_line' id='line_1_72' title="bbox 2060 2685 3628 2756; baseline 0.001 -19"><span class='ocrx_word' id='word_1_486' title='bbox 2060 2698 2220 2752; x_wconf 87' lang='lat' dir='ltr'><strong>quem</strong></span> <span class='ocrx_word' id='word_1_487' title='bbox 2260 2685 2606 2753; x_wconf 86' lang='lat' dir='ltr'><strong>optabamus,</strong></span> <span class='ocrx_word' id='word_1_488' title='bbox 2637 2687 2775 2739; x_wconf 85' lang='lat' dir='ltr'><strong>bello</strong></span> <span class='ocrx_word' id='word_1_489' title='bbox 2814 2686 2972 2741; x_wconf 81' lang='lat' dir='ltr'><strong>finem</strong></span> <span class='ocrx_word' id='word_1_490' title='bbox 3000 2701 3015 2740; x_wconf 91' lang='lat'><strong>:</strong></span> <span class='ocrx_word' id='word_1_491' title='bbox 3040 2702 3138 2741; x_wconf 90' lang='lat' dir='ltr'><strong>nec</strong></span> <span class='ocrx_word' id='word_1_492' title='bbox 3173 2688 3357 2743; x_wconf 91' lang='lat' dir='ltr'><strong>urbem</strong></span> <span class='ocrx_word' id='word_1_493' title='bbox 3393 2703 3628 2756; x_wconf 77' lang='lat' dir='ltr'><strong>unquam</strong></span> 
     </span>
    </p>
   </div>
   <div class='ocr_carea' id='block_1_73' title="bbox 2060 2776 3630 2845">
    <p class='ocr_par' dir='ltr' id='par_1_73' title="bbox 2060 2776 3630 2845">
     <span class='ocr_line' id='line_1_73' title="bbox 2060 2776 3630 2845; baseline 0.001 -16"><span class='ocrx_word' id='word_1_494' title='bbox 2060 2782 2421 2845; x_wconf 74' lang='lat' dir='ltr'><strong>expugnatura</strong></span> <span class='ocrx_word' id='word_1_495' title='bbox 2459 2776 2546 2833; x_wconf 86' lang='lat' dir='ltr'><strong>iri,</strong></span> <span class='ocrx_word' id='word_1_496' title='bbox 2585 2778 2636 2828; x_wconf 94' lang='lat' dir='ltr'><strong>in</strong></span> <span class='ocrx_word' id='word_1_497' title='bbox 2670 2786 2812 2830; x_wconf 87' lang='lat' dir='ltr'><strong>tanta</strong></span> <span class='ocrx_word' id='word_1_498' title='bbox 2842 2777 3139 2845; x_wconf 51' lang='lat' dir='ltr'><strong>praesertim</strong></span> <span class='ocrx_word' id='word_1_499' title='bbox 3183 2793 3361 2832; x_wconf 90' lang='lat' dir='ltr'><strong>rerum</strong></span> <span class='ocrx_word' id='word_1_500' title='bbox 3391 2778 3630 2830; x_wconf 85' lang='lat' dir='ltr'><strong>omnium</strong></span> 
     </span>
    </p>
   </div>
   <div class='ocr_carea' id='block_1_74' title="bbox 2060 2865 3636 2937">
    <p class='ocr_par' dir='ltr' id='par_1_74' title="bbox 2060 2865 3636 2937">
     <span class='ocr_line' id='line_1_74' title="bbox 2060 2865 3636 2937; baseline 0.001 -18"><span class='ocrx_word' id='word_1_501' title='bbox 2060 2865 2235 2934; x_wconf 85' lang='lat' dir='ltr'><strong>copia.</strong></span> <span class='ocrx_word' id='word_1_502' title='bbox 2271 2866 2363 2920; x_wconf 91' lang='lat' dir='ltr'><strong>Sic</strong></span> <span class='ocrx_word' id='word_1_503' title='bbox 2394 2865 2469 2920; x_wconf 90' lang='lat' dir='ltr'><strong>illi</strong></span> <span class='ocrx_word' id='word_1_504' title='bbox 2502 2867 2754 2920; x_wconf 87' lang='lat' dir='ltr'><strong>nimirum</strong></span> <span class='ocrx_word' id='word_1_505' title='bbox 2788 2877 3111 2932; x_wconf 75' lang='lat' dir='ltr'><strong>statuerunt,</strong></span> <span class='ocrx_word' id='word_1_506' title='bbox 3164 2869 3269 2922; x_wconf 88' lang='lat' dir='ltr'><strong>tuis</strong></span> <span class='ocrx_word' id='word_1_507' title='bbox 3312 2868 3456 2937; x_wconf 83' lang='lat' dir='ltr'><strong>capti</strong></span> <span class='ocrx_word' id='word_1_508' title='bbox 3502 2868 3636 2921; x_wconf 79' lang='lat' dir='ltr'><strong>arti-</strong></span> 
     </span>
    </p>
   </div>
   <div class='ocr_carea' id='block_1_75' title="bbox 2060 2956 3632 3029">
    <p class='ocr_par' dir='ltr' id='par_1_75' title="bbox 2060 2956 3632 3029">
     <span class='ocr_line' id='line_1_75' title="bbox 2060 2956 3632 3029; baseline 0.001 -18"><span class='ocrx_word' id='word_1_509' title='bbox 2060 2956 2180 3011; x_wconf 89' lang='lat' dir='ltr'><strong>bus.</strong></span> <span class='ocrx_word' id='word_1_510' title='bbox 2214 2957 2577 3024; x_wconf 86' lang='lat' dir='ltr'><strong>Quamobrem</strong></span> <span class='ocrx_word' id='word_1_511' title='bbox 2620 2960 2769 3027; x_wconf 73' lang='lat' dir='ltr'><strong>regio</strong></span> <span class='ocrx_word' id='word_1_512' title='bbox 2811 2968 2862 3013; x_wconf 80' lang='lat' dir='ltr'><strong>tu</strong></span> <span class='ocrx_word' id='word_1_513' title='bbox 2892 2960 3108 3013; x_wconf 86' lang='lat' dir='ltr'><strong>nomine</strong></span> <span class='ocrx_word' id='word_1_514' title='bbox 3148 2959 3429 3029; x_wconf 77' lang='lat' dir='ltr'><strong>indignum</strong></span> <span class='ocrx_word' id='word_1_515' title='bbox 3459 2971 3586 3029; x_wconf 87' lang='lat' dir='ltr'><strong>puto</strong></span> <span class='ocrx_word' id='word_1_516' title='bbox 3612 2977 3632 3013; x_wconf 87' lang='lat'><strong>:</strong></span> 
     </span>
    </p>
   </div>
   <div class='ocr_carea' id='block_1_76' title="bbox 2064 3048 3629 3120">
    <p class='ocr_par' dir='ltr' id='par_1_76' title="bbox 2064 3048 3629 3120">
     <span class='ocr_line' id='line_1_76' title="bbox 2064 3048 3629 3120; baseline 0.003 -20"><span class='ocrx_word' id='word_1_517' title='bbox 2064 3048 2409 3117; x_wconf 89' lang='lat' dir='ltr'><strong>impostorem</strong></span> <span class='ocrx_word' id='word_1_518' title='bbox 2464 3050 2639 3119; x_wconf 90' lang='lat' dir='ltr'><strong>potius</strong></span> <span class='ocrx_word' id='word_1_519' title='bbox 2684 3049 2888 3103; x_wconf 80' lang='lat' dir='ltr'><strong>dixem.</strong></span> <span class='ocrx_word' id='word_1_520' title='bbox 2937 3050 3229 3104; x_wconf 76' lang='lat' dir='ltr'><strong>Enimvero</strong></span> <span class='ocrx_word' id='word_1_521' title='bbox 3278 3065 3451 3120; x_wconf 80' lang='lat' dir='ltr'><strong>reges,</strong></span> <span class='ocrx_word' id='word_1_522' title='bbox 3493 3066 3629 3118; x_wconf 82' lang='lat' dir='ltr'><strong>quos</strong></span> 
     </span>
    </p>
   </div>
   <div class='ocr_carea' id='block_1_77' title="bbox 2059 3140 3636 3209">
    <p class='ocr_par' dir='ltr' id='par_1_77' title="bbox 2059 3140 3636 3209">
     <span class='ocr_line' id='line_1_77' title="bbox 2059 3140 3636 3209; baseline 0.004 -17"><span class='ocrx_word' id='word_1_523' title='bbox 2059 3140 2166 3194; x_wconf 84' lang='lat' dir='ltr'><strong>vidi</strong></span> <span class='ocrx_word' id='word_1_524' title='bbox 2216 3140 2434 3203; x_wconf 86' lang='lat' dir='ltr'><strong>multos,</strong></span> <span class='ocrx_word' id='word_1_525' title='bbox 2487 3150 2647 3209; x_wconf 88' lang='lat' dir='ltr'><strong>pacta</strong></span> <span class='ocrx_word' id='word_1_526' title='bbox 2688 3151 2950 3195; x_wconf 84' lang='lat' dir='ltr'><strong>conventa</strong></span> <span class='ocrx_word' id='word_1_527' title='bbox 3005 3149 3247 3208; x_wconf 83' lang='lat' dir='ltr'><strong>servant,</strong></span> <span class='ocrx_word' id='word_1_528' title='bbox 3305 3151 3363 3196; x_wconf 93' lang='lat' dir='ltr'><strong>et</strong></span> <span class='ocrx_word' id='word_1_529' title='bbox 3409 3157 3439 3194; x_wconf 91' lang='lat' dir='ltr'><strong>a</strong></span> <span class='ocrx_word' id='word_1_530' title='bbox 3496 3143 3636 3198; x_wconf 86' lang='lat' dir='ltr'><strong>dolis</strong></span> 
     </span>
    </p>
   </div>
   <div class='ocr_carea' id='block_1_78' title="bbox 2059 3228 3632 3305">
    <p class='ocr_par' dir='ltr' id='par_1_78' title="bbox 2059 3228 3632 3305">
     <span class='ocr_line' id='line_1_78' title="bbox 2059 3228 3632 3305; baseline 0.001 -22"><span class='ocrx_word' id='word_1_531' title='bbox 2059 3228 2448 3305; x_wconf 76' lang='lat' dir='ltr'><strong>fraudibusque</strong></span> <span class='ocrx_word' id='word_1_532' title='bbox 2471 3233 2787 3285; x_wconf 80' lang='lat' dir='ltr'><strong>abhorrent.</strong></span> <span class='ocrx_word' id='word_1_533' title='bbox 2816 3232 2969 3299; x_wconf 80' lang='lat' dir='ltr'><strong>Quod</strong></span> <span class='ocrx_word' id='word_1_534' title='bbox 2994 3248 3268 3287; x_wconf 85' lang='lat' dir='ltr'><strong>summum</strong></span> <span class='ocrx_word' id='word_1_535' title='bbox 3312 3242 3414 3298; x_wconf 87' lang='lat' dir='ltr'><strong>est,</strong></span> <span class='ocrx_word' id='word_1_536' title='bbox 3455 3234 3632 3288; x_wconf 86' lang='lat' dir='ltr'><strong>datam</strong></span> 
     </span>
    </p>
   </div>
   <div class='ocr_carea' id='block_1_79' title="bbox 2055 3321 3632 3389">
    <p class='ocr_par' dir='ltr' id='par_1_79' title="bbox 2055 3321 3632 3389">
     <span class='ocr_line' id='line_1_79' title="bbox 2055 3321 3632 3389; baseline 0.003 -12"><span class='ocrx_word' id='word_1_537' title='bbox 2055 3321 2275 3378; x_wconf 85' lang='lat' dir='ltr'><strong>Christo</strong></span> <span class='ocrx_word' id='word_1_538' title='bbox 2318 3324 2424 3378; x_wconf 88' lang='lat' dir='ltr'><strong>Deo</strong></span> <span class='ocrx_word' id='word_1_539' title='bbox 2462 3338 2580 3380; x_wconf 83' lang='lat' dir='ltr'><strong>meo</strong></span> <span class='ocrx_word' id='word_1_540' title='bbox 2621 3324 2778 3379; x_wconf 74' lang='lat' dir='ltr'><strong>fidem</strong></span> <span class='ocrx_word' id='word_1_541' title='bbox 2826 3340 2933 3378; x_wconf 91' lang='lat' dir='ltr'><strong>non</strong></span> <span class='ocrx_word' id='word_1_542' title='bbox 2974 3333 3142 3389; x_wconf 90' lang='lat' dir='ltr'><strong>muto,</strong></span> <span class='ocrx_word' id='word_1_543' title='bbox 3176 3340 3275 3381; x_wconf 93' lang='lat' dir='ltr'><strong>nec</strong></span> <span class='ocrx_word' id='word_1_544' title='bbox 3301 3324 3517 3382; x_wconf 73' lang='lat' dir='ltr'><strong>Iudaeus</strong></span> <span class='ocrx_word' id='word_1_545' title='bbox 3555 3327 3632 3381; x_wconf 92' lang='lat' dir='ltr'><strong>tui</strong></span> 
     </span>
    </p>
   </div>
   <div class='ocr_carea' id='block_1_80' title="bbox 2057 3414 3635 3488">
    <p class='ocr_par' dir='ltr' id='par_1_80' title="bbox 2057 3414 3635 3488">
     <span class='ocr_line' id='line_1_80' title="bbox 2057 3414 3635 3488; baseline 0.002 -19"><span class='ocrx_word' id='word_1_546' title='bbox 2057 3414 2251 3470; x_wconf 89' lang='lat' dir='ltr'><strong>similis</strong></span> <span class='ocrx_word' id='word_1_547' title='bbox 2293 3425 2539 3485; x_wconf 87' lang='lat' dir='ltr'><strong>apostata</strong></span> <span class='ocrx_word' id='word_1_548' title='bbox 2580 3415 2728 3473; x_wconf 86' lang='lat' dir='ltr'><strong>ﬁam.</strong></span> <span class='ocrx_word' id='word_1_549' title='bbox 2762 3417 2827 3470; x_wconf 82' lang='lat' dir='ltr'><strong>Et</strong></span> <span class='ocrx_word' id='word_1_550' title='bbox 2863 3419 3046 3472; x_wconf 82' lang='lat' dir='ltr'><strong>vivere</strong></span> <span class='ocrx_word' id='word_1_551' title='bbox 3080 3418 3322 3488; x_wconf 85' lang='lat' dir='ltr'><strong>quidem,</strong></span> <span class='ocrx_word' id='word_1_552' title='bbox 3375 3428 3635 3474; x_wconf 87' lang='lat' dir='ltr'><strong>mortem-</strong></span> 
     </span>
    </p>
   </div>
   <div class='ocr_carea' id='block_1_81' title="bbox 2057 3509 3628 3574">
    <p class='ocr_par' dir='ltr' id='par_1_81' title="bbox 2057 3509 3628 3574">
     <span class='ocr_line' id='line_1_81' title="bbox 2057 3509 3628 3574; baseline 0.005 -16"><span class='ocrx_word' id='word_1_553' title='bbox 2057 3520 2163 3574; x_wconf 91' lang='lat' dir='ltr'><strong>que</strong></span> <span class='ocrx_word' id='word_1_554' title='bbox 2191 3509 2443 3570; x_wconf 87' lang='lat' dir='ltr'><strong>evadere,</strong></span> <span class='ocrx_word' id='word_1_555' title='bbox 2476 3523 2594 3563; x_wconf 87' lang='lat' dir='ltr'><strong>meo</strong></span> <span class='ocrx_word' id='word_1_556' title='bbox 2631 3525 2776 3564; x_wconf 84' lang='lat' dir='ltr'><strong>nunc</strong></span> <span class='ocrx_word' id='word_1_557' title='bbox 2813 3519 2961 3564; x_wconf 90' lang='lat' dir='ltr'><strong>stare</strong></span> <span class='ocrx_word' id='word_1_558' title='bbox 2988 3510 3213 3565; x_wconf 89' lang='lat' dir='ltr'><strong>arbitrio</strong></span> <span class='ocrx_word' id='word_1_559' title='bbox 3247 3522 3332 3565; x_wconf 89' lang='lat' dir='ltr'><strong>sat</strong></span> <span class='ocrx_word' id='word_1_560' title='bbox 3362 3510 3496 3567; x_wconf 89' lang='lat' dir='ltr'><strong>scio.</strong></span> <span class='ocrx_word' id='word_1_561' title='bbox 3531 3513 3628 3566; x_wconf 85' lang='lat' dir='ltr'><strong>At-</strong></span> 
     </span>
    </p>
   </div>
   <div class='ocr_carea' id='block_1_82' title="bbox 2059 3598 3629 3673">
    <p class='ocr_par' dir='ltr' id='par_1_82' title="bbox 2059 3598 3629 3673">
     <span class='ocr_line' id='line_1_82' title="bbox 2059 3598 3629 3673; baseline 0.004 -22"><span class='ocrx_word' id='word_1_562' title='bbox 2059 3606 2237 3652; x_wconf 89' lang='lat' dir='ltr'><strong>tamen</strong></span> <span class='ocrx_word' id='word_1_563' title='bbox 2289 3599 2378 3653; x_wconf 90' lang='lat' dir='ltr'><strong>diu</strong></span> <span class='ocrx_word' id='word_1_564' title='bbox 2415 3598 2527 3667; x_wconf 78' lang='lat' dir='ltr'><strong>jam</strong></span> <span class='ocrx_word' id='word_1_565' title='bbox 2581 3601 2709 3668; x_wconf 74' lang='lat' dir='ltr'><strong>vixi,</strong></span> <span class='ocrx_word' id='word_1_566' title='bbox 2770 3612 2823 3657; x_wconf 90' lang='lat' dir='ltr'><strong>et</strong></span> <span class='ocrx_word' id='word_1_567' title='bbox 2872 3602 3191 3668; x_wconf 85' lang='lat' dir='ltr'><strong>liberorum,</strong></span> <span class='ocrx_word' id='word_1_568' title='bbox 3240 3613 3629 3673; x_wconf 87' lang='lat' dir='ltr'><strong>nepotumque,</strong></span> 
     </span>
    </p>
   </div>
   <div class='ocr_carea' id='block_1_83' title="bbox 2055 3696 3630 3766">
    <p class='ocr_par' dir='ltr' id='par_1_83' title="bbox 2055 3696 3630 3766">
     <span class='ocr_line' id='line_1_83' title="bbox 2055 3696 3630 3766; baseline 0.008 -26"><span class='ocrx_word' id='word_1_569' title='bbox 2055 3700 2219 3759; x_wconf 82' lang='lat' dir='ltr'><strong>atque</strong></span> <span class='ocrx_word' id='word_1_570' title='bbox 2277 3701 2628 3760; x_wconf 83' lang='lat' dir='ltr'><strong>cognatorum</strong></span> <span class='ocrx_word' id='word_1_571' title='bbox 2685 3710 2931 3764; x_wconf 82' lang='lat' dir='ltr'><strong>magnam</strong></span> <span class='ocrx_word' id='word_1_572' title='bbox 2986 3706 3259 3751; x_wconf 78' lang='lat' dir='ltr'><strong>catervam</strong></span> <span class='ocrx_word' id='word_1_573' title='bbox 3323 3696 3568 3766; x_wconf 88' lang='lat' dir='ltr'><strong>relinquo</strong></span> <span class='ocrx_word' id='word_1_574' title='bbox 3616 3715 3630 3753; x_wconf 89' lang='lat'><strong>:</strong></span> 
     </span>
    </p>
   </div>
   <div class='ocr_carea' id='block_1_84' title="bbox 2058 3781 3632 3857">
    <p class='ocr_par' dir='ltr' id='par_1_84' title="bbox 2058 3781 3632 3857">
     <span class='ocr_line' id='line_1_84' title="bbox 2058 3781 3632 3857; baseline 0.008 -26"><span class='ocrx_word' id='word_1_575' title='bbox 2058 3781 2218 3835; x_wconf 87' lang='lat' dir='ltr'><strong>rebus</strong></span> <span class='ocrx_word' id='word_1_576' title='bbox 2261 3782 2483 3852; x_wconf 87' lang='lat' dir='ltr'><strong>insuper</strong></span> <span class='ocrx_word' id='word_1_577' title='bbox 2521 3783 2646 3838; x_wconf 90' lang='lat' dir='ltr'><strong>belli</strong></span> <span class='ocrx_word' id='word_1_578' title='bbox 2694 3786 2948 3855; x_wconf 89' lang='lat' dir='ltr'><strong>domique</strong></span> <span class='ocrx_word' id='word_1_579' title='bbox 2990 3788 3153 3857; x_wconf 80' lang='lat' dir='ltr'><strong>gestis</strong></span> <span class='ocrx_word' id='word_1_580' title='bbox 3198 3804 3302 3844; x_wconf 90' lang='lat' dir='ltr'><strong>non</strong></span> <span class='ocrx_word' id='word_1_581' title='bbox 3342 3792 3632 3855; x_wconf 88' lang='lat' dir='ltr'><strong>modicam,</strong></span> 
     </span>
    </p>
   </div>
   <div class='ocr_carea' id='block_1_85' title="bbox 2054 3869 3632 3949">
    <p class='ocr_par' dir='ltr' id='par_1_85' title="bbox 2054 3869 3632 3949">
     <span class='ocr_line' id='line_1_85' title="bbox 2054 3869 3632 3949; baseline 0.006 -25"><span class='ocrx_word' id='word_1_582' title='bbox 2054 3869 2273 3927; x_wconf 89' lang='lat' dir='ltr'><strong>Christo</strong></span> <span class='ocrx_word' id='word_1_583' title='bbox 2299 3872 2529 3939; x_wconf 86' lang='lat' dir='ltr'><strong>favente,</strong></span> <span class='ocrx_word' id='word_1_584' title='bbox 2577 3875 2767 3943; x_wconf 83' lang='lat' dir='ltr'><strong>collegi</strong></span> <span class='ocrx_word' id='word_1_585' title='bbox 2796 3876 3017 3933; x_wconf 90' lang='lat' dir='ltr'><strong>famam.</strong></span> <span class='ocrx_word' id='word_1_586' title='bbox 3061 3879 3212 3944; x_wconf 88' lang='lat' dir='ltr'><strong>Quod</strong></span> <span class='ocrx_word' id='word_1_587' title='bbox 3263 3882 3313 3934; x_wconf 92' lang='lat' dir='ltr'><strong>in</strong></span> <span class='ocrx_word' id='word_1_588' title='bbox 3358 3890 3632 3949; x_wconf 82' lang='lat' dir='ltr'><strong>posterum</strong></span> 
     </span>
    </p>
   </div>
   <div class='ocr_carea' id='block_1_86' title="bbox 2059 3967 3631 4042">
    <p class='ocr_par' dir='ltr' id='par_1_86' title="bbox 2059 3967 3631 4042">
     <span class='ocr_line' id='line_1_86' title="bbox 2059 3967 3631 4042; baseline 0.006 -25"><span class='ocrx_word' id='word_1_589' title='bbox 2059 3974 2287 4031; x_wconf 89' lang='lat' dir='ltr'><strong>spectat,</strong></span> <span class='ocrx_word' id='word_1_590' title='bbox 2348 3981 2452 4019; x_wconf 91' lang='lat' dir='ltr'><strong>non</strong></span> <span class='ocrx_word' id='word_1_591' title='bbox 2507 3967 2686 4027; x_wconf 91' lang='lat' dir='ltr'><strong>dubia.</strong></span> <span class='ocrx_word' id='word_1_592' title='bbox 2738 3970 2831 4022; x_wconf 89' lang='lat' dir='ltr'><strong>sed</strong></span> <span class='ocrx_word' id='word_1_593' title='bbox 2880 3981 3029 4023; x_wconf 87' lang='lat' dir='ltr'><strong>certa</strong></span> <span class='ocrx_word' id='word_1_594' title='bbox 3073 3972 3201 4026; x_wconf 89' lang='lat' dir='ltr'><strong>mihi</strong></span> <span class='ocrx_word' id='word_1_595' title='bbox 3252 3988 3377 4042; x_wconf 89' lang='lat' dir='ltr'><strong>spes</strong></span> <span class='ocrx_word' id='word_1_596' title='bbox 3427 3982 3631 4037; x_wconf 88' lang='lat' dir='ltr'><strong>manet,</strong></span> 
     </span>
    </p>
   </div>
   <div class='ocr_carea' id='block_1_87' title="bbox 2059 4056 3634 4135">
    <p class='ocr_par' dir='ltr' id='par_1_87' title="bbox 2059 4056 3634 4135">
     <span class='ocr_line' id='line_1_87' title="bbox 2059 4056 3634 4135; baseline 0.007 -26"><span class='ocrx_word' id='word_1_597' title='bbox 2059 4056 2173 4111; x_wconf 82' lang='lat' dir='ltr'><strong>fore</strong></span> <span class='ocrx_word' id='word_1_598' title='bbox 2224 4065 2314 4120; x_wconf 90' lang='lat' dir='ltr'><strong>ut,</strong></span> <span class='ocrx_word' id='word_1_599' title='bbox 2365 4061 2823 4126; x_wconf 88' lang='lat' dir='ltr'><strong>quemadmodmu</strong></span> <span class='ocrx_word' id='word_1_600' title='bbox 2876 4063 3003 4117; x_wconf 88' lang='lat' dir='ltr'><strong>vitis</strong></span> <span class='ocrx_word' id='word_1_601' title='bbox 3069 4066 3292 4121; x_wconf 88' lang='lat' dir='ltr'><strong>resectis</strong></span> <span class='ocrx_word' id='word_1_602' title='bbox 3347 4067 3634 4135; x_wconf 84' lang='lat' dir='ltr'><strong>superlbtis</strong></span> 
     </span>
    </p>
   </div>
   <div class='ocr_carea' id='block_1_88' title="bbox 2057 4149 3633 4222">
    <p class='ocr_par' dir='ltr' id='par_1_88' title="bbox 2057 4149 3633 4222">
     <span class='ocr_line' id='line_1_88' title="bbox 2057 4149 3633 4222; baseline 0.006 -23"><span class='ocrx_word' id='word_1_603' title='bbox 2057 4149 2345 4200; x_wconf 85' lang='lat' dir='ltr'><strong>sarmentis</strong></span> <span class='ocrx_word' id='word_1_604' title='bbox 2391 4150 2508 4202; x_wconf 89' lang='lat' dir='ltr'><strong>uvis</strong></span> <span class='ocrx_word' id='word_1_605' title='bbox 2539 4149 2825 4217; x_wconf 85' lang='lat' dir='ltr'><strong>exuberat,</strong></span> <span class='ocrx_word' id='word_1_606' title='bbox 2865 4152 2946 4207; x_wconf 89' lang='lat' dir='ltr'><strong>sic</strong></span> <span class='ocrx_word' id='word_1_607' title='bbox 2987 4154 3215 4222; x_wconf 84' lang='lat' dir='ltr'><strong>populus</strong></span> <span class='ocrx_word' id='word_1_608' title='bbox 3251 4164 3434 4210; x_wconf 84' lang='lat' dir='ltr'><strong>noster</strong></span> <span class='ocrx_word' id='word_1_609' title='bbox 3473 4156 3633 4210; x_wconf 82' lang='lat' dir='ltr'><strong>Chri-</strong></span> 
     </span>
    </p>
   </div>
   <div class='ocr_carea' id='block_1_89' title="bbox 2055 4237 3631 4314">
    <p class='ocr_par' dir='ltr' id='par_1_89' title="bbox 2055 4237 3631 4314">
     <span class='ocr_line' id='line_1_89' title="bbox 2055 4237 3631 4314; baseline 0.006 -25"><span class='ocrx_word' id='word_1_610' title='bbox 2055 4237 2265 4291; x_wconf 87' lang='lat' dir='ltr'><strong>stianus</strong></span> <span class='ocrx_word' id='word_1_611' title='bbox 2305 4238 2376 4291; x_wconf 88' lang='lat' dir='ltr'><strong>sit</strong></span> <span class='ocrx_word' id='word_1_612' title='bbox 2405 4237 2639 4303; x_wconf 90' lang='lat' dir='ltr'><strong>futurus,</strong></span> <span class='ocrx_word' id='word_1_613' title='bbox 2692 4252 2746 4294; x_wconf 92' lang='lat' dir='ltr'><strong>et</strong></span> <span class='ocrx_word' id='word_1_614' title='bbox 2793 4241 3056 4307; x_wconf 82' lang='lat' dir='ltr'><strong>Ecclesia,</strong></span> <span class='ocrx_word' id='word_1_615' title='bbox 3110 4261 3272 4314; x_wconf 88' lang='lat' dir='ltr'><strong>quam</strong></span> <span class='ocrx_word' id='word_1_616' title='bbox 3320 4246 3631 4312; x_wconf 80' lang='lat' dir='ltr'><strong>incendisti,</strong></span> 
     </span>
    </p>
   </div>
   <div class='ocr_carea' id='block_1_90' title="bbox 2059 4327 3635 4406">
    <p class='ocr_par' dir='ltr' id='par_1_90' title="bbox 2059 4327 3635 4406">
     <span class='ocr_line' id='line_1_90' title="bbox 2059 4327 3635 4406; baseline 0.008 -29"><span class='ocrx_word' id='word_1_617' title='bbox 2059 4327 2495 4396; x_wconf 80' lang='lat' dir='ltr'><strong>magnificentius</strong></span> <span class='ocrx_word' id='word_1_618' title='bbox 2532 4330 2845 4401; x_wconf 85' lang='lat' dir='ltr'><strong>propediem</strong></span> <span class='ocrx_word' id='word_1_619' title='bbox 2905 4333 3241 4389; x_wconf 83' lang='lat' dir='ltr'><strong>instauretur</strong></span> <span class='ocrx_word' id='word_1_620' title='bbox 3267 4353 3280 4391; x_wconf 91' lang='lat'><strong>:</strong></span> <span class='ocrx_word' id='word_1_621' title='bbox 3309 4330 3532 4406; x_wconf 75' lang='lat' dir='ltr'><strong>insuper</strong></span> <span class='ocrx_word' id='word_1_622' title='bbox 3579 4345 3635 4390; x_wconf 90' lang='lat' dir='ltr'><strong>et</strong></span> 
     </span>
    </p>
   </div>
   <div class='ocr_carea' id='block_1_91' title="bbox 377 4402 3634 4500">
    <p class='ocr_par' dir='ltr' id='par_1_91' title="bbox 377 4402 3634 4500">
     <span class='ocr_line' id='line_1_91' title="bbox 377 4402 3634 4500; baseline 0.014 -47"><span class='ocrx_word' id='word_1_623' title='bbox 377 4402 545 4472; x_wconf 78' lang='lat' dir='ltr'><strong>signis</strong></span> <span class='ocrx_word' id='word_1_624' title='bbox 577 4405 810 4462; x_wconf 88' lang='lat' dir='ltr'><strong>habebat</strong></span> <span class='ocrx_word' id='word_1_625' title='bbox 854 4412 1035 4478; x_wconf 82' lang='lat' dir='ltr'><strong>plures</strong></span> <span class='ocrx_word' id='word_1_626' title='bbox 1080 4432 1377 4475; x_wconf 87' lang='lat' dir='ltr'><strong>conversus</strong></span> <span class='ocrx_word' id='word_1_627' title='bbox 1409 4440 1423 4476; x_wconf 86' lang='lat'><strong>:</strong></span> <span class='ocrx_word' id='word_1_628' title='bbox 1452 4402 1717 4491; x_wconf 73' lang='lat' dir='ltr'><strong>Audistis,</strong></span> <span class='ocrx_word' id='word_1_629' title='bbox 1752 4432 1946 4500; x_wconf 88' lang='lat' dir='ltr'><strong>inquit,</strong></span> <span class='ocrx_word' id='word_1_630' title='bbox 1983 4438 2026 4492; x_wconf 88' lang='lat' dir='ltr'><strong>D</strong></span> <span class='ocrx_word' id='word_1_631' title='bbox 2058 4412 2363 4474; x_wconf 60' lang='lat' dir='ltr'><strong>Chrisumm</strong></span> <span class='ocrx_word' id='word_1_632' title='bbox 2421 4422 2607 4491; x_wconf 64' lang='lat' dir='ltr'><strong>religio</strong></span> <span class='ocrx_word' id='word_1_633' title='bbox 2659 4423 2946 4493; x_wconf 60' lang='lat' dir='ltr'><strong>&quot;esuml‘lis</strong></span> <span class='ocrx_word' id='word_1_634' title='bbox 2986 4424 3190 4480; x_wconf 64' lang='lat' dir='ltr'><strong>Viribus</strong></span> <span class='ocrx_word' id='word_1_635' title='bbox 3239 4439 3449 4496; x_wconf 71' lang='grc' dir='ltr'><strong>τεειιθι,</strong></span> <span class='ocrx_word' id='word_1_636' title='bbox 3494 4432 3634 4498; x_wconf 66' lang='grc' dir='ltr'><strong>τοδί·</strong></span> 
     </span>
    </p>
   </div>
   <div class='ocr_carea' id='block_1_92' title="bbox 375 4498 1952 4578">
    <p class='ocr_par' dir='ltr' id='par_1_92' title="bbox 375 4498 1952 4578">
     <span class='ocr_line' id='line_1_92' title="bbox 375 4498 1952 4578; baseline 0.025 -38"><span class='ocrx_word' id='word_1_637' title='bbox 375 4505 495 4558; x_wconf 71' lang='lat' dir='ltr'><strong>qum</strong></span> <span class='ocrx_word' id='word_1_638' title='bbox 526 4498 783 4554; x_wconf 89' lang='lat' dir='ltr'><strong>adversus</strong></span> <span class='ocrx_word' id='word_1_639' title='bbox 814 4516 1007 4559; x_wconf 70' lang='lat' dir='ltr'><strong>vestra:</strong></span> <span class='ocrx_word' id='word_1_640' title='bbox 1039 4520 1202 4563; x_wconf 71' lang='lat' dir='ltr'><strong>sectae</strong></span> <span class='ocrx_word' id='word_1_641' title='bbox 1253 4513 1500 4571; x_wconf 90' lang='lat' dir='ltr'><strong>homines</strong></span> <span class='ocrx_word' id='word_1_642' title='bbox 1547 4521 1763 4575; x_wconf 87' lang='lat' dir='ltr'><strong>decreta</strong></span> <span class='ocrx_word' id='word_1_643' title='bbox 1810 4498 1952 4578; x_wconf 77' lang='lat' dir='ltr'><strong>acta-</strong></span> 
     </span>
    </p>
   </div>
   <div class='ocr_carea' id='block_1_93' title="bbox 375 4586 1947 4669">
    <p class='ocr_par' dir='ltr' id='par_1_93' title="bbox 375 4586 1947 4669">
     <span class='ocr_line' id='line_1_93' title="bbox 375 4586 1947 4669; baseline 0.023 -36"><span class='ocrx_word' id='word_1_644' title='bbox 375 4596 483 4651; x_wconf 84' lang='lat' dir='ltr'><strong>que</strong></span> <span class='ocrx_word' id='word_1_645' title='bbox 536 4586 769 4646; x_wconf 86' lang='lat' dir='ltr'><strong>fuerint?</strong></span> <span class='ocrx_word' id='word_1_646' title='bbox 812 4594 952 4661; x_wconf 86' lang='lat' dir='ltr'><strong>Quin</strong></span> <span class='ocrx_word' id='word_1_647' title='bbox 1002 4614 1130 4669; x_wconf 79' lang='lat' dir='ltr'><strong>ergo</strong></span> <span class='ocrx_word' id='word_1_648' title='bbox 1174 4618 1268 4657; x_wconf 88' lang='lat' dir='ltr'><strong>vos</strong></span> <span class='ocrx_word' id='word_1_649' title='bbox 1314 4604 1592 4661; x_wconf 81' lang='lat' dir='ltr'><strong>Christum</strong></span> <span class='ocrx_word' id='word_1_650' title='bbox 1640 4615 1800 4666; x_wconf 87' lang='lat' dir='ltr'><strong>modo</strong></span> <span class='ocrx_word' id='word_1_651' title='bbox 1844 4634 1947 4669; x_wconf 89' lang='lat' dir='ltr'><strong>non</strong></span> 
     </span>
    </p>
   </div>
   <div class='ocr_carea' id='block_1_94' title="bbox 376 4673 1947 4763">
    <p class='ocr_par' dir='ltr' id='par_1_94' title="bbox 376 4673 1947 4763">
     <span class='ocr_line' id='line_1_94' title="bbox 376 4673 1947 4763; baseline 0.022 -39"><span class='ocrx_word' id='word_1_652' title='bbox 376 4673 644 4739; x_wconf 86' lang='lat' dir='ltr'><strong>ejuratis?</strong></span> <span class='ocrx_word' id='word_1_653' title='bbox 674 4681 857 4752; x_wconf 57' lang='lat' dir='ltr'><strong>Neque</strong></span> <span class='ocrx_word' id='word_1_654' title='bbox 895 4688 1038 4739; x_wconf 91' lang='lat' dir='ltr'><strong>cnitn</strong></span> <span class='ocrx_word' id='word_1_655' title='bbox 1090 4692 1330 4760; x_wconf 77' lang='lat' dir='ltr'><strong>regibus,</strong></span> <span class='ocrx_word' id='word_1_656' title='bbox 1360 4697 1451 4763; x_wconf 90' lang='lat' dir='ltr'><strong>qui</strong></span> <span class='ocrx_word' id='word_1_657' title='bbox 1487 4697 1826 4756; x_wconf 81' lang='lat' dir='ltr'><strong>Christianos</strong></span> <span class='ocrx_word' id='word_1_658' title='bbox 1852 4721 1947 4756; x_wconf 83' lang='lat' dir='ltr'><strong>ex-</strong></span> 
     </span>
    </p>
   </div>
   <div class='ocr_carea' id='block_1_95' title="bbox 375 4766 1952 4853">
    <p class='ocr_par' dir='ltr' id='par_1_95' title="bbox 375 4766 1952 4853">
     <span class='ocr_line' id='line_1_95' title="bbox 375 4766 1952 4853; baseline 0.022 -38"><span class='ocrx_word' id='word_1_659' title='bbox 375 4766 652 4832; x_wconf 86' lang='lat' dir='ltr'><strong>pellendos</strong></span> <span class='ocrx_word' id='word_1_660' title='bbox 691 4771 1039 4843; x_wconf 71' lang='lat' dir='ltr'><strong>indicarunt,</strong></span> <span class='ocrx_word' id='word_1_661' title='bbox 1093 4796 1210 4834; x_wconf 90' lang='lat' dir='ltr'><strong>smn</strong></span> <span class='ocrx_word' id='word_1_662' title='bbox 1270 4787 1382 4853; x_wconf 87' lang='lat' dir='ltr'><strong>ipse</strong></span> <span class='ocrx_word' id='word_1_663' title='bbox 1449 4790 1659 4844; x_wconf 86' lang='lat' dir='ltr'><strong>melior.</strong></span> <span class='ocrx_word' id='word_1_664' title='bbox 1709 4794 1788 4845; x_wconf 82' lang='lat' dir='ltr'><strong>Ad</strong></span> <span class='ocrx_word' id='word_1_665' title='bbox 1840 4794 1952 4849; x_wconf 79' lang='lat' dir='ltr'><strong>ha-c</strong></span> 
     </span>
    </p>
   </div>
   <div class='ocr_carea' id='block_1_96' title="bbox 370 4855 1951 4944">
    <p class='ocr_par' dir='ltr' id='par_1_96' title="bbox 370 4855 1951 4944">
     <span class='ocr_line' id='line_1_96' title="bbox 370 4855 1951 4944; baseline 0.021 -38"><span class='ocrx_word' id='word_1_666' title='bbox 370 4855 534 4911; x_wconf 81' lang='lat' dir='ltr'><strong>utiles</strong></span> <span class='ocrx_word' id='word_1_667' title='bbox 575 4861 792 4928; x_wconf 88' lang='lat' dir='ltr'><strong>quidam</strong></span> <span class='ocrx_word' id='word_1_668' title='bbox 839 4864 1206 4935; x_wconf 88' lang='lat' dir='ltr'><strong>Christianus,</strong></span> <span class='ocrx_word' id='word_1_669' title='bbox 1235 4876 1324 4944; x_wconf 89' lang='lat' dir='ltr'><strong>qui</strong></span> <span class='ocrx_word' id='word_1_670' title='bbox 1378 4877 1428 4929; x_wconf 93' lang='lat' dir='ltr'><strong>in</strong></span> <span class='ocrx_word' id='word_1_671' title='bbox 1470 4876 1709 4935; x_wconf 81' lang='lat' dir='ltr'><strong>Monderi</strong></span> <span class='ocrx_word' id='word_1_672' title='bbox 1756 4887 1951 4939; x_wconf 81' lang='lat' dir='ltr'><strong>Castris</strong></span> 
     </span>
    </p>
   </div>
   <div class='ocr_carea' id='block_1_97' title="bbox 378 4951 1950 5039">
    <p class='ocr_par' dir='ltr' id='par_1_97' title="bbox 378 4951 1950 5039">
     <span class='ocr_line' id='line_1_97' title="bbox 378 4951 1950 5039; baseline 0.02 -42"><span class='ocrx_word' id='word_1_673' title='bbox 378 4951 708 5017; x_wconf 88' lang='lat' dir='ltr'><strong>merebatur,</strong></span> <span class='ocrx_word' id='word_1_674' title='bbox 758 4956 939 5012; x_wconf 87' lang='lat' dir='ltr'><strong>divino</strong></span> <span class='ocrx_word' id='word_1_675' title='bbox 986 4960 1102 5014; x_wconf 84' lang='lat' dir='ltr'><strong>zelo</strong></span> <span class='ocrx_word' id='word_1_676' title='bbox 1137 4965 1347 5019; x_wconf 85' lang='lat' dir='ltr'><strong>excitus</strong></span> <span class='ocrx_word' id='word_1_677' title='bbox 1378 4981 1625 5039; x_wconf 79' lang='lat' dir='ltr'><strong>prompte</strong></span> <span class='ocrx_word' id='word_1_678' title='bbox 1671 4973 1950 5027; x_wconf 80' lang='lat' dir='ltr'><strong>conliden-</strong></span> 
     </span>
    </p>
   </div>
   <div class='ocr_carea' id='block_1_98' title="bbox 381 5040 1949 5122">
    <p class='ocr_par' dir='ltr' id='par_1_98' title="bbox 381 5040 1949 5122">
     <span class='ocr_line' id='line_1_98' title="bbox 381 5040 1949 5122; baseline 0.019 -36"><span class='ocrx_word' id='word_1_679' title='bbox 381 5045 568 5106; x_wconf 88' lang='lat' dir='ltr'><strong>terque</strong></span> <span class='ocrx_word' id='word_1_680' title='bbox 604 5040 795 5096; x_wconf 80' lang='lat' dir='ltr'><strong>:llaud</strong></span> <span class='ocrx_word' id='word_1_681' title='bbox 854 5057 963 5114; x_wconf 86' lang='lat' dir='ltr'><strong>tua,</strong></span> <span class='ocrx_word' id='word_1_682' title='bbox 1017 5065 1134 5115; x_wconf 77' lang='lat' dir='ltr'><strong>rex,</strong></span> <span class='ocrx_word' id='word_1_683' title='bbox 1190 5051 1386 5122; x_wconf 81' lang='lat' dir='ltr'><strong>inquit,</strong></span> <span class='ocrx_word' id='word_1_684' title='bbox 1441 5067 1603 5110; x_wconf 69' lang='lat' dir='ltr'><strong>actate</strong></span> <span class='ocrx_word' id='word_1_685' title='bbox 1655 5060 1949 5116; x_wconf 84' lang='lat' dir='ltr'><strong>Christiani</strong></span> 
     </span>
    </p>
   </div>
   <div class='ocr_carea' id='block_1_99' title="bbox 382 5129 1951 5213">
    <p class='ocr_par' dir='ltr' id='par_1_99' title="bbox 382 5129 1951 5213">
     <span class='ocr_line' id='line_1_99' title="bbox 382 5129 1951 5213; baseline 0.017 -36"><span class='ocrx_word' id='word_1_686' title='bbox 382 5141 481 5180; x_wconf 84' lang='lat' dir='ltr'><strong>nos</strong></span> <span class='ocrx_word' id='word_1_687' title='bbox 512 5129 639 5182; x_wconf 81' lang='lat' dir='ltr'><strong>facti</strong></span> <span class='ocrx_word' id='word_1_688' title='bbox 673 5148 884 5202; x_wconf 85' lang='lat' dir='ltr'><strong>smnus,</strong></span> <span class='ocrx_word' id='word_1_689' title='bbox 919 5148 975 5189; x_wconf 91' lang='lat' dir='ltr'><strong>ttt</strong></span> <span class='ocrx_word' id='word_1_690' title='bbox 1010 5142 1167 5194; x_wconf 84' lang='lat' dir='ltr'><strong>modo</strong></span> <span class='ocrx_word' id='word_1_691' title='bbox 1209 5143 1480 5197; x_wconf 90' lang='lat' dir='ltr'><strong>Christum</strong></span> <span class='ocrx_word' id='word_1_692' title='bbox 1509 5147 1723 5213; x_wconf 85' lang='lat' dir='ltr'><strong>ejttrare</strong></span> <span class='ocrx_word' id='word_1_693' title='bbox 1754 5152 1951 5203; x_wconf 82' lang='lat' dir='ltr'><strong>debea-</strong></span> 
     </span>
    </p>
   </div>
   <div class='ocr_carea' id='block_1_100' title="bbox 376 5222 1952 5310">
    <p class='ocr_par' dir='ltr' id='par_1_100' title="bbox 376 5222 1952 5310">
     <span class='ocr_line' id='line_1_100' title="bbox 376 5222 1952 5310; baseline 0.018 -41"><span class='ocrx_word' id='word_1_694' title='bbox 376 5234 517 5273; x_wconf 85' lang='lat' dir='ltr'><strong>mus.</strong></span> <span class='ocrx_word' id='word_1_695' title='bbox 554 5222 650 5276; x_wconf 84' lang='lat' dir='ltr'><strong>Cui</strong></span> <span class='ocrx_word' id='word_1_696' title='bbox 685 5224 973 5284; x_wconf 75' lang='lat' dir='ltr'><strong>Monderus</strong></span> <span class='ocrx_word' id='word_1_697' title='bbox 1023 5235 1337 5288; x_wconf 82' lang='lat' dir='ltr'><strong>Subirattts:</strong></span> <span class='ocrx_word' id='word_1_698' title='bbox 1379 5237 1530 5292; x_wconf 88' lang='lat' dir='ltr'><strong>&#39;l&#39;une</strong></span> <span class='ocrx_word' id='word_1_699' title='bbox 1558 5279 1573 5304; x_wconf 95' lang='lat'><strong>,</strong></span> <span class='ocrx_word' id='word_1_700' title='bbox 1628 5243 1826 5310; x_wconf 84' lang='lat' dir='ltr'><strong>inquit,</strong></span> <span class='ocrx_word' id='word_1_701' title='bbox 1868 5260 1952 5297; x_wconf 87' lang='lat' dir='ltr'><strong>me</strong></span> 
     </span>
    </p>
   </div>
   <div class='ocr_carea' id='block_1_101' title="bbox 377 5317 1949 5399">
    <p class='ocr_par' dir='ltr' id='par_1_101' title="bbox 377 5317 1949 5399">
     <span class='ocr_line' id='line_1_101' title="bbox 377 5317 1949 5399; baseline 0.017 -41"><span class='ocrx_word' id='word_1_702' title='bbox 377 5321 644 5374; x_wconf 59' lang='lat' dir='ltr'><strong>praesente</strong></span> <span class='ocrx_word' id='word_1_703' title='bbox 682 5317 793 5370; x_wconf 69' lang='lat' dir='ltr'><strong>haec</strong></span> <span class='ocrx_word' id='word_1_704' title='bbox 835 5318 1046 5372; x_wconf 69' lang='lat' dir='ltr'><strong>effutire</strong></span> <span class='ocrx_word' id='word_1_705' title='bbox 1085 5324 1294 5390; x_wconf 77' lang='lat' dir='ltr'><strong>audes?</strong></span> <span class='ocrx_word' id='word_1_706' title='bbox 1326 5326 1394 5379; x_wconf 84' lang='lat' dir='ltr'><strong>At</strong></span> <span class='ocrx_word' id='word_1_707' title='bbox 1427 5328 1513 5380; x_wconf 87' lang='lat' dir='ltr'><strong>ille</strong></span> <span class='ocrx_word' id='word_1_708' title='bbox 1547 5346 1559 5380; x_wconf 91' lang='lat'><strong>:</strong></span> <span class='ocrx_word' id='word_1_709' title='bbox 1594 5328 1701 5383; x_wconf 83' lang='lat' dir='ltr'><strong>Pro</strong></span> <span class='ocrx_word' id='word_1_710' title='bbox 1748 5332 1949 5399; x_wconf 85' lang='lat' dir='ltr'><strong>pietate</strong></span> 
     </span>
    </p>
   </div>
   <div class='ocr_carea' id='block_1_102' title="bbox 375 5395 1952 5486">
    <p class='ocr_par' dir='ltr' id='par_1_102' title="bbox 375 5395 1952 5486">
     <span class='ocr_line' id='line_1_102' title="bbox 375 5395 1952 5486; baseline 0.016 -38"><span class='ocrx_word' id='word_1_711' title='bbox 375 5395 694 5470; x_wconf 89' lang='lat' dir='ltr'><strong>locuturus,</strong></span> <span class='ocrx_word' id='word_1_712' title='bbox 767 5410 1035 5465; x_wconf 87' lang='lat' dir='ltr'><strong>neminem</strong></span> <span class='ocrx_word' id='word_1_713' title='bbox 1111 5428 1354 5469; x_wconf 84' lang='lat' dir='ltr'><strong>metuere</strong></span> <span class='ocrx_word' id='word_1_714' title='bbox 1407 5418 1593 5486; x_wconf 77' lang='lat' dir='ltr'><strong>soleo,</strong></span> <span class='ocrx_word' id='word_1_715' title='bbox 1649 5438 1747 5474; x_wconf 86' lang='lat' dir='ltr'><strong>nec</strong></span> <span class='ocrx_word' id='word_1_716' title='bbox 1794 5424 1952 5474; x_wconf 80' lang='lat' dir='ltr'><strong>modo</strong></span> 
     </span>
    </p>
   </div>
   <div class='ocr_carea' id='block_1_103' title="bbox 377 5488 1948 5581">
    <p class='ocr_par' dir='ltr' id='par_1_103' title="bbox 377 5488 1948 5581">
     <span class='ocr_line' id='line_1_103' title="bbox 377 5488 1948 5581; baseline 0.017 -40"><span class='ocrx_word' id='word_1_717' title='bbox 377 5488 655 5548; x_wconf 86' lang='lat' dir='ltr'><strong>hominum</strong></span> <span class='ocrx_word' id='word_1_718' title='bbox 689 5507 884 5563; x_wconf 88' lang='lat' dir='ltr'><strong>metus,</strong></span> <span class='ocrx_word' id='word_1_719' title='bbox 942 5514 998 5555; x_wconf 92' lang='lat' dir='ltr'><strong>ut</strong></span> <span class='ocrx_word' id='word_1_720' title='bbox 1044 5504 1095 5556; x_wconf 91' lang='lat' dir='ltr'><strong>in</strong></span> <span class='ocrx_word' id='word_1_721' title='bbox 1141 5520 1201 5559; x_wconf 89' lang='lat' dir='ltr'><strong>ea</strong></span> <span class='ocrx_word' id='word_1_722' title='bbox 1234 5522 1395 5562; x_wconf 84' lang='lat' dir='ltr'><strong>causa</strong></span> <span class='ocrx_word' id='word_1_723' title='bbox 1440 5520 1668 5574; x_wconf 79' lang='lat' dir='ltr'><strong>lateam,</strong></span> <span class='ocrx_word' id='word_1_724' title='bbox 1713 5532 1948 5581; x_wconf 82' lang='lat' dir='ltr'><strong>unquam</strong></span> 
     </span>
    </p>
   </div>
   <div class='ocr_carea' id='block_1_104' title="bbox 379 5576 1947 5671">
    <p class='ocr_par' dir='ltr' id='par_1_104' title="bbox 379 5576 1947 5671">
     <span class='ocr_line' id='line_1_104' title="bbox 379 5576 1947 5671; baseline 0.017 -42"><span class='ocrx_word' id='word_1_725' title='bbox 379 5576 598 5635; x_wconf 79' lang='lat' dir='ltr'><strong>ciiiciet.</strong></span> <span class='ocrx_word' id='word_1_726' title='bbox 638 5585 820 5657; x_wconf 82' lang='lat' dir='ltr'><strong>Neque</strong></span> <span class='ocrx_word' id='word_1_727' title='bbox 849 5605 977 5646; x_wconf 87' lang='lat' dir='ltr'><strong>vero</strong></span> <span class='ocrx_word' id='word_1_728' title='bbox 1011 5594 1139 5646; x_wconf 91' lang='lat' dir='ltr'><strong>mibi</strong></span> <span class='ocrx_word' id='word_1_729' title='bbox 1176 5595 1631 5664; x_wconf 83' lang='lat' dir='ltr'><strong>gladiusbrevior</strong></span> <span class='ocrx_word' id='word_1_730' title='bbox 1660 5614 1741 5656; x_wconf 88' lang='lat' dir='ltr'><strong>est</strong></span> <span class='ocrx_word' id='word_1_731' title='bbox 1770 5606 1947 5671; x_wconf 69' lang='lat' dir='ltr'><strong>gladio</strong></span> 
     </span>
    </p>
   </div>
   <div class='ocr_carea' id='block_1_105' title="bbox 380 5678 1947 5752">
    <p class='ocr_par' dir='ltr' id='par_1_105' title="bbox 380 5678 1947 5752">
     <span class='ocr_line' id='line_1_105' title="bbox 380 5678 1947 5752; baseline 0.017 -27"><span class='ocrx_word' id='word_1_732' title='bbox 380 5678 726 5744; x_wconf 71' lang='lat' dir='ltr'><strong>caeterorum,</strong></span> <span class='ocrx_word' id='word_1_733' title='bbox 768 5693 992 5747; x_wconf 87' lang='lat' dir='ltr'><strong>paratus</strong></span> <span class='ocrx_word' id='word_1_734' title='bbox 1025 5687 1255 5752; x_wconf 83' lang='lat' dir='ltr'><strong>experiri</strong></span> <span class='ocrx_word' id='word_1_735' title='bbox 1303 5705 1443 5744; x_wconf 90' lang='lat' dir='ltr'><strong>sum.</strong></span> <span class='ocrx_word' id='word_1_736' title='bbox 1483 5692 1673 5747; x_wconf 75' lang='lat' dir='ltr'><strong>&#39;l&#39;aeuit</strong></span> <span class='ocrx_word' id='word_1_737' title='bbox 1728 5696 1947 5750; x_wconf 70' lang='lat' dir='ltr'><strong>.ilonde-</strong></span> 
     </span>
    </p>
   </div>
   <div class='ocr_carea' id='block_1_106' title="bbox 2058 4510 3633 4580">
    <p class='ocr_par' dir='ltr' id='par_1_106' title="bbox 2058 4510 3633 4580">
     <span class='ocr_line' id='line_1_106' title="bbox 2058 4510 3633 4580; baseline 0.008 -19"><span class='ocrx_word' id='word_1_738' title='bbox 2058 4511 2261 4578; x_wconf 77' lang='lat' dir='ltr'><strong>busque</strong></span> <span class='ocrx_word' id='word_1_739' title='bbox 2306 4510 2568 4580; x_wconf 74' lang='lat' dir='ltr'><strong>imperet;</strong></span> <span class='ocrx_word' id='word_1_740' title='bbox 2613 4511 2920 4567; x_wconf 73' lang='lat' dir='ltr'><strong>Jttdreurum</strong></span> <span class='ocrx_word' id='word_1_741' title='bbox 2966 4524 3147 4568; x_wconf 88' lang='lat' dir='ltr'><strong>autem</strong></span> <span class='ocrx_word' id='word_1_742' title='bbox 3198 4528 3344 4571; x_wconf 85' lang='lat' dir='ltr'><strong>secta</strong></span> <span class='ocrx_word' id='word_1_743' title='bbox 3396 4518 3633 4573; x_wconf 87' lang='lat' dir='ltr'><strong>tenebris</strong></span> 
     </span>
    </p>
   </div>
   <div class='ocr_carea' id='block_1_107' title="bbox 2053 4603 3630 4675">
    <p class='ocr_par' dir='ltr' id='par_1_107' title="bbox 2053 4603 3630 4675">
     <span class='ocr_line' id='line_1_107' title="bbox 2053 4603 3630 4675; baseline 0.004 -19"><span class='ocrx_word' id='word_1_744' title='bbox 2053 4603 2339 4667; x_wconf 75' lang='lat' dir='ltr'><strong>obruatur,</strong></span> <span class='ocrx_word' id='word_1_745' title='bbox 2390 4615 2537 4656; x_wconf 79' lang='lat' dir='ltr'><strong>tmmt</strong></span> <span class='ocrx_word' id='word_1_746' title='bbox 2577 4620 2797 4673; x_wconf 75' lang='lat' dir='ltr'><strong>regnum</strong></span> <span class='ocrx_word' id='word_1_747' title='bbox 2835 4606 3108 4670; x_wconf 87' lang='lat' dir='ltr'><strong>concidat,</strong></span> <span class='ocrx_word' id='word_1_748' title='bbox 3168 4616 3221 4661; x_wconf 91' lang='lat' dir='ltr'><strong>et</strong></span> <span class='ocrx_word' id='word_1_749' title='bbox 3251 4616 3491 4675; x_wconf 87' lang='lat' dir='ltr'><strong>potestas</strong></span> <span class='ocrx_word' id='word_1_750' title='bbox 3543 4611 3630 4662; x_wconf 87' lang='lat' dir='ltr'><strong>in-</strong></span> 
     </span>
    </p>
   </div>
   <div class='ocr_carea' id='block_1_108' title="bbox 2058 4695 3631 4769">
    <p class='ocr_par' dir='ltr' id='par_1_108' title="bbox 2058 4695 3631 4769">
     <span class='ocr_line' id='line_1_108' title="bbox 2058 4695 3631 4769; baseline 0.004 -22"><span class='ocrx_word' id='word_1_751' title='bbox 2058 4705 2245 4750; x_wconf 87' lang='lat' dir='ltr'><strong>tereat.</strong></span> <span class='ocrx_word' id='word_1_752' title='bbox 2287 4695 2429 4748; x_wconf 82' lang='lat' dir='ltr'><strong>l&#39;une</strong></span> <span class='ocrx_word' id='word_1_753' title='bbox 2462 4711 2590 4764; x_wconf 75' lang='lat' dir='ltr'><strong>ergo</strong></span> <span class='ocrx_word' id='word_1_754' title='bbox 2629 4695 2849 4763; x_wconf 87' lang='lat' dir='ltr'><strong>fastum,</strong></span> <span class='ocrx_word' id='word_1_755' title='bbox 2898 4712 3036 4753; x_wconf 87' lang='lat' dir='ltr'><strong>neve</strong></span> <span class='ocrx_word' id='word_1_756' title='bbox 3077 4698 3278 4766; x_wconf 89' lang='lat' dir='ltr'><strong>aliquid</strong></span> <span class='ocrx_word' id='word_1_757' title='bbox 3313 4705 3631 4769; x_wconf 79' lang='lat' dir='ltr'><strong>praeclarum</strong></span> 
     </span>
    </p>
   </div>
   <div class='ocr_carea' id='block_1_109' title="bbox 2058 4785 3632 4859">
    <p class='ocr_par' dir='ltr' id='par_1_109' title="bbox 2058 4785 3632 4859">
     <span class='ocr_line' id='line_1_109' title="bbox 2058 4785 3632 4859; baseline 0.007 -24"><span class='ocrx_word' id='word_1_758' title='bbox 2058 4796 2105 4835; x_wconf 79' lang='lat' dir='ltr'><strong>te</strong></span> <span class='ocrx_word' id='word_1_759' title='bbox 2137 4785 2369 4855; x_wconf 70' lang='lat' dir='ltr'><strong>geSsisse</strong></span> <span class='ocrx_word' id='word_1_760' title='bbox 2407 4799 2560 4852; x_wconf 88' lang='lat' dir='ltr'><strong>putes</strong></span> <span class='ocrx_word' id='word_1_761' title='bbox 2588 4805 2599 4839; x_wconf 88' lang='lat'><strong>:</strong></span> <span class='ocrx_word' id='word_1_762' title='bbox 2629 4803 2747 4840; x_wconf 85' lang='lat' dir='ltr'><strong>cunt</strong></span> <span class='ocrx_word' id='word_1_763' title='bbox 2782 4788 2926 4843; x_wconf 87' lang='lat' dir='ltr'><strong>enim</strong></span> <span class='ocrx_word' id='word_1_764' title='bbox 2967 4788 3250 4854; x_wconf 85' lang='lat' dir='ltr'><strong>clarueris,</strong></span> <span class='ocrx_word' id='word_1_765' title='bbox 3287 4801 3511 4859; x_wconf 82' lang='lat' dir='ltr'><strong>repente</strong></span> <span class='ocrx_word' id='word_1_766' title='bbox 3540 4806 3632 4846; x_wconf 84' lang='lat' dir='ltr'><strong>0c-</strong></span> 
     </span>
    </p>
   </div>
   <div class='ocr_carea' id='block_1_110' title="bbox 2055 4876 2223 4930">
    <p class='ocr_par' dir='ltr' id='par_1_110' title="bbox 2055 4876 2223 4930">
     <span class='ocr_line' id='line_1_110' title="bbox 2055 4876 2223 4930; baseline 0.03 -5"><span class='ocrx_word' id='word_1_767' title='bbox 2055 4876 2223 4930; x_wconf 76' lang='lat' dir='ltr'><strong>cities.</strong></span> 
     </span>
    </p>
   </div>
   <div class='ocr_carea' id='block_1_111' title="bbox 2127 4964 3628 5040">
    <p class='ocr_par' dir='ltr' id='par_1_111' title="bbox 2127 4964 3628 5040">
     <span class='ocr_line' id='line_1_111' title="bbox 2127 4964 3628 5040; baseline 0.007 -22"><span class='ocrx_word' id='word_1_768' title='bbox 2127 4964 2250 5020; x_wconf 64' lang='lat' dir='ltr'><strong>Haec</strong></span> <span class='ocrx_word' id='word_1_769' title='bbox 2286 4969 2458 5021; x_wconf 85' lang='lat' dir='ltr'><strong>aiebat</strong></span> <span class='ocrx_word' id='word_1_770' title='bbox 2487 4985 2712 5040; x_wconf 76' lang='lat' dir='ltr'><strong>magnus</strong></span> <span class='ocrx_word' id='word_1_771' title='bbox 2744 4986 2807 5025; x_wconf 87' lang='lat' dir='ltr'><strong>ac</strong></span> <span class='ocrx_word' id='word_1_772' title='bbox 2832 4972 3157 5027; x_wconf 86' lang='lat' dir='ltr'><strong>venerabilis</strong></span> <span class='ocrx_word' id='word_1_773' title='bbox 3180 4985 3345 5028; x_wconf 80' lang='lat' dir='ltr'><strong>senex</strong></span> <span class='ocrx_word' id='word_1_774' title='bbox 3373 4974 3628 5028; x_wconf 76' lang='lat' dir='ltr'><strong>Arelltas.</strong></span> 
     </span>
    </p>
   </div>
   <div class='ocr_carea' id='block_1_112' title="bbox 2056 5056 3631 5137">
    <p class='ocr_par' dir='ltr' id='par_1_112' title="bbox 2056 5056 3631 5137">
     <span class='ocr_line' id='line_1_112' title="bbox 2056 5056 3631 5137; baseline 0.009 -28"><span class='ocrx_word' id='word_1_775' title='bbox 2056 5056 2175 5109; x_wconf 79' lang='lat' dir='ltr'><strong>Mox</strong></span> <span class='ocrx_word' id='word_1_776' title='bbox 2206 5058 2540 5113; x_wconf 86' lang='lat' dir='ltr'><strong>Christianos</strong></span> <span class='ocrx_word' id='word_1_777' title='bbox 2583 5062 2671 5130; x_wconf 92' lang='lat' dir='ltr'><strong>qui</strong></span> <span class='ocrx_word' id='word_1_778' title='bbox 2704 5061 3018 5130; x_wconf 86' lang='lat' dir='ltr'><strong>frequentes</strong></span> <span class='ocrx_word' id='word_1_779' title='bbox 3049 5064 3194 5119; x_wconf 87' lang='lat' dir='ltr'><strong>latus</strong></span> <span class='ocrx_word' id='word_1_780' title='bbox 3231 5066 3350 5137; x_wconf 82' lang='lat' dir='ltr'><strong>ejus</strong></span> <span class='ocrx_word' id='word_1_781' title='bbox 3396 5069 3631 5137; x_wconf 83' lang='lat' dir='ltr'><strong>stipave-</strong></span> 
     </span>
    </p>
   </div>
   <div class='ocr_carea' id='block_1_113' title="bbox 2055 5150 3630 5225">
    <p class='ocr_par' dir='ltr' id='par_1_113' title="bbox 2055 5150 3630 5225">
     <span class='ocr_line' id='line_1_113' title="bbox 2055 5150 3630 5225; baseline 0.008 -25"><span class='ocrx_word' id='word_1_782' title='bbox 2055 5158 2178 5201; x_wconf 87' lang='lat' dir='ltr'><strong>rant</strong></span> <span class='ocrx_word' id='word_1_783' title='bbox 2211 5150 2351 5203; x_wconf 87' lang='lat' dir='ltr'><strong>hunc</strong></span> <span class='ocrx_word' id='word_1_784' title='bbox 2388 5152 2437 5203; x_wconf 91' lang='lat' dir='ltr'><strong>in</strong></span> <span class='ocrx_word' id='word_1_785' title='bbox 2477 5156 2688 5207; x_wconf 89' lang='lat' dir='ltr'><strong>modum</strong></span> <span class='ocrx_word' id='word_1_786' title='bbox 2729 5155 3078 5225; x_wconf 88' lang='lat' dir='ltr'><strong>interpellat:</strong></span> <span class='ocrx_word' id='word_1_787' title='bbox 3113 5158 3373 5222; x_wconf 81' lang='lat' dir='ltr'><strong>Audistis,</strong></span> <span class='ocrx_word' id='word_1_788' title='bbox 3411 5161 3630 5224; x_wconf 81' lang='lat' dir='ltr'><strong>fratres,</strong></span> 
     </span>
    </p>
   </div>
   <div class='ocr_carea' id='block_1_114' title="bbox 2053 5243 3628 5321">
    <p class='ocr_par' dir='ltr' id='par_1_114' title="bbox 2053 5243 3628 5321">
     <span class='ocr_line' id='line_1_114' title="bbox 2053 5243 3628 5321; baseline 0.006 -28"><span class='ocrx_word' id='word_1_789' title='bbox 2053 5243 2178 5310; x_wconf 85' lang='lat' dir='ltr'><strong>quid</strong></span> <span class='ocrx_word' id='word_1_790' title='bbox 2224 5244 2307 5297; x_wconf 88' lang='lat' dir='ltr'><strong>isti</strong></span> <span class='ocrx_word' id='word_1_791' title='bbox 2344 5245 2525 5297; x_wconf 62' lang='lat' dir='ltr'><strong>.iudd&#39;n</strong></span> <span class='ocrx_word' id='word_1_792' title='bbox 2564 5257 2786 5299; x_wconf 79' lang='lat' dir='ltr'><strong>testatus</strong></span> <span class='ocrx_word' id='word_1_793' title='bbox 2813 5251 2970 5301; x_wconf 85' lang='lat' dir='ltr'><strong>smn?</strong></span> <span class='ocrx_word' id='word_1_794' title='bbox 2999 5250 3096 5302; x_wconf 79' lang='lat' dir='ltr'><strong>Cui</strong></span> <span class='ocrx_word' id='word_1_795' title='bbox 3127 5250 3201 5302; x_wconf 89' lang='lat' dir='ltr'><strong>illi</strong></span> <span class='ocrx_word' id='word_1_796' title='bbox 3233 5269 3245 5304; x_wconf 85' lang='lat'><strong>:</strong></span> <span class='ocrx_word' id='word_1_797' title='bbox 3276 5250 3495 5321; x_wconf 86' lang='lat' dir='ltr'><strong>Utique,</strong></span> <span class='ocrx_word' id='word_1_798' title='bbox 3528 5251 3628 5303; x_wconf 79' lang='lat' dir='ltr'><strong>Pa-</strong></span> 
     </span>
    </p>
   </div>
   <div class='ocr_carea' id='block_1_115' title="bbox 2057 5334 3633 5409">
    <p class='ocr_par' dir='ltr' id='par_1_115' title="bbox 2057 5334 3633 5409">
     <span class='ocr_line' id='line_1_115' title="bbox 2057 5334 3633 5409; baseline 0.005 -22"><span class='ocrx_word' id='word_1_799' title='bbox 2057 5348 2153 5387; x_wconf 82' lang='lat' dir='ltr'><strong>ter.</strong></span> <span class='ocrx_word' id='word_1_800' title='bbox 2190 5334 2421 5389; x_wconf 82' lang='lat' dir='ltr'><strong>Arethas</strong></span> <span class='ocrx_word' id='word_1_801' title='bbox 2454 5354 2467 5389; x_wconf 88' lang='lat'><strong>:</strong></span> <span class='ocrx_word' id='word_1_802' title='bbox 2506 5336 2639 5389; x_wconf 76' lang='lat' dir='ltr'><strong>Vera</strong></span> <span class='ocrx_word' id='word_1_803' title='bbox 2679 5348 2803 5391; x_wconf 80' lang='lat' dir='ltr'><strong>sunt</strong></span> <span class='ocrx_word' id='word_1_804' title='bbox 2848 5340 2957 5399; x_wconf 86' lang='lat' dir='ltr'><strong>illa,</strong></span> <span class='ocrx_word' id='word_1_805' title='bbox 2994 5349 3207 5392; x_wconf 75' lang='lat' dir='ltr'><strong>necne?</strong></span> <span class='ocrx_word' id='word_1_806' title='bbox 3241 5342 3373 5394; x_wconf 85' lang='lat' dir='ltr'><strong>Cum</strong></span> <span class='ocrx_word' id='word_1_807' title='bbox 3416 5356 3633 5409; x_wconf 79' lang='lat' dir='ltr'><strong>respon-</strong></span> 
     </span>
    </p>
   </div>
   <div class='ocr_carea' id='block_1_116' title="bbox 2054 5424 3628 5497">
    <p class='ocr_par' dir='ltr' id='par_1_116' title="bbox 2054 5424 3628 5497">
     <span class='ocr_line' id='line_1_116' title="bbox 2054 5424 3628 5497; baseline 0.004 -22"><span class='ocrx_word' id='word_1_808' title='bbox 2054 5424 2257 5477; x_wconf 74' lang='lat' dir='ltr'><strong>dissent</strong></span> <span class='ocrx_word' id='word_1_809' title='bbox 2317 5440 2438 5478; x_wconf 85' lang='lat' dir='ltr'><strong>veta</strong></span> <span class='ocrx_word' id='word_1_810' title='bbox 2502 5444 2660 5493; x_wconf 72' lang='lat' dir='ltr'><strong>esse,</strong></span> <span class='ocrx_word' id='word_1_811' title='bbox 2716 5429 2957 5481; x_wconf 79' lang='lat' dir='ltr'><strong>subdidit</strong></span> <span class='ocrx_word' id='word_1_812' title='bbox 2994 5429 3092 5481; x_wconf 81' lang='lat' dir='ltr'><strong>:Si</strong></span> <span class='ocrx_word' id='word_1_813' title='bbox 3128 5429 3247 5495; x_wconf 89' lang='lat' dir='ltr'><strong>quis</strong></span> <span class='ocrx_word' id='word_1_814' title='bbox 3295 5444 3422 5497; x_wconf 82' lang='lat' dir='ltr'><strong>ergo</strong></span> <span class='ocrx_word' id='word_1_815' title='bbox 3482 5444 3628 5482; x_wconf 86' lang='lat' dir='ltr'><strong>metu</strong></span> 
     </span>
    </p>
   </div>
   <div class='ocr_carea' id='block_1_117' title="bbox 2055 5515 3629 5582">
    <p class='ocr_par' dir='ltr' id='par_1_117' title="bbox 2055 5515 3629 5582">
     <span class='ocr_line' id='line_1_117' title="bbox 2055 5515 3629 5582; baseline 0.005 -19"><span class='ocrx_word' id='word_1_816' title='bbox 2055 5515 2241 5568; x_wconf 86' lang='lat' dir='ltr'><strong>mortis</strong></span> <span class='ocrx_word' id='word_1_817' title='bbox 2274 5532 2591 5582; x_wconf 82' lang='lat' dir='ltr'><strong>concussus,</strong></span> <span class='ocrx_word' id='word_1_818' title='bbox 2625 5523 2804 5571; x_wconf 87' lang='lat' dir='ltr'><strong>datam</strong></span> <span class='ocrx_word' id='word_1_819' title='bbox 2837 5519 3056 5571; x_wconf 74' lang='lat' dir='ltr'><strong>Christo</strong></span> <span class='ocrx_word' id='word_1_820' title='bbox 3090 5520 3246 5571; x_wconf 83' lang='lat' dir='ltr'><strong>fidem</strong></span> <span class='ocrx_word' id='word_1_821' title='bbox 3295 5529 3507 5573; x_wconf 83' lang='lat' dir='ltr'><strong>mutare</strong></span> <span class='ocrx_word' id='word_1_822' title='bbox 3541 5535 3629 5573; x_wconf 86' lang='lat' dir='ltr'><strong>co-</strong></span> 
     </span>
    </p>
   </div>
   <div class='ocr_carea' id='block_1_118' title="bbox 2053 5608 3629 5673">
    <p class='ocr_par' dir='ltr' id='par_1_118' title="bbox 2053 5608 3629 5673">
     <span class='ocr_line' id='line_1_118' title="bbox 2053 5608 3629 5673; baseline 0.006 -16"><span class='ocrx_word' id='word_1_823' title='bbox 2053 5608 2223 5672; x_wconf 75' lang='lat' dir='ltr'><strong>gitat,</strong></span> <span class='ocrx_word' id='word_1_824' title='bbox 2278 5612 2599 5673; x_wconf 79' lang='lat' dir='ltr'><strong>qtmntocius</strong></span> <span class='ocrx_word' id='word_1_825' title='bbox 2645 5610 2920 5663; x_wconf 77' lang='lat' dir='ltr'><strong>abscedat.</strong></span> <span class='ocrx_word' id='word_1_826' title='bbox 2977 5610 3072 5663; x_wconf 86' lang='lat' dir='ltr'><strong>llic</strong></span> <span class='ocrx_word' id='word_1_827' title='bbox 3129 5611 3339 5664; x_wconf 82' lang='lat' dir='ltr'><strong>sublato</strong></span> <span class='ocrx_word' id='word_1_828' title='bbox 3392 5612 3629 5666; x_wconf 81' lang='lat' dir='ltr'><strong>clamore</strong></span> 
     </span>
    </p>
   </div>
   <div class='ocr_carea' id='block_1_119' title="bbox 2053 5695 3625 5766">
    <p class='ocr_par' dir='ltr' id='par_1_119' title="bbox 2053 5695 3625 5766">
     <span class='ocr_line' id='line_1_119' title="bbox 2053 5695 3625 5766; baseline 0.004 -19"><span class='ocrx_word' id='word_1_829' title='bbox 2053 5710 2242 5749; x_wconf 82' lang='lat' dir='ltr'><strong>etnnes</strong></span> <span class='ocrx_word' id='word_1_830' title='bbox 2278 5695 2529 5753; x_wconf 76' lang='lat' dir='ltr'><strong>dixerunt</strong></span> <span class='ocrx_word' id='word_1_831' title='bbox 2561 5717 2572 5754; x_wconf 90' lang='lat'><strong>:</strong></span> <span class='ocrx_word' id='word_1_832' title='bbox 2602 5698 2874 5766; x_wconf 80' lang='lat' dir='ltr'><strong>Propitius</strong></span> <span class='ocrx_word' id='word_1_833' title='bbox 2919 5699 2988 5752; x_wconf 81' lang='lat' dir='ltr'><strong>sit</strong></span> <span class='ocrx_word' id='word_1_834' title='bbox 3045 5698 3196 5753; x_wconf 77' lang='lat' dir='ltr'><strong>nobis</strong></span> <span class='ocrx_word' id='word_1_835' title='bbox 3240 5698 3399 5764; x_wconf 73' lang='lat' dir='ltr'><strong>Deus,</strong></span> <span class='ocrx_word' id='word_1_836' title='bbox 3449 5716 3513 5753; x_wconf 89' lang='lat' dir='ltr'><strong>ne</strong></span> <span class='ocrx_word' id='word_1_837' title='bbox 3560 5700 3625 5755; x_wconf 84' lang='lat' dir='ltr'><strong>ti-</strong></span> 
     </span>
    </p>
   </div>
  </div>
