4042 6142
367 299 503 369 1173

1419 309 1522 368 EX
1558 305 1918 369 HISTORIA
1964 302 2548 367 ECCLESIASTICA.

3471 290 3611 357 1:74

364 417 633 474 sermonis
672 418 996 471 sententiam
1033 418 1098 471 ad
1161 433 1328 487 pauca
1384 418 1620 488 capitula
1683 418 1930 484 redigi-re
1964 426 2002 477 Α
2036 418 2484 482 certamine,tum
2547 415 2710 470 etiam
2774 414 2825 467 in
2881 413 3178 481 qumsuone
3239 417 3606 472 tentatorem;

360 509 562 572 valeat,
593 509 669 562 rei
717 525 957 564 normam
1018 509 1131 578 ipse
1184 525 1477 578 proponam
1514 526 1527 561 :
1571 524 1761 577 nempe
1794 510 1929 560 datm

361 615 582 670 operam
610 611 668 654 ut
716 602 1025 670 conscripto
1081 599 1360 654 Breviario
1411 600 1668 669 quodam,
1723 599 1933 669 possint

355 689 493 743 hinc
524 688 754 744 lectores
790 693 1058 747 lbeoriam
1090 692 1325 747 universi
1358 694 1559 761 operis,
1593 706 1714 746 cum
1739 693 1934 760 grada-

357 779 458 833 tim
500 779 567 833 ab
596 780 661 834 iis
686 781 911 850 legetur,
942 783 1127 837 statim
1165 782 1350 857 animo
1384 785 1695 852 complecti.
1720 784 1935 855 Reapse

358 871 457 937 qui
491 873 899 942 Evangeliorum
952 877 1276 946 scripturam
1320 878 1386 931 ad
1410 878 1784 947 compendium
1803 894 1936 934 con-

361 960 512 1016 ferre
534 963 784 1028 voluerit,
814 979 1104 1036 cognoscet
1146 982 1214 1024 ex
1264 983 1329 1024 ea
1358 968 1527 1024 Deum
1569 984 1797 1025 carnem
1845 984 1936 1025 as-

360 1056 680 1124 sumpsisse,
712 1056 764 1109 in
794 1055 1017 1127 ejusque
1060 1067 1327 1128 potestate
1381 1075 1467 1115 res
1521 1062 1785 1115 humanas
1816 1075 1938 1116 esse

367 1155 528 1215 atque
554 1146 790 1215 divinas,
810 1148 967 1205 abeo
994 1147 1354 1206 fundamenta
1380 1152 1566 1208 mndi
1610 1151 1934 1208 dissolutum

369 1236 458 1299 iri,
488 1237 539 1290 id
570 1239 711 1305 quod
736 1238 795 1292 in
825 1242 1065 1297 secundo
1100 1243 1334 1299 adventu
1365 1243 1547 1313 palam
1593 1243 1938 1300 demonstra-

370 1328 466 1383 bit.
514 1330 773 1400 Quisquis
804 1331 919 1386 bzec
949 1346 1360 1403 quaquaversus
1383 1332 1775 1399 considerabit,
1811 1349 1940 1391 sen-

369 1435 486 1471 sum
524 1420 576 1473 in
617 1423 806 1489 primis
846 1423 1177 1478 narrationis
1211 1424 1495 1492 intelliget,
1532 1439 1650 1493 qua:
1688 1426 1939 1479 incarna-

364 1511 571 1563 tionem
601 1511 894 1579 praecedit;
925 1513 1159 1583 itemque
1188 1513 1411 1570 Ioannis
1436 1514 1690 1585 Baptistae
1741 1517 1940 1570 nativi-

371 1611 556 1665 tatem,
585 1603 675 1671 qui
710 1602 817 1657 Deo
847 1604 1069 1661 Israells
1106 1608 1477 1663 testimonium
1511 1611 1740 1663 daturus
1795 1618 1937 1671 erat,

371 1692 702 1747 caniformem
749 1694 913 1749 fuisse
942 1696 1008 1751 iis
1034 1712 1155 1766 qua:
1183 1708 1312 1753 ante
1330 1699 1674 1754 nuntiaverat
1694 1700 1938 1770 angelus.

2039 512 2193 582 rique
2224 509 2400 577 angeli
2451 508 2863 573 ministrarum;
2902 521 2963 560 ac
2994 514 3179 559 nostro
3211 501 3396 573 generi
3449 502 3606 570 quie-

2043 613 2146 656 tem
2179 614 2275 671 per
2301 601 2528 654 reditum
2561 608 2804 655 nostrum
2854 599 2908 651 in
2941 596 3248 667 paradisum
3304 593 3598 648 concessit.

2109 692 2242 748 Cum
2271 691 2552 760 discipulis
2580 689 2817 745 humano
2843 703 2994 742 more
3027 695 3269 743 versatus
3305 694 3411 748 est,
3442 683 3599 742 longe

2042 786 2310 842 interdum
2338 800 2365 837 a
2413 782 2845 853 persecutoribus
2900 780 3171 842 discessit,
3220 775 3439 841 famem,
3465 775 3606 828 sitim

2040 878 2386 947 laboremque
2410 890 2695 947 perpessus
2723 884 2824 929 est.
2858 872 3196 940 Caeteroquiu
3222 866 3607 922 demonstravit

2030 969 2383 1033 -nibil,borum
2405 968 2664 1022 violenter
2687 977 2776 1021 aut
2796 964 3101 1019 necessario
3120 975 3180 1016 se
3198 973 3438 1029 passum,
3459 956 3609 1025 quasi

2046 1061 2186 1115 Deus
2219 1073 2325 1114 non
2362 1068 2537 1125 esset;
2564 1058 2762 1114 dicitur
2789 1057 2955 1118 enim,
2984 1052 3128 1123 quod
3154 1051 3342 1106 dietius
3374 1049 3605 1115 quadra-

2043 1152 2190 1222 ginta
2221 1150 2447 1205 tolerato
2462 1149 2695 1220 jejunio,
2731 1157 2917 1218 postea
2953 1143 3165 1200 esuriit.
3233 1140 3358 1195 Pari
3416 1138 3614 1193 dicitur

2045 1244 2254 1298 ratione
2281 1242 2569 1297 dormisse.
2609 1239 2745 1295 Cum
2776 1246 2957 1292 autem
3008 1233 3283 1291 solitarius
3344 1232 3397 1287 in
3432 1237 3614 1284 monte

2043 1342 2209 1401 esset,
2240 1332 2385 1402 vigili
2415 1331 2647 1387 orationi
2680 1329 2916 1396 vacavit,
2945 1328 3185 1382 humano
3219 1323 3430 1380 scilicet
3464 1334 3614 1376 more

2047 1424 2256 1479 Patrem
2286 1438 2383 1494 pro
2410 1420 2719 1477 hominibus
2747 1417 3014 1473 exoravit.
3079 1413 3134 1469 In
3183 1414 3307 1468 navi
3360 1409 3615 1466 savieute

2045 1514 2600 1587 procelladormivit,
2647 1513 2717 1568 ob
2765 1511 3154 1580 discipulorum
3219 1504 3612 1561 eruditionem,

2048 1621 2240 1676 nempe
2273 1615 2331 1659 ιιι
2357 1605 2639 1659 crederent
2670 1616 2735 1657 se
2762 1601 3027 1657 dominari
3066 1592 3479 1665 tempestatibus
3509 1606 3615 1641 Ina-

2046 1695 2123 1748 ris
2141 1704 2198 1747 et
2226 1708 2359 1747 sono
2389 1690 2646 1745 ﬂuctuum
2676 1690 2816 1757 ejus.
2871 1686 2965 1743 Sic
2994 1687 3160 1743 etiam
3208 1681 3425 1754 quando
3486 1692 3611 1733 eum

360 1778 669 1850 Cognosret
700 1784 917 1853 insuper
941 1784 1145 1843 Christi
1174 1790 1510 1845 nativitatem
1548 1768 1933 1859 stupet-natura-
1965 1782 2008 1837 Β
2033 1783 2203 1840 Iudici
2228 1783 2293 1837 de
2323 1781 2526 1837 vertice
2559 1779 2756 1835 montis
2791 1780 3021 1850 dejicere
3055 1776 3233 1832 conati
3264 1783 3412 1835 sunt,
3483 1768 3610 1821 fru-

369 1871 471 1925 lem
504 1891 566 1926 ex
601 1873 819 1949 Virgine
854 1875 1054 1942 Maria;
1091 1893 1329 1948 eutuque
1380 1895 1479 1936 ceu
1514 1881 1783 1935 hominem
1825 1889 1938 1937 ter-

367 1980 557 2018 renum
587 1981 650 2020 ex
682 1982 742 2021 ea
789 1968 1082 2037 sumpsisse
1142 1971 1501 2041 principium;
1571 1984 1937 2027 verumtamen

357 2058 624 2128 quidquid
660 2076 766 2114 non
795 2069 882 2115 est
931 2068 1228 2128 terrenum,
1257 2063 1308 2117 id
1348 2061 1531 2119 Iesum
1568 2065 1635 2119 de
1674 2065 1811 2120 caelo
1844 2067 1934 2120 de-

369 2149 570 2208 tulisse.
643 2152 972 2208 Testimonia
1018 2163 1198 2208 autem
1255 2156 1652 2216 incarnationis
1718 2156 1835 2224 ejus
1882 2157 1936 2212 in

360 2239 639 2310 Evangelii
674 2243 810 2297 libro
838 2244 1030 2311 relata,
1063 2259 1127 2300 ea
1152 2255 1281 2300 sunt
1310 2260 1427 2316 qua:
1449 2244 1724 2304 Elisabeth
1767 2248 1936 2318 inspi-

356 2344 479 2387 vata
508 2333 664 2401 dixit,
698 2349 924 2405 qtneque
957 2336 1177 2405 angelus
1208 2335 1415 2405 Virgini
1468 2347 1632 2409 atque
1677 2337 1937 2409 Josepbo,

358 2434 419 2479 et
449 2428 677 2494 denique
710 2429 1024 2498 angelorum
1058 2429 1220 2485 verba
1262 2430 1329 2485 ad
1356 2439 1638 2500 pastores:
1674 2433 1803 2487 item
1836 2430 1938 2486 Za-

357 2517 565 2571 chariae
604 2519 940 2585 vaticinium,
973 2520 1140 2576 stella:
1197 2520 1466 2590 apparitio
1514 2538 1635 2591 quae
1681 2521 1804 2577 Filii
1842 2521 1936 2578 Dei

367 2623 535 2674 nuper
564 2610 671 2661 uati
712 2625 931 2678 regnum
958 2611 1348 2681 sempiternum
1384 2626 1507 2669 esse
1541 2615 1933 2684 portendebat:

366 2700 597 2766 denique
622 2701 920 2755 Sacerdotis
944 2702 1214 2758 Simeonis
1253 2712 1417 2775 atque
1443 2705 1612 2759 Anna:
1633 2704 1933 2774 prapbetia,

356 2790 508 2857 quod
539 2790 784 2845 videlicet
818 2792 1067 2854 Christus
1112 2795 1181 2850 ob
1231 2796 1413 2850 nmndi
1447 2807 1503 2851 et
1524 2795 1745 2851 lsraelis
1792 2796 1935 2852 salu-

357 2886 473 2929 ’lenl
503 2879 844 2935 advenisset:
879 2881 1072 2950 quibus
1101 2884 1312 2939 accedit
1335 2886 1647 2954 praedicatio
1677 2884 1935 2955 Baptista:

356 2970 618 3021 testantis
659 2985 716 3023 se
745 2971 959 3040 quidem
989 2973 1055 3028 de
1103 2984 1245 3029 terra
1296 2985 1498 3041 ortum,
1559 2979 1652 3031 sed
1686 2977 1935 3032 Salvato-

358 3071 482 3110 τοίη
515 3072 753 3112 nosmtm
792 3061 854 3113 de
886 3063 1043 3116 caelo.

436 3211 702 3264 Praeterea
733 3224 1013 3283 cognoscet
1047 3215 1216 3270 lecmr
1236 3231 1300 3269 ex
1334 3217 1747 3286 Evangeliorum
1799 3219 1935 3273 libro

354 3304 599 3357 divinam
629 3302 833 3355 Domini
874 3307 1041 3360 nostri
1102 3308 1460 3362 (Bconontiam
1516 3309 1933 3379 incomprehen-

350 3393 507 3449 ‘sibili
536 3394 796 3460 sapientia
825 3395 1001 3451 fuisse
1054 3405 1340 3465 patratum,
1376 3416 1478 3454 non
1537 3408 1715 3455 autem
1774 3401 1937 3455 libro-

366 3496 487 3534 rum
530 3482 775 3536 doctrina
810 3500 981 3554 neque
1005 3487 1356 3543 scientiarum
1391 3492 1609 3545 studio:
1637 3494 1930 3561 potentiam

352 3570 483 3636 ~ejus
511 3570 773 3641 intelliget
801 3575 1162 3645 prodigiorum
1223 3578 1572 3645 ell‘ectricetn,
1620 3583 1766 3636 dicta
1816 3583 1934 3651 ejus

366 3660 705 3728 admiranda,
739 3666 973 3718 onmimn
1008 3682 1184 3721 rerum
1216 3669 1526 3734 scientiam,
1558 3683 1611 3725 et
1655 3690 1777 3726 eum
1796 3675 1932 3728 nulli

367 3766 606 3819 unquam
637 3765 858 3819 peccato
888 3755 1054 3812 fuisse
1090 3760 1417 3814 olmovium:
1457 3760 1510 3815 in
1543 3761 1661 3832 e’jus
1719 3780 1934 3834 quoque

354 3853 635 3912 potestate
661 3847 966 3900 etarhitrio
1011 3848 1180 3902 fuisse
1245 3851 1355 3918 pati
1413 3867 1512 3906 suo
1562 3863 1824 3922 tempore,
1880 3867 1933 3910 et

364 3942 518 3986 extra
537 3931 588 3987 id
613 3945 820 4003 tempus
843 3937 1190 4006 minimepati
1213 3955 1226 4000 ;
1250 3938 1389 3993 item
1419 3940 1635 3994 abolere
1658 3944 1935 4010 passiones

364 4023 645 4077 hominum
679 4042 774 4092 per
820 4043 945 4082 snas
978 4029 1030 4082 in
1079 4045 1306 4099 corpore
1337 4032 1664 4086 voluntarias
1727 4036 1932 4102 paSsio-

366 4129 487 4177 nes,
522 4126 743 4169 mortem
772 4120 1168 4174 resurrectione
1207 4122 1494 4190 perimere,
1519 4132 1572 4176 et
1633 4125 1683 4177 in
1738 4125 1931 4179 coelum

364 4207 601 4276 denique
628 4213 941 4266 ascendere.
994 4212 1200 4267 Rursus
1221 4215 1379 4268 docet
1405 4215 1492 4269 hic
1526 4216 1680 4280 liber,
1745 4216 1929 4271 Jesum

366 4297 435 4350 de
464 4296 684 4365 Virgine
713 4316 926 4355 carnem
955 4305 1249 4371 sumpsisse
1285 4307 1577 4360 animatam
1630 4317 1791 4377 atque
1845 4309 1928 4362 in-

370 4389 579 4440 tellertu
611 4393 912 4455 prmditam,
943 4405 1258 4462 conceptum
1281 4398 1396 4464 ejus
1424 4398 1713 4452 humanum
1741 4415 1929 4453 novem

369 4478 646 4531 mensibus
707 4492 1159 4549 consummatum,
1227 4487 1564 4540 nativitatem
1639 4489 1936 4553 naturalem

2045 1884 2160 1931 stra
2186 1874 2437 1940 fuerunt;
2473 1888 2782 1943 quanquam
2839 1870 2982 1927 enim
3010 1871 3077 1924 ab
3110 1869 3192 1924 bis
3225 1866 3616 1922 circumsessus

2040 1976 2203 2029 esset,
2233 1975 2471 2022 attamen
2519 1966 2890 2037 pertransiens
2940 1964 2992 2017 in
3031 1960 3208 2016 ιιιθιΙῘο
3248 1972 3439 2014 eorum
3499 1954 3615 2008 (lis-

2041 2059 2234 2113 cessit:
2271 2058 2323 2112 in
2354 2071 2517 2114 cruce
2551 2068 2727 2112 autem
2753 2057 2942 2111 lancea
2994 2052 3265 2116 conﬁxus,
3318 2044 3473 2102 haud
3503 2045 3615 2098 vie-

2033 2152 2211 2205 ‘h-nter
2236 2153 2351 2217 ejus
2376 2149 2557 2203 animo
2583 2148 2842 2212 excessit,
2869 2147 2963 2202 sed
2991 2145 3111 2215 ipse
3142 2140 3403 2197 inclinato
3433 2135 3613 2229 capite
3698 2222 3707 2229 ν

2037 2240 2219 2297 emisit
2241 2239 2519 2309 Spiritum.
2548 2237 2693 2303 Ergo
2724 2237 2780 2292 in
2809 2237 2928 2306 ipso
2964 2243 3377 2305 quaquaversus
3426 2226 3610 2282 divina

2040 2333 2386 2401 humanaque
2426 2330 2688 2385 idiomata
2720 2327 3151 2397 conspiciuntur.
3215 2321 3337 2378 Jam
3374 2317 3611 2375 remedia

2038 2439 2156 2492 qua:
2184 2421 2435 2477 Christus
2467 2420 2667 2475 mundo
2690 2417 2918 2475 contulit
2945 2416 3061 2471 haec
3087 2413 3202 2469 fere
3224 2419 3382 2467 sunt:
3415 2406 3611 2462 diaboli

2038 2510 2363 2580 increpatio,
2399 2509 2672 2566 daemones
2696 2508 2880 2577 ejecti,
2903 2506 3117 2579 maligni
3148 2504 3374 2576 spiritus
3397 2502 3464 2556 de
3486 2514 3609 2555 cor—

2036 2603 2258 2673 poribus
2288 2601 2451 2672 pulsi,
2487 2614 2681 2673 graves
2716 2599 2887 2654 morbi
2923 2597 3125 2661 sanati,
3185 2594 3384 2650 mortui
3418 2592 3484 2646 ad
3524 2590 3610 2644 vi-

2038 2706 2146 2750 tam
2183 2694 2445 2757 revocati,
2474 2692 2848 2749 tentationum
2884 2687 3368 2755 communiumque
3399 2682 3609 2754 passio-

2036 2802 2161 2840 num
2190 2785 2454 2855 depulsio,
2484 2798 2588 2854 qua
2618 2783 2866 2838 videlicet
2895 2780 3137 2835 futurum
3185 2776 3440 2833 saeculum
3469 2781 3612 2844 prae-

2037 2876 2303 2947 ﬁgurabat
2327 2876 2474 2930 omni
2523 2873 2787 2930 malorum
2838 2887 3036 2943 genere
3067 2884 3284 2941 expers,
3313 2866 3457 2938 quod
3510 2880 3610 2919 nos

2034 2982 2153 3020 cum
2177 2981 2292 3036 spe,
2323 2966 2586 3021 charitate
2609 2980 2670 3019 ac
2714 2964 2819 3019 ﬁde
2858 2971 3257 3031 exspectamus.
3301 2959 3468 3014 Porro
3497 2957 3600 3011 Re-

2036 3056 2334 3126 demptoris
2362 3056 2530 3111 nostri
2557 3056 2802 3111 doctrina
2838 3055 3081 3109 homines
3113 3061 3262 3106 arcet
3292 3066 3320 3105 a
3344 3050 3607 3122 pecuniae,

1956 3142 2006 3198 C
2040 3149 2243 3219 gloriae,
2296 3149 2739 3218 voluptatumque
2788 3148 3103 3218 cupiditate,
3155 3159 3359 3213 eosque
3391 3143 3456 3198 ad
3491 3142 3599 3195 Deo

2040 3239 2410 3296 famulandum
2435 3247 2578 3295 recta
2608 3254 2730 3294 cum
2773 3238 3047 3291 voluntate
3081 3237 3345 3291 sablevat.

2109 3396 2302 3450 Exstat
2337 3397 2387 3451 in
2427 3397 2613 3450 coiice
2641 3395 2950 3462 evangelica
2999 3392 3237 3462 ejusdem
3279 3390 3452 3446 sancti
3499 3389 3609 3444 illa-

2044 3504 2115 3543 rze
2138 3489 2396 3558 episcopi,
2431 3488 2670 3542 sectione
2716 3488 3047 3555 oct0gesima
3090 3498 3253 3547 noua,
3300 3484 3602 3551 caputeiu-

2042 3579 2226 3648 gulare
2250 3576 2529 3648 Evangelii
2562 3575 2844 3640 Joannis‘,
2880 3579 3022 3646 quod
3065 3575 3116 3629 in
3153 3574 3275 3629 aliis
3331 3572 3607 3643 exempla-

2045 3671 2192 3722 rilms
2223 3669 2585 3723 desideratur.
2663 3666 2757 3720 Est
2806 3680 2933 3722 vero
2961 3665 3012 3720 id
3059 3676 3222 3734 caput
3275 3662 3602 3731 lntjusmodi.

2041 3759 2276 3828 Contigit
2324 3758 2555 3827 quadam
2617 3758 2726 3820 die,
2762 3766 2821 3809 ιιι
2876 3749 3093 3811 docenti
3142 3753 3269 3809 Jesu
3324 3754 3608 3808 mulierem

2041 3850 2314 3909 sisterent,
2352 3860 2469 3913 qute
2507 3860 2572 3898 ex
2613 3844 2880 3898 adulterio
2909 3843 3225 3912 concepisse
3267 3842 3602 3911 deprehensa

2043 3936 2235 3997 fuerat,
2267 3935 2477 4003 ipsique
2509 3949 2618 3987 rem
2642 3942 2850 4003 gestam
2878 3942 3183 3987 narrarent.
3212 3930 3375 3986 Jesus
3395 3941 3601 3995 autem,

2041 4026 2126 4081 cui
2165 4035 2346 4094 utpote
2374 4022 2479 4075 Deo
2511 4034 2649 4076 nota:
2674 4030 2830 4075 erant
2861 4031 3046 4091 turpes
3078 4021 3292 4075 illorum
3324 4021 3605 4089 passiones

2042 4130 2201 4187 atque
2226 4133 2387 4187 opera
2428 4116 2626 4182 :Quid,
2663 4116 2859 4183 inquit,
2891 4130 2919 4167 a
2981 4114 3099 4184 lege
3131 4111 3479 4183 praecipitur?
3506 4111 3612 4165 Re-

2041 4212 2375 4279 sponderunt
2412 4208 2517 4261 illi:
2554 4205 2644 4269 Ut,
2672 4207 2714 4259 si
2753 4206 2857 4259 duo
2885 4214 3052 4259 testes
3086 4206 3166 4258 vel
3192 4201 3607 4264 tresaliirmcnt,

2044 4302 2310 4368 lapidibus
2339 4309 2576 4351 necetur.
2622 4297 2757 4350 Tum
2796 4297 2955 4351 Jesus
2981 4310 3046 4350 ex
3078 4296 3316 4364 ejusdem
3353 4293 3608 4348 Mosaicae

2044 4392 2171 4461 legis
2199 4405 2406 4455 norma,
2432 4389 2489 4445 Si
2512 4391 2652 4458 quis,
2693 4388 2788 4452 ait,
2821 4388 2888 4441 ab
2917 4387 3073 4453 hujus
3104 4386 3318 4454 peccati
3363 4387 3611 4453 passione

2036 4482 2264 4536 mundus
2294 4481 2535 4549 liberque
2561 4496 2667 4543 ρει,
2697 4494 2869 4549 neque
2896 4492 3116 4547 prorsus
3146 4475 3407 4543 ejusmodi
3440 4476 3609 4543 culpa:

362 4569 602 4621 simulet
638 4573 1129 4638 supernaturalem,
1184 4576 1364 4629 fasciis
1414 4593 1534 4632 esse
1593 4579 1929 4640 obvolutum,

2044 4585 2190 4635 reus,
2220 4571 2589 4624 testimonium
2621 4586 2775 4622 suum
2825 4570 3089 4622 adversus
3134 4567 3278 4620 hanc
3328 4566 3607 4619 mulierem

368 4656 562 4711 lactem
600 4663 832 4723 suxisse,
874 4663 975 4715 ritu
1043 4665 1196 4732 legali
1244 4668 1647 4735 circumcisum,
1675 4670 1725 4722 in
1760 4669 1932 4741 Egy-

370 4755 517 4811 ptttm
550 4747 859 4802 ililHt‘l'OtilS
893 4751 1052 4804 trinis
1087 4762 1258 4807 matre
1287 4766 1526 4821 geStante
1549 4758 1935 4823 l'ugisse,illiuc

322 4822 555 4903 §poste:t
594 4853 873 4891 reversum
911 4841 976 4892 ad
1021 4841 1233 4896 Israelis
1277 4845 1743 4899 instaurationem.
1805 4852 1934 4901 Cre-

322 4910 336 5006 ξ
369 4925 442 4978 vit
466 4926 657 4979 deinde.
683 4929 919 4994 ejusdem
945 4943 1072 4983 mtas
1105 4933 1226 4983 dum
1264 4936 1419 4986 matri
1467 4936 1693 5004 ejusque
1720 4940 1931 5006 conjngi

314 4991 332 5097 ς
368 5013 601 5083 Josepbo
629 5020 908 5080 subesset;
942 5032 995 5073 et
1043 5022 1091 5073 in
1123 5025 1273 5089 aquis
1300 5027 1394 5076 alis
1427 5024 1636 5079 Joanne
1691 5029 1936 5094 baptiza-

370 5114 453 5159 tus
482 5108 604 5174 l'uit,
647 5120 704 5164 nt
738 5112 956 5164 bmuani
987 5115 1202 5182 generis
1226 5117 1661 5179 renovationezn,
1711 5120 1851 5185 quod
1882 5120 1932 5171 in

369 5197 636 5268 baptismo
680 5218 867 5270 reapse
921 5205 1148 5272 ligurate
1187 5216 1500 5270 renovatur,
1561 5209 1930 5274 signiﬁcaret:

368 5291 494 5357 quia
530 5301 656 5346 tunc
687 5309 875 5360 reapse
922 5295 1218 5362 baptismus
1247 5309 1488 5348 sanetam
1522 5300 1674 5351 nobis
1735 5300 1932 5351 nativi-

370 5386 533 5433 tatem
562 5382 627 5433 (Ie
682 5381 889 5450 Spiritu
933 5385 1278 5452 comparavit.
1337 5385 1593 5441 Teutalus
1646 5403 1674 5439 a
1723 5389 1932 5440 diabolo

372 5469 432 5517 ut
456 5464 617 5521 homo
637 5466 773 5533 fuit;
829 5470 923 5523 sed
964 5478 1145 5540 utpote
1201 5472 1339 5526 Deus
1375 5475 1538 5530 facile
1575 5475 1701 5528 vicit
1734 5486 1843 5528 tum
1878 5477 1929 5530 in

442 5655 633 5712 "Joan.
661 5678 771 5725 νισι,
805 5666 955 5719 δ-ιι.

2043 4662 2207 4725 dicat,
2245 4671 2300 4714 et
2322 4661 2531 4729 primus
2574 4661 2804 4727 lapidem
2852 4658 3047 4728 jaciat,
3114 4672 3287 4726 eaque
3343 4657 3609 4725 lapidibus

2044 4756 2146 4805 icta
2181 4763 2381 4821 pereat.
2440 4752 2544 4805 Sed
2578 4752 2722 4804 enim
2761 4749 2856 4816 illi,
2889 4764 3011 4804 cum
3042 4763 3101 4803 se
3133 4748 3347 4818 fragiles
3417 4750 3608 4799 :nlmo~

2039 4846 2164 4895 dum
2220 4854 2274 4896 et
2306 4841 2598 4911 culpabiles
2631 4842 2772 4894 circa
2812 4838 3112 4907 bujusmodi
3154 4840 3356 4906 peccati
3387 4838 3603 4904 passio-

2042 4951 2161 4989 nem
2190 4934 2412 4999 scirent,
2449 4932 2718 5001 sigillatim
2751 4932 2906 4986 abeo
2953 4931 3145 4998 dilapsi
3204 4939 3355 4989 sunt,
3414 4929 3600 4980 relicta

2042 5024 2147 5077 illic
2181 5016 2426 5076 muliere.
2475 5021 2604 5075 Post
2632 5035 2865 5089 quorum
2891 5020 3191 5076 discessum
3222 5018 3380 5072 .Iesus
3405 5020 3457 5070 in
3497 5028 3605 5070 ler-

2041 5130 2152 5167 ram
2183 5113 2399 5166 intuens
2426 5124 2481 5166 et
2510 5116 2557 5164 in
2581 5112 2799 5178 pulvere
2820 5113 3084 5174 scrilens,
3120 5111 3197 5164 ait
3220 5108 3432 5163 mulieri
3459 5124 3473 5161 :
3504 5107 3603 5161 Er-

2014 5220 2171 5275 gone
2204 5204 2292 5272 qui
2322 5217 2375 5258 te
2401 5203 2504 5256 huc
2533 5203 2896 5264 adduxerunt,
2932 5210 2993 5262 tt
3042 5210 3230 5257 mntra
3265 5211 3315 5254 te
3346 5198 3599 5252 testimo-

2039 5300 2184 5349 nium
2222 5296 2417 5350 dicturi
2447 5303 2622 5357 erant,
2651 5303 2956 5361 reputautn
3016 5307 3072 5348 ει
3101 5306 3221 5360 qure
3249 5306 3275 5342 a
3332 5303 3418 5344 me
3450 5289 3595 5342 dicta

2036 5386 2251 5449 audisti,
2287 5395 2338 5439 te
2367 5386 2589 5450 omissa,
2632 5380 2932 5438 abierunt?
2999 5378 3204 5442 Ειτειίθ
3230 5394 3373 5434 nunc
3435 5388 3484 5433 et
3516 5386 3599 5439 tu,

2053 5492 2212 5544 turne
2241 5476 2462 5529 ultetitts
2489 5489 2713 5542 peccare
2746 5474 2902 5529 velis.
