4042 6142
467 352 480 411 l
505 339 598 416 ut

1055 456 1206 515 CAP.
1249 458 1432 516 XVIII.

665 576 736 630 De
765 579 911 630 rebus
939 577 1030 629 sub
1057 563 1367 628 Iustiniano
1401 575 1639 644 Augusto
1665 575 1844 645 gestis.

539 693 843 749 Justiuiano
875 700 1150 754 regnante,
1194 690 1368 742 Ihtnni
1399 705 1592 756 magno
1619 703 1845 742 numero
1901 687 2030 740 Per-

461 801 641 840 s:2rum
671 784 1008 850 stipendiarii
1041 784 1404 835 incursionem
1440 783 1670 835 subitam
1709 783 1762 836 in
1823 781 2022 834 Roma-

463 892 584 928 nam
615 874 870 924 ditionem
902 871 1166 934 fecerunt,
1198 883 1353 937 agros
1410 880 1715 935 vastarunt,
1763 872 2030 940 agricolas

462 963 658 1017 tunltos
686 961 1021 1023 occiderunt,
1063 975 1225 1029 pagos
1261 975 1561 1027 earumque
1615 960 1874 1013 ecclesias
1948 959 2032 1012 in»

462 1055 829 1116 ﬁamtttarnul,
880 1052 1310 1120 thrnsmissoqne
1359 1051 1632 1119 Euphrate
1683 1051 2028 1104 Antiochiam

465 1159 633 1212 usque
687 1144 903 1197 nemine
957 1143 1259 1196 obsistente
1293 1153 1384 1199 aut
1432 1153 1693 1210 carpente
1742 1152 2028 1196 Venerunt.

462 1238 712 1290 Attamen
739 1233 1164 1303 Bosiusquidam
1191 1234 1294 1287 dux
1320 1233 1744 1288 Maiferaetensis
1767 1235 1816 1285 in
1844 1249 2028 1286 eorum

463 1343 490 1380 a
525 1328 669 1381 caule
701 1327 894 1392 reditu,
929 1327 1260 1394 manipulum
1286 1327 1522 1393 ipsorum
1546 1335 1852 1395 aggres‘sas,
1879 1325 2043 1390 quin-~

464 1428 656 1486 gentos
690 1420 909 1471 circiter
935 1434 1105 1487 equos
1135 1418 1354 1484 eripuit,
1384 1425 1688 1484 magnaque
1735 1417 1910 1481 pr;u.la
1937 1429 2029 1480 po-

469 1513 600 1563 titus
623 1521 722 1562 est.
772 1510 863 1563 Sic
887 1511 1049 1562 etiam
1075 1511 1212 1575 apud
1252 1509 1530 1562 Citrisiazn
1598 1508 1704 1559 dux
1741 1506 1883 1558 idem
1935 1506 2016 1557 vi-

465 1614 586 1655 ctor
635 1603 1055 1669 quadringentos
1103 1599 1272 1653 ferme
1301 1598 1546 1652 homines
1591 1597 1908 1666 prostravit,
1947 1609 2040 1649 eo«

469 1703 694 1759 rutuqnc
726 1701 968 1745 armenta
999 1690 1098 1744 sibi
1121 1688 1434 1742 vindicavit.

1479 344 1875 416 “summa
1915 353 2342 415 MlTYLENES
2381 351 2721 412 EPISCOPI
3076 352 3102 372 ο

2062 467 2100 520 Α
2135 479 2296 530 gnum
2323 463 2590 525 traderet;
2627 460 2853 527 gratiam
2883 460 3101 525 insuper
3133 453 3430 507 curationis
3458 469 3564 505 sna-
3593 467 3701 520 post

3569 337 3701 405 T176

2139 554 2302 605 Deum
2324 553 2478 605 beato
2504 547 3016 620 PiloysiTarmeIcusi
3039 547 3298 612 debebat;
3323 546 3522 598 idcirco
3545 546 3703 596 ﬁlium

2133 658 2287 698 suum
2325 654 2381 695 ut
2443 657 2625 709 pacem
2683 639 3004 694 concederet
3088 639 3246 690 enim
3313 637 3568 706 rogavit:
3614 637 3704 704 qui

2135 750 2256 787 eum
2294 731 2411 785 auri
2465 746 2779 785 summama
2833 727 3136 783 Iustiniano
3169 727 3407 795 Angusto
3455 740 3552 793 per
3595 724 3705 777 Ru-

2139 825 2308 879 ﬁnum
2361 833 2416 879 et
2468 823 2865 885 Hermogenem
2906 821 3110 890 legatos
3151 819 3250 872 sibi
3283 819 3500 870 missum
3557 830 3706 869 acce-

2139 920 2328 986 pisset,
2363 933 2461 986 pax
2494 917 2628 968 facta
2655 924 2757 977 est,
2797 924 2851 966 et
2899 913 3113 980 scriptis
3173 910 3578 979 obsignatisqne
3639 907 3706 961 Ii-

2138 1007 2291 1062 bellis
2326 1007 2672 1060 conﬁrmata:
2712 1004 2928 1066 visaque
2957 1010 3074 1053 sunt
3112 1002 3160 1052 in
3201 1000 3336 1052 ctylo
3367 998 3544 1051 sidera
3596 997 3708 1065 ipsa

2138 1098 2208 1149 ob
2240 1095 2529 1147 novitatem
2565 1092 2638 1146 rei
2673 1091 3016 1144 e'xsultanzia.
3063 1085 3191 1140 Erat
3221 1097 3396 1139 autem
3430 1095 3589 1138 :eatas
3619 1087 3706 1137 in-

2140 1185 2411 1248 dictionis,
2449 1185 2755 1250 mansitque
2789 1183 2903 1233 huc
2929 1195 3029 1248 pax
3057 1179 3214 1232 annis
3243 1193 3335 1232 sex
3371 1179 3453 1252 vel
3503 1185 3708 1244 septem

2141 1286 2313 1347 usque
2347 1276 2411 1330 ad
2445 1275 2655 1330 tertiam
2694 1272 3064 1326 iudieiio'm'tn.

2774 1383 2922 1438 CAP.
2959 1376 3094 1437 XIX.

2439 1469 2522 1533 Ea:
2551 1478 2770 1548 cpistola
2808 1475 3014 1529 Ιαιίαηί
3054 1474 3121 1526 ad
3159 1461 3432 1527 Severum.

2213 1592 2324 1663 Ego
2353 1593 2440 1662 qui
2479 1605 2694 1658 semper
2722 1589 2940 1644 Patrum
2970 1584 3302 1655 propositum
3328 1591 3546 1636 secutus
3564 1595 3706 1644 sum,

2145 1689 2243 1742 hos
2271 1686 2524 1740 existimo
2556 1697 2730 1751 neque
2759 1680 2858 1734 sibi
2898 1679 3029 1747 ipsis
3061 1676 3357 1738 contraria,
3402 1688 3579 1742 neque
3633 1674 3712 1727 iu-

537 1807 736 1860 (ληνςηιί
772 1807 1036 1860 successit
1077 1805 1129 1857 in
1181 1819 1352 1872 regno
1397 1803 1542 1856 mins
1571 1801 1842 1855 Comes;
1882 1799 2037 1866 cuius
2073 1815 2110 1866 Β
2143 1785 2313 1834 vicem
2345 1792 2580 1846 unquam
2615 1775 2920 1841 scripsisse.
2992 1769 3163 1823 Veluti
3225 1767 3425 1821 Paulus
3483 1765 3705 1819 dicens:

468 1907 659 1960 utatcr,
686 1897 899 1950 vivente
933 1896 1106 1950 adhuc
1141 1895 1357 1948 Cavade
1389 1893 1636 1962 coniuge,
1667 1891 1900 1958 maligno
1925 1889 2039 1956 Spi-

468 1990 571 2042 ritu
605 1989 1039 2052 excruciabatur,
1073 1989 1204 2056 quin
1231 1987 1396 2038 ullum
1429 1987 1476 2039 ei
1511 1984 1804 2038 remedium
1830 1980 2042 2034 attulis-

475 2091 596 2134 scnt
660 2083 796 2148 uagi
817 2121 831 2143 ,
866 2080 1016 2133 arioli
1069 2092 1231 2148 atque
1263 2077 1540 2143 astrologi,
1569 2076 1633 2129 ab
1664 2074 1903 2142 eiusdem
1926 2073 2041 2126 viro

465 2175 702 2238 (lavatio,
729 2189 755 2225 a
789 2184 890 2242 quo
922 2172 1209 2240 plurimum
1237 2172 1581 2239 diligebatur,
1615 2167 1876 2220 invocati:
1909 2168 2039 2233 quin

471 2265 568 2330 ipsi
613 2263 789 2331 potius
817 2262 1079 2330 malignos
1113 2261 1334 2325 Spiritus
1372 2259 1657 2326 spiritibus
1693 2257 2040 2308 addiderunt.

469 2355 594 2408 llaec
627 2355 788 2425 igitur
821 2355 980 2408 m‘issa
1012 2351 1430 2405 fuit'indictione
1481 2361 1672 2418 «ptarta
1703 2349 1799 2400 sub
1826 2345 2043 2399 Liberio

469 2449 604 2501 duce
643 2449 704 2499 ad
732 2449 944 2499 beatum
980 2445 1219 2514 Moysen,
1245 2443 1334 2511 qui
1376 2445 1427 2494 in
1463 2441 1796 2494 monasterio
1835 2438 2044 2491 duobus

471 2541 581 2594 fere
612 2539 802 2593 Stadiis
834 2539 902 2590 ab
934 2539 1065 2589 urbe
1094 2536 1226 2589 Dura
1259 2536 1451 2588 dissito
1487 2533 1799 2586 morabatur
1833 2546 1844 2582 :
1872 2539 1926 2584 et
1959 2529 2041 2584 sui

472 2631 708 2685 nominis
745 2629 940 2682 famam
970 2628 1127 2697 longe
1158 2628 1373 2694 lateque
1424 2625 1740 2680 diffuderat:
1812 2635 2042 2691 cumque

472 2723 615 2792 apud
647 2738 766 2775 eum
795 2723 980 2791 paucis
1005 2721 1196 2774 diebus
1231 2719 1545 2781 mansisset,
1595 2727 1780 2770 curata
1824 2726 1928 2778 est,
1991 2723 2044 2767 et

472 2819 524 2868 in
562 2813 836 2884 regionem
867 2825 1019 2866 suam
1062 2812 1243 2865 rediit.
1298 2809 1525 2878 Accepit
1578 2818 1756 2862 autem
1812 2807 1879 2859 ab
1935 2806 2035 2857 hoc

471 2909 659 2960 sancto
696 2905 872 2975 Moyse
902 2916 965 2956 ex
1000 2904 1327 2956 monasterio
1360 2899 1577 2954 Tarmel
1615 2904 1923 2966 nuncupata
1954 2895 2046 2948 bec

471 2994 833 3048 'n'edictinucm
861 2993 1165 3064 (reliquias)
1193 2998 1258 3046 ex
1282 2991 1496 3046 ossibus
1523 2989 1736 3060 erizt'ci
1766 2985 2043 3057 martyris,

473 3083 673 3157 quibtis
705 3085 974 3139 custodita
1001 3094 1163 3153 atque
1191 3090 1458 3154 protecta,
1486 3083 1554 3136 ab
1583 3079 1848 3135 immundi
1879 3079 2044 3148 spir‘i-

2150 1871 2270 1925 Nou
2293 1887 2355 1924 ex
2387 1868 2627 1937 operibus
2657 1866 2745 1919 sed
2779 1881 2840 1917 ea:
2866 1863 2969 1931 ﬁde
3004 1860 3328 1930 justiﬁcntus
3358 1867 3432 1911 est
3465 1859 3519 1919 ’ς
3567 1856 3720 1908 haud

2144 1961 2468 2016 Contradicit
2496 1957 2695 2011 Jacoho
2729 1955 2959 2008 dicenti:
2995 1951 3152 2005 Fides
3176 1952 3288 2003 sine
3318 1948 3556 2016 aperit-us
3580 1961 3721 1998 moro

2144 2063 2235 2106 tua
2269 2060 2341 2105 est
2365 2051 2407 2106 ⁸.
2446 2049 2815 2116 Nequaquam,
2867 2047 3106 2111 inquam,
3147 2045 3287 2096 inter
3315 2057 3377 2096 se
3413 2042 3723 2094 adversati--

2147 2153 2247 2208 tes,
2271 2143 2370 2197 sed
2395 2156 2516 2194 cum
2551 2154 2676 2192 vera
2717 2137 3003 2191 concordia
3039 2136 3088 2188 id
3126 2135 3402 2188 dixerunt.

2445 2254 2529 2307 Ea:
2565 2252 2784 2319 epistola
2814 2249 2989 2305 S'et'eri
3021 2250 3088 2300 ad
3114 2246 3414 2300 lulianum.

2220 2365 2362 2424 Bene
2384 2377 2439 2421 et
2463 2366 2850 2422 convenienter
2887 2363 3102 2426 dixisti,
3119 2363 3364 2414 doctores
3381 2374 3724 2427 nequaquam-

2145 2461 2244 2517 sibi
2286 2460 2514 2514 invicem
2547 2457 2939 2516 contradicere,
2978 2452 3135 2506 sicuti
3174 2449 3466 2504 uc'l’aulus
3497 2448 3724 2514 quidem-

2145 2559 2311 2622 atque
2333 2547 2595 2610 Iacobus;
2637 2563 2756 2601 cum
2791 2547 2878 2599 ille
2914 2546 3094 2597 dicat:
3135 2542 3215 2595 Ea:
3248 2542 3353 2610 ﬁde
3379 2539 3718 2608 justiﬁeatur

2143 2647 2333 2709 homo;
2366 2642 2454 2697 hic
2480 2650 2658 2694 autem
2691 2637 2922 2692 scribat:
2954 2633 3111 2688 Fides
3144 2633 3256 2686 sine
3304 2631 3545 2698 aperibus
3584 2645 3724 2681 mare

2145 2747 2236 2790 tua
2267 2742 2361 2789 est.
2413 2732 2627 2788 Etenim
2661 2727 2858 2783 Paulus
2894 2727 2962 2781 de
3000 2725 3103 2779 ﬁde
3133 2723 3344 2778 locutus
3373 2729 3457 2774 cst
3531 2719 3710 2788 bapti-

2145 2841 2318 2880 smum
2352 2823 2703 2895 praecedente,
2733 2831 2853 2890 quae
2894 2826 3014 2873 cum
3046 2815 3384 2870 confessione
3434 2829 3500 2867 ex
3556 2812 3724 2867 corde

2147 2930 2283 2982 puro
2304 2913 2585 2980 conjuncta
2612 2911 2724 2966 sit‘:
2752 2909 2884 2978 ‘quin
2918 2915 3093 2961 tamen
3120 2915 3273 2959 antea
3302 2902 3598 2972 quidquam
3632 2900 3714 2955 bo-

2149 3023 2340 3063 norqu
2366 3020 2592 3074 Opernm
2617 3005 2670 3057 in
2713 3001 2983 3056 mundana
3012 2999 3119 3052 vita
3152 2992 3316 3050 homo
3341 3008 3451 3064 prie
3490 3009 3550 3049 se
3583 2994 3707 3048 tule-

2148 3100 2256 3154 rit:
2290 3098 2488 3168 quippe
2519 3093 2824 3165 huiusmodi
2857 3091 3018 3145 homo
3046 3087 3338 3152 credendo,
3391 3083 3709 3145 conﬁtendo;

476 3190 562 3234 tus
597 3179 911 3233 incursione
933 3177 1100 3230 libera
1138 3186 1282 3229 esset
1318 3193 1331 3229 :
1376 3189 1495 3242 qua:
1523 3179 1731 3227 secreto
1765 3169 2058 3226 atdiﬁcavit'

2153 3186 2610 3256 suseipimtdoque
2669 3181 2994 3251 baptismum
3063 3176 3412 3247 iustiﬁcetur.
3481 3172 3724 3228 Iacobus-

477 3287 530 3326 tn
558 3271 780 3338 regione
807 3285 900 3324 sua
935 3267 1261 3331 oratorium,
1301 3267 1390 3321 ubi
1429 3275 1631 3336 martyr
1665 3264 1881 3317 coiitttr.
1931 3258 2042 3316 Me-

478 3375 594 3416 mor
613 3369 794 3414 autem
824 3357 1070 3412 beneﬁcii
1102 3357 1168 3410 ab
1187 3359 1287 3410 hoc
1311 3356 1470 3410 beato
1498 3353 1680 3424 M’oyse
1704 3350 2043 3405 T-armelensi

478 3449 685 3518 accepti
717 3444 989 3503 Romanos
1019 3461 1117 3515 pro
1152 3461 1210 3500 re
1250 3455 1394 3510 nata,
1431 3460 1592 3514 quam
1634 3439 1772 3497 infra
1803 3454 2044 3494 comme-

483 3528 833 3605 tnoi‘abimus,
861 3539 1090 3606 adjuvit.-

549 3650 762 3706 Etenim
787 3651 1126 3706 Justinianus
1169 3657 1255 3703 res
1295 3657 1476 3718 gestas
1537 3647 1590 3700 in
1638 3632 2046 3712 Mesopotamia,

482 3759 602 3814 quae
634 3743 771 3798 intra
823 3743 956 3796 ﬁnes
1010 3740 1220 3808 imperii
1266 3751 1371 3803 est,
1421 3742 1709 3807 reputans,
1789 3743 2053 3798 suumque

484 3837 782 3892 exercitum
830 3850 856 3887 a
890 3833 1071 3888 Persis
1132 3846 1238 3886 non
1293 3830 1458 3886 semel
1517 3839 1738 3891 casum,
1785 3819 2052 3894 agricolas

484 3929 683 3999 possim
712 3919 914 3982 deictus
947 3925 1028 3979 vel
1051 3925 1103 3976 iu
1134 3924 1448 3978 servitutem
1482 3920 1548 3973 ab
1608 3917 1818 3971 IIunnis
1878 3914 2051 3968 abdu-

483 4031 624 4083 ctus,
652 4024 822 4088 'pagos
851 4017 1080 4084 denique
1111 4015 1162 4069 in
1195 4030 1253 4068 ea
1279 4013 1383 4067 late
1409 4012 1627 4082 regione
1656 4008 2048 4069 inﬂammatos;

485 4127 628 4181 :cgre
676 4111 969 4165 admodum
999 4107 1368 4163 adducebatur
1405 4115 1461 4159 ut
1488 4107 1553 4159 de
1611 4116 1752 4158 novo
1791 4097 2055 4154 mittendo

486 4203 753 4265 exercitu,
789 4210 843 4255 et
880 4202 944 4254 de
989 4199 1126 4254 bello
1155 4215 1276 4252 cum
1311 4197 1534 4260 Cosroe,
1581 4195 1672 4264 qui
1722 4203 1842 4262 post
1889 4192 2058 4245 Cava-

488 4295 610 4350 dem
643 4297 924 4364 regnabat,
959 4292 1192 4364 gerendo
1246 4292 1550 4362 cogitaret:
1581 4284 1878 4358 praesertim
1930 4283 2056 4351 quia

488 4386 722 4442 Cosroes
748 4385 923 4439 Ruﬁni
957 4384 1164 4438 amicus
1202 4393 1341 4447 erat,
1367 4389 1652 4450 prapterea
1690 4377 1833 4446 quod
1859 4373 2058 4429 Cavadi

489 4479 717 4536 Ruﬁnus
747 4481 994 4533 suaserat
1053 4485 1110 4529 ut
1149 4474 1404 4530 Cosroem
1441 4473 1589 4541 regni
1619 4472 1884 4526 haaredem
1917 4468 2060 4522 taceo

2155 3290 2284 3337 vero
2322 3279 2478 3334 ﬁdem
2507 3276 2776 3345 baptismo
2799 3272 3153 3343 posteriorem
3189 3269 3317 3323 dicit
3347 3275 3606 3321 mortuam
3660 3258 3723 3315 si

2155 3371 2406 3442 operibus
2437 3376 2653 3433 careat;
2680 3366 2930 3420 videlicet
2956 3364 3058 3419 nisi
3083 3378 3202 3417 eam
3225 3363 3379 3415 homo
3401 3358 3561 3413 rectis
3587 3368 3717 3423 ope-

2155 3466 2305 3519 ribus
2327 3461 2628 3523 conﬁrmet,
2663 3455 3094 3525 quandoqttidem
3124 3452 3414 3520 baptismus
3451 3447 3606 3500 bona:
3638 3442 3719 3495 via

2159 3565 2224 3610 tte
2268 3553 2562 3606 arrhaest.
2613 3547 2750 3602 Ecce
2781 3547 2921 3601 enim
2961 3545 3076 3612 ipse
3108 3542 3386 3606 Damiuus,
3423 3537 3718 3606 quiexenv

2157 3645 2272 3716 piar
2304 3654 2548 3699 nostrum
2580 3635 3074 3702 est,.sanctiﬁeatis
3123 3648 3217 3702 per
3261 3630 3584 3699 baptismum
3619 3624 3719 3676 mi‘

2160 3736 2384 3791 uisterio
2421 3729 2647 3789 Joannis
2667 3737 2973 3798 susceptum
3005 3727 3177 3795 aquis,
3205 3723 3456 3788 factoque
3471 3716 3725 3785 baptismi.

2161 3827 2334 3890 initio,
2367 3832 2601 3879 montem
2629 3819 2962 3884 conscendit,
2991 3814 3272 3873 tentatoris
3321 3809 3603 3867 certamini
3627 3806 3725 3860 ob-

2160 3919 2304 3975 via-tn
2337 3917 2468 3991 ivit,
2493 3917 2718 3986 ejusque
2755 3914 2859 3967 vim
2891 3925 3104 3966 omnem
3145 3909 3306 3976 fregit
3333 3923 3346 3966 ;
3381 3903 3597 3958 scilicet
3629 3915 3724 3952 no-

2162 4017 2247 4072 bis
2274 4011 2608 4082 signiﬁcans,
2640 4015 2891 4076 oportere
2919 4014 2974 4056 ut
2997 4013 3114 4071 pust
3135 4001 3373 4054 divinam
3400 3993 3730 4050 obiationem

2163 4117 2437 4160 certamen
2473 4109 2712 4154 nostrum
2741 4095 3000 4165 operibus
3035 4101 3434 4160 expromamus.
3471 4083 3731 4153 legitime.-

2165 4210 2270 4265 que
2291 4208 2412 4247 cum
2443 4190 2599 4244 hoste
2642 4187 2924 4249 luctemur,
2959 4199 3062 4251 quo
3107 4183 3331 4234 virtutes
3385 4185 3586 4230 nostra:
3643 4171 3725 4226 iu-

2163 4285 2482 4339 clarescant.

2239 4375 2344 4429 Sed
2367 4373 2510 4427 enim
2533 4367 2909 4424 adversabttur
2930 4363 3128 4432 aliquis
3157 4360 3340 4413 dicens
3358 4372 3380 4409 :
3403 4353 3566 4422 Atqui
3595 4351 3734 4406 Pan-

2167 4468 2253 4523 Ius
2283 4467 2591 4521 Abrahamo
2631 4463 2801 4516 utitur
2839 4470 3094 4526 tanquam
3124 4459 3465 4522 argumento,
3499 4455 3556 4499 ut
3620 4457 3736 4513 pro-

492 4582 597 4627 ret.
654 4569 1058 4640 Ruﬁnnsigitnr
1092 4567 1205 4621 haec
1223 4564 1428 4621 Cmsari
1460 4577 1692 4618 narrans
1731 4576 1880 4632 spem
1947 4559 2063 4628 iuji—
2093 4527 2145 4583 Dn
2168 4558 2260 4612 bet
2286 4557 2556 4611 hominem
2588 4553 2689 4606 ﬁde
2715 4549 2996 4621 iustiﬁcari
3018 4549 3134 4601 sine
3159 4543 3444 4612 Oper-ibus;
3473 4540 3549 4592 ait
3570 4536 3736 4590 enim:

491 4661 690 4724 ciebat,
723 4659 1149 4730 spondebatque,
1173 4656 1218 4711 si
1255 4656 1469 4724 quidem
1507 4655 1622 4722 ipse
1652 4667 1828 4722 regem
1865 4651 2062 4712 adiret,

494 4756 612 4812 fore
640 4764 699 4807 ut
726 4752 950 4822 quiquid
977 4751 1122 4820 iuste
1148 4750 1295 4804 circa
1325 4762 1513 4818 pacem
1562 4745 1629 4798 ab
1675 4744 1920 4813 Augusto
1966 4755 2067 4811 0p-

497 4859 664 4902 ta'tarm
699 4845 1018 4914 postularet,
1049 4844 1294 4913 protinus
1328 4842 1668 4908 impetraret.
1725 4839 1914 4907 itaque
1940 4836 2070 4891 mis-

497 4948 590 4994 t-‘us
627 4938 729 4992 l'uit
765 4936 1015 4999 Ruﬁnus,
1056 4935 1350 4988 comitante
1413 4931 1751 5000 Ilerruogeue
1809 4929 2069 4997 magistro

497 5029 792 5086 indictione
819 5028 1020 5081 decima
1059 5039 1180 5078 cum
1213 5023 1408 5078 litteris
1437 5026 1500 5076 ad
1523 5021 1800 5086 Costoem,
1834 5034 2064 5089 quocmn

499 5126 590 5178 diu
633 5121 880 5176 collocuti
915 5128 1060 5173 sunt.
1115 5117 1180 5171 Et
1203 5117 1456 5184 quoniam
1489 5114 1577 5168 hic
1624 5114 1851 5166 Ruﬁnus
1908 5121 2068 5165 notus

505 5216 572 5268 ibi
610 5221 748 5279 erat,
782 5218 963 5279 utpote
991 5208 1080 5278 qui
1119 5217 1259 5275 saepe
1285 5206 1348 5259 ad
1381 5204 1646 5258 Cavadem
1675 5202 1881 5272 legatus
1907 5201 2096 5267 ierat,-

495 5306 727 5374 vinsque
767 5317 1006 5356 amorem
1044 5299 1144 5353 sibi
1167 5296 1578 5358 conciliaverat,
1621 5304 1674 5347 et
1717 5292 1868 5362 regni
1929 5293 2064 5359 opti-

508 5407 677 5448 n-ates
736 5391 918 5447 multis
993 5390 1306 5444 muneribus
1358 5383 1642 5447 aﬂ‘eccrat;
1705 5383 1890 5451 regina
1948 5395 2074 5435 vero

507 5484 725 5538 Cosrois
738 5493 907 5537 mater
924 5496 1134 5536 summo
1151 5478 1399 5533 eumdem
1421 5490 1606 5529 amore
1624 5471 2068 5544 prosequebatur,

513 5577 632 5637 quia
670 5574 956 5628 consilium
996 5572 1196 5628 Cavadi
1255 5571 1513 5637 dedisset,
1549 5577 1605 5623 ut
1661 5567 1769 5622 lilio
1829 5580 1924 5620 suo
1983 5579 2072 5618 rc-

584 5731 602 5759 '
626 5746 799 5798 Gaiat.
831 5762 888 5806 ιι,
927 5747 1008 5800 ιδ.
1086 5743 1239 5800 ‘Jac.
1274 5759 1332 5808 ιι,
1363 5741 1454 5796 eo.

2165 4649 2333 4720 Igitur
2352 4649 2514 4719 quiin
2548 4647 2670 4712 ﬁde,
2698 4643 3084 4699 benedicentur
3104 4656 3220 4693 cum
3241 4637 3379 4689 ﬁdeli
3403 4633 3733 4688 Abrahamo.

2164 4742 2320 4796 —Ei
2369 4755 2497 4794 vero
2544 4739 2632 4806 qui
2664 4752 2767 4789 non
2796 4742 3078 4804 operatur,
3128 4729 3368 4785 credenti
3422 4734 3606 4779 tamen
3686 4724 3733 4775 in

2171 4848 2294 4888 eum
2327 4829 2420 4899 qui
2482 4836 2659 4897 potest
2711 4825 3010 4892 iustilicare
3066 4831 3398 4889 peccatores,
3459 4821 3739 4884 reputatur

2175 4922 2308 4976 ﬁdes
2331 4919 2448 4989 eius
2495 4919 2562 4971 ad
2617 4916 2901 4986 iustitiam.
2959 4911 3198 4966 Jacobus
3259 4923 3382 4960 vero
3441 4907 3494 4959 in
3554 4905 3736 4957 eodem

2178 5012 2492 5066 Abrahamo
2528 5005 2944 5070 uetnoustravit,
2995 5019 3097 5055 non
3145 4997 3429 5068 iustiﬁcari
3466 4994 3736 5048 hominem

2176 5119 2240 5157 ex
2277 5103 2381 5156 ﬁde
2411 5112 2640 5162 tantum,
2675 5098 2766 5152 sed
2795 5099 2956 5150 etiam
2992 5109 3055 5146 es
3089 5093 3344 5159 aperibus
3405 5088 3506 5139 iide
3553 5084 3742 5138 conﬁr-

2178 5194 2359 5248 matis.
2416 5192 2612 5257 Quidni
2659 5190 2822 5258 igitur
2887 5189 3002 5240 h;ec
3053 5188 3192 5238 inter
3249 5197 3307 5234 se
3347 5187 3619 5248 pugnant,
3670 5174 3741 5226 sia

2176 5287 2389 5356 quidem
2421 5301 2558 5337 unus
2584 5283 2831 5348 idemque
2855 5277 3192 5330 Abrahamus
3227 5270 3503 5336 exemplar
3531 5275 3613 5320 est
3653 5279 3741 5318 eo:-

2175 5393 2293 5430 rum
2330 5377 2418 5444 qui
2455 5376 2593 5427 hami
2619 5372 2828 5441 operati
2863 5377 3006 5432 sunt,
3047 5367 3138 5419 sed
3165 5361 3537 5416 tantummodo
3571 5355 3740 5412 credi-

2171 5467 2403 5532 derunt;
2435 5466 2674 5533 itenque
2721 5476 2904 5516 eorum
2959 5458 3046 5526 qui
3100 5456 3254 5507 ﬁdem
3308 5451 3561 5520 operibus
3593 5458 3739 5499 conr-

2161 5556 2498 5628 -probarunt?
2540 5556 2898 5622 Qumstionem
2924 5565 2984 5603 cx
3012 5547 3183 5602 sacris
3208 5544 3424 5598 Litteris
3444 5541 3668 5595 solvam.
