4042 6142
374 302 510 368 1133

1260 309 1632 370 HISTORIA
1669 309 2002 370 CONCILH
2047 307 2352 368 ΝιαρΕΝΙ.
2396 333 2464 341 -
2504 306 2652 368 LIB.
2695 309 2744 368 Ι.

3502 299 3642 368 1194

367 416 512 470 κατᾶ
536 415 646 469 τῶν
679 417 969 488 μοχθηρῶν
999 418 1094 472 καὶ
1137 417 1355 471 ἀσεδῶν
1383 419 1676 488 δογμάτων
1709 417 1804 472 τοῦ
1837 418 1957 472 θεο-

2075 417 2207 472 nodo
2243 417 2412 481 dicta,
2447 416 2590 472 facta
2625 425 2678 471 ct
2705 416 3003 472 constituta
3031 413 3636 485 Incrant,jampridetn,

371 508 548 577 μάχου
592 508 804 578 Ἀρείου
825 525 838 538 ·
873 508 1052 564 πάντα
1085 509 1156 562 τὰ
1189 510 1247 562 ὲν
1281 509 1468 582 ἐκείνῃ
1494 512 1562 580 τῇ
1593 510 1832 578 ὲναρέτῳ
1859 512 1956 563 καὶ

368 599 505 668 ἁγίᾳ
537 599 742 670 συνόδῳ
771 599 1028 670 λεχθέντα
1056 617 1116 654 τε
1163 601 1256 653 καὶ
1289 600 1603 671 πραχθέντα
1641 601 1736 654 καὶ
1765 600 1954 654 διατυ-

371 691 627 744 πωθέντα
659 692 827 746 πάλαι
852 709 910 745 τε
942 693 1038 746 καὶ
1077 691 1355 764 πρόπαλαι
1392 693 1661 760 ἀναγνοὺς
1697 691 1780 744 ἔτι
1804 693 1861 744 ὲν
1886 693 1955 762 τῇ

373 781 606 855 πατρῴα
629 784 778 856 οἰκία
793 785 1014 853 διάγων,
1031 784 1286 856 εὑρηκὼς
1305 783 1446 837 αὐτᾶ
1467 786 1524 838 ὲν
1548 783 1717 854 βίϐλῳ
1733 785 1958 854 ἀρχαιο-

373 878 512 948 τάτῃ
538 877 969 948 ἐγγεγραμμένα
990 879 1048 928 ἐν
1079 877 1426 949 μεμϐράναις
1473 877 1692 932 ἅπαντα
1745 878 1961 946 ἀπαρα-

370 969 608 1032 λείπτως
627 971 878 1040 ἐχούσαις
894 987 909 1000 ·
936 971 1240 1042 γενομένης
1263 971 1359 1039 μὲν
1384 969 1480 1023 τοῦ
1503 969 1652 1022 θείου
1677 970 1772 1023 καὶ
1791 966 1954 1022 ἀοιδί-

379 1079 482 1132 μου
493 1061 797 1130 Δαλματίου
815 1061 909 1114 τοῦ
928 1062 1356 1132 ἀρχιεπισκὸπου
1373 1062 1664 1132 γενομένου
1680 1063 1779 1131 τῆς
1800 1061 1962 1127 ἁγίας

379 1153 474 1205 καὶ
499 1149 794 1220 καθολικῆς
827 1151 1157 1222 Ἐκκλησίας
1195 1152 1296 1222 τῆς
1325 1151 1435 1205 τῶν
1463 1151 1791 1222 Κυζικηνῶν
1816 1151 1961 1221 λαμ-

380 1245 523 1312 πρᾶς
550 1243 956 1314 μητροπόλεως,
991 1243 1384 1316 περιελθούσης
1409 1245 1465 1296 δὲ
1492 1246 1572 1308 είς
1590 1244 1685 1296 τὸν
1710 1244 1804 1297 τοῦ
1830 1260 1960 1297 ποτε

379 1337 650 1408 ἡμετέρου
683 1336 834 1389 οἴκου
868 1337 1158 1407 δεσπότην,
1194 1335 1338 1406 λέγω
1367 1335 1432 1404 δὴ
1485 1336 1578 1389 τὸν
1613 1337 1751 1389 κατὰ
1783 1338 1962 1409 σάρκα

381 1429 594 1498 πατέρα
620 1428 772 1498 ὲμὸν,
791 1429 890 1496 τῆς
917 1429 1088 1500 αὐτῆς
1123 1429 1436 1499 ἁγιωτάτης
1451 1429 1780 1500 Ἐκκλησίας
1830 1446 1964 1499 πρε-

382 1519 669 1592 σϐυτερίου
699 1521 1022 1592 ἠξιωμένον.
1046 1515 1227 1595 ’ᾞτινι
1243 1523 1365 1592 ἱερᾷ
1392 1521 1561 1592 βίϐλῳ
1587 1521 1845 1592 ἐντυχὼν,
1870 1523 1964 1576 καὶ

382 1613 579 1684 σχολὴν
613 1613 815 1684 πολλὴν
861 1615 920 1667 ἐν
956 1615 1094 1686 αὐτῇ
1147 1615 1544 1685 ποιησάμενος,
1599 1615 1694 1667 ἐπὶ
1741 1615 1964 1685 μνήμης

385 1709 488 1778 μὲν
512 1708 700 1778 φέρειν
732 1708 910 1762 πάντα
939 1709 1038 1780 οὐχ
1067 1703 1178 1773 οἷός
1209 1726 1270 1762 τε
1300 1709 1480 1780 ἤμην’
1510 1709 1761 1780 οὐδὲγὰρ
1791 1710 1856 1764 ἄν
1882 1725 1967 1773 τις

2066 521 2189 562 cum
2228 509 2409 562 adhuc
2458 509 2510 562 in
2541 518 2769 578 paterna
2797 509 2956 563 domo
2991 508 3156 562 vitam
3188 509 3458 577 degerem,
3513 506 3642 576 legi,

2069 613 2191 652 cum
2223 599 2311 652 illa
2343 599 2672 654 invenissem
2703 601 2754 654 in
2802 600 3186 669 antiquissimo
3215 599 3353 654 libro
3381 597 3434 652 in
3470 613 3632 651 inem-

2067 692 2254 748 brani‘s
2283 691 2441 761 plane
2489 693 2717 763 integris
2769 693 3062 763 descripta,
3095 693 3186 762 qui
3236 691 3338 745 fuit
3382 689 3547 746 divini
3593 699 3644 742 et

2067 783 2300 838 celebris
2327 784 2599 850 Dalmatii,
2629 785 2680 838 in
2717 783 2912 840 illustri
2941 783 3335 855 Cyziceuorum
3367 779 3646 850 metropoli

2073 884 2278 931 sanctae
2331 887 2498 947 atque
2566 879 2850 934 catholicae
2901 879 3156 934 Ecclesia:
3207 876 3648 952 archiepisCOpi;

2069 971 2271 1038 quique
2301 971 2520 1024 tandem
2547 971 2613 1024 ad
2633 971 2852 1026 familia:
2885 983 3086 1028 nostrae
3109 972 3385 1028 dominum
3413 971 3648 1032 devenit,

2071 1074 2280 1131 patrem
2312 1063 2438 1117 dico
2472 1079 2650 1118 meum
2686 1065 2982 1119 secundum
3016 1079 3262 1130 carnem,
3295 1063 3518 1135 dignum
3557 1061 3656 1117 ba-

2072 1155 2242 1209 bitum
2308 1156 2401 1225 qui
2458 1157 2513 1210 in
2569 1157 2815 1211 ordinem
2894 1159 3336 1230 presbyterorum
3409 1153 3650 1224 ejusdem

2073 1245 2330 1301 Ecclesiae
2365 1259 2737 1318 c00ptaretur.
2767 1251 2827 1304 In
2853 1265 3013 1320 quem
3045 1266 3260 1306 sacrum
3295 1249 3492 1306 librum
3523 1262 3647 1302 cum

2071 1336 2407 1402 incidissem,
2439 1338 2780 1409 multumque
2819 1341 2871 1393 iu
2896 1355 2962 1395 co
2999 1342 3302 1412 posuissem
3329 1339 3516 1402 studii,
3553 1353 3654 1391 ncc

2074 1428 2369 1498 pouiissem
2423 1430 2685 1486 memoria
2739 1433 2921 1486 omnia
2983 1434 3220 1487 retinere
3272 1431 3456 1503 (nemo
3511 1431 3652 1484 enim

2073 1520 2353 1574 hominum
2390 1521 2714 1578 immensum
2751 1525 2884 1578 illttd
2919 1541 3070 1580 mare
3097 1525 3279 1580 omnia
3327 1540 3449 1596 quae
3495 1523 3548 1577 in
3591 1543 3656 1576 cu

2075 1612 2534 1680 recondebantur,
2563 1615 2878 1670 memoriter
2904 1616 3078 1671 inore
3113 1617 3311 1672 habere
3361 1613 3654 1687 poterit‘).

2071 1703 2307 1772 plurima
2359 1705 2614 1759 annotavi
2671 1715 2984 1760 sanctorum
3045 1717 3352 1760 nostrorum
3407 1703 3654 1762 Patrum.

381 1800 689 1872 ἀνθρώπων
717 1802 778 1854 τὸ
817 1802 1025 1871 ἄφατον
1061 1804 1240 1856 ἐκεῖνο
1283 1802 1520 1870 πέλαγος
1565 1800 1676 1855 τῶν
1721 1802 1782 1854 ὲν
1825 1802 1966 1874 αὐτῇ

2078 1809 2226 1848 sanae
2247 1795 2510 1850 doctrinae
2531 1795 2908 1866 episcoporum
2939 1797 3216 1866 dogmata,
3241 1809 3467 1866 quaeque
3494 1795 3655 1856 iideu.

384 1893 724 1964 ἐγκειμένων
771 1896 863 1947 ἐπὶ
899 1895 1123 1966 μνήμης
1147 1895 1238 1948 διὰ
1283 1897 1551 1966 στόματος
1592 1895 1782 1966 φέρειν
1813 1895 1970 1967 δυνη-

380 1985 505 2054 θείη
527 2001 542 2015 ·
563 1985 789 2039 πλεῖστά
811 2003 867 2039 τε
897 1987 999 2040 ὅσα
1024 1987 1485 2060 ὲπεσημηνάμην,
1514 1988 1584 2040 τά
1607 2004 1668 2040 τε
1696 1987 1805 2040 τῶν
1823 1988 1972 2058 ,ἡμε-

383 2078 558 2149 τέρων
591 2078 764 2146 ἁγίων
786 2077 1046 2150 Πατέρων
1077 2080 1171 2133 καὶ
1203 2081 1520 2133 ἐπισκόπων
1544 2079 1645 2150 τῆς
1668 2077 1763 2132 τοῦ
1795 2079 1972 2148 ὑγιαί-

386 2187 568 2234 νοντος
602 2170 762 2239 λόγου
813 2171 1168 2236 διδασκαλίας
1224 2172 1408 2226 αὐτῶν
1459 2172 1728 2245 δόγματα,
1783 2174 1884 2237 τὰς
1912 2191 1970 2227 τε

387 2259 526 2330 πρὸς
549 2259 677 2323 τοὺς
717 2261 1134 2330 Ἀρειομανίτας
1163 2261 1344 2316 αὐτῶν
1369 2263 1694 2328 ἀντιθέσεις,
1728 2264 1824 2318 καὶ
1845 2264 1972 2328 τοὺς

387 2355 531 2404 κατα
559 2353 660 2422 τῆς
690 2353 913 2406 ἐκείνων
950 2353 1302 2424 βλασφημίας
1343 2356 1656 2426 ἐγγράφους
1692 2356 1971 2428 ἐλέγχους,

377 2437 454 2512 ἧς
485 2441 920 2514 ὲὸλασςςήμησαν
952 2445 1002 2522 οξ
1037 2445 1225 2514 μιαροὶ
1258 2447 1667 2518 Ἀρειομανῖται
1703 2449 1844 2502 κατὰ
1875 2447 1970 2500 τοῦ

389 2530 518 2582 λ’ίοῦ
549 2531 643 2584 τοῦ
684 2532 843 2598 Θεοῦ,
875 2534 935 2585 οὑ
971 2535 1079 2604 μὴν
1105 2535 1163 2586 δὲ
1203 2533 1340 2588 ἀλλὰ
1374 2537 1470 2589 καὶ
1510 2541 1652 2592 κατὰ
1692 2539 1787 2591 τοῦ
1815 2537 1970 2608 ἁγίου

385 2623 865 2694 Πνεύματοςοτὰς
909 2642 968 2678 τε
1013 2625 1121 2679 τῶν
1167 2627 1457 2697 μισθωτῶν
1509 2631 1718 2700 Ἀρείου
1747 2631 1858 2684 τῶν
1885 2649 1973 2702 φι-

382 2715 633 2784 λοσόφων
661 2717 797 2786 πρὸς
826 2717 950 2778 τοὺς
992 2717 1326 2782 ἐπισκόπους
1368 2721 1740 2794 ἀντιρρήσεις,
1769 2723 1870 2786 τάς
1913 2739 1973 2776 τε

386 2807 498 2858 τῶν
529 2807 812 2876 ἡμετέρων
859 2807 998 2876 πρὸς
1038 2809 1281 2873 ἐκείνους
1320 2809 1408 2864 διὰ
1445 2811 1740 2882 Γραφικῶν
1789 2813 1972 2883 6:617-

385 2899 582 2966 μάτων
611 2901 754 2952 κατὰ
779 2899 889 2952 τῶν
927 2900 1107 2953 αὐτῶν
1150 2902 1502 2974 σοφισμάτων
1551 2907 1802 2975 ἐναργεῖς
1851 2907 1974 2960 ἐπι-

385 2990 574 3055 λύσεις
599 3007 612 3019 ⁸
645 2993 774 3064 περί
816 3010 876 3046 τε
921 2996 1022 3064 τῆς
1051 2994 1292 3066 ἁνάρχου
1341 2997 1436 3051 καὶ
1464 2997 1552 3052 ἀεὶ
1591 2999 1670 3070 τῷ
1719 2999 1838 3070 Θεῷ
1879 3001 1974 3054 καὶ

384 3085 566 3154 Πατρὶ
593 3085 1047 3156 συνυπαρχουσης
1075 3087 1170 3140 τοῦ
1202 3089 1329 3142 Υίοῦ
1369 3091 1538 3144 αὐτοῦ
1566 3093 1662 3144 καὶ
1689 3092 1785 3146 τοῦ
1813 3094 1970 3162 ἁγίου

383 3175 709 3246 Πνεύματος
743 3180 1072 3247 προαιωνὶου
1113 3183 1242 3249 μιᾶς
1289 3181 1562 3254 θεότητος,
1611 3187 1738 3257 περί
1773 3203 1834 3240 τε
1872 3192 1974 3262 τῆς

387 3268 555 3322 αὐτοῦ
600 3269 695 3322 τοῦ
750 3269 879 3322 Υίοῦ
910 3271 1003 3324 τοῦ
1033 3271 1168 3324 Θεοῦ
1211 3275 1387 3342 Λόγου
1428 3276 1517 3328 ἐπ’
1567 3277 1834 3348 ἐσχάτων,
1873 3281 1974 3348 τῆς

390 3359 852 3430 ἡμετέραςένεκα
883 3361 1177 3432 σωτηρίας,
1203 3365 1267 3416 ἐκ
1287 3368 1388 3436 τῆς
1414 3365 1667 3421 θεοτὸκου
1692 3369 1971 3440 Παρθένου

390 3451 608 3520 Μαρίας
630 3453 942 3523 ἀπορρήτου
969 3453 1320 3524 σαρκώσεως,
1349 3457 1445 3510 καὶ
1472 3457 1577 3510 τῶν
1601 3460 1702 3529 τῆς
1739 3461 1970 3532 Ἐκκλη-

393 3545 514 3608 σίας
539 3545 912 3598 ἀποστολικῶν
957 3546 1371 3614 διατυπώσεων,
1417 3553 1597 3606 πᾶσαν
1638 3554 1826 3619 ἁπλῶς
1870 3557 1973 3622 τὴν

391 3638 571 3690 ἐκεῖσε
601 3639 975 3708 γεγενημένην
1006 3641 1396 3710 πραγματείαν
1433 3643 1791 3714 ἐνιστορήσας
1820 3648 1879 3700 ἐν
1905 3649 1970 3718 τῇ

390 3727 766 3800 προρῤηθείσῃ
809 3729 932 3798 ἱερᾷ.
983 3728 1170 3800 βίϐλῳ,
1225 3731 1332 3801 πρὸ
1377 3749 1442 3800 γε
1483 3736 1700 3788 πάντων
1747 3737 1844 3802 τὰς
1878 3739 1972 3791 τοῦ

391 3821 718 3872 πιστοτάτου
759 3819 1022 3888 βασιλέως
1051 3823 1494 3891 Κωνσταντίνου,
1531 3826 1625 3880 τοῦ
1657 3829 1715 3880 ὲν
1747 3833 1815 3900 τῇ
1844 3847 1972 3883 συν-

387 3910 492 3980 όδῳ
524 3911 996 3982 συνεδρεύσαντος.
1027 3913 1180 3976 θείας
1224 3915 1318 3968 καὶ
1352 3915 1570 3987 ἀληθῶς
1611 3920 1974 3985 ἁποστολικὶις

390 4001 602 4064 ἐννοίας
622 4018 636 4032 ·
667 4001 842 4072 ἣσθην
867 4003 945 4064 είς
972 4001 1229 4056 τοσοῦτον
1264 4007 1378 4069 τοῖς
1405 4009 1470 4078 τῇ
1511 4006 1680 4078 βίϐλῳ
1702 4009 1886 4084 ἐκείνῃ
1907 4015 1972 4081 τῇ

391 4093 513 4162 ἱερᾷ
551 4093 978 4162 περιεχομένοις,
1016 4091 1159 4146 ὥστε
1209 4097 1382 4148 εἰπεῖν
1436 4113 1504 4166 με
1555 4097 1690 4167 πρὸς
1719 4099 1811 4152 τὸν
1860 4101 1975 4153 Κύ-

392 4199 540 4252 ριον·
585 4202 603 4234 ι
659 4184 744 4247 Ὠς
781 4186 987 4252 γλυκέα
1015 4181 1092 4252 τῷ
1133 4183 1371 4256 λάρυγγί
1403 4204 1506 4256 μου
1539 4187 1607 4240 τὰ
1651 4188 1808 4257 λόγιὰ
1857 4206 1971 4256 σου,

393 4277 534 4346 ὑπὲρ
568 4278 689 4345 μέλι
721 4279 798 4348 τῷ
847 4280 1075 4351 στόματί
1123 4299 1246 4351 μου.
1288 4299 1306 4332 ι
1343 4279 1530 4344 Οὕτως
1581 4281 1974 4352 ὑπερηγάσθην

391 4372 448 4422 ἐν
474 4372 584 4432 τοῖς
621 4373 738 4423 ἐκεῖ
771 4373 1287 4445 ἀναγεγραμμένοις
1325 4376 1456 4444 περὶ
1484 4375 1580 4444 τῆς
1621 4377 1853 4428 ἀσπίλου
1881 4377 1974 4428 καὶ

2076 1886 2339 1942 adversus
2368 1888 2740 1943 Arionianitas
2793 1889 3157 1958 objecerunt:
3194 1900 3247 1942 et
3294 1891 3529 1959 striptas
3569 1904 3659 1947 re-

2074 1979 2428 2047 dargutiones
2477 1979 2740 2035 adversus
2795 1980 3010 2034 illorum
3067 1979 3482 2051 blasphemiam,
3549 1992 3659 2050 qua

2075 2071 2292 2126 scelesti
2319 2085 2427 2126 non
2455 2071 2633 2126 solum
2657 2081 2845 2128 contra
2871 2071 3094 2138 Filium,
3122 2087 3306 2130 verum
3333 2073 3498 2127 etiam
3531 2087 3661 2126 con-

2077 2171 2159 2214 tra
2197 2163 2458 2230 Spiritum
2491 2172 2740 2218 sanctum
2773 2163 3246 2233 blasphemabaut,
3280 2174 3335 2218 et
3374 2177 3657 2218 mercena-

2078 2255 2281 2308 riorum
2310 2255 2424 2310 Arii
2455 2255 2900 2326 philosophorum
2927 2257 3190 2312 adversus
3225 2257 3512 2326 episcopos
3537 2271 3663 2311 cou-

2077 2347 2456 2414 tradictiones,
2493 2357 2548 2402 et
2575 2359 2886 2404 nostrorum
2919 2349 3182 2406 adversus
3205 2350 3421 2403 illorum
3467 2349 3658 2418 sophi-

2075 2449 2253 2492 smata
2285 2453 2382 2508 per
2412 2439 2716 2494 doctrinam
2750 2455 2782 2494 e
2809 2437 3094 2514 Scriptura
3133 2442 3356 2511 petitam
3390 2439 3578 2496 iii-mas
3608 2449 3665 2492 ct

2077 2541 2294 2600 apertas
2350 2531 2652 2591 solutiones
2701 2548 2716 2586 :
2755 2541 2810 2586 et
2855 2533 2922 2586 de
2967 2547 3070 2586 una
3118 2531 3402 2586 divinitate
3445 2530 3565 2585 Filii
3607 2542 3663 2585 et

2078 2622 2318 2693 Spiritus
2349 2623 2548 2689 sancti,
2603 2639 2725 2694 qua:
2756 2633 2881 2678 ante
2911 2623 3108 2680 saecula
3156 2624 3388 2689 exstitit,
3434 2639 3662 2693 quaeque

2077 2716 2406 2785 principium
2436 2731 2542 2772 non
2572 2718 2756 2786 habet,
2779 2717 2874 2773 sed
2905 2732 3118 2787 semper
3141 2731 3263 2772 cum
3285 2716 3395 2772 Deo
3421 2727 3476 2772 cl
3498 2716 3662 2772 Patre

2077 2809 2324 2865 subsistit
2357 2827 2372 2869 :
2411 2820 2466 2865 et
2497 2811 2563 2865 de
2590 2810 2831 2885 ejusdem
2864 2809 2986 2865 Filii
3019 2810 3112 2866 Dei
3143 2807 3306 2866 Verbi
3343 2812 3396 2865 in
3429 2810 3664 2866 norissi.

2079 2901 2182 2954 mis
2217 2901 2550 2970 temporibus
2585 2917 2684 2972 pro
2711 2901 2885 2958 salute
2921 2911 3104 2957 nostra
3141 2917 3212 2958 ex
3255 2901 3484 2968 Deipara
3530 2901 3656 2958 Vir-

2076 2993 2202 3062 gine
2234 2991 2402 3046 Maria
2443 2993 2702 3048 ineﬂ'ahili
2740 2995 3141 3060 incarnatione,
3195 3005 3248 3050 et
3303 2995 3369 3049 de
3399 2993 3658 3062 apostoli»

2078 3085 2158 3138 cis
2187 3084 2450 3139 Ecclesiae
2479 3086 2983 3152 constitutionibus,
3014 3101 3233 3141 omnem
3259 3088 3484 3142 omnino
3545 3099 3660 3140 tra-

2076 3172 2372 3228 ctationem
2412 3172 2521 3228 illic
2555 3174 2794 3230 habitam
2828 3191 2948 3231 cuin
2987 3177 3042 3231 iit
3079 3192 3240 3232 sacro
3288 3177 3378 3232 illo
3410 3177 3547 3232 libro
3577 3179 3654 3232 le-

2075 3273 2296 3342 gissem,
2331 3282 2387 3328 et
2411 3274 2652 3330 omnium
2687 3276 2922 3329 maxime
2967 3275 3259 3333 ﬁdelissimi
3306 3277 3654 3348 imperatoris

2073 3364 2438 3428 Constantini,
2481 3366 2571 3435 qui
2625 3365 2676 3419 in
2728 3366 2936 3435 synodo
2979 3367 3562 3433 consederat,divinas
3605 3381 3660 3424 et

2076 3471 2200 3511 vere
2241 3455 2566 3526 apostolicus
2619 3459 2956 3513 sententias:
2995 3459 3070 3513 ita
3099 3458 3396 3515 delectatus
3437 3475 3554 3515 sttm
3593 3461 3660 3514 iis

2079 3563 2199 3618 qua:
2233 3548 2286 3602 in
2337 3563 2496 3602 sacro
2549 3548 2641 3603 illo
2687 3549 2824 3603 libro
2875 3551 3311 3616 continebantur,
3333 3560 3390 3604 ut
3433 3551 3660 3606 subindo

2074 3641 2140 3694 ad
2169 3639 2452 3694 Dozninum
2491 3639 2716 3694 dixerim
2745 3662 2756 3695 :
2787 3659 2806 3692 ι
2830 3641 3003 3708 Quam
3034 3641 3216 3696 dulcia
3243 3640 3498 3698 faucibus
3519 3642 3658 3697 meis

2075 3733 2291 3801 eloquia
2338 3742 2448 3798 tua,
2485 3747 2650 3801 super
2676 3732 2781 3786 mel
2821 3733 2904 3788 ori
2951 3749 3070 3788 meo
3091 3734 3131 3787 ⁸.
3160 3752 3178 3786 ι
3222 3731 3313 3788 Sic
3350 3749 3512 3803 supra
3541 3748 3658 3787 mo—

2078 3825 2204 3874 dum
2230 3822 2534 3876 admiratus
2561 3838 2680 3876 sum
2704 3837 2824 3890 qua:
2854 3821 2966 3877 illic
2993 3824 3200 3892 scripta
3225 3833 3382 3878 erant
3409 3825 3476 3878 de
3500 3839 3659 3896 pura.

2079 3913 2483 3980 irreprchensa,
2536 3915 2842 3968 orthodoxa
2889 3925 2945 3968 et
2988 3913 3282 3983 apostolica
3353 3915 3480 3968 ﬁde.
3529 3913 3661 3969 Post

2078 4005 2286 4072 aliquot
2313 4019 2486 4058 anuos
2521 4019 2642 4057 cum
2673 4005 2800 4069 huc,
2853 4007 2904 4058 iu
2953 4006 3286 4078 provinciam
3315 4007 3438 4062 dico
3471 4005 3660 4078 Bithy.

2078 4113 2289 4160 norum,
2321 4099 2536 4153 volente
2563 4097 2673 4153 Deo
2707 4097 3096 4168 pervenissent,
3151 4109 3206 4152 et
3234 4097 3530 4152 commotio
3577 4111 3662 4152 at-

2077 4203 2184 4257 que
2215 4185 2499 4257 inquisitio
2532 4189 2764 4257 plurima
2803 4189 2958 4243 ﬁeret
2987 4189 3088 4244 sub
3115 4189 3266 4259 impii
3303 4188 3548 4244 Basilisci
3581 4189 3659 4256 (ἐ)

2079 4281 2368 4350 tyrannide
2398 4283 2665 4336 adversus
2691 4279 3018 4335 catholicam
3054 4289 3111 4334 et
3158 4281 3515 4350 apostolicam
3565 4261 3658 4334 Dei

2078 4371 2402 4440 Ecclesium,
2439 4381 2496 4426 et
2544 4372 2706 4428 [idem
2759 4371 3113 4444 apostolicam
3168 4373 3220 4426 in
3265 4387 3326 4428 ea
3363 4373 3657 4441 vigentem.

391 4462 716 4532 ἀμωμήτου,
738 4463 1018 4533 ὀρθοδὸξου
1043 4467 1137 4519 καὶ
1158 4465 1522 4535 ἀποστολικῆς
1546 4469 1800 4527 πίστεως.
1822 4467 1969 4520 Μετὰ

2081 4463 2446 4516 succendente
2496 4463 2836 4532 potissimum
2883 4471 3047 4530 atque
3095 4470 3472 4516 commovente
3515 4462 3658 4531 regis

390 4553 446 4605 es
475 4555 700 4622 καιρούς
730 4573 884 4619 τινας
931 4559 1144 4626 φθάσας
1179 4545 1437 4620 ἐνταῦθαξ
1469 4561 1534 4628 τῇ
1577 4558 1689 4612 τῶν
1731 4558 1975 4612 Βιθυνῶν

391 4645 631 4714 ἐπαρχία
667 4647 828 4714 λέγω,
860 4649 981 4702 κατ’
1009 4649 1261 4702 εὐδοκίαν
1305 4649 1398 4702 τοῦ
1427 4649 1583 4715 Θεοῦ,
1619 4652 1884 4722 κινήσεώς
1916 4669 1974 4704 τε

391 4740 485 4792 καὶ
535 4739 887 4814 συζητῄσεως
929 4740 1186 4810 πλείστης
1230 4741 1418 4811 οὔσης,
1461 4743 1837 4814 γεγενημένης
1882 4745 1975 4796 ἐπὶ

389 4832 488 4898 τῆς
523 4813 817 4900 ἀνταρξίας
839 4831 933 4884 τοῦ
963 4833 1180 4886 ἀνοσίου
1211 4834 1536 4888 Βασιλίσκου
1563 4839 1706 4890 κατὰ
1727 4837 1825 4906 τῆς
1846 4839 1974 4890 ἀπο-

392 4921 646 4992 στολικῆς
689 4924 784 4986 καὶ
827 4925 1124 4995 καθολικῆς
1183 4928 1512 4997 Ἐκκλησίας
1553 4929 1646 4982 τοῦ
1690 4929 1828 4982 Θεοῦ
1881 4932 1978 4983 καὶ

388 5013 487 5082 τῆς
532 5015 588 5066 ἐν
636 5016 774 5086 αὐτῇ
831 5017 1256 5092 πολιτευομένης
1299 5021 1666 5092 ἁποστολικῆς
1713 5021 1971 5087 πίστεως,

391 5106 806 5159 ὐπεκκαιὸντων
862 5109 1100 5178 μάλιστα
1142 5111 1236 5162 καὶ
1280 5111 1572 5163 κινούντων
1619 5111 1688 5163 τὰ
1731 5111 1976 5182 βασίλεια

387 5197 498 5250 τῶν
533 5199 632 5266 τῆς
677 5199 772 5250 τοῦ
818 5201 1099 5268 αἰρετικοῦ
1149 5201 1425 5270 Ε’ὺτυχοῦς
1475 5202 1796 5272 ὀμοιρρόνων
1835 5220 1974 5272 συμ-

391 5289 612 5359 μορίας,
641 5291 1094 5362 προϐαλλομένων
1121 5297 1254 5364 ἡμῖν
1278 5295 1549 5359 ὑπούλως,
1575 5295 1674 5365 τὴν
1697 5297 1754 5346 ἐν
1767 5295 1972 5366 Nimia

467 5464 483 5498 ¹
528 5468 764 5534 Socrat.,
798 5469 892 5525 lib.
934 5486 1026 5536 vn,
1059 5486 1180 5540 cap.
1213 5471 1303 5526 ‘28.
1385 5472 1403 5502 ⁸
1439 5471 1578 5526 Psal.
1609 5487 1802 5536 curn,
1842 5473 1963 5529 105.

2078 4551 2260 4604 aulam
2294 4564 2485 4605 eorum
2539 4551 2777 4606 factione
2806 4551 2896 4620 qui
2941 4551 3200 4605 lueretico
3246 4551 3476 4625 Eutychi
3522 4565 3657 4606 con-

2075 4643 2385 4698 Sentiebant
2439 4663 2452 4698 :
2504 4645 2594 4714 qui
2653 4645 2810 4700 nobis
2856 4644 3084 4700 subdole
3133 4645 3370 4712 aiebant,
3402 4660 3464 4700 se
3497 4646 3656 4700 [idem

2077 4734 2323 4801 Patrum,
2349 4735 2652 4801 Nicaenam,
2705 4739 2949 4807 inquam,
2983 4747 3190 4794 tenere.
3229 4736 3336 4795 Sed
3373 4738 3662 4792 convince-

2079 4831 2279 4884 bantur
2309 4847 2339 4882 a
2371 4831 2526 4886 nobis
2555 4831 2700 4886 illius
2731 4832 2853 4886 lidei
2889 4833 3096 4888 hostes.
3146 4831 3328 4902 Neque
3371 4832 3516 4887 enim
3558 4846 3659 4886 no-

2081 4933 2270 4977 verant
2314 4939 2434 4994 quae
2491 4925 2757 4991 dicerent,
2808 4936 2900 4979 aut
2945 4927 3012 4980 de
3063 4928 3259 4996 quibus
3308 4924 3658 4980 aliirmarent.

2077 5017 2210 5070 Nam
2261 5032 2385 5070 cum
2443 5016 2749 5088 proferrem
2783 5034 2904 5088 quae
2935 5020 2986 5072 in
3029 5034 3184 5074 sacra
3219 5019 3306 5072 illa
3337 5033 3532 5072 corona
3564 5031 3658 5072 or-

2079 5111 2441 5165 thodosorum
2497 5109 2588 5165 Dei
2625 5115 2972 5165 sacerdotum
3020 5112 3072 5164 in
3125 5111 3328 5180 Spiritu
3361 5117 3550 5164 sancto
3591 5109 3662 5161 de

2077 5203 2307 5256 Domino
2367 5217 2468 5272 per
2522 5217 2618 5257 cos
2671 5200 2890 5256 fuerant
2933 5203 3224 5272 eXplicata,
3283 5200 3596 5255 resiliebant
3635 5219 3662 5250 ιι

2079 5293 2231 5347 nobis
2261 5294 2468 5359 miseri,
2524 5296 2768 5366 pejorem
2803 5295 3003 5346 Ariana
3047 5293 3442 5363 blaSphetniam
3477 5291 3658 5360 lingua

461 5646 544 5716 (2)
571 5647 842 5702 Zenonem
874 5649 1008 5703 solio
1057 5650 1254 5718 dejecit
1309 5650 1602 5706 Basiliscus
1651 5667 1792 5704 anno
1841 5666 1962 5704 acra:
2027 5653 2347 5708 Christiana:
2388 5654 2514 5718 475,
2553 5665 2605 5710 et
2669 5669 2795 5710 cum
2833 5655 3016 5712 Marco
3057 5658 3166 5712 [ilio
3204 5659 3540 5716 ortltodoxos
3577 5659 3657 5718 iu-

388 5729 632 5776 εευιειιυε
665 5729 770 5772 OSI.
852 5739 858 5743 '

677 5813 948 5873 ['n‘soc.
987 5812 1104 5876 Gn.
1145 5812 1420 5878 LXXXV.

3147 5819 3219 5882 38
