4042 6142
448 245 580 313 1195

1729 242 2030 303 GEL.\SII
2071 242 2414 303 CYZICENI

3585 240 3716 309 1296

445 378 541 416 sua
582 358 930 430 prol'erentes
984 366 1168 414 contra
1202 372 1263 411 ea
1297 373 1417 428 qua:
1454 356 1561 411 illic
1607 357 1826 412 deﬁnita
1877 368 2024 422 sunt,

2142 361 2299 430 φημὶ,
2329 361 2434 412 ὑπὸ
2465 359 2570 412 τῶν
2608 358 2869 430 Πατέρων
2906 360 3130 430 κρατεῖν
3164 358 3382 412 πίστινι
3409 357 3460 411 οἳ
3505 360 3718 430 διηλέγο

448 465 501 507 et
524 454 813 506 anathema
840 450 1106 521 jacientes
1136 452 1399 504 adversus
1431 467 1525 506 eos
1547 451 1638 522 qui
1666 453 1735 504 ita
1767 453 2022 506 sentiunt.

447 546 684 614 Pmpler
718 544 830 597 tunc
861 542 1079 610 aliaque
1111 542 1276 595 multa
1310 557 1429 611 qua:
1455 542 1809 597 movebantur
1839 553 2026 596 contra

450 638 609 690 ﬁdem
647 635 947 703 antiquam,
979 634 1212 704 primum
1238 650 1267 688 a
1288 635 1497 689 sanctis
1524 634 1805 704 apostolis,
1837 636 2031 690 deinde

447 738 499 781 et
526 745 553 781 a
589 727 796 782 sanctis
821 726 1079 782 Patribus
1112 728 1317 783 nostris
1345 726 1537 781 Nica‘a:
1569 729 1939 797 congregatis,
1975 729 2025 780 in

400 874 409 882 ,
450 818 544 874 Dei
576 818 815 874 Ecclesia
849 830 1025 873 matre
1067 830 1248 875 nostra
1282 821 1573 891 vigentem,
1602 821 1887 891 plurimam
1916 837 2032 874 um—

449 911 580 965 nino
615 923 671 966 et
701 910 905 982 ubique
958 911 1292 983 diligentiam
1324 912 1568 977 adhibui,
1623 924 1697 977 ct,
1753 913 1892 982 quod
1924 913 2027 966 dici

446 1004 605 1067 solct,
658 1018 877 1058 Omnem
934 1005 1217 1059 rudentem
1267 1007 1432 1071 movi,
1484 1014 1543 1057 ut
1602 1007 2028 1075 pervestigarent

445 1108 566 1160 quae
601 1094 654 1147 in
690 1103 876 1147 sancta
912 1094 999 1146 illa
1026 1094 1232 1165 synodo
1261 1107 1379 1146 acta
1431 1104 1558 1147 sunt
1588 1110 1685 1163 pro
1735 1103 1934 1148 sanctae
1979 1103 2033 1147 et

448 1185 765 1251 apostolicae
799 1185 921 1240 ﬁdei
956 1185 1435 1249 detertniuatioue,
1465 1202 1627 1255 quam
1665 1186 1755 1239 Dei
1791 1185 2029 1240 Ecclesia

438 1280 555 1330 ‘non
593 1279 659 1331 ab
689 1276 1024 1343 hominibus,
1055 1293 1229 1347 neque
1275 1293 1371 1346 per
1400 1279 1648 1334 homines
1679 1280 1909 1349 accepit,
1946 1295 2035 1333 ve-

449 1387 567 1424 rum
621 1371 688 1425 ab
752 1370 872 1438 ipso
924 1361 1166 1424 Omnium
1224 1381 1468 1424 nostrum
1500 1371 1785 1426 Salvatore
1814 1386 1878 1427 ac
1924 1370 2033 1425 Deo

447 1461 574 1517 Jesu
617 1462 855 1524 Christo,
895 1462 987 1516 Dei
1018 1461 1249 1516 viventis
1278 1461 1439 1526 Filio,
1479 1463 1570 1532 qui
1606 1474 1726 1532 post
1771 1463 2034 1519 adventus

447 1554 532 1610 sai
563 1554 612 1607 in
641 1568 858 1608 carnem
889 1554 1277 1621 (economiam,
1314 1573 1334 1607 ι
1368 1571 1620 1627 maguum
1643 1564 1793 1611 certe
1813 1557 2034 1627 pietatis

449 1646 796 1715 mysterium,
873 1645 1016 1699 sicut
1061 1644 1324 1716 scriptum
1395 1657 1499 1710 ρει,
1544 1647 1928 1703 mauil'estatus
1978 1648 2032 1702 in

451 1755 640 1807 carne,
668 1749 722 1796 et
753 1740 964 1810 angelis
988 1740 1143 1797 visus
1164 1741 1184 1772 ³
1210 1757 1225 1794 :
1262 1758 1280 1792 ι
1345 1755 1518 1809 neque
1542 1742 1687 1797 enim
1716 1743 1801 1797 vel
1831 1743 2037 1814 angelis

449 1831 683 1886 visibilis
717 1842 801 1887 est
832 1831 1156 1903 Unigenitus
1187 1833 1238 1887 iu
1272 1847 1384 1888 sure
1426 1832 1729 1888 divinitatis
1775 1833 2033 1900 essentia,

451 1923 555 1977 nisi
585 1938 806 1978 carnem
855 1925 1243 1995 assumpsisset
1298 1942 1311 1979 :
1373 1933 1658 1996 postquam
1686 1927 1868 1981 omnia
1916 1942 2037 1995 quae

452 2014 518 2067 ad
556 2013 921 2068 (economiam
978 2007 1371 2069 incarnationis
1406 2029 1516 2070 sua:
1541 2015 1858 2085 spectabant
1887 2032 2037 2071 com-

450 2104 729 2173 plevisset,
758 2106 1122 2160 voluntariam
1161 2121 1257 2177 pro
1297 2107 1452 2163 nobis
1487 2109 1820 2177 passionem,
1853 2108 2035 2179 sepul-

452 2209 629 2251 turam
660 2209 714 2252 et
783 2198 1235 2254 resurrectionem
1269 2199 1322 2253 iu
1358 2198 1446 2253 illa
1474 2209 1659 2253 sancta
1706 2209 1762 2254 et
1816 2212 2037 2271 peccato

449 2307 558 2347 non
592 2291 824 2345 obnoxia
856 2304 1025 2345 carne
1070 2305 1191 2356 sua,
1241 2304 1339 2360 per
1387 2305 1549 2360 quam
1585 2305 1755 2361 genus
1783 2301 2032 2347 nostrum

452 2400 480 2437 a
517 2394 690 2439 morte
741 2383 1012 2449 liberavit,
1082 2381 1349 2437 secedens
1395 2382 1544 2447 hinc,
1602 2392 1657 2437 et
1727 2384 1778 2436 in
1834 2384 2034 2438 etnlum

453 2477 774 2540 ascendens,
811 2476 971 2545 huius
993 2485 1197 2531 saneta:
1228 2485 1281 2530 et
1308 2475 1705 2546 irreprehensrc
1753 2476 1871 2531 ﬁdei
1903 2479 2040 2532 divi-

454 2584 578 2621 nam
614 2579 667 2623 et
696 2569 1030 2622 adoraudam
1063 2566 1294 2622 formam
1325 2583 1422 2638 per
1466 2565 1708 2635 seipsum
1754 2569 2035 2644 stabilivit,

452 2667 507 2711 et
541 2672 795 2728 maguum
826 2657 1085 2724 intonuit,
1117 2657 1262 2711 sicut
1306 2656 1568 2726 scriptum
1625 2665 1745 2712 est:
1803 2676 1823 2709 ι
1857 2658 2039 2714 Domi-

453 2765 558 2804 nus
591 2750 646 2803 in
702 2750 872 2804 caelos
913 2747 1191 2826 ascendit,
1231 2759 1286 2804 et
1318 2745 1639 2811 intonuit‘,
1690 2767 1710 2800 ι
1771 2759 1825 2804 et
1868 2751 2033 2808 alibi:

459 2861 477 2892 ε
522 2841 845 2895 Etintonuit
873 2842 938 2896 de
969 2841 1108 2896 caelo
1138 2841 1425 2909 Dominus,
1451 2851 1505 2899 et
1536 2844 1863 2902 Altissimus
1892 2845 2039 2900 dedit

454 2948 644 2987 vocem
680 2949 838 2989 suam
873 2934 915 2986 ⁸.
950 2952 969 2985 ι
1042 2933 1108 2988 Et
1166 2934 1293 3003 quid
1339 2934 1620 2991 intonuit?
1665 2954 1822 3007 quam
1853 2953 2036 2992 vocem

2068 1707 2110 1762 Β

2132 468 2289 521 χοντο
2329 450 2464 521 πρὸς
2508 451 2667 522 ἡμῶν
2702 450 2956 521 πολέμιοι
2987 450 3216 514 ἐκείνοις
3252 450 3611 520 ὑπάρχοντες.
3642 452 3715 503 Οὐ

2131 543 2240 614 γὰρ
2266 542 2489 615 ᾔδεισαν
2517 544 2569 595 τί
2606 543 2879 610 λέγουσιν,
2914 542 2947 613 ἢ
2986 542 3115 613 περὶ
3140 540 3301 593 τίνων
3341 539 3719 594 διαϐεὸαιοῦνο

2130 653 2241 690 ται.
2271 635 2646 706 Προφέροντος
2677 635 2787 704 γάρ
2820 652 2920 704 μου
2950 634 3018 686 τὰ
3062 636 3118 686 ὲν
3145 632 3331 705 ἐκείνῃ
3366 635 3431 703 τῇ
3477 633 3608 703 ἁγία
3629 648 3720 702 χο-

2134 726 2258 797 ρεία
2284 726 2393 778 τῶν
2423 724 2723 794 ὀρθοδὸξων
2768 723 2865 778 τοῦ
2906 723 3044 777 Θεοῦ
3096 724 3290 796 ἱερέων
3334 725 3391 777 ἐν
3438 722 3719 792 Πνεύματι

2131 819 2274 888 ἁγίῳ
2304 818 2371 879 τὰ
2401 816 2509 889 [ian
2538 816 2695 888 περὶ]
2732 817 2824 871 τοῦ
2875 817 3080 887 Κυρίου
3124 816 3193 869 δι’
3236 815 3420 868 αὐτῶν
3468 817 3719 885 1'5chqu-

2134 912 2320 975 θέντα,
2347 910 2641 979 ἀπεπήδων
2667 912 2761 980 ἀφ’
2786 910 2967 980 ἡμῶν,
2993 908 3213 979 χείρονα
3234 907 3345 962 τῶν
3374 906 3468 961 τοῦ
3506 907 3718 978 ’Δρείου

2136 1002 2501 1074 βλασφημιῶν
2533 1002 2676 1056 κατὰ
2714 1002 2824 1055 τῶν
2852 1004 3032 1055 ἐκεῖσε
3069 1000 3398 1070 ὁρισθέντων
3430 999 3521 1053 διὰ
3541 998 3720 1066 γλώτ-

2133 1112 2233 1166 της
2266 1095 2669 1166 προσφέροντες
2709 1092 2819 1164 [ἵσ.
2858 1091 3274 1165 προφέροντες],
3314 1095 3408 1146 καὶ
3445 1093 3725 1161 ἀναθεμαυ

2133 1186 2328 1256 τισμὸν
2360 1185 2643 1257 ῥίπτοντες
2659 1186 2802 1240 κατὰ
2822 1184 2928 1237 τῶν
2954 1185 3126 1238 ταῦτα
3163 1185 3339 1248 οὕτως
3368 1185 3718 1257 φρονούντων

2134 1280 2184 1333 οἱ
2206 1272 2407 1333 ἄθλιοι.
2434 1280 2534 1332 Διά
2562 1277 2736 1331 ταῦτα
2767 1279 2864 1332 καὶ
2888 1277 2955 1332 δι’
2976 1277 3110 1333 ἄλλα
3138 1278 3429 1348 κινηθέντα
3458 1278 3603 1332 κατά
3625 1279 3724 1347 τῆς

2137 1372 2302 1441 ἁγίας
2332 1373 2426 1425 καὶ
2456 1371 2743 1443 ὀρθοδὸξου
2771 1372 3007 1435 πίστεως
3031 1370 3211 1442 ἡμῶν,
3243 1372 3344 1440 τῆς
3370 1371 3633 1425 ἀνέκαθεν
3661 1371 3728 1425 ἔκ

2134 1482 2195 1518 τε
2236 1464 2345 1517 τῶν
2401 1464 2573 1533 ἁγίων
2627 1463 2944 1517 ἀποστόλων
2998 1463 3096 1517 καὶ
3143 1463 3254 1516 τῶν
3300 1462 3729 1535 προρρηθέντων

2136 1557 2312 1626 ἁγίων
2340 1557 2501 1628 ἡμῶν
2543 1556 2805 1625 Πατέρων
2839 1555 2948 1609 τῶν
2979 1557 3039 1613 ὲν
3067 1558 3135 1628 τῇ
3162 1555 3419 1610 Νικαέων
3449 1556 3727 1625 συνειλεγ-

2141 1649 2339 1719 μένων,
2372 1650 2430 1702 ὲν
2475 1652 2542 1721 τῇ
2582 1647 2678 1702 τοῦ
2718 1647 2856 1701 Θεοῦ
2909 1647 3210 1721 Ἐκκλησία
3246 1650 3312 1720 τῇ
3370 1649 3543 1721 μητρὶ
3569 1648 3725 1718 ἡμῶν

2140 1739 2588 1809 πολιτευομένης,
2637 1737 2902 1809 πλείστην
2931 1739 3064 1807 ὅσην
3103 1737 3333 1810 ἔρευναν
3377 1737 3728 1807 ἐποιησάμην

2140 1831 2316 1901 πάντη
2351 1848 2409 1883 τε
2447 1829 2542 1884 καί¹
2569 1828 2872 1900 πανταχοῦ,
2904 1829 2966 1882 τὸ
2988 1828 3052 1898 δὴ
3078 1829 3396 1903 λεγόμενον,
3427 1828 3607 1882 πάντα
3631 1829 3729 1881 κά-

2138 1922 2246 1977 λων
2278 1923 2528 1993 κινήσας,
2556 1922 2922 1992 ἀνερευνῆσαι
2949 1922 3019 1974 τὰ
3049 1922 3107 1974 ὲν
3134 1920 3319 1989 ἐκείνη
3347 1922 3413 1990 τῇ
3452 1920 3573 1990 ἱερᾷ
3600 1934 3727 1973 συν-

2138 2015 2243 2085 όδῳ
2298 2014 2672 2086 πεπραγμένα
2731 2012 2875 2084 ὑπὲρ
2922 2012 3017 2066 τοῦ
3064 2012 3164 2083 τῆς
3208 2013 3382 2082 αὐτῆς
3432 2012 3595 2081 ἁγίας
3632 2013 3728 2065 καὶ

2139 2107 2505 2176 ἀποστολικῆς
2546 2108 2784 2169 πίστεως
2827 2107 2978 2177 ὅρου,
3013 2108 3078 2176 ἣν
3118 2106 3221 2160 οὐκ
3268 2106 3363 2159 ἀπ’
3393 2105 3725 2177 ἀνθρώπων,

2138 2200 2264 2255 οὔτε
2287 2200 2354 2254 δι’
2386 2199 2698 2272 ἀνθρώπων
2724 2201 2758 2270 ἡ
2791 2200 2885 2252 τοῦ
2929 2198 3067 2252 Θεοῦ
3110 2198 3412 2269 Ἐκκλησία
3454 2199 3727 2270 mpsim.

2140 2309 2265 2361 φεν,
2300 2291 2415 2345 ἀλλ’
2445 2291 2540 2343 ἀπ’
2583 2288 2751 2344 αὐτοῦ
2786 2288 2883 2345 τοῦ
2916 2290 3137 2344 πάντων
3160 2291 3319 2361 ἡμῶν
3350 2291 3603 2361 Σωτῆρος
3634 2292 3729 2344 καὶ

2139 2385 2275 2439 Θεοῦ
2319 2383 2496 2455 Ἰησοῦ
2528 2383 2790 2455 Χριστοῦ,
2813 2382 2907 2436 τοῦ
2933 2382 3061 2436 Υίοῦ
3089 2382 3183 2455 τοῦ
3205 2382 3342 2437 Θεοῦ
3371 2382 3468 2437 τοῦ
3488 2383 3690 2449 ζῶντος
3708 2400 3724 2415 ·

2139 2478 2197 2542 ὃς
2223 2470 2362 2550 μετὰ
2391 2477 2488 2549 τὴν
2523 2477 2620 2547 τῆς
2666 2474 2935 2546 ὲνσάρκου
2966 2474 3132 2529 αὑτοῦ
3179 2475 3487 2546 παρουσίας
3525 2478 3729 2529 altrovo-

2143 2570 2295 2642 μίαν,
2333 2589 2350 2622 ι
2389 2570 2449 2622 τὸ
2477 2571 2623 2640 μέγα
2656 2568 2875 2640 ἀληθῶς
2900 2569 2998 2639 τῆς
3026 2568 3312 2632 εὐσεϐείας
3339 2569 3665 2639 μυστήριον,
3700 2587 3718 2619 ι

2141 2663 2325 2728 καθὼς
2353 2664 2695 2735 γέγραπται,
2729 2681 2747 2714 t
2776 2680 2908 2731 φανε
2921 2662 3114 2732 ρωθείς
3132 2678 3193 2718 τε
3226 2663 3414 2732 σαρκὶ,
3446 2662 3545 2714 καὶ
3574 2661 3727 2729 ἀγγέ-

2139 2757 2250 2820 λοις
2281 2755 2488 2825 ὀφθείς.
2528 2774 2547 2807 ι
2599 2754 2737 2809 Οὔτε
2771 2755 2879 2826 γὰρ
2920 2754 3172 2822 ἀγγέλοις
3204 2752 3398 2815 θεατδς
3419 2755 3448 2807 ὁ
3484 2754 3725 2821 Moven—

2140 2848 2237 2917 νὴς
2264 2847 2405 2901 κατὰ
2438 2847 2539 2918 τὴν
2564 2848 2661 2918 τῆς
2690 2846 2944 2915 θεότητος
2967 2845 3176 2911 οὐσίαν,
3219 2846 3267 2899 εί
3293 2846 3371 2916 μὴ
3397 2844 3688 2917 ἐσαρκώθη
3707 2860 3725 2879 ·

2139 2940 2207 2996 τὰ
2238 2941 2417 2994 πάντα
2454 2937 2754 3011 πληρώσας
2785 2940 2856 2992 τὰ
2896 2938 3041 2992 κατὰ
3067 2938 3164 3010 τὴν
3202 2939 3543 3008 οἰκονομίαν,
3573 2939 3634 2991 τό
3668 2954 3726 2992 τε

455 3025 608 3079 dedit
653 3026 1018 3080 Altissimus?
1072 3044 1091 3077 ι
1122 3026 1350 3090 Euntes,
1390 3028 1586 3099 inquit,
1650 3030 1719 3084 ad
1766 3030 2037 3100 apostolos

2142 3030 2281 3101 ὑπὲρ
2311 3030 2468 3102 ἡμῶν
2495 3029 2744 3083 ἑκούσιον
2769 3029 2963 3095 πάθος,
2999 3030 3097 3082 καὶ
3134 3030 3231 3100 τὴν
3264 3031 3468 3099 ταφὴν,
3501 3033 3595 3083 καὶ
3628 3031 3727 3100 τὴν

457 3119 706 3187 loquens,
754 3116 947 3172 docete
980 3132 1172 3174 omnes
1204 3126 1418 3188 gentes,
1457 3120 1799 3191 baptizantes
1847 3136 1944 3176 eos
1975 3121 2030 3174 in

456 3210 680 3265 nomine
741 3208 943 3276 Patris,
1005 3219 1059 3264 ct
1106 3208 1255 3277 Filii,
1316 3219 1370 3265 et
1414 3209 1657 3283 Spiritus
1711 3213 1889 3267 sancti
1937 3214 1979 3266 ⁸.
2017 3232 2035 3264 ι

457 3301 720 3369 Quamvis
742 3291 885 3354 enim
917 3309 1135 3370 propter
1160 3315 1314 3355 suam
1342 3316 1469 3370 erga
1519 3302 1764 3357 homines
1802 3302 2042 3357 charita-

459 3403 589 3458 tem,
627 3402 869 3446 nostram
901 3403 1118 3445 carnem
1147 3405 1268 3444 cum
1306 3392 1486 3445 anima
1522 3401 1578 3447 et
1630 3401 1809 3447 mente
1838 3408 1902 3447 ex
1952 3408 2041 3447 ve-

460 3486 698 3540 neranda
732 3483 890 3554 plane
915 3491 970 3538 et
994 3490 1181 3537 sancta
1214 3482 1438 3552 Virgine
1461 3482 1627 3538 Maria
1656 3486 1915 3554 suscepit,
1949 3484 2040 3539 illa

460 3583 640 3627 tamen
697 3570 879 3626 carnis
943 3570 1333 3638 susceptione,
1400 3570 1543 3625 nulla
1603 3574 1671 3627 ad
1721 3571 2040 3627 Trinitatem

460 3664 661 3729 Patris,
714 3662 857 3731 Filii,
905 3672 963 3720 et
990 3661 1229 3733 Spiritus
1257 3665 1431 3720 sancti
1467 3664 1607 3719 facta
1640 3674 1723 3719 cst
1773 3667 2040 3731 accessio,

461 3762 554 3812 sed
593 3757 835 3812 Trinitas
864 3768 1046 3813 manet
1076 3757 1337 3814 Trinitas.
1375 3776 1395 3810 ι
1433 3759 1640 3813 Euutes
1668 3758 1831 3830 igitur
1856 3760 2044 3815 docete

458 3866 650 3906 omnes
699 3861 910 3921 gentes,
940 3849 1283 3919 baptizautes
1327 3864 1422 3905 eos
1478 3850 1530 3904 in
1580 3851 1794 3907 nomine
1845 3850 2043 3922 Patris,

458 3951 514 3996 et
577 3943 823 4010 Filii,et
877 3941 1114 4012 Spiritus
1162 3941 1360 3995 sancti.
1418 3959 1439 3993 ι
1494 3939 1642 3995 llanc
1691 3951 1932 3996 sanctam
1992 3953 2046 3996 et

459 4034 788 4089 adorandam
872 4046 1075 4089 saneta:
1124 4044 1178 4088 et
1245 4034 1636 4105 irrepreheusa:
1711 4035 1831 4089 ﬁdei
1888 4051 2046 4106 regu-

460 4128 567 4180 lam
624 4143 746 4180 cum
810 4126 982 4180 sancti
1042 4125 1268 4195 apOSIoli
1317 4127 1386 4181 ab
1430 4127 1548 4196 ipso
1609 4127 1838 4180 Duniin
1887 4142 2045 4180 acce-

460 4220 698 4287 pissent,
752 4219 806 4273 in
867 4219 1117 4273 universa
1180 4220 1281 4274 sub
1316 4219 1455 4274 cwlo
1501 4221 1591 4275 Dei
1650 4219 1890 4274 Ecclesia
1926 4236 2042 4272 eam

460 4310 896 4375 praedicaverunt
947 4328 961 4364 :
1015 4319 1073 4364 ut
1107 4309 1178 4363 ita
1214 4310 1593 4379 propheticum
1641 4310 1918 4364 oraculum
1954 4311 2048 4362 im-

461 4401 719 4469 pleretur,
775 4415 883 4470 quo
917 4400 1117 4455 dicitur
1165 4419 1178 4455 :
1243 4418 1261 4452 t
1293 4400 1346 4454 in
1389 4415 1604 4455 onmem
1638 4408 1842 4455 terram
1875 4399 2045 4454 exivit

459 4507 631 4548 sonus
648 4508 856 4558 eorum,
874 4501 928 4547 et
952 4493 1005 4547 in
1028 4493 1162 4548 ﬁnes
1201 4493 1353 4549 orbis
1377 4505 1534 4568 terra;
1555 4494 1717 4548 verba
1738 4509 1929 4548 eorum
1952 4493 1994 4548 ".
2022 4513 2041 4546 ι

464 4587 592 4639 Post
648 4602 813 4655 quam
874 4587 995 4641 lidei
1058 4602 1351 4651 summam,
1400 4596 1455 4640 et
1510 4586 1844 4639 adorandum
1903 4585 2045 4640 istud

463 4678 665 4731 donum
695 4677 851 4732 nobis
895 4692 991 4746 per
1030 4689 1246 4731 sanctos
1276 4676 1548 4747 apostolos
1575 4693 1602 4729 a
1634 4676 1725 4730 Dei
1760 4674 1894 4733 Filio
1918 4691 2047 4729 con-

466 4783 705 4835 cessum,
738 4786 859 4823 cum
892 4771 1073 4840 plures
1096 4769 1207 4838 jam
1237 4786 1412 4827 annos
1449 4771 1701 4825 Ecclesia:
1741 4770 2046 4838 persecutio

464 4874 751 4930 cessasset,
807 4873 1008 4918 nostra:
1043 4864 1237 4919 salutis
1278 4864 1454 4920 hostis
1485 4866 1679 4919 iterum
1715 4878 1809 4933 per
1857 4863 2042 4916 Arium

465 4964 654 5008 contra
688 4965 931 5009 sanetam
986 4963 1041 5009 et
1090 4954 1528 5024 irrcpreheusam
1579 4955 1739 5008 ﬁdem
1776 4961 2040 5015 armatur,

466 5046 727 5101 inusitata
756 5047 1000 5116 quadam
1034 5046 1353 5115 blasphema
1384 5047 1544 5101 verba
1573 5054 1759 5100 contra
1791 5043 2042 5098 Salvato-

465 5154 578 5193 rcm
635 5149 881 5193 nostrum
941 5140 1315 5204 introdncens,
1371 5139 1564 5208 quibus
1619 5135 1713 5191 Dei
1749 5137 2044 5191 Ecclesiam

467 5228 520 5281 in
554 5239 667 5284 toto
694 5232 826 5283 orbe
855 5239 1123 5284 terrarum
1172 5229 1544 5282 conturbavit.
1596 5226 1766 5292 Quam
1805 5227 1874 5277 ob
1921 5241 2047 5276 catt-

468 5336 581 5374 sam
621 5323 967 5376 ﬁdelissimus
1015 5322 1314 5390 imperator
1362 5320 1749 5375 Coustantinus
1796 5334 2045 5371 numero-

469 5426 583 5465 sam
647 5414 791 5467 illam
846 5414 897 5468 in
948 5414 1085 5470 urbe
1126 5413 1305 5468 Nic-ara
1353 5414 1615 5481 synodum
1670 5411 2044 5478 congregatit.

542 5586 565 5618 ³
600 5588 614 5641 1
647 5590 785 5644 Tim.
817 5607 895 5657 Ill,
927 5594 1011 5647 l6.

1092 5592 1113 5625 ‘
1139 5593 1280 5648 Psal.
1312 5607 1479 5658 1.3m,
1504 5593 1571 5648 5i
1590 5630 1602 5643 .

484 5658 643 5713 3.18.

1677 5590 1695 5620 ⁸
1730 5589 1872 5643 Psal.
1922 5603 2047 5648 \V'll,
2088 5585 2167 5640 Μ.

2142 3121 2440 3174 ἀνάστασιν
2460 3123 2527 3192 τῇ
2554 3120 2687 3193 ἁγίᾳ
2707 3122 2893 3194 ἐκείνῃ
2915 3121 3009 3175 καὶ
3032 3121 3403 3193 ἀναμαρτήτῳ
3435 3120 3602 3192 σαρκὶ
3626 3121 3726 3176 αὑ-

2141 3211 2236 3264 τοῦ
2268 3211 2492 3286 [αὐτῆς]
2524 3214 2958 3285 παραχωρήσας,
2997 3213 3065 3267 δι’
3101 3208 3170 3286 ἧς
3210 3213 3272 3268 te
3314 3214 3575 3284 ἡμέτερον
3611 3216 3721 3268 ἀπ-

2142 3305 2427 3359 εθανάτισε
2447 3305 2623 3374 γένος,
2646 3303 2953 3358 ἀναϐαίνων
2972 3306 3052 3367 είς
3070 3305 3199 3368 τοὺς
3221 3303 3489 3372 οὐρανοὺς,
3507 3301 3719 3373 ταύτης

2143 3395 2241 3465 τῆς
2265 3394 2426 3464 ἁγίας
2452 3395 2548 3448 καὶ
2565 3395 2870 3464 ἀμωμήτου
2898 3392 3135 3456 πίστεως
3157 3392 3250 3447 τὸν
3271 3391 3408 3443 θεῖον
3427 3390 3527 3443 καὶ
3549 3405 3725 3460 προσ-

2144 3486 2376 3557 κυνητὸν
2407 3487 2532 3557 ὅρον
2562 3485 2629 3538 δι’
2663 3484 2859 3541 ἑαυτοῦ
2893 3482 3084 3552 ἔπηξε,
3116 3484 3213 3537 καὶ
3248 3482 3391 3552 μέγα
3422 3479 3728 3553 βροντήσας

2145 3579 2285 3633 κατὰ
2308 3578 2370 3631 τὸ
2398 3577 2788 3650 γεγραμμένον
2808 3593 2821 3606 ·
2856 3596 2874 3628 ι
2904 3575 3111 3646 Κύριος
3138 3574 3308 3644 ἀνέϐη
3340 3575 3419 3637 εἰς
3440 3574 3725 3643 οὐρανοὺς,

2146 3671 2241 3725 καὶ
2267 3670 2587 3742 ἐϐρόντησε.
2630 3688 2647 3716 ι
2683 3668 2791 3721 Kal.
2835 3669 2894 3720 ὲν
2948 3651 3153 3738 ἐτέρῳο
3194 3683 3212 3713 ι
3256 3665 3615 3737 Ἐϐρόντησεν
3668 3665 3729 3730 ἐξ

2145 3762 2378 3832 οὐρανοῦ
2401 3764 2429 3814 ὁ
2457 3759 2680 3831 Κύριος,
2714 3758 2809 3813 καὶ
2837 3760 2866 3812 ὁ
2896 3757 3162 3826 ’Υψιστος
3203 3756 3376 3811 ἔδωκε
3408 3759 3596 3827 φωνὴν
3631 3756 3730 3811 αὖ·

2144 3855 2262 3909 τοῦ.
2306 3874 2323 3906 ι
2358 3855 2465 3907 Καὶ
2503 3853 2556 3905 τί
2587 3852 2944 3922 ἐϐρόντησεν;
2975 3850 3134 3903 ποίαν
3172 3850 3230 3904 δὲ
3260 3851 3445 3921 φωνὴν
3474 3850 3673 3904 ἔδωκεν
3700 3852 3730 3904 ὁ

2149 3946 2445 4016 ’Υψιστοςς
2487 3965 2504 3996 ι
2546 3943 2935 4016 Πορευθέντες,
2982 3945 3138 4015 φησὶ,
3170 3943 3307 4014 πρὸς
3336 3944 3466 4006 τοὺς
3498 3942 3730 3996 ἀποστό-

2148 4034 2272 4091 λους
2298 4036 2496 4103 λέγων,
2529 4034 2911 4105 μαθητεύσατε
2948 4034 3126 4086 πάντα
3153 4033 3224 4085 τά
3257 4032 3410 4101 ἔθνη,
3443 4031 3730 4101 βαπτίζονο

2147 4145 2238 4191 τες
2270 4128 2469 4191 αὐτοὺς
2502 4128 2583 4189 εἰς
2617 4127 2678 4179 τὸ
2710 4126 2881 4195 ὄνομα
2911 4125 3006 4179 τοῦ
3040 4125 3275 4195 Πατρδς,
3321 4124 3416 4179 καὶ
3459 4124 3553 4177 τοῦ
3580 4123 3729 4186 Υίοῦ,

2149 4221 2243 4273 καλ⁵
2277 4218 2370 4273 τοῦ
2403 4220 2559 4287 ἁγίου
2596 4217 2935 4289 Πνεύματος.
2979 4235 2997 4268 ›
3037 4217 3100 4270 Et
3142 4219 3253 4287 γὰρ
3296 4215 3728 4286 φιλανθρωπίαν,

2148 4312 2248 4383 τὴν
2287 4309 2447 4383 ἡμῶν
2493 4311 2672 4382 σάρκα
2705 4310 2946 4382 ἔμψυχον
2989 4310 3083 4363 καὶ
3113 4308 3300 4362 ἔννουν
3332 4309 3397 4362 ἐκ
3442 4309 3546 4377 τῆς
3595 4324 3724 4360 παν·

2153 4403 2352 4472 σέμνου
2409 4402 2505 4456 καὶ
2547 4402 2708 4471 ἁγίας
2748 4402 3024 4471 Παρθένου
3077 4401 3298 4472 Μαρίας
3342 4399 3736 4471 προσείληφεν,

2154 4495 2268 4549 ἀλλ’
2301 4496 2332 4565 ἡ
2361 4497 2462 4565 τῆς
2488 4495 2694 4565 σαρκὸς
2721 4494 3023 4566 πρόσληψις
3052 4494 3371 4565 προσθήκην
3399 4496 3467 4565 τῇ
3497 4492 3595 4547 τοῦ
3629 4494 3734 4545 Πα-

2151 4585 2280 4656 τρὸς
2317 4586 2412 4639 καὶ
2440 4585 2571 4640 Υίοῦ
2602 4586 2694 4638 καὶ
2737 4586 2832 4639 τοῦ
2870 4588 3027 4654 ἁγίου
3062 4587 3381 4656 Πνεύματος
3415 4585 3610 4655 Τριάδι
3636 4585 3733 4636 οὐκ

2152 4677 2429 4746 ἐποίησεν,
2447 4674 2581 4730 ἀλλὰ
2604 4675 2757 4745 μένει
2779 4676 3016 4746 ήΤριάς.
3038 4696 3055 4728 t
3077 4675 3551 4747 Πορευθέντεςοῦν
3571 4674 3734 4744 μαθη-

2150 4769 2377 4821 τεύσατε
2395 4768 2571 4820 πάντα
2583 4767 2648 4821 τά
2660 4767 2809 4836 ἔθνη,
2824 4766 3178 4837 βαπτίζοντες
3192 4768 3388 4831 αὐτοὺς
3403 4767 3486 4832 εἰς
3498 4767 3556 4821 τὸ
3567 4767 3734 4835 ὄνομα

2152 4862 2246 4914 τοῦ
2271 4861 2505 4932 Πατρὺς,
2530 4861 2622 4913 καὶ
2645 4860 2739 4913 τοῦ
2762 4859 3031 4926 Υίοῦ,-καὶ
3054 4859 3146 4912 τοῦ
3170 4860 3328 4928 ἁγίου
3344 4859 3683 4929 Πνεύματος.
3710 4873 3730 4908 ι

2154 4952 2356 5007 Τοῦτον
2378 4951 2469 5003 τὸν
2501 4952 2655 5019 ἅγιον
2678 4951 2771 5003 καὶ
2793 4949 3173 5020 προσκυνητὸν
3194 4950 3319 5020 ὅρον
3338 4950 3436 5019 τῆς
3451 4949 3619 5019 ὀρθῆς
3642 4947 3735 5000 καὶ

2154 5041 2460 5111 ἀμωμήτου
2513 5039 2747 5101 πίστεως
2800 5039 2949 5109 παρὰ
2996 5038 3091 5090 τοῦ
3145 5039 3352 5108 Κυρίου
3396 5037 3654 5101 λαϐόντες
3683 5037 3734 5088 οἱ

2155 5133 2291 5203 ἱεροὶ
2321 5131 2634 5196 ἀπόστολοι,
2672 5132 2823 5204 πάσῃ
2846 5135 2910 5203 τῇ
2949 5131 3053 5184 ὑπὸ
3083 5131 3179 5187 τὸν
3218 5128 3450 5201 οὐρανὸν
3479 5131 3575 5182 τοῦ
3602 5128 3732 5182 Θεοῦ

2166 5223 2471 5295 Ἐκκλησία
2516 5224 2823 5293 ἐκήρυξαν*
2872 5223 2947 5285 ὼς
3003 5223 3365 5294 πληρωθῆναι
3416 5224 3502 5275 ἐπ’
3569 5220 3732 5276 αὐτοῦ

2154 5314 2269 5386 [Ion
2300 5314 2504 5386 αὐτῶν]
2535 5316 2594 5366 τὸ
2622 5315 2962 5386 προφητικὸν
2988 5316 3190 5384 λόγιον,
3216 5315 3277 5369 τὸ
3304 5317 3518 5384 φάσκον
3539 5332 3550 5345 ·
3588 5333 3606 5366 σ
3644 5313 3733 5372 Εἰς

2155 5408 2336 5459 πᾶσαν
2370 5406 2470 5476 τὴν
2494 5409 2596 5475 γῆν
2626 5405 2849 5476 ἐξῆλθεν
2874 5409 2902 5460 ὀ
2931 5406 3169 5477 φθόγγος
3200 5407 3401 5470 αὐτῶν,
3436 5407 3530 5459 καὶ
3571 5408 3648 5467 εἰς
3669 5406 3734 5456 τὰ

2246 5584 2265 5615 ⁸
2289 5583 2477 5637 Matth.
2514 5600 2704 5648 xxxiii,
2740 5585 2826 5648 19,
2857 5584 2946 5639 90.
3052 5585 3071 5616 "
3116 5584 3257 5642 PSaI.
3292 5584 3540 5648 xvm,5:
3576 5581 3731 5637 ﬂetu.
