4042 6142
295 291 312 354 ι
329 291 424 356 197

1171 284 1536 347 HISTORIA
1575 282 1906 343 CONCILII
1942 281 2247 342 NICIENI.
2284 308 2353 316 -
2389 283 2536 342 LIB.
2581 283 2630 341 Ι.

3419 226 3555 340 tatis

291 412 504 481 πέρατα
546 407 646 477 τῆς
697 403 1026 476 οἰκουμένης
1067 403 1136 457 τὰ
1181 403 1404 473 ῥήματα
1453 398 1655 453 αὐτῶν.
1689 418 1708 450 ι
1743 399 1872 451 Ὀν-

1985 397 2148 467 Cujus
2173 406 2294 451 acta
2327 397 2510 452 omnia
2535 410 2683 460 cum,
2715 403 2773 450 ut
2803 410 2962 466 supra
2991 393 3126 460 dixi,
3179 383 3555 465 cognovissent

287 518 412 555 τινα
435 497 590 572 [Μεθ’
619 495 826 569 ὅντινα]
857 498 984 570 ὅρον
1013 495 1109 550 καὶ
1128 493 1229 565 τὴν
1257 489 1642 562 προσκυνητὴν
1672 488 1878 560 ταύτην

287 591 530 664 δωρεὰν,
583 591 684 660 τὴν
724 593 802 653 είς
847 591 1000 660 ἡμᾶς
1048 585 1140 640 διὰ
1185 583 1296 638 τῶν
1347 582 1508 637 θείων
1563 580 1878 634 ἀποστόλων

290 681 446 754 παρά
473 680 569 734 τοῦ
599 680 730 733 Υἱοῦ
760 679 852 733 τοῦ
895 678 1032 732 θεοῦ
1062 675 1376 746 δεδομένην,
1415 672 1552 744 μετά
1593 673 1880 736 πλείστους

301 773 460 836 ὅσους
493 767 828 842 [πλείστους]
857 768 1085 840 καιροὺς
1119 763 1474 834 παυσαμένου
1495 762 1590 816 τοῦ
1621 761 1762 818 κατά
1779 763 1880 834 τῆς

305 861 635 934 Ἐκκλησίας
669 859 766 914 τοῦ
815 859 950 913 Θεοῦ
986 857 1255 928 διωγμοῦ,
1294 855 1362 910 δι’
1409 855 1623 927 Ἀρείου
1659 854 1824 908 πάλιν
1851 854 1880 906 6

293 953 486 1025 ἐχθρὸς
507 953 604 1022 τῆς
635 951 917 1022 ἡμετέρας
937 950 1211 1022 σωτηρίας
1233 949 1373 1004 κατά
1394 948 1496 1020 τῆς
1515 947 1690 1018 αὐτῆς
1715 947 1880 1015 ἁγίας

292 1045 708 1116 καὶάμωμήτου
748 1043 1027 1108 όπλίζεται
1058 1041 1316 1104 πίστεως,
1339 1041 1464 1106 ξένα
1491 1039 1613 1094 τινὰ
1645 1053 1878 1110 παρεισ-

299 1133 484 1204 φέρων
545 1131 688 1184 κατά
711 1129 806 1184 τοῦ
838 1131 1091 1202 Σωτῆρος
1119 1129 1419 1200 βλάσφημα
1441 1129 1682 1200 ῥήματα,
1713 1127 1780 1182 δι’
1805 1119 1879 1180 ὧν

295 1221 396 1290 τὴν
427 1223 508 1284 εἰς
543 1221 724 1274 πᾶσαν
765 1219 867 1292 τὴν
907 1220 1238 1290 οἰκουμένην
1278 1218 1608 1289 Ἐκκλησίαν
1643 1217 1735 1272 τοῦ
1768 1218 1882 1272 Κυ-

298 1310 419 1380 ρίου
445 1307 729 1380 ἐτάραξεν.
755 1305 830 1363 Ob
857 1307 1015 1378 χάριν
1036 1308 1132 1362 καὶ
1151 1308 1250 1378 τὴν
1278 1307 1704 1378 πολυάνθρωπον
1747 1305 1884 1360 ἐκεί-

297 1418 398 1468 νην
430 1401 524 1455 ἐπὶ
554 1401 654 1472 τὴν
690 1401 802 1456 τῶν
841 1399 1094 1458 Νικαέων
1134 1401 1288 1454 πόλιν
1317 1401 1346 1453 ό
1373 1401 1696 1464 πιστότατος
1727 1399 1882 1472 βασι.

297 1491 424 1556 λεὺς
471 1495 886 1557 Κωνσταντῖνος
944 1493 1224 1562 συνήγαγε
1275 1491 1515 1558 σύνοδον,
1564 1484 1632 1562 ἧς
1662 1489 1734 1544 τὰ
1779 1506 1881 1545 πε-

301 1584 600 1654 πραγμένα
642 1584 824 1638 πάντα
875 1581 1264 1656 προεγνωκὼς,
1299 1582 1378 1646 ὡς
1422 1583 1680 1657 ἀνωτέρω
1719 1580 1878 1652 ἔφην,

299 1678 394 1732 καὶ
424 1676 934 1747 διερευνησάμενος,
975 1675 1129 1745 μόλις
1162 1673 1427 1746 ἐδυνήθην
1458 1674 1642 1746 εὑρεῖν
1669 1673 1882 1744 φανερά

1983 488 2151 556 prius,
2197 487 2539 558 perquisivi:
2594 486 2684 541 vix
2717 495 2894 542 tamen
2938 485 3182 542 invenire
3228 484 3376 554 potui
3422 498 3558 538 non-

1980 579 2127 634 nulla
2155 595 2218 634 ex
2262 580 2328 634 iis
2378 594 2499 650 quae
2530 579 2640 634 illic
2672 587 2901 635 tractata
2932 587 2988 634 et
3021 579 3332 650 conscripta
3373 586 3556 642 erant,
3602 585 3608 590 ‘

1981 671 2122 739 apud
2176 671 2360 741 plures
2389 671 2542 726 viros
2595 671 2898 726 litterarum
2948 670 3240 738 studiosos,
3301 679 3359 724 ut
3414 670 3558 738 apud

1983 761 2254 818 Joannem
2281 762 2568 830 quemdam
2622 761 3019 834 presbyterum,
3066 761 3347 832 antiquum
3381 760 3556 814 virum

1988 863 2046 908 et
2077 853 2358 909 scribendi
2387 853 2674 908 admodum
2701 854 2958 922 peritttm,
3015 853 3068 908 in
3109 851 3560 924 quaterniouibus
3605 848 3666 859 “”

1987 946 2148 1002 valde
2195 947 2484 1016 antiquis:
2541 961 2718 1015 neque
2771 954 2948 1002 tamen
2997 944 3178 1001 omnia
3210 944 3332 1000 inde
3372 943 3558 1006 habui,

1981 1038 2074 1092 sed
2105 1050 2169 1092 ex
2193 1037 2315 1093 aliis
2352 1036 2516 1091 etiam
2545 1037 2902 1106 scriptoribus
2929 1037 3110 1101 variis,
3143 1045 3200 1089 ut
3231 1051 3300 1092 ex
3327 1033 3560 1090 Eusebio

1980 1127 2248 1199 Pamphili
2279 1129 2534 1198 episcopo
2563 1125 2846 1196 Cresareaa,
2888 1138 2942 1182 et
2977 1127 3190 1183 llulliuo
3224 1126 3302 1199 (5)
3334 1127 3560 1198 presby-

1985 1231 2100 1276 tero
2132 1219 2378 1276 Romano
2431 1220 2530 1290 (4),
2585 1221 2674 1290 qui
2715 1220 2878 1276 etiam
2915 1229 3114 1275 sanctae
3146 1219 3218 1274 illi
3245 1219 3448 1290 synodo
3477 1218 3582 1272 inv-

1987 1311 2308 1378 terruerunt,
2359 1311 2589 1382 aliisque
2611 1303 2876 1381 plurimis.
2941 1309 3125 1382 Neque
3171 1321 3349 1366 tamen
3400 1310 3564 1365 totius

1985 1403 2289 1458 harmonia:
2339 1403 2782 1473 consequentiam
2817 1402 3017 1470 inveni,
3074 1389 3134 1458 ut
3171 1401 3228 1458 in
3271 1417 3429 1458 sacro
3471 1403 3564 1456 illo

1983 1496 2192 1561 codice,
2243 1495 2296 1551 in
2328 1509 2514 1566 quem,
2563 1503 2624 1550 ut
2665 1509 2828 1566 supra
2863 1495 2992 1564 dixi,
3042 1495 3193 1566 prius
3229 1495 3560 1564 incideram.

1986 1587 2148 1643 Solus
2178 1602 2412 1658 namque
2445 1585 2796 1642 admirandus
2836 1586 2928 1642 ille
2973 1587 3244 1644 Eusebius
3295 1585 3562 1656 Pamphili

1995 1687 2321 1736 constanter
2361 1679 2630 1750 publicam
2665 1681 2878 1735 veritati
2911 1679 3054 1736 viam
3089 1680 3157 1734 ab
3189 1679 3424 1734 adventu
3455 1677 3564 1734 Do-

299 1765 409 1818 τῶν
437 1765 613 1818 ἐκεῖσε
645 1765 1006 1836 έσκεμμένων
1035 1765 1130 1820 καὶ
1159 1763 1549 1834 ἐγγραφέντων
1585 1763 1740 1834 παρά
1765 1779 1877 1816 τισι

1985 1772 2116 1826 mini
2142 1785 2314 1842 usque
2339 1771 2406 1825 ad
2438 1770 2618 1840 magni
2641 1769 2981 1826 Constantini
3009 1780 3253 1841 tempora
3283 1770 3564 1840 ingressus

297 1857 581 1927 διαφόροις
632 1855 991 1926 φιλομαθέσιν
1039 1856 1320 1927 ἀνδράσιν,
1373 1855 1593 1926 Ἰωάννῃ
1628 1855 1729 1924 μέν
1771 1872 1881 1912 τινι

303 1945 663 2016 πρεσϐυτέρῳ
697 1946 856 2014 ἀνδρὶ
901 1943 1141 2015 παλαιῷ,
1194 1945 1334 2014 ἄγαν
1381 1943 1660 2015 γραφικῷ,
1697 1946 1755 1997 ἐν
1795 1960 1885 2001 τεο

302 2037 542 2106 τραδίοις
577 2038 827 2101 παλαιοῖς
851 2038 994 2104 λίαν,
1022 2037 1082 2090 οὐ
1116 2035 1223 2108 μὴν
1245 2036 1362 2092 ὅλα.
1389 2037 1497 2092 Καὶ
1527 2035 1586 2107 ἐξ
1621 2036 1797 2092 ἄλλων
1827 2037 1884 2094 δὲ

305 2129 711 2198 συγγραφέων,
766 2128 1033 2182 Εὐσεϐίου
1088 2127 1184 2182 τοῦ
1232 2128 1518 2198 Παμφίλου
1577 2129 1884 2182 ἐπισκόπου

307 2220 673 2290 Καισαρείας,
723 2221 820 2274 καὶ
881 2219 1167 2290 Ῥουφίνου
1219 2219 1598 2292 πρεσϐυτέρου
1643 2219 1882 2292 Ῥώμης,

301 2309 413 2364 τῶν
443 2311 538 2364 καὶ
592 2310 710 2383 [καὶ
761 2309 894 2382 τῶν]
925 2314 990 2382 τῇ
1030 2311 1164 2390 ἁγίᾳ
1205 2311 1391 2384 ἐκείνῃ
1439 2311 1885 2384 κοινωνησάντων

305 2401 528 2471 συνόδῳ,
558 2404 652 2456 καὶ
679 2402 856 2457 ἄλλων
895 2403 1169 2459 πλείστων
1197 2404 1358 2461 ὅσων.
1389 2403 1464 2458 Οὐ
1490 2401 1598 2475 μὴν
1625 2402 1726 2474 τὴν
1752 2405 1882 2458 ἀκο-

302 2493 524 2548 λουθίαν
571 2494 674 2566 τῆς
717 2494 848 2564 ὅλης
887 2495 1154 2566 ἁρμονίας
1201 2490 1360 2567 εὗρον
1405 2494 1550 2548 κατά
1593 2494 1692 2566 τὴν
1735 2494 1888 2565 ἱερὰν

304 2585 520 2656 ἐκείνην
543 2580 790 2660 βίϐλον,ᾗ
811 2585 1274 2659 προ[σ]ενέτυχον,
1299 2587 1376 2650 ὡς
1405 2585 1664 2658 ἀνωτέρω
1693 2603 1782 2657 μοι
1809 2585 1888 2640 εί·-

305 2693 492 2746 ρηται.
522 2677 697 2742 Μόνος
724 2696 834 2750 γαρ
860 2677 1121 2744 Εὐσέϐιος
1151 2681 1180 2733 6
1210 2679 1515 2750 θαυμάσιος
1543 2679 1572 2730 6
1597 2677 1888 2748 Παμφίλου

305 2769 543 2838 ἀτρεπτὶ
574 2772 638 2840 τῇ
669 2770 932 2840 λεωφόρῳ
957 2769 1058 2840 τῆς
1091 2770 1354 2842 ἀληθείας
1395 2769 1502 2824 ἀπὸ
1527 2769 1627 2840 τῆς
1652 2771 1746 2822 τοῦ
1777 2771 1890 2822 Κυ-

305 2861 429 2934 ρίου
467 2862 772 2933 παρουσίας
798 2862 902 2927 ἕως
935 2864 1042 2921 τῶν
1081 2863 1176 2918 τοῦ
1205 2863 1446 2932 μεγάλου
1473 2863 1888 2922 Κωνσταντίνου

303 2951 518 3022 χρόνων
567 2952 878 3010 διώδευσεν.
921 2954 1062 3008 Ἀλλ’
1110 2955 1232 3010 οὐδέ
1256 2957 1324 3012 τὰ
1355 2957 1452 3010 ὅλα
1477 2955 1660 3025 εὑρεῖν
1690 2955 1889 3026 ἠδυνή-

303 3042 430 3112 θην,
458 3043 598 3116 πλὴν
642 3045 744 3099 ὅσα
779 3045 1036 3118 γνώριμά
1071 3063 1160 3117 μοι
1195 3047 1288 3100 καὶ
1326 3049 1424 3118 τῆς
1463 3047 1724 3116 ἀληθείας
1759 3045 1908 3110 ῐδια,·

1982 1873 2088 1918 est.
2138 1861 2244 1918 Sed
2281 1876 2456 1932 neque
2485 1863 2668 1917 omnia
2701 1861 2946 1918 invenire
2979 1860 3153 1930 potui,
3201 1869 3402 1938 praeter
3433 1867 3560 1915 nota

1982 1955 2115 2008 mihi
2146 1962 2203 2010 et
2235 1953 2482 2009 veritatis
2510 1953 2752 2024 propria,
2803 1967 2873 2006 ex
2912 1966 2977 2007 eo
3010 1951 3151 2007 libro
3198 1965 3360 2021 quem
3409 1949 3564 2022 prius

1983 2057 2084 2114 ego
2121 2042 2381 2114 legeram.
2416 2041 2552 2097 Cum
2591 2051 2774 2096 autem
2805 2055 2874 2096 ex
2936 2039 3181 2109 utrisque
3228 2036 3408 2108 aliqua
3447 2037 3562 2090 col-

1984 2135 2261 2204 legissem,
2299 2133 2670 2190 necessarium
2703 2132 3013 2188 existimavi
3066 2131 3158 2187 illa
3189 2130 3243 2185 in
3278 2130 3382 2186 hoc
3423 2129 3562 2184 libro

1984 2225 2297 2282 describere
2322 2229 2389 2282 ad
2420 2241 2762 2281 communem
2797 2225 3110 2292 utilitatem,
3149 2233 3314 2296 atque
3356 2223 3562 2280 contir-

1987 2321 2283 2375 mationem
2335 2333 2522 2374 eorum
2560 2317 2650 2388 qui
2711 2317 2764 2372 in
2817 2318 2932 2372 hinc
2983 2318 3184 2388 scripta
3247 2315 3558 2371 inciderint.

1987 2411 2354 2467 Exordiemur
2376 2410 2632 2479 deinceps
2659 2423 2964 2465 sermonem
2989 2417 3236 2464 nostrum
3266 2407 3563 2480 (prmeunte

1987 2511 2153 2572 atque
2201 2501 2434 2556 ducente
2469 2515 2566 2554 nos
2613 2497 2725 2554 Deo
2761 2497 2938 2554 Verbo
2981 2510 3196 2568 semper
3243 2496 3478 2562 vivente)
3531 2511 3563 2550 a

1989 2591 2322 2662 temporibus
2357 2590 2504 2661 regni
2540 2588 2934 2660 religiosissimi
2967 2602 3023 2643 et
3055 2585 3366 2656 christigeri
3419 2585 3566 2655 regis

1987 2681 2356 2747 Constantini,
2398 2680 2490 2750 qui
2525 2678 2792 2752 synodum
2823 2679 3206 2750 episcoporum
3255 2679 3310 2731 in
3345 2675 3566 2731 civitate

1989 2772 2167 2828 Nicaea
2201 2770 2520 2841 congregari
2565 2770 2747 2840 jussit.
2809 2768 2867 2825 In
2911 2769 3020 2824 alio
3055 2765 3470 2831 commentario,
3516 2766 3563 2820 si

1991 2863 2100 2916 Deo
2125 2861 2322 2931 placet,
2382 2861 2719 2914 nativitatem
2753 2859 2922 2929 ipsius
2950 2858 3059 2914 Deo
3088 2857 3393 2914 charissimi
3424 2855 3564 2912 Cou-

1989 2952 2234 3018 stantini,
2282 2968 2347 3009 ac
2392 2961 2592 3006 statum
2651 2959 2950 3024 temporum
3006 2949 3202 3020 quibus
3251 2957 3405 3019 pater
3449 2945 3567 3016 ejus

1992 3044 2260 3116 regnavit,
2295 3043 2410 3098 refe
2419 3058 2553 3096 ram.
2820 3032 2822 3034 ’
3335 3046 3340 3052 ’

306 3137 448 3196 κατά
473 3137 570 3203 τὴν
609 3139 1164 3209 προαναγνωσθείσάν
1203 3157 1293 3211 μοι
1329 3140 1533 3211 βίϐλον,
1569 3129 1750 3214 εὗρον.
1779 3139 1893 3195 Καὶ
1930 3137 1991 3204 ἐξ
2018 3137 2292 3208 ἑκατέρων
2357 3133 2778 3206 ἀναλεξάμενος,
2833 3134 3130 3209 ἀναγκαῖον
3154 3131 3344 3206 ᾠήθην
3367 3131 3569 3203 ἐγγρά-

303 3229 403 3300 ψαι
435 3228 572 3297 τῷδε
601 3229 678 3300 τῷ
719 3229 910 3300 βιϐλίῳ
941 3231 1076 3300 πρὸς
1121 3232 1388 3300 ὠφέλειαν
1427 3233 1634 3304 κοινὴν,
1669 3234 1764 3288 καὶ
1799 3234 2079 3304 στήριγμα
2100 3231 2209 3284 τῶν
2278 3229 2674 3300 ἐντευξομένων
2746 3229 2882 3300 τῷδε
2913 3228 2994 3300 τῷ
3049 3229 3359 3301 γράμματι.
3384 3228 3572 3300 "Apis.

303 3341 396 3376 ται
422 3323 485 3394 δή
518 3339 606 3392 μοι
637 3323 823 3378 λοιπὸν
852 3325 881 3376 ὁ
917 3321 1098 3393 λόγος,
1131 3325 1612 3394 προοδοποιοῦντός
1691 3344 1780 3397 μοι
1821 3327 1916 3380 καὶ
1956 3323 2320 3396 πώηγοῦντος
2403 3323 2494 3378 τοῦ
2535 3323 2624 3376 ἀεῖ
2667 3319 2868 3387 ζῶντος
2908 3321 3047 3376 Θεοῦ
3085 3322 3280 3392 Λόγου,
3311 3321 3419 3376 ἀπὸ
3461 3322 3568 3377 τῶν

304 3414 514 3486 χρξνων
535 3413 634 3484 τῆς
661 3413 940 3484 βασιλείας
966 3415 1058 3468 τοῦ
1099 3415 1494 3470 εὐσεϐεστάτου
1558 3417 1656 3470 καὶ
1689 3417 2071 3489 Χριστοφόρου
2139 3413 2408 3486 βασιλέως
2475 3413 2916 3478 Κωνσταντίνου,
2957 3413 3052 3468 τοῦ
3092 3414 3183 3468 καὶ
3219 3415 3320 3485 τὴν
3352 3413 3570 3468 σύνοδον

304 3511 413 3563 τῶν
436 3511 750 3564 ἐπισκόπων
820 3511 880 3562 ἐν
937 3513 1007 3583 τῇ
1041 3511 1294 3566 Νικαέων
1362 3512 1818 3586 συναθροισθῆναι
1849 3514 2256 3586 προστάξαντος
2299 3513 2471 3568 πόλει.
2519 3511 2608 3564 Ἐν
2669 3511 2842 3582 ἑτέρῳ
2871 3511 3004 3582 γάρ,
3033 3511 3084 3563 εἰ
3120 3509 3199 3581 τῷ
3239 3509 3359 3581 Θεῷ
3392 3509 3568 3579 φίλον,

303 3604 374 3656 τὰ
401 3603 498 3673 τῆς
527 3605 794 3671 γενέσεως
823 3603 1132 3667 αὑτοῦ,καὶ
1161 3605 1268 3661 τῶν
1334 3608 1544 3677 χρόνων
1609 3607 1710 3678 τῆς
1766 3607 1862 3661 τοῦ
1911 3607 2119 3678 πατρὸς
2167 3607 2332 3666 αὑτοῦ
2377 3605 2789 3661 Κωνσταντίνου
2841 3603 2933 3663 τοῦ
2981 3603 3400 3678 θεοφιλεστάτου
3451 3602 3568 3677 [τον.

305 3695 743 3768 Κωνσταντίνου]
777 3696 1054 3766 βασιλείας
1079 3699 1178 3770 τὴν
1205 3700 1482 3771 διαγωγὴν
1512 3702 1724 3771 ἐντάξω
1755 3702 2171 3773 συγγράμματι.

727 3813 1122 3871 ΚΕΦΑΛΑΙΟΝ
1159 3815 1454 3876 ΠΡΩΤΟΝ.

383 3941 401 3973 ι
447 3926 598 3978 Μετά
639 3925 737 3996 τὴν
779 3927 1041 3982 ἀπόθεσιν
1078 3929 1178 4000 τῆς
1229 3929 1516 4000 βασιλικῆς
1567 3930 1883 4002 ἁλουργίδος

305 4017 406 4085 τῆς
461 4017 570 4070 τῶν
614 4018 892 4090 τυράννων
931 4021 1314 4091 Διοκλητιανοῦ
1357 4023 1452 4075 καὶ
1500 4023 1882 4093 Μαξιμιανοῦ,

303 4107 396 4160 τὸν
448 4108 714 4162 Ξδιωτικδν
765 4110 1150 4183 ἀπειληφότων
1204 4112 1384 4166 αὐτῶν
1428 4113 1562 4183 βίον,
1606 4113 1748 4167 καθά
1777 4131 1884 4184 φη-

308 4215 394 4250 σιν
426 4199 704 4264 Εὐσέϐιος,
740 4202 934 4271 χρόνου
967 4203 1026 4254 οὑ
1055 4203 1308 4257 πλείστου
1343 4204 1545 4276 μεταξὺ
1566 4204 1880 4275 γενομένου,

306 4289 564 4360 βασιλεὺς
628 4293 1062 4357 Κωνσταντῖνος,
1117 4293 1247 4364 (τὸν
1281 4296 1458 4350 πάντα
1503 4295 1616 4366 βίον
1646 4296 1884 4368 πραότα-

303 4382 448 4450 τος),
509 4383 605 4436 καὶ
664 4386 775 4448 τοῖς
805 4385 1068 4456 ὑπηκόοις
1104 4387 1512 4453 εὐνοϊκώτατος,
1549 4389 1628 4458 τῷ
1666 4405 1723 4441 τε
1755 4387 1883 4458 θείῳ

302 4473 450 4544 λόγῳ
525 4475 988 4544 προσφιλέστατον
1044 4477 1236 4530 ἑαυτὸν
1311 4477 1624 4548 διαθέμενος
1649 4521 1661 4545 ,
1723 4481 1884 4532 παῖδα

304 4566 528 4633 γνήσιον
580 4567 987 4621 Κωνσταντῖνον
1033 4569 1411 4640 αὐτοκράτορα
1467 4571 1562 4624 καὶ
1624 4570 1882 4624 σεϐαστὸν

304 4655 424 4709 ἀνθ’
457 4655 652 4710 ἑαυτοῦ
683 4657 1020 4722 καταλιπὼν,
1049 4660 1212 4730 κοινῷ
1246 4660 1461 4729 φύσεως
1493 4662 1640 4732 νόμῳ
1659 4663 1884 4734 τελευτᾷ

303 4747 396 4800 τὸν
435 4747 570 4816 βίον.
603 4747 848 4818 Ἀπὰσης
883 4750 1020 4818 μετά
1049 4749 1298 4817 θάνατον,
1331 4753 1428 4823 ὅση
1467 4753 1678 4823 βασιλεί
1703 4772 1785 4817 τις
1819 4757 1883 4808 ἂν

301 4837 590 4904 ὠφείλετο,
621 4840 786 4909 τιμῆς
825 4839 1148 4910 ἠξιωμένος,
1181 4844 1563 4912 χρηστότατος.
1597 4846 1690 4897 καὶ
1709 4847 1884 4914 ἠπιώ-

301 4946 467 4992 τατος
499 4928 749 4998 βασιλεὺς
788 4935 1056 5000 γεγονώς·
1099 4933 1156 4997 ὃς
1199 4933 1262 5003 δὴ
1299 4935 1391 4987 καὶ
1429 4935 1587 5004 μόνος
1611 4935 1720 4987 τῶν
1762 4935 1882 4988 καθ’

301 5021 452 5090 ἡμᾶς
482 5017 720 5086 ἐπαξίως
755 5023 852 5092 τῆς
880 5023 1176 5094 ἡγεμονίας
1222 5027 1312 5078 τὸν
1351 5029 1529 5080 πάντα
1569 5027 1668 5096 τῆς
1710 5029 1882 5098 ἀρχῆς

296 5111 616 5175 διατελέσας
652 5113 862 5182 χρόνον,
905 5116 999 5167 καὶ
1040 5115 1108 5167 τὰ
1140 5115 1273 5170 ἄλλα
1312 5119 1423 5179 τοῖς
1459 5119 1590 5169 πᾶσι
1630 5117 1884 5181 δεξιώτα-

371 5255 395 5286 ⁸
427 5253 567 5309 Hist.
597 5257 692 5312 lib.
731 5271 770 5320 I,
801 5255 890 5310 26.

373 5395 451 5460 (5)
491 5393 738 5450 Bullinus
780 5405 954 5447 tamen
1017 5393 1266 5445 laudatur
1324 5393 1392 5445 ab
1449 5392 1774 5462 Ilieronynio
1823 5393 1874 5444 in

297 5465 566 5522 Chronico
591 5466 657 5516 ad
686 5481 774 5518 an.
795 5465 921 5527 577,
947 5465 1103 5528 longe
1131 5469 1249 5530 post
1267 5463 1552 5516 concilium
1579 5462 1872 5516 Nicmttutn.

303 5539 440 5590 \iile
469 5543 630 5600 caput.
665 5549 914 5600 sequens.
953 5534 1126 5586 "AllD.

372 5605 451 5673 (4)
481 5602 544 5654 Et
570 5620 634 5657 ea:
652 5604 794 5664 aliis.
819 5604 928 5670 qui,
959 5615 1090 5665 etc.,
1120 5603 1276 5656 habet
1306 5602 1510 5673 Ληουεῖ
1543 5601 1868 5673 Pisaniver-

299 5678 403 5736 sio,
436 5671 604 5740 quam
643 5673 932 5728 identidem
968 5673 1315 5741 interpolavit
1349 5671 1626 5727 Ballurcus
1669 5672 1870 5726 substi-

2488 3815 2718 3870 CAPUT
2760 3813 3052 3869 PRIMUM.

2067 3945 2086 3978 ι
2123 3927 2234 3980 Non
2275 3927 2444 3982 multo
2479 3937 2600 3996 post
2633 3936 2874 3996 tempore
2907 3925 2988 3994 (ut
3021 3925 3196 3994 inquit
3238 3925 3564 3993 Eu~ebius')

1987 4035 2148 4090 quam
2179 4019 2395 4088 tyranni
2432 4017 2794 4072 Diocletianus
2829 4025 2880 4070 et
2930 4014 3290 4070 Maximianus
3323 4014 3562 4084 deposita

1985 4111 2152 4182 regali
2183 4124 2444 4181 purpura,
2479 4109 2744 4180 privatam
2787 4109 2949 4162 vitam
2989 4106 3290 4176 elegerunt,
3329 4107 3565 4174 impera-

1987 4216 2070 4260 tor
2115 4204 2466 4260 Constantius
2513 4203 2668 4274 (tota
2728 4201 2836 4256 vita
2893 4197 3399 4269 clementissimus)
3437 4198 3562 4254 sub-

1979 4297 2138 4367 jectis
2187 4294 2748 4360 benevolentissimus,
2792 4299 2846 4348 et
2878 4307 3003 4362 erga
3051 4290 3288 4346 divinum
3324 4291 3560 4346 Verbum

1985 4388 2314 4443 amicissime
2364 4387 2761 4451 aﬂ‘ectns,cum
2820 4399 3132 4454 germanum
3199 4382 3364 4438 lilium
3405 4400 3560 4440 suum

1983 4478 2396 4536 Constantinum
2461 4479 2842 4546 imperatorem
2894 4485 2944 4531 et
2984 4475 3288 4545 Augustum
3340 4489 3438 4545 pro
3503 4490 3562 4530 se

1989 4570 2328 4639 reliquisset,
2365 4569 2637 4624 communi
2686 4577 2896 4622 natura:
2959 4565 3075 4626 lege
3135 4565 3294 4620 linem
3345 4565 3559 4620 vivendi

1987 4662 2134 4718 fecit.
2165 4659 2296 4718 Post
2323 4669 2548 4715 mortem
2579 4660 2776 4728 dignus
2811 4658 3030 4712 habitus
3057 4656 3200 4710 omni
3235 4657 3444 4712 honore
3468 4657 3561 4724 qui

1987 4752 2302 4822 imperatori
2351 4751 2690 4815 debebatur,
2737 4751 2936 4818 quippe
2987 4749 3069 4801 vir
3121 4757 3176 4802 et
3225 4747 3460 4817 optimus
3507 4759 3564 4802 et

1985 4841 2452 4896 mansuetissimus
2479 4841 2600 4907 fuit,
2639 4841 2840 4908 quique
2885 4838 3032 4893 solus
3072 4837 3216 4893 inter
3265 4839 3560 4907 imperato-

1988 4949 2075 4989 res
2121 4943 2319 4986 nostra:
2362 4932 2656 4994 memoria},
2699 4941 2869 4986 totum
2902 4931 3051 5002 regni
3093 4930 3176 4986 sui
3227 4915 3462 5000 tempus,
3503 4941 3561 4984 nt

1987 5025 2195 5095 imperii
2235 5025 2472 5092 dignitas
2517 5024 2775 5094 postulat.
2827 5025 3008 5094 exegit
3039 5035 3132 5080 :et
3167 5039 3290 5078 cum
3336 5023 3387 5076 in
3437 5021 3559 5076 aliis

1988 5117 2237 5171 omnibus
2285 5116 2736 5172 humanissimum
2766 5126 2819 5170 et
2851 5116 3400 5172 beneficentissimum
3441 5127 3562 5170 sese

1987 5393 2196 5460 tuitque
2227 5409 2291 5446 ea:
2320 5393 2386 5446 iis
2405 5395 2495 5462 qui
2534 5405 2718 5448 sancta
2741 5396 2840 5455 illi.
2876 5405 2982 5450 ntc.
3019 5397 3248 5452 Romani
3286 5413 3413 5454 vero
3431 5397 3560 5452 edi.

1986 5474 2128 5513 tores
2179 5463 2281 5514 illis
2337 5466 2560 5518 sublatis
2610 5475 2662 5518 ct
2693 5467 2980 5520 substituta
3011 5469 3272 5533 particula
3305 5469 3464 5523 etiam
3499 5478 3558 5523 ut

1985 5533 2173 5583 melius
2203 5537 2550 5600 responderet
2579 5535 2768 5588 Grzem
2831 5538 3023 5596 IeXIui,
3063 5553 3176 5590 rem
3207 5553 3424 5592 omnem
3459 5539 3558 5590 oli-

1982 5603 2464 5676 .‘Clll‘ﬂl‘lllltttltlltl
2518 5605 2784 5658 Iiulliuttm
2823 5620 2926 5656 non
2983 5621 3142 5661 secus
3191 5619 3353 5676 atquc
3387 5608 3555 5667 Euse-

1984 5673 2126 5724 bium
2153 5671 2382 5727 concilio
2407 5671 2621 5728 Nicaeae
2649 5686 2968 5743 praesentem
3005 5671 3308 5737 insinuant.
