4042 6142
516 329 656 401 12υ3

1790 335 2097 396 GELASII
2138 330 2447 396 CYZICEN
2456 338 2484 395 Ι

3658 330 3791 396 1:04

512 452 736 506 nuntius
767 464 1095 520 magnopere
1135 447 1447 503 commovit.
1499 447 1786 519 Nunquam
1819 449 1962 502 enim
1999 465 2097 516 pu-

2224 449 2299 499 ιαὶ
2339 450 2633 517 ποταμοῖς,
2662 448 2753 500 καὶ
2808 447 3071 511 ποικίλοις
3122 446 3417 517 βαρϐάροις
3464 444 3788 514 πεφραγμέ-

516 542 651 595 tavit
694 537 832 605 fore,
879 548 935 592 ut
969 537 1237 608 quispiam
1292 537 1595 592 exercitum
1648 554 1744 607 per
1794 547 1903 591 tam
1956 538 2094 592 latas

520 634 773 703 regiones
819 629 1117 699 trajiceret,
1179 643 1382 698 easque
1440 629 1737 697 montibus,
1785 629 1986 695 ﬂuviis,
2041 639 2097 684 et

516 724 806 777 multorum
833 721 1190 776 barbarorum
1215 721 1384 776 armis
1410 720 1761 787 interclusas,
1792 731 1955 792 atque
1977 723 2097 777 aliis

514 816 677 869 etiam
726 812 1168 876 difﬁcultatibus,
1222 827 1352 881 quae
1412 813 1463 867 in
1528 812 1662 868 locis
1713 814 1946 868 desertis
2000 829 2097 868 sua

423 934 439 941 -
516 915 707 974 sponte
762 903 1113 973 proyeniunt.
1185 901 1499 973 Regnorum
1568 905 1714 958 enim
1785 904 2095 973 przesidium

517 995 815 1048 maximum
874 995 1198 1064 plerumque
1258 996 1318 1048 llt
1372 995 1485 1063 ipsa
1537 995 1778 1050 locorum
1841 995 2095 1050 solitudo.

514 1087 728 1143 Placuit
789 1086 1008 1141 interim
1054 1086 1354 1140 exercitum
1410 1086 1550 1141 clam
1607 1086 1777 1141 Roma
1816 1101 2099 1156 egressum

519 1178 686 1233 multa
716 1193 837 1230 cum
876 1177 1158 1233 celeritate
1203 1179 1493 1233 adversum
1530 1179 1749 1243 ducere,
1792 1187 1846 1232 et
1889 1179 2097 1232 hostem

520 1270 591 1324 ab
616 1268 770 1324 Italia
797 1268 1089 1337 depellere.
1127 1264 1234 1325 Ubi
1259 1284 1387 1324 vero
1418 1280 1605 1324 contra
1640 1271 1921 1324 instructze
1944 1279 2103 1324 erant

520 1362 687 1427 acies,
725 1369 781 1416 et
820 1361 933 1415 visa
991 1360 1248 1429 utrinque
1292 1361 1548 1416 militaria
1598 1361 1789 1431 signa;
1844 1371 1956 1415 tum
1993 1377 2100 1416 non

522 1453 715 1508 eadem
749 1466 843 1522 spe
872 1452 1158 1521 pugnaturi
1197 1454 1539 1508 videbantur.
1573 1453 1801 1508 Romani
1832 1456 1977 1509 enim
2004 1470 2103 1509 ex-

520 1547 709 1619 positi,
744 1554 800 1600 et
841 1559 937 1613 per
983 1543 1281 1614 phalanges
1335 1542 1514 1613 eﬂusi,
1547 1557 1660 1601 tum
1714 1547 1880 1602 multa
1925 1563 2106 1603 cessa-

525 1640 674 1694 tione
714 1647 768 1694 et
809 1636 993 1708 quiete
1035 1640 1287 1705 recreati,
1322 1641 1467 1709 digni
1518 1640 1843 1695 videbantur
1873 1642 1964 1711 qui
2004 1658 2105 1712 pn-

523 1745 685 1800 gnam
745 1744 869 1784 cum
918 1727 1075 1782 hoste
1124 1731 1560 1795 committerent,
1602 1730 1831 1800 spiritus
1883 1746 2108 1801 magnos

2196 555 2316 607 νην,
2352 540 2446 591 καὶ
2497 540 2621 602 ταῖς
2671 539 2969 607 αὐτοφυέσι
2999 538 3096 607 τῆς
3140 535 3378 607 ἐρημίας
3419 533 3795 603 δυσχερείαις-

2198 630 2473 696 Μέγιστον
2507 630 2621 700 γάρ
2668 629 2881 697 γίνεται
2925 629 3185 692 πολλάκις
3237 626 3594 697 ἐπιτείχισμα
3643 624 3798 694 βασι-

2197 721 2405 792 λείας
2432 721 2538 775 τῶν
2561 721 2745 775 τόπων
2775 723 3003 793 ἐρημία.
3038 722 3151 775 Καὶ
3187 720 3253 790 δὴ
3300 720 3498 782 ἐδόκει,
3534 718 3631 771 σὺν
3666 717 3798 768 πολ-

2198 813 2275 883 λῷ
2304 814 2459 884 τάχει
2485 817 2583 886 τῆς
2626 813 2845 886 Ῥώμης
2890 812 3246 879 ὑπεξελθόντα
3279 811 3370 864 τὸν
3407 809 3638 880 στρατὸν
3677 808 3801 860 ἀνθ-

2199 905 2491 974 υπεξάγειν
2519 946 2534 971 ,
2594 907 2692 960 καὶ
2741 907 2839 975 τῆς
2895 904 3125 968 Ἰταλίας
3182 921 3289 956 που
3340 900 3798 974 προανακρούσα-

2205 998 2350 1052 σθαι.
2405 999 2491 1062 Ὡς
2520 999 2575 1053 δὲ
2604 998 3157 1068 άντιπαρετάττοντο.
3185 996 3280 1049 καὶ
3319 995 3387 1048 τά
3422 995 3626 1062 σημεῖα
3661 990 3801 1043 εἶδον

2202 1089 2471 1157 ἀλλήλων,
2515 1090 2752 1143 ἐνταῦθα
2800 1091 2832 1158 ὴ
2867 1089 3017 1159 μάχη
3076 1087 3265 1140 λοιπὸν
3313 1086 3499 1140 ἄνισον
3553 1079 3670 1151 εἶχε
3703 1082 3799 1151 τὴν

2203 1182 2417 1236 ἐλπίδα.
2448 1182 2512 1236 Οἱ
2543 1184 2639 1253 μὲν
2669 1181 2780 1252 γὰρ
2810 1180 2917 1235 ἀπὸ
2967 1178 3189 1250 Ῥώμης
3224 1176 3680 1249 προεκτεθέντες,
3707 1175 3802 1226 καὶ

2205 1275 2347 1329 κατὰ
2375 1276 2661 1345 φάλαγγας
2691 1275 3030 1346 ἐκχεόμενοι,
3059 1274 3154 1327 καὶ
3177 1275 3240 1326 ὲκ
3262 1270 3465 1341 πολλῆς
3488 1268 3803 1337 ἐκεχειρίας

2204 1368 2617 1432 διαναπαύσεως
2649 1367 2822 1435 ὄντες,
2855 1366 3074 1421 ἐδόκουν
3112 1365 3402 1435 ἀξιόμαχοι
3457 1362 3803 1430 καταφαίνε-ιι

2207 1458 2334 1511 σθαι
2361 1458 2622 1528 φρόνημα
2644 1458 2832 1529 φέρειν
2856 1456 3007 1522 ἄξιον
3026 1442 3125 1526 τῆς
3152 1455 3362 1518 πόλεως
3384 1444 3711 1523 ἐφάμιλλον.
3740 1453 3802 1505 Oi

2206 1549 2264 1603 δὲ
2303 1550 2442 1621 μετά
2481 1550 2899 1604 Κωνσταντίνου
2936 1548 3411 1620 παραταττόμενοι
3449 1544 3659 1615 πολλὴν
3706 1546 3803 1613 μὲν

2209 1641 2639 1712 κατειλήιρεισαν
2668 1642 2796 1711 γῆν,
2824 1640 2997 1694 πολλά
3023 1640 3079 1693 δὲ
3105 1638 3323 1710 λάφυρα
3362 1638 3457 1690 καὶ
3496 1635 3670 1689 σκῦλα
3710 1634 3805 1687 τοῦ

2212 1733 2451 1805 πολέμου
2492 1736 2790 1805 συνήγοντο
2830 1734 3017 1804 πόθῳ,
3049 1732 3235 1805 δρόμῳ
3261 1732 3318 1784 δὲ
3351 1730 3556 1801 μᾶλλον
3596 1727 3698 1797 τῆς
3728 1727 3806 1781 νίο

524 1828 781 1889 gerentes
818 1827 874 1873 et
902 1820 1037 1874 urbe
1064 1820 1180 1888 ipsa
1218 1821 1430 1890 dignos.
1471 1820 1813 1876 Constantini
1847 1837 1977 1876 vero
2006 1824 2108 1877 mi-

2224 1843 2335 1894 ιιης,
2369 1827 2402 1895 ἥ
2436 1825 2735 1880 ἀπολαύσει
2757 1826 2866 1880 τῶν
2889 1826 3243 1896 εἰλημμένων
3272 1823 3636 1895 χρησάμενοι.
3661 1819 3802 1887 Ἤδη

522 1908 648 1966 lites
672 1911 727 1967 in
759 1912 928 1968 armis
948 1922 1158 1969 stantes
1189 1913 1466 1977 instructi,
1495 1913 1718 1967 multam
1747 1914 1965 1983 quidem
1991 1924 2101 1970 ter-

520 2013 643 2060 ram
692 2012 1113 2072 occupaverant,
1166 2004 1335 2057 multa
1386 2020 1517 2059 vero
1562 2006 1730 2075 spolia
1780 2014 1836 2060 et
1881 2006 2108 2063 exuvias

2213 1916 2271 1971 δὲ
2302 1916 2487 1971 λοιπὸν
2545 1913 2685 1988 ἦσαν
2734 1918 2873 1987 πρὸς
2912 1918 3003 1970 τὸν
3053 1918 3299 1985 κάματον
3338 1912 3803 1985 ἀπαγορεύοντες,

2216 2009 2311 2062 καὶ
2346 2010 2481 2081 πρὸς
2522 2009 2619 2080 τὴν
2657 2009 2971 2080 πυκνότητα
3000 2008 3107 2061 τῶν
3136 2006 3313 2060 πόνων
3346 2006 3662 2065 ἐνδιδόντες.

524 2096 650 2153 belli
702 2096 1071 2167 collegerant,
1125 2111 1287 2152 cursu
1338 2099 1510 2167 magis
1587 2099 1832 2154 victoria:
1887 2106 2139 2165 utentes,
2179 2115 2341 2171 quam
2383 2103 2615 2156 fructum
2664 2101 2899 2171 aliquem
2973 2099 3339 2169 percipientes
3388 2111 3452 2151 ex
3506 2096 3670 2149 rebus
3712 2106 3807 2147 ca-

526 2192 653 2262 ptis.
711 2189 982 2247 Caeterum
1033 2189 1190 2262 longa
1249 2192 1639 2265 defatigatione
1695 2194 1873 2261 fracti,
1938 2196 2106 2251 nimia
2148 2197 2393 2252 laborum
2423 2196 2747 2253 assiduitate
2773 2196 3092 2267 languentes
3121 2201 3277 2249 erant
3306 2202 3358 2247 et
3399 2189 3632 2245 remissi.

1173 2368 1328 2426 CAP.
1372 2370 1466 2427 ιν.

649 2501 727 2560 De
750 2519 905 2560 cruce
930 2520 1050 2577 quae
1083 2506 1331 2577 apparuit
1362 2503 1715 2560 Constantino
1751 2507 1806 2560 in
1834 2508 1983 2560 caelo.

599 2728 734 2784 Cum
780 2730 846 2783 ad
884 2731 1029 2785 hunc
1078 2729 1297 2785 modum
1345 2744 1587 2800 pugnare
1630 2730 2026 2793 decrevissent,
2060 2740 2114 2786 et

531 2822 703 2892 copia:
745 2822 953 2878 viribus
1015 2837 1174 2892 pares
1222 2822 1481 2893 utrinque
1527 2832 1737 2878 starent
1797 2823 2112 2887 instructu,

532 2913 676 2968 Dens
698 2913 1117 2969 Constantinum
1155 2914 1373 2969 ctelitus
1413 2923 1611 2978 armat,
1643 2914 1939 2969 ostendens
1972 2915 2020 2969 ei
2062 2915 2113 2967 in

533 3005 674 3060 εαιιο
706 3004 943 3059 salutare
980 3007 1161 3061 crucis
1210 3006 1425 3076 signum
1459 3021 1526 3060 ex
1560 3007 1697 3061 lucis
1727 3006 2015 3077 splendore
2061 3007 2112 3059 in

534 3095 676 3152 caelo
707 3095 1037 3166 ﬁguratum;
1070 3096 1263 3152 litterae
1304 3112 1439 3153 vero
1481 3097 1710 3153 visionis
1742 3099 1848 3153 vim
1896 3114 2115 3154 onmem

534 3197 588 3243 et
638 3202 857 3244 sensum
918 3186 1286 3256 explicabant,
1336 3189 1536 3257 quibus
1584 3190 1971 3246 scribebatur:
2005 3190 2119 3244 Hoc
2148 3176 2190 3233 Ο

540 3281 713 3336 vince.
741 3279 865 3337 Haec
895 3279 1140 3334 narratio
1183 3280 1492 3337 inﬁdelibus
1517 3280 1698 3336 fabula
1743 3293 1795 3335 et
1841 3296 2120 3336 commen-
2142 3326 2165 3333 -

543 3383 657 3427 tum
685 3386 809 3428 esse
843 3372 1057 3427 videtur
1084 3372 1136 3426 in
1188 3371 1419 3442 gratiam
1460 3373 1724 3428 doctrina:
1752 3383 1992 3430 nostrae:
2023 3374 2121 3430 sed

537 3474 667 3519 Vera
712 3464 937 3520 credere
983 3464 1239 3529 assuetis,
1286 3472 1436 3519 certa
1477 3463 1555 3519 rei
1604 3474 1770 3534 gesta
1805 3465 2119 3521 declaratio.

542 3554 679 3609 Nam
713 3555 860 3611 Deus
894 3555 985 3625 qui
1025 3554 1238 3625 signum
1286 3555 1429 3611 istud
1477 3557 1675 3624 pinxit,
1723 3557 1901 3627 reipsa
1936 3569 2122 3627 postea

542 3648 786 3704 ostendit
830 3648 1057 3718 gratiam
1090 3647 1285 3703 litteris
1336 3647 1723 3716 significatam,
1777 3649 2000 3703 minime
2027 3663 2123 3701 va-

541 3756 670 3795 nam
720 3738 910 3795 fuisse.
969 3739 1122 3805 Quod
1168 3739 1214 3793 si
1261 3739 1502 3793 nondum
1542 3738 1937 3808 persuademus
1980 3738 2123 3807 quod

552 3832 842 3889 scribimus
871 3830 1046 3904 (prius
1074 3831 1219 3886 enim
1252 3830 1531 3886 historiam
1556 3832 1865 3894 scribimus,
1884 3846 1949 3885 eo
1981 3831 2124 3902 quod

543 3937 660 3978 rem
714 3936 929 3977 omnem
982 3922 1141 3991 paulo
1196 3923 1359 3979 altius
1401 3931 1763 3989 arcessentes,
1811 3922 2126 3993 colligamus

542 4030 664 4084 qua:
698 4014 890 4070 abillo
929 3988 1139 4071 utiliter
1167 4024 1318 4086 gesta
1365 4024 1494 4072 sunt
1536 4016 1592 4070 in
1635 3988 1792 4081 vita),
1832 3988 2023 4069 verum
2061 3988 2128 4068 iis

543 4122 665 4177 qua
694 4107 959 4177 deinceps
999 4117 1302 4178 sequuntur
1342 4109 1567 4165 credere
1595 4117 1831 4178 oportet,
1856 4122 1977 4176 quae
2002 4121 2128 4162 cum

546 4209 736 4254 nostra
762 4198 928 4255 etiam
972 4209 1131 4256 actate
1157 4202 1249 4272 qui
1294 4202 1399 4257 sub
1426 4199 1751 4257 Constantio
1781 4198 2126 4255 Constantini

548 4291 665 4346 tilio
696 4289 1024 4357 militabant,
1060 4293 1176 4347 suis
1212 4292 1477 4347 vidissent
1504 4292 1697 4359 oculis,
1737 4301 1972 4346 veterem
2008 4289 2129 4344 inli-

547 4384 825 4440 delitatem
860 4386 1017 4441 novis
1047 4384 1351 4440 visionibus
1385 4394 1671 4440 sanarunt.
1703 4382 1759 4438 Si
1787 4383 2000 4438 Hebraei
2044 4382 2131 4436 his

547 4475 1001 4541 contradixerint,
1029 4474 1198 4528 multa
1233 4486 1300 4526 ex
1332 4486 1518 4527 eorum
1548 4472 1703 4528 libris
1727 4471 2125 4526 incredibilium

547 4565 778 4636 proferri
813 4573 1059 4635 possunt,
1090 4578 1210 4634 quae
1255 4572 1433 4617 tamen
1462 4579 1586 4617 vera
1620 4563 2077 4618 esseScreduntur
2109 4580 2122 4614 :

548 4666 608 4713 nt
636 4658 805 4712 maria
864 4656 1089 4726 pedibus
1147 4655 1461 4726 peragrari,
1509 4670 1679 4720 aquas
1739 4655 1883 4708 velut
1939 4668 2124 4709 muros

548 4758 847 4805 concretas
887 4759 1036 4804 stare
1084 4756 1141 4802 et
1180 4748 1407 4815 solidas,
1449 4763 1545 4817 per
1578 4746 1797 4817 pelagus
1849 4748 1951 4801 iter
1984 4747 2125 4809 fieri,

549 4841 718 4896 Deum
752 4842 804 4895 in
851 4841 987 4896 rubo
1035 4840 1202 4911 loqui,
1248 4838 1518 4895 ﬂammam
1557 4839 1702 4909 leges
1735 4838 1899 4905 ferre,
1940 4840 2127 4894 tubam

548 4934 671 4990 sine
714 4947 922 5005 organo
972 4933 1028 4987 in
1088 4933 1383 4988 solitudine
1426 4947 1742 5002 personare,
1793 4930 2012 4998 angelos
2066 4931 2133 4983 ad

548 5026 796 5095 prmlium
820 5024 1039 5089 instrui,
1065 5024 1344 5093 principes
1376 5025 1583 5079 militiae
1614 5024 1825 5079 Domini
1852 5039 1952 5094 pro
1977 5038 2134 5078 exer-

548 5119 657 5173 citu
689 5132 957 5189 pugnare,
987 5125 1043 5170 et
1072 5116 1279 5185 lapides
1306 5117 1450 5171 velut
1480 5117 1797 5186 grandinem
1832 5117 2046 5183 cadere,
2078 5128 2127 5170 et

550 5212 657 5267 tela
688 5212 844 5281 ignea
874 5225 973 5279 pro
1002 5210 1280 5264 c0nsuetis
1323 5210 1494 5263 hastis
1524 5209 1696 5263 emitti
1733 5227 1746 5262 :
1779 5208 2134 5263 nihilominus

550 5316 740 5355 omnes
763 5300 853 5368 qui
887 5309 1035 5355 recte
1062 5299 1323 5369 sapimus,
1356 5298 1476 5353 istis
1508 5300 1642 5353 citra
1673 5314 1900 5354 examen
1939 5315 2131 5353 assen-

553 5393 741 5446 timur.
777 5390 890 5446 Deo
935 5392 1078 5446 enim
1113 5391 1349 5455 volente,
1391 5390 1525 5444 nihil
1555 5400 1638 5445 est
1671 5391 1813 5459 quod
1860 5390 1976 5444 ﬁeri
2027 5405 2131 5443 non

549 5484 748 5553 possit.
796 5482 854 5538 Si
909 5499 1039 5539 vero
1086 5484 1315 5555 gentiles
1369 5484 1693 5537 miraculum
1753 5485 1897 5539 istud
1957 5484 2133 5538 minus

557 5575 933 5642 probaverim,
978 5576 1143 5631 multa
1173 5576 1355 5631 dicere
1397 5590 1709 5645 possumus,
1748 5575 1942 5647 quibus
1995 5590 2137 5629 nunc

558 5680 846 5721 censemus
909 5683 1031 5722 esse
1103 5670 1579 5736 supersedendum.
1635 5667 1843 5734 Quanta
1911 5667 2139 5721 Alexan-

561 5754 659 5807 tlro
709 5755 904 5811 volenti
953 5759 1134 5828 cupias
1193 5760 1482 5817 Granicum
1547 5763 1746 5815 ﬂumen
1808 5761 2051 5829 tr:-jicerc
2087 5770 2140 5814 et

2832 2373 3084 2430 ΚΕΦΑΛ.
3118 2377 3190 2428 Δ¹.

2215 2516 2353 2586 Περὶ
2392 2515 2498 2570 τοῦ
2539 2512 2809 2586 σταυροῦ
2860 2512 2968 2586 ⁸τοῦ
3007 2509 3294 2586 ὀφθέντος
3343 2508 3415 2562 ἐν
3459 2502 3695 2575 οὐρανῷ
3727 2496 3809 2569 τῷ

2630 2582 2886 2649 ,ϐασιλεῖ
2926 2580 3379 2645 Κωνσταντίνῳ.

2293 2740 2450 2795 Οὖτω
2474 2739 2529 2793 δὲ
2579 2734 2914 2808 κεκριμένης
2951 2734 3054 2804 τῆς
3098 2731 3302 2803 μάχης,
3347 2728 3443 2783 καὶ
3483 2728 3586 2797 τῆς
3634 2743 3812 2798 παραο

2222 2834 2429 2900 τάξεως
2479 2830 2768 2903 ἰσορρόπου
2816 2827 3021 2898 οὔσης,
3076 2822 3373 2897 οὐρανόθεν
3407 2824 3436 2876 ό
3481 2821 3619 2883 Θεὸς
3657 2821 3814 2873 Korn

2225 2929 2501 2980 σταντϊνον
2541 2920 2774 2987 ὁπλίζει,
2835 2919 3014 2986 δείξας
3075 2915 3227 2988 αύτῷ
3283 2915 3345 2969 τὸ
3394 2914 3670 2985 σωτήριον
3716 2905 3813 2964 τοῦ

2226 3016 2462 3088 σταυροῦ
2500 3014 2764 3085 σύμϐολον
2789 3010 3094 3082 φωτοειδῶς
3129 3012 3187 3063 ὲν
3217 3004 3434 3079 οὐρανῷ
3455 3023 3471 3038 ο
3506 3006 3819 3077 γράμματα

2224 3110 2282 3164 δὲ
2312 3110 2513 3180 ἐμήνυε
2539 3107 2639 3177 τῆς
2670 3106 2849 3176 ὅψεως
2876 3105 2977 3174 τὴν
3020 3101 3273 3172 δύναμιν,
3317 3098 3547 3167 λέγοντα
3575 3114 3590 3129 ο
3624 3095 3820 3165 Τούτῳ

2225 3202 2353 3255 νίκα
2371 3216 2383 3229 °
2407 3198 2567 3252 τοῦτο
2587 3198 2647 3251 τὸ
2671 3199 2916 3268 διήγημα
2954 3198 3067 3258 τοῖς
3103 3194 3201 3264 μὲν
3237 3190 3486 3253 ἀπίστοις
3526 3187 3701 3259 μῦθος
3730 3182 3819 3239 εἷο

2224 3305 2313 3341 ναι
2356 3284 2630 3338 δοκεῖκαὶ
2676 3284 2923 3355 πλάσμα,
2971 3286 3085 3346 τοῖς
3131 3281 3189 3334 δὲ
3238 3277 3522 3350 ἡμετέροις
3568 3274 3820 3343 δόγμασι

2224 3377 2624 3449 κεχαρισμένον
2649 3394 2664 3409 ·
2699 3378 2812 3438 τοῖς
2843 3376 2887 3429 δ’
2932 3374 3109 3447 ἀληθῆ
3155 3370 3424 3427 πιστεύειν
3456 3367 3821 3436 ωνειθισμέ‹

2224 3482 2356 3535 νοις,
2403 3465 2640 3538 ἐναργὴς
2689 3465 2783 3519 τοῦ
2821 3466 3144 3537 πράγματος
3185 3466 3216 3535 ὴ
3266 3460 3559 3526 ἀπόδειξις.
3603 3459 3668 3513 '0
3704 3458 3822 3529 γάρ

2223 3562 2319 3615 τοῦ
2373 3560 2645 3630 συμϐόλου
2682 3558 2976 3631 ζωγράφος
3028 3558 3162 3621 Θεδς
3214 3552 3418 3620 ἔδειξεν
3470 3553 3622 3624 ἔργῳ
3679 3550 3823 3622 μετα

2225 3653 2399 3707 ταῦτα
2430 3651 2529 3722 τὴν
2570 3650 2955 3720 ἀληθεύσασαν
3002 3647 3098 3703 τοῦ
3136 3647 3471 3718 γράμματος
3517 3644 3701 3713 χάριν.
3758 3638 3823 3694 El

2225 3742 2284 3800 δὲ
2322 3746 2491 3816 μήπω
2522 3742 2785 3814 πείθομεν
2812 3742 2849 3796 8.
2868 3742 3155 3814 γράφομεν
3175 3755 3189 3768 ·
3233 3737 3503 3809 πρότερον
3533 3735 3644 3803 γάρ
3689 3734 3825 3786 istoc

2230 3839 2352 3909 ρίας
2386 3837 2695 3907 γράφομεν,
2728 3833 2820 3888 διὰ
2843 3834 2903 3887 τὸ
2934 3833 3131 3903 μικρὸν
3160 3830 3376 3885 ἀνωθεν
3398 3830 3551 3899 ἡμᾶς
3589 3825 3660 3880 τά
3692 3825 3825 3895 χρὴ·

2230 3948 2367 4001 σιμα
2393 3928 2676 3997 συλλέγειν
2704 3926 2814 3979 τῶν
2846 3927 3038 3995 ἐκείνῳ
3065 3924 3437 3996 βεϐιωμένων.
3468 3918 3613 3973 Ἀλλ’
3640 3918 3741 3971 οὐκ
3767 3917 3823 3968 ὲν

2228 4026 2340 4087 τοῖς
2377 4022 2577 4092 ἑφεξῆς
2611 4021 2861 4074 ἀπιστεῖν
2895 4019 2996 4080 δεῖ,
3039 4016 3074 4071 ἀ
3117 4017 3210 4070 καὶ
3262 4015 3356 4069 ἐπὶ
3395 4013 3496 4083 τῆς
3550 4009 3822 4080 ἡμετέρας

2230 4110 2423 4177 γενεᾶς
2452 4109 2503 4161 οι
2532 4106 2901 4176 Κωνσταντίῳ
2933 4105 3012 4176 τῷ
3043 4103 3460 4158 Κωνσταντίνου
3493 4099 3648 4152 παιδὶ
3686 4115 3821 4166 συμ-

2232 4200 2674 4273 παραταξάμενοι
2702 4240 2717 4266 ,
2753 4201 2846 4254 καὶ
2903 4201 3346 4270 αὑτοπτήσαντες
3377 4239 3391 4263 ,
3420 4194 3519 4268 τὴν
3586 4192 3821 4249 παλαιάν

2231 4294 2487 4347 ἀπιστίαν
2550 4294 2772 4362 νεαραῖς
2811 4292 2998 4362 ὄψεσιν
3062 4290 3462 4361 ἐθεράπευσαν.
3532 4288 3659 4339 Εἴτε
3718 4283 3821 4351 γάρ

2248 4384 2487 4456 Ἑϐραῖοι
2510 4381 2620 4437 εἷεν
2650 4384 2699 4437 οἱ
2731 4382 2943 4448 τούτοις
2975 4383 3373 4450 ἀντιλέγοντες,
3411 4378 3596 4449 πολλῷ
3621 4376 3821 4430 τούτων

2235 4475 2624 4547 ἀπιθανώτερα
2668 4478 2738 4529 τὰ
2767 4478 2825 4529 ἐν
2854 4477 2975 4539 ταῖς
3001 4475 3226 4528 ἐκείνων
3254 4471 3458 4543 βίϐλοις
3496 4466 3823 4536 πιστευόμε-

2234 4588 2333 4625 ναο
2384 4569 2629 4624 θάλασσα
2685 4567 3050 4637 πεζευομένη,
3096 4566 3192 4618 καὶ
3240 4563 3384 4634 ὕδωρ
3441 4561 3701 4635 τειχίζον,
3734 4556 3822 4611 καὶ

2233 4663 2467 4731 πέλαγος
2511 4661 2984 4733 όδοιπορούμενον,
3040 4655 3135 4713 καὶ
3179 4658 3309 4721 Θεὸς
3353 4659 3412 4710 ὲν
3462 4655 3613 4726 βάτῳ
3658 4652 3822 4722 φθεγ-

2225 4755 2478 4825 γόμενος,
2531 4754 2626 4807 καὶ
2676 4752 2807 4821 φλὸξ
2859 4748 3250 4822 νομοθετοῦσα,
3288 4747 3382 4801 καὶ
3418 4744 3661 4813 σάλπιγξ
3697 4743 3821 4796 ἄνευ

2232 4849 2469 4919 ὀργάνου
2499 4847 2597 4916 τὴν
2630 4846 2836 4917 ἔρημον
2868 4842 3198 4913 συενηχοῦσα,
3259 4842 3355 4893 καὶ
3406 4838 3635 4906 ἄγγελοι
3685 4852 3820 4903 συμ-

2236 4938 2723 5012 παραταττόμενοι,
2774 4936 2869 4989 καί
2916 4933 3349 5006 ἀρχιστράτηγον.
3398 4931 3687 4996 δυνάμεως
3727 4930 3823 4981 Kac

2243 5034 2355 5104 ρίου
2403 5031 2501 5101 τῆς
2536 5030 2815 5098 φάλαγγος
2857 5022 3337 5097 ὑπερμαχοῦντες,
3370 5023 3463 5077 καὶ
3489 5021 3633 5075 λίθοι
3657 5019 3823 5089 χαλά-

2245 5122 2364 5195 ζης,
2402 5126 2497 5177 καὶ
2545 5122 2674 5193 βέλη
2725 5122 2897 5193 πυρὸς
2948 5121 3070 5174 ἀντὶ
3114 5116 3223 5172 τῶν
3279 5117 3528 5188 συνήθων
3584 5117 3824 5187 δοράτων

2214 5216 2577 5285 ’βαλλόμενοι⁸
2628 5215 2721 5268 καὶ
2778 5215 2926 5284 ὅμως
2974 5212 3346 5276 ἀνεξετάστως
3402 5211 3615 5272 πάντες
3665 5211 3713 5262 oi
3770 5201 3823 5260 εὖ

2244 5309 2565 5380 φρονοῦντες
2610 5306 2992 5374 συντιθέμεθα.
3035 5304 3170 5357 Θεοῦ
3215 5304 3325 5374 γάρ
3367 5303 3701 5373 βουλομένου
3743 5302 3826 5353 οὖ-

2242 5402 2330 5455 δὲν
2360 5402 2639 5472 ἀνήνυτον.
2679 5399 2799 5452 Εἴτε
2830 5396 3094 5468 Ἕλληνες
3144 5394 3254 5450 εἷεν
3310 5398 3356 5449 οἱ
3418 5395 3479 5449 τὸ
3512 5395 3703 5464 θαῦμα
3757 5391 3827 5461 μὴ

2239 5490 2695 5562 παραδεχόμενοι,
2733 5487 2901 5541 πολλὰ
2954 5488 3152 5558 ἔχομεν
3191 5488 3388 5552 εἰπεῖν,
3446 5485 3483 5540 ἃ
3529 5486 3608 5558 μὴ
3645 5481 3826 5555 βουλόο

2243 5582 2382 5654 μεθα
2407 5581 2603 5647 λέγειν.
2631 5579 2779 5632 Πόσα
2814 5578 3147 5649 Ἀλεξάνδρῳ
3172 5576 3421 5648 μέλλοντι
3466 5574 3823 5647 περαιοῦσθαι

2240 5672 2331 5723 τδν
2362 5670 2452 5724 ἐπὶ
2490 5666 2738 5740 Γρανικῷ
2774 5666 3031 5737 πόλεμον,
3078 5668 3171 5720 καὶ
3203 5665 3301 5735 τὴν
3332 5666 3425 5718 ἐπὶ
3457 5665 3691 5736 Δαρείου
3722 5678 3821 5713 πα-

2249 5761 2468 5835 ράταξτν
2509 5800 2522 5825 ,
2573 5757 2896 5810 ὲπεθείασαν
2947 5758 2995 5809 οἱ
3044 5756 3413 5827 χρησμολόγοι
3454 5774 3470 5821 ;
3519 5756 3699 5809 καίτοι
3753 5749 3818 5802 τά
