4042 6142
401 353 536 418 1205

1279 353 1648 416 HISTORIA
1681 354 2014 420 CONCILII
2059 353 2364 418 NleiNI.
2403 381 2469 390 —
2513 354 2658 414 LIB.
2701 347 2751 412 Ι.

3520 352 3656 418 120.6

396 463 620 516 ἐκείνων
668 461 968 532 πλάσματα
1014 464 1114 534 τὴν
1169 465 1504 534 φαινομένην
1549 464 1823 529 ἀπόδειξιν
1882 464 1979 516 οὐκ

2086 465 2280 518 bellum
2339 463 2500 517 Dario
2561 461 2797 525 inferre,
2849 458 3129 514 vaticinati
3178 469 3306 514 sunt
3368 459 3526 514 ario-li
3573 462 3658 514 ὀἳ

397 553 530 622 ἔχει.
577 552 698 616 Πῶς
739 569 798 605 τε
833 555 1115 624 Σωκράτει
1145 555 1221 624 τῷ
1253 553 1530 624 φιλοσόφῳ
1577 555 1852 624 δαιμόνιον
1892 555 1980 606 διὰ

397 644 584 712 φωνῆς
609 645 918 714 προεμήνυε
941 645 1050 698 τῶν
1085 646 1158 716 μὴ
1178 645 1466 716 πρακτέων
1486 646 1584 715 τὴν
1605 645 1828 699 ἔκϐασιν
1847 687 1861 708 ,
1889 647 1982 698 καὶ

396 737 464 789 τὰ
499 735 627 804 περὶ
659 735 976 806 Πυθαγόρου
997 735 1092 789 τοῦ
1124 735 1332 804 Σαμίου
1361 735 1465 788 ὑπὸ
1493 735 1602 788 τῶν
1631 736 1842 788 ἐκείνου
1880 753 1979 805 μα⁶

397 826 576 895 θητῶν
622 826 1022 897 συνταχθέντα;
1077 826 1151 880 ὲῶ
1177 827 1355 894 λέγειν
1381 827 1476 879 καὶ
1502 826 1570 880 τὰ
1605 829 1715 880 τῶν
1741 827 1981 896 ποιητῶν

344 913 354 968 .’
396 914 712 982 πλάσματα,
761 915 1006 978 καὶπῶς
1056 931 1201 979 τινες
1243 915 1354 968 τῶν
1386 915 1516 986 παρ’
1550 917 1730 980 αὐτοῖς
1773 913 1982 970 εὐδοκί-

399 1023 536 1074 μων,
561 1007 654 1058 καὶ
683 1005 1054 1076 συμπολεμεῖν
1086 1007 1272 1070 αὐτοῖς
1297 1024 1448 1071 τινας
1476 1006 1584 1060 τῶν
1619 1004 1752 1076 παρ’
1796 1005 1978 1070 αὐτοῖς

399 1096 764 1164 νομισθέντων
793 1095 958 1150 θεῶν’
991 1096 1078 1151 ἵνα
1125 1099 1199 1169 μή
1228 1113 1314 1161 τις
1356 1099 1424 1152 τὰ
1455 1097 1669 1170 μυθώδη
1703 1101 1814 1160 τοῖς
1845 1097 1978 1167 ἁλη-

395 1186 538 1250 θέσι,
572 1188 666 1240 καὶ
704 1188 772 1242 τὰ
821 1187 1087 1259 μηδαμῶς
1136 1189 1450 1260 πραχθέντα
1501 1191 1614 1252 τοῖς
1660 1189 1980 1260 πραχθεῖσιν

399 1276 775 1341 ἀντεξετάζειν
805 1277 1026 1348 νομίσῃ.
1060 1277 1172 1347 Τὴν
1197 1279 1306 1349 γὰρ
1332 1273 1703 1348 πολυδύναμον
1725 1281 1818 1332 τοῦ
1841 1278 1976 1332 Θεοῦ

399 1365 684 1440 [Χριστοῦ]
732 1369 912 1440 χάριν,
954 1370 1046 1437 ἀφ’
1080 1361 1254 1440 οὗπερ
1298 1370 1376 1433 είς
1411 1367 1730 1434 ἀνθρώπους
1751 1369 1975 1440 ἡνθησε,

397 1459 494 1513 καὶ
517 1461 574 1512 ἐν
611 1460 848 1532 οὐρανῷ,
881 1464 975 1517 καὶ
1008 1463 1100 1514 ἐπὶ
1138 1462 1261 1532 γῆς,
1291 1462 1384 1515 καὶ⁵
1411 1463 1468 1514 ὲν
1508 1461 1770 1532 θαλάσσῃ,
1799 1463 1890 1513 καὶ
1921 1463 1979 1514 ὲν

397 1553 606 1618 φυτοῖς,
639 1553 736 1605 καὶ
766 1553 825 1604 ὲν
859 1553 1059 1620 ξύλοις,
1091 1556 1184 1608 καὶ
1215 1557 1271 1609 ὲν
1303 1554 1560 1624 ἱματίοις,
1588 1555 1683 1606 καὶ¹
1721 1555 1778 1606 ὲν
1814 1553 1976 1622 νόσῳ,

398 1641 493 1694 καὶ
534 1643 592 1695 ἐν
623 1642 804 1714 ὑγεία,
843 1644 938 1697 καὶΙ
969 1646 1026 1697 ὲν
1057 1643 1310 1716 βρωτοῖς,
1337 1645 1432 1698 καὶ
1466 1647 1524 1697 ὲν
1564 1648 1768 1708 ποτοῖς,
1801 1644 1978 1710 ἀλεξι-

399 1729 687 1800 φάρμακόν
719 1747 780 1782 τε
807 1733 1129 1803 γενομένην,
1179 1736 1270 1788 καὶ
1303 1734 1594 1806 γινομένην
1617 1735 1733 1788 ’καὶ
1782 1735 1978 1804 ἐσομέ-

2083 554 2230 622 atqui
2263 555 2378 608 haec
2416 567 2603 606 eorum
2647 557 2953 604 commenta
2989 547 3188 601 nullam
3232 547 3542 602 evidentem
3574 550 3658 602 sui

2083 643 2604 699 demonstrationem
2637 641 2860 696 habent.
2889 639 3169 708 Quomodo
3199 638 3444 694 Socratis
3483 639 3657 710 philo-

2083 735 2238 800 sophi
2274 733 2599 789 daemonium
2645 745 2777 787 voce
2800 732 3196 800 prmntntiabat
3227 731 3300 784 illi
3339 747 3519 785 rerum
3553 748 3663 786 non

2087 825 2418 891 agendarum
2457 819 2724 877 eventus?
2747 819 3030 886 Quomodo
3057 833 3188 872 vero
3217 833 3337 888 qua:
3369 817 3435 872 de
3462 817 3664 886 Pytha-

2082 929 2212 984 gora
2259 910 2448 968 Samio
2493 914 2562 967 ab
2589 912 2756 982 ipsius
2787 910 3068 980 discipulis
3097 911 3300 980 scripta
3332 909 3496 964 sunt?
3522 907 3660 963 Pue-

2085 1015 2258 1059 tarnm
2289 1005 2568 1076 ligutenta,
2599 1017 2664 1058 ac
2705 1017 2811 1071 quo
2842 1010 2998 1072 pacto
3046 1003 3207 1056 inter'
3249 1000 3370 1056 illos
3417 1001 3686 1069 nonnulli,

2085 1096 2226 1150 fatua
2257 1097 2521 1162 celebres,
2559 1094 2820 1164 quosdam
2855 1107 3045 1148 eorum
3075 1107 3212 1163 quos
3244 1093 3373 1148 deos
3391 1107 3514 1147 esse
3536 1093 3654 1146 exi-

2081 1189 2328 1252 stitnaut,
2356 1200 2460 1240 una
2491 1200 2612 1241 cum
2651 1185 2780 1256 ipsis
2811 1185 3046 1240 militare
3073 1193 3129 1239 et
3158 1183 3356 1238 bellare
3387 1183 3650 1246 scribant,

2077 1279 2329 1335 consulto
2363 1287 2644 1350 pneterco,
2689 1293 2756 1334 ne
2805 1278 2928 1348 quis
2958 1275 3200 1331 lahulosa
3231 1289 3357 1330 cum
3411 1273 3574 1334 veris.
3603 1283 3659 1327 et

2081 1389 2200 1442 qua:
2234 1388 2496 1442 nusquam
2525 1379 2675 1443 gesta
2719 1387 2840 1426 cum
2875 1369 3042 1442 gestis
3067 1382 3390 1439 comparare
3429 1381 3516 1421 tne
3561 1383 3654 1436 pu-

2083 1474 2180 1518 tet.
2235 1462 2630 1530 Prtepotentem
2686 1461 2830 1517 enim
2881 1459 3080 1515 Christi
3127 1459 3379 1529 gratiam,
3433 1470 3500 1510 ex
3549 1471 3654 1522 quo

2083 1555 2223 1608 inter
2249 1555 2496 1610 homines
2526 1567 2591 1608 ea
2620 1552 2935 1608 exuberavit
2965 1561 3019 1606 et
3052 1553 3104 1605 in
3133 1550 3291 1616 cudo,
3315 1559 3371 1604 et
3397 1549 3451 1603 in
3493 1557 3656 1612 terra,

2079 1652 2134 1697 et
2165 1643 2220 1696 in
2253 1643 2408 1710 mari,
2449 1651 2504 1697 et
2541 1643 2592 1696 in
2627 1643 2848 1712 plantis,
2895 1651 2947 1696 et
2987 1642 3040 1696 in
3082 1639 3265 1708 lignis,
3307 1647 3363 1693 et
3395 1639 3449 1692 in
3481 1637 3652 1690 vesti-

2083 1733 2201 1798 bus,
2244 1741 2299 1788 et
2342 1733 2392 1786 in
2440 1733 2648 1796 morbo,
2676 1741 2734 1786 et
2769 1733 2822 1786 in
2851 1731 3100 1795 sanitate,
3149 1739 3204 1784 et
3239 1728 3292 1782 in
3329 1729 3474 1792 cibo,
3505 1737 3558 1782 et
3601 1727 3656 1781 in

397 1836 497 1889 νην
524 1820 840 1890 θεραπείαν,
879 1825 972 1876 καὶ
1001 1825 1054 1879 οἱ
1087 1827 1472 1896 πειρασθέντες
1513 1825 1612 1895 μὲν
1659 1825 1836 1892 ἴσασι,
1886 1827 1979 1880 καὶ

2083 1834 2230 1893 potu,
2260 1825 2589 1880 tutissimum
2620 1823 2955 1893 praesidium,
2995 1832 3052 1876 et
3076 1821 3342 1876 malorum
3375 1830 3481 1874 tam
3517 1834 3656 1888 prte-

399 1909 560 1980 ήμείς
586 1911 642 1964 δὲ
674 1914 814 1968 κατᾶ
839 1915 930 1968 τδν
983 1915 1112 1972 tam
1143 1917 1335 1988 καιρὸν
1377 1918 1672 1991 προϊούσης
1698 1922 1796 1990 τῆς
1827 1921 1977 1973 ἱστου-

400 2001 522 2073 ρίας
555 2003 922 2075 ἐκθησόμεθα,

1001 2205 1252 2262 ΚΕΦΑΛ.
1302 2207 1380 2268 E'.

396 2310 534 2380 Περὶ
591 2315 698 2388 τοῦ
741 2320 960 2388 ο-ἰγνου
1015 2317 1088 2376 οὗ
1117 2321 1406 2386 ἐποίησεν
1435 2323 1468 2373 ό
1487 2319 1786 2387 βασιλεὺς
1813 2327 1977 2377 Κων-

467 2387 788 2460 οντςιντῖνος
811 2387 1140 2460 ἀντίτυπον
1163 2389 1268 2444 τοῦ
1299 2390 1588 2460 ὀφθέντος
1611 2391 1772 2458 αὐτῷ
1797 2409 1974 2449 σταυ-

463 2456 578 2522 ροῦ
599 2457 670 2511 ἐν
692 2459 948 2526 οὐρανῷ.

477 2565 536 2617 Ὀ
559 2565 602 2618 δ’
637 2560 730 2620 οὗν
759 2567 1166 2632 Κωνσταντῖνος
1184 2568 1285 2641 τὴν
1315 2567 1406 2623 τοῦ
1437 2569 1712 2642 θαύματος
1739 2571 1864 2644 ὄψιν
1900 2577 1981 2638 είς

395 2662 658 2732 τροπαίου
700 2663 886 2734 σχῆμα
922 2653 1260 2734 μεταϐαλὼν,
1305 2666 1398 2719 καὶ
1423 2667 1875 2740 χρυσοκολλήτοις
1897 2667 1981 2723 λίο

395 2751 510 2814 θοις
539 2753 905 2824 συναρμόσας,
937 2757 1018 2820 εἰς
1049 2756 1273 2828 δόρατός
1315 2773 1375 2810 τε
1417 2759 1730 2830 ἀπαρτίσας
1787 2760 1982 2831 ὑψηλο-

394 2843 559 2896 τάτου
613 2844 770 2915 δψιν,
817 2847 988 2900 ἐδίδου
1045 2849 1232 2920 φέρειν
1285 2853 1398 2914 τοῖς
1443 2849 1819 2920 προῖππεῦσι,
1880 2853 1978 2925 τὴν

393 2933 504 2988 τῶν
555 2939 900 3007 γραμμάτων
931 2939 1222 3010 ὑπόσχεσιν
1265 2941 1354 2993 διὰ
1407 2940 1515 2994 τῶν
1561 2943 1740 3013 ἔργων
1797 2942 1981 2999 λοιπον

393 3021 692 3090 ἐπιζητῶν.
723 3027 832 3078 Καὶ
857 3027 954 3096 τῆς
995 3027 1210 3090 ἐλπίδος
1241 3029 1302 3082 ού
1327 3029 1595 3100 διήμαρτε
1619 3073 1634 3097 ,
1659 3031 1851 3088 θᾶττον
1880 3034 1981 3104 μὲν

391 3105 476 3173 οἷς
497 3111 749 3167 τεθέαται
781 3115 1100 3180 πιστεύσας,
1136 3119 1444 3189 ταχυτέραν
1467 3119 1523 3172 δὲ
1550 3121 1648 3192 τῆς
1677 3121 1853 3191 ὅψεως
1881 3125 1978 3196 τὴν
2006 3133 2048 3190 c

395 3203 552 3273 νίκην
577 3204 1001 3275 ὑποδεξάμενος.

999 3299 1248 3354 ΚΕΦΛΛ.
1287 3302 1379 3367 (τ’.

395 3405 533 3474 Περὶ
559 3405 676 3482 τῆς.
703 3407 869 3482 κάτει
888 3407 992 3482 τοᾷ
1015 3407 1276 3482 ἀσεᾷοῦς
1303 3409 1640 3482 Μοξεντίου
1671 3415 1845 3482 νίκης
1870 3415 1977 3470 τοῦ

619 3477 910 3543 εὐσεϐοῦς
930 3477 1239 3543 ,ϐασιλέως
1265 3481 1748 3536 Κωνσταντίνου.

480 3589 538 3638 Ὁ
561 3588 657 3658 μὲν
687 3583 782 3641 οὖν
811 3586 1218 3654 Κωνσταντῑνος
1259 3591 1350 3644 τὸν
1387 3591 1553 3645 πολὺν
1593 3594 1684 3646 τοῦ
1736 3597 1976 3667 πολέμου

396 3679 644 3746 κάματον
679 3682 746 3750 τῇ
779 3680 959 3732 πίστει
999 3678 1456 3750 ὑποτεμνόμενος,
1489 3684 1586 3736 καὶ
1624 3685 1713 3737 τὸν
1746 3687 1853 3738 ἀπὸ
1877 3688 1976 3757 τῆς

407 3766 628 3838 Ῥώμης
672 3767 904 3838 στρατὸν
943 3767 1043 3837 οὐχ
1082 3768 1466 3837 ὑφορώμενος,
1505 3773 1774 3838 γενναίως
1827 3777 1978 3828 άντι-

397 3858 796 3928 παρετάττετο.
825 3859 1129 3924 Μαξέντιος
1151 3859 1208 3910 δὲ
1234 3860 1335 3926 τὴν
1368 3861 1782 3916 Κωνσταντίνου
1803 3863 1975 3936 ἀλκὴν

395 3947 602 4012 δείσας,
635 3949 716 4002 ἔτι
751 3967 808 4002 τε
847 3950 940 4004 καὶ
968 3949 1029 4002 τὸ
1073 3952 1229 4019 μῖσος
1271 3951 1558 4020 Ῥωμαίων
1588 3953 1970 4025 ὑφορώμενος·

399 4041 538 4108 πρὸς
581 4040 692 4110 γάρ
743 4043 868 4104 τοὺς
919 4039 1208 4102 πλείστους
1256 4040 1342 4093 διὰ
1380 4041 1472 4112 τὴν
1526 4043 1768 4096 ἀσωτίαν
1807 4047 1973 4100 αὑτοῦ

392 4130 742 4198 διεϐέϐλητοο
802 4131 1072 4202 ἐσκέψατο
1124 4130 1261 4202 δόλῳ
1302 4131 1402 4204 τὴν
1451 4134 1742 4204 ἐπιϐουλὴν
1782 4138 1975 4205 μετελ-

394 4219 513 4273 θεῖν
533 4240 546 4253 ο
574 4225 603 4275 ό
629 4223 686 4275 δὲ
711 4223 862 4286 δόλος
892 4224 1108 4295 γέφυρα
1149 4219 1216 4294 ἦν
1265 4227 1344 4286 είς
1391 4227 1646 4296 μηχανῆς
1690 4221 1829 4290 εἶδος
1866 4227 1976 4282 ἀπὸ

397 4309 508 4361 τῶν
547 4311 804 4364 τοιούτων
851 4315 1228 4381 συμπαγεῖσα.
1277 4314 1350 4366 Τὸ
1409 4313 1508 4384 μὲν
1555 4315 1665 4385 γὰρ
1714 4317 1975 4387 φαινόμε-

397 4412 490 4449 νον
525 4397 754 4462 ἄνωθεν,
805 4399 1054 4462 διάϐασις
1103 4396 1172 4470 ἦν
1226 4401 1318 4456 τὸν
1370 4404 1777 4458 Κωνσταντίνον
1841 4408 1975 4460 ὐπο-

2081 1917 2314 1970 sentium
2363 1931 2526 1985 quam
2575 1915 3222 1970 fulurorum'remedium
3259 1927 3401 1978 esse,
3447 1911 3657 1980 experti

2083 2017 2300 2074 norunt,
2347 2018 2402 2064 et
2451 2023 2547 2064 nos
2593 2009 2753 2064 etiam
2809 2009 2864 2062 in
2912 2021 3202 2078 progressu
3261 2004 3508 2060 historiae
3559 2017 3657 2056 suo

2081 2106 2323 2166 tempore
2355 2111 2712 2166 estponemus.

2737 2210 2889 2266 CAP.
2935 2209 2994 2263 V.

2081 2313 2366 2373 Devexiﬂo
2413 2323 2553 2390 quod
2597 2323 2716 2388 fecit
2777 2324 3156 2379 Constantinus
3223 2327 3292 2378 ad
3355 2320 3646 2393 exempfum

2490 2396 2658 2447 crucis
2689 2395 2742 2448 in
2790 2395 2915 2448 caelo
2945 2412 2976 2448 ιι
3005 2411 3059 2448 se
3086 2399 3231 2450 visat.

2150 2557 2536 2618 Constantinus
2590 2562 2753 2634 igitur
2803 2564 3016 2635 signum
3074 2566 3219 2636 quod
3275 2567 3530 2633 viderat,
3599 2569 3652 2622 in

2083 2651 2336 2704 vexillum
2383 2667 2540 2706 suum
2589 2655 2883 2719 transtulit,
2915 2657 3076 2725 idque
3111 2671 3245 2710 auro
3291 2665 3345 2711 et
3385 2657 3654 2726 lapidibus

2084 2740 2334 2810 pretiosis
2361 2742 2625 2798 intextum
2657 2763 2671 2800 :
2700 2757 2766 2799 ac
2788 2744 2842 2798 in
2884 2744 3210 2814 longissima:
3238 2748 3405 2801 hasta:
3434 2749 3656 2816 cuspide

2083 2829 2402 2900 praetigens,
2465 2832 2656 2900 primis
2706 2833 2982 2902 equitibus
3042 2833 3418 2902 perferendum
3475 2837 3654 2900 dedit,

2085 2919 2387 2976 litterarum
2422 2923 2686 2992 promissa
2727 2925 2905 2996 reipsa
2935 2924 3195 2996 deinceps
3245 2927 3528 2996 explorare
3560 2943 3658 2982 cu-

2084 3013 2256 3082 piens.
2291 3013 2402 3070 Nec
2435 3030 2529 3084 spe
2575 3029 2673 3070 sua
2705 3015 3003 3072 frustratus
3035 3027 3120 3072 est
3147 3035 3161 3072 :
3189 3018 3298 3072 cito
3341 3019 3485 3072 enim
3532 3034 3654 3072 cum

2083 3104 2400 3160 credidisset
2455 3107 2524 3163 iis
2571 3122 2690 3176 quae
2737 3106 2968 3177 viderat,
3022 3123 3160 3178 pene
3211 3109 3376 3165 citius
3429 3109 3654 3166 victoria

2087 3197 2288 3267 potitus
2315 3207 2420 3254 est.

2724 3290 2880 3348 CAP.
2923 3291 3016 3348 VI.

2089 3404 2162 3458 De
2181 3405 2403 3459 victoria
2423 3421 2579 3476 quam
2600 3404 2719 3475 pius
2743 3405 3126 3462 Constantinus
3155 3407 3218 3461 ab
3246 3407 3406 3475 impio
3433 3403 3663 3460 Maxen-

2669 3477 2741 3531 tio
2768 3477 3076 3544 reportavit.

2153 3587 2542 3644 Constantinus
2577 3603 2828 3658 maguum
2872 3588 2995 3643 belli
3045 3588 3286 3646 laborem
3323 3590 3429 3644 [ide
3464 3591 3656 3659 praeci—

2085 3675 2238 3739 dens,
2273 3687 2324 3730 et
2353 3677 2657 3732 Romanum
2688 3678 2989 3732 exercitum
3023 3677 3244 3733 minime
3269 3677 3655 3743 reformidans,

2085 3784 2210 3822 suos
2237 3781 2424 3822 contra
2459 3769 2671 3824 fortiter
2699 3771 2977 3825 instruxit.
3016 3770 3316 3827 Maxentius
3347 3787 3474 3826 vero
3512 3773 3657 3826 Con--

2084 3857 2310 3912 stantini
2341 3859 2480 3912 vires
2510 3869 2778 3922 metuens,
2807 3869 2861 3912 et
2887 3861 3256 3914 Romanorum
3299 3861 3353 3914 in
3387 3877 3448 3916 se
3469 3861 3656 3914 odium

2083 3949 2654 4022 suspeetunnhahens
2695 3949 2983 4016 (plurimis
3030 3951 3310 4010 enim_oh
3357 3953 3652 4020 nequitiam

2085 4054 2239 4093 suam
2290 4039 2497 4092 invisus
2532 4037 2686 4109 erat)
2713 4039 2836 4094 dolo
2881 4040 3206 4095 moliebatur
3250 4041 3476 4096 insidi-as
3507 4058 3523 4096 :
3557 4043 3654 4096 do-

2084 4129 2192 4183 lum
2241 4131 2292 4183 in
2341 4141 2504 4198 ponte
2554 4131 2800 4199 parabat,
2840 4145 2998 4199 quem
3052 4132 3154 4186 hac
3199 4141 3318 4185 arte
3363 4133 3651 4201 compegit.

2083 4219 2238 4284 Quod
2269 4229 2456 4288 aperte
2495 4221 2745 4275 exstabat
2789 4230 2846 4275 et
2883 4223 3199 4289 apparebat,
3233 4221 3652 4278 Constantinum

2084 4312 2329 4380 recipere
2387 4321 2444 4367 et
2495 4311 2783 4368 transitum
2824 4312 3068 4381 praihere
3119 4327 3276 4384 posse
3319 4313 3650 4368 videbatur:

2083 4403 2176 4458 sed
2230 4403 2428 4458 latebat
2471 4403 2681 4458 occulte
2733 4403 3069 4473 deceptionis
3112 4405 3355 4475 laqueus,
3403 4407 3469 4460 ad
3509 4405 3652 4462 illius

397 4488 661 4560 δεξομένη
683 4506 696 4520 ·
728 4490 790 4544 τὸ
831 4490 888 4544 δὲ
917 4490 1200 4554 λανθάνον,
1248 4495 1415 4560 παγὶς
1447 4495 1548 4564 τῆς
1587 4495 1814 4567 πλάνης,
1863 4500 1976 4563 τοῖς

2082 4497 2243 4565 pedes
2288 4495 2612 4550 irretiendos
2637 4507 2878 4566 paratus.
2913 4494 3048 4551 Nam
3081 4499 3330 4567 progredi
3375 4499 3552 4552 solum
3601 4499 3652 4551 in

401 4580 610 4634 ἐκείνου
653 4581 864 4653 βήμασι
924 4583 1262 4639 συντεθεῖσα,
1309 4585 1570 4655 Διαόἧναι
1627 4587 1738 4660 γὰρ
1786 4590 1982 4660 μικρὸν

401 4672 530 4738 εδει,
585 4676 679 4727 καὶ
732 4675 794 4728 τὸ
843 4677 1144 4748 μηχάνημα
1203 4677 1427 4743 λέλυτο,
1495 4681 1590 4733 καὶ
1643 4683 1671 4734 ὀ
1723 4682 1982 4753 πολέμιος

400 4766 646 4835 siin-mo,
672 4769 844 4836 τάφον
887 4767 1152 4836 ἀδόκητον
1207 4771 1306 4838 τῆς
1352 4771 1626 4835 ἀπωλείας
1673 4773 1764 4826 τὸν
1817 4775 1982 4829 τόπον

401 4857 614 4910 λαϐὠνο
656 4859 770 4912 ἀλλ’
797 4861 826 4911 ό
871 4859 971 4930 μὲν
1021 4858 1194 4922 οὕτως
1243 4861 1509 4915 ἐσκεύασε
1539 4864 1636 4932 τῆς
1675 4865 1982 4931 ἐπιϐάσεως

403 4946 471 4998 τι
510 4946 794 5017 θήρατραο
839 4948 958 5002 θεία
993 4950 1050 5003 δὲ
1083 4951 1244 5022 χάρις
1273 4955 1386 5016 τοῖς
1428 4954 1654 5016 οἰκείοις
1703 4957 1976 5026 σοφίσμα-

407 5053 458 5088 σι
511 5037 602 5090 τδν
631 5040 741 5092 τῶν
777 5040 965 5092 κακῶν
997 5043 1250 5112 τεχνίτην
1298 5043 1635 5113 περιϐάλλει.
1687 5047 1824 5114 Πρὶν
1869 5047 1978 5116 γὰρ

406 5129 815 5182 Κωνσταντῖνον
873 5129 1114 5196 ἁλῶναι,
1173 5131 1385 5200 φθάσας
1457 5134 1622 5196 αὐτὸς
1679 5135 1978 5188 ὑποπίπτει

403 5223 522 5282 ταῖς
551 5221 780 5284 οἰκείαις
815 5223 1032 5292 τέχναις
1062 5225 1088 5275 ό
1121 5224 1401 5292 τύραννος,
1435 5225 1598 5277 κάκεῖ
1617 5228 1977 5294 τυραννοκτό-

403 5329 493 5374 νος
523 5313 716 5366 ἑαυτοῦ
747 5313 1008 5382 γεγονὼς,
1063 5317 1158 5367 καὶ
1201 5315 1444 5386 χρηστὴν
1503 5315 1796 5386 ἐπιϐουλὴν
1856 5317 1975 5370 καθ’

405 5405 596 5457 ἑαυτοῦ
629 5407 903 5468 σκευάσας
943 5407 1050 5475 πρὸ
1076 5407 1175 5472 τῆς
1211 5407 1448 5476 Ῥώμης,
1493 5409 1619 5478 περὶ
1652 5409 1750 5479 τὴν
1789 5409 1980 5462 καλου-

409 5497 576 5568 μένην
635 5498 913 5550 Μουλαίαν
965 5499 1246 5568 γέφυραν,
1299 5503 1326 5552 ό
1379 5501 1714 5570 προρῥηθεὶς
1766 5499 1978 5565 Μαξέν-

411 5599 517 5648 tto;
563 5588 722 5650 αὐτὸς
778 5587 1010 5650 καταδὺς
1067 5590 1144 5650 εἰς
1191 5590 1282 5640 τὸν
1334 5589 1600 5660 ποταμὸν,
1651 5590 1975 5657 ἀποπνιγεὶς

477 5739 518 5768 ⁸⁸³
537 5739 809 5796 Plutarch.
846 5743 894 5796 in
919 5743 1178 5796 .\l:xand.

2078 4603 2143 4644 eo
2191 4588 2408 4659 paulum
2461 4590 2744 4660 oportebat
2797 4591 3030 4655 hostem,
3079 4599 3136 4642 ut
3179 4590 3352 4644 soluta
3405 4590 3653 4644 machina

2079 4690 2292 4750 captus,
2322 4680 2599 4749 inopinata
2643 4689 2818 4735 morte
2867 4682 2919 4735 in
2967 4697 3033 4736 eo
3065 4681 3184 4736 loco
3215 4681 3440 4750 periret.
3477 4681 3653 4750 Atque

2081 4775 2160 4829 sic
2193 4775 2282 4829 ille
2307 4774 2506 4828 ﬂutnen
2557 4773 2870 4844 trajecturis
2918 4775 3052 4830 retia
3093 4776 3294 4844 posuit.
3331 4773 3436 4828 Sed
3469 4774 3652 4830 divina

2080 4867 2251 4934 gratia
2289 4865 2552 4918 malorum
2607 4864 2874 4918 artificem
2923 4865 3038 4918 suis
3081 4865 3249 4934 ipsius
3299 4865 3510 4919 technis
3547 4867 3652 4917 im-

2079 4957 2286 5024 plicuit.
2347 4956 2480 5010 Nam
2537 4967 2826 5026 antequam
2879 4969 3167 5028 caperetur
3227 4958 3650 5023 Constantinus,

2081 5055 2340 5114 tyranmts
2375 5045 2488 5116 ipse
2533 5048 2682 5116 prior
2727 5063 3048 5116 progressus
3088 5049 3140 5102 in
3190 5063 3285 5102 sua
3323 5049 3518 5102 incidit
3563 5065 3652 5103 re-

2083 5138 2188 5200 tia;
2227 5149 2280 5190 et
2309 5137 2416 5192 illie
2456 5140 2538 5192 sui
2585 5139 2754 5206 ipsius
2787 5139 3125 5210 tyrannicida
3154 5139 3352 5204 l'actus,
3383 5153 3488 5192 non
3532 5139 3653 5192 inu-

2083 5228 2203 5282 tiles
2234 5228 2348 5296 ipse
2380 5229 2480 5282 sibi
2526 5229 2752 5284 insidias
2783 5229 2835 5283 in
2870 5238 3160 5298 conspectu
3195 5228 3381 5283 Romae
3406 5229 3652 5298 posuisse

2081 5319 2250 5384 visus,
2288 5317 2352 5372 ad
2398 5329 2613 5388 pontem
2651 5317 2891 5372 Milvium
2934 5319 3164 5382 dictum,
3199 5317 3503 5371 Maxentius
3537 5317 3650 5386 ipse

2080 5410 2386 5464 demersmn
2432 5411 2482 5462 in
2517 5409 2736 5476 ﬂumen,
2773 5408 3070 5464 suffocatus
3121 5409 3280 5477 periit
3306 5409 3384 5472 “;
3435 5415 3491 5460 ut
3533 5424 3648 5462 tnta.

2082 5502 2184 5553 rito
2211 5501 2678 5569 (quemadmodum
2712 5501 2888 5570 inquit
2923 5499 3189 5554 Eusebius
3221 5497 3508 5566 Pamphili)
3554 5513 3646 5552 ex-

2083 5589 2327 5643 clamat-it
2368 5589 2651 5645 universus
2683 5589 2908 5660 populus
2943 5588 3218 5644 Romanus
3251 5606 3264 5642 :
3309 5605 3326 5638 ι
3357 5587 3648 5644 Cantemus

1263 5743 1298 5773 ¹¹
1331 5741 1445 5798 lib.
1476 5761 1526 5798 ix
1567 5743 1704 5798 Hist.
1737 5747 1914 5798 συνίει.
1949 5760 2061 5814 cap.
2094 5743 2145 5796 8.
