4042 6142
293 334 427 404 1209

1173 353 1538 416 HISTORIA
1577 359 1908 422 CUNCILII
1953 366 2260 429 ΝιΟιΕΝΙ.
2300 395 2370 405 -—
2407 367 2554 430 LIB.
2597 365 2648 432 Ι.

3417 363 3552 429 1210

289 446 436 546 θεοῦΔ
493 448 820 523 Ἐκκλησίας
867 455 1113 527 ἐπόρθει.
1179 460 1536 535 Ἐκπεριῆλθε
1591 465 1648 519 δὲ
1697 469 1842 522 αὐτὸι

1970 477 2342 543 populabatur.
2415 477 2629 546 Decepit
2684 477 2856 546 ipsum
2896 471 3198 545 huiusmodi
3229 487 3412 527 causa.
3445 471 3553 524 Ma-

289 538 510 610 τοιαύτη
559 559 644 606 τις
689 541 876 599 αἰτία⁸
906 547 980 601 Τὸ
1028 549 1258 618 μέγεθος
1299 555 1398 624 τῆς
1450 556 1511 608 οὐ
1545 561 1665 610 κατ’
1701 559 1860 624 ἀξίαν

289 629 870 723 αὑτῷγὲπιτραπείσης
909 639 1206 712 ἡγεμονίας
1233 647 1370 714 μήτε
1431 644 1544 710 οἷός
1586 669 1644 704 τε
1677 653 1865 723 φέρειν

288 715 382 782 ὣν,
407 722 542 776 ἀλλά
563 721 631 778 δι’
663 728 920 798 ἀπειρίαν
951 731 1230 804 σώφρονος
1269 739 1362 790 καὶ
1385 738 1666 807 βασιλικοῦ
1689 715 1863 812 -λογι-

291 814 426 884 σμοῦ
473 819 852 888 ἀπειροκάλως
905 826 1016 887 τοῖς
1060 827 1382 898 πράγμασιν
1430 833 1716 904 ἐγχειρῶν,
1773 837 1865 889 ἐπὶ

291 905 420 956 πᾶσι
445 904 501 957 δὲ
527 905 909 978 ὑπερηφανίας
936 915 1282 987 μεγαλαυχίᾳ
1315 919 1413 989 τὴν
1442 920 1621 992 ψυχὴν
1650 924 1865 992 ἀλόγως

289 992 496 1064 ἀρθεὶς,
524 999 624 1069 ἤδη
666 1001 755 1053 καὶ
798 1003 938 1056 κατὰ
989 1007 1098 1060 τῶν
1131 1008 1231 1077 τῆς
1259 1007 1538 1078 βασιλείας
1567 1016 1863 1081 κοινωνῶν,

290 1088 382 1138 καὶ
416 1087 511 1140 τοῦ
560 1091 797 1159 μάλιστα
844 1095 1280 1166 Κωνσταντίνου,
1326 1100 1420 1154 τοῦ
1466 1105 1646 1158 πάντα
1697 1105 1863 1160 αὐτοῦ

287 1175 672 1268 διαφέροντος,
725 1183 873 1250 γένει
903 1202 963 1237 τε
1025 1189 1120 1240 καὶ
1184 1193 1357 1261 τροφῇ
1447 1194 1544 1246 καὶ
1620 1197 1862 1268 παιδεία,

286 1267 558 1338 ἀξιώματί
611 1289 672 1324 τε
721 1275 814 1326 καὶ
852 1277 1088 1344 συνέσει,
1126 1280 1220 1332 καὶ
1273 1283 1400 1350 τόγε
1448 1285 1668 1339 πάντων
1699 1267 1864 1358 κορυ-

286 1359 598 1426 φαιότατον,
637 1367 982 1438 σωφροσύνῃ,
1022 1370 1116 1422 καὶ
1155 1373 1222 1441 τῇ
1253 1374 1384 1444 περὶ
1405 1374 1497 1428 τὸν
1521 1376 1698 1447 ἁληοῆ
1729 1379 1863 1433 Θεὸν

283 1450 536 1541 εὐσεϐείᾳ
567 1453 985 1526 διαλάμποντος,
1039 1462 1245 1532 τολμᾷν
1282 1461 1512 1536 ὥρμητο
1557 1469 1864 1541 Μαξιμῖνος

281 1538 668 1610 θρασύνεσθαι,
712 1548 807 1600 καὶ
853 1549 1068 1618 πρῶτον
1101 1550 1292 1606 ἑαυτὸν
1335 1558 1459 1618 ταῖς
1511 1538 1722 1627 τιμαῖς⁷
1759 1562 1863 1614 ὕπ-

281 1632 586 1702 αγορεύειν.
626 1636 933 1702 Ἐπιτείνας
959 1641 1014 1694 δὲ
1039 1645 1118 1706 είς
1149 1645 1411 1699 ἀπόνοιαν
1433 1649 1657 1718 μανίας,
1677 1654 1777 1716 τάς
1801 1671 1862 1708 τε

279 1725 588 1794 συνθήκας,
639 1725 704 1790 ἃς
749 1729 884 1800 πρὸς
925 1733 1165 1786 Λικίνιον
1217 1739 1503 1809 πεποίητο,
1546 1759 1859 1814 παρασπον-

274 1810 468 1881 δῄσας,
522 1817 756 1888 πόλεμον
804 1823 1066 1876 ἄσπονδον
1114 1829 1371 1898 αἱρεῖται.
1409 1828 1545 1884 Εἶτα
1575 1810 1636 1886 ἐν
1663 1835 1857 1906 βραχεῖ
1896 1825 1934 1878 Β

273 1905 338 1958 τὰ
365 1907 546 1962 πάντα
598 1913 865 1981 κυκήσας,
904 1915 1083 1969 πᾶσάν
1112 1935 1170 1971 τε
1197 1918 1351 1974 πόλιν
1395 1905 1720 1995 ἐκταράξεις,
1755 1912 1854 1980 καὶ

272 2000 379 2053 πᾶν
414 2003 778 2072 στρατόπεδον
810 2007 1138 2080 μυρίανδρον
1181 2012 1240 2064 τὸ
1268 2012 1472 2083 πλῆθος
1493 2017 1850 2086 συναγωγῶν,

270 2089 474 2154 ἔξεισιν
503 2096 581 2158 εἰς
611 2095 790 2166 μάχην
820 2099 962 2169 πρὸς
993 2102 1255 2166 Λικίνιον,
1290 2106 1432 2159 κατά
1460 2124 1516 2158 τε
1550 2108 1714 2160 αὑτοῦ
1757 2111 1853 2162 καὶ

269 2181 363 2234 τοῦ
397 2183 565 2237 αὐτὸν
602 2188 910 2254 στείλαντος
938 2195 1370 2250 Κωνσταντίνου.
1403 2199 1512 2250 Καὶ
1547 2199 1611 2269 δὴ
1644 2202 1853 2268 συμϐα-

271 2269 379 2325 λὼν
424 2277 519 2338 εἰς
567 2281 776 2348 χεῖρας,
826 2281 1032 2350 ἕρημος
1075 2285 1172 2354 τῆς
1229 2287 1293 2338 ἐκ
1329 2287 1465 2340 Θεοῦ
1523 2291 1850 2345 καθίσταται

269 2363 594 2438 ἐπισκοπῆς,
627 2370 685 2436 ἐξ
741 2371 904 2424 αὐτοῦ
933 2374 1031 2442 τῆς
1071 2375 1227 2444 νίκης
1264 2376 1358 2430 τοῦ
1415 2379 1634 2433 πάντων
1684 2383 1846 2452 μόνον

268 2452 402 2506 Θεοῦ
435 2460 904 2530 πρυτανευθείσης
951 2463 1030 2534 τῷ
1061 2465 1182 2516 τότε
1221 2468 1514 2536 κρατοῦντι
1551 2472 1845 2524 Κώνσταν-

265 2546 421 2616 τίνῳ.
487 2549 772 2604 ’Λπόλλυσι
831 2553 930 2622 μὲν
988 2556 1180 2626 πρῶτα
1239 2558 1301 2611 τὸ
1345 2561 1434 2629 ἐφ’
1475 2551 1519 2630 ᾧ
1565 2563 1846 2616 ἐπεποίθει

265 2637 548 2691 ὁπλιτικὸν
603 2638 804 2710 πλῆθος
834 2645 861 2694 ὁ
890 2643 1198 2714 ἀλιτήριος·
1250 2648 1360 2702 τῶν
1402 2667 1462 2702 τε
1511 2652 1844 2721 ἁμιρ⁶αὺτὸν

262 2725 578 2798 δορυφόρων
641 2733 966 2802 γυμνωθεὶς,
1019 2737 1112 2789 καὶ
1163 2739 1374 2792 πάντων
1415 2740 1620 2812 ἔρημον
1679 2744 1844 2798 αὐτὸν

261 2819 755 2886 καταλελοιπότων,
786 2821 862 2894 τῷ
886 2842 944 2877 τε
974 2828 1262 2896 κρατοῦντι
1311 2837 1840 2904 προσπεφευγότων,

259 2909 504 2973 ὑπεκδὺς
535 2911 562 2963 ὁ
590 2913 822 2978 δείλαιος
867 2916 942 2980 ώς
993 2920 1256 2990 τάχιστα,
1297 2925 1389 2978 τὸν
1450 2927 1512 2979 οὐ
1562 2929 1844 2999 πρέποντα

257 2999 406 3070 αὐτῷ
461 3002 738 3070 βασιλικὸν
779 3008 980 3078 κόσμον
1018 3007 1206 3077 δειλῶς
1268 3017 1362 3070 καὶ
1417 3016 1700 3088 δυσμενῶς
1748 3023 1842 3076 κσὲ

257 3093 540 3165 ἀνάνδρως
567 3095 794 3160 ἀποδὺς,
827 3099 1080 3156 ὑποδῦνει
1115 3105 1176 3156 τὸ
1226 3103 1430 3176 πλῆθος
1450 3149 1465 3173 ,
1526 3111 1622 3164 καὶ
1645 3109 1836 3166 ἔπειτα

255 3181 655 3273 δίαδιδράσκει,
685 3190 1128 3262 κρυπταζόμενὸς
1153 3213 1213 3248 τε
1245 3198 1348 3250 ἀνὰ
1371 3199 1497 3264 τοὺς
1519 3203 1722 3273 ἀγροὺς
1745 3207 1838 3259 xa‘t

386 3273 587 3344 κώμας
614 3315 628 3338 ,
665 3278 816 3348 μόλις
849 3281 957 3334 τῶν
983 3283 1329 3355 πολεμιστῶν
1380 3289 1480 3354 τὰς
1525 3269 1714 3364 κείρας
1755 3295 1836 3348 δι-

253 3361 435 3430 έξεισι,
469 3367 545 3420 τὰ
576 3367 677 3438 τῆς
731 3373 1008 3442 σωτηρίας
1043 3376 1194 3446 αὐτῷ
1248 3361 1667 3453 προμνώμενος.
1705 3388 1837 3459 Ἐρ-

250 3468 365 3519 γοις
387 3457 578 3521 αὐτοῖς
603 3456 661 3512 εὖ
699 3461 844 3531 μάλα
875 3467 1096 3530 πιστοὺς
1137 3470 1230 3522 καὶ
1257 3471 1476 3542 ἀληθεῖς
1500 3477 1624 3540 τοὺς
1659 3456 1835 3544 θείους

249 3547 531 3618 ἀποφῆναι
586 3549 794 3606 ἔνεστιν
850 3547 950 3608 ὧδε
993 3563 1310 3628 χρησμοὺς,
1358 3566 1416 3616 ὲν
1459 3563 1541 3630 οἷς
1573 3569 1790 3640 εἴρηται
1816 3590 1832 3604 ’

253 3656 270 3685 ί
309 3639 380 3691 Οὐ
415 3641 659 3704 σώζεται
691 3643 944 3712 βασιλεὺς
974 3647 1060 3701 διὰ
1094 3651 1293 3720 πολλὴν
1325 3653 1574 3727 δύναμιν,
1618 3639 1712 3714 καὶ
1745 3663 1834 3730 γί-

247 3739 345 3793 γας
376 3731 436 3782 οὐ
469 3731 788 3802 σωθήσεται
842 3737 899 3789 ὲν
930 3738 1123 3809 πλήθει
1161 3742 1350 3813 ἰσχύος
1397 3747 1584 3802 αὐτοῦ.
1615 3753 1833 3816 Ψευδίες

249 3817 408 3884 ἵππος
430 3825 524 3884 εἰς
551 3825 862 3896 σωτηρίαν’
897 3829 953 3880 ὲν
991 3807 1048 3882 δὲ
1081 3807 1273 3903 πλήθει
1325 3807 1609 3908 δυνάμεως
1663 3807 1830 3896 αὐτοῦ

248 3909 305 3959 οὐ
366 3913 708 3978 σωθήσεται.
793 3916 926 3970 Ἰδοὺ
984 3921 1032 3972 οἱ
1117 3921 1386 3994 ὀφθαλμοὶ
1453 3928 1656 3997 Κυρίου
1739 3931 1832 3984 ἐπὶ

243 3999 362 4061 τοὺς
395 4003 778 4073 φοϐουμένους
821 4006 1020 4072 αὑτὸν,
1061 4011 1187 4073 τοὺς
1247 4013 1574 4080 ἐλπίζοντας
1629 4019 1720 4070 ἐπὶ
1769 4020 1829 4072 τὸ

242 4087 380 4180 ξλεος
402 4094 582 4148 αὐτοῦ
597 4113 611 4124 ·
635 4097 902 4166 ῥύσασθαι
923 4102 985 4152 ἐκ
1010 4102 1240 4158 Θανάτου
1259 4106 1358 4170 τὰς
1380 4107 1560 4180 ψυχὰς
1575 4111 1770 4180 αὐτῷν.
1805 4131 1823 4164 ι

253 4177 308 4230 ’0
328 4181 382 4234 δὲ
409 4185 690 4257 δυσσεϐὴς
710 4190 880 4262 ἀθρόᾳ
919 4193 1052 4245 Θεοῦ
1077 4195 1308 4267 πληγεὶς
1334 4167 1580 4268 μάστιγι,
1623 4167 1826 4257 ἐνιδευ-

241 4271 370 4363 τέρᾳ
389 4277 642 4348 πολέμου
669 4283 909 4354 συμϐολῇ
936 4291 1305 4359 καταστρέφει
1325 4293 1415 4344 τὸν
1447 4291 1580 4363 βίον.
1615 4295 1827 4350 Γίνεται

247 4359 482 4440 δὲαῦτῷ
531 4371 604 4424 τὰ
649 4374 748 4443 τῆς
777 4379 1180 4449 καταστροφῆς,
1217 4381 1315 4452 οὐχ
1353 4378 1444 4438 οἷα
1501 4392 1826 4456 στρατηγθῖς

251 4455 372 4508 πολε
382 4461 622 4532 μάρχαις
659 4463 799 4536 ὑπὲρ
854 4469 1018 4538 ἀρετῆ

171 4602 190 4616 ἦ
248 4546 650 4624 ἀνδριζομένοις
680 4559 739 4611 ἐν
757 4559 976 4632 πολέμῳ
1004 4563 1101 4632 τὴν
1132 4565 1326 4636 εὐκλεῆ
1354 4569 1611 4638 τελευτὴν
1625 4571 1824 4643 εὐθαρ-

249 4637 355 4701 οῶς
385 4644 682 4715 ὑπομεῖναι
718 4651 938 4720 συνέϐη.
985 4653 1148 4706 ,Ἀλλὰ
1177 4656 1284 4726 γὰρ
1317 4659 1410 4710 ac:
1436 4676 1516 4722 τις
1547 4637 1816 4734 δυσσεὸἧς

247 4733 338 4782 καὶ
369 4731 674 4808 θεομάχος,
725 4743 822 4811 τῆς
880 4745 1236 4810 παρατάξεως
1284 4748 1358 4802 ἔτ’
1407 4750 1556 4822 αὐτῷ
1592 4753 1698 4822 πρὸ
1726 4731 1819 4808 τοῦ

248 4823 421 4878 πεδίου
443 4831 810 4902 συνεστώσης,
837 4834 977 4889 οἴκοι
1003 4837 1180 4906 μένων
1213 4840 1372 4903 αὐτὸς
1399 4842 1492 4894 καὶ
1513 4843 1820 4915 κρυπταζό-

249 4929 422 5004 μενος,
460 4920 558 4992 τὴν
589 4926 970 4994 προσήκουσαν
1016 4931 1289 4998 τιμωρίαν
1339 4932 1554 5002 ὑπέχει,
1603 4935 1818 5004 ἁθρόως

245 5001 374 5056 θεοῦ
438 5009 669 5079 πληγεὶς
722 5013 982 5082 μάστιγι·
1033 5017 1108 5080 ὡς
1157 5018 1417 5090 ἀλγηδόσι
1467 5023 1672 5086 δειναῖς
1723 5023 1818 5076 καὶ

247 5097 621 5166 περιωδυνίαις
655 5103 1030 5176 ἐλαυνόμενος,
1065 5109 1196 5178 πρὶν
1250 5110 1282 5181 ἢ
1347 5118 1702 5176 καταπεσεῖν,
1737 5115 1820 5168 λι-

247 5200 330 5254 μῳ
383 5205 443 5241 τε
503 5193 932 5265 διαφθείρεσθαι,
969 5203 1064 5262 τὰς
1115 5217 1171 5252 τε
1217 5203 1426 5272 σάρκας
1478 5205 1643 5258 αὐτοῦ
1683 5207 1814 5270 ὅλας

243 5277 454 5347 capit-rp
495 5283 586 5334 καὶ
622 5287 868 5356 θεηλὰτῳ
904 5293 1036 5360 πυρὶ
1063 5294 1470 5362 κατατήκεσθαι
1497 5311 1510 5327 ο
1543 5297 1616 5360 ώς
1659 5299 1812 5370 διαρο

245 5372 440 5430 ρεῦσαν
472 5372 532 5424 τὸ
571 5376 668 5442 μὲν
705 5379 814 5430 πᾶν
842 5376 982 5444 εἶδος
1028 5383 1126 5451 τῆς
1157 5385 1393 5450 παλαιᾶς
1427 5389 1641 5458 μορφῆς
1671 5392 1816 5457 ἅψαι

241 5456 513 5557 νξσοῆναι,
543 5460 705 5534 ξηρὶν
755 5468 798 5520 δ’
838 5471 999 5523 αὑτὸν
1053 5474 1212 5542 μόνον
1271 5476 1456 5528 ὀστέον
1505 5479 1810 5544 γεγονέναι,

237 5547 344 5600 τόν
403 5569 443 5603 ει
499 5558 699 5628 μακρῷ
751 5563 926 5631 κρίνῳ
979 5567 1536 5638 κατεσκελετευμένον
1594 5570 1812 5623 εἴδωλον

309 5730 347 5760 15

383 5731 524 5788 Ρειῖ.
558 5752 730 5804 aaxn,
770 5742 944 5796 lo-ttl.
1029 5747 1067 5770 "‘
1102 5747 1296 5803 {inscia
1335 5749 1423 5803 lib.
1463 5767 1509 5805 ιχ
1550 5752 1684 5805 Hist.
1724 5756 1904 5807 τεεί-ς.

1968 571 2296 640 gnitudinem
2358 570 2607 641 imperii,
2641 571 2781 640 quod
2815 568 2864 623 ei
2924 583 3084 638 supra
3145 565 3393 620 meritum
3455 568 3550 617 oh-

1970 665 2162 734 ligarat
2191 701 2206 726 ,
2241 663 2381 718 ferre
2444 675 2607 732 alque
2661 663 2930 717 sustinere
2996 675 3100 715 non
3164 665 3414 728 poterat,
3449 655 3548 708 ενι]

1889 780 1898 800 σ
1968 758 2175 810 honesti
2205 757 2440 829 regiique
2491 755 2686 824 ingenii
2720 771 2912 824 expers
2932 796 2948 820 ,
2977 754 3154 821 inepte
3183 761 3235 804 et
3267 762 3548 818 perperam

1967 866 2055 906 res
2093 851 2332 920 gerebat.
2381 850 2544 906 Gravi
2607 851 2819 904 tandem
2885 856 3048 916 atque
3097 841 3418 897 intolerabili
3453 855 3550 892 ar-

1967 943 2204 1013 rogantia
2245 943 2453 1006 elatus,
2486 941 2646 995 etiam
2698 951 2884 994 contra
2945 937 3154 1006 imperii
3193 935 3402 1000 socius,
3433 949 3550 987 ma~

1965 1037 2108 1090 xime
2161 1049 2287 1088 vero
2341 1043 2528 1088 contra
2589 1032 3002 1089 Constantinum
3053 1027 3176 1100 (qui
3215 1028 3376 1079 rebus
3427 1039 3547 1078 om-

1967 1125 2121 1178 nibus
2152 1125 2228 1177 illi
2271 1125 2426 1192 louge
2467 1122 2850 1185 antecellebat,
2915 1135 3136 1192 genere,
3197 1118 3541 1183 educatione,

1965 1217 2324 1274 institutione.
2354 1215 2616 1284 dignitate
2674 1222 2728 1268 et
2754 1211 3074 1281 prudentia;
3131 1212 3351 1280 quippe,
3400 1209 3542 1278 quod

1962 1309 2204 1361 nuntium
2235 1316 2400 1376 caput
2433 1315 2542 1368 est,
2571 1304 2736 1358 animi
2771 1304 3145 1359 moderatione
3175 1315 3228 1356 et
3253 1317 3384 1356 vera
3413 1318 3540 1370 erga

1963 1401 2134 1455 Deum
2161 1401 2362 1468 pietate
2393 1397 2764 1476 praefulgebat)
2807 1397 3010 1450 audere
3041 1395 3244 1464 quaevis
3273 1405 3328 1448 et
3367 1403 3540 1447 atten-

1965 1503 2079 1548 tare
2107 1493 2346 1546 animum
2375 1490 2607 1555 induxit,
2645 1499 2702 1542 et
2729 1489 2778 1540 iu
2809 1489 3106 1542 honoribus
3137 1487 3384 1554 votisque
3451 1500 3543 1552 pu-

1965 1583 2120 1638 blicis
2148 1595 2266 1636 sese
2299 1581 2473 1649 primo
2497 1581 2614 1633 loco
2639 1575 2984 1642 renuntiare;
3019 1593 3140 1630 mox
3159 1573 3444 1628 stultitiam
3483 1573 3536 1624 in

1962 1675 2197 1730 furorem
2227 1684 2460 1736 vertens,
2495 1669 2696 1725 fcelera
2738 1684 2860 1722 cum
2898 1665 3103 1721 Licinio
3147 1675 3302 1733 pacta
3345 1665 3526 1733 rupit:

1965 1783 2027 1822 ac
2053 1765 2250 1820 bellum
2297 1773 2451 1818 atrox
2479 1761 2794 1817 concitavit.
2867 1758 3150 1812 Postremo
3196 1770 3317 1810 cum
3383 1755 3532 1809 brevi

1962 1858 2142 1913 omnia
2207 1857 2534 1919 miscuisset,
2595 1865 2896 1920 omnesque
2925 1849 3176 1902 civitates
3234 1845 3530 1907 turbasset,

1955 1958 2116 2017 atque
2148 1945 2646 2001 numerosissimum
2679 1942 3008 1996 confecisset
3061 1939 3379 2002 exercitum,
3418 1938 3535 1990 exit

1955 2042 2019 2093 ad
2047 2055 2301 2110 pugnam,
2341 2047 2446 2090 tam
2479 2045 2668 2090 contra
2701 2032 2966 2087 Licinium
3000 2032 3194 2100 ipsum,
3229 2044 3386 2096 quam
3431 2028 3522 2096 qui

1957 2133 2103 2185 illum
2133 2133 2378 2194 miserat,
2423 2127 2862 2183 Constantinum.
2925 2123 3030 2178 Sed
3097 2137 3288 2175 manus
3340 2136 3536 2174 conse-

1957 2236 2100 2284 rens,
2127 2221 2308 2273 divina
2339 2231 2442 2285 cpe
2495 2217 2830 2278 destituitur,
2880 2211 3108 2268 victoria
3141 2223 3268 2265 tum:
3304 2210 3370 2264 ab
3418 2211 3533 2278 ipso

1955 2325 2062 2364 uno
2091 2309 2331 2362 omnium
2357 2306 2466 2360 Deo
2508 2319 2690 2359 rermn
2743 2303 2972 2373 potieuti
3003 2299 3360 2355 Cotistantino
3405 2301 3529 2352 sub-

1953 2399 2277 2454 ministrata.
2339 2395 2578 2450 Primum
2610 2386 2908 2448 sceleratus
2932 2393 3020 2447 ille
3042 2408 3162 2446 eam
3189 2403 3524 2446 armatorum

1953 2491 2178 2543 militum
2213 2503 2453 2550 manum,
2483 2487 2566 2540 cui
2615 2484 2940 2546 confidebat,
2993 2483 3206 2536 amisit;
3246 2497 3366 2534 mox
3433 2497 3527 2536 sa-

1953 2583 2178 2637 tellitum
2219 2579 2471 2649 prazsidio
2512 2577 2767 2638 nudatus,
2789 2585 2843 2630 et
2867 2575 2932 2628 ab
2973 2574 3096 2627 aliis
3122 2574 3396 2636 omnibus,
3426 2573 3517 2640 qui

1952 2674 2137 2729 relicto
2170 2664 2259 2726 illo
2285 2673 2352 2726 ad
2375 2672 2631 2725 victorem
2668 2665 3047 2736 confugerant,
3089 2665 3357 2728 desertus,
3389 2664 3526 2716 t'lattt

1951 2765 2206 2821 discessit
2241 2765 2524 2837 miser;et
2583 2761 2788 2829 regium
2849 2767 3124 2824 oruatmn,
3186 2757 3276 2824 qui
3329 2771 3520 2824 parum

1948 2871 2080 2910 sane
2115 2855 2264 2910 illum
2297 2851 2544 2917 decebat,
2603 2850 2788 2904 timide
2848 2848 3008 2902 simul
3065 2855 3121 2900 et
3173 2847 3427 2900 iracunde
3470 2855 3525 2898 et

1948 2946 2284 3004 nmliebriter
2304 2960 2533 3010 exuens,
2559 2940 2890 2996 multitudini
2922 2954 3040 2994 sese
3065 2940 3364 3004 immiscet;
3403 2936 3522 3005 fuga

1946 3039 2141 3095 deinde
2176 3040 2416 3107 elapsus,
2457 3045 2512 3091 et
2544 3037 2595 3090 iu
2643 3036 2789 3106 agris
2838 3035 3080 3102 vicisque
3133 3031 3373 3095 latitans,
3434 3029 3524 3082 vix

1867 3155 1908 3211 ο
1948 3133 2180 3189 hostium
2218 3145 2406 3184 manus
2429 3126 2679 3188 evitavit,
2704 3126 2864 3181 saluti
2899 3140 3010 3179 suae
3051 3124 3364 3179 consulens.
3422 3121 3519 3175 At-

1940 3225 2030 3294 qui
2065 3224 2190 3277 iude
2218 3221 2392 3290 reipsa
2425 3219 2711 3274 ostendere
2749 3217 2896 3280 licet,
2933 3225 3080 3270 certa
3106 3214 3392 3270 admodum
3423 3229 3518 3268 ve-

1940 3328 2108 3384 raque
2135 3327 2255 3367 esse
2285 3312 2467 3364 divina
2491 3309 2734 3376 oracula,
2765 3311 2817 3362 in
2853 3309 3048 3378 quibus
3073 3307 3274 3362 dicitur
3303 3325 3317 3360 :
3359 3304 3512 3361 «Non

1937 3408 2180 3459 salvatur
2205 3418 2296 3458 rex
2329 3418 2426 3474 per
2477 3402 2674 3455 multas
2723 3403 2907 3470 c0pias
2933 3416 3084 3467 suas,
3116 3409 3166 3454 et
3199 3400 3350 3470 gigas
3407 3413 3514 3453 non

1936 3495 2238 3552 salvabitur
2272 3496 2324 3549 in
2355 3493 2702 3548 multitudine
2742 3492 3078 3547 fortitudinis
3135 3506 3264 3545 stne.
3327 3489 3511 3543 Fallax

1934 3602 2106 3656 equus
2141 3587 2209 3641 ad
2240 3585 2506 3640 Salutem:
2550 3585 2602 3639 in
2659 3585 2988 3638 abundantia
3063 3591 3242 3637 autem
3301 3581 3518 3635 virtutis

1935 3692 2048 3732 sua:
2082 3693 2186 3732 non
2213 3677 2532 3733 salvabitur.
2592 3676 2733 3732 Ecce
2760 3676 2900 3731 oculi
2950 3675 3164 3730 Domini
3205 3689 3368 3742 super
3405 3688 3516 3726 me-

1937 3779 2150 3823 tuentes
2175 3783 2322 3832 cum,
2357 3777 2412 3822 et
2443 3767 2494 3821 in
2525 3767 2592 3822 iis
2627 3767 2716 3834 qui
2749 3777 2967 3835 sperant
2998 3781 3156 3835 super
3205 3766 3515 3820 misericor-

1933 3859 2018 3911 dia
2075 3859 2224 3926 ejus;
2277 3869 2335 3911 ut
2395 3868 2549 3911 eruat
2586 3872 2618 3911 a
2669 3867 2838 3911 morte
2887 3857 3096 3909 animus
3153 3872 3340 3910 eorum
3379 3857 3442 3910 ⁸⁸.
3485 3875 3508 3909 ι

1930 3949 2099 4004 Porro
2129 3948 2322 4014 impius
2350 3947 2440 4002 ille
2483 3949 2526 3978 ¹⁶
2561 3948 2836 4016 repentina
2891 3946 2982 4000 Dei
3017 3947 3170 4014 plaga
3203 3961 3512 4014 percussus,

1932 4040 1984 4093 iu
2015 4039 2251 4094 secunda
2285 4037 2408 4092 belli
2452 4037 2856 4092 conﬂictatione
2878 4036 3172 4101 occumbit,
3202 4037 3364 4088 alium
3390 4037 3512 4089 vita:

1928 4133 2131 4186 exitum
2190 4131 2438 4196 sortitus,
2477 4145 2638 4200 quam
2679 4129 2768 4198 qui
2812 4129 3038 4184 ducibus
3081 4127 3353 4182 bellicosis
3389 4141 3512 4181 cou-

1929 4224 2134 4292 tiugcre
2168 4221 2325 4286 solet,
2352 4221 2440 4290 qui
2472 4236 2566 4290 pro
2594 4220 2794 4276 virtute
2835 4229 2891 4274 et
2914 4235 3011 4289 pro
3045 4219 3239 4275 amicis
3291 4219 3506 4273 fortiter

1927 4325 1985 4364 se
2017 4321 2288 4378 gerentes,
2334 4311 2516 4364 fidenti
2547 4312 2726 4363 animo
2759 4311 3048 4380 gloriosam
3082 4322 3310 4366 mortem
3341 4327 3506 4380 oppe-

1925 4408 2070 4456 tunt.
2123 4399 2218 4455 Ille
2253 4415 2380 4454 vero
2405 4400 2604 4469 impius
2642 4411 2696 4454 et
2733 4401 2824 4456 Dei
2855 4404 3220 4467 adversarius,
3253 4403 3378 4456 dum
3405 4403 3504 4454 ad-

1013 4473 1056 4538 is
1083 4470 1178 4524 καὶ
1225 4475 1521 4546 γνωρίμων
1566 4479 1824 4544 πολλάκις

1941 4496 2035 4549 huc
2058 4493 2334 4548 exercitus
2357 4509 2485 4548 suus
2509 4493 2563 4548 in
2609 4495 2780 4550 armis
2831 4504 3024 4560 staret,
3071 4495 3185 4563 ipse
3217 4494 3358 4547 domi
3389 4507 3504 4546 mo-

1927 4595 2099 4651 ratus,
2131 4585 2270 4638 intra
2305 4586 2541 4655 parietes
2587 4583 2828 4651 latitans,
2883 4586 3096 4640 debitas
3147 4584 3243 4637 luit
3288 4598 3496 4654 punias,

1927 4675 2204 4744 inopinato
2232 4677 2322 4730 Dei
2383 4674 2596 4746 ﬂagello
2629 4692 2958 4745 percussus:
2995 4677 3075 4730 sic
3112 4687 3174 4731 ut
3205 4679 3354 4746 gravi
3405 4677 3500 4728 du-

1925 4765 2062 4828 lore,
2097 4775 2150 4820 et
2176 4766 2371 4821 acerbo
2404 4767 2682 4820 cruciatus
2709 4783 2870 4820 sensu
2895 4768 3147 4838 agitatus,
3185 4768 3495 4836 priusquam

1922 4855 2219 4922 occideret,
2249 4857 2366 4908 dira
2395 4855 2536 4909 fame
2568 4859 2964 4922 conficeretur;
2997 4855 3114 4918 eius
3151 4859 3314 4910 etiam
3365 4873 3496 4911 caro

1925 4947 2174 5000 universa
2197 4946 2306 5016 igni
2329 4962 2432 4999 non
2464 4948 2764 5013 conspicuo
2791 4960 2844 5003 et
2868 4965 2962 5018 per
2982 4949 3069 5002 Dei
3096 4949 3230 5001 iram
3254 4949 3494 5002 immisso

1923 5034 2303 5098 intabesceret,
2330 5035 2409 5090 sic
2437 5045 2493 5088 ut
2526 5035 2772 5091 difﬂuens
2801 5039 3042 5106 pristina:
3063 5037 3250 5092 fut-une
3289 5037 3492 5106 elllgies

1923 5133 2033 5178 tuta
2067 5126 2355 5190 deleretur,
2397 5130 2807 5198 exsiccatusque
2842 5131 2894 5182 in
2933 5130 3071 5183 nuda
3107 5145 3230 5184 o-sa
3265 5131 3378 5196 ipse
3410 5145 3496 5184 τε-

1923 5215 2215 5282 digeretur,
2255 5227 2310 5269 et
2339 5227 2594 5286 tanquam
2662 5219 3008 5273 simulacrum
3062 5222 3327 5286 quoddam
3375 5219 3493 5274 lon-

1923 5303 2228 5371 ginquitate
2252 5309 2508 5374 temporis
2541 5309 2866 5362 exhaustum
2912 5317 3362 5377 attenuatumque
3401 5326 3492 5365 rev

1921 5393 2292 5460 linqueretur:
2329 5397 2401 5449 ita
2437 5409 2496 5450 ut
2517 5399 2606 5467 qui
2639 5408 2834 5464 praesto
2864 5401 3108 5464 aderant,
3141 5399 3258 5468 eius
3287 5415 3490 5470 corpus

1921 5483 2056 5536 nihil
2091 5484 2236 5537 aliud
2272 5502 2392 5548 esse
2423 5489 2816 5554 existimarent,
2845 5506 3005 5557 quant
3034 5491 3342 5558 sepulcrum
3369 5491 3489 5542 aul-

1922 5591 2020 5628 ulae
2051 5593 2167 5644 qua:
2199 5579 2250 5630 in
2278 5593 2342 5632 co
2371 5581 2480 5649 jam
2507 5598 2554 5634 tn
2577 5595 2717 5638 u'tuo
2756 5591 2809 5636 et
2829 5581 2984 5651 plane
3013 5583 3228 5651 putridu
3271 5581 3485 5638 defossa

1939 5780 1944 5787 ι
1971 5773 2053 5820 ςιξι.
2095 5756 2144 5808 3-
