4042 6142
577 313 709 377 ιειι

1840 308 2143 371 GELASII
2185 308 2526 377 CYZlCENI

3702 302 3833 366 11.32

573 438 736 482 esset.
791 424 947 481 :Estu
974 439 1135 495 porro
1167 422 1384 474 intimas
1433 421 1611 474 adhuc
1664 419 1930 474 medullas
1983 420 2141 471 veho-

2249 418 2637 488 ὑπολειφθῆναι
2665 434 2678 449 ’
2708 418 2782 481 ὡς
2819 417 2984 487 μηδὲν
3015 412 3140 473 ἀλλο
3165 435 3216 469 τι
3246 415 3489 486 νομίζειν
3514 415 3640 475 τοὺς
3692 433 3832 485 παρ’

577 518 807 571 meutius
840 525 1149 583 perurente,
1173 513 1486 565 cxsilieruut
1518 512 1565 565 ei
1592 512 1755 575 oculi,
1777 520 1832 564 et
1861 525 1891 564 e
1920 511 2033 564 suis
2057 526 2144 563 se-

574 606 728 659 dibus
760 603 1087 663 excidentes,
1121 616 1320 653 (‘tl‘Clllll
1361 601 1692 669 reliquerunt
1718 621 1728 654 :
1763 599 1853 668 qui
1882 608 1998 668 post
2027 601 2140 652 haec

573 709 714 763 a'gre
747 694 993 760 spiritum
1017 693 1241 755 ducens,
1274 691 1498 745 Domino
1527 690 1836 756 confitetur,
1880 701 2139 743 mortem-

574 799 677 851 qne
708 784 953 836 invocat:
978 783 1043 834 ad
1066 795 1368 834 extremum
1399 780 1683 837 confessus
1714 796 1773 835 se
1796 782 1898 835 ista
1920 791 2143 850 propter

574 873 885 935 amentiam,
916 886 1017 940 qua
1052 882 1235 924 contra
1260 871 1532 925 Christum
1561 888 1688 927 usus
1716 871 1909 938 fueral,
1944 871 2136 927 merito

574 963 799 1030 perpeti,
837 962 1071 1015 animam
1107 962 1324 1015 emittit.

2253 510 2410 572 όντσς
2430 549 2444 572 ,
2490 509 2522 581 ἦ
2554 509 2724 577 τάφον
2750 508 2897 578 αὐτῷ
2917 509 3016 578 τῆς
3042 508 3222 577 ψυχῆς
3251 507 3531 575 γεγονέναι
3560 504 3623 557 τὸ
3648 504 3825 575 σῶμα,

2248 603 2305 654 ὲν
2351 601 2450 670 ἤδη
2497 598 2674 670 νεκρῷ
2738 600 2827 653 καὶ
2886 598 3166 661 παντελῶς
3235 595 3641 664 ἀπορῤεύσαντι
3701 614 3832 648 κατ-

2247 691 2604 760 ωρυγμένης·
2646 691 3002 763 σφοδρότερον
3045 690 3098 743 δὲ
3131 690 3211 742 ἔτι
3254 689 3454 759 μᾶλλον
3493 688 3595 757 τῆς
3621 687 3834 759 θέρμης

2248 780 2408 834 αὐτὸν
2440 783 2504 832 ὲκ
2527 780 2724 849 βάθους
2757 779 2971 848 μυελῶν
3014 777 3486 847 καταφλεγοῦσης,
3525 777 3825 845 προπηδῶ-

2250 888 2334 924 σιν
2372 874 2427 925 δὲ
2456 872 2623 926 αὑτοῦ
2659 872 2726 925 τὰ
2753 872 2995 942 ὄμματα,
3024 874 3118 925 καὶ
3144 873 3244 941 τῆς
3278 872 3415 934 ἰδίας
3444 870 3653 941 λήξεως
3686 872 3827 923 ἀπο-

2250 964 2504 1030 πεσόντα,
2562 964 2737 1034 πηρδν
2786 964 2948 1016 αὐτὸν
2975 964 3220 1030 ἀφιᾶσιν.
3249 962 3309 1014 ’0
3368 962 3426 1014 δὲ
3473 962 3567 1014 ὲπί
3612 963 3833 1024 τούτοις

570 1054 877 1116 ἀναπνέων,
931 1053 1459 1123 ἀνθομολογούμενος
1517 1052 1593 1122 τῷ
1649 1052 1837 1124 Κυρίῳ
1863 1094 1878 1117 ,
1913 1053 2146 1105 θάνατον
2209 1054 2530 1108 ἐπεκαλεῖτο
2557 1072 2571 1087 ο
2610 1057 2703 1110 καὶ
2742 1055 2803 1109 τὸ
2877 1054 3221 1107 πανύστατον
3268 1053 3494 1116 ἐνδίκως
3516 1051 3695 1105 ταῦτα
3732 1051 3833 1121 τῆς

569 1149 715 1202 κατὰ
738 1145 830 1200 τοῦ
877 1147 1113 1218 Χριστοῦ
1142 1148 1425 1217 παροινίας
1454 1147 1617 1201 ἕνεκα
1646 1147 1971 1202 πεπονθέναι
2001 1147 2359 1218 ὁμολογήσας,
2395 1148 2585 1218 ἀφίησι
2617 1149 2716 1219 τὴν
2740 1149 2937 1219 ψυχήν.

1234 1284 1389 1356 CAP.
1420 1282 1522 1337 ιχ.

895 1395 971 1448 De
994 1396 1332 1449 ecclesiarum
1374 1398 1786 1453 instauratione.

641 1507 774 1562 Cum
823 1509 889 1561 ad
916 1507 1058 1560 hunc
1087 1506 1301 1560 modum
1335 1505 1680 1575 Maximinus,
1718 1509 1862 1563 inter
1915 1510 2150 1579 reliquos

572 1598 789 1664 pietatis
818 1598 994 1651 hostes
1022 1597 1177 1666 longe
1231 1598 1582 1661 deterrimus,
1617 1613 1646 1650 e
1679 1601 1853 1654 medio
1900 1600 2146 1656 sublatus

2863 1283 3111 1338 ΚΕΦΑΛ.
3154 1283 3230 1337 9⁸.

2413 1396 2547 1467 Περὶ
2587 1392 2695 1467 τῆς
2724 1394 2844 1452 τῶν
2895 1395 3241 1465 ἐκκλησιῶν
3269 1391 3686 1463 ἀνανεώσεως.

2320 1510 2477 1567 Οὕτω
2529 1513 2667 1583 δῆτα
2716 1511 3029 1581 Μαξιμὶνου
3092 1508 3338 1564 ἐκποδὼν
3395 1509 3720 1579 γενομένου,
3770 1508 3831 1571 ὃς

2249 1603 2542 1657 ἐπιλοίπων
2578 1601 2688 1655 τῶν
2720 1602 2816 1671 τῆς
2845 1599 3154 1663 θεοσεϐείας
3189 1598 3398 1669 ἐχθρῶν
3429 1599 3692 1652 ἁπάντων
3717 1598 3833 1667 χεί-

571 1700 713 1743 esset
755 1706 769 1742 :
827 1688 1097 1752 Ecclesiae,
1128 1689 1297 1755 gratia
1331 1690 1421 1742 Dei
1465 1691 1872 1758 omnipotentis,
1908 1692 1976 1745 ab
2015 1691 2145 1759 ipsis

2249 1707 2430 1761 ριστος
2460 1689 2794 1759 ἀναπέφηνε,
2821 1688 2890 1741 τὰ
2922 1686 3023 1758 μὲν
3050 1688 3148 1758 τῆς
3168 1687 3278 1741 τῶν
3327 1686 3669 1755 Ἐκκλησιῶν
3699 1688 3833 1740 ἀνα-

572 1778 938 1832 lundamentis
959 1779 1333 1846 erigebantur,
1356 1789 1411 1831 et
1443 1778 1647 1833 Christi
1675 1778 1899 1834 verbum
1931 1782 1996 1834 ad
2032 1781 2145 1851 glo-

575 1870 709 1921 riam
743 1868 833 1921 Dei
873 1868 1314 1921 rerumomnium
1348 1869 1704 1923 moderatoris
1771 1869 2142 1936 einerescens,

574 1960 762 2029 majori
791 1974 951 2028 quam
983 1969 1140 2012 antea
1172 1958 1420 2013 libertate
1462 1960 1878 2029 praedicabatur.
1932 1964 2056 2017 llaec
2083 1964 2136 2018 in

574 2065 720 2104 nono
770 2049 909 2104 libro
935 2049 1321 2106 ecclesiasticae
1351 2049 1602 2105 Historia:
1657 2052 1874 2121 scripsit
1911 2055 2147 2123 Optimus

574 2145 667 2197 illo
701 2143 966 2198 Eusebius
990 2141 1255 2212 Pamphili
1291 2158 1305 2195 :
1341 2156 1403 2195 ex
1460 2141 1602 2196 illius
1632 2144 1774 2197 enim
1816 2152 1872 2198 et
1917 2145 2144 2200 aliorum

573 2237 871 2302 laboribus,
904 2244 962 2289 ut
988 2249 1149 2303 supra
1178 2234 1314 2297 dixi,
1361 2248 1573 2289 summa
1611 2235 1789 2303 capita
1823 2236 2143 2306 decerpens,

574 2332 893 2393 prmsentem
928 2325 1071 2380 hunc
1096 2323 1330 2378 libellum
1358 2339 1463 2394 qua
1489 2339 1706 2393 possum
1733 2324 2002 2380 brevitate
2017 2340 2147 2380 con-

573 2430 717 2483 texo,
757 2432 970 2472 summo
1006 2416 1206 2477 ,studio
1242 2417 1506 2473 festinans
1527 2432 1838 2473 sermonem
1877 2418 2146 2474 deducere

572 2508 636 2560 ad
672 2522 943 2564 summum
980 2506 1152 2572 illum,
1198 2507 1489 2575 illustrem,
1516 2519 1763 2565 sanctum
1799 2519 1855 2565 et
1902 2511 2143 2565 divinum

575 2606 814 2652 tuontem
850 2597 1163 2666 apostolicae
1196 2599 1337 2653 illius
1353 2609 1409 2653 et
1437 2598 1721 2655 laudabilis
1743 2603 1931 2671 synodi
1965 2617 2147 2657 sacer-

576 2685 758 2738 dotum
801 2685 915 2749 Dei,
951 2702 1070 2755 quas
1097 2686 1287 2741 Nicaiae
1315 2686 1418 2742 fuit
1452 2702 1468 2742 :
1502 2692 1736 2745 maxime
1767 2706 1887 2745 cum
1917 2692 2148 2760 prophe-

577 2783 683 2826 tam
721 2774 867 2828 velut
925 2791 1085 2829 mamt
1135 2776 1571 2845 prehendentem-
1614 2794 1699 2834 me
1723 2788 1780 2834 et
1837 2781 2144 2836 hortantem

576 2865 825 2919 videam:
882 2863 1125 2932 «Venite,
1156 2868 1350 2936 inquit,
1385 2871 1744 2925 ascendamus
1790 2871 1856 2924 ad
1907 2882 2144 2926 montem

575 2955 812 3019 Domini,
840 2966 895 3010 et
920 2960 986 3010 ad
1035 2958 1250 3012 domum
1310 2958 1402 3014 Dei
1437 2958 1606 3014 Jacob
1646 2979 1659 3014 :
1698 2969 1754 3015 et
1804 2963 2145 3018 annuntiahit
2172 2992 2214 3049 ρ

496 3050 501 3055 ’
578 3045 733 3099 nobis
764 3048 905 3101 viam
940 3063 1118 3112 suam,
1178 3059 1231 3103 et
1254 3051 1650 3106 ambulahimus
1680 3054 1732 3106 in
1760 3068 1845 3110 ea.
1907 3052 1983 3108 Et
2011 3056 2141 3110 Sion

574 3136 717 3190 enim
749 3138 915 3190 exibit
940 3140 1044 3202 lex,
1069 3150 1123 3193 et
1155 3142 1374 3194 verbum
1407 3143 1616 3197 Domini
1667 3160 1734 3199 ex
1773 3144 2134 3202 Jerusaiem.»

576 3228 713 3283 Vere
746 3229 888 3284 enim
921 3228 1051 3283 Sion
1085 3242 1137 3285 et
1163 3230 1488 3305 Jerusalem,
1524 3246 1577 3289 et
1610 3251 1772 3290 mons
1808 3240 2016 3294 Domini
2065 3240 2145 3293 al-

575 3321 834 3386 tissimus,
860 3332 913 3376 et
936 3323 1128 3378 domus
1163 3324 1254 3378 Dei
1279 3317 1466 3392 Jacoh,
1488 3338 1572 3381 est
1601 3329 1815 3383 divinus
1841 3329 1931 3383 ille
1957 3333 2145 3385 ortho-

573 3413 841 3468 doxorum
886 3415 979 3469 Dei
1033 3415 1376 3469 sacerdotum
1436 3430 1633 3484 castus,
1687 3422 1778 3490 qui
1831 3422 1883 3475 in
1941 3421 2143 3490 Spiritu

573 3517 764 3561 sancto
789 3507 1117 3575 perserutati
1160 3509 1461 3564 docuerunt
1510 3526 1607 3580 per
1646 3511 1968 3583 Scripturas
2022 3530 2148 3582 pro-

574 3598 837 3666 pheticas,
866 3600 1213 3669 evangelicas
1239 3611 1294 3656 ct
1321 3603 1676 3671 apostolicas,
1710 3605 1777 3659 de
1808 3606 1973 3661 verbo
1999 3607 2144 3674 vita},

577 3693 680 3744 hoc
711 3699 813 3757 est,
839 3689 976 3743 Filio
1008 3691 1124 3755 Dei,
1167 3693 1311 3760 quod
1347 3704 1475 3748 vere
1513 3694 1791 3750 increatus
1823 3695 1893 3749 sit
1946 3711 2147 3752 secum-

574 3778 699 3832 dum
725 3787 974 3832 naturam
1004 3779 1325 3845 divinitatis,
1356 3797 1461 3836 non
1502 3792 1738 3851 creatus,
1782 3790 2141 3855 quemadmo-

573 3870 699 3923 dum
735 3879 922 3925 contra
960 3870 1110 3925 illum
1144 3873 1535 3942 blasphemavit
1585 3876 1676 3930 Dei
1728 3877 1901 3932 hostis
1937 3889 1992 3932 et
2043 3880 2146 3932 im-

574 3961 694 4025 pius
721 3958 811 4012 ille
834 3959 1030 4014 Arius:
1065 3960 1210 4030 quod
1241 3962 1480 4031 ejusdem
1512 3974 1716 4020 natura:
1739 3975 1795 4020 et
1827 3967 2147 4023 substantiae

573 4048 788 4103 sitcum
825 4048 986 4105 Patre
1013 4053 1104 4121 qui
1129 4068 1249 4107 eum
1282 4064 1410 4109 ante
1453 4057 1634 4110 omnia
1678 4058 1875 4113 szecula
1921 4059 2144 4129 genuit:

573 4139 716 4208 quod
752 4138 986 4210 denique
1015 4150 1069 4195 et
1100 4141 1336 4211 Spiritus
1378 4155 1599 4199 sanctus
1646 4145 1888 4215 ejusdem
1942 4151 2146 4218 pariter

579 4229 879 4284 divinitatis
901 4240 953 4285 et
981 4232 1236 4287 essentia:
1264 4233 1336 4287 sit
1364 4247 1487 4287 cum
1518 4233 1683 4289 Patre
1706 4246 1759 4289 et
1787 4235 1944 4303 Filio,
1977 4239 2145 4291 mani-

576 4319 872 4376 festissime
895 4325 1271 4378 ostenderunt.
1335 4320 1403 4378 Et
1456 4341 1584 4381 vere
1633 4327 1775 4383 altus
1826 4328 1920 4384 Dei
1965 4346 2141 4394 mons,
2180 4313 2220 4367 ι)

573 4427 694 4481 utne
724 4414 877 4468 nobis
907 4414 974 4468 ab
1005 4414 1160 4469 initio
1181 4425 1289 4479 est,
1323 4424 1382 4469 ut
1406 4424 1560 4470 antea
1604 4419 1903 4472 declaravit
1936 4434 2141 4490 sermo,

573 4506 641 4556 ah
671 4504 786 4573 ipso
811 4506 1035 4559 Domino
1067 4521 1161 4574 per
1178 4507 1449 4574 apostolos
1474 4509 1628 4562 nobis
1676 4510 1895 4576 tradita,
1919 4522 1971 4564 ct
2005 4530 2145 4568 nunc

575 4610 672 4661 per
692 4595 863 4663 ipsius
893 4599 1204 4651 sacerdotes
1246 4597 1441 4651 Niczeze
1472 4610 1830 4668 congregatos
1847 4602 2143 4673 Scriptura:

574 4684 899 4740 testimoniis
926 4685 1074 4740 clare
1110 4687 1371 4755 eXplicala
1412 4692 1715 4744 veneranda
1746 4693 1832 4746 illa
1866 4706 1921 4750 et
1951 4708 2138 4751 sancta

573 4773 695 4827 lidei
750 4775 955 4843 regula,
983 4775 1047 4829 de
1084 4791 1188 4844 qua
1225 4776 1447 4842 clarius,
1481 4776 1703 4847 juvante
1752 4782 1882 4845 Deo,
1919 4800 2140 4854 progre-

569 4862 754 4917 diente
780 4864 988 4933 longius
1022 4881 1273 4920 sermone
1307 4882 1336 4921 a
1374 4870 1529 4924 nobis
1558 4870 1878 4927 disseretur.
1935 4874 2041 4930 Sed
2075 4879 2140 4932 ad

570 4955 912 5021 propositum
944 4955 1325 5011 ecclesiastica:
1361 4958 1600 5014 historiae
1630 4974 2008 5033 argumentum
2057 4984 2142 5022 re-

574 5053 868 5108 vertanmr,
901 5052 1203 5111 repetentes
1235 5061 1321 5111 ea,
1376 5049 1570 5116 quibus
1616 5049 1759 5107 Dens
1807 5057 2005 5125 populo
2042 5074 2141 5113 suo

570 5132 905 5193 subvenerit,
930 5144 983 5188 et
1016 5144 1277 5204 tyrannos
1304 5150 1334 5190 e
1374 5139 1550 5192 medio
1596 5143 1875 5197 sustulerit
1923 5162 2020 5215 per
2060 5148 2144 5202 di-

570 5214 769 5276 lectum
802 5240 1014 5278 servum
1049 5240 1202 5279 suum
1252 5228 1630 5296 imperatorem
1682 5214 2139 5293 Constantinum:

571 5328 733 5381 quam
766 5331 858 5383 per
878 5317 1126 5370 eumdem
1160 5333 1344 5386 pacem
1377 5322 1749 5378 conciliaverit
1782 5328 1895 5381 suis
1925 5329 1978 5381 in
2027 5339 2140 5384 toto

572 5403 706 5458 orbe
734 5407 1003 5460 ecclesiis.
1040 5425 1057 5458 ‹
1105 5406 1269 5463 Solus
1307 5425 1535 5479 magnus
1560 5411 1843 5480 Dominus,
1880 5418 1972 5486 qui
2013 5417 2142 5472 facit

573 5493 848 5549 mirabilia
871 5512 1063 5568 magna
1095 5500 1245 5553 solus
1280 5500 1344 5561 ”,
1377 5508 1429 5551 et
1470 5500 1868 5570 inscrntabilia,
1902 5524 2136 5576 quorum

650 5672 698 5702 "
726 5677 739 5693 '
770 5675 874 5729 lsa.
916 5692 970 5742 It,
1002 5678 1053 5731 5.
1137 5680 1176 5709 ¹⁷
1216 5679 1356 5733 Psal.
1390 5696 1582 5747 «xxxv,
1623 5682 1673 5734 .l.

2246 1780 2491 1844 νεώσεως
2531 1781 2596 1832 ἐκ
2625 1779 2892 1842 θεμελίων
2944 1779 3129 1850 χάριτι
3161 1776 3298 1832 Θεοῦ
3325 1777 3421 1831 τοῦ
3453 1778 3832 1847 παντοκράτο-

2248 1882 2340 1941 ρος
2365 1869 2614 1940 ἠγείρετο
2642 1883 2656 1899 ·
2689 1870 2717 1923 ὂ
2746 1883 2802 1922 τε
2832 1868 2927 1922 τοῦ
2956 1868 3193 1940 Χριστοῦ
3242 1867 3401 1941 λόγος
3434 1870 3515 1931 εἰς
3541 1868 3702 1935 δόξαν
3731 1869 3829 1922 τοῦ

2244 1959 2353 2012 τῶν
2386 1960 2522 2013 ὅλων
2552 1959 2685 2013 Θεοῦ
2736 1960 3084 2030 διαλάμπων,
3125 1957 3349 2030 μείζονα
3380 1961 3478 2029 τῆς
3504 1958 3825 2029 ἔμπροσθεν

2245 2051 2596 2123 ἀπελάμϐανε
2629 2052 2965 2124 παρρησίαν.
2999 2052 3186 2106 Ταῦτα
3224 2054 3281 2106 ἐν
3309 2053 3518 2123 ὲννάτῳ
3552 2053 3705 2123 τόμῳ
3726 2052 3829 2121 τῆς

2246 2141 2705 2212 ὲκκλησιαστικῆς
2752 2140 3019 2212 Ἱστορίας
3041 2143 3070 2195 6
3108 2141 3287 2195 πάντα
3318 2128 3543 2212 ἀριστος
3572 2143 3833 2194 συντέτα-

2247 2250 2338 2303 χεν
2366 2234 2394 2286 6
2428 2231 2709 2303 Παμφίλου
2743 2233 3002 2297 Εὐσέϐιος
3038 2250 3053 2265 ·
3083 2233 3194 2286 τῶν
3247 2233 3357 2303 γὰρ
3415 2232 3582 2287 αὐτοῦ
3621 2233 3827 2297 πόνων,

2246 2326 2322 2389 ὡς
2353 2325 2608 2397 ἀνωτέρω
2641 2343 2732 2397 μοι
2765 2324 3004 2396 εἴρηται,
3036 2326 3133 2380 καὶ
3158 2327 3266 2379 τῶν
3298 2327 3476 2381 ἄλλων
3507 2327 3608 2397 τὴν
3631 2326 3831 2380 ἀνάλεο

2249 2416 2329 2482 ξιν
2356 2416 2708 2487 ποιούμενος,
2749 2416 2843 2470 τοῦ
2901 2416 3164 2487 βιϐλιδίου
3225 2419 3414 2472 τούτου
3458 2418 3548 2471 διὰ
3578 2417 3833 2488 βραχέων

2246 2506 2568 2578 ἐγχαράττω
2594 2506 2695 2577 τὴν
2743 2504 3017 2571 σύνταξιν,
3061 2507 3293 2581 πλείστῃ
3344 2509 3445 2579 ὅσῃ
3488 2508 3696 2579 σπουδῇ
3730 2509 3832 2578 τὴν

2246 2598 2473 2666 πορείαν
2509 2596 2603 2650 τοῦ
2644 2594 2801 2665 λόγου
2847 2597 3170 2668 ποιούμενος
3220 2600 3315 2653 ἐπὶ
3352 2602 3415 2654 τὸ
3465 2601 3669 2671 ὑψηλὸν
3735 2602 3832 2655 καὶ

2246 2686 2636 2758 λαμπροφανὲς
2662 2687 2818 2756 ἅγιον
2842 2687 2936 2741 καὶ
2966 2687 3108 2740 θεῖον
3135 2687 3261 2758 ὅρος
3285 2689 3388 2759 τῆς
3421 2692 3566 2743 κατά
3594 2692 3831 2744 Νίκαιαν

2248 2779 2612 2848 ἁποστολικῆς
2649 2779 2745 2832 καὶ
2815 2780 3073 2850 ἐναρέτου
3136 2780 3245 2833 τῶν
3294 2780 3390 2834 τοῦ
3441 2781 3580 2834 Θεοῦ
3640 2782 3829 2852 ἱερέων

2250 2868 2498 2921 συνόδου·
2530 2867 2673 2939 ὁρῶν
2704 2869 2941 2939 μάλιστα
2959 2867 3050 2921 τὸν
3078 2870 3371 2940 προφήτην
3403 2870 3711 2941 κρατοῦντά
3761 2888 3827 2940 με

2246 2960 2344 3029 τῆς
2359 2959 2537 3029 χειρὸς
2553 2959 2647 3012 καὶ
2662 2959 3057 3031 προτρέποντα·
3081 2979 3100 3011 ι
3112 2959 3298 3026 Δεῦτε,
3326 2962 3515 3031 φησὶν,
3538 2961 3722 3015 ἀγαθῶ
3730 2979 3833 3031 μεν

2247 3054 2326 3114 εἰς
2361 3051 2422 3103 τὸ
2473 3051 2597 3123 ὅρος
2630 3050 2725 3104 τοῦ
2764 3052 2992 3123 Κυρίου,
3024 3050 3120 3105 καὶ
3150 3052 3231 3116 είς
3261 3051 3352 3105 τὸν
3386 3047 3536 3107 οἷκον
3568 3054 3665 3107 τοῦ
3691 3054 3833 3107 Θεοῦ

2259 3141 2452 3194 Ἰακώϐ
2472 3160 2485 3173 ·
2521 3142 2616 3196 καὶ
2647 3144 2942 3212 ἀναγγελεῖ
2968 3145 3099 3214 ἡμῖν
3126 3145 3227 3212 τὴν
3252 3143 3367 3197 666v
3393 3145 3578 3209 αὑτοῦ,
3608 3146 3705 3198 καὶ
3734 3162 3835 3198 πο-

2251 3233 2553 3304 ρευσόμεθα
2592 3236 2648 3304 ὲν
2680 3235 2839 3306 αὐτῇ.
2888 3235 2982 3288 Ἐκ
3023 3236 3132 3304 γὰρ
3179 3230 3313 3288 Σιὼν
3359 3234 3699 3299 ἐξελεύσεται
3743 3237 3837 3288 νό-

2251 3343 2368 3397 μος,
2399 3326 2494 3380 καὶ
2541 3327 2699 3395 λόγος
2747 3329 2952 3400 Κυρίου
3005 3329 3065 3396 ἐξ
3109 3326 3477 3399 Ἰερουσαλήμ.
3511 3345 3530 3378 ι
3578 3327 3836 3396 Ἀληθῶς

2247 3419 2353 3489 γὰρ
2383 3418 2521 3472 Σιὼν
2570 3420 2667 3473 καὶ
2709 3419 3089 3491 Ἰερουσαλὴμ,
3145 3421 3234 3473 καὶ
3267 3418 3389 3490 ὅρος
3430 3417 3643 3489 Κυρίου
3681 3417 3839 3489 ὑψηι

2247 3509 2488 3576 λότατον,
2515 3512 2609 3564 καὶ
2638 3508 2787 3574 οἶκος
2804 3510 2897 3585 τοῦ
2929 3511 3065 3565 Θεοῦ
3115 3510 3327 3575 Ἰακὼϐ,
3359 3511 3386 3562 6
3416 3509 3562 3573 θεῖος
3610 3510 3832 3574 ἐκεῖνος

2247 3602 2356 3656 τῶν
2383 3602 2477 3656 τοῦ
2542 3599 2679 3656 Θεοῦ
2710 3582 3007 3674 ὀρθόδόξων
3067 3601 3259 3675 ἱερέων
3288 3600 3495 3673 ὅμιλος,
3548 3600 3836 3670 Πνεῦματι

2250 3694 2388 3766 ἁγίῳ
2460 3694 2909 3766 διασκεψαμένων
2952 3695 3049 3749 καὶ⁵
3121 3694 3598 3765 παραστησάντων
3645 3692 3736 3746 διά
3770 3707 3836 3744 τε

2249 3783 2479 3853 Γραφῶν
2511 3785 2886 3856 προφητικῶν,
2916 3784 3012 3838 καὶ
3039 3783 3437 3853 εὐαγγελικῶν,
3468 3783 3565 3837 καὶ
3599 3784 3837 3837 ἀποστο-

2248 3873 2413 3926 λικῶν
2457 3877 2583 3946 περὶ
2618 3876 2714 3929 τοῦ
2768 3876 2945 3943 Λόγου
3003 3876 3104 3943 τῆς
3143 3876 3312 3946 ζωῆς,
3348 3874 3497 3928 τοῦτ’
3552 3873 3668 3926 ἔστι
3698 3871 3835 3925 Υῐοῦ

2248 3966 2341 4019 τοῦ
2374 3966 2529 4032 Θεοῦ,
2571 3967 2645 4030 ὡς
2674 3967 2891 4038 ἀληθῶς
2938 3969 3194 4032 ἄκτιστος
3216 3970 3283 4039 τῇ
3313 3970 3413 4038 τῆς
3440 3967 3698 4036 θεότητος
3729 3967 3837 4033 φύ-

2251 4076 2352 4124 σει,
2381 4059 2476 4111 καὶ
2512 4060 2571 4111 οὐ
2604 4058 2831 4128 κτίσμα,
2860 4058 3042 4123 καθὼς
3060 4060 3089 4112 6
3112 4058 3382 4129 θεομάχος
3414 4060 3510 4111 καὶ
3539 4057 3836 4111 ἀσεϐέστα-

2246 4167 2337 4214 τος
2385 4149 2504 4202 κατ’
2544 4148 2708 4202 αὐτοῦ
2736 4148 3160 4220 ἐϐλασφήμησεν
3213 4150 3435 4220 ’Ἄρειος
3460 4164 3474 4177 °
3509 4148 3601 4200 καὶ
3628 4148 3708 4199 ὅτι
3735 4147 3833 4215 τῆς

2249 4240 2419 4310 αὐτῆς
2461 4238 2669 4305 οὐσίας,
2727 4235 2795 4311 ἧς
2841 4240 2937 4292 καὶ
2967 4242 2994 4293 6
3024 4241 3293 4310 γεννήσας
3353 4240 3517 4293 αὐτὸν
3577 4239 3683 4309 πρὸ
3724 4239 3831 4291 τῶν

2250 4330 2461 4384 αἰώνων
2512 4330 2769 4383 ἁπάντων
2816 4330 3054 4401 ὑπάρχει
3105 4330 3296 4401 Πατὴρ
3323 4372 3340 4397 ,
3375 4330 3473 4383 καὶ
3529 4330 3626 4383 τοῦ
3671 4327 3829 4383 αὑτοῦ

2250 4424 2561 4493 χρήματος’
2595 4421 2800 4490 ὁμοίως
2832 4420 2890 4473 δὲ
2924 4420 3018 4473 καὶ
3053 4422 3114 4473 τδ
3173 4419 3399 4490 Πνεῦμα
3434 4421 3496 4473 τὸ
3542 4420 3701 4488 ἅγιον
3730 4419 3827 4488 τῆς

2250 4514 2418 4584 αὐτῆς
2451 4512 2701 4582 θεότητος
2748 4513 2842 4565 καὶ
2875 4511 3085 4575 οὐσίας,
3112 4502 3180 4583 ἧς
3204 4513 3231 4564 ὁ
3259 4508 3449 4582 Πατὴρ
3505 4513 3600 4565 καὶ
3627 4514 3655 4564 6
3683 4509 3825 4573 Υἱὸς,

2251 4604 2559 4673 σαφέστατα
2599 4601 2823 4665 ἔδειξαν.
2854 4603 2968 4655 Καὶ
2995 4600 3212 4672 ἀληθῶς
3263 4600 3470 4673 ὑψηλὸν
3503 4601 3633 4672 ὄρος
3671 4599 3821 4662 Θεοῦ,

2246 4679 2628 4765 ἀκιωθενήμῖν,
2658 4693 2800 4746 καθά
2829 4693 3206 4763 προεδήλωσεν
3241 4695 3268 4745 6
3296 4692 3457 4761 λόγος
3498 4693 3632 4763 παρ’
3660 4690 3823 4745 αὐτοῦ

2243 4783 2338 4837 τοῦ
2395 4784 2599 4855 Κυρίου
2627 4783 2714 4837 διὰ
2746 4784 2855 4836 τῶν
2886 4784 3201 4837 ἀποστόλων
3230 4784 3428 4849 δοθεὶς,
3482 4785 3578 4837 καὶ
3614 4784 3711 4837 νῦν
3744 4781 3828 4836 διὰ

2243 4875 2351 4929 τῶν
2404 4876 2568 4930 αὑτοῦ
2628 4878 2818 4949 ἱερέων
2867 4878 3012 4932 κατά
3066 4877 3164 4951 τὴν
3214 4879 3468 4932 Νικαέων
3522 4878 3830 4949 Γραφικαίς

2248 4965 2574 5036 μαρτυρίαις
2620 4966 2945 5038 τρανωθεὶς,
3007 4970 3035 5021 6
3090 4967 3469 5038 προσκυνητδς
3530 4960 3691 5030 οῦτος
3738 4964 3828 5018 καὶ

2244 5055 2399 5122 ἅγιος
2421 5057 2517 5126 τῆς
2542 5057 2843 5127 ἀμωμήτου
2863 5058 3099 5122 πίστεως
3127 5058 3251 5127 ὅρος
3272 5073 3284 5087 ·
3313 5060 3439 5128 περὶ
3466 5052 3530 5113 οῦ
3560 5058 3820 5126 σαφέστε·

2245 5162 2335 5215 Ρος
2369 5147 2499 5216 ἡμῖν
2559 5147 2815 5218 συνεργίᾳ
2876 5148 2975 5215 τῆς
3014 5146 3109 5200 τοῦ
3154 5146 3289 5199 Θεοῦ
3326 5149 3554 5217 χάριτος
3615 5145 3821 5217 προῖὼν

2244 5234 2561 5302 ἀποδείξειό
2588 5237 2764 5304 λόγος.
2803 5236 2942 5288 Ἀλλ’
2982 5239 3075 5289 ἐπὶ
3126 5238 3227 5306 τὴν
3264 5240 3645 5309 προκειμένην
3697 5240 3826 5309 ἡμῖν

2241 5326 2339 5394 τῆς
2367 5326 2826 5394 ἐκκλησιαστικῆς
2848 5326 3089 5395 ἱστορίας
3119 5325 3375 5380 ὑπόθεσιν
3407 5328 3825 5395 ἐπανέλθωμεν,

2244 5417 2675 5480 ἐπαναλαϐόντες
2695 5416 2762 5470 τὰ
2792 5417 3032 5487 περὶτῆς
3049 5417 3141 5469 τοῦ
3162 5418 3427 5488 βασιλέως
3449 5418 3588 5471 Θεοῦ
3632 5420 3714 5480 εἰς
3735 5417 3826 5468 τὸν

2246 5510 2403 5562 αὑτὸν
2426 5508 2636 5582 [αὑτοῦ]
2667 5510 2792 5563 λαὸν
2822 5510 3154 5580 ἀντιλήψεως
3180 5550 3190 5573 ,
3221 5510 3313 5563 καὶ
3348 5510 3450 5578 τῆς
3480 5509 3591 5562 τῶν
3620 5507 3830 5579 τυράν-
