4042 6142
363 349 500 415 1213

1245 350 1614 412 HISTORIA
1652 345 1988 412 CONCILiI
2028 345 2333 416 NIGENI.
2375 381 2446 393 —
2483 355 2632 416 LIB.
2670 350 2721 415 Ῐ.
3483 352 3617 416 1214

351 479 458 515 νων
478 463 858 534 καταστροφῆς
877 463 965 518 διά
987 463 1078 516 τοῦ
1097 463 1427 534 θεράποντος
1443 462 1608 516 αὑτοῦ
1630 464 1722 516 τοῦ
1743 465 1926 532 θεοφι-

2049 483 2142 521 ιιοιι
2162 477 2244 522 est
2261 483 2522 522 numerus
2544 468 2616 521 ¹⁸ε
2637 468 2730 538 qui
2754 482 2934 522 rerum
2958 465 3396 536 opportunitates
3412 477 3465 520 et
3482 476 3616 521 tem-

351 551 477 614 Αοῦς
495 553 904 607 Κωνσταντίνου
922 553 1014 607 τοῦ
1029 554 1314 625 βασιλέως·
1342 555 1408 624 ἥν
1432 555 1493 608 δι’
1509 555 1674 608 αὐτοῦ
1707 555 1930 626 εἰρήνην

353 642 658 711 ἐπρυτάνευ
669 660 723 696 σε
746 649 864 708 ταῖς
884 645 1023 698 κατὰ
1057 645 1153 715 τὴν
1174 645 1498 716 οἰκουμένην
1509 646 1673 699 αὐτοῦ
1709 647 1934 718 Ἐκκληο

355 731 496 791 σίαις
527 746 541 760 ·
589 748 624 781 ιι
651 731 708 784 ’0
732 733 888 799 μόνος
922 733 1091 802 μέγας
1128 733 1356 801 Κύριος,
1396 735 1424 785 6
1457 733 1625 786 ποιῶν
1655 733 1933 802 θαυμάσια

359 821 568 887 μεγάλα
598 823 758 890 μόνος
812 824 908 876 κπὶ
941 824 1346 894 ἀνεξιχνίαστοι.
1380 818 1454 878 ὧν
1493 825 1784 879 οὐκέστιν
1811 827 1932 895 ἀρι-

360 911 494 980 θμός
515 920 530 940 δ
563 911 592 962 6
617 911 844 965 ἀλλοιῶν
875 916 1102 984 καιροὺς
1125 916 1221 968 καὶ
1255 916 1500 986 χρόνους,
1536 915 1808 987 μεθιστῶν
1835 915 1934 986 βα-

357 1004 526 1065 σιλεῖς
564 1020 622 1055 τε
649 1003 744 1056 καὶ
774 1003 1073 1068 καθιστῶν,
1124 1005 1354 1077 ἐγείρων
1381 1007 1490 1059 ἀπὸ
1539 1007 1643 1077 γῆς
1689 1009 1933 1078 πτωχὸν,

358 1092 455 1144 καὶ
476 1094 583 1144 ἀπὸ
613 1093 846 1164 κοπρίας
871 1093 1092 1162 ἀνυψῶν
1131 1095 1341 1166 πένητα
1367 1121 1384 1142 ο
1416 1095 1933 1162 καθεῖλεδυνάστας

359 1183 467 1236 ἀπὸ
493 1181 719 1252 θρόνων,
769 1185 863 1236 καὶ
903 1183 1086 1253 ῦψωσε
1129 1184 1454 1250 ταπεινούς·
1506 1187 1810 1251 πεινῶντας
1850 1190 1935 1242 ὲν-

361 1271 600 1342 έπλησεν
639 1272 877 1340 ἀγαθῶν,
913 1275 1006 1327 καὶ
1037 1275 1400 1340 πλουτοῦντας
1441 1277 1792 1342 ἐξαπέστειλε
1832 1293 1928 1331 κε·-

359 1366 504 1427 νοὺς,
535 1365 629 1418 καὶ
645 1365 934 1436 βραχίονας
949 1367 1315 1438 ὑπερηφάνων
1334 1369 1654 1440 συνέτριψεν
1677 1386 1692 1400 σ
1713 1389 1733 1422 ι
1755 1372 1784 1424 6
1807 1370 1937 1424 θαυ-

362 1457 692 1527 ματουργὸς,
727 1459 756 1510 6
803 1458 1193 1530 μεγαλουργὺς,
1225 1463 1254 1514 6
1282 1461 1392 1516 τῶν
1411 1461 1548 1514 ὅλων
1581 1463 1876 1532 Δεσπότης,
1907 1463 1937 1516 6

358 1547 453 1600 τοῦ
477 1547 788 1618 σύμπαντος
813 1550 1018 1620 κόσμου
1039 1551 1389 1622 δημιουργὸς,
1407 1554 1435 1606 6
1463 1554 1878 1625 παντοκράτωρ,
1908 1555 1937 1606 6

361 1635 701 1710 πανάγαθος,
717 1640 746 1694 6
769 1637 849 1704 εἷς
873 1640 968 1696 καὶ
987 1645 1146 1713 μόνος
1165 1644 1294 1708 Θεός
1318 1661 1333 1676 ο
1365 1662 1383 1694 ι
1409 1639 1481 1716 ᾯ
1502 1644 1560 1698 τὸ
1583 1645 1768 1698 καινὸν
1786 1640 1940 1716 ᾆσμα

361 1733 796 1804 ἀναπέμπωμεν,
831 1734 1340 1804 προσυπακούοντες
1361 1735 1438 1804 τῷ
1462 1735 1700 1788 ποιοῦντι
1719 1734 1819 1787 θαυ
1829 1735 1936 1805 μά-

2035 574 2170 628 pora
2205 568 2528 625 t-onunutat,
2566 559 2658 628 qui
2685 557 2909 629 deponit
2941 573 3096 628 reges
3125 569 3178 612 et
3213 557 3498 612 constituit
3531 558 3612 611 “:

2037 649 2324 704 Suscitaus
2343 665 2372 703 a
2393 661 2536 704 terra
2559 651 2774 720 inopem
2793 658 2845 704 et
2875 649 2942 704 de
2963 659 3210 704 stercore
3238 649 3456 718 erigens
3479 665 3614 719 pau-

2035 757 2220 812 perem
2241 741 2319 796 '°:
2348 740 2602 810 deposuit
2621 750 2874 811 potentes
2893 740 2960 795 de
2990 739 3140 806 sede,
3164 740 3494 794 etexaltavit
3513 743 3616 794 hu-

2042 834 2199 888 mi'es
2248 849 2276 886 a
2312 843 2455 887 terra
2501 851 2516 886 :
2559 833 2869 887 esurientes
2925 832 3168 900 implevit
3229 832 3408 890 bonis.
3446 841 3498 884 et
3531 831 3616 884 di-

2033 925 2175 978 vites
2229 921 2438 979 iimisit
2491 923 2684 978 inanes
2718 923 2800 986 “,
2837 939 2856 972 ι
2888 929 2943 975 et
2987 921 3208 976 brachia
3255 922 3614 991 superborum

2037 1015 2292 1069 contrivit
2335 1031 2349 1068 :
2387 1013 2478 1083 qui
2509 1022 2592 1068 est
2625 1028 2804 1067 rerum
2851 1011 3250 1066 admirabilium
3288 1011 3490 1078 opifex,
3525 1011 3614 1080 qui

2039 1120 2352 1175 magnarum
2397 1105 2749 1169 architectus,
2779 1104 2868 1172 qui
2920 1103 3293 1158 universorum
3335 1101 3616 1167 Dominus,

2035 1196 2129 1265 qui
2167 1196 2332 1250 totius
2364 1194 2549 1250 mundi
2581 1194 2901 1260 fabricator,
2927 1194 3016 1264 qui
3063 1194 3426 1262 omnipotens,
3473 1201 3615 1248 totus

2041 1287 2233 1352 bonus,
2277 1300 2418 1342 unus
2461 1295 2515 1340 et
2547 1286 2696 1342 solus
2740 1284 2902 1354 Deus,
2965 1285 3053 1339 cui
3097 1300 3292 1339 novum
3344 1284 3614 1338 canticum

2037 1388 2338 1444 cantemus,
2389 1377 2517 1432 illud
2556 1378 2816 1432 addentes
2853 1395 2867 1432 :
2903 1395 2924 1430 ι
2962 1376 3134 1445 Eiqui
3192 1375 3321 1428 facit
3349 1373 3612 1428 mirabilia

2041 1483 2237 1541 magna
2291 1471 2464 1534 solus,
2514 1468 2778 1539 quoniam
2824 1467 2878 1522 in
2926 1465 3180 1522 sarculum
3239 1464 3615 1518 misericordia

2039 1561 2196 1630 eius:
2229 1561 2320 1628 qui
2350 1560 2620 1628 percussit
2664 1573 2820 1628 reges
2857 1572 3106 1627 magnos,
3139 1565 3190 1612 et
3213 1555 3412 1609 occidit
3455 1569 3616 1620 reges

2043 1651 2228 1717 fortes,
2254 1651 2508 1720 quoniam
2539 1650 2592 1704 in
2617 1648 2872 1704 saculum
2900 1646 3272 1702 misericordia
3305 1645 3424 1714 ejus
3450 1663 3462 1698 :
3489 1645 3616 1714 quia

2047 1745 2100 1798 in
2133 1744 2435 1798 humilitate
2467 1741 2650 1797 nostra
2699 1740 3013 1796 recordatus
3066 1749 3151 1793 est
3208 1737 3377 1792 nostri
3431 1735 3616 1790 Domi-

365 1843 454 1879 σια
485 1825 696 1896 μεγάλα
729 1825 903 1896 μόνῳ,
933 1827 1014 1879 ὅτι
1043 1829 1121 1890 είς
1143 1827 1236 1880 τὸν
1261 1825 1432 1880 αἰῶνα
1460 1826 1521 1878 τὸ
1556 1826 1704 1889 ἕλεος
1735 1825 1902 1879 αὑτοῦ
1923 1843 1936 1856 ο

2050 1833 2268 1888 nus“.o
2324 1831 2543 1886 Obluec
2565 1832 2746 1886 omnia
2777 1843 3048 1900 nunquam
3093 1827 3408 1882 desinamus
3472 1823 3618 1878 cele-

362 1917 442 1987 τῷ
468 1917 764 1984 πατάξαντι
817 1917 1056 1988 βασιλεῖς
1089 1919 1355 1988 μεγάλους
1377 1956 1393 1980 ,
1424 1918 1518 1972 καὶ
1551 1917 1936 1971 ἀποκτείναντι

367 2007 605 2078 βασιλεῖς
627 2007 919 2079 κραταιούς
945 2025 956 2040 ·
983 2010 1066 2064 ὅτι
1085 2011 1166 2072 είς
1193 2009 1283 2062 τὸν
1313 2009 1483 2063 αἰῶνα
1502 2008 1562 2061 τὸ
1580 2009 1725 2072 ἕλεος
1739 2002 1904 2060 αὐτοῦ
1922 2023 1935 2038 ⁸

365 2104 448 2157 ὃτι
471 2105 528 2154 ὲν
548 2105 617 2172 τῇ
633 2101 960 2156 ταπεινώσει
983 2103 1140 2172 ἡμῶν
1170 2103 1416 2174 ἐμνήσθη
1436 2103 1592 2174 ἡμῶν
1618 2105 1646 2156 6
1675 2103 1896 2174 Κύριος.
1911 2123 1930 2156 ι

377 2193 494 2264 Ἐφ’
541 2189 622 2256 οἷς
671 2193 875 2247 ἅπασιν
905 2193 1269 2264 ἀνυμνοῦντες
1327 2194 1402 2264 μὴ
1440 2191 1802 2264 διαλείψωμεν
1848 2195 1938 2246 τὸν

364 2283 474 2337 τῶν
521 2283 657 2336 ὅλων
685 2285 840 2350 Θεὸν,
867 2285 962 2337 καὶ
995 2285 1085 2338 τὸν
1125 2285 1314 2339 τούτου
1351 2285 1616 2356 μονογενῆ
1649 2285 1780 2338 Υίδν
1827 2286 1932 2355 Ἰη-

367 2375 496 2429 σοῦν
526 2375 761 2445 Χριστὸν
795 2375 887 2428 τὸν
921 2375 1128 2446 Κύριον
1155 2375 1338 2447 ἡμῶν,
1373 2377 1464 2429 τὸν
1516 2379 1612 2430 σὺν
1651 2379 1728 2446 τῷ
1764 2377 1940 2445 Πατρὶ

367 2468 584 2522 πάντων
613 2467 745 2538 ἡμῖν
762 2467 870 2520 τῶν
890 2466 1112 2535 ἀγαθῶν
1137 2467 1335 2532 αἴτιον,
1367 2468 1456 2522 τὸν
1487 2468 1588 2536 τῆς
1611 2467 1940 2536 θεογνωσίας

367 2559 532 2612 αὑτοῦ
555 2558 851 2630 εἰσηγητὴν
887 2558 1067 2629 ἡμῶν,
1101 2559 1191 2612 τὸν
1218 2561 1315 2628 τῆς
1349 2561 1428 2622 εἰς
1463 2559 1625 2612 αὐτὸν
1654 2558 1935 2624 εὐσεϐείας

363 2647 706 2713 διδάσκαλον,
761 2649 852 2701 τὸν
890 2649 997 2701 τῶν
1042 2647 1256 2701 ἀσεϐῶν
1311 2648 1569 2720 ὀλετῆρα,
1617 2647 1710 2701 τὸν
1743 2664 1942 2718 τυραν-

365 2741 637 2803 νοκτόνον,
663 2741 755 2793 τὸν
775 2739 870 2794 τοῦ
905 2740 1022 2810 βίου
1049 2739 1365 2812 διορθωτὴν,
1397 2739 1488 2794 τὸν
1543 2739 1652 2792 τῶν
1695 2740 1942 2808 ἀπεγνω⁶

369 2833 586 2898 σμένων
614 2831 842 2901 Σωτῆρα
875 2830 1078 2900 Ἰησοῦν
1107 2833 1166 2884 ὲν
1196 2832 1275 2884 ἑνὶ
1294 2832 1520 2900 στόματι
1550 2830 1642 2883 καὶ
1683 2833 1780 2902 μιᾷ
1805 2848 1942 2902 καρι-

365 2919 456 2988 δία
495 2919 690 2982 πάντες
729 2919 1040 2988 δοξάζωμεν
1060 2935 1074 2949 θ
1110 2919 1192 2972 ὅτι
1213 2919 1278 2988 δὴ
1303 2919 1483 2988 μόνος,
1515 2913 1605 2972 οἷα
1622 2920 1940 2984 παναγάθον

367 3007 580 3078 Πατρδς
609 3007 918 3078 μονώτατος
975 3009 1235 3079 ὑπάρχων
1295 3009 1610 3078 πανάγαθος
1655 3011 1832 3075 Παῖς,
1883 3012 1942 3064 ὲν

371 3099 535 3171 βουλῇ
557 3100 654 3170 τῆς
671 3101 964 3170 πατρικῆς,
985 3101 1079 3154 καὶ
1103 3100 1320 3162 ἑαυτοῦ,
1355 3101 1450 3154 καὶ
1471 3101 1566 3154 τοῦ
1597 3102 1752 3170 ἁγίου
1768 3102 1942 3156 Πνεῦ-

371 3207 542 3262 ματος
585 3191 1003 3263 φιλανθρωπίας
1028 3231 1042 3254 ,
1103 3191 1214 3243 τῶν
1253 3190 1403 3244 κάτω
1441 3207 1545 3244 που
1587 3193 1856 3262 κειμένων
1887 3195 1942 3245 ὲν

370 3279 548 3350 φθορᾷ
576 3279 673 3350 τὴν
699 3281 976 3351 σωτηρίαν
1002 3279 1160 3350 ἡμῶν
1185 3280 1641 3351 προμηθούμενος
1663 3321 1678 3344 ,
1711 3277 1768 3336 εῦ
1801 3283 1945 3353 μάλα

368 3370 665 3442 προθύμως
683 3373 783 3444 τὴν
814 3372 1092 3442 ἡμετέραν
1131 3369 1327 3431 ὑποδὺς
1354 3373 1536 3442 φύσιν,
1567 3373 1824 3445 καθάπερ
1859 3392 1944 3439 τις

370 3463 589 3532 ἀριστος
645 3463 828 3533 ίατρδς
870 3463 970 3526 τὰς
997 3462 1285 3526 ἀσθενείας
1313 3461 1471 3532 ἡμῶν
1513 3462 1819 3528 ἀναλαϐὼν,
1852 3465 1946 3518 καὶ

372 3554 472 3616 τὰς
507 3554 696 3617 νόσους
751 3554 953 3624 φέρων,
1012 3554 1106 3606 καὶ
1137 3553 1258 3608 τότε
1299 3553 1394 3606 καὶ
1426 3553 1514 3606 ἀεὶΙ
1554 3555 1830 3625 σωτηρίαν
1853 3557 1947 3608 καὶ

371 3644 516 3714 ζωὴν
567 3645 646 3716 τῷ
687 3645 796 3698 τῶν
823 3645 1124 3716 ἀνθρώπων
1181 3645 1589 3717 κατειργάσατο
1643 3647 1812 3714 γένει.
1848 3649 1948 3710 ⁸ος

369 3738 433 3809 δὴ
463 3739 713 3808 βασιλεὺς
743 3740 1026 3809 βασιλέων,
1056 3740 1258 3793 καὶτοῦ
1289 3739 1416 3792 ἰδίου
1439 3739 1568 3792 λαοῦ
1601 3740 1687 3794 ἀεὶ
1717 3759 1949 3812 προμη-

371 3828 653 3900 θούμενος,
685 3833 777 3884 τὸν
804 3831 954 3902 αὐτῷ
984 3832 1136 3899 φίλον
1176 3837 1267 3885 καὶ
1290 3827 1598 3902 θεράποντα
1626 3833 1756 3886 ἴδιον
1795 3836 1953 3886 Κων-

2049 1929 2206 1981 brare
2237 1923 2608 1980 universorum
2659 1923 2848 1986 Deum,
2879 1919 3215 1989 unigenitum
3263 1916 3381 1983 ejus
3419 1914 3614 1970 Filium

2045 2017 2226 2072 .Iesmn
2254 2016 2532 2070 Christum
2566 2013 2849 2067 Dominum
2881 2019 3145 2076 nostrum,
3181 2007 3330 2062 illmn
3365 2023 3488 2062 cum
3515 2005 3620 2060 Pa-

2049 2115 2129 2160 tre
2162 2105 2400 2159 omnimn
2437 2104 2704 2157 bonorum
2733 2099 2887 2154 nobis
2911 2106 3210 2162 auctorem,
3239 2096 3435 2151 dirime
3461 2093 3618 2148 nobis

2047 2194 2370 2266 cognitionis
2397 2194 2694 2257 doctorem,
2725 2207 2868 2246 verae
2897 2205 3025 2260 erga
3055 2188 3231 2257 ipsum
3265 2186 3480 2258 pietatis
3505 2201 3622 2240 ma-

2047 2289 2297 2358 gistrum,
2325 2285 2611 2354 impiorum
2663 2295 2996 2346 eversorem,
3079 2278 3481 2333 interfectorem
3533 2287 3620 2348 ty—

2053 2391 2368 2440 rannorum,
2393 2375 2523 2429 vitae
2553 2382 2750 2428 nostra:
2783 2371 3206 2428 moderatorem,
3260 2378 3314 2422 et
3373 2377 3618 2420 nostrum

2047 2467 2311 2533 omnium,
2337 2481 2460 2521 cum
2501 2465 2756 2534 rejectiet
2789 2461 3054 2531 repudiati
3085 2475 3331 2514 essemus
3354 2497 3370 2521 .
3429 2457 3621 2512 Salva-

2051 2571 2219 2615 torem
2243 2557 2453 2621 Jesum,
2475 2571 2583 2610 uno
2641 2568 2829 2610 omnes
2857 2567 2974 2619 ore,
3010 2566 3228 2619 unoque
3267 2550 3432 2604 corde
3485 2547 3624 2602 cele-

2049 2651 2304 2704 bremus:
2342 2647 2486 2716 quod
2521 2645 2669 2700 solus
2715 2653 2968 2712 tanquam
3025 2640 3214 2711 Optimi
3268 2638 3448 2692 Patris
3481 2652 3622 2691 unus

2052 2741 2166 2810 ipse
2193 2739 2429 2808 optimus
2469 2734 2660 2800 Filius,
2694 2743 2943 2804 paterna,
2979 2746 3076 2786 sua
3109 2731 3281 2800 ipsius
3311 2739 3365 2783 et
3388 2726 3623 2797 Spiritus

2048 2832 2212 2887 etiam
2247 2829 2419 2884 sancti
2447 2825 2760 2889 clementia,
2793 2823 2954 2880 saluti
2985 2832 3204 2884 nostrae,
3262 2835 3384 2875 cum
3419 2819 3469 2872 in
3506 2833 3624 2888 pec-

2050 2932 2296 2978 catorum
2326 2917 2672 2986 corruptione
2693 2926 2748 2970 et
2771 2915 3022 2970 sordibus
3045 2912 3378 2981 iaceremus,
3403 2911 3621 2978 prospi-

2051 3012 2226 3077 ciens,
2265 3016 2516 3064 naturam
2543 3014 2784 3060 nostram
2820 3005 3052 3058 libenter
3081 3002 3352 3056 induerit:
3407 3012 3462 3054 et
3501 3009 3642 3052 tau-'

2049 3119 2210 3175 quam
2243 3101 2479 3171 optimus
2500 3097 2740 3152 medicus
2781 3097 3150 3150 iutlrmitatem
3179 3105 3422 3148 nostram
3451 3092 3626 3145 susci-

2051 3195 2224 3265 piens,
2257 3201 2314 3246 et
2337 3190 2556 3244 morbos
2585 3185 2860 3251 auferens,
2895 3194 3022 3238 tmte
3046 3192 3099 3238 et
3152 3198 3366 3254 semper
3392 3182 3622 3236 salutem

2052 3296 2108 3343 et
2138 3287 2304 3340 vitam
2332 3291 2520 3338 nostro
2551 3281 2732 3350 generi
2771 3278 3090 3334 restituerit.
3152 3276 3256 3342 Qui
3309 3290 3399 3329 rex
3437 3289 3622 3344 regem

2049 3376 2228 3449 populi
2259 3376 2343 3430 sui
2375 3386 2560 3428 curam
2622 3385 2814 3438 agens,
2881 3367 3140 3422 dilectum
3186 3380 3404 3419 servum
3464 3378 3622 3418 suum

2048 3468 2464 3525 Constantinum
2493 3462 2712 3533 pietatis
2744 3475 2869 3530 erga
2897 3475 2956 3513 se
2985 3468 3038 3512 et
3065 3456 3188 3510 fidei
3237 3455 3407 3508 armis
3455 3453 3627 3507 muni-

2048 3573 2184 3627 tum,
2213 3562 2269 3616 in
2295 3558 2492 3629 impios
2524 3569 2808 3628 tyrannos,
2841 3552 3172 3607 Maxentium
3194 3549 3382 3603 Roma:
3417 3555 3471 3600 et
3509 3547 3630 3600 Ma-

2047 3655 2314 3709 ximinum
2347 3652 2400 3704 in
2432 3649 2678 3712 Oriente,
2707 3644 3033 3700 concitavit:
3061 3641 3256 3711 quibus
3289 3653 3384 3710 per
3417 3639 3566 3691 illum
3600 3651 3630 3688 ο

2049 3743 2230 3798 medio
2255 3741 2508 3800 sublatis,
2544 3751 2812 3791 summam
2845 3743 2901 3788 et
2931 3731 3280 3806 tranqpillam
3316 3742 3502 3798 pacem
3535 3741 3631 3797 po-

2053 3835 2178 3904 pqu
2202 3848 2302 3887 suo
2335 3829 2592 3884 reddidit.

371 3924 648 3975 σταντῖνον
679 3924 790 3986 τοῖς
815 3921 914 3990 τῆς
945 3923 1026 3982 είς
1053 3921 1214 3974 αὑτὸν
1254 3922 1534 3984 εὐσεϐείας
1565 3923 1659 3974 καὶ
1727 3923 1963 3986 πίστεως
1995 3923 2180 3986 ὅπλοις
2221 3921 2453 3991 φράξας,
2516 3921 2659 3974 κατά
2695 3915 2802 3968 τῶν
2835 3912 3046 3967 ἀσεϐῶν
3104 3909 3400 3982 τυράννων.
3433 3907 3539 3960 Τοῦ
3572 3924 3630 3960 τε

371 4011 514 4065 κατὰ
562 4011 784 4082 Ῥώμην
833 4011 1160 4077 Mais-nisu,
1192 4013 1404 4066 καὶτοῦ
1451 4015 1588 4082 μετά
1629 4013 1726 4084 τὴν
1779 4015 2068 4084 Ἀνατολὴν
2107 4013 2417 4084 Μαξιμίνου
2473 4012 2882 4082 ἁνεγήγερκεν·
2952 4004 3042 4068 οὓς
3089 4005 3160 4057 δι’
3191 4000 3358 4054 αὺτοῦ
3403 3997 3631 4068 ἀνελὼνο

371 4107 606 4176 φαιδρὰν
643 4106 740 4160 καὶ
777 4105 999 4176 βαθεῖαν
1027 4107 1250 4176 εἰρήνην
1281 4107 1361 4178 τῷ
1389 4108 1576 4179 οἰκείῳ
1615 4106 1729 4178 λαῷ
1754 4107 2118 4162 ἀποδέδωκεν.

981 4243 1228 4296 ΚΕΦΑΛ.
1287 4241 1342 4297 I'.

625 4354 766 4421 Περὶ
820 4353 932 4422 τῆς
965 4355 1238 4410 Λικινίου
1282 4357 1704 4424 κακοτροπίας.

2697 4231 2850 4288 CAP.
2877 4229 2948 4283 Χ.

2449 4347 2521 4403 De
2544 4349 2717 4417 pravis
2757 4343 2949 4397 Licinii
2983 4341 3240 4394 moribus.

444 4488 560 4542 Οὐκ
589 4485 656 4559 ἦν
696 4489 752 4542 δὲ
801 4490 928 4562 ἄρα,
959 4489 1123 4559 φησιν
1153 4489 1180 4543 ὁ
1215 4489 1500 4560 Παμφίλου
1545 4490 1829 4554 Εὐσέϐιος,
1871 4487 1942 4559 τῷ

2127 4485 2325 4542 Verum
2358 4483 2572 4538 invidiae
2605 4479 2892 4552 probitatis
2941 4475 3080 4530 hosti
3113 4473 3312 4545 (inquit
3371 4471 3632 4526 Eusebius

377 4581 655 4651 μισοκάλῳ
673 4580 873 4650 φθόνῳ,
897 4581 972 4650 τῷ
1000 4597 1059 4632 τε
1093 4581 1434 4650 φιλοπονήρερ
1465 4581 1678 4650 δαίμονι
1714 4581 1955 4651 φορητὸς

374 4673 408 4743 ἡ
441 4673 545 4725 τῶν
566 4673 859 4744 ὁρωμένων
891 4672 986 4725 θέα
1007 4688 1020 4701 ⁸
1056 4671 1244 4742 ὥσπερ
1266 4670 1356 4724 οὖν
1381 4671 1502 4724 οὐδὲ
1532 4673 1760 4742 Λικινίῳ
1792 4687 1956 4742 μετα-

374 4767 640 4834 τραπέντι
675 4767 970 4834 ἐτύγχανεν
1003 4763 1247 4836 αὐτάρκη
1266 4766 1399 4836 πρὸς
1421 4763 1674 4836 σώφρονα
1699 4764 1957 4832 λογισμὸν

377 4857 446 4910 τά
475 4859 587 4920 τοῖς
625 4857 932 4926 ἔμπροσθεν
978 4856 1664 4926 δεδηλωμένοιςτυράννοις
1683 4857 1956 4926 συμϐεϐη-

381 4947 533 5000 κότα.
574 4951 668 5009 Ὃς
711 4944 769 5000 εὖ
807 4948 1116 5017 φερομένης
1143 4947 1292 5014 αὐτῷ
1318 4948 1418 5016 τῆς
1457 4948 1650 5018 ἀρχῆς,
1679 4949 1775 5016 τῆς
1803 4948 1956 5016 βασι-

381 5034 520 5097 λέως
553 5035 790 5104 μεγάλου
819 5036 1230 5088 Κωνςταντίνου
1261 5035 1591 5106 δευτερεύων
1614 5035 1803 5104 τιμῆς,
1833 5036 1956 5087 ἐπι-

1609 5169 1622 5188 ,
1673 5128 1958 5196 μιμήσεως

390 5219 489 5287 μὲν
517 5221 614 5288 τῆς
641 5220 746 5272 τῶν
781 5220 962 5270 καλῶν
1011 5217 1444 5286 ἁπελιμττάνετο,
1490 5219 1587 5286 τῆς
1618 5218 1673 5270 δὲ
1711 5218 1818 5270 τῶν
1839 5221 1961 5270 ἀσε-

380 5128 660 5198 γαμϐρίας
709 5145 765 5180 τε
801 5129 893 5178 καί
954 5127 1240 5196 συγγενείᾳ
1285 5127 1586 5196 ἠξιωμένος

386 5308 498 5361 ϐῶν
543 5313 822 5380 τυράννων
853 5309 1153 5378 μοχθηρίας
1185 5307 1376 5378 ἐζήλου
1424 5309 1520 5378 τὴν
1551 5309 1917 5378 κακοτροπίαν
1941 5325 1954 5337 ·

386 5400 480 5452 καὶ
535 5393 608 5452 ὧν
636 5399 728 5452 τοῦ
784 5400 898 5470 βίου
943 5399 1042 5469 τὴν
1089 5399 1474 5470 καταστροφὴν
1529 5401 1738 5452 ἐπεῖδεν
1775 5399 1955 5460 αὐτοῖς

387 5490 684 5560 ὀφθαλμοῖς
710 5530 724 5554 ,
764 5491 967 5544 τούτων
995 5491 1222 5544 ἕπεσθαι
1254 5495 1321 5562 τῇ
1351 5489 1545 5563 γνώμῃ
1583 5491 1804 5558 μᾶλλον,
1829 5489 1860 5558 ἣ
1892 5493 1956 5561 τῇ

462 5668 504 5698 ¹²¹
533 5668 648 5720 Joh.
677 5683 730 5727 v.
760 5669 812 5720 9.

890 5669 930 5698 "‘
955 5668 1146 5720 Euseb.
1174 5667 1264 5719 illi.
1291 5684 1314 5716 \'
1355 5664 1492 5720 Hist.
1526 5667 1706 5720 (Cr/es.
1738 5682 1854 5736 Cap.
1892 5673 1934 5718 ι.

397 5739 480 5802 17,
522 5738 604 5799 ιδ,
623 5739 712 5791 “23.

791 5739 833 5768 ⁵³
866 5737 980 5791 Lib.
1019 5753 1068 5797 κ,
1102 5754 1218 5803 cap.
1268 5739 1347 5788 18.

2014 5667 2058 5696 ³³
2081 5663 2220 5717 Ρ.-;ι1.
2249 5679 2376 5726 (ιτιι,
2399 5663 2448 5714 7.

2062 4576 2332 4646 Pamphili
2354 4576 2423 4645 ”)
2451 4574 2739 4642 omnisque
2798 4567 3092 4640 impietatis
3151 4566 3350 4620 fautori
3414 4564 3634 4619 diabolo

2065 4685 2404 4739 nequaquam
2434 4667 2625 4721 harum
2653 4677 2836 4718 rerum
2871 4657 3238 4728 spectaculqu
3291 4656 3631 4710 tolerandum

2061 4765 2381 4818 videbatur:
2417 4773 2592 4828 neque
2627 4755 2814 4810 itidem
2846 4751 3057 4806 Licinio
3081 4750 3227 4803 velut
3259 4749 3372 4817 jam
3403 4755 3631 4808 tnutato,

2061 4871 2124 4910 ea
2148 4869 2265 4922 qua:
2294 4849 2536 4922 tyrannis
2567 4847 2837 4918 prioribus
2862 4845 3188 4913 obtigerant,
3230 4839 3364 4894 satis
3403 4837 3632 4906 exempli

2063 4949 2130 5000 ad
2158 4943 2477 4998 modestiam
2515 4948 2565 4994 et
2600 4939 2765 4992 animi
2807 4937 3232 4990 moderationem
3285 4930 3640 4984 excolendam

2065 5039 2350 5091 dederunt.
2407 5033 2508 5099 Qui
2543 5048 2662 5086 cum
2701 5029 2928 5098 imperio
2962 5040 3218 5096 prospere
3271 5024 3558 5085 frueretur,
3583 5027 3638 5074 et

2065 5129 2331 5184 secundas
2361 5126 2410 5179 in
2445 5127 2648 5180 honore
2677 5134 2797 5191 post
2825 5122 3201 5189 imperatorem
3221 5111 3637 5170 Constantinum

2065 5220 2310 5288 Magnum
2340 5216 2628 5276 obtineret,
2655 5225 2710 5268 et
2753 5209 3132 5282 conjunctione
3182 5215 3342 5272 atque
3378 5201 3640 5255 afﬁnitate

2065 5287 2180 5376 ejus
2210 5307 2400 5376 dignus
2437 5305 2650 5359 habitus
2700 5311 2842 5355 esset
2872 5317 2886 5352 :
2919 5298 3098 5351 relicta
3125 5304 3304 5346 tamen
3353 5287 3638 5358 pneclaroo

2069 5417 2182 5452 rum
2226 5398 2499 5450 hominum
2526 5393 2844 5455 imitatione,
2877 5389 3114 5458 perditos
3142 5387 3426 5454 impiorum
3451 5391 3635 5451 Iyrau-

2069 5504 2258 5542 norum
2289 5502 2463 5540 mores
2508 5485 2791 5539 mutui-atus
2821 5491 2902 5533 est
2943 5497 2956 5532 :
3011 5487 3064 5530 et
3100 5490 3327 5545 quorum
3377 5471 3635 5525 miserum

2527 5663 2566 5691 ²¹
2599 5658 2728 5712 Luc.
2761 5671 2796 5722 ι,
2827 5654 2916 5718 32,
2952 5651 3036 5706 55.
3114 5651 3158 5681 ⁸⁸
3185 5647 3322 5705 Ρτλιι.
3354 5647 3626 5713 curaui,
