4042 6142
432 337 567 401 19.15

1692 331 1994 391 GELASII
2028 329 2371 389 CYZICENI

3554 304 3692 378 122:6

426 454 552 501 vitae
582 447 784 502 exitum
824 446 997 502 oculis
1045 443 1443 511 conspexisset,
1495 456 1682 496 eorum
1729 442 1995 511 perditam

2117 438 2197 491 τοῦ
2232 439 2546 509 κρείττονος
2571 437 2724 509 φιλίᾳ
2752 454 2811 489 τε
2843 436 2937 488 καὶ
2965 434 3207 489 διαθέσει
3234 432 3494 503 ἐμμένειν
3518 431 3691 500 ἠϐού-

430 550 663 594 meutcm
702 538 854 606 sequi
882 535 1087 599 maluit,
1136 549 1297 603 quam
1351 534 1403 587 in
1466 533 1861 602 prmstantioris
1898 531 1998 584 viri

432 632 665 685 amicitia
730 639 890 695 atque
977 625 1256 693 proposito
1326 637 1699 691 perseverare.
1793 619 2001 673 invidia

432 722 572 774 enim
606 729 788 771 contra
820 715 1254 778 Constantinum,
1289 732 1315 768 a
1347 730 1452 783 quo
1483 714 1709 783 plurima
1740 712 1998 766 beneficia

433 813 660 877 accepit,
688 808 1076 868 inﬂammatus.
1105 806 1417 874 pestiferum
1446 815 1497 859 et
1537 806 1755 857 crudeie
1808 804 2003 856 bellum

434 901 506 953 illi
529 897 725 952 infert:
761 913 865 951 non
898 910 1106 950 natura:
1133 896 1274 962 leges
1302 894 1588 957 reveritus,
1617 908 1723 945 non
1771 891 2004 959 jurisju-

432 992 606 1053 randi,
634 1005 734 1041 non
761 990 1057 1059 sanguinis.
1086 1003 1188 1040 non
1214 988 1477 1041 foederum
1506 987 1836 1040 recordatus.
1864 984 2007 1035 Cou-

432 1080 704 1135 stautinus
748 1080 889 1132 enim
925 1089 1181 1147 tanquam
1210 1078 1446 1145 optimus
1476 1077 1744 1144 princeps,
1799 1090 1905 1143 quo
1956 1074 2005 1127 iu

433 1187 556 1225 cum
607 1171 750 1223 clara
802 1186 945 1223 vera:
995 1169 1381 1222 benevolentiae
1427 1168 1619 1220 indicia
1670 1166 2005 1227 ostenderet,

436 1278 587 1317 suam
627 1262 796 1329 ipsius
882 1259 1195 1313 aﬂiuitaletn
1234 1260 1306 1312 illi
1366 1275 1470 1313 ttou
1510 1259 1722 1321 invidit,
1771 1257 2009 1310 illustres

437 1354 655 1422 nuptias
702 1353 905 1407 sororis
940 1352 1014 1405 illi
1057 1366 1160 1405 non
1192 1352 1496 1419 denegavit.
1543 1348 1607 1402 Et
1643 1356 1761 1416 post
1793 1362 2001 1415 pauca:

440 1446 546 1499 Sed
581 1446 773 1513 impius
802 1444 1039 1498 Licinius
1064 1443 1332 1498 coatraria
1370 1442 1455 1496 his
1493 1440 1797 1502 admittere,
1821 1451 2010 1492 omnes

441 1537 717 1590 machinas
777 1534 1015 1603 quotidie
1072 1542 1261 1587 contra
1310 1530 1735 1600 praestantiorem
1795 1528 2010 1596 excogi-

438 1636 577 1688 tare,
609 1642 795 1680 omnes
859 1625 1174 1678 insidiarum
1228 1624 1342 1677 vias
1396 1621 1722 1688 invesﬁgare
1809 1619 2004 1687 cmpit,

441 1727 500 1770 ut
559 1732 655 1785 pro
724 1717 948 1768 summis
1010 1714 1288 1767 beneficiis
1355 1712 1611 1765 malelicia
1674 1713 2006 1778 rependeret.

442 1806 645 1872 Quibus
704 1807 818 1859 haec
880 1805 1098 1873 insuper
1161 1805 1305 1857 addit
1365 1820 1378 1856 :
1434 1803 1630 1856 Verum
1696 1803 1835 1857 Deus
1890 1803 2011 1857 huic

444 1894 817 1963 (Constantino
867 1893 1150 1962 inquiens)
1209 1894 1415 1947 amicus
1459 1892 1579 1959 fuit,
1632 1901 1851 1948 curator
1891 1892 2009 1962 ejus

443 1997 495 2040 et
540 1995 763 2052 custos,
797 1985 887 2052 qui
935 1985 1161 2039 insidias
1210 1985 1262 2039 in
1309 1986 1522 2039 occulto
1572 1993 1627 2039 et
1677 1985 1911 2039 tenebris
1962 1985 2008 2040 ei

445 2092 474 2129 a
511 2086 741 2146 tyranno
799 2085 1167 2140 comparatas,
1223 2076 1275 2128 in
1328 2075 1498 2129 lucem
1548 2075 1806 2143 produxit
1849 2086 2012 2144 atque

444 2166 724 2236 patefecit.
779 2163 1012 2218 Tantum
1067 2175 1251 2219 sancta
1283 2165 1501 2233 pietatis
1530 2180 1680 2219 arma
1716 2166 1782 2219 ad
1824 2165 2012 2234 depul-

445 2257 650 2310 sionem
684 2255 944 2320 hostiuut,
998 2263 1050 2307 et
1082 2257 1147 2306 ad
1186 2253 1376 2307 salutis
1415 2254 1578 2306 etiam
1638 2263 1838 2307 nostra:
1888 2266 2012 2321 pro-

446 2346 829 2415 pugnationem
866 2345 1103 2414 praesidii
1136 2345 1374 2399 habent:
1412 2345 1606 2412 quibus
1635 2343 2013 2400 sanctissimus

446 2437 742 2505 imperator
789 2445 974 2490 noster
1030 2436 1289 2503 praeclare
1340 2446 1547 2504 septas,
1601 2436 1927 2503 multiplices
1960 2445 2013 2490 et

446 2529 669 2583 callidas
700 2526 1060 2582 exsecrabilis
1093 2526 1269 2581 hostis
1310 2526 1534 2580 insidias
1581 2526 1764 2582 divino
1811 2527 2013 2581 auxilio

447 2619 651 2688 eﬂ'ugit.
705 2617 951 2672 Licinius
1001 2617 1199 2671 deinde
1251 2617 1340 2672 ubi
1371 2616 1738 2673 clandestinos
1789 2625 2014 2672 conatus

445 2724 571 2764 suos
608 2711 916 2778 neutiquam
948 2723 1014 2762 ex
1043 2708 1208 2762 animi
1245 2708 1512 2763 sententia
1558 2706 1849 2763 succedere
1882 2707 2016 2761 vidit

447 2802 615 2869 (Deus
645 2802 785 2853 enim
819 2816 1029 2855 omnem
1072 2800 1251 2855 dolum
1284 2814 1347 2852 ac
1374 2798 1636 2852 fallaciam
1668 2799 1756 2867 pio
1788 2799 2016 2868 impera-

459 2890 562 2942 tori
604 2889 939 2959 aperuerat),
980 2904 1079 2943 nec
1117 2898 1298 2957 posset
1341 2888 1570 2956 amplius
1606 2886 1815 2941 facinus
1857 2903 2011 2941 suum

450 2978 657 3040 celare,
690 2979 883 3032 bellum
917 2978 1089 3046 palam
1136 2988 1316 3033 movet
1367 2993 1381 3029 :
1429 2991 1493 3031 ac
1539 2977 1663 3030 dum
1700 2992 1820 3029 cum
1869 2975 2014 3031 Con-

444 3069 690 3124 stantino
743 3069 938 3121 bellum
994 3067 1271 3135 suscipere
1324 3067 1631 3133 constituit,
1683 3067 1795 3136 jatu
1851 3068 2012 3121 etiam

442 3170 636 3215 contra
675 3160 1047 3213 universorum
1092 3159 1259 3212 Deum
1308 3159 1654 3213 Constantini
1705 3161 2012 3226 custodem,

444 3265 718 3323 quemque
771 3259 927 3305 uorat
974 3250 1387 3304 Constantinum
1440 3250 1653 3314 colere,
1705 3252 1875 3304 aciem
1932 3251 2018 3304 in-

442 3352 661 3397 struere
692 3341 927 3396 instituit
957 3355 972 3394 :
1011 3351 1065 3395 et
1100 3342 1167 3396 ab
1202 3357 1266 3395 eo
1307 3351 1548 3410 tempore
1600 3342 1718 3412 pios
1772 3342 2018 3398 homines

448 3434 677 3501 imperio
704 3448 800 3486 suo
828 3432 1073 3487 subditos
1102 3433 1299 3486 misere
1333 3431 1567 3486 vexavit.
1624 3433 1688 3486 Et
1744 3444 1866 3503 post
1912 3435 2016 3488 alia

448 3524 693 3592 quaedam
728 3539 742 3574 :
779 3522 965 3577 Modus
992 3532 1170 3576 autem
1204 3532 1259 3575 et
1288 3524 1427 3577 ratio
1456 3522 1622 3576 caulis
1645 3538 1750 3592 qua
1781 3537 1873 3577 eos
1901 3539 2021 3593 per-

445 3616 579 3668 dere
605 3614 902 3681 constituit,
932 3615 1215 3685 peregrina
1255 3614 1381 3679 fuit,
1435 3624 1488 3667 et
1536 3624 1690 3668 antea
1746 3629 2018 3684 nunquam

451 3705 559 3761 ulla
615 3706 931 3763 smenlornut
977 3709 1236 3760 memoria
1300 3707 1507 3759 audita.
1562 3705 1694 3759 Nam
1745 3708 2018 3760 Amasiam

449 3805 506 3849 et
556 3796 791 3864 reliquas
851 3795 1006 3850 Ponti
1053 3796 1320 3861 civitates,
1381 3796 1600 3864 quantis
1651 3795 1808 3849 malis
1857 3794 2017 3864 allligi

444 3887 628 3956 jussit,
659 3902 874 3940 omnem
905 3889 1347 3956 exsuperantiam
1396 3887 1731 3942 crudelitatis
1781 3897 2018 3954 supcrat.

451 3977 567 4033 Illic
602 3993 666 4032 ex
697 3979 940 4034 ccclesiis
973 3980 1062 4032 Dei
1097 3978 1232 4033 alias
1269 3979 1465 4045 dejccit
1499 3986 1553 4031 et
1605 3979 1720 4033 solo
1774 3978 2021 4046 adaequa-

463 4070 559 4131 vit,
599 4069 733 4120 alias
766 4068 975 4122 occludi
1005 4068 1189 4137 jussit,
1243 4083 1309 4121 ne
1365 4069 1649 4137 quisquam
1701 4080 1885 4119 eorum
1930 4064 2019 4134 qui

451 4174 545 4212 eas
576 4156 921 4228 frequentare
961 4168 1334 4221 consueverat,
1391 4173 1455 4211 eo
1486 4165 1846 4217 eommearel,
1884 4170 2020 4209 neve

452 4249 661 4302 debitos
696 4249 870 4302 cultus
903 4257 958 4303 et
989 4261 1105 4302 vota
1135 4251 1240 4303 Deo
1280 4252 1548 4304 redderet.
1582 4250 1694 4304 Non
1736 4250 1881 4303 enim
1916 4264 2014 4318 pro

451 4357 511 4395 se
560 4341 648 4393 illa
700 4341 813 4394 ﬁeri
866 4342 1214 4394 existimabat
1268 4344 1565 4411 (quomodo
1644 4343 1787 4397 enim
1864 4342 2023 4395 aliter

2110 529 2259 581 λετο.
2299 528 2688 599 Διαφθονηθεὶς
2720 527 3008 596 τοιγαροῦν
3048 525 3128 594 τῷ
3155 523 3553 593 πανευεργέτῃ,
3589 520 3691 573 πό-

2111 617 2279 686 λεμον
2327 617 2538 686 δυσαγῆ
2590 616 2684 669 καὶ
2720 617 3024 668 δεινότατον
3058 614 3198 684 πρὸς
3224 613 3389 665 αὑτὸν
3440 612 3691 679 ἐκφέρει,

2112 707 2171 758 ού
2218 705 2434 773 φύσεως
2464 706 2642 774 νόμων
2676 704 3025 772 φεισάμενοη
3054 703 3151 771 οὐχ
3179 699 3558 770 ὁρκίομοσιίῖν),
3593 700 3696 766 οὐχ

2113 796 2366 863 αἵματος,
2402 795 2463 846 ού
2511 792 2795 863 συνθηκῶν
2842 794 3064 861 μνήμην
3115 793 3172 843 ὲν
3223 790 3429 859 διανοίᾲ
3484 786 3690 841 λαϐὼν.

2123 887 2183 939 '0
2246 887 2344 955 μὲν
2416 887 2525 956 γὰρ
2604 883 2755 955 αὐτῷ
2788 923 2802 947 ,
2858 878 2946 936 οἷα
2997 882 3310 949 πανάγαθος
3380 881 3639 950 βασιλεὺς
3677 921 3692 945 ,

2113 978 2325 1041 εὐνοίας
2394 978 2653 1047 παρέχων
2722 975 2955 1045 ἀληθοῦς
3028 974 3270 1045 σύμϐολα
3300 1014 3314 1036 ,
3370 973 3695 1041 συγγενείας

2112 1070 2212 1137 τῆς
2272 1068 2412 1137 πρὸς
2462 1067 2625 1121 αὑτὸν
2697 1068 2800 1119 οὐκ
2858 1065 3157 1134 ἐφθόνησε,
3211 1064 3407 1134 γάμων
3450 1081 3507 1115 τε
3557 1063 3697 1131 λαμ-

2114 1160 2269 1228 πρῶν
2322 1158 2559 1228 ἀδελφῆς
2620 1159 2913 1227 μετουσίαν
2975 1158 3075 1209 οὐκ
3142 1157 3520 1224 ἀπηρνήσατο.
3588 1155 3698 1205 Καὶ

2118 1251 2236 1320 μεθ’
2297 1250 2490 1320 ἐτεραο
2537 1249 2699 1302 Ἀλλὰ
2754 1248 2962 1312 τούτοις
3009 1247 3270 1301 τάναντία
3320 1248 3558 1307 Λικίνιος
3620 1246 3700 1298 δι-

2115 1342 2439 1412 επράττετο,
2470 1340 2731 1403 παντοίας
2773 1340 3046 1410 ὁσημέραι
3078 1339 3222 1391 κατᾶ
3250 1338 3346 1390 τοῦ
3385 1338 3700 1406 κρείττονος

2118 1433 2369 1503 “mni;
2416 1432 2856 1502 ἐπιτεχνώμενος
2909 1434 2938 1484 ὁ
3004 1431 3293 1499 μισόθεος,
3367 1430 3575 1491 πάντας
3640 1445 3699 1479 τε

2114 1523 2344 1575 ἐπινοῶν
2365 1522 2658 1590 ἐπιϐουλῆς
2684 1522 2940 1592 τρόπους,
2959 1520 3034 1582 ὡς
3067 1518 3132 1571 ἂν
3153 1521 3342 1581 κακοῖς
3361 1518 3451 1570 τὸν
3470 1520 3699 1586 εὐεργέ-

2113 1634 2213 1685 την
2236 1615 2554 1686 ἀμείψηται.
2586 1612 2679 1677 Οἷς
2720 1615 2961 1681 ἐπιλέγει
2989 1630 3002 1645 ’
3038 1611 3127 1681 Τῷ
3157 1612 3213 1664 δὲ
3240 1607 3309 1679 ἦν
3354 1612 3461 1679 ἄρα
3502 1613 3530 1663 ὁ
3568 1611 3700 1670 Θεὸς

2116 1708 2291 1776 φίλος,
2334 1706 2590 1777 κηδεμὼν
2648 1707 2743 1760 καὶ
2797 1704 2991 1774 φύλαξ,
3047 1704 3124 1774 τῷ
3172 1703 3566 1772 Κωνσταντίνῳ
3614 1702 3700 1753 λέ-

2044 1791 2085 1845 Β
2118 1817 2248 1868 γων,
2283 1800 2342 1863 ὃς
2396 1800 2543 1870 αὐτῷ
2598 1800 2696 1865 τὰς
2750 1802 2808 1853 ἐν
2855 1799 3153 1870 ἀπορρήτῳ
3207 1797 3305 1850 καὶ
3355 1795 3540 1848 σκότει
3589 1811 3701 1864 μην

2111 1890 2433 1961 χανωμένας
2479 1891 2585 1944 ὑπὸ
2638 1890 2731 1944 τοῦ
2795 1890 3063 1960 τυράννου
3116 1887 3414 1950 ἐτιϐουλάς
3459 1889 3541 1950 εἰς
3582 1886 3697 1954 eti;

2111 1982 2258 2049 ἄγων
2284 1982 2551 2051 διήλεγχε.
2576 1982 2845 2034 Τοσοῦτον
2878 1981 3081 2052 ἀρετῆς
3104 1978 3322 2051 [ἁρετὴ]
3351 1979 3411 2031 τὸ
3437 1979 3580 2047 μέγα
3601 1978 3702 2047 τῆς

2115 2071 2429 2137 θεοσεϐείας
2482 2073 2645 2127 ὅπλον
2704 2073 2844 2144 πρὸς
2903 2072 3281 2142 ἄμυναν-μὲν
3339 2071 3573 2143 ἐχθρῶν,
3621 2072 3701 2122 οξ-

2113 2165 2266 2229 κείας
2296 2165 2351 2218 δέ
2378 2165 2625 2236 φυλακὴν
2667 2164 2945 2235 σωτηρίας
2980 2165 3176 2235 ἰσχύει.
3224 2158 3301 2236 τί)
3333 2164 3397 2234 δὴ
3457 2179 3701 2233 πεφραγ-

2117 2256 2278 2325 μένος
2322 2258 2350 2310 ό
2384 2256 2794 2324 θεοφιλέστατος
2839 2256 2998 2326 ἡμῶν
3044 2256 3305 2326 βασιλεὺς
3356 2257 3701 2308 Κωνσταντῖ-

2112 2362 2222 2408 νος,
2255 2348 2320 2415 τῇ
2370 2347 2434 2398 ἐκ
2489 2344 2585 2398 τοῦ
2648 2344 2784 2397 Θεοῦ
2832 2343 3054 2414 βοηθείᾳ
3099 2342 3196 2405 τὰς
3231 2342 3325 2395 τοῦ
3377 2340 3698 2408 δυσωνύμου

2114 2436 2485 2499 πολυπλόκους
2531 2436 2826 2499 ἐπιϐουλὰς
2874 2436 3265 2506 διεδίδρασκεν.
3310 2434 3370 2487 '0
3404 2435 3461 2486 δέ
3503 2433 3702 2503 τύραν-

2113 2544 2202 2591 νος
2230 2528 2328 2597 τὴν
2358 2527 2621 2597 λαθραίαν
2674 2525 2948 2596 συσκευὴν
2988 2525 3063 2587 ὡς
3094 2523 3348 2593 οὐδαμῶς
3391 2522 3541 2590 ἐώρα
3560 2519 3699 2573 κατὰ

2114 2617 2339 2689 γνώμην
2385 2617 2708 2689 χωροῦσανο
2762 2618 2856 2670 τοῦ
2892 2616 3030 2669 Θεοῦ
3079 2618 3256 2669 πάντα
3306 2614 3458 2669 δόλον
3503 2631 3561 2665 τε
3608 2614 3701 2665 καὶ

2117 2708 2470 2779 ῥᾳδιουργίαν
2518 2706 2595 2775 τῷ
2638 2706 2879 2774 θεοφιλεῖ
2909 2705 3120 2775 βασιλεῖ
3151 2690 3455 2775 κατάφωρα
3490 2702 3702 2755 ποιοῦν-

2115 2816 2240 2863 τος*
2284 2801 2383 2852 οὐκ
2418 2799 2499 2851 ἐτι
2543 2792 2656 2861 οἷός
2697 2815 2756 2850 τε
2799 2796 2874 2850 ὢν
2931 2794 3393 2868 ἐπικρύπτεσθαι,
3450 2794 3701 2865 προφανῆ

2117 2891 2351 2960 πόλεμον
2385 2892 2621 2961 αἱρεῖται
2648 2905 2662 2919 ⁸
2709 2889 2874 2958 ὁμόσε
2909 2889 3042 2957 δῆτα
3102 2887 3502 2957 Κωνστλντίνῳ
3547 2886 3703 2938 πολε-

2119 2982 2241 3050 μεῖν
2259 2980 2528 3048 διαγνοὺς,
2559 2979 2659 3050 ἤδη
2694 2980 2787 3032 καὶ
2830 2980 2972 3043 κατὰ
3000 2977 3093 3031 τοῦ
3139 2977 3274 3031 Θεοῦ
3312 2978 3422 3030 τῶν
3452 2978 3588 3031 ὅλων
3627 2979 3701 3038 ὡς

2118 3069 2359 3142 φρουροῦ
2391 3069 2826 3129 Κωνσταντίνου,
2874 3068 2934 3122 ὃν
2963 3070 3236 3139 ἠπίστατο
3277 3068 3465 3121 σέϐειν
3519 3068 3700 3131 αὐτὸν,

2120 3161 2565 3230 παρατάττεσθαι
2598 3160 2888 3231 ὥρμηταιο
2950 3159 3188 3213 κᾶπειτα
3245 3158 3376 3222 τοὺς
3410 3159 3503 3211 ὑπ’
3554 3156 3704 3226 αύτῷ

2120 3249 2386 3314 θεοσεϐεῖς
2421 3251 2639 3321 ἤλαυνε.
2689 3250 2800 3304 Καὶ
2828 3250 2945 3320 μεθ’
2974 3249 3137 3322 ἕτερα
3158 3266 3172 3281 ·
3201 3250 3310 3303 Καὶ¹
3347 3250 3377 3303 ὁ
3405 3249 3609 3320 τρόπος
3646 3249 3703 3301 δὲ

2117 3342 2210 3395 τοῦ
2237 3342 2359 3396 κατ’
2386 3341 2565 3396 αὐτῶν
2595 3341 2755 3412 φόνου
2794 3341 2944 3408 ξένος
2992 3359 3074 3405 τις
3105 3338 3203 3413 ἦν,
3254 3343 3351 3395 καὶ
3384 3337 3497 3403 οἷος
3544 3341 3699 3392 οὐδε-

2120 3432 2339 3486 πώποτε
2368 3432 2637 3503 ἠκούσθη.
2663 3431 2776 3496 Τὰς
2809 3431 2940 3501 γοῦν
2978 3433 3122 3504 ἀμφὶ
3146 3433 3247 3505 τὴν
3282 3433 3569 3502 Ἀμάσειαν
3598 3435 3697 3485 καὶ

2122 3523 2223 3587 τὰς
2252 3524 2451 3588 λοιπὰς
2479 3523 2574 3577 τοῦ
2608 3524 2841 3579 Πόντου.
2867 3524 3049 3586 πόλεις
3093 3525 3239 3589 ὅσοις
3274 3524 3460 3586 κακοῖς
3509 3522 3700 3587 πιέζε-

2125 3617 2249 3670 σθαι
2273 3602 2598 3688 προσέταξε,
2633 3618 2816 3670 πᾶσαν
2868 3617 3175 3688 ὑπερϐολὴν
3210 3617 3490 3687 ὠμότητος
3531 3616 3704 3688 ὑπερ-

2128 3707 2435 3777 ηκόντισεν.
2465 3706 2633 3761 Ἔνθα
2658 3706 2768 3759 τῶν
2797 3706 3102 3778 ἐκκλησιῶν
3134 3706 3231 3760 τοῦ
3258 3707 3392 3760 Θεοῦ
3418 3708 3474 3760 αἱ
3502 3707 3603 3777 μὲν
3642 3707 3702 3772 ἐξ

2123 3797 2290 3867 ὕψους
2323 3800 2402 3860 εἰς
2439 3797 2635 3865 ἔδαφος
2665 3793 2818 3860 αὖθις
2861 3797 3307 3870 κατερῥίπτοντο,
3336 3798 3436 3862 τὰς
3477 3798 3536 3851 δὲ
3570 3798 3702 3851 ἁπο-

2122 3888 2396 3941 κλείεσθαι
2422 3887 2743 3951 ἐκέλευσεν,
2780 3888 2857 3951 ὼς
2906 3887 2972 3942 ἂν
3006 3888 3081 3958 μὴ
3112 3888 3398 3957 συνάγοιτό
3461 3906 3549 3953 τις
3598 3889 3705 3942 τῶν

2122 3978 2411 4044 εἰωθότων,
2456 3978 2590 4048 μηδὲ
2634 3978 2711 4049 τῷ
2754 3979 2871 4048 Θεῷ
2896 3979 2994 4044 τὰς
3033 3980 3391 4049 ὀφειλομένας
3447 3980 3702 4052 λατρείας

2127 4072 2221 4125 καὶ
2246 4071 2412 4141 εὐχὰς
2443 4070 2756 4126 ἀποδίδωσι.
2796 4071 3175 4124 Συντελεῖσθαι
3219 4073 3331 4144 γὰρ
3368 4075 3467 4143 οὐχ
3520 4076 3703 4142 ἠγεῖτο

2133 4161 2272 4231 ὺπέρ
2312 4160 2476 4213 αὐτοῦ
2521 4160 2726 4214 ταῦτα·
2770 4162 2887 4225 πῶς
2915 4161 3024 4232 γὰρ
3048 4157 3249 4216 οἷόντε
3286 4160 3356 4232 ἦν
3411 4164 3572 4218 τοῦτο
3612 4165 3698 4215 ἐν-

2124 4255 2263 4305 νοεῖν
2293 4252 2382 4304 τον
2412 4251 2698 4321 μισόθεονς
2745 4252 2933 4323 φαύλῳ
2973 4255 3236 4307 συνειδότι
3280 4254 3441 4310 τοῦτο
3485 4256 3699 4322 λογιζό-

2128 4359 2321 4411 μενος,
2353 4343 2490 4412 ύπέρ
2525 4343 2581 4395 δὲ
2625 4343 3039 4398 Κωνσταντίνου
3080 4344 3176 4398 τοῦ
3225 4342 3514 4415 θεοφιλοῦς
3546 4347 3699 4416 βασι-

456 4434 694 4499 cogitare
736 4433 911 4499 potuit
961 4434 1050 4500 qui
1106 4432 1271 4484 Deum
1303 4433 1439 4498 odit,
1488 4448 1651 4500 prava
1688 4435 2013 4486 conscientia

2129 4432 2266 4495 λέως
2303 4433 2565 4504 πράττειν
2603 4435 2769 4504 ἡμᾶς,
2820 4437 2916 4488 καλ⁹
2969 4436 3060 4489 τὸν
3089 4436 3220 4488 Θεὸν
3261 4435 3537 4490 ἱλεοῦσθαι
3571 4437 3701 4489 ἐπέ-

458 4520 584 4574 illutl
609 4536 789 4575 set-nm
820 4523 935 4590 ipse
968 4533 1219 4589 reputans
1238 4521 1305 4589 ?),
1338 4524 1428 4574 sed
1457 4538 1554 4577 nos
1577 4538 1674 4590 pro
1697 4522 2022 4590 imperatore

452 4611 548 4680 pio
604 4611 957 4666 Constantino
1006 4614 1184 4665 omnia
1242 4629 1426 4679 agere,
1476 4623 1528 4665 et
1582 4612 1749 4665 Deum
1809 4615 2023 4682 placare

456 4715 776 4769 persuasum
825 4702 1076 4758 habebat.
1131 4701 1243 4756 llac
1282 4705 1467 4769 itaque
1504 4705 1758 4772 opinione
1787 4706 2025 4757 concita-

454 4803 563 4855 tus,
598 4808 810 4846 omnem
845 4794 1042 4847 furoris
1073 4796 1153 4848 sui
1185 4795 1444 4861 impr-tutu
1482 4796 1532 4848 in
1566 4811 1662 4849 nos
1708 4796 2023 4864 intorquere.

453 4885 661 4937 statuit.
712 4882 775 4938 Et
825 4884 983 4951 paulo
1041 4894 1163 4955 post
1212 4898 1228 4938 :
1288 4885 1438 4938 Multi
1473 4887 1847 4956 episcoporum
1906 4888 2023 4942 sine

448 4991 613 5028 causa
645 4976 1050 5044 abripiebantur
1089 4976 1154 5029 ad
1184 4978 1526 5044 supplicium,
1556 4987 1610 5032 et
1653 4980 2018 5047 puniebantur

453 5076 709 5136 tanquam
739 5067 940 5132 sicarii,
980 5069 1070 5136 qni
1105 5068 1235 5120 nihil
1269 5069 1391 5120 mali
1442 5071 1865 5138 commiserant;
1925 5088 2024 5126 no-

455 5173 582 5210 Vum
625 5159 811 5210 mortis
841 5173 1009 5226 genus
1060 5159 1359 5212 subibant:
1415 5175 1641 5227 corpora
1681 5176 1866 5214 eorum
1910 5165 2020 5229 pri—

453 5263 599 5298 mum
659 5246 833 5315 gladio
886 5247 940 5300 iu
993 5250 1188 5300 multas
1246 5248 1536 5316 particulas
1588 5250 2019 5317 dissecahautur,

450 5334 649 5388 deinde
685 5344 803 5401 post
850 5337 1066 5390 crudele
1103 5335 1229 5389 illud
1279 5346 1330 5390 et
1365 5338 1691 5391 horrendum
1737 5350 2023 5407 spectacu-

452 5423 561 5477 lum
595 5426 646 5476 in
677 5426 815 5479 altos
862 5427 1029 5480 maris
1062 5427 1325 5495 gurgites.
1380 5443 1486 5496 quo
1517 5444 1544 5483 a
1566 5430 1824 5497 piscibus
1857 5431 2020 5483 devo-

453 5526 722 5578 rarentur,
778 5515 1187 5585 abjiciehantur.
1256 5518 1335 5570 Ad
1386 5520 1501 5573 hanc
1563 5535 1750 5574 rursus
1804 5522 2016 5590 piorum

451 5605 690 5657 omnium
728 5606 887 5674 fugae.
920 5607 1153 5660 virorum
1187 5610 1393 5676 pariter
1432 5619 1485 5662 et
1534 5610 1818 5663 mulierum
1859 5621 2019 5678 atque

453 5692 618 5744 etiam
670 5694 996 5750 infantium:
1053 5708 1103 5750 ct
1157 5716 1220 5754 ex
1259 5700 1347 5752 [lci
1384 5702 1552 5756 scrris
1605 5702 1693 5754 alii
1749 5703 1797 5755 iu
1836 5720 2014 5771 agros,

2126 4541 2332 4577 πειστο.
2365 4525 2528 4577 ’Ὅθεν
2555 4526 2618 4576 ἐκ
2638 4527 2828 4577 τούτου
2852 4527 3250 4597 παρορμηθεὶς,
3268 4528 3360 4580 τὸν
3387 4526 3559 4596 θυμὸν
3582 4526 3700 4579 καθ’

2123 4618 2278 4686 ἡμῶν
2322 4602 2673 4686 ἐπισκήπτει.
2724 4619 2832 4670 Καὶ
2873 4618 3010 4687 μετᾶ
3052 4620 3290 4688 βραχέαο
3340 4620 3446 4671 Καὶ
3484 4618 3550 4689 δὴ
3602 4620 3703 4670 ἀπ-

2122 4709 2317 4776 ήγοντο
2348 4707 2533 4760 πολλοὶ
2559 4708 2670 4763 τῶν
2703 4712 3037 4773 ἐπισκόπων,
3060 4715 3154 4765 καὶ
3182 4713 3503 4777 ἐκολάζοντο
3536 4716 3705 4783 ἀπροο

2124 4799 2423 4866 φασίστως,
2449 4802 2649 4871 ὁμοίως
2681 4806 2792 4867 τοῖς
2829 4807 3136 4874 μιαιφόνοις
3160 4808 3209 4859 οἱ
3243 4807 3412 4877 μηδὲν
3444 4808 3703 4879 ἠδικηκό-

2121 4905 2233 4950 τες,
2288 4891 2615 4962 καινοτέραν
2666 4894 3031 4963 ὑπομένοντες
3084 4896 3375 4966 τελευτὴν,
3437 4897 3580 4965 ξίφει
3646 4897 3706 4949 τὸ

2125 4978 2287 5049 σῶμα
2315 4984 2394 5045 εἰς
2424 4984 2596 5037 πολλὰ
2634 4988 2900 5055 τμήματα
2943 4991 3571 5060 κατακρεουργούμενοι,
3614 4991 3705 5053 καὶ

2124 5073 2263 5141 μετὰ
2299 5075 2397 5142 τὴν
2432 5076 2612 5146 ἀπηνῆ
2643 5078 2849 5148 ταύτην
2888 5082 2977 5134 καὶ
3013 5083 3383 5150 φρικτοτατην
3412 5081 3563 5140 θέαν.
3595 5084 3705 5142 τοῖς

2122 5160 2223 5228 τῆς
2250 5161 2525 5231 θαλάσσης
2552 5164 2754 5234 βυθοῖς,
2807 5172 2922 5232 τοῖς
2975 5170 3187 5238 ἰχθύσιν
3227 5173 3304 5232 εἰς
3346 5169 3514 5240 βορὰν
3554 5170 3703 5241 apst-

2123 5267 2340 5304 πτοντο.
2374 5255 2550 5323 Φυγαὶ
2603 5257 2661 5309 δὲ
2696 5259 2852 5321 αὖθις
2906 5261 2996 5312 ἐπὶ
3033 5259 3242 5323 τούτοις
3282 5261 3388 5313 τῶν
3435 5260 3701 5314 θεοσεϐῶν

2122 5340 2376 5393 ἁπάντων
2410 5345 2575 5411 ὁμόσε
2642 5347 2850 5417 ἀνδρῶν
2905 5350 2999 5401 καὶ
3047 5349 3321 5416 γυναικῶν
3356 5353 3456 5404 σὺν
3506 5348 3698 5417 κομιδῇ

2122 5430 2333 5499 νηπίοις
2366 5435 2638 5501 ἐγίνοντο*
2692 5440 2786 5492 καὶ
2836 5439 2996 5492 πάλιν
3042 5440 3221 5509 ἀγροὶ,
3256 5440 3350 5491 καὶ
3383 5438 3547 5491 πάλιν
3578 5440 3701 5505 ἐρη-

2126 5522 2265 5589 μίσι,
2304 5525 2471 5578 νάπαι
2503 5545 2560 5579 τε
2588 5530 2681 5583 καὶ
2710 5529 2807 5599 ὅρη
2846 5532 2969 5591 τοὺς
3006 5530 3097 5581 τοῦ
3137 5528 3376 5599 Χριστοῦ
3429 5529 3697 5598 θεράπον-
3756 5586 3763 5589 ι

2123 5628 2220 5673 τας
2273 5615 2615 5685 ὑπεδέχοντο,
2677 5621 2817 5673 κατὰ
2872 5620 3086 5673 πάντων
3142 5620 3572 5688 ἅνακινῆσαντος
3606 5614 3697 5670 τοῦ

2127 5698 2149 5713 ς

2124 5704 2411 5767 Etenim};
2445 5708 2531 5758 τὸν
2566 5709 2815 5777 π’ἒ),ε;ι.ον.
