4042 6142
1633 197 1654 221 Ι

343 271 476 337 1217

1217 275 1582 334 HISTORIA
1621 275 1957 338 CONCILII
1989 279 2300 342 NICENI.
2341 307 2408 317 -
2444 284 2590 342 LIB.
2633 283 2683 342 Ι.

3451 281 3586 346 1218

339 379 578 433 nmmulli
623 380 674 433 in
710 379 1051 445 solitudines,
1115 381 1344 457 quidam,
1375 381 1429 435 in
1473 381 1641 435 silvas
1687 397 1808 436 sese
1881 384 2230 452 abdiderunt,
2297 402 2422 443 cum
2475 405 2631 458 teque
2675 390 2927 446 omnibus
2976 389 3212 448 nefarius
3265 393 3353 448 ille
3389 393 3586 446 bellum

339 471 643 525 indixisset.

404 567 516 619 Καὶ
547 563 688 634 μετά
722 564 928 635 βραχέα
949 583 962 598 ο
992 565 1054 617 Ei.
1104 563 1177 634 μὴ
1203 563 1433 634 τάχιστοι
1472 563 1534 616 τὸ
1567 562 1762 634 μέλλον
1795 563 1908 617 ἔσε-

2097 561 2161 615 Ει
2190 563 2375 632 paucis
2421 562 2723 632 interiectis
2768 582 2782 620 :

337 657 460 708 σθαι
502 655 791 726 προλαϐὼν
835 655 864 706 6
914 655 1024 707 τῶν
1076 653 1292 708 οἰκείων
1344 653 1532 724 ψυχῶν
1591 654 1910 725 ὐπέρμαχος

330 746 484 808 Θ-ὸ;,
533 747 608 809 ὡς
646 748 705 798 ἐν
758 745 912 816 βαθεῖ
965 744 1142 814 σκότῳ
1188 745 1282 797 καὶ
1323 745 1480 797 νυκτὶ
1528 743 1910 816 ζοφωδεστάτῃ

333 834 602 903 φωστῆρα
645 833 820 902 μέγαν
848 833 1058 902 ἀθρόως
1087 833 1184 884 καὶ
1225 833 1444 903 σωτῆρα.
1473 834 1586 896 τοῖς
1625 833 1790 885 πᾶσιν
1809 827 1912 897 ’ἐξ-

331 925 542 996 έλαμψε
596 925 690 977 τὸν
725 922 890 976 αὐτοῦ
927 923 1233 992 θεράποντα
1263 923 1690 988 Κωνσταντῖνον,
1723 921 1909 992 ὑψηλῷ

334 1017 600 1088 βραχίονι,
631 1015 990 1086 γενναιοτάτη
1011 1015 1066 1066 δὲ
1089 1016 1234 1085 χειρὶ
1258 1017 1696 1085 χειραγωγήσας.
1721 1014 1910 1084 Τούτῳ

335 1109 432 1178 μὲν
472 1103 566 1162 οὖν
598 1106 806 1162 ἄνωθεν
837 1107 897 1170 ἐξ
935 1105 1182 1176 οὐρανῶν
1224 1107 1438 1176 καρπὸν
1496 1105 1774 1168 εὐσεϐείας
1813 1106 1911 1157 ἑπ-

329 1201 500 1264 ἀξιον,
533 1199 772 1270 τρόπαια
805 1198 946 1252 κατά
973 1198 1084 1250 τῶν
1115 1197 1328 1250 ἀσεϐῶν
1354 1200 1582 1268 παρεῖχε
1610 1197 1788 1267 νίκης,
1817 1196 1909 1248 τὸν

327 1289 383 1342 δὲ
423 1290 705 1358 ἀλιτήριον
751 1289 933 1350 αὐτοῖς
985 1285 1310 1356 συμϐούλοις
1369 1286 1542 1341 ἅπασι
1589 1287 1684 1340 καὶ
1738 1287 1912 1357 φίλοις

329 1379 435 1431 ὑπὸ
491 1381 605 1440 τοῖς
655 1377 1066 1432 Κωνσταντίνου
1123 1377 1252 1430 ποσὶ
1288 1377 1471 1448 πρηνῆ
1523 1376 1822 1430 κατέϐαλεν
1881 1377 1911 1428 ό

329 1469 739 1522 Κωνσταντίνου
767 1468 864 1522 καὶ
902 1467 1120 1520 πάντων
1153 1467 1311 1536 ἡμῶν
1359 1467 1510 1531 Θεός.
1551 1467 1640 1530 Ὠς
1677 1467 1784 1538 γὰρ
1828 1469 1908 1530 εἰς

327 1561 532 1630 ἔσχατα
557 1559 752 1630 μανίας
773 1560 842 1613 τὰ
874 1561 998 1613 κατ’
1045 1559 1208 1614 αὐτὸν
1262 1558 1524 1630 ἤλαυνεν,
1576 1559 1676 1612 οὐκ
1709 1558 1782 1612 ἔτ’
1814 1561 1903 1613 ἀνα

327 1652 485 1706 εκτδν
501 1647 640 1705 εῖναι
675 1649 1034 1720 λογισάμενος
1059 1649 1313 1720 βασιλεὺς
1343 1651 1750 1716 Κωνσταντῖνος
1779 1653 1806 1704 ὁ
1832 1649 1910 1721 τῷ

327 1743 444 1813 Θεῷ
470 1743 644 1812 φίλος,
685 1743 776 1795 τὸν
812 1741 1053 1812 ἔμφυτον
1103 1741 1359 1812 σώφρονα
1408 1741 1503 1794 καὶ
1545 1741 1745 1810 εὐσεϐῆ
1781 1759 1908 1794 συν-

329 1830 553 1900 αγαγὼν
579 1829 861 1900 λογισμὸν,
889 1828 1096 1882 καὶτὸν
1115 1829 1340 1902 στερρὸν
1354 1829 1446 1882 τοῦ
1477 1829 1686 1882 δικαίου
1707 1829 1910 1900 τρόπον

2838 565 2948 620 Nisi
2972 567 3125 622 .Deus
3150 583 3428 625 servorum
3458 587 3588 627 suo-

2017 667 2135 706 ;um
2195 667 2563 723 propugnator
2622 655 2908 711 celerrime
2966 660 3108 726 quod
3165 659 3402 714 futurum
3470 671 3592 718 erat

2013 746 2399 814 prwvertisset,
2435 757 2489 801 et
2529 747 2948 801 Constantinum
2987 749 3248 804 famulum
3279 767 3433 806 sumn
3469 764 3592 808 tan-

2011 851 2170 902 quam
2200 835 2335 890 lucis
2361 837 2632 904 quoddam
2679 838 3015 906 splendidum
3059 839 3220 909 jubar
3260 842 3312 895 in
3344 844 3591 900 obscuris

2012 926 2250 982 tenebris
2301 937 2356 981 ct
2387 927 2684 998 caliginosa
2711 941 2868 984 nocte
2902 943 3120 998 repente
3146 933 3489 1001 ostendisset,
3537 946 3593 990 et

2013 1015 2362 1071 liberatorem
2391 1018 2687 1072 excitasset
2712 1019 2986 1080 omnibus,
3017 1030 3070 1074 et
3091 1022 3306 1076 excelso
3345 1023 3588 1091 brachio,

2011 1123 2074 1163 ac
2102 1123 2366 1178 generosa
2401 1123 2563 1163 manu
2613 1111 2858 1165 duxisset
2909 1128 2924 1166 :
2984 1113 3070 1166 cui
3117 1113 3338 1182 quidem
3389 1126 3590 1182 tropaea

2013 1199 2262 1254 Victoria:
2289 1211 2481 1254 contra
2515 1201 2730 1268 impios,
2761 1202 2916 1270 quasi
2943 1190 3186 1257 fructum.
3209 1204 3380 1273 ipsius
3403 1207 3586 1274 pietati

2013 1290 2250 1344 debitum
2308 1289 2526 1345 ctelitns
2581 1291 2808 1362 largitus
2863 1302 2966 1358 est,
3033 1294 3356 1365 sacrilegum
3405 1304 3584 1349 autem

2011 1379 2161 1434 illum
2196 1397 2300 1433 una
2333 1396 2454 1436 cum
2493 1382 2820 1438 entrsiliariis
2846 1385 3098 1439 omnibus
3144 1396 3202 1440 et
3241 1387 3432 1442 amicis
3481 1391 3584 1442 sub

2011 1467 2352 1523 Constantini
2415 1470 2639 1537 pedibus
2709 1473 3041 1540 prostravit,
3110 1475 3450 1531 Constantini
3528 1487 3586 1532 et

2011 1566 2253 1612 nostrum
2302 1559 2542 1612 omnium
2585 1559 2748 1615 Deus.
2783 1560 2916 1614 Nam
2963 1561 3051 1616 ubi
3102 1561 3217 1631 ejus
3263 1565 3466 1618 insania
3516 1567 3586 1620 ad

2009 1656 2306 1702 extremam
2347 1663 2630 1718 progressa
2679 1659 2761 1705 est
2792 1653 3080 1707 amentiam
3108 1693 3124 1716 ,
3155 1655 3446 1722 imperator
3478 1656 3588 1711 Deo

2011 1742 2208 1795 cbarus
2256 1755 2361 1795 non
2411 1743 2646 1810 amplius
2687 1743 2963 1799 ferendum
3025 1747 3252 1816 putavit,
3303 1750 3396 1802 sed
3427 1747 3586 1802 insita

2011 1829 2112 1882 sibi
2161 1839 2215 1884 et
2263 1829 2502 1884 modesta
2552 1829 2714 1884 animi
2786 1832 2994 1888 ratione
3041 1835 3232 1902 piaqne
3274 1852 3384 1890 rem
3431 1851 3592 1905 repu-

330 1899 716 1992 φιλανθρωπίᾳ
746 1899 1169 1990 κερασάμενος,
1213 1899 1516 1989 *ἐπαμῦναι
1574 1899 1754 1989 κρίνει
1796 1919 1908 1980 τοῖς

2013 1925 2156 1984 ιαηε,
2205 1929 2365 1987 atque
2394 1935 2638 1976 severam
2681 1921 2820 1989 juris
2875 1899 3114 1993 regulam
3150 1899 3284 1980 cum
3342 1899 3590 1982 humani-

329 2012 436 2067 ὑπδ
459 2010 538 2080 τῷ
563 2009 809 2080 τυράννῳ
831 2009 1372 2079 ταλαιπωρουμένοις
1393 2023 1407 2038 ·
1456 2009 1550 2062 καὶ
1581 2009 1644 2060 τό
1667 2025 1726 2076 γε
1759 2007 1912 2060 πλεῖ·-

331 2119 454 2156 στον
495 2100 800 2172 ἀνθρώπων
839 2100 1018 2168 γένος,
1065 2099 1286 2170 βραχεῖς
1329 2097 1616 2168 λυμεῶνας
1666 2095 1912 2154 ἐκποδὼν

330 2193 721 2263 ποιησάμενος,
746 2189 1133 2244 ἀνασώσασθαι
1163 2189 1422 2260 ὁρμᾶται.
1458 2188 1613 2260 Μόνῃ
1653 2187 1762 2258 γὰρ
1792 2187 1914 2256 φιλ-

330 2283 616 2354 ανθρωπία
651 2282 935 2353 χρωμένου
978 2279 1072 2332 τοῦ
1101 2278 1615 2347 φιλανθρωποτάτου
1647 2277 1914 2348 βασιλέως

333 2373 749 2426 Κωνσταντίνου
793 2371 884 2424 τὸν
930 2370 1038 2438 πρὸ
1079 2369 1268 2422 τούτου
1313 2370 1526 2439 χρόνον,
1572 2369 1668 2421 καὶ
1719 2367 1810 2420 τὸν
1851 2368 1911 2421 οὐ

333 2464 684 2534 συμπαθείας
718 2463 867 2530 ἀξιον
897 2461 1196 2526 ἐλεοῦντος,
1227 2459 1306 2530 τῷ
1337 2459 1435 2530 μὲν
1477 2459 1729 2513 δυσσεϐεῖ
1766 2458 1916 2532 αὐτῷ

330 2559 542 2625 ἐγίνετο
572 2557 732 2609 πλέον
759 2555 933 2615 οὐδὲν,
961 2556 1060 2625 τῆς
1087 2553 1286 2617 κακίας
1307 2554 1408 2606 οὐκ
1435 2553 1916 2623 ἀπαλλαττομένῳ,

329 2648 548 2714 αὔξοντι
573 2647 630 2700 δὲ
667 2647 866 2716 μᾶλλον
896 2647 994 2716 τὴν
1031 2644 1168 2698 κατὰ
1201 2643 1310 2697 τῶν
1365 2645 1691 2714 ὑποχειρίων
1746 2643 1917 2698 ὲθνῶν

328 2739 565 2792 λύτταν·
593 2740 709 2800 τοῖς
741 2737 798 2789 δὲ
841 2737 1206 2806 κακουμένοις
1257 2735 1484 2806 οὐδεμία
1527 2731 1594 2806 ἦν
1637 2734 1910 2806 σωτηρίας

329 2831 508 2892 ἐλπὶς,
539 2829 644 2882 ὐπὸ
681 2827 855 2881 δεινοῦ
903 2827 1095 2898 θηρίου
1131 2829 1654 2897 καταπονουμένοις.
1709 2827 1801 2878 Διὸ
1845 2826 1911 2898 δὴ

328 2921 410 2990 τῷ
442 2919 810 2991 φιλανθρώπῳ
839 2919 1002 2988 μίξας
1045 2919 1108 2972 τὸ
1162 2919 1524 2989 μισοπόνηρον
1555 2918 1585 2970 6
1628 2918 1737 2971 τῶν
1773 2918 1914 2986 ἀγα-

329 3011 441 3065 θῶν
465 3011 720 3084 χορηγὸς,
754 3011 1036 3080 πρόσεισιν
1081 3009 1196 3080 ἄρα
1240 3009 1390 3063 παιδὶ
1438 3008 1669 3080 Κρίσπῳ
1709 3007 1918 3080 βασιλεῖ

331 3103 836 3172 φιλανθρωποτάτῳ
873 3100 979 3153 ἀπὸ
1003 3103 1102 3170 τῆς
1143 3099 1446 3169 Ἐσπερίων
1497 3100 1595 3168 τῆς
1645 3097 1910 3168 μεγίστης

343 3193 562 3264 Ῥώμης
581 3194 672 3246 ἐπὶ
709 3195 808 3259 τὴν
847 3191 1016 3261 Ἐᾠαν
1046 3191 1188 3242 κατὰ
1216 3190 1303 3243 τοῦ
1329 3189 1616 3260 τυράννου,
1643 3189 1915 3260 σωτηρίας

2015 2019 2123 2064 tate
2163 2019 2219 2063 et
2271 2011 2555 2065 clementia
2607 2020 2906 2080 temperans
2935 2051 2952 2075 ,
2997 2027 3091 2067 eos
3139 2013 3227 2082 qui
3292 2016 3591 2085 tyrannidis

2008 2103 2141 2172 iugo
2181 2103 2646 2172 opprimebantur,
2686 2103 2952 2172 juvaudos
2986 2087 3212 2172 censet,
3241 2117 3401 2175 atque
3451 2121 3591 2176 pau-

2015 2193 2093 2247 cis
2144 2191 2364 2247 nefariis
2412 2207 2444 2248 c
2503 2194 2680 2249 medio
2727 2196 2974 2260 sublatis,
3027 2197 3316 2250 maximam
3383 2209 3594 2252 morta-

2017 2283 2146 2338 lium
2173 2291 2378 2350 partem
2403 2299 2620 2339 servare
2651 2294 2924 2354 preperat.
2961 2283 3095 2339 Nam
3121 2301 3244 2342 cum
3271 2297 3430 2341 antea
3482 2287 3590 2343 im-

2017 2385 2236 2443 peratur
2277 2374 2701 2429 humanissimus
2749 2375 2862 2430 sola
2890 2376 3175 2430 clementia
3204 2392 3332 2432 usus
3365 2376 3585 2443 fuisset,

2018 2475 2074 2520 et
2107 2467 2400 2520 miseratus
2433 2477 2578 2520 esset
2615 2465 2761 2520 nulla
2809 2465 3290 2523 commiseratione
3338 2467 3587 2538 dignum,

2017 2557 2183 2626 impio
2211 2557 2428 2626 quidem
2462 2556 2536 2610 illi
2582 2571 2611 2610 a
2645 2557 2912 2626 pravitate
2945 2558 3255 2626 neutiquam
3288 2559 3590 2622 decedenti,

2016 2649 2108 2704 sed
2145 2649 2320 2716 potius
2353 2649 2557 2703 rabiem
2592 2662 2745 2702 suam
2799 2657 2986 2702 contra
3035 2658 3221 2716 gentes
3263 2647 3364 2702 sibi
3403 2649 3590 2715 subje-

2016 2747 2135 2792 ctas
2167 2737 2406 2807 augenti,
2453 2735 2586 2790 nibil
2657 2735 2948 2791 clementia
2995 2737 3079 2791 illa
3112 2736 3350 2806 profuit:
3379 2735 3591 2792 afﬂictis

2017 2843 2149 2883 vero
2177 2839 2232 2882 et
2265 2829 2330 2881 ab
2359 2827 2583 2880 immani
2615 2827 2704 2880 illa
2733 2827 2906 2881 bellua
2935 2827 3226 2890 divexatis,
3258 2828 3399 2880 nulla
3429 2827 3588 2896 plane

2021 2918 2119 2970 fuit
2148 2917 2344 2972 salutis
2381 2931 2502 2986 spes
2537 2917 2744 2970 relicta.
2800 2916 3138 2986 Quapropter
3185 2919 3449 2971 bonorum
3500 2917 3590 2974 ille

2019 3009 2462 3064 Subministrator
2489 3005 2901 3070 Constantinus,
2941 3008 3196 3076 nequitiae
3243 3010 3426 3062 odium
3461 3023 3586 3062 cum

2023 3099 2365 3154 humanitate
2415 3099 2774 3166 permiscens,
2824 3096 2985 3150 simul
3039 3111 3158 3149 cum
3209 3097 3400 3166 Crispo
3447 3097 3584 3165 lilio,

2021 3189 2263 3258 principe
2298 3187 2718 3250 humanissimo,
2757 3187 2823 3240 ab
2853 3183 3163 3240 Occidentis
3191 3189 3322 3241 urbe
3352 3189 3586 3242 maxima

331 3287 509 3350 δεξιὰν
548 3285 718 3338 ἅπασι
767 3285 878 3344 τοῖς
917 3281 1312 3351 ἀπολλυμένοις
1356 3280 1604 3342 ἐκτείνας
1628 3295 1642 3310 °
1686 3280 1908 3348 παμϐα-

2019 3279 2183 3334 Roma
2215 3280 2266 3333 in
2301 3277 2578 3334 Orientem
2628 3287 2816 3331 contra
2863 3285 3149 3348 tyrannum
3196 3281 3589 3346 proﬁciscitur,

333 3375 472 3427 σιλεῖ
501 3373 620 3443 Θεῷ
649 3374 744 3426 καὶ
800 3371 960 3424 natas
1017 3370 1238 3442 Χριστῷ
1287 3371 1501 3441 Σωτῆρι
1549 3369 1765 3440 ποδηγῷ
1815 3371 1908 3423 καὶ

333 3467 611 3536 συμμάχῳ
653 3464 948 3534 χρώμενοι,
997 3464 1180 3533 πατὴρ
1218 3459 1908 3529 Κωνσταντῖνοςβασιλεύς

333 3555 452 3624 ἅμα
483 3555 583 3624 υἱῴ
630 3554 845 3622 βασιλεῖ
898 3552 1152 3623 Κρίσπῳ,
1199 3553 1366 3622 ἄμφω
1417 3551 1600 3622 κύκλῳ
1645 3551 1909 3612 διελόντες

331 3648 434 3717 τὴν
471 3645 612 3697 κατά
659 3645 767 3696 τῶν
815 3643 1086 3713 θεομισῶν
1113 3642 1440 3712 παράταξιν,
1481 3641 1667 3717 ῥᾳδίαν
1699 3641 1794 3710 τὴν
1829 3639 1907 3692 νί-

333 3755 440 3806 κην
469 3738 856 3806 ἀποφέρονται,
907 3735 1018 3788 τῶν
1054 3733 1196 3787 κατά
1241 3733 1342 3802 τὴν
1384 3732 1656 3802 συμϐολὴν
1691 3733 1907 3784 πάντων

333 3827 838 3898 ὲξευμχρισθέντων
866 3826 1050 3887 αὐτοῖς
1095 3823 1188 3878 καὶ
1229 3822 1370 3876 κατὰ
1403 3822 1627 3892 γνώμην
1667 3823 1772 3874 ὐπὸ
1813 3821 1905 3874 τοῦ

333 3917 723 3986 παμϐασιλέως
745 3915 903 3978 Θεοῦ,
931 3913 1074 3968 καθά
1101 3929 1264 3983 φησιν
1284 3915 1311 3966 6
1335 3911 1786 3981 φιλαληθέστατος
1808 3913 1908 3964 Εὐ-

333 4009 515 4071 σέϐιος
552 4011 580 4062 6
619 4008 712 4061 τοῦ
747 4007 1108 4076 πανευφήμου
1147 4005 1455 4074 Παμφίλου.
1504 4005 1783 4072 Ῥουφῖνος
1825 4003 1904 4066 δὲ,

333 4102 522 4170 φησὶν,
553 4101 600 4152 εί
626 4100 717 4151 καὶ
753 4098 1021 4168 μηδεμίαν
1047 4099 1240 4166 μοῖραν
1272 4094 1381 4148 τῶν
1407 4094 1786 4164 γεγενημένων
1815 4094 1908 4147 ὲπί

332 4191 580 4243 Λικινίου
612 4187 956 4257 πραγμάτων
987 4187 1413 4256 ἐμνημόνευσεν,
1447 4185 1594 4254 ὅμως
1641 4185 1734 4237 καὶ
1768 4183 1908 4236 αὐτὰ

331 4281 402 4334 τὰ
435 4279 635 4344 regem
663 4277 758 4330 τοῦ
802 4277 1206 4349 πωρῤηθέντος
1238 4275 1658 4344 ἀναλεξάμενος,
1699 4273 1908 4344 ἐνθήσω

331 4373 399 4440 τῇ
460 4371 770 4438 συγγραφῇ.
813 4367 952 4436 Φησὶ
987 4365 1041 4417 δὲ
1087 4359 1272 4427 οὗτος·
1327 4366 1566 4427 Λικίνιος
1617 4365 1715 4434 μὲν
1757 4359 1850 4416 οὖν
1879 4362 1908 4416 6

333 4457 770 4530 συμϐασιλεύων,
801 4455 948 4525 αὐτῴ
977 4455 1219 4524 δηλονότι
1259 4453 1336 4524 τῷ
1369 4453 1577 4523 βασιλεῖ
1619 4453 1908 4506 Κωνσταν-

330 4557 482 4626 τίνῳ,
532 4557 631 4617 τὰς
677 4552 998 4622 Ἑλληνικὰς
1037 4551 1177 4620 ἔχων
1218 4549 1398 4615 δόξας,
1443 4549 1906 4618 ὲμίσειΧριστιαο

329 4647 454 4710 νούς
480 4664 493 4676 ·
527 4647 620 4698 καὶ
642 4645 880 4712 διωγμὸν
925 4644 1021 4713 μὲν
1057 4643 1310 4710 προφανῆ
1357 4642 1478 4694 κατ’
1521 4639 1698 4695 αὐτῶν
1753 4639 1903 4709 φόϐῳ

328 4737 426 4788 τοῦ
457 4735 720 4805 βασιλέως
746 4735 1160 4788 Κωνσταντίνου
1193 4735 1362 4786 κινεῖν
1406 4731 1779 4793 ὑπεστέλλετο,
1813 4731 1902 4784 λε-

326 4825 568 4893 ληθότως
601 4824 658 4876 δὲ
693 4823 920 4884 πολλοὺς
950 4825 1326 4890 ὲσκευωρεῖτο.
1363 4819 1572 4891 Προϊὼν
1615 4819 1693 4879 δὲ.
1740 4837 1904 4886 φανε-

333 4918 444 4989 ρῶς
465 4919 554 4970 τὸν
583 4917 727 4969 κατὰ
755 4917 978 4969 πάντων
999 4915 1238 4982 διωγμὸν
1263 4911 1503 4964 ἀνεκίνει
1528 4913 1584 4962 ἐν
1612 4914 1724 4972 τοῖς
1752 4911 1902 4963 Ἀνα-

329 5009 490 5078 τολῆς
519 5010 724 5072 τόποις,
751 5007 826 5068 ὡς
854 5006 947 5058 καὶ
977 5003 1204 5066 πολλοὺς
1229 5002 1321 5056 τοῦ
1347 5003 1584 5072 Χριστοῦ
1621 5002 1902 5070 μάρτυρας

326 5100 714 5170 ἀναδειχθῆναι
751 5101 807 5152 ὲν
835 5097 1108 5164 διαφόροις
1147 5095 1352 5156 τόποις,
1399 5095 1462 5146 ἐκ
1495 5091 1558 5163 δὴ
1595 5093 1786 5144 τούτου
1821 5092 1902 5154 είς

323 5192 626 5262 ἀπέχθειαν
681 5190 782 5260 τὴν
831 5189 968 5258 πρὸς
1019 5187 1182 5240 αὐτὸν
1235 5185 1498 5256 μεγίστην
1551 5184 1640 5236 τὸν
1677 5183 1902 5252 βασιλέα

324 5286 740 5342 Κωνσταντῖνον
790 5281 1062 5348 ἐκίνησεν.
1095 5275 1277 5330 Ἦσαν
1331 5277 1388 5330 δὲ
1445 5277 1584 5348 πρὸς
1637 5276 1900 5346 ἀλλήλους

321 5377 600 5444 πολέμιοι.
626 5373 810 5425 Ταῦτα
840 5371 936 5440 μὲν
965 5363 1139 5432 οὗτος.
1190 5369 1253 5422 Οἱ
1287 5369 1342 5421 δὲ
1397 5367 1592 5429 λοιποὶ,
1641 5368 1754 5420 ὅσοι
1801 5369 1901 5436 τῆς

322 5467 591 5522 Εὐσεϐίου
639 5465 733 5517 τοῦ
791 5461 1076 5530 Παμφίλου
1131 5460 1387 5532 ἀληθείας
1451 5461 1772 5530 συνήγοροι,
1829 5460 1908 5512 δι-

335 5557 573 5620 ελόντες,
611 5559 799 5622 φασὶν,
854 5555 1020 5622 ἄμφω
1070 5551 1168 5622 τὴν
1211 5553 1493 5622 στρατιὰν,
1539 5551 1720 5622 πατὴρ
1753 5553 1908 5604 Κων-

338 5650 620 5707 σταντῖνος
683 5643 962 5714 βασιλεὺς,
1015 5643 1107 5696 καὶ
1157 5642 1270 5704 υίὸς
1327 5643 1572 5712 Κρίσπος
1619 5642 1908 5712 βασιλεὺς,

2015 3372 2304 3427 salutarem
2335 3370 2584 3424 dextram
2609 3367 2859 3422 erunibus
2885 3369 3236 3437 pereuntibus
3256 3371 3540 3440 porrigens
3563 3389 3586 3426 ι

2014 3475 2168 3535 pater
2199 3463 2362 3518 simul
2387 3476 2450 3514 ac
2472 3461 2637 3523 titius,
2662 3459 2774 3514 Deo
2803 3459 2965 3514 Patre
2993 3473 3172 3514 rerum
3203 3459 3586 3516 universarum

2017 3566 2246 3617 rectore,
2296 3563 2350 3607 et
2377 3551 2597 3608 Christo
2627 3551 2762 3607 Filio
2795 3553 3034 3607 omnium
3086 3553 3390 3620 Salvatore,
3443 3554 3583 3610 duco

2013 3659 2064 3703 et
2091 3647 2419 3710 auxiliatore
2450 3654 2684 3708 utentes,
2731 3645 2970 3712 undique
3020 3646 3136 3700 acie
3163 3657 3354 3700 contra
3390 3645 3588 3714 impios

2014 3735 2360 3803 circumiecta
2393 3747 2449 3790 et
2482 3737 2768 3804 disposita,
2821 3736 3130 3806 perfacilem
3175 3749 3450 3806 reportant
3505 3739 3586 3792 vi-

2013 3828 2260 3890 ctoriam,
2297 3841 2417 3880 cum
2465 3829 2643 3881 omnia
2677 3827 2728 3880 in
2755 3843 2821 3881 eo
2847 3827 3101 3882 coallictu
3135 3843 3198 3882 ex
3246 3829 3409 3882 animi
3459 3844 3582 3882 sen-

2015 3919 2180 3972 tentia
2212 3918 2340 3986 ipsis
2366 3919 2701 3987 complanata
2740 3928 2921 3972 essent
2948 3919 3016 3972 ab
3069 3919 3307 3972 omnium
3353 3920 3586 3988 impera-

2016 4013 2130 4059 tore
2168 4005 2297 4071 Deo,
2331 4015 2386 4058 ut
2409 4016 2642 4060 testatur
2675 4006 2922 4060 veritatis
2951 4007 3380 4063 studiosissimus
3411 4009 3585 4064 Euse-

2017 4093 2138 4149 bius
2166 4095 2504 4150 celeberrimi
2542 4094 2830 4164 Pamphili.
2870 4095 3113 4151 Bullinus
3143 4112 3268 4152 vero
3291 4098 3416 4152 licet
3460 4097 3583 4152 nul-

2014 4185 2119 4240 lam
2151 4186 2262 4240 fere
2291 4195 2500 4254 partem
2531 4203 2710 4242 rerum
2741 4203 2770 4241 a
2797 4187 3312 4260 Liciniogestarum
3343 4203 3582 4246 comme-

2017 4278 2334 4342 moraverit,
2387 4285 2568 4332 tamen
2632 4277 2774 4333 illius
2833 4278 3051 4334 voculas
3107 4279 3254 4334 velut
3311 4281 3364 4335 in
3413 4297 3580 4334 unum

2012 4382 2213 4436 corpus
2247 4367 2526 4436 colligens,
2572 4369 2698 4422 buic
2729 4368 3121 4423 commentario
3174 4369 3430 4424 inseram.
3491 4369 3582 4426 Sie

2017 4461 2192 4528 inquit
2216 4459 2347 4514 ille:
2380 4459 2622 4514 Licinius
2655 4461 2746 4530 qui
2773 4476 2880 4514 una
2909 4475 3030 4516 cum
3059 4459 3416 4516 Constantino
3474 4462 3580 4514 im-

1938 4591 1982 4646 D
2014 4563 2264 4620 peratore
2305 4551 2584 4622 regnabat,
2629 4552 2910 4622 gentilium
2939 4553 3283 4622 opinionibus
3319 4555 3577 4619 imbutus,

2010 4645 2189 4698 odisse
2222 4645 2388 4713 erepit
2417 4644 2754 4700 Christianos
2781 4663 2794 4700 :
2827 4647 2921 4700 sed
2948 4643 3363 4700 Constantinum
3405 4647 3573 4714 impe-

2013 4745 2246 4790 ratorem
2284 4735 2511 4796 veritus,
2559 4751 2682 4789 cum
2719 4744 2906 4804 aperte
2929 4749 3022 4788 eos
3045 4749 3244 4788 vexare
3273 4751 3376 4788 non
3407 4736 3574 4788 aude-

2010 4835 2116 4888 ret,
2145 4825 2339 4879 mnltos
2361 4825 2588 4879 occultis
2621 4825 2831 4880 insidiis
2857 4825 3155 4894 perimebat
3179 4843 3194 4878 :
3229 4826 3420 4878 deinde
3447 4840 3577 4892 pro-

2009 4915 2289 4983 grediente
2321 4927 2562 4983 tempore
2593 4914 2766 4984 palam
2801 4929 2989 4968 omnes
3039 4915 3090 4968 in
3138 4914 3374 4968 Orientis
3407 4916 3574 4983 parti-

2010 5009 2110 5060 bus
2161 5005 2608 5074 persequebatur,
2637 5007 2715 5060 sic
2751 5015 2808 5059 ut
2851 5007 3032 5074 plures
3075 5005 3272 5059 Christi
3309 5013 3578 5074 martyres

2008 5097 2062 5150 in
2117 5097 2342 5150 diversis
2395 5096 2528 5151 locis
2575 5099 3012 5151 ostenderentur.
3067 5095 3143 5151 Ex
3205 5113 3270 5152 eo
3330 5104 3574 5163 tempore

2010 5189 2301 5242 maximum
2331 5187 2410 5240 sui
2435 5189 2616 5242 odium
2643 5186 3006 5242 Constantino
3031 5188 3310 5252 excitarit,
3338 5186 3574 5254 factique

2006 5286 2132 5329 sunt
2163 5278 2345 5328 hostes
2375 5275 2474 5328 sibi
2509 5275 2738 5328 invicem
2771 5275 2989 5329 infensi.
3026 5275 3150 5329 llmc
3195 5275 3410 5342 quidem
3458 5274 3572 5328 ille.

2003 5365 2102 5430 Qui
2137 5379 2262 5418 vero
2309 5363 2525 5420 Eusebii
2558 5364 2772 5419 veritati
2819 5366 3094 5419 adiuercre
3146 5365 3384 5431 tnalunt,
3423 5366 3574 5418 aiunt

2006 5458 2361 5527 imperatores
2387 5457 2594 5520 ambos,
2647 5465 2854 5525 patrem
2901 5457 3315 5510 Constantinum
3367 5457 3568 5510 ctCri-

2008 5564 2160 5618 sporn
2194 5548 2380 5612 filium,
2411 5547 2583 5602 diviso
2615 5549 2854 5602 exercitu
2895 5557 3082 5600 contra
3118 5549 3339 5615 impium
3375 5556 3564 5616 tyr:m-

2013 5655 2136 5692 num
2169 5639 2460 5707 profectos,
2487 5638 2732 5708 Crispum
2765 5638 2974 5706 quidem
3025 5637 3188 5692 filium
3232 5653 3353 5692 cum
3401 5636 3570 5706 copiis
