4042 6142
449 241 583 303 1219

1732 245 1923 306 GELA
1933 246 2034 305 Sil
2077 245 2419 306 CYZICENI

3498 238 3502 241 ’
3565 240 3703 303 19.7.0

447 375 562 413 suis
612 358 662 411 in
719 358 906 413 Asiam
953 358 1055 413 iter
1106 358 1422 422 intendisse,
1463 365 1670 427 patrem
1708 373 1837 413 vero
1889 375 2009 413 cum

2118 360 2258 412 κατὰ
2282 359 2377 410 τοῦ
2402 354 2634 417 ἀσεϐοῦς
2656 356 2923 427 τυράννου
2958 355 3234 426 ὥρμηντο.
3263 353 3322 407 '0
3347 352 3445 423 μὲν
3474 348 3568 407 οῦν
3589 356 3706 419 ait;

447 452 769 506 satellitibus
802 453 913 503 suis
945 466 1038 519 per
1067 452 1334 521 Europam
1376 452 1516 505 viam
1547 450 1875 508 confecisse.
1909 451 2014 505 lm-

448 557 616 611 purus
654 557 781 596 vero
813 543 899 596 ille
925 549 1204 611 tyrannus,
1238 544 1384 595 omni
1416 543 1691 610 impietate
1726 545 1931 611 pariter
1963 553 2017 596 et

447 632 592 685 cmde
628 631 878 700 pollutus,
924 645 990 684 ex
1042 632 1260 685 Oriente
1302 632 1600 684 exercitum
1660 645 2008 684 numerosum

449 723 651 774 ducens
700 729 885 774 contra
916 734 1029 784 eos,
1060 728 1113 772 et
1147 734 1336 789 magna
1367 720 1602 787 spirans,
1650 720 2015 775 Nicomediam

448 810 593 862 venit
621 825 635 861 :
688 820 741 863 et
772 824 895 862 cum
964 809 1132 878 probe
1167 811 1333 862 sciret
1379 810 1524 878 pium
1551 809 1842 878 principem
1872 808 2014 863 Con-

446 899 740 953 stantinum
781 900 870 953 Dei
926 901 1236 955 sacerdotes
1275 914 1468 968 magna
1518 901 1862 955 observantia
1921 914 2015 966 (ιο-τ

448 989 576 1051 lere,
605 999 660 1041 et
686 1004 899 1042 summo
927 989 979 1043 in
1013 990 1218 1044 honore
1279 989 1481 1044 habere
1527 988 1814 1046 Eusebium
1848 987 2014 1044 Nico-

446 1080 632 1133 media:
667 1080 1002 1148 episc0pum,
1064 1081 1153 1149 qui
1199 1081 1312 1148 jam
1361 1090 1520 1136 antea
1574 1082 1718 1136 illius
1768 1082 2016 1150 partibus

447 1159 767 1230 ad'lueserat,
800 1181 984 1224 contra
1009 1170 1316 1240 religiosum
1364 1172 1743 1240 imperatorem
1772 1171 2017 1226 mercede

449 1260 722 1325 conducit,
771 1261 1096 1316 existimans
1148 1276 1243 1331 per
1293 1263 1441 1316 illum
1498 1272 1554 1317 et
1597 1263 1741 1317 illius
1788 1263 2012 1329 socios;

444 1353 856 1408 Constantinum
916 1353 1428 1420 inexpugnabilibus
1486 1354 1576 1408 Dei
1628 1355 1793 1408 armis
1841 1356 2018 1408 muni-

447 1454 560 1497 tum
595 1459 625 1497 e
657 1444 834 1498 ntedio
866 1444 1068 1498 tollere.
1116 1444 1439 1499 Societatetn
1467 1459 1595 1516 ergo
1638 1461 1761 1499 cum
1809 1444 2019 1503 Licinio

445 1535 539 1588 init
580 1534 929 1589 admirandus
971 1534 1061 1589 ille
1088 1534 1386 1601 Eusebius,
1414 1536 1596 1590 multis
1653 1536 2018 1604 promissioni.

446 1628 543 1681 bus
590 1628 656 1681 ab
696 1627 984 1695 impietatis
1036 1629 1183 1681 socio
1248 1628 1517 1683 inductus.
1554 1629 1729 1698 Atque
1776 1630 1890 1683 haec
1942 1630 2013 1683 ita

2118 452 2368 522 Κρίσπος
2399 452 2492 503 ἐπὶ
2525 451 2595 502 τὰ
2625 450 2765 503 κατὰ
2811 451 2909 517 τὴν
2954 450 3139 501 Ἀσίαν
3178 449 3320 518 μέρη
3348 448 3445 500 σὺν
3484 449 3550 517 τῇ
3603 448 3705 499 αὐ·-

2072 577 2077 581 ς
2116 542 2210 594 τοῦ
2245 541 2476 612 στρατιᾷ
2515 539 2613 610 τὴν
2659 539 2882 612 πορείαν
2908 538 3264 607 ποιούμενος·
3326 540 3354 589 ὁ
3405 536 3463 589 δὲ
3520 536 3704 606 πατὴρ

2121 634 2530 694 Κωνσταντίνος
2569 630 2712 685 κατὰ
2755 630 2857 698 τῆς
2902 628 3171 698 Εὐρώπης
3222 629 3336 690 τοῖς
3366 626 3507 695 ἀμφ’
3538 625 3704 678 αὑτὸν

2116 724 2446 796 δορυφόροις
2499 721 2596 793 τὴν
2642 723 2760 776 ὁδὸν
2807 723 3047 791 διήνυεν.
3094 722 3151 773 '0
3206 720 3262 773 δὲ
3311 719 3703 790 μισόθεος,καὶ

2118 815 2299 884 πάσης
2324 815 2579 877 ἀσεϐείας
2609 815 2704 866 καὶ
2739 812 3052 883 μιαιφονίας
3083 810 3340 880 ἐμπλεος,
3381 810 3440 876 ἐξ
3475 810 3702 862 Ἀνατοο

2117 905 2223 958 λῶν
2254 905 2396 975 μετὰ
2427 904 2687 957 πλείστου
2718 906 2844 958 ὅσου
2885 902 3117 971 στρατοῦ
3155 903 3277 959 κατ’
3306 901 3488 954 αὐτῶν
3521 918 3704 969 παρα-

2117 996 2468 1065 ταττόμενος,
2510 995 2608 1048 καὶ
2632 994 2992 1065 μεγαλαυχῶν
3023 994 3255 1063 ήρχετο·
3290 991 3502 1059 φθάσας
3541 991 3598 1043 δὲ
3644 993 3706 1044 ἐν

2117 1089 2182 1156 τῇ
2211 1085 2567 1155 Νικομηδέων
2588 1125 2603 1149 ,
2636 1084 2891 1152 ἐγνωκὼς
2932 1084 3026 1136 καὶ
3064 1082 3221 1145 εἰδὼς
3252 1081 3353 1153 τὴν
3389 1081 3485 1134 τοῦ
3514 1080 3707 1150 θεοφι-

2116 1176 2242 1239 λοῦς
2283 1176 2699 1231 Κωνσταντίνου
2728 1175 2904 1249 ψυχὴν
2952 1174 3219 1232 σέϐουσαν
3258 1174 3386 1236 τοὺς
3436 1171 3530 1225 τοῦ
3567 1170 3707 1224 Θεοῦ

2122 1270 2311 1340 ίερεῖς,
2350 1269 2445 1321 καὶ
2476 1269 2557 1321 ὅτι
2579 1268 2667 1321 διά
2702 1269 2881 1337 πάσης
2902 1267 3025 1335 ἄγοι
3055 1267 3242 1337 τιμῆς,
3289 1265 3595 1335 μισθοδοτεί
3612 1266 3707 1319 τὸν

2116 1361 2220 1425 τῆς
2252 1360 2608 1430 Νικομηδέων
2658 1360 2955 1414 ἐπίσκοπον
3002 1357 3285 1420 Εὑσέϐιον,
3338 1357 3504 1411 πάλαι
3534 1357 3710 1425 πρόσο

2120 1469 2267 1521 φυγα
2334 1451 2500 1507 αὑτοῦ
2550 1452 2713 1516 ὄντα,
2772 1450 2915 1504 κατὰ
2968 1449 3063 1503 τοῦ
3129 1448 3388 1511 εὐσεϐοῦς
3436 1446 3708 1517 βασιλέως

2119 1544 2552 1609 Κωνσταντίνου,
2595 1544 2844 1612 οἰόμενος
2873 1541 2939 1597 δι’
2965 1540 3131 1594 αὑτοῦ
3164 1542 3257 1593 καὶ
3294 1540 3402 1592 τῶν
3434 1540 3574 1608 ἀμφ’
3613 1541 3708 1592 αὖα

2118 1634 2210 1687 τὸν
2238 1634 2448 1687 ἀνελεῖν
2478 1634 2569 1687 τὸν
2598 1636 2711 1696 τοῖς
2741 1631 2833 1685 τοῦ
2858 1632 2993 1684 Θεοῦ
3012 1630 3399 1701 πεφραγμένον
3416 1629 3709 1697 άκαταμαο

441 1732 501 1770 se
536 1717 850 1781 habere,“
913 1717 1078 1786 ipsius
1132 1717 1331 1773 Clu-isti
1389 1719 1624 1773 amantis
1684 1718 2014 1785 imperatoris

2133 1728 2314 1797 χήτοις
2339 1726 2524 1788 ὅπλοις
2565 1725 2996 1778 Κωνσταντῖνον.
3029 1722 3343 1777 Συντίθεται
3371 1715 3465 1773 οὖν
3499 1719 3651 1788 αὑτῷ
3677 1720 3707 1770 ὁ

441 1808 686 1873 epistola,
716 1821 875 1877 quam
930 1808 996 1860 ad
1045 1805 1484 1862 Nicomedienses
1543 1807 1732 1872 misit,
1770 1823 2019 1877 comper—

444 1909 555 1950 tum
614 1913 734 1953 esse
782 1906 982 1966 potest.
1023 1897 1115 1953 Sic
1163 1898 1303 1951 enim
1346 1882 1541 1952 iuliae
1589 1897 1736 1954 illius
1784 1900 2024 1968 epistola:

440 1988 608 2058 ait”)
638 2005 653 2042 :

2129 1817 2442 1887 θαυμαστὸς
2475 1817 2757 1880 Εὐσέϐιος,
2789 1815 3146 1883 ἐπαγγελίαις
3194 1812 3524 1884 λιπαρηθεὶς
3553 1812 3706 1881 παρὰ

2128 1907 2222 1965 τοῦ
2266 1908 2596 1972 συνασεϐοῦς
2637 1907 2803 1962 αὐτοῦ
2862 1907 3130 1962 Λικινίου.
3169 1906 3292 1960 Ὅτι
3325 1904 3499 1958 ταῦτα
3532 1902 3713 1971 οὕτως,

2130 1995 2258 2067 ἔχει.
2294 1998 2353 2064 ἐξ
2384 1999 2554 2067 αὐτῆς
2595 1996 2690 2053 τοῦ
2722 1996 3067 2066 φιλοχρίστου
3105 1994 3368 2065 βασιλέως
3417 1992 3707 2060 ἐπιστολῆς

440 2084 615 2141 ἔνεστι
669 2081 1177 2156 πληροφορηθῆναι,
1242 2077 1310 2153 ἧς
1377 2084 1490 2148 τοῖς
1553 2082 1956 2155 Νικομηδεῦσιν
2027 2088 2359 2156 ἐπέστειλεν,
2407 2085 2512 2149 ὧδέ
2561 2108 2677 2154 πως
2729 2091 2902 2159 λέγων
2947 2088 3085 2160 πρὸς
3136 2088 3214 2160 τῷ
3259 2087 3401 2144 τέλει
3452 2086 3554 2156 τῆς
3583 2086 3706 2137 ἐπιο

441 2175 634 2244 στολῆς
655 2190 670 2205 ο

511 2268 642 2333 Quis
680 2266 1023 2322 innocentem
1060 2264 1454 2320 multitudinem
1489 2263 1594 2319 ista
1628 2265 1854 2320 docuit?
1906 2266 2015 2319 Eu.

440 2360 621 2414 ecbius
657 2359 907 2414 videlicet
939 2359 1235 2429 tyrannica:
1269 2358 1604 2415 crudelitatis
1633 2360 1834 2419 socius.
1880 2359 2014 2415 Nam

440 2451 581 2517 quod
628 2448 922 2503 excubaret
967 2456 1021 2503 et
1052 2449 1275 2501 omnino
1324 2446 1570 2513 vigilaret
1617 2462 1713 2518 pro
1764 2458 2011 2520 tyranno,

440 2555 508 2593 ex
545 2539 731 2593 multis
768 2538 912 2593 illius
943 2539 1106 2595 rebus
1134 2536 1300 2606 gestis
1335 2534 1494 2591 facile
1549 2547 1730 2606 potest
1765 2539 2011 2608 intelligi.

441 2632 717 2699 Siquidem
749 2628 890 2684 istud
920 2629 1316 2698 episcoporum,
1367 2642 1663 2698 eorumque
1722 2644 1848 2685 vere
1900 2631 2017 2700 epi-

441 2737 724 2792 scoporum
755 2723 927 2775 caedes
953 2730 1212 2775 testantur
1238 2734 1254 2785 ;
1283 2719 1423 2773 istud
1452 2720 1823 2775 crudelissima
1857 2714 2033 2777 Cbri?

440 2815 738 2866 stiauorum
787 2810 1090 2880 persecutio
1133 2810 1309 2879 palam
1359 2810 1575 2865 clamat.
1631 2809 1817 2880 Neque
1874 2820 2021 2865 certe

440 2904 505 2957 de
532 2904 599 2958 iis
644 2917 765 2972 quae
794 2911 983 2956 contra
1016 2916 1102 2956 me
1145 2903 1273 2971 egit,
1301 2903 1410 2958 hoc
1458 2901 1580 2957 loco
1606 2902 1770 2957 verba
1801 2903 2019 2967 faciam,

2193 2267 2288 2330 Τίς
2319 2267 2471 2319 ἐστιν
2502 2267 2530 2319 ὁ
2563 2262 2738 2318 ταῦτα
2779 2262 3000 2326 διδάξας
3026 2258 3198 2324 οὕτως
3231 2260 3438 2315 ἄκακον
3468 2260 3701 2332 πλῆθοςς

2126 2359 2384 2422 Εὐσέϐιος
2427 2357 2628 2428 δηλαλὴ
2669 2359 2697 2410 ὁ
2733 2357 2833 2426 τῆς
2872 2354 3207 2425 τυραννικῆς
3245 2353 3529 2423 ὠμότητος
3563 2372 3702 2425 συμ.

2126 2451 2355 2522 μύστης.
2381 2448 2508 2502 Ὅτι
2537 2447 2648 2515 γὰρ
2677 2436 2951 2516 πανταχοῦ
2973 2442 3068 2502 τοῦ
3101 2442 3367 2513 τυράννου
3409 2443 3701 2513 γεγένηται

2121 2540 2463 2612 προσφύλαξ,
2495 2535 2826 2606 πολλαχόθεν
2857 2536 2974 2588 ἐστι
3019 2534 3270 2603 συνορᾷν.
3304 2531 3478 2586 Τοῦτο
3507 2534 3608 2604 μὲν
3647 2538 3703 2591 at

2120 2631 2227 2685 τῶν
2272 2630 2586 2684 ἐπισκόπων
2628 2627 2835 2698 σφαγαὶ
2868 2624 3355 2695 διαμαρτύρονται,
3410 2624 3551 2678 ἀλλά
3597 2627 3704 2682 τῶν

2117 2720 2332 2791 ἀληθῶς
2387 2718 2740 2772 ἐπισκόπωνο
2789 2716 2948 2769 τοῦτο
2993 2715 3050 2768 δὲ
3097 2717 3130 2785 ἡ
3175 2715 3539 2786 χαλεπωτάτη
3597 2719 3704 2772 τῶν

2121 2808 2464 2882 Χριστιανῶν
2493 2808 2740 2872 ἐκδίωξις
2768 2805 3065 2881 διαρρήδην
3097 2804 3215 2875 βοᾷ.
3259 2806 3428 2860 Οὐδὲν
3458 2806 3569 2879 γάρ
3598 2809 3705 2862 τῶν

2123 2904 2200 2964 είς
2234 2900 2334 2971 ἐμὲ
2363 2899 2750 2970 γεγενημένων
2778 2897 2910 2968 παρ’
2938 2896 3102 2951 αὐτοῦ
3133 2895 3230 2949 νῦν
3262 2896 3394 2967 ἐρῶ,
3426 2897 3499 2951 δι’
3519 2892 3598 2953 ὧν
3622 2899 3702 2952 ὅτι

439 3007 538 3064 per
607 3005 729 3060 qum
802 2990 1234 3044 adversariorum
1306 2999 1492 3045 contra
1562 3004 1648 3046 me
1721 3006 2014 3047 concursus

2128 2992 2362 3061 μάλιστα
2409 2989 2601 3047 αἰτῶν
2635 2988 2894 3042 ἐναντίων
2931 2987 3135 3058 μερῶν⁶
3158 2986 3282 3040 καθ’
3327 2987 3490 3058 ἡμῶν
3533 2990 3703 3060 ἐπρα.

440 3093 700 3152 quautttm
736 3081 853 3135 fieri
903 3089 1116 3149 poterat
1162 3080 1399 3134 maxime
1447 3082 1896 3150 procurabantur,
1924 3083 2013 3151 qui

441 3175 615 3230 oculis
685 3184 938 3242 tauquam
1004 3171 1428 3239 speculatoribus
1486 3184 1575 3226 me
1635 3173 1941 3229 observavit
1995 3191 2011 3228 :

439 3266 566 3333 quin
599 3264 761 3318 etiam
795 3262 1099 3317 ministerio
1131 3275 1298 3331 prope
1345 3261 1592 3327 militari,
1644 3277 1751 3330 quo
1785 3271 2015 3332 tyranno

438 3372 594 3425 opum
646 3357 830 3420 ferret,
889 3353 1218 3422 perfunctus.
1255 3362 1360 3408 est.
1415 3353 1493 3408 Ac
1532 3367 1690 3408 nemo
1740 3355 2016 3411 existimet

440 3462 526 3501 nte
573 3446 916 3513 imparatum,
972 3443 1255 3511 minusque
1294 3443 1620 3499 instructum
1674 3460 1796 3501 esse
1849 3447 2013 3501 etiam

439 3535 507 3589 nd
543 3534 674 3588 istas
703 3547 809 3596 res,
845 3532 893 3585 si
931 3546 1068 3601 epus
1100 3530 1279 3594 fuerit,
1317 3533 1641 3587 certissimis
1681 3536 2014 3604 argumentis

440 3624 875 3689 eontirmandas;
927 3604 1206 3677 ve'rissime
1236 3623 1378 3677 enim
1407 3623 1621 3678 ostendi
1678 3632 1871 3693 potest,
1901 3635 2011 3679 tum

441 3714 807 3784 presbyteros,
841 3723 952 3767 tum
1004 3714 1264 3769 diaconos
1299 3728 1327 3766 a
1364 3728 1450 3767 me
1485 3713 1778 3769 manifesto
1812 3713 2009 3785 depre-

442 3808 658 3872 ltcusos,
690 3805 780 3873 qui
815 3805 1101 3859 Eusebium
1135 3805 1355 3859 assidue
1404 3804 1698 3873 stipabant.
1749 3806 1854 3860 Sed
1899 3807 2013 3861 haec

442 3913 548 3955 non
581 3910 646 3949 eo
692 3895 947 3948 dicuntur
976 3910 1003 3950 a
1042 3908 1147 3953 me.
1206 3894 1351 3962 quod
1407 3894 1521 3963 ipse
1567 3908 1629 3948 ea
1679 3895 1916 3963 graviter
1959 3905 2013 3952 et

441 3987 625 4056 iniquo
654 3986 837 4039 animo
866 3983 1058 4049 feram,
1096 3983 1188 4037 sed
1225 3999 1329 4052 quo
1360 3998 1453 4038 eos
1486 3998 1597 4038 sua:
1640 3984 1874 4054 ipsorum
1913 4001 2011 4054 pu-

432 4081 566 4146 deat
598 4076 839 4129 insaniat.
869 4074 999 4129 Illud
1029 4073 1204 4127 solum
1241 4083 1439 4135 metuo,
1472 4074 1594 4127 illud
1623 4075 1802 4129 animo
1832 4088 2009 4136 verso,

441 4167 583 4236 quod
619 4180 715 4219 vos
751 4166 905 4219 video
964 4166 1014 4218 in
1066 4162 1225 4232 hujus
1271 4164 1514 4221 criminis
1549 4163 1863 4218 societatem
1918 4177 2013 4215 vo-

440 4259 598 4315 cari:
654 4272 780 4312 nam
830 4256 1170 4311 institutione
1207 4254 1425 4312 Eusebii
1468 4263 1524 4309 et
1575 4255 2007 4315 conversatione,

2123 3082 2460 3152 γματεύοντο
2489 3078 2786 3150 συνδρομαί
2808 3095 2822 3108 ·
2867 3073 3022 3142 οὗτος
3052 3079 3146 3132 καὶ
3176 3078 3497 3149 ὀφθαλμοὺς
3536 3097 3707 3135 κατα-ρ

2125 3173 2360 3237 σκόπους
2398 3172 2613 3242 ἔπεμπε
2647 3173 2767 3225 κατ’
2800 3170 2958 3241 ἐμοῦ,
2990 3170 3086 3224 καὶ
3119 3170 3283 3239 μόνον
3319 3172 3419 3225 οὐκ
3443 3173 3706 3235 ἐνόπλους

2120 3263 2200 3334 τῷ
2223 3262 2471 3334 τυράννῳ
2516 3262 2898 3331 συνεισέφερεν
2926 3260 3252 3330 ὑπουργίας.
3298 3262 3438 3331 Μηδ’
3473 3263 3577 3331 ἐμέ
3621 3280 3707 3325 τις

2121 3355 2314 3411 οἰέσθω
2368 3350 2509 3409 εἶναι
2565 3354 2704 3422 πρὸς
2760 3355 2860 3422 τὴν
2916 3350 3123 3405 τούτων
3166 3351 3438 3414 ἀπόδειξιν
3473 3353 3703 3422 ἀπαρά.

2123 3463 2348 3501 σκευον·
2381 3445 2601 3515 ἐλεγχος
2642 3443 2752 3512 γάρ
2786 3445 2934 3496 ἐστιν
2975 3440 3232 3514 ἀκριϐὴς,
3271 3442 3350 3494 ὅτι
3400 3441 3526 3504 τοὺς
3556 3458 3701 3511 πρε⁴

2122 3538 2418 3609 σϐυτέρους
2445 3536 2687 3597 καὶτοὺς
2717 3535 2997 3595 διακόνους
3044 3534 3172 3596 τοὺς
3220 3531 3458 3601 Εὐσεϐίῳ
3518 3548 3705 3604 παραι-

2121 3628 2507 3699 πεμπομένους
2532 3623 2996 3698 [παρεπομένους]
3024 3624 3277 3693 φανερῶς
3301 3624 3389 3676 ὑπ’
3407 3622 3543 3693 ἐμοῦ
3574 3639 3707 3676 συνο

2118 3719 2393 3790 ειλῆφθαι,
2440 3718 2768 3787 συνέστηκεν
2817 3713 3236 3786 [παρέστηκεν].
3317 3715 3485 3769 Ἀλλὰ
3529 3715 3706 3769 ταῦτα

2123 3813 2223 3883 μὲν
2254 3810 2384 3880 παρ’
2414 3809 2573 3880 ἡμῶν
2606 3808 2701 3861 νῦν
2735 3809 2835 3860 οὐκ
2876 3806 3309 3876 ἀγανακτήσεως
3346 3806 3556 3871 ἐνεκεν,
3588 3807 3710 3859 ἀλλ’

2119 3906 2199 3966 εἰς
2250 3903 2513 3971 αἰσχύνην
2561 3899 2782 3952 ἐκείνων
2825 3900 3241 3971 προενήνεκται.
3287 3897 3498 3949 Ἐκεῖνο
3548 3898 3707 3966 μόνον

2120 3995 2288 4053 δέδια,
2322 3970 2500 4043 ἐκεῖνο
2530 3986 2930 4056 διαλογίζομαι,
2973 3970 3055 4039 ὅτι
3105 3985 3250 4054 ὑμᾶς
3278 3983 3390 4055 ὁρῶ
3441 3983 3579 4053 πρὸς
3609 3983 3706 4051 τὴν

2118 4082 2213 4136 τοῦ
2267 4082 2611 4150 ἐγκλήματος
2640 4077 2926 4131 καλεῖσθαι
2974 4075 3254 4129 κοινωνίαν
3280 4090 3297 4106 ο
3347 4073 3438 4126 διὰ
3467 4073 3577 4143 γάρ
3611 4076 3706 4142 τῆς

2121 4173 2385 4226 Εὐσεϐίου
2441 4169 2717 4238 διαγωγῆς
2748 4184 2806 4220 τε
2855 4169 2952 4221 καὶ
2999 4165 3355 4236 διαστροφῆς,
3403 4164 3708 4233 συνείδησιν

2122 4263 2540 4334 κεχωρισμένην
2570 4263 2666 4330 τῆς
2694 4258 2952 4328 ἀληθείας
2987 4258 3265 4327 εἰλήφατε.
3311 4255 3455 4309 amr
3477 4256 3627 4308 ἔστιν
3646 4255 3704 4307 οὐ

439 4349 768 4404 conscientia
802 4359 979 4401 vestra
1009 4364 1036 4398 ιι
1072 4346 1301 4399 veritate
1330 4345 1566 4402 deﬂexit.
1608 4343 1807 4398 Verum
1858 4345 2014 4411 hujus

2122 4356 2344 4427 βραδεῖα
2376 4353 2662 4425 θεραπεία,
2686 4353 2800 4419 εἴγε
2827 4351 3124 4404 ἐπίσκοπον
3155 4349 3348 4401 πιστόν
3376 4363 3437 4400 τε
3460 4347 3558 4400 κδ’ιή⁵
3586 4346 3707 4398 εικέ-

440 4441 517 4493 rci
552 4439 801 4507 expedita
833 4447 917 4493 est
947 4448 1002 4492 et
1035 4435 1211 4490 facilis
1238 4438 1470 4500 curatio,
1525 4436 1568 4489 si
1619 4437 1776 4490 modo
1804 4436 2015 4505 cpisco-

440 4546 565 4600 pum
622 4530 828 4583 fidelem
871 4537 926 4582 et
962 4528 1229 4598 integrum
1284 4527 1446 4587 nacti,
1503 4526 1690 4588 oculos
1742 4528 1809 4579 ad
1849 4527 2012 4580 Deum

438 4624 616 4675 denuo
647 4619 1050 4675 converteritis.
1095 4618 1245 4684 Quod
1281 4618 1496 4685 quidem
1532 4618 1583 4670 in
1620 4620 1905 4686 praesentia
1934 4627 2018 4672 est

440 4712 491 4764 in
524 4723 700 4766 vestra
731 4712 895 4764 situm
955 4719 1246 4778 potestate,
1297 4709 1549 4776 quodque
1598 4709 1760 4762 etiam
1810 4707 2013 4762 dudum

440 4805 603 4856 vestri
636 4803 846 4856 arbitrii
875 4801 1094 4867 fuisset,
1143 4800 1245 4854 nisi
1287 4800 1551 4855 Eusebius
1606 4799 1745 4868 ipse,
1797 4800 1865 4854 de
1908 4815 2016 4868 quo

439 4894 570 4955 dixi,
604 4906 769 4960 pravo
811 4907 998 4945 eorum
1050 4893 1140 4959 qui
1180 4906 1303 4946 eum
1336 4892 1592 4960 juverunt
1641 4891 1868 4946 consilio
1913 4892 2016 4946 huc

439 4998 681 5052 prsesens
718 4982 938 5044 ruisset,
971 4990 1025 5034 et
1059 4992 1266 5034 rectum
1302 4981 1529 5051 eligendi
1565 4983 1808 5036 ordinem
1842 4982 2013 5052 impu-

440 5076 633 5127 denter
680 5072 1086 5127 couturbasset.
1150 5071 1256 5125 Sed
1314 5073 1568 5140 quoniam
1625 5074 1752 5127 mihi
1802 5074 1868 5127 de
1918 5075 2017 5127 hoc

441 5166 556 5231 ipso
592 5164 822 5218 Eusebio
866 5178 1031 5232 pauca
1067 5164 1203 5230 apud
1242 5178 1334 5217 vos
1364 5162 1583 5216 dicenda
1621 5173 1766 5227 sunt,
1804 5179 2010 5232 quaeso,

440 5257 668 5309 libenter
712 5256 990 5309 attendite.
1036 5252 1152 5308 Non
1201 5269 1295 5306 vos
1327 5255 1565 5323 praeterit
1596 5256 1885 5309 concilium
1920 5256 2012 5308 Ni-

438 5363 561 5402 caea:
607 5347 965 5410 celebratum,
1004 5348 1091 5401 cui
1128 5348 1261 5415 ipse,
1294 5347 1436 5401 sicut
1484 5349 1831 5402 conscientiae
1880 5365 2011 5402 mea:

440 5455 633 5493 munus
664 5439 985 5507 postulabat.
1022 5439 1240 5493 interfui
1274 5458 1287 5493 :
1342 5455 1447 5492 non
1478 5439 1583 5493 alio
1628 5454 1759 5495 sane
1803 5441 2006 5505 animo,

510 5616 552 5646 ”
572 5617 720 5687 Apud
750 5618 1016 5673 Tltcodor.
1052 5620 1141 5672 ιιι».
1174 5635 1187 5672 t
1226 5618 1361 5670 Hist.
1387 5633 1504 5687 cap.
1535 5618 1627 5674 Ε).οο

2119 4466 2268 4520 ραιον
2295 4447 2390 4500 νῦν
2430 4446 2560 4514 γοῦν
2590 4445 2868 4508 λαϐόντες,
2912 4443 3047 4513 πρὸς
3086 4440 3221 4494 Θεὸν
3250 4440 3505 4509 άπίδητε.
3531 4439 3705 4504 Ὅπερ

2115 4542 2211 4594 ἐπὶ
2241 4539 2335 4592 τοῦ
2379 4539 2646 4609 παρόντος
2677 4541 2733 4590 ὲν
2773 4537 2901 4606 ὑμῖν
2932 4537 3101 4598 ἐστιν,
3138 4533 3166 4585 ὃ
3208 4532 3302 4585 καὶ
3335 4531 3511 4585 πάλαι
3542 4528 3704 4599 ἐχρῆν

2116 4634 2217 4702 τῆς
2250 4631 2524 4698 ὑμετέρας
2578 4628 2812 4697 κρίσεως
2843 4625 3136 4696 ⁴ἠρτῆσθαι,
3169 4625 3219 4676 εί
3270 4623 3346 4690 μὴ
3385 4623 3413 4673 ὁ
3446 4636 3706 4692 προειρη-

2122 4723 2283 4793 μένος
2313 4722 2574 4785 Εὐσέϐιος
2608 4720 2753 4788 δεινῇ
2786 4716 2893 4769 τῶν
2937 4717 3058 4768 τότε
3096 4712 3518 4782 συλλαϐομένων
3558 4709 3705 4777 αὐτῷ

2116 4812 2435 4882 προαιρέσει
2486 4806 2718 4862 ἐνταῦθα
2770 4804 3039 4877 ἐληλύθει,
3089 4804 3183 4857 καὶ
3227 4804 3327 4871 τὴν
3357 4803 3460 4871 τῆς
3499 4800 3704 4864 τάξεως

2113 4903 2381 4971 ὀρθότητα
2410 4899 2779 4967 ἀναισχύντως
2813 4895 3216 4964 συνεπεπράχει
3265 4892 3378 4964 Ιῐσ.
3423 4907 3706 4943 συνετετσ-

2119 4990 2319 5062 ράχει].
2363 4990 2503 5042 Ἀλλ’
2529 4988 2719 5057 ἐπειδὴ
2756 4988 2884 5058 περὶ
2930 4985 3025 5039 τοῦ
3058 4983 3225 5040 αὐτοῦ
3270 4981 3539 5036 Εὐσεϐῑου
3573 4981 3705 5049 πρὸς

2115 5085 2212 5154 τὴν
2244 5082 2518 5151 ὑμετέραν
2569 5079 2788 5148 ἀγάπην
2832 5078 2989 5145 όλίγα
3019 5074 3267 5147 προσῆκε
3315 5073 3549 5142 φράσαι,
3605 5088 3705 5139 μα·

2118 5175 2408 5245 κροθύμως
2441 5170 2730 5224 ἀκούσατε.
2763 5169 3056 5238 Μέμνηται
3086 5168 3119 5234 ἡ
3160 5164 3406 5234 ὑμετέρα
3450 5161 3703 5225 ἀνεξικας

2120 5266 2235 5326 κία,
2278 5264 2368 5315 ἐπὶ
2416 5263 2516 5332 τῆς
2547 5261 2796 5313 Νικαέων
2842 5256 3051 5318 πόλεως
3094 5252 3427 5323 γεγενῆσθαι
3488 5250 3702 5303 σύνοδον

2117 5355 2464 5407 ἐπισκόπων·
2615 5349 2709 5403 καὶ
2747 5349 2908 5410 αὐτὸς
2951 5345 3063 5415 ἐγὼ
3108 5344 3433 5416 πρεπόντως
3488 5345 3558 5412 τῇ
3604 5339 3702 5409 τῆς

2115 5445 2256 5516 ἐμῆς
2304 5444 2657 5505 συνειδήσεως
2703 5439 2930 5511 λατρεία
2986 5437 3271 5509 παρήμην,
3319 5433 3474 5488 οὐδὲν
3516 5433 3703 5500 ἕτερον
