4042 6142
237 273 362 340 1221

1128 275 1498 337 HISTORIA
1539 268 1877 333 CONCILII
1915 266 2220 328 NIC£NL
2259 293 2326 304 -
2364 270 2510 330 LIB.
2553 271 2602 332 Ι.

3363 273 3498 335 1222

3394 317 3499 336 ba“

229 390 574 458 βουλόμενος,
609 388 640 459 ἢ
674 388 926 459 ὁμόνοιαν
955 388 1163 442 ἅπασιν
1185 385 1548 458 ἐργάσασθαι,
1584 385 1679 438 καὶ
1704 381 1810 452 πρδ

1918 394 2080 448 quam
2118 389 2176 432 ut
2226 389 2336 433 tum
2387 381 2728 436 concordiam
2785 383 2926 439 inter
2971 398 3159 438 omnes
3203 387 3501 438 εοιτειὶιιιες-

227 483 448 536 πάντων
478 479 696 549 ἐλέγξαι
729 482 824 533 καὶ
854 480 1255 534 ἀποσείσασθαι
1284 479 1345 532 τὸ
1380 479 1614 548 πρᾶγμα
1641 475 1819 536 τοῦτο,

223 573 252 624 ὃ
291 570 394 642 τὴν
423 570 524 640 μὲν
548 571 724 642 ἀρχὴν
753 569 968 639 εἰλήφει
999 570 1087 623 διὰ
1107 571 1203 640 τῆς
1227 571 1280 622 ’Λ
1293 569 1439 641 ρείου
1466 571 1558 621 τοῦ
1583 565 1824 632 Ἀλεξαν-

223 663 396 733 δρέως
417 663 698 727 ἀπονοίας,
732 663 1132 734 ἰσχυροποιεῖτο
1151 663 1206 716 δὲ
1233 662 1579 734 παραχρῆμα
1608 658 1698 713 διὰ
1721 661 1821 730 τῆς

224 752 490 806 Εὐσεϐίου
541 753 746 805 ἀτόπου
812 771 871 806 τε
921 755 1016 806 καὶ
1067 752 1317 824 ὀλεθρίας
1377 751 1634 822 σπουδῆς.
1678 751 1820 806 Ἀλλ’

226 847 387 909 αὑτὸς
413 837 568 907 οὗτος
597 843 881 909 Εὐσέϐιος,
915 845 1372 916 προσφιλέστατοι
1421 844 1516 897 καὶ
1556 841 1823 913 τιμιώτα-

223 955 328 1002 τοι,
365 935 485 1006 μεθ’
528 935 662 1006 ὅσης
701 933 955 1004 νομίζετε
990 935 1304 1009 συνδρομῆς
1347 935 1442 989 ἆτε
1479 933 1542 1005 δὴ
1573 931 1679 986 ὑπὸ
1721 931 1820 1002 τῆς

227 1027 590 1098 συνειδήσεως
619 1026 792 1098 αὐτῆς
819 1025 1156 1098 ἡττώμενος,
1182 1027 1302 1098 μεθ’
1327 1027 1457 1097 ὅστις
1478 1025 1536 1081 δέ
1555 1025 1820 1095 αἰσχύνης

223 1123 292 1190 τῇ
340 1118 680 1189 πανταχόθεν
719 1118 1062 1193 ἐληλεγμένῃ
1104 1117 1430 1190 ψευδολογίᾳ
1477 1116 1646 1174 αὑτοῦ
1695 1133 1819 1170 συν-

229 1213 435 1278 ίστατο,
491 1210 837 1281 ὑποπέμπων
871 1211 972 1282 μέν
1020 1228 1110 1282 μοι
1166 1211 1458 1282 διαφόρους
1499 1211 1626 1273 τοὺς
1677 1209 1818 1277 ὑπὲρ

228 1304 399 1360 αὑτοῦ
422 1303 732 1368 ἀξιοῦντας,
763 1302 1150 1374 ἐξαιτούμενος
1179 1303 1236 1356 δέ
1267 1303 1399 1374 παρ’
1433 1301 1567 1373 ἐμοῦ
1599 1319 1818 1373 συμμα-

227 1399 353 1466 χίαν
381 1397 525 1461 τινὰ,
553 1395 699 1458 ὅπως
733 1395 810 1466 μὴ
839 1395 932 1448 ἐπὶ
971 1395 1212 1466 τοσούτῳ
1243 1394 1520 1465 ἐλεγχθεὶς
1558 1393 1818 1465 πλημμε-

227 1489 454 1557 λήματι,
491 1486 590 1557 τῆς
621 1485 975 1556 ὑπαρχούσης
1005 1483 1154 1556 αύτῷ
1175 1485 1399 1538 ἐκπέσοι
1425 1484 1628 1555 τιμῆςς
1659 1484 1815 1554 Μάρ-

227 1595 328 1642 τυς
361 1579 479 1632 ἐστί
513 1595 602 1649 μοι
647 1579 853 1632 τούτων
908 1577 1071 1641 αὑτὸς
1121 1580 1150 1632 ὁ
1177 1577 1330 1641 Θεδς,
1371 1577 1426 1640 ὃς
1473 1577 1597 1646 ἐμοί
1625 1593 1685 1629 τε
1721 1575 1815 1630 καὶ

229 1672 358 1740 ὑμῖν
383 1668 703 1738 φιλαγάθως
734 1669 1014 1738 ἐπιμένοι·
1047 1669 1130 1722 ὅτι
1159 1671 1255 1722 καὶ
1285 1669 1385 1740 ἐμὲ
1415 1667 1578 1730 αὑτὸς
1609 1669 1815 1730 ἐκεῖνος

225 1760 489 1824 Εὐσέϐιος
543 1760 872 1832 περιέτρεψε
895 1799 910 1824 ,

225 1849 342 1904 ἀλλ’
377 1851 408 1918 ἡ
443 1848 563 1903 θεία
601 1866 669 1920 με
701 1849 931 1920 πρόνοια
969 1850 1062 1904 ἐπὶ
1096 1849 1196 1921 τὴν
1235 1850 1614 1921 ἀληθεστάτην
1644 1849 1815 1920 αὐτῆς

225 1939 342 1993 ὁδὸν
373 1943 750 2012 ἐπανήγαγενσ
799 1939 825 1993 ὂ
872 1941 966 1994 καὶ
1008 1941 1168 2010 ὑμεῖς
1214 1940 1510 2008 ἐπέγνωτε,
1555 1941 1650 1994 καὶ
1693 1941 1814 1992 ἐπι-

225 2029 524 2096 γνώσεσθε.
585 2031 770 2084 Πάντα
823 2031 919 2100 μὲν
978 2031 1088 2100 γὰρ
1153 2029 1408 2100 ἐπράχθη
1461 2031 1590 2100 παρ’
1647 2030 1812 2085 αὑτοῦ

227 2121 369 2178 τότε,
405 2119 669 2173 Εὑσεὸίου
705 2119 798 2173 τοῦ
831 2121 1048 2174 ἀνοσίου
1083 2120 1252 2188 λέγω,
1287 2119 1467 2183 καθὼς
1497 2121 1658 2185 αὐτὸς
1688 2121 1816 2174 ἐπό-

228 2209 333 2272 θει,
361 2211 468 2262 πᾶν
518 2209 698 2263 ὁτιοῦν
723 2209 892 2265 κακὸν
935 2210 1028 2264 ἐπὶ
1070 2209 1172 2278 τῆς
1210 2209 1375 2262 αὑτοῦ
1403 2208 1642 2273 διανοίας
1674 2211 1813 2264 ἀπο-

227 2302 628 2372 κρυπτόμενος.
675 2301 840 2356 una
870 2301 1084 2374 πρώην,
1122 2303 1209 2354 ἵνα
1239 2301 1308 2358 τὰ
1345 2301 1508 2356 λοιπὰ
1550 2302 1650 2372 τῆς
1690 2304 1815 2356 τού-

228 2411 325 2446 του
361 2396 684 2464 σκαιότητος
711 2395 893 2466 παρῶ,
925 2396 978 2448 τί
1013 2395 1248 2466 μάλιστα
1286 2394 1423 2465 μετὰ
1453 2395 1733 2463 Θεογνίου,
1755 2395 1814 2450 ὃν

225 2485 328 2553 τῆς
369 2485 590 2549 ἀνοσίας
641 2485 805 2539 αὑτοῦ
853 2484 1232 2560 προαιρέσεως
1280 2483 1396 2554 ἔχει
1445 2483 1702 2538 κοινωνὸν
1733 2485 1814 2538 δι·-

225 2580 528 2652 επραξατο,
569 2579 859 2650 ἀκούσατε,
886 2579 1209 2650 παρακαλῶ.
1247 2577 1632 2652 ’Λλεξανδρέας
1661 2579 1814 2644 τινὰς

223 2671 324 2740 τῆς
355 2670 634 2742 ἡμετέρας
663 2669 896 2732 πίστεως
924 2671 1412 2741 ἀναχωρήσαντας,
1435 2669 1674 2723 ἐνταῦθα
1693 2672 1814 2725 ἐκε-

225 2759 510 2815 κελεύκειν
542 2758 942 2828 ἀποσταλῆναι,
971 2759 1158 2831 ἐπειδὴ
1195 2761 1282 2813 διὰ
1313 2761 1412 2830 τῆς
1441 2759 1648 2817 τούτων
1677 2761 1814 2832 ὑπη-

226 2851 441 2923 ρεσίας,
478 2850 743 2920 διχονοίας
765 2851 1020 2922 ἠγείρετο
1045 2851 1273 2922 πυρσός.
1309 2851 1448 2907 Ἀλλ’
1470 2847 1614 2907 οὗτοι
1643 2853 1692 2905 οἱ
1718 2869 1815 2904 κα-

224 2941 306 2996 λοί
344 2957 404 2992 τε
441 2941 535 2993 καὶ
569 2941 766 3010 ἀγαθοὶ
805 2943 1129 3006 ἐπίσκοποι,
1167 2941 1261 3006 οὒς
1293 2941 1504 3014 ἆπαξή
1544 2943 1645 3014 τῆς
1692 2959 1816 2997 συν-

1925 485 2079 536 rem;
2119 479 2230 524 tum
2255 474 2495 526 omnium
2519 474 2756 529 maxime
2784 485 2842 530 ut
2879 479 3229 544 reprimerem
3280 481 3499 546 penitus

1923 573 1979 617 et
2021 563 2402 620 submoverem
2453 582 2572 620 eam
2615 583 2795 622 rerum
2840 569 3326 637 perturbationem,
3379 584 3500 638 qum

1874 645 1880 652 ’
1923 669 1988 710 ex
2024 656 2142 709 Arii
2178 655 2526 711 Alexandrini
2556 661 2789 714 amentia
2819 669 2958 725 orta,
2988 661 3132 714 illico
3157 675 3222 714 ex
3261 659 3500 714 absurdo

1923 754 1980 802 et
2023 748 2333 817 pernicioso
2383 761 2580 804 conatu
2632 751 2850 805 Eusebii
2881 755 3023 806 vires
3070 751 3310 820 collegit.
3359 749 3496 804 Nam

1922 847 2127 906 quanta
2163 840 2544 905 concursione,
2579 841 2936 894 amantissimi
2984 841 3501 909 honoratissimiqne

1925 927 2148 996 fratres,
2182 931 2381 998 putatis
2409 927 2570 984 istum
2609 931 2921 995 Eusebium,
2970 941 3154 999 utpote
3205 933 3318 1000 ipsa
3367 946 3502 986 cou-

1921 1019 2148 1074 scieutia
2183 1023 2514 1087 convictuum,
2569 1033 2772 1092 quanta
2801 1037 2926 1077 cum
2977 1023 3295 1090 ignominia,
3351 1036 3501 1076 men-

1925 1112 2098 1168 daciis
2147 1114 2387 1182 undique
2425 1114 2799 1184 deprehensis,
2855 1129 3169 1184 aggressum
3223 1129 3347 1168 esse
3385 1113 3502 1184 pri-

1922 1218 2068 1256 mum
2111 1213 2292 1259 certos
2321 1205 2584 1272 quosdam
2621 1205 2868 1259 homines
2917 1205 3216 1258 subst-nare
3261 1205 3352 1274 qui
3401 1219 3500 1275 pro

1919 1309 1986 1350 eo
2019 1295 2464 1364 deprecarentur,
2496 1296 2693 1352 deinde
2725 1311 2754 1350 a
2786 1311 2872 1352 me
2900 1297 3160 1351 auxilium
3193 1305 3401 1366 petere,
3430 1293 3500 1352 ne

1921 1387 2054 1440 tanti
2083 1386 2310 1442 sceleris
2343 1389 2647 1446 damnatus.
2685 1388 2751 1443 de
2781 1389 3000 1443 honoris
3047 1390 3128 1444 sui
3160 1390 3330 1460 gradu
3361 1390 3501 1458 deji-

1924 1489 2142 1534 cerelur
2167 1479 2411 1548 i‘llujus
2449 1482 2524 1537 rei
2555 1480 2711 1536 testis
2741 1491 2822 1538 est
2857 1483 2986 1537 mihi
3035 1481 3200 1549 Deus,
3248 1483 3340 1552 qui
3384 1491 3496 1536 tum

1922 1572 2078 1636 mihi,
2119 1581 2231 1626 tum
2267 1572 2424 1628 vobis
2455 1572 2720 1642 benignus
2752 1583 3013 1644 perpetuo
3046 1576 3209 1640 adsit,
3259 1575 3401 1642 quod
3443 1585 3500 1628 et

1917 1677 2098 1716 meum
2129 1663 2388 1731 pervertit
2405 1664 2690 1734 judicium,
2739 1676 2794 1720 et
2826 1667 3058 1736 turpiter
3088 1683 3116 1720 a
3139 1666 3376 1720 veritate
3401 1665 3496 1718 ah-

970 1761 1066 1814 καὶ
1125 1761 1392 1832 ἀπρεπῶς
1449 1761 1775 1830 ὑφήρπασεν
1793 1775 1809 1791 ο

1918 1751 2090 1805 duxit.
2119 1749 2225 1806 Sed
2257 1752 2436 1808 divina
2461 1754 2800 1822 providentia
2829 1757 2894 1809 ad
2923 1765 3129 1810 rectam
3165 1773 3249 1810 me
3280 1756 3500 1810 reduxit.

1916 1845 2082 1901 viam.
2115 1845 2266 1910 Quod
2303 1855 2358 1898 et
2385 1861 2482 1902 vos
2511 1847 2758 1912 novistis,
2786 1857 2842 1902 et
2872 1848 3212 1917 cognoscetis
3237 1847 3494 1916 amplius.

1913 1933 2050 1990 Nam
2088 1944 2200 1989 tum
2227 1935 2410 1990 omnia
2435 1946 2586 2007 gesta
2617 1949 2741 1992 sunt
2779 1953 2846 1994 ex
2872 1939 2988 2008 ejus
3037 1939 3215 2008 impii,
3253 1937 3496 1998 Eusebii.

1915 2027 2163 2098 inquam,
2203 2029 2494 2096 sententia,
2549 2030 2643 2100 qui
2701 2031 3000 2100 perniciem
3049 2046 3268 2085 omnem
3318 2031 3498 2084 adhuc

1916 2119 2056 2174 intra
2083 2121 2467 2192 cogitationem
2517 2138 2670 2177 suam
2723 2123 2960 2178 abditam
3013 2131 3064 2179 et
3110 2122 3382 2178 occultam
3403 2131 3497 2176 .tc-

1915 2213 2053 2266 nuit.
2081 2211 2162 2267 Ac
2193 2213 2448 2281 primum,
2487 2223 2544 2266 ut
2567 2221 2761 2268 caetera
2796 2213 2942 2270 illius
2978 2215 3231 2284 nequitia:
3255 2213 3498 2269 facinora

1913 2315 2258 2372 praeteream,
2298 2304 2502 2370 audite,
2552 2321 2758 2375 qureso,
2827 2305 2957 2374 quid
3013 2321 3134 2360 cum
3197 2305 3496 2374 Theognis,

1913 2409 2073 2464 quem
2106 2395 2256 2464 impii
2296 2395 2524 2450 instituti
2567 2397 2650 2449 sui
2684 2397 2894 2451 socium
2923 2396 3174 2461 habebat,
3211 2405 3498 2468 perpetra-

1917 2488 2078 2542 verit.
2104 2489 2230 2558 Ipse
2259 2488 2522 2558 quosdam
2553 2489 2972 2558 Alexandrinos,
3007 2489 3097 2560 qui
3128 2505 3157 2544 a
3189 2489 3294 2544 fide
3315 2499 3500 2542 nostra

1921 2575 2272 2642 defecerant,
2337 2579 2441 2630 huc
2493 2578 2631 2632 mitti
2687 2578 2998 2647 iusseram,
3056 2577 3498 2648 quandoquidem

1919 2683 2108 2722 eorum
2164 2683 2328 2738 opera
2370 2669 2575 2723 dissidii
2635 2668 2850 2723 ﬂamma
2916 2669 3136 2724 incensa
3189 2677 3328 2722 erat.
3389 2665 3498 2722 Sed

1919 2761 2008 2816 ἱειί
2057 2760 2267 2814 honesti
2319 2761 2554 2828 bonique
2609 2759 2815 2814 scilicet
2869 2759 3147 2828 episcopi,
3179 2772 3316 2828 quos
3369 2772 3498 2812 vera

1913 2852 2132 2909 concilii
2197 2851 2508 2920 dijudicatio
2563 2851 2630 2909 ad
2679 2851 3054 2917 paenitentiam
3100 2851 3362 2920 agendam
3415 2863 3501 2902 re-

1917 2953 2261 3010 servaverat,
2314 2960 2420 2999 non
2473 2943 2646 3000 solum
2689 2958 2782 3000 eos
2836 2945 3176 2999 admiserunt
3228 2942 3294 2995 ad
3325 2948 3502 3004 se,et

225 3033 347 3086 ὁδου
387 3032 616 3103 ἀλήθεια
647 3034 780 3104 πρὸς
829 3035 1118 3107 μετάνοιαν
1171 3037 1525 3108 ἐτετηρήκει,
1561 3036 1622 3090 ού
1653 3035 1811 3108 μόνον

1920 3054 2104 3094 secum
2179 3046 2297 3092 tuto
2364 3037 2744 3102 collocarunt,
2789 3049 2977 3090 verum
3048 3035 3212 3088 etiam
3283 3033 3500 3086 illorum

229 3123 481 3188 ἐδέξαντο
541 3123 802 3188 ἐκείνους,
859 3124 953 3178 καὶ
999 3125 1130 3195 παρ’
1174 3125 1390 3188 ἑαυτοῖς
1420 3125 1812 3199 ἠσφαλίσαντο,

229 3213 365 3270 ἀλλὰ
413 3215 506 3268 καὶ
538 3213 902 3282 ἐκοινώνησαν
951 3213 1134 3278 αὐτοῖς
1175 3215 1275 3286 τῆς
1315 3215 1424 3268 τῶν
1471 3217 1687 3286 τρόπων
1711 3231 1817 3268 κα-

229 3304 508 3376 κοηθείας.
555 3305 654 3358 Διὰ
692 3305 850 3360 τοῦτο
893 3307 1021 3379 περὶ
1054 3306 1181 3370 τοὺς
1213 3307 1544 3378 ἀχαρίστους
1592 3306 1815 3371 τούτους

232 3401 422 3471 ἔκρινα
467 3396 695 3468 πρᾶξαι.
739 3397 1120 3468 ’Λρπαγέντας
1167 3397 1278 3470 γὰρ
1319 3399 1516 3462 αὑτοὺς
1550 3397 1815 3452 ἐκέλευσα

231 3493 305 3554 ὡς
339 3491 678 3566 πορρωτάτω
705 3489 1070 3560 ἐξορισθῆναι.
1093 3489 1210 3544 Νῦν
1240 3490 1510 3562 ἡμέτερόν
1539 3492 1654 3544 ἐστι
1678 3491 1816 3564 πρὸς

228 3581 319 3634 τὸν
348 3581 481 3634 Θεὸν
512 3582 697 3653 ἐκείνῃ
723 3584 789 3652 τῇ
845 3581 1030 3634 πίστει
1082 3579 1301 3650 βλέπειν
1436 3581 1672 3635 πάντοτε
1717 3581 1814 3636 καὶ

226 3671 564 3740 γεγενῆσθαι
607 3672 758 3742 ἡμᾶς
795 3672 889 3725 καὶ
922 3667 1062 3724 εἶναι
1101 3673 1324 3744 πρέπει,
1375 3674 1472 3726 καὶ
1509 3673 1815 3742 διαπράξα-

228 3763 358 3817 σθαι
382 3761 575 3826 οὕτως,
605 3763 690 3816 ἵνα
713 3762 1044 3826 ἐπισκόπους
1072 3763 1272 3830 ἁγνούς
1293 3779 1352 3816 τε
1376 3763 1472 3816 καὶ
1503 3763 1816 3834 ὀρθοδόξους

226 3857 327 3909 καὶ
362 3853 778 3922 φιλανθρώπους
811 3854 1026 3925 ἔχοντες
1051 3854 1356 3924 χαίρωμεν.
1395 3854 1461 3906 Εἴ
1485 3870 1566 3916 τις
1597 3853 1652 3906 δὲ
1679 3854 1816 3925 πρὸς

227 3948 455 4015 μνήμην
505 3944 611 3997 τῶν
665 3943 956 4014 λυμεώνων
1007 3945 1252 4008 ἐκείνων,
1303 3943 1337 4015 ἢ
1389 3943 1525 4014 πρὸς
1573 3943 1813 4008 ἔπαινον,

227 4033 586 4106 ἀπρονοήτως
632 4035 931 4108 ἐξαφθῆναι
980 4036 1280 4108 τολμήσει,
1329 4037 1674 4106 παραχρῆμα
1717 4035 1816 4106 τῆς

229 4127 372 4188 ἰδίας
409 4125 638 4196 τόλμης,
681 4127 767 4180 διὰ
820 4127 919 4198 τῆς
973 4127 1068 4179 τοῦ
1121 4127 1452 4198 θεράποντος
1505 4125 1599 4181 τοῦ
1653 4125 1814 4188 Θεοῦ,

223 4219 374 4272 τοῦτ’
407 4219 554 4271 ἔστιν
579 4219 736 4288 ἐμοῦ,
773 4219 1056 4290 ἐνεργείας
1087 4219 1548 4289 ἀνασταλήσεται.
1589 4219 1649 4272 ’0
1685 4218 1816 4281 Θεὸς

230 4311 378 4381 ὑμᾶς
400 4310 740 4380 ὃιαιρυλάξοι,
785 4311 1005 4379 ἀδελφοὶ
1040 4309 1333 4380 ἀγαπητοί.

303 4401 492 4454 Ταῦτα
521 4402 616 4455 καὶ
645 4401 716 4454 τὰ
763 4402 990 4456 τοιαῦτα
1027 4403 1054 4472 ἡ
1100 4401 1194 4455 τοῦ
1227 4399 1507 4469 θεοφιλοῦς
1557 4399 1818 4472 βασιλέως
1851 4407 1893 4462 D

232 4493 649 4548 Κωνσταντίνου
693 4493 953 4563 ἐπιστολὴ
991 4493 1305 4562 σαφέστατα
1339 4490 1505 4558 ἔδειξε
1541 4490 1673 4560 περὶ
1721 4489 1816 4543 τοῦ

229 4583 466 4646 ασεϐλῦς
501 4583 762 4636 Εὑσεδίου
793 4582 887 4637 τοῦ
942 4582 1333 4654 Νικομηδείας,
1383 4582 1443 4644 ὃς
1498 4579 1820 4652 προσ-φύλαξ

227 4679 292 4730 οὐ
344 4676 504 4747 μόνον
551 4676 742 4744 γέγονε
775 4675 869 4728 τοῦ
917 4675 1206 4746 θεομιοοῦς
1242 4674 1510 4736 Λικινίου,
1556 4673 1692 4726 ἀλλά
1726 4676 1820 4726 καὶ

232 4787 298 4821 συ
309 4768 564 4838 μμύστης
593 4770 688 4822 καὶ
709 4768 982 4837 ὑπουργὸς
1013 4767 1112 4837 τῆς
1147 4768 1354 4820 ἐκείνου
1389 4765 1699 4835 τυραννίδος
1727 4765 1820 4817 καὶ

229 4861 508 4924 ἀσεϐείας.
561 4861 738 4914 Βαδιῶ
790 4861 845 4914 δὲ
885 4861 1133 4914 ἐντεῦθεν
1185 4861 1274 4913 ἐπὶ
1317 4859 1414 4930 τὴν
1449 4857 1819 4930 προκειμένην

226 4952 330 5022 τῆς
375 4951 836 5022 ἐκκλησιαστικῆς
862 4953 1100 5021 ἱστορίας
1135 4951 1414 5006 ὑπόθεσιν.

831 5086 1078 5138 ΚΕΦΛΛ.
1121 5087 1224 5138 lA'.

233 5197 375 5266 Hirpi
403 5196 506 5262 τῆς
541 5195 692 5249 κατὰ
723 5196 826 5249 τοῦ
865 5197 1126 5263 ἀσεῖοῦς
1173 5199 1444 5251 Λικινίου
1490 5198 1665 5264 νίκης
1709 5197 1819 5252 τοῦ

451 5267 768 5334 θεοφιλοῦς
791 5267 1096 5332 ,ϐασιλέως
1129 5269 1604 5320 Κωνσῖαντίνου.

308 5399 554 5454 Λικινίου
589 5398 768 5450 τοίνυν
793 5399 886 5451 σῦν
929 5401 1159 5470 στρατιᾷ
1190 5403 1254 5468 τῇ
1291 5401 1386 5452 σὺν
1413 5398 1561 5468 αύτῷ
1589 5399 1696 5452 ἀπὸ
1721 5399 1820 5470 τῆς

231 5489 601 5560 Νικομηδέων
650 5488 1052 5559 ἐξορμήσαντος
1099 5491 1190 5542 ἐπὶ
1233 5491 1290 5542 τί)
1336 5490 1626 5553 Βυζάντιον
1676 5489 1818 5543 κατὰ

233 5582 524 5646 θεοφιλοῦς
580 5582 987 5633 Κωνσταντίνου
1031 5581 1122 5632 τοῦ
1167 5581 1430 5652 βασιλέως
1471 5583 1648 5634 ἐκεῖσε
1697 5583 1816 5634 τότε

236 5675 530 5744 παρόντος,
565 5670 672 5722 τῶν
707 5670 749 5721 δ’
784 5671 1058 5742 ἑκατέρων
1087 5673 1490 5742 στρατιωτικῶν
1522 5673 1816 5741 φαλάγγων

1918 3128 2230 3198 depravatis
2285 3129 2530 3183 moribus
2578 3127 3081 3184 communicaruut.
3137 3125 3498 3193 Quamobrem

1918 3221 2160 3292 ingratos
2205 3221 2339 3276 istos
2383 3222 2566 3290 aliquo
2613 3230 2774 3290 pacto
2827 3220 3136 3289 puniendos
3189 3218 3398 3281 censui,
3445 3226 3502 3269 et

1909 3311 2044 3382 jussi
2082 3323 2142 3366 ut
2184 3327 2214 3366 a
2245 3312 2361 3368 suis
2417 3313 2627 3382 abrepti
2681 3303 2922 3377 sedibus,
2975 3327 3132 3382 quam
3188 3309 3500 3379 longissime

1915 3404 2312 3475 relegarentur.
2377 3403 2497 3460 Jam
2557 3414 2801 3460 nostrum
2846 3415 2950 3471 est,
2999 3418 3063 3459 ea
3098 3403 3201 3458 [ide
3243 3404 3297 3456 in
3326 3402 3494 3456 Deum

1917 3495 2086 3549 aciem
2123 3495 2320 3551 mentis
2347 3504 2542 3550 vestra:
2574 3495 2871 3562 intendere,
2907 3493 2962 3548 in
3007 3509 3112 3564 qua
3151 3506 3248 3547 nos
3279 3505 3496 3560 semper

1917 3588 2189 3642 mansisse
2242 3597 2456 3644 constat
2503 3605 2518 3643 :
2583 3597 2636 3643 et
2684 3603 2828 3644 nunc
2873 3589 3036 3643 etiam
3068 3600 3286 3641 manere
3317 3587 3493 3650 decet,

1915 3693 2243 3750 omnemque
2278 3687 2490 3735 :etatem
2520 3679 2594 3733 ita
2623 3679 2840 3750 degere,
2874 3686 2934 3732 ut
2961 3679 3244 3748 cpiscoiios
3269 3677 3492 3746 integri-

1921 3777 2032 3822 tate
2059 3771 2204 3833 vitaz,
2241 3770 2507 3824 doctrina:
2541 3770 2796 3838 puritate,
2834 3779 2948 3824 tum
2973 3765 3306 3838 benignitate
3334 3772 3494 3821 etiam

1917 3861 1972 3914 iu
1999 3876 2209 3923 omnes,
2243 3859 2472 3914 eximios
2508 3859 2790 3925 habentes,
2821 3859 2944 3928 jure
2975 3858 3240 3914 lzetemur.
3283 3858 3338 3911 Si
3375 3859 3498 3926 quis

1917 3963 2094 4006 autem
2123 3961 2327 4005 temere
2355 3961 2534 4020 pestes
2566 3951 2681 4006 illas
2705 3951 2788 4006 vel
2817 3951 3100 4017 memoria,
3133 3951 3214 4004 vel
3248 3949 3499 4004 laudibus

1917 4044 2193 4098 celebrare
2261 4043 2500 4108 audeat,
2567 4041 2853 4098 confestim
2934 4043 3075 4097 servi
3153 4042 3246 4096 Dei
3328 4057 3494 4111 Opera

1919 4135 2204 4204 (mcipsum
2250 4133 2394 4204 dico)
2445 4148 2637 4202 pmnas
2679 4151 2790 4190 sme
2837 4135 3077 4190 audaciae
3127 4135 3296 4190 dabit.
3356 4133 3497 4189 Deus

1918 4241 2039 4291 vos,
2074 4227 2272 4283 fratres
2306 4227 2638 4296 charissimi,
2672 4227 2970 4283 incolumes
2995 4237 3195 4285 servet.

1996 4401 2122 4458 llrcc
2153 4401 2366 4472 aliaque
2395 4403 2480 4459 his
2515 4403 2712 4458 similia
2749 4403 2820 4470 pii
2857 4403 3201 4472 imperatoris
3229 4400 3502 4457 Cons-tan.

1924 4493 2020 4546 lini
2050 4493 2277 4562 epistola
2322 4493 2770 4550 manifestissime
2803 4496 3043 4552 ostendit
3095 4495 3162 4550 de
3207 4496 3373 4562 impio
3409 4495 3501 4548 illo

1925 4583 2159 4640 Eusebio
2178 4584 2508 4643 Nicomedia!
2529 4589 2804 4658 episcopo,
2837 4589 2925 4658 qui
2953 4603 3054 4641 non
3085 4589 3256 4644 solum
3285 4589 3500 4642 scelesti

1923 4677 2117 4733 Licinii
2155 4691 2531 4746 conservator,
2581 4681 2673 4734 sed
2715 4679 3012 4749 tyrannidis
3045 4689 3206 4748 atque
3252 4681 3496 4748 impieta-

1924 4769 1994 4824 tis
2032 4769 2148 4836 ejus
2197 4771 2448 4823 minister
2493 4779 2615 4824 erat
2657 4781 2710 4824 ct
2745 4771 2982 4838 adjutor.
3023 4769 3206 4825 Redeo
3243 4771 3500 4838 deinceps

1923 4859 1989 4914 ad
2025 4859 2408 4916 ecclesiasticze
2437 4860 2677 4915 historia“:
2706 4871 3104 4930 argumentum.

2563 5082 2714 5137 CAP.
2755 5082 2846 5136 XI.

1926 5197 2000 5250 De
2043 5195 2261 5250 rictoria
2305 5196 2556 5267 qtmm_ab
2583 5197 2741 5262 impio
2779 5195 2986 5250 Licinio
3031 5197 3301 5267 religiosus
3335 5199 3496 5264 impeo

2255 5275 2403 5318 ναίον
2443 5264 2826 5320 Constantinus
2869 5264 3164 5334 reportat-ii.

1993 5398 2239 5454 Licinius
2269 5401 2431 5468 igitur
2475 5416 2538 5454 ex
2593 5402 3084 5457 Nicomediensium
3133 5405 3349 5470 regione
3392 5416 3496 5454 una

1921 5505 2046 5542 cum
2077 5489 2320 5543 exercitu
2369 5491 2687 5560 Byzantium
2735 5489 3076 5558 progreditur
3103 5501 3292 5541 contra
3329 5488 3498 5554 imp-:-

1924 5591 2157 5634 ratoretu
2212 5581 2651 5644 Constantinum,
2698 5581 2788 5648 qui
2841 5591 2950 5632 tum
3003 5579 3112 5632 illic
3145 5577 3492 5634 subsistebat.

1923 5673 2028 5727 Sed
2065 5688 2184 5728 cum
2219 5675 2406 5728 ambas
2459 5674 2720 5727 militares
2759 5673 2904 5728 acies
2944 5673 3338 5744 Christi-gerum
3389 5673 3492 5725 iut-
