  <div class='ocr_page' id='page_1' title='image "/cluster/home/n/w/nwhite01/storage/ocr_20150623/85/mdp.39015032042783/620.png"; bbox 0 0 4042 6142; ppageno 0'>
   <div class='ocr_carea' id='block_1_1' title="bbox 276 356 416 423">
    <p class='ocr_par' dir='ltr' id='par_1_1' title="bbox 276 356 416 423">
     <span class='ocr_line' id='line_1_1' title="bbox 276 356 416 423; baseline -0.014 0"><span class='ocrx_word' id='word_1_1' title='bbox 276 356 416 423; x_wconf 76' lang='lat'><strong>1225</strong></span> 
     </span>
    </p>
   </div>
   <div class='ocr_carea' id='block_1_2' title="bbox 1154 345 2662 409">
    <p class='ocr_par' dir='ltr' id='par_1_2' title="bbox 1154 345 2662 409">
     <span class='ocr_line' id='line_1_2' title="bbox 1154 345 2662 409; baseline -0.001 -2"><span class='ocrx_word' id='word_1_2' title='bbox 1154 346 1518 408; x_wconf 80' lang='lat' dir='ltr'><strong>HISTORIA</strong></span> <span class='ocrx_word' id='word_1_3' title='bbox 1557 345 1893 407; x_wconf 88' lang='lat' dir='ltr'><strong>CONCILII</strong></span> <span class='ocrx_word' id='word_1_4' title='bbox 1929 346 2237 409; x_wconf 66' lang='lat' dir='ltr'><strong>NICENI.</strong></span> <span class='ocrx_word' id='word_1_5' title='bbox 2283 369 2352 386; x_wconf 68' lang='grc' dir='ltr'><strong>*ο-</strong></span> <span class='ocrx_word' id='word_1_6' title='bbox 2388 348 2536 408; x_wconf 90' lang='lat' dir='ltr'><strong>LIB.</strong></span> <span class='ocrx_word' id='word_1_7' title='bbox 2580 348 2662 407; x_wconf 93' lang='grc' dir='ltr'><strong>ΙΙ.</strong></span> 
     </span>
    </p>
   </div>
   <div class='ocr_carea' id='block_1_3' title="bbox 3418 346 3551 412">
    <p class='ocr_par' dir='ltr' id='par_1_3' title="bbox 3418 346 3551 412">
     <span class='ocr_line' id='line_1_3' title="bbox 3418 346 3551 412; baseline 0.023 -3"><span class='ocrx_word' id='word_1_8' title='bbox 3418 346 3551 412; x_wconf 64' lang='grc' dir='ltr'><strong>ῙΞΞΒ</strong></span> 
     </span>
    </p>
   </div>
   <div class='ocr_carea' id='block_1_4' title="bbox 272 445 1882 541">
    <p class='ocr_par' dir='ltr' id='par_1_4' title="bbox 272 445 1866 541">
     <span class='ocr_line' id='line_1_4' title="bbox 272 445 1866 541; baseline -0.008 -17"><span class='ocrx_word' id='word_1_9' title='bbox 272 469 405 541; x_wconf 75' lang='grc' dir='ltr'>πρὶν</span> <span class='ocrx_word' id='word_1_10' title='bbox 454 465 653 527; x_wconf 78' lang='grc' dir='ltr'>αὐτοὺς</span> <span class='ocrx_word' id='word_1_11' title='bbox 713 445 1044 526; x_wconf 74' lang='grc' dir='ltr'>πιεζόντων·</span> <span class='ocrx_word' id='word_1_12' title='bbox 1097 458 1361 531; x_wconf 81' lang='grc' dir='ltr'>λαμπρὰς</span> <span class='ocrx_word' id='word_1_13' title='bbox 1400 459 1458 513; x_wconf 75' lang='grc' dir='ltr'>δὲ</span> <span class='ocrx_word' id='word_1_14' title='bbox 1500 458 1719 514; x_wconf 68' lang='grc' dir='ltr'>ἐτέλουν</span> <span class='ocrx_word' id='word_1_15' title='bbox 1773 460 1866 515; x_wconf 73' lang='grc' dir='ltr'>καὶ</span> 
     </span>
    </p>
   </div>
   <div class='ocr_carea' id='block_1_5' title="bbox 1987 445 3550 541">
    <p class='ocr_par' dir='ltr' id='par_1_5' title="bbox 1987 458 3550 531">
     <span class='ocr_line' id='line_1_5' title="bbox 1987 458 3550 531; baseline -0.001 -16"><span class='ocrx_word' id='word_1_16' title='bbox 1987 458 2285 531; x_wconf 88' lang='lat' dir='ltr'><strong>&#39;requentes</strong></span> <span class='ocrx_word' id='word_1_17' title='bbox 2318 470 2619 516; x_wconf 83' lang='lat' dir='ltr'><strong>conventus</strong></span> <span class='ocrx_word' id='word_1_18' title='bbox 2645 460 2781 526; x_wconf 79' lang='lat' dir='ltr'><strong>acti,</strong></span> <span class='ocrx_word' id='word_1_19' title='bbox 2814 466 2927 515; x_wconf 92' lang='lat' dir='ltr'><strong>tum</strong></span> <span class='ocrx_word' id='word_1_20' title='bbox 2952 458 3073 516; x_wconf 82' lang='lat' dir='ltr'><strong>festi</strong></span> <span class='ocrx_word' id='word_1_21' title='bbox 3103 460 3217 516; x_wconf 88' lang='lat' dir='ltr'><strong>dies</strong></span> <span class='ocrx_word' id='word_1_22' title='bbox 3269 459 3550 525; x_wconf 79' lang='lat' dir='ltr'><strong>celebrati,</strong></span> 
     </span>
    </p>
   </div>
   <div class='ocr_carea' id='block_1_6' title="bbox 275 547 1870 630">
    <p class='ocr_par' dir='ltr' id='par_1_6' title="bbox 275 547 1870 630">
     <span class='ocr_line' id='line_1_6' title="bbox 275 547 1870 630; baseline -0.005 -15"><span class='ocrx_word' id='word_1_23' title='bbox 275 555 663 630; x_wconf 79' lang='grc' dir='ltr'>πανηγυρικὰς</span> <span class='ocrx_word' id='word_1_24' title='bbox 694 554 903 625; x_wconf 78' lang='grc' dir='ltr'><strong>ἑορτῶν</strong></span> <span class='ocrx_word' id='word_1_25' title='bbox 947 554 1185 625; x_wconf 57' lang='grc' dir='ltr'>ἡμέρας</span> <span class='ocrx_word' id='word_1_26' title='bbox 1219 547 1290 623; x_wconf 81' lang='grc' dir='ltr'>ἦν</span> <span class='ocrx_word' id='word_1_27' title='bbox 1334 551 1391 605; x_wconf 79' lang='grc' dir='ltr'>δὲ</span> <span class='ocrx_word' id='word_1_28' title='bbox 1431 552 1612 621; x_wconf 76' lang='grc' dir='ltr'>φωτὸς</span> <span class='ocrx_word' id='word_1_29' title='bbox 1653 551 1870 623; x_wconf 76' lang='grc' dir='ltr'>ἔμπλεα</span> 
     </span>
    </p>
   </div>
   <div class='ocr_carea' id='block_1_7' title="bbox 273 641 1870 718">
    <p class='ocr_par' dir='ltr' id='par_1_7' title="bbox 273 641 1870 718">
     <span class='ocr_line' id='line_1_7' title="bbox 273 641 1870 718; baseline -0.013 -13"><span class='ocrx_word' id='word_1_30' title='bbox 273 652 344 706; x_wconf 86' lang='grc' dir='ltr'><strong>τά</strong></span> <span class='ocrx_word' id='word_1_31' title='bbox 373 651 575 703; x_wconf 87' lang='grc' dir='ltr'>πάντα·</span> <span class='ocrx_word' id='word_1_32' title='bbox 607 647 701 701; x_wconf 77' lang='grc' dir='ltr'><strong>καὶ</strong></span> <span class='ocrx_word' id='word_1_33' title='bbox 742 644 990 718; x_wconf 89' lang='grc' dir='ltr'>μειδιῶσι</span> <span class='ocrx_word' id='word_1_34' title='bbox 1022 642 1337 714; x_wconf 77' lang='grc' dir='ltr'><strong>προσώποις</strong></span> <span class='ocrx_word' id='word_1_35' title='bbox 1357 683 1372 708; x_wconf 91' lang='grc'><strong>,</strong></span> <span class='ocrx_word' id='word_1_36' title='bbox 1407 641 1622 713; x_wconf 83' lang='grc' dir='ltr'>δμμασί</span> <span class='ocrx_word' id='word_1_37' title='bbox 1646 659 1706 697; x_wconf 89' lang='grc' dir='ltr'><strong>τε</strong></span> <span class='ocrx_word' id='word_1_38' title='bbox 1740 661 1870 713; x_wconf 82' lang='grc' dir='ltr'>φαι..</span> 
     </span>
    </p>
   </div>
   <div class='ocr_carea' id='block_1_8' title="bbox 275 734 1872 817">
    <p class='ocr_par' dir='ltr' id='par_1_8' title="bbox 275 734 1872 817">
     <span class='ocr_line' id='line_1_8' title="bbox 275 734 1872 817; baseline -0.006 -19"><span class='ocrx_word' id='word_1_39' title='bbox 275 744 445 817; x_wconf 83' lang='grc' dir='ltr'>δροῖς,</span> <span class='ocrx_word' id='word_1_40' title='bbox 493 741 542 794; x_wconf 86' lang='grc' dir='ltr'><strong>οἰ</strong></span> <span class='ocrx_word' id='word_1_41' title='bbox 590 739 725 809; x_wconf 66' lang='grc' dir='ltr'>πρὶν</span> <span class='ocrx_word' id='word_1_42' title='bbox 773 738 1076 806; x_wconf 81' lang='grc' dir='ltr'><strong>κατηφεῖς,</strong></span> <span class='ocrx_word' id='word_1_43' title='bbox 1113 734 1378 807; x_wconf 81' lang='grc' dir='ltr'><strong>ἀλλήλους</strong></span> <span class='ocrx_word' id='word_1_44' title='bbox 1427 734 1678 789; x_wconf 75' lang='grc' dir='ltr'>ἔϐλεπον.</span> <span class='ocrx_word' id='word_1_45' title='bbox 1722 735 1872 808; x_wconf 85' lang='grc' dir='ltr'><strong>(Πα-</strong></span> 
     </span>
    </p>
   </div>
   <div class='ocr_carea' id='block_1_9' title="bbox 280 826 1872 908">
    <p class='ocr_par' dir='ltr' id='par_1_9' title="bbox 280 826 1872 908">
     <span class='ocr_line' id='line_1_9' title="bbox 280 826 1872 908; baseline -0.004 -20"><span class='ocrx_word' id='word_1_46' title='bbox 280 836 380 908; x_wconf 84' lang='grc' dir='ltr'><strong>ρῆν</strong></span> <span class='ocrx_word' id='word_1_47' title='bbox 414 832 491 905; x_wconf 87' lang='lat'><strong>(7)</strong></span> <span class='ocrx_word' id='word_1_48' title='bbox 520 832 578 886; x_wconf 77' lang='grc' dir='ltr'>δὲ</span> <span class='ocrx_word' id='word_1_49' title='bbox 606 829 853 907; x_wconf 77' lang='grc' dir='ltr'>αύτρϊς.)</span> <span class='ocrx_word' id='word_1_50' title='bbox 889 827 1001 882; x_wconf 78' lang='grc' dir='ltr'><strong>Καὶ</strong></span> <span class='ocrx_word' id='word_1_51' title='bbox 1029 826 1187 898; x_wconf 77' lang='grc' dir='ltr'>ὕμνοι</span> <span class='ocrx_word' id='word_1_52' title='bbox 1223 827 1365 882; x_wconf 89' lang='grc' dir='ltr'><strong>κατά</strong></span> <span class='ocrx_word' id='word_1_53' title='bbox 1412 826 1569 881; x_wconf 90' lang='grc' dir='ltr'>πόλιν</span> <span class='ocrx_word' id='word_1_54' title='bbox 1611 826 1747 898; x_wconf 88' lang='grc' dir='ltr'>όμοῦ</span> <span class='ocrx_word' id='word_1_55' title='bbox 1779 829 1872 882; x_wconf 78' lang='grc' dir='ltr'>καὶ</span> 
     </span>
    </p>
   </div>
   <div class='ocr_carea' id='block_1_10' title="bbox 279 918 1873 999">
    <p class='ocr_par' dir='ltr' id='par_1_10' title="bbox 279 918 1873 999">
     <span class='ocr_line' id='line_1_10' title="bbox 279 918 1873 999; baseline -0.005 -16"><span class='ocrx_word' id='word_1_56' title='bbox 279 929 484 999; x_wconf 80' lang='grc' dir='ltr'>ἀγροὺς</span> <span class='ocrx_word' id='word_1_57' title='bbox 503 924 594 979; x_wconf 87' lang='grc' dir='ltr'><strong>τδν</strong></span> <span class='ocrx_word' id='word_1_58' title='bbox 613 921 840 995; x_wconf 80' lang='grc' dir='ltr'><strong>βασιλέα</strong></span> <span class='ocrx_word' id='word_1_59' title='bbox 855 920 1011 986; x_wconf 81' lang='grc' dir='ltr'>Θεὸν,</span> <span class='ocrx_word' id='word_1_60' title='bbox 1028 921 1123 973; x_wconf 76' lang='grc' dir='ltr'>καὶ</span> <span class='ocrx_word' id='word_1_61' title='bbox 1141 920 1236 973; x_wconf 81' lang='grc' dir='ltr'>τὸν</span> <span class='ocrx_word' id='word_1_62' title='bbox 1250 918 1443 973; x_wconf 89' lang='grc' dir='ltr'>τούτου</span> <span class='ocrx_word' id='word_1_63' title='bbox 1456 920 1683 990; x_wconf 84' lang='grc' dir='ltr'>γνήσιον</span> <span class='ocrx_word' id='word_1_64' title='bbox 1705 921 1873 975; x_wconf 82' lang='grc' dir='ltr'>παῖδα</span> 
     </span>
    </p>
   </div>
   <div class='ocr_carea' id='block_1_11' title="bbox 281 1011 1871 1090">
    <p class='ocr_par' dir='ltr' id='par_1_11' title="bbox 281 1011 1871 1090">
     <span class='ocr_line' id='line_1_11' title="bbox 281 1011 1871 1090; baseline -0.005 -16"><span class='ocrx_word' id='word_1_65' title='bbox 281 1018 515 1090; x_wconf 79' lang='grc' dir='ltr'>Χριστὸν</span> <span class='ocrx_word' id='word_1_66' title='bbox 539 1014 826 1086; x_wconf 85' lang='grc' dir='ltr'>πρώτιστα</span> <span class='ocrx_word' id='word_1_67' title='bbox 844 1013 1083 1077; x_wconf 85' lang='grc' dir='ltr'>πάντων,</span> <span class='ocrx_word' id='word_1_68' title='bbox 1116 1013 1201 1066; x_wconf 75' lang='grc' dir='ltr'>ὅτι</span> <span class='ocrx_word' id='word_1_69' title='bbox 1221 1012 1284 1083; x_wconf 87' lang='grc' dir='ltr'>δὴ</span> <span class='ocrx_word' id='word_1_70' title='bbox 1304 1011 1464 1066; x_wconf 88' lang='grc' dir='ltr'>τοῦτο</span> <span class='ocrx_word' id='word_1_71' title='bbox 1486 1011 1871 1082; x_wconf 75' lang='grc' dir='ltr'><strong>ἐδιδάχθησαν,</strong></span> 
     </span>
    </p>
   </div>
   <div class='ocr_carea' id='block_1_12' title="bbox 284 1103 1875 1182">
    <p class='ocr_par' dir='ltr' id='par_1_12' title="bbox 284 1103 1875 1182">
     <span class='ocr_line' id='line_1_12' title="bbox 284 1103 1875 1182; baseline -0.001 -22"><span class='ocrx_word' id='word_1_72' title='bbox 284 1111 592 1182; x_wconf 69' lang='grc' dir='ltr'>ἐγέραιρον,</span> <span class='ocrx_word' id='word_1_73' title='bbox 624 1107 720 1160; x_wconf 73' lang='grc' dir='ltr'>καὶ</span> <span class='ocrx_word' id='word_1_74' title='bbox 749 1107 940 1159; x_wconf 78' lang='grc' dir='ltr'>ἔπειτα</span> <span class='ocrx_word' id='word_1_75' title='bbox 962 1104 1055 1158; x_wconf 78' lang='grc' dir='ltr'>τὸν</span> <span class='ocrx_word' id='word_1_76' title='bbox 1080 1104 1281 1176; x_wconf 87' lang='grc' dir='ltr'>εὐσεϐῆ</span> <span class='ocrx_word' id='word_1_77' title='bbox 1312 1103 1538 1174; x_wconf 77' lang='grc' dir='ltr'><strong>βασιλέα</strong></span> <span class='ocrx_word' id='word_1_78' title='bbox 1564 1103 1682 1174; x_wconf 72' lang='grc' dir='ltr'>ἅμα</span> <span class='ocrx_word' id='word_1_79' title='bbox 1714 1106 1875 1159; x_wconf 76' lang='grc' dir='ltr'>παισὶ</span> 
     </span>
    </p>
   </div>
   <div class='ocr_carea' id='block_1_13' title="bbox 286 1194 1871 1271">
    <p class='ocr_par' dir='ltr' id='par_1_13' title="bbox 286 1194 1871 1271">
     <span class='ocr_line' id='line_1_13' title="bbox 286 1194 1871 1271; baseline -0.006 -15"><span class='ocrx_word' id='word_1_80' title='bbox 286 1200 590 1270; x_wconf 86' lang='grc' dir='ltr'>θεοφιλέσιν</span> <span class='ocrx_word' id='word_1_81' title='bbox 629 1196 986 1271; x_wconf 81' lang='grc' dir='ltr'>[θεοσεϐέσιν]</span> <span class='ocrx_word' id='word_1_82' title='bbox 1028 1196 1332 1267; x_wconf 81' lang='grc' dir='ltr'>εὐφήμουν.</span> <span class='ocrx_word' id='word_1_83' title='bbox 1364 1195 1571 1249; x_wconf 80' lang='grc' dir='ltr'>Κακῶν</span> <span class='ocrx_word' id='word_1_84' title='bbox 1607 1194 1665 1249; x_wconf 79' lang='grc' dir='ltr'>δὲ</span> <span class='ocrx_word' id='word_1_85' title='bbox 1695 1195 1871 1267; x_wconf 87' lang='grc' dir='ltr'>ἀμνη-</span> 
     </span>
    </p>
   </div>
   <div class='ocr_carea' id='block_1_14' title="bbox 289 1284 1876 1360">
    <p class='ocr_par' dir='ltr' id='par_1_14' title="bbox 289 1284 1876 1360">
     <span class='ocr_line' id='line_1_14' title="bbox 289 1284 1876 1360; baseline -0.004 -14"><span class='ocrx_word' id='word_1_86' title='bbox 289 1292 414 1346; x_wconf 91' lang='grc' dir='ltr'>στία</span> <span class='ocrx_word' id='word_1_87' title='bbox 450 1289 698 1344; x_wconf 87' lang='grc' dir='ltr'>παλαιῶν</span> <span class='ocrx_word' id='word_1_88' title='bbox 728 1285 817 1360; x_wconf 83' lang='grc' dir='ltr'>ἦν,</span> <span class='ocrx_word' id='word_1_89' title='bbox 865 1288 959 1341; x_wconf 58' lang='grc' dir='ltr'><strong>καὶ⁵</strong></span> <span class='ocrx_word' id='word_1_90' title='bbox 997 1286 1134 1357; x_wconf 83' lang='grc' dir='ltr'><strong>λήθη</strong></span> <span class='ocrx_word' id='word_1_91' title='bbox 1173 1285 1357 1356; x_wconf 83' lang='grc' dir='ltr'>πάσης</span> <span class='ocrx_word' id='word_1_92' title='bbox 1389 1284 1732 1349; x_wconf 64' lang='grc' dir='ltr'>δυσσεϐείας</span> <span class='ocrx_word' id='word_1_93' title='bbox 1766 1284 1876 1339; x_wconf 88' lang='grc' dir='ltr'><strong>τῶν</strong></span> 
     </span>
    </p>
   </div>
   <div class='ocr_carea' id='block_1_15' title="bbox 287 1376 1879 1454">
    <p class='ocr_par' dir='ltr' id='par_1_15' title="bbox 287 1376 1879 1454">
     <span class='ocr_line' id='line_1_15' title="bbox 287 1376 1879 1454; baseline -0.006 -16"><span class='ocrx_word' id='word_1_94' title='bbox 287 1385 344 1439; x_wconf 80' lang='grc' dir='ltr'>δὲ</span> <span class='ocrx_word' id='word_1_95' title='bbox 373 1382 594 1453; x_wconf 78' lang='grc' dir='ltr'>ἀγαθῶν</span> <span class='ocrx_word' id='word_1_96' title='bbox 630 1377 961 1454; x_wconf 73' lang='grc' dir='ltr'><strong>[παρόντων]</strong></span> <span class='ocrx_word' id='word_1_97' title='bbox 1000 1377 1305 1441; x_wconf 87' lang='grc' dir='ltr'>ἀπόλαυσις</span> <span class='ocrx_word' id='word_1_98' title='bbox 1325 1417 1342 1445; x_wconf 94' lang='grc'><strong>,</strong></span> <span class='ocrx_word' id='word_1_99' title='bbox 1372 1377 1466 1430; x_wconf 60' lang='grc' dir='ltr'><strong>καὶ⁵</strong></span> <span class='ocrx_word' id='word_1_100' title='bbox 1493 1376 1719 1447; x_wconf 81' lang='grc' dir='ltr'>προσέτι</span> <span class='ocrx_word' id='word_1_101' title='bbox 1749 1378 1879 1447; x_wconf 84' lang='grc' dir='ltr'>μελ-</span> 
     </span>
    </p>
   </div>
   <div class='ocr_carea' id='block_1_16' title="bbox 288 1468 1877 1545">
    <p class='ocr_par' dir='ltr' id='par_1_16' title="bbox 288 1468 1877 1545">
     <span class='ocr_line' id='line_1_16' title="bbox 288 1468 1877 1545; baseline -0.003 -17"><span class='ocrx_word' id='word_1_102' title='bbox 288 1477 492 1531; x_wconf 90' lang='grc' dir='ltr'>λόντων</span> <span class='ocrx_word' id='word_1_103' title='bbox 523 1471 841 1545; x_wconf 77' lang='grc' dir='ltr'>προσδοκία.</span> <span class='ocrx_word' id='word_1_104' title='bbox 885 1470 1175 1524; x_wconf 83' lang='grc' dir='ltr'>Ἤπλωντο</span> <span class='ocrx_word' id='word_1_105' title='bbox 1206 1468 1302 1523; x_wconf 84' lang='grc' dir='ltr'><strong>οῦν</strong></span> <span class='ocrx_word' id='word_1_106' title='bbox 1336 1468 1478 1524; x_wconf 84' lang='grc' dir='ltr'><strong>κατά</strong></span> <span class='ocrx_word' id='word_1_107' title='bbox 1506 1469 1685 1524; x_wconf 87' lang='grc' dir='ltr'>πάντα</span> <span class='ocrx_word' id='word_1_108' title='bbox 1713 1469 1877 1523; x_wconf 86' lang='grc' dir='ltr'>τόπον</span> 
     </span>
    </p>
   </div>
   <div class='ocr_carea' id='block_1_17' title="bbox 288 1561 1879 1639">
    <p class='ocr_par' dir='ltr' id='par_1_17' title="bbox 288 1561 1879 1639">
     <span class='ocr_line' id='line_1_17' title="bbox 288 1561 1879 1639; baseline -0.004 -17"><span class='ocrx_word' id='word_1_109' title='bbox 288 1568 388 1639; x_wconf 81' lang='grc' dir='ltr'><strong>τῆς</strong></span> <span class='ocrx_word' id='word_1_110' title='bbox 414 1567 507 1621; x_wconf 89' lang='grc' dir='ltr'><strong>τοῦ</strong></span> <span class='ocrx_word' id='word_1_111' title='bbox 530 1564 752 1635; x_wconf 85' lang='grc' dir='ltr'>νικητοῦ</span> <span class='ocrx_word' id='word_1_112' title='bbox 778 1562 1045 1635; x_wconf 88' lang='grc' dir='ltr'>βασιλέως</span> <span class='ocrx_word' id='word_1_113' title='bbox 1069 1561 1484 1632; x_wconf 80' lang='grc' dir='ltr'>φιλανθρωπίας</span> <span class='ocrx_word' id='word_1_114' title='bbox 1505 1561 1736 1632; x_wconf 75' lang='grc' dir='ltr'>ἔμπλεοι</span> <span class='ocrx_word' id='word_1_115' title='bbox 1766 1561 1879 1616; x_wconf 84' lang='grc' dir='ltr'>δια-</span> 
     </span>
    </p>
   </div>
   <div class='ocr_carea' id='block_1_18' title="bbox 290 1653 1878 1730">
    <p class='ocr_par' dir='ltr' id='par_1_18' title="bbox 290 1653 1878 1730">
     <span class='ocr_line' id='line_1_18' title="bbox 290 1653 1878 1730; baseline -0.004 -17"><span class='ocrx_word' id='word_1_116' title='bbox 290 1659 493 1725; x_wconf 78' lang='grc' dir='ltr'>τάξεις,</span> <span class='ocrx_word' id='word_1_117' title='bbox 512 1661 669 1730; x_wconf 87' lang='grc' dir='ltr'>νόμοι</span> <span class='ocrx_word' id='word_1_118' title='bbox 694 1674 753 1711; x_wconf 90' lang='grc' dir='ltr'><strong>τε</strong></span> <span class='ocrx_word' id='word_1_119' title='bbox 778 1655 1192 1727; x_wconf 82' lang='grc' dir='ltr'>μεγαλοδωρεᾶς</span> <span class='ocrx_word' id='word_1_120' title='bbox 1210 1657 1304 1708; x_wconf 80' lang='grc' dir='ltr'>καὶ</span> <span class='ocrx_word' id='word_1_121' title='bbox 1327 1653 1564 1725; x_wconf 77' lang='grc' dir='ltr'>ἀληθοῦς</span> <span class='ocrx_word' id='word_1_122' title='bbox 1591 1654 1878 1719; x_wconf 82' lang='grc' dir='ltr'>εὐσεϐείας</span> 
     </span>
    </p>
   </div>
   <div class='ocr_carea' id='block_1_19' title="bbox 290 1746 1878 1821">
    <p class='ocr_par' dir='ltr' id='par_1_19' title="bbox 290 1746 1878 1821">
     <span class='ocr_line' id='line_1_19' title="bbox 290 1746 1878 1821; baseline -0.004 -16"><span class='ocrx_word' id='word_1_123' title='bbox 290 1751 652 1821; x_wconf 85' lang='grc' dir='ltr'>γνωρίσματα</span> <span class='ocrx_word' id='word_1_124' title='bbox 698 1750 938 1820; x_wconf 71' lang='grc' dir='ltr'>ἔχοντες.</span> <span class='ocrx_word' id='word_1_125' title='bbox 983 1746 1140 1803; x_wconf 85' lang='grc' dir='ltr'>Οῦτω</span> <span class='ocrx_word' id='word_1_126' title='bbox 1166 1747 1302 1818; x_wconf 90' lang='grc' dir='ltr'>δῆτα</span> <span class='ocrx_word' id='word_1_127' title='bbox 1343 1746 1527 1816; x_wconf 80' lang='grc' dir='ltr'>πάσης</span> <span class='ocrx_word' id='word_1_128' title='bbox 1562 1746 1878 1818; x_wconf 85' lang='grc' dir='ltr'>τυραννίδος</span> 
     </span>
    </p>
   </div>
   <div class='ocr_carea' id='block_1_20' title="bbox 292 1837 1878 1914">
    <p class='ocr_par' dir='ltr' id='par_1_20' title="bbox 292 1837 1878 1914">
     <span class='ocr_line' id='line_1_20' title="bbox 292 1837 1878 1914; baseline -0.004 -17"><span class='ocrx_word' id='word_1_129' title='bbox 292 1842 764 1914; x_wconf 75' lang='grc' dir='ltr'>ὲκκαθαρθείσης,</span> <span class='ocrx_word' id='word_1_130' title='bbox 820 1840 999 1912; x_wconf 86' lang='grc' dir='ltr'>μόνοις</span> <span class='ocrx_word' id='word_1_131' title='bbox 1055 1839 1386 1908; x_wconf 76' lang='grc' dir='ltr'>ἐφυλάττετο</span> <span class='ocrx_word' id='word_1_132' title='bbox 1446 1837 1517 1892; x_wconf 82' lang='grc' dir='ltr'><strong>τά</strong></span> <span class='ocrx_word' id='word_1_133' title='bbox 1560 1838 1663 1908; x_wconf 87' lang='grc' dir='ltr'><strong>τῆς</strong></span> <span class='ocrx_word' id='word_1_134' title='bbox 1707 1854 1878 1909; x_wconf 82' lang='grc' dir='ltr'>προσ-</span> 
     </span>
    </p>
   </div>
   <div class='ocr_carea' id='block_1_21' title="bbox 292 1926 1875 2003">
    <p class='ocr_par' dir='ltr' id='par_1_21' title="bbox 292 1926 1875 2003">
     <span class='ocr_line' id='line_1_21' title="bbox 292 1926 1875 2003; baseline -0.003 -18"><span class='ocrx_word' id='word_1_135' title='bbox 292 1932 538 2003; x_wconf 85' lang='grc' dir='ltr'>ηκούσης</span> <span class='ocrx_word' id='word_1_136' title='bbox 587 1930 868 2001; x_wconf 82' lang='grc' dir='ltr'>βασιλείας</span> <span class='ocrx_word' id='word_1_137' title='bbox 897 1929 1096 1999; x_wconf 85' lang='grc' dir='ltr'>βέϐαιά</span> <span class='ocrx_word' id='word_1_138' title='bbox 1127 1946 1186 1981; x_wconf 89' lang='grc' dir='ltr'><strong>τε</strong></span> <span class='ocrx_word' id='word_1_139' title='bbox 1216 1929 1313 1982; x_wconf 75' lang='grc' dir='ltr'>καὶ</span> <span class='ocrx_word' id='word_1_140' title='bbox 1348 1926 1685 1997; x_wconf 82' lang='grc' dir='ltr'>ἀνεπίφθονα</span> <span class='ocrx_word' id='word_1_141' title='bbox 1717 1929 1875 1981; x_wconf 87' lang='grc' dir='ltr'>Κων-</span> 
     </span>
    </p>
   </div>
   <div class='ocr_carea' id='block_1_22' title="bbox 293 2017 1880 2091">
    <p class='ocr_par' dir='ltr' id='par_1_22' title="bbox 293 2017 1880 2091">
     <span class='ocr_line' id='line_1_22' title="bbox 293 2017 1880 2091; baseline -0.002 -16"><span class='ocrx_word' id='word_1_142' title='bbox 293 2021 560 2091; x_wconf 86' lang='grc' dir='ltr'>σταντίνῳ</span> <span class='ocrx_word' id='word_1_143' title='bbox 598 2022 692 2075; x_wconf 72' lang='grc' dir='ltr'>καὶ</span> <span class='ocrx_word' id='word_1_144' title='bbox 739 2024 852 2085; x_wconf 86' lang='grc' dir='ltr'>τοῖς</span> <span class='ocrx_word' id='word_1_145' title='bbox 907 2020 1097 2075; x_wconf 88' lang='grc' dir='ltr'>τούτου</span> <span class='ocrx_word' id='word_1_146' title='bbox 1146 2020 1326 2075; x_wconf 81' lang='grc' dir='ltr'>παισί.</span> <span class='ocrx_word' id='word_1_147' title='bbox 1381 2018 1635 2076; x_wconf 78' lang='grc' dir='ltr'>Τοσαῦτα</span> <span class='ocrx_word' id='word_1_148' title='bbox 1688 2021 1718 2072; x_wconf 87' lang='grc' dir='ltr'>ὁ</span> <span class='ocrx_word' id='word_1_149' title='bbox 1772 2017 1880 2072; x_wconf 90' lang='grc' dir='ltr'><strong>τῶν</strong></span> 
     </span>
    </p>
   </div>
   <div class='ocr_carea' id='block_1_23' title="bbox 290 2107 1878 2180">
    <p class='ocr_par' dir='ltr' id='par_1_23' title="bbox 290 2107 1878 2180">
     <span class='ocr_line' id='line_1_23' title="bbox 290 2107 1878 2180; baseline -0.001 -17"><span class='ocrx_word' id='word_1_150' title='bbox 290 2108 535 2180; x_wconf 86' lang='grc' dir='ltr'>ἀρχαίων</span> <span class='ocrx_word' id='word_1_151' title='bbox 577 2108 1050 2179; x_wconf 84' lang='grc' dir='ltr'>ὲκκλησιαστικῶν</span> <span class='ocrx_word' id='word_1_152' title='bbox 1084 2109 1448 2180; x_wconf 84' lang='grc' dir='ltr'>συγγραφέων</span> <span class='ocrx_word' id='word_1_153' title='bbox 1492 2107 1878 2175; x_wconf 82' lang='grc' dir='ltr'>ἀξιοπιστότα-</span> 
     </span>
    </p>
   </div>
   <div class='ocr_carea' id='block_1_24' title="bbox 293 2200 1880 2271">
    <p class='ocr_par' dir='ltr' id='par_1_24' title="bbox 293 2200 1880 2271">
     <span class='ocr_line' id='line_1_24' title="bbox 293 2200 1880 2271; baseline 0.001 -18"><span class='ocrx_word' id='word_1_154' title='bbox 293 2217 384 2262; x_wconf 87' lang='grc' dir='ltr'><strong>τος</strong></span> <span class='ocrx_word' id='word_1_155' title='bbox 432 2201 692 2265; x_wconf 80' lang='grc' dir='ltr'>Εὐσέϐιος</span> <span class='ocrx_word' id='word_1_156' title='bbox 752 2203 781 2255; x_wconf 84' lang='grc' dir='ltr'>ὁ</span> <span class='ocrx_word' id='word_1_157' title='bbox 828 2200 922 2253; x_wconf 91' lang='grc' dir='ltr'><strong>τοῦ</strong></span> <span class='ocrx_word' id='word_1_158' title='bbox 995 2201 1321 2271; x_wconf 76' lang='grc' dir='ltr'>Παμφίλου,</span> <span class='ocrx_word' id='word_1_159' title='bbox 1380 2200 1669 2265; x_wconf 87' lang='grc' dir='ltr'>πλείστους</span> <span class='ocrx_word' id='word_1_160' title='bbox 1722 2202 1880 2265; x_wconf 76' lang='grc' dir='ltr'>ὅσους</span> 
     </span>
    </p>
   </div>
   <div class='ocr_carea' id='block_1_25' title="bbox 293 2292 1881 2365">
    <p class='ocr_par' dir='ltr' id='par_1_25' title="bbox 293 2292 1881 2365">
     <span class='ocr_line' id='line_1_25' title="bbox 293 2292 1881 2365; baseline 0 -19"><span class='ocrx_word' id='word_1_161' title='bbox 293 2292 510 2362; x_wconf 86' lang='grc' dir='ltr'>ἀγῶνας</span> <span class='ocrx_word' id='word_1_162' title='bbox 536 2294 777 2364; x_wconf 60' lang='grc' dir='ltr'>θέμενοι..</span> <span class='ocrx_word' id='word_1_163' title='bbox 803 2296 898 2347; x_wconf 73' lang='grc' dir='ltr'>καὶ</span> <span class='ocrx_word' id='word_1_164' title='bbox 920 2293 1434 2365; x_wconf 82' lang='grc' dir='ltr'>διερευνησάμενος,</span> <span class='ocrx_word' id='word_1_165' title='bbox 1460 2294 1526 2347; x_wconf 81' lang='grc' dir='ltr'>ὲκ</span> <span class='ocrx_word' id='word_1_166' title='bbox 1550 2294 1661 2347; x_wconf 91' lang='grc' dir='ltr'><strong>τῶν</strong></span> <span class='ocrx_word' id='word_1_167' title='bbox 1692 2293 1881 2356; x_wconf 85' lang='grc' dir='ltr'>ἁπλῶς</span> 
     </span>
    </p>
   </div>
   <div class='ocr_carea' id='block_1_26' title="bbox 293 2385 1881 2457">
    <p class='ocr_par' dir='ltr' id='par_1_26' title="bbox 293 2385 1881 2457">
     <span class='ocr_line' id='line_1_26' title="bbox 293 2385 1881 2457; baseline 0 -19"><span class='ocrx_word' id='word_1_168' title='bbox 293 2386 525 2456; x_wconf 74' lang='grc' dir='ltr'>ἑχόντων</span> <span class='ocrx_word' id='word_1_169' title='bbox 556 2386 655 2456; x_wconf 76' lang='grc' dir='ltr'>τὴν</span> <span class='ocrx_word' id='word_1_170' title='bbox 685 2385 957 2456; x_wconf 75' lang='grc' dir='ltr'>ἀναλογὴν</span> <span class='ocrx_word' id='word_1_171' title='bbox 993 2387 1399 2456; x_wconf 88' lang='grc' dir='ltr'>ποιησάμενος,</span> <span class='ocrx_word' id='word_1_172' title='bbox 1433 2387 1492 2439; x_wconf 81' lang='grc' dir='ltr'>ὲν</span> <span class='ocrx_word' id='word_1_173' title='bbox 1530 2387 1663 2440; x_wconf 88' lang='grc' dir='ltr'>δέκα</span> <span class='ocrx_word' id='word_1_174' title='bbox 1692 2386 1881 2457; x_wconf 86' lang='grc' dir='ltr'>τόμοις</span> 
     </span>
    </p>
   </div>
   <div class='ocr_carea' id='block_1_27' title="bbox 293 2466 1880 2549">
    <p class='ocr_par' dir='ltr' id='par_1_27' title="bbox 293 2466 1880 2549">
     <span class='ocr_line' id='line_1_27' title="bbox 293 2466 1880 2549; baseline 0.003 -24"><span class='ocrx_word' id='word_1_175' title='bbox 293 2473 436 2539; x_wconf 80' lang='grc' dir='ltr'>ὅλοις</span> <span class='ocrx_word' id='word_1_176' title='bbox 472 2475 543 2528; x_wconf 89' lang='grc' dir='ltr'><strong>τά</strong></span> <span class='ocrx_word' id='word_1_177' title='bbox 571 2466 672 2547; x_wconf 65' lang='grc' dir='ltr'><strong>τῆς</strong></span> <span class='ocrx_word' id='word_1_178' title='bbox 708 2475 1173 2546; x_wconf 70' lang='grc' dir='ltr'>δκκλησιαστικῆς</span> <span class='ocrx_word' id='word_1_179' title='bbox 1199 2477 1330 2547; x_wconf 81' lang='grc' dir='ltr'>ἡμῖν</span> <span class='ocrx_word' id='word_1_180' title='bbox 1366 2477 1609 2549; x_wconf 84' lang='grc' dir='ltr'>ἱστορίας</span> <span class='ocrx_word' id='word_1_181' title='bbox 1635 2476 1880 2547; x_wconf 88' lang='grc' dir='ltr'>ἀκριϐῶς</span> 
     </span>
    </p>
   </div>
   <div class='ocr_carea' id='block_1_28' title="bbox 295 2567 1884 2641">
    <p class='ocr_par' dir='ltr' id='par_1_28' title="bbox 295 2567 1884 2641">
     <span class='ocr_line' id='line_1_28' title="bbox 295 2567 1884 2641; baseline 0.002 -21"><span class='ocrx_word' id='word_1_182' title='bbox 295 2567 702 2622; x_wconf 85' lang='grc' dir='ltr'>καταλέλοιπεν·</span> <span class='ocrx_word' id='word_1_183' title='bbox 720 2568 1024 2639; x_wconf 79' lang='grc' dir='ltr'>ἀρξάμενος</span> <span class='ocrx_word' id='word_1_184' title='bbox 1051 2568 1147 2638; x_wconf 85' lang='grc' dir='ltr'>μὲν</span> <span class='ocrx_word' id='word_1_185' title='bbox 1168 2567 1277 2623; x_wconf 75' lang='grc' dir='ltr'><strong>ἀπὸ</strong></span> <span class='ocrx_word' id='word_1_186' title='bbox 1297 2569 1394 2638; x_wconf 85' lang='grc' dir='ltr'><strong>τῆς</strong></span> <span class='ocrx_word' id='word_1_187' title='bbox 1409 2568 1504 2621; x_wconf 90' lang='grc' dir='ltr'><strong>τοῦ</strong></span> <span class='ocrx_word' id='word_1_188' title='bbox 1525 2568 1730 2640; x_wconf 81' lang='grc' dir='ltr'>Κυρίου</span> <span class='ocrx_word' id='word_1_189' title='bbox 1751 2587 1884 2641; x_wconf 90' lang='grc' dir='ltr'>παρ-</span> 
     </span>
    </p>
   </div>
   <div class='ocr_carea' id='block_1_29' title="bbox 293 2658 1883 2732">
    <p class='ocr_par' dir='ltr' id='par_1_29' title="bbox 293 2658 1883 2732">
     <span class='ocr_line' id='line_1_29' title="bbox 293 2658 1883 2732; baseline 0.002 -20"><span class='ocrx_word' id='word_1_190' title='bbox 293 2660 502 2723; x_wconf 84' lang='grc' dir='ltr'>ουσίας,</span> <span class='ocrx_word' id='word_1_191' title='bbox 552 2658 849 2731; x_wconf 81' lang='grc' dir='ltr'>πληρώσας</span> <span class='ocrx_word' id='word_1_192' title='bbox 892 2660 948 2714; x_wconf 77' lang='grc' dir='ltr'>δὲ</span> <span class='ocrx_word' id='word_1_193' title='bbox 997 2662 1078 2723; x_wconf 89' lang='grc' dir='ltr'><strong>είς</strong></span> <span class='ocrx_word' id='word_1_194' title='bbox 1114 2660 1301 2713; x_wconf 85' lang='grc' dir='ltr'>τούσδε</span> <span class='ocrx_word' id='word_1_195' title='bbox 1328 2661 1457 2724; x_wconf 77' lang='grc' dir='ltr'>τοὺς</span> <span class='ocrx_word' id='word_1_196' title='bbox 1484 2659 1712 2732; x_wconf 86' lang='grc' dir='ltr'>χρόνους</span> <span class='ocrx_word' id='word_1_197' title='bbox 1735 2700 1752 2725; x_wconf 96' lang='grc'><strong>,</strong></span> <span class='ocrx_word' id='word_1_198' title='bbox 1784 2662 1883 2715; x_wconf 86' lang='grc' dir='ltr'><strong>ούκ</strong></span> 
     </span>
    </p>
   </div>
   <div class='ocr_carea' id='block_1_30' title="bbox 295 2746 1884 2824">
    <p class='ocr_par' dir='ltr' id='par_1_30' title="bbox 295 2746 1884 2824">
     <span class='ocr_line' id='line_1_30' title="bbox 295 2746 1884 2824; baseline 0.002 -22"><span class='ocrx_word' id='word_1_199' title='bbox 295 2750 532 2814; x_wconf 84' lang='grc' dir='ltr'>ἀπόνως·</span> <span class='ocrx_word' id='word_1_200' title='bbox 568 2750 685 2813; x_wconf 86' lang='grc' dir='ltr'><strong>πῶς</strong></span> <span class='ocrx_word' id='word_1_201' title='bbox 712 2750 823 2820; x_wconf 77' lang='grc' dir='ltr'><strong>γὰρ</strong></span> <span class='ocrx_word' id='word_1_202' title='bbox 852 2746 967 2803; x_wconf 74' lang='grc' dir='ltr'>οἶόν</span> <span class='ocrx_word' id='word_1_203' title='bbox 996 2768 1055 2804; x_wconf 90' lang='grc' dir='ltr'><strong>τε</strong></span> <span class='ocrx_word' id='word_1_204' title='bbox 1090 2746 1159 2821; x_wconf 80' lang='grc' dir='ltr'>ἦν</span> <span class='ocrx_word' id='word_1_205' title='bbox 1190 2750 1461 2822; x_wconf 82' lang='grc' dir='ltr'>τοσαύτην</span> <span class='ocrx_word' id='word_1_206' title='bbox 1486 2750 1884 2824; x_wconf 80' lang='grc' dir='ltr'>ἀναδεξάμενον</span> 
     </span>
    </p>
   </div>
   <div class='ocr_carea' id='block_1_31' title="bbox 295 2839 1885 2914">
    <p class='ocr_par' dir='ltr' id='par_1_31' title="bbox 295 2839 1885 2914">
     <span class='ocr_line' id='line_1_31' title="bbox 295 2839 1885 2914; baseline 0.002 -20"><span class='ocrx_word' id='word_1_207' title='bbox 295 2841 560 2911; x_wconf 82' lang='grc' dir='ltr'>φροντίδα</span> <span class='ocrx_word' id='word_1_208' title='bbox 589 2840 683 2894; x_wconf 84' lang='grc' dir='ltr'><strong>τοῦ</strong></span> <span class='ocrx_word' id='word_1_209' title='bbox 707 2839 1081 2895; x_wconf 78' lang='grc' dir='ltr'>διασώσασθαι</span> <span class='ocrx_word' id='word_1_210' title='bbox 1112 2843 1212 2914; x_wconf 87' lang='grc' dir='ltr'><strong>τῆς</strong></span> <span class='ocrx_word' id='word_1_211' title='bbox 1251 2842 1467 2896; x_wconf 83' lang='grc' dir='ltr'>τοιᾶσδε</span> <span class='ocrx_word' id='word_1_212' title='bbox 1498 2842 1763 2914; x_wconf 86' lang='grc' dir='ltr'>συλλογῆς</span> <span class='ocrx_word' id='word_1_213' title='bbox 1785 2842 1885 2914; x_wconf 80' lang='grc' dir='ltr'>τὴν</span> 
     </span>
    </p>
   </div>
   <div class='ocr_carea' id='block_1_32' title="bbox 293 2931 1885 3004">
    <p class='ocr_par' dir='ltr' id='par_1_32' title="bbox 293 2931 1885 3004">
     <span class='ocr_line' id='line_1_32' title="bbox 293 2931 1885 3004; baseline 0.001 -17"><span class='ocrx_word' id='word_1_214' title='bbox 293 2932 600 3002; x_wconf 73' lang='grc' dir='ltr'>ἁρμονίαν;</span> <span class='ocrx_word' id='word_1_215' title='bbox 633 2931 748 2985; x_wconf 81' lang='grc' dir='ltr'>ἀλλ’</span> <span class='ocrx_word' id='word_1_216' title='bbox 778 2932 852 2996; x_wconf 88' lang='grc' dir='ltr'><strong>ώς</strong></span> <span class='ocrx_word' id='word_1_217' title='bbox 896 2934 1099 3003; x_wconf 83' lang='grc' dir='ltr'>ἀρτίως</span> <span class='ocrx_word' id='word_1_218' title='bbox 1143 2933 1302 3004; x_wconf 76' lang='grc' dir='ltr'>ἔφην,</span> <span class='ocrx_word' id='word_1_219' title='bbox 1331 2933 1537 3003; x_wconf 84' lang='grc' dir='ltr'>πολλὴν</span> <span class='ocrx_word' id='word_1_220' title='bbox 1563 2934 1885 3003; x_wconf 87' lang='grc' dir='ltr'>εἰσενεγκά-</span> 
     </span>
    </p>
   </div>
   <div class='ocr_carea' id='block_1_33' title="bbox 301 3021 1886 3097">
    <p class='ocr_par' dir='ltr' id='par_1_33' title="bbox 301 3021 1886 3097">
     <span class='ocr_line' id='line_1_33' title="bbox 301 3021 1886 3097; baseline 0.003 -22"><span class='ocrx_word' id='word_1_221' title='bbox 301 3040 463 3095; x_wconf 86' lang='grc' dir='ltr'>μενος</span> <span class='ocrx_word' id='word_1_222' title='bbox 489 3022 587 3094; x_wconf 77' lang='grc' dir='ltr'>τὴν</span> <span class='ocrx_word' id='word_1_223' title='bbox 615 3024 853 3094; x_wconf 83' lang='grc' dir='ltr'>σπουδὴν</span> <span class='ocrx_word' id='word_1_224' title='bbox 883 3024 980 3078; x_wconf 78' lang='grc' dir='ltr'>καὶ</span> <span class='ocrx_word' id='word_1_225' title='bbox 1015 3021 1245 3079; x_wconf 89' lang='grc' dir='ltr'>πλοῦτον</span> <span class='ocrx_word' id='word_1_226' title='bbox 1278 3024 1483 3097; x_wconf 81' lang='grc' dir='ltr'>ἄφατον</span> <span class='ocrx_word' id='word_1_227' title='bbox 1515 3026 1710 3079; x_wconf 79' lang='grc' dir='ltr'>πόνου’</span> <span class='ocrx_word' id='word_1_228' title='bbox 1747 3026 1886 3080; x_wconf 88' lang='grc' dir='ltr'><strong>ἀλλά</strong></span> 
     </span>
    </p>
   </div>
   <div class='ocr_carea' id='block_1_34' title="bbox 1973 550 3554 629">
    <p class='ocr_par' dir='ltr' id='par_1_34' title="bbox 1973 550 3554 629">
     <span class='ocr_line' id='line_1_34' title="bbox 1973 550 3554 629; baseline 0.001 -24"><span class='ocrx_word' id='word_1_229' title='bbox 1973 562 2100 607; x_wconf 92' lang='lat' dir='ltr'><strong>tunc</strong></span> <span class='ocrx_word' id='word_1_230' title='bbox 2127 552 2308 606; x_wconf 85' lang='lat' dir='ltr'><strong>omnia</strong></span> <span class='ocrx_word' id='word_1_231' title='bbox 2344 551 2528 607; x_wconf 66' lang='lat' dir='ltr'><strong>laetitia</strong></span> <span class='ocrx_word' id='word_1_232' title='bbox 2557 552 2956 629; x_wconf 89' lang='lat' dir='ltr'><strong>redundarunt.</strong></span> <span class='ocrx_word' id='word_1_233' title='bbox 3002 550 3155 605; x_wconf 90' lang='lat' dir='ltr'><strong>Tunc</strong></span> <span class='ocrx_word' id='word_1_234' title='bbox 3183 551 3272 620; x_wconf 93' lang='lat' dir='ltr'><strong>qui</strong></span> <span class='ocrx_word' id='word_1_235' title='bbox 3305 562 3430 607; x_wconf 91' lang='lat' dir='ltr'><strong>ante</strong></span> <span class='ocrx_word' id='word_1_236' title='bbox 3460 552 3554 607; x_wconf 85' lang='lat' dir='ltr'><strong>de-</strong></span> 
     </span>
    </p>
   </div>
   <div class='ocr_carea' id='block_1_35' title="bbox 1972 642 3556 710">
    <p class='ocr_par' dir='ltr' id='par_1_35' title="bbox 1972 642 3556 710">
     <span class='ocr_line' id='line_1_35' title="bbox 1972 642 3556 710; baseline 0.001 -11"><span class='ocrx_word' id='word_1_237' title='bbox 1972 644 2136 699; x_wconf 89' lang='lat' dir='ltr'><strong>missa</strong></span> <span class='ocrx_word' id='word_1_238' title='bbox 2161 655 2217 698; x_wconf 91' lang='lat' dir='ltr'><strong>et</strong></span> <span class='ocrx_word' id='word_1_239' title='bbox 2247 651 2526 699; x_wconf 87' lang='lat' dir='ltr'><strong>contracta</strong></span> <span class='ocrx_word' id='word_1_240' title='bbox 2552 642 2728 699; x_wconf 80' lang='lat' dir='ltr'><strong>fronte</strong></span> <span class='ocrx_word' id='word_1_241' title='bbox 2755 654 2933 710; x_wconf 91' lang='lat' dir='ltr'><strong>erant,</strong></span> <span class='ocrx_word' id='word_1_242' title='bbox 2961 642 3121 699; x_wconf 83' lang='lat' dir='ltr'><strong>hilari</strong></span> <span class='ocrx_word' id='word_1_243' title='bbox 3175 646 3323 699; x_wconf 83' lang='lat' dir='ltr'><strong>vultu</strong></span> <span class='ocrx_word' id='word_1_244' title='bbox 3348 658 3404 699; x_wconf 92' lang='lat' dir='ltr'><strong>et</strong></span> <span class='ocrx_word' id='word_1_245' title='bbox 3434 648 3556 701; x_wconf 60' lang='lat' dir='ltr'><strong>laeto</strong></span> 
     </span>
    </p>
   </div>
   <div class='ocr_carea' id='block_1_36' title="bbox 1972 722 3555 805">
    <p class='ocr_par' dir='ltr' id='par_1_36' title="bbox 1972 722 3555 805">
     <span class='ocr_line' id='line_1_36' title="bbox 1972 722 3555 805; baseline 0 -14"><span class='ocrx_word' id='word_1_246' title='bbox 1972 722 2255 791; x_wconf 81' lang='lat' dir='ltr'><strong>Oculorum</strong></span> <span class='ocrx_word' id='word_1_247' title='bbox 2286 737 2478 792; x_wconf 91' lang='lat' dir='ltr'><strong>obtutu</strong></span> <span class='ocrx_word' id='word_1_248' title='bbox 2509 749 2568 791; x_wconf 90' lang='lat' dir='ltr'><strong>se</strong></span> <span class='ocrx_word' id='word_1_249' title='bbox 2600 744 2786 791; x_wconf 88' lang='lat' dir='ltr'><strong>mutuo</strong></span> <span class='ocrx_word' id='word_1_250' title='bbox 2811 745 3165 805; x_wconf 87' lang='lat' dir='ltr'><strong>aspexerunt.</strong></span> <span class='ocrx_word' id='word_1_251' title='bbox 3244 734 3396 791; x_wconf 84' lang='lat' dir='ltr'><strong>Tunc</strong></span> <span class='ocrx_word' id='word_1_252' title='bbox 3421 737 3555 791; x_wconf 77' lang='lat' dir='ltr'><strong>clio-</strong></span> 
     </span>
    </p>
   </div>
   <div class='ocr_carea' id='block_1_37' title="bbox 1970 825 3555 898">
    <p class='ocr_par' dir='ltr' id='par_1_37' title="bbox 1970 825 3555 898">
     <span class='ocr_line' id='line_1_37' title="bbox 1970 825 3555 898; baseline 0.002 -18"><span class='ocrx_word' id='word_1_253' title='bbox 1970 825 2106 892; x_wconf 88' lang='lat' dir='ltr'><strong>reis,</strong></span> <span class='ocrx_word' id='word_1_254' title='bbox 2140 834 2252 881; x_wconf 89' lang='lat' dir='ltr'><strong>tum</strong></span> <span class='ocrx_word' id='word_1_255' title='bbox 2296 826 2512 898; x_wconf 83' lang='lat' dir='ltr'><strong>hymnis</strong></span> <span class='ocrx_word' id='word_1_256' title='bbox 2542 835 2651 881; x_wconf 90' lang='lat' dir='ltr'><strong>tam</strong></span> <span class='ocrx_word' id='word_1_257' title='bbox 2686 841 2783 895; x_wconf 90' lang='lat' dir='ltr'><strong>per</strong></span> <span class='ocrx_word' id='word_1_258' title='bbox 2814 826 3054 898; x_wconf 87' lang='lat' dir='ltr'><strong>singulas</strong></span> <span class='ocrx_word' id='word_1_259' title='bbox 3076 826 3349 894; x_wconf 78' lang='lat' dir='ltr'><strong>civitates,</strong></span> <span class='ocrx_word' id='word_1_260' title='bbox 3395 844 3555 896; x_wconf 89' lang='lat' dir='ltr'><strong>quam</strong></span> 
     </span>
    </p>
   </div>
   <div class='ocr_carea' id='block_1_38' title="bbox 1974 917 3560 991">
    <p class='ocr_par' dir='ltr' id='par_1_38' title="bbox 1974 917 3560 991">
     <span class='ocr_line' id='line_1_38' title="bbox 1974 917 3560 991; baseline -0.001 -16"><span class='ocrx_word' id='word_1_261' title='bbox 1974 934 2072 990; x_wconf 90' lang='lat' dir='ltr'><strong>per</strong></span> <span class='ocrx_word' id='word_1_262' title='bbox 2096 934 2277 991; x_wconf 90' lang='lat' dir='ltr'><strong>agros,</strong></span> <span class='ocrx_word' id='word_1_263' title='bbox 2304 919 2541 989; x_wconf 89' lang='lat' dir='ltr'><strong>primum</strong></span> <span class='ocrx_word' id='word_1_264' title='bbox 2573 918 2817 974; x_wconf 88' lang='lat' dir='ltr'><strong>omnium</strong></span> <span class='ocrx_word' id='word_1_265' title='bbox 2844 934 3029 988; x_wconf 89' lang='lat' dir='ltr'><strong>regem</strong></span> <span class='ocrx_word' id='word_1_266' title='bbox 3060 917 3231 975; x_wconf 80' lang='lat' dir='ltr'><strong>Deum</strong></span> <span class='ocrx_word' id='word_1_267' title='bbox 3257 929 3311 973; x_wconf 91' lang='lat' dir='ltr'><strong>et</strong></span> <span class='ocrx_word' id='word_1_268' title='bbox 3345 935 3560 990; x_wconf 85' lang='lat' dir='ltr'><strong>germa-</strong></span> 
     </span>
    </p>
   </div>
   <div class='ocr_carea' id='block_1_39' title="bbox 1978 1010 3559 1082">
    <p class='ocr_par' dir='ltr' id='par_1_39' title="bbox 1978 1010 3559 1082">
     <span class='ocr_line' id='line_1_39' title="bbox 1978 1010 3559 1082; baseline 0.002 -17"><span class='ocrx_word' id='word_1_269' title='bbox 1978 1028 2106 1066; x_wconf 89' lang='lat' dir='ltr'><strong>num</strong></span> <span class='ocrx_word' id='word_1_270' title='bbox 2156 1011 2355 1066; x_wconf 86' lang='lat' dir='ltr'><strong>Filium</strong></span> <span class='ocrx_word' id='word_1_271' title='bbox 2379 1010 2493 1081; x_wconf 86' lang='lat' dir='ltr'><strong>ejus</strong></span> <span class='ocrx_word' id='word_1_272' title='bbox 2515 1010 2703 1066; x_wconf 72' lang='lat' dir='ltr'><strong>Iesum</strong></span> <span class='ocrx_word' id='word_1_273' title='bbox 2733 1010 3008 1066; x_wconf 86' lang='lat' dir='ltr'><strong>Christum</strong></span> <span class='ocrx_word' id='word_1_274' title='bbox 3046 1012 3173 1082; x_wconf 88' lang='lat' dir='ltr'><strong>(hoc</strong></span> <span class='ocrx_word' id='word_1_275' title='bbox 3205 1014 3348 1068; x_wconf 90' lang='lat' dir='ltr'><strong>enim</strong></span> <span class='ocrx_word' id='word_1_276' title='bbox 3382 1014 3559 1069; x_wconf 83' lang='lat' dir='ltr'><strong>edocti</strong></span> 
     </span>
    </p>
   </div>
   <div class='ocr_carea' id='block_1_40' title="bbox 1976 1101 3558 1175">
    <p class='ocr_par' dir='ltr' id='par_1_40' title="bbox 1976 1101 3558 1175">
     <span class='ocr_line' id='line_1_40' title="bbox 1976 1101 3558 1175; baseline 0.001 -17"><span class='ocrx_word' id='word_1_277' title='bbox 1976 1102 2152 1175; x_wconf 90' lang='lat' dir='ltr'><strong>erant)</strong></span> <span class='ocrx_word' id='word_1_278' title='bbox 2186 1103 2620 1172; x_wconf 70' lang='lat' dir='ltr'><strong>praedicaverunt</strong></span> <span class='ocrx_word' id='word_1_279' title='bbox 2656 1120 2671 1157; x_wconf 90' lang='lat'><strong>:</strong></span> <span class='ocrx_word' id='word_1_280' title='bbox 2714 1102 2913 1157; x_wconf 90' lang='lat' dir='ltr'><strong>deinde</strong></span> <span class='ocrx_word' id='word_1_281' title='bbox 2962 1101 3110 1172; x_wconf 88' lang='lat' dir='ltr'><strong>pium</strong></span> <span class='ocrx_word' id='word_1_282' title='bbox 3174 1102 3558 1172; x_wconf 85' lang='lat' dir='ltr'><strong>imperatorem</strong></span> 
     </span>
    </p>
   </div>
   <div class='ocr_carea' id='block_1_41' title="bbox 1976 1193 3562 1263">
    <p class='ocr_par' dir='ltr' id='par_1_41' title="bbox 1976 1193 3562 1263">
     <span class='ocr_line' id='line_1_41' title="bbox 1976 1193 3562 1263; baseline 0.002 -15"><span class='ocrx_word' id='word_1_283' title='bbox 1976 1209 2039 1250; x_wconf 86' lang='lat' dir='ltr'><strong>ac</strong></span> <span class='ocrx_word' id='word_1_284' title='bbox 2068 1194 2271 1249; x_wconf 88' lang='lat' dir='ltr'><strong>liberos</strong></span> <span class='ocrx_word' id='word_1_285' title='bbox 2298 1193 2408 1247; x_wconf 88' lang='lat' dir='ltr'><strong>Deo</strong></span> <span class='ocrx_word' id='word_1_286' title='bbox 2432 1193 2486 1247; x_wconf 88' lang='lat' dir='ltr'><strong>in</strong></span> <span class='ocrx_word' id='word_1_287' title='bbox 2537 1194 2733 1263; x_wconf 88' lang='lat' dir='ltr'><strong>primis</strong></span> <span class='ocrx_word' id='word_1_288' title='bbox 2799 1194 2998 1249; x_wconf 86' lang='lat' dir='ltr'><strong>charos</strong></span> <span class='ocrx_word' id='word_1_289' title='bbox 3044 1193 3296 1250; x_wconf 83' lang='lat' dir='ltr'><strong>laudibus</strong></span> <span class='ocrx_word' id='word_1_290' title='bbox 3351 1195 3562 1251; x_wconf 81' lang='lat' dir='ltr'><strong>extule-</strong></span> 
     </span>
    </p>
   </div>
   <div class='ocr_carea' id='block_1_42' title="bbox 1979 1283 3559 1351">
    <p class='ocr_par' dir='ltr' id='par_1_42' title="bbox 1979 1283 3559 1351">
     <span class='ocr_line' id='line_1_42' title="bbox 1979 1283 3559 1351; baseline 0.001 -11"><span class='ocrx_word' id='word_1_291' title='bbox 1979 1294 2126 1340; x_wconf 90' lang='lat' dir='ltr'><strong>runt.</strong></span> <span class='ocrx_word' id='word_1_292' title='bbox 2151 1283 2305 1340; x_wconf 89' lang='lat' dir='ltr'><strong>Tunc</strong></span> <span class='ocrx_word' id='word_1_293' title='bbox 2326 1294 2572 1341; x_wconf 89' lang='lat' dir='ltr'><strong>veterum</strong></span> <span class='ocrx_word' id='word_1_294' title='bbox 2593 1285 2740 1340; x_wconf 82' lang='lat' dir='ltr'><strong>nulla</strong></span> <span class='ocrx_word' id='word_1_295' title='bbox 2766 1285 3077 1342; x_wconf 82' lang='lat' dir='ltr'><strong>recordatio</strong></span> <span class='ocrx_word' id='word_1_296' title='bbox 3107 1287 3401 1351; x_wconf 87' lang='lat' dir='ltr'><strong>malorum,</strong></span> <span class='ocrx_word' id='word_1_297' title='bbox 3430 1297 3559 1342; x_wconf 91' lang='lat' dir='ltr'><strong>tunc</strong></span> 
     </span>
    </p>
   </div>
   <div class='ocr_carea' id='block_1_43' title="bbox 1978 1377 3559 1449">
    <p class='ocr_par' dir='ltr' id='par_1_43' title="bbox 1978 1377 3559 1449">
     <span class='ocr_line' id='line_1_43' title="bbox 1978 1377 3559 1449; baseline -0.002 -15"><span class='ocrx_word' id='word_1_298' title='bbox 1978 1378 2156 1434; x_wconf 90' lang='lat' dir='ltr'><strong>omnis</strong></span> <span class='ocrx_word' id='word_1_299' title='bbox 2182 1377 2477 1449; x_wconf 86' lang='lat' dir='ltr'><strong>impietatis</strong></span> <span class='ocrx_word' id='word_1_300' title='bbox 2525 1378 2748 1444; x_wconf 79' lang='lat' dir='ltr'><strong>oblivio,</strong></span> <span class='ocrx_word' id='word_1_301' title='bbox 2804 1385 2933 1432; x_wconf 90' lang='lat' dir='ltr'><strong>tunc</strong></span> <span class='ocrx_word' id='word_1_302' title='bbox 2980 1379 3166 1434; x_wconf 78' lang='lat' dir='ltr'><strong>suavis</strong></span> <span class='ocrx_word' id='word_1_303' title='bbox 3209 1379 3559 1448; x_wconf 69' lang='lat' dir='ltr'><strong>praesentium</strong></span> 
     </span>
    </p>
   </div>
   <div class='ocr_carea' id='block_1_44' title="bbox 1978 1467 3556 1536">
    <p class='ocr_par' dir='ltr' id='par_1_44' title="bbox 1978 1467 3556 1536">
     <span class='ocr_line' id='line_1_44' title="bbox 1978 1467 3556 1536; baseline 0 -13"><span class='ocrx_word' id='word_1_304' title='bbox 1978 1468 2244 1524; x_wconf 87' lang='lat' dir='ltr'><strong>bonorum</strong></span> <span class='ocrx_word' id='word_1_305' title='bbox 2270 1483 2398 1523; x_wconf 89' lang='lat' dir='ltr'><strong>usus</strong></span> <span class='ocrx_word' id='word_1_306' title='bbox 2416 1477 2472 1525; x_wconf 91' lang='lat' dir='ltr'><strong>et</strong></span> <span class='ocrx_word' id='word_1_307' title='bbox 2494 1468 2808 1534; x_wconf 82' lang='lat' dir='ltr'><strong>oblectatio,</strong></span> <span class='ocrx_word' id='word_1_308' title='bbox 2836 1476 2965 1523; x_wconf 89' lang='lat' dir='ltr'><strong>tunc</strong></span> <span class='ocrx_word' id='word_1_309' title='bbox 2987 1467 3226 1536; x_wconf 89' lang='lat' dir='ltr'><strong>jucunda</strong></span> <span class='ocrx_word' id='word_1_310' title='bbox 3248 1467 3556 1523; x_wconf 82' lang='lat' dir='ltr'><strong>futurorum</strong></span> 
     </span>
    </p>
   </div>
   <div class='ocr_carea' id='block_1_45' title="bbox 1980 1561 3565 1631">
    <p class='ocr_par' dir='ltr' id='par_1_45' title="bbox 1980 1561 3565 1631">
     <span class='ocr_line' id='line_1_45' title="bbox 1980 1561 3565 1631; baseline -0.003 -14"><span class='ocrx_word' id='word_1_311' title='bbox 1980 1561 2336 1631; x_wconf 81' lang='lat' dir='ltr'><strong>exspectatio,</strong></span> <span class='ocrx_word' id='word_1_312' title='bbox 2366 1569 2496 1617; x_wconf 92' lang='lat' dir='ltr'><strong>tunc</strong></span> <span class='ocrx_word' id='word_1_313' title='bbox 2525 1561 2758 1631; x_wconf 88' lang='lat' dir='ltr'><strong>denique</strong></span> <span class='ocrx_word' id='word_1_314' title='bbox 2794 1575 2900 1615; x_wconf 84' lang='lat' dir='ltr'><strong>non</strong></span> <span class='ocrx_word' id='word_1_315' title='bbox 2930 1561 3149 1616; x_wconf 87' lang='lat' dir='ltr'><strong>decreta</strong></span> <span class='ocrx_word' id='word_1_316' title='bbox 3192 1561 3365 1616; x_wconf 90' lang='lat' dir='ltr'><strong>solum</strong></span> <span class='ocrx_word' id='word_1_317' title='bbox 3394 1561 3565 1631; x_wconf 80' lang='lat' dir='ltr'><strong>impe—</strong></span> 
     </span>
    </p>
   </div>
   <div class='ocr_carea' id='block_1_46' title="bbox 1981 1651 3566 1722">
    <p class='ocr_par' dir='ltr' id='par_1_46' title="bbox 1981 1651 3566 1722">
     <span class='ocr_line' id='line_1_46' title="bbox 1981 1651 3566 1722; baseline -0.001 -15"><span class='ocrx_word' id='word_1_318' title='bbox 1981 1652 2203 1720; x_wconf 88' lang='lat' dir='ltr'><strong>ratoris,</strong></span> <span class='ocrx_word' id='word_1_319' title='bbox 2245 1652 2471 1708; x_wconf 76' lang='lat' dir='ltr'><strong>victoris</strong></span> <span class='ocrx_word' id='word_1_320' title='bbox 2504 1651 2877 1719; x_wconf 88' lang='lat' dir='ltr'><strong>illustrissimi,</strong></span> <span class='ocrx_word' id='word_1_321' title='bbox 2917 1651 3072 1722; x_wconf 90' lang='lat' dir='ltr'><strong>plena</strong></span> <span class='ocrx_word' id='word_1_322' title='bbox 3103 1652 3461 1706; x_wconf 60' lang='lat' dir='ltr'><strong>humanitatis</strong></span> <span class='ocrx_word' id='word_1_323' title='bbox 3507 1663 3566 1706; x_wconf 87' lang='lat' dir='ltr'><strong>et</strong></span> 
     </span>
    </p>
   </div>
   <div class='ocr_carea' id='block_1_47' title="bbox 1981 1742 3566 1814">
    <p class='ocr_par' dir='ltr' id='par_1_47' title="bbox 1981 1742 3566 1814">
     <span class='ocr_line' id='line_1_47' title="bbox 1981 1742 3566 1814; baseline -0.001 -17"><span class='ocrx_word' id='word_1_324' title='bbox 1981 1744 2301 1810; x_wconf 66' lang='lat' dir='ltr'><strong>clementiae,</strong></span> <span class='ocrx_word' id='word_1_325' title='bbox 2329 1758 2518 1799; x_wconf 89' lang='lat' dir='ltr'><strong>verum</strong></span> <span class='ocrx_word' id='word_1_326' title='bbox 2544 1747 2707 1798; x_wconf 87' lang='lat' dir='ltr'><strong>etiam</strong></span> <span class='ocrx_word' id='word_1_327' title='bbox 2736 1742 2899 1814; x_wconf 81' lang='lat' dir='ltr'><strong>leges,</strong></span> <span class='ocrx_word' id='word_1_328' title='bbox 2921 1743 3121 1799; x_wconf 83' lang='lat' dir='ltr'><strong>eximia</strong></span> <span class='ocrx_word' id='word_1_329' title='bbox 3146 1742 3566 1814; x_wconf 74' lang='lat' dir='ltr'><strong>magniﬁcentiae</strong></span> 
     </span>
    </p>
   </div>
   <div class='ocr_carea' id='block_1_48' title="bbox 1984 1833 3564 1907">
    <p class='ocr_par' dir='ltr' id='par_1_48' title="bbox 1984 1833 3564 1907">
     <span class='ocr_line' id='line_1_48' title="bbox 1984 1833 3564 1907; baseline -0.001 -17"><span class='ocrx_word' id='word_1_330' title='bbox 1984 1835 2127 1891; x_wconf 88' lang='lat' dir='ltr'><strong>illius</strong></span> <span class='ocrx_word' id='word_1_331' title='bbox 2153 1845 2208 1891; x_wconf 90' lang='lat' dir='ltr'><strong>et</strong></span> <span class='ocrx_word' id='word_1_332' title='bbox 2242 1850 2384 1891; x_wconf 68' lang='lat' dir='ltr'><strong>verat</strong></span> <span class='ocrx_word' id='word_1_333' title='bbox 2413 1836 2633 1906; x_wconf 88' lang='lat' dir='ltr'><strong>pietatis</strong></span> <span class='ocrx_word' id='word_1_334' title='bbox 2657 1835 2867 1907; x_wconf 85' lang='lat' dir='ltr'><strong>judicia</strong></span> <span class='ocrx_word' id='word_1_335' title='bbox 2895 1834 3345 1905; x_wconf 86' lang='lat' dir='ltr'><strong>contplectentes,</strong></span> <span class='ocrx_word' id='word_1_336' title='bbox 3399 1834 3452 1888; x_wconf 90' lang='lat' dir='ltr'><strong>in</strong></span> <span class='ocrx_word' id='word_1_337' title='bbox 3484 1833 3564 1888; x_wconf 91' lang='lat' dir='ltr'><strong>lo-</strong></span> 
     </span>
    </p>
   </div>
   <div class='ocr_carea' id='block_1_49' title="bbox 1982 1924 3564 1999">
    <p class='ocr_par' dir='ltr' id='par_1_49' title="bbox 1982 1924 3564 1999">
     <span class='ocr_line' id='line_1_49' title="bbox 1982 1924 3564 1999; baseline -0.001 -17"><span class='ocrx_word' id='word_1_338' title='bbox 1982 1926 2061 1982; x_wconf 91' lang='lat' dir='ltr'><strong>cis</strong></span> <span class='ocrx_word' id='word_1_339' title='bbox 2083 1927 2393 1999; x_wconf 88' lang='lat' dir='ltr'><strong>quibusque</strong></span> <span class='ocrx_word' id='word_1_340' title='bbox 2417 1927 2726 1998; x_wconf 64' lang='lat' dir='ltr'><strong>divulgatm.</strong></span> <span class='ocrx_word' id='word_1_341' title='bbox 2779 1926 2871 1981; x_wconf 90' lang='lat' dir='ltr'><strong>Sic</strong></span> <span class='ocrx_word' id='word_1_342' title='bbox 2907 1940 3038 1996; x_wconf 88' lang='lat' dir='ltr'><strong>ergo</strong></span> <span class='ocrx_word' id='word_1_343' title='bbox 3092 1924 3347 1995; x_wconf 77' lang='lat' dir='ltr'><strong>pestifera</strong></span> <span class='ocrx_word' id='word_1_344' title='bbox 3396 1926 3564 1980; x_wconf 84' lang='lat' dir='ltr'><strong>totius</strong></span> 
     </span>
    </p>
   </div>
   <div class='ocr_carea' id='block_1_50' title="bbox 1983 2017 3567 2091">
    <p class='ocr_par' dir='ltr' id='par_1_50' title="bbox 1983 2017 3567 2091">
     <span class='ocr_line' id='line_1_50' title="bbox 1983 2017 3567 2091; baseline -0.003 -17"><span class='ocrx_word' id='word_1_345' title='bbox 1983 2019 2285 2091; x_wconf 79' lang='lat' dir='ltr'><strong>tyrannidis</strong></span> <span class='ocrx_word' id='word_1_346' title='bbox 2310 2018 2431 2073; x_wconf 87' lang='lat' dir='ltr'><strong>labe</strong></span> <span class='ocrx_word' id='word_1_347' title='bbox 2457 2029 2685 2089; x_wconf 88' lang='lat' dir='ltr'><strong>purgata</strong></span> <span class='ocrx_word' id='word_1_348' title='bbox 2733 2018 3039 2087; x_wconf 84' lang='lat' dir='ltr'><strong>deletaque,</strong></span> <span class='ocrx_word' id='word_1_349' title='bbox 3066 2017 3456 2073; x_wconf 85' lang='lat' dir='ltr'><strong>Constantinus</strong></span> <span class='ocrx_word' id='word_1_350' title='bbox 3477 2030 3567 2070; x_wconf 85' lang='lat' dir='ltr'><strong>so-</strong></span> 
     </span>
    </p>
   </div>
   <div class='ocr_carea' id='block_1_51' title="bbox 1983 2102 3677 2180">
    <p class='ocr_par' dir='ltr' id='par_1_51' title="bbox 1983 2102 3677 2180">
     <span class='ocr_line' id='line_1_51' title="bbox 1983 2102 3677 2180; baseline -0.002 -15"><span class='ocrx_word' id='word_1_351' title='bbox 1983 2113 2093 2165; x_wconf 91' lang='lat' dir='ltr'><strong>lum</strong></span> <span class='ocrx_word' id='word_1_352' title='bbox 2124 2120 2180 2165; x_wconf 91' lang='lat' dir='ltr'><strong>et</strong></span> <span class='ocrx_word' id='word_1_353' title='bbox 2211 2109 2390 2176; x_wconf 84' lang='lat' dir='ltr'><strong>liberi,</strong></span> <span class='ocrx_word' id='word_1_354' title='bbox 2434 2109 2645 2177; x_wconf 89' lang='lat' dir='ltr'><strong>imperii</strong></span> <span class='ocrx_word' id='word_1_355' title='bbox 2670 2108 2736 2163; x_wconf 88' lang='lat' dir='ltr'><strong>ad</strong></span> <span class='ocrx_word' id='word_1_356' title='bbox 2779 2109 2926 2180; x_wconf 86' lang='lat' dir='ltr'><strong>ipsos</strong></span> <span class='ocrx_word' id='word_1_357' title='bbox 2969 2108 3093 2178; x_wconf 76' lang='lat' dir='ltr'><strong>iure</strong></span> <span class='ocrx_word' id='word_1_358' title='bbox 3119 2109 3440 2180; x_wconf 86' lang='lat' dir='ltr'><strong>pertinentis</strong></span> <span class='ocrx_word' id='word_1_359' title='bbox 3466 2125 3566 2178; x_wconf 87' lang='lat' dir='ltr'><strong>gu-</strong></span> <span class='ocrx_word' id='word_1_360' title='bbox 3672 2102 3677 2113; x_wconf 76' lang='grc'><em>“</em></span> 
     </span>
    </p>
   </div>
   <div class='ocr_carea' id='block_1_52' title="bbox 1984 2198 3568 2270">
    <p class='ocr_par' dir='ltr' id='par_1_52' title="bbox 1984 2198 3568 2270">
     <span class='ocr_line' id='line_1_52' title="bbox 1984 2198 3568 2270; baseline -0.003 -14"><span class='ocrx_word' id='word_1_361' title='bbox 1984 2199 2297 2265; x_wconf 85' lang='lat' dir='ltr'><strong>bernacula,</strong></span> <span class='ocrx_word' id='word_1_362' title='bbox 2324 2201 2652 2255; x_wconf 85' lang='lat' dir='ltr'><strong>auctoritate</strong></span> <span class='ocrx_word' id='word_1_363' title='bbox 2688 2208 2743 2254; x_wconf 90' lang='lat' dir='ltr'><strong>et</strong></span> <span class='ocrx_word' id='word_1_364' title='bbox 2765 2199 3017 2270; x_wconf 83' lang='lat' dir='ltr'><strong>praesidio</strong></span> <span class='ocrx_word' id='word_1_365' title='bbox 3047 2198 3223 2263; x_wconf 73' lang='lat' dir='ltr'><strong>firma,</strong></span> <span class='ocrx_word' id='word_1_366' title='bbox 3254 2198 3473 2252; x_wconf 78' lang='lat' dir='ltr'><strong>invidia:</strong></span> <span class='ocrx_word' id='word_1_367' title='bbox 3501 2212 3568 2252; x_wconf 86' lang='lat' dir='ltr'><strong>ac</strong></span> 
     </span>
    </p>
   </div>
   <div class='ocr_carea' id='block_1_53' title="bbox 1986 2289 3566 2362">
    <p class='ocr_par' dir='ltr' id='par_1_53' title="bbox 1986 2289 3566 2362">
     <span class='ocr_line' id='line_1_53' title="bbox 1986 2289 3566 2362; baseline -0.002 -15"><span class='ocrx_word' id='word_1_368' title='bbox 1986 2302 2162 2349; x_wconf 89' lang='lat' dir='ltr'><strong>metus</strong></span> <span class='ocrx_word' id='word_1_369' title='bbox 2188 2292 2435 2361; x_wconf 82' lang='lat' dir='ltr'><strong>expertia</strong></span> <span class='ocrx_word' id='word_1_370' title='bbox 2460 2291 2717 2360; x_wconf 86' lang='lat' dir='ltr'><strong>deinceps</strong></span> <span class='ocrx_word' id='word_1_371' title='bbox 2749 2291 3139 2362; x_wconf 88' lang='lat' dir='ltr'><strong>possederunt.</strong></span> <span class='ocrx_word' id='word_1_372' title='bbox 3167 2289 3443 2344; x_wconf 81' lang='lat' dir='ltr'><strong>Hactenus</strong></span> <span class='ocrx_word' id='word_1_373' title='bbox 3471 2304 3566 2345; x_wconf 89' lang='lat' dir='ltr'><strong>ve-</strong></span> 
     </span>
    </p>
   </div>
   <div class='ocr_carea' id='block_1_54' title="bbox 1985 2384 3566 2456">
    <p class='ocr_par' dir='ltr' id='par_1_54' title="bbox 1985 2384 3566 2456">
     <span class='ocr_line' id='line_1_54' title="bbox 1985 2384 3566 2456; baseline -0.004 -11"><span class='ocrx_word' id='word_1_374' title='bbox 1985 2397 2159 2445; x_wconf 86' lang='lat' dir='ltr'><strong>terum</strong></span> <span class='ocrx_word' id='word_1_375' title='bbox 2186 2385 2685 2443; x_wconf 89' lang='lat' dir='ltr'><strong>ecclesiasticorum</strong></span> <span class='ocrx_word' id='word_1_376' title='bbox 2721 2387 3053 2456; x_wconf 89' lang='lat' dir='ltr'><strong>scriptorum</strong></span> <span class='ocrx_word' id='word_1_377' title='bbox 3092 2385 3197 2439; x_wconf 84' lang='lat' dir='ltr'><strong>lide</strong></span> <span class='ocrx_word' id='word_1_378' title='bbox 3215 2384 3566 2455; x_wconf 88' lang='lat' dir='ltr'><strong>dignissimus</strong></span> 
     </span>
    </p>
   </div>
   <div class='ocr_carea' id='block_1_55' title="bbox 1983 2476 3567 2549">
    <p class='ocr_par' dir='ltr' id='par_1_55' title="bbox 1983 2476 3567 2549">
     <span class='ocr_line' id='line_1_55' title="bbox 1983 2476 3567 2549; baseline -0.003 -16"><span class='ocrx_word' id='word_1_379' title='bbox 1983 2477 2252 2536; x_wconf 88' lang='lat' dir='ltr'><strong>Eusebius</strong></span> <span class='ocrx_word' id='word_1_380' title='bbox 2302 2476 2591 2549; x_wconf 86' lang='lat' dir='ltr'><strong>Pamphili,</strong></span> <span class='ocrx_word' id='word_1_381' title='bbox 2658 2479 2749 2549; x_wconf 89' lang='lat' dir='ltr'><strong>qui</strong></span> <span class='ocrx_word' id='word_1_382' title='bbox 2786 2492 2999 2535; x_wconf 89' lang='lat' dir='ltr'><strong>summa</strong></span> <span class='ocrx_word' id='word_1_383' title='bbox 3036 2476 3384 2532; x_wconf 86' lang='lat' dir='ltr'><strong>contentione</strong></span> <span class='ocrx_word' id='word_1_384' title='bbox 3449 2476 3567 2529; x_wconf 84' lang='lat' dir='ltr'><strong>cni-</strong></span> 
     </span>
    </p>
   </div>
   <div class='ocr_carea' id='block_1_56' title="bbox 1986 2566 3568 2643">
    <p class='ocr_par' dir='ltr' id='par_1_56' title="bbox 1986 2566 3568 2643">
     <span class='ocr_line' id='line_1_56' title="bbox 1986 2566 3568 2643; baseline -0.004 -17"><span class='ocrx_word' id='word_1_385' title='bbox 1986 2582 2128 2638; x_wconf 87' lang='lat' dir='ltr'><strong>tens,</strong></span> <span class='ocrx_word' id='word_1_386' title='bbox 2156 2581 2271 2628; x_wconf 86' lang='lat' dir='ltr'><strong>tum</strong></span> <span class='ocrx_word' id='word_1_387' title='bbox 2300 2573 2594 2643; x_wconf 79' lang='lat' dir='ltr'><strong>exquirens</strong></span> <span class='ocrx_word' id='word_1_388' title='bbox 2618 2568 2851 2640; x_wconf 83' lang='lat' dir='ltr'><strong>singula,</strong></span> <span class='ocrx_word' id='word_1_389' title='bbox 2882 2578 2937 2623; x_wconf 86' lang='lat' dir='ltr'><strong>et</strong></span> <span class='ocrx_word' id='word_1_390' title='bbox 2970 2584 3037 2624; x_wconf 89' lang='lat' dir='ltr'><strong>ex</strong></span> <span class='ocrx_word' id='word_1_391' title='bbox 3071 2567 3157 2623; x_wconf 90' lang='lat' dir='ltr'><strong>his</strong></span> <span class='ocrx_word' id='word_1_392' title='bbox 3182 2582 3304 2637; x_wconf 80' lang='lat' dir='ltr'><strong>quae</strong></span> <span class='ocrx_word' id='word_1_393' title='bbox 3356 2566 3568 2635; x_wconf 89' lang='lat' dir='ltr'><strong>simpli-</strong></span> 
     </span>
    </p>
   </div>
   <div class='ocr_carea' id='block_1_57' title="bbox 1984 2658 3563 2730">
    <p class='ocr_par' dir='ltr' id='par_1_57' title="bbox 1984 2658 3563 2730">
     <span class='ocr_line' id='line_1_57' title="bbox 1984 2658 3563 2730; baseline -0.003 -17"><span class='ocrx_word' id='word_1_394' title='bbox 1984 2659 2121 2715; x_wconf 87' lang='lat' dir='ltr'><strong>citer</strong></span> <span class='ocrx_word' id='word_1_395' title='bbox 2149 2674 2209 2715; x_wconf 86' lang='lat' dir='ltr'><strong>se</strong></span> <span class='ocrx_word' id='word_1_396' title='bbox 2242 2660 2539 2726; x_wconf 88' lang='lat' dir='ltr'><strong>habebant,</strong></span> <span class='ocrx_word' id='word_1_397' title='bbox 2586 2673 2881 2730; x_wconf 81' lang='lat' dir='ltr'><strong>congruam</strong></span> <span class='ocrx_word' id='word_1_398' title='bbox 2946 2658 3179 2725; x_wconf 88' lang='lat' dir='ltr'><strong>partium</strong></span> <span class='ocrx_word' id='word_1_399' title='bbox 3251 2670 3563 2711; x_wconf 85' lang='lat' dir='ltr'><strong>mensuram</strong></span> 
     </span>
    </p>
   </div>
   <div class='ocr_carea' id='block_1_58' title="bbox 1984 2747 3566 2821">
    <p class='ocr_par' dir='ltr' id='par_1_58' title="bbox 1984 2747 3566 2821">
     <span class='ocr_line' id='line_1_58' title="bbox 1984 2747 3566 2821; baseline -0.002 -14"><span class='ocrx_word' id='word_1_400' title='bbox 1984 2751 2247 2816; x_wconf 77' lang='lat' dir='ltr'><strong>eﬂiciens,</strong></span> <span class='ocrx_word' id='word_1_401' title='bbox 2276 2752 2463 2808; x_wconf 87' lang='lat' dir='ltr'><strong>decem</strong></span> <span class='ocrx_word' id='word_1_402' title='bbox 2488 2751 2717 2821; x_wconf 76' lang='lat' dir='ltr'><strong>integris</strong></span> <span class='ocrx_word' id='word_1_403' title='bbox 2754 2750 2908 2806; x_wconf 81' lang='lat' dir='ltr'><strong>libris</strong></span> <span class='ocrx_word' id='word_1_404' title='bbox 2943 2747 3234 2804; x_wconf 85' lang='lat' dir='ltr'><strong>Historiam</strong></span> <span class='ocrx_word' id='word_1_405' title='bbox 3277 2749 3432 2803; x_wconf 90' lang='lat' dir='ltr'><strong>nobis</strong></span> <span class='ocrx_word' id='word_1_406' title='bbox 3471 2762 3566 2804; x_wconf 85' lang='lat' dir='ltr'><strong>ec-</strong></span> 
     </span>
    </p>
   </div>
   <div class='ocr_carea' id='block_1_59' title="bbox 1985 2841 3565 2915">
    <p class='ocr_par' dir='ltr' id='par_1_59' title="bbox 1985 2841 3565 2915">
     <span class='ocr_line' id='line_1_59' title="bbox 1985 2841 3565 2915; baseline -0.004 -14"><span class='ocrx_word' id='word_1_407' title='bbox 1985 2844 2344 2901; x_wconf 81' lang='lat' dir='ltr'><strong>clesiasticam</strong></span> <span class='ocrx_word' id='word_1_408' title='bbox 2362 2843 2654 2915; x_wconf 81' lang='lat' dir='ltr'><strong>perfectam</strong></span> <span class='ocrx_word' id='word_1_409' title='bbox 2680 2842 2920 2911; x_wconf 87' lang='lat' dir='ltr'><strong>reliquit,</strong></span> <span class='ocrx_word' id='word_1_410' title='bbox 2936 2841 3205 2910; x_wconf 89' lang='lat' dir='ltr'><strong>incipiens</strong></span> <span class='ocrx_word' id='word_1_411' title='bbox 3237 2841 3306 2896; x_wconf 86' lang='lat' dir='ltr'><strong>ab</strong></span> <span class='ocrx_word' id='word_1_412' title='bbox 3328 2844 3565 2895; x_wconf 85' lang='lat' dir='ltr'><strong>adventu</strong></span> 
     </span>
    </p>
   </div>
   <div class='ocr_carea' id='block_1_60' title="bbox 1990 2933 3563 3003">
    <p class='ocr_par' dir='ltr' id='par_1_60' title="bbox 1990 2933 3563 3003">
     <span class='ocr_line' id='line_1_60' title="bbox 1990 2933 3563 3003; baseline -0.003 -12"><span class='ocrx_word' id='word_1_413' title='bbox 1990 2936 2222 3003; x_wconf 85' lang='lat' dir='ltr'><strong>Domini,</strong></span> <span class='ocrx_word' id='word_1_414' title='bbox 2256 2937 2513 2991; x_wconf 87' lang='lat' dir='ltr'><strong>desinens</strong></span> <span class='ocrx_word' id='word_1_415' title='bbox 2559 2943 2744 2989; x_wconf 90' lang='lat' dir='ltr'><strong>autem</strong></span> <span class='ocrx_word' id='word_1_416' title='bbox 2787 2934 2841 2987; x_wconf 90' lang='lat' dir='ltr'><strong>in</strong></span> <span class='ocrx_word' id='word_1_417' title='bbox 2874 2933 2990 2987; x_wconf 74' lang='lat' dir='ltr'><strong>inec</strong></span> <span class='ocrx_word' id='word_1_418' title='bbox 3013 2942 3278 3003; x_wconf 83' lang='lat' dir='ltr'><strong>tempora,</strong></span> <span class='ocrx_word' id='word_1_419' title='bbox 3314 2947 3420 2988; x_wconf 87' lang='lat' dir='ltr'><strong>non</strong></span> <span class='ocrx_word' id='word_1_420' title='bbox 3445 2933 3563 2987; x_wconf 90' lang='lat' dir='ltr'><strong>sine</strong></span> 
     </span>
    </p>
   </div>
   <div class='ocr_carea' id='block_1_61' title="bbox 1988 3025 3567 3095">
    <p class='ocr_par' dir='ltr' id='par_1_61' title="bbox 1988 3025 3567 3095">
     <span class='ocr_line' id='line_1_61' title="bbox 1988 3025 3567 3095; baseline -0.001 -12"><span class='ocrx_word' id='word_1_421' title='bbox 1988 3029 2194 3086; x_wconf 88' lang='lat' dir='ltr'><strong>labore.</strong></span> <span class='ocrx_word' id='word_1_422' title='bbox 2247 3028 2533 3095; x_wconf 84' lang='lat' dir='ltr'><strong>Quomodo</strong></span> <span class='ocrx_word' id='word_1_423' title='bbox 2581 3027 2727 3083; x_wconf 92' lang='lat' dir='ltr'><strong>enim</strong></span> <span class='ocrx_word' id='word_1_424' title='bbox 2773 3026 2934 3080; x_wconf 88' lang='lat' dir='ltr'><strong>aliter</strong></span> <span class='ocrx_word' id='word_1_425' title='bbox 2987 3025 3101 3080; x_wconf 87' lang='lat' dir='ltr'><strong>lieri</strong></span> <span class='ocrx_word' id='word_1_426' title='bbox 3151 3035 3362 3095; x_wconf 86' lang='lat' dir='ltr'><strong>poterat</strong></span> <span class='ocrx_word' id='word_1_427' title='bbox 3407 3027 3476 3080; x_wconf 90' lang='lat' dir='ltr'><strong>ab</strong></span> <span class='ocrx_word' id='word_1_428' title='bbox 3501 3041 3567 3081; x_wconf 91' lang='lat' dir='ltr'><strong>eo</strong></span> 
     </span>
    </p>
   </div>
   <div class='ocr_carea' id='block_1_62' title="bbox 304 3116 1882 3203">
    <p class='ocr_par' dir='ltr' id='par_1_62' title="bbox 304 3116 1881 3191">
     <span class='ocr_line' id='line_1_62' title="bbox 304 3116 1881 3191; baseline 0.004 -24"><span class='ocrx_word' id='word_1_429' title='bbox 304 3116 492 3186; x_wconf 75' lang='grc' dir='ltr'>μηδεὶς</span> <span class='ocrx_word' id='word_1_430' title='bbox 522 3117 721 3170; x_wconf 85' lang='grc' dir='ltr'>οἰέσθω</span> <span class='ocrx_word' id='word_1_431' title='bbox 760 3118 853 3171; x_wconf 87' lang='grc' dir='ltr'>τὸν</span> <span class='ocrx_word' id='word_1_432' title='bbox 882 3117 1054 3189; x_wconf 86' lang='grc' dir='ltr'>ἄνδρα</span> <span class='ocrx_word' id='word_1_433' title='bbox 1083 3120 1147 3172; x_wconf 79' lang='grc' dir='ltr'>ἐκ</span> <span class='ocrx_word' id='word_1_434' title='bbox 1182 3119 1288 3172; x_wconf 89' lang='grc' dir='ltr'><strong>τῶν</strong></span> <span class='ocrx_word' id='word_1_435' title='bbox 1321 3121 1450 3191; x_wconf 69' lang='grc' dir='ltr'>περὶ</span> <span class='ocrx_word' id='word_1_436' title='bbox 1483 3121 1650 3173; x_wconf 86' lang='grc' dir='ltr'>αὑτοῦ</span> <span class='ocrx_word' id='word_1_437' title='bbox 1685 3122 1881 3175; x_wconf 84' lang='grc' dir='ltr'>ὲπιπε-</span> 
     </span>
    </p>
   </div>
   <div class='ocr_carea' id='block_1_63' title="bbox 1987 3116 3568 3203">
    <p class='ocr_par' dir='ltr' id='par_1_63' title="bbox 1987 3116 3568 3192">
     <span class='ocr_line' id='line_1_63' title="bbox 1987 3116 3568 3192; baseline -0.003 -16"><span class='ocrx_word' id='word_1_438' title='bbox 1987 3122 2079 3192; x_wconf 92' lang='lat' dir='ltr'><strong>qui</strong></span> <span class='ocrx_word' id='word_1_439' title='bbox 2140 3129 2342 3175; x_wconf 88' lang='lat' dir='ltr'><strong>tantam</strong></span> <span class='ocrx_word' id='word_1_440' title='bbox 2380 3134 2568 3176; x_wconf 89' lang='lat' dir='ltr'><strong>curam</strong></span> <span class='ocrx_word' id='word_1_441' title='bbox 2614 3125 2950 3188; x_wconf 84' lang='lat' dir='ltr'><strong>susceperat,</strong></span> <span class='ocrx_word' id='word_1_442' title='bbox 3012 3128 3073 3171; x_wconf 92' lang='lat' dir='ltr'><strong>ut</strong></span> <span class='ocrx_word' id='word_1_443' title='bbox 3110 3117 3236 3171; x_wconf 85' lang='lat' dir='ltr'><strong>talis</strong></span> <span class='ocrx_word' id='word_1_444' title='bbox 3292 3116 3568 3177; x_wconf 85' lang='lat' dir='ltr'><strong>collectio-</strong></span> 
     </span>
    </p>
   </div>
   <div class='ocr_carea' id='block_1_64' title="bbox 301 3206 1878 3282">
    <p class='ocr_par' dir='ltr' id='par_1_64' title="bbox 301 3206 1878 3282">
     <span class='ocr_line' id='line_1_64' title="bbox 301 3206 1878 3282; baseline 0.005 -24"><span class='ocrx_word' id='word_1_445' title='bbox 301 3206 683 3277; x_wconf 85' lang='grc' dir='ltr'>φημισμένων,</span> <span class='ocrx_word' id='word_1_446' title='bbox 734 3208 810 3271; x_wconf 88' lang='grc' dir='ltr'><strong>ώς</strong></span> <span class='ocrx_word' id='word_1_447' title='bbox 854 3210 954 3280; x_wconf 90' lang='grc' dir='ltr'><strong>τῆς</strong></span> <span class='ocrx_word' id='word_1_448' title='bbox 1016 3211 1227 3279; x_wconf 83' lang='grc' dir='ltr'>’Λρείου</span> <span class='ocrx_word' id='word_1_449' title='bbox 1263 3210 1613 3282; x_wconf 84' lang='grc' dir='ltr'>βλασφημίας</span> <span class='ocrx_word' id='word_1_450' title='bbox 1657 3213 1788 3266; x_wconf 89' lang='grc' dir='ltr'>ποτέ</span> <span class='ocrx_word' id='word_1_451' title='bbox 1827 3231 1878 3267; x_wconf 90' lang='grc' dir='ltr'><strong>τι</strong></span> 
     </span>
    </p>
   </div>
   <div class='ocr_carea' id='block_1_65' title="bbox 301 3298 1882 3369">
    <p class='ocr_par' dir='ltr' id='par_1_65' title="bbox 301 3298 1882 3369">
     <span class='ocr_line' id='line_1_65' title="bbox 301 3298 1882 3369; baseline 0.005 -19"><span class='ocrx_word' id='word_1_452' title='bbox 301 3302 654 3369; x_wconf 84' lang='grc' dir='ltr'>πεφρονήκει.</span> <span class='ocrx_word' id='word_1_453' title='bbox 702 3298 865 3353; x_wconf 84' lang='grc' dir='ltr'>Ἀλλά</span> <span class='ocrx_word' id='word_1_454' title='bbox 895 3301 1193 3361; x_wconf 87' lang='grc' dir='ltr'>πεπείσθω.</span> <span class='ocrx_word' id='word_1_455' title='bbox 1222 3302 1299 3366; x_wconf 85' lang='grc' dir='ltr'>ὼς</span> <span class='ocrx_word' id='word_1_456' title='bbox 1326 3304 1374 3356; x_wconf 91' lang='grc' dir='ltr'><strong>εί</strong></span> <span class='ocrx_word' id='word_1_457' title='bbox 1399 3303 1493 3356; x_wconf 89' lang='grc' dir='ltr'><strong>καί</strong></span> <span class='ocrx_word' id='word_1_458' title='bbox 1524 3304 1627 3356; x_wconf 69' lang='grc' dir='ltr'>τιν’</span> <span class='ocrx_word' id='word_1_459' title='bbox 1658 3303 1725 3357; x_wconf 85' lang='grc' dir='ltr'>ἂν</span> <span class='ocrx_word' id='word_1_460' title='bbox 1755 3303 1882 3358; x_wconf 71' lang='grc' dir='ltr'>ἑλά-</span> 
     </span>
    </p>
   </div>
   <div class='ocr_carea' id='block_1_66' title="bbox 301 3386 1878 3465">
    <p class='ocr_par' dir='ltr' id='par_1_66' title="bbox 301 3386 1878 3465">
     <span class='ocr_line' id='line_1_66' title="bbox 301 3386 1878 3465; baseline 0.006 -26"><span class='ocrx_word' id='word_1_461' title='bbox 301 3386 517 3461; x_wconf 77' lang='grc' dir='ltr'>λησενῆ</span> <span class='ocrx_word' id='word_1_462' title='bbox 546 3388 777 3461; x_wconf 78' lang='grc' dir='ltr'>ἔγραψε,</span> <span class='ocrx_word' id='word_1_463' title='bbox 808 3394 1004 3462; x_wconf 71' lang='grc' dir='ltr'>μικρόν</span> <span class='ocrx_word' id='word_1_464' title='bbox 1033 3409 1084 3444; x_wconf 92' lang='grc' dir='ltr'><strong>τι</strong></span> <span class='ocrx_word' id='word_1_465' title='bbox 1114 3392 1450 3465; x_wconf 80' lang='grc' dir='ltr'>τῶνἈρείου</span> <span class='ocrx_word' id='word_1_466' title='bbox 1480 3394 1878 3465; x_wconf 87' lang='grc' dir='ltr'>ύπονοούμενα,</span> 
     </span>
    </p>
   </div>
   <div class='ocr_carea' id='block_1_67' title="bbox 302 3479 1882 3553">
    <p class='ocr_par' dir='ltr' id='par_1_67' title="bbox 302 3479 1882 3553">
     <span class='ocr_line' id='line_1_67' title="bbox 302 3479 1882 3553; baseline 0.007 -24"><span class='ocrx_word' id='word_1_467' title='bbox 302 3479 363 3530; x_wconf 85' lang='grc' dir='ltr'><strong>ού</strong></span> <span class='ocrx_word' id='word_1_468' title='bbox 401 3480 510 3551; x_wconf 82' lang='grc' dir='ltr'>μὴν</span> <span class='ocrx_word' id='word_1_469' title='bbox 557 3480 699 3535; x_wconf 84' lang='grc' dir='ltr'><strong>κατά</strong></span> <span class='ocrx_word' id='word_1_470' title='bbox 739 3482 838 3553; x_wconf 78' lang='grc' dir='ltr'>τὴν</span> <span class='ocrx_word' id='word_1_471' title='bbox 884 3482 1056 3553; x_wconf 83' lang='grc' dir='ltr'>ἀσεϐῆ</span> <span class='ocrx_word' id='word_1_472' title='bbox 1114 3484 1322 3537; x_wconf 77' lang='grc' dir='ltr'>ἐκείνου</span> <span class='ocrx_word' id='word_1_473' title='bbox 1368 3483 1602 3549; x_wconf 74' lang='grc' dir='ltr'>ἔννοιαν,</span> <span class='ocrx_word' id='word_1_474' title='bbox 1656 3485 1771 3540; x_wconf 79' lang='grc' dir='ltr'>ἀλλ’</span> <span class='ocrx_word' id='word_1_475' title='bbox 1822 3486 1882 3553; x_wconf 77' lang='grc' dir='ltr'><strong>ἐξ</strong></span> 
     </span>
    </p>
   </div>
   <div class='ocr_carea' id='block_1_68' title="bbox 304 3571 1882 3648">
    <p class='ocr_par' dir='ltr' id='par_1_68' title="bbox 304 3571 1882 3648">
     <span class='ocr_line' id='line_1_68' title="bbox 304 3571 1882 3648; baseline 0.005 -25"><span class='ocrx_word' id='word_1_476' title='bbox 304 3571 635 3645; x_wconf 81' lang='grc' dir='ltr'>ἀπεριέργου</span> <span class='ocrx_word' id='word_1_477' title='bbox 667 3574 991 3646; x_wconf 78' lang='grc' dir='ltr'>ἁπλότητος,</span> <span class='ocrx_word' id='word_1_478' title='bbox 1020 3574 1201 3639; x_wconf 85' lang='grc' dir='ltr'>καθὼς</span> <span class='ocrx_word' id='word_1_479' title='bbox 1230 3577 1326 3629; x_wconf 77' lang='grc' dir='ltr'>καὶ</span> <span class='ocrx_word' id='word_1_480' title='bbox 1355 3576 1518 3641; x_wconf 80' lang='grc' dir='ltr'>αὐτὸς</span> <span class='ocrx_word' id='word_1_481' title='bbox 1545 3578 1605 3630; x_wconf 86' lang='grc' dir='ltr'>ὲν</span> <span class='ocrx_word' id='word_1_482' title='bbox 1637 3577 1714 3648; x_wconf 84' lang='grc' dir='ltr'>τῷ</span> <span class='ocrx_word' id='word_1_483' title='bbox 1743 3578 1882 3631; x_wconf 83' lang='grc' dir='ltr'>ἀπο-</span> 
     </span>
    </p>
   </div>
   <div class='ocr_carea' id='block_1_69' title="bbox 303 3659 1883 3741">
    <p class='ocr_par' dir='ltr' id='par_1_69' title="bbox 303 3659 1883 3741">
     <span class='ocr_line' id='line_1_69' title="bbox 303 3659 1883 3741; baseline 0.005 -26"><span class='ocrx_word' id='word_1_484' title='bbox 303 3663 577 3736; x_wconf 85' lang='grc' dir='ltr'>λογητικῷ</span> <span class='ocrx_word' id='word_1_485' title='bbox 613 3665 800 3739; x_wconf 81' lang='grc' dir='ltr'>[αὐτοῦ</span> <span class='ocrx_word' id='word_1_486' title='bbox 835 3666 1035 3739; x_wconf 69' lang='grc' dir='ltr'>λόγῳ),</span> <span class='ocrx_word' id='word_1_487' title='bbox 1069 3659 1114 3734; x_wconf 84' lang='grc' dir='ltr'>ᾧ</span> <span class='ocrx_word' id='word_1_488' title='bbox 1150 3668 1491 3738; x_wconf 81' lang='grc' dir='ltr'>διεπέμψατο</span> <span class='ocrx_word' id='word_1_489' title='bbox 1518 3669 1656 3741; x_wconf 82' lang='grc' dir='ltr'>πρὸς</span> <span class='ocrx_word' id='word_1_490' title='bbox 1684 3669 1747 3722; x_wconf 81' lang='grc' dir='ltr'>τὸ</span> <span class='ocrx_word' id='word_1_491' title='bbox 1774 3667 1883 3723; x_wconf 85' lang='grc' dir='ltr'><strong>τῶν</strong></span> 
     </span>
    </p>
   </div>
   <div class='ocr_carea' id='block_1_70' title="bbox 303 3758 1885 3830">
    <p class='ocr_par' dir='ltr' id='par_1_70' title="bbox 303 3758 1885 3830">
     <span class='ocr_line' id='line_1_70' title="bbox 303 3758 1885 3830; baseline 0.002 -19"><span class='ocrx_word' id='word_1_492' title='bbox 303 3758 597 3828; x_wconf 84' lang='grc' dir='ltr'>ὀρθοδόξων</span> <span class='ocrx_word' id='word_1_493' title='bbox 641 3758 955 3812; x_wconf 72' lang='grc' dir='ltr'>ἐπισκόπων</span> <span class='ocrx_word' id='word_1_494' title='bbox 997 3759 1174 3813; x_wconf 82' lang='grc' dir='ltr'>κοινὸν</span> <span class='ocrx_word' id='word_1_495' title='bbox 1216 3760 1667 3830; x_wconf 83' lang='grc' dir='ltr'>μαρτυράμενος,</span> <span class='ocrx_word' id='word_1_496' title='bbox 1711 3761 1885 3815; x_wconf 85' lang='grc' dir='ltr'>ταῦτα</span> 
     </span>
    </p>
   </div>
   <div class='ocr_carea' id='block_1_71' title="bbox 304 3849 1884 3923">
    <p class='ocr_par' dir='ltr' id='par_1_71' title="bbox 304 3849 1884 3923">
     <span class='ocr_line' id='line_1_71' title="bbox 304 3849 1884 3923; baseline 0.002 -21"><span class='ocrx_word' id='word_1_497' title='bbox 304 3849 745 3921; x_wconf 67' lang='grc' dir='ltr'>ὲπληροφόρησε.</span> <span class='ocrx_word' id='word_1_498' title='bbox 795 3851 905 3905; x_wconf 75' lang='grc' dir='ltr'><strong>Καὶ</strong></span> <span class='ocrx_word' id='word_1_499' title='bbox 948 3851 1238 3923; x_wconf 83' lang='grc' dir='ltr'>ἀληθεύειν</span> <span class='ocrx_word' id='word_1_500' title='bbox 1284 3851 1376 3904; x_wconf 87' lang='grc' dir='ltr'>τὸν</span> <span class='ocrx_word' id='word_1_501' title='bbox 1408 3851 1577 3921; x_wconf 86' lang='grc' dir='ltr'>ἀνδρα</span> <span class='ocrx_word' id='word_1_502' title='bbox 1620 3850 1884 3905; x_wconf 81' lang='grc' dir='ltr'>ὑπολάϐοι</span> 
     </span>
    </p>
   </div>
   <div class='ocr_carea' id='block_1_72' title="bbox 306 3939 1884 4013">
    <p class='ocr_par' dir='ltr' id='par_1_72' title="bbox 306 3939 1884 4013">
     <span class='ocr_line' id='line_1_72' title="bbox 306 3939 1884 4013; baseline 0.001 -19"><span class='ocrx_word' id='word_1_503' title='bbox 306 3942 415 4004; x_wconf 80' lang='grc' dir='ltr'>πᾶς</span> <span class='ocrx_word' id='word_1_504' title='bbox 457 3958 542 4005; x_wconf 92' lang='grc' dir='ltr'><strong>τις</strong></span> <span class='ocrx_word' id='word_1_505' title='bbox 576 3939 635 3995; x_wconf 80' lang='grc' dir='ltr'>εὖ</span> <span class='ocrx_word' id='word_1_506' title='bbox 681 3942 915 4013; x_wconf 82' lang='grc' dir='ltr'>φρονῶν,</span> <span class='ocrx_word' id='word_1_507' title='bbox 955 3942 1115 3995; x_wconf 85' lang='grc' dir='ltr'>ὁπότε</span> <span class='ocrx_word' id='word_1_508' title='bbox 1148 3942 1396 4005; x_wconf 86' lang='grc' dir='ltr'>σύνεστι,</span> <span class='ocrx_word' id='word_1_509' title='bbox 1443 3942 1539 3995; x_wconf 78' lang='grc' dir='ltr'>καὶ</span> <span class='ocrx_word' id='word_1_510' title='bbox 1573 3943 1633 4009; x_wconf 79' lang='grc' dir='ltr'>ἐξ</span> <span class='ocrx_word' id='word_1_511' title='bbox 1672 3941 1884 3996; x_wconf 80' lang='grc' dir='ltr'>ἐκείνου</span> 
     </span>
    </p>
   </div>
   <div class='ocr_carea' id='block_1_73' title="bbox 306 4032 1884 4105">
    <p class='ocr_par' dir='ltr' id='par_1_73' title="bbox 306 4032 1884 4105">
     <span class='ocr_line' id='line_1_73' title="bbox 306 4032 1884 4105; baseline -0.001 -19"><span class='ocrx_word' id='word_1_512' title='bbox 306 4032 598 4103; x_wconf 85' lang='grc' dir='ltr'>πεισθῆναι</span> <span class='ocrx_word' id='word_1_513' title='bbox 626 4033 795 4104; x_wconf 83' lang='grc' dir='ltr'>μήπω</span> <span class='ocrx_word' id='word_1_514' title='bbox 824 4032 945 4087; x_wconf 89' lang='grc' dir='ltr'>τότε</span> <span class='ocrx_word' id='word_1_515' title='bbox 984 4032 1086 4086; x_wconf 91' lang='grc' dir='ltr'><strong>πού</strong></span> <span class='ocrx_word' id='word_1_516' title='bbox 1110 4049 1240 4085; x_wconf 88' lang='grc' dir='ltr'>ποτε</span> <span class='ocrx_word' id='word_1_517' title='bbox 1269 4032 1336 4088; x_wconf 82' lang='grc' dir='ltr'>τὰ</span> <span class='ocrx_word' id='word_1_518' title='bbox 1368 4033 1580 4105; x_wconf 81' lang='grc' dir='ltr'>’Δρείου</span> <span class='ocrx_word' id='word_1_519' title='bbox 1606 4033 1884 4104; x_wconf 85' lang='grc' dir='ltr'>ἀκουσθη-</span> 
     </span>
    </p>
   </div>
   <div class='ocr_carea' id='block_1_74' title="bbox 308 4124 1886 4197">
    <p class='ocr_par' dir='ltr' id='par_1_74' title="bbox 308 4124 1886 4197">
     <span class='ocr_line' id='line_1_74' title="bbox 308 4124 1886 4197; baseline 0.001 -21"><span class='ocrx_word' id='word_1_520' title='bbox 308 4124 533 4194; x_wconf 86' lang='grc' dir='ltr'>σόμενα.</span> <span class='ocrx_word' id='word_1_521' title='bbox 561 4126 734 4191; x_wconf 83' lang='grc' dir='ltr'>Δείξει</span> <span class='ocrx_word' id='word_1_522' title='bbox 768 4126 822 4179; x_wconf 81' lang='grc' dir='ltr'>δὲ</span> <span class='ocrx_word' id='word_1_523' title='bbox 855 4126 923 4179; x_wconf 78' lang='grc' dir='ltr'><strong>τὰ</strong></span> <span class='ocrx_word' id='word_1_524' title='bbox 952 4127 1009 4179; x_wconf 77' lang='grc' dir='ltr'>ἐν</span> <span class='ocrx_word' id='word_1_525' title='bbox 1046 4128 1112 4197; x_wconf 84' lang='grc' dir='ltr'>τῇ</span> <span class='ocrx_word' id='word_1_526' title='bbox 1159 4126 1363 4196; x_wconf 82' lang='grc' dir='ltr'>συνόδῳ</span> <span class='ocrx_word' id='word_1_527' title='bbox 1394 4127 1459 4197; x_wconf 81' lang='grc' dir='ltr'>τῇ</span> <span class='ocrx_word' id='word_1_528' title='bbox 1486 4124 1630 4179; x_wconf 84' lang='grc' dir='ltr'>κατὰ</span> <span class='ocrx_word' id='word_1_529' title='bbox 1652 4124 1752 4196; x_wconf 82' lang='grc' dir='ltr'>τὴν</span> <span class='ocrx_word' id='word_1_530' title='bbox 1786 4125 1886 4177; x_wconf 87' lang='grc' dir='ltr'><strong>Νι-</strong></span> 
     </span>
    </p>
   </div>
   <div class='ocr_carea' id='block_1_75' title="bbox 307 4215 1883 4289">
    <p class='ocr_par' dir='ltr' id='par_1_75' title="bbox 307 4215 1883 4289">
     <span class='ocr_line' id='line_1_75' title="bbox 307 4215 1883 4289; baseline 0.001 -21"><span class='ocrx_word' id='word_1_531' title='bbox 307 4215 487 4269; x_wconf 84' lang='grc' dir='ltr'>καέων</span> <span class='ocrx_word' id='word_1_532' title='bbox 516 4216 663 4288; x_wconf 83' lang='grc' dir='ltr'><strong>αύτῷ</strong></span> <span class='ocrx_word' id='word_1_533' title='bbox 692 4218 1040 4287; x_wconf 75' lang='grc' dir='ltr'>ἠγωνισμένα</span> <span class='ocrx_word' id='word_1_534' title='bbox 1074 4218 1215 4271; x_wconf 68' lang='grc' dir='ltr'>κατὰ</span> <span class='ocrx_word' id='word_1_535' title='bbox 1244 4218 1345 4287; x_wconf 88' lang='grc' dir='ltr'><strong>τῆς</strong></span> <span class='ocrx_word' id='word_1_536' title='bbox 1369 4218 1624 4283; x_wconf 84' lang='grc' dir='ltr'>ἀσεϐείας</span> <span class='ocrx_word' id='word_1_537' title='bbox 1670 4218 1883 4289; x_wconf 79' lang='grc' dir='ltr'>’Δρείου</span> 
     </span>
    </p>
   </div>
   <div class='ocr_carea' id='block_1_76' title="bbox 307 4304 1882 4377">
    <p class='ocr_par' dir='ltr' id='par_1_76' title="bbox 307 4304 1882 4377">
     <span class='ocr_line' id='line_1_76' title="bbox 307 4304 1882 4377; baseline 0.003 -21"><span class='ocrx_word' id='word_1_538' title='bbox 307 4304 451 4374; x_wconf 76' lang='grc' dir='ltr'>ὑπὲρ</span> <span class='ocrx_word' id='word_1_539' title='bbox 477 4304 578 4375; x_wconf 90' lang='grc' dir='ltr'><strong>τῆς</strong></span> <span class='ocrx_word' id='word_1_540' title='bbox 610 4306 973 4376; x_wconf 81' lang='grc' dir='ltr'>ἁποστολικῆς</span> <span class='ocrx_word' id='word_1_541' title='bbox 1007 4307 1101 4360; x_wconf 76' lang='grc' dir='ltr'>καὶ</span> <span class='ocrx_word' id='word_1_542' title='bbox 1124 4307 1409 4377; x_wconf 78' lang='grc' dir='ltr'>ὰρθοδόξου</span> <span class='ocrx_word' id='word_1_543' title='bbox 1438 4309 1694 4371; x_wconf 86' lang='grc' dir='ltr'>πίστεως.</span> <span class='ocrx_word' id='word_1_544' title='bbox 1739 4308 1882 4361; x_wconf 81' lang='grc' dir='ltr'>Ἀλλ’</span> 
     </span>
    </p>
   </div>
   <div class='ocr_carea' id='block_1_77' title="bbox 306 4397 1885 4471">
    <p class='ocr_par' dir='ltr' id='par_1_77' title="bbox 306 4397 1885 4471">
     <span class='ocr_line' id='line_1_77' title="bbox 306 4397 1885 4471; baseline 0.003 -22"><span class='ocrx_word' id='word_1_545' title='bbox 306 4398 401 4449; x_wconf 79' lang='grc' dir='ltr'><strong>ὲπὶ</strong></span> <span class='ocrx_word' id='word_1_546' title='bbox 446 4398 547 4468; x_wconf 85' lang='grc' dir='ltr'>τὴν</span> <span class='ocrx_word' id='word_1_547' title='bbox 597 4397 919 4450; x_wconf 74' lang='grc' dir='ltr'>ἀκολουθίαν</span> <span class='ocrx_word' id='word_1_548' title='bbox 976 4401 1074 4466; x_wconf 88' lang='grc' dir='ltr'><strong>τῆς</strong></span> <span class='ocrx_word' id='word_1_549' title='bbox 1125 4398 1584 4470; x_wconf 82' lang='grc' dir='ltr'>ἐκκλησιαστικῆς</span> <span class='ocrx_word' id='word_1_550' title='bbox 1640 4401 1885 4471; x_wconf 79' lang='grc' dir='ltr'>ἱστορίας</span> 
     </span>
    </p>
   </div>
   <div class='ocr_carea' id='block_1_78' title="bbox 1990 3210 3571 3278">
    <p class='ocr_par' dir='ltr' id='par_1_78' title="bbox 1990 3210 3571 3278">
     <span class='ocr_line' id='line_1_78' title="bbox 1990 3210 3571 3278; baseline -0.001 -11"><span class='ocrx_word' id='word_1_551' title='bbox 1990 3213 2075 3269; x_wconf 90' lang='lat' dir='ltr'><strong>nis</strong></span> <span class='ocrx_word' id='word_1_552' title='bbox 2123 3213 2463 3267; x_wconf 80' lang='lat' dir='ltr'><strong>harmoniam</strong></span> <span class='ocrx_word' id='word_1_553' title='bbox 2505 3210 2661 3267; x_wconf 82' lang='lat' dir='ltr'><strong>nobis</strong></span> <span class='ocrx_word' id='word_1_554' title='bbox 2715 3217 3101 3278; x_wconf 78' lang='lat' dir='ltr'><strong>conservaret,</strong></span> <span class='ocrx_word' id='word_1_555' title='bbox 3146 3212 3254 3266; x_wconf 89' lang='lat' dir='ltr'><strong>imo</strong></span> <span class='ocrx_word' id='word_1_556' title='bbox 3308 3226 3459 3277; x_wconf 78' lang='lat' dir='ltr'><strong>vero,</strong></span> <span class='ocrx_word' id='word_1_557' title='bbox 3509 3222 3571 3266; x_wconf 92' lang='lat' dir='ltr'><strong>ut</strong></span> 
     </span>
    </p>
   </div>
   <div class='ocr_carea' id='block_1_79' title="bbox 1988 3301 3566 3373">
    <p class='ocr_par' dir='ltr' id='par_1_79' title="bbox 1988 3301 3566 3373">
     <span class='ocr_line' id='line_1_79' title="bbox 1988 3301 3566 3373; baseline -0.003 -15"><span class='ocrx_word' id='word_1_558' title='bbox 1988 3302 2149 3373; x_wconf 92' lang='lat' dir='ltr'><strong>paulo</strong></span> <span class='ocrx_word' id='word_1_559' title='bbox 2189 3312 2317 3360; x_wconf 86' lang='lat' dir='ltr'><strong>ante</strong></span> <span class='ocrx_word' id='word_1_560' title='bbox 2367 3302 2505 3368; x_wconf 92' lang='lat' dir='ltr'><strong>dixi,</strong></span> <span class='ocrx_word' id='word_1_561' title='bbox 2536 3316 2808 3358; x_wconf 90' lang='lat' dir='ltr'><strong>summum</strong></span> <span class='ocrx_word' id='word_1_562' title='bbox 2862 3301 3101 3357; x_wconf 87' lang='lat' dir='ltr'><strong>studium</strong></span> <span class='ocrx_word' id='word_1_563' title='bbox 3144 3311 3200 3357; x_wconf 90' lang='lat' dir='ltr'><strong>et</strong></span> <span class='ocrx_word' id='word_1_564' title='bbox 3244 3302 3566 3357; x_wconf 77' lang='lat' dir='ltr'><strong>ineﬂ&#39;abilem</strong></span> 
     </span>
    </p>
   </div>
   <div class='ocr_carea' id='block_1_80' title="bbox 1989 3392 3571 3465">
    <p class='ocr_par' dir='ltr' id='par_1_80' title="bbox 1989 3392 3571 3465">
     <span class='ocr_line' id='line_1_80' title="bbox 1989 3392 3571 3465; baseline -0.003 -14"><span class='ocrx_word' id='word_1_565' title='bbox 1989 3396 2191 3452; x_wconf 87' lang='lat' dir='ltr'><strong>laboris</strong></span> <span class='ocrx_word' id='word_1_566' title='bbox 2210 3395 2424 3465; x_wconf 89' lang='lat' dir='ltr'><strong>copiam</strong></span> <span class='ocrx_word' id='word_1_567' title='bbox 2455 3394 2524 3449; x_wconf 87' lang='lat' dir='ltr'><strong>ad</strong></span> <span class='ocrx_word' id='word_1_568' title='bbox 2547 3394 2598 3448; x_wconf 87' lang='lat' dir='ltr'><strong>id</strong></span> <span class='ocrx_word' id='word_1_569' title='bbox 2623 3392 2936 3450; x_wconf 85' lang='lat' dir='ltr'><strong>contulerat</strong></span> <span class='ocrx_word' id='word_1_570' title='bbox 2960 3394 2983 3447; x_wconf 78' lang='lat' dir='ltr'><strong>‘i</strong></span> <span class='ocrx_word' id='word_1_571' title='bbox 3010 3393 3185 3449; x_wconf 91' lang='lat' dir='ltr'><strong>Nemo</strong></span> <span class='ocrx_word' id='word_1_572' title='bbox 3210 3404 3390 3449; x_wconf 89' lang='lat' dir='ltr'><strong>autem</strong></span> <span class='ocrx_word' id='word_1_573' title='bbox 3423 3396 3571 3449; x_wconf 62' lang='lat' dir='ltr'><strong>aesti-</strong></span> 
     </span>
    </p>
   </div>
   <div class='ocr_carea' id='block_1_81' title="bbox 1988 3485 3570 3557">
    <p class='ocr_par' dir='ltr' id='par_1_81' title="bbox 1988 3485 3570 3557">
     <span class='ocr_line' id='line_1_81' title="bbox 1988 3485 3570 3557; baseline -0.004 -14"><span class='ocrx_word' id='word_1_574' title='bbox 1988 3489 2291 3544; x_wconf 83' lang='lat' dir='ltr'><strong>metvirum</strong></span> <span class='ocrx_word' id='word_1_575' title='bbox 2322 3489 2468 3542; x_wconf 87' lang='lat' dir='ltr'><strong>hunc</strong></span> <span class='ocrx_word' id='word_1_576' title='bbox 2513 3501 2582 3541; x_wconf 91' lang='lat' dir='ltr'><strong>ex</strong></span> <span class='ocrx_word' id='word_1_577' title='bbox 2616 3485 2699 3542; x_wconf 83' lang='lat' dir='ltr'><strong>bis</strong></span> <span class='ocrx_word' id='word_1_578' title='bbox 2753 3500 2874 3557; x_wconf 67' lang='lat' dir='ltr'><strong>qua:</strong></span> <span class='ocrx_word' id='word_1_579' title='bbox 2913 3485 2983 3541; x_wconf 88' lang='lat' dir='ltr'><strong>de</strong></span> <span class='ocrx_word' id='word_1_580' title='bbox 3030 3485 3120 3541; x_wconf 93' lang='lat' dir='ltr'><strong>illo</strong></span> <span class='ocrx_word' id='word_1_581' title='bbox 3151 3485 3291 3540; x_wconf 81' lang='lat' dir='ltr'><strong>fama</strong></span> <span class='ocrx_word' id='word_1_582' title='bbox 3336 3486 3570 3540; x_wconf 85' lang='lat' dir='ltr'><strong>circnm-</strong></span> 
     </span>
    </p>
   </div>
   <div class='ocr_carea' id='block_1_82' title="bbox 1988 3576 3570 3649">
    <p class='ocr_par' dir='ltr' id='par_1_82' title="bbox 1988 3576 3570 3649">
     <span class='ocr_line' id='line_1_82' title="bbox 1988 3576 3570 3649; baseline -0.003 -14"><span class='ocrx_word' id='word_1_583' title='bbox 1988 3578 2257 3646; x_wconf 81' lang='lat' dir='ltr'><strong>feruntur,</strong></span> <span class='ocrx_word' id='word_1_584' title='bbox 2318 3577 2473 3649; x_wconf 87' lang='lat' dir='ltr'><strong>quasi</strong></span> <span class='ocrx_word' id='word_1_585' title='bbox 2506 3578 2622 3633; x_wconf 84' lang='lat' dir='ltr'><strong>Arii</strong></span> <span class='ocrx_word' id='word_1_586' title='bbox 2679 3576 3031 3649; x_wconf 79' lang='lat' dir='ltr'><strong>blasphemia:</strong></span> <span class='ocrx_word' id='word_1_587' title='bbox 3062 3577 3439 3643; x_wconf 80' lang='lat' dir='ltr'><strong>consenserit;</strong></span> <span class='ocrx_word' id='word_1_588' title='bbox 3474 3578 3570 3631; x_wconf 87' lang='lat' dir='ltr'><strong>sed</strong></span> 
     </span>
    </p>
   </div>
   <div class='ocr_carea' id='block_1_83' title="bbox 1990 3670 3571 3741">
    <p class='ocr_par' dir='ltr' id='par_1_83' title="bbox 1990 3670 3571 3741">
     <span class='ocr_line' id='line_1_83' title="bbox 1990 3670 3571 3741; baseline -0.003 -13"><span class='ocrx_word' id='word_1_589' title='bbox 1990 3673 2196 3737; x_wconf 87' lang='lat' dir='ltr'><strong>credat,</strong></span> <span class='ocrx_word' id='word_1_590' title='bbox 2223 3671 2267 3728; x_wconf 91' lang='lat' dir='ltr'><strong>si</strong></span> <span class='ocrx_word' id='word_1_591' title='bbox 2299 3687 2420 3741; x_wconf 85' lang='lat' dir='ltr'><strong>quae</strong></span> <span class='ocrx_word' id='word_1_592' title='bbox 2451 3671 2676 3741; x_wconf 88' lang='lat' dir='ltr'><strong>protulit</strong></span> <span class='ocrx_word' id='word_1_593' title='bbox 2705 3671 3060 3740; x_wconf 85' lang='lat' dir='ltr'><strong>autscripsit,</strong></span> <span class='ocrx_word' id='word_1_594' title='bbox 3086 3670 3199 3724; x_wconf 81' lang='lat' dir='ltr'><strong>Arii</strong></span> <span class='ocrx_word' id='word_1_595' title='bbox 3233 3671 3423 3739; x_wconf 87' lang='lat' dir='ltr'><strong>dogma</strong></span> <span class='ocrx_word' id='word_1_596' title='bbox 3450 3679 3571 3723; x_wconf 83' lang='lat' dir='ltr'><strong>tan-</strong></span> 
     </span>
    </p>
   </div>
   <div class='ocr_carea' id='block_1_84' title="bbox 1993 3762 3571 3831">
    <p class='ocr_par' dir='ltr' id='par_1_84' title="bbox 1993 3762 3571 3831">
     <span class='ocr_line' id='line_1_84' title="bbox 1993 3762 3571 3831; baseline -0.004 -13"><span class='ocrx_word' id='word_1_597' title='bbox 1993 3764 2160 3818; x_wconf 88' lang='lat' dir='ltr'><strong>tillum</strong></span> <span class='ocrx_word' id='word_1_598' title='bbox 2196 3763 2517 3827; x_wconf 84' lang='lat' dir='ltr'><strong>subolentia,</strong></span> <span class='ocrx_word' id='word_1_599' title='bbox 2542 3777 2606 3819; x_wconf 90' lang='lat' dir='ltr'><strong>ea</strong></span> <span class='ocrx_word' id='word_1_600' title='bbox 2639 3777 2745 3817; x_wconf 92' lang='lat' dir='ltr'><strong>non</strong></span> <span class='ocrx_word' id='word_1_601' title='bbox 2774 3776 2841 3816; x_wconf 91' lang='lat' dir='ltr'><strong>ex</strong></span> <span class='ocrx_word' id='word_1_602' title='bbox 2872 3762 3038 3831; x_wconf 92' lang='lat' dir='ltr'><strong>impio</strong></span> <span class='ocrx_word' id='word_1_603' title='bbox 3074 3763 3219 3816; x_wconf 84' lang='lat' dir='ltr'><strong>illius</strong></span> <span class='ocrx_word' id='word_1_604' title='bbox 3250 3776 3413 3815; x_wconf 86' lang='lat' dir='ltr'><strong>sensu</strong></span> <span class='ocrx_word' id='word_1_605' title='bbox 3443 3774 3571 3828; x_wconf 82' lang='lat' dir='ltr'><strong>pro-</strong></span> 
     </span>
    </p>
   </div>
   <div class='ocr_carea' id='block_1_85' title="bbox 1994 3852 3568 3922">
    <p class='ocr_par' dir='ltr' id='par_1_85' title="bbox 1994 3852 3568 3922">
     <span class='ocr_line' id='line_1_85' title="bbox 1994 3852 3568 3922; baseline -0.001 -14"><span class='ocrx_word' id='word_1_606' title='bbox 1994 3853 2180 3908; x_wconf 87' lang='lat' dir='ltr'><strong>tulisse</strong></span> <span class='ocrx_word' id='word_1_607' title='bbox 2211 3867 2449 3922; x_wconf 88' lang='lat' dir='ltr'><strong>unquam</strong></span> <span class='ocrx_word' id='word_1_608' title='bbox 2488 3861 2581 3906; x_wconf 91' lang='lat' dir='ltr'><strong>aut</strong></span> <span class='ocrx_word' id='word_1_609' title='bbox 2612 3852 2915 3921; x_wconf 82' lang='lat' dir='ltr'><strong>scripsisse,</strong></span> <span class='ocrx_word' id='word_1_610' title='bbox 2944 3853 3038 3906; x_wconf 89' lang='lat' dir='ltr'><strong>sed</strong></span> <span class='ocrx_word' id='word_1_611' title='bbox 3068 3867 3132 3905; x_wconf 87' lang='lat' dir='ltr'><strong>ex</strong></span> <span class='ocrx_word' id='word_1_612' title='bbox 3162 3852 3338 3906; x_wconf 90' lang='lat' dir='ltr'><strong>minus</strong></span> <span class='ocrx_word' id='word_1_613' title='bbox 3358 3852 3568 3907; x_wconf 78' lang='lat' dir='ltr'><strong>curiosa</strong></span> 
     </span>
    </p>
   </div>
   <div class='ocr_carea' id='block_1_86' title="bbox 1992 3944 3570 4016">
    <p class='ocr_par' dir='ltr' id='par_1_86' title="bbox 1992 3944 3570 4016">
     <span class='ocr_line' id='line_1_86' title="bbox 1992 3944 3570 4016; baseline -0.001 -15"><span class='ocrx_word' id='word_1_614' title='bbox 1992 3960 2290 4015; x_wconf 83' lang='lat' dir='ltr'><strong>parumque</strong></span> <span class='ocrx_word' id='word_1_615' title='bbox 2305 3945 2535 4000; x_wconf 88' lang='lat' dir='ltr'><strong>sollicita</strong></span> <span class='ocrx_word' id='word_1_616' title='bbox 2560 3944 2942 4016; x_wconf 85' lang='lat' dir='ltr'><strong>simplicitate:</strong></span> <span class='ocrx_word' id='word_1_617' title='bbox 2968 3954 3028 3999; x_wconf 86' lang='lat' dir='ltr'><strong>ut</strong></span> <span class='ocrx_word' id='word_1_618' title='bbox 3060 3945 3178 4014; x_wconf 90' lang='lat' dir='ltr'><strong>ipse</strong></span> <span class='ocrx_word' id='word_1_619' title='bbox 3203 3944 3409 3999; x_wconf 77' lang='lat' dir='ltr'><strong>inliliro</strong></span> <span class='ocrx_word' id='word_1_620' title='bbox 3435 3961 3570 4015; x_wconf 90' lang='lat' dir='ltr'><strong>apo-</strong></span> 
     </span>
    </p>
   </div>
   <div class='ocr_carea' id='block_1_87' title="bbox 1993 4035 3572 4107">
    <p class='ocr_par' dir='ltr' id='par_1_87' title="bbox 1993 4035 3572 4107">
     <span class='ocr_line' id='line_1_87' title="bbox 1993 4035 3572 4107; baseline -0.001 -15"><span class='ocrx_word' id='word_1_621' title='bbox 1993 4038 2244 4106; x_wconf 87' lang='lat' dir='ltr'><strong>logctico,</strong></span> <span class='ocrx_word' id='word_1_622' title='bbox 2294 4050 2454 4107; x_wconf 90' lang='lat' dir='ltr'><strong>quem</strong></span> <span class='ocrx_word' id='word_1_623' title='bbox 2510 4038 2576 4091; x_wconf 90' lang='lat' dir='ltr'><strong>ad</strong></span> <span class='ocrx_word' id='word_1_624' title='bbox 2628 4036 2961 4091; x_wconf 82' lang='lat' dir='ltr'><strong>orthodoxos</strong></span> <span class='ocrx_word' id='word_1_625' title='bbox 3038 4049 3227 4090; x_wconf 91' lang='lat' dir='ltr'><strong>omnes</strong></span> <span class='ocrx_word' id='word_1_626' title='bbox 3288 4035 3572 4105; x_wconf 87' lang='lat' dir='ltr'><strong>episcopos</strong></span> 
     </span>
    </p>
   </div>
   <div class='ocr_carea' id='block_1_88' title="bbox 1993 4127 3571 4198">
    <p class='ocr_par' dir='ltr' id='par_1_88' title="bbox 1993 4127 3571 4198">
     <span class='ocr_line' id='line_1_88' title="bbox 1993 4127 3571 4198; baseline -0.002 -12"><span class='ocrx_word' id='word_1_627' title='bbox 1993 4130 2162 4194; x_wconf 88' lang='lat' dir='ltr'><strong>misit,</strong></span> <span class='ocrx_word' id='word_1_628' title='bbox 2190 4128 2401 4198; x_wconf 89' lang='lat' dir='ltr'><strong>plenius</strong></span> <span class='ocrx_word' id='word_1_629' title='bbox 2427 4129 2529 4183; x_wconf 91' lang='lat' dir='ltr'><strong>ista</strong></span> <span class='ocrx_word' id='word_1_630' title='bbox 2564 4127 2833 4198; x_wconf 86' lang='lat' dir='ltr'><strong>probavit.</strong></span> <span class='ocrx_word' id='word_1_631' title='bbox 2889 4127 3027 4182; x_wconf 86' lang='lat' dir='ltr'><strong>Vera</strong></span> <span class='ocrx_word' id='word_1_632' title='bbox 3054 4137 3233 4181; x_wconf 91' lang='lat' dir='ltr'><strong>autem</strong></span> <span class='ocrx_word' id='word_1_633' title='bbox 3264 4128 3448 4183; x_wconf 89' lang='lat' dir='ltr'><strong>dicere</strong></span> <span class='ocrx_word' id='word_1_634' title='bbox 3474 4128 3571 4183; x_wconf 89' lang='lat' dir='ltr'><strong>ho-</strong></span> 
     </span>
    </p>
   </div>
   <div class='ocr_carea' id='block_1_89' title="bbox 1995 4218 3570 4289">
    <p class='ocr_par' dir='ltr' id='par_1_89' title="bbox 1995 4218 3570 4289">
     <span class='ocr_line' id='line_1_89' title="bbox 1995 4218 3570 4289; baseline 0 -16"><span class='ocrx_word' id='word_1_635' title='bbox 1995 4221 2191 4275; x_wconf 88' lang='lat' dir='ltr'><strong>minem</strong></span> <span class='ocrx_word' id='word_1_636' title='bbox 2233 4218 2483 4286; x_wconf 87' lang='lat' dir='ltr'><strong>conjiciet</strong></span> <span class='ocrx_word' id='word_1_637' title='bbox 2529 4220 2838 4289; x_wconf 83' lang='lat' dir='ltr'><strong>quicunque</strong></span> <span class='ocrx_word' id='word_1_638' title='bbox 2866 4218 3104 4286; x_wconf 90' lang='lat' dir='ltr'><strong>prudens</strong></span> <span class='ocrx_word' id='word_1_639' title='bbox 3133 4219 3444 4274; x_wconf 90' lang='lat' dir='ltr'><strong>considerat</strong></span> <span class='ocrx_word' id='word_1_640' title='bbox 3465 4235 3570 4289; x_wconf 90' lang='lat' dir='ltr'><strong>quo</strong></span> 
     </span>
    </p>
   </div>
   <div class='ocr_carea' id='block_1_90' title="bbox 1996 4308 3566 4379">
    <p class='ocr_par' dir='ltr' id='par_1_90' title="bbox 1996 4308 3566 4379">
     <span class='ocr_line' id='line_1_90' title="bbox 1996 4308 3566 4379; baseline 0.001 -15"><span class='ocrx_word' id='word_1_641' title='bbox 1996 4320 2236 4379; x_wconf 90' lang='lat' dir='ltr'><strong>tempore</strong></span> <span class='ocrx_word' id='word_1_642' title='bbox 2264 4308 2356 4364; x_wconf 90' lang='lat' dir='ltr'><strong>ille</strong></span> <span class='ocrx_word' id='word_1_643' title='bbox 2383 4308 2543 4375; x_wconf 80' lang='lat' dir='ltr'><strong>vixit;</strong></span> <span class='ocrx_word' id='word_1_644' title='bbox 2574 4318 2629 4365; x_wconf 90' lang='lat' dir='ltr'><strong>et</strong></span> <span class='ocrx_word' id='word_1_645' title='bbox 2657 4323 2725 4363; x_wconf 85' lang='lat' dir='ltr'><strong>ex</strong></span> <span class='ocrx_word' id='word_1_646' title='bbox 2765 4308 2858 4363; x_wconf 92' lang='lat' dir='ltr'><strong>illo</strong></span> <span class='ocrx_word' id='word_1_647' title='bbox 2899 4309 3107 4375; x_wconf 88' lang='lat' dir='ltr'><strong>credat,</strong></span> <span class='ocrx_word' id='word_1_648' title='bbox 3155 4309 3297 4378; x_wconf 90' lang='lat' dir='ltr'><strong>quod</strong></span> <span class='ocrx_word' id='word_1_649' title='bbox 3332 4311 3566 4365; x_wconf 88' lang='lat' dir='ltr'><strong>nondum</strong></span> 
     </span>
    </p>
   </div>
   <div class='ocr_carea' id='block_1_91' title="bbox 1993 4399 3573 4472">
    <p class='ocr_par' dir='ltr' id='par_1_91' title="bbox 1993 4399 3573 4472">
     <span class='ocr_line' id='line_1_91' title="bbox 1993 4399 3573 4472; baseline 0.001 -17"><span class='ocrx_word' id='word_1_650' title='bbox 1993 4415 2056 4456; x_wconf 88' lang='lat' dir='ltr'><strong>ea</strong></span> <span class='ocrx_word' id='word_1_651' title='bbox 2086 4414 2207 4471; x_wconf 66' lang='lat' dir='ltr'><strong>quae</strong></span> <span class='ocrx_word' id='word_1_652' title='bbox 2231 4409 2360 4455; x_wconf 74' lang='lat' dir='ltr'><strong>sunt</strong></span> <span class='ocrx_word' id='word_1_653' title='bbox 2379 4399 2517 4465; x_wconf 82' lang='lat' dir='ltr'><strong>Arii,</strong></span> <span class='ocrx_word' id='word_1_654' title='bbox 2557 4401 2647 4455; x_wconf 91' lang='lat' dir='ltr'><strong>illo</strong></span> <span class='ocrx_word' id='word_1_655' title='bbox 2684 4410 2924 4471; x_wconf 88' lang='lat' dir='ltr'><strong>tempore</strong></span> <span class='ocrx_word' id='word_1_656' title='bbox 2958 4400 3142 4456; x_wconf 84' lang='lat' dir='ltr'><strong>audita</strong></span> <span class='ocrx_word' id='word_1_657' title='bbox 3194 4416 3420 4472; x_wconf 87' lang='lat' dir='ltr'><strong>nsquam</strong></span> <span class='ocrx_word' id='word_1_658' title='bbox 3454 4403 3573 4457; x_wconf 81' lang='lat' dir='ltr'><strong>fue-</strong></span> 
     </span>
    </p>
   </div>
   <div class='ocr_carea' id='block_1_92' title="bbox 309 4488 1882 4566">
    <p class='ocr_par' dir='ltr' id='par_1_92' title="bbox 309 4488 1882 4562">
     <span class='ocr_line' id='line_1_92' title="bbox 309 4488 1882 4562; baseline 0.004 -23"><span class='ocrx_word' id='word_1_659' title='bbox 309 4488 649 4559; x_wconf 75' lang='grc' dir='ltr'>ὲπανίωμεν.</span> <span class='ocrx_word' id='word_1_660' title='bbox 682 4489 792 4558; x_wconf 85' lang='grc' dir='ltr'><strong>Τῆς</strong></span> <span class='ocrx_word' id='word_1_661' title='bbox 814 4489 907 4542; x_wconf 78' lang='grc' dir='ltr'>οὖν</span> <span class='ocrx_word' id='word_1_662' title='bbox 936 4489 1040 4542; x_wconf 87' lang='grc' dir='ltr'><strong>ἀνά</strong></span> <span class='ocrx_word' id='word_1_663' title='bbox 1062 4489 1161 4560; x_wconf 80' lang='grc' dir='ltr'>τὴν</span> <span class='ocrx_word' id='word_1_664' title='bbox 1188 4491 1517 4561; x_wconf 78' lang='grc' dir='ltr'>οἰκουμένην</span> <span class='ocrx_word' id='word_1_665' title='bbox 1560 4492 1882 4562; x_wconf 80' lang='grc' dir='ltr'>Ἐκκλησίας</span> 
     </span>
    </p>
   </div>
   <div class='ocr_carea' id='block_1_93' title="bbox 1987 4488 3572 4566">
    <p class='ocr_par' dir='ltr' id='par_1_93' title="bbox 1994 4491 3572 4566">
     <span class='ocr_line' id='line_1_93' title="bbox 1994 4491 3572 4566; baseline 0.003 -21"><span class='ocrx_word' id='word_1_666' title='bbox 1994 4503 2138 4545; x_wconf 91' lang='lat' dir='ltr'><strong>runt.</strong></span> <span class='ocrx_word' id='word_1_667' title='bbox 2174 4491 2632 4547; x_wconf 88' lang='lat' dir='ltr'><strong>Demonstrabunt</strong></span> <span class='ocrx_word' id='word_1_668' title='bbox 2661 4505 2788 4546; x_wconf 80' lang='lat' dir='ltr'><strong>vero</strong></span> <span class='ocrx_word' id='word_1_669' title='bbox 2845 4492 2984 4546; x_wconf 88' lang='lat' dir='ltr'><strong>idem</strong></span> <span class='ocrx_word' id='word_1_670' title='bbox 3051 4493 3221 4562; x_wconf 91' lang='lat' dir='ltr'><strong>ipsius</strong></span> <span class='ocrx_word' id='word_1_671' title='bbox 3244 4494 3297 4548; x_wconf 89' lang='lat' dir='ltr'><strong>in</strong></span> <span class='ocrx_word' id='word_1_672' title='bbox 3365 4497 3572 4566; x_wconf 83' lang='lat' dir='ltr'><strong>synodo</strong></span> 
     </span>
    </p>
   </div>
   <div class='ocr_carea' id='block_1_94' title="bbox 307 4578 1886 4651">
    <p class='ocr_par' dir='ltr' id='par_1_94' title="bbox 307 4578 1886 4651">
     <span class='ocr_line' id='line_1_94' title="bbox 307 4578 1886 4651; baseline 0.003 -21"><span class='ocrx_word' id='word_1_673' title='bbox 307 4579 548 4647; x_wconf 79' lang='grc' dir='ltr'>Χριστοῦ</span> <span class='ocrx_word' id='word_1_674' title='bbox 569 4578 662 4633; x_wconf 89' lang='grc' dir='ltr'><strong>τοῦ</strong></span> <span class='ocrx_word' id='word_1_675' title='bbox 684 4579 939 4650; x_wconf 86' lang='grc' dir='ltr'>Σωτῆρος</span> <span class='ocrx_word' id='word_1_676' title='bbox 960 4582 992 4650; x_wconf 79' lang='grc' dir='ltr'>ἡ</span> <span class='ocrx_word' id='word_1_677' title='bbox 1002 4579 1119 4650; x_wconf 89' lang='grc' dir='ltr'><strong>μῶν</strong></span> <span class='ocrx_word' id='word_1_678' title='bbox 1143 4580 1366 4650; x_wconf 79' lang='grc' dir='ltr'>εἰρήνην</span> <span class='ocrx_word' id='word_1_679' title='bbox 1390 4580 1613 4651; x_wconf 81' lang='grc' dir='ltr'>βαθεῖαν</span> <span class='ocrx_word' id='word_1_680' title='bbox 1632 4581 1886 4651; x_wconf 83' lang='grc' dir='ltr'>ἐχούσης,</span> 
     </span>
    </p>
   </div>
   <div class='ocr_carea' id='block_1_95' title="bbox 312 4669 1889 4741">
    <p class='ocr_par' dir='ltr' id='par_1_95' title="bbox 312 4669 1889 4741">
     <span class='ocr_line' id='line_1_95' title="bbox 312 4669 1889 4741; baseline 0.003 -20"><span class='ocrx_word' id='word_1_681' title='bbox 312 4669 779 4741; x_wconf 80' lang='grc' dir='ltr'>πρυτανευθείσης</span> <span class='ocrx_word' id='word_1_682' title='bbox 835 4670 973 4741; x_wconf 80' lang='grc' dir='ltr'>αὐτῇ</span> <span class='ocrx_word' id='word_1_683' title='bbox 1025 4671 1230 4741; x_wconf 81' lang='grc' dir='ltr'>ταύτης</span> <span class='ocrx_word' id='word_1_684' title='bbox 1272 4671 1424 4741; x_wconf 71' lang='grc' dir='ltr'>παρὰ</span> <span class='ocrx_word' id='word_1_685' title='bbox 1471 4671 1563 4724; x_wconf 79' lang='grc' dir='ltr'><strong>τοῦ</strong></span> <span class='ocrx_word' id='word_1_686' title='bbox 1612 4672 1889 4738; x_wconf 83' lang='grc' dir='ltr'>παμϐασι-</span> 
     </span>
    </p>
   </div>
   <div class='ocr_carea' id='block_1_96' title="bbox 308 4757 1889 4828">
    <p class='ocr_par' dir='ltr' id='par_1_96' title="bbox 308 4757 1889 4828">
     <span class='ocr_line' id='line_1_96' title="bbox 308 4757 1889 4828; baseline 0.002 -19"><span class='ocrx_word' id='word_1_687' title='bbox 308 4758 446 4821; x_wconf 88' lang='grc' dir='ltr'>λέως</span> <span class='ocrx_word' id='word_1_688' title='bbox 473 4758 608 4811; x_wconf 85' lang='grc' dir='ltr'>Θεοῦ</span> <span class='ocrx_word' id='word_1_689' title='bbox 627 4799 640 4820; x_wconf 87' lang='grc'><strong>,</strong></span> <span class='ocrx_word' id='word_1_690' title='bbox 672 4758 761 4810; x_wconf 83' lang='grc' dir='ltr'>διὰ.</span> <span class='ocrx_word' id='word_1_691' title='bbox 789 4759 881 4811; x_wconf 87' lang='grc' dir='ltr'><strong>τοῦ</strong></span> <span class='ocrx_word' id='word_1_692' title='bbox 916 4757 1247 4828; x_wconf 78' lang='grc' dir='ltr'>θεράποντος</span> <span class='ocrx_word' id='word_1_693' title='bbox 1277 4758 1440 4809; x_wconf 81' lang='grc' dir='ltr'>αὑτοῦ</span> <span class='ocrx_word' id='word_1_694' title='bbox 1482 4758 1889 4812; x_wconf 83' lang='grc' dir='ltr'>Κωνσταντίνου</span> 
     </span>
    </p>
   </div>
   <div class='ocr_carea' id='block_1_97' title="bbox 310 4846 1889 4919">
    <p class='ocr_par' dir='ltr' id='par_1_97' title="bbox 310 4846 1889 4919">
     <span class='ocr_line' id='line_1_97' title="bbox 310 4846 1889 4919; baseline -0.001 -18"><span class='ocrx_word' id='word_1_695' title='bbox 310 4850 408 4901; x_wconf 71' lang='grc' dir='ltr'><strong>καὶ</strong></span> <span class='ocrx_word' id='word_1_696' title='bbox 446 4849 554 4900; x_wconf 83' lang='grc' dir='ltr'><strong>τῶν</strong></span> <span class='ocrx_word' id='word_1_697' title='bbox 585 4847 749 4902; x_wconf 80' lang='grc' dir='ltr'>αὑτοῦ</span> <span class='ocrx_word' id='word_1_698' title='bbox 795 4849 1021 4914; x_wconf 85' lang='grc' dir='ltr'>παίδων,</span> <span class='ocrx_word' id='word_1_699' title='bbox 1064 4848 1202 4919; x_wconf 84' lang='grc' dir='ltr'><strong>μετά</strong></span> <span class='ocrx_word' id='word_1_700' title='bbox 1241 4846 1303 4899; x_wconf 83' lang='grc' dir='ltr'>τὸ</span> <span class='ocrx_word' id='word_1_701' title='bbox 1345 4846 1647 4918; x_wconf 85' lang='grc' dir='ltr'>μαρτύριον</span> <span class='ocrx_word' id='word_1_702' title='bbox 1674 4846 1768 4900; x_wconf 90' lang='grc' dir='ltr'><strong>τοῦ</strong></span> <span class='ocrx_word' id='word_1_703' title='bbox 1801 4848 1889 4900; x_wconf 88' lang='grc' dir='ltr'>θε-</span> 
     </span>
    </p>
   </div>
   <div class='ocr_carea' id='block_1_98' title="bbox 312 4940 1889 5012">
    <p class='ocr_par' dir='ltr' id='par_1_98' title="bbox 312 4940 1889 5012">
     <span class='ocr_line' id='line_1_98' title="bbox 312 4940 1889 5012; baseline -0.001 -18"><span class='ocrx_word' id='word_1_704' title='bbox 312 4941 540 4994; x_wconf 82' lang='grc' dir='ltr'>σπεσίου</span> <span class='ocrx_word' id='word_1_705' title='bbox 578 4941 787 5011; x_wconf 77' lang='grc' dir='ltr'>Πέτρου</span> <span class='ocrx_word' id='word_1_706' title='bbox 822 4941 917 4994; x_wconf 83' lang='grc' dir='ltr'><strong>τοῦ</strong></span> <span class='ocrx_word' id='word_1_707' title='bbox 954 4943 1055 5012; x_wconf 90' lang='grc' dir='ltr'><strong>τῆς</strong></span> <span class='ocrx_word' id='word_1_708' title='bbox 1119 4940 1512 5011; x_wconf 76' lang='grc' dir='ltr'>Ἀλεξανδρέων</span> <span class='ocrx_word' id='word_1_709' title='bbox 1558 4940 1889 5009; x_wconf 83' lang='grc' dir='ltr'>Ἐκκλησίας</span> 
     </span>
    </p>
   </div>
   <div class='ocr_carea' id='block_1_99' title="bbox 308 5032 1890 5103">
    <p class='ocr_par' dir='ltr' id='par_1_99' title="bbox 308 5032 1890 5103">
     <span class='ocr_line' id='line_1_99' title="bbox 308 5032 1890 5103; baseline -0.001 -18"><span class='ocrx_word' id='word_1_710' title='bbox 308 5033 613 5085; x_wconf 72' lang='grc' dir='ltr'>ἐπισκόπου</span> <span class='ocrx_word' id='word_1_711' title='bbox 652 5032 947 5101; x_wconf 74' lang='grc' dir='ltr'>γενομένου</span> <span class='ocrx_word' id='word_1_712' title='bbox 972 5072 985 5095; x_wconf 94' lang='grc'><strong>,</strong></span> <span class='ocrx_word' id='word_1_713' title='bbox 1016 5032 1394 5093; x_wconf 79' lang='grc' dir='ltr'>τελειωθέντος</span> <span class='ocrx_word' id='word_1_714' title='bbox 1438 5032 1602 5084; x_wconf 78' lang='grc' dir='ltr'>αὑτοῦ</span> <span class='ocrx_word' id='word_1_715' title='bbox 1645 5034 1703 5084; x_wconf 87' lang='grc' dir='ltr'>ἐν</span> <span class='ocrx_word' id='word_1_716' title='bbox 1742 5032 1890 5103; x_wconf 84' lang='grc' dir='ltr'>αὐτῷ</span> 
     </span>
    </p>
   </div>
   <div class='ocr_carea' id='block_1_100' title="bbox 304 5122 1891 5195">
    <p class='ocr_par' dir='ltr' id='par_1_100' title="bbox 304 5122 1891 5195">
     <span class='ocr_line' id='line_1_100' title="bbox 304 5122 1891 5195; baseline 0 -19"><span class='ocrx_word' id='word_1_717' title='bbox 304 5123 390 5193; x_wconf 84' lang='grc' dir='ltr'>τῷ</span> <span class='ocrx_word' id='word_1_718' title='bbox 420 5125 737 5195; x_wconf 81' lang='grc' dir='ltr'>μαρτυρίῳ,</span> <span class='ocrx_word' id='word_1_719' title='bbox 769 5124 861 5177; x_wconf 72' lang='grc' dir='ltr'><strong>καὶ</strong></span> <span class='ocrx_word' id='word_1_720' title='bbox 892 5125 984 5176; x_wconf 84' lang='grc' dir='ltr'>τὸν</span> <span class='ocrx_word' id='word_1_721' title='bbox 1016 5124 1119 5191; x_wconf 85' lang='grc' dir='ltr'><strong>τῆς</strong></span> <span class='ocrx_word' id='word_1_722' title='bbox 1146 5122 1424 5192; x_wconf 82' lang='grc' dir='ltr'>ἀθλήσεως</span> <span class='ocrx_word' id='word_1_723' title='bbox 1454 5123 1732 5193; x_wconf 77' lang='grc' dir='ltr'>ἄφθαρτον</span> <span class='ocrx_word' id='word_1_724' title='bbox 1767 5126 1891 5176; x_wconf 73' lang='grc' dir='ltr'><strong>σττέ⁸</strong></span> 
     </span>
    </p>
   </div>
   <div class='ocr_carea' id='block_1_101' title="bbox 307 5214 1898 5287">
    <p class='ocr_par' dir='ltr' id='par_1_101' title="bbox 307 5214 1898 5287">
     <span class='ocr_line' id='line_1_101' title="bbox 307 5214 1898 5287; baseline 0.001 -20"><span class='ocrx_word' id='word_1_725' title='bbox 307 5234 484 5285; x_wconf 85' lang='grc' dir='ltr'>φανον</span> <span class='ocrx_word' id='word_1_726' title='bbox 528 5216 978 5287; x_wconf 85' lang='grc' dir='ltr'>ἀναδησαμένου,</span> <span class='ocrx_word' id='word_1_727' title='bbox 1031 5216 1257 5286; x_wconf 86' lang='grc' dir='ltr'>χηρεύει</span> <span class='ocrx_word' id='word_1_728' title='bbox 1294 5217 1328 5284; x_wconf 84' lang='grc' dir='ltr'>ή</span> <span class='ocrx_word' id='word_1_729' title='bbox 1361 5216 1543 5268; x_wconf 81' lang='grc' dir='ltr'>ἐκεῖσε</span> <span class='ocrx_word' id='word_1_730' title='bbox 1601 5214 1898 5286; x_wconf 82' lang='grc' dir='ltr'>Ἐκκλησία</span> 
     </span>
    </p>
   </div>
   <div class='ocr_carea' id='block_1_102' title="bbox 307 5304 1899 5376">
    <p class='ocr_par' dir='ltr' id='par_1_102' title="bbox 307 5304 1899 5376">
     <span class='ocr_line' id='line_1_102' title="bbox 307 5304 1899 5376; baseline -0.002 -16"><span class='ocrx_word' id='word_1_731' title='bbox 307 5307 561 5360; x_wconf 77' lang='grc' dir='ltr'>ἐνιαυτὸν</span> <span class='ocrx_word' id='word_1_732' title='bbox 590 5306 706 5358; x_wconf 72' lang='grc' dir='ltr'>ἕνα·</span> <span class='ocrx_word' id='word_1_733' title='bbox 744 5306 882 5376; x_wconf 86' lang='grc' dir='ltr'><strong>μετά</strong></span> <span class='ocrx_word' id='word_1_734' title='bbox 910 5306 965 5358; x_wconf 81' lang='grc' dir='ltr'>δὲ</span> <span class='ocrx_word' id='word_1_735' title='bbox 994 5306 1085 5358; x_wconf 74' lang='grc' dir='ltr'>τὸν</span> <span class='ocrx_word' id='word_1_736' title='bbox 1115 5304 1360 5357; x_wconf 79' lang='grc' dir='ltr'>ἐνιαυτὸν</span> <span class='ocrx_word' id='word_1_737' title='bbox 1400 5307 1787 5376; x_wconf 84' lang='grc' dir='ltr'>χειροτονεῖται</span> <span class='ocrx_word' id='word_1_738' title='bbox 1819 5308 1899 5368; x_wconf 88' lang='grc' dir='ltr'><strong>εἰς</strong></span> 
     </span>
    </p>
   </div>
   <div class='ocr_carea' id='block_1_103' title="bbox 304 5396 1898 5468">
    <p class='ocr_par' dir='ltr' id='par_1_103' title="bbox 304 5396 1898 5468">
     <span class='ocr_line' id='line_1_103' title="bbox 304 5396 1898 5468; baseline -0.003 -18"><span class='ocrx_word' id='word_1_739' title='bbox 304 5399 402 5450; x_wconf 82' lang='grc' dir='ltr'>τὸν</span> <span class='ocrx_word' id='word_1_740' title='bbox 427 5398 616 5468; x_wconf 84' lang='grc' dir='ltr'>θρόνον</span> <span class='ocrx_word' id='word_1_741' title='bbox 646 5397 811 5450; x_wconf 81' lang='grc' dir='ltr'>αὑτοῦ</span> <span class='ocrx_word' id='word_1_742' title='bbox 837 5396 928 5450; x_wconf 87' lang='grc' dir='ltr'><strong>τοῦ</strong></span> <span class='ocrx_word' id='word_1_743' title='bbox 958 5397 1113 5465; x_wconf 82' lang='grc' dir='ltr'>ἁγίου</span> <span class='ocrx_word' id='word_1_744' title='bbox 1145 5396 1423 5467; x_wconf 86' lang='grc' dir='ltr'>μάρτυρος</span> <span class='ocrx_word' id='word_1_745' title='bbox 1453 5397 1661 5467; x_wconf 84' lang='grc' dir='ltr'>Πέτρου</span> <span class='ocrx_word' id='word_1_746' title='bbox 1714 5396 1898 5465; x_wconf 79' lang='grc' dir='ltr'>Ἀχιλ-</span> 
     </span>
    </p>
   </div>
   <div class='ocr_carea' id='block_1_104' title="bbox 306 5487 1897 5560">
    <p class='ocr_par' dir='ltr' id='par_1_104' title="bbox 306 5487 1897 5560">
     <span class='ocr_line' id='line_1_104' title="bbox 306 5487 1897 5560; baseline -0.001 -19"><span class='ocrx_word' id='word_1_747' title='bbox 306 5487 410 5554; x_wconf 78' lang='grc' dir='ltr'>λᾶς</span> <span class='ocrx_word' id='word_1_748' title='bbox 430 5528 446 5554; x_wconf 92' lang='grc'><strong>,</strong></span> <span class='ocrx_word' id='word_1_749' title='bbox 477 5488 636 5560; x_wconf 78' lang='grc' dir='ltr'>ἀνὴρ,</span> <span class='ocrx_word' id='word_1_750' title='bbox 672 5488 926 5559; x_wconf 78' lang='grc' dir='ltr'>στιϐαρὸς</span> <span class='ocrx_word' id='word_1_751' title='bbox 955 5493 1049 5541; x_wconf 74' lang='grc' dir='ltr'>καὶ</span> <span class='ocrx_word' id='word_1_752' title='bbox 1077 5488 1448 5559; x_wconf 84' lang='grc' dir='ltr'>μεγαλοφυὴς,</span> <span class='ocrx_word' id='word_1_753' title='bbox 1485 5488 1783 5559; x_wconf 75' lang='grc' dir='ltr'>ἀγιόφρων,</span> <span class='ocrx_word' id='word_1_754' title='bbox 1810 5489 1897 5540; x_wconf 83' lang='grc' dir='ltr'>εύ-</span> 
     </span>
    </p>
   </div>
   <div class='ocr_carea' id='block_1_105' title="bbox 1993 4582 3572 4655">
    <p class='ocr_par' dir='ltr' id='par_1_105' title="bbox 1993 4582 3572 4655">
     <span class='ocr_line' id='line_1_105' title="bbox 1993 4582 3572 4655; baseline 0.004 -19"><span class='ocrx_word' id='word_1_755' title='bbox 1993 4582 2213 4639; x_wconf 70' lang='lat' dir='ltr'><strong>Nicaana</strong></span> <span class='ocrx_word' id='word_1_756' title='bbox 2244 4592 2436 4639; x_wconf 84' lang='lat' dir='ltr'><strong>contra</strong></span> <span class='ocrx_word' id='word_1_757' title='bbox 2479 4584 2808 4654; x_wconf 88' lang='lat' dir='ltr'><strong>impietatem</strong></span> <span class='ocrx_word' id='word_1_758' title='bbox 2844 4585 2960 4639; x_wconf 89' lang='lat' dir='ltr'><strong>Arii</strong></span> <span class='ocrx_word' id='word_1_759' title='bbox 3015 4600 3116 4655; x_wconf 90' lang='lat' dir='ltr'><strong>pro</strong></span> <span class='ocrx_word' id='word_1_760' title='bbox 3167 4585 3460 4655; x_wconf 75' lang='lat' dir='ltr'><strong>apostolica</strong></span> <span class='ocrx_word' id='word_1_761' title='bbox 3517 4597 3572 4642; x_wconf 76' lang='lat' dir='ltr'><strong>et</strong></span> 
     </span>
    </p>
   </div>
   <div class='ocr_carea' id='block_1_106' title="bbox 1994 4674 3575 4735">
    <p class='ocr_par' dir='ltr' id='par_1_106' title="bbox 1994 4674 3575 4735">
     <span class='ocr_line' id='line_1_106' title="bbox 1994 4674 3575 4735; baseline 0.002 -7"><span class='ocrx_word' id='word_1_762' title='bbox 1994 4674 2295 4729; x_wconf 80' lang='lat' dir='ltr'><strong>orthodoxa</strong></span> <span class='ocrx_word' id='word_1_763' title='bbox 2329 4674 2432 4729; x_wconf 78' lang='lat' dir='ltr'><strong>[ide</strong></span> <span class='ocrx_word' id='word_1_764' title='bbox 2447 4675 2770 4729; x_wconf 87' lang='lat' dir='ltr'><strong>certamina.</strong></span> <span class='ocrx_word' id='word_1_765' title='bbox 2810 4674 2916 4730; x_wconf 90' lang='lat' dir='ltr'><strong>Sed</strong></span> <span class='ocrx_word' id='word_1_766' title='bbox 2968 4678 3033 4730; x_wconf 89' lang='lat' dir='ltr'><strong>ad</strong></span> <span class='ocrx_word' id='word_1_767' title='bbox 3071 4678 3455 4735; x_wconf 71' lang='lat' dir='ltr'><strong>ecclesiastica:</strong></span> <span class='ocrx_word' id='word_1_768' title='bbox 3491 4679 3575 4732; x_wconf 87' lang='lat' dir='ltr'><strong>hi—</strong></span> 
     </span>
    </p>
   </div>
   <div class='ocr_carea' id='block_1_107' title="bbox 1995 4765 3573 4839">
    <p class='ocr_par' dir='ltr' id='par_1_107' title="bbox 1995 4765 3573 4839">
     <span class='ocr_line' id='line_1_107' title="bbox 1995 4765 3573 4839; baseline 0.003 -19"><span class='ocrx_word' id='word_1_769' title='bbox 1995 4765 2177 4820; x_wconf 70' lang='lat' dir='ltr'><strong>storia:</strong></span> <span class='ocrx_word' id='word_1_770' title='bbox 2203 4765 2448 4821; x_wconf 91' lang='lat' dir='ltr'><strong>ordinem</strong></span> <span class='ocrx_word' id='word_1_771' title='bbox 2471 4775 2828 4821; x_wconf 80' lang='lat' dir='ltr'><strong>revertamur.</strong></span> <span class='ocrx_word' id='word_1_772' title='bbox 2865 4766 3001 4821; x_wconf 91' lang='lat' dir='ltr'><strong>Cum</strong></span> <span class='ocrx_word' id='word_1_773' title='bbox 3037 4767 3201 4838; x_wconf 80' lang='lat' dir='ltr'><strong>igitur</strong></span> <span class='ocrx_word' id='word_1_774' title='bbox 3221 4784 3318 4839; x_wconf 92' lang='lat' dir='ltr'><strong>per</strong></span> <span class='ocrx_word' id='word_1_775' title='bbox 3349 4771 3573 4824; x_wconf 76' lang='lat' dir='ltr'><strong>univer-</strong></span> 
     </span>
    </p>
   </div>
   <div class='ocr_carea' id='block_1_108' title="bbox 1999 4854 3571 4930">
    <p class='ocr_par' dir='ltr' id='par_1_108' title="bbox 1999 4854 3571 4930">
     <span class='ocr_line' id='line_1_108' title="bbox 1999 4854 3571 4930; baseline 0.004 -21"><span class='ocrx_word' id='word_1_776' title='bbox 1999 4870 2118 4909; x_wconf 89' lang='lat' dir='ltr'><strong>sum</strong></span> <span class='ocrx_word' id='word_1_777' title='bbox 2147 4855 2334 4909; x_wconf 90' lang='lat' dir='ltr'><strong>orbem</strong></span> <span class='ocrx_word' id='word_1_778' title='bbox 2360 4854 2603 4909; x_wconf 89' lang='lat' dir='ltr'><strong>Ecclesia</strong></span> <span class='ocrx_word' id='word_1_779' title='bbox 2642 4855 2842 4912; x_wconf 88' lang='lat' dir='ltr'><strong>Christi</strong></span> <span class='ocrx_word' id='word_1_780' title='bbox 2878 4858 3177 4913; x_wconf 77' lang='lat' dir='ltr'><strong>Salvatoris</strong></span> <span class='ocrx_word' id='word_1_781' title='bbox 3242 4861 3411 4915; x_wconf 89' lang='lat' dir='ltr'><strong>nostri</strong></span> <span class='ocrx_word' id='word_1_782' title='bbox 3443 4876 3571 4930; x_wconf 92' lang='lat' dir='ltr'><strong>pro-</strong></span> 
     </span>
    </p>
   </div>
   <div class='ocr_carea' id='block_1_109' title="bbox 2001 4946 3574 5021">
    <p class='ocr_par' dir='ltr' id='par_1_109' title="bbox 2001 4946 3574 5021">
     <span class='ocr_line' id='line_1_109' title="bbox 2001 4946 3574 5021; baseline 0.004 -24"><span class='ocrx_word' id='word_1_783' title='bbox 2001 4946 2161 5000; x_wconf 80' lang='lat' dir='ltr'><strong>funda</strong></span> <span class='ocrx_word' id='word_1_784' title='bbox 2194 4960 2327 5015; x_wconf 91' lang='lat' dir='ltr'><strong>pace</strong></span> <span class='ocrx_word' id='word_1_785' title='bbox 2355 4946 2635 5016; x_wconf 75' lang='lat' dir='ltr'><strong>gauderet,</strong></span> <span class='ocrx_word' id='word_1_786' title='bbox 2671 4960 2832 5016; x_wconf 89' lang='lat' dir='ltr'><strong>quam</strong></span> <span class='ocrx_word' id='word_1_787' title='bbox 2865 4947 3009 5021; x_wconf 86' lang='lat' dir='ltr'><strong>Deus</strong></span> <span class='ocrx_word' id='word_1_788' title='bbox 3047 4949 3422 5006; x_wconf 84' lang='lat' dir='ltr'><strong>universorum</strong></span> <span class='ocrx_word' id='word_1_789' title='bbox 3479 4966 3574 5005; x_wconf 86' lang='lat' dir='ltr'><strong>rex</strong></span> 
     </span>
    </p>
   </div>
   <div class='ocr_carea' id='block_1_110' title="bbox 1998 5037 3576 5109">
    <p class='ocr_par' dir='ltr' id='par_1_110' title="bbox 1998 5037 3576 5109">
     <span class='ocr_line' id='line_1_110' title="bbox 1998 5037 3576 5109; baseline 0.001 -17"><span class='ocrx_word' id='word_1_790' title='bbox 1998 5037 2047 5092; x_wconf 84' lang='lat' dir='ltr'><strong>ei</strong></span> <span class='ocrx_word' id='word_1_791' title='bbox 2082 5047 2363 5106; x_wconf 87' lang='lat' dir='ltr'><strong>paraverat</strong></span> <span class='ocrx_word' id='word_1_792' title='bbox 2386 5052 2481 5107; x_wconf 88' lang='lat' dir='ltr'><strong>per</strong></span> <span class='ocrx_word' id='word_1_793' title='bbox 2508 5052 2722 5093; x_wconf 85' lang='lat' dir='ltr'><strong>servum</strong></span> <span class='ocrx_word' id='word_1_794' title='bbox 2759 5053 2914 5092; x_wconf 89' lang='lat' dir='ltr'><strong>suum</strong></span> <span class='ocrx_word' id='word_1_795' title='bbox 2956 5040 3369 5096; x_wconf 90' lang='lat' dir='ltr'><strong>Constantinum</strong></span> <span class='ocrx_word' id='word_1_796' title='bbox 3431 5040 3576 5109; x_wconf 85' lang='lat' dir='ltr'><strong>ejus-</strong></span> 
     </span>
    </p>
   </div>
   <div class='ocr_carea' id='block_1_111' title="bbox 2003 5130 3577 5203">
    <p class='ocr_par' dir='ltr' id='par_1_111' title="bbox 2003 5130 3577 5203">
     <span class='ocr_line' id='line_1_111' title="bbox 2003 5130 3577 5203; baseline 0 -17"><span class='ocrx_word' id='word_1_797' title='bbox 2003 5146 2109 5200; x_wconf 89' lang='lat' dir='ltr'><strong>que</strong></span> <span class='ocrx_word' id='word_1_798' title='bbox 2140 5130 2315 5197; x_wconf 85' lang='lat' dir='ltr'><strong>ﬁlios;</strong></span> <span class='ocrx_word' id='word_1_799' title='bbox 2352 5141 2472 5201; x_wconf 91' lang='lat' dir='ltr'><strong>post</strong></span> <span class='ocrx_word' id='word_1_800' title='bbox 2529 5131 2699 5186; x_wconf 87' lang='lat' dir='ltr'><strong>divini</strong></span> <span class='ocrx_word' id='word_1_801' title='bbox 2732 5132 2876 5188; x_wconf 88' lang='lat' dir='ltr'><strong>Petri</strong></span> <span class='ocrx_word' id='word_1_802' title='bbox 2923 5134 3268 5203; x_wconf 86' lang='lat' dir='ltr'><strong>martyrium,</strong></span> <span class='ocrx_word' id='word_1_803' title='bbox 3321 5134 3411 5203; x_wconf 91' lang='lat' dir='ltr'><strong>qni</strong></span> <span class='ocrx_word' id='word_1_804' title='bbox 3475 5132 3577 5186; x_wconf 82' lang='lat' dir='ltr'><strong>fuit</strong></span> 
     </span>
    </p>
   </div>
   <div class='ocr_carea' id='block_1_112' title="bbox 1998 5222 3574 5297">
    <p class='ocr_par' dir='ltr' id='par_1_112' title="bbox 1998 5222 3574 5297">
     <span class='ocr_line' id='line_1_112' title="bbox 1998 5222 3574 5297; baseline 0.003 -23"><span class='ocrx_word' id='word_1_805' title='bbox 1998 5222 2282 5290; x_wconf 85' lang='lat' dir='ltr'><strong>episcopus</strong></span> <span class='ocrx_word' id='word_1_806' title='bbox 2303 5222 2557 5278; x_wconf 76' lang='lat' dir='ltr'><strong>Ecclesia:</strong></span> <span class='ocrx_word' id='word_1_807' title='bbox 2578 5224 2981 5287; x_wconf 66' lang='lat' dir='ltr'><strong>Alexandrinae,</strong></span> <span class='ocrx_word' id='word_1_808' title='bbox 3006 5234 3060 5279; x_wconf 90' lang='lat' dir='ltr'><strong>et</strong></span> <span class='ocrx_word' id='word_1_809' title='bbox 3082 5224 3133 5278; x_wconf 92' lang='lat' dir='ltr'><strong>in</strong></span> <span class='ocrx_word' id='word_1_810' title='bbox 3171 5225 3289 5294; x_wconf 86' lang='lat' dir='ltr'><strong>ipso</strong></span> <span class='ocrx_word' id='word_1_811' title='bbox 3318 5225 3574 5297; x_wconf 83' lang='lat' dir='ltr'><strong>martyrio</strong></span> 
     </span>
    </p>
   </div>
   <div class='ocr_carea' id='block_1_113' title="bbox 2000 5312 3574 5385">
    <p class='ocr_par' dir='ltr' id='par_1_113' title="bbox 2000 5312 3574 5385">
     <span class='ocr_line' id='line_1_113' title="bbox 2000 5312 3574 5385; baseline 0.003 -20"><span class='ocrx_word' id='word_1_812' title='bbox 2000 5312 2548 5379; x_wconf 79' lang='lat' dir='ltr'><strong>fuitt-onsnmmatus,</strong></span> <span class='ocrx_word' id='word_1_813' title='bbox 2585 5324 2639 5369; x_wconf 93' lang='lat' dir='ltr'><strong>et</strong></span> <span class='ocrx_word' id='word_1_814' title='bbox 2668 5317 2981 5385; x_wconf 88' lang='lat' dir='ltr'><strong>incorrupta</strong></span> <span class='ocrx_word' id='word_1_815' title='bbox 3019 5315 3100 5369; x_wconf 88' lang='lat' dir='ltr'><strong>sui</strong></span> <span class='ocrx_word' id='word_1_816' title='bbox 3141 5315 3455 5370; x_wconf 87' lang='lat' dir='ltr'><strong>certaminis</strong></span> <span class='ocrx_word' id='word_1_817' title='bbox 3486 5331 3574 5370; x_wconf 83' lang='lat' dir='ltr'><strong>co-</strong></span> 
     </span>
    </p>
   </div>
   <div class='ocr_carea' id='block_1_114' title="bbox 2003 5401 3572 5470">
    <p class='ocr_par' dir='ltr' id='par_1_114' title="bbox 2003 5401 3572 5470">
     <span class='ocr_line' id='line_1_114' title="bbox 2003 5401 3572 5470; baseline 0 -17"><span class='ocrx_word' id='word_1_818' title='bbox 2003 5415 2132 5454; x_wconf 85' lang='lat' dir='ltr'><strong>rona</strong></span> <span class='ocrx_word' id='word_1_819' title='bbox 2169 5401 2479 5470; x_wconf 84' lang='lat' dir='ltr'><strong>redimitus,</strong></span> <span class='ocrx_word' id='word_1_820' title='bbox 2510 5402 2666 5457; x_wconf 86' lang='lat' dir='ltr'><strong>vidua</strong></span> <span class='ocrx_word' id='word_1_821' title='bbox 2692 5404 2949 5458; x_wconf 90' lang='lat' dir='ltr'><strong>remansit</strong></span> <span class='ocrx_word' id='word_1_822' title='bbox 2984 5402 3226 5457; x_wconf 86' lang='lat' dir='ltr'><strong>Ecclesia</strong></span> <span class='ocrx_word' id='word_1_823' title='bbox 3264 5403 3351 5457; x_wconf 88' lang='lat' dir='ltr'><strong>illa</strong></span> <span class='ocrx_word' id='word_1_824' title='bbox 3373 5418 3572 5457; x_wconf 88' lang='lat' dir='ltr'><strong>annum</strong></span> 
     </span>
    </p>
   </div>
   <div class='ocr_carea' id='block_1_115' title="bbox 1998 5495 3578 5561">
    <p class='ocr_par' dir='ltr' id='par_1_115' title="bbox 1998 5495 3578 5561">
     <span class='ocr_line' id='line_1_115' title="bbox 1998 5495 3578 5561; baseline 0.002 -15"><span class='ocrx_word' id='word_1_825' title='bbox 1998 5508 2163 5547; x_wconf 87' lang='lat' dir='ltr'><strong>unum</strong></span> <span class='ocrx_word' id='word_1_826' title='bbox 2218 5509 2233 5547; x_wconf 92' lang='lat'><strong>:</strong></span> <span class='ocrx_word' id='word_1_827' title='bbox 2291 5502 2568 5549; x_wconf 89' lang='lat' dir='ltr'><strong>transacto</strong></span> <span class='ocrx_word' id='word_1_828' title='bbox 2613 5505 2793 5551; x_wconf 90' lang='lat' dir='ltr'><strong>autem</strong></span> <span class='ocrx_word' id='word_1_829' title='bbox 2824 5510 2987 5561; x_wconf 92' lang='lat' dir='ltr'><strong>anno,</strong></span> <span class='ocrx_word' id='word_1_830' title='bbox 3038 5495 3321 5550; x_wconf 88' lang='lat' dir='ltr'><strong>ordinatur</strong></span> <span class='ocrx_word' id='word_1_831' title='bbox 3364 5495 3416 5548; x_wconf 90' lang='lat' dir='ltr'><strong>in</strong></span> <span class='ocrx_word' id='word_1_832' title='bbox 3452 5495 3578 5552; x_wconf 80' lang='lat' dir='ltr'><strong>sede</strong></span> 
     </span>
    </p>
   </div>
   <div class='ocr_carea' id='block_1_116' title="bbox 382 5664 3576 5742">
    <p class='ocr_par' dir='ltr' id='par_1_116' title="bbox 382 5664 3576 5742">
     <span class='ocr_line' id='line_1_116' title="bbox 382 5664 3576 5742; baseline 0.002 -22"><span class='ocrx_word' id='word_1_833' title='bbox 382 5665 458 5741; x_wconf 77' lang='lat'><strong>(7)</strong></span> <span class='ocrx_word' id='word_1_834' title='bbox 486 5666 609 5742; x_wconf 56' lang='lat' dir='ltr'><strong>Lat.</strong></span> <span class='ocrx_word' id='word_1_835' title='bbox 658 5666 755 5721; x_wconf 80' lang='lat' dir='ltr'><strong>llis</strong></span> <span class='ocrx_word' id='word_1_836' title='bbox 801 5679 977 5721; x_wconf 83' lang='lat' dir='ltr'><strong>autem</strong></span> <span class='ocrx_word' id='word_1_837' title='bbox 1010 5667 1120 5736; x_wconf 71' lang='lat' dir='ltr'><strong>ipse</strong></span> <span class='ocrx_word' id='word_1_838' title='bbox 1151 5668 1455 5720; x_wconf 80' lang='lat' dir='ltr'><strong>intereram.</strong></span> <span class='ocrx_word' id='word_1_839' title='bbox 1491 5664 1596 5721; x_wconf 81' lang='lat' dir='ltr'><strong>Sed</strong></span> <span class='ocrx_word' id='word_1_840' title='bbox 1628 5667 1762 5732; x_wconf 59' lang='lat' dir='ltr'><strong>ham,</strong></span> <span class='ocrx_word' id='word_1_841' title='bbox 1805 5681 1924 5736; x_wconf 84' lang='lat' dir='ltr'><strong>quae</strong></span> <span class='ocrx_word' id='word_1_842' title='bbox 1966 5676 2091 5722; x_wconf 88' lang='lat' dir='ltr'><strong>sunt</strong></span> <span class='ocrx_word' id='word_1_843' title='bbox 2160 5668 2365 5725; x_wconf 87' lang='lat' dir='ltr'><strong>inclusa</strong></span> <span class='ocrx_word' id='word_1_844' title='bbox 2405 5670 2741 5739; x_wconf 87' lang='lat' dir='ltr'><strong>parenthesi,</strong></span> <span class='ocrx_word' id='word_1_845' title='bbox 2783 5686 2889 5727; x_wconf 89' lang='lat' dir='ltr'><strong>non</strong></span> <span class='ocrx_word' id='word_1_846' title='bbox 2924 5670 3175 5742; x_wconf 80' lang='lat' dir='ltr'><strong>leguntur</strong></span> <span class='ocrx_word' id='word_1_847' title='bbox 3220 5670 3359 5741; x_wconf 84' lang='lat' dir='ltr'><strong>apud</strong></span> <span class='ocrx_word' id='word_1_848' title='bbox 3412 5674 3576 5729; x_wconf 75' lang='lat' dir='ltr'><strong>Euse-</strong></span> 
     </span>
    </p>
   </div>
   <div class='ocr_carea' id='block_1_117' title="bbox 311 5737 701 5794">
    <p class='ocr_par' dir='ltr' id='par_1_117' title="bbox 311 5737 701 5794">
     <span class='ocr_line' id='line_1_117' title="bbox 311 5737 701 5794; baseline -0.013 -1"><span class='ocrx_word' id='word_1_849' title='bbox 311 5737 483 5794; x_wconf 64' lang='lat' dir='ltr'><strong>ilium.</strong></span> <span class='ocrx_word' id='word_1_850' title='bbox 524 5737 599 5790; x_wconf 63' lang='lat' dir='ltr'><strong>lia</strong></span> <span class='ocrx_word' id='word_1_851' title='bbox 611 5754 673 5791; x_wconf 74' lang='lat' dir='ltr'><strong>an</strong></span> <span class='ocrx_word' id='word_1_852' title='bbox 686 5774 701 5788; x_wconf 90' lang='lat'><strong>.</strong></span> 
     </span>
    </p>
   </div>
   <div class='ocr_carea' id='block_1_118' title="bbox 629 5830 1379 5892">
    <p class='ocr_par' dir='ltr' id='par_1_118' title="bbox 629 5830 1379 5892">
     <span class='ocr_line' id='line_1_118' title="bbox 629 5830 1379 5892; baseline -0.001 -2"><span class='ocrx_word' id='word_1_853' title='bbox 629 5832 898 5892; x_wconf 67' lang='lat' dir='ltr'><strong>Pa&#39;mon.</strong></span> <span class='ocrx_word' id='word_1_854' title='bbox 943 5834 1055 5891; x_wconf 79' lang='lat' dir='ltr'><strong>Gtt.</strong></span> <span class='ocrx_word' id='word_1_855' title='bbox 1104 5830 1379 5891; x_wconf 76' lang='lat' dir='ltr'><strong>LXXXV.</strong></span> 
     </span>
    </p>
   </div>
   <div class='ocr_carea' id='block_1_119' title="bbox 3154 5827 3225 5888">
    <p class='ocr_par' dir='ltr' id='par_1_119' title="bbox 3154 5827 3225 5888">
     <span class='ocr_line' id='line_1_119' title="bbox 3154 5827 3225 5888; baseline 0.014 -1"><span class='ocrx_word' id='word_1_856' title='bbox 3154 5827 3225 5888; x_wconf 85' lang='lat'><strong>39</strong></span> 
     </span>
    </p>
   </div>
  </div>
