4042 6142
1799 315 2104 376 GELASII

2216 312 2487 374 {ZICENI
3660 312 3795 378 1%

524 329 662 392 12'27

532 440 706 497 sancti
740 438 996 511 martyris
1047 434 1194 490 Petri
1260 431 1523 497 Achillas,
1554 432 1638 485 vir
1674 430 1852 501 gravis
1879 440 1934 485 et
1984 444 2098 484 ma-

2216 426 2396 498 ta6siq.
2423 424 2556 497 ὁμοῦ
2587 426 2680 479 καὶ
2714 424 2876 496 σοφίᾳ
2907 424 3135 499 πλείστῃ
3188 425 3284 497 ὅσῃ
3317 423 3658 496 διαπρέπων,
3690 445 3793 483 κα-

532 533 839 605 gnanitnus,
865 545 928 584 ac
955 538 1141 583 sancte
1191 526 1445 596 prudens,
1482 522 1846 595 religioneque
1900 523 2103 593 pariter

2216 516 2327 597 Ξὼς.
2350 519 2483 588 ἡμῖν
2508 516 2577 572 τὰ
2607 516 2814 571 παλαιὰ
2835 517 2928 570 καὶ
2950 516 3209 583 ἀπλανῶς
3256 517 3449 589 ἔχοντα
3479 518 3790 587 διηγοῦνται

532 640 594 681 ac
634 623 898 693 sapientia
930 620 1165 691 plurima
1225 627 1470 682 ornatus,
1526 626 1586 670 ut
1616 615 1774 671 nobis
1816 616 2023 685 antiqui
2050 623 2105 671 et

532 715 674 771 omni
716 720 965 768 carentes
1015 723 1203 765 errore
1235 707 1609 763 commentarii
1672 706 1963 763 referunt:
2013 708 2103 777 qui

531 805 696 860 multa
732 803 883 873 prius
918 802 1305 859 exhortatione
1331 815 1481 867 usus,
1532 800 1771 869 suscepit
1808 798 1997 853 Arium
2051 799 2105 854 in

531 897 772 952 ordinem
818 896 1195 952 diaconorutn.
1264 894 1399 948 Cum
1448 902 1626 948 autem
1688 892 1776 948 hic
1830 892 2106 948 mensibus

531 994 741 1042 tantum
774 986 1013 1057 quinque
1041 985 1454 1056 supervixisset,
1521 984 1760 1054 suscepit
1812 982 2105 1039 sacerdotii

529 1079 887 1149 principatum
918 1077 1114 1133 ibidem
1140 1076 1194 1131 itt
1218 1075 1582 1132 Alexandrina
1608 1074 1847 1130 Ecclesia
1871 1074 2107 1132 Alexan-

529 1170 645 1235 der,
678 1170 761 1224 vir
782 1168 835 1225 in
862 1184 1072 1225 summo
1094 1169 1299 1224 honore
1327 1169 1395 1223 ab
1419 1168 1564 1223 omni
1600 1167 1858 1224 Ecclesite
1889 1169 2033 1224 clero
2054 1175 2110 1224 et

528 1262 727 1334 populo
781 1260 1024 1325 habitus,
1091 1258 1432 1329 magniﬁcus,
1494 1256 1763 1324 liberalis,
1823 1257 2105 1325 facundus,

531 1370 736 1426 aequus,
788 1352 881 1408 Dei
915 1360 1148 1418 amator,
1198 1365 1388 1407 amans
1445 1350 1748 1416 hominum,
1806 1364 2107 1422 pauperum

532 1447 831 1511 studiosus,
870 1445 1043 1500 bonus
1071 1452 1128 1498 et
1150 1450 1469 1499 mansuetus
1513 1456 1642 1514 erga
1671 1457 1881 1508 omnes,
1909 1442 1954 1497 si
1985 1441 2108 1510 quis

544 1539 718 1593 alius:
750 1537 839 1606 qui
866 1546 920 1591 et
960 1536 1074 1606 ipse
1108 1535 1299 1590 Arium
1332 1535 1638 1605 proximum
1670 1534 1772 1589 sibi
1829 1535 2112 1605 presbyte-

534 1647 651 1685 rutn
685 1628 983 1684 constituit.
1009 1627 1123 1682 Sub
1159 1628 1261 1682 hoc
1283 1642 1400 1682 cum
1424 1624 1786 1681 Eeclesiarttm
1810 1641 1911 1696 pax
1945 1625 2115 1697 magis

532 1734 596 1774 ac
641 1719 812 1788 magis
868 1717 1107 1789 quotidie
1171 1716 1455 1783 reluceret,
1495 1731 1617 1771 cum
1673 1716 1726 1771 in
1776 1732 1937 1772 unam
1978 1733 2114 1774 con-

2207 609 2639 681 συγγράμματα·
2669 609 2726 674 ὃς
2758 608 2931 664 πολλὰ
2956 609 3338 682 παρακληθεὶς
3365 611 3670 677 ὑπεδέξατο
3693 612 3787 666 τὸν

2209 705 2432 775 ’Δρειον
2471 704 2551 767 είς
2579 702 2680 774 τὴν
2713 702 3014 759 διακονίαν.
3049 702 3256 757 Τούτου
3289 702 3348 757 δὲ
3392 703 3791 769 ὲπιϐιώσαντος

2208 796 2390 867 μῆνας
2432 795 2597 852 πέντε
2642 796 2824 867 μόνον,
2861 797 3193 867 ὑποδέχεται
3226 796 3325 869 τὴν
3353 797 3456 870 τῆς
3493 798 3792 870 ἱερωσύνης

2207 888 2382 960 ἀρχὴν
2429 889 2529 958 τῆς
2583 888 2771 942 αὐτόθι
2811 888 2921 943 τῶν
2997 888 3397 960 Ἀλεξανδρέων
3464 890 3792 960 Ἐκκλησίας

2219 979 2573 1053 Ἀλέξανδρος
2596 1023 2612 1046 ,
2655 982 2795 1053 ἀνὴρ
2836 981 3017 1053 τίμιος
3056 983 3114 1035 ὲν
3158 983 3295 1035 πᾶσι
3320 1020 3336 1043 ,
3371 982 3539 1036 παντὶ
3564 982 3647 1052 τῷ
3692 982 3791 1053 τῆς

2221 1071 2551 1144 Ἐκκλησίας
2591 1073 2781 1144 κλήρῳ
2811 1074 2907 1127 καὶ
2937 1072 3051 1143 λαῷ
3092 1072 3523 1146 μεγαλοπρεπὴς
3565 1072 3790 1147 [μικρο-

2213 1160 2494 1233 μεγέθης],
2526 1162 2902 1233 εὐμετάδοτος,
2934 1162 3181 1230 εὖλαλος,
3214 1163 3487 1235 ἐπιεικὴς,
3523 1163 3791 1233 φιλόθεος,

2211 1251 2614 1323 φιλάνθρωπος,
2648 1254 3011 1323 φιλόπτωχος,
3043 1254 3302 1326 χρηστὸς,
3340 1255 3623 1327 προσηνὴς
3657 1256 3795 1327 πρὸς

2212 1345 2436 1411 πάντας,
2469 1344 2629 1418 εἴπερ
2655 1362 2740 1409 τις
2767 1345 2946 1411 ἄλλος·
2970 1346 3029 1410 ὃς
3055 1347 3152 1400 καὶ
3175 1347 3337 1411 αὐτὸς
3367 1348 3677 1419 κατέστησε
3705 1349 3794 1401 τὸν

2216 1436 2432 1507 ’Δρειον
2471 1436 2844 1510 πρεσϐύτερον
2892 1437 3125 1507 ἔγγιστα
3170 1438 3388 1494 ἑαυτοῦ.
3440 1438 3565 1493 Ἐπὶ
3602 1440 3791 1493 τούτου
3862 1494 3869 1499 ,

2212 1527 2313 1598 τῆς
2343 1528 2567 1600 εἰρήνης
2597 1528 2704 1582 τῶν
2758 1529 3098 1600 Ἐκκλησιῶν
3126 1530 3400 1602 ὁσημέραι
3436 1530 3513 1594 ὡς
3543 1531 3626 1584 ἔτι
3661 1531 3794 1602 μᾶλ-

2214 1620 2304 1673 λον
2342 1622 2435 1674 καὶ
2483 1621 2683 1691 μᾶλλον
2714 1620 3184 1695 λαμπρυνομένης
3206 1660 3221 1685 ,
3258 1623 3353 1677 καὶ
3376 1624 3458 1686 είς
3496 1623 3632 1695 μίαν
3664 1625 3794 1692 ὁμό-

2218 1728 2366 1765 νοιαν
2421 1711 2804 1782 συνεστώσης,
2859 1713 2957 1767 καὶ
3008 1716 3122 1778 τοῖς
3170 1714 3428 1779 emetat;
3466 1715 3578 1769 τῶν
3631 1717 3795 1784 ἁγίων

529 1810 770 1865 cordiattt
795 1808 1166 1878 conspirarent
1199 1821 1409 1871 omnes,
1452 1818 1507 1863 et
1550 1807 1603 1862 in
1634 1816 1941 1863 sanctorum
1967 1824 2111 1862 mar-

2219 1799 2514 1871 μαρτύρων
2535 1781 2813 1873 πανταχοῦ
2836 1803 2941 1874 γῆς
2966 1821 3025 1857 σε
3034 1805 3395 1878 μνυνομένης·
3424 1807 3528 1860 οὐκ
3557 1781 3797 1875 ἐνεγκὼν

534 1911 709 1971 tyrum
767 1898 1002 1970 praemiis
1040 1895 1236 1966 ubique
1272 1895 1510 1950 locorum
1554 1894 1957 1967 gloriarentur:
2009 1910 2113 1951 non

530 1993 711 2047 ferens
736 1989 980 2047 diabolus
1035 1998 1241 2044 tantum
1293 1988 1585 2043 ﬁdelissimi
1642 1988 1895 2044 Ecclesiae
1934 1989 2113 2060 populi

534 2083 819 2139 ittcmlesti
863 2095 989 2151 erga
1048 2081 1212 2136 Deum
1272 2079 1418 2135 cultu
1458 2079 1871 2145 incrementum,
1922 2079 2112 2137 iterum

531 2189 630 2244 per
666 2173 953 2242 quamdam
1008 2170 1505 2226 ecclesiasticorum
1552 2168 1948 2226 contentionem
2002 2179 2118 2225 tur-

528 2267 630 2321 bas
660 2264 879 2321 excitat.

1191 2377 1345 2436 CAP.
1389 2376 1456 2434 ll.

781 2492 866 2548 De
890 2491 1077 2546 haeresi
1101 2506 1135 2545 a
1167 2489 1260 2546 Dei
1297 2491 1443 2551 hoste
1472 2489 1596 2544 Aria
1636 2491 1864 2545 inventa.

602 2675 896 2747 Presbyter
916 2675 1059 2729 enim
1095 2671 1203 2738 ille,
1253 2686 1412 2742 quem
1444 2670 1756 2728 dicebamus
1786 2670 1875 2726 tali
1904 2670 2111 2727 honore

536 2769 754 2839 dignum
781 2766 1152 2823 existimatum
1186 2762 1356 2819 fuisse
1408 2763 1477 2818 ab
1508 2763 1820 2817 Alexandro
1868 2761 2108 2817 Alexan-

535 2858 666 2912 driae
694 2857 968 2926 episcopo,
989 2856 1208 2910 nomine
1224 2853 1409 2920 Arius,
1441 2854 1522 2906 vir
1551 2852 1729 2922 specie
1755 2851 1971 2922 quidem
1996 2866 2109 2905 ma-

536 2950 619 3020 gis
653 2948 792 3017 pius,
828 2957 1025 3002 caetera
1042 2960 1176 3023 vero
1236 2944 1491 3001 vanitatis
1546 2953 1602 2999 et
1644 2944 1835 3014 gloriae
1880 2945 2111 3000 callidus

537 3048 767 3105 amator,
825 3039 990 3108 caspit
1010 3037 1154 3093 circa
1209 3037 1368 3091 ﬁdem
1407 3036 1462 3090 in
1521 3036 1795 3091 Christum
1825 3036 2106 3108 peregrina

2216 1894 2244 1945 ὁ
2267 1891 2512 1957 διάϐολος
2535 1892 2635 1963 τὴν
2653 1895 2923 1967 τοσαύτην
2945 1894 3040 1951 τοῦ
3071 1899 3400 1952 πιστοτάτου
3431 1898 3535 1969 τῆς
3570 1899 3797 1970 Ἐκκλη-

2217 1984 2339 2047 σίας
2393 1983 2521 2037 λαοῦ
2555 1985 2646 2038 ἐπὶ
2684 1988 2751 2057 τῇ
2790 1988 2849 2040 ὲν
2905 1987 3044 2061 αὐτῇ
3088 1988 3227 2061 πρὸς
3262 1989 3356 2044 τὸν
3382 1988 3519 2044 Θεὸν
3562 1990 3798 2062 οὐρανίῳ

2216 2077 2483 2150 θρησκείᾳ
2512 2076 2763 2149 αὔξησιν,
2791 2078 2954 2135 πάλιν
2982 2079 3047 2134 ἔκ
3068 2097 3214 2146 τινος
3236 2080 3578 2152 φιλονεικίας
3604 2081 3712 2136 τῶν
3742 2085 3797 2136 ὲν

2214 2172 2353 2243 αὐτῇ
2374 2170 2620 2242 ταραχὴν
2646 2171 2966 2243 ὑφίσταται.

2816 2371 3066 2426 ΚΕΦΑΛ.
3108 2368 3187 2424 Β’.

2213 2481 2353 2551 Περὶ
2382 2481 2494 2551 τῆς
2512 2481 3251 2556 ἐφευρεθείσηςλαίρέονεως
3280 2484 3399 2538 ὑπὸ
3435 2483 3543 2540 τοῦ
3579 2483 3797 2556 Θεομά-

2797 2570 2912 2622 χου
2954 2553 3199 2622 Ἀρείου.

2296 2665 2354 2719 Ὀ
2384 2667 2497 2738 γὰρ
2527 2665 2897 2737 πρεσϐύτερος
2919 2667 3147 2733 ἐκεῖνος,
3172 2665 3231 2719 ὃν
3264 2666 3474 2739 ἔφαμεν
3500 2668 3603 2738 τῆς
3630 2671 3796 2724 "retis-

2212 2755 2266 2809 δε
2314 2757 2579 2827 ἠξιῶσθαι
2625 2759 2791 2831 τιμῆς
2822 2760 2926 2814 ὐπὸ
2969 2760 3324 2833 Ἀλεξάνδρου
3372 2762 3468 2817 τοῦ
3500 2764 3794 2819 ἐπισκόπου

2223 2849 2667 2922 Ἀλεξανδρείας,
2712 2852 2929 2924 ’Ἄρειος
2959 2851 3219 2924 τοῦνομα,
3274 2854 3416 2925 ἀνὴρ
3449 2858 3795 2927 προσχήματι

2218 2943 2422 3013 μᾶλλον
2461 2945 2729 3017 εὐσεϐὴς,
2779 2945 2850 2999 τὰ
2893 2945 2951 3000 δὲ
2981 2946 3117 3001 ἄλλα
3159 2947 3318 3020 δόξης
3367 2948 3463 3002 καὶ
3512 2950 3796 3020 κενότητος

2213 3033 2417 3107 θερμὸς
2464 3037 2721 3108 ἐραστὴς,
2779 3037 2984 3110 ἦρξατο
3025 3040 3322 3111 προφέρειν
3352 3040 3472 3095 τινὰ
3505 3040 3631 3106 ξένα
3669 3043 3797 3114 περὶ

535 3129 780 3200 quaedam
805 3128 1069 3199 proferre,
1102 3144 1221 3197 qua:
1264 3129 1538 3199 prioribus
1573 3129 1906 3199 temporibus
1952 3145 2111 3185 nemo

2216 3126 2312 3196 τῆς
2337 3129 2417 3191 είς
2446 3130 2682 3199 Χριστὸν
2722 3129 2960 3194 πίστεως
2983 3170 2998 3195 ,
3022 3130 3057 3185 ἆ
3092 3133 3206 3195 τοῖς
3246 3131 3557 3204 ἔμπροσθεν
3581 3136 3797 3207 χρόνοις

544 3219 839 3291 quaesierat
874 3233 1112 3289 unquam
1152 3227 1248 3274 aut
1283 3219 1693 3277 introduxerat:
1738 3229 1968 3277 conatus
1994 3222 2114 3277 uni-

528 3313 781 3386 genitum
813 3311 1103 3368 Dominum
1140 3322 1387 3367 nostrtttn
1418 3310 1603 3368 Jesum
1631 3312 1907 3369 Christum
1951 3328 1979 3367 a
2006 3312 2112 3368 Pa-

534 3403 637 3458 tris
660 3403 920 3458 ineﬂabili
951 3413 1006 3458 et
1027 3414 1229 3459 aeterna
1283 3402 1571 3458 divinitate
1602 3417 1877 3472 separare,
1905 3419 2115 3476 magna:

540 3497 597 3550 in
624 3494 877 3550 Ecclesia
907 3495 1332 3565 perturbationis
1358 3504 1552 3549 auctor
1590 3493 1710 3548 fuit.
1753 3494 1955 3550 Verum
1988 3496 2112 3550 dum

539 3583 848 3638 Alexander
876 3584 1117 3653 ingenita
1157 3591 1370 3639 natura:
1396 3598 1508 3640 suae
1549 3583 1885 3654 benignitate
1925 3587 2114 3641 Arium

532 3676 595 3729 .in
652 3674 844 3730 melius
896 3687 1107 3730 mutare
1154 3674 1315 3730 vellet
1361 3675 1676 3731 decentibus
1728 3676 2115 3734 admonitioni-

540 3767 666 3831 bus,
710 3766 940 3821 necdum
983 3774 1247 3821 statueret
1292 3766 1560 3822 sententia
1587 3767 1709 3822 uti:
1750 3768 1954 3824 interea
1989 3784 2117 3826 con-

529 3857 661 3927 tigit
721 3857 792 3913 ob
860 3856 996 3922 hoc,
1061 3866 1122 3910 ut
1192 3856 1462 3927 pestilenti
1529 3857 1753 3914 haeresis
1809 3859 2118 3917 calamitate

542 3948 695 4005 multi
756 3949 1193 4017 absumerentur,
1242 3959 1297 4007 et
1337 3960 1592 4022 tanquam
1641 3964 1710 4008 ex
1752 3967 1917 4024 parva
1977 3955 2120 4011 scin-

530 4042 652 4098 .tilla
684 4057 917 4110 magnus
941 4042 1083 4112 ignis
1132 4042 1549 4100 accenderetur.
1608 4043 1809 4100 Malum
1854 4047 2120 4118 incipiens

539 4132 609 4188 ab
635 4132 1123 4187 Alexandrinorum
1151 4132 1417 4198 Ecclesia,
1463 4135 1647 4204 plures
1691 4136 1832 4193 alias
1875 4138 2122 4195 civitates

528 4233 702 4292 atque
737 4221 1047 4291 provincias
1074 4223 1444 4292 percurrebat.
1499 4222 1782 4279 Postremo
1815 4239 1940 4281 cum
1970 4227 2121 4282 vide-

530 4323 625 4368 .ret
654 4313 971 4368 Alexander
1004 4314 1204 4368 malum
1236 4314 1288 4367 in
1320 4313 1475 4384 pejus
1507 4316 1794 4384 progredi,
1856 4318 2119 4387 synodum

2209 3218 2386 3282 οὐδεὶς
2407 3218 2625 3274 πώποτε
2650 3221 2934 3294 ἐζήτησεν,
2969 3223 3001 3294 ἢ
3030 3226 3479 3296 παρεισήνεγκεν⁸
3505 3227 3798 3299 ἐπιχειρή-

2213 3325 2314 3372 σας
2353 3310 2445 3363 τὸν
2479 3315 2742 3384 μονογενῆ
2774 3313 2981 3387 Κύριον
3027 3315 3183 3386 ἡμῶν
3223 3315 3420 3385 Ἰησοῦν
3445 3315 3682 3386 Χριστὸν
3711 3317 3795 3371 δι-

2211 3399 2351 3454 ελεῖν
2389 3401 2489 3473 τῆς
2523 3402 2617 3456 τοῦ
2651 3405 2867 3476 Πατρδς
2893 3404 3139 3480 άρῤήτου
3168 3407 3256 3460 κατ⁸
3282 3405 3450 3460 ἀϊδίου
3490 3406 3755 3479 θεότητος
3779 3453 3799 3479 ,

2215 3489 2415 3563 πολλῆς
2441 3495 2581 3547 κατά
2608 3494 2708 3565 τὴν
2748 3493 3080 3568 Ἐκκλησίαν
3109 3498 3393 3570 παραίτιος
3420 3499 3672 3570 ταραχῆς
3703 3501 3802 3568 γέ-

2214 3597 2387 3651 γονεν.
2433 3584 2594 3639 Ἀλλά
2620 3586 2685 3659 δὴ
2713 3587 2806 3641 τοῦ
2843 3586 3217 3662 Ἀλεξάνδρου,
3248 3591 3514 3662 πραότητι
3556 3592 3802 3662 φύσεως,

2213 3676 2305 3728 τὸν
2339 3678 2556 3747 Ι’Δρειον
2583 3680 2676 3733 ἐπὶ
2693 3679 2754 3733 τὸ
2775 3681 2999 3752 ἄμεινον
3031 3682 3279 3749 θέλοντος
3312 3684 3642 3756 μεταϐαλεῖν
3672 3704 3803 3757 πρε-

2215 3767 2447 3833 πούσαις
2465 3772 2841 3843 παραινέσεσι,
2868 3774 3094 3845 μηδέπω
3118 3775 3176 3830 δὲ
3203 3776 3491 3848 κρίνοντος
3520 3778 3802 3847 ἀποφάσει

2217 3860 2559 3931 χρήσασθαι,
2592 3862 2729 3929 τέως
2758 3866 3113 3937 ἐπινέμεσθαι
3143 3866 3235 3921 διὰ
3262 3868 3425 3923 τοῦτο
3450 3868 3683 3934 πολλοὺς
3704 3871 3801 3941 τὴν

2217 3951 2471 4025 λοιμικὴν
2512 3955 2836 4027 περίστασιν
2868 3958 2970 4028 τῆς
3007 3958 3275 4032 αἱρέσεως
3316 3961 3566 4031 γέγονεν,
3610 3961 3800 4017 ἔπειτα

2219 4043 2292 4107 ὡς
2339 4044 2447 4097 ἀπὸ
2502 4045 2702 4118 μικροῦ
2753 4049 3054 4121 σπινθῆρος
3110 4051 3256 4123 μέγα
3309 4052 3423 4124 πῦρ
3473 4052 3798 4124 ὲξαφθῆναι.

2233 4133 2562 4206 Ἀρξάμενόν
2587 4155 2647 4191 τε
2674 4138 2735 4193 τὸ
2764 4139 2932 4194 κακὸν
2962 4142 3070 4196 ἀπὸ
3101 4143 3199 4213 τῆς
3240 4142 3645 4215 Ἀλεξανδρέων
3678 4145 3799 4198 Ἔκη

2219 4224 2476 4296 κλησίας,
2510 4229 2605 4281 καὶ
2638 4229 2780 4285 κατὰ
2810 4232 2995 4297 πόλεις
3040 4233 3208 4298 ἄλλας
3266 4235 3365 4288 καὶ
3410 4236 3686 4307 ἐπαρχίας
3722 4236 3796 4289 δι-

2222 4317 2428 4387 έτρεχε.
2465 4319 2666 4385 Τέλος,
2701 4322 2777 4386 ὡς
2823 4324 3022 4377 ὲνεῖδεν
3070 4325 3164 4378 ἐπὶ
3209 4324 3272 4379 τδ
3306 4328 3493 4397 χεῖρον
3521 4326 3583 4380 τὺ
3631 4327 3797 4381 κακδι.

530 4404 916 4474 subiectorum
950 4404 1052 4460 sibi
1086 4404 1462 4473 episcoporum
1482 4418 1812 4474 convocans,
1841 4417 1897 4462 et
1924 4409 2111 4464 Arium

2223 4410 2468 4479 προῖέναι
2488 4453 2503 4480 ,
2535 4413 2760 4468 ’σύνοδον
2788 4416 2898 4468 τῶν
2926 4418 3016 4470 ὑπ’
3053 4416 3217 4470 αὐτὸν
3247 4418 3572 4473 ἐπισκόπων
3599 4437 3798 4489 συστηο

534 4494 845 4549 sacerdotio
878 4493 1160 4560 dejiciens,
1192 4492 1307 4547 suis
1343 4491 1562 4563 collegis
1604 4494 1870 4549 rationem
1929 4499 2109 4553 reddi-

2216 4474 2500 4572 σάμενος,
2538 4507 2632 4560 καὶ⁵
2684 4506 2930 4564 καθελὼν
2978 4508 3072 4563 τὸν
3139 4510 3387 4582 Ἄρειον,
3450 4511 3675 4566 δίδωσιν
3719 4474 3798 4571 είς

532 4585 655 4640 dit:
703 4595 759 4640 et
793 4600 913 4651 quae
940 4594 1147 4654 contra
1187 4583 1378 4639 Arium
1411 4582 1587 4639 fusius
1636 4599 1934 4654 exponens,
1987 4597 2106 4643 stu-

538 4677 794 4747 diumque
825 4675 1212 4747 exstirpanda:
1261 4675 1488 4732 heresis
1532 4675 1597 4732 iis
1626 4675 1899 4746 injiciens,
1945 4687 2004 4733 ut
2038 4679 2105 4734 ad

532 4766 794 4835 judicium
811 4774 1267 4836 praepararentur,
1303 4766 1449 4834 ipsos
1471 4765 1813 4836 adhortatur,
1852 4767 1909 4824 in
1964 4769 2109 4826 hunc

520 4857 756 4912 modum
784 4857 850 4912 ad
876 4870 972 4913 eos
994 4857 1239 4913 scribens
1272 4874 1307 4932 ι,

1191 5030 1342 5131 cap.
1376 5076 1461 5132 ttt.

536 5190 767 5261 Dejectio
796 5192 909 5245 Arii
945 5201 991 5245 el
1019 5191 1285 5245 sociorum
1317 5190 1452 5260 ejus,
1485 5190 1663 5261 missa,
1690 5189 1754 5242 ab
1795 5189 2114 5255 Alexandra

908 5262 1147 5332 episcopo
1175 5262 1413 5315 omnibus
1440 5260 1713 5330 episwpis.

537 5437 881 5495 Chariasimis
915 5441 1446 5511 Iwnoratissimiaqtte
1478 5440 1757 5509 fratribus,
1799 5442 1889 5510 qui
1913 5434 2107 5511 ubique

607 5511 835 5581 gentium
859 5522 979 5565 sunt
997 5513 1264 5565 nobiscum
1296 5509 1635 5581 iu’Ecclesia:
1662 5511 1951 5566 ministerio
1982 5509 2107 5566 cen-

601 5579 796 5650 juncti,
825 5582 1128 5637 Alexander
1152 5582 1369 5636 salutem
1415 5581 1472 5634 in
1501 5579 1745 5634 Domino.

2212 4594 2342 4661 τοὺς
2389 4597 2834 4671 συλλειτουργούς
2875 4601 2974 4672 τὴν
3028 4601 3290 4658 ὑπόθεσιν
3337 4605 3366 4656 ό
3419 4602 3797 4679 Ἀλέξανδρος,

2213 4687 2548 4763 πλατύτερόν
2594 4708 2653 4744 τε
2702 4694 2770 4747 τὰ
2820 4694 2962 4748 κατὰ
3013 4695 3107 4750 τὸν
3167 4697 3389 4769 Ἀρειον
3434 4696 3799 4761 ὲκτεθεικὼς,

2217 4781 2455 4851 σπουδήν
2500 4798 2558 4834 τε
2589 4784 2751 4848 ἐνιεὶς
2790 4785 2923 4857 πρὸς
2957 4787 3239 4860 ἀναίρεσιν
3270 4790 3368 4860 τῆς
3398 4790 3676 4859 αἱρέσεως
3719 4791 3800 4848 εἰς

2216 4870 2569 4943 παρασκευὴν
2617 4872 2716 4944 τῆς
2757 4873 3104 4943 διαγνώσεως
3151 4877 3350 4943 αὐτοὺς
3405 4878 3799 4949 ἑτοιμάζεσθαι

2215 4961 2668 5031 παρακελεύεται,
2701 4965 2918 5035 γράψας
2959 4966 3097 5037 πρὸς
3124 4968 3327 5033 αὐτοὺς
3351 4969 3535 5023 τοιάδε
3560 4986 3577 5000 ·

2811 5081 3062 5138 ΚΕΦΑΛ.
3101 5083 3179 5137 I".

2213 5192 2636 5268 Καθᾳιρετικὸν
2676 5193 2897 5268 ᾎρείρυ
2926 5195 3026 5268 καί
3049 5194 3172 5268 τῶν
3197 5198 3321 5253 σὺν
3343 5196 3527 5266 αὐτῷ,
3550 5198 3799 5268 διαπεμ-

2285 5260 2434 5336 ερθὲν
2471 5265 2631 5336 napi)
2683 5260 3073 5336 Ἀλεξάνδρου
3104 5267 3446 5323 ἐπισκόπου
3472 5260 3486 5266 ⁷
3506 5260 3799 5336 Ἆλεξαίρ-

2286 5332 2488 5400 δρείας
2512 5332 2637 5399 τοῖς
2668 5332 3020 5404 ἁπανταχοῦ
3051 5337 3410 5405 ἐπισκόποις

2214 5440 2372 5518 Τοῖς,
2388 5443 2714 5518 ἀγαπητοῖς
2744 5447 2844 5518 καί
2885 5445 3255 5518 τιμιωτάτοις
3276 5446 3798 5518 ουλιειτουρτοῖς

2280 5512 2412 5590 fcie.
2429 5512 2801 5590 finqrtaxoi}
2822 5589 2831 5590 ί
2844 5512 2960 5590 τῆξ
3008 5512 3335 5590 καθολικῆς
3394 5512 3797 5590 Ἐκκληο-ῒας,

2288 5580 2671 5669 Ἀλέξανδρος
2688 5580 2777 5638 ’ἐν
2805 5580 2998 5655 Κυρίῳ
3025 5588 3271 5656 χαίρειν.

889 5712 1046 5776 (Vide
1082 5706 1305 5782 huiusce
1332 5712 1662 5783 Patrologia:
1693 5721 1828 5771 tom.
1870 5712 2081 5782 LXVII,
2114 5716 2222 5772 col.
2260 5716 2452 5786 45-51,
2486 5719 2628 5787 apud
2654 5719 2809 5777 Socr.
2845 5720 2938 5778 lib.
2974 5737 2991 5777 t
3028 5721 3162 5779 Hist.
3193 5736 3311 5790 cap.
3345 5722 3425 5787 6.)
