4042 6142
302 292 439 363 1229

901 410 1149 467 ΚΕΦΛΛ.
1190 412 1263 467 Δ’.

309 523 639 592 Ἐπιστολὴ
682 525 1142 579 Κωνσταντίνου
1183 526 1493 591 ,ϐασιλέως
1534 524 1682 593 πρὸς
1723 524 1877 578 Ἀλέ-

370 593 636 675 ξανδρον
676 593 781 675 καί
810 595 1037 675 Ἀρειον
1075 593 1511 675 διαπεμξρύεῖσα
1545 594 1643 649 διὰ
1676 596 1881 650 Ὀσίου

366 664 705 720 ἐπισκόπου
727 663 1086 733 Κορδούϐης.

298 778 562 849 Νικητὴς
577 778 1051 849 Ῑίωνσταντῖνος,
1065 779 1368 849 μέγιστος,
1383 780 1700 846 σεϐαστός,
1728 781 1883 833 Ἀλε-

760 847 999 918 ξάνδρῳ
1045 847 1161 903 καί
1185 849 1408 916 Ἀρείῳ.

1182 297 1545 362 HISTORIA
1587 295 1921 384 CONCILII
1953 293 2263 355 NICENI.
2292 319 2362 330 --
2400 296 2546 356 LIB.
2592 295 2674 355 II.

3423 288 3556 353 1230

2625 407 2776 462 CAP.
2821 406 2910 463 IV.

1988 495 2228 567 Epistola
2261 498 2597 567 imperatoris
2633 496 2968 552 Constantini
2997 496 3087 567 Δ(ια
3118 493 3476 567 Alexandrum
3509 501 3558 548 et

2092 568 2276 621 Arium
2310 563 2401 636 per
2429 566 2614 622 Otium
2645 570 2943 637 episcOpum
2980 563 3243 621 Corduba:
3267 565 3452 619 missa.

1995 771 2178 828 Victor
2211 773 2608 853 Constantinus,
2636 774 2920 897 maximus,
2952 781 3231 842 angustus,
3264 769 3560 825 Alexandro

2659 853 2709 897 et
2791 857 2891 897 rto.

2659 853 2709 898 οε
2742 853 2891 898 Arto.

317 961 485 1035 (Vide
522 959 745 1029 hujusce
779 957 1099 1030 Patrologiaa
1154 968 1286 1013 tom.
1308 958 1493 1035 ’ἒξ-,η
1514 963 1632 1035 col._
1663 958 2027 1035 _l_t_)_4j:l048._
2052 959 2190 1035 apud
2247 957 2592 1035 Egi-reb.___lib.
2621 973 2660 1013 rt
2694 957 2789 1035 _D_e
2814 959 2922 1013 vita
2975 957 3250 1013 Constant.
3284 970 3402 1026 cap.
3451 955 3563 1028 69;

1145 1039 1278 1084 tom.
1308 1027 1518 1095 LXVII,
1550 1030 1849 1095 eol.55-60,
1885 1032 2028 1099 apud
2062 1027 2216 1084 Socr.
2251 1029 2342 1084 lib.
2384 1045 2397 1082 ι
2434 1028 2575 1082 Hist.
2607 1044 2655 1083 c.
2693 1028 2770 1098 7.)

910 1165 1165 1220 ΚΕΦᾹΛ.
1210 1166 1286 1221 E’.

303 1282 500 1336 Ὅπου
536 1282 569 1335 ό
598 1279 1057 1348 θεοφιλέστατος
1095 1278 1398 1344 ,βασιλεὺς
1432 1277 1885 1348 Κωνσταντῖνος

374 1349 643 1407 σύνοδον
684 1347 1031 1404 ἐπισκόπων
1058 1349 1156 1402 ἐπὶ
1187 1348 1294 1418 τῆς
1340 1347 1608 1403 Νικαέων
1652 1348 1887 1401 κελεύει

373 1419 679 1491 γενέσθαι.

385 1533 560 1604 ὐρῶν
586 1532 767 1586 τοίνυν
809 1533 838 1585 6
870 1531 1123 1602 βασιλεὺς
1170 1530 1581 1603 ταραττομένην
1624 1531 1723 1602 τὴν
1764 1530 1886 1583 Ἐκ-

305 1625 557 1698 κλησίαν,
592 1624 810 1679 σύνοδον
829 1624 1218 1695 οἰκουμενικὴν
1250 1624 1564 1692 συγκροτεῖ,
1597 1623 1725 1686 τοὺς
1747 1638 1885 1675 παν-

2646 1165 2798 1222 CAP.
2844 1166 2906 1220 V.

1993 1279 2268 1347 Quomodo
2315 1283 2605 1351 imperator
2653 1280 3032 1337 Constantinus
3072 1283 3179 1337 Deo
3225 1284 3569 1337 electissimus

2061 1353 2318 1421 synodum
2346 1350 2709 1422 episcoporum
2748 1350 2946 1407 Nicth
2974 1352 3229 1406 celebrari
3253 1354 3497 1421 jusserit.

2062 1527 2197 1583 Cum
2241 1528 2454 1582 videret
2496 1528 2792 1598 imperator
2840 1528 3212 1599 perturbatam
3246 1526 3569 1591 Eeclesiam,
3693 1543 3700 1551 ·

1994 1619 2281 1673 concilium
2323 1618 2579 1689 genei'ale
2628 1629 2911 1684 convocat,
2971 1620 3252 1690 episcopos
3303 1620 3571 1675 undecun-

302 1719 532 1790 ταχόθεν
562 1718 896 1781 ἐπισκόπους
921 1715 1011 1770 διὰ
1044 1713 1391 1787 γραμμάτων
1414 1715 1495 1776 εἰς
1524 1712 1761 1766 Νίκαιαν
1788 1712 1886 1781 τῆς
1919 1713 1921 1723 “

2008 1729 2094 1780 lue
2124 1729 2218 1785 per
2242 1713 2474 1779 litteras,
2505 1724 2563 1769 ut
2593 1714 2825 1770 Nicaeam
2856 1713 3124 1787 Bithyniae
3152 1726 3566 1780 concurrerent,

304 1809 560 1873 Βιθυνίας
598 1808 907 1878 ἀπαντῆσαι
972 1805 1324 1878 παρακαλῶν.
1368 1800 1478 1857 Ἦν
1514 1802 1570 1856 δὲ
1609 1802 1758 1873 αὐτῷ
1795 1803 1888 1855 ὲκ-

305 1901 631 1956 καιδὲκατον
670 1898 791 1961 ἔτος
841 1899 936 1952 καὶ
975 1899 1144 1969 μῆνες
1190 1895 1249 1963 ἓξ
1298 1895 1396 1966 τῆς
1446 1894 1758 1965 βασιλείας,
1801 1895 1890 1947 ὅτε

306 1994 480 2048 ταῦτα
521 1991 671 2063 αὐτῷ
704 1990 845 2061 ὑπὲρ
882 1990 982 2061 τῆς
1032 1989 1500 2058 ἐκκλησιαστικῆς
1545 1986 1770 2057 εἰρήνης
1798 1987 1891 2040 ἐσ-

308 2085 604 2140 πούδαστο.
633 2082 899 2155 Παρῆσαν
924 2098 986 2136 τε
1024 2082 1088 2136 ἐκ
1128 2078 1342 2133 πολλῶν
1388 2076 1670 2149 ἐπαρχιῶν
1707 2093 1766 2131 τε
1800 2077 1893 2131 καὶ

308 2177 523 2231 πόλεων
550 2176 599 2231 οἰ
644 2175 962 2236 ἐπίσκοποι,
1000 2171 1130 2243 περὶ⁵
1155 2164 1231 2226 ὧν
1261 2172 1290 2224 6
1327 2169 1615 2242 Παμφίλου
1638 2168 1895 2233 Εὐσέϐιος

311 2269 371 2321 ἐν
394 2266 473 2338 τῷ
508 2264 677 2338 τρίτῳ
712 2262 904 2335 βιϐλίῳ
937 2261 1047 2316 τῶν
1076 2261 1156 2324 εἰς
1188 2260 1280 2314 τὸν
1308 2258 1722 2315 Κωνσταντίνου
1754 2258 1892 2330 βίον,

310 2361 435 2416 τάδε
463 2359 603 2414 κατὰ
627 2358 774 2424 λέξιν
804 2356 969 2429 φησίν
993 2372 1007 2389 ο
1046 2354 1168 2409 Τῶν
1205 2352 1339 2423 γοῦν
1380 2351 1724 2423 Ἐκκλησιῶν
1753 2351 1896 2406 ἁπα-

313 2451 443 2516 σῶν,
494 2451 551 2507 αἳ
594 2450 693 2522 τὴν
724 2448 998 2522 Εὐρώπην
1030 2446 1272 2512 ἅπασαν,
1312 2446 1521 2516 Λιϐύην
1563 2463 1623 2500 τε
1665 2447 1758 2500 καὶ
1797 2445 1896 2516 τὴν

324 2542 513 2598 Ἀσίαν
554 2541 849 2613 ἐπλήρουν,
900 2537 1036 2610 ὁμοῦ
1066 2536 1302 2608 συνῆκτο
1334 2536 1444 2590 τῶν
1484 2535 1580 2590 τοῦ
1621 2534 1756 2590 Θεοῦ
1789 2534 1897 2588 λει-

309 2629 560 2702 τουργῶν
586 2631 653 2684 τὰ
680 2628 985 2699 ἀκροθίνια·
1014 2624 1094 2692 εἷς
1120 2643 1180 2680 τε
1197 2621 1345 2689 οἶκος
1370 2626 1677 2698 εὐκτήριος,
1709 2624 1898 2697 ὥσπερ

311 2725 378 2778 ἐκ
400 2720 538 2777 Θεοῦ
582 2719 1016 2791 πλατυνόμενος,
1052 2718 1200 2773 ἔνδον
1248 2717 1446 2790 ἐχώρει
1490 2717 1632 2772 κατὰ
1671 2718 1733 2771 τὸ
1767 2715 1899 2771 αὐτὸ

312 2812 523 2883 Σύρους
557 2827 617 2864 τε
658 2809 774 2881 ἅμα
815 2808 910 2863 καὶ
938 2807 1192 2873 Κίλικας,
1226 2806 1479 2870 Φοίνικάς
1512 2823 1570 2860 τε
1601 2807 1695 2860 καὶ
1728 2806 1899 2878 Ἄρα-

313 2904 420 2967 ϐας
454 2902 549 2957 καὶ
578 2901 996 2964 Παλαιστίνους,
1042 2900 1136 2954 καὶ
1172 2899 1265 2951 ἐπὶ
1296 2898 1507 2962 τούτοις
1545 2896 1896 2967 Αἰγυπτίους,

1992 1806 2307 1862 exhortans.
2332 1808 2604 1879 Agebatur
2646 1816 2826 1863 autem
2864 1809 3013 1878 regni
3042 1806 3157 1877 ejus
3183 1823 3357 1863 annus
3386 1820 3570 1863 sextus

1994 1897 2254 1963 decimus,
2293 1908 2348 1951 et
2386 1898 2592 1953 mensis
2630 1908 2891 1969 prmtcrea
2932 1909 3139 1963 sextus,
3185 1914 3307 1953 cum
3356 1898 3469 1953 haec
3499 1900 3566 1952 ab

1996 1988 2086 2043 illo
2146 2004 2244 2059 pro
2295 1988 2553 2044 Ecclesiae
2604 2003 2735 2059 pace
2793 2005 3002 2045 summa
3060 2005 3190 2044 cura
3254 1991 3572 2057 agebantur.

1995 2081 2234 2135 Aderant
2264 2086 2447 2135 autem
2475 2094 2541 2136 ex
2568 2079 2815 2150 pluribus
2840 2080 3144 2151 provinciis
3174 2087 3227 2135 et
3256 2079 3573 2135 civitatibus

1995 2170 2258 2240 episcopi,
2291 2171 2358 2226 de
2398 2172 2594 2242 quibus
2625 2172 2890 2228 Eusebius
2922 2171 3191 2244 Pamphili
3246 2173 3383 2231 libro
3416 2175 3574 2229 tcrtio

1997 2261 2064 2316 de
2116 2261 2225 2316 vita
2278 2262 2644 2329 Constantini,
2686 2262 2801 2319 haec
2840 2263 2952 2333 ipsa
2977 2266 3137 2319 verba
3172 2262 3338 2320 refert
3365 2264 3413 2296 "
3450 2283 3464 2319 :
3498 2262 3577 2319 Ex

1997 2353 2251 2409 onmibus
2310 2352 2589 2423 Ecclesiis,
2640 2370 2765 2427 quae
2840 2357 3154 2427 frequentes
3203 2359 3254 2414 in
3308 2368 3416 2415 tota
3467 2359 3576 2414 Eu-

2000 2457 2151 2513 ropa,
2198 2443 2383 2501 Africa
2433 2455 2489 2501 et
2538 2447 2666 2501 Asia
2721 2449 3073 2516 exstiterunt,
3120 2449 3210 2505 Dei
3264 2453 3577 2507 sacerdotes

1998 2533 2089 2605 qui
2128 2533 2285 2591 facile
2326 2536 2530 2604 primas
2558 2536 2705 2594 ferre
2750 2539 3107 2609 putabantur,
3160 2541 3211 2594 in
3241 2556 3402 2594 unum
3451 2555 3580 2597 cou-

2000 2640 2264 2682 vocantur
2300 2643 2454 2687 :una
2503 2630 2670 2684 etiam
2718 2631 2862 2686 aedes
2911 2644 3087 2699 sacra,
3136 2631 3283 2686 velut
3314 2633 3404 2688 Dei
3446 2645 3577 2688 nutu

2000 2722 2257 2789 adaucta,
2287 2721 2426 2776 intra
2455 2722 2692 2793 parietes
2736 2737 2886 2790 suos,
2936 2723 3102 2794 Syros
3127 2725 3332 2795 pariter
3374 2736 3428 2780 et
3452 2726 3583 2782 Cili-

2000 2829 2113 2879 ces,
2147 2813 2429 2871 Phoenices
2458 2824 2514 2869 et
2540 2812 2770 2882 Arabes,
2821 2824 2876 2870 et
2905 2815 3248 2882 Palmstinos,
3293 2816 3579 2888 Egiptios

2002 2921 2187 2977 porro,
2220 2905 2534 2973 Thebanos,
2570 2904 2759 2970 Afros.
2803 2907 3049 2987 aliosque
3087 2923 3154 2964 ex
3190 2907 3582 2979 Mesopotamia

311 2993 608 3065 Θηϐαίους,
646 2990 872 3058 Λίϐυας,
923 2989 1050 3055 τούς
1074 3007 1134 3044 τε
1180 2992 1245 3044 ἐκ
1280 2989 1454 3061 μέσης
1493 2988 1603 3044 τῶν
1634 2987 1899 3060 ποταμῶν

2008 2997 2273 3067 profectos
2331 2998 2557 3067 recepit.
2613 2999 2818 3054 Aderat
2863 2997 3029 3053 etiam
3087 3012 3189 3053 una
3240 2998 3295 3053 in
3346 2999 3584 3054 concilio

312 3082 690 3157 ὁρμωμένους.
721 3081 859 3152 ’Ἤδη
886 3081 942 3135 δὲ
968 3082 1061 3135 καὶ
1090 3081 1308 3152 Πέρσης
1343 3079 1644 3143 ἐπίσκοπος
1667 3082 1733 3150 τῇ
1766 3096 1899 3133 συν-

313 3178 419 3247 όδῳ
464 3175 668 3247 παρῆν,
692 3175 814 3229 οὐδὲ
858 3173 1071 3245 Σκύθης
1097 3173 1507 3244 ἁπελιμπάνετο
1533 3175 1632 3244 τῆς
1662 3171 1894 3244 χορείας·

316 3268 519 3331 Πόντος
547 3284 607 3320 τε
639 3265 734 3320 καὶ
778 3266 957 3333 Ἀσία,
985 3265 1196 3340 Φρυγία
1221 3282 1282 3318 τε
1319 3264 1414 3319 καὶ
1453 3263 1746 3335 Παμφυλία
1775 3264 1900 3328 τοὺς

320 3363 451 3433 παρ’
487 3361 670 3425 αὐτοῖς
705 3361 972 3432 παρεῖχον
1016 3359 1326 3430 ἐκκρίτους.
1364 3356 1523 3412 Ἀλλὰ
1552 3358 1645 3412 καὶ
1685 3356 1901 3429 Θρᾷκες

317 3452 416 3508 καλ⁵
445 3450 776 3514 Μακεδόνες,
825 3449 1033 3520 ’Δχαιοί
1056 3465 1117 3503 τε
1147 3449 1240 3503 καὶ
1295 3448 1650 3519 Ἠπειρῶται,
1695 3449 1744 3500 οἰ
1775 3444 1898 3520 [αύ-

316 3542 449 3616 τῶν]
477 3542 558 3598 ἐτι
581 3543 657 3614 (8)
684 3541 1024 3614 προσωτάτω
1048 3539 1326 3605 οἰκοῦντες
1346 3541 1624 3612 ἀπήντων.
1650 3540 1823 3603 Αὐτός
1840 3556 1902 3594 τε

321 3636 551 3690 Σπάνων
581 3637 609 3689 6
647 3635 787 3690 πάνυ
817 3633 1091 3707 βοώμενος
1127 3636 1156 3688 6
1186 3634 1399 3699 Ὅσιος,
1440 3632 1654 3704 ἐπέχων
1685 3633 1782 3686 καὶ⁵
1810 3631 1902 3686 τὸν

317 3728 486 3784 τόπον
539 3728 636 3783 τοῦ
664 3727 766 3801 τῆς
809 3728 1074 3801 μεγίστης
1111 3727 1333 3799 Ῥώμης
1380 3725 1682 3780 ἐπισκόπου
1712 3724 1902 3779 Σιλϐέ-

322 3838 509 3895 στρου,
550 3822 646 3876 σὺν
674 3820 1068 3895 πρεσϐυτέροις
1105 3819 1324 3890 Ῥώμης
1350 3818 1544 3872 Βίτωνι
1578 3818 1673 3871 καὶ
1716 3819 1902 3872 Βικεν·

319 3914 443 3987 τίῳ,
475 3916 584 3979 τοῖς
627 3913 844 3978 πολλοῖς
872 3912 989 3984 ἅμα
1016 3911 1375 3982 συνεδρεύων.
1423 3910 1536 3981 Τῆς
1573 3926 1633 3963 τε
1670 3908 1766 3964 νῦν
1808 3910 1905 3980 βα-

324 4002 643 4074 σιλευούσης
673 4004 881 4067 πόλεως
913 4004 941 4056 6
978 4001 1077 4072 μὲν
1104 3999 1406 4072 προεστὼς,
1438 4000 1808 4071 Μητροφάνης
1827 4001 1902 4071 (9)

322 4093 586 4165 τοῦνομα,
618 4095 706 4149 διὰ
734 4095 914 4165 γῆρας
960 4093 1198 4164 ὑστέρει,
1242 4092 1607 4164 πρεσϐύτεροι
1640 4092 1698 4146 δὲ
1739 4092 1904 4145 αὑτοῦ

325 4188 597 4261 παρόντες
633 4187 732 4257 τὴν
757 4187 923 4240 αὐτοῦ
958 4184 1111 4251 τάξιν
1145 4185 1382 4239 ἐτέλουν.
1425 4177 1528 4238 Ὧν
1565 4184 1594 4237 6
1627 4179 1710 4248 εἷς
1755 4184 1905 4238 Ἀλέ-

325 4278 554 4350 ξανδρος
580 4275 671 4352 ἦν,
701 4280 729 4331 ὁ
766 4279 884 4349 μετ’
929 4279 1091 4332 αὑτὸν
1128 4278 1429 4341 ἐπίσκοπος
1456 4276 1558 4346 τῆς
1603 4276 1773 4346 αὐτῆς
1817 4292 1906 4346 γε-

2007 3089 2247 3145 Persidis
2271 3089 2579 3160 episcopus,
2605 3104 2705 3145 nec
2726 3090 2794 3145 ab
2820 3089 2924 3146 hoc
2945 3089 3113 3145 choro
3143 3089 3346 3162 Scytha
3376 3086 3579 3147 abfuit:

2008 3181 2213 3237 Pontus
2238 3182 2364 3236 item
2396 3191 2450 3236 et
2470 3183 2620 3249 Asia,
2645 3180 2992 3253 Phrygiaque
3014 3190 3067 3236 et
3093 3181 3410 3253 Pamphylia
3439 3183 3584 3238 viros

2007 3275 2148 3345 apud
2209 3289 2270 3331 se
2329 3274 2657 3331 lectissimos
2714 3276 3149 3346 suppeditarunt.
3212 3274 3351 3342 Quin
3415 3278 3578 3333 etiam

2007 3364 2269 3432 Thraces,
2301 3365 2645 3434 Macedones,
2672 3366 2881 3432 Achaei,
2912 3375 2965 3420 et
2989 3366 3243 3437 Epirotae,
3273 3375 3328 3422 et
3353 3382 3579 3437 quorum

2008 3457 2284 3514 domicilia
2316 3457 2484 3512 multo
2523 3457 2764 3527 longiore
2806 3458 3051 3513 locorum
3089 3458 3376 3512 intervallo
3414 3457 3584 3513 dista-

2007 3549 2158 3615 bant,
2186 3564 2251 3605 eo
2275 3549 2658 3606 adventarunt.
2681 3548 2804 3621 Ipse
2830 3550 2996 3606 etiam
3020 3547 3184 3605 Osius
3210 3564 3276 3605 ex
3302 3548 3583 3620 Hispanis.

2009 3640 2251 3696 nominis
2282 3648 2337 3694 et
2364 3640 2525 3695 famae
2557 3639 2879 3697 celebritate
2921 3641 3173 3710 insignis,
3205 3641 3298 3711 qui
3338 3641 3582 3696 Silvestri

2009 3731 2247 3802 episcopi
2281 3731 2535 3785 maximae
2557 3729 2749 3786 Romae
2783 3730 2958 3787 locum
2985 3732 3291 3797 obtinebat,
3329 3746 3432 3786 una
3459 3747 3581 3786 cum

2012 3821 2273 3878 Romanis
2295 3821 2627 3890 presbyteris
2658 3821 2849 3876 Bitone
2871 3830 2927 3876 et
2958 3821 3267 3887 Vincentio,
3305 3837 3429 3877 cum
3464 3823 3586 3878 aliis

2010 3913 2195 3970 multis
2226 3914 2280 3967 in
2321 3922 2585 3967 censessu
2617 3911 2708 3966 illo
2756 3911 2949 3967 adfuit.
2994 3911 3158 3967 Urbis
3207 3921 3389 3967 autem
3419 3913 3584 3980 illius,

2010 4020 2180 4076 penes
2205 4017 2366 4073 quam
2399 4002 2683 4072 imperium
2724 4012 2829 4068 est,
2863 4003 3175 4073 episcopus,
3203 4001 3585 4073 Metrophanes

2013 4099 2254 4162 nomine,
2316 4097 2725 4167 ingravescente
2776 4103 2941 4150 aztate
2984 4096 3317 4166 przepeditus
3368 4094 3584 4152 abfuit:

2013 4189 2107 4245 sed
2140 4186 2440 4258 presbyteri
2463 4185 2580 4255 ejus
2602 4183 2694 4256 qui
2719 4186 2969 4250 aderant,
3001 4185 3145 4242 illius
3170 4186 3345 4243 locum
3374 4190 3588 4259 supple-

2014 4288 2248 4345 verunt;
2280 4292 2508 4348 quorum
2543 4290 2684 4332 unus
2719 4275 3030 4332 Alexander
3060 4278 3140 4333 illi
3171 4289 3356 4350 postea
3390 4281 3441 4334 in
3469 4281 3585 4351 ejus

322 4370 501 4442 γονὼς
523 4371 751 4436 πόλεως.
781 4371 1032 4424 Τοιοῦτον
1057 4370 1216 4441 μόνος
1245 4368 1303 4434 ἐξ
1332 4369 1529 4431 αἰῶνος
1550 4362 1629 4432 εἷς
1657 4367 1909 4439 βασιλεὺς

2020 4372 2170 4427 urbis
2241 4369 2551 4439 episcopatu
2612 4368 2893 4426 successit.
2949 4368 3134 4425 Talem
3207 4385 3461 4427 coronam
3520 4388 3586 4428 ex

323 4463 741 4525 Κωνσταντίνος
797 4459 1021 4533 Χριστῷ
1077 4459 1341 4528 στέφανον
1410 4457 1594 4528 δεσμῷ
1662 4458 1907 4527 συνάψας

324 4554 580 4626 εἰρήνης,
601 4553 679 4624 τῷ
701 4552 866 4607 αὑτοῦ
892 4552 1106 4623 Σωτῆρι
1136 4551 1235 4620 τῆς
1273 4549 1397 4604 κατ’
1434 4548 1644 4620 ἐχθρῶν
1676 4548 1773 4602 καὶ
1815 4565 1913 4603 πο-

314 4643 538 4716 λεμίων
588 4645 748 4715 νίκης
797 4644 1101 4713 θεοπρεπὲς
1145 4640 1383 4696 ἀνετίθει
1424 4641 1800 4712 χαριστήριον,
1831 4643 1910 4694 εἰ-

326 4735 465 4790 κόνα
490 4736 710 4806 χορείας
733 4733 1120 4804 ἁποστολικῆς,
1147 4731 1348 4803 ταύτην
1380 4732 1502 4786 καθ’
1539 4732 1685 4803 ἡμᾶς
1714 4748 1912 4802 συστη-

330 4827 590 4898 σάμενος.
638 4827 793 4881 Ἐπεὶ
832 4827 929 4880 καὶ
971 4825 1094 4880 κατ’
1133 4825 1380 4888 ἐκείνους
1424 4824 1710 4895 συνῆχθαι,
1737 4823 1917 4892 λόγος,

328 4918 443 4972 ἀπὸ
468 4918 668 4982 παντὸς
697 4917 885 4982 ἔθνους
910 4916 1019 4971 τῶν
1053 4915 1159 4970 ὑπὸ
1179 4916 1270 4969 τὸν
1285 4916 1515 4987 οὐρανὸν
1538 4913 1738 4986 ἄνδρας
1761 4914 1921 4969 εὐλα-

330 5010 447 5070 ϐεῖς
483 5007 668 5073 καθὼς
698 5011 757 5063 ἐν
789 5013 909 5074 ταῖς
948 5009 1185 5081 Πρὰξεισι
1225 5006 1334 5061 τῶν
1383 5007 1716 5071 ἀποστόλων,
1753 5008 1811 5061 ἐν
1838 5000 1920 5069 οἷς

330 5097 632 5168 ἐτύγχανον
683 5100 895 5171 Πάρθοι
938 5100 1031 5156 καὶ
1070 5098 1244 5169 Μῆδοι
1281 5098 1375 5150 καὶ
1431 5097 1739 5166 Ἐλαμῖται.
1772 5095 1918 5164 Πλὴν

330 5190 460 5245 ὅσον
483 5191 715 5255 ἐκείνοις
750 5192 848 5263 μὲν
882 5193 1180 5261 ύστερείτο,
1219 5190 1296 5261 μὴ
1328 5192 1390 5242 ἐκ
1420 5187 1557 5240 Θεοῦ
1587 5186 1921 5258 λειτουργῶν

408 5346 453 5378 ³⁷
490 5345 625 5416 Cap.
658 5345 691 5398 7
730 5353 785 5401 et
814 5359 967 5415 seqq.

409 5481 489 5553 (8)
530 5482 820 5553 Eusebius,
854 5481 1073 5537 Τούτων
1108 5483 1152 5537 θ’
1184 5484 1234 5536 οἰ
1256 5483 1374 5538 Est:
1409 5491 1464 5538 et
1490 5482 1563 5538 al.
1600 5495 1753 5547 mox;
1786 5483 1915 5551 πορο

335 5551 591 5624 ῥωτάτω.
612 5551 798 5624 Hann.

412 5621 491 5691 (9)
528 5619 776 5691 Episcopi
810 5637 1002 5677 nomen
1036 5638 1143 5678 non
1175 5624 1334 5677 habet
1377 5622 1662 5688 Eusebius,
1697 5633 1789 5677 aut
1816 5621 1920 5677 So-

339 5690 521 5752 crates
546 5690 639 5746 :in
674 5690 821 5746 Hist.
858 5691 1093 5763 Tripart.
1124 5692 1217 5748 lib.
1260 5709 1316 5758 tt,
1343 5709 1462 5764 cap.
1494 5695 1545 5762 l,
1573 5694 1915 5767 eaSocrate,

2016 4458 2161 4514 omni
2222 4459 2507 4528 praeterita:
2551 4461 2726 4515 aetatis
2788 4463 3050 4515 memoria
3070 4482 3083 4499 ί·
3110 4477 3250 4517 unus
3297 4462 3590 4532 imperator

2016 4548 2405 4605 Constantinus
2473 4549 2622 4620 pacis
2693 4551 2909 4606 vinculo
2973 4553 3040 4606 ad
3093 4551 3294 4608 Christi
3363 4554 3586 4623 gloriam

2016 4637 2255 4693 devinxit
2314 4656 2328 4693 ι
2382 4648 2438 4693 et
2508 4653 2616 4708 quo
2686 4637 2956 4695 Salvatori
3028 4656 3127 4696 suo
3194 4643 3403 4712 gratius
3469 4660 3591 4715 age-

2018 4737 2122 4793 ret,
2152 4728 2295 4783 istud
2323 4728 2583 4783 eximium
2615 4729 2862 4784 viatoria:
2900 4732 2969 4785 ab
2994 4732 3249 4789 hostibus
3271 4747 3327 4789 et
3356 4735 3591 4791 inimicis

2016 4829 2185 4888 partae
2220 4825 2634 4874 monumentum
2665 4820 2885 4886 obtulit,
2915 4822 3146 4894 eliigicm
3179 4827 3331 4880 chori
3369 4836 3589 4896 aposto-

2017 4910 2126 4974 lici,
2176 4923 2338 4978 quam
2389 4910 2444 4964 in
2493 4922 2684 4967 nOStro
2732 4923 3003 4969 conventu
3036 4915 3262 4985 pulchre
3301 4919 3590 4987 expressit.

2014 4998 2150 5054 Nam
2182 5010 2237 5056 et
2265 5002 2331 5055 de
2361 5000 2470 5058 illis
2511 5019 2693 5061 sermo
2717 5021 2962 5075 sparsus,
3000 5022 3067 5063 ex
3098 5009 3246 5063 omni
3289 5019 3448 5079 gente
3471 5024 3592 5079 qua

2017 5094 2118 5148 sub
2145 5094 2285 5150 caelo
2316 5104 2424 5164 est,
2452 5097 2601 5152 viros
2627 5098 2745 5168 pios
2781 5101 2833 5153 in
2864 5115 3029 5155 unum
3066 5102 3418 5165 convenisse,
3452 5112 3509 5155 ut
3537 5103 3590 5156 in

2028 5186 2180 5242 Actis
2218 5190 2585 5255 apostolorum
2613 5191 2890 5259 scribitur,
2928 5192 3071 5248 inter
3092 5208 3229 5263 quos
3261 5203 3418 5250 erant
3454 5193 3591 5249 Par-

2020 5487 2081 5533 ut
2136 5478 2211 5533 ibi
2250 5476 2469 5539 dicitur,
2519 5491 2626 5531 non
2674 5474 3060 5544 Metrophanes
3112 5475 3447 5546 appellatur,
3498 5482 3594 5535 sed

2020 5547 2391 5617 Αιθκειηάεη,
2419 5546 2776 5611 Sozomenus,
2814 5548 2906 5600 lib.
2934 5561 2972 5608 ι,
3018 5562 3138 5617 cap.
3173 5545 3257 5608 l6,
3308 5551 3451 5617 quod
3503 5552 3592 5605 alii

2022 5620 2211 5672 dicunt
2240 5618 2306 5670 de
2345 5615 2721 5688 Metrophane,
2753 5616 2883 5671 dicit
2917 5617 2981 5671 de
3014 5615 3158 5671 Julio
3184 5615 3430 5674 Romano
3463 5633 3594 5690 pon-

2025 5688 2189 5743 tiﬁce.
2217 5685 2390 5742 llsao.
