4042 6142
533 311 664 376 1231

1801 311 2106 370 GELASII
2145 310 2486 371 CYZICENI

3651 310 3790 377 1232

537 426 634 489 tlii,
667 421 827 488 Medi,
864 422 1108 478 Elamita:
1129 423 1195 480 ".
1241 421 1437 476 Vérum
1467 419 1573 475 illis
1606 421 1711 475 hoc
1733 419 1926 486 del'uit,
1959 435 2079 489 quoi

2207 421 2532 475 συνεστάναι
2561 419 2690 483 τοὺς
2727 420 2958 484 πάντας.
3003 421 3127 473 Ἐπὶ
3153 419 3210 474 δὲ
3245 415 3344 492 τῆς
3383 418 3665 491 παρούσης
3693 439 3789 491 χοο

531 533 638 572 non
678 530 876 570 omnes
906 515 998 584 qui
1045 530 1110 570 eo
1157 522 1441 578 venerunt,
1485 528 1553 568 ex
1591 513 1683 567 Dei
1727 513 2100 568 ministrorum

533 617 758 658 numero
799 611 955 656 erant
1007 602 1082 656 illi
1127 603 1346 671 quidem
1391 601 1533 656 :sed
1581 603 1632 656 in
1687 602 1789 656 hoc
1849 601 2100 670 praesenti

528 696 693 750 choro
747 692 848 748 fuit
908 679 1310 763 episcoporum
1348 692 1638 748 multitudo
1684 694 1749 747 ad
1816 707 2100 747 numerum

528 795 891 841 trecentorum
944 793 999 840 et
1047 785 1280 855 amplius
1327 785 1816 856 :presbyterorum
1878 795 2098 851 autem,

525 877 895 940 diacouorum,
929 877 1326 947 acolythorum,
1359 886 1413 930 et
1445 877 1676 932 aliorum
1708 876 1799 946 qui
1831 875 1970 932 istos
2001 892 2094 933 co-

524 968 877 1034 mitabantur,
905 969 1062 1024 turba
1083 969 1170 1023 vix
1202 969 1476 1023 nmnerari
1501 969 1697 1039 potuit.
1720 968 1897 1040 Atque
1915 983 1981 1024 ex
2015 969 2102 1024 liis

522 1058 615 1113 Dei
643 1058 1019 1114 sacerdotibus
1044 1060 1135 1114 alii
1171 1061 1472 1130 prudenter
1514 1070 1570 1115 et
1608 1060 1814 1116 diserte
1847 1061 2096 1126 dicendo,

519 1147 612 1203 alii
645 1149 771 1202 vitae
817 1149 1106 1219 gravitate,
1159 1160 1215 1204 et
1266 1148 1537 1205 constanti
1590 1165 1769 1205 rermn
1805 1150 2097 1204 arduarum

516 1239 898 1309 perpessione,
943 1240 1183 1294 nonnulli
1208 1241 1360 1309 quasi
1406 1239 1583 1295 media
1615 1239 1757 1294 inter
1797 1255 1892 1294 eos
1924 1241 2097 1295 inter-

513 1330 656 1399 jceta
685 1330 896 1385 vivendi
923 1331 1316 1386 consuetudine
1349 1331 1558 1396 eximii,
1584 1330 1854 1401 insignem
1884 1331 2096 1386 laudem

517 1421 698 1490 adepti
729 1430 878 1476 sunt.
926 1421 1097 1476 Erant
1124 1421 1290 1478 etiam
1323 1423 1466 1478 inter
1490 1436 1585 1476 eos
1625 1437 1731 1477 non
1775 1422 1956 1492 pauci,
2003 1424 2096 1492 qui

515 1523 741 1583 propter
788 1512 1138 1583 longinquum
1191 1515 1452 1584 temporis
1505 1513 1741 1583 spatium
1788 1529 1896 1583 quo
1939 1515 2093 1569 viaea

515 1615 660 1672 rant,
691 1606 916 1662 multum
937 1606 1155 1662 honoris
1171 1615 1226 1661 et
1257 1606 1440 1676 gloriae
1469 1605 1806 1676 collegerunt
1835 1622 1848 1659 :
1883 1605 1975 1660 alii
2001 1605 2096 1675 qui

2206 511 2376 582 ρείας,
2413 511 2729 564 ἐπισκόπων
2779 511 2878 580 μὲν
2926 511 3135 582 πληθὺς
3177 506 3246 582 ἦν
3275 510 3605 581 τριακοσίων
3661 513 3789 582 ἀρι-

2203 601 2340 671 θμὸν
2365 601 2886 673 ὐπερακοντίζουσα·
2915 602 3201 672 ἑπομένων
3224 601 3280 653 δὲ
3309 599 3521 664 τούτοις
3550 601 3791 672 πρεσϐυ-

2200 691 2398 762 τέρων,
2431 694 2524 746 καὶ
2550 693 2837 756 διακόνων,
2887 692 3200 746 ἀκολούθων
3227 709 3287 744 τε
3334 692 3604 746 πλείστων
3645 694 3792 747 ὅσων

2201 783 2407 854 ἑτέρων
2433 783 2542 837 οὐδ’
2589 779 2658 854 ἦν
2696 783 2930 855 ἀριθμὸς
2966 784 3048 846 είς
3087 781 3416 853 κατάληψιν.
3453 781 3575 834 Τῶν
3601 783 3660 836 δέ
3687 783 3788 836 τοῦ

2199 874 2335 928 Θεοῦ
2374 875 2706 944 λειτουργῶν
2731 877 2779 928 οἱ
2813 875 2912 945 μὲν
2953 875 3251 944 διέπρεπον
3294 873 3491 943 σοφίας
3521 873 3688 944 λόγῳ.
3724 876 3787 928 Oi

2198 967 2253 1020 δὲ
2282 966 2398 1038 βίου
2431 967 2756 1038 στερρότητι
2785 965 2880 1020 καὶ
2912 965 3208 1037 καρτερίας
3234 965 3503 1036 ὑπομονῇ·
3537 966 3587 1018 oi
3623 965 3681 1018 δὲ
3710 965 3790 1036 τῷ

2201 1060 2355 1130 μέσῳ
2389 1061 2577 1131 τρόπῳ
2604 1059 3064 1130 κατεκοσμοῦντο.
3085 1053 3266 1112 'ﬂca'tv
3290 1075 3350 1110 τε
3377 1058 3584 1112 τούτων
3610 1059 3659 1112 οἱ
3690 1059 3790 1130 μέν

2200 1151 2403 1219 χρόνων
2432 1150 2600 1221 μήκει
2633 1147 2991 1220 τετιμημένοι
3017 1163 3031 1178 '
3067 1149 3116 1200 οἱ
3151 1147 3208 1201 δὲ
3234 1148 3448 1216 νεότητι
3481 1147 3576 1202 καὶ
3602 1147 3790 1218 ψυχῆς

2196 1240 2350 1311 ἀκμῇ
2378 1240 2798 1310 διαλάμποντεςο
2822 1241 2869 1292 οἱ
2908 1239 2965 1292 δὲ
3008 1237 3133 1308 ἄρτι
3172 1238 3537 1309 παρελθόντες
3563 1240 3658 1292 ἐπὶ
3694 1239 3789 1292 τὸν

2195 1330 2295 1401 τῆς
2319 1330 2669 1401 λειτουργίας
2698 1329 2921 1400 δρόμον.
2957 1323 3050 1391 Οἷς
3081 1327 3144 1396 δὴ
3172 1329 3340 1380 πᾶσιν
3366 1328 3394 1380 6
3419 1326 3674 1397 βασιλεὺς
3700 1328 3789 1395 ἐφ’

2197 1425 2436 1495 ἑκάστης
2460 1425 2678 1496 ἡμέρας
2725 1424 2793 1477 τὰ
2825 1423 3112 1496 σιτηρέσια
3141 1422 3380 1494 δαψιλῶς
3426 1422 3786 1494 χορηγεῖσθαι

2198 1516 2558 1587 προσέταττε.
2613 1516 2856 1571 Τοιαῦτα
2910 1517 3010 1588 μὲν
3040 1516 3170 1588 περὶ
3206 1514 3314 1570 τῶν
3357 1517 3476 1569 ἐκεῖ
3503 1515 3788 1570 συνελθόν-

2195 1625 2306 1662 των
2337 1609 2365 1659 ὀ
2393 1609 2681 1680 Παμφίλου
2721 1608 2999 1678 διεξῆλθεν
3040 1607 3321 1671 Εὐσέϐιος.

512 1698 568 1752 in
618 1699 735 1767 ipso
785 1699 962 1754 aetatis
1007 1697 1141 1754 [lore
1190 1707 1413 1767 propter
1469 1699 1808 1768 ingeniorum
1863 1713 2087 1753 acumen
2128 1709 2256 1755 sunt
2323 1717 2582 1773 magnum
2609 1702 2952 1772 splendorem
2978 1705 3299 1759 consecuti:
3359 1701 3582 1771 quidam
3615 1717 3787 1770 nuper

511 1793 806 1849 sacerdotii
841 1807 1060 1849 cursum
1109 1792 1344 1864 ingressi
1389 1800 1536 1848 sunt.
1580 1792 1788 1858 Quibus
1831 1794 2088 1849 omnibus
2125 1795 2332 1850 cibaria
2366 1796 2419 1850 in
2483 1797 2724 1867 singulos
2753 1797 2870 1852 dies
2902 1797 3201 1866 imperator
3265 1796 3417 1868 large
3455 1805 3512 1849 et
3539 1794 3784 1851 liberali-

513 1895 593 1941 ter
622 1883 956 1956 suppeditari
988 1885 1267 1955 praecepit.
1306 1882 1397 1938 Sic
1447 1884 1512 1938 de
1544 1883 1628 1938 bis
1666 1883 1758 1952 qui
1798 1896 1863 1938 eo
1903 1896 2294 1953 convenerant,
2332 1886 2601 1942 Eusebius
2629 1885 2900 1956 Pampbili
2931 1885 3210 1942 disseruit.

1156 1997 1308 2054 CAP.
1351 1996 1438 2053 Vl.

704 2112 983 2177 Quomodo
1016 2127 1109 2166 rea:
1138 2127 1258 2165 cum
1287 2109 1542 2181 episcopis
1569 2111 1882 2165 consederit.

579 2245 730 2301 Cum’
752 2255 930 2299 autem
964 2244 1266 2312 imperator
1302 2243 1500 2299 festum
1526 2242 1596 2299 ob
1632 2244 1920 2298 victoriam
1956 2257 2085 2298 con-

446 2403 478 2424 ’
509 2347 590 2391 tra
625 2335 898 2390 Licinium
929 2344 1140 2405 partam
1184 2333 1529 2400 absolvisset,
1562 2334 1715 2389 venit
1741 2342 1797 2388 et
1847 2333 1963 2404 ipse
1991 2332 2086 2388 Ni-

506 2443 672 2483 caeam
700 2428 769 2482 ”.
805 2425 1074 2482 Postridie
1115 2441 1306 2481 omnes
1335 2425 1574 2497 episcopi
1609 2425 1662 2480 in
1703 2441 1868 2478 unum
1905 2424 2082 2479 locum

505 2528 875 2574 convenerunt
909 2536 923 2574 :
953 2525 1262 2574 accesserat
1288 2525 1467 2572 autem
1506 2525 1562 2571 et
1585 2525 1708 2586 post
1735 2515 1883 2586 ipsos
1916 2515 2084 2586 impe-

505 2617 691 2675 rator;
715 2617 770 2662 et
791 2617 1075 2677 postquam
1106 2605 1353 2672 accessit,
1384 2605 1438 2660 in
1493 2605 1672 2660 medio
1696 2604 1958 2670 constitit,
1986 2619 2083 2661 nec

505 2701 655 2771 prius
676 2701 867 2756 sedere
888 2699 1079 2764 voluit,
1115 2713 1275 2768 quam
1307 2697 1545 2768 episcopi
1573 2697 1906 2764 inuuissent;
1931 2704 2081 2751 tanta

506 2793 695 2864 religio
728 2801 784 2846 et
833 2791 1139 2847 reverentia
1191 2804 1318 2859 erga
1349 2790 1496 2844 viros
1524 2787 1645 2843 illos
1697 2787 2078 2858 imperatorem

503 2881 816 2952 occupavit.
847 2881 927 2936 A‘d
955 2895 1091 2951 quos
1118 2879 1531 2934 laudatissimus
1559 2877 1856 2950 imperator
1882 2875 2081 2931 exhor-

505 2973 756 3027 tatoriam
787 2979 840 3026 et
872 2971 1142 3025 eruditam
1187 2971 1490 3027 orationem
1527 2966 1739 3033 habuit,
1779 2967 1832 3022 in
1863 2967 2077 3023 laudem

499 3073 554 3118 et
601 3062 826 3132 gloriam
870 3071 936 3143 ,οι
965 3062 1260 3132 gratiarum
1326 3061 1596 3116 actionem
1642 3058 1736 3114 Dei
1795 3059 2076 3116 universo-

502 3171 644 3220 rum,
682 3154 774 3226 qui
817 3162 1022 3208 tautam
1071 3152 1173 3208 sibi
1224 3153 1458 3224 gratiam
1481 3157 1849 3216 concesserat,
1901 3150 1972 3205 ita
1997 3150 2077 3206 lo-

499 3262 562 3301 (Συ
573 3255 656 3302 ιυε
679 3261 694 3299 2

1126 3354 1280 3412 CAP.
1322 3353 1433 3410 Vll.

501 3475 688 3530 Sermo
721 3468 1156 3542 prosphoneticus
1203 3466 1540 3542 Constantini
1579 3466 1792 3537 augusti
1837 3465 1908 3520 ad
1952 3481 2076 3520 san-

1063 3551 1201 3594 ctam
1231 3535 1511 3608 synodum.

571 3678 763 3734 Plures
791 3675 1009 3746 quidem
1059 3673 1304 3730 illustres
1354 3673 1470 3729 vias
1504 3674 1740 3730 humano
1787 3673 1970 3744 generi
2005 3673 2074 3728 ad

499 3785 652 3826 suam
678 3768 1105 3840 redemptionem
1151 3767 1331 3837 magni
1369 3765 1465 3821 Dei
1493 3767 1877 3836 omnipotentis
1909 3767 2070 3838 justi-

483 3863 577 3918 .tia
616 3861 962 3933 praeparavit,
1007 3868 1064 3916 et
1098 3860 1244 3916 inter
1291 3859 1424 3915 alias
1453 3859 1804 3929 insigniorem
1842 3857 1985 3913 illam
2019 3865 2075 3913 et

479 3953 734 4008 .maxime
777 3951 1157 4022 refulgentem,
1209 3959 1264 4005 et
1313 3950 1467 4020 quasi
1509 3948 1646 4020 legis
1683 3964 1794 4005 sua:
1838 3949 2072 4004 sanctis-

480 4044 647 4100 sima.l
681 4057 972 4108 summam,
1014 4056 1122 4113 qua
1163 4056 1264 4098 nos
1291 4055 1482 4098 omnes
1520 4041 1575 4096 in
1611 4048 1800 4097 sancta
1829 4039 2070 4096 Ecclesia

485 4134 785 4200 catholica,
829 4133 988 4203 quasi
1019 4135 1073 4189 in
1104 4133 1338 4204 quodam
1372 4131 1653 4187 Dominico
1689 4130 1812 4186 lldei
1846 4130 2072 4186 domici-

483 4227 567 4281 lio
609 4225 1006 4295 congregavit:
1035 4223 1178 4294 quod
1227 4223 1377 4278 omni
1425 4220 1688 4277 miraculo
1742 4220 1918 4290 majus
1962 4229 2068 4276 est.

479 4316 668 4388 Jlujus
704 4325 887 4372 autem
924 4315 1181 4371 domicilii
1215 4315 1475 4370 verticem
1503 4327 1675 4383 usque
1711 4313 1782 4368 ad
1829 4312 2068 4367 siderum

489 4408 835 4479 splendorem
877 4408 1125 4463 videmus
1145 4405 1494 4475 pertingere:
1527 4405 1875 4460 fundamenta
1913 4418 2063 4468 vero,

491 4503 545 4556 in
580 4502 695 4570 ipso
725 4501 904 4554 adhuc
935 4498 1118 4568 operis
1149 4497 1325 4561 initio,
1353 4495 1543 4550 divino
1569 4505 1700 4549 nutu
1737 4503 1846 4548 tam
1877 4494 1988 4549 alte
2015 4503 2069 4549 et

484 4591 726 4646 tideliter
764 4589 939 4660 egisse
960 4587 1186 4643 .radices
1217 4586 1492 4652 novimus,
1536 4595 1601 4640 ut
1631 4586 1918 4640 universus
1963 4595 2069 4640 ter-

490 4697 671 4736 rarum
735 4681 882 4736 orbis
941 4679 994 4734 id
1067 4693 1228 4734 sensu
1297 4677 1576 4749 percipere
1636 4676 1890 4746 potuerit.

477 4777 691 4830 vertice
747 4775 910 4844 igitur
955 4773 1215 4844 predicto
1275 4772 1365 4841 qui
1414 4769 1640 4840 reliquis
1683 4769 1936 4824 omnibus
1969 4783 2066 4824 su-

493 4867 772 4938 perjacet,
822 4879 991 4934 usque
1051 4865 1118 4919 ad
1162 4865 1321 4918 linem
1360 4863 1539 4919 exitus
1599 4862 1769 4933 ipsius
1821 4862 1962 4928 vitae,
2011 4871 2090 4917 to-

487 4964 600 5009 tum
635 4955 736 5008 iter
759 4951 1026 5023 aequabile
1067 4966 1129 5006 ac
1165 4951 1382 5020 planum
1410 4952 1768 5021 conspicitur,
1807 4960 1859 5006 et
1886 4953 2065 5019 splen-

482 5047 618 5102 dore
657 5046 796 5101 lucis
839 5045 994 5115 quasi
1045 5044 1226 5099 colore
1263 5043 1571 5114 perfusum,
1623 5045 1778 5114 cujus
1814 5053 1870 5100 et
1911 5043 2065 5098 fron-

484 5138 759 5208 tispicium
809 5137 1024 5192 sidereo
1065 5135 1588 5206 sigilloexornatur.
1621 5133 1918 5189 Duodecim
1958 5151 2054 5188 nu-

485 5245 636 5286 mero
674 5240 800 5286 sunt
824 5228 1089 5284 columna:
1127 5227 1250 5282 nive
1292 5227 1634 5282 candidiores
1669 5234 1834 5297 atque
1868 5227 2062 5280 immo.

483 5321 642 5388 biles,
683 5331 739 5376 et
791 5337 912 5391 quae
938 5320 1060 5374 ﬁdei
1107 5319 1564 5374 constitutionem
1620 5333 1714 5388 per
1766 5317 2061 5387 potentiam

486 5413 787 5469 divinitatis
811 5413 980 5469 nostri
1009 5411 1308 5467 Salvatoris
1341 5420 1604 5482 perpetuo
1637 5409 1925 5464 sustinent.
1952 5408 2064 5464 Hoc

487 5505 652 5575 igitur
684 5514 890 5560 tantum
938 5519 1076 5576 opus
1120 5518 1242 5559 cum
1275 5514 1392 5558 arte
1428 5501 1575 5557 nulla
1606 5515 1705 5557 nos
1737 5515 2063 5571 assequcre-

483 5680 490 5689 ’
544 5679 762 5751 ,·²³Αοι.
796 5696 854 5746 ιι,
877 5683 934 5734 9.
999 5682 1062 5712 ·¹’
1100 5679 1356 5736 Socrates
1393 5675 1488 5732 lib.
1523 5690 1562 5742 ι,
1593 5687 1713 5745 cap.
1743 5673 1794 5730 8.

2781 1999 3030 2052 ΚΕΦΔΛ.
3073 1998 3164 2066 cr.

2197 2112 2390 2166 Ὅπου
2428 2115 2462 2166 ό
2498 2112 2802 2178 βασιλεὺς
2841 2112 3195 2182 συνεδρεύει
3233 2111 3362 2179 τοῖς
3397 2112 3779 2182 ἐπισκόποις.
3809 2084 3814 2089 ’

2274 2246 2624 2310 Ἐπιτελέσας
2673 2247 2730 2300 δέ
2765 2248 2794 2301 ὁ
2832 2246 3088 2318 βασιλεὺς
3133 2248 3400 2302 ἐπινίκιον
3450 2247 3599 2303 κατὰ
3627 2250 3782 2303 Λικι-

2192 2337 2304 2392 νίου
2347 2339 2565 2410 ἑορτὴν,
2600 2340 2817 2410 ἀπήντα
2851 2339 2947 2392 καὶ
2977 2339 3139 2403 αὐτὸς
3165 2342 3247 2403 εἰς
3277 2338 3376 2410 τὴν
3402 2340 3662 2398 Νίκαιαν.
3696 2341 3778 2410 Τῇ

2189 2431 2246 2484 δὲ
2278 2429 2405 2500 ἑξῆς
2444 2431 2645 2496 πάντες
2679 2432 2794 2502 ἅμα
2824 2431 3115 2486 ἐπίσκοποι
3141 2433 3222 2495 εἰς
3249 2432 3344 2486 ἕνα
3373 2436 3542 2487 τόπον
3573 2434 3779 2506 συνήρ-

2191 2539 2346 2594 χοντο
2372 2542 2387 2556 ·
2425 2523 2626 2594 παρῄει
2664 2522 2720 2576 δὲ
2761 2523 2857 2576 καὶ
2887 2525 2915 2576 6
2947 2522 3204 2594 βασιλεὺς
3239 2525 3358 2594 μετ’
3405 2513 3610 2590 αὐτούς
3633 2541 3648 2556 ⁶
3680 2526 3776 2580 καὶ

2189 2613 2314 2666 ἐπεὶ
2347 2612 2660 2684 παρῆλθεν,
2707 2614 2788 2676 εἰς
2835 2614 3000 2684 μέσον
3051 2612 3202 2684 ἔστη,
3250 2614 3346 2666 καὶ
3391 2615 3454 2667 οὐ
3506 2615 3777 2688 πρότερον

2189 2707 2433 2772 καθίζειν
2467 2708 2671 2778 ᾑρεῖτο,
2699 2707 2827 2776 πρὶν
2868 2705 2934 2759 ἂν
2966 2705 3017 2758 οἱ
3057 2705 3346 2759 ἐπίσκοποι
3383 2707 3733 2764 ἑπινεύσειαν
3756 2725 3773 2741 ⁶

2185 2795 2422 2867 τοσαύτη
2466 2814 2550 2859 τις
2597 2795 2856 2849 εὐλάϐεια
2902 2795 2997 2847 καὶ
3044 2793 3210 2858 αἰδὼς
3261 2793 3371 2848 τῶν
3420 2797 3632 2868 ἀνδρῶν
3680 2801 3776 2853 τὸν

2188 2888 2412 2958 βασιλέα
2443 2891 2685 2960 κατεῖχε.
2727 2887 2869 2957 Πρὸς
2895 2886 2989 2950 οὒς
3017 2887 3046 2939 6
3077 2886 3331 2957 βασιλεὺς
3353 2890 3382 2940 6
3410 2889 3773 2961 πανεύφημος

2186 2980 2574 3053 παραινετικδν
2612 2982 2709 3035 καὶ
2741 2979 3120 3034 διδασκαλικὸν
3170 2981 3542 3052 προσενήνοχε
3586 2981 3766 3049 λόγον,

2184 3076 2264 3140 είς
2300 3075 2532 3146 ὐμνησιν
2563 3077 2659 3129 καὶ
2688 3074 2996 3144 δοξολογίαν
3030 3075 3123 3128 καὶ
3158 3075 3512 3147 εὐχαριστίαν
3542 3077 3635 3130 τοῦ
3655 3076 3769 3131 τῶν

2185 3165 2406 3220 πάντων
2426 3165 2585 3233 Θεοῦ,
2634 3165 2728 3221 τοῦ
2756 3165 2997 3220 τοσαῦτα
3027 3165 3177 3238 αὐτῷ
3207 3168 3600 3238 χαρισαμένου,
3656 3165 3768 3225 ὧδέ

2184 3274 2302 3321 πως
2330 3257 2506 3327 λέγων
2537 3273 2551 3290 ⁸

2784 3371 3039 3426 ΚΕΦΑΛ.
3079 3371 3151 3426 Z'.

2181 3482 2373 3550 Λόγος
2411 3481 2872 3554 Κωνσταντίιζου
2914 3480 3215 3554 σεϐαστοῦ
3260 3486 3766 3554 ςτροσφωνητικός

2560 3553 2710 3620 πρὸς
2738 3550 2853 3619 τὴν
2889 3553 3069 3620 ἁγίαν
3092 3551 3377 3608 σύνοδον.

2251 3685 2458 3749 Πολλὰς
2489 3685 2587 3757 μὲν
2609 3685 2748 3757 πρὸς
2771 3685 3021 3739 εὐποιίαν
3042 3685 3122 3756 τῷ
3143 3684 3252 3740 τῶν
3277 3684 3582 3757 ἀνθρώπων
3611 3687 3764 3758 γένει

2179 3779 2619 3850 ἐπιφανεστάτας
2641 3777 2792 3842 ὀδοὺς
2823 3780 2857 3849 ἡ
2886 3777 2980 3830 τοῦ
3015 3777 3430 3848 παντοδυνάμου
3459 3777 3594 3831 Θεοῦ
3631 3779 3764 3849 τρόο

2179 3887 2345 3942 φιμος
2374 3868 2686 3941 δικαιοσύνη
2727 3869 3103 3942 ὑπέστρωσεν,
3152 3867 3253 3938 οὐχ
3282 3868 3485 3937 ἥκιστα
3513 3867 3572 3921 δὲ
3615 3870 3764 3923 ἐκεί-

2178 3979 2276 4033 νην
2309 3961 2716 4033 ἐπισημοτέραν
2747 3961 2844 4014 καὶ
2874 3959 3108 4030 μάλιστα
3140 3961 3582 4030 άστράπτουσαν,
3611 3963 3679 4034 ἢν
3701 3963 3764 4017 ἐν

2176 4049 2255 4121 τῷ
2299 4049 2580 4121 κεφαλαίῳ
2626 4048 2717 4103 τοῦ
2758 4049 3064 4118 άγιωτάτου
3106 4047 3272 4118 νόμου
3317 4047 3418 4116 τῆς
3462 4047 3760 4119 καθολικῆς

2191 4138 2518 4210 Ἐκκλησίας
2561 4139 2727 4191 πᾶσιν
2770 4138 2928 4207 ἡμῖν,
2968 4137 3169 4200 παντὸς
3216 4135 3494 4206 θαύματος
3549 4138 3754 4208 μεῖζον,

2176 4227 2420 4300 ἦθροισε,
2456 4227 2554 4298 τῆς
2576 4228 2814 4291 πίστεως
2843 4227 3107 4298 κυριακὸν
3135 4228 3474 4299 οἰκητήριον.
3503 4228 3674 4282 Τοῦτο
3700 4229 3756 4282 δὲ

2175 4323 2274 4392 τὴν
2291 4321 2392 4392 μὲν
2419 4321 2666 4392 κορυφὴν
2684 4320 2847 4392 μέχρι
2874 4317 2970 4373 τοῦ
2995 4319 3234 4390 φέγγους
3260 4321 3369 4373 τῶν
3391 4320 3607 4391 ἄστρων
3632 4321 3756 4391 ἐληο

2173 4412 2392 4466 λυθέναι
2426 4412 2642 4483 ὁρῶμεν
2666 4428 2680 4444 ο
2719 4412 2846 4476 τοὺς
2887 4411 2944 4466 δὲ
2974 4412 3278 4484 θεμελίους,
3334 4412 3415 4466 ἐτι
3447 4413 3755 4485 ἀρχομένου

2172 4504 2268 4557 τοῦ
2296 4503 2482 4576 ἔργου,
2513 4504 2687 4568 οὕτως
2739 4503 2971 4574 βαθέως,
3021 4505 3117 4559 καὶ
3161 4505 3372 4570 πιστῶς
3423 4507 3756 4577 ἐρριζῶσθαι

2175 4595 2306 4667 θείῳ
2332 4595 2562 4666 νεύματι
2591 4595 2956 4666 γινώσκομεν,
2984 4596 3061 4659 ὡς
3086 4597 3268 4651 πᾶσαν
3298 4595 3395 4668 τὴν
3429 4597 3757 4668 οἰκουμένην

2017 4672 2064 4723 Α
2101 4721 2146 4776 D
2175 4688 2428 4759 αἴσθησιν
2472 4688 2663 4742 τούτου
2708 4688 2914 4743 λαϐεῖν.
2968 4689 3102 4742 Ἀπὸ
3143 4691 3243 4759 τῆς
3286 4692 3535 4761 κορυφῆς
3580 4690 3758 4744 τοίνυν

2174 4777 2275 4848 τῆς
2303 4776 2712 4851 προειρημένης
2733 4818 2746 4843 ,
2777 4777 3004 4831 ἁπασῶν
3041 4777 3150 4832 τῶν
3192 4776 3395 4830 λοιπῶν
3421 4779 3560 4832 ὅλων
3593 4780 3759 4848 ὐπερ-

2175 4869 2456 4939 κειμένης,
2532 4868 2660 4939 ἄχρι
2705 4867 2801 4921 τοῦ
2869 4868 3057 4932 τέλους
3113 4870 3213 4938 τῆς
3281 4869 3464 4934 ἐξόδου
3508 4871 3758 4937 φαίνεται

2169 4960 2347 5032 ὁμαλὴ
2373 4959 2469 5013 καὶ
2497 4960 2738 5023 ίσόπεδος
2766 4961 3061 5032 πορεία,τῇ
3089 4961 3431 5031 λαμπρότητι
3462 4959 3556 5012 τοῦ
3581 4961 3758 5028 φωτὸς

2170 5049 2455 5120 χρωμένη⁸
2491 5043 2561 5120 ἦς
2603 5049 2699 5102 καὶ
2742 5051 2802 5102 τὸ
2849 5049 3100 5120 μέτωπον
3142 5049 3451 5120 άστροειδεῖ
3496 5048 3755 5120 σφραγῖδι

2167 5141 2627 5212 κεκοσμημένον,
2697 5141 3024 5194 δυοκαίδεκα
3066 5140 3158 5193 τὸν
3226 5140 3461 5211 ἀριθμὸν
3527 5143 3749 5204 κίονες,

2164 5235 2342 5304 χιόνος
2375 5233 2770 5304 λαμπρότεροι,
2805 5233 3074 5302 ἀκίνητοι,
3101 5234 3168 5302 τῇ
3202 5231 3348 5284 θέσει
3367 5233 3470 5300 τῆς
3492 5231 3749 5292 πίστεως.

2163 5323 2350 5387 ἁῖδίως
2394 5326 2462 5394 τῇ
2498 5323 2596 5393 τῆς
2625 5324 2899 5395 θεότητος,
2939 5321 3033 5374 τοῦ
3068 5323 3340 5392 ἡμετέρου
3370 5321 3626 5390 Σωτῆρος
3658 5319 3750 5372 δυ-

2161 5415 2346 5485 νάμει,
2393 5413 2745 5484 βαστάζουσι.
2794 5414 2998 5467 Τούτου
3047 5413 3229 5468 τοίνυν
3273 5411 3368 5465 τοῦ
3425 5410 3748 5481 τηλικούτου

2161 5505 2324 5577 ἔργου
2355 5507 2418 5560 οὐ
2449 5505 2614 5578 τέχνη
2644 5523 2728 5570 τις
2779 5505 3259 5577 προσλαμϐάνουσι
3290 5503 3401 5577 [ιον.
3429 5503 3598 5574 τέχνῃ
3640 5499 3750 5556 τινὶ
