4042 6142
290 299 426 365 1233

1883 216 1945 227 α’›

1168 319 1537 380 HISTORIA
1574 320 1910 383 CONCILII
1946 324 2249 389 NlC/ENI.
2291 352 2360 366 -
2393 332 2542 393 LIB.
2584 332 2666 395 Il.

3418 340 3552 408 1234

288 406 509 518 πρρσλέ]
540 416 695 518 ήμῖν,
727 420 824 475 καὶ
865 422 965 496 τὴν
1010 425 1120 480 ἀπὸ
1170 428 1348 499 ψυχῆς
1393 429 1613 485 δικαίαν
1663 432 1860 499 πίστιν,

1977 454 2118 502 llilll‘,
2165 448 2219 494 et
2247 441 2656 513 animojustam
2701 442 2860 500 fidem
2906 459 3013 501 non
3059 448 3550 518 comprehendere-

285 500 385 555 τοῦ
411 503 879 606 ἀθανάτου-ἀὐτοῦ
905 514 1073 585 νόμου
1119 518 1200 581 είς
1223 517 1348 571 νοῦν
1373 519 1577 574 ἔδωκεν
1601 523 1736 592 ἡμῖν
1773 522 1860 594 τὴι

1977 545 2112 593 mus.
2159 532 2482 590 immortalis
2516 534 2648 606 legis
2687 536 3106 594 sanctimoniam
3145 541 3311 596 menti
3353 554 3561 602 nostra}

289 595 602 685 σεμνότητα
659 594 832 674 οὗπερ
860 607 1000 676 πρὸς
1024 608 1152 670 τοὺς
1189 608 1441 674 πυλῶνας
1477 612 1630 665 οὐδὲν
1664 613 1871 685 ἕτερον,

287 685 360 777 εί-
386 684 462 756 μή
508 689 685 760 ἁγνῆς
735 695 829 747 καὶ
874 695 1136 762 εὐσεϐοῦς
1181 699 1480 772 ἐπιθυμίας
1523 684 1870 777 ἐπειγούσης,

290 775 429 848 μόνῃ
455 779 704 852 καθαρᾶς
735 785 976 852 διανοίας
1022 791 1347 862 πεποιθήσει
1389 795 1669 865 πρόσεισιν
1693 798 1722 850 ό
1747 775 1873 868 βου-

288 868 533 938 Λόμενος.
565 874 737 929 Τοῦτο
765 875 878 948 [τσ.
907 880 1107 955 τούτῳ]
1142 883 1199 936 δὲ
1224 885 1376 957 αὐτῷ
1404 885 1724 959 θαυμαστήν
1750 905 1874 944 τινα

288 960 497 1033 κόσμου
523 964 890 1039 λαμπρότητα
913 974 1187 1045 σωτήριος
1227 978 1544 1047 προσήγαγε
1578 978 1836 1052 λογισμός
1853 995 1868 1010 °

287 1055 435 1124 λέγω
460 1057 538 1117 δὲ,
576 1057 792 1114 ἔνδοθεν
831 1063 1017 1128 πίστις
1060 1065 1391 1136 ἀνθρώπων,
1433 1069 1523 1124 διά
1551 1073 1752 1136 παντὸς
1777 1074 1871 1127 τοῦ

290 1149 582 1218 περιϐόλου
610 1153 709 1206 τοῦ
732 1155 1017 1226 Κυριακοῦ
1051 1158 1275 1213 ἀνθοῦσι
1325 1163 1616 1232 στεφάνοις
1640 1164 1872 1238 reum;

292 1238 454 1310 μένη,
480 1241 781 1309 ἀθανασίας
811 1247 1030 1318 καρπὸν
1065 1248 1398 1322 ἀθροίζουσα
1416 1297 1431 1322 ,
1458 1254 1660 1323 ἀγνοὺς
1687 1256 1874 1321 τόνους

286 1330 384 1399 τῆς
419 1333 564 1403 ζωῆς
591 1337 702 1407 ’τῆς
731 1337 1085 1408 ἀνθρωπείας
1124 1343 1205 1406 είς
1245 1345 1483 1418 φανερὸν
1509 1347 1718 1416 ἀγουσα
1750 1349 1873 1401 ἐπι-

289 1425 480 1489 φανεῖς
506 1425 850 1499 καθίστησιν.
898 1425 1067 1495 Αὖθις
1095 1433 1351 1489 ἐντεῦθεν
1393 1438 1426 1509 ή
1461 1436 1663 1503 ἔξωθεν
1702 1439 1870 1512 οὐρά-

288 1529 400 1576 νιος
450 1514 577 1580 δόξα
618 1519 956 1594 ἐστεμμένη,
1009 1524 1105 1578 τοῦ
1150 1526 1348 1591 αἰῶνος
1384 1528 1472 1582 ἀεὶ
1520 1531 1868 1602 τικτομένου,

291 1605 494 1675 μᾶλλον
522 1608 580 1662 δὲ
621 1613 919 1683 φυομένου,
968 1615 1197 1688 βραδεῖα
1231 1619 1562 1693 ὑπογράφει,
1614 1624 1708 1678 καὶ
1735 1641 1870 1695 τρα-

1975 618 2118 676 Deus
2150 620 2347 678 indidit
2382 642 2397 679 :
2432 639 2526 695 per
2567 627 2721 697 cujus
2764 639 2952 700 portas
2982 630 3130 686 nullo
3171 631 3278 688 alio
3322 633 3553 691 ducente

1976 712 2078 766 nisi
2114 722 2267 768 casto
2314 716 2514 786 pioque
2547 717 2843 785 desiderio,
2883 736 3004 776 cum
3036 737 3184 793 purae
3214 724 3410 780 mentis
3449 725 3554 781 fide

1973 803 2068 873 qui
2105 804 2220 858 vult
2267 806 2593 878 ingreditur.
2627 807 2812 865 Eidem
2838 821 3019 867 autem
3049 822 3341 870 structurae
3384 816 3552 871 mira-

1973 895 2135 951 bilem
2198 899 2486 967 quemdam
2556 903 2863 957 ornamenti
2916 903 3261 974 splendorem
3317 906 3553 963 salubris

1973 987 2156 1042 attulit
2194 988 2476 1059 cogitatio,
2529 990 2765 1058 interna,
2821 993 3065 1065 inquam,
3104 995 3385 1051 hominum
3421 997 3552 1052 fides

1972 1091 2071 1147 per
2125 1086 2298 1134 totum
2354 1080 2613 1138 domicilii
2665 1086 2927 1143 ambitum
2974 1086 3293 1146 ﬂorentibus
3338 1091 3554 1147 coronis

1974 1168 2256 1237 decorata,
2319 1171 2752 1233 immortalitatis
2804 1178 3042 1237 fructum
3102 1181 3385 1252 colligens,
3433 1199 3554 1254 quae

1974 1268 2155 1316 castos
2189 1262 2313 1319 vitae
2348 1264 2599 1322 humanae
2642 1269 2961 1339 Splendores
3005 1272 3057 1327 in
3098 1285 3343 1343 apertum
3388 1289 3554 1344 agens

1974 1351 2214 1410 illustrat
2263 1370 2278 1408 :
2329 1371 2393 1411 ac
2447 1372 2637 1415 rursus
2680 1360 2880 1418 ibidem
2935 1363 3176 1420 caelestis
3221 1364 3553 1422 existimatio

1973 1445 2218 1499 exterius
2271 1448 2544 1517 operiens,
2594 1452 2777 1507 saeculi
2833 1467 3048 1525 semper
3099 1457 3399 1525 nascentis,
3457 1466 3554 1515 aut

1971 1536 2158 1603 potius
2192 1535 2305 1606 jam
2358 1541 2471 1595 nati
2514 1543 2734 1611 praemia
2786 1544 3038 1613 delineat,
3096 1556 3153 1603 et
3193 1549 3394 1604 nutrita
3428 1564 3551 1604 cum

1973 1627 2188 1684 decenti
2222 1628 2384 1687 laude
2427 1640 2594 1688 totam
2638 1635 2853 1691 aedificii
2897 1636 3291 1707 perfectionem
3338 1649 3554 1695 susten-

287 1697 454 1765 φέντα
490 1702 629 1771 μετά
671 1704 766 1759 τοῦ
804 1710 1181 1781 προσήκοντος
1220 1712 1479 1780 ἐπαίνου,
1513 1715 1737 1771 ἃπασαν
1775 1717 1860 1772 τοῦ

1975 1726 2097 1777 tans
2137 1727 2388 1775 exornat.
2428 1719 2627 1778 Domus
2671 1733 2852 1778 autem
2892 1697 2998 1780 ista
3029 1726 3239 1781 Domini
3282 1740 3312 1780 a
3341 1724 3552 1782 duobus

287 1790 453 1875 αύτοῦ
498 1792 661 1862 ἔργου
701 1796 799 1867 τὴν
827 1799 1239 1875 τελεσιουργίαν
1278 1808 1496 1874 κοσμεῖς
1543 1809 1572 1861 6
1598 1806 1655 1861 δὲ
1707 1808 1871 1875 αὐτὸς

286 1872 438 1945 οὗτος
463 1884 494 1936 6
512 1884 790 1957 Κυριακὸς
808 1885 956 1955 οἶκος
977 1872 1089 1946 ὑπὸ*
1105 1893 1200 1947 δύο
1220 1872 1397 1966 μόνων
1426 1899 1683 1967 φυλάκων
1707 1872 1872 1972 ερρουζ

289 1975 464 2042 ρεῖται
488 1992 503 2007 ’
538 1979 635 2032 καὶ
684 1980 851 2050 φόῦος
897 1984 998 2055 μὲν
1028 1985 1172 2051 θεῖος
1207 1990 1459 2061 πρόσεισι
1492 1994 1560 2064 τῇ
1590 1993 1750 2049 ἐνίων
1782 1996 1870 2050 ἐν-

289 2065 407 2137 νοίᾳ
455 2074 961 2145 σωφρονιστήριονσ
1007 2077 1240 2150 πάρεστι
1281 2081 1340 2135 δέ
1385 2083 1474 2136 ἀεὶ
1520 2085 1615 2139 καὶ
1656 2088 1771 2151 τοῖς
1808 2086 1871 2143 εὖ

287 2158 581 2227 φρονοῦσιν
623 2162 653 2214 ό
683 2165 822 2235 πρὸς
866 2166 933 2220 τὸ
972 2167 1133 2222 Θεῖον
1163 2169 1408 2238 ἔπαινος,
1444 2174 1548 2245 τῆς
1600 2176 1872 2242 συνέσεως

288 2248 574 2319 βραϐεῖον·
604 2255 817 2311 τούτων
864 2259 974 2331 γὰρ
1026 2261 1308 2334 ἑκατέρων
1351 2266 1717 2338 ἐπικειμένων
1755 2270 1871 2335 τοῖς

284 2341 581 2432 προθύροις
607 2346 703 2400 τοῦ
738 2349 1046 2417 ἀγιωτάτου
1083 2355 1271 2421 τόπου,
1301 2355 1652 2432 δικαιοσύνην
1679 2360 1777 2430 μὲν
1813 2362 1870 2417 αἱ

283 2430 446 2501 θύραι
482 2434 937 2508 ἀναπεπταμέναι
962 2441 1231 2512 δέχονται,
1265 2444 1404 2516 αῦτη
1448 2464 1507 2500 τε
1557 2430 1689 2503 είσω
1729 2451 1867 2505 οἰκι-

284 2522 489 2587 σθεῖσα,
520 2529 669 2596 μένει
689 2529 969 2602 ἀκήρατος
988 2550 1001 2563 ·
1031 2536 1096 2606 τῇ
1124 2534 1180 2587 δέ
1201 2535 1386 2610 ἀδικία
1416 2537 1540 2592 οὐδέ
1569 2538 1724 2610 θέμις
1748 2544 1869 2606 ταῖς

282 2613 477 2686 θύραις
503 2621 844 2690 προσελθεῖν,
872 2623 1009 2678 ἀλλὰ
1045 2624 1324 2698 ὲξόριστος
1357 2628 1549 2684 τούτου
1574 2633 1668 2685 τοῦ
1701 2633 1866 2686 τόπου

280 2707 591 2762 ἐκκλείεται
615 2729 625 2741 ο
654 2712 828 2768 ταῦτά
852 2731 940 2785 με,
965 2710 1009 2771 ὦ
1034 2716 1354 2789 τιμιώτατοι
1378 2722 1472 2775 καὶ
1489 2726 1689 2787 παντὸς
1710 2724 1868 2779 ἐπαί-

277 2814 371 2850 νου
407 2800 547 2865 ἀξιοι
581 2801 821 2873 ἀδελφοὶ,
849 2805 918 2859 τὰ
955 2807 1261 2881 πράγματα
1295 2810 1438 2866 οῦτω
1472 2814 1618 2885 σαφῆ
1665 2816 1745 2879 είς
1771 2815 1868 2887 τήν

274 2888 375 2941 τοῦ
405 2890 576 2944 ἀϊδίου
607 2895 701 2947 κα)⁸
730 2896 1004 2952 ἀθανάτου
1034 2900 1211 2969 φωτὸς
1240 2902 1604 2976 λαμπρότητα
1635 2906 1862 2978 ήγαγεν·

1976 1818 2186 1864 tantum
2228 1812 2639 1870 excubitoribus
2674 1814 3018 1872 custoditur:
3051 1824 3106 1872 et
3145 1816 3308 1874 timor
3330 1818 3551 1888 quidem

1973 1900 2189 1957 divinus
2238 1904 2599 1973 quorumdam
2663 1908 3045 1978 cogitationem
3092 1908 3357 1980 castigat,
3407 1917 3553 1964 recte

1971 2002 2154 2048 autem
2181 1994 2519 2065 sapientibus
2550 1995 2706 2052 favor
2738 1997 2953 2055 divinus
2987 2013 3205 2070 semper
3225 2008 3424 2071 praesto
3444 2009 3549 2067 est,

1971 2085 2130 2156 quasi
2160 2086 2464 2156 prudentia:
2493 2089 2799 2159 praemium.
2836 2089 2933 2147 liis
2962 2091 3174 2148 duobus
3197 2092 3269 2148 ad
3291 2092 3395 2149 loci
3423 2108 3551 2148 san-

1971 2176 2202 2233 ctissimi
2238 2177 2436 2248 jauuas
2470 2179 2860 2248 assidentibus,
2884 2182 3023 2238 ostia
3047 2196 3170 2238 cum
3207 2182 3547 2254 aperiuntur,

1965 2266 2231 2336 justitiam
2276 2267 2604 2337 suscipiunt,
2643 2284 2763 2340 quae
2793 2269 2940 2326 intus
2981 2271 3236 2328 habitans
3267 2281 3549 2344 permanet

1971 2356 2285 2428 incorrupta
2316 2374 2331 2413 :
2366 2357 2707 2429 iniquitatem
2743 2370 2924 2417 autem
2969 2361 3052 2418 fas
3102 2379 3206 2418 non
3260 2373 3342 2419 est
3378 2366 3549 2434 portis

1969 2448 2430 2520 appropinquare,
2482 2450 2579 2505 sed
2610 2450 2679 2506 ab
2724 2450 2830 2507 illis
2865 2452 3273 2509 excubitoribus
3305 2453 3543 2525 repulsa,

1968 2537 2091 2595 loco
2134 2540 2461 2595 excluditur.
2498 2539 2646 2611 Haec,
2676 2542 2878 2600 fratres
2902 2545 3331 2612 honoratissimi,
3364 2546 3545 2601 omni-

1968 2645 2075 2700 qne
2103 2630 2263 2686 laude
2301 2631 2477 2703 digni,
2511 2646 2633 2687 cum
2691 2633 2763 2687 ita
2811 2633 2925 2689 sunt
2973 2634 3280 2699 manifesta,
3340 2648 3427 2689 me
3480 2636 3546 2689 ad

1966 2724 2156 2777 aeterni
2196 2731 2253 2779 et
2294 2723 2620 2780 immortalis
2660 2723 2883 2781 luminis
2915 2724 3257 2795 splendorem
3302 2724 3546 2781 deduxe-

1969 2824 2096 2871 runt
2127 2831 2142 2870 :
2173 2830 2239 2871 ne
2266 2815 2311 2872 si
2345 2816 2563 2887 longius
2587 2831 2615 2871 a
2643 2831 2729 2873 me
2767 2817 2984 2885 fuisset,
3015 2818 3265 2887 ambigua
3299 2818 3547 2873 fortassis

1968 2909 2136 2964 animi
2191 2909 2325 2966 fides
2374 2910 2661 2966 veritatem
2704 2910 2955 2967 redderet
2996 2911 3398 2967 inconeinnam.
3437 2909 3544 2964 Ve-

279 2981 367 3033 ἵνα
404 2983 480 3054 μή
514 2985 703 3057 πόρρω
749 3005 816 3058 με
869 2991 1086 3046 ἑστῶτα
1130 2994 1432 3065 ἀμφίϐολός
1475 3016 1558 3063 τις
1597 3000 1727 3064 ἴσως
1768 3004 1860 3074 τῆς

1966 3018 2086 3057 rum
2133 3002 2261 3073 quid
2298 3003 2534 3074 primum
2586 3002 2960 3060 confirmabo?
3004 3002 3244 3072 nunquid
3271 3001 3547 3057 felicitatis

278 3074 456 3145 ψυχῆς
484 3077 666 3143 πίστις
701 3081 1090 3156 ἀπεργάσηται
1127 3087 1229 3156 τῆς
1280 3088 1537 3160 ἀληθείας
1584 3094 1860 3164 ἀνάρμοσ-

1971 3093 2200 3149 formam
2219 3137 2235 3162 ,
2257 3110 2379 3164 qua:
2404 3096 2545 3149 intra
2568 3103 2758 3165 pectus
2782 3110 2959 3150 meum
2987 3094 3250 3164 concepta
3278 3093 3430 3157 latet,
3476 3109 3543 3146 an

277 3182 386 3220 τον.
442 3168 603 3224 Ἀλλά
634 3171 688 3225 τί
717 3173 937 3244 πρῶτον
960 3176 1426 3252 διασεσαιώσομαι
1452 3200 1467 3249 ;
1504 3183 1741 3256 Πότερον
1766 3186 1860 3257 τῆς

1969 3186 2150 3242 divina
2181 3202 2308 3256 erga
2333 3192 2418 3242 m’e
2452 3186 2742 3255 beneficia,
2772 3202 2893 3256 quae
2924 3186 2992 3241 ab
3025 3186 3402 3256 omnipotente
3433 3186 3544 3239 Deo

278 3257 629 3330 εὐδαιμονίας
675 3263 770 3318 τὸν
799 3264 990 3334 τύπον,
1031 3269 1155 3340 ἥτις
1198 3271 1331 3327 εἴσω
1371 3272 1467 3327 τοῦ
1497 3274 1729 3347 στήθους
1765 3278 1860 3333 τοῦ

1963 3278 2073 3347 iam
2107 3279 2477 3335 demonstrata
2512 3291 2637 3335 sunt
2659 3320 2675 3345 ,
2705 3294 2939 3350 quorum
2974 3292 3257 3334 numerum
3288 3277 3352 3331 ad
3377 3275 3541 3330 multa

279 3348 410 3419 ἐμοῦ
454 3354 861 3429 συνειλημμένη
905 3358 1183 3426 λανθάνει,
1236 3364 1269 3436 ἢ
1305 3365 1406 3429 τάς
1447 3366 1599 3429 θείας
1639 3368 1863 3441 εὐεργε-

281 3442 400 3505 σίας
424 3445 524 3509 τάς
552 3447 682 3517 περὶ
714 3449 815 3519 ἐμὲ
846 3451 939 3504 τοῦ
962 3454 1372 3526 παντοδυνάμου
1391 3458 1548 3524 Θεοῦ,
1581 3458 1639 3527 ἐξ
1673 3454 1748 3515 ὧν
1772 3460 1861 3516 τὸν

279 3533 513 3604 ἀριθμὸν
540 3537 752 3591 πολλῶν
779 3538 978 3612 ἔργων,
1014 3543 1200 3600 ἱκανὸν
1244 3541 1335 3600 οὖν
1357 3548 1625 3620 λέγωμεν,
1663 3553 1858 3623 φανείη

275 3625 375 3697 ήδη
396 3627 493 3681 καὶ
512 3629 611 3700 τὴν
638 3631 778 3704 ἐμὴν
803 3636 1133 3709 μετριότητα
1160 3641 1187 3692 ό
1212 3639 1374 3703 αὐτὸς
1403 3640 1572 3712 ήμέτε
1583 3659 1673 3712 ρος
1701 3643 1856 3712 Θεὸς,

275 3717 369 3769 καὶ
404 3718 621 3773 πάντων
647 3726 988 3796 πραγμάτων
1015 3729 1223 3801 Πατὴρ,
1257 3731 1482 3794 εἰκότως
1511 3731 1690 3804 ἐαυτῷ
1722 3750 1857 3788 κατ-

275 3808 630 3867 εδουλώσατο.
692 3815 1025 3883 Πιστεύετε,
1094 3814 1138 3873 ὦ
1192 3822 1512 3892 τιμιώτατοι
1594 3824 1855 3895 ἀδελφοὶ,

276 3902 791 3974 προσλαμϐάνοντες
832 3909 1092 3981 ἀκέραιον
1126 3912 1332 3977 πίστιν,
1361 3917 1472 3978 τοῖς
1501 3914 1814 3987 λεγομένοις
1836 3932 1853 3950 ⁸

274 3992 322 4043 εί
355 3994 448 4045 καὶ
480 3995 715 4065 μάλιστα
751 4001 784 4070 ή
819 4001 927 4071 ἐμὴ
959 4000 1165 4056 διάνοια
1208 4003 1317 4059 τῶν
1362 4005 1522 4059 θείων
1565 4007 1853 4081 εὐεργετη-

276 4082 465 4152 μάτων
492 4089 816 4160 κορεσθεῖσα
846 4092 1185 4164 εὐδαιμονεῖν
1218 4097 1387 4161 δοκεῖ,
1419 4098 1513 4152 καὶ
1534 4099 1642 4154 ἀπὸ
1661 4100 1854 4155 τούτου

272 4179 602 4252 πράγματος
630 4184 852 4255 ἐξόχους
868 4188 1127 4253 ἐπαίνους
1151 4190 1437 4262 πληρῶσαι
1462 4191 1720 4247 δύνασθαι
1737 4195 1855 4263 φαί·

272 4285 456 4323 νεταιο
486 4274 634 4344 ὅμως
657 4318 669 4340 ,
701 4278 839 4348 ὅπερ
876 4279 978 4347 τῆς
1012 4279 1270 4351 ἀληθείας
1308 4284 1341 4352 ή
1390 4281 1574 4347 πίστις
1604 4285 1853 4356 ἐναργῶς

1964 3383 2130 3438 opera
2159 3369 2406 3424 sufficere
2441 3370 2757 3436 asserimns,
2797 3379 2853 3424 ut
2905 3382 3079 3423 meam
3117 3365 3542 3422 mediocritatem

1963 3459 2108 3515 idem
2156 3459 2298 3515 Deus
2332 3470 2520 3516 noster
2557 3470 2612 3517 et
2638 3460 2880 3516 omnium
2926 3473 3106 3513 rerum
3137 3457 3301 3513 Pater
3344 3457 3542 3511 merito

1963 3552 2018 3606 in
2046 3568 2199 3608 suam
2244 3553 2564 3610 servitutem
2596 3552 2913 3624 redegerit?
2942 3551 3181 3614 Credite,
3218 3548 3419 3604 fratres
3446 3549 3545 3603 ho-

1965 3643 2322 3708 noratissimi,
2352 3653 2405 3698 et
2438 3643 2704 3713 integram
2735 3643 2892 3699 fidem
2925 3643 3082 3699 dictis
3118 3642 3412 3697 adhibete:
3440 3640 3541 3695 etsi

1963 3735 2199 3789 maxime
2247 3734 2460 3788 animus
2506 3750 2657 3789 meus
2698 3734 2792 3789 Dei
2828 3734 3105 3791 beneficiis
3151 3733 3364 3804 plenus,
3415 3731 3540 3787 felix

1960 3838 2081 3878 esse
2109 3825 2342 3890 videtur,
2383 3833 2440 3879 et
2483 3827 2552 3879 ob
2595 3839 2715 3879 eam
2753 3840 2970 3880 causam
3014 3827 3308 3879 immensas
3352 3824 3541 3878 laudes

1959 3916 2134 3971 eidem
2186 3928 2347 3985 posse
2394 3915 2704 3984 persolvere
2733 3933 2745 3969 :
2774 3925 2975 3981 tamen,
3029 3925 3087 3971 ut
3127 3915 3258 3970 fides
3295 3916 3541 3970 veritatis

1958 4015 2146 4074 aperte
2193 4006 2454 4072 ostendit,
2508 4021 2685 4075 neque
2732 4020 2832 4061 vox
2883 4020 3061 4076 neque
3102 4005 3283 4071 lingua
3343 4005 3539 4059 mentis

1957 4096 2188 4167 imperio
2233 4095 2444 4151 servire
2474 4093 2779 4163 sufﬁciunt;
2808 4096 2967 4165 idque
2987 4095 3111 4164 jure
3136 4097 3364 4167 optimo.
3401 4095 3537 4150 Cum

1954 4185 2099 4240 enim
2146 4187 2409 4240 immensa
2459 4185 2528 4240 sit
2576 4184 2969 4240 beneficiorum
3009 4185 3341 4255 magnitudo,
3382 4201 3537 4240 mens

1955 4278 2175 4349 quidem
2226 4278 2389 4333 altior
2426 4278 2703 4333 exsistens
2753 4276 3069 4332 sublimiora
3123 4279 3369 4348 corporis
3416 4278 3533 4332 loca

271 4361 566 4429 δείκνυσιν,
601 4366 726 4420 οὕτε
759 4368 934 4439 φωνὴ,
965 4370 1087 4424 οὔτε
1114 4372 1329 4441 γλῶττα
1359 4372 1435 4445 τῷ
1466 4376 1851 4449 προστάγματι

1963 4376 2183 4437 occupat
2212 4385 2225 4421 :
2251 4367 2448 4436 linguae
2475 4375 2653 4421 autem
2691 4366 2778 4421 via
2831 4366 2887 4420 in
2929 4376 3214 4438 angustum
3243 4367 3530 4422 admodum

269 4454 371 4525 τῆς
401 4454 640 4521 διανοίας
687 4459 1035 4532 ὑπουργῆσαι
1077 4463 1343 4534 ἀρκοῦσι·
1381 4467 1475 4520 καὶ
1513 4466 1659 4537 μάλα
1702 4469 1848 4523 εἰκό⁹

1963 4461 2135 4517 Iocum
2172 4456 2605 4522 conclusayfere
2654 4473 2777 4512 cum
2810 4456 2951 4527 loqui
2994 4457 3256 4521 creditur,
3308 4460 3532 4515 omnino

270 4562 399 4609 τως.
438 4547 703 4621 ’Λμέτρου
727 4549 836 4623 γὰρ
865 4551 1019 4616 ὄντος
1064 4554 1157 4608 τοῦ
1191 4556 1459 4626 μεγέθους
1492 4558 1599 4613 τῶν
1628 4561 1852 4633 εὐεργε-

271 4639 427 4704 σιῶν,
458 4641 492 4710 ή
538 4641 638 4711 μὲν
666 4643 876 4698 διάνοια
906 4645 1083 4717 ὑψηλή
1123 4664 1206 4711 τις
1248 4645 1415 4716 οὖσα,
1444 4651 1569 4714 τοὺς
1594 4653 1852 4724 ἀνωτέρω

267 4729 364 4782 τοῦ
402 4732 655 4802 σώματος
687 4736 889 4800 τόπους
926 4737 1357 4809 καταλαμϐάνει’
1387 4743 1420 4810 ή
1454 4741 1510 4795 δὲ
1549 4744 1645 4812 τῆς
1675 4744 1851 4810 γλώτ-

267 4834 370 4888 της
398 4822 594 4892 πορεία
622 4824 703 4887 είς
736 4825 921 4878 στενὸν
957 4828 1155 4899 κομιδῇ
1198 4828 1363 4882 τόπον
1408 4830 1847 4901 συγκλεισθεῖσα,

266 4905 490 4978 δόκιμος
526 4912 710 4982 σχεδὸν
744 4913 999 4982 λέγουσα,
1032 4916 1348 4972 παντάπασι
1378 4922 1581 4993 σιωπᾷ.
1615 4922 1711 4987 Τίς
1739 4924 1848 4996 γάρ

268 4999 427 5070 ήμῶν
450 5002 594 5056 οὕτω
625 5008 903 5078 προπετὴς
941 5007 1215 5080 λογισμῷ,
1248 5011 1334 5064 ἵνα
1363 5013 1622 5085 τοιαύτης
1653 5029 1848 5071 πεποιο

271 5092 482 5160 θήσεως
534 5096 814 5171 ἀπορρίψῃ
841 5097 1019 5168 λόγον,
1064 5101 1130 5153 δι’
1171 5095 1231 5155 οὗ
1257 5102 1421 5171 φάναι
1452 5104 1518 5157 ἂν
1557 5107 1849 5180 τολμήσειε

267 5182 414 5235 πάνυ
461 5184 700 5250 εὐκόλως
749 5188 827 5259 τῷ
874 5189 941 5243 τὰ
976 5192 1151 5244 πάντα
1194 5192 1479 5266 δυναμένῳ
1524 5196 1723 5270 Θεῷ,ἢ
1756 5201 1849 5255 καὶ

270 5272 489 5327 πάντων
540 5276 648 5330 τῶν
681 5279 985 5333 καλλίστων
1029 5282 1346 5356 δημιουργῷ
1366 5328 1380 5351 ,
1412 5287 1656 5354 ἐνδόξους
1687 5291 1848 5346 ἐπαί-

269 5379 391 5426 νους
435 5366 533 5418 καὶ
575 5368 834 5434 ἐπαξίους
892 5373 1125 5438 ἐντελῶς
1177 5377 1384 5442 εἰπεῖν;
1431 5379 1620 5433 Ὀπότε
1666 5383 1720 5435 εἴ
1763 5400 1847 5447 τις

272 5454 442 5524 μόνην
470 5457 569 5528 τὴν
604 5462 1082 5532 μεγαλοπρέπειαν
1116 5466 1209 5519 τοῦ
1244 5469 1404 5521 αὐτὸν
1447 5472 1705 5544 τετάχθαι
1758 5492 1848 5527 vo—

273 5545 674 5618 μοθετήσαντος
704 5552 1003 5619 λογίσαιτο,
1038 5555 1193 5620 εἰδὼς
1242 5558 1308 5611 ἂν
1359 5564 1653 5631 σκοπήσειε
1680 5565 1847 5636 μηδὲν

270 5634 528 5689 δύνασθαι
554 5640 868 5711 εὑρεθῆναι,
897 5645 1033 5715 ὅπερ
1059 5645 1209 5708 ἀξιον
1249 5647 1386 5700 Θεοῦ
1408 5647 1664 5720 λεχθῆναι
1683 5634 1848 5722 δυνή-

276 5741 445 5782 σεται.
472 5729 537 5782 Τί
568 5732 745 5786 τοίνυν
776 5734 873 5804 τῆς
908 5735 1047 5805 ἐμῆς
1089 5738 1442 5811 μετριότητος
1471 5742 1568 5813 τὴν
1592 5742 1845 5798 καθοσίω-

1953 4542 2290 4609 οοιιιίεεεοῆ.
2341 4550 2474 4618 Quis
2526 4550 2670 4605 enim
2710 4558 2954 4605 nostrum
2999 4559 3108 4605 tam
3159 4566 3396 4622 praeceps
3448 4564 3531 4609 est

1955 4643 2332 4711 cogitatione,
2393 4649 2451 4694 ut
2508 4639 2667 4711 hujus
2714 4641 2984 4710 opinionis
3036 4642 3528 4698 considerationem

1952 4747 2168 4788 omnem
2223 4740 2464 4802 respuat,
2514 4731 2742 4800 ideoque
2791 4730 3060 4787 afﬁrmare
3108 4732 3329 4799 audeat,
3374 4734 3530 4790 facile

1953 4825 2242 4880 admodum
2268 4838 2410 4887 esse,
2440 4824 2798 4887 omnipotenti
2834 4825 2942 4879 Deo
2974 4834 3029 4879 et
3071 4841 3252 4880 rerum
3286 4827 3526 4881 omnium

1953 4913 2442 4986 pulcherrimarum
2469 4911 2651 4982 opifici
2701 4910 2969 4982 gloriosas
2998 4922 3052 4967 et
3079 4912 3170 4968 illo
3193 4914 3383 4984 dignas
3416 4914 3529 4968 lau-

1952 5009 2047 5063 des
2081 5005 2300 5060 dicere?
2329 5002 2778 5072 Quandoquidem
2821 5003 2865 5058 si
2909 5004 3033 5073 quis
3072 5004 3240 5059 solam
3269 5004 3407 5074 ejus,
3434 5007 3524 5075 qui

1953 5113 2079 5154 eum
2109 5098 2258 5152 nasci
2297 5094 2601 5162 constituit,
2630 5095 2966 5163 maiestatem
2992 5097 3310 5166 perpendat,
3344 5099 3524 5152 sciens

1952 5189 2213 5259 intelliget
2286 5187 2416 5242 nihil
2467 5188 2691 5242 inveniri
2742 5202 2922 5258 posse,
2963 5187 3105 5257 quod
3153 5190 3257 5242 Deo
3308 5189 3522 5257 dignum

1949 5281 2127 5352 eloqui
2158 5293 2338 5351 queat.
2381 5280 2525 5346 Quid
2559 5295 2688 5350 ergo
2724 5280 2778 5334 in
2832 5295 2968 5334 mea:
3013 5280 3402 5336 mediocritatis
3436 5281 3523 5352 ju-

1950 5375 2276 5430 stificatiorc
2336 5373 2518 5427 dicere
2571 5371 2885 5439 oportebat,
2924 5386 3111 5441 ~quam
3171 5374 3312 5441 quod
3382 5373 3520 5428 divi-

1950 5485 2051 5525 nus
2135 5466 2380 5524 veritatis
2457 5480 2636 5520 sermo
2713 5466 3168 5520 demonstraret?
3240 5467 3365 5521 llaec
3439 5479 3519 5522 εει

1951 5560 2296 5631 magnitudo,
2340 5560 2452 5610 hazc
2513 5556 2742 5611 maxima
2802 5557 3096 5611 veneratio.
3140 5558 3521 5614 Consideretur

1951 5659 2173 5720 aperte,
2242 5665 2307 5703 an
2369 5647 2643 5714 incidere,
2694 5662 2760 5701 an
2810 5647 2954 5701 mllio
2997 5663 3183 5704 errore
3223 5650 3367 5706 illabi
3424 5667 3525 5721 pos

1951 5754 2053 5799 test
2100 5745 2149 5799 in
2206 5757 2266 5797 ea
2317 5758 2434 5812 quae
2501 5742 2566 5799 de
2613 5741 2729 5812 ipso
2770 5741 3039 5797 dicuntur.
3090 5745 3264 5812 Atque
3314 5745 3517 5800 utinam
