4042 6142
489 285 622 350 1235

1745 292 2052 376 GELASII
2092 292 2432 353 CYZICENI

3609 285 3629 350 1
3641 286 3750 351 23G

485 400 639 468 mihi,
674 398 764 469 qui
795 398 948 454 vobis
992 400 1044 454 in
1078 400 1170 455 Dei
1208 400 1516 456 ministerio
1546 416 1664 454 sum
1705 400 2050 468 conjunctus,

2166 420 2247 457 σιν
2280 402 2462 469 λέγειν
2484 403 2673 474 ἐχρῆν,
2708 403 2757 455 εἰ
2783 402 2857 473 μὴ
2887 401 3066 465 τοῦτο,
3095 400 3230 470 ὅπερ
3255 402 3284 454 ό
3306 399 3446 465 θεῖος
3473 400 3631 468 λόγος
3646 403 3748 471 τῆς

484 491 702 562 copiosa
749 491 964 546 dicendi
1013 491 1241 548 facultas
1310 502 1641 562 suppeteret,
1690 506 1749 548 ut
1803 494 2054 549 laudibus

485 585 816 640 celebrarem
869 584 956 637 illa
1005 585 1401 655 praedicatione
1443 586 1630 658 digna,
1673 602 1791 657 qua:
1837 587 2056 642 divinus

489 676 736 732 Salvator
783 685 988 745 noster,
1039 677 1279 732 omnium
1326 695 1509 734 rerum
1557 689 1759 744 custos,
1793 680 2057 750 principio

489 767 574 821 sui
622 766 905 833 adventus,
937 769 1154 836 quando
1192 769 1586 838 redemptionis
1617 779 1815 825 nostrae
1855 772 2056 840 gratia,

487 858 605 928 puri
655 859 899 926 corporis
941 859 1278 916 domicilium
1312 876 1378 916 ex
1404 860 1623 931 Virgine
1665 875 1944 916 assumere
1975 862 2058 915 di-

487 961 684 1020 gnatus
708 959 818 1016 est,
845 952 1097 1007 omnibus
1127 952 1442 1009 hominibus
1476 953 1781 1023 exemplum
1809 968 1920 1008 sum
1953 952 2057 1006 mi-

489 1041 801 1097 sericordia:
852 1043 1182 1107 ostendens,
1235 1045 1532 1114 tranquillo
1585 1060 1694 1100 suae
1760 1044 2060 1100 divinitatis

489 1143 624 1188 nutu
669 1134 1062 1190 demonstravit
1094 1137 1107 1191 ί
1140 1135 1292 1192 Unde
1338 1138 1501 1208 igitur
1529 1137 1830 1206 incipiam?
1873 1152 1941 1192 an
1996 1137 2062 1192 ab

491 1224 607 1292 ejus
635 1226 878 1281 doctrina
911 1237 967 1283 et
993 1227 1325 1295 majestate?
1359 1245 1424 1283 an
1454 1230 1632 1298 potius
1661 1246 1689 1283 a
1727 1229 2063 1284 documentis

492 1317 623 1382 illis,
664 1333 782 1387 quae
833 1319 949 1389 ipse
991 1333 1086 1388 per
1130 1321 1366 1391 seipsum
1415 1322 1559 1376 solus
1616 1322 1872 1393 magister
1916 1322 2062 1378 nullo

494 1409 720 1466 docente
755 1412 1094 1466 declaravit?
1136 1414 1298 1483 Atqui
1348 1416 1684 1482 respirarunt
1726 1414 1844 1485 ejus
1885 1415 2060 1484 provi-

495 1500 680 1555 dentia
727 1510 800 1557 tot
849 1503 1052 1574 populi,
1085 1513 1218 1575 quot
1261 1520 1487 1560 numero
1531 1507 1916 1576 comprehendi
1957 1523 2062 1562 non

495 1601 746 1659 possunt,
775 1608 940 1662 parvo
967 1595 1201 1664 quodam
1237 1595 1516 1660 alimento,
1551 1611 1614 1651 ac
1648 1597 1890 1652 minimis
1914 1598 2065 1652 ciba-

497 1681 611 1746 riis,
641 1691 693 1738 et
731 1683 860 1739 solis
897 1685 1106 1741 duobus
1147 1687 1408 1756 piscibus,
1451 1701 1547 1756 per
1573 1689 1811 1744 divinam
1845 1690 1962 1760 ejus
1991 1691 2065 1745 in-

496 1772 777 1828 dustriam.
838 1772 1029 1831 Lazari
1093 1777 1257 1832 etiam
1295 1788 1414 1848 post
1456 1787 1681 1835 mortem
1739 1781 1889 1837 brevi
1931 1796 2064 1852 qua-
2098 1763 2140 1817 Β

496 1867 619 1918 dam
644 1864 786 1920 linea
819 1869 1278 1924 resurrectionem
1304 1879 1564 1939 operatus
1589 1879 1695 1936 est,
1732 1881 1786 1925 et
1817 1873 1882 1925 ad
1907 1871 2066 1942 hujus

496 1953 632 2009 lucis
658 1957 999 2024 splendorem
1022 1959 1216 2013 iterum
1243 1961 1474 2015 reduxit.
1501 1960 1780 2027 Quomodo
1798 1961 1978 2018 dicam
2001 1963 2068 2019 de

494 2061 629 2116 pura
670 2048 833 2102 etiam
869 2050 1174 2118 divinitate,
1219 2067 1315 2121 per
1356 2068 1519 2119 quam
1568 2052 1849 2108 mulierem
1880 2069 2069 2124 quam-

496 2136 619 2191 dam
665 2135 923 2194 ineﬂ'abili
985 2145 1144 2196 modo
1189 2142 1459 2208 intuitus,
1509 2158 1739 2214 eamque
1783 2159 1884 2200 suo
1931 2147 2067 2201 dun-

497 2237 650 2284 taxat
709 2229 979 2302 colloquio
1041 2232 1335 2303 dignatus,
1398 2249 1587 2289 sanam
1654 2250 1846 2292 rursus
1905 2246 2068 2306 atque

494 2321 640 2377 omni
685 2327 874 2379 morbo
915 2324 1140 2380 liberam
1182 2326 1460 2381 ostendit?
1503 2326 1639 2394 Quis
1684 2337 1867 2383 autem
1909 2329 2068 2399 digne

493 2415 753 2485 praedicet
779 2415 892 2487 ejus
923 2417 1234 2473 immortale
1264 2418 1493 2487 factum,
1522 2434 1619 2489 per
1645 2422 1787 2490 quod
1829 2421 1920 2491 qui
1945 2435 2080 2476 con-

496 2508 647 2563 tinuo
687 2516 742 2564 et
780 2509 871 2564 diu
905 2510 1226 2567 absumente
1277 2513 1467 2567 morbo
1497 2512 1860 2578 detinebatur,
1907 2528 2069 2569 mem-

494 2599 608 2654 bris
651 2601 904 2657 omnibus
945 2602 1137 2657 solutis
1169 2612 1331 2674 atque
1357 2603 1582 2659 divulsis
1601 2603 1812 2673 jacens,
1851 2615 2069 2676 repente

497 2691 680 2746 divino
733 2693 1128 2750 medicamento
1171 2705 1419 2763 sanatus,
1472 2697 1756 2767 grabatum
1810 2713 1967 2753 suum
2013 2699 2066 2752 in

497 2795 604 2850 quo
639 2781 878 2851 jacebat,
929 2785 1173 2841 humeris
1214 2786 1492 2856 imposuit,
1539 2796 1593 2844 et
1625 2788 1814 2844 laudes
1859 2789 2066 2858 gratia:

495 2887 615 2926 rum
667 2875 900 2930 actionis
949 2875 1200 2944 fundens,
1253 2893 1348 2946 per
1381 2880 1611 2948 patriam
1658 2888 1713 2933 et
1757 2879 1891 2934 lines
1940 2894 2070 2936 suos

496 2963 779 3018 cucurrit?
822 2976 878 3020 et
910 2965 1149 3022 divinum
1200 2983 1266 3023 ac
1299 2968 1547 3024 stabilem
1590 2969 1707 3039 ejus
1741 2969 2066 3041 ingressum,

498 3067 605 3122 quo
634 3053 912 3121 incedens,
949 3065 1005 3111 et
1032 3058 1260 3113 saaviens
1309 3073 1458 3114 mare
1500 3058 1722 3115 calcans
1751 3061 2065 3126 connexuit,

498 3155 552 3200 et
590 3144 786 3202 divinis
836 3147 1077 3218 vestigiis
1121 3149 1534 3218 profundissimi
1577 3153 1744 3208 maris
1787 3153 2068 3210 humorem

498 3237 790 3306 compegit,
834 3245 892 3293 et
937 3253 1034 3309 per
1080 3239 1318 3293 medium
1352 3239 1574 3308 pelagus
1609 3240 1753 3296 nulla
1789 3241 2071 3312 profundi-

499 3327 629 3383 tatis
675 3343 930 3383 mensura
979 3327 1302 3397 deﬁnitum,
1354 3333 1508 3401 quasi
1567 3347 1662 3401 per
1714 3343 1915 3388 terram
1968 3333 2073 3388 iter

501 3419 649 3484 fecit,
687 3428 741 3475 et
767 3420 1065 3490 simplicem
1098 3421 1438 3491 patientiam,
1484 3439 1581 3494 per
1607 3437 1769 3494 quam
1808 3424 1863 3478 in
1893 3424 2071 3479 omni-

505 3513 606 3567 bus
642 3511 837 3577 victor,
886 3512 1261 3582 insipientium
1311 3515 1634 3585 populorum
1675 3516 2072 3571 contumaciam

499 3603 760 3668 edomuit,
817 3613 873 3658 et
904 3605 1162 3660 domitam
1208 3620 1395 3662 eorum
1447 3607 1726 3675 ferociam,
1767 3608 1957 3677 procul
2004 3608 2073 3663 ab

499 3693 568 3748 iis
610 3695 1006 3765 peregrinatus,
1067 3696 1168 3766 legi
1217 3699 1487 3770 subjecit;
1545 3709 1600 3754 et
1647 3699 1736 3754 illa
1789 3700 1967 3755 dit-ina
2016 3709 2072 3756 et

499 3786 734 3838 maxima
781 3785 898 3855 ejus
953 3786 1260 3843 divinitatis
1304 3804 1504 3860 opera,
1557 3790 1755 3859 quibus
1798 3791 2067 3857 vivimus,

497 3876 693 3942 quibus
734 3879 1122 3948 approbantur,
1162 3882 1471 3951 quicunque
1510 3896 1618 3937 non
1666 3881 1838 3938 solum
1879 3882 2071 3938 futurae

499 3963 853 4022 beatitudinis
902 3981 1053 4036 spem
1099 3979 1498 4038 exspectamus,
1544 3971 1639 4028 sed
1670 3971 2071 4043 quodammodo

490 4054 602 4122 jam
645 4056 928 4110 tenemus?
967 4057 1079 4128 Ego
1126 4058 1345 4127 quidem
1390 4059 1588 4128 exiguo
1641 4061 1904 4118 orationis
1939 4078 2071 4119 meae

498 4157 757 4217 apparatu
789 4147 906 4218 plus
945 4164 1049 4203 non
1084 4150 1255 4205 audeo
1287 4151 1489 4216 dicere,
1519 4168 1680 4223 quam
1721 4154 1824 4209 boc
1870 4155 2067 4222 solum,

499 4239 733 4292 animam
767 4255 938 4294 meam
964 4242 1317 4312 justiticalam
1347 4245 1401 4299 in
1432 4245 1754 4301 sinceritate
1801 4261 1897 4302 seu
1928 4248 2070 4317 puri-

497 4337 608 4384 tate
635 4332 842 4386 versari
882 4342 1156 4402 oportere.
1183 4333 1369 4400 Qualis
1393 4335 1558 4406 igitur
1581 4345 1666 4391 est
1712 4338 2067 4407 omnipotens

2159 495 2415 566 ἀληθείας
2463 494 2778 560 δείκνυσιν;
2823 487 2899 547 οὗ
2945 492 3006 547 τὸ
3061 491 3291 564 μέγεθος
3337 493 3459 563 ἥτις
3510 493 3746 564 μεγίστη

2160 586 2531 658 προσκύνησις
2561 586 2891 657 σκοπησάτω
2921 585 3128 655 σαφῶς,
3151 585 3202 637 εί
3223 586 3560 655 καταντῆσαι
3587 585 3752 655 δυνήο

2159 694 2312 731 σεται
2339 678 2396 730 ἐν
2427 677 2612 740 αὐτοῖς
2644 677 2757 739 τοῖς
2797 675 2926 744 περὶ
2955 673 3120 727 αὐτοῦ
3157 671 3472 742 λεγομένοις
3491 713 3505 736 ,
3529 672 3625 724 καὶ
3650 673 3746 724 οὺ-

2159 768 2320 839 δεμία
2347 767 2524 838 πλάνη
2555 766 2717 822 αὑτὸν
2742 766 3035 834 ὀλισθήσει.
3077 766 3191 818 Καὶ
3224 764 3335 818 εἴθε
3384 780 3475 834 μοι
3496 763 3575 833 τῷ
3613 763 3750 832 ὑμε-

2158 859 2304 930 τέρῳ
2352 858 2684 928 συνδιακόνῳ
2717 856 2943 927 δαψιλὴς
2993 855 3227 928 εὐπορία
3273 855 3370 909 τοῦ
3420 855 3603 922 λέγειν
3647 856 3746 924 ἀρ-

2161 950 2396 1015 κέσειεν,
2428 949 2516 1004 ἵνα
2563 951 2748 1003 ἐκεῖνα
2774 948 2902 1013 ἄξια
2945 947 3075 1001 ὄντα
3113 946 3207 1000 τοῦ
3251 944 3624 1018 κηρύττεσθαι
3659 946 3752 1012 ἐγν

2161 1043 2450 1112 κωμιάσω,
2489 1043 2634 1112 άπερ
2667 1043 2696 1095 ὁ
2726 1041 2868 1104 θεῖος
2898 1041 3088 1109 Σωτὴρ
3109 1041 3139 1093 ό
3160 1038 3451 1110 ἡμέτερος,
3484 1036 3750 1108 πραγμάο

2160 1151 2270 1188 των
2317 1150 2374 1186 τε
2416 1133 2636 1186 πάντων
2687 1129 2883 1202 φύλαξ,
2928 1133 3041 1194 τοῖς
3085 1128 3394 1201 προοιμίοις
3438 1127 3537 1198 τῆς
3581 1124 3751 1182 αὐτοῦ

2163 1225 2490 1297 παρουσίας,
2529 1226 2692 1279 όπότε
2737 1228 2836 1296 τῆς
2867 1224 3141 1296 ἡμετέρας
3181 1220 3518 1284 λυσιτελείας
3561 1219 3749 1283 ἕνεκα,

2163 1315 2329 1384 άγνοῦ
2362 1315 2614 1386 σώματος
2651 1315 2968 1386 οἰκητήριον
2999 1312 3339 1383 κατηξίωσεν
3372 1311 3437 1364 ἐκ
3464 1309 3750 1380 Παρθένου

2163 1406 2365 1472 λαϐεῖν,
2411 1408 2577 1460 πᾶσιν
2619 1405 2928 1476 ἀνθρώποις
2973 1405 3209 1474 δίδαγμα
3259 1403 3354 1456 τοῦ
3400 1403 3533 1473 παρ’
3577 1399 3748 1456 αὐτοῦ

2165 1497 2342 1551 οἴκτου
2372 1496 2568 1566 δηλῶν,
2611 1493 2831 1564 γαληνῷ
2874 1493 3106 1564 νεύματι
3153 1493 3253 1562 τῆς
3295 1490 3459 1544 αὑτοῦ
3492 1491 3748 1560 θεότητος

2166 1589 2352 1654 ἔδειξε.
2399 1589 2556 1651 Τίνος
2593 1587 2831 1658 ἄρξομαι
2866 1582 3014 1658 ipa;
3060 1586 3169 1638 ἀπὸ
3196 1583 3297 1652 τῆς
3329 1581 3497 1637 αὐτοῦ
3528 1580 3748 1650 διδαχῆς

2167 1683 2259 1736 καὶ
2288 1682 2648 1752 σεμνότητος;
2673 1679 2787 1734 ἀλλ’
2819 1678 2928 1733 ἀπὸ
2945 1677 3104 1731 θείων
3133 1672 3513 1736 διδασκαλιῶν,
3547 1666 3622 1726 ὧν
3651 1672 3748 1724 αύ-

2167 1775 2255 1837 τὸς
2284 1774 2352 1827 δι’
2377 1772 2596 1836 ἑαυτοῦ,
2633 1770 2860 1844 μηδενὸς
2897 1770 3259 1833 διδάσκοντος,
3291 1767 3448 1838 μόνος
3492 1766 3746 1821 διδάσκα-

2167 1867 2258 1930 λος
2290 1867 2558 1938 πέφηνεν;
2591 1864 2707 1919 ἀλλ’
2732 1865 2887 1926 ὅπως
2933 1863 3293 1926 ἀνέπνευσαν,
3323 1861 3411 1914 διὰ
3455 1860 3554 1930 τῆς
3584 1857 3746 1913 αὖτοῦ

2171 1957 2446 2029 προνοίας,
2473 1955 2721 2010 τοσοῦτοι
2762 1955 2947 2026 δῆμοι,
2983 1955 3139 2017 ὅσους
3183 1953 3305 2006 ούδέ
3338 1950 3560 2023 ἀριθμῷ
3592 1967 3746 2020 περι-

2167 2047 2348 2102 λαϐεῖν
2381 2043 2595 2114 οἷόντε,
2629 2049 2801 2119 μικρᾷ
2829 2065 2936 2100 τινι
2971 2050 3166 2118 τροφῆ,
3203 2045 3298 2100 καὶ
3333 2043 3640 2113 ἐλαχίστοις
3675 2058 3748 2094 σι-

2167 2139 2301 2201 τίοις
2319 2155 2335 2172 ο
2361 2138 2454 2192 καὶ
2481 2138 2665 2209 μόνοις
2693 2138 2786 2192 δύο
2813 2137 3010 2209 ἰχθύσι,
3047 2141 3112 2209 τῇ
3140 2135 3331 2191 τούτου
3358 2136 3480 2206 θείᾳ
3501 2134 3744 2205 προνοίᾳ;

2168 2229 2259 2282 καὶ
2287 2227 2541 2300 Λαζάρου
2585 2228 2724 2300 μετὰ
2756 2231 2854 2300 τὴν
2887 2229 3149 2299 τελευτὴν
3179 2227 3410 2298 βραχείᾳ.
3438 2227 3548 2280 τινὶ
3574 2225 3746 2296 ῥάϐδῳ

2168 2318 2464 2373 ἀνάστασιν
2492 2321 2787 2389 πεποίηκε,
2824 2320 2919 2372 καὶ
2951 2320 3031 2382 είς
3058 2317 3155 2389 τὴν
3183 2315 3276 2370 τοῦ
3300 2316 3477 2386 φωτὸς
3505 2314 3750 2385 λαμπρό-

2168 2427 2307 2481 τητα
2330 2407 2489 2474 αὖθις
2528 2411 2794 2481 ἀνήγαγε.
2842 2408 2967 2473 Πῶς
2994 2408 3039 2462 δ’
3072 2408 3137 2462 ἂν
3186 2408 3397 2477 εἴποιμι
3438 2405 3537 2476 τὴν
3582 2403 3749 2474 ἁγνὴν

2169 2502 2334 2557 αὐτοῦ
2375 2502 2628 2574 θεότητα,
2668 2501 2718 2555 δί
2749 2497 2818 2574 ἧς
2862 2499 3101 2570 γυναῖκά
3137 2516 3260 2554 τινα
3293 2498 3748 2572 ἀπορῤητοτέρως

2169 2592 2530 2664 θεασάμενος,
2562 2593 2778 2663 καὶτῆς
2809 2591 3006 2646 ἑαυτοῦ
3036 2591 3255 2663 ὁμιλίας
3286 2589 3453 2660 μόνης
3479 2583 3748 2652 καταξιώ-

2171 2703 2290 2750 σας,
2321 2685 2450 2754 ὑγιᾶ
2479 2702 2537 2739 τε
2559 2681 2736 2751 αὖθις,
2770 2685 2866 2738 καὶ
2896 2684 3095 2747 παντὸς
3129 2683 3438 2754 νοσήματος
3458 2680 3749 2750 ἐλευθέραν

2169 2776 2371 2844 ἕδειξε;
2399 2778 2484 2841 τίς
2510 2778 2557 2830 δ’
2590 2778 2658 2832 ἂν
2689 2777 2809 2832 κατ’
2844 2777 3005 2844 ἀξίαν
3026 2777 3172 2830 εῐποι
3199 2774 3366 2829 αὐτοῦ
3397 2774 3457 2828 τὸ
3483 2774 3748 2828 ἀθάνατον

2169 2868 2351 2940 ἔργον,
2386 2868 2453 2922 δι’
2496 2863 2555 2923 οὗ
2590 2887 2675 2933 τις
2721 2871 2936 2939 συνεχεῖ
2965 2870 3058 2922 καὶ
3095 2868 3284 2939 μακρᾷ
3309 2866 3471 2921 νόσου
3505 2864 3748 2936 τηκεδόνι

2170 2959 2491 3026 ἀναλωθεὶς,
2519 2961 2615 3016 καὶ
2641 2960 2752 3015 τῶν
2785 2960 2965 3031 μελῶν
2995 2958 3161 3013 αὐτοῦ
3185 2957 3459 3029 χυθέντων
3494 2958 3590 3011 καὶ
3637 2957 3746 3009 δια-

2175 3051 2522 3106 σπασθέντων
2569 3053 2707 3107 ὅλων
2750 3052 3022 3123 κείμενος,
3072 3052 3226 3120 ἄφνω
3256 3049 3386 3120 θείῳ
3425 3049 3610 3118 ἰάματι
3641 3049 3740 3118 ῥω-

2176 3144 2344 3209 σθεὶς,
2367 3144 2499 3198 αὐτὸ
2531 3145 2590 3199 τὸ
2625 3145 2962 3216 σκιμπόδιον,
3000 3144 3083 3213 ἐφ’
3120 3136 3163 3212 ᾧ
3204 3142 3405 3207 ἔκειτο,
3437 3143 3551 3203 τοῖς
3577 3139 3749 3209 ὤμοις

2172 3235 2432 3307 ἐπέθηκε,
2464 3237 2558 3290 καὶ
2590 3235 2941 3307 εὐχαριστίας
2970 3233 3224 3296 ἐπαίνους
3265 3230 3494 3301 διαχέων
3514 3270 3528 3294 ,
3559 3228 3648 3280 διά
3681 3242 3746 3278 τε

2171 3327 2269 3398 τῆς
2299 3327 2579 3399 πατρίδος,
2620 3327 2715 3381 καὶ⁸
2755 3327 2856 3397 τῆς
2897 3326 3108 3398 ἐνορίας
3147 3324 3466 3395 διέδραμεν;
3507 3318 3642 3372 ἀλλά
3677 3315 3741 3370 τὸ

2173 3419 2314 3472 θεῖον
2343 3418 2530 3484 αὐτοῦ,
2566 3419 2660 3471 καὶ
2702 3416 2974 3488 σταθηρὺν
3018 3417 3286 3487 βάδισμα,
3325 3413 3395 3475 ὡς
3438 3408 3743 3464 ἐπιϐαίνων

2170 3509 2269 3580 τὴν
2308 3508 2506 3580 ἀγρίαν
2550 3509 2825 3563 θάλασσαν
2863 3508 3264 3577 καταπατήσας
3303 3501 3557 3566 ἐπέζευσε
3583 3540 3601 3566 ,
3646 3501 3748 3553 καὶ

2169 3603 2283 3665 τοῖς
2309 3600 2476 3664 θείοις
2503 3599 2674 3670 ἴχνεσι
2705 3601 2803 3670 τῆς
2835 3600 3142 3672 βαθυτάτης
3164 3598 3429 3667 θαλάττης
3459 3595 3560 3666 τὴν
3589 3594 3747 3664 ὑγρό-

2171 3710 2308 3764 τητα
2334 3693 2524 3765 ἔπηξε,
2558 3694 2652 3748 καὶ
2698 3693 2788 3747 διὰ
2830 3693 2999 3763 μέσου
3049 3692 3322 3762 πελάγους
3357 3688 3534 3743 οὐδενὶ
3566 3687 3749 3758 μέτρῳ

2173 3785 2473 3856 βαθύτητος
2516 3783 2991 3856 περιοριζομένου,
3049 3783 3138 3839 διὰ
3191 3783 3317 3854 γῆς,
3374 3782 3474 3854 τὴν
3522 3778 3749 3850 πορείαν

2172 3877 2507 3948 ἐποιήσατο;
2547 3876 2684 3929 ἀλλά
2726 3875 2824 3948 τὴν
2867 3875 3035 3945 ὴπίαν
3073 3873 3237 3928 αὑτοῦ
3267 3871 3642 3938 ἀνεξικακίαν,
3680 3868 3746 3923 δι’

2167 3963 2236 4042 ἦς
2270 3967 2496 4039 νικητὴς
2527 3965 2622 4034 ῶν,
2651 3969 2708 4022 ἐν
2741 3968 2878 4021 πᾶσι
2899 3967 3005 4022 τῶν
3035 3968 3278 4038 ἀνοήτων
3307 3965 3499 4036 δήμων
3527 3963 3627 4032 τὴν
3650 3960 3742 4013 αύ-

2170 4060 2386 4115 θάδειαν
2413 4060 2677 4131 ἐδάμασε,
2715 4060 2810 4114 καὶ
2858 4059 3233 4131 δαμασθεῖσαν
3278 4057 3472 4130 πόρρω
3512 4053 3606 4108 ἀπ’
3649 4049 3742 4106 αύ-

2168 4153 2274 4206 τῶν
2311 4153 2650 4224 διαχωρίζων
2677 4154 2776 4223 τὴν
2801 4153 3124 4224 ἀγριότητα,
3167 4150 3243 4222 τῷ
3266 4150 3417 4220 νόμῳ
3443 4146 3740 4210 ὑπέταξενς

2167 4243 2280 4297 ἀλλ’
2312 4244 2494 4296 ἐκεῖνα
2521 4245 2588 4298 τὰ
2638 4243 3011 4314 ὑπέρλαμπρα
3053 4242 3151 4296 καὶ
3186 4241 3422 4313 μέγιστα
3449 4240 3548 4309 τῆς
3580 4234 3738 4290 αὑτοῦ

2168 4333 2440 4406 θεότητος,
2493 4331 2576 4400 οἷς
2621 4335 2824 4406 ζῶμεν,
2879 4330 2958 4398 οἷς
2999 4332 3360 4404 εὐδοκοῦμεν,
3399 4331 3597 4391 οἵτινες
3644 4327 3740 4396 τῆς

496 4423 638 4480 Deus
665 4425 755 4494 qui
793 4425 992 4480 caelum
1029 4427 1263 4493 habitat,
1291 4428 1434 4483 circa
1469 4437 1640 4483 totum
1673 4443 1842 4499 genus
1868 4429 2064 4485 burna-

2173 4425 2472 4497 μελλούσης
2509 4426 2857 4496 εὐδαιμονίας
2893 4426 2992 4498 τὴν
3034 4425 3222 4478 ἐλπίδα
3266 4425 3325 4478 οὺ
3372 4423 3537 4494 μόνον
3573 4435 3740 4490 προσ-

495 4529 645 4579 num,
681 4516 914 4572 maxime
956 4529 1137 4572 autem
1180 4532 1246 4572 ac
1291 4519 1560 4589 praecipue
1595 4521 1737 4575 circa
1771 4523 2067 4590 pulcherri-

494 4619 659 4670 mam,
708 4614 762 4660 et
795 4608 940 4662 omni
990 4607 1146 4663 laude
1194 4612 1450 4679 majorem
1475 4608 1767 4677 justitiam,
1819 4613 2064 4682 quando-

489 4695 710 4764 quidem
739 4698 1016 4767 proprium
1045 4698 1283 4753 divinum
1318 4698 1577 4768 Spiritum
1613 4702 1806 4757 merito
1834 4704 2064 4760 sanctis-

492 4785 687 4842 simum
741 4785 912 4858 ipsius
955 4802 1155 4858 corpus
1205 4789 1532 4857 inhabitare,
1587 4800 1641 4845 et
1687 4792 1767 4848 sic
1809 4794 2062 4849 omnibus

495 4879 748 4934 humanis
785 4881 1108 4950 corporibus
1137 4882 1432 4938 salutarem
1464 4898 1587 4939 esse
1613 4884 1835 4956 dignum
1865 4886 2065 4942 duxit?

493 4971 550 5027 Si
577 4971 792 5042 quidem
825 4972 1091 5028 immensa
1125 4973 1356 5030 hostium
1382 4976 1615 5044 insania,
1645 4981 1800 5046 quasi
1828 4977 2062 5050 caligine

489 5064 721 5132 quadam
755 5062 1078 5132 perniciosa
1122 5064 1327 5120 umbra:
1371 5065 1621 5132 confusa,
1663 5069 2062 5125 sanctissimam

490 5163 545 5210 et
579 5155 876 5210 salutarem
912 5155 1302 5225 omnipotentis
1329 5157 1424 5212 Dei
1453 5159 1858 5229 dispositionem
1894 5163 2063 5218 inter-

490 5247 695 5316 pretari
744 5261 852 5301 non
901 5245 1114 5303 dubitat
1162 5248 1446 5304 :breviter
1494 5250 1547 5305 id
1603 5267 1734 5323 ego,
1798 5263 2064 5324 quatenus

492 5339 626 5394 ﬁdes
667 5346 722 5393 et
771 5339 938 5394 animi
981 5337 1302 5408 justiﬂcatio
1341 5342 1649 5399 facultatem
1696 5345 1907 5401 dicendi
1977 5347 2063 5402 de-

492 5430 653 5496 derit,
685 5445 944 5487 euarrare
972 5433 1212 5488 tentabo.
1243 5431 1309 5489 Et
1338 5435 1558 5504 quidem
1591 5435 1781 5492 harum
1813 5438 2054 5508 gentium

492 5537 671 5592 pravae
694 5523 979 5593 opiniones
1006 5525 1056 5580 id
1091 5525 1438 5596 impudentia:
1468 5542 1637 5598 genus
1685 5528 1972 5596 inducunt,
2001 5541 2059 5585 ut

489 5629 585 5667 ore
652 5614 816 5684 impio
869 5616 1050 5672 dicere
1119 5631 1224 5672 non
1282 5629 1666 5689 expavescant,
1724 5619 1891 5675 Deum
1949 5635 2059 5676 om-

492 5703 820 5772 nipotentem
928 5709 1109 5764 omnia
1161 5724 1280 5780 quae
1333 5710 1512 5768 divina
1584 5712 1699 5784 lege
1755 5721 2054 5782 notantur,

2166 4516 2432 4588 δοκῶμεν,
2480 4517 2593 4572 ἀλλ’
2632 4516 2820 4590 ὥσπερ
2857 4519 2966 4572 τινὶ
3013 4516 3201 4589 τρόπῳ
3249 4515 3351 4587 ἤδη
3402 4513 3738 4582 κατέχομεν;

2166 4608 2231 4662 Τί
2261 4609 2422 4663 πλέον
2453 4608 2637 4680 τολμῶ
2665 4609 2844 4678 λέγειν
2885 4609 2980 4663 xui.
3037 4609 3154 4680 μετ’
3198 4597 3368 4678 αὑτῆς
3401 4605 3506 4675 τῆς
3542 4603 3741 4676 μικρᾶς

2164 4700 2258 4754 τοῦ
2302 4701 2460 4770 λόγου
2516 4703 2890 4772 παρασκευῆς,
2941 4703 2989 4755 εί
3037 4701 3112 4772 μὴ
3170 4701 3331 4772 μόνον
3379 4699 3560 4764 τοῦτο,
3605 4697 3740 4765 ὅπερ

2164 4792 2264 4862 τῆς
2290 4794 2432 4864 ἐμῆς
2475 4792 2906 4866 καθωσιωμένης
2961 4793 3143 4864 ψυχῆς
3192 4794 3435 4846 συνεῖναι
3477 4791 3587 4863 χρὴ
3642 4789 3738 4859 τὴν

2164 4882 2547 4955 καθαρότητα;
2591 4885 2808 4950 Ὃποῖος
2851 4885 3033 4940 τοίνυν
3089 4885 3237 4940 ἐστὶν
3281 4887 3311 4939 ὁ
3361 4883 3740 4952 πολυδύναμος

2163 4976 2317 5043 Θεὸς,
2352 4975 2380 5029 ό
2406 4977 2497 5031 τὸν
2521 4977 2749 5048 οὐρανὸν
2781 4979 2967 5046 οίκῶν,
2999 4979 3099 5033 καί⁸
3132 4979 3261 5050 περὶ
3289 4979 3396 5032 πᾶν
3429 4977 3490 5031 τὸ
3523 4975 3737 5046 ἀνθρώ-

2163 5086 2318 5125 πινον
2341 5069 2519 5138 γένος,
2551 5070 2789 5142 μάλιστα
2816 5072 2874 5124 δέ
2903 5072 2995 5126 καὶ
3021 5071 3317 5140 ἐξαιρέτως
3341 5069 3472 5142 περὶ
3485 5068 3585 5139 τὴν
3611 5067 3738 5122 καλ-

2162 5160 2351 5232 λίστην
2394 5163 2489 5217 καὶ
2547 5164 2747 5229 παντὸς
2796 5164 3022 5218 ἐπαίνου
3079 5164 3302 5235 μείζονα
3348 5161 3731 5232 δικαιοσύνην;

2160 5252 2322 5306 ὁπότε
2345 5253 2438 5307 καὶ
2467 5253 2560 5307 τοῦ
2604 5254 2735 5309 ίδίου
2778 5255 2924 5309 θείου
2964 5254 3285 5326 Πνεύματος
3329 5253 3388 5308 τὸ
3429 5250 3734 5321 ἁγιώτατον

2160 5341 2284 5397 κατ’
2312 5341 2469 5410 ἀξίαν
2495 5343 2654 5414 σῶμα
2686 5344 3021 5408 ἐνοικοῦντος
3055 5343 3228 5414 αὐτῷ,
3263 5343 3357 5397 καὶ
3381 5341 3526 5395 οὕτω
3561 5357 3733 5409 σωτη-

2161 5432 2355 5505 ριῶδες
2383 5435 2495 5497 τοῖς
2525 5434 2889 5506 ἀνθρωπίνοις
2913 5436 3162 5506 σώμασιν
3203 5428 3344 5488 εἶναι
3371 5432 3730 5503 κατηξίωσεν.

2172 5525 2388 5597 Ἐπειδὴ
2409 5519 2502 5578 οὖν
2524 5525 2653 5597 περὶ
2675 5527 2773 5596 τῆς
2803 5526 2974 5590 οὕτως
3006 5526 3316 5596 ἁγιωτάτης
3341 5524 3436 5578 καὶ
3465 5521 3732 5593 σωτηρίου

2156 5620 2258 5691 τῆς
2285 5620 2464 5676 πάντα
2483 5619 2788 5693 δυναμένης
2812 5621 2950 5675 Θεοῦ
2981 5621 3211 5686 τάξεως,
3234 5620 3474 5691 ἄμετρος
3501 5617 3613 5671 τῶν
3640 5618 3732 5685 ἐχ-

2158 5712 2304 5782 θρῶν
2353 5712 2540 5784 μανία,
2590 5712 2777 5786 ὥσπερ
2829 5713 2989 5786 ἀχλύῖ
3046 5714 3153 5768 τινὶ
3197 5709 3587 5782 συγκεχυμένη
3639 5710 3730 5762 ἐπ·
