4042 6142
317 250 452 316 1237

1194 257 1564 318 HISTORIA
1600 257 1933 320 CONCILII
1972 260 2278 322 ΝΙΟίΕΝΙ.
2316 287 2387 298 ’--
2425 263 2573 324 LIB.
2617 265 2698 325 Il.

3447 275 3583 338 1238

311 374 556 444 ολεθρίου
590 374 935 446 σκαιότητος,
973 377 1272 448 ἑρμηνείαν
1310 377 1583 433 ποιεῖσθαι
1610 379 1709 432 οὐκ
1731 378 1886 450 ἀμφι

2000 393 2177 450 neque
2224 394 2465 447 creasse,
2513 396 2688 453 neque
2735 396 2925 440 creare
2982 385 3239 443 voluisse.
3292 388 3337 444 0
3390 403 3579 446 vocem

311 466 530 521 ϐάλλει’
566 465 654 520 διὰ
686 466 933 537 βραχέων
965 470 1046 532 εἰς
1095 469 1220 523 ὅσον
1254 470 1287 539 ἡ
1335 469 1516 533 πίστις
1552 470 1648 523 καὶ
1681 472 1713 541 ἡ
1751 471 1888 524 καθ·

310 559 536 621 οσίωσις
564 557 667 627 τῆς
697 558 874 630 ψυχῆς
921 562 1020 630 τῆς
1065 562 1205 632 ἐμῆς
1237 559 1333 614 τοῦ
1356 559 1570 630 λέγειν,
1628 560 1892 632 εὐπορίαν

310 646 700 714 δαψιλεύεται,
730 649 1099 721 διηγήσασθαι
1142 650 1495 723 πειράσομαι.
1538 650 1647 705 Καὶ
1679 650 1789 722 γὰρ
1835 652 1894 703 αἰ

310 738 517 792 τούτων
550 738 658 794 τῶν
691 739 858 793 ἐθνῶν
887 741 1165 795 κακόνοιαι
1211 740 1452 795 τοιοῦτον
1482 741 1640 811 γένος
1678 741 1893 810 εἰσάγει

313 826 677 900 [εἰσάγουσιν]
716 829 1125 900 ἀναισχυντίας,
1168 828 1311 884 ὥστε
1339 829 1529 885 ἀσεϐεῖ
1556 830 1785 901 στόματι
1816 831 1892 902 μὴ

311 922 617 992 φοϐηθῆναι
667 925 867 985 εἰπεῖν,
923 924 1015 979 τὸν
1051 923 1207 988 Θεὸν,
1253 924 1346 980 τὸν
1394 925 1890 995 παντοδυνάμενον,

309 1016 489 1070 πάντα
510 1016 578 1069 τὰ
597 1015 676 1086 τῷ
701 1015 756 1069 θε
769 1015 832 1086 ίῳ
848 1016 999 1087 νόμῳ
1023 1015 1330 1086 δηλούμενα
1348 1018 1485 1089 μήτε
1512 1017 1888 1087 πεποιηκέναι,

314 1111 449 1178 μήτε
485 1109 710 1178 ποιῆσαι
741 1108 1121 1177 βεϐουλῆσθαι.
1151 1111 1215 1162 Ὢ
1237 1112 1338 1180 τῆς
1375 1110 1632 1182 τοιαύτης
1659 1108 1891 1173 ἀσεϐοῦς

311 1201 516 1270 φωνῆς,
549 1201 649 1271 τῆς
684 1201 806 1256 κατ’
838 1200 997 1266 ἀξίαν
1026 1202 1246 1257 ἃπασαν
1278 1201 1588 1274 ὑπερϐολὴν
1618 1201 1893 1272 τιμωρίας

311 1290 432 1342 καθ’
463 1292 666 1362 ἑαυτῆς
710 1293 1082 1362 ἐπαιτούσηςί
1120 1291 1309 1358 Οὕτως
1357 1292 1622 1364 ἐμμανῶς
1649 1293 1747 1347 καί.
1776 1293 1896 1347 τολ-

312 1380 505 1451 μηρῶς
556 1385 656 1453 τῆς
691 1382 841 1447 θείας
876 1385 1086 1456 ταύτης
1119 1384 1439 1456 εὐεργεσίας
1476 1385 1577 1457 τὴν
1609 1384 1767 1450 δόξαν
1796 1385 1891 1456 τὴν

313 1472 505 1541 μηδενί
564 1473 676 1528 τῶν
731 1473 1038 1547 ἀνθρώπων
1091 1475 1501 1548 περιληφθῆναι
1559 1475 1888 1547 δυναμένην,

310 1565 489 1635 ἀφανῆ
519 1566 860 1636 καταστῆσαι
890 1568 1170 1639 ἐπιθυμεῖ.
1201 1568 1265 1622 Τί
1295 1568 1405 1640 γὰρ
1434 1567 1634 1640 μᾶλλον
1664 1569 1697 1639 ἢ
1731 1569 1891 1638 ἀγνό-

308 1673 408 1725 της
458 1655 604 1723 ἄξιον
649 1658 742 1712 τοῦ
772 1658 945 1728 Θεοῦ;
1014 1662 1137 1731 ἥτις
1167 1662 1232 1714 ἐκ
1275 1659 1377 1731 τῆς
1418 1661 1730 1732 ἁγιωτάτης
1767 1663 1891 1733 ὁμι-

1951 472 2253 541 -impiam,
2320 480 2377 527 et
2440 481 2571 543 qua!
2626 473 2786 540 digne
2843 487 3060 531 omnem
3127 477 3373 548 supplicii
3443 494 3580 535 exu-

1997 564 2301 621 berantiam
2339 566 2392 620 in
2423 581 2483 621 se
2516 567 2751 636 postulat
2773 567 2786 621 l
2812 568 2963 625 Itane
2991 568 3180 624 insane
3227 585 3291 626 ae
3318 573 3581 628 audacter

1995 657 2161 712 divini
2195 655 2356 727 bujns
2389 659 2641 715 beneficii
2689 659 2914 732 gloriam
2937 699 2956 728 ,
3001 676 3164 732 quam
3188 663 3368 719 nullus
3415 664 3587 720 humer

1996 755 2172 814 potest
2195 748 2676 816 comprehendere,
2727 750 2946 806 inanem
2994 750 3229 807 reddere
3262 753 3581 810 desiderat?

1993 834 2133 902 Quid
2165 838 2312 892 enim
2342 840 2584 907 puritate
2630 840 2741 895 Deo
2780 840 3040 911 dignius?
3072 857 3193 911 qua:
3222 858 3289 898 ex
3337 846 3574 899 sanctis-

1992 928 2128 982 sima
2166 929 2287 998 ejus
2321 930 2740 986 conversatione
2767 944 2888 984 cum
2924 929 3319 1000 fontejustitim
3356 947 3576 1002 proma-

1993 1019 2165 1084 navit,
2209 1027 2264 1075 et
2305 1036 2403 1089 per
2436 1030 2608 1076 totum
2633 1020 2786 1077 orbis
2822 1021 3112 1077 circuitum
3161 1023 3464 1090 inundavit,
3522 1033 3579 1081 et

1992 1108 2460 1165 sanctissimarum
2510 1111 2775 1166 virtutum
2817 1110 3104 1166 facultates
3140 1112 3452 1168 hominibus
3478 1114 3577 1169 de-

1994 1200 2340 1265 monstravit,
2367 1214 2505 1270 quas
2527 1201 2883 1272 Assyriorum
2920 1201 3114 1258 aﬂ‘ectu
3143 1202 3246 1259 sibi
3288 1204 3438 1270 prius
3468 1205 3577 1259 ini-

1994 1288 2167 1344 micas
2213 1289 2602 1346 existimarunt
2648 1309 2661 1345 :
2719 1305 2952 1361 quorum
3011 1291 3212 1346 malum
3264 1294 3591 1364 exemplum.

1994 1378 2347 1443 antecedens,
2383 1379 2624 1448 reliquas
2660 1388 2851 1447 gentes
2904 1394 2963 1436 se
3006 1381 3117 1435 illis
3151 1382 3575 1438 accommodare

1992 1470 2281 1539 persuasit.
2314 1470 2375 1526 1n
2422 1470 2665 1541 quibus,
2715 1478 2775 1527 ut
2820 1487 2919 1527 nos
2971 1473 3189 1542 proprio
3237 1475 3579 1529 tbeoremate

1989 1562 2428 1632 comprobamus,
2480 1561 2787 1620 Salvatoris
2818 1564 2993 1619 nostri
3040 1562 3140 1618 Dei
3184 1565 3423 1619 divinam
3461 1566 3575 1620 ele-

1991 1653 2253 1708 mentiam
2279 1652 2561 1721 cooperari
2586 1654 2870 1720 videmus;
2894 1653 3334 1724 quandoquidem
3367 1663 3423 1709 et
3444 1668 3577 1723 quo-

308 1720 427 1811 λίας
478 1720 617 1819 μετά
667 1750 766 1821 τῆς
805 1720 990 1821 πηγῆς
1019 1720 1130 1822 τῆς.
1150 1720 1501 1824 δικαιοσύνης
1530 1720 1886 1824 προελῆλυθε,

1995 1740 2205 1801 ιίιίἰεέι
2239 1745 2490 1816 pluribus
2533 1745 2691 1802 annis
2726 1747 2946 1803 illorum
2988 1747 3257 1803 insaniam
3294 1746 3576 1802 ferventer

310 1840 402 1892 καὶ
431 1840 521 1893 διὰ
548 1840 730 1913 πάσης
759 1842 860 1911 τῆς
901 1843 1155 1914 περιόδου
1193 1845 1291 1914 τῆς
1320 1845 1649 1917 οἰκουμένης
1673 1846 1888 1917 ὲπλήμ-

312 1949 470 2003 μυρε,
499 1934 593 1987 καὶ
617 1933 718 1997 τάς
754 1934 1017 2006 δυνάμεις
1043 1935 1162 1994 πῶν
1194 1935 1510 2005 ἁγιωτάτων
1540 1936 1747 2008 ἀρετῶν
1777 1940 1891 2002 τοῖς

311 2024 621 2096 ἀνθρώποις
660 2024 955 2091 ἐπέδειξεν,
988 2025 1180 2097 ὥσπερ
1212 2027 1426 2090 ἑαυτοῖς
1451 2028 1666 2098 πρῶτον
1690 2027 1891 2099 ἐχθρὰς

309 2118 625 2187 νομίσαντες
652 2117 815 2172 πάθει
839 2116 947 2173 τῶν
986 2118 1290 2190 Ἀσσυρίων
1310 2134 1322 2149 ·
1360 2113 1443 2182 οἷς
1474 2118 1889 2189 προηγουμένου

308 2204 404 2256 τοῦ
458 2205 668 2273 φαύλου
735 2207 1219 2278 παραδείγματος,
1273 2210 1370 2262 καὶ
1424 2208 1493 2262 τὰ
1543 2207 1707 2261 λοιπά
1761 2208 1887 2280 ἔθνη

312 2297 601 2353 συνθέσθαι
644 2299 831 2363 αὐτοῖς
875 2300 1195 2372 ἀνεπείσθη.
1238 2300 1328 2356 Ἐν
1356 2296 1474 2365 οἷς,
1512 2299 1701 2369 ὥσπερ
1727 2301 1889 2372 ἡμεῖς

313 2387 417 2459 ἰδίᾳ
459 2389 663 2460 θεωρία
710 2389 1102 2461 δοκιμάζομεν,
1157 2390 1249 2445 τὸν
1300 2390 1394 2444 τοῦ
1446 2390 1699 2462 Σωτῆρος
1733 2391 1890 2463 ἡμῶν

308 2477 443 2530 Θεοῦ
483 2478 627 2531 θεῖον
661 2480 878 2551 ὁρῶμεν
914 2482 1197 2552 συνεργεῖν
1221 2478 1421 2546 οἶκτον,
1452 2481 1611 2535 ὁπότε
1640 2482 1737 2535 καὶ
1767 2483 1887 2536 καθ’

308 2570 526 2641 ἡμέραν
558 2570 652 2624 καὶ
697 2571 839 2625 κατὰ
864 2572 1092 2642 χρόνους
1132 2571 1360 2637 πολλοὺς
1390 2572 1447 2639 ἐξ
1476 2573 1660 2626 αὐτῶν
1702 2574 1888 2645 πυρώ-

305 2660 426 2723 δους
462 2661 571 2732 [τιν.
601 2660 840 2734 πορώδη]
880 2660 1076 2733 μανίαν
1102 2663 1515 2735 οἰστρουμένην,
1545 2665 1574 2718 ὁ
1602 2666 1765 2729 αὐτὸς
1803 2668 1888 2730 εἰς

305 2753 406 2822 τὴν
435 2752 527 2805 τοῦ
556 2753 935 2824 σωτηριώδους
965 2755 1195 2824 ἰάματος
1222 2755 1572 2821 ἀνεξικακίαν
1602 2756 1889 2811 ἐκέλευσεν

305 2845 552 2913 ἀνήκειν.
587 2846 699 2898 Καὶ
743 2845 866 2901 οὐδέ
913 2845 1088 2909 οὕτως
1120 2849 1232 2910 τοῖς
1277 2847 1484 2912 λοιποῖς
1505 2848 1602 2916 τῆς
1634 2848 1888 2919 τοιαύτης

304 2935 628 3005 εὐεργεσίας
662 2936 722 2989 τὸ
771 2937 1004 3007 μέγεθος
1056 2937 1281 2992 δύναται
1318 2939 1454 3010 πρὸς
1485 2940 1645 3011 χάριν
1688 2940 1884 3006 ἐλθεῖν,

305 3027 403 3097 τὴν
446 3028 596 3098 παρὰ
628 3028 931 3099 ἀνθρώπων
976 3029 1201 3097 ἄγνοιαν
1231 3031 1329 3103 τὴν
1376 3031 1526 3085 θείαν
1566 3032 1887 3087 δυναστείαν

305 3118 565 3174 δύνασθαι
592 3120 770 3175 πάντα
802 3121 960 3190 λόγον
987 3122 1222 3192 ὑψῶσαι,
1246 3125 1342 3178 καὶ
1379 3125 1457 3188 είς
1491 3123 1624 3194 ὕψος
1651 3125 1889 3198 ἀρθέντα

308 3211 736 3279 βεϐαιώσασθαι,
785 3212 942 3277 αὖθις
975 3213 1227 3268 καθελεῖν
1272 3215 1370 3270 καὶ
1415 3214 1702 3270 διαλῦσαιο
1752 3214 1888 3270 ἀλλά

309 3305 509 3372 μᾶλλον
557 3307 669 3369 τοῖς
707 3304 1071 3378 ἀνθρωπίνοις
1119 3305 1445 3378 πράγμασιν
1506 3309 1767 3373 ἐναντίως
1820 3311 1888 3364 ἂν

307 3397 517 3467 ἀπέϐη,
559 3399 606 3450 εἰ
639 3400 668 3452 ὁ
713 3397 844 3462 Θεὸς
893 3400 922 3452 ὁ
977 3398 1043 3452 τά
1075 3400 1254 3454 πάντα
1280 3400 1579 3472 δυνάμενος
1622 3401 1887 3474 σιωπηρῷ

305 3489 402 3557 τῆς
441 3489 605 3542 αὐτοῦ
656 3489 910 3560 θεότητος
956 3489 1189 3559 νεύματι
1220 3491 1394 3546 πάντα
1428 3494 1690 3565 πράττειν
1748 3513 1884 3565 προ-

305 3578 473 3632 έθετο.
494 3580 708 3635 Μᾶλλον
732 3580 840 3651 γὰρ
864 3580 930 3635 ἂν
957 3582 989 3652 ὴ
1015 3579 1121 3634 τῶν
1151 3580 1456 3654 ἀνθρώπων
1477 3584 1646 3654 μανία
1671 3584 1886 3653 ἐγένετο

306 3672 497 3742 συχνὴ,
528 3673 621 3726 xal.
658 3675 690 3745 η
725 3673 1044 3744 ἀνθρωπεία
1079 3675 1180 3728 ούκ
1225 3673 1423 3743 ἔχουσα
1469 3675 1640 3746 πέρας
1675 3677 1740 3730 ἂν
1788 3677 1887 3740 τὰς

300 3762 478 3833 ψυχὰς
501 3764 802 3836 ἐπόρθησεν
825 3765 946 3819 οὐδὲ
982 3765 1046 3819 ἂν
1071 3764 1139 3818 τὰ
1160 3764 1296 3820 ἄλλα
1320 3765 1547 3819 πλεῖστα
1569 3767 1719 3832 ὄντα,
1743 3767 1886 3839 άπερ

303 3858 360 3906 εν
396 3857 462 3926 τῇ
509 3854 605 3909 τοῦ
644 3856 852 3926 κόσμου
902 3857 1217 3926 ἀναστροφῇ
1247 3854 1349 3927 τὴν
1408 3854 1546 3908 ἰδίαν
1579 3856 1888 3927 λειτουργεῖ

301 3947 487 4013 τάξιν,
552 3948 890 4018 ἀναφανῆναι
958 3946 1277 4016 δεδύνηται⁸
1339 3945 1454 3999 ἀλλ’
1512 3947 1644 4016 ὁμοῦ
1709 3949 1888 4003 πάντα

304 4039 403 4105 μὲν
443 4038 541 4109 τῆς
570 4038 791 4111 [μεστά]
821 4040 1040 4107 ἀγνοίας
1094 4036 1190 4093 τοῦ
1223 4038 1403 4104 Θείου,
1444 4039 1652 4110 ταχέως
1678 4039 1744 4093 ἂν
1778 4040 1887 4093 ἀπ-

300 4129 521 4195 ολώλει,
571 4131 666 4184 τοῦ
708 4133 764 4185 δὲ
805 4131 1000 4200 φθόνου
1024 4133 1120 4187 καὶ
1153 4133 1252 4201 τῆς
1283 4130 1581 4203 βασκανίας
1614 4131 1674 4185 τὸ
1703 4131 1886 4186 ἄδικον

300 4217 473 4282 οὕτως
518 4221 719 4289 ὀλίγοις
759 4221 970 4296 [ὀλίγῳ]
1033 4225 1356 4295 μεμενήκει.
1419 4222 1558 4277 Ἀλλ’
1606 4223 1783 4287 οὐδεὶς
1821 4221 1887 4277 ἂν

302 4310 513 4380 ηὑρέθη
557 4311 762 4383 ταύτης
804 4314 906 4385 τῆς
942 4315 1238 4385 βασκανίας
1279 4315 1580 4386 ἀλλότριος,
1614 4313 1721 4368 τῶν
1753 4313 1887 4386 θρησ-

1990 1838 2316 1893 concitatam
2340 1878 2354 1904 ,
2393 1839 2447 1893 in
2500 1838 2759 1894 salutaris
2812 1837 3192 1895 medicamenti
3225 1839 3570 1894 tolerantiam

1990 1930 2278 1998 pervenire
2308 1929 2492 1998 jussit.
2525 1928 2715 2001 Neque
2746 1932 2829 1987 sic
2864 1938 3047 1987 tamen
3078 1932 3145 1985 ad
3183 1931 3426 2001 reliquos
3454 1932 3576 2002 ejus

1990 2022 2238 2078 beneficii
2286 2024 2606 2094 magnitudo
2650 2025 2704 2079 in
2749 2025 2985 2095 gratiam
3022 2034 3204 2095 potest
3239 2027 3574 2096 pertingere,

1990 2116 2217 2172 utomni
2249 2118 2498 2174 oratione
2538 2118 2681 2173 inter
2723 2119 2973 2175 homines
3014 2120 3310 2191 puritatem
3341 2130 3394 2176 et
3434 2120 3574 2177 divi-

1988 2223 2110 2262 nam
2148 2211 2451 2279 potentiam
2499 2209 2747 2267 exaltare
2798 2222 3039 2282 queant,
3088 2221 3143 2267 et
3182 2211 3474 2267 exaltatum
3516 2212 3570 2267 in

1987 2299 2219 2356 sublime
2246 2301 2572 2358 confirmare
2602 2322 2615 2357 :
2652 2304 2760 2359 imo
2791 2313 2849 2358 ut
2882 2305 3077 2358 iterum
3117 2305 3297 2374 potius
3336 2304 3572 2375 deponc-

1990 2400 2130 2459 rent,
2163 2402 2328 2463 atque
2356 2394 2740 2461 dissolverent,
2780 2394 3040 2463 contigit;
3075 2394 3327 2462 quamvis
3359 2406 3479 2450 erat
3517 2397 3573 2451 id

1988 2483 2151 2539 rebus
2201 2484 2460 2539 humanis
2504 2483 2667 2554 plane
2725 2485 3038 2541 adversum.
3073 2484 3191 2540 Etsi
3239 2489 3384 2541 enim
3427 2486 3574 2541 Deus

1986 2575 2329 2646 omnipotens
2360 2577 2527 2633 tacito
2550 2592 2660 2633 suae
2684 2576 2996 2635 divinitatis
3018 2584 3148 2632 nutu
3173 2578 3355 2632 omnia
3384 2576 3567 2632 facere

1986 2669 2301 2738 proposuit;
2336 2668 2615 2725 hominum
2644 2678 2826 2724 tamen
2859 2669 3073 2723 insania
3106 2669 3447 2739 frequentior
3482 2669 3567 2722 fa-

1986 2769 2073 2814 cta
2118 2767 2203 2815 est
2259 2778 2274 2815 :
2319 2761 2420 2814 etsi
2468 2759 2781 2815 humanitas
2848 2759 3055 2814 inliuita
3103 2773 3294 2815 omnes
3358 2760 3572 2814 animas

1988 2852 2250 2916 correxit,
2296 2851 2402 2907 alia
2431 2861 2615 2907 tamen
2657 2850 2912 2922 plurima,
2962 2866 3083 2922 quae
3122 2855 3176 2907 in
3224 2852 3405 2907 mundi
3441 2867 3574 2907 con-

1991 2944 2295 2999 versatione
2354 2943 2407 2998 in
2466 2942 2657 2998 ordine
2711 2943 2928 3012 proprio
2993 2943 3348 3009 ministrant,
3391 2957 3570 2997 emer-

1989 3047 2117 3102 gere
2142 3048 2246 3088 non
2279 3040 2608 3104 potuerunt:
2634 3033 2729 3088 sed
2760 3031 2921 3088 simul
2943 3034 3126 3086 omnia
3158 3041 3281 3103 post
3304 3032 3562 3088 divinita-

1993 3124 2061 3179 tis
2090 3123 2483 3195 ignorationem
2511 3125 2623 3180 cito
2664 3125 2966 3193 perierunt,
3001 3132 3057 3179 et
3102 3123 3322 3180 invidiae
3362 3124 3565 3194 iniqui-

1992 3220 2077 3266 tas
2105 3221 2161 3268 et
2195 3212 2607 3284 ingratitudinis
2639 3213 2789 3269 brevi
2815 3212 3054 3267 excitata
3086 3221 3190 3267 est.
3222 3211 3443 3268 Alienus
3461 3227 3559 3268 au-

1993 3311 2095 3360 tem
2125 3320 2154 3359 a
2182 3304 2521 3375 malignitate
2564 3320 2725 3360 nemo
2752 3305 3009 3359 inventus
3059 3312 3184 3372 est,
3228 3303 3572 3374 superstitio-

1990 3412 2120 3451 num
2153 3396 2448 3466 generibus
2485 3396 2642 3466 longe
2682 3398 2898 3466 lateque
2942 3396 2995 3451 in
3033 3395 3243 3450 animos
3284 3395 3569 3449 hominum

1989 3503 2161 3556 usque
2206 3486 2345 3542 adeo
2395 3486 2624 3555 diffusis,
2677 3496 2737 3542 ut
2788 3501 2976 3542 earum
3030 3485 3363 3555 turpitudine
3411 3482 3571 3554 hujus

1988 3580 2160 3636 nostri
2194 3578 2498 3648 splendoris
2530 3579 2707 3634 lumen
2734 3579 2917 3648 dignis
2963 3576 3132 3635 fuerit
3170 3575 3564 3634 circumfusum

1991 3671 2251 3736 tenebris,
2285 3680 2340 3724 et
2386 3671 2487 3740 ipsi
2535 3686 2751 3739 semper
2774 3671 2895 3727 luce
2925 3672 3142 3743 privati.
3193 3670 3349 3727 Nulla
3386 3674 3570 3738 itaque

1990 3763 2127 3817 ratio
2177 3762 2376 3830 poterit
2418 3777 2593 3816 meam
2630 3763 2695 3816 de
2743 3763 3015 3832 praedictis
3068 3762 3226 3818 fidem
3277 3776 3345 3817 ex
3387 3762 3571 3817 animo

1990 3867 2107 3907 meo
2137 3852 2386 3905 avellere.
2442 3850 2599 3905 Nullo
2642 3854 2786 3905 enim
2840 3851 2982 3904 malo
3012 3852 3339 3920 impediente
3381 3867 3569 3907 succe-

1989 3945 2067 3999 dit
2099 3945 2339 4014 perlecta
2367 3945 2630 4013 potentia,
2655 3952 2709 3998 et
2744 3943 2899 3999 vivus
2921 3959 3102 3999 sermo
3130 3945 3402 4011 veritatis,
3429 3962 3567 3999 unus

1987 4036 2357 4105 omnipotens,
2389 4036 2631 4089 omnium
2684 4050 2864 4089 rerum
2917 4043 3127 4101 custos,
3168 4045 3222 4090 et
3249 4043 3446 4090 nostra
3477 4051 3565 4090 sa-

1990 4126 2115 4180 lutis
2161 4136 2504 4195 procurator.
2576 4124 2653 4178 Ita
2699 4126 2865 4195 igitur
2909 4124 3123 4180 videtur
3169 4128 3567 4197 quodammodo

1989 4217 2319 4273 sanctissimi
2372 4217 2533 4271 Verbi
2591 4219 2947 4282 abundantia,
2998 4219 3117 4287 ejus
3155 4234 3313 4289 quem
3369 4218 3565 4275 liberat

1989 4311 2455 4366 conversationem
2497 4311 2795 4374 custodire,
2829 4321 2881 4366 et
2926 4311 3064 4365 lueis
3093 4313 3434 4381 splendorem
3473 4328 3568 4367 no-

307 4402 509 4457 σκειῶν
557 4406 624 4460 τά
655 4406 788 4476 γένη
822 4410 903 4471 είς
938 4408 1194 4460 τοσοῦτον
1249 4407 1503 4478 μεγάλως
1535 4425 1593 4460 τε
1626 4407 1721 4460 καί
1750 4406 1886 4460 πλα-

1990 4405 2074 4460 bis
2119 4404 2380 4473 przebere.
2428 4403 2597 4470 Quam
2631 4404 2701 4457 ob
2745 4420 2961 4457 causam
3011 4419 3140 4473 ergo
3187 4405 3426 4473 gentium
3457 4420 3568 4460 om-

303 4494 443 4560 τέως
492 4497 572 4559 εἰς
622 4496 723 4561 τὰς
756 4497 933 4569 ψυχὰς
973 4498 1083 4553 τῶν
1141 4498 1446 4570 ἀνθρώπιον
1495 4498 1877 4570 διαχυθέντων,

297 4592 372 4654 ὡς
406 4591 572 4656 ἀξίως
606 4595 671 4663 τῇ
706 4594 912 4647 τούτων
939 4594 1255 4664 αἰσχρότητι
1288 4593 1348 4646 τὸ
1385 4593 1501 4661 φῶς
1543 4592 1750 4663 ταύτης
1780 4592 1879 4662 τῆς

297 4682 582 4755 ἡμετέρας
645 4683 1032 4755 λαμπρότητος
1098 4683 1451 4737 ἐπισκιασθὲν
1512 4683 1724 4747 αὐτοῖς,
1788 4684 1879 4738 ἀεὶ

295 4773 505 4846 ταύτης
526 4776 726 4841 αὐτοὺς
758 4776 1160 4847 στερίσκεσθαι.
1194 4776 1381 4837 Οὐδεὶς
1408 4769 1498 4830 οὖν
1528 4775 1685 4844 λόγος
1718 4775 1881 4847 δυνή-

299 4882 452 4918 σεται
489 4866 597 4918 τῶν
627 4867 934 4937 εἰρημένων
962 4868 1058 4936 τὴν
1091 4866 1227 4937 ἐμὴν
1260 4866 1440 4918 πίστιν
1468 4866 1575 4920 ἀπὸ
1604 4866 1703 4936 τῆς
1741 4866 1881 4936 ἐμῆς

297 4956 540 5022 ἐξέλκειν
574 4958 773 5029 ψυχῆς.
810 4959 1045 5011 ’Έπεται
1075 4958 1183 5030 γὰρ
1228 4959 1387 5028 αὐτῇ,
1424 4957 1648 5028 μηδενὸς
1677 4958 1879 5027 φαύλου

297 5049 552 5119 ἐμποδὼν
583 5051 764 5116 ὄντος,
790 5051 1021 5120 δύναμις
1055 5051 1255 5117 τελεία,
1293 5052 1320 5104 ὁ
1347 5052 1454 5115 ζῶν
1487 5053 1588 5122 τῆς
1622 5051 1881 5122 ἀληθείας

297 5142 480 5209 λόγος,
532 5138 612 5205 εἷς
645 5144 825 5196 πάντα
854 5143 1169 5214 δυνάμενος,
1221 5143 1397 5210 φύλαξ
1447 5142 1664 5197 πάντων
1704 5160 1883 5214 πραγσ

301 5235 513 5302 μάτων,
568 5235 667 5304 τῆς
708 5235 987 5305 ἡμετέρας
1039 5235 1313 5304 σωτηρίας
1364 5233 1636 5304 κηδεμών.
1697 5234 1881 5300 Οὕτως

298 5317 394 5375 οὖν
427 5324 574 5376 δοκεῖ
604 5341 712 5377 τινι
742 5324 929 5395 τρόπῳ
960 5325 1051 5377 τοῦ
1083 5325 1385 5393 ἁγιωτάτου
1413 5324 1578 5377 αὐτοῦ
1607 5325 1766 5393 λόγου
1789 5327 1883 5378 δα-

297 5414 624 5483 ψιλεύεσθαι
656 5416 754 5487 τὴν
805 5416 1022 5486 ὁμιλίαν
1084 5416 1177 5469 τοῦ
1229 5416 1641 5487 ἐλευθεροῦντος
1687 5419 1881 5486 διαφυ-

300 5506 543 5569 λάττειν,
575 5509 669 5560 καὶ
698 5508 788 5561 τοῦ
838 5507 1013 5575 φωτὸς
1038 5508 1136 5578 τὴν
1169 5508 1530 5579 λαμπρότητα
1572 5511 1706 5579 ἡμῖν
1738 5528 1879 5581 παρ-

301 5594 439 5664 έχει.
473 5595 631 5657 Τίνος
663 5597 841 5649 τοίνυν
886 5599 1050 5650 ἕνεκα
1081 5598 1173 5651 καὶ
1203 5598 1295 5653 νῦν
1325 5600 1545 5654 πάντων
1568 5600 1881 5654 τῶν.ὲθνῶν

300 5686 351 5739 οἱ
378 5685 577 5757 δῆμοι,
609 5687 670 5741 τὸ
720 5689 970 5760 οὐράνιον
1013 5689 1085 5761 μὴ
1114 5690 1452 5762 καθορῶντες
1484 5691 1620 5762 φῶς,
1664 5693 1755 5747 καὶ
1786 5692 1877 5746 τοῦ

1988 4500 2137 4552 nium
2167 4497 2345 4568 populi
2394 4498 2615 4553 caeleste
2641 4497 2824 4551 lumen
2857 4512 2961 4551 non
3005 4498 3354 4567 aspicientes,
3388 4507 3442 4553 et
3467 4513 3566 4552 no-
3600 4491 3605 4494 ’

1986 4590 2305 4645 bilissimam
2337 4591 2589 4658 pietatem
2614 4599 3045 4652 contemnentes,
3067 4590 3208 4658 quod
3232 4590 3296 4641 de
3316 4600 3458 4642 terra
3483 4598 3567 4643 est

1989 4681 2307 4751 inquirunt,
2364 4682 2569 4735 nullum
2621 4681 2784 4733 habet
2830 4680 3076 4733 veritatis
3122 4678 3563 4745 fundamentum,

1988 4789 2165 4843 ucque
2217 4773 2339 4842 puri
2373 4774 2677 4841 splendoris
2724 4772 3062 4835 claritatem,
3115 4787 3288 4841 neque
3328 4772 3566 4826 cwlestis

1989 4865 2294 4918 divinitatis
2333 4862 2745 4932 potentiam?0
2788 4864 3068 4933 indignum
3101 4864 3348 4918 facinus!
3391 4865 3565 4917 adhuc

1987 4967 2038 5010 et
2066 4972 2206 5010 nunc
2256 4971 2375 5011 cum
2408 4957 2542 5010 nihil
2582 4956 2805 5027 impium
2845 4958 3121 5023 emittant,
3166 4972 3264 5011 nec
3298 4957 3350 5009 in
3398 4954 3563 5009 Deum

1987 5048 2304 5116 respiciant,
2338 5056 2391 5101 et
2412 5048 2465 5101 in
2498 5047 2756 5101 miserum
2789 5062 3031 5102 errorem
3061 5048 3429 5117 prolabantur,
3457 5061 3561 5099 non

1986 5140 2194 5205 vident,
2220 5149 2275 5194 et
2303 5140 2539 5195 sordidis
2573 5140 2659 5196 his
2699 5140 2955 5210 operibus
2996 5140 3177 5194 mundi
3216 5138 3563 5208 splendorem

1985 5232 2358 5289 contaminare
2389 5248 2496 5288 non
2527 5244 2766 5289 cessant.
2811 5233 3014 5300 Nempe
3040 5232 3263 5301 lignum,
3303 5230 3558 5300 lapidem,

1983 5342 2080 5390 ars,
2116 5337 2422 5397 argentum,
2453 5333 2506 5381 et
2540 5341 2756 5391 aurum,
2780 5335 2831 5381 et
2861 5324 3167 5393 liujusmodi
3194 5323 3296 5376 alia
3330 5326 3394 5376 de
3419 5334 3558 5377 terra

1984 5429 2222 5488 sumpta,
2262 5430 2318 5473 ut
2353 5421 2653 5473 adorentur
2699 5427 3088 5487 proponeutes,
3117 5426 3172 5471 et
3217 5415 3282 5468 ad
3325 5431 3388 5467 ea
3434 5416 3559 5468 vita:

1985 5525 2135 5579 Spem
2180 5512 2396 5581 publice
2437 5511 2759 5574 referentes,
2806 5509 3003 5578 templa
3059 5509 3194 5577 ipsis
3242 5506 3434 5575 insigni
3467 5521 3560 5560 or-

1985 5614 2112 5657 natu
2155 5604 2447 5669 tediticant,
2481 5613 2534 5658 et
2568 5614 2751 5673 postea
2787 5603 2839 5655 in
2886 5616 2998 5656 sua:
3046 5599 3376 5655 adorationis
3405 5598 3559 5652 addi-

1985 5698 2240 5753 tatnentis
2285 5697 2626 5767 gloriantur:
2662 5697 2705 5754 si
2758 5694 2973 5766 quidem
3016 5704 3305 5750 structura:
3346 5690 3558 5761 magni-
