4042 6142
476 254 610 316 1239

1745 254 2049 314 GELASII
2087 255 2428 316 CYZICENI

3597 253 3730 322 1-240

475 371 606 423 tudo
637 381 799 436 quam
825 365 927 434 ipsi
971 363 1236 429 fecerunt,
1271 362 1490 433 dignum
1522 378 1710 418 eorum
1744 375 2037 435 conspectu

2151 365 2486 432 ἐνδοξοτάτον
2536 365 2685 418 ὁσίου
2731 364 3225 436 ὑπερφρονοῦντες,
3282 365 3341 420 τὸ
3385 367 3574 436 γήϊνον
3605 372 3729 422 ἐπι-

475 457 794 514 miraculum
831 454 1071 510 exhibet.
1113 453 1561 522 Quandoquidem
1593 462 1773 508 autem
1810 456 1936 509 talia
1963 456 2042 508 fa-

474 564 600 606 cere
625 549 902 612 videntur,
955 545 1246 599 manifeste
1286 543 1608 614 intelligitur
1636 544 1782 614 ipsos
1828 546 2046 614 potissi-

475 655 644 704 mum,
701 653 874 708 neque
915 651 1114 698 sensu,
1178 651 1352 704 neque
1407 637 1526 690 visu
1581 635 1836 704 prmditos
1890 651 2042 701 esse;

473 744 525 788 et
557 738 878 800 arroganter
908 728 961 782 in
997 729 1107 782 suis
1157 729 1446 783 structuris
1489 743 1608 783 sese
1652 729 1862 798 jactare
1912 744 2046 782 cou-

472 825 783 877 t‘incuntur.
843 821 1027 888 Qualis
1092 820 1277 890 igitur,
1337 831 1392 875 et
1437 831 1668 889 quantus
1718 831 1801 874 est
1867 820 2044 874 omni-

473 922 666 983 potens
706 912 871 976 Deus,
926 925 1030 964 non
1081 910 1446 978 conspiciunt,
1482 910 1721 964 omnium
1756 922 1947 964 attetor
1994 919 2049 962 et

469 1005 636 1074 judex
663 1021 678 1070 ;
705 1017 864 1072 quem
898 1001 1116 1071 quidem
1151 1001 1406 1069 pr0priae,
1442 1008 1500 1053 ut
1529 1000 1842 1068 opinantur,
1871 1000 2045 1052 virtu-

475 1098 546 1152 tis
597 1096 951 1166 persuasione
993 1093 1181 1148 latent.
1252 1093 1431 1162 ipsius
1485 1095 1628 1147 enim
1689 1093 2048 1161 dispositione

475 1191 647 1246 nostri
675 1190 920 1258 corporis
944 1189 1158 1258 Species
1201 1188 1437 1243 debitam
1468 1187 1699 1244 formam
1733 1189 1963 1258 accepit,
1991 1195 2050 1242 ut

475 1282 778 1338 harmoniae
829 1280 1066 1348 vigorem
1119 1279 1488 1333 haberemus:
1536 1280 1647 1347 ipse
1669 1279 2046 1332 membrorum

474 1375 715 1428 omnium
747 1372 1139 1428 connexioneut
1175 1370 1356 1425 nervis
1396 1368 1710 1424 fortissimis
1749 1369 2050 1439 colligavit,

477 1472 537 1517 ut
595 1465 647 1516 in
698 1463 844 1517 omni
904 1469 1110 1516 nostrae
1163 1460 1482 1516 intentionis
1527 1461 1762 1526 actione,
1814 1462 2050 1532 pr0priaa

477 1554 775 1609 harmoniae
806 1555 968 1608 robur
1010 1541 1340 1608 indefessum
1387 1553 1769 1607 retineremus.
1821 1552 1914 1607 llis
1951 1552 2050 1623 igi-

479 1655 566 1698 tur
610 1644 815 1699 salubri
864 1643 1224 1712 dispositione
1274 1643 1540 1698 absolutis
1575 1643 1827 1713 spiritum
1857 1645 2044 1710 etiam,

476 1735 566 1804 qui
609 1734 726 1787 haec
760 1733 942 1787 omnia
975 1745 1192 1787 movere
1230 1746 1294 1787 ac
1343 1732 1601 1786 roborare
1644 1740 1845 1802 posset,
1873 1731 2045 1800 inspi-
2080 1708 2121 1762 Β

475 1827 617 1879 ravit
647 1845 660 1879 :
690 1826 975 1894 visumque
1009 1825 1182 1880 oculis
1229 1825 1434 1879 nostris
1457 1825 1748 1890 concessit,
1786 1834 1841 1880 et
1888 1825 2049 1878 intel-

475 1917 672 1972 lectum
703 1917 868 1987 capiti
897 1926 1087 1973 nostro
1117 1917 1330 1981 indidit,
1352 1927 1406 1970 ct
1439 1917 1580 1970 intra
1613 1918 1887 1987 regionem
1911 1918 2050 1971 hanc

475 2017 644 2062 totam
676 2018 877 2062 nostrae
909 2008 1258 2077 cogitationis
1287 2016 1554 2064 rationem
1587 2009 1874 2065 conclusit.
1908 2009 2053 2076 Qua-

473 2097 695 2170 propter
711 2102 756 2155 si
783 2103 905 2170 quis
937 2110 1083 2157 recte
1110 2102 1329 2172 sapiens
1369 2104 1530 2172 hujus
1558 2104 1931 2172 dispositionis
1960 2120 2048 2159 ra-

480 2191 682 2245 tionem
716 2192 1049 2259 consideret,
1089 2194 1312 2248 omittat
1343 2204 1529 2250 autem
1571 2195 1694 2259 alia,
1729 2210 1847 2266 quae
1875 2210 2050 2265 neque

475 2283 666 2349 verbo,
703 2299 878 2354 neque
911 2301 1136 2340 numero
1175 2287 1561 2356 comprehendi
1604 2297 1848 2357 possunt,
1883 2287 2048 2342 celeri

475 2375 779 2430 attentione
827 2375 1120 2429 salutarem
1166 2384 1220 2430 et
1260 2387 1521 2431 aeternam
1584 2377 1908 2432 immortalis
1957 2377 2048 2431 Dei

471 2465 776 2536 potentiam
810 2465 994 2520 videre
1018 2475 1180 2536 atque
1211 2459 1517 2536 intelligere
1543 2468 1742 2538 poterit
1768 2485 1782 2532 ;
1815 2483 1920 2524 non
1954 2483 2050 2537 po-

381 2627 385 2631 ,
471 2558 603 2612 terit
647 2567 828 2612 autem
867 2572 1054 2612 errore
1105 2559 1284 2627 aliquo
1326 2568 1531 2614 temere
1587 2560 1893 2628 implicari,
1955 2561 2048 2614 sed

473 2649 765 2704 manifeste
797 2649 1152 2719 contemplari
1192 2649 1396 2716 licebit,
1431 2659 1594 2718 atque
1633 2653 1818 2707 videre
1867 2651 2046 2706 omnia

471 2742 566 2797 Dei
595 2744 839 2812 potentia
873 2744 1017 2797 facta
1044 2757 1186 2810 esse,
1223 2743 1364 2799 sicut
1395 2743 1509 2813 ipse
1539 2744 1720 2798 omnia
1767 2745 1882 2798 haec
1908 2743 2052 2799 exsi-

473 2843 620 2889 stere
663 2836 849 2889 voluit.
887 2834 955 2890 Ut
979 2845 1161 2889 autem
1196 2835 1509 2903 perspicere
1555 2833 1737 2900 liceat,
1767 2833 1910 2902 quod
1946 2832 2048 2887 ali-

475 2941 581 2994 qua
611 2926 800 2980 illicita
843 2926 895 2980 in
931 2926 1135 2980 mundo
1162 2926 1507 2980 conversatio
1536 2925 1931 2995 ignorationem
1958 2925 2051 2979 Dei

2150 454 2426 524 ζητοῦσιν,
2478 455 2734 525 οὐδεμίαν
2765 454 2886 524 ἕχον
2931 455 3230 509 ὑπόστασιν
3278 455 3575 527 ἀληθείας,
3607 461 3728 515 οὐδὲ

2149 546 2483 618 φαιδρότητα
2531 547 2704 616 ἁγνῆς
2760 545 3178 618 λαμπρότητος,
3235 549 3354 602 οὐδὲ
3407 550 3729 606 δυναστείαν

2150 639 2248 709 τῆς
2284 639 2540 710 οὐρανίου
2591 637 2872 707 θεότητος;
2917 642 2982 692 ’Ὠ
3029 639 3249 705 ἀναξίου
3301 641 3614 713 δράματοςί
3651 645 3728 698 ἔτι

2151 731 2243 784 καὶ
2288 730 2382 784 νῦν
2411 731 2576 800 μηδὲν
2609 731 2948 796 ἐλλείποντες
2973 735 3074 804 τῆς
3102 733 3378 798 ἀσεϐείας,
3422 737 3561 806 μηδέ
3594 737 3731 808 πρὸς

2148 821 2211 874 τὸ
2263 821 2379 874 δέον
2423 822 2736 894 ἀφορῶντες
2768 823 2877 895 [ῑσ.
2913 825 3004 877 τὸν
3053 825 3186 879 Θεὸν
3214 827 3574 900 ἀφορῶντες],
3626 829 3731 882 ὑπὸ

2149 913 2250 983 τῆς
2289 913 2483 978 ἀθλίας
2519 915 2729 986 πλάνης
2759 916 3202 980 καταπίπτοντες
3250 919 3348 988 οὐχ
3377 918 3552 990 ὁρῶσι
3574 935 3590 950 ο
3635 922 3731 975 καὶ

2149 1009 2263 1070 τοῖς
2295 1010 2564 1078 ῥυπαροῖς
2596 1007 2806 1072 τούτοις
2853 1009 3039 1080 ἔργοις
3083 1012 3196 1074 τοῖς
3231 1009 3328 1064 τοῦ
3376 1011 3586 1080 κόσμου
3631 1013 3730 1080 τὴν

2151 1098 2516 1170 λαμπρότητα
2547 1099 2608 1152 οὐ
2658 1100 2924 1154 παύονται
2961 1101 3290 1172 μιαίνοντες,
3315 1103 3521 1174 δηλαδὴ
3552 1103 3728 1169 ξύλον,

2152 1188 2247 1241 καὶ
2277 1187 2447 1254 λίθον,
2478 1189 2572 1242 καὶ
2600 1189 2824 1258 χαλκὸν,
2849 1191 2941 1243 καὶ
2969 1189 3228 1263 ἄργυρον,
3261 1192 3354 1245 καὶ
3385 1192 3610 1262 χρυσὸν,
3637 1194 3733 1246 καὶ

2151 1275 2355 1341 ταύτας
2383 1277 2482 1341 τάς
2506 1278 2720 1348 γηΐνας,
2761 1281 2840 1343 είς
2869 1279 2931 1334 τὸ
2957 1283 3286 1352 προσκυνεῖν
3337 1281 3694 1354 καθιδρύντες
3713 1323 3730 1346 ,

2154 1368 2245 1421 καὶ
2284 1369 2392 1423 ἀπὸ
2425 1369 2625 1423 τούτων
2669 1370 2862 1424 ἐλπίδα
2899 1371 3000 1442 τῆς
3053 1372 3198 1444 ζωῆς
3239 1373 3728 1443 ἁπαγγελλόμενοι,

2152 1463 2311 1526 ναοὺς
2341 1463 2522 1527 αὐτοῖς
2559 1463 2698 1532 μετά
2747 1464 3020 1532 ἐπισήμου
3051 1463 3256 1534 κόσμου
3293 1463 3730 1534 οἰκοδομοῦντες,

2151 1555 2246 1608 καὶ
2276 1554 2383 1609 ἀπὸ
2417 1553 2608 1608 τούτου
2645 1553 2818 1618 οὑτως
2858 1553 3117 1621 αὑξοντες
3143 1554 3325 1609 αὐτῶν
3354 1555 3452 1626 τῆς
3485 1571 3732 1625 προσκυ-

2152 1647 2360 1718 νήσεως
2383 1645 2484 1710 τὰς
2526 1645 2840 1717 προσθήκας
2865 1661 2878 1677 ·
2913 1646 3214 1717 ἐπειδήπερ
3261 1646 3321 1698 τὸ
3358 1645 3592 1715 μέγεθος
3625 1644 3731 1699 τῶν

2149 1736 2603 1807 οἰκοδομημάτων
2631 1736 2722 1790 ὑπ’
2751 1735 2931 1789 αὐτῶν
2959 1737 3270 1807 γενόμενον,
3306 1735 3456 1799 ἄξιον
3483 1736 3581 1806 τῆς
3608 1736 3731 1788 ἐαυ-

2151 1829 2259 1883 τῶν
2308 1828 2485 1899 ὂψεως
2550 1827 2848 1899 παρέχεται
2906 1827 2969 1881 τὸ
3028 1827 3233 1899 θαῦμα.
3300 1829 3494 1880 Ὁπότε
3551 1827 3731 1883 τοίνυν

2151 1921 2324 1974 ταῦτα
2354 1923 2528 1974 ποιεῖν
2557 1919 2800 1983 δοκοῦσι,
2850 1918 3039 1988 σαφῶς
3066 1922 3287 1982 νοεῖται,
3329 1921 3378 1972 εί
3411 1919 3508 1972 καὶ
3536 1919 3604 1972 τὰ
3628 1921 3732 1990 μά-

2153 2015 2312 2070 λιστα
2357 2014 2511 2068 αὐτοὶ⁷
2543 2015 2642 2068 οὐκ
2675 2012 3044 2080 αἰσθάνονται,
3079 2013 3199 2066 οὐδέ
3227 2013 3448 2084 ὁρῶσιν,
3489 2013 3576 2067 ὅτι
3621 2014 3731 2076 τοῖς

2157 2105 2369 2160 ἐαυτῶν
2406 2103 2591 2176 ἔργοις
2625 2103 2994 2174 ὑπερηφάνως
3045 2103 3234 2172 αὐχεῖν
3277 2102 3564 2165 δοκοῦντες
3611 2101 3728 2155 ἁλί-

2153 2218 2394 2257 σκονται.
2430 2199 2650 2263 Ἦλίκος
2676 2200 2860 2252 τοίνυν
2891 2198 2985 2252 καὶ
3013 2197 3179 2260 πόσος
3209 2214 3268 2248 τε
3301 2196 3329 2248 ὁ
3357 2193 3492 2258 Θεός
3533 2197 3676 2248 ἐστιν
3702 2195 3731 2246 ό

2152 2291 2592 2361 παντοδυνὰστης
2634 2291 2733 2359 οὐχ
2777 2287 3078 2360 ὁρώμενος,
3119 2286 3205 2350 τίς
3241 2285 3352 2358 [ῑσ.
3399 2285 3594 2356 όρῶσι,
3627 2283 3728 2356 τίς]

2153 2384 2248 2438 καὶ
2277 2383 2496 2437 πάντων
2522 2381 2790 2449 αὐθέντης
2813 2380 2929 2432 ἐστὶ
2960 2379 3054 2432 καὶ
3081 2377 3294 2449 κριτὴς,
3326 2377 3388 2430 ὃν
3415 2393 3562 2440 τινες
3594 2376 3728 2445 αὐτῇ

2150 2479 2217 2547 τῇ
2253 2473 2578 2546 πεποιθήσει
2619 2472 2718 2543 τῆς
2767 2471 2935 2537 ἰδίας,
3000 2471 3076 2532 ὡς
3138 2468 3472 2539 νομίζουσιν,
3532 2467 3732 2539 ἀρετῆς

2151 2568 2524 2623 λανθάνουσιν,
2556 2563 2732 2618 Αὑτοῦ
2759 2563 2870 2634 γὰρ
2897 2565 2964 2634 τῇ
2995 2560 3330 2616 διατυπώσει
3359 2562 3452 2614 καὶ⁵
3494 2561 3556 2614 τὺ
3594 2556 3731 2624 εἶδος

2151 2655 2246 2710 τοῦ
2293 2655 2571 2726 ἡμετέρου
2600 2653 2853 2724 σώματος
2904 2651 3067 2705 ἔλαϐε
3101 2651 3194 2705 τὸν
3229 2650 3588 2720 ὀφειλόμενον
3640 2650 3730 2702 τύ-

2154 2764 2276 2812 πον,
2317 2747 2414 2801 καὶ
2462 2746 2550 2799 ἵνα
2599 2745 2818 2815 σχῶμεν
2867 2744 2967 2814 τῆς
3016 2742 3285 2813 ἁρμονίας
3331 2742 3432 2812 τὴν
3461 2741 3668 2811 ἀκμὴν,
3703 2742 3730 2793 ό

2152 2840 2316 2904 αὐτὸς
2345 2839 2452 2894 τῶν
2485 2839 2703 2892 πάντων
2736 2835 2916 2908 μελῶν
2938 2835 3035 2907 τὴν
3067 2834 3330 2904 συζυγίαν
3357 2834 3730 2904 ίσχυροτὰτοις

2154 2933 2367 3004 νεύροις
2401 2931 2714 3002 συνέδησεν,
2761 2931 2851 2984 ἵνα
2888 2931 2945 2982 ἐν
2975 2928 3127 3000 πάσῃ
3169 2928 3368 2999 πράξει
3397 2927 3502 2997 τῆς
3531 2924 3726 2998 ήμετέ-

470 3016 616 3083 apud
671 3016 916 3069 homines
957 3014 1238 3080 effecerit,
1276 3026 1396 3085 post
1437 3024 1620 3069 natum
1681 3030 1747 3070 ex
1800 3014 2050 3072 illusione

2156 3041 2255 3094 ρας
2301 3023 2542 3093 σπουδῆς
2583 3022 2870 3091 ἀκάματον
2915 3020 3135 3090 ἔχοιμεν
3177 3019 3278 3090 τὴν
3310 3017 3494 3090 ἀκμὴν
3525 3018 3626 3088 τῆς
3649 3017 3724 3069 ol-

474 3106 684 3160 inimici
716 3106 769 3159 in
819 3107 1036 3162 miseris
1066 3106 1363 3163 infelicium
1399 3109 1678 3163 hominum
1713 3109 1911 3163 animis
1943 3108 2054 3178 pri-

474 3211 624 3250 mum
654 3196 882 3251 rationis
914 3208 1222 3267 peccatum,
1261 3214 1328 3253 ex
1351 3200 1532 3254 divina
1565 3200 1681 3271 lege
1710 3201 1869 3254 datur
1900 3202 2054 3257 nobis

475 3286 824 3356 perspicuam
875 3287 1033 3356 hujus
1079 3287 1155 3342 rei
1209 3291 1726 3345 demonstrationem
1780 3293 2048 3361 accipere.

473 3381 556 3436 Ab
587 3381 678 3435 illo
715 3381 858 3435 enim
905 3391 1146 3452 tempore
1189 3396 1298 3451 quo
1347 3388 1376 3436 a
1413 3381 1625 3437 duobus
1679 3382 1783 3436 illis
1817 3383 1866 3436 in
1904 3383 2053 3452 prin-

476 3473 619 3542 cipio
677 3474 914 3538 creatis,
971 3473 1314 3529 convenienli
1377 3474 1669 3545 diligentia,
1713 3473 1957 3528 divinum
1999 3481 2054 3528 et

478 3574 734 3620 sanctum
771 3566 1084 3620 mandatum
1108 3567 1455 3622 observatum
1488 3582 1594 3621 non
1637 3576 1752 3634 est,
1784 3577 1945 3622 natus
1973 3576 2056 3622 est

481 3654 738 3721 deinceps
786 3655 949 3724 hujus
989 3656 1366 3725 appellationis
1393 3699 1408 3725 ,
1448 3657 1808 3728 ignorationis
1845 3657 2054 3712 scilicet

478 3745 578 3802 ﬂos
612 3765 626 3800 :
667 3747 840 3802 factus
872 3757 960 3804 est
1008 3758 1188 3804 autem
1219 3751 1511 3804 continuus
1542 3764 1605 3804 ac
1633 3749 1806 3819 magis
1839 3757 2049 3814 auctus,

476 3851 766 3910 postquam
797 3841 1043 3911 praadicti
1073 3841 1179 3897 duo
1215 3842 1292 3896 illi
1339 3842 1614 3896 voluntate
1659 3843 1842 3897 divina
1891 3856 2053 3912 repu-

477 3930 607 3985 diati
646 3939 810 3986 sunt:
847 3945 1021 4002 eoque
1076 3939 1258 3986 autem
1297 3933 1527 3986 materia
1557 3933 1645 3986 illa
1687 3933 1924 3988 miseriae
1953 3932 2051 3987 hu-

474 4037 649 4076 manae
697 4033 954 4092 provecta
995 4033 1102 4088 est,
1136 4032 1196 4078 ut
1239 4025 1468 4080 orientis
1499 4033 1554 4079 et
1591 4025 1895 4080 occidentis
1927 4024 2054 4079 fun-

475 4115 724 4170 damenta
769 4118 1110 4171 damnaverit
1142 4134 1156 4170 :
1189 4118 1300 4186 ipsa
1328 4117 1492 4172 etiam
1528 4118 1857 4173 adversaria:
1897 4128 2049 4187 pote-

474 4209 634 4259 statis
663 4207 889 4260 victoria
921 4216 1129 4261 mentes
1156 4207 1432 4262 hominum
1465 4209 1824 4263 circumvenit
1877 4219 1932 4263 et
1961 4208 2046 4264 ob-

473 4297 736 4350 scuravit.
786 4295 842 4351 ln
895 4297 1009 4366 ipso
1043 4299 1301 4353 nimirum
1347 4309 1618 4369 praecepto
1649 4310 1733 4354 est
1777 4310 1964 4354 sancta
1996 4309 2048 4353 et

2156 3114 2309 3175 κείας
2345 3111 2633 3182 ἁρμονίας.
2685 3110 2903 3164 Τούτων
2955 3109 3136 3162 τοίνυν
3170 3106 3503 3178 σωτηριώδει
3545 3105 3730 3159 διατυ-

2156 3198 2327 3254 πώσει
2373 3198 2961 3269 τελεσιουργηθέντων,
3020 3198 3118 3250 καὶ
3171 3196 3384 3266 πνεῦμα
3433 3195 3582 3264 ἡμῖν,
3633 3195 3723 3247 ἵνα

2154 3291 2328 3345 ταῦτα
2381 3291 2558 3344 πάντα
2596 3289 2864 3342 κινεῖσθαι
2915 3288 3010 3341 καὶ
3060 3288 3326 3359 ἀκμάζειν
3353 3285 3590 3351 δύναιτο,
3625 3284 3719 3338 ἐν·

2155 3380 2403 3447 ἔπνευσε,
2429 3379 2524 3434 καὶ
2549 3379 2676 3432 θέαν
2701 3381 2812 3442 τοῖς,
2838 3379 3132 3449 ἡμετέροις
3166 3377 3453 3447 ὀφθαλμοῖς
3484 3379 3726 3444 συνεχώ-

2157 3489 2312 3544 ρησε,
2333 3472 2427 3526 καὶ
2449 3471 2586 3543 πρὸς
2612 3469 2723 3543 [τσ.
2748 3471 2884 3542 πρὸς
2905 3468 3140 3541 τούτοις]
3165 3470 3377 3524 σύνεσιν
3393 3470 3458 3540 τῇ
3478 3468 3730 3538 ἡμετέρᾳ

2153 3563 2364 3633 κεφαλῇ
2393 3563 2616 3628 δέδωκε,
2657 3562 2753 3614 καὶ
2781 3562 2911 3616 εἵσω
2940 3562 3038 3633 τῆς
3073 3560 3260 3632 χώρας
3293 3560 3519 3631 ταύτης,
3551 3559 3729 3628 πάσης

2153 3656 2253 3728 τῆς
2281 3655 2518 3718 διανοίας
2551 3655 2649 3721 τῆς
2673 3655 2950 3725 ἡμετέρας
2983 3653 3076 3707 τδν
3107 3652 3371 3723 λογισμὸν
3397 3651 3724 3703 συνέκλεισε.

2154 3746 2462 3816 Τοιγαροῦν
2491 3745 2543 3798 εί
2565 3762 2649 3808 τις
2679 3743 2958 3816 εὐφρονῶν
2985 3743 3192 3814 ταύτης
3225 3744 3325 3813 τῆς
3346 3739 3731 3802 διατυπώσεως

2153 3837 2244 3891 τὸν
2287 3837 2546 3908 λογισμὸν
2582 3837 2899 3907 σκοπήσειε,
2949 3835 3017 3889 τὰ
3049 3834 3114 3906 δὴ
3163 3833 3331 3888 λοιπά
3381 3833 3662 3892 παύσειεν,
3693 3830 3729 3884 ἃ

2156 3929 2295 3999 μήτε
2341 3928 2503 3999 λόγῳ,
2555 3930 2690 3997 μήτε
2744 3927 2963 3999 ἀριθμῷ
3013 3925 3422 3997 περιληφθῆναι
3482 3924 3724 3985 δύναται,

2152 4021 2347 4092 ταχείᾳ
2381 4020 2679 4090 ἐνθυμήσει
2724 4021 2818 4074 καὶ
2871 4021 2998 4074 ἰδεῖν
3030 4019 3125 4074 καὶ
3176 4017 3414 4072 συνιέναι
3443 4017 3725 4085 δυνήσεται

2151 4116 2252 4185 τὴν
2315 4114 2534 4168 αἰώνιον
2581 4114 2676 4168 καὶ
2731 4113 3054 4185 σωτηριώδη
3107 4112 3204 4166 τοῦ
3262 4112 3538 4166 ἀθανάτου
3594 4105 3723 4162 Θεοῦ

2153 4206 2419 4273 ἐξουσίαν,
2449 4207 2545 4260 καὶ
2581 4207 2641 4260 οὐ
2673 4206 2898 4261 δύναται
2924 4209 3131 4261 ἐκεῖνον
3151 4205 3362 4276 πλάνης
3389 4204 3535 4266 τινὸς
3561 4200 3725 4272 χωρὶς

2151 4296 2442 4367 ἄνθρωπος
2476 4297 2728 4368 ἐνδῆσαι·
2762 4296 3096 4351 σκέπτεσθαι
3127 4297 3315 4365 σαφῶς
3346 4293 3498 4363 αὐτῷ
3527 4293 3722 4356 ἔξεστι,

484 4388 807 4444 immortalis
850 4397 904 4443 et
954 4390 1305 4459 infatigabilis
1355 4392 1450 4446 Dei
1499 4391 1895 4460 omnipotentis
1940 4391 2049 4444 cle-

2153 4384 2246 4438 καὶ
2281 4385 2407 4438 ἰδεῖν
2435 4385 2613 4438 πάντα
2637 4384 2704 4438 τὰ
2729 4385 2994 4454 γεγονότα
3021 4381 3162 4438 εἶναι
3195 4385 3421 4452 δυνάμει
3451 4383 3545 4436 τοῦ
3570 4379 3724 4444 Θεοῦ,

482 4482 713 4549 utentia;
744 4483 997 4538 omnibus
1023 4483 1165 4537 enim
1213 4483 1402 4537 diebus
1455 4493 1510 4538 et
1555 4484 1889 4552 temporibus
1917 4499 2054 4552 pra:-

484 4574 657 4628 teritis
698 4574 1014 4628 innumeras
1058 4573 1377 4643 populorum
1436 4574 1807 4629 multitudines
1856 4575 1923 4629 ab
1950 4576 2053 4630 hoc

477 4681 645 4720 onere
677 4705 692 4730 ,
740 4665 893 4735 cujus
949 4666 1200 4720 servituti
1246 4666 1471 4721 addicta:
1516 4665 1769 4732 fuerant,
1817 4683 1913 4737 per
1967 4684 2052 4722 me

479 4772 694 4810 SOI‘HIIII
727 4771 885 4810 suum
923 4756 1067 4810 Deus
1095 4755 1314 4820 liberat,
1345 4766 1400 4811 et
1434 4758 1486 4812 in
1525 4757 1824 4828 perfectum
1858 4760 2048 4814 aeterni

474 4846 695 4900 luminis
744 4847 1088 4916 splendorem
1135 4848 1376 4902 deducit.
1413 4849 1542 4904 Post
1573 4852 1686 4905 haec
1718 4851 1900 4920 igitur,
1933 4851 2047 4905 fra-

471 4945 580 4991 tres
633 4936 1108 4999 dcsitleratissimi,
1157 4937 1542 5006 propinquiore
1590 4940 1820 5005 quadam
1866 4939 2046 5008 provi-

473 5025 679 5092 dentia,
729 5035 784 5078 et
815 5025 1112 5078 illustribus
1145 5024 1467 5080 immortalis
1500 5027 1591 5080 Dei
1626 5026 1796 5079 nostri
1829 5025 2047 5080 beneﬁ—

472 5117 572 5172 ciis
626 5118 981 5187 insigniorem
1010 5131 1096 5170 me
1136 5117 1188 5170 iu
1243 5124 1520 5185 posterum
1570 5117 1831 5182 futurunt,
1869 5118 2047 5187 [πη-ξεν

471 5209 605 5262 sima
663 5223 789 5275 erga
831 5208 1005 5276 ipsum
1057 5205 1162 5260 fide
1217 5221 1335 5260 sum
1393 5220 1707 5275 persuasus.
1775 5207 2048 5276 Suscipiut

468 5315 598 5370 ergo
651 5314 736 5352 mc
783 5298 1216 5353 sincerissimum
1277 5299 1567 5351 concilium
1601 5301 1908 5354 sanctitatis
1955 5317 2046 5355 vc-

470 5404 619 5458 stra‘,
654 5406 752 5445 nec
781 5391 914 5446 mihi
944 5392 1343 5445 sanctissimam
1376 5391 1698 5457 Ecclesium,
1720 5403 1774 5447 et
1800 5409 2045 5448 commu-

471 5484 557 5538 nis
584 5483 826 5537 omnium
851 5493 1096 5538 nostrum
1123 5495 1398 5554 castaeque
1425 5484 1614 5538 matris
1639 5494 1824 5552 portas
1849 5485 2044 5555 opponi

474 5574 814 5627 sustinentis.
848 5573 1112 5638 Quamvis
1148 5576 1290 5629 enim
1328 5591 1473 5630 nunc
1510 5575 1847 5644 potissimum
1881 5576 2044 5629 animi

389 5670 397 5677 '
473 5661 577 5716 mei
622 5663 759 5716 ratio
795 5665 1089 5734 perfectam
1142 5667 1422 5726 catholicae
1474 5669 1592 5726 fidei
1631 5668 1919 5738 puritatem
1957 5669 2043 5724 iu-

2155 4477 2230 4541 ὠς
2263 4476 2427 4540 αὐτὸς
2454 4477 2628 4531 πάντα
2660 4476 2834 4529 ταῦτα
2871 4469 3010 4532 εἶναι
3041 4475 3535 4546 βεϐούληται..”Ινα
3566 4473 3624 4526 δέ
3643 4471 3726 4540 εἴη

2158 4569 2321 4634 ἰδεῖν,
2369 4570 2450 4622 ὅτι
2505 4584 2590 4632 τις
2639 4567 2900 4638 ἁθέμιτος
2950 4569 3155 4638 κόσμου
3201 4566 3449 4620 πολιτεία
3479 4565 3580 4636 τὴν
3633 4561 3726 4614 τοῦ

2151 4661 2288 4715 Θεοῦ
2318 4663 2591 4731 ἀγνωσίαν
2631 4665 2744 4725 τοῖς
2792 4661 3101 4732 ἀνθρώποις
3136 4660 3546 4730 ἀπειργάσατο,
3579 4657 3729 4724 λογι-

2154 4751 2292 4820 σμοῦ
2325 4753 2725 4823 ἁμαρτήματος
2777 4753 3047 4822 προτέρου
3082 4751 3364 4820 τεχθέντος
3407 4750 3473 4800 ἐκ
3518 4746 3730 4815 πλάνης

2150 4843 2242 4896 τοῦ
2267 4842 2465 4915 ἐχθροῦ
2510 4845 2568 4896 ἐν
2611 4847 2732 4907 ταῖς
2782 4843 2889 4896 τῶν
2938 4844 3144 4897 σκαιῶν
3179 4839 3486 4912 ἀνθρώπων
3512 4837 3727 4898 ἀθλίαις

2149 4933 2368 5003 ψυχαῖς,
2408 4935 2473 4986 ἐκ
2500 4933 2592 4987 τοῦ
2620 4934 2766 4990 Θείου
2797 4935 2964 5005 νόμου
3009 4935 3194 4989 λαϐεῖν
3228 4931 3387 5003 ἡμῶν
3417 4930 3530 5002 [ἵσ.
3567 4926 3724 5000 ἡμῖν]

2150 5024 2328 5078 ἔνεστι
2364 5022 2512 5094 σαφῆ
2539 5025 2635 5094 τὴν
2669 5025 2799 5096 περὶ
2829 5023 3022 5078 τούτου
3056 5023 3352 5087 ἀπόδειξιν.
3391 5020 3480 5087 Ἐξ
3511 5019 3722 5073 ἐκείνου

2149 5118 2257 5188 γάρ
2300 5116 2528 5190 καιροῦ,
2588 5117 2648 5182 ἐξ
2695 5113 2756 5172 οὗ
2792 5117 2896 5170 ὑπὸ
2946 5117 3056 5172 τῶν
3088 5117 3182 5170 δύο
3229 5114 3474 5179 ἐκείνων,
3527 5112 3637 5166 τῶν
3666 5113 3725 5164 ἐν

2148 5210 2291 5280 ἀρχῇ
2321 5209 2795 5272 κατασταθέντων,
2821 5208 2882 5260 τὸ
2907 5207 3047 5261 θεῖον
3074 5207 3169 5261 καὶ
3197 5205 3354 5273 ἅγιον
3389 5203 3725 5274 πρόσταγμα

2148 5302 2368 5372 ἐτύχθη,
2405 5301 2543 5372 μετὰ
2581 5303 2679 5371 τῆς
2708 5300 3091 5371 προσηκούσης
3118 5297 3438 5368 ἐπιμελείας
3467 5295 3570 5348 οὐκ
3595 5296 3726 5361 ἐφυ-

2148 5393 2319 5464 λάχθη
2346 5392 2484 5463 μετά
2504 5391 2678 5445 ταῦτα
2707 5391 2806 5462 τῆς
2837 5390 3211 5463 προσηγορίας
3236 5389 3442 5456 ταύτης
3458 5386 3518 5438 τὸ
3543 5385 3723 5446 ἁνθοςο

2148 5483 2335 5550 γέγονε
2371 5482 2424 5535 δέ
2468 5482 2711 5552 συνεχὲς,
2742 5482 2835 5534 καὶ
2870 5480 3071 5552 μᾶλλον
3095 5478 3427 5548 ἐπηύξησεν,
3461 5475 3520 5540 ἐξ
3547 5468 3608 5527 οῦ
3631 5473 3725 5525 καὶ

2147 5576 2195 5627 οἱ
2250 5573 2642 5644 προειρημένοι
2696 5571 2789 5624 δύο
2836 5572 2964 5641 θείῳ
3014 5568 3245 5638 νεύματι
3296 5564 3720 5635 ἀπεϐλήθησαν·

2147 5666 2248 5731 ἕως
2297 5666 2352 5718 δέ
2399 5665 2650 5718 τοσούτου
2687 5667 2718 5735 ή
2759 5663 2859 5735 ὓλη
2899 5662 3042 5737 αὐτὴ
3093 5662 3230 5734 μετὰ
3264 5661 3358 5731 τῆς
3404 5657 3720 5726 σκαιότητος
