4042 6142
406 294 533 361 1241

1279 301 1645 363 HISTORIA
1687 301 2020 362 CONCILII
2056 302 2474 365 NIC/ENI.'-
2508 304 2658 366 LIB.
2698 304 2783 368 II.

3532 300 3671 368 1243

403 409 512 463 τῶν
548 408 853 480 ἀνθρώπων
894 411 1182 484 προήχθη,
1235 413 1379 468 ὥστε
1427 414 1529 483 τῆς
1559 430 1619 467 τε
1666 413 1811 485 ἑῴας
1836 455 1852 479 ,
1890 416 1969 469 καί

2087 416 2388 486 vestigans.
2430 416 2533 472 hoc
2563 417 2665 474 sibi
2699 417 2819 474 tleri
2848 417 3069 491 dignum
3109 432 3215 473 non
3256 374 3383 473 esse
3429 417 3670 473 arbitra-

400 500 510 554 τῶν
538 501 676 572 πρὸς
703 500 855 557 δύσιν
892 505 1176 576 κρηπίδων
1213 506 1655 577 κατεψηφίσατοο
1691 507 1831 578 αὐτή
1858 525 1919 561 τε
1948 511 1983 580 ή

403 590 683 664 ὑπερϐολὴ
713 594 811 664 τῆς
847 596 1101 661 ἐναντίας
1144 596 1428 669 δυνάμεως
1460 598 1561 661 τὰς
1611 597 1849 661 διανοίας
1876 599 1986 654 τῶν

398 683 703 753 ἀνθρώπων
750 687 1018 742 κατέλαϐε
1048 690 1143 744 καὶ
1176 690 1528 762 ἠμαύρωσεν.
1574 690 1664 743 Ἐν
1719 684 1764 758 ᾧ
1799 690 1983 761 μέντοι

402 775 790 845 προστάγματι
820 774 978 844 ἅγιος
1008 778 1103 832 καὶ
1129 778 1398 843 ἀθάνατός
1423 780 1543 833 ἐστι
1574 779 1670 833 τοῦ
1703 780 1772 835 τά
1804 780 1983 836 πάντα

397 863 698 933 δυναμένου
730 864 867 919 Θεοῦ
890 867 919 920 6
951 868 1235 939 ἀκάματος
1263 865 1434 932 οἶκος.
1470 870 1684 934 Πάσαις
1717 871 1828 943 γὰρ
1860 874 1983 936 ταῖς

399 953 656 1024 ἡμέραις,
690 957 785 1009 καὶ
822 959 936 1021 τοῖς
966 959 1181 1030 χρόνοις
1220 962 1335 1023 τοϊς
1394 960 1850 1032 παρεληλυθόσιν,
1891 963 1985 1015 ἁν-

398 1045 733 1117 αριθμήτους
751 1046 863 1100 τῶν
889 1048 1076 1120 δήμων
1100 1050 1506 1122 πολυπληθείας
1533 1050 1641 1104 ἀπὸ
1656 1050 1750 1104 τοῦ
1779 1050 1980 1123 βάρους

397 1136 586 1190 τούτου
616 1136 684 1190 δι’
718 1137 854 1208 ἐμοῦ
885 1137 980 1192 τοῦ
1019 1139 1185 1194 αὐτοῦ
1218 1139 1551 1210 θεράποντος
1583 1141 1612 1193 6
1634 1139 1770 1204 Θεὸς
1794 1140 1979 1194 δεδου-

397 1224 649 1295 λωμένας
698 1225 1009 1299 ἐλευθεροῖ,
1046 1228 1139 1282 καὶ
1188 1230 1269 1293 εἰς
1311 1228 1502 1300 ἐντελῆ
1535 1227 1758 1283 αἰωνίου
1797 1232 1978 1300 φωτὸς

396 1314 577 1381 ἐξάξει
624 1314 1007 1388 λαμπρότητα.
1072 1318 1208 1372 Ἀπὸ
1257 1317 1463 1372 τούτων
1508 1317 1804 1389 τοιγαροῦν
1840 1317 1973 1389 ἐγὼ,

394 1406 613 1474 ἀδελφοὶ
647 1407 1052 1475 ποθεινότατοι,
1084 1408 1390 1482 οἰκειοτέρα
1438 1409 1545 1463 τινὶ
1598 1408 1826 1480 προνοίᾳ
1880 1407 1975 1462 καὶ

394 1497 626 1562 ἐνδόξοις
687 1499 1038 1570 εὐεργεσίαις
1091 1500 1186 1555 τοῦ
1235 1500 1510 1555 ἀθανάτου
1555 1500 1650 1554 καὶ
1697 1500 1971 1572 ἡμετέρου

395 1589 552 1653 Θεοῦ,
584 1590 646 1643 τὸ
681 1591 870 1646 λοιπὸν
917 1592 1318 1665 ἐπισημότερος
1357 1590 1497 1648 εἶναι
1527 1596 1593 1665 τῇ
1640 1593 1777 1666 πρὸς
1808 1592 1973 1647 αὑτὸν

391 1681 760 1754 καθαρωτάτη
792 1683 974 1737 πίστει
1004 1685 1261 1739 πέποιθα.
1292 1684 1549 1750 Δεξάσθω
1575 1683 1871 1755 τοιγαροῦν
1901 1701 1969 1755 με

2089 516 2199 571 tur,
2227 507 2418 562 suadet
2464 517 2647 564 tamen
2673 520 2840 579 atque
2870 508 3147 564 admonet.
3189 507 3259 563 Et
3284 508 3522 578 propriae
3547 510 3668 579 qui-

2085 599 2208 653 dem
2256 601 2597 655 verecundiae
2647 599 2802 657 frons
2856 600 3103 658 omnium
3167 599 3665 671 pulcherrimarum

2083 692 2343 748 virtutum
2373 692 2613 762 sigillum
2645 694 2864 761 extulit,
2908 703 3206 764 portasque
3234 692 3668 750 immortalitatis

2082 782 2247 850 coepit
2283 783 2622 854 contingere,
2650 784 2905 855 ipsasque
2933 784 3151 855 pulsare
3187 802 3201 839 :
3238 791 3379 839 utet
3409 798 3505 837 vos
3550 797 3665 838 cte-

2018 922 2039 938 ,
2081 871 2239 941 pistis
2259 882 2462 928 nostrae
2491 874 2851 931 fraternitatis
2872 875 3250 943 imprudentia
3272 874 3486 928 veniam
3511 873 3661 937 dare,

2080 977 2269 1031 pacem
2324 966 2445 1021 ﬁdei
2483 966 2769 1023 catholicae
2826 967 3208 1037 respicientes.
3251 964 3366 1020 Hoc
3415 963 3561 1019 enim
3608 969 3664 1017 et

2079 1051 2249 1108 Deum
2299 1055 2481 1122 decet,
2511 1065 2566 1112 et
2601 1058 2861 1114 Ecclesiae
2906 1057 3193 1113 catholicae
3224 1057 3347 1111 lidti
3379 1055 3657 1119 convenit,

2076 1152 2133 1198 et
2188 1145 2503 1214 reipublicae
2570 1150 2806 1220 negotiis
2862 1149 2993 1206 utile
3059 1159 3144 1205 est
3192 1166 3208 1205 :
3271 1159 3326 1202 ut
3392 1162 3491 1217 pro
3549 1145 3682 1201 divi-

2078 1237 2227 1293 nitus
2286 1239 2443 1295 nobis
2502 1255 2761 1298 concessa
2812 1243 3203 1312 pretiosissima
3262 1256 3396 1311 pace
3443 1240 3657 1309 dignam

2075 1329 2375 1400 gratiarum
2413 1333 2686 1389 actionem
2734 1333 2852 1402 ejus
2891 1334 3084 1404 gratiae
3134 1331 3381 1403 largitori
3409 1344 3659 1384 commu-

2075 1418 2217 1473 niter
2242 1435 2433 1478 omnes
2460 1421 2780 1479 referamus.
2809 1423 2989 1480 Grave
3022 1424 3165 1480 enim
3189 1432 3353 1485 esset,
3388 1420 3497 1475 imo
3528 1432 3659 1473 vero
3771 1452 3776 1458 -

2072 1525 2237 1583 quam
2278 1517 2562 1582 acerbum,
2619 1519 2869 1574 hostibus
2916 1517 3031 1586 jam
3077 1515 3406 1589 proﬂigatis,
3453 1520 3509 1569 et
3562 1527 3657 1567 ne-

2074 1602 2220 1659 mine
2246 1618 2315 1659 ex
2346 1605 2563 1663 diverso
2610 1623 2669 1665 se
2716 1623 2992 1679 opponere
3027 1609 3282 1674 audente,
3328 1605 3560 1660 invicem
3592 1615 3654 1657 se

2072 1709 2409 1766 oppugnare,
2457 1707 2512 1756 et
2552 1701 2794 1757 laetitiam
2837 1702 3073 1758 inimicis
3103 1711 3268 1771 atque
3314 1698 3449 1753 adeo
3481 1697 3649 1751 risum

388 1773 421 1843 ή
472 1773 748 1845 άγιωτάτη
801 1774 1019 1839 σύνοδος
1060 1777 1161 1845 τῆς
1207 1776 1479 1848 ὑμετέρας
1526 1778 1839 1848 ἁγιότητος,
1870 1779 1966 1832 καὶ

2071 1787 2314 1857 Praebere
2338 1805 2355 1856 ;
2394 1799 2450 1846 et
2472 1794 2773 1863 praesertim
2798 1809 2920 1851 cum
2946 1793 3012 1849 de
3038 1793 3201 1849 rebus
3229 1789 3429 1845 divinis
3459 1789 3650 1856 dispu-

391 1865 465 1935 μή
518 1882 610 1935 μοι
651 1866 750 1937 τὴν
802 1866 1255 1938 σωφρονεστάτην
1323 1868 1673 1940 Ἐκκλησίαν,
1719 1869 1816 1923 καὶ
1871 1869 1973 1940 τῆς

389 1956 562 2024 ἁγνῆς
613 1955 801 2026 κοινῆς
846 1957 941 2009 καὶ
970 1957 1195 2011 πάντων
1222 1955 1384 2027 ήμῶν
1419 1958 1624 2027 μητρὸς
1671 1958 1774 2021 τὰς
1800 1957 1972 2030 θύρας

388 2047 736 2117 ἀντιτεθῆναι
769 2046 1102 2118 ἀνάσχησθε.
1140 2048 1204 2100 Εἰ
1248 2048 1344 2103 καὶ
1371 2047 1441 2102 τά
1479 2049 1714 2120 μάλιστα
1746 2049 1843 2105 καὶ
1876 2049 1972 2105 νῦν

387 2139 415 2190 6
442 2138 702 2207 λογισμὸς
743 2143 843 2211 τῆς
874 2141 1016 2212 ἐμῆς
1043 2139 1226 2211 ψυχῆς
1253 2139 1446 2211 ἐντελῆ
1479 2140 1580 2212 τὴν
1614 2141 1972 2214 καθαρότητα

385 2229 485 2299 τῆς
514 2230 808 2302 καθολικῆς
855 2233 1093 2295 πίστεως
1131 2230 1432 2304 ἐπιζητῶν,
1473 2231 1631 2286 τοῦτο
1659 2234 1840 2306 ἐαυτῷ
1870 2252 1964 2305 γε-

385 2323 572 2377 νέσθαι
621 2325 723 2378 οὐκ
755 2323 930 2378 οἴεται
960 2320 1101 2379 εἶναι
1133 2324 1305 2392 ἀξιον,
1350 2325 1502 2397 ὅμως
1540 2327 1841 2399 προτρέπει
1874 2329 1969 2383 καὶ

387 2414 830 2486 ὑπομιμνήσκει,
861 2416 956 2472 καὶ
1003 2416 1065 2471 τὸ
1110 2417 1364 2488 μέτωπον
1406 2417 1504 2488 τῆς
1550 2418 1755 2482 οἰκείας
1787 2419 1968 2485 αἰδοῦς

385 2506 577 2563 πασῶν
608 2508 717 2563 τῶν
761 2510 1067 2564 καλλίστων
1095 2508 1311 2581 ἀρετῶν
1345 2508 1629 2580 ἐξενήνοχε
1669 2512 1965 2582 σφραγῖδα,

2072 1883 2274 1943 temus,
2321 1877 2733 1952 habeamusque
2771 1883 3079 1939 doctrinam
3116 1876 3480 1936 sacratissimi
3523 1873 3652 1944 Spi-

2068 1969 2230 2037 ritus,
2268 1969 2574 2028 litterarum
2613 1976 2986 2031 monumentis
3023 1974 3313 2046 proditam.
3347 1969 3480 2024 Nam
3528 1965 3653 2021 libri

2067 2062 2524 2131 evangelistarum
2549 2075 2602 2122 et
2625 2067 3018 2138 apostolorum,
3044 2066 3175 2137 quin
3199 2065 3368 2120 etiam
3401 2068 3648 2115 veterum

2068 2151 2456 2221 prophetarum
2484 2155 2702 2209 oracula
2726 2170 2827 2211 nos
2855 2155 3138 2211 evidenter
3165 2152 3382 2217 docent,
3417 2147 3545 2219 quid
3582 2146 3652 2201 de

2070 2241 2254 2298 divino
2298 2244 2517 2300 numine
2562 2247 2909 2303 sentiendum
2951 2249 3042 2303 sit.
3083 2245 3244 2302 Omni
3301 2243 3467 2313 igitur
3500 2238 3649 2296 sedi-

2072 2335 2208 2390 tiosa
2234 2337 2581 2392 contentione
2615 2338 2864 2408 depulsa,
2901 2338 3229 2394 Litterarum
3271 2332 3530 2389 divinitus
3569 2331 3655 2385 in-

2071 2425 2398 2495 spiratarum
2438 2428 2765 2485 testimoniis
2808 2446 2898 2487 res
2929 2431 2981 2485 in
3008 2430 3360 2501 quaestionem
3389 2427 3653 2482 adductas

2072 2517 2454 2574 dissolvamus.

383 2602 480 2654 καὶ
517 2603 627 2656 τῶν
662 2603 848 2658 πυλῶν
902 2603 1003 2675 τῆς
1056 2603 1360 2668 ἀθανασίας
1409 2602 1614 2675 ήρξατο
1671 2604 1962 2675 ἅπτεσθαι,
2004 2610 2099 2664 καὶ
2162 2613 2388 2678 τούτους
2426 2615 2680 2686 κρούειν·
2714 2616 2864 2682 ὅπως
2932 2616 3026 2672 καὶ
3056 2617 3214 2689 ὑμεῖς
3255 2614 3355 2685 τῆς
3384 2611 3656 2685 ἡμετέρας

384 2692 747 2766 ἀδελφότητος
775 2694 939 2759 εὐθὺς
1004 2695 1482 2767 συγχωρῆσαιτὴν
1540 2696 1727 2750 ἄνοιαν
1781 2699 1877 2751 καὶ
1936 2701 2163 2773 εἰρήνην
2215 2705 2317 2775 τῆς
2380 2706 2681 2779 καθολικῆς
2740 2708 2958 2764 εῦνοιαν
3021 2709 3259 2771 πίστεως
3319 2705 3642 2776 βλέψαντες.

384 2788 558 2841 Τοῦτο
593 2787 802 2861 γὰρτῷ
835 2790 955 2861 θεῷ
976 2790 1286 2862 πρεπῶδες.
1315 2790 1413 2845 καὶ
1444 2792 1511 2861 τῇ
1584 2792 1685 2863 τῆς
1731 2791 2028 2866 καθολικῆς
2071 2796 2403 2872 Ἐκκλησίας
2453 2802 2636 2857 πίστει
2692 2804 2994 2876 ἁρμόδιον,
3040 2805 3135 2857 καὶ
3189 2801 3270 2872 τῷ
3327 2796 3491 2868 κοινῷ
3545 2794 3655 2849 τῶν

383 2881 727 2950 πραγμάτων
777 2883 1102 2954 συμφέρονο
1149 2882 1242 2938 ίνα
1291 2881 1394 2952 τῆς
1473 2883 1659 2939 θεόθεν
1709 2885 1844 2957 ήμῖν
1907 2890 2755 2967 παρασχεθείσης’ἐντιμοτάτης
2823 2898 3050 2968 εἰρήνης
3095 2895 3251 2960 ἀξίαν
3300 2889 3536 2962 ἀμοιϐὴν
3576 2886 3657 2959 τῷ

380 2976 589 3048 ταύτην
640 2979 773 3048 ήμῖν
827 2978 1186 3051 χαρισαμένῳ
1240 2978 1439 3044 κοινῶς
1485 2981 1729 3045 ἅπαντες
1803 2985 2284 3057 προσενέγκωμεν.
2336 2989 2521 3044 Δεινὸν
2556 2990 2666 3063 γὰρ
2696 2991 2772 3055 ὡς
2838 2992 3058 3064 ἀληθῶς
3127 2991 3195 3045 ἂν
3254 2989 3362 3057 εἴη,
3395 2988 3490 3041 καὶ
3514 2984 3657 3055 ἄγαν

379 3067 554 3124 δεινὸν
605 3067 1019 3123 καταλυθέντων
1078 3069 1190 3123 τῶν
1238 3069 1536 3141 πολεμίων,
1590 3070 1685 3125 καὶ
1741 3072 1968 3144 μηδενὸς
2027 3075 2351 3132 ἀντιτείνειν
2397 3077 2478 3132 ἔτι
2519 3078 2850 3150 τολμῶντος,
2913 3079 3135 3151 βάλλειν
3181 3079 3340 3150 ἡμᾶς
3367 3073 3655 3144 ἀλλήλους,

380 3167 475 3223 καὶ
518 3172 630 3228 τοῖς
670 3165 996 3237 δυσμενέσιν
1024 3165 1220 3238 ἡδονὴν
1264 3167 1360 3221 καὶ
1405 3165 1623 3235 γέλωτα
1671 3167 1973 3238 προξενεῖν,
2013 3170 2188 3236 ἄλλως
2216 3189 2275 3226 τε
2317 3173 2374 3227 δὲ
2434 3176 2529 3229 καὶ
2559 3174 2692 3246 περὶ
2752 3174 2914 3229 θείων
2938 3174 3360 3245 διαλεγομένους
3390 3169 3656 3242 πραγμά-

376 3275 509 3323 των,
540 3257 637 3311 καὶ
684 3256 781 3311 τοῦ
829 3257 1099 3326 παναγίου
1132 3257 1445 3329 πνεύματος
1515 3259 1616 3330 τὴν
1655 3260 2007 3318 διδασκαλίαν
2069 3265 2426 3337 ἀνάγραπτον
2462 3267 2709 3339 ἔχοντας.
2762 3267 3138 3338 Εὐαγγελικαὶ
3186 3267 3296 3338 γὰρ
3331 3264 3525 3335 βίϐλοι,
3561 3261 3659 3316 καὶ

378 3352 757 3418 ἀποστολικαὶ,
796 3351 1025 3406 καὶτῶν
1073 3351 1324 3406 παλαιῶν
1354 3352 1653 3425 προφητῶν
1679 3354 1748 3408 τὰ
1811 3354 2164 3430 θεσπίσματα
2223 3362 2410 3429 σαφῶς
2460 3364 2609 3434 ήμᾶς
2635 3363 2780 3435 άπερ
2812 3364 2921 3436 χρὴ
2980 3362 3112 3436 περὶ
3132 3361 3229 3415 τοῦ
3260 3360 3407 3414 θείου
3438 3360 3656 3430 φρονεῖν

381 3444 786 3500 ἐκπαιδεύουσι.
845 3445 959 3516 Τὴν
1012 3443 1387 3512 πολεμοποιάν
1439 3440 1534 3499 οὖν
1586 3445 1962 3512 ἀπελάσαντες
1999 3448 2136 3521 ἔριν,
2170 3454 2236 3507 ἐκ
2278 3453 2390 3508 τῶν
2434 3454 2814 3511 θεοπνεύστων
2858 3454 3045 3525 λόγων
3099 3453 3358 3526 λάϐωμεν
3392 3451 3501 3506 τῶν
3558 3449 3656 3521 ζη-

378 3555 471 3591 του
479 3537 653 3607 μένων
680 3536 777 3609 τὴν
810 3535 983 3591 λύσιν.

448 3628 633 3684 Ταῦτα
662 3629 757 3683 καὶ
783 3627 852 3682 τά
877 3628 1089 3692 τούτοις
1118 3629 1478 3701 παραπλήσια
1497 3632 1525 3684 6
1558 3630 1833 3700 πάνσοφος
1864 3630 1961 3701 βα-

2137 3636 2243 3691 Ista
2276 3634 2491 3703 aliaque
2542 3633 2594 3689 id
2640 3649 2812 3706 genus
2851 3633 3288 3704 sapientissimus
3335 3633 3653 3702 imperator,

379 3719 582 3784 σιλεὺς,
634 3717 722 3772 οἶα
767 3718 833 3790 δὴ
864 3722 996 3784 παῖς
1047 3719 1392 3789 φιλοπάτωρ,
1445 3723 1554 3785 τοῖς
1604 3722 1844 3793 ἱερεῦσιν
1884 3722 1962 3785 ὡς

368 3804 635 3885 ’Πατράσῖ
649 3812 984 3885 προσέφερε,
1008 3812 1115 3866 τῶν
1140 3812 1523 3866 ἀποστολικῶν
1547 3814 1835 3884 δογμάτων
1865 3814 1964 3885 τὴν

378 3904 702 3976 συμφωνίαν
752 3904 1302 3974 πραγματευόμενος.
1349 3902 1464 3973 Τῆς
1511 3902 1568 3957 δὲ
1605 3903 1825 3956 συνόδου
1855 3904 1965 3958 τῶν

378 3995 742 4049 συνελθόντων
782 3995 875 4046 ἐπὶ
903 3995 965 4046 τὸ
1007 3991 1142 4047 αὐτὸ
1181 3991 1533 4045 ἐπισκόπων·
1563 3990 1867 4062 τριακόσιοι
1906 3989 1963 4043 δὲ

374 4082 519 4158 ἦσαν
552 4087 687 4139 δέκα
741 4088 837 4139 καὶ
883 4082 1029 4137 ὀκτώ
1056 4101 1067 4114 ·
1121 4083 1237 4138 ἀλλ’
1288 4085 1337 4136 οἰ
1386 4083 1486 4154 μὲν
1530 4082 1837 4155 τριακόσιοι
1872 4081 1967 4134 καὶ

377 4174 516 4247 πρὸς
541 4178 654 4239 τοῖς
688 4175 1004 4245 λεγομένοις
1033 4173 1340 4239 ἐπείθοντο,
1375 4173 1470 4226 καὶ
1493 4174 1589 4245 τήν
1611 4190 1672 4225 τε
1703 4172 1838 4243 πρὸς
1872 4172 1968 4225 ἀλ-

375 4268 571 4338 λήλους
597 4268 874 4337 ὁμόνοιαν,
899 4267 998 4335 τήν
1017 4283 1074 4318 τε
1096 4264 1204 4317 τῶν
1233 4263 1520 4334 δογμάτων
1545 4264 1760 4332 ὑγίειαν
1787 4262 1970 4334 ἠσπά-

377 4360 555 4424 ζοντο.
607 4362 669 4412 Οἰ
717 4359 775 4412 δὲ
819 4358 1020 4423 λοιποὶ,
1056 4356 1240 4420 καθὼς
1286 4356 1457 4410 πάλαι
1491 4357 1821 4427 εἰρήκαμεν,
1854 4356 1969 4420 τόῖς

374 4451 759 4514 ἀποστολικοῖς
798 4451 1172 4522 ἁντεμάχοντο
1213 4448 1512 4518 δόγμασινο
1566 4448 1622 4501 οἵ
1667 4464 1814 4511 τινες
1867 4446 1967 4519 τὴν

374 4543 473 4597 τοῦ
519 4536 733 4615 Ἀρείου
778 4542 941 4606 δόξαν
994 4540 1356 4612 μεγαλοφυῶς
1409 4543 1731 4613 συγκροτεῖν
1765 4539 1967 4595 ἐσπού-

375 4635 560 4699 δαζον,
591 4635 727 4687 δέκα
752 4634 846 4687 καὶ
869 4634 1011 4687 ἑπτά
1035 4634 1128 4688 τὸν
1151 4632 1388 4705 ἀριθμὸν
1416 4632 1587 4697 ὅντες,
1614 4630 1876 4695 Εὑσέϐιός
1906 4649 1967 4684 τε

374 4725 403 4775 6
449 4721 814 4790 Νικομηδεὺς,
858 4721 936 4784 ὡς
992 4720 1090 4774 καὶ
1140 4720 1407 4791 πρότερον
1457 4718 1698 4791 εἴρηται,
1728 4719 1968 4791 Θεόγνης

379 4812 711 4885 [Θεογόνιος]
742 4814 770 4865 6
795 4813 896 4883 τῆς
928 4811 1187 4875 Νικαίας,
1214 4812 1413 4884 Μάρης
1441 4810 1809 4881 Χαλκηδόνος,
1834 4810 1969 4865 Θεό-

376 4905 551 4977 δωρος
610 4904 942 4976 Ἡρακλείας
993 4903 1248 4975 Θρᾴκης,
1297 4904 1657 4975 Μηνόφαντος
1716 4903 1965 4974 Ἐφέσου,

2065 3728 2194 3783 dum
2230 3725 2498 3780 doctrinae
2527 3724 2841 3792 apostolicae
2882 3738 3213 3779 consensum
3264 3722 3509 3776 stabilire
3538 3737 3657 3776 mo-

2066 3819 2279 3879 liretur,
2302 3825 2557 3884 tanquam
2587 3813 2734 3868 illius
2764 3816 2936 3885 patris
2962 3815 3391 3878 amantissimus,
3434 3815 3655 3882 episco-

2069 3907 2153 3976 pis
2188 3914 2245 3960 et
2272 3904 2656 3959 sacerdotibus
2688 3904 2837 3958 velut
2869 3904 3114 3973 patribus
3145 3903 3449 3973 proposuit.
3484 3904 3657 3958 Erant

2068 4006 2249 4051 autem
2288 3995 2381 4064 qui
2432 3995 2501 4049 ad
2556 3994 2827 4065 synodum
2887 3993 3051 4048 simul
3103 4002 3497 4060 convenerant,
3531 3995 3653 4063 epi-

2068 4086 2216 4156 scopi
2261 4084 2494 4140 trecenti
2548 4093 2603 4139 et
2650 4085 2954 4139 octodecim
2990 4102 3005 4139 :
3037 4085 3129 4140 sed
3175 4085 3401 4139 trecenti
3435 4086 3650 4152 quidem

2068 4182 2195 4228 ante
2227 4172 2486 4243 praedicta
2519 4172 2772 4242 persuasi
2798 4181 2975 4237 erant,
3002 4182 3057 4225 et
3086 4186 3413 4226 consensum
3459 4170 3525 4225 ad
3574 4172 3657 4226 in-

2070 4266 2245 4320 vicem
2305 4280 2370 4320 ac
2418 4265 2733 4336 dogmatum
2795 4263 3083 4319 sanitatem
3133 4263 3649 4334 amplectebantur:

2071 4356 2265 4426 reliqui
2324 4365 2531 4421 autem,
2591 4364 2651 4408 ut
2689 4356 2802 4423 jam
2860 4354 3070 4422 pridem
3103 4354 3361 4420 diximus,
3395 4357 3658 4411 adversus

2068 4446 2370 4518 apostolica
2395 4446 2650 4516 dogmata
2688 4444 3024 4515 pugnabant,
3047 4445 3137 4513 qui
3175 4445 3292 4498 Arii
3326 4446 3654 4501 sententiam

2070 4537 2373 4610 magnifice
2394 4536 2782 4592 concelebrare
2812 4536 3129 4600 studebant,
3166 4550 3393 4590 numero
3416 4547 3653 4605 septem-

2071 4631 2290 4686 decim:
2333 4630 2603 4685 Eusebius
2641 4628 2850 4684 scilicet
2902 4627 3363 4693 Nicomediensis,
3411 4627 3565 4696 cujus
3598 4637 3654 4683 et

2070 4722 2324 4793 superius
2363 4722 2695 4776 mentionem
2744 4718 3014 4784 fecimus;
3057 4719 3332 4787 Theognis
3369 4718 3644 4783 Nicaanns,

2071 4813 2237 4868 Maris
2265 4811 2754 4876 Chalcedonensis,
2787 4810 3109 4866 Theodorus
3156 4809 3431 4865 Heracleae
3478 4809 3657 4864 Thra-

2071 4906 2193 4969 ciaa,
2220 4904 2618 4974 Menophantus
2648 4902 2868 4974 Ephesi,
2903 4902 3255 4972 Patrophilus
3284 4903 3654 4974 Scythopolis,

379 4998 728 5068 Πατρόφιλος
781 4996 1204 5059 Σκυθοπόλεως,
1258 4994 1576 5067 Νάρκισσος
1623 4996 1969 5067 Νερωνιάδος

2072 4995 2364 5050 Narcissus
2404 4995 2731 5052 Neroniadis
2762 4996 3017 5052 secunda:
3050 4995 3279 5060 Cilicite,
3316 5011 3479 5065 quam
3513 5009 3655 5049 nunc
3696 5025 3701 5030 -

378 5090 636 5153 Κιλικίας
664 5091 948 5161 δευτέρας,
970 5089 1036 5161 ἢν
1063 5087 1157 5143 νῦν
1183 5088 1578 5159 Είρηνούπολιν
1601 5088 1961 5160 ὀνομάζομεν,

378 5179 598 5243 Θεωνᾶς
665 5181 694 5233 6
759 5179 1169 5251 Μαρμαρίτης,
1229 5176 1524 5242 Σεκοῦνδος
1594 5180 1962 5250 Πτολεμαΐδος

375 5268 678 5335 Αἰγύπτου,
725 5269 819 5322 καὶ
858 5268 954 5320 σὺν
987 5268 1171 5329 αὐτοῖς
1211 5265 1388 5338 ἕτεροι
1431 5266 1575 5320 ὀκτὼ
1607 5268 1807 5332 οἵτινες
1833 5271 1948 5322 ἐαυι

376 5359 506 5422 τοὺς
546 5359 624 5429 τῷ
656 5360 765 5414 τῶν
803 5358 1138 5428 τριακοσίων
1179 5357 1354 5430 ἁγίων
1403 5358 1548 5430 χορῷ
1586 5360 1962 5429 ἐπιμίξαντες,

378 5446 458 5510 ὡς
499 5446 658 5517 δῆθεν
689 5446 983 5517 δρθόδοξοι,
1011 5447 1123 5508 τοῖς
1165 5445 1546 5510 ἀποστολικοῖς
1592 5447 1964 5518 ἀντέπραττον

376 5541 669 5610 δόγμασιν,
714 5541 911 5610 Ἀρείῳ
958 5538 1387 5609 συνηγοροῦντες
1412 5557 1425 5570 ·
1458 5538 1675 5604 τούτοις
1700 5541 1965 5607 γενναίως

378 5630 815 5702 ἀντηγωνίζοντο
856 5632 904 5683 οί
943 5632 1002 5683 ἐν
1030 5629 1209 5697 ἁγίοις
1232 5629 1479 5700 Πατέρες
1521 5630 1682 5701 ήμῶν
1722 5629 1964 5695 Ἀλέξαν-

379 5724 507 5793 δρος
546 5724 575 5776 6
619 5722 1250 5786 Κωνσταντινουπόλεως
1278 5722 1401 5777 τότε
1435 5722 1805 5797 πρεσϐύτερος
1850 5723 1959 5790 ὢν,

2069 5085 2397 5156 lrenopolim
2441 5087 2819 5157 appellamus,
2862 5086 3119 5143 Theonas
3164 5086 3521 5151 Marmaricae,
3557 5085 3655 5139 Se-

2071 5178 2282 5234 cundus
2316 5177 2672 5236 Ptolemaidis
2705 5179 2953 5251 Egypti,
2998 5190 3057 5235 et
3082 5196 3205 5235 cum
3250 5180 3331 5235 eis
3359 5179 3449 5233 alii
3488 5187 3645 5244 octo,

2073 5266 2164 5333 qui
2203 5266 2438 5335 seipsos,
2487 5268 2644 5336 quasi
2690 5278 2878 5323 essent
2924 5267 3238 5333 orthodoxi,
3282 5275 3654 5321 trecentorum

2072 5358 2241 5411 choro
2263 5355 2575 5424 miscentes,
2603 5358 2918 5427 apostolicis
2942 5358 3214 5427 dogmatis
3255 5356 3650 5427 repugnabant,

2071 5446 2204 5501 Ario
2236 5448 2665 5503 consentientes.
2693 5450 2825 5504 Cum
2860 5449 2945 5504 his
2988 5464 3258 5518 generose
3296 5448 3655 5505 decertabant

2072 5539 2244 5591 sancti
2292 5537 2481 5593 Patres
2534 5541 2750 5605 nostri,
2809 5542 3119 5597 Alexander
3189 5554 3317 5597 tunc
3371 5541 3655 5611 presbyter

2071 5630 2734 5700 ConstantinopoliIanus,
2772 5642 2824 5689 et
2859 5633 3194 5689 Athanasius
3227 5635 3649 5690 archidiaconus

2073 5719 2328 5778 Ecclesia:
2360 5720 2872 5782 Alexamlrinorum.
2901 5725 3267 5792 Quamobrem
3289 5726 3494 5783 invidia
3522 5740 3654 5781 con-
