4042 6142
448 293 579 359 12:3

1666 370 1669 373 _
1711 292 2013 355 GELASII
2051 290 2392 353 CYZICENI

3577 284 3711 351 1244

444 416 527 460 tra
559 416 656 458 eos
681 416 827 457 arma
864 403 1057 470 movit,
1087 409 1144 455 ut
1174 411 1361 472 postea
1407 400 1674 456 dicemus.
1710 399 1890 455 Nostri
1926 417 2022 453 au-

2133 400 2220 453 ιιαὶ
2264 399 2581 465 Ἀθανάσιος
2606 401 2986 474 ἀρχιδιὰκονος
3009 397 3110 468 τῆς
3145 396 3547 469 Ἀλεξανδρέων
3588 401 3712 453 Ἐκ-

446 507 553 551 tem
590 496 764 550 sancti
808 496 1050 566 episcopi
1088 494 1281 549 Arium
1312 493 1379 549 ad
1409 493 1679 567 synodum
1729 494 2019 560 vocabant,

445 588 821 657 permittentes
850 586 898 640 ei
943 585 1161 656 propria
1202 584 1456 656 dogmata
1498 598 1845 655 proponere,
1887 594 2024 640 nutu

444 692 662 749 semper
689 677 911 732 victoris
942 677 1289 745 imperatoris
1316 695 1330 734 :
1380 693 1504 732 nam
1543 688 1599 735 et
1629 678 1742 746 ille,
1774 687 1834 733 ut
1862 679 2025 750 paulo

446 779 574 825 ante
599 769 864 835 diximus,
899 769 954 824 in
989 769 1199 841 synodo
1225 769 1563 826 considebat.

1064 1059 1217 1115 CAP.
1251 1059 1388 1119 Vill.

446 1174 725 1243 Quomodo
784 1177 1075 1249 imperator
1118 1180 1323 1238 libellos
1388 1182 1751 1256 episcoporum
1801 1185 2026 1254 accepit.

516 1352 719 1409 Verum
748 1356 1067 1412 admirabile
1098 1356 1229 1414 illud
1256 1358 1493 1428 facinus,
1535 1361 1681 1432 quod
1720 1362 1775 1418 in
1819 1364 2030 1434 synodo

446 1445 515 1500 ab
539 1446 867 1516 imperatore
896 1463 1116 1519 semper
1158 1450 1366 1507 victore
1407 1452 1612 1508 factum
1641 1463 1746 1523 est,
1779 1469 1888 1511 non
1935 1455 2030 1512 de-

449 1534 540 1591 bet
565 1535 784 1591 siientio
814 1541 1181 1606 praetermitti.
1220 1542 1438 1598 Etenim
1469 1559 1594 1599 cum
1624 1545 1680 1600 in
1709 1561 1877 1601 unum
1915 1548 2025 1618 epi-

447 1626 595 1695 scopi
636 1631 1039 1700 convenissent,
1063 1643 1139 1701 et,
1181 1643 1241 1689 ut
1275 1635 1390 1690 fieri
1416 1636 1556 1691 solet
1590 1637 1642 1692 in
1663 1637 2030 1707 disputatione

2127 492 2394 563 κλησίαςο
2442 493 2525 547 διὸ
2564 496 2662 548 καὶ
2711 492 2908 562 φθόνος
2961 491 3202 546 ῶπλιστο
3249 492 3370 545 κατ’
3407 491 3610 554 αὐτῶν,
3639 493 3713 556 ὡς

2128 581 2359 655 ὕστερον
2399 585 2644 657 λέξομεν.
2699 587 2763 640 υἱ
2805 585 2863 640 δὲ
2923 586 3184 656 ἡμέτεροι
3232 582 3379 652 ἅγιοι
3425 585 3714 637 ἐπίσκοπα

2127 674 2358 729 καλοῦσι
2387 676 2479 729 τὸν
2530 678 2751 749 Ἀρειον
2785 679 2866 740 εἱς
2899 676 2999 746 τὴν
3039 675 3281 741 σύνοδον,
3325 675 3718 746 ἐπιτρέποντες

2127 766 2277 837 αὐτῷ
2310 768 2573 839 συστῆναι
2618 772 2732 833 τοῖς
2779 769 2932 831 ἱδίοις
2960 768 3218 840 δόγμασι,
3247 767 3484 839 νεύματι
3522 767 3620 821 τοῦ
3648 768 3719 823 τὰ

2127 859 2305 912 πάντα
2358 861 2655 934 νικηφόρου
2704 861 3006 931 βασιλέωςο
3065 861 3323 927 ἐπείπερ,
3374 859 3455 923 ὡς
3500 858 3711 929 ἀρτίως

2128 953 2452 1024 εἰρήκαμεν,
2484 954 2579 1007 καὶ
2604 952 2766 1017 αὐτὸς
2789 956 2857 1025 τῇ
2892 952 3093 1022 συνόδῳ
3124 952 3476 1023 συνήδρευεν.

2728 1064 2980 1117 ΚΕΦΑΛ.
3029 1062 3113 1115 H'.

2131 1174 2330 1242 Ὅπως
2372 1176 2517 1242 τοὺς
2562 1178 2888 1243 λιὸἐλλους
2931 1177 3051 1230 τῶν
3078 1178 3435 1231 ἐπισκόπων
3464 1178 3497 1230 ὁ
3532 1176 3720 1242 βασι-

2697 1248 2844 1314 λεὺς
2892 1247 3152 1317 δέχεται.

2213 1357 2377 1412 Ἀλλὰ
2430 1358 2491 1413 τὺ
2539 1359 2680 1412 κατὰ
2732 1358 2831 1429 τὴν
2880 1357 3099 1412 σύνοδον
3129 1357 3354 1426 γεγονὸς
3404 1354 3722 1426 θαυμαστὸν

2131 1447 2285 1518 παρὰ
2315 1447 2411 1502 τοῦ
2456 1448 2526 1501 τὰ
2558 1448 2736 1502 πάντα
2766 1449 3068 1520 νικηφόρου
3105 1446 3398 1517 βασιλέως,
3432 1446 3536 1498 οὐκ
3568 1444 3720 1509 ἄξιον

2133 1542 2311 1612 σιωπῇ
2358 1539 2858 1611 παραπέμψασθαι.
2905 1540 3018 1593 Καὶ
3074 1539 3183 1611 γὰρ
3237 1536 3723 1607 ἐπισυναχθέντων

2131 1632 2352 1686 πάντων
2384 1630 2491 1686 τῶν
2524 1632 2864 1700 ἐπισκόπων,
2897 1631 2995 1685 καὶ
3025 1630 3210 1695 καθὼς
3240 1629 3362 1693 έθος
3391 1629 3536 1695 ἐστὶ,
3565 1644 3723 1697 γενος

446 1721 807 1789 contentiosa,
844 1727 1171 1795 quaestiones
1210 1735 1264 1783 et
1295 1730 1685 1787 controversia:
1728 1732 1872 1789 inter
1917 1748 2014 1790 eos

2135 1722 2310 1792 μένων
2341 1718 2622 1793 ζητήσεών
2647 1739 2704 1775 τε
2735 1721 2830 1776 καὶ
2856 1722 3200 1792 συγκρίσεων
3230 1720 3385 1792 παρά
3409 1735 3574 1773 τινων
3600 1719 3711 1772 τῶν

447 1808 787 1880 incidissent,
826 1823 883 1870 et
915 1815 1006 1871 alii
1035 1815 1173 1872 alios
1213 1828 1576 1887 accusarent,
1605 1836 1838 1893 cumque
1871 1822 2032 1880 libel-

448 1900 531 1958 los
594 1901 905 1970 offerrent,
960 1914 1017 1962 et
1079 1908 1489 1966 criminationes
1559 1913 1888 1983 compositas
1960 1914 2030 1970 ad

446 1992 593 2061 pium
618 1992 899 2050 deferrent
930 1995 1317 2068 imperatorem
1362 2017 1377 2054 :
1414 2000 1503 2056 ille
1531 2013 1786 2073 acceptos
1818 2003 2031 2062 libellos

445 2091 503 2138 et
532 2084 736 2139 annulo
762 2101 864 2142 suo
891 2087 1230 2159 obsignatos,
1256 2093 1464 2148 servari
1499 2097 1761 2165 praecepit
1789 2114 1804 2151 :
1827 2104 1882 2151 et
1905 2111 2030 2152 cum

446 2174 638 2229 talium
676 2176 1059 2248 episcoporum
1102 2189 1348 2236 mutuam
1383 2185 1789 2241 contentionem
1816 2189 2029 2258 perspi-

447 2270 618 2329 ceret,
662 2264 801 2319 dixit
829 2276 1084 2336 oportere
1109 2284 1301 2327 omnes
1327 2273 1488 2328 simul
1513 2285 1666 2331 certo
1703 2277 1790 2332 die
1833 2277 1901 2332 ad
1942 2292 2031 2336 res

447 2367 542 2409 cas
579 2355 960 2427 disceptandas
979 2362 1295 2419 convenire.
1326 2363 1673 2423 Praestitutus
1706 2377 1885 2425 autem
1917 2370 2032 2426 dies

447 2459 569 2498 cum
601 2447 858 2515 venisset,
898 2451 1147 2507 consedit
1197 2453 1245 2507 in
1285 2455 1464 2510 medio
1507 2456 1827 2526 imperator,
1869 2466 1925 2514 et
1956 2459 2032 2515 si-
2058 2508 2078 2531 ,

446 2535 616 2592 lentio
648 2548 955 2608 opportune
981 2541 1149 2609 iacto,
1178 2549 1421 2601 omnium
1449 2547 1664 2604 libellos
1698 2548 1880 2605 aiferri
1910 2551 2026 2622 jus-

446 2628 555 2683 sit:
588 2644 726 2700 quos
748 2647 871 2687 cum
905 2635 1228 2704 accepisset,
1264 2647 1321 2694 et
1358 2638 1413 2693 in
1444 2640 1567 2695 sinu
1597 2657 1696 2696 suo
1717 2643 2020 2711 posuisset,

449 2736 549 2777 uec
583 2723 844 2781 voluisset
880 2727 943 2781 in.
983 2728 1285 2785 delationes
1330 2745 1425 2786 eas
1472 2732 1812 2799 incumbere,
1845 2734 1919 2788 ita
1962 2736 2030 2789 ad

445 2815 734 2887 episc0pos
760 2819 1002 2890 loquitur
1031 2839 1047 2876 :
1082 2821 1448 2893 Posteaquam
1479 2825 1620 2881 Deus
1648 2841 1743 2881 vos
1777 2827 2026 2881 sacerdo-

450 2914 530 2959 tes
561 2915 614 2960 et
640 2907 853 2975 iudices
883 2912 1191 2982 designavit
1218 2915 1285 2968 ad
1316 2916 1702 2985 disceptandas
1745 2926 1799 2971 et
1831 2917 2030 2985 dijudi-

449 2999 654 3053 caudas
683 3002 865 3069 populi
903 3006 1336 3070 controversias,
1382 3022 1589 3076 vosque
1620 3009 1752 3062 deos
1779 3008 2028 3064 scriben-
2054 3054 2059 3057 .

2132 1814 2469 1877 ἐπισκόπων,
2520 1813 2851 1884 ἐρεσχελιῶν
2898 1813 3097 1879 ἕνεκα,
3156 1811 3320 1867 ἄλλου
3371 1812 3515 1882 πρὸς
3563 1811 3725 1867 ἄλλον

2131 1906 2371 1977 ἔχοντος,
2411 1903 2674 1958 λιϐέλλων
2715 1921 2773 1957 τε
2822 1903 3215 1974 ἐπιδιδομένων
3249 1903 3342 1956 ὑπ’
3393 1902 3597 1966 αὐτῶν,
3630 1904 3725 1955 καὶ

2132 1993 2500 2065 ἐγκλημάτων
2529 1994 3017 2065 συγκροτουμένων
3043 1993 3196 2064 παρὰ
3216 1991 3296 2063 τῷ
3322 1992 3542 2046 εὐσεϐεῖ
3569 1991 3725 2063 βασι-

2131 2084 2244 2139 λεῖ’
2268 2084 2564 2155 δεξάμενος
2596 2085 2724 2148 τοὺς
2753 2083 3051 2150 λιϐέλλους,
3095 2084 3409 2156 σφραγίσας
3435 2100 3496 2137 τε
3527 2083 3605 2155 τῷ
3628 2083 3722 2137 δα-

2132 2174 2338 2246 κτυλίῳ
2373 2174 2565 2239 αὐτοῦ,
2586 2174 2843 2230 ἐκέλευσε
2864 2175 3256 2246 φυλάττεσθαιο
3284 2174 3491 2247 ἐνορῶν
3523 2193 3583 2228 τε
3613 2175 3725 2229 τῶν

2130 2268 2390 2322 τοιούτων
2420 2268 2741 2321 ἐπισκόπων
2760 2267 2860 2337 τὴν
2889 2267 3027 2338 πρὸς
3063 2266 3330 2338 ἀλλήλους
3355 2264 3721 2338 ζυγομαχέαν,

2132 2353 2312 2426 εἶπεν,
2344 2359 2427 2412 ὅτι
2450 2358 2556 2429 χρὴ
2586 2359 2800 2422 πάντας
2826 2357 2964 2429 ὁμοῦ
2998 2360 3056 2411 ἐν
3090 2359 3191 2428 μιᾷ
3221 2358 3408 2430 ἡμέρᾳ
3438 2359 3725 2413 συνελθόν-

2131 2469 2248 2517 τας,
2286 2452 2417 2523 περὶ
2444 2450 2649 2506 τούτων
2675 2450 2972 2506 διαλαϐεῖν.
3010 2451 3120 2505 Καὶ
3153 2438 3426 2522 ἐνστάσης
3456 2452 3556 2521 τῆς
3591 2470 3723 2523 προ-

2134 2542 2388 2615 θεσμίας,
2423 2546 2505 2609 εἱς
2538 2546 2704 2615 μέσον
2739 2544 2972 2607 καθίσας
3000 2544 3027 2597 ὁ
3053 2544 3331 2614 βασιλεὺς,
3366 2544 3461 2597 καὶ
3491 2545 3724 2616 ἡσυχίας

2133 2637 2436 2707 γενομένης
2486 2636 2565 2707 τῷ
2615 2635 2793 2708 καιρῷ
2840 2636 3185 2707 πρεπούσης,
3217 2636 3439 2691 πάντων
3471 2639 3598 2701 τοὺς
3640 2638 3721 2690 λι-

2135 2722 2357 2787 ϐέλλους
2403 2722 2740 2794 προσέταξεν
2786 2724 3104 2795 ἐνεχθῆναι·
3161 2724 3257 2779 καὶ
3309 2725 3374 2797 δὴ
3406 2724 3719 2795 δεξάμενος,

2133 2816 2228 2869 καὶ
2263 2817 2320 2869 ἐν
2343 2814 2422 2886 τῷ
2468 2815 2656 2887 οἰκείῳ
2685 2816 2871 2887 κόλπῳ
2914 2816 3143 2887 θέμενος
3183 2817 3312 2888 μήτ’
3343 2816 3585 2887 ἐγκύψαι
3614 2820 3720 2879 τοῖς

2133 2907 2527 2979 ἐμφερομένοις
2576 2908 2865 2980 ἐθελήσας,
2898 2909 3048 2978 λέγει
3068 2927 3081 2941 ο
3116 2909 3211 2964 τοῦ
3241 2909 3378 2963 Θεοῦ
3409 2910 3556 2980 ὑμᾶς
3583 2925 3714 2980 προ-

2132 3002 2524 3072 χειρισαμένου
2560 3002 2728 3071 ἱερεῖς
2762 3019 2821 3054 τε
2854 3002 2947 3055 καὶ
2974 3001 3264 3073 ἄρχοντας,
3300 3001 3510 3074 κρίνειν
3538 3019 3597 3054 τε
3630 2999 3721 3055 καὶ

450 3087 550 3142 dos
581 3091 816 3158 censuit,
848 3100 1109 3160 tanquam
1139 3097 1448 3153 hominibus
1475 3100 1691 3154 caeteris
1715 3100 1871 3168 longe
1896 3116 2030 3170 pra-

2133 3091 2434 3162 διακρὶνειν
2493 3092 2562 3146 τὰ
2607 3091 2815 3162 πλήθη,
2870 3094 2966 3147 καὶ
3006 3095 3165 3159 θεοὺς
3202 3089 3374 3157 εῖναι,
3405 3094 3499 3149 ire
3533 3095 3597 3166 δὴ
3628 3096 3720 3149 ἀν·

449 3178 749 3236 stantiores
799 3181 1026 3250 (dictum
1065 3185 1209 3240 enim
1240 3197 1367 3242 est:
1413 3206 1432 3240 ι
1467 3189 1578 3259 Ego
1609 3190 1763 3245 dixi:
1801 3191 1882 3246 Dii
1932 3209 2030 3250 vos

450 3269 605 3334 estis,
636 3280 691 3325 et
722 3271 817 3326 illii
852 3272 1120 3330 Altissimi
1156 3291 1350 3332 omnes
1378 3277 1462 3346 ³⁰;
1507 3297 1527 3331 ι
1559 3288 1614 3334 et
1642 3298 1658 3334 :
1697 3298 1716 3331 ι
1749 3281 1890 3336 Deus
1921 3290 2033 3338 ste-

446 3361 513 3415 tit
563 3362 617 3416 in
667 3378 943 3436 synagoga
983 3369 1206 3423 deorum
1236 3368 1281 3402 “
1310 3371 1383 3439 ι),
1457 3379 1606 3427 certe
1638 3371 1881 3442 vulgaria
1929 3375 2030 3429 ista

467 3452 742 3522 negligere
783 3464 1023 3526 oportet,
1069 3458 1333 3528 omnique
1361 3475 1495 3514 cura
1530 3470 1587 3516 et
1631 3462 1816 3518 studio
1862 3464 1914 3518 in
1945 3480 2032 3521 res

451 3535 1027 3604 divinas'tncumbere.
1060 3550 1308 3620 Cumque
1328 3552 1584 3620 iussisset
1625 3556 1797 3625 ignem
1822 3555 2030 3625 aii‘erri,

450 3632 662 3692 libellos
689 3653 880 3695 omnes
921 3643 1075 3696 exuri
1112 3645 1388 3715 praecepit.
1438 3646 1610 3701 Dabat
1632 3648 1775 3702 enim
1807 3658 2030 3720 operam

451 3741 516 3778 ue
574 3729 827 3798 cuiquam
859 3740 1175 3788 exterorum
1210 3735 1396 3791 talium
1439 3738 1815 3808 episcoporqu
1860 3741 2031 3811 iniqui

449 3829 679 3875 conatus
724 3821 1127 3881 innotescerent
1181 3845 1195 3881 :
1241 3837 1389 3884 tanta
1428 3831 1636 3886 scilicet
1687 3832 2035 3903 imperatoris

448 3918 577 3973 erga
619 3903 713 3960 Dei
747 3910 1061 3967 sacerdotes
1103 3917 1407 3972 reverentia
1446 3918 1543 3972 fuit
1572 3960 1589 3985 ,
1622 3931 1879 3990 quantam
1932 3921 2034 3976 mi-

452 3996 559 4051 rari
587 3996 786 4053 debent
827 4016 1019 4058 omnes
1054 4007 1144 4073 qui
1197 4018 1344 4064 recte
1396 4010 1633 4080 sapiunt.
1680 4010 1817 4067 Illud
1867 4015 2030 4068 etiam

449 4084 623 4142 simile
646 4088 772 4144 huic
801 4090 868 4146 ab
899 4107 965 4147 eo
996 4092 1197 4149 factum
1234 4113 1341 4153 non
1405 4100 1645 4156 arbitror
1677 4118 1889 4173 aequum
1913 4118 2035 4160 esse

451 4179 674 4236 silentio
712 4183 950 4239 tradere.
986 4184 1101 4240 Viri
1130 4188 1348 4258 quidam
1390 4205 1653 4259 procaces
1684 4202 1739 4247 et
1767 4193 1913 4262 laici,
1940 4195 2033 4265 qui

450 4270 715 4327 conviciis
745 4274 989 4345 rixisque
1010 4276 1443 4347 delectabantur,
1463 4283 1750 4353 episcopos
1767 4285 2032 4354 quosdam

452 4365 802 4446 accusabant,
856 4378 912 4423 et
962 4371 1377 4427 criminationes
1425 4375 1660 4444 scriptas
1720 4377 2030 4446 imperatori

453 4436 812 4521 tradiderunt,
865 4458 1028 4527 idque
1079 4471 1368 4530 antequam
1411 4478 1500 4517 res
1553 4464 1619 4517 ad
1671 4465 2018 4523 concordiam

447 4543 645 4599 adduci
671 4546 958 4615 potuisset.
986 4548 1073 4605 Ille
1096 4556 1150 4605 et
1172 4567 1265 4607 eas
1287 4568 1500 4622 quoque
1522 4557 1748 4624 recepit,
1779 4558 1873 4611 sed
1908 4558 2022 4612 viu-

447 4633 575 4690 culo
596 4637 946 4707 constrictas,
993 4650 1049 4697 et
1080 4642 1284 4699 annulo
1332 4660 1432 4699 suo
1463 4645 1779 4717 obsignatas
1800 4689 1814 4714 ,
1849 4659 2034 4704 custo~

450 4725 554 4781 diri
600 4727 784 4798 jussit.
824 4731 1025 4788 Deinde
1063 4749 1186 4789 cum
1236 4737 1551 4792 concordiae
1592 4740 1887 4811 gratiaeque
1941 4756 2031 4797 re~

448 4816 896 4875 conciliationem
942 4820 1183 4889 fecisset,
1213 4826 1397 4880 statim
1442 4842 1537 4881 eas
1595 4843 1788 4886 omnes
1847 4831 2029 4887 ail‘erri

448 4905 638 4976 jussit,
669 4918 722 4964 ct
751 4915 1110 4981 praesentibus
1140 4919 1394 4974 omnibus
1424 4921 1697 4992 episcopis
1725 4923 1847 4993 igne
1872 4927 2030 4979 adus-

447 4999 544 5067 sit,
578 5012 868 5072 postquam
888 5008 1040 5074 prius
1063 5018 1250 5064 sancte
1271 5009 1566 5079 juravisset
1598 5030 1656 5068 se
1681 5014 1813 5068 nihil
1839 5032 2026 5071 eorum

448 5110 572 5164 qua)
594 5097 646 5150 in
670 5098 734 5153 iis
765 5098 967 5170 scripta
1005 5099 1256 5170 fuissent,
1290 5103 1509 5174 legisse.
1541 5106 1737 5162 Aiebat
1762 5108 1905 5163 enim
1935 5126 2027 5166 sa-

448 5188 734 5244 cerdotum
777 5192 976 5247 delicta
1014 5196 1173 5265 vulgo
1219 5196 1404 5266 ignota
1461 5213 1581 5254 esse
1628 5210 1913 5270 oportere,
1963 5217 2032 5258 ne

451 5275 578 5330 inde
599 5279 838 5335 scandali
877 5284 1165 5338 occasione
1199 5297 1433 5356 arrepta,
1482 5289 1694 5345 minore
1728 5305 1851 5345 cum
1886 5303 2030 5346 metu

452 5370 796 5443 delinquant.
841 5376 1046 5432 Ferunt
1093 5379 1266 5447 ipsum
1302 5391 1356 5434 et
1392 5381 1495 5437 hoc
1517 5382 1684 5437 etiam
1727 5383 2027 5447 addidisse.

451 5465 595 5529 quod
627 5467 673 5521 si
714 5470 931 5537 quando
964 5471 1079 5541 ipse
1107 5472 1224 5527 suis
1254 5473 1421 5528 oculis
1469 5474 1680 5531 videret
1710 5477 2029 5547 episcopum

455 5554 647 5615 aliena:
680 5563 837 5619 uxori
865 5570 1111 5633 stuprum
1160 5565 1509 5634 inferentem,
1541 5582 1602 5625 se
1641 5583 1736 5625 sua
1787 5583 2027 5640 purpura

528 5710 572 5741 '°
600 5711 747 5771 Psal.
775 5731 964 5787 uxxr,
998 5720 1050 5777 6.
1129 5722 1169 5755 ³¹
1194 5722 1325 5780 ibid.
1356 5722 1406 5780 Ι.

2132 3184 2161 3238 θ
2171 3183 2368 3256 ρώπων
2398 3184 2655 3239 ἁπάντων
2680 3185 2783 3239 ύπε
2797 3186 3079 3259 ρέχοντας,
3109 3188 3453 3258 ὁρισαμένου,
3488 3187 3631 3241 κατὰ
3656 3187 3718 3241 τὸ

2131 3277 2423 3348 εἰρημένον
2449 3292 2462 3307 ⁸
2510 3296 2529 3331 t
2571 3279 2714 3349 Ἐγὼ
2745 3274 2878 3334 εἱπα
2900 3296 2915 3310 °
2949 3279 3076 3333 Θεοί
3102 3281 3246 3346 ἐστε,
3278 3280 3364 3334 καὶ
3400 3280 3503 3332 υἱοὶ
3552 3278 3711 3349 Ὑψία-

2135 3384 2260 3421 στου
2308 3369 2531 3437 πάντες,
2578 3389 2595 3421 ι
2631 3372 2727 3424 καὶ
2753 3371 2847 3423 τό·
2894 3369 2952 3424 '0
2997 3370 3132 3436 Θεὸς
3162 3371 3286 3442 ἔστη
3324 3371 3382 3423 ἐν
3413 3372 3714 3442 συναγωγῇ

2134 3460 2305 3514 θεῶν’
2351 3480 2369 3514 ι
2405 3461 2513 3533 χρὴ
2542 3462 2652 3514 τῶν
2686 3462 2785 3532 μὲν
2810 3461 3009 3517 κοινῶν
3034 3461 3319 3534 ὀλιγωρεῖν
3349 3462 3717 3533 πραγμάτων,

2135 3554 2317 3606 πᾶσαν
2349 3553 2407 3607 δὲ
2435 3554 2533 3623 τὴν
2575 3554 2816 3625 σπουδὴν
2852 3554 2985 3625 περὶ
3008 3553 3077 3607 τὰ
3115 3553 3238 3608 θεῖα
3272 3553 3569 3607 ποιεῖσθαι.
3609 3554 3721 3608 Καὶ

2134 3644 2403 3708 κελεύσας
2445 3645 2730 3716 ἐνεχθῆναι
2779 3644 2911 3717 πῦρ,
2947 3645 3341 3718 ἐμπρησθῆναι
3379 3646 3506 3709 τοὺς
3547 3645 3723 3715 λιϐελ-

2134 3736 2260 3801 λους
2300 3735 2660 3808 προσέταξεν.
2715 3737 2987 3792 Ἔσπευδε
3038 3737 3151 3809 γὰρ
3207 3738 3418 3810 μηδένα
3460 3737 3571 3791 τῶν
3622 3738 3725 3803 ἔξω

2134 3829 2434 3896 ἐπιγνῶναι
2485 3829 2596 3884 τῶν
2641 3829 2902 3884 τοιούτων
2953 3830 3275 3884 ἐπισκόπων
3308 3831 3408 3901 τὴν
3437 3828 3723 3902 ἀνώμαλον

2134 3920 2509 3993 ἐπιχείρησιν·
2552 3921 2790 3993 τοσαύτη
2845 3924 2878 3993 ἡ
2935 3923 3033 3976 τοῦ
3088 3922 3355 3993 βασιλέως
3413 3923 3552 3993 πρὸς
3601 3922 3723 3984 τοὺς

2137 4012 2302 4082 ἱερεῖς
2344 4010 2440 4064 τοῦ
2487 4010 2622 4065 Θεοῦ
2663 4012 2944 4077 εὐλάϐεια,
2988 4012 3058 4083 ἢν
3089 4013 3438 4082 θαυμάσειαν
3485 4012 3725 4073 ἅπαντες

2134 4103 2181 4154 οἱ
2216 4102 2277 4155 εὖ
2309 4101 2658 4173 φρονοῦντες.
2697 4103 2937 4156 Κάκεῖνο
2961 4093 3019 4155 δέ
3052 4104 3415 4173 ὁμοιότροπον
3440 4102 3615 4171 τούτῳ
3635 4099 3723 4153 ὑπ’

2136 4192 2300 4248 αὐτοῦ
2340 4194 2736 4265 γεγενημένον,
2768 4194 2829 4247 οὐ
2859 4193 3070 4248 δίκαιον
3112 4192 3355 4265 ἡγοῦμαι
3392 4191 3723 4265 παραδοῦναι

2137 4288 2287 4356 σιγῇ.
2336 4286 2823 4357 Φιλαπεχθήμονες
2873 4286 2985 4358 γὰρ
3011 4285 3205 4353 ἄνδρες
3239 4286 3337 4340 καὶ
3373 4285 3723 4357 φιλολοίδοροι

2133 4378 2315 4431 λαῖκοὶ
2348 4377 2658 4449 ἐγράψαντο
2688 4378 2798 4431 τῶν
2830 4378 3145 4432 ἐπισκόπων
3176 4379 3355 4446 τινάς,
3388 4378 3487 4432 καὶ
3516 4377 3596 4449 τῷ
3631 4376 3722 4447 βα·

2140 4470 2279 4523 σιλεῖ
2335 4469 2436 4533 τὰς
2490 4471 2807 4542 ἐγγράφους
2863 4470 3210 4541 κατηγορίας
3275 4469 3577 4524 ἐπέδοσαν·
3636 4468 3723 4521 καὶ

2137 4558 2313 4611 ταῦτα
2357 4558 2463 4629 πρὸ
2490 4558 2591 4629 τῆς
2641 4559 3025 4630 γεγενημένης
3076 4558 3353 4632 ὁμονοίας.
3418 4560 3480 4612 Ὁ
3535 4559 3594 4612 δέ
3636 4557 3726 4610 καὶ

2136 4650 2341 4714 ταύτας
2391 4649 2706 4719 δεξάμενος,
2744 4646 2865 4703 εἶτα
2884 4651 3083 4722 δεσμὸν
3114 4650 3342 4715 ἐπιθεὶς,
3382 4650 3479 4704 καὶ⁸
3510 4649 3591 4721 τῷ
3632 4651 3722 4705 δα·

2136 4743 2340 4813 κτυλίῳ
2362 4742 2771 4814 σημηνάμενος,
2797 4741 3140 4813 φυλαχθῆναι
3164 4741 3259 4796 καὶ
3279 4740 3486 4804 ταύτας
3509 4740 3723 4794 ἐκέλευ-

2139 4849 2253 4886 σεν.
2285 4827 2420 4885 Εἶτα
2458 4831 2560 4905 τὴν
2608 4831 2886 4901 σύμϐασιν
2908 4832 3008 4902 τῆς
3037 4829 3292 4907 ὁμονοίας
3322 4828 3723 4900 ἐργασάμενος,

2136 4923 2340 4988 ταύτας
2368 4924 2841 4996 προτκομισθῆναι
2868 4923 3205 4996 προστάξας,
3240 4923 3528 4991 παρόντων
3557 4918 3717 4973 ἁπάν-

2136 5032 2246 5069 των
2282 5015 2619 5081 ἐπισκὸπων,
2650 5016 2786 5087 πυρὶ
2816 5015 2913 5070 καὶ
2952 5015 3157 5078 ταύτας
3187 5014 3551 5076 κατέκαυσεν,
3577 5011 3720 5081 ὁμω-

2149 5105 2330 5178 μοκὼς
2371 5106 2541 5178 μηδὲν
2569 5106 2679 5160 τῶν
2715 5105 3186 5179 ἐγγεγραμμένων
3223 5104 3621 5172 ἀνεγνωκέναι.
3650 5103 3722 5154 Οὐ

2130 5202 2239 5272 γὰρ
2265 5199 2367 5271 ἔφη
2402 5201 2604 5271 χρῆναι
2629 5199 2738 5254 τῶν
2764 5199 2955 5269 ἱερέων
2985 5198 3056 5253 τὰ
3083 5196 3546 5270 πλημμελήματα
3584 5192 3719 5262 δῆλα

2129 5295 2243 5355 τοῖς
2288 5291 2504 5356 πολλοῖς
2558 5292 2828 5360 γίνεσθαι,
2868 5292 2958 5345 ἵνα
2991 5292 3066 5364 μὴ
3098 5289 3398 5344 σκανδάλου
3448 5288 3723 5359 πρόφασιν

2132 5385 2383 5438 ἐντεῦθεν
2424 5385 2816 5455 λαμϐάνοντες,
2852 5383 3022 5448 ἀδεῶς
3073 5382 3452 5454 ἁμαρτάνωσι.
3498 5378 3637 5432 Φασὶ
3666 5375 3721 5430 δὲ

2139 5477 2304 5531 αὑτὸν
2332 5477 2610 5531 καὶτοῦτο
2641 5477 2978 5548 προσθεῖναι,
3011 5475 3091 5539 ὡς
3125 5476 3174 5529 εἱ
3204 5472 3487 5542 αὐτόπτης
3508 5466 3720 5524 ἐπισκό-

2138 5587 2239 5625 που
2258 5571 2501 5639 ἐγεγόνει
2519 5569 2792 5643 [γίνοιτο],
2816 5569 2994 5641 γάμον
3016 5567 3303 5641 ἀλλότριον
3319 5564 3714 5637 διορύττοντοςο
