4042 6142
396 295 535 363 1245

1276 299 1642 360 HISTORIA
1679 300 2011 363 CONCILII
2048 305 2356 371 NIC/ENI.
2383 336 2453 346 -
2482 310 2630 371 LIB.
2670 311 2755 374 ῐῐ.

3510 304 3648 373 1246

393 405 738 477 συγκαλύψαι
780 404 893 479 [ἂν]
924 407 982 462 ἐν
1014 409 1081 478 τῇ
1119 408 1411 479 πορφυρίδι
1436 410 1497 462 τὸ
1524 409 1863 480 παρανόμως
1886 427 1956 478 γι‹

2072 413 2332 486 ﬂagitium
2359 428 2760 481 conlecturum,
2785 433 2852 474 ne
2875 417 3200 473 intuentium
3233 416 3375 474 oculi
3403 416 3648 473 facinore

389 498 637 568 νόμενον,
665 498 739 562 ὡς
761 498 827 553 ἀν
863 497 939 570 μὴ
963 497 1165 569 βλάψαι
1191 498 1318 563 τοὺς
1344 498 1658 567 θεωμένους
1688 500 1796 553 τῶν
1825 501 1971 570 δρω-

392 590 570 661 μένων
592 592 626 662 ή
656 590 798 661 ὄψις.
823 591 1072 662 Τοσαύτη
1101 591 1135 661 ἠ
1164 588 1259 644 τοῦ
1299 588 1565 660 βασιλέως
1587 590 1841 663 θεοφιλὴς
1872 594 1968 648 καὶ

389 683 716 751 ἀξιάγαστος
763 683 999 748 σύνεσις.
1051 683 1176 736 Ἐπὶ
1233 682 1438 746 πολλὰς
1491 682 1550 737 δὲ
1596 684 1843 755 ἡμέρας,
1906 685 1969 739 ού

392 775 500 845 μὴν
540 774 588 828 δ’
624 775 759 829 ἀλλά
800 776 897 829 καὶ
938 774 1167 846 καιροὺς
1206 772 1407 844 ἐφεξῆς
1434 777 1831 847 συνερχόμενος
1855 778 1969 840 τοῖς

387 864 710 929 ἐπισκόποις
750 866 780 918 6
826 864 1113 934 βασιλεὺς,
1159 864 1278 935 ἅμα
1335 865 1516 929 αὐτοῖς
1562 865 1631 919 τά
1678 867 1811 937 asp).
1865 868 1967 938 τῆς

387 955 623 1020 πίστεως
644 956 994 1028 διελάμϐανε,
1016 957 1119 1020 τάς
1146 973 1209 1010 τε
1228 957 1520 1029 διαφόρους
1538 957 1717 1012 αὐτῶν
1742 959 1967 1031 γνώμας

383 1046 689 1114 ἀνελέγετο.
716 1041 898 1101 Ἦσαν
940 1046 1070 1118 γάρ.
1103 1046 1286 1111 καθὼς
1328 1046 1591 1111 πολλάκις
1630 1050 1961 1121 εἰρήκαμεν,

384 1138 444 1190 ἐν
478 1137 662 1201 αὐτοῖς
682 1153 829 1199 τινες
856 1138 971 1201 τοῖς
995 1135 1279 1206 ἀθεμίτοις
1315 1136 1529 1207 Ἀρείου
1554 1137 1789 1209 δόγμασι
1822 1157 1961 1211 συμ-

384 1227 697 1298 φερόμενοι,
740 1229 837 1281 καὶ
876 1227 956 1298 τῷ
1004 1227 1204 1299 πλήθει
1249 1227 1359 1281 τῶν
1407 1228 1579 1297 ἀγίων
1619 1230 1958 1303 ἐπισκόπων,

381 1318 490 1372 τῶν
533 1319 633 1388 τῆς
670 1318 928 1389 ἀληθείας
958 1318 1448 1390 ύπερμαχούντων,
1475 1321 1958 1391 άντιπράττοντες.

393 1404 535 1458 Ἀλλ’
576 1407 626 1459 οί
671 1405 886 1477 ἄριστοι
937 1407 1035 1461 καὶ
1081 1408 1150 1462 τά
1194 1407 1372 1462 πάντα
1400 1409 1685 1482 ίερώτατοι
1715 1413 1961 1483 Πατέρες

379 1495 556 1565 ἡμῶν,
601 1495 680 1567 τῷ
721 1497 823 1567 τῆς
870 1498 1131 1568 ἀληθείας
1176 1498 1327 1570 ὅπλῳ
1376 1501 1802 1574 ἠσφαλισμένοι,
1861 1505 1959 1577 τὴν

377 1584 658 1658 λαμπρὰν,
701 1589 795 1643 καὶ
838 1590 1142 1662 ἀμώμητον
1186 1591 1371 1645 πίστιν
1429 1593 1568 1663 μετά
1632 1597 1958 1667 παρρησίας

378 1676 677 1747 ἐκήρυττον
696 1695 710 1711 ’
742 1680 862 1749 μεθ’
892 1672 970 1734 ὧν
1004 1681 1099 1734 καὶ
1123 1681 1472 1753 ὁμολογητῶν
1499 1683 1669 1749 πολὺς
1695 1684 1952 1758 ἀριθμὸς,

378 1766 787 1838 ἀνθισταμένων
826 1773 941 1836 τοῖς
985 1772 1233 1837 ἐθέλουσι
1282 1774 1686 1845 περιποιεῖσθαι
1738 1777 1807 1831 τά
1862 1795 1958 1851 μοι

375 1858 557 1933 χθηρά
581 1860 677 1916 τοῦ
718 1863 929 1935 Ἀρείου
956 1864 1227 1935 δόγματα.

974 1974 1225 2029 ΚΕΦᾹΛ.
1259 1977 1337 2031 9'.

678 2088 819 2157 Περὶ
852 2087 961 2144 τοῦ
1007 2090 1182 2161 ἁγίου
1231 2092 1644 2161 Παφνουτιου.

447 2195 556 2256 Ἦν
582 2201 641 2257 δὲ
672 2202 730 2257 ἐν
760 2203 947 2266 αὐτοῖς
967 2204 1062 2257 καὶ
1086 2205 1115 2257 6
1150 2204 1325 2274 μέγας
1356 2206 1454 2259 καὶ
1508 2204 1666 2277 ἅγιος
1698 2208 1955 2278 Παφνού-

375 2309 489 2357 τιος
511 2293 603 2348 τὸν
638 2292 749 2346 τῶν
801 2292 1150 2364 ὁμολογητῶν
1200 2295 1298 2348 καὶ
1358 2297 1684 2351 ἐπισκόπων
1722 2316 1958 2355 κατακο-

377 2385 532 2456 σμῶν
565 2385 745 2456 χορὸν,
806 2384 949 2456 ἀνὴρ
980 2383 1301 2452 Αἰγύπτιος,
1351 2386 1488 2441 Θεοῦ
1536 2388 1593 2442 δὲ
1631 2388 1953 2458 ἄνθρωπος,

375 2476 441 2526 ἐκ
469 2474 570 2543 τῆς
611 2472 941 2545 ὁμηγύρεως
968 2474 1221 2546 ἐκείνης,
1277 2470 1339 2530 οῦ
1388 2477 1697 2548 Μαξιμῖνος
1735 2480 1764 2533 6
1797 2480 1955 2550 βασι-

374 2566 496 2629 λεὺς
520 2567 611 2620 τὸν
650 2566 822 2632 δεξιὸν
871 2565 1141 2639 ἐξώρυξεν
1172 2567 1475 2640 ὀφθαλμὸν,
1516 2573 1613 2625 καὶ
1663 2572 1763 2636 τὰς
1796 2573 1954 2640 λαιάς

373 2658 810 2730 ἐνευροκόπησεν
859 2659 1106 2728 ἀγκύλας
1151 2661 1428 2733 παραδοὺς
1492 2665 1606 2728 τοῖς
1668 2666 1954 2736 μετάλλοις

375 2750 716 2821 συνέχεσθαι.
757 2751 847 2804 Ἐν
872 2744 916 2819 ᾧ
953 2753 1190 2824 τοσαύτη
1232 2749 1302 2825 ἦν
1354 2755 1387 2826 ή
1430 2754 1526 2809 τοῦ
1567 2755 1704 2811 Θεοῦ
1753 2760 1949 2832 χάρις,

373 2838 515 2893 ὥστε
544 2843 747 2910 σημεῖα
783 2840 961 2895 αὐτῶν
993 2846 1169 2900 ποιεῖν
1202 2845 1370 2917 μηδὲν
1399 2846 1607 2902 ἐλάττω
1636 2849 1747 2903 τῶν
1777 2851 1949 2906 πάλαι

373 2927 479 2982 ὑπὸ
503 2929 611 2984 τῶν
637 2930 952 3001 ἀποστόλων
980 2935 1388 3006 γεγενημένων.
1440 2938 1599 3010 Λόγῳ
1645 2939 1755 3013 γὰρ
1795 2942 1945 3015 μόνῳ

370 3019 496 3081 τοὺς
526 3019 789 3090 δαίμονας
812 3023 1137 3091 ἐφυγάδευε,
1174 3022 1268 3080 καὶ
1296 3028 1430 3100 εὐχῇ
1470 3029 1763 3102 διαφόρους
1791 3034 1946 3089 ἀσθε-

2076 504 2192 579 ipso
2217 507 2620 563 oﬂ'endereutur
2650 526 2664 564 :
2700 517 2850 563 tanta
2880 519 3003 564 erat
3049 508 3400 576 imperatoris
3439 516 3495 563 et
3534 517 3644 562 tam

2070 598 2159 665 pia
2193 606 2356 669 atque
2389 600 2731 655 admirabilis
2763 599 3071 668 prudentia.
3096 598 3202 654 Per
3229 598 3413 668 plures
3453 607 3641 667 postea

2069 683 2205 748 dies,
2240 686 2349 742 into
2381 702 2514 742 vero
2547 697 2601 743 et
2626 702 2723 757 per
2756 702 2972 742 menses
3006 686 3191 757 plures
3217 702 3340 741 cum
3378 686 3646 756 episcopis

2069 770 2121 825 in
2155 787 2320 826 unum
2351 773 2533 829 locum
2565 775 2952 841 conveniebat,
2985 784 3039 829 et
3063 790 3170 829 una
3196 790 3318 829 cum
3353 774 3420 828 iis
3451 775 3517 827 de
3541 774 3646 830 (ide

2068 862 2429 931 disceptabat,
2468 874 2632 935 atque
2658 866 2917 941 diversas,
2950 880 3138 922 eorum
3180 864 3481 920 sententias
3526 877 3647 933 sup-

2064 953 2315 1024 putabat.
2354 955 2519 1011 Erant
2564 957 2732 1021 enim,
2783 965 2841 1011 ut
2889 957 3172 1028 saepeiam
3200 956 3459 1022 diximus,
3495 956 3645 1010 inter

2065 1060 2158 1101 eos
2184 1048 2426 1102 nonnulli
2472 1050 2563 1118 qui
2615 1047 2842 1103 nefariis
2890 1049 3006 1103 Arii
3052 1049 3324 1118 dogmatis
3370 1047 3646 1116 suil'ragav

2064 1135 2285 1203 bantur,
2309 1147 2365 1193 et
2405 1138 2740 1194 multitudini
2783 1149 3101 1194 sanctorum
3135 1138 3519 1207 episcoporum
3551 1152 3644 1191 ve-

2065 1226 2282 1283 ritatem
2314 1231 2771 1300 propugnantium
2815 1231 3249 1286 adverSabantur
3291 1229 3503 1284 sedulo.
3533 1227 3641 1283 Alii

2061 1333 2191 1375 vero
2244 1321 2433 1390 optimi
2478 1330 2535 1376 et
2577 1322 2907 1377 sanctissimi
2974 1321 3163 1377 Patres
3219 1322 3388 1375 nostri
3442 1323 3641 1375 verita-

2064 1409 2133 1467 tis
2187 1412 2354 1466 armis
2399 1413 2616 1480 muniti,
2674 1414 2965 1483 gloriosam
3011 1423 3067 1469 et
3107 1415 3438 1485 inculpatam
3482 1412 3639 1466 ﬁdem

2063 1517 2254 1574 magna
2323 1519 2445 1559 cum
2520 1504 2772 1561 libertate
2832 1507 3196 1576 praedicabant
3252 1524 3266 1561 :
3338 1517 3461 1559 cum
3520 1503 3643 1572 qui-

2061 1591 2165 1647 bus
2203 1608 2431 1663 magnus
2458 1593 2624 1650 etiam
2676 1595 3053 1651 couiessorum
3085 1610 3347 1650 numerus
3377 1602 3518 1659 erat,
3548 1591 3640 1661 qui

2061 1681 2369 1739 volentibus
2396 1699 2652 1755 perversa
2697 1685 2816 1741 Arii
2859 1689 3110 1759 dogmata
3150 1684 3457 1742 defendere
3497 1693 3642 1740 stre-

1992 1759 2031 1814 Β
2063 1787 2170 1829 nue
2203 1774 2553 1831 resistebant.

2703 1972 2866 2029 ΜΡ.
2916 1971 3009 2030 IX.

2532 2086 2605 2141 De
2632 2096 2817 2142 sancto
2850 2087 3175 2158 Papimutio.

2134 2193 2261 2249 Erat
2300 2195 2444 2251 inter
2470 2210 2565 2251 eos
2614 2212 2840 2269 magnus
2874 2195 2961 2252 ille
3007 2209 3333 2267 sanctusque
3380 2197 3640 2266 Paphnu-

2063 2286 2190 2353 tius,
2215 2287 2588 2343 confessorum
2624 2298 2679 2342 et
2704 2289 3081 2359 episcoporum
3117 2289 3282 2344 coetui
3307 2303 3412 2343 non
3443 2303 3635 2358 parum

2061 2380 2365 2435 ornamenti
2399 2378 2653 2447 efferens,
2691 2396 2890 2452 genere
2924 2381 3237 2452 Egyptius,
3302 2384 3463 2436 homo
3520 2380 3638 2447 Dei,

2061 2486 2126 2527 ex
2160 2472 2264 2528 illis
2306 2486 2443 2542 quos
2496 2472 2825 2528 Maximinus
2873 2475 3100 2529 dextero
3150 2473 3311 2529 oculo
3339 2473 3559 2538 emisso,
3584 2483 3638 2527 et

2061 2564 2289 2619 sinistro
2317 2565 2521 2634 poplite
2572 2566 2810 2631 succiso,
2858 2567 2925 2621 ad
2982 2565 3196 2621 metalla
3260 2565 3637 2621 damnaverat.

2061 2656 2165 2713 Sed
2196 2645 2379 2714 in'hoc
2423 2668 2570 2713 tanta
2600 2660 2692 2715 Dei
2744 2661 2916 2731 gratia
2983 2659 3250 2724 elucebat,
3277 2668 3336 2714 ut
3376 2660 3638 2715 miracula

2059 2762 2156 2816 per
2186 2762 2309 2803 eum
2345 2749 2538 2804 tierent
2571 2765 2678 2805 non
2707 2752 2920 2806 minora
2952 2751 3057 2819 his,
3085 2766 3208 2822 quze
3235 2751 3364 2806 olim
3412 2754 3481 2809 ab
3509 2766 3639 2822 apo-

2057 2840 2214 2895 stolis
2247 2839 2389 2895 facta
2436 2851 2585 2896 sunt.
2636 2841 2772 2897 Nam
2804 2842 3079 2899 daemonas
3110 2843 3230 2898 solo
3270 2844 3440 2899 verbo
3472 2843 3628 2915 fuga-

2057 2931 2171 2995 bat,
2202 2942 2255 2986 et
2287 2947 2465 3003 aegros
2506 2932 2690 3003 plures
2721 2934 2969 2988 oratione
3022 2934 3285 2989 curabat:
3321 2934 3415 2989 sed
3445 2944 3502 2988 et
3530 2948 3637 2988 ca:-

2058 3023 2137 3079 cis
2161 3023 2356 3092 visum,
2377 3022 2512 3080 fusis
2537 3024 2604 3079 ad
2647 3023 2821 3081 Deum
2871 3026 3145 3095 precibus,
3202 3025 3475 3080 tribuebat
3521 3042 3537 3079 :
3575 3033 3632 3079 et

371 3107 597 3173 νοῦντας
647 3111 951 3183 ἐθεράπευε
983 3153 1000 3180 ,
1057 3117 1287 3186 τυφλοῖς
1340 3136 1400 3173 τε
1451 3120 1513 3174 τὸ
1563 3121 1807 3192 βλέπειν,
1857 3126 1952 3181 τὸν

2061 3110 2368 3187 paralyticis
2392 3115 2694 3172 naturalem
2749 3115 3063 3171 ﬁrmitatem
3115 3116 3468 3170 restituebat:
3523 3113 3641 3169 elli-

370 3199 503 3253 θεὸν
524 3200 925 3274 ἐξαιτούμενος,
959 3206 1257 3278 παρείχετο
1278 3225 1292 3240 ο
1328 3210 1423 3263 καὶ
1452 3212 1793 3283 παρεθέντας
1815 3216 1952 3286 πρὸς

370 3292 469 3365 τὴν
498 3294 640 3349 κατά
672 3294 835 3364 φύσιν
854 3291 991 3367 ἦγεν
1014 3299 1221 3371 ἀκμὴν,
1252 3301 1321 3356 τά
1347 3302 1485 3373 μέλη
1510 3305 1756 3376 ἐνεργεῖν
1782 3307 1951 3363 ποιῶν

371 3385 559 3454 ὑγιῶς.
601 3388 696 3441 Ὃν
725 3389 753 3442 6
789 3387 1040 3458 βασιλεὺς
1075 3390 1282 3463 σφόδρα
1346 3394 1436 3449 διὰ
1469 3397 1637 3468 τιμῆς
1664 3397 1789 3471 ἦγε,
1826 3417 1953 3454 συν-

370 3475 512 3546 εχῶς
538 3495 596 3531 τε
628 3479 721 3533 ἐπὶ
741 3478 812 3533 τὰ
836 3479 1083 3549 βασίλεια
1110 3484 1513 3556 μετεπέμπετο,
1535 3489 1628 3542 καὶ
1653 3489 1746 3544 τὸν
1765 3489 1952 3562 ἐξορυ·

370 3564 510 3635 γμδν
539 3566 840 3636 κατεφίλει,
863 3569 1099 3640 τοσαύτη
1133 3572 1348 3644 προσῆν
1382 3572 1459 3645 τῷ
1483 3576 1702 3631 εὐσεϐεῖ
1734 3577 1953 3650 βασιλεῖ

372 3660 511 3730 πρὸς
531 3662 657 3726 τοὺς
675 3661 865 3731 ἁγίους
899 3663 1107 3728 πίστις.

818 3773 821 3775 ’
983 3778 1238 3833 ΚΕΦΔΛ.
1290 3782 1350 3835 I'.

665 3890 805 3957 Περὶ
858 3890 965 3947 τοῦ
1012 3892 1187 3962 ἁγίου
1234 3893 1640 3964 Σπυρίδωνος.

441 4001 557 4057 Καὶ
585 4002 650 4075 δὴ
673 4004 769 4058 καὶ
799 4007 1085 4076 Σπυρίδων
1117 4005 1368 4078 Κύπριός
1400 4022 1485 4072 τις
1506 4008 1647 4081 ἀνὴρ
1676 4009 1949 4083 ἐπίσημος

371 4094 431 4146 ἐν
466 4094 674 4167 Κυρίῳ,
705 4098 801 4150 καὶ
824 4098 924 4169 τὴν
953 4100 1016 4152 ἐκ
1038 4098 1230 4161 παιδὸς
1260 4100 1585 4171 ποιμενικὴν
1617 4101 1728 4172 (l0)
1757 4105 1951 4174 πεῖραν

371 4188 438 4257 τῇ
470 4186 564 4240 τοῦ
597 4188 836 4259 Χριστοῦ
882 4191 1087 4262 ποίμνῃ
1143 4189 1573 4262 καθιερωμένος,
1627 4194 1951 4266 προφητικῷ

2057 3207 2207 3262 ciens
2228 3216 2285 3262 ut
2308 3209 2550 3263 membra
2574 3222 2707 3263 sana
2730 3207 2844 3263 suis
2861 3207 3217 3278 fungerentur
3239 3206 3451 3261 olliciis.
3486 3206 3638 3262 llnnc

2058 3298 2357 3369 imperator
2381 3313 2595 3356 summo
2623 3299 2678 3355 in
2709 3299 2917 3356 honore
2941 3300 3151 3364 habuit,
3199 3308 3255 3353 et
3284 3298 3483 3368 saepius
3511 3313 3636 3353 eum

2059 3388 2200 3443 intra
2226 3389 2483 3458 palatium
2513 3399 2797 3446 evocatum
2821 3390 3308 3459 complectebatur,
3340 3398 3393 3444 et
3421 3387 3636 3442 oculum

2058 3477 2314 3535 etl‘ossum
2347 3482 2586 3538 subinde
2611 3482 3067 3538 exosculabatur:
3119 3492 3267 3535 tanta
3322 3489 3440 3536 erat
3494 3479 3637 3549 apud

2058 3571 2205 3640 pium
2234 3573 2618 3644 imperatorem
2675 3585 2988 3631 sanctorum
3045 3574 3287 3630 virorum
3342 3572 3641 3629 auctoritas

2057 3671 2112 3719 et
2145 3665 2340 3736 gratia.

2718 3779 2872 3835 CAP.
2918 3779 2987 3834 Χ.

2440 3877 2443 3879 ’
2533 3891 2609 3946 De
2637 3902 2818 3946 sancto
2854 3892 3174 3963 Spyridone.

2132 4004 2399 4076 Sl‘yl‘idon
2422 4004 2583 4059 etiam
2605 4002 2837 4076 Cyprius
2866 4004 2950 4059 vir
2974 4005 3200 4075 insignis
3239 4006 3293 4061 in
3329 4009 3556 4062 Domino
3569 4008 3638 4074 ",

2060 4098 2152 4167 qui
2193 4112 2223 4150 a
2276 4096 2508 4166 pueritia
2545 4096 2839 4165 pastoralis
2895 4097 3020 4150 vitae
3078 4097 3387 4153 rudimenta
3432 4098 3638 4154 Christi

2059 4187 2205 4258 gregi
2236 4185 2532 4251 devoveas,
2566 4194 2621 4241 et
2659 4186 3034 4256 propheticum
3068 4186 3234 4241 vitam
3268 4201 3434 4256 agens
3479 4189 3663 4265 inno-~

374 4278 476 4350 βίῳ
503 4279 880 4350 διαγινόμενος
909 4280 1240 4350 ἐγνωρίξετο
1263 4298 1277 4313 ο
1301 4282 1361 4346 ὃς
1396 4284 1493 4337 καί
1517 4301 1583 4353 γε
1611 4285 1817 4340 διέπων
1848 4288 1950 4358 τὴν

2062 4277 2424 4348 tuitzquique
2445 4276 2819 4347 episcopatum
2867 4276 3030 4330 etiam
3078 4276 3495 4343 administrans,
3529 4293 3642 4333 non

374 4372 704 4442 ἐπισκοπὴν,
765 4373 859 4425 τοῦ
922 4373 1202 4444 ποιμένειν
1252 4373 1324 4427 τά
1379 4374 1486 4428 [δια
1537 4376 1790 4448 πρόϐατα
1848 4378 1950 4432 οὐκ

2061 4370 2272 4426 destitit
2306 4383 2435 4425 oves
2457 4383 2584 4424 suas
2611 4381 2867 4438 pascere;
2912 4366 3047 4421 adeo
3075 4366 3252 4422 bonus
3280 4379 3400 4422 erat
3445 4378 3496 4422 et
3552 4383 3641 4436 pa-

373 4461 630 4518 ἐπαύετο.
681 4460 838 4516 Οὕτω
880 4462 939 4516 δὲ
968 4458 1036 4533 ἦν
1073 4464 1307 4537 χρηστδς
1342 4464 1435 4517 καὶ
1488 4466 1833 4533 ἀνεξίκακος,
1866 4468 1948 4522 ὅτι
1985 4466 2028 4523 D
2058 4463 2221 4525 tiens,
2253 4468 2312 4516 ιιι
2344 4475 2465 4515 cum
2498 4458 2740 4514 latrones
2779 4458 3001 4528 quidam
3031 4466 3192 4512 noctu
3238 4457 3292 4511 in
3337 4458 3478 4513 ovile
3522 4457 3647 4525 eius

372 4551 589 4623 λῃστῶν
657 4554 846 4622 ἐφόδου
910 4554 1047 4627 δόλῳ
1098 4555 1518 4626 προσϐαλόντων
1587 4560 1654 4628 τῇ
1710 4558 1945 4633 ποίμνῃ,

2063 4552 2408 4622 irrupissem,
2439 4561 2491 4606 et
2520 4549 2747 4605 occultis
2790 4563 2855 4602 ac
2883 4548 3073 4603 invisis
3100 4547 3421 4616 quibusdam
3452 4550 3639 4604 vincu-

372 4640 631 4712 ἀοράτοις
679 4659 739 4696 τε
781 4641 999 4714 δεσμοῖς
1029 4645 1418 4716 κρατουμένων
1449 4646 1735 4718 κινηθῆναί
1769 4666 1832 4702 τε
1866 4650 1940 4720 μὴ

2061 4647 2125 4703 lis
2154 4648 2552 4711 detinerentur,
2585 4659 2684 4700 nec
2707 4645 2833 4700 inde
2857 4658 3072 4698 movere
3103 4658 3224 4699 sese
3256 4659 3427 4713 usque
3454 4644 3520 4699 ad
3541 4660 3638 4698 au-

373 4729 687 4802 δυναμένων
712 4733 817 4798 ἕως
850 4734 1016 4805 πρωῒ,
1056 4737 1285 4799 ἐπιστὰς
1310 4737 1338 4789 ὁ
1370 4737 1665 4809 μακάριος,
1691 4738 1756 4793 δι’
1782 4739 1950 4811 εὐχῆς

2061 4754 2239 4794 roram
2271 4745 2527 4808 possent:
2557 4737 2944 4805 superveniens
2973 4736 3183 4802 beatus,
3236 4735 3470 4790 obtinuit
3511 4750 3637 4804 pre-

375 4822 635 4894 ἀνεθῆναι
693 4825 893 4887 αὐτοῦς
938 4826 1037 4895 τῆς
1069 4827 1301 4899 συνοχῆς
1349 4832 1534 4882 ποιεῖ·
1567 4831 1628 4883 ού
1665 4832 1772 4903 μὴν
1815 4833 1953 4887 ἀλλά

377 4916 472 4969 καὶ
497 4916 606 4970 τῶν
636 4919 806 4988 κριῶν
828 4918 921 4971 τὸν
965 4918 1260 4991 κράτιστον
1300 4922 1684 4992 ἀποιχομένοις
1714 4923 1950 4990 δίδωσιν,

377 5004 568 5058 εἰπών·
592 5005 823 5072 Λάϐετε,
855 4998 1214 5072 ὢνεανίσκοι,
1245 5009 1376 5081 πρὸς
1404 5011 1712 5082 ἀπόχρησιν
1739 5012 1951 5078 τοῦτον,

380 5097 456 5167 μὴ
486 5098 757 5170 ἄπρακτοι
796 5099 1049 5163 ἀπιόντες
1087 5103 1154 5172 τῇ
1188 5100 1343 5153 νυκτὶ
1394 5103 1568 5174 ταύτῃ
1615 5103 1683 5157 δι’
1713 5103 1815 5176 ἐμὲ
1857 5105 1953 5175 τὴν

375 5189 559 5242 αἰτίαν
601 5190 700 5260 τῆς
738 5191 971 5259 ἀπορίας
1021 5191 1481 5263 καταμέμψησθε.
1519 5194 1699 5248 Πολλά
1733 5196 1832 5264 μὲν
1859 5197 1953 5250 καὶ

377 5277 515 5332 ἄλλα
539 5279 797 5350 θαύματα
825 5281 956 5352 περὶ
977 5280 1074 5333 τοῦ
1108 5282 1263 5349 άγίου
1294 5283 1486 5337 τούτου
1515 5285 1857 5358 ἀκηκόαμεν,
1891 5288 1951 5343 ἒν

376 5368 437 5424 δέ
462 5371 525 5423 ἐκ
556 5370 767 5425 πολλῶν
800 5371 1218 5444 παραθήσομεν.

451 5547 496 5580 ³²
533 5546 665 5604 Vide
697 5548 1004 5616 Socratem,
1036 5547 1072 5602 l.
1107 5564 1146 5615 ι,
1177 5563 1227 5604 c.
1253 5549 1305 5604 l.

2057 4829 2209 4884 cibus
2255 4837 2312 4882 ut
2363 4828 2704 4883 solverentur
2734 4827 3003 4880 vinculis:
3046 4826 3152 4879 imo
3200 4839 3331 4879 vero
3404 4824 3636 4879 arietem

2056 4923 2213 4992 longe
2242 4921 2751 4992 praestantissimum
2785 4920 3108 4974 abeuntibus
3131 4918 3302 4982 dedit,
3346 4917 3596 4987 inquiens
3621 4936 3641 4973 :

2054 5012 2298 5083 Accipite
2322 5010 2757 5079 ltunc,juvenes,
2787 5011 2850 5065 ad
2880 5024 3033 5065 usum
3071 5021 3333 5073 vestrum,
3361 5023 3428 5063 ne
3473 5024 3532 5063 re
3557 5009 3637 5062 in-

2055 5105 2196 5159 fecta
2226 5105 2592 5171 discedentes,
2630 5119 2716 5158 me
2742 5103 2863 5158 'ltac
2900 5113 3063 5157 nocte
3094 5101 3287 5171 inopia
3324 5107 3518 5154 vestra:
3541 5114 3645 5153 au-

2056 5205 2262 5249 storem
2307 5196 2592 5250 accuselis.
2657 5193 2815 5249 Plura
2872 5195 3034 5249 etiam
3085 5193 3192 5247 alia
3247 5192 3514 5247 mirabilia
3568 5191 3642 5246 de

2055 5285 2157 5340 hoc
2191 5295 2379 5342 sancto
2401 5287 2739 5345 audivimus:
2771 5301 2935 5341 unum
2969 5294 3147 5339 autem
3172 5299 3237 5339 ex
3294 5283 3480 5339 multis
3510 5296 3640 5354 pro-

2055 5391 2337 5446 ponemus.

453 5684 569 5757 (lO)
605 5686 701 5743 Ms.
753 5685 933 5743 Codex
988 5686 1322 5743 Bibl.Paris.
1357 5685 1635 5744 SocJesu
1681 5690 2052 5760 ποιμαινικήν.
2096 5688 2263 5747 llsnn.
