4042 6142
446 283 581 352 1247

1089 402 1239 459 CAP.
1276 402 1369 459 XI.

449 513 722 581 Quomodo
751 514 921 584 ﬁliam
947 526 1209 572 mortuam
1264 519 1574 575 excitaverit
1626 528 1842 591 propter
1888 538 2025 578 mer-

1116 597 1372 645 catorem.
1760 620 1770 628 ‘

518 696 715 753 Beatus
737 696 825 751 ille
847 706 901 753 et
932 697 1164 753 celebris
1207 698 1372 755 homo
1398 698 1494 756 Dei
1516 700 1583 770 ³⁸,
1634 701 1799 758 tiliam
1838 703 2029 759 habuit

446 792 656 845 Irenem
686 790 921 855 nomine,
961 805 1079 860 qua:
1109 793 1225 845 seni
1262 792 1470 847 utiliter
1492 793 1828 862 ministrans,
1873 794 2028 865 virgo

445 886 608 939 vitam
637 899 851 939 omnem
908 884 1221 939 castissime
1255 887 1386 955 egit.
1445 874 1576 941 Po'st
1626 887 1744 957 ejus
1796 898 2027 942 mortem

446 985 713 1028 mercator
743 974 962 1044 quidam
994 990 1222 1045 peregre
1262 978 1506 1044 rediens,
1542 989 1696 1050 rogat
1724 994 1911 1035 senem
1928 976 2028 1035 de-

445 1069 704 1136 positum,
764 1068 905 1136 quod
936 1067 1055 1136 ejus
1080 1068 1206 1124 ﬁliae
1235 1070 1432 1141 virgini
1475 1071 1799 1142 jampridem
1850 1073 2029 1129 credi-

443 1159 618 1215 derat.
668 1157 800 1213 Rem
833 1174 1051 1213 omucm
1078 1160 1268 1215 beatus
1309 1159 1838 1232 Spyridon'prorsus
1871 1162 2028 1231 igno-

443 1250 617 1304 ravit:
645 1249 738 1304 sed
763 1264 885 1303 cum
908 1250 1070 1304 homo
1094 1249 1400 1320 depositum
1425 1250 1621 1320 saepius
1638 1250 1924 1321 ﬂagitaret,
1946 1264 2032 1308 se-

444 1358 570 1408 nex,
595 1351 946 1412 posteaquam
987 1341 1113 1395 illud
1141 1358 1237 1412 per
1291 1343 1510 1399 domum
1535 1358 1749 1399 sursum
1779 1359 1844 1399 ac
1873 1344 2031 1400 deor-

443 1447 561 1488 sum
631 1433 1062 1503 perquisivisset,
1105 1448 1209 1489 nec
1257 1436 1550 1504 reperisset
1601 1451 1850 1505 usquam,
1913 1436 2030 1491 ani-

445 1540 535 1580 mo
586 1527 882 1596 angebatur
940 1528 1176 1596 graviter
1234 1546 1249 1585 :
1302 1538 1358 1584 et
1409 1529 1585 1584 virum
1640 1530 1879 1596 monuit,
1930 1544 2030 1586 nec

444 1616 588 1671 scire
636 1631 696 1672 se
744 1617 1034 1688 quidquam
1080 1618 1146 1674 de
1199 1620 1466 1690 deposito,
1511 1635 1612 1677 nec
1660 1635 1780 1678 esse
1814 1622 1866 1676 in
1919 1629 2030 1677 tota

443 1707 626 1762 domo.
679 1706 950 1763 Mercator
987 1719 1115 1764 tunc
1165 1710 1328 1767 altius
1374 1711 1700 1778 inclamans,
1751 1721 1807 1768 et
1854 1711 2029 1783 lacry-

443 1811 596 1851 mans
611 1796 935 1867 ejulansque
951 1799 1124 1866 poscit
1152 1799 1481 1867 depositum,
1506 1799 1792 1854 clamitans
1810 1812 2027 1869 quoque

443 1901 502 1941 se
529 1901 720 1940 manus
755 1888 1022 1943 violentas
1047 1888 1151 1943 sibi
1183 1889 1483 1953 illaturum,
1518 1890 1621 1944 nisi
1657 1890 1801 1958 quod
1840 1892 2023 1946 credi-

442 1977 545 2043 dit,
581 1978 872 2048 reciperet.
900 1979 1061 2043 Nam.
1092 1980 1288 2051 inquit,
1321 1996 1381 2037 se
1410 1983 1557 2052 quod
1585 1983 1808 2038 unicum
1833 1997 2028 2038 serva-

443 2071 523 2124 vit
552 2072 849 2127 senectutis
879 2087 990 2127 suae
1021 2074 1323 2128 subsidium
1351 2083 1405 2129 et
1430 2074 1707 2140 solatium,
1740 2077 1879 2145 apud
1916 2076 2029 2130 vir-

442 2160 623 2227 ginem
642 2161 983 2230 deposuisse.
1032 2162 1267 2219 Coactus
1301 2165 1464 2234 igitur
1502 2172 1723 2219 sanctus
1748 2166 1840 2220 ille
1860 2181 2026 2222 senex

443 2266 550 2307 una
572 2268 695 2309 cum
720 2265 1026 2311 mercatore
1057 2256 1124 2309 ad
1151 2255 1465 2325 sepulcrum
1493 2257 1614 2312 [ilice
1639 2267 1917 2327 properat,
1961 2260 2027 2313 ad

445 2351 874 2418 percontantlum
900 2364 962 2404 ea
988 2351 1059 2405 de
1087 2366 1180 2413 re;
1204 2365 1438 2418 eamque
1463 2365 1531 2405 ex
1574 2353 1796 2407 nomine
1854 2352 2029 2407 incla-

446 2448 579 2504 mat,
604 2440 759 2505 Filia,
793 2442 1074 2509 inquiens,
1104 2441 1281 2497 lrene.
1309 2440 1402 2496 llla
1429 2444 1497 2497 de
1522 2443 1773 2512 sepulcro
1799 2458 2028 2513 respono

445 2531 613 2586 dens:
649 2531 788 2598 Quid
811 2534 910 2600 vis,
947 2534 1137 2602 pater?
1177 2533 1314 2589 Tum
1363 2550 1566 2590 senex:
1634 2534 1738 2592 Ubi
1775 2535 2026 2605 posuisti,

448 2622 580 2688 lilia,
616 2626 757 2693 quod
784 2626 874 2681 hic
928 2626 1090 2681 homo
1127 2626 1226 2681 tibi
1266 2628 1540 2683 credidit?
1599 2627 1674 2682 At
1724 2627 1813 2683 illa
1849 2628 2027 2683 locum

448 2725 635 2783 aperte
666 2716 803 2782 patri
833 2716 1113 2772 indicans:
1153 2714 1213 2770 lu
1247 2732 1334 2783 eo,
1368 2718 1564 2789 inquit,
1592 2717 1710 2774 loco
1733 2718 1896 2787 jacet,
1935 2733 2029 2787 pa-

448 2815 551 2862 ter.
617 2807 713 2861 llle
741 2808 807 2862 ad
841 2807 1003 2863 tiliam
1031 2828 1043 2862 :
1071 2808 1221 2865 Vade
1259 2808 1311 2863 in
1353 2824 1509 2878 pace,
1554 2810 1661 2863 lilia
1695 2810 1870 2864 lrene.
1927 2808 2028 2864 Se-

448 2913 551 2952 nex
579 2900 796 2953 domum
825 2914 1125 2969 regressus,
1168 2901 1476 2970 depositum
1513 2901 1566 2954 in
1593 2915 1659 2954 eo
1709 2901 1826 2970 ipso
1884 2901 2023 2967 loco,

448 3003 606 3056 quem
661 2989 836 3056 puella
889 2990 1216 3060 designavit,
1276 2993 1557 3047 inventum
1608 2993 1727 3048 viro
1778 2996 2022 3050 tradidit.

1717 271 2022 354 GELASI'I
2058 292 2402 357 CYZICEN.’

2054 412 2101 468 Α

3581 294 3711 360 1248

2718 408 2973 463 ΚΕΦΑΛ.
3020 407 3121 461 ιΑν.

2132 520 2323 575 Ὅπου
2343 520 2459 591 τὴν
2489 521 2784 592 θυγατέρα
2816 521 3003 592 αὐτοῦ
3030 517 3371 574 τεθνεῶσαν
3388 518 3587 589 ἐγείρῃ
3615 518 3710 576 διὰ

2696 590 2807 646 τὸν
2844 590 3128 661 ἔμπορον.

2199 706 2491 777 Θυγατέρα
2515 706 2673 777 ἔσχεν
2702 707 2731 760 ό
2755 705 3028 777 μακάριος
3050 705 3144 759 καὶ
3165 702 3409 770 ἀοίδιμος
3434 697 3589 767 οὗτος
3616 701 3709 756 τοῦ

2127 795 2264 849 Θεοῦ
2311 796 2635 869 ἄνθρωπος,
2694 798 2936 868 Εἰρήνην
2976 796 3238 869 τοῦνομα,
3287 801 3322 872 ἥ
3365 800 3445 873 τῷ
3496 797 3712 869 γέροντι

2129 889 2460 960 προσφόρως
2499 889 2896 959 διακονήσασα,
2924 890 2981 941 ἐν
3002 890 3276 963 παρθενίᾳ
3305 892 3399 945 τὸν
3442 889 3715 963 ἀνθρώπι-

2128 997 2219 1034 νον
2275 980 2392 1051 βίον
2448 978 2784 1051 διεξέρχεται
2844 979 3276 1054 [ύπεξέρχεται].
3324 983 3547 1054 Ταύτης
3613 983 3714 1053 μὲν

2132 1070 2425 1143 θανούσης,
2456 1071 2516 1136 ἐξ
2546 1072 2860 1143 ἀποδημίας
2903 1088 2988 1135 τις
3037 1073 3280 1137 ἀναστὰς
3312 1074 3575 1144 ἔμπορος,
3613 1091 3717 1126 πα-

2131 1162 2378 1235 ραθήκην
2416 1162 2615 1234 ἀπῄτει
2635 1163 2728 1217 τὸν
2756 1165 3009 1234 γέροντα,
3062 1165 3128 1237 ἢν
3163 1167 3231 1236 τῇ
3280 1166 3448 1219 αὑτοῦ
3480 1165 3716 1236 θυγατρὶ

2129 1258 2197 1326 τῇ
2239 1253 2494 1325 παρθένῳ
2547 1249 2615 1325 ἦν
2644 1253 3047 1325 παραθέμενος.
3097 1254 3156 1308 Ὀ
3189 1255 3245 1309 δὲ
3267 1256 3539 1327 μακάριος
3566 1243 3742 1331 Σπυοξ

2134 1346 2295 1419 ρίδων
2317 1345 2554 1416 ἠγνόησε
2588 1345 2868 1410 παντελῶς
2898 1344 2998 1417 τὴν
3020 1344 3278 1399 ὑπόθεσιν
3296 1362 3310 1376 ’
3355 1346 3431 1409 ὡς
3459 1346 3518 1400 δὲ
3548 1345 3716 1409 πολὺς

2128 1430 2198 1507 ἦν
2243 1434 2595 1505 ἐπικείμενος
2643 1433 2792 1505 αύτῷ
2844 1435 2872 1487 ό
2912 1434 3235 1504 ἄνθρωπος,
3267 1434 3444 1488 πολλὰ
3469 1435 3584 1490 ἀνω
3619 1434 3715 1487 καὶ

2131 1529 2282 1581 κάτω
2310 1526 2400 1580 τὸν
2424 1521 2576 1580 οἷκον
2601 1526 2961 1597 διερευνήσας
2999 1526 3027 1577 ὁ
3047 1526 3247 1595 γέρων,
3278 1527 3377 1580 καὶ
3409 1527 3485 1597 μὴ
3512 1526 3711 1596 εὑρὼν,

2131 1618 2320 1689 ἠνιᾶτο
2375 1617 2603 1686 σφόδρα,
2649 1616 2743 1671 καὶ
2786 1615 2924 1687 πρὸς
2963 1615 3055 1669 τὸν
3110 1615 3280 1687 ἄνδρα
3314 1615 3522 1685 ἔλεγεν,
3571 1616 3715 1686 μήτε

2133 1715 2357 1781 είδέναι,
2395 1715 2534 1785 μήτε
2561 1709 2704 1767 εἶναί
2753 1729 2828 1776 τι,
2859 1713 2919 1765 ὲν
2967 1709 3047 1781 τῷ
3100 1711 3258 1781 οῐκῳ.
3299 1711 3362 1765 ⁸0
3387 1711 3445 1763 δὲ
3472 1709 3715 1780 ἔμπορος

2130 1807 2361 1873 ἐκϐοῶν,
2392 1804 2624 1877 δάκρυσί
2657 1821 2715 1858 τε
2748 1803 3132 1875 συνεχόμενος,
3172 1804 3270 1857 καὶ
3309 1802 3715 1873 ὀλοφυρόμενος

2130 1902 2251 1974 ¹ᾔτει
2279 1899 2379 1969 τὴν
2407 1896 2887 1969 παρακαταθήκην
2908 1938 2924 1963 ,
2959 1895 3134 1964 λέγων
3173 1894 3339 1950 αὐτὸν
3370 1895 3714 1965 διαχειρίσα-

2131 1991 2256 2045 σθαι
2287 1990 2385 2058 τῆς
2438 1987 2718 2050 ἀπωλείας
2747 1986 2931 2057 χάριν,
2963 1987 3012 2038 εί
3047 1984 3122 2056 μὴ
3166 1984 3323 2039 λάϐοι
3354 1984 3426 2038 τά
3467 2000 3715 2055 παρακαο

2129 2077 2678 2146 τατεθέντα,φάσκων
2699 2076 2862 2129 ἕνεκα
2881 2077 2951 2146 γή
2963 2093 3070 2148 ρως
3082 2075 3233 2146 αὐτῷ
3260 2075 3466 2145 ταύτην
3485 2076 3585 2145 τὴν
3610 2093 3712 2129 πα-

2132 2174 2405 2246 ραμυθίαν
2438 2172 2785 2244 πεφυλάχθαι
2802 2215 2814 2235 ,
2840 2173 2969 2243 παρ’
2994 2172 3133 2244 αὐτῇ
3158 2174 3226 2244 τῇ
3255 2172 3510 2243 παρθένῳ
3537 2188 3715 2242 παρα-

2131 2266 2381 2337 θέμενος.
2416 2266 2812 2333 ’Δναγκάζεται
2836 2266 3020 2318 τοίνυν
3061 2266 3090 2318 ό
3122 2263 3302 2335 γέρων
3331 2266 3360 2317 ό
3386 2265 3542 2332 ἆγιος
3570 2263 3713 2316 hcet.-

2128 2375 2220 2422 νος
2259 2357 2354 2411 ἐπὶ
2408 2356 2471 2410 τὸ
2508 2358 2700 2428 μνῆμα
2749 2357 2848 2425 τῆς
2879 2355 3153 2427 θυγατρὸς
3197 2356 3315 2425 ἅμα
3353 2353 3431 2424 τῷ
3485 2354 3713 2425 ἐμπόρῳ

2129 2450 2372 2521 ὁρμῆσαι
2391 2449 2529 2520 πρὸς
2552 2448 2748 2502 πεῦσιν
2769 2448 2861 2501 τοῦ
2892 2447 3221 2518 πράγματος
3238 2463 3252 2479 ·
3289 2448 3317 2500 ὁ
3341 2446 3387 2499 δ’
3414 2445 3588 2500 ἐλθὼν
3608 2464 3713 2500 κα-

2130 2541 2213 2594 λεῖ
2247 2540 2345 2611 τὴν
2377 2538 2651 2610 θυγατέρα
2692 2538 2753 2602 ἐξ
2788 2537 3058 2607 ’ὀνόματος
3082 2578 3113 2601 ,,
3154 2537 3249 2589 καί
3277 2553 3410 2606 φησι
3442 2536 3581 2605 πρὸς
3608 2537 3712 2589 αὐ-

2128 2634 2254 2703 τήν·
2289 2629 2490 2684 Τέκνον
2520 2646 2621 2700 μου
2650 2629 2874 2699 Εἰρήνη.
2908 2628 2971 2680 Ἦ
3003 2627 3061 2679 δὲ
3088 2625 3453 2698 ἀποκριθεῖσα
3478 2624 3587 2679 ἀπὸ
3616 2623 3712 2678 τοῦ

2128 2725 2322 2794 τάφου,
2370 2723 2519 2792 λέγει
2563 2721 2702 2790 πρὸς
2743 2720 2942 2774 αὐτόν·
2976 2720 3042 2773 Τί
3085 2719 3284 2783 θέλεις,
3314 2712 3360 2771 ὦ
3384 2718 3592 2788 πάτερ;
3643 2717 3705 2770 ’0

2128 2817 2184 2871 δὲ
2216 2815 2394 2885 γέρων
2441 2813 2579 2883 πρὸς
2626 2813 2798 2883 αὑτήν
2826 2827 2840 2843 ·
2900 2810 3011 2864 Ποῦ
3044 2811 3246 2864 ἀπέθου
3293 2811 3395 2881 τὴν
3421 2810 3576 2863 τοῦδε
3608 2805 3704 2861 τοῦ

2128 2903 2415 2976 ἀνθρώπου
2463 2901 2796 2971 παραθήκην
2821 2939 2836 2964 ,
2865 2893 2911 2953 ὦ
2948 2898 3227 2969 θύγατερ;
3287 2897 3537 2964 Κάκείνη
3577 2893 3709 2963 πρὸς

2130 2998 2292 3051 αὐτὸν
2321 2997 2423 3066 ἔφη
2445 3013 2456 3024 ·
2495 2996 2583 3048 Ἑν
2611 2994 2747 3065 τῷδε
2778 2995 2953 3046 κεῖται
2977 2991 3053 3062 τῷ
3075 2991 3246 3060 τόπῳ,
3274 2989 3454 3059 πάτερ
3475 3004 3489 3019 ·
3523 2985 3703 3052 σαφῶς

450 3080 611 3134 Multa
645 3080 733 3134 ille
759 3080 862 3134 alia
895 3084 1159 3151 stupenda
1207 3092 1263 3138 et
1318 3085 1634 3140 admiranda
1697 3074 1846 3152 fecit,
1903 3105 2023 3157 quae

2132 3087 2219 3140 τὸν
2246 3086 2409 3138 τόπον
2433 3086 2596 3154 ὲπιση
2607 3083 2824 3153 μάνασα
2848 3080 2922 3152 τῷ
2949 3079 3138 3150 πατρί.
3178 3079 3237 3132 Ὃ
3256 3078 3315 3131 δὲ
3338 3077 3476 3148 πρὸς
3500 3076 3664 3146 αὑτήν
3683 3089 3698 3103 ·

449 3173 692 3228 omnium
715 3187 809 3228 ore
832 3174 1199 3243 celebrantur,
1227 3192 1455 3247 quaeque
1486 3180 1667 3232 adhuc
1694 3180 1763 3234 ab
1821 3181 2030 3253 indige-

451 3263 537 3319 nis
563 3266 927 3321 ostenduutur
955 3267 1022 3322 ad
1064 3267 1278 3337 plenam
1327 3271 1732 3339 persuasionem
1788 3273 1911 3329 lldei
1975 3270 2028 3330 in

451 3355 637 3412 Jesum
663 3357 967 3425 Christum,
994 3359 1061 3414 iis
1089 3360 1181 3430 qui
1214 3360 1268 3414 in
1292 3375 1354 3415 ea
1378 3376 1435 3417 re
1458 3374 1695 3418 mentem
1733 3379 2032 3436 curamque

452 3463 604 3503 suam
641 3450 900 3518 deligunt.
928 3451 1150 3506 Talibus
1171 3452 1343 3523 igitur
1363 3453 1493 3508 viris
1519 3469 1689 3524 usque
1712 3455 1779 3511 ad
1811 3472 1872 3512 ea
1897 3466 2033 3513 tem-

451 3556 582 3611 pora
611 3541 841 3597 ﬂorebat
888 3543 1154 3607 Ecclesia,
1180 3559 1246 3600 ex
1292 3546 1486 3614 quibus
1530 3547 1755 3615 plurimi
1803 3548 2033 3605 Nicmnae

452 3634 660 3703 synodo
728 3632 1117 3690 interfuerunt.
1182 3637 1487 3703 Quinetiam
1523 3639 1901 3705 Athanasium,
1937 3657 2033 3696 cu-

450 3722 540 3790 jus
570 3731 729 3778 antea
760 3725 1000 3789 memiui,
1024 3734 1149 3780 tunc
1179 3726 1488 3794 diaconum,
1517 3743 1545 3783 a
1585 3745 1739 3784 sacra
1772 3731 1861 3785 illa
1906 3747 2034 3786 sano

454 3820 667 3868 ctorum
718 3829 917 3870 corona
968 3816 1190 3871 minime
1232 3818 1475 3873 abfuisse
1532 3834 1723 3875 omnes
1774 3820 2029 3876 fatentur.

455 3901 586 3959 Erat
614 3914 793 3961 autem
844 3920 949 3960 una
995 3920 1116 3961 cum
1164 3907 1472 3964 Alexandro
1534 3909 1873 3965 Alexandriae
1919 3913 2034 3982 epi-

456 4010 641 4065 scopo,
669 4011 827 4065 quem
867 3997 920 4051 in
946 3996 1129 4053 multis
1160 3997 1299 4054 ﬁdeli
1329 4015 1492 4068 opera
1542 4010 1597 4056 et
1618 4001 1845 4057 consilio
1868 4002 2030 4072 juvit.

455 4086 941 4143 Commuuicabant
976 4090 1140 4160 igitur
1162 4091 1404 4160 quotidie
1428 4092 1602 4147 sancti
1642 4094 1881 4163 episcopi
1931 4110 2032 4150 no-

456 4180 555 4234 stri
611 4179 778 4235 multo
823 4190 1067 4252 tempore
1097 4185 1363 4253 permulta
1413 4185 1557 4241 inter
1582 4201 1643 4242 se
1679 4189 1743 4242 de
1767 4186 1895 4252 ﬁde,
1929 4189 2030 4243 rati

458 4270 592 4324 nihil
640 4271 749 4325 cito
781 4281 871 4328 aut
927 4283 1129 4330 temere
1161 4277 1227 4331 de
1282 4291 1341 4332 re
1394 4285 1541 4332 tanta
1585 4280 1750 4334 statui
1809 4278 2028 4334 debere.

459 4361 647 4417 Arium
675 4362 985 4434 frequenter
1003 4370 1379 4434 accersebant,
1409 4380 1464 4427 et
1493 4372 1705 4427 crebris
1728 4371 2033 4440 interroga-

462 4454 698 4510 tionibus
718 4459 1116 4527 propositiones
1134 4460 1252 4531 ejus
1273 4461 1607 4518 rel'utabant:
1629 4463 1887 4531 omnique
1904 4478 2033 4517 cura

460 4561 523 4604 ac
549 4548 875 4618 cogitatione
924 4552 1263 4619 quaerebant,
1319 4554 1589 4621 quomodo
1641 4553 1851 4608 nefaria
1894 4553 2036 4609 illius

460 4640 712 4709 dogmata
741 4648 1009 4705 evertere,
1046 4643 1469 4713 quidve~contra
1501 4659 1563 4699 ea
1590 4655 1829 4700 statuere
1862 4655 1916 4700 et
1944 4647 2037 4700 de-

462 4744 686 4786 cernere
717 4739 1011 4801 oporteret,
1047 4734 1157 4789 acri
1190 4750 1406 4804 semper
1439 4736 1882 4792 consideratione
1929 4737 2032 4801 usi,

460 4831 514 4876 et
542 4821 678 4877 fusis
698 4823 765 4876 ad
794 4823 962 4878 Deum
1013 4826 1265 4895 precibus
1327 4825 1412 4880 illa
1457 4830 1779 4881 tractabant.
1838 4827 2038 4893 Quam-

460 4912 644 4967 obrem
662 4914 934 4980 sapienter
959 4914 1246 4971 admodum
1278 4927 1440 4986 atque
1461 4927 1825 4989 congruenter
1845 4926 2033 4974 contra

462 5005 625 5075 impia
653 5004 770 5060 Arii
822 5015 878 5061 et
923 5015 1251 5062 sectatorum
1277 5007 1399 5076 ejus
1446 5009 1697 5079 dogmata
1742 5010 2034 5080 reprehen-

460 5096 643 5153 siones
673 5112 800 5154 suas
832 5097 1200 5168 apponebant,
1231 5098 1473 5169 impuras
1496 5115 1683 5155 eorum
1711 5111 1899 5157 contra
1937 5103 2029 5158 Dei

461 5187 656 5244 Filium
689 5188 1051 5258 blaspltemias
1073 5188 1336 5246 radicitus
1363 5192 1680 5258 evellentes,
1711 5199 1764 5247 et
1794 5194 2035 5250 delentes

462 5279 722 5336 funditus.
759 5280 828 5334 Et
851 5280 899 5335 ei
926 5280 1141 5351 quidem
1170 5281 1312 5353 quod
1340 5282 1414 5336 illi
1453 5284 1792 5348 asserebant,
1834 5300 1938 5339 non
1966 5300 2032 5341 ex

464 5370 572 5427 Deo
601 5387 722 5428 esse
751 5372 843 5427 Dei
897 5373 1113 5439 Filium,
1176 5374 1328 5441 illud,
1376 5376 1544 5430 Deum
1597 5377 1664 5431 de
1696 5377 1826 5445 Deo,
1862 5380 2032 5433 nostri

464 5473 856 5532 opposuerunt.
922 5466 980 5519 Ei
1030 5481 1158 5521 vero
1182 5468 1324 5538 quod
1353 5467 1424 5522 illi
1464 5467 1740 5534 dicebant,
1779 5485 1883 5525 non
1914 5485 2037 5526 esse

473 5551 639 5608 Deum
668 5568 875 5620 verum,
911 5555 1271 5614 detiuiveruut
1299 5556 1468 5615 nostri
1500 5572 1622 5616 esse
1651 5557 1816 5615 Deum
1843 5573 2032 5617 verum

539 5691 584 5725 ⁸³
618 5692 891 5757 Socrates,
914 5691 1017 5748 loc.
1054 5692 1147 5749 cit.

2131 3177 2372 3249 Πορεύου
2418 3178 2476 3229 ὲν
2504 3176 2718 3246 εἰρήνῃ,
2747 3175 2937 3227 τέκνον
2985 3189 3087 3243 μου
3119 3171 3355 3241 Εἰρήνη.
3401 3170 3460 3223 Ὀ
3493 3163 3587 3221 οὖν
3617 3165 3709 3235 γέ·

2135 3285 2241 3339 ρων
2271 3265 2608 3336 ἐπιστρέψας
2664 3264 2825 3329 οἴκοι,
2879 3265 2974 3317 καὶ
3031 3260 3208 3333 εὑρὼν
3258 3254 3430 3330 οὗπερ
3478 3254 3633 3311 εἶπεν
3675 3258 3708 3328 ἡ

2132 3362 2401 3433 παρθένος
2436 3359 2652 3415 κεῖσθαι
2692 3359 2793 3430 τὴν
2823 3356 3179 3428 παραθήκην,
3215 3354 3463 3408 ἀπέδωκε
3497 3350 3576 3421 τῷ
3607 3352 3707 3403 ἀν-

2130 3455 2238 3526 δρί.
2281 3451 2460 3506 Πολλά
2479 3452 2537 3505 δὲ
2561 3451 2659 3505 καὶ
2679 3449 2814 3504 ἀλλα
2853 3446 2950 3501 τοῦ
2971 3446 3165 3517 ἀνδρὸς
3189 3445 3401 3516 ᾅδονται
3424 3441 3701 3511 θαύματα,

2132 3546 2226 3599 καὶ
2254 3542 2702 3615 παραδοξοποιίαι
2733 3541 2949 3605 πολλαὶ,
2990 3540 3045 3593 αἳ
3074 3539 3172 3591 καὶ
3198 3539 3357 3607 μέχρι
3382 3533 3544 3603 δεῦρο
3565 3531 3706 3603 πρὸς

2132 3639 2241 3692 τῶν
2294 3636 2576 3707 ἐγχωρίων
2605 3634 2911 3687 δείκνυνται
2952 3634 3066 3694 τοϊς
3132 3626 3523 3698 ὲφισταμένοις
3569 3623 3711 3695 πρὸς

2132 3730 2506 3803 πληροφορίαν
2526 3728 2627 3798 τῆς
2657 3724 2889 3797 ἀληθοῦς
2913 3724 3071 3796 ἡμῶν
3096 3725 3175 3786 είς
3202 3720 3435 3792 Χριστὸν
3452 3718 3707 3780 πίστεως.

2133 3821 2410 3884 Τοιούτοις
2477 3816 2768 3890 τοιγαροῦν
2838 3815 3002 3887 μέχρι
3058 3813 3167 3867 τῶν
3219 3810 3432 3883 καιρῶν
3486 3808 3710 3861 ἐκείνων

2131 3914 2307 3982 ἁγίοις
2336 3912 2591 3981 ἀνδράσιν
2610 3912 2644 3981 ἡ
2686 3905 2987 3976 Ἐκκλησία
3007 3904 3322 3975 διέπρεπεν,
3352 3901 3413 3967 ἐξ
3438 3895 3514 3955 ὧν
3531 3899 3713 3953 πολλοὶ

2133 4006 2384 4076 παρῆσαν
2431 4002 2572 4056 κατά
2615 3999 2711 4071 τὴν
2757 4000 2815 4051 ὲν
2852 3996 3061 4068 Νικαίᾳ
3091 3994 3333 4048 σύνοδον.
3382 3993 3549 4046 Ἀλλά
3606 3990 3710 4062 μὴν

2133 4097 2227 4151 καὶ
2270 4092 2604 4157 Ἀθανάσιος,
2646 4090 2774 4161 περὶ
2810 4083 2996 4143 aifatu!
3026 4087 3220 4158 πρώην
3247 4085 3585 4156 είρήκαμεν,
3618 4098 3714 4153 τη-

2133 4185 2315 4241 νικάδε
2341 4173 2587 4245 διάκονός
2609 4180 2707 4244 ὢν,
2738 4179 2837 4233 οὐκ
2863 4180 3092 4249 άμοιρος
3112 4175 3207 4229 τοῦ
3237 4175 3348 4228 τῶν
3371 4176 3547 4244 ἁγίων
3569 4172 3711 4227 ὲκεί-

2133 4296 2239 4332 νων
2270 4274 2430 4348 χοροῦ
2466 4270 2606 4326 εἶναι
2633 4272 2740 4324 ὑπὸ
2772 4271 2989 4325 πάντων
3027 4269 3361 4337 ὡμολογεῖτο
3387 4282 3402 4296 ·
3467 4265 3637 4334 συνῆν
3659 4263 3714 4318 δὲ

2136 4367 2213 4439 τῷ
2254 4362 2588 4437 Ἀλεξάνδρῳ
2633 4362 2710 4433 τῷ
2758 4363 2858 4432 τῆς
2919 4359 3313 4430 Ἀλεξανδρέων
3387 4356 3716 4427 Ἐκκλησίας

2139 4458 2443 4527 ὲπισκόπῳ,
2488 4454 2682 4526 βοηθὸς
2715 4452 2936 4524 ἀριστος
2983 4452 3247 4523 ὑπάρχων
3281 4449 3451 4520 αύτῷ.
3507 4447 3716 4501 Ἀνεκί-

2139 4568 2264 4604 νουν
2289 4547 2398 4621 [τσ.
2445 4543 2802 4616 Ἀνεκοίνουν]
2850 4541 2981 4613 γοῦν
3033 4542 3305 4614 ὁσημέραι
3360 4543 3410 4594 οί
3456 4539 3716 4610 ἡμέτεροι

2138 4640 2284 4711 ἅγιοι
2313 4640 2623 4704 ἐπίσκοποι,
2679 4637 2773 4689 ἐπὶ
2819 4635 3070 4689 πλεῖστον
3117 4635 3243 4688 ὅσον
3275 4633 3510 4705 χρόνον,
3568 4633 3714 4701 πάμ-

2139 4733 2308 4788 πολλα
2335 4732 2464 4802 περὶ
2484 4733 2584 4801 τῆς
2615 4729 2873 4795 πίστεως,
2901 4727 3140 4797 οἰόμενοι
3166 4725 3277 4779 δεῖν
3304 4724 3469 4797 μηδὲν
3490 4723 3717 4795 εὐχερὲς

2140 4823 2175 4895 ἢ
2215 4820 2490 4894 τολμηρὸν
2529 4820 2661 4892 περὶ
2709 4817 3039 4889 τηλικαύτης
3076 4817 3357 4887 ζητήσεως
3381 4816 3712 4886 διαπράττε-

2139 4914 2283 4970 σθαι.
2339 4911 2557 4983 Συχνῶς
2590 4927 2649 4963 τε
2693 4909 2784 4963 τὸν
2833 4910 3056 4978 ’Ἀρειον
3117 4905 3576 4978 μετεπέμποντο,
3623 4902 3716 4956 καὶ

2139 5010 2317 5079 πυκνῇ
2345 5005 2630 5077 ἀνακρίσει
2665 5003 2770 5067 τὰς
2821 5002 3114 5074 προτάσεις
3146 4998 3314 5053 αὑτοῦ
3338 4997 3715 5052 ἀναπτύσσον-

2134 5116 2226 5164 τες
2253 5098 2490 5154 διέλυον·
2530 5096 2754 5167 πλείστη
2773 5112 2832 5148 τε
2871 5096 2970 5165 ὅση
3007 5092 3211 5164 σπουδὴ
3253 5092 3349 5147 καὶ
3388 5090 3615 5161 φροντὶς
3648 5084 3716 5158 ἦν

2138 5193 2340 5256 αὐτοϊς,
2364 5189 2481 5254 πῶς
2504 5188 2672 5259 ἐχρῆν
2703 5186 2839 5258 πρὸς
2870 5184 2968 5256 τὴν
2985 5183 3301 5256 ἀνατροπὴν
3329 5182 3438 5235 τῶν
3457 5182 3716 5251 ἀθέσμων

2140 5283 2304 5338 αὐτοῦ
2374 5281 2661 5352 δογμάτων
2723 5278 3069 5353 ψηφίσασθαι
3136 5276 3231 5331 καὶ
3296 5273 3713 5347 ἀνθορίσασθαι.

2140 5376 2295 5432 Μετά
2324 5375 2523 5444 πολλῆς
2571 5372 2664 5427 οὖν
2700 5372 2801 5443 τῆς
2832 5369 3100 5440 σκέψεως,
3160 5369 3250 5423 καὶ
3306 5368 3408 5438 τῆς
3439 5367 3580 5438 πρὸς
3628 5366 3715 5418 τὸν

2141 5468 2272 5523 Θεὸν
2331 5466 2563 5531 ἱκεσίας,
2613 5463 2784 5518 ταῦτα
2814 5460 3192 5533 διελάμϐανον.
3238 5458 3330 5512 Διὸ
3361 5458 3456 5513 καὶ
3509 5457 3715 5527 σφόδρα

2144 5558 2344 5629 σοφῶς,
2377 5558 2471 5612 καὶ
2502 5555 2623 5610 λίαν
2658 5552 2952 5624 ἁρμοδίως,
2982 5551 3108 5615 τοὺς
3140 5550 3282 5605 κατά
3309 5547 3421 5604 τῶν
3441 5546 3714 5618 ἀθεμίτων
