4042 6142
390 315 524 382 1.249

1261 316 1633 378 HISTORIA
1668 314 2004 379 comm
2039 318 2347 383 meum.
2388 344 2457 356 —-
2495 276 2642 382 ﬁn.
2687 321 2768 384 II.

3506 328 3644 397 1250

382 429 668 501 δογμάτων
681 427 913 501 ‘Apslou,
948 426 1171 484 καὶτῶν
1200 428 1299 483 σὺν
1324 428 1493 500 αὐτῷ,
1528 428 1786 500 ἐλέγχους
1820 430 1956 483 ἀντ-

2068 430 2131 486 de
2168 430 2277 485 Deo
2316 445 2465 485 vero.
2503 429 2748 500 Cumque
2770 427 2848 485 illi
2869 439 3150 488 censerent
3171 443 3409 491 creatum
3443 437 3641 508 ipsum,

387 523 609 593 έθηκαν,
646 521 941 595 πρόρριζον
967 522 1379 585 ἀνασπάσαντες
1415 521 1513 584 τὰς
1537 521 1680 575 κατά
1701 521 1796 575 τοῦ
1825 520 1958 576 Υίοῦ

381 614 478 667 τοῦ
502 613 637 667 Θεοῦ
686 615 888 684 μιαράς
915 613 1095 668 αὐτῶν
1136 612 1512 683 βλασφημίας,
1567 613 1658 667 καὶ
1699 614 1960 682 ἐξαφανί-

386 721 601 766 σαντες.
626 706 735 758 Καὶ
763 704 841 775 τῷ
867 706 967 775 μὲν
994 704 1095 758 οὐκ
1128 705 1193 756 ἐκ
1221 702 1317 757 τοῦ
1352 703 1489 759 Θεοῦ
1508 704 1690 773 λέγειν
1719 705 1962 769 ἐκείνους

385 797 478 851 τὸν
511 797 643 850 Υίδν
680 796 870 860 αὐτοῦ,
902 797 1214 867 ἀντέθηκαν
1245 798 1292 849 οί
1322 797 1604 870 ἡμέτεροι,
1628 797 1711 865 τὺ,
1745 798 1877 853 Θεὸν
1897 800 1963 853 ἐκ

387 886 539 942 Θεοῦ.
592 887 702 940 Καὶ
756 887 839 951 τὸ,
904 888 979 957 μὴ
1022 887 1278 957 ἀληθινὸν
1324 887 1458 940 Θεὸν
1514 889 1635 943 κατ’
1691 889 1958 953 ἐκείνους,

386 977 692 1047 ἐγράψαντο
743 977 792 1030 oi
850 975 1149 1048 ἡμέτεροι,
1202 977 1337 1031 Θεὸν
1386 976 1641 1047 ἀληθινὸν
1693 979 1761 1032 ἐκ
1821 976 1956 1031 Θεοῦ

386 1065 660 1137 ἀληθινοῦ.
691 1067 802 1119 Καὶ
818 1066 880 1119 τὸ
900 1066 1109 1137 κτίσμα
1131 1067 1292 1122 αὐτὸν
1321 1067 1503 1136 λέγειν
1535 1068 1795 1135 ἐκείνους,
1824 1068 1958 1123 ἀνθ-

382 1156 650 1229 ωρίσαντο
700 1157 747 1208 οἱ
788 1156 1074 1227 ἡμέτεροι,
1119 1156 1471 1226 γεννηθέντα,
1519 1157 1582 1209 οὐ
1638 1157 1952 1227 ποιηθέντα.

389 1248 497 1301 Καὶ
560 1247 638 1317 τῷ
674 1247 971 1318 έτερουσίῳ
1004 1247 1095 1299 ὐπ’
1132 1248 1362 1301 ἐκείνων
1393 1247 1818 1319 προϐαλλομένῳ
1842 1251 1968 1303 ἀντ-

387 1337 590 1408 έθηκαν
609 1341 657 1391 oi
688 1339 950 1409 ἡμέτεροι
977 1338 1268 1391 ἐπίσκοποι
1297 1339 1357 1391 τὸ
1387 1338 1675 1409 ὁμοούσιον
1705 1333 1846 1393 εἶναι
1873 1340 1963 1395 τὸν

392 1429 513 1483 Υίὸν
529 1429 607 1500 τῷ
646 1431 840 1502 Πατρὶ,
876 1431 1021 1485 τοῦτ’
1054 1431 1169 1484 ἐστι
1201 1430 1532 1501 γεννηθέντα
1555 1434 1619 1486 ἐκ
1650 1433 1750 1504 τῆς
1778 1432 1966 1496 οὐσίας

386 1520 478 1575 τοῦ
500 1522 732 1593 Πατρός·
759 1522 985 1592 κτίστην
1004 1540 1064 1576 τε
1082 1523 1245 1577 αὐτὸν
1270 1524 1366 1577 καὶ
1394 1523 1728 1595 δημιουργὸν
1753 1523 1967 1596 ὁρατῶν

2058 522 2238 576 nostri
2269 531 2456 576 contra
2481 530 2790 577 statuerunt
2823 524 3087 594 genitum,
3128 540 3233 581 non
3262 528 3485 582 factum.
3535 527 3642 585 Po-

2056 620 2261 667 stremo
2289 627 2413 667 cum
2444 612 2517 667 illi
2554 613 2779 669 alterius
2800 615 3116 670 substantia:
3138 615 3332 673 Filium
3360 633 3485 676 esse
3506 636 3638 675 con-

2060 705 2365 771 tenderent,
2392 706 2567 760 nostri
2596 707 2831 776 episcopi
2864 722 2988 762 eun:
3034 710 3274 779 ejusdem
3316 725 3437 765 esse
3469 727 3640 782 oppo-

2056 806 2305 860 suerunt,
2364 797 2465 852 hoc
2501 807 2604 862 est,
2663 813 2728 853 ex
2780 800 3087 856 substantia
3141 801 3319 857 Patris
3371 805 3639 873 genitum,

2058 896 2473 958 creatoremque
2502 889 2676 957 ipsum
2703 901 2864 959 atque
2885 891 3135 959 opiﬁcem
3174 894 3416 948 omnium
3450 894 3645 953 visibi-

2069 977 2200 1033 lium
2261 993 2471 1049 panler
2499 993 2553 1035 et
2592 997 2699 1036 non
2721 983 3010 1037 visibilium
3062 986 3509 1054 praedicaverunt,
3554 1002 3645 1044 se-

2067 1072 2304 1125 cundum
2350 1072 2510 1126 ﬁdem
2557 1074 2906 1144 apostolicam
2928 1077 3247 1146 jampridem
3280 1078 3648 1150 Ecclesiznip-

2064 1160 2181 1217 sius
2207 1162 2481 1227 traditam,
2527 1166 2802 1234 expressis
2849 1169 3178 1223 testimoniis
3234 1170 3362 1225 illud
3419 1172 3647 1227 demon-

2063 1260 2318 1318 strantes,
2348 1262 2407 1307 ut
2429 1269 2715 1327 progressu
2749 1259 3015 1315 orationis
3055 1262 3282 1329 patebit.
3336 1261 3449 1318 lloc
3501 1263 3647 1319 anti-

2065 1344 2192 1399 doto
2264 1344 2445 1401 letalia
2480 1362 2684 1403 venena
2709 1351 3108 1417 subvertentes,
3137 1352 3422 1408 clariorem
3455 1354 3508 1408 in
3547 1369 3646 1425 po-

2064 1444 2271 1491 sterum
2301 1440 2656 1508 apostolicam
2690 1442 2849 1498 ﬁdem
2873 1459 2981 1499 uno
3009 1460 3199 1501 omnes
3236 1461 3510 1502 consensu
3541 1448 3641 1503 de-

2065 1527 2330 1582 scribunt.

382 1629 443 1665 τε
473 1612 569 1666 καὶ
595 1614 841 1685 ἀοράτων
861 1616 1330 1687 ἐκήρυξαν,κατά
1361 1617 1460 1688 τὴν
1511 1617 1778 1672 ἀνέκαθεν
1842 1618 2240 1688 παραδοθεῖσαν
2286 1623 2352 1692 τῇ
2412 1622 2708 1695 Ἐκκλησία
2772 1625 2937 1679 αὐτοῦ
3010 1626 3374 1699 ἀποστολικὴν
3439 1627 3646 1695 πίστιν,

387 1703 689 1775 Γραφικαῖς
742 1706 1072 1777 μαρτυρίαις
1113 1706 1215 1771 τὰς
1248 1707 1551 1774 ἀποδείξεις
1599 1709 1957 1775 ἑκδώσαντες,
1999 1709 2183 1774 καθὼς
2220 1710 2423 1783 προῖὼν
2463 1713 2493 1765 ό
2550 1714 2710 1783 λόγος
2755 1716 3085 1782 ἀποδείξειε.
3126 1716 3313 1789 Ταύτῃ
3381 1720 3450 1788 τῇ
3487 1719 3639 1772 ἀντι-

386 1794 522 1866 δότῳ
549 1797 616 1850 τὰ
639 1796 916 1869 θανάσιμα
947 1800 1217 1873 φάρμακα
1241 1802 1666 1874 ἀνατρέψαντες,
1689 1802 2039 1877 τρανωτέραν
2094 1804 2345 1858 ἐντεῦθεν
2375 1805 2479 1876 ἤδη
2543 1806 2728 1861 λοιπὸν
2783 1807 2884 1881 τὴν
2941 1808 3307 1879 ἀποστολικὴν
3337 1807 3648 1881 συμφώνως

386 1888 760 1959 ἐγγράφονται
800 1891 1003 1946 πίστιν.

971 2002 1225 2059 ΚΕΦΔΛ.
1248 2007 1348 2060 lB'.

386 2110 527 2179 Περὶ
578 2110 687 2184 τοῦ
739 2112 867 2167 δεῖν
901 2114 1057 2182 τρεῖς
1112 2117 1485 2184 ὑποστάσεις
1528 2117 1692 2171 νοεῖν
1737 2116 1835 2172 καί
1872 2132 1966 2172 πι-

457 2183 708 2256 στεύειν.
742 2185 1088 2256 ἀχωρίστους
1117 2187 1216 2239 ἐπὶ
1245 2187 1357 2255 τῆς
1397 2183 1659 2256 ἀρῤήτου
1698 2189 1805 2242 τοῦ
1839 2191 1961 2241 Πα-

456 2252 597 2329 τρός
616 2251 867 2329 καύτοῦ
915 2254 1050 2307 Υἰοῦ
1100 2256 1200 2309 καί
1242 2251 1348 2311 τοῦ
1393 2251 1566 2326 (fr—toi)
1610 2260 1964 2327 Πνεύματος

455 2323 598 2390 μιᾶς
637 2323 936 2391 θεότητος.

470 2434 535 2485 Ἠ
565 2434 697 2502 ἁγία
729 2436 824 2488 καὶ
856 2436 1066 2506 μεγάλη
1113 2436 1209 2489 καὶ
1234 2438 1589 2510 οἰκουμενικὴ
1616 2438 1834 2503 σύνοδος
1854 2437 1965 2494 τῶν

388 2524 447 2576 ἐν
470 2525 677 2597 Νικαία
730 2527 1100 2597 συναχθέντων
1142 2529 1313 2597 ἁγίων
1359 2530 1617 2601 Πατέρων
1666 2530 1823 2601 ἡμῶν
1877 2530 1968 2586 διὰ

389 2613 484 2667 τοῦ
531 2614 806 2684 μακαρίου
847 2619 942 2668 καὶ
972 2618 1131 2680 ἁγίου
1174 2620 1475 2674 ἐπισκόπου
1526 2621 1701 2675 Ὀσίου
1757 2622 1967 2687 πόλεως

392 2706 745 2776 Κουρδούὸης
778 2706 879 2775 τῆς
905 2707 1013 2760 τῶν
1048 2709 1277 2764 Σπᾶνων
1326 2713 1619 2782 ἐπαρχίας,
1675 2715 1963 2784 ἐπέχοντος

391 2796 488 2848 καὶ
516 2796 606 2848 τὸν
639 2797 801 2849 τόπον
830 2798 922 2850 τοῦ
945 2799 1041 2868 τῆς
1080 2800 1367 2871 Ῥωμαίων
1401 2803 1701 2857 ἐπισκόπου
1732 2804 1829 2857 σὺν
1849 2806 1965 2867 τοῖς

393 2888 457 2939 ἐκ
491 2888 583 2939 τοῦ
613 2887 775 2942 αὐτοῦ
794 2889 985 2960 θρόνου
1010 2895 1519 2964 προαναφωνηθεῑσι
1549 2895 1963 2966 πρεσϐυτέροις,

392 2977 787 3047 ἐρμηνεύοντος
809 2981 971 3033 αὐτὸν
1001 2982 1212 3054 ἐτέρου,
1242 2981 1398 3038 εἶπεν
1419 3002 1434 3015 ³
1479 2987 1541 3039 Ἠ
1565 2986 1752 3057 θεότης
1769 2988 1866 3059 οὐχ
1907 2986 1965 3041 ἓν

390 3068 683 3138 πρόσωπόν
714 3072 848 3134 ἐστι,
894 3074 1042 3127 ,κατά
1072 3074 1170 3145 τὴν
1206 3074 1316 3128 τῶν
1358 3075 1627 3133 Ἰουδαίων
1673 3078 1962 3149 ὑπόληψιν,

389 3158 527 3214 ἀλλά
571 3162 698 3230 τρία
734 3162 1002 3232 πρόσωπα
1046 3166 1168 3218 καθ’
1203 3168 1504 3222 ὑπόστασιν
1553 3170 1834 3241 ἀληθινὴν,
1865 3172 1965 3226 οὐκ

386 3250 612 3320 ὀνόματι
642 3252 812 3323 ψιλῷ-
847 3254 1119 3309 καὶτοῦτο
1150 3259 1480 3329 μαρτυρίαις
1506 3260 1731 3325 πολλαῖς
1756 3261 1865 3314 ἀπό
1903 3279 1962 3315 τε

2680 2006 2833 2064 CAP.
2859 2006 2977 2064 ΧΠ.

2070 2114 2349 2189 Quomodo
2369 2126 2604 2189 oporteat
2636 2128 2741 2189 tres
2763 2135 3015 2187 personas
3043 2119 3333 2189 intelligere
3360 2131 3407 2175 et
3437 2123 3647 2180 credere

2139 2186 2363 2259 indivise
2396 2187 2452 2240 in
2487 2202 2591 2259 ulta
2625 2188 2720 2259 illa
2747 2186 3006 2257 iueﬂ'abt'li
3049 2186 3255 2254 Patris,
3309 2203 3356 2246 et
3407 2189 3562 2259 Filii,
3594 2204 3645 2249 st

2138 2254 2372 2324 Spiritus
2398 2257 2571 2310 sancti
2598 2254 2895 2313 divinitate.

2140 2426 2338 2484 Sancta
2367 2435 2423 2482 et
2472 2442 2663 2498 magna
2684 2437 2739 2484 et
2772 2428 3041 2500 generalis
3064 2432 3301 2501 synodus
3328 2440 3643 2488 sanctorum

2066 2518 2285 2574 Patrum
2316 2519 2504 2574 Nicaea:
2532 2503 3006 2590 congregatarum,
3054 2537 3149 2591 per
3188 2524 3405 2578 beatum
3430 2536 3486 2579 et
3513 2539 3642 2578 sano

2068 2620 2180 2666 tum
2245 2610 2430 2666 Osium
2473 2612 2787 2682 episcopum
2827 2613 3065 2668 civitatis
3089 2614 3355 2671 Cordubae
3385 2618 3437 2669 in
3458 2614 3647 2687 Hispa-

2068 2704 2182 2769 nia,
2238 2711 2506 2758 tenentem
2537 2702 2714 2757 locum
2738 2703 2977 2772 episcopi
3010 2704 3267 2770 Romani,
3295 2720 3417 2760 cum
3448 2708 3641 2775 pradi-

2067 2793 2171 2848 ctis
2203 2793 2439 2860 ejusdem
2469 2793 2614 2847 sedis
2654 2795 3009 2863 presbyteris,
3037 2794 3212 2849 altero
3245 2797 3420 2865 ipsum
3473 2796 3641 2852 inter-

2066 2894 2313 2954 pretante
2341 2885 2516 2939 dixit:
2574 2884 2839 2940 Divinitas
2872 2901 2977 2939 non
3001 2895 3088 2940 est
3135 2902 3238 2940 una
3279 2902 3535 2957 persona,
3582 2897 3644 2943 ut

2065 2978 2236 3033 Judaei
2260 2977 2595 3043 existimant,
2617 2976 2710 3031 sed
2731 2986 2839 3031 tres
2859 2992 3098 3046 persona
3117 2993 3241 3031 vere
3265 2979 3643 3044 subsistentes,

2067 3085 2171 3125 non
2204 3070 2317 3125 solo
2358 3068 2576 3124 nomine
2629 3076 2732 3124 :et
2785 3068 2889 3122 hoc
2939 3067 3180 3138 pluribus
3233 3069 3557 3125 leSIimoniis
3593 3071 3647 3125 in

2066 3160 2215 3216 Novo
2247 3170 2301 3215 et
2329 3157 2514 3215 Veteri
2560 3158 2911 3213 Testamento
2934 3159 3278 3228 praedicatur.
3344 3158 3508 3216 Vetus
3534 3162 3649 3231 qui-

2066 3252 2185 3307 dem
2214 3252 2384 3320 magis
2434 3264 2700 3317 corporeo
2757 3250 2932 3305 adhuc
2979 3250 3140 3304 modo
3187 3252 3479 3316 disserens,
3512 3248 3648 3308 Ver-

390 3342 634 3405 ιῙαλαιᾶς
657 3322 761 3395 καί
782 3343 929 3408 Νέας
958 3322 1245 3417 Διαθήκης
1266 3322 1617 3418 κηρύττεται.
1650 3322 1724 3404 'Hv
1735 3353 1832 3423 μὲν
1850 3354 1962 3406 lla.—

2071 3343 2194 3398 bum
2221 3342 2371 3412 quasi
2404 3344 2629 3411 loquens
2646 3341 2920 3408 exhibuit;
2958 3340 3161 3395 Novum
3189 3350 3391 3407 autem,
3415 3340 3646 3397 Verbum

387 3434 517 3487 λαιά
537 3436 680 3489 κατὰ
695 3437 783 3488 τὸν
801 3438 1153 3508 σωματικώτε
1162 3458 1253 3508 ρον
1270 3440 1349 3494 ἔτι
1366 3442 1567 3512 τρόπον
1581 3444 1963 3518 διαλεγομένη,

386 3524 543 3593 λόγον
567 3527 642 3590 ὡς
700 3525 1032 3598 λαλούμενον
1065 3530 1432 3603 παρέστησεν.
1479 3534 1544 3587 Ἠ
1574 3535 1631 3589 δὲ
1663 3537 1839 3609 Καινὴ
1871 3539 1963 3592 τὸν

388 3615 717 3703 λόγονθΘεδν
768 3619 1053 3686 ἀπέδειξε,
1118 3623 1260 3676 κατά
1299 3624 1398 3676 τόο
1432 3641 1452 3676 ι
1493 3626 1583 3680 Ἐν
1629 3629 1769 3701 ἀρχῇ
1823 3625 1891 3700 ἦν
1935 3632 1964 3684 ὁ

388 3708 582 3775 Λόγος,
622 3710 715 3764 xal.
735 3711 766 3762 ὁ
789 3711 961 3779 Λόγος
986 3708 1053 3784 ἦν
1084 3714 1221 3783 πρὸς
1251 3715 1344 3768 τὸν
1395 3716 1550 3784 Θεὸν,
1586 3721 1681 3773 καὶ
1727 3721 1859 3785 Θεὸς
1894 3718 1964 3793 ἦν

387 3800 631 3869 ὁἉόγος.
687 3818 705 3852 ι
745 3802 856 3854 Καὶ
889 3803 1181 3873 πρόσωπον
1213 3804 1417 3858 τέλειον
1448 3809 1512 3860 ὲκ
1550 3809 1758 3863 τελείου
1786 3827 1801 3841 °
1830 3812 1964 3875 Θεὸς

388 3888 521 3960 γὰρ,
546 3890 607 3942 οὐ
650 3890 815 3962 μέρος
850 3893 879 3944 ὁ
913 3891 1060 3957 Υἱὸς,
1085 3892 1219 3947 ἀλλὰ
1249 3894 1451 3960 τέλειος
1480 3897 1670 3972 ὥσπερ
1698 3901 1726 3955 ὁ
1749 3901 1963 3972 Πατὴρ,

389 3981 489 4051 τῆς
536 3983 706 4053 αὐτῆς
754 3983 941 4047 οὐσίας
999 3983 1107 4050 ὢν,
1140 3981 1209 4057 ἦς
1260 3986 1356 4039 καὶ
1403 3989 1432 4040 ὀ
1484 3992 1751 4061 γεννήσας
1801 3993 1964 4047 αὐτὸν

389 4070 686 4141 ἀφράστως
724 4073 936 4141 Πατήρ.
991 4072 1335 4144 Συνυπάρχει
1369 4074 1426 4127 δὲ
1453 4073 1718 4140 ὡσαύτως
1745 4076 1824 4148 τῷ
1855 4081 1964 4131 Πα-

385 4162 479 4232 τρὶ
523 4162 616 4214 καὶ
661 4161 739 4233 τῷ
778 4157 893 4232 Υίῷ
939 4163 1034 4215 καὶ
1076 4162 1136 4215 τὸ
1176 4162 1331 4231 ἅγιον
1379 4163 1627 4236 Πνεῦμα,
1661 4166 1761 4237 τῆς
1792 4167 1964 4239 αὐτῆς

388 4251 575 4316 οὐσίας
598 4253 694 4306 καὶ
731 4253 825 4306 τοῦ
878 4253 1042 4308 αὐτοῦ
1078 4255 1361 4327 χρήματος
1380 4256 1461 4311 ὅν.
1495 4251 1682 4331 Οῦπερ
1713 4262 1741 4314 ὁ
1771 4261 1964 4333 Πατὴρ

391 4340 485 4393 καὶ
528 4340 556 4392 ὁ
589 4341 715 4404 Υἱὸς
741 4341 871 4411 μίαν
908 4342 1087 4397 τοίνυν
1109 4342 1326 4416 βουλὴν,
1348 4345 1480 4415 μίαν
1500 4346 1800 4417 βασιλείαν,
1834 4348 1963 4419 μίαν

389 4431 698 4498 αὐθεντίαν,
738 4433 867 4503 μίαν
882 4433 1199 4489 δεσποτείαν
1219 4436 1313 4489 ἐπὶ
1340 4438 1559 4493 πάντων
1589 4439 1697 4492 τῶν
1731 4440 1964 4496 κτιστῶν

386 4523 604 4593 φύσεων
638 4524 931 4595 ὁρωμένων
973 4543 1055 4592 τε,
1081 4527 1177 4580 καὶ
1197 4529 1527 4598 νοουμένων,
1571 4530 1702 4598 μίαν
1735 4531 1966 4603 θεότητα

388 4618 485 4669 κοιλ⁸
517 4617 623 4688 τὴν
667 4618 838 4688 αὐτὴν
865 4618 1055 4672 οὐσίαν
1086 4619 1452 4691 ὁμολογητέον
1492 4623 1629 4695 πρὸς
1652 4624 1832 4693 ἡμῶν,
1866 4623 1962 4679 τοῦ

391 4709 624 4779 Πατρδς,
661 4709 883 4764 καὶτοῦ
926 4711 1070 4774 Γὶοῦ,
1121 4712 1215 4764 καὶ
1261 4711 1354 4766 τοῦ
1414 4714 1573 4781 ἁγίου
1621 4716 1959 4785 Πνεύματος.

388 4799 464 4851 Οὐ
515 4798 841 4871 σύγχυσινῆ
879 4801 1143 4870 διαίρεσιν
1184 4800 1294 4854 τῶν
1326 4803 1425 4873 τῆς
1463 4804 1705 4874 ἀρρήτου
1752 4806 1967 4875 ἐκείνης

391 4889 487 4941 καὶ
536 4891 815 4961 μακαρίας
871 4893 1100 4963 Τριάδος
1139 4893 1528 4958 ὐποστάσεων,
1589 4898 1968 4968 κηρυττόντων

392 4981 573 5050 ἡμῶν,
629 4982 766 5037 ἀλλά
806 4985 1026 5056 Πατέρα
1073 4985 1160 5037 ἀεὶ
1193 4985 1409 5056 ἀληθῶς
1442 4987 1663 5059 Πατέρα
1714 4988 1970 5060 ἀληθινοῦ

393 5071 524 5123 Υἱοῦ
560 5072 646 5125 ἀεὶ
675 5074 804 5127 ὖντα
846 5074 936 5127 καὶ
969 5074 1286 5141 ὑφεστῶτα·
1320 5078 1411 5128 καὶ
1437 5076 1563 5130 Υίὸν
1597 5079 1811 5150 ἀληθῶς
1844 5080 1972 5133 Υἱὸν

390 5163 648 5233 ἀληθινοῦ
674 5165 887 5235 Πατρὸς
912 5167 998 5220 ἀεὶ
1015 5165 1146 5220 ὄντα
1174 5166 1269 5219 καὶ
1305 5168 1610 5236 ὐςρεστῶτα,
1631 5172 1723 5224 καὶ
1750 5172 1971 5244 Πνεῦμα

393 5255 548 5322 ἅγιον
586 5256 802 5326 ἀληθῶς
839 5256 1063 5327 Πνεῦμα
1097 5257 1273 5326 ἅγιον,
1322 5260 1409 5313 ἀεὶ
1449 5260 1509 5315 ὃν
1557 5264 1650 5315 καὶ
1697 5263 1926 5331 ὐφεστὸς
1951 5279 1968 5297 ο

393 5345 601 5416 Τριάδα
623 5349 948 5420 ἀχώριστον,
978 5349 1236 5420 ἄρρητον,
1258 5352 1352 5405 καὶ
1376 5351 1591 5421 ἀληθῶς
1612 5355 1969 5426 ἀπερινόητον

394 5437 492 5490 καὶ
524 5436 924 5509 ἀνέκφραστον,
971 5439 1101 5510 μίαν
1144 5439 1403 5511 θεότητα,
1438 5443 1533 5495 καὶ
1553 5442 1650 5514 τὴν
1679 5443 1847 5515 αὐτὴν
1876 5446 1972 5497 οὐ-

398 5534 521 5586 σίαν
549 5529 754 5603 ταύτης
797 5526 938 5587 εῖναι
982 5531 1350 5598 πιστεύοντες.
1390 5534 1501 5588 Καὶ
1530 5534 1736 5608 ταύτην
1779 5536 1973 5609 ὁμολο-

469 5706 520 5742 “
542 5708 697 5764 Joan.
726 5725 765 5779 ι,
794 5710 849 5768 Ι.

2069 3431 2236 3489 Deum
2267 3448 2387 3489 esse
2407 3432 2814 3498 demonstravit,
2835 3430 2989 3502 juxta
3034 3430 3161 3485 illud
3189 3448 3204 3487 :
3242 3449 3262 3481 ι
3297 3428 3353 3484 In
3381 3431 3649 3501 principio

2071 3537 2190 3582 erat
2219 3523 2478 3590 Verbum,
2530 3534 2585 3579 et
2620 3521 2855 3579 Verbum
2885 3531 3001 3578 erat
3036 3524 3177 3591 apud
3209 3522 3398 3590 Deum,
3426 3532 3481 3578 et
3507 3522 3649 3577 Deus

2069 3628 2186 3674 erat
2203 3618 2436 3674 Verbum
2460 3616 2507 3649 ’δ
2526 3632 2574 3670 ε»
2607 3627 2662 3671 et
2686 3630 2970 3685 personam
2990 3614 3285 3685 perlectam
3304 3630 3366 3670 ex
3389 3613 3646 3685 perfecta.

2070 3711 2211 3765 Deus
2226 3709 2369 3763 enim
2400 3717 2502 3773 est,
2539 3724 2643 3763 non
2672 3724 2817 3777 pars,
2870 3706 3057 3771 Filius,
3090 3708 3182 3762 sed
3206 3706 3475 3777 perlectus
3503 3708 3649 3761 sicut

2069 3809 2124 3854 et
2149 3797 2335 3855 Pater:
2361 3799 2601 3867 ejusdem
2625 3798 2900 3864 essentia,
2931 3797 3083 3865 cujus
3113 3807 3166 3852 et
3187 3799 3277 3867 qui
3301 3813 3423 3852 eum
3458 3795 3650 3852 incﬂ‘a-

2069 3891 2162 3947 bili
2188 3892 2347 3945 modo
2378 3890 2562 3960 genuit
2593 3888 2776 3945 Pater.
2845 3890 2998 3944 Sicut
3034 3888 3199 3944 Pater
3245 3897 3303 3944 et
3362 3888 3555 3954 Filius,
3583 3890 3651 3944 si-

2071 3983 2181 4036 mul
2213 3982 2458 4037 subsistit
2486 3981 2721 4051 Spiritus
2765 3991 3008 4045 sanctus,
3035 3980 3275 4050 ejusdem
3321 3983 3572 4035 essentia:
3598 3990 3653 4037 et

2070 4073 2376 4143 pctestatis,
2442 4072 2595 4143 cujus
2658 4070 2823 4126 Pater
2866 4080 2919 4125 et
2976 4070 3165 4125 Filius.
3249 4068 3427 4125 Unum
3485 4069 3652 4141 igitur

2071 4161 2379 4229 consilium,
2414 4177 2577 4216 unum
2612 4176 2857 4233 regnum,
2899 4177 3058 4215 unam
3106 4159 3458 4225 voluntatem,
3489 4175 3649 4214 unam

2071 4238 2515 4309 dominationem-
2547 4253 2599 4307 in
2662 4268 2748 4308 res
2770 4267 2960 4307 omnes
2977 4259 3208 4317 creatas,
3237 4259 3343 4306 tam
3361 4266 3479 4321 qua:
3506 4251 3648 4317 visu,

2070 4360 2233 4416 quam
2263 4358 2382 4415 qua:
2411 4353 2590 4399 mente
2613 4353 2668 4399 et
2700 4343 3052 4413 intelligentia
3079 4343 3466 4413 percipiuntur,
3488 4360 3650 4399 tmatn

2072 4436 2407 4492 divinitatem
2472 4445 2525 4491 et
2577 4438 2824 4492 eamdem
2900 4436 3194 4490 essentiam
3253 4436 3504 4491 confiteri
3552 4452 3652 4491 nos

2071 4535 2303 4596 oportet,
2321 4524 2519 4594 Patris,
2549 4536 2604 4581 et
2623 4526 2766 4592 Filii,
2790 4535 2838 4581 et
2874 4525 3106 4595 Spiritus
3135 4526 3307 4580 sancti
3341 4543 3355 4579 :
3382 4541 3485 4581 non
3510 4542 3652 4595 prae-
3683 4546 3685 4548 ·

2075 4619 2317 4672 dicantes
2385 4617 2762 4672 confusionem
2797 4626 2891 4671 aut
2932 4617 3256 4672 divisionem
3285 4633 3646 4686 personarum

2069 4709 2356 4764 ineﬂabilis
2379 4721 2433 4763 et
2466 4709 2634 4765 beatae
2666 4709 2808 4764 illius
2837 4708 3141 4773 Trinitatis,
3165 4711 3259 4764 sed
3282 4725 3495 4778 semper
3523 4725 3650 4767 vere

2066 4801 2278 4857 Patrem
2299 4803 2410 4857 veri
2440 4802 2560 4856 Filii
2585 4817 2800 4872 semper
2823 4803 3169 4857 exsistentem
3192 4819 3207 4869 ;
3232 4812 3280 4856 et
3306 4800 3496 4856 Filium
3525 4817 3650 4857 vere

2069 4892 2265 4947 Filium
2293 4894 2403 4946 veri
2433 4893 2608 4946 Patris
2634 4907 2849 4962 semper
2882 4894 3230 4948 exsistentem
3261 4908 3323 4945 ac
3351 4892 3650 4946 subsisten-

2072 4998 2209 5054 tem;
2251 4995 2305 5041 et
2342 5001 2471 5041 vere
2518 4985 2679 5040 etiam
2712 4985 2973 5055 Spiritum
3000 4994 3248 5041 sanctum
3298 5000 3515 5052 semper
3554 4997 3653 5038 ex-

2074 5080 2357 5135 sistentem
2407 5094 2623 5150 quoque
2649 5089 2704 5133 et
2733 5078 3120 5133 subsistentem
3156 5094 3169 5130 :
3221 5076 3539 5130 Trinitatem
3572 5075 3654 5128 in-

2081 5172 2380 5237 dividuam,
2415 5172 2766 5237 ineﬂabilem,
2825 5185 2943 5240 qua:
2981 5184 3155 5239 neque
3209 5169 3390 5223 animo
3416 5167 3647 5234 concipi,

2078 5279 2252 5333 neque
2280 5265 2413 5318 satis
2446 5265 2674 5334 exprimi
2709 5278 2961 5318 sermone
2990 5271 3167 5330 potest
3207 5279 3221 5313 :
3255 5276 3414 5313 unam
3456 5259 3652 5313 divini-

2080 5365 2243 5411 tatem
2272 5365 2324 5408 et
2363 5357 2606 5409 eamdem
2631 5354 2750 5425 ejus
2776 5354 3073 5408 essentiam
3127 5352 3395 5406 credimus
3434 5359 3487 5406 et
3518 5364 3650 5404 con-

2080 5448 2295 5504 ﬁtemur
2316 5448 2613 5503 secundum
2642 5457 2885 5502 sanctam
2906 5446 3047 5500 illam
3074 5444 3186 5515 jam
3215 5444 3341 5498 olim
3372 5459 3401 5497 a
3431 5442 3653 5497 Domino

2080 5555 2177 5633 per
2209 5551 2429 5598 sanctos
2461 5541 2577 5612 ejus
2608 5539 2880 5612 apostolos
2919 5549 2974 5597 et
3014 5538 3267 5611 antiquos
3305 5546 3522 5594 sanctos
3550 5532 3653 5590 Pa.
