4042 6142
459 309 592 375 1251
1725 311 2033 374 GELASII
2073 313 2418 375 CYZICENI
3579 307 3711 374 1252

461 433 572 478 tres
597 431 833 489 nostros,
860 419 950 490 qui
982 419 1127 474 illam
1159 419 1526 488 apostolorum
1554 419 1713 478 ﬁdem
1762 423 2025 479 illibatam

2131 426 2357 496 γοῦμεν,
2390 424 2530 479 κατά
2571 424 2668 496 τὴν
2714 423 2984 478 ἀνέκαθεν
3019 421 3170 494 παρά
3200 418 3294 476 τοῦ
3339 420 3574 494 Κυρίου,
3623 423 3714 477 διά

457 522 868 580 conservaram,
899 513 1053 568 nobis
1084 513 1150 566 ab
1175 512 1329 567 initio
1366 513 1619 568 traditam
1675 515 1798 571 lldei
1848 532 2025 573 veram

2134 515 2243 567 τῶν
2283 514 2447 585 ίερῶν
2490 512 2658 568 αὑτοῦ
2705 515 3042 578 ἀποστόλων,
3075 513 3169 565 καὶ
3197 510 3306 564 τῶν
3353 509 3451 581 τὴν
3487 511 3712 565 ἐκείνων

458 607 765 676 dogmatum
825 603 1212 673 integritatem,
1243 603 1416 671 parati
1455 619 1520 659 ex
1570 607 1742 660 sancti
1798 606 2025 678 Spiritus

2136 607 2302 675 ἀγίαν
2327 608 2515 660 πίστιν
2564 606 2919 677 φυλαξάντων
2955 605 3232 670 ἀσπίλως,
3260 603 3508 675 ἀρχαίων
3539 604 3714 672 ἀγίων

459 695 688 751 arbitrio
713 710 806 764 per
835 693 1061 763 plurima
1094 694 1395 750 divinarum
1437 695 1840 764 Scripturarum
1884 701 2025 756 testi-

2133 697 2292 768 ἡμῶν
2324 697 2583 767 Πατέρων
2603 738 2618 762 ,
2654 697 3056 768 παραδοθεῖσαν
3089 697 3222 766 ἡμῖν
3267 694 3368 764 τῆς
3415 693 3587 763 αὐτῆς
3618 691 3715 746 πί-

460 787 636 840 monia
659 784 1036 839 demonstrare
1065 785 1177 839 haec
1209 785 1285 840 ita
1317 799 1376 840 se
1412 786 1629 842 habere.
1663 788 1797 844 Cum
1824 791 1939 846 haec
1966 791 2025 846 ah

2135 807 2305 852 στεως
2332 789 2508 861 άληθῆ
2538 789 2828 860 δογμάτων
2871 788 3179 860 ἀκρίϐειαν,
3211 785 3447 856 ἑτοίμως
3479 786 3714 856 ἐχόντων

457 877 610 942 ipsis,
640 875 721 929 vel
752 875 936 945 potius
965 891 993 929 a
1028 874 1232 945 Spiritu
1260 886 1450 932 sancto
1483 893 1578 947 per
1609 879 1756 948 ipsos
1790 896 2033 950 pronun-

459 967 743 1028 tiarentur,
773 965 864 1033 qui
929 967 1261 1036 impietatem
1315 969 1431 1022 Arii
1477 973 1799 1027 asserebant
1854 971 2032 1046 (erant

453 1067 635 1110 autem
673 1071 771 1125 pro
804 1057 850 1088 "
883 1057 1117 1113 Eusebio
1169 1058 1497 1116 Nicomedia:
1520 1071 1578 1117 et
1625 1061 1904 1134 Theognio
1939 1064 2026 1119 Ni-

455 1159 600 1208 caeae,
638 1159 773 1214 quos
819 1145 1150 1216 jampridem
1209 1148 1612 1221 indicavimus),
1667 1154 2034 1223 respiciebant

455 1235 658 1305 pariter
690 1237 744 1289 in
784 1239 1147 1294 conductitios
1186 1241 1297 1294 Arii
1349 1242 1702 1312 philosophos
1769 1246 2028 1313 quosdam

453 1327 688 1382 maxime
741 1328 999 1395 disertos,
1033 1345 1171 1400 quos
1195 1348 1316 1386 cum
1351 1333 1573 1389 malitia:
1627 1351 1738 1391 suae
1773 1349 2030 1406 patronos

454 1420 806 1474 conduxisset
830 1421 1014 1489 Arius,
1042 1437 1165 1476 cum
1200 1424 1308 1479 illis
1343 1425 1490 1480 venit
1521 1426 1585 1480 ad
1622 1437 1866 1483 sanctam
1886 1428 2028 1484 illam

453 1517 510 1562 et
539 1511 846 1579 generalem
883 1513 1169 1583 synodum.
1224 1515 1469 1572 Aderant
1507 1527 1688 1573 autem
1711 1530 1768 1573 et
1801 1521 2025 1589 plurimi

452 1599 783 1675 philosophi,
815 1601 868 1656 in
897 1604 1096 1678 quibus
1125 1615 1431 1673 sperantes,
1463 1617 1522 1660 ut
1551 1608 1711 1677 paulo
1735 1620 1861 1665 ante
1889 1611 2031 1666 dixi-

454 1711 598 1762 mus,
628 1700 870 1752 veritatis
896 1696 1216 1767 adversarii,
1248 1699 1441 1757 merito
1467 1713 1591 1757 cum
1645 1715 1756 1758 sum
1776 1700 2026 1771 blasphe-

2133 882 2312 955 ἡμῶν,
2345 884 2443 937 σὺν
2481 883 2700 954 εὐδοκία
2728 880 2821 936 τοῦ
2869 881 3026 948 ἁγίου
3066 878 3404 950 Πνεύματος,
3435 877 3528 932 διὰ
3558 878 3715 930 πλεί-

2135 989 2275 1026 στων
2305 971 2446 1025 ὅσων
2495 972 2809 1042 μαρτυριῶν
2860 969 2971 1021 τῶν
3007 969 3071 1021 ἐκ
3126 967 3234 1020 τῶν
3267 965 3428 1020 θείων
3481 965 3518 1016 Γ
3527 963 3715 1035 ραφῶν

2130 1065 2329 1131 δεῖξαι,
2376 1063 2550 1117 ταῦτα
2588 1063 2762 1125 οὕτως
2821 1059 2988 1130 ἐχειν.
3048 1057 3268 1112 Τούτων
3324 1055 3456 1126 παρ’
3509 1053 3715 1119 αὐτῶν,

2135 1156 2336 1228 μᾶλλον
2358 1155 2414 1210 δέ
2443 1155 2510 1209 δι’
2535 1153 2715 1208 αὐτῶν
2743 1153 2848 1206 ὑπὸ
2871 1152 2963 1206 τοῦ
2993 1150 3154 1220 ἁγίου
3175 1147 3498 1220 Πνεύματος
3529 1149 3716 1214 ἐκφω-

2130 1247 2406 1319 νουμένων
2457 1248 2506 1300 οἱ
2541 1245 2643 1315 τῆς
2680 1243 2934 1307 ἀσεϐείας
2975 1242 3190 1313 Ἀρείου
3231 1237 3712 1308 ἀντιποιούμενοι·

2128 1333 2269 1410 ἦσαν
2293 1338 2351 1392 δέ
2380 1337 2521 1405 ὑπὲρ
2553 1335 2812 1390 Εὐσέϐιον
2830 1335 2918 1387 τὸν
2947 1331 3314 1404 Νικομηδείας
3332 1370 3346 1396 ,
3373 1329 3466 1384 καὶ
3485 1328 3716 1397 Θέογνιν

2129 1431 2224 1484 τὸν
2251 1429 2353 1500 τῆς
2396 1428 2634 1492 Νικαίας
2667 1467 2682 1493 ,
2724 1427 2818 1490 οὓς
2847 1425 3162 1497 ἔμπροσθεν
3197 1425 3299 1495 ἠδη
3321 1421 3676 1493 ἐδηλώσαμεν
3696 1434 3712 1449 ’

2132 1521 2449 1574 ἀπέϐλεπον
2486 1520 2543 1573 δέ
2582 1519 2788 1590 ὁμοίως
2821 1521 2900 1582 είς
2936 1519 3063 1583 τοὺς
3125 1515 3433 1587 μισθωτοὺς
3492 1512 3715 1584 ’Δρείου

2130 1612 2458 1680 φιλοσόφους
2492 1613 2643 1675 τινας
2675 1611 2886 1680 λογίους
2908 1611 3213 1682 ὑπεράγαν,
3247 1608 3341 1672 οὓς
3375 1607 3716 1676 συνηγόρους

2129 1703 2230 1773 τῆς
2273 1704 2478 1767 οἰκείας
2527 1704 2831 1776 μοχθηρίας
2887 1702 3304 1773 μισθωσάμενος
3342 1701 3584 1770 Ἄρειος,
3614 1697 3715 1751 σὺν

451 1789 572 1842 mia:
598 1791 854 1860 magistro
885 1793 1126 1846 damnati
1153 1801 1281 1848 sunt
1327 1811 1343 1847 :
1381 1794 1602 1864 impleta
1640 1797 1694 1850 in
1730 1797 1845 1866 ipso
1888 1808 1942 1853 et
1975 1795 2025 1852 in

2131 1795 2314 1856 αὐτοῖς
2347 1789 2481 1862 ἧκεν
2517 1798 2596 1857 είς
2629 1797 2732 1866 τὴν
2761 1795 2922 1863 ἁγίαν
2951 1794 3170 1862 ἐκείνην
3202 1792 3296 1845 καὶ
3327 1789 3713 1860 οίκουμενικὴν

451 1880 584 1948 ipsis
613 1895 764 1936 sacra
793 1880 1097 1952 Scriptura,
1126 1898 1244 1952 qua:
1266 1883 1434 1939 dicit:
1484 1885 1834 1944 «Maledictus
1868 1890 2025 1945 homo

2131 1888 2372 1942 σύνοδον.
2409 1887 2672 1957 Παρῆσαν
2703 1886 2812 1956 γὰρ
2842 1884 3087 1938 πλεῖστοι
3127 1885 3243 1937 ὅσοι
3284 1881 3591 1952 φιλόσοφοι,
3633 1881 3713 1942 είς

449 1971 540 2038 qui
577 1972 800 2027 conlidit
830 1974 882 2027 in
930 1974 1172 2040 homine,
1206 1981 1262 2029 et
1299 1989 1330 2028 a
1369 1976 1598 2031 Domino
1655 1981 1886 2034 recessit
1935 1996 2025 2036 cor

2128 1978 2220 2043 οὓς
2240 1980 2552 2050 ἠλπικότες,
2570 1978 2644 2042 ὼς
2668 1977 2869 2048 ἀρτίως
2897 1977 3223 2048 εἰρήκαμεν,
3257 1975 3308 2027 οἱ
3325 1975 3424 2044 τῆς
3453 1970 3711 2041 ἀληθείας

447 2064 566 2128 ejus
589 2061 692 2116 ³⁸.»
725 2061 974 2118 Recessit
997 2063 1144 2118 enim
1174 2079 1302 2120 vere
1332 2080 1362 2119 a
1402 2065 1630 2122 Domino
1658 2067 2025 2138 blasphemqu

2130 2071 2405 2140 πολέμιοι,
2449 2069 2677 2134 εἰκότως
2727 2068 2992 2124 ἐάλωνται
3022 2067 3117 2119 καὶ
3151 2064 3290 2135 μετά
3320 2061 3416 2116 τοῦ
3444 2062 3546 2131 τῆς
3576 2059 3710 2130 βλαο

448 2165 544 2204 cor
575 2150 690 2204 Arii
731 2165 853 2205 cum
895 2153 1002 2207 Deo
1024 2155 1337 2224 pugnantis,
1367 2164 1419 2209 et
1452 2171 1639 2210 eorum
1663 2158 1752 2226 qui
1785 2158 1902 2226 ejus
1929 2160 2025 2213 im-

2130 2162 2374 2233 σφημίας
2419 2161 2600 2214 αὐτῶν
2634 2159 2979 2214 διδασκάλου.
3033 2154 3429 2226 Πληρουμένης
3451 2154 3536 2205 ἐπ’
3562 2148 3711 2220 αὑτῷ

449 2242 634 2308 pietati
717 2245 1148 2310 communicant,
1218 2247 1533 2301 audentium
1605 2249 1783 2304 dicere
1832 2248 2025 2305 Filium

2137 2251 2232 2306 καὶ
2270 2252 2452 2305 αὐτῶν
2496 2251 2742 2325 [αὐτοῖς]
2784 2252 2884 2322 τῆς
2931 2253 3080 2322 ἱερᾶς
3126 2247 3351 2320 Γραφῆς
3404 2244 3706 2316 λεγούσης·

451 2329 545 2384 Dei
572 2341 872 2385 creaturam
903 2343 1064 2401 atque
1094 2331 1380 2399 facturam,
1430 2349 1551 2388 cum
1587 2335 1656 2390 sit
1681 2337 1920 2392 omnium
1947 2338 2025 2393 vi-

2140 2361 2160 2394 t
2203 2343 2638 2416 Ἐπικατάρατος
2664 2347 2770 2408 πᾶς
2801 2345 3110 2416 ἄνθρωπος,
3153 2342 3212 2405 ὃς
3247 2341 3362 2411 ἔχει
3389 2338 3491 2408 τὴν
3517 2334 3710 2389 ἐλπίδα

449 2422 683 2477 sibilium
713 2433 768 2478 et
810 2425 1156 2480 invisibilium
1191 2437 1497 2481 creatarum
1531 2436 1843 2483 naturarum
1873 2445 2025 2486 crea-

2133 2433 2296 2488 αὐτοῦ
2321 2436 2407 2489 ἐπ’
2441 2436 2752 2508 ἄνθρωπον,
2785 2436 2881 2490 καὶ
2911 2433 3252 2505 ἀπὸ’Κυρίου
3274 2430 3486 2501 ἀπέστη
3509 2431 3544 2498 ἡ
3575 2443 3710 2495 καρ-

451 2522 536 2565 ιοι·
560 2523 612 2567 et
639 2513 883 2570 ell'ector.

2130 2527 2216 2582 δία
2253 2530 2442 2586 αὑτοῦ.
2482 2531 2759 2600 »Ἀπέστη
2800 2530 2908 2602 γὰρ
2941 2529 3108 2592 ὅντως
3150 2528 3260 2581 άπδ
3291 2522 3384 2578 τοῦ
3439 2520 3646 2593 Κυρίου
3675 2518 3711 2591 ἡ

449 2600 774 2675 βλάσφημος
815 2605 1010 2676 καρδία
1054 2604 1146 2659 τοῦ
1183 2606 1452 2677 θεομάχου
1505 2607 1714 2678 Ἀρείου
1745 2650 1759 2676 ,
1794 2609 2026 2665 καὶτῶν
2065 2620 2338 2676 κοινωνῶν
2403 2621 2506 2692 τῆς
2567 2621 2825 2685 ἀσεϐείας
2864 2600 3064 2681 αὑτοῦ,
3113 2616 3319 2686 κτίσμα
3351 2614 3446 2667 καὶ
3501 2611 3713 2682 ποίημα

447 2693 830 2788 τολμησάντων
858 2697 1035 2766 λέγειν
1072 2698 1162 2752 τὸν
1192 2697 1320 2752 Υίὸν
1349 2699 1442 2753 τοῦ
1472 2699 1632 2768 Θεοῦ,
1670 2702 1762 2756 τὸν
1830 2705 2050 2763 πάντων
2089 2711 2314 2785 κτίστην
2349 2715 2445 2768 καὶ
2489 2715 2842 2788 δημιουργὸν,
2885 2697 3135 2787 ἀοράτων
3180 2710 3277 2767 καὶ
3346 2706 3564 2780 ὁρατῶν
3593 2723 3709 2760 κτι.

451 2787 593 2841 στῶν
629 2786 867 2856 φύσεων.

1069 2882 1224 2938 CAP.
1260 2883 1399 2939 XIII.

451 2993 726 3066 Quomodo
760 3013 790 3048 a
822 2996 1142 3065 philosophis
1169 2998 1283 3050 Arii
1312 2997 1543 3066 plurima
1566 3012 1751 3056 contra
1783 3016 2024 3060 sanctam

2727 2895 2981 2950 ΚΕΦΛΛ.
3017 2893 3116 2948 II".

2136 3013 2327 3088 ’θεττου
2343 3011 2460 3066 ἀπὸ
2481 3012 2598 3088 τῶν
2609 3011 2962 3088 φιείοσόερων
2976 3002 3392 3088 ’.ῥρείουζκαιςὰ
3413 3001 3527 3088 ζῆς
3539 3001 3707 3088 ἀηίας

523 3063 672 3116 illam
704 3063 1106 3132 apostolicorttm
1144 3067 1238 3121 Dei
1280 3063 1607 3148 sacerdotum
1627 3076 1883 3143 synodum
1901 3093 2025 3146 pro-

2482 3063 2632 3134 τῶνδ’
2657 3063 3080 3134 ἂποσὲολικῶῖθ
3143 3063 3250 3148 τοῦ
3307 3063 3707 3140 Θεοῦίερέωᾶ·

521 3152 630 3204 lata
671 3152 891 3220 fuerint.

528 3265 676 3322 Unus
705 3283 770 3321 ex
807 3269 1157 3323 mercenariis
1207 3270 1312 3326 illis
1354 3271 1468 3325 Arii
1532 3271 1890 3342 philosophis,
1936 3276 2028 3345 qui

453 3373 562 3426 pra:
600 3358 808 3412 caeteris
846 3357 1097 3413 omnibus
1129 3359 1473 3414 admirationi
1512 3360 1630 3424 fuit,
1666 3362 1897 3431 plurima
1931 3379 2028 3434 pro

451 3451 583 3504 Ario
613 3459 802 3503 contra
836 3458 1050 3506 nostros
1076 3451 1360 3520 episcopos
1390 3451 1572 3522 plures
1602 3454 1722 3508 dies
1750 3457 2024 3512 disseruit:

451 3540 530 3594 sic
555 3549 612 3594 ut
635 3542 875 3610 quotidie
907 3552 1128 3611 propter
1191 3543 1574 3610 disputationis
1595 3544 1902 3602 conﬂicwm
1943 3549 2025 3603 in-

451 3643 582 3701 gens
608 3638 752 3684 esset
782 3644 1078 3684 concursus
1107 3630 1392 3686 multorum
1427 3633 1490 3685 ad
1536 3636 1860 3690 audiendum
1905 3653 2027 3706 pro-

453 3722 786 3792 perantium.
840 3721 1200 3793 Philosophus
1237 3723 1452 3778 interim
1503 3726 1673 3781 multa
1719 3725 2027 3783 eﬂ'undebat

451 3814 505 3867 in
545 3828 608 3867 ea
637 3827 757 3882 quae
792 3828 822 3867 a
858 3820 1045 3866 sancta
1079 3813 1287 3882 synodo
1321 3812 1665 3877 dicebantur,
1715 3825 1880 3883 atque
1928 3818 2027 3872 ob-

445 3905 678 3975 jiciebat
731 3904 926 3973 impias
951 3902 1066 3956 Arii
1095 3903 1459 3974 blasphemias
1489 3906 1554 3960 de
1598 3904 1738 3960 Filio
1779 3904 1897 3972 Dei,
1939 3907 2026 3962 in-

449 3995 645 4064 quiens
684 4003 897 4062 tempus
929 3993 1148 4062 aliquod
1204 3993 1373 4050 fuisse
1397 4011 1521 4050 cum
1551 3996 1639 4051 ille
1683 4011 1789 4052 non
1843 4009 2022 4054 esset:

453 4096 508 4140 et
555 4085 700 4156 quod
759 4095 972 4138 creatus
1010 4084 1294 4155 factusque
1338 4096 1482 4142 esset
1517 4102 1584 4142 ex
1637 4088 1703 4144 iis
1746 4104 1864 4158 qua:
1917 4107 2023 4147 non

2201 3145 2493 3214 συνόδου,
2516 3151 2774 3206 πλεῖστα
2812 3150 2930 3203 ὅσα
2967 3145 3420 3215 ἀποφθέγγεται.

2202 3259 2297 3328 Εἷς
2327 3265 2381 3318 δέ
2398 3281 2484 3329 τις
2512 3265 2622 3318 τῶν
2661 3262 2951 3335 μισθωτῶν
3003 3261 3215 3333 Ἀρείου
3250 3257 3551 3330 φιλόσοφος.
3576 3257 3700 3310 λίαν

2130 3357 2280 3428 παρὰ
2309 3356 2517 3420 πάντας
2548 3356 2674 3418 τοὺς
2711 3356 2904 3418 ἄλλους
2931 3354 3360 3424 θαυμαζόμενος,
3401 3351 3572 3404 πολλά
3601 3348 3700 3403 καὶ

2130 3448 2425 3522 πάμπολλα
2475 3448 2616 3519 ὑπὲρ
2651 3447 2860 3518 Ἀρείου
2894 3446 3032 3517 πρὸς
3063 3447 3190 3509 τοὺς
3218 3443 3544 3506 ἐπισκόπους
3574 3442 3703 3505 τοὺς

2128 3537 2432 3615 ἡμετέρους
2447 3539 2734 3594 διετείνετο
2757 3537 2849 3592 ἐπὶ
2877 3538 3139 3600 πλείστας
3161 3538 3293 3600 δσας
3314 3534 3546 3607 ἡμέρας,
3564 3529 3704 3586 ὥστε

2127 3635 2372 3704 γίνεσθαι
2389 3633 2474 3705 ἐφ’
2503 3633 2741 3704 ἑκάστης
2756 3633 2821 3685 ἐκ
2838 3632 2936 3700 τῆς
2972 3629 3060 3682 διὰ
3087 3629 3197 3682 τῶν
3225 3628 3399 3694 λόγων
3430 3624 3705 3696 συμϐολῆς

2130 3727 2374 3797 μεγάλην
2409 3726 2676 3798 ἀκρόασιν
2723 3721 2818 3775 τοῦ
2859 3721 3098 3791 πλήθους
3129 3719 3237 3772 τῶν
3274 3715 3700 3789 συνερχομένων.

2139 3816 2592 3886 Ἐπισυγχέοντος
2627 3812 2781 3868 τοῦδε
2805 3811 3098 3882 φιλοσόφου
3129 3808 3272 3862 κατὰ
3300 3809 3411 3862 τῶν
3438 3808 3588 3879 παρὰ
3611 3807 3706 3878 τῆς

2127 3907 2288 3976 ἁγίας
2306 3907 2525 3960 συνόδου
2545 3906 2874 3977 λεγομένων,
2892 3904 2990 3968 τάς
3008 3903 3225 3966 ἀσεϐεῖς
3240 3902 3455 3973 Ἀρείου
3472 3901 3706 3971 βλασφη-

2127 3999 2257 4069 μίας
2301 3998 2764 4069 προϐαλλομένου,
2790 3997 3041 4065 λέγοντος
3065 3996 3193 4065 περὶ
3215 3993 3307 4048 τοῦ
3341 3993 3479 4047 Θεοῦ
3505 3994 3583 4059 τὸ,
3599 3989 3704 4046 Ἦν

2125 4104 2254 4143 ποτε
2284 4091 2374 4143 ὅτε
2411 4089 2510 4142 οὐκ
2547 4084 2614 4161 ἦν
2636 4105 2650 4120 ο
2688 4091 2784 4143 καὶ
2812 4090 2891 4142 δτι
2915 4088 3124 4158 κτίσμα
3143 4089 3236 4149 καὶ
3270 4087 3483 4156 ποίημα
3513 4085 3573 4150 ἐξ
3602 4084 3699 4138 οὐκ

448 4189 576 4232 sunt
610 4193 623 4228 :
657 4176 908 4246 quodque
938 4175 1164 4231 alterius
1208 4188 1353 4232 esset
1398 4188 1601 4234 natura:
1631 4189 1684 4234 et
1709 4181 2024 4238 substantia:

2128 4179 2290 4235 ὗντων
2314 4220 2329 4246 ,
2361 4182 2452 4234 καὶ
2491 4179 2550 4245 ἐξ
2594 4180 2786 4252 ἐτέρας
2824 4179 3012 4243 οὐσίας
3055 4179 3151 4233 καὶ
3181 4175 3539 4240 ὑποστάσεως
3567 4177 3698 4228 ἐστι.

446 4283 608 4339 quam
640 4267 822 4320 Pater.
887 4266 1064 4337 Atque
1101 4268 1216 4322 lucc
1241 4270 1466 4324 scelesta
1489 4270 1603 4325 Arii
1627 4273 1878 4341 dogmata
1909 4291 2024 4327 ma-

2128 4273 2234 4327 Kai.
2281 4272 2422 4345 ὑπὲρ
2477 4272 2682 4326 τούτων
2730 4270 2838 4324 τῶν
2893 4269 3106 4342 μιαρῶν
3157 4269 3448 4339 δογμάτων
3495 4267 3701 4338 ’Δρείου

447 4375 548 4429 gna
579 4359 744 4412 animi
776 4361 1119 4413 contentione
1147 4367 1201 4414 et
1229 4361 1495 4417 orationis
1543 4362 1766 4418 ﬂumine
1817 4380 2018 4435 propu-

2128 4365 2292 4429 πολὺς
2319 4360 2387 4436 ἦν
2430 4363 2579 4434 αὐτῷ
2607 4366 2635 4417 δ
2667 4361 2838 4432 ἀγὼν,
2877 4363 2968 4416 καὶ
2997 4361 3054 4414 al
3081 4362 3190 4414 τῶν
3249 4360 3426 4429 λόγων
3457 4360 3696 4429 νιφάδες.

447 4424 667 4521 ἐνοῦσι.
713 4450 846 4504 Cum
869 4452 969 4504 bac
1000 4450 1088 4505 ille
1111 4451 1259 4505 rabie
1281 4461 1470 4506 contra
1511 4452 1609 4508 Dei
1638 4424 1833 4510 Filiuni
1871 4424 2018 4512 [tt-re-

2128 4457 2435 4519 Λυττῶντος
2459 4457 2623 4509 αὐτοῦ
2651 4455 2793 4509 κατά
2820 4453 2915 4507 τοῦ
2938 4453 3072 4507 Υίυῦ
3096 4452 3188 4506 τοῦ
3218 4451 3377 4516 Θεοῦ,
3407 4453 3502 4505 καὶ
3526 4468 3699 4504 κατα-

452 4555 555 4610 ret,
581 4553 958 4598 etsanctorum
986 4542 1208 4598 Patrum
1232 4558 1484 4599 coronam
1505 4547 1861 4603 insectaretur
1877 4549 2023 4604 acri-

2128 4549 2406 4622 τρέχοντος
2429 4546 2524 4600 τοῦ
2549 4547 2656 4600 τῶν
2686 4546 2858 4614 ἀγίων
2895 4546 3085 4616 ἱερέων
3119 4543 3343 4598 ἐκείνων
3375 4542 3564 4615 χοροῦ,
3596 4544 3691 4595 λα-

449 4645 550 4700 ter,
594 4633 845 4702 loquente
905 4633 958 4686 in
984 4633 1102 4703 ipso
1138 4643 1194 4688 et
1223 4647 1319 4703 per
1349 4633 1520 4703 ipsum
1554 4635 1805 4692 humanae
1831 4638 2024 4695 salutis

2128 4641 2339 4705 λοῦντος
2365 4643 2422 4693 ἐν
2449 4637 2618 4709 αὐτῷ,
2654 4638 2749 4692 καὶ
2781 4637 2848 4691 δι’
2899 4635 3063 4690 αὐτοῦ
3095 4635 3186 4688 τοῦ
3215 4635 3315 4706 τῆς
3349 4635 3458 4688 τῶν
3493 4633 3698 4705 ἀνθρώ-

448 4728 602 4782 beste
664 4733 944 4780 :econtra
1001 4724 1249 4780 veritatis
1309 4737 1734 4797 propugnatores
1785 4729 2024 4800 episcopi

2129 4747 2246 4784 πων
2281 4731 2552 4801 σωτηρίας
2579 4726 2774 4799 ἐχθροῦ
2797 4745 2812 4759 ·
2853 4729 2901 4781 oi
2933 4727 2991 4781 δέ
3025 4727 3126 4797 τῆς
3159 4725 3424 4796 ἀληθείας
3449 4725 3701 4797 ὑπερμα-

445 4819 618 4874 nostri
661 4821 898 4872 rationes
921 4817 1307 4873 convenientes
1362 4827 1419 4872 et
1456 4819 1713 4875 decentes
1751 4835 1848 4890 pro
1888 4837 2023 4894 apo-

2128 4839 2230 4891 χοι,
2266 4822 2316 4873 οί
2369 4820 2627 4891 ἡμέτεροι
2673 4819 2988 4882 ἐπίσκοποι,
3050 4818 3152 4881 τὰς
3211 4818 3577 4888 ὀφειλομένας
3607 4819 3697 4872 καὶ

449 4910 657 4964 stolicis
687 4908 956 4979 dogmatis
972 4909 1090 4963 sine
1117 4909 1348 4963 tumultu
1374 4918 1427 4964 et
1453 4911 1681 4980 strepitu
1696 4912 2020 4982 pbiIOSOpbo

2129 4910 2447 4981 πρεπούσας
2493 4910 2635 4980 ὑπὲρ
2664 4908 2773 4963 τῶν
2818 4906 3192 4962 ἀποστολικῶν
3233 4907 3522 4978 δογμάτων
3553 4908 3700 4961 ἀντι-

445 5009 834 5070 opposuerunt,
870 5015 1122 5068 magnum
1149 4999 1297 5053 illum
1327 5000 1640 5070 prophetam
1675 5002 1832 5072 juxta
1857 5015 1909 5059 et
1935 5021 2020 5061 re-

445 5109 564 5164 gem
597 5091 847 5146 Davidem
882 5091 1098 5156 imitati,
1145 5092 1450 5147 dicentem:
1486 5091 1743 5150 «Paratus
1775 5109 1917 5161 sum,
1965 5106 2020 5152 et

444 5201 551 5241 non
583 5200 702 5240 sum
753 5183 997 5237 turbatus
1053 5182 1118 5237 ³⁷.
1164 5203 1184 5236 ι
1244 5182 1446 5238 Omnes
1497 5185 1639 5238 enim
1683 5197 1930 5242 versutos
1965 5198 2020 5242 et

444 5277 749 5346 implicatas
791 5276 1136 5346 philosophia:
1170 5276 1429 5339 rationes,
1465 5291 1561 5331 ceu
1593 5287 1801 5348 stupas,
1852 5279 2021 5333 divini

442 5367 830 5423 verbillamma
867 5368 1185 5436 absumpsit.
1365 5365 1564 5421 Verum
1607 5367 1697 5422 ille
1756 5368 2022 5422 diabolica

446 5463 733 5516 verborum
759 5471 873 5514 arte
899 5460 1092 5522 fretus,
1119 5459 1468 5528 prmdicatatn
1495 5461 1560 5514 ab
1585 5461 1852 5530 episcopis
1878 5460 2023 5514 veri-

445 5558 609 5606 tatem
636 5568 831 5607 vexare
866 5568 968 5607 non
1031 5553 1213 5618 desiit,
1268 5553 1445 5616 facile,
1481 5561 1538 5605 ut
1587 5552 1834 5622 putabat,
1894 5567 2016 5606 cum

2127 5000 2305 5064 θέσεις
2350 5001 2637 5073 ἀταράχως
2695 4999 2770 5070 τῷ
2823 4999 3099 5069 φιλοσόφῳ
3163 4999 3550 5070 προσέφερον·
3608 4997 3698 5051 τὸν

2129 5093 2302 5162 μέγαν
2349 5095 2635 5163 προφήτην
2664 5090 2800 5161 ὁμοῦ
2831 5091 2925 5144 καὶ
2960 5090 3185 5160 βασιλέα
3223 5089 3387 5142 Δαυῒδ
3420 5089 3694 5160 μιμούμε-

2123 5202 2225 5249 νοι,
2259 5185 2512 5254 λέγονταο
2549 5201 2568 5235 t
2621 5183 3011 5253 Ἦτοιμάσθην,
3055 5183 3148 5236 καὶ
3174 5183 3275 5235 οθκ
3308 5181 3638 5253 ἐταράχθην.
3673 5197 3690 5230 ι

2123 5277 2310 5339 Πάσας
2349 5276 2459 5348 γὰρ
2512 5275 2609 5338 τὰς
2637 5273 2732 5326 τοῦ
2761 5272 3053 5342 φιλοσόφου
3091 5273 3468 5336 πολυπλόκους
3493 5270 3696 5342 προτά-

2119 5385 2250 5432 σεις,
2282 5367 2356 5430 ὡς
2385 5367 2540 5437 πυρὶ,
2567 5364 2645 5436 τῷ
2668 5364 2796 5434 θείῳ
2826 5363 2988 5434 λόγῳ,
3020 5363 3319 5417 στυππείου
3348 5363 3527 5433 δίκην,
3566 5377 3695 5414 κατ-

2118 5459 2428 5530 ανήλισκον.
2478 5456 2639 5510 Ἀλλά
2697 5457 2795 5510 καὶ⁹
2842 5449 2999 5518 οὗτος
3045 5455 3074 5506 ὁ
3132 5455 3425 5525 φιλόσοφος
3473 5457 3541 5524 τῇ
3587 5451 3690 5504 τῶν

2117 5549 2290 5617 λόγων
2319 5547 2600 5619 διαϐολικῇ
2630 5548 2883 5619 εὐτεκνίᾳ
2921 5544 3161 5617 θαρρῶν,
3192 5547 3294 5616 τὴν
3323 5545 3414 5602 διὰ
3435 5545 3544 5600 τῶν
3573 5543 3684 5596 ἐπι·

519 5704 561 5737 ³⁵
588 5702 723 5758 Cum
758 5705 863 5759 sive
887 5714 1100 5777 praeter.
1183 5707 1227 5739 "
1253 5704 1454 5761 Jerem.
1486 5719 1617 5773 xvn,
1653 5704 1706 5762 I.
1785 5703 1827 5736 ³⁷
1859 5703 2010 5759 Psal.
2037 5717 2224 5768 cum,
2252 5705 2340 5758 60.
