4042 6142
396 335 530 400 1253

1272 328 1641 391 HISTORIA
1674 326 2014 389 CONCILII
2054 326 2367 389 NICIENI.
2405 350 2476 363 -
2506 326 2659 388 LIB.
2698 326 2781 387 II.

3520 328 3659 394 1254

393 444 616 500 σκόπων
667 441 930 514 ἀλήθειαν
1003 440 1416 512 κηρυττομένην
1479 436 1842 504 ἀντιτοξεύειν
1893 439 1972 490 ὲν-

2084 436 2277 508 quovis
2309 435 2467 493 obvio
2493 450 2690 492 manus
2723 448 3042 504 conserens,
3077 435 3381 494 dissolvere
3445 440 3660 496 niteba-

393 536 599 591 ίστατο·
631 534 692 590 εὖ
732 534 876 605 μάλα
908 534 1082 604 ῥᾷστα
1114 533 1250 585 πᾶσι
1280 532 1392 593 τοῖς
1412 531 1769 600 ἐπαγομένοις
1797 527 1969 599 αὐτῷ,

389 629 467 692 ὡς
514 625 671 697 ᾤετο,
722 623 1184 697 προσφερόμενος,
1233 620 1475 675 ἐπιλύειν
1513 638 1572 674 τε
1605 621 1866 686 ἐϐιάζετο
1900 621 1971 676 τά

391 718 686 789 κινούμενα
723 717 878 787 δίκην
907 714 1164 786 ἐγχέλυος
1185 729 1200 743 ’
1229 715 1287 768 ὲν
1314 709 1396 777 οἷς
1430 714 1542 784 γὰρ
1588 714 1766 767 ἐδόκει
1793 714 1973 785 ἑαυτῷ

393 808 788 873 συνίστασθαι,
867 806 1239 860 διολισθαίνων
1307 804 1418 859 τῶν
1496 805 1974 877 ὲπικρατεστέρων

391 898 541 969 αὐτῷ
594 896 1056 968 προσφερομένων
1085 894 1402 965 νοημάτων.
1454 895 1618 948 Ἀλλά
1661 897 1754 949 καὶ
1798 895 1974 959 οὕτως

390 989 767 1063 κορυῶντιῶν
809 987 1150 1055 ἀλαζονικῶς
1189 988 1333 1042 κατὰ
1393 988 1492 1058 τῆς
1539 990 1973 1061 είρηνικωτάτης

393 1083 613 1139 συνόδου
653 1081 900 1153 ἐφέρετο,
933 1079 1171 1142 ἐλπίζων
1201 1080 1360 1151 νικᾷν
1386 1079 1480 1133 τοῦ
1520 1081 1580 1134 ὲν
1604 1081 1788 1144 αὐτοῖς
1818 1080 1975 1134 ἀκτί-

394 1190 520 1227 στου
543 1172 865 1242 Πνεύματος
911 1167 1148 1240 Χριστοῦ
1174 1169 1275 1241 τὴν
1330 1170 1758 1242 ἀκαταμάχητον
1811 1170 1974 1223 δύνα-

394 1282 508 1337 μιν,
538 1265 604 1318 ὲκ
648 1263 757 1317 τῶν
788 1262 1006 1316 οἰκείων
1042 1262 1306 1333 ῥημάτων
1348 1262 1706 1335 ἁλισκόμενος
1735 1279 1973 1333 συγκατ-

392 1356 657 1411 έπιπτεν·
698 1355 785 1408 ἵνα
827 1353 973 1424 δείξῃ
1001 1355 1029 1405 6
1058 1353 1190 1418 Θεὸς
1237 1355 1266 1406 6
1306 1354 1674 1426 δρασσόμενος
1703 1357 1832 1420 τοὺς
1881 1372 1972 1409 σο-

390 1449 525 1516 φοὺς
575 1449 634 1500 ὲν
690 1449 754 1518 τῇ
808 1445 1115 1517 πανουργίᾳ
1144 1446 1363 1505 αὐτῶν.
1408 1447 1491 1500 ὅτι
1542 1449 1651 1501 οὐκ
1684 1450 1741 1502 ὲν
1769 1448 1971 1519 λόγῳή

391 1538 641 1611 βασιλεία
669 1537 859 1601 αὐτοῦ,
886 1537 1002 1590 ἀλλ’
1033 1539 1091 1589 ὲν
1119 1538 1347 1609 δυνάμει
1381 1539 1718 1604 συνίσταται,
1745 1541 1812 1594 δι’
1853 1541 1972 1606 ἑνὸς

388 1618 521 1685 τῶν’
557 1632 742 1683 ἐκεῖσε
792 1628 997 1683 δούλων
1051 1628 1215 1683 αὐτοῦ
1261 1629 1354 1682 τὸν
1382 1632 1438 1684 ἐν
1468 1631 1546 1702 τῷ
1573 1632 1849 1705 φιλοσόφῳ
1872 1633 1971 1689 λα·

388 1721 585 1775 λοῦντα
635 1721 871 1792 πονηρὸν
914 1708 1145 1791 δαίμονα
1204 1722 1445 1794 ἰσχυρῶς
1477 1725 1862 1798 κατεσίγησεν,
1909 1728 1970 1781 οὐ

393 1812 576 1881 μόνον,
616 1811 753 1865 ἀλλὰ
790 1812 887 1865 καὶ
932 1811 1211 1875 ἐξέϐαλεν.
1254 1813 1422 1885 Ἀνὴρ
1472 1815 1583 1887 γάρ
1637 1834 1723 1881 τις
1755 1820 1821 1872 ὲκ
1861 1818 1972 1874 τῶν

390 1908 672 1975 παρόντων
704 1907 769 1976 τῇ
805 1904 1016 1974 συνόδῳ
1047 1906 1217 1973 ἁγίων
1248 1907 1616 1978 όμολογητῶν,
1640 1910 1845 1977 ἁπλοῦς
1874 1912 1971 1984 τὴν

391 1995 574 2065 φύσιν,
607 1996 764 2066 εἴπερ
784 2013 868 2060 τις
896 1995 1056 2060 ἄλλος
1086 1997 1193 2050 τῶν
1241 1997 1433 2067 ἁγίων,
1471 2002 1568 2053 καὶ
1593 2002 1762 2072 μηδὲν
1784 2004 1973 2076 ἕτερον

389 2083 545 2148 εἰδὼς
566 2087 614 2139 εί
649 2086 723 2157 μὴ
758 2085 968 2157 Ἰησοῦν
998 2088 1253 2160 Χριστὸν,
1290 2090 1384 2144 καὶ
1404 2091 1594 2146 τοῦτον
1621 2094 1974 2168 ἐσταυρωμέ-

390 2194 498 2231 νων
530 2179 713 2248 σαρκὶ,
736 2179 876 2233 κατὰ
893 2180 993 2245 τὰς
1010 2182 1252 2253 Γραφὰς,
1285 2184 1460 2238 συνὼν
1488 2188 1603 2250 τοῖς
1627 2187 1970 2254 ἐπισκόποις,

391 2268 485 2321 καλ⁸
511 2269 655 2339 όρῶν
678 2270 768 2322 τὸν
779 2271 1069 2340 φιλόσοφον
1085 2276 1554 2346 κατεπαιρόμενον
1567 2276 1674 2331 τῶν
1690 2279 1857 2349 ἡμετέ
1867 2298 1974 2351 ρων

393 2359 562 2429 ἁγίων
590 2362 929 2429 ἐπισκόπων,
972 2363 1068 2417 καὶ¹
1097 2367 1162 2435 τῇ
1198 2366 1450 2439 μοχθηρᾷ
1480 2368 1649 2421 αὑτοῦ
1671 2370 1973 2442 συζητήσει

392 2453 975 2525 καταλαζονευόμενον,
1017 2457 1160 2509 αἰτεῖ
1193 2458 1349 2530 παρὰ
1369 2458 1477 2512 τῶν
1512 2462 1836 2517 ἐπισκόπων
1864 2463 1974 2518 τῶν

390 2543 486 2598 τοῦ
505 2546 637 2599 Θεοῦ
680 2548 869 2618 ἱερέων
894 2549 1078 2620 χώραν
1110 2550 1263 2622 αὐτῷ
1298 2553 1613 2624 συνομιλίας
1634 2555 1763 2626 παρ’
1793 2556 1974 2611 αὐτῶν

394 2638 532 2706 πρὸς
552 2635 641 2689 τὸν
664 2636 953 2707 φιλόσοφον
983 2639 1226 2711 δοθῆναι.
1258 2642 1391 2696 Τότε
1423 2645 1471 2697 οἱ
1497 2644 1619 2698 καθ’
1643 2647 1791 2717 ἡμᾶς
1828 2648 1977 2717 ἆγιοί

393 2727 685 2783 ἐπίσκοποι
726 2729 1060 2801 θεωροῦντες
1099 2733 1195 2787 τοῦ
1246 2736 1441 2808 ἀνδρὸς
1490 2737 1588 2808 τὴν
1649 2740 1971 2811 ἁπλότητα,

393 2817 487 2871 καὶ
518 2818 579 2870 τὸ
610 2819 835 2889 ἄπειρον
864 2820 1025 2875 αὐτὸν
1057 2818 1196 2877 εἶναι
1229 2826 1599 2897 γραμμάτων,
1636 2827 1861 2883 ἔπειθον
1894 2831 1971 2902 μὴ

394 2908 580 2963 δοῦναι
617 2911 813 2965 ἑαυτὸν
843 2913 922 2977 είς
977 2913 1039 2967 τὸ
1071 2917 1257 2984 μέσον,
1295 2919 1508 2990 μήποτε
1550 2920 1702 2991 παρὰ
1731 2925 1847 2985 τοῖς
1880 2940 1976 2993 μο-

392 2999 639 3071 χθηροῐς,
670 3003 765 3056 καὶ
803 3004 903 3074 τῆς
939 3005 1203 3076 ἀληθείας
1233 3008 1470 3079 ἐχθροῖς,
1508 3011 1677 3081 γέλως
1724 3012 1970 3085 γένηται.

407 3089 466 3142 '0
492 3090 548 3142 δὲ
586 3092 662 3161 μὴ
704 3095 1074 3165 ἀνασχόμενος
1110 3098 1362 3168 πρόσεισι
1392 3099 1470 3170 τῷ
1511 3102 1788 3174 φιλοσόφῳ
1810 3145 1828 3170 ,
1875 3105 1972 3159 καί
1999 3130 2041 3187 C

391 3197 532 3250 φησι
571 3183 707 3253 πρὸς
736 3185 898 3238 αὐτόν
920 3200 934 3215 ⁸
993 3187 1081 3241 Ἐν
1119 3187 1346 3259 ὀνόματι
1398 3191 1576 3262 Ἰησοῦ
1605 3195 1845 3264 Χριστοῦ
1874 3196 1969 3251 τοῦ

388 3273 480 3325 ἀεὶ
504 3274 599 3327 σὺν
630 3273 707 3344 τῷ
737 3276 914 3346 Πατρὶ
940 3275 1093 3339 ὄντος
1123 3278 1258 3331 Θεοῦ
1285 3278 1484 3346 Λόγου,
1511 3281 1745 3335 ἄκουσον
1778 3286 1848 3338 τά
1871 3285 1971 3356 τῆς

388 3363 649 3434 ἀληθείας
696 3365 944 3437 δόγματα
964 3408 977 3434 ,
1020 3361 1065 3421 ὧ
1096 3368 1380 3438 φιλόσοφε.
1428 3370 1486 3424 '0
1517 3371 1574 3426 δὲ
1610 3374 1748 3443 πρὸς
1776 3375 1966 3429 αὐτόν⁸

402 3453 530 3506 Ἐὰν
550 3454 743 3519 εἴποις.
768 3457 876 3509 Καὶ
892 3459 920 3510 6
944 3457 1098 3525 ἅγιος
1122 3458 1257 3528 πρὸς
1274 3458 1455 3511 αὐτόν·
1485 3455 1579 3523 Εἷς
1604 3463 1753 3515 ἐστιν
1771 3465 1799 3515 ὁ
1817 3462 1947 3527 Θεὸς
1954 3506 1968 3531 .

391 3547 577 3616 φησὶν,
625 3548 653 3600 6
696 3547 787 3599 τὸν
821 3548 1072 3619 οὐρανὸν,
1106 3550 1200 3602 καὶ
1235 3550 1336 3621 τὴν
1367 3551 1494 3621 γῆν,
1532 3552 1624 3605 καὶ
1654 3552 1753 3624 τὴν
1779 3554 1971 3609 θάλασ-

392 3656 515 3705 σαν,
558 3640 653 3693 καὶ
697 3643 767 3694 τὰ
798 3642 855 3693 ὲν
885 3642 1072 3705 αὐτοῖς
1106 3642 1285 3697 πάντα
1325 3644 1739 3717 δημιουργήσας
1764 3686 1780 3711 ,
1824 3649 1852 3700 ό
1879 3650 1973 3702 καὶ

388 3731 482 3784 τὸν
515 3731 800 3803 ἄνθρωπον
831 3736 895 3786 ἐκ
933 3736 1037 3804 γῆς
1064 3732 1392 3799 διαπλάσας,
1425 3736 1772 3808 ὑπεστήσατό
1809 3756 1868 3792 τε
1903 3740 1972 3794 τὰ

390 3823 572 3877 πάντα
600 3824 678 3895 τῷ
708 3824 867 3895 Λόγῳ
888 3824 1075 3890 αὐτοῦ,
1111 3826 1206 3878 καὶ
1229 3824 1309 3895 τῷ
1335 3826 1479 3897 ἁγίῳ
1505 3828 1806 3898 Πνεύματι.
1832 3830 1973 3883 Τοῦο

387 3930 483 3967 τον
506 3914 598 3967 τὸν
622 3914 817 3982 Λόγον,
852 3908 896 3967 ὧ
929 3915 1211 3984 φιλόσοφε,
1252 3915 1387 3969 Θεοῦ
1410 3916 1541 3970 Υίὺν
1575 3919 1739 3989 ἡμεῖς
1771 3919 1973 3984 εἰδότες

395 4006 808 4077 προσκυνοῦμεν
828 4046 844 4072 ,
878 4006 1231 4070 πιστεύοντες
1259 4006 1347 4062 διὰ
1379 4008 1479 4079 τὴν
1505 4011 1788 4080 ἡμετέραν
1834 4011 1972 4063 άποο

391 4096 663 4167 λύτρωσιν
694 4101 760 4152 ὲκ
789 4098 1068 4170 Παρθένου
1103 4100 1266 4154 αὑτὸν
1302 4102 1711 4173 σεσαρκῶσθαι,
1748 4103 1844 4156 καὶ
1881 4120 1973 4156 τε-

390 4189 582 4261 τέχθαι
621 4192 717 4244 καὶ
742 4189 1249 4262 ὲνηνθρωπηκέναι,
1284 4193 1381 4247 καὶ
1404 4193 1491 4265 διὰ
1524 4193 1619 4246 τοῦ
1644 4197 1742 4264 τῆς
1771 4195 1972 4267 σαρκὸς

391 4280 561 4336 αὑτοῦ
606 4281 815 4345 πάθους
854 4281 951 4334 τοῦ
992 4286 1051 4335 ὲν
1084 4282 1161 4353 τῷ
1215 4283 1438 4355 σταυρῷ
1472 4284 1567 4338 καὶ
1594 4284 1690 4339 τοῦ
1740 4286 1971 4341 θανάτου

394 4372 830 4444 ἠλευθερωκέναι
859 4373 1024 4427 αὐτὸν
1052 4375 1202 4444 ἡμᾶς
1237 4376 1301 4428 ὲκ
1333 4377 1431 4446 τῆς
1464 4377 1682 4431 αἰωνίου
1707 4377 1972 4449 κατακρίο

2079 541 2169 585 ιιιι·
2196 530 2439 599 objectas
2471 529 2821 600 quaestiones,
2853 544 2923 585 ex
2963 530 3300 603 argumentis
3332 531 3497 586 etiam
3546 532 3661 588 for-

2078 622 2328 685 tioribus,
2370 621 2570 692 quibus
2599 621 2897 693 constringi
2925 620 3028 677 sibi
3075 621 3175 692 ipsi
3231 622 3536 688 videbatur,
3575 625 3660 679 in-

2079 722 2195 769 star
2230 714 2483 782 anguilla:
2503 714 2745 769 elabens.
2806 712 2963 769 Licet
2998 714 3064 768 ad
3105 713 3249 769 hunc
3293 714 3383 769 ille
3441 716 3659 772 modum

2075 804 2284 871 furens,
2319 805 2489 861 multo
2520 806 2661 860 fastu
2710 806 2768 860 in
2825 804 3173 875 tranquillam
3210 807 3481 877 synodum
3536 822 3659 863 sese

2077 896 2302 954 inferret
2334 897 2674 965 insolentius,
2702 896 3024 953 existimans
3069 912 3129 952 se
3152 899 3369 954 vincere
3391 914 3552 970 posse
3585 901 3663 955 in-

2074 989 2272 1045 victam
2302 989 2526 1043 inereati
2572 988 2809 1059 Spiritus
2845 988 3045 1043 Christi
3074 989 3165 1060 qui
3206 990 3258 1044 in
3288 991 3356 1044 iis
3381 1001 3522 1055 erat,
3567 1007 3664 1064 po-

2076 1080 2335 1144 tentiam,
2363 1093 2431 1133 ex
2466 1080 2582 1134 suis
2613 1079 2785 1149 ipsius
2816 1078 2997 1134 verbis
3044 1082 3324 1137 convictus
3381 1083 3665 1140 succubuit

2078 1169 2329 1224 tandem:
2361 1177 2422 1224 ut
2450 1171 2763 1225 ostenderet
2794 1169 2957 1236 Deus,
2988 1170 3081 1242 qui
3107 1173 3522 1242 comprehendit
3568 1190 3662 1231 sa-

2077 1259 2290 1331 pientes
2316 1260 2368 1315 in
2394 1259 2592 1316 astutia
2626 1276 2817 1317 eorum
2854 1262 2920 1329 ⁸⁸,
2965 1263 3109 1333 quod
3134 1278 3240 1318 non
3289 1264 3344 1319 in
3380 1280 3657 1332 sermone,

2076 1351 2172 1407 sed
2204 1351 2260 1406 in
2300 1351 2506 1407 virtute
2554 1367 2782 1423 regnum
2809 1353 2978 1424 ipsius
3004 1354 3170 1408 situm
3211 1354 3307 1418 sit,
3335 1371 3434 1426 per
3466 1372 3663 1426 quem-

2075 1440 2197 1495 dam
2224 1455 2291 1495 ex
2314 1441 2487 1496 servis
2521 1442 2634 1497 suis
2654 1444 2746 1512 qui
2780 1442 2891 1499 illic
2922 1444 3171 1513 aderant,
3221 1446 3423 1502 malum
3454 1448 3679 1501 σκαιοί

2074 1544 2198 1584 nem
2232 1529 2285 1584 in
2310 1530 2633 1601 philosopho
2678 1531 2987 1603 loquentem
3021 1548 3128 1590 non
3160 1536 3333 1591 solum
3373 1537 3662 1607 imperiose

2077 1629 2260 1676 tacere
2313 1623 2502 1691 jussit,
2558 1638 2747 1680 verum
2796 1626 2962 1681 etiam
3022 1627 3183 1700 eiecit
3227 1630 3371 1684 inde.
3430 1629 3659 1697 Quidam

2074 1714 2218 1769 enim
2246 1729 2314 1770 ex
2357 1717 2563 1771 sanctis
2603 1717 3015 1776 confessoribus
3062 1722 3156 1791 qui
3212 1724 3422 1794 synodo
3486 1724 3659 1779 inter-

2005 1793 2047 1848 Β
2075 1817 2252 1871 erant,
2284 1807 2369 1863 vir
2412 1807 2637 1876 simplex
2675 1819 2867 1864 natura
2896 1821 2951 1866 et
2976 1823 3220 1882 apertus,
3250 1793 3307 1868 si
3372 1816 3497 1883 quis
3523 1815 3663 1871 alius

2075 1913 2137 1952 ex
2157 1915 2220 1953 eo
2244 1908 2407 1964 caatu,
2435 1900 2527 1969 qui
2558 1900 2692 1954 nihil
2712 1901 2858 1957 aliud
2886 1914 3113 1959 noverat
3137 1917 3334 1974 praeter
3356 1906 3654 1970 Christum,

2075 1998 2129 2043 et
2169 1989 2311 2045 hunc
2337 1989 2659 2044 cruciﬁxum
2706 1989 2760 2043 in
2786 2006 2972 2058 carne,
3003 1995 3303 2049 secundum
3318 1996 3650 2066 Scripturas:

2075 2096 2194 2135 cum
2228 2097 2332 2136 una
2361 2097 2484 2138 cum
2535 2083 2807 2154 episcopis
2836 2096 3002 2151 esset,
3048 2095 3103 2141 et
3150 2088 3362 2145 videret
3413 2091 3656 2160 philoso-

2076 2173 2237 2241 phum
2266 2172 2618 2228 insultantem
2647 2175 2753 2245 piis
2776 2178 2981 2232 nostris
3000 2178 3292 2249 episcopis,
3325 2190 3381 2236 et
3410 2183 3652 2252 disputa—

2079 2263 2243 2318 tionis
2271 2265 2508 2320 versutia
2560 2280 2683 2322 sese
2724 2266 3047 2335 iactantem,
3077 2273 3248 2339 poscit
3292 2274 3362 2328 ab
3386 2274 3657 2344 episcopis

2077 2352 2171 2408 Dei
2230 2354 2613 2410 sacerdOtibus
2679 2356 2890 2411 veniam
2949 2358 3294 2430 colloquendi
3321 2370 3376 2419 et
3429 2381 3657 2436 congre-

2076 2443 2257 2498 diendi
2292 2459 2414 2499 cum
2475 2445 2821 2516 ρΙιίΙοεορΙιο.
2900 2448 3036 2505 Τιιιιι
3105 2467 3235 2508 vero
3262 2455 3502 2526 episcopi
3557 2475 3656 2514 no-

2076 2536 2175 2589 stri
2206 2550 2330 2592 cum
2385 2537 2790 2607 simplicitatem
2850 2541 2953 2597 viri
2979 2550 3034 2596 et
3084 2541 3389 2599 litterarum
3431 2549 3653 2619 imperi-

2078 2628 2205 2682 tiam
2268 2629 2537 2696 viderent,
2609 2630 2918 2687 suadebant
2974 2634 3026 2689 ei
3094 2636 3147 2689 in
3226 2640 3467 2694 medium
3543 2658 3651 2697 non

2076 2719 2316 2789 prodire,
2366 2735 2434 2777 ne
2466 2719 2605 2778 forte
2646 2722 2715 2778 ab
2758 2723 3021 2793 improbis
3079 2736 3136 2782 et
3181 2729 3425 2785 veritatis
3476 2733 3651 2788 hosti-

2077 2812 2178 2866 bus
2208 2812 2555 2869 irrideretur.
2612 2813 2706 2871 llle
2747 2831 2870 2872 cum
2925 2819 3205 2875 continere
3262 2836 3323 2876 se
3358 2838 3463 2877 non
3523 2839 3654 2893 pos-

2076 2913 2193 2970 set,
2248 2904 2628 2974 philosophum
2676 2908 3011 2977 aggreditur,
3053 2919 3110 2964 et
3155 2910 3223 2966 ad
3268 2928 3389 2967 eum
3440 2914 3649 2984 inquit:

2075 2993 2133 3052 lu
2183 2995 2400 3052 nomine
2452 2996 2578 3053 Jesu
2631 2998 2833 3055 Christi
2879 2999 2975 3056 Dei
3021 2999 3184 3057 Verbi
3246 3018 3465 3075 semper
3527 3021 3651 3061 cum

2076 3085 2235 3145 Patre
2281 3091 2613 3156 exsisteutis,
2673 3093 2797 3147 andi
2843 3093 3092 3149 veritatis
3143 3095 3418 3165 dogmata,
3459 3112 3494 3152 ο
3524 3099 3649 3167 phi-

2074 3178 2314 3246 l050phe.
2354 3179 2533 3243 Certe,
2594 3179 2767 3249 inquit
2824 3181 2935 3247 ille,
2984 3182 3029 3236 si
3083 3183 3307 3238 dixeris.
3348 3184 3483 3239 Tum
3522 3202 3652 3242 san-

2074 3281 2233 3325 ctus:
2270 3270 2433 3336 Deus,
2479 3270 2686 3341 inquit,
2716 3287 2853 3326 unus
2903 3283 3021 3339 est,
3073 3274 3164 3344 qui
3212 3285 3494 3346 postquam
3543 3294 3651 3335 cte-

2073 3362 2207 3428 lum,
2239 3372 2462 3429 terram,
2490 3363 2682 3427 maria,
2720 3373 2774 3418 et
2797 3379 3133 3435 quaecunque
3163 3368 3215 3421 in
3249 3369 3312 3421 iis
3362 3371 3649 3426 continen-

2071 3461 2179 3524 tur,
2242 3452 2581 3520 fabricasset,
2631 3464 2685 3508 et
2742 3456 3012 3511 hominem
3059 3472 3125 3512 ex
3180 3467 3325 3513 terra
3381 3459 3649 3530 tinxisset,

2072 3545 2253 3600 omnia
2296 3537 2625 3601 sustentavit
2672 3543 2855 3601 Verbo
2903 3561 3024 3612 suo,
3078 3557 3132 3604 et
3177 3548 3383 3618 Spiritu
3433 3564 3645 3609 sancto.

2072 3635 2187 3693 Hoc
2212 3638 2470 3706 Verbum,
2521 3638 2920 3708 ophilosOphe,
2974 3641 3062 3695 Dei
3114 3641 3310 3698 Filium
3363 3659 3486 3701 esse
3517 3661 3648 3718 cog-

2074 3741 2378 3796 noscentes,
2417 3731 2728 3796 adoramus,
2760 3735 3044 3787 credentes
3076 3733 3248 3801 illum,
3280 3745 3337 3789 ut
3377 3753 3472 3794 nos
3502 3740 3649 3794 redi-

2074 3831 2266 3887 meret,
2293 3837 2358 3875 ex
2387 3820 2608 3890 Virgine
2633 3836 2856 3876 carnem
2887 3826 3264 3892 assumpsisse,
3293 3837 3479 3881 natum
3505 3843 3647 3896 esse,

2073 3924 2128 3970 et
2158 3912 2436 3968 hominem
2469 3912 2669 3969 iactum
2705 3927 2849 3975 esse,
2903 3922 2957 3966 et
3005 3927 3102 3981 per
3142 3916 3328 3970 carnis
3379 3933 3490 3973 suae
3520 3935 3647 3989 pas-

2075 4007 2281 4062 sionem
2320 4004 2371 4058 in
2401 4019 2565 4059 cruce
2590 4013 2646 4059 et
2676 4013 2930 4070 mortem,
2969 4007 3036 4059 ab
3070 4013 3275 4061 aeterna
3301 4009 3651 4067 damnatione

2075 4113 2173 4154 nos
2201 4096 2543 4160 liberavisse,
2575 4109 2779 4166 perque
2812 4098 3261 4153 resurrectionem
3287 4114 3464 4166 suam,
3492 4112 3647 4157 aeter-

2074 4204 2198 4244 nam
2228 4186 2386 4263 nobis
2417 4187 2582 4240 vitam
2632 4186 2971 4242 contulisse:
3020 4204 3180 4258 quem
3232 4192 3298 4245 ad
3347 4191 3512 4247 caelos
3563 4209 3648 4249 re-

2074 4294 2342 4351 gressum,
2382 4285 2664 4347 speramus
2701 4278 2894 4331 iterum
2950 4290 3258 4349 venturum,
3301 4290 3355 4337 et
3407 4282 3647 4351 judicent

2077 4373 2313 4428 futurum
2350 4369 2589 4426 omnium
2635 4384 2753 4438 quae
2801 4369 2853 4422 in
2905 4369 3015 4425 vita
3061 4373 3348 4439 gessimus.
3398 4377 3649 4432 Hreccine

392 4479 531 4523 σεως
564 4463 654 4515 διά
685 4479 743 4514 τε
778 4462 879 4531 τῆς
932 4463 1286 4527 ἀναστάσεως
1321 4464 1486 4518 αὐτοῦ
1518 4463 1665 4536 ζωὴν
1713 4469 1844 4536 ἡμῖν
1871 4469 1967 4521 αύ-

2078 4464 2280 4529 credis,
2319 4477 2352 4516 ο
2384 4460 2752 4532 philosophe?
2807 4459 2898 4516 Ille
2947 4472 3199 4533 tanquam
3246 4463 3545 4521 disserendi
3594 4480 3649 4523 et

388 4554 483 4608 τὸν
537 4553 755 4609 αἰώνιον
803 4556 1248 4625 περιποιεῖσθαι·
1306 4556 1365 4608 ὃν
1428 4556 1525 4610 καὶ
1581 4559 1664 4621 εἰς
1709 4559 1972 4630 οὐρανοὺς

390 4646 689 4700 ἀνελθόντα
737 4644 1032 4717 ἐλπίζομεν
1081 4645 1244 4701 πάλιν
1298 4646 1640 4718 ἐλεύσεσθαι,
1678 4652 1873 4721 κριτήν
1911 4668 1971 4706 τε

390 4738 611 4791 ἔσεσθαι
642 4739 772 4807 περὶ
807 4739 1028 4792 πάντων
1075 4733 1150 4792 ὧν
1188 4740 1624 4811 διεπραξάμεθα.
1683 4742 1973 4807 Πιστεύεις

389 4830 600 4893 τούτοις
621 4871 636 4895 ,
668 4824 712 4883 ὦ
745 4830 1033 4899 φιλόσοφε;
1075 4831 1132 4884 Ὀ
1160 4830 1217 4884 δὲ
1255 4833 1562 4901 φιλόσοφος,
1597 4833 1672 4896 ὡς
1708 4832 1775 4887 ἂν
1809 4834 1972 4905 μηδε-

391 4920 615 4976 πώποτε
645 4926 842 4993 πεῖραν
877 4923 1052 4991 λόγων
1084 4924 1164 4987 είς
1195 4924 1475 4978 ἀντίθεσιν
1537 4924 1821 4997 ἐσχηκὼς,
1859 4928 1967 4980 άπ-

391 5014 627 5087 ηνεὼθη,
653 5016 750 5069 καὶ
775 5015 848 5079 ὡς
875 5015 1059 5084 κωφὸς
1092 5015 1124 5085 ἢ
1156 5015 1374 5082 ἄλαλος,
1395 5016 1567 5081 οὕτως
1584 5019 1963 5089 ἀπεσιώπησε·

390 5107 550 5161 τοῦτο
586 5109 745 5178 μόνον
778 5109 974 5179 οἰκτρᾷ
1016 5109 1137 5161 λίαν
1169 5111 1233 5180 τῇ
1265 5112 1416 5180 φωνῇ
1450 5111 1589 5181 πρὸς
1623 5110 1786 5163 αὑτὸν
1811 5112 1967 5183 εῑρη-

392 5199 527 5265 κὼς,
559 5202 641 5254 ὅτι
670 5201 855 5270 Κὰμοὶ
881 5199 1055 5254 ταῦτα
1076 5198 1249 5264 οὕτως
1277 5201 1421 5270 ἔχειν
1451 5201 1620 5264 δοκεῖ,
1645 5202 1811 5272 μηδὲν
1845 5203 1965 5255 ἓτε-

395 5306 489 5360 ρον
512 5287 672 5357 εἶναι,
711 5292 744 5362 ἦ
779 5292 961 5345 πάντα
997 5289 1184 5353 καθὼς
1213 5291 1572 5362 προείρηκας.
1612 5291 1670 5345 Ὀ
1699 5292 1757 5345 δὲ
1786 5294 1968 5365 γέρων

393 5382 534 5452 πρὸς
563 5382 723 5436 αὐτὸν
753 5382 858 5453 ἔφη
884 5396 898 5412 ³
922 5383 986 5435 El
1030 5381 1204 5436 ταῦτα
1251 5381 1427 5445 οὕτως
1464 5383 1612 5453 ἔχειν
1646 5383 1925 5450 πιστεύεις
1950 5427 1964 5452 ,

393 5463 442 5524 ὦ
488 5469 745 5540 φιλόσοφε
769 5511 784 5536 ,
838 5471 1078 5534 ἀναστάς
1107 5470 1393 5524 ἀκολούθει
1433 5489 1562 5543 μοι,
1597 5474 1695 5527 καὶ
1736 5476 1828 5528 ἐπὶ
1870 5475 1969 5545 τὴν

395 5565 695 5636 ἐκκλησίαν
729 5565 1142 5635 σπουδάσωμεν,
1172 5561 1287 5638 ὲνῇ
1321 5565 1468 5639 λήψῃ
1496 5565 1557 5620 τὸ
1584 5569 1808 5638 σημεῖον
1833 5566 1971 5621 ταύ-

472 5721 518 5755 ⁸⁸
544 5719 647 5776 Joh
678 5736 730 5788 v,
766 5720 870 5788 15;
902 5718 922 5774 Ι
951 5719 1076 5774 Cor.
1105 5733 1188 5787 ιιι,
1223 5717 1302 5776 l9.

2074 4550 2480 4611 contradicendi
2508 4551 2797 4620 imperitus
2830 4551 3130 4623 obstupuit,
3176 4563 3232 4608 et
3277 4554 3425 4611 velut
3453 4560 3648 4614 surdus

2073 4657 2166 4705 aut
2196 4657 2377 4703 mutus
2404 4645 2672 4701 obticuit:
2706 4646 2807 4699 hoc
2839 4646 3012 4700 solum
3043 4660 3174 4700 voce
3199 4648 3265 4702 ad
3293 4650 3647 4705 commisera-

2077 4742 2281 4796 tionem
2322 4738 2515 4793 inﬂexa
2542 4736 2727 4791 dicere
2762 4737 2974 4805 potuit:
3011 4736 3139 4792 Mihi
3180 4740 3293 4792 hmc
3325 4739 3397 4794 ita
3443 4756 3502 4796 se
3547 4743 3646 4795 ha-

2072 4836 2203 4890 bere
2250 4832 2519 4898 videntur,
2575 4843 2676 4883 nec
2735 4827 2879 4883 aliud
2938 4829 3231 4898 quidquam
3289 4830 3474 4885 verius
3524 4848 3646 4889 esse

2074 4927 2259 4989 credo,
2311 4938 2472 4993 quam
2523 4922 2667 4993 quod
2724 4929 2778 4976 tn
2807 4920 3009 4975 dixisti.
3065 4920 3201 4975 Tum
3231 4936 3392 4977 senex
3437 4924 3553 4979 ait:
3587 4916 3687 4981 Si‘

2049 5021 2191 5085 ,lunc
2212 5020 2285 5074 ita
2310 5032 2369 5074 se
2399 5016 2600 5071 habere
2623 5015 2824 5080 credis,
2844 5013 3181 5084 philosophe,
3208 5029 3390 5085 surge,
3415 5029 3647 5084 sequere

2075 5126 2183 5175 me,
2234 5110 2300 5164 ad
2345 5108 2630 5165 ecclesiam
2683 5119 3056 5176 properemus,
3112 5105 3164 5159 in
3197 5120 3300 5174 qua
3338 5106 3494 5172 hujus
3523 5105 3644 5160 ﬁdei

2074 5199 2307 5271 sigillum
2340 5199 2595 5269 accipias.
2637 5196 2998 5264 Philosophus
3031 5204 3209 5249 autem
3258 5209 3380 5248 cum
3411 5205 3645 5249 mentem

2074 5308 2224 5347 suam
2258 5291 2324 5345 ad
2351 5305 2532 5344 veram
2561 5290 2612 5343 in
2643 5290 2808 5343 Deum
2838 5288 3093 5356 pietatem
3121 5285 3379 5350 ﬂexisset,
3410 5288 3644 5339 surrexit

2073 5394 2128 5439 et
2160 5392 2379 5437 secutus
2409 5389 2492 5437 est
2521 5395 2724 5436 senem.
2768 5380 3078 5434 Conversus
3128 5391 3258 5432 vero
3306 5377 3371 5429 ad
3414 5376 3633 5446 discipu-

2075 5475 2157 5531 los
2190 5488 2339 5538 suos,
2371 5482 2426 5527 et
2459 5473 2526 5528 ad
2565 5487 2658 5528 eos
2686 5473 2776 5541 qui
2815 5467 3062 5525 audiendi
3119 5467 3293 5538 gratia
3347 5467 3475 5521 illuc
3510 5481 3645 5520 cen-

2074 5567 2384 5624 ﬂuxerant:
2435 5564 2657 5636 Audite,
2693 5563 2889 5635 inquit,
2934 5576 2966 5617 ο
2994 5559 3139 5617 viri:
3180 5559 3418 5630 quandiu
3468 5559 3645 5615 verbis
