4042 6142
419 303 551 368 1255

1690 297 1996 358 GELASII
2035 298 2382 360 CYZICENI

3549 298 3682 362 1256

413 410 898 475 contendebamus,
955 407 1115 463 verba
1147 405 1330 461 verbis
1371 404 1624 476 opposui,
1677 415 1734 460 et
1781 403 1988 474 objecta

2109 422 2196 476 της
2228 407 2327 475 τῆς
2358 404 2620 467 πίστεως.
2669 405 2726 457 ’0
2773 402 2829 456 δὲ
2867 401 3154 472 φιλόσοφός
3195 401 3519 472 μεταϐαλὼν
3563 405 3680 460 ὅλον

416 504 632 558 dicendi
664 511 782 556 arte
816 499 982 554 refelli
1016 521 1027 553 :
1080 498 1173 551 sed
1198 497 1287 551 ubi
1322 511 1420 564 pro
1450 495 1632 552 verbis
1672 496 1854 550 divina
1883 497 1998 550 vir-

413 603 500 647 tus
535 608 597 645 ex
634 606 727 644 ore
766 589 992 643 dicentis
1026 586 1250 654 prodiit,
1305 601 1412 640 non
1443 593 1732 652 potuerunt
1766 584 1998 654 amplius

415 685 578 738 verba
630 682 816 735 virtuti
879 679 1156 741 resistere,
1209 693 1306 731 nec
1356 677 1519 732 homo
1561 677 1835 730 adversari
1889 675 1999 730 Deo

417 775 602 827 valuit.
646 774 711 826 Et
744 772 862 824 ideo
897 770 940 822 si
968 770 1092 838 quis
1123 779 1361 823 vestrum
1397 767 1698 836 intelligere
1739 767 1996 838 potuerit,

419 883 538 936 qua:
577 865 705 918 mihi
764 863 1094 917 intellexisse
1128 863 1336 928 videor,
1378 863 1563 916 credat
1597 863 1646 914 in
1694 860 1995 924 Christum,

419 968 472 1012 et
507 968 768 1023 sequatur
800 955 944 1007 hunc
985 968 1193 1019 senem,
1225 954 1276 1006 in
1309 967 1414 1020 quo
1449 952 1655 1007 locutus
1701 958 1781 1004 est
1833 950 1993 1005 Deus.

414 1048 526 1103 lloc
558 1049 737 1116 itaque
767 1055 924 1114 pacto
955 1044 1305 1114 philosophus
1333 1043 1685 1107 illuminatus,
1735 1050 1790 1095 et
1815 1041 1977 1095 Chri-

419 1139 630 1192 stianus
659 1138 856 1201 factus,
885 1151 945 1190 se
981 1137 1178 1190 victum
1208 1149 1330 1190 esse
1351 1151 1379 1187 a
1407 1148 1537 1188 sene
1581 1132 1977 1202 gratulabatur.

413 1229 564 1296 Quod
623 1244 748 1284 vero
795 1228 1152 1297 philosolihus
1203 1225 1510 1296 baptizatus
1560 1224 1744 1288 fuerit,
1789 1233 1845 1277 et
1896 1221 1992 1276 Dei

418 1320 678 1374 Ecclesia}
709 1320 1017 1390 adjunctus,
1066 1320 1212 1387 quod
1261 1318 1550 1387 quieverit,
1600 1327 1654 1371 et
1680 1316 1750 1369 ob
1784 1313 1993 1380 magni-

412 1411 512 1465 ﬁca
544 1411 633 1465 Dei
667 1409 807 1465 facta
843 1409 1222 1473 exsultaverit,
1261 1410 1497 1479 synodus
1549 1408 1662 1476 ipsa
1707 1406 1991 1473 gaudebat.

2098 496 2292 550 ἑαυτὸν
2317 495 2456 568 πρὸς
2485 495 2584 566 τὴν
2614 494 2791 565 ἀληθῆ
2821 497 2901 558 εἰς
2927 495 3018 548 τὸν
3044 494 3152 547 τῶν
3189 495 3327 547 ὅλων
3359 493 3496 548 Θεὸν
3522 495 3678 549 εὐσέ-

2097 588 2274 652 ϐειαν,
2307 588 2550 651 ἀναστὰς
2593 586 2883 656 ἠκολούθει
2908 586 2985 656 τῷ
3015 588 3267 657 γέροντι,
3297 587 3388 639 καὶ
3419 588 3681 657 ἐπιστρα-

2097 679 2220 748 φεὶς
2258 679 2404 747 λέγει
2445 682 2557 741 τοῖς
2591 678 2859 749 μαθηταῖς
2892 677 3078 740 αὑτοῦ,
3109 677 3200 730 καὶ
3231 679 3366 730 πᾶσι
3407 680 3521 740 τοῖς
3562 695 3682 729 συνο

2095 771 2342 825 ελθοῦσιν
2401 773 2480 833 εἰς
2520 771 2619 842 τὴν
2657 770 2941 842 ἀκρόασιν.
3017 769 3344 834 Ἀκούσατε,
3398 770 3589 840 φησὶν,
3639 765 3683 824 ὧ

2105 863 2300 932 ἄνδρες
2325 901 2340 926 ,
2372 861 2478 923 ἕως
2520 862 2610 914 ὅτε
2642 861 2817 929 λόγων
2855 860 3160 931 ἐποιούμην
3199 861 3457 932 σπουδὴν,
3492 862 3682 930 λόγους

2102 952 2436 1016 ἀντετίθουν,
2485 953 2582 1005 καὶ
2611 951 2681 1004 τὰ
2715 953 3139 1022 προσφερόμενα
3172 952 3336 1023 τέχνῃ
3373 953 3466 1005 τοῦ
3503 954 3683 1022 λέγειν

2100 1045 2440 1114 ἀνέτρεπονο
2493 1044 2581 1097 ὅτε
2630 1043 2686 1096 δὲ
2734 1043 2855 1098 ἀντὶ
2902 1041 3078 1110 λόγων
3133 1044 3366 1114 δύναμίς
3424 1063 3510 1108 τις
3561 1046 3683 1100 θεία

2097 1136 2163 1188 ὲκ
2203 1136 2475 1206 στόματος
2522 1134 2617 1188 τοῦ
2654 1135 2944 1204 ζητοῦντος
2967 1134 3368 1205 προελήλυθεν,
3394 1137 3494 1190 οὐκ
3531 1140 3684 1209 ἰσχυ-

2098 1242 2198 1278 σαν
2227 1227 2276 1277 οἱ
2307 1225 2456 1294 λόγοι
2483 1224 2669 1277 λοιπὸν
2708 1227 2775 1294 τῇ
2818 1224 3049 1293 δυνάμει
3086 1226 3469 1292 ἀντιτάξεσθαι
3500 1245 3515 1258 ·
3558 1227 3684 1280 οὗτε

2096 1314 2205 1384 γὰρ
2238 1313 2526 1384 ἄνθρωπος
2555 1312 2676 1384 Θεῷ
2699 1308 2811 1377 οἶός
2844 1313 2905 1366 τέ
2929 1315 3077 1368 ἐστιν
3108 1316 3553 1386 ἀντιστήσεσθαι.
3587 1319 3687 1372 Διά

2095 1422 2180 1458 τοι
2214 1405 2378 1459 τοῦτο
2421 1405 2476 1457 εῐ
2524 1424 2606 1469 τις
2656 1405 2808 1474 ὑμῶν
2857 1405 3082 1460 δύναται
3133 1407 3398 1475 συνιέναι,
3456 1410 3532 1472 ὡς
3575 1410 3688 1478 ἐγὼ

417 1499 704 1568 νενόμικα,
737 1497 1017 1550 πιστεύσει
1049 1498 1128 1559 εἰς
1155 1496 1411 1567 Χριστὸν,
1451 1496 1546 1548 καὶ
1610 1492 2034 1563 ἀκολουθησάτω
2072 1493 2247 1565 τούτῳ
2283 1495 2362 1565 τῷ
2395 1495 2652 1564 γέροντι,
2687 1495 2746 1548 ἐν
2794 1487 2839 1562 ᾧ
2890 1496 3153 1564 ἐλάλησεν
3221 1500 3248 1549 6
3278 1498 3429 1560 Θεός.
3485 1501 3690 1553 Τοῦτον

409 1590 501 1642 τὸν
539 1589 740 1659 τρόπον
789 1586 1078 1640 ἀναλαϐὼν
1108 1589 1136 1640 6
1179 1587 1469 1656 φιλόσοφος
1494 1627 1510 1652 ,

412 1682 666 1753 γέροντος
693 1694 707 1708 ⁸

1571 1582 1890 1653 φωτισθεὶς,
1965 1583 2062 1635 καὶ
2102 1583 2394 1654 γενόμενος
2447 1584 2794 1654 Χριστιανὸς,
2853 1583 3070 1656 ἔχαιρεν
3127 1588 3384 1658 ἡττηθεὶς
3433 1590 3540 1643 ὑπὸ
3587 1592 3685 1644 τοῦ

745 1679 936 1733 τούτου
990 1679 1047 1731 δὲ
1090 1677 1186 1731 τοῦ
1241 1678 1535 1748 φιλοσόφου
1577 1677 1992 1746 βαπτισθέντος,
2037 1676 2132 1729 καὶ
2181 1681 2245 1748 τῇ
2287 1677 2382 1731 τοῦ
2433 1677 2572 1730 Θεοῦ
2617 1677 2916 1748 Ἐκκλησία
2990 1679 3398 1748 συναφθέντος,
3438 1683 3534 1735 καὶ
3601 1683 3685 1737 δι-

413 1771 826 1841 αναπαυομένου
882 1771 975 1824 καὶ
1014 1769 1381 1839 ἀγαλλιῶντος
1415 1769 1512 1823 ἐπὶ
1561 1772 1674 1834 τοῖς
1725 1769 2034 1840 μεγαλείοις
2070 1770 2165 1824 τοῦ
2193 1769 2353 1837 Θεοῦ,
2392 1772 2426 1842 ἡ
2457 1771 2677 1834 σύνοδος
2701 1771 2946 1842 ἔχαιρεν.

1031 1888 1184 1943 CAP.
1229 1884 1371 1940 XIV.

417 2001 696 2070 Refulalio
728 2001 949 2054 alterius
980 1999 1298 2068 philosophi,
1320 1998 1412 2070 cui
1446 1995 1645 2070 Phanio
1669 2013 1878 2070 nomen,
1909 1987 2000 2068 qui

540 2074 700 2126 etiam
729 2089 825 2140 pro
855 2067 1016 2138 impio
1049 2067 1200 2133 Aria,
1234 2080 1280 2140 et
1310 2067 1634 2140 blasphemia
1667 2069 1731 2121 ab
1766 2067 1862 2121 illo
1923 2067 1929 2068 ί
1980 2069 1983 2071 ’

908 2137 1140 2206 inventa,
1174 2137 1326 2194 verba
1359 2138 1497 2207 fecit.

419 2314 721 2384 Propositio
771 2314 1068 2384 philosoirhi
1122 2322 1189 2366 ad
1243 2321 1485 2384 sanctam
1529 2312 1794 2383 synodum
1841 2327 2000 2382 super

699 2387 876 2438 iltud:
926 2401 944 2436 ι
977 2383 1258 2438 Faciamus
1287 2383 1550 2437 hominem
1573 2384 1641 2438 ".
1677 2401 1697 2436 ι

489 2538 507 2572 ι
541 2519 794 2589 Dixitque
825 2517 969 2574 Deus
1005 2538 1017 2573 :
1067 2517 1353 2572 Faciamus
1379 2517 1655 2572 hominem
1693 2518 1760 2573 ad
1802 2518 1999 2588 imagi-

415 2625 538 2666 nem
575 2620 627 2664 et
661 2610 1072 2664 similitudinem
1113 2619 1378 2664 nostram.
1414 2627 1434 2661 ι
1470 2609 1525 2663 Si
1559 2610 1775 2680 quidem
1809 2611 1995 2681 igitur,

417 2713 476 2756 ut
520 2718 621 2756 vox
669 2703 888 2767 indicat,
947 2716 1099 2756 mens
1147 2702 1310 2756 etiam
1361 2711 1479 2755 erat
1533 2703 1827 2771 separatim
1873 2703 2000 2757 sub-

417 2795 642 2860 sistens,
674 2793 844 2850 Deum
897 2794 1104 2849 dixerit
1134 2793 1330 2863 aliquis
1377 2795 1578 2848 habere
1605 2795 1840 2848 hominis
1882 2794 1999 2848 eili-

421 2888 603 2956 giem:
662 2889 908 2943 novimus
958 2897 1134 2942 autem
1184 2886 1353 2942 Deum
1405 2887 1704 2956 simplicem
1756 2902 1877 2944 esse
1935 2903 1999 2942 ac

420 2981 539 3032 sine
599 2980 786 3048 ligura.
820 2978 958 3045 Quid
1007 2994 1134 3048 ergo
1181 2980 1282 3032 sibi
1341 2977 1530 3032 volunt
1582 2979 1997 3048 appellationum

418 3071 642 3124 istarum
699 3069 1166 3137 signiﬁcationes?
1215 3071 1401 3137 dicite,
1452 3070 1696 3139 nunquid
1727 3071 1870 3128 Deus
1897 3074 1998 3129 ho-

418 3161 580 3214 minis
605 3160 765 3214 habet
795 3160 1021 3229 ﬁguram
1047 3160 1070 3212 ἰ

420 3272 704 3342 Responsio
736 3281 1038 3326 sanctorum
1083 3271 1310 3347 Patrum
1348 3291 1440 3347 per
1490 3275 1833 3330 Eustathium
1885 3277 1998 3347 cpi-

911 3359 1124 3409 scopum
1173 3343 1487 3399 Antiochiae.

487 3452 602 3508 Non
646 3455 744 3518 sic,
801 3470 833 3508 ο
889 3455 1234 3523 philosophe,
1285 3457 1382 3510 sed
1428 3459 1570 3526 quod
1617 3457 1756 3514 Deus
1810 3459 1994 3515 dixit:

424 3561 443 3594 ι
488 3543 712 3598 Ρτωείιιι
741 3545 1003 3598 universae
1037 3555 1213 3610 terrae,
1241 3557 1296 3600 et
1317 3547 1664 3602 dominentur
1690 3551 1762 3616 ei,
1797 3560 1850 3605 et
1879 3567 1997 3605 om-

421 3638 580 3688 nibus
603 3649 722 3702 quae
750 3636 800 3687 in
820 3649 884 3688 ea
905 3634 1109 3690 sunt'”
1139 3653 1153 3690 :
1181 3655 1199 3688 ι
1225 3637 1325 3692 hoc
1341 3640 1804 3696 accommodatum
1819 3652 1901 3696 est
1921 3644 1994 3712 ei,

421 3728 609 3782 facere
643 3727 850 3781 scilicet
881 3728 1154 3782 hominem
1185 3729 1252 3783 ad
1288 3731 1578 3802 imaginem
1610 3731 1726 3799 Dei,
1760 3742 1816 3789 et
1862 3750 2002 3805 pra:-

420 3833 541 3872 esse
591 3817 737 3870 illum
789 3819 1058 3873 universa:
1101 3829 1282 3874 terrae.
1317 3819 1453 3875 Nam
1503 3810 1584 3877 ur
1611 3822 1755 3878 Deus
1801 3834 1998 3894 praeest

423 3911 517 3964 toti
548 3919 724 3972 terrae,
755 3919 808 3964 et
837 3910 1086 3966 omnibus
1113 3927 1234 3980 qua
1271 3911 1323 3965 in
1365 3927 1430 3967 ea
1477 3923 1638 3982 sunt;
1688 3916 1768 3972 sic
1812 3917 1994 3972 homi-

421 4016 541 4055 nem
591 4003 753 4057 totius
785 4013 941 4058 terrae
985 4011 1040 4057 et
1083 4019 1268 4059 eorum
1299 4021 1419 4075 quae
1446 4006 1500 4060 in
1533 4021 1594 4061 ea
1628 4017 1776 4074 sunt,
1813 4009 1987 4064 veluti

421 4097 652 4152 alterum
689 4097 970 4166 praesidem
1003 4099 1303 4153 constituit.
1354 4098 1470 4155 Hoc
1497 4099 1617 4155 dico
1646 4115 1791 4168 esse,
1820 4103 1998 4158 homi-

422 4203 546 4244 nem
577 4188 643 4242 ad
671 4188 957 4257 imaginem
985 4197 1040 4242 et
1064 4189 1472 4246 similitudinem
1499 4190 1591 4247 Dei
1616 4191 1820 4249 factum
1848 4210 1994 4251 esse.

1049 4410 1203 4466 CAP.
1244 4411 1363 4468 XV.

457 4523 638 4578 Altera
687 4523 857 4598 adhuc
903 4526 1169 4598 responsio
1217 4533 1545 4598 sanctorum
1574 4524 1816 4598 Patrum
1871 4545 1966 4598 per

701 4595 934 4647 eumdem
985 4595 1285 4664 episcopum
1333 4595 1696 4649 Eustathium.

500 4725 519 4758 ι
556 4707 803 4777 Dixitque
841 4709 1022 4762 Deus:
1057 4707 1346 4762 Faciamus
1381 4709 1655 4764 hominem
1693 4709 1759 4764 ad
1803 4709 1998 4781 imagi-

425 4813 548 4853 nem
581 4808 634 4853 et
665 4799 1080 4853 similitudinem
1113 4809 1376 4855 nostram.
1409 4818 1428 4853 ι
1469 4799 1577 4855 Sed
1607 4801 1694 4855 cui
1725 4802 1882 4869 dixit,
1915 4803 2000 4857 iu-

423 4893 726 4961 quiramus,
759 4908 792 4946 o
823 4893 1164 4961 philosophe.
1217 4891 1276 4946 in
1303 4908 1367 4948 eo
1395 4895 1541 4948 enim
1588 4895 1731 4965 quod
1762 4877 1958 4950 dicitur
1984 4911 1998 4949 :

2667 1889 2922 1945 ΚΕΦΑΛ.
2964 1887 3061 1942 ΙΔ’.

2115 2001 2480 2074 ἈντΙρῤησις
2496 2001 2700 2071 ἐτέρου
2717 2005 3062 2074 φιλοσόφου
3083 2004 3347 2073 τοῦνομα
3362 2006 3684 2074 Φαίδωνος,

2173 2072 2538 2144 ποιουμένου
2573 2073 2670 2126 καὶ
2704 2073 3068 2144 αὑτοῦίτορς
3104 2072 3330 2143 λόγους
3386 2077 3542 2144 ὑπὲρ
3582 2072 3690 2132 τοῦ

2174 2141 2474 2214 θεομᾴχου
2521 2144 2774 2214 Ἀρείου,
2822 2143 2922 2197 καί
2970 2143 3084 2214 τῆς
3117 2141 3551 2214 ἐφευρεθείσής
3586 2149 3688 2202 ὑπ’

2174 2212 2362 2266 αὐτοῦ
2392 2212 2818 2282 βλασφημίας.

2103 2324 2402 2398 Πρόταοςις
2432 2324 2542 2398 τοῦ
2575 2326 2921 2398 φιλοσόφον
2965 2325 3118 2394 πρὸς
3142 2325 3286 2398 μτὴν
3325 2327 3506 2398 ἁγίαν
3532 2330 3685 2384 σύν-

2280 2395 2425 2450 οδον
2451 2397 2539 2461 εἰς
2559 2400 2629 2450 τό
2648 2411 2661 2425 ·
2695 2414 2712 2447 ι
2744 2395 3099 2465 Ποιήσωμεν
3124 2395 3462 2466 ἄνθρωπον.
3497 2417 3515 2450 ι

2162 2531 2304 2585 (Καὶ
2322 2527 2474 2586 εἶπεν
2497 2533 2524 2585 6
2541 2529 2694 2594 Θεός·
2712 2531 3038 2602 Ποιήσωμεν
3061 2531 3349 2604 ἄνθρωπον
3370 2535 3491 2588 κατ’
3507 2533 3692 2588 εἰκόνα

2103 2626 2402 2697 ἡμετέραν,
2435 2625 2530 2678 καὶ
2561 2623 2681 2677 καθ’
2711 2623 2991 2693 ὁμοίωσιν.
3035 2641 3054 2674 ι
3099 2624 3163 2676 Εἰ
3205 2619 3300 2677 οὖν
3345 2625 3422 2688 ὡς
3462 2626 3493 2696 ἡ
3526 2626 3683 2698 φωνὴ

2104 2716 2256 2787 δηλοῖ
2281 2712 2316 2786 ἦ
2347 2717 2441 2769 καὶ⁵
2472 2717 2500 2768 6
2533 2715 2658 2778 νοῦς
2707 2715 3038 2785 ὲξαπαχθεὶς
3062 2756 3076 2782 ,
3108 2715 3586 2788 ἀνθρωπόμορφον
3624 2720 3690 2772 ἄν

2104 2825 2188 2871 τις
2227 2807 2371 2872 λέξοι
2401 2808 2496 2862 τὸν
2525 2807 2679 2861 Θεόν.
2727 2809 2830 2861 Τὸν
2874 2809 2931 2862 δὲ
2986 2807 3118 2861 Θεὸν
3152 2808 3310 2878 ἴσμεν
3340 2810 3547 2865 ἁπλοῦν
3597 2813 3692 2865 καὶ

2105 2901 2539 2972 ἀσχημάτιστον.
2593 2901 2660 2954 Τί
2713 2896 2806 2956 οὖν
2858 2900 3141 2972 βούλονται
3174 2903 3230 2954 αἰ
3268 2903 3535 2972 σημασίαι
3587 2903 3690 2958 τῶν

2106 2993 2492 3064 προσηγοριῶν
2518 2993 2725 3049 τούτων
2752 3010 2767 3060 ;
2793 2994 2952 3063 φατὲ,
2985 2992 3059 3064 μὴ
3087 2993 3198 3064 ἄρα
3220 2993 3685 3066 ἀνθρωπόμορφον

2104 3081 2166 3133 τὸ
2197 3079 2356 3133 Θεῖον
2375 3097 2390 3149 ;

2120 3279 2461 3348 Ἀπόκρισις
2495 3277 2616 3352 τῶν
2651 3280 2838 3348 ἁγίων
2884 3283 3167 3352 Πατέρων
3198 3284 3291 3338 διὰ
3330 3285 3671 3340 Εὐσταθιόυ

2517 3351 2858 3406 ἐπισκόπου
2902 3351 3277 3421 Ἀντιοχείας.

2173 3464 2285 3536 Οὐχ
2307 3463 2501 3530 οῦτως,
2533 3458 2579 3518 ὦ
2604 3465 2886 3535 φιλόσοφε,
2919 3467 3033 3519 ἀλλ’
3065 3467 3097 3538 ἢ
3133 3467 3194 3521 τὸ
3220 3469 3387 3521 εἰπεῖν
3413 3469 3506 3521 τὸν
3529 3467 3686 3522 Θεόνο

2109 3575 2128 3609 ι
2149 3558 2493 3629 Ἀρχέτωσαν
2513 3558 2696 3628 πάσης
2724 3559 2824 3628 τῆς
2849 3561 2972 3630 γῆς’
3006 3559 3099 3612 καὶ
3119 3559 3201 3625 τὸ,
3240 3559 3690 3630 Κατακυριευσάο

2103 3667 2282 3703 τωσαν
2311 3651 2483 3722 αὐτῆς
2512 3691 2527 3717 ,
2581 3651 2676 3704 καὶ
2707 3651 2926 3704 πάντων
2961 3651 3071 3706 τῶν
3106 3653 3165 3706 ὲν
3195 3653 3360 3724 αὐτῇ,
3394 3672 3412 3704 ›
3444 3653 3605 3706 τοῦτο
3625 3653 3685 3707 τὸ

2104 3741 2292 3813 κύριόν
2327 3744 2479 3806 ἐστι,
2509 3744 2604 3796 τοῦ
2634 3743 2857 3814 ποιῆσαι
2894 3744 2985 3797 τὸν
3020 3745 3308 3815 ἄνθρωπον
3347 3747 3470 3798 κατ’
3502 3747 3690 3800 εἰκόνα

2103 3833 2264 3899 Θεοῦ,
2299 3835 2394 3888 καὶ
2431 3834 2623 3905 ἄρχειν
2670 3836 2835 3890 αὑτὸν
2883 3837 3065 3907 πάσης
3095 3839 3197 3907 τῆς
3230 3840 3356 3907 γῆς.
3403 3838 3687 3909 Ἐπείπερ,

2103 3925 2180 3988 ὡς
2213 3925 2373 3996 ἄρχει
2405 3926 2434 3978 6
2478 3924 2613 3988 Θεὸς
2649 3926 2868 3997 ἀπάσης
2891 3927 2991 3996 τῆς
3021 3927 3149 3997 γῆς,
3187 3927 3284 3980 καὶ
3312 3926 3422 3980 τῶν
3457 3929 3516 3980 ἐν
3550 3929 3688 3998 αὐτῇ

2105 4016 2346 4082 πάντων,
2391 4015 2536 4070 οῦτω
2580 4017 2673 4070 καὶ
2700 4018 2791 4071 τὸν
2823 4017 3113 4088 ἄνθρωπον
3160 4018 3418 4090 δεύτερον
3453 4019 3690 4090 ἄρχοντα

2105 4105 2287 4178 πάσης
2313 4107 2412 4178 τῆς
2444 4107 2550 4176 γῆς
2599 4108 2694 4160 καὶ
2723 4107 2830 4160 τῶν
2872 4109 2928 4160 ὲν
2971 4107 3110 4178 αὐτῇ
3157 4108 3484 4178 κατέστησε.
3523 4107 3690 4160 Τοῦτο

2105 4195 2244 4252 εἶναι
2273 4199 2356 4266 τὸ,
2395 4199 2515 4253 κατ’
2560 4199 2744 4252 εἰκόνα
2777 4199 2911 4252 Θεοῦ
2960 4201 3052 4252 καὶ
3101 4198 3226 4254 καθ’
3251 4198 3512 4270 ὁμοίωσιν
3538 4199 3691 4269 γενέ-

2106 4290 2230 4344 σθαι
2264 4290 2354 4344 τὸν
2383 4289 2670 4362 ἄνθρωπόν
2710 4308 2875 4362 φημι.

2710 4404 2938 4458 ΚΕΦΑΛ
2949 4445 2962 4458 .
3000 4403 3104 4463 1Ε¹.

2109 4526 2239 4581 Ἔτι
2273 4525 2708 4592 ἀνταπόκρισις
2746 4523 2866 4577 τῶν
2905 4524 3090 4592 ἁγίων
3120 4524 3398 4590 Πατέρων
3428 4523 3528 4578 διὰ
3581 4525 3685 4578 τοῦ

2414 4595 2599 4649 αὑτοῦ
2637 4595 2976 4649 ἐπισκόπου
3007 4596 3372 4648 Εὑσταθίου.

2174 4731 2193 4764 ι
2240 4713 2352 4766 Καὶ
2406 4711 2560 4764 εἶπεν
2591 4713 2619 4764 6
2649 4710 2780 4774 Θεός
2812 4723 2828 4739 ⁶
2863 4711 3188 4782 Ποιήσωμεν
3242 4709 3532 4780 ἄνθρωπον
3573 4715 3691 4762 κατ’

2101 4801 2287 4856 εἰκόνα
2334 4801 2628 4872 ἡμετέραν.
2662 4800 2759 4852 atat
2799 4799 2925 4853 καθ’
2956 4800 3239 4870 ὁμοίωσιν,
3295 4819 3314 4852 ι
3364 4797 3529 4851 Ἀλλά
3557 4797 3694 4866 πρὸς

2103 4893 2224 4946 τινα
2252 4893 2380 4961 ἔφη,
2411 4892 2762 4962 ζητήσωμεν,
2807 4891 3084 4960 φιλόσοφε.
3136 4891 3226 4945 Ἐν
3255 4890 3336 4960 τῷ
3361 4890 3470 4961 γάρ
3491 4891 3688 4941 εἰπεῖν·

429 4999 448 5031 ι
477 4982 726 5050 Dixitque
767 4983 908 5038 Deus
937 4999 950 5034 :
977 4980 1266 5037 Faciamus
1293 4983 1588 5051 hominem,
1615 5006 1634 5038 ι
1656 4986 1885 5055 subjecit
1927 4987 1995 5040 di-

2117 5000 2134 5032 ι
2172 4982 2282 5034 Καὶ
2325 4977 2480 5034 εἶπεν
2518 4983 2546 5034 6
2593 4982 2759 5043 Θεὸς,
2807 4981 3127 5048 ποιήσωμεν
3185 4979 3496 5050 ἄνθρωπον,
3539 4999 3558 5031 ι
3605 4979 3696 5032 ιπ·

423 5085 553 5124 cens
575 5089 591 5124 :
617 5089 634 5121 ι
658 5071 720 5124 Ει
740 5069 868 5124 fecit
886 5071 1022 5124 Deus
1040 5071 1312 5126 hominem
1334 5089 1348 5124 :
1369 5073 1433 5126 ad
1450 5073 1736 5141 imaginem
1761 5074 1848 5128 Dei
1870 5073 1995 5129 fecit

2109 5075 2278 5144 ήγαγε
2307 5072 2501 5141 λέγων’
2532 5092 2550 5124 ι
2590 5072 2700 5125 Καὶ
2743 5072 3002 5141 εποίησεν
3037 5073 3064 5123 6
3092 5071 3223 5133 Θεὸς
3251 5071 3343 5124 τὸν
3367 5070 3658 5138 ἄνθρωπον
3677 5084 3690 5099 ·

425 5161 600 5223 illum,
632 5163 930 5215 masculum
958 5173 1012 5216 et
1036 5163 1292 5217 l'eminam
1317 5163 1443 5219 fecit
1467 5179 1581 5219 eos.
1609 5183 1628 5218 ι
1660 5164 1821 5219 Verbi
1849 5180 1995 5234 ergo,

2109 5165 2232 5218 κατ’
2271 5165 2457 5218 εἰκόνα
2488 5163 2644 5222 ,Θεοῦ
2695 5164 2952 5233 ὲποίησεν
2997 5163 3184 5230 αὑτὸν,
3223 5163 3392 5233 ἄρσεν
3425 5163 3520 5216 καὶ
3559 5161 3692 5233 θῆλυ

426 5251 736 5320 Faciamus,
784 5255 1112 5324 signiﬁcatio
1140 5271 1426 5325 personam
1459 5271 1578 5312 esse
1621 5269 1995 5313 concreantem

2109 5256 2366 5325 εποίησεν
2391 5254 2607 5317 αὐτούς.
2643 5274 2660 5306 ι
2705 5254 2776 5306 Ἠ
2805 5250 2898 5307 οὖν
2929 5253 3021 5306 τοῦ
3047 5255 3403 5322 Ποιήσωμεν
3445 5251 3694 5323 σημασία

426 5345 648 5406 indicat,
683 5358 737 5400 et
763 5347 1024 5416 aequalem
1049 5349 1464 5417 appellationem
1491 5351 1720 5404 inducit.
1755 5350 1829 5405 Ut
1857 5351 1995 5404 enim

2109 5348 2170 5400 τὸ
2221 5344 2363 5401 εἶναι
2424 5349 2716 5416 πρόσωπον
2767 5346 3199 5416 συνδημιουργὸν
3243 5346 3540 5416 σημαίνει,
3601 5343 3695 5396 καὶ

434 5434 590 5492 Pater
629 5436 768 5491 Deus
801 5446 885 5492 est
914 5439 1001 5506 qui
1036 5439 1171 5492 dixit
1198 5455 1212 5491 ε
1280 5459 1296 5490 ι
1332 5440 1614 5496 Faciamus
1643 5441 1911 5496 hominem
1939 5456 1952 5492 :
1984 5457 1995 5490 ι

2113 5439 2647 5511 συνισοπροσήγορον
2691 5439 2920 5506 εἰσάγει.
2976 5437 3066 5500 Ὡς
3110 5438 3224 5507 γὰρ
3268 5436 3402 5500 Θεὸς
3432 5438 3460 5490 6
3503 5436 3694 5509 Πατήρ

433 5525 506 5582 ita
555 5534 611 5579 et
667 5524 808 5580 Deus
851 5526 897 5580 is
945 5536 1028 5580 est
1082 5530 1168 5582 cui
1215 5529 1369 5596 dixit,
1428 5530 1713 5599 faciamus,
1766 5545 1890 5587 cum
1923 5531 1995 5603 _sil

2113 5530 2284 5598 ἐστιν,
2335 5533 2364 5586 6
2391 5532 2582 5596 εἰπὼν,
2630 5550 2648 5582 ‹
2713 5530 3040 5600 Ποιήσωμεν
3074 5528 3365 5599 ἄνθρωπον
3392 5546 3406 5561 ·
3445 5547 3465 5582 ι
3518 5527 3694 5589 οὕτως

506 5703 549 5734 ³⁸
581 5698 718 5753 Gen.
760 5717 800 5766 ι,
824 5702 913 5755 ‘26.
990 5705 1054 5733 "‘
1089 5705 1218 5759 ibid.
