4042 6142
318 283 445 352 125i

1197 293 1564 354 HISTORIA
1599 292 1931 355 CONCILII
1973 291 2276 354 NICEENI.
2317 317 2386 327 -
2417 291 2570 352 'LIB.
2613 290 2696 351 II.

3426 290 3565 356 1258

311 401 343 454 6
371 399 505 465 Θεός
562 400 676 453 ἐστι
720 400 812 455 καὶ
866 401 998 470 πρὸς
1053 402 1112 455 ὃν
1164 399 1224 454 τὸ
1269 401 1621 472 Ποιήσωμεν
1663 404 1879 476 siprius,

1989 404 2176 459 eadem
2237 402 2471 460 essentia
2522 401 2821 457 divinitatis
2870 401 3150 472 utriusque
3195 412 3460 472 personae,
3514 408 3570 454 ιιι

317 490 446 560 μιᾶς
504 489 672 560 οῦσης
725 491 823 561 τῆς
875 491 984 543 τῶν
1029 491 1358 560 ἀμφοτέρων
1411 491 1719 564 προσώπων
1769 493 1892 547 θεό-

313 595 514 650 τητος,
571 578 665 632 τοῦ
723 593 782 632 τε
829 579 1116 647 εἰπόντος,
1175 597 1193 632 ι
1233 581 1555 653 Ποιήσωμεν
1602 581 1890 654 ἄνθρωπον

313 669 434 722 κατ’
498 669 684 723 εἰκόνα
744 670 1021 743 ἡμετέραν
1077 671 1172 725 καὶ
1225 673 1348 726 καθ’
1402 672 1682 745 ὁμοίωσιν,
1729 693 1746 727 ι
1802 676 1896 728 καὶ

310 761 408 814 τοῦ
455 762 784 832 ποιήσαντος
839 762 928 831 τὸν
977 763 1283 834 ἄνθρωπον.
1333 765 1408 819 Τὸ
1470 766 1575 838 γὰρ
1623 766 1893 834 Ποιήσω-

312 869 444 920 μεν,
473 853 535 906 τὸ
563 853 878 922 πανάγαθον
919 856 1016 908 καὶ
1054 856 1479 926 ἀπαράλλακτον
1513 859 1614 930 τῆς
1650 857 1746 912 τοῦ
1764 839 1894 911 ’Πα-

313 945 442 1016 τρὸς
475 947 567 1000 καὶ
596 946 729 1001 Υἰοῦ
759 947 1012 1020 θεότητος
1044 949 1377 1022 παρίστησιν
1408 953 1442 1022 ή
1467 952 1644 1024 φωνή.
1681 953 1748 1005 'ﬂ
1785 950 1894 1022 γὰρ

312 1035 408 1090 τοῦ
440 1033 574 1090 Θεοῦ
603 1037 782 1107 ,εἰκὼν
821 1039 968 1112 ἁπλῆ
1008 1041 1100 1095 καὶ
1133 1039 1432 1106 ἁσύνθετός
1464 1043 1602 1108 ἔστι,
1628 1041 1740 1114 πῦρ
1760 1037 1895 1096 οὖσα

316 1129 381 1196 τῇ
423 1125 605 1196 φύσει.

435 1239 766 1308 Ἀπόκρισις
793 1241 1116 1310 σύμφωνος
1143 1239 1263 1296 τῶν
1285 1244 1470 1312 ἁγίων
1487 1242 1784 1312 Πατέρων.

383 1351 503 1414 Φῶς
531 1351 830 1422 ἀπρόσιτον
867 1352 960 1405 καὶ
1013 1351 1278 1416 ἄστεκτός
1324 1355 1443 1407 ἐστι
1479 1351 1676 1423 φύσις,
1711 1356 1744 1422 ἡ
1795 1353 1895 1422 τῆς

315 1442 477 1510 ἁγίας
529 1442 756 1512 Τριάδος
808 1442 987 1496 οὐσία.
1041 1442 1188 1514 Αὕτη
1233 1444 1381 1497 ἐστὶν
1428 1446 1462 1514 ἡ
1511 1443 1717 1497 διάνοια
1762 1443 1892 1509 τοῦ,

317 1531 690 1602 Ποιήσωμεν.

891 1647 1140 1702 ΚΕΦΑΔ.
1177 1650 1290 1714 rq'.

415 1759 779 1826 Ἀντίῤῥησις
815 1757 919 1812 τοῦ
951 1759 1293 1827 φιλοσόφου
1329 1759 1478 1828 ὑπὲρ
1521 1760 1771 1829 Ἀρείου.

387 1870 558 1925 Πάλιν
583 1871 694 1942 ἐρῶ
723 1870 782 1923 τὸ
809 1870 900 1924 τὸν
927 1869 1059 1924 Θεὸν
1084 1869 1289 1926 ἁπλοῦν
1315 1867 1480 1937 εἶναι,
1511 1873 1605 1926 καὶ
1635 1873 1889 1944 ἀσχημὰ-

309 1975 520 2024 τιστον,
573 1961 666 2014 καὶ
714 1960 1030 2016 ἀσύνθετον.
1075 1963 1202 2025 Πῶς
1235 1957 1330 2016 οῦν
1359 1962 1468 2034 ἄρα
1507 1964 1752 2035 νοητὲον,
1802 1963 1885 2029 τὸ,

319 2071 340 2103 ι
377 2053 510 2104 Κατ’
543 2052 726 2104 εἰκόνα
771 2051 1062 2125 ἡμετέραν,
1099 2054 1192 2106 καὶ
1223 2053 1345 2106 καθ’
1381 2053 1640 2124 ὁμοίωσιν
1687 2071 1705 2122 ;
1737 2073 1756 2106 ι
1796 2055 1890 2110 καὶ

309 2141 374 2194 τὸ
407 2142 481 2214 μὴ
523 2141 896 2213 προῦπάρχειν
935 2143 1026 2196 τὸν
1059 2144 1280 2198 εἰπόντα
1309 2143 1404 2197 τοῦ
1449 2145 1582 2216 πρὸς
1615 2146 1676 2199 ὃν
1709 2145 1886 2214 ἔλεγε,

319 2251 338 2282 ι
381 2232 702 2302 Πειήσωμεν
744 2231 1032 2304 ἄνθρωπον
1057 2250 1071 2264 ·
1107 2251 1126 2285 ι
1167 2233 1262 2287 καὶ
1289 2232 1358 2287 τὰ
1389 2231 1519 2303 ἑξῆς
1549 2249 1564 2298 ;
1591 2234 1731 2288 Φατὲ
1756 2237 1889 2306 ἡμῖν

311 2322 462 2390 σαφῆ
492 2321 588 2392 τὴν
615 2323 742 2394 περὶ
775 2321 980 2377 τούτων
1011 2323 1307 2390 ἀπόδειξιν,
1339 2323 1389 2376 εἰ
1418 2322 1673 2380 δύνασθε.

304 2519 370 2572 Ol
395 2517 890 2588 ἄγιοιέπισκοποι
913 2519 1011 2574 διὰ
1055 2519 1254 2575 Ὀσίου
1284 2521 1620 2576 ἐπισκόπου
1653 2524 1888 2588 πόλεως

382 2585 765 2656 Κόυρδούϐης
786 2629 802 2654 ,
829 2589 1268 2658 ἑρμηνεύοντος
1302 2592 1489 2645 αὑτὸν
1531 2591 1758 2660 ἐτέρου,
1807 2585 1891 2646 εἶξ-

383 2673 505 2710 πον
533 2673 548 2687 ⁹

382 2767 448 2820 Εἰ
481 2769 854 2841 προῦπῆρχεν,
886 2768 961 2832 ὡς
1001 2769 1064 2823 σὺ
1105 2768 1242 2841 φὴς,
1275 2770 1370 2824 τοῦ
1413 2771 1546 2824 Υἱοῦ
1587 2771 1614 2826 6
1653 2772 1880 2843 Πατὴρ,

311 2861 412 2916 καὶ
475 2859 939 2930 μεταγενέστερος
985 2862 1014 2914 6
1076 2861 1205 2925 Υἱὸς
1265 2860 1402 2932 μετὰ
1457 2861 1682 2932 χρόνους
1735 2862 1886 2926 τινὰς

310 2949 560 3012 κτισθεις
653 2949 758 3002 ὑπὸ
827 2950 924 3003 τοῦ
989 2949 1156 3018 Θεοῦ,
1215 2949 1308 3004 καὶ
1386 2951 1466 3012 εἰς
1528 2951 1652 3004 Υἰὸν
1722 2949 1885 3004 αὐτοῦ

313 3038 456 3110 μετὰ
504 3037 608 3091 ταῦ
623 3055 688 3091 τα
725 3037 817 3090 ὑπ’
849 3037 1014 3092 αὐτοῦ
1065 3037 1160 3092 τοῦ
1195 3039 1409 3110 Πατρὸς
1455 3039 1841 3110 ἀναγορευθεὶς
1867 3081 1882 3105 ,

308 3127 456 3181 καθά
529 3142 664 3192 φατε
719 3125 932 3188 ἀσεϐῶς
983 3125 1462 3196 βλασφημοῦντες,
1522 3127 1604 3190 εἰς
1667 3127 1882 3196 ποίησιν

310 3219 419 3272 τῶν
475 3216 710 3270 κτιστῶν
753 3215 968 3285 φύσεων
1009 3216 1400 3287 προκεκτίσθαι
1455 3215 1620 3270 αὐτὸν
1651 3217 1744 3270 ὑπ’
1779 3219 1879 3270 αύ-

310 3307 439 3360 τοῦ’
507 3301 658 3359 εἶπεν
708 3306 810 3373 ἂν,
865 3305 1004 3360 κατὰ
1063 3306 1164 3376 τὴν
1223 3306 1498 3377 ὑμετέραν
1544 3305 1820 3371 ἀσέϐειαν,
1855 3307 1883 3360 6

311 3398 565 3460 ἅκτιστος
613 3397 744 3459 Θεὸς
781 3397 918 3467 πρὸς
961 3397 1054 3450 τὸν
1115 3396 1333 3450 κτιστὸν
1372 3396 1498 3450 Υἱὸν
1538 3398 1661 3450 καθ’
1691 3397 1836 3468 ὑμᾶς
1864 3414 1876 3428 ·

313 3485 548 3558 Ποῖησόν
581 3506 668 3558 μοι
698 3487 978 3558 ἄνθρωπον
1011 3487 1129 3540 κατ’
1169 3487 1355 3542 εἰκόνα
1387 3487 1528 3560 ἐμὴν
1557 3489 1650 3542 καὶ
1683 3488 1881 3560 ὁμοίω-

310 3595 418 3634 σιν,
465 3579 604 3632 ’Λ).λ“
649 3579 878 3648 ἐπείπερ
908 3579 993 3631 ἀεὶ
1039 3578 1226 3650 Πατὴρ
1263 3582 1290 3632 6
1331 3579 1494 3646 Θεὸς,
1529 3581 1604 3643 ὡς
1639 3597 1881 3650 προαπε-

306 3669 586 3740 δείξαμεν,
619 3669 710 3722 καὶ
737 3669 824 3724 ἀεὶ
854 3670 1192 3738 συνυπάρχει
1237 3667 1313 3740 τῷ
1350 3671 1524 3742 Πατρὶ
1553 3673 1581 3724 6
1621 3672 1749 3733 Υἱὸς
1774 3712 1788 3736 ,
1813 3673 1876 3726 ού

308 3763 768 3832 μεταγενέστερος
813 3761 1030 3831 χρόνοις
1058 3799 1072 3825 ,
1104 3761 1204 3813 οὐκ
1237 3760 1482 3814 ἐλάσσων
1511 3761 1736 3831 δυνάμει
1767 3803 1782 3824 ,
1817 3763 1878 3816 ού

307 3853 682 3923 περιγραπτὸς
729 3853 912 3923 τόπῳ,
959 3852 1076 3906 ἀλλ’
1121 3851 1209 3904 ἀεὶ
1242 3852 1334 3905 καὶ
1380 3852 1646 3916 ὡσαύτως
1695 3854 1879 3918 ἀῖδέως

307 3945 670 4014 συνυπάρχιιιν
699 3942 774 4014 τῷ
804 3943 1002 4014 ῐιατρὶ,
1041 3934 1410 4012 γεγενὴμένος
1457 3940 1516 4008 ἐξ
1551 3942 1716 3996 αὑτοῦ
1747 3946 1881 3998 ἀπε-

303 4036 562 4105 ρινοήτως
579 4034 672 4086 καὶ
693 4033 1105 4104 ἀνεκφράστως,
1133 4031 1276 4086 καθὰ
1293 4034 1727 4104 προειρήκαμεν,
1745 4035 1878 4098 Θεὸς

304 4124 554 4195 ἀληθινὸς
608 4123 682 4177 ὣν
725 4125 830 4190 ἀεὶ,
865 4125 928 4176 ὲκ
978 4121 1070 4176 τοῦ
1117 4124 1204 4177 ἀεὶ
1251 4123 1404 4186 ὄντος
1437 4123 1716 4194 ἀληθινοῦ,
1743 4124 1878 4178 Θεοῦ

299 4219 397 4270 καὶ
456 4216 706 4288 Πατρὸς,
753 4215 1086 4285 συνάναρχος
1120 4214 1198 4284 τῷ
1240 4214 1435 4286 Hea-pi,
1490 4216 1762 4280 συναῖδιος
1794 4216 1872 4287 τῷ

302 4307 500 4379 Πατρὶ,
557 4305 967 4378 συμϐασιλεύων
1025 4305 1111 4358 ἀεὶ
1177 4304 1253 4376 τῷ
1317 4306 1528 4378 ﬂat-pi,
1595 4307 1878 4377 ὀμοούσιος

298 4403 378 4473 τῷ
435 4403 611 4473 Πατρ“ι
636 4439 650 4464 ,

297 4493 396 4562 γὸς
439 4491 517 4561 τῷ
557 4491 751 4562 Πατρέ.
813 4491 876 4544 ΕΞ
913 4491 1020 4560 γὰρ
1073 4489 1158 4542 διὰ
1207 4490 1300 4542 τοῦ
1345 4491 1476 4543 Υἱοῦ
1543 4493 1875 4562 γεγενῆσεαι

297 4583 448 4652 λέγει
514 4583 707 4656 ἠθεξα
781 4581 889 4633 τῶν
951 4580 1297 4648 Εὖαγγελίων
1353 4580 1542 4652 φωνὴ,
1621 4583 1715 4636 καὶ
1789 4586 1872 4638 ὅτι

302 4693 324 4728 ι
387 4674 556 4746 χωρὶς
623 4673 788 4728 αὑτοῦ
837 4673 1060 4742 γέγονεν
1115 4671 1234 4725 οῦδὲ
1264 4669 1369 4726 ἓνὸ
1395 4673 1638 4741 γέγονεν,
1680 4691 1699 4725 ι
1755 4675 1870 4727 ἀλλ’

297 4769 448 4837 ὅμως
470 4768 528 4820 οὗ
557 4768 676 4837 δξχα
707 4765 802 4819 τοῦ
833 4766 1042 4836 [Ia-:96;
1065 4764 1517 4835 ἐδημιούργησεν.
1548 4766 1687 4818 Ἀλλ’
1717 4767 1871 4819 ἐπεί-

300 4875 406 4926 περ
435 4858 530 4927 μία.
560 4859 747 4927 Οεότης
772 4896 784 4920 ,
818 4858 908 4910 καὶ
940 4856 1103 4926 βουλὴ
1133 4861 1229 4926 μία
1253 4856 1346 4908 τοῦ
1378 4857 1609 4926 Πατρὸς,
1643 4858 1734 4910 καὶ
1763 4858 1854 4909 τοῦ

295 4949 452 5015 Υἰοῦ,
475 4950 566 5003 καὶ
592 4949 685 5002 τοῦ
701 4949 855 5016 ἁγίου
889 4949 1225 5018 Πνεύματος,
1253 4951 1568 5019 ἀχωρίστως
1605 4952 1690 5002 ἀεὶ
1719 4953 1868 5014 ὄντος

291 5041 392 5096 τοῦ
437 5043 648 5110 Πατρός
683 5041 817 5111 πρὸς
859 5041 950 5093 τὸν
996 5041 1157 5102 Υἱὸν,
1189 5040 1282 5092 καί
1316 5039 1407 5092 τοῦ
1446 5039 1573 5091 Υἱοῦ
1608 5041 1744 5109 πρὸς
1772 5042 1860 5092 τὶν

294 5133 549 5202 Πατέρκο
583 5133 801 5202 νοητὲον
843 5129 955 5196 οὖν,
990 5126 1032 5184 ὧ
1075 5130 1351 5200 φιλόσοφε,
1395 5131 1476 5183 ὅτι
1510 5131 1566 5182 ἓν
1599 5133 1738 5183 κατὰ
1771 5132 1864 5203 τὴν

290 5226 392 5295 τῆς
426 5225 676 5294 Οεὸτητος
711 5223 898 5276 οὐσίαν
941 5227 968 5276 6
1011 5222 1200 5292 Πατὴρ
1234 5223 1326 5274 καὶ
1358 5225 1384 5273 ὁ
1418 5223 1543 5285 Υἱὸς
1573 5223 1715 5275 καθᾶ
1775 5226 1868 5275 καὶ

291 5316 351 5367 ὲν
385 5314 735 5381 Εὐαγγελίοις
789 5316 816 5367 6
863 5315 1021 5376 αὐτὸς
1065 5313 1191 5375 Υἱὸς
1435 5333 1451 5362 ι
1509 5313 1648 5380 Ἐγὼ
1697 5318 1786 5366 καὶ
1842 5318 1870 5368 ὁ

293 5407 486 5476 Πατὴρ
531 5407 589 5459 ἓν
635 5409 822 5475 ἐσμεν.
879 5425 896 5454 ι
952 5407 1092 5476 Πρὸς
1135 5406 1194 5456 ὃν
1239 5405 1427 5474 ἔλεγεο
1489 5425 1505 5456 ι
1543 5407 1865 5476 Ποιήσωμεν

289 5497 579 5566 ἄνθρωπον
607 5497 724 5547 κατ’
750 5497 931 5548 εἰκόνα
961 5496 1236 5566 ἡμετέραν
1258 5497 1349 5548 καὶ
1375 5497 1494 5547 καθ’
1525 5499 1796 5566 ὁμοίωτντ.
1840 5521 1854 5547 ι

355 5650 410 5683 ⁵³
438 5650 598 5703 Jnau.
630 5666 666 5711 l,
721 5650 773 5700 5.
855 5651 896 5679 δ¹
928 5651 1084 5702 .lonn.
1122 5666 1174 5710 ιι,
1209 5652 1295 5703 50.
1375 5651 1417 5679 ⁵³
1447 5651 1576 5705 (ἶνιι.
1612 5669 1646 5715 ι,
1677 5656 1742 5704 “3:13

651 5745 916 5802 PATRuL.
961 5750 1070 5801 litt.
1111 5743 1384 5804 LXXXV.

1993 491 2108 560 ejus
2133 505 2251 562 qua:
2283 489 2418 546 dixit
2447 509 2460 544 :
2509 509 2528 542 ι
2558 489 2842 545 Faciamus
2879 488 3150 545 hominem
3185 489 3251 543 ad
3279 489 3566 559 imaginem

1998 591 2055 638 et
2089 582 2494 640 similitudinem
2526 590 2792 650 nostram,
2827 599 2847 634 ι
2899 589 2952 636 et
2982 580 3101 651 eius
3141 595 3261 651 quae
3290 579 3565 638 hominem

1998 679 2143 736 fecit.
2181 679 2272 734 Illa
2300 679 2442 736 enim
2477 694 2601 742 vox,
2635 677 2940 746 Faciamus,
2989 687 3228 734 sanctam
3258 690 3480 748 prorsus
3512 684 3570 732 et

1997 785 2334 841 nequaquam
2403 771 2672 827 diversam
2730 769 2904 825 Patris
2951 776 3006 823 et
3052 767 3172 824 Filii
3226 766 3566 823 divinitatem

1995 862 2268 930 exprimit.
2319 861 2500 930 hnago
2532 861 2675 916 enim
2725 859 2817 915 Dei
2861 858 3090 930 simplex
3125 866 3237 925 est,
3289 868 3343 914 et
3389 857 3567 914 omnis

1996 954 2400 1024 compositionis
2436 969 2650 1024 expers,
2682 967 2802 1007 cum
2839 953 2911 1007 slt
2937 951 3078 1020 ignis
3109 957 3325 1006 natura.

2172 1231 2397 1286 Consors
2461 1230 2726 1300 responsio
2779 1241 3082 1286 sanctorum
3139 1227 3388 1286 Patrum.

2067 1342 2271 1398 Lumen
2303 1344 2675 1399 inaccessibile
2707 1353 2811 1408 est,
2842 1353 2898 1398 et
2925 1353 3121 1398 natura
3145 1342 3565 1414 incomprehen-

1997 1435 2170 1489 sibilis
2197 1445 2504 1490 estsancta:
2533 1434 2817 1491 Trinitatis
2859 1435 3120 1492 essentia.
3161 1432 3264 1491 Hic
3309 1443 3393 1491 est
3439 1449 3568 1492 sen-

1997 1541 2090 1580 sus
2118 1525 2288 1590 vcrbi,
2324 1521 2629 1579 Faciamus.

2607 1640 2760 1696 CAP.
2799 1639 2942 1696 XVI.

2270 1753 2640 1810 Contradictio
2675 1753 2975 1824 philosophi
3004 1769 3100 1820 pro
3132 1753 3283 1812 Αήο.

2059 1865 2258 1921 lterum
2293 1865 2467 1919 dicam
2515 1862 2682 1918 Deum
2716 1863 3015 1934 simplicem
3049 1875 3192 1929 esse,
3227 1861 3351 1920 sine
3394 1862 3562 1934 ﬁgura

1988 1965 2044 2012 ct
2068 1955 2476 2025 compositione.
2509 1955 2788 2022 Quomodo
2823 1955 2988 2024 igitur
3035 1954 3440 2026 intelligendum
3477 1963 3564 2008 est

1991 2047 2118 2102 illud
2147 2062 2162 2100 :
2217 2063 2238 2097 ι
2269 2045 2347 2100 Ad
2379 2044 2668 2115 imaginem
2697 2053 2750 2100 et
2782 2043 3191 2101 similitudinem
3223 2029 3511 2101 nostram?
3539 2062 3558 2097 ι

1989 2147 2044 2194 ct
2083 2152 2189 2208 quo
2215 2143 2374 2206 pacto
2413 2135 2507 2205 qui
2534 2136 2690 2195 dixit.
2751 2153 2769 2187 ι
2798 2135 3083 2192 Faciamus
3111 2137 3408 2202 hominem,
3438 2155 3457 2189 ι
3509 2147 3561 2191 et

1991 2244 2110 2300 quae
2136 2237 2454 2297 sequuntur,
2501 2242 2617 2282 non‘
2643 2227 2908 2283 subsistat
2937 2237 3063 2284 ante
3094 2229 3243 2284 illum
3275 2229 3361 2284 cui
3411 2229 3559 2284 dice-

1991 2318 2126 2374 bat?
2165 2315 2453 2372 Enuntiate
2500 2316 2654 2372 nobis
2702 2315 3040 2386 perspicuam
3094 2317 3162 2372 de
3206 2317 3292 2373 his
3337 2321 3560 2372 demon-

1989 2410 2332 2478 strationem,
2369 2407 2412 2465 si
2435 2407 2684 2477 potestis.

1991 2519 2174 2590 Sancti
2207 2519 2434 2590 episcopi
2454 2534 2548 2586 per
2579 2515 3107 2590 Osium__episcopum
3145 2519 3380 2575 civitatis
3427 2516 3558 2574 Cor-

2123 2587 2296 2658 dubre,
2341 2587 2892 2659 interpretamentum
2914 2589 3104 2658 altera,
3140 2591 3386 2670 dixerunt
3409 2607 3431 2646 :

2059 2785 2142 2852 Si,
2195 2793 2262 2841 ut
2309 2792 2362 2840 tu
2419 2784 2573 2848 dicis,
2629 2784 2790 2840 Pater
2841 2793 2966 2840 ante
3015 2784 3211 2840 Filium
3243 2785 3470 2855 exstitit,
3500 2797 3558 2842 et

1989 2879 2256 2946 posterior
2283 2875 2456 2932 Filios
2483 2885 2605 2946 post
2647 2877 2826 2948 aliqua
2881 2887 3124 2948 tempora
3176 2886 3392 2934 creatus
3417 2887 3502 2934 est
3527 2897 3555 2934 a

1987 2970 2097 3025 Deo
2135 2979 2187 3024 et
2215 2977 2396 3039 postea
2447 2967 2620 3024 Filius
2671 2969 2741 3024 ab
2787 2968 2976 3024 eodem
3021 2967 3182 3023 Patre
3233 2968 3554 3032 declaratus,

1988 3071 2046 3114 ut
2100 3061 2262 3130 impie
2315 3061 2750 3130 blasphemantes
2803 3060 3066 3127 asseritis,
3113 3061 3263 3130 prius
3300 3075 3423 3117 eum
3484 3063 3556 3118 ab

1987 3151 2102 3220 ipso
2163 3149 2330 3206 fuisse
2407 3159 2648 3205 creatum
2709 3151 2776 3206 ad
2850 3151 3177 3208 creationem
3235 3162 3553 3208 naturarum

1985 3254 2104 3309 quae
2171 3239 2324 3296 tactae
2391 3249 2516 3296 sunt
2573 3258 2588 3296 :
2646 3241 2873 3297 dixisset
2925 3242 3112 3312 utique
3163 3243 3316 3313 juxta
3373 3245 3558 3312 impie-

1987 3341 2152 3387 tatem
2185 3343 2443 3397 vestram,
2479 3332 2757 3388 increatus
2787 3332 2926 3388 Deus
2953 3334 3020 3389 ad
3051 3345 3316 3400 creatum,
3349 3349 3552 3390 secun-

1982 3423 2106 3477 dum
2134 3437 2248 3489 vos,
2282 3423 2476 3478 Filium
2507 3441 2523 3478 :
2556 3423 2747 3479 Facias
2779 3424 2911 3479 mihi
2943 3423 3218 3481 hominem
3255 3426 3322 3482 ad
3355 3427 3553 3496 imagi-

1985 3529 2107 3568 nem
2139 3523 2194 3568 et
2219 3514 2624 3570 similitudinem
2680 3531 2878 3570 meam.
2917 3513 3026 3571 Sed
3075 3517 3340 3585 siquidem
3392 3515 3554 3572 Pater

1981 3618 2197 3673 semper
2223 3615 2310 3660 est
2335 3605 2499 3672 Deus,
2534 3607 2760 3676 utprius
2788 3609 3146 3672 ostendimus,
3180 3608 3350 3664 Filius
3380 3610 3548 3664 etiam
3617 3659 3626 3665 .

1981 3711 2102 3749 cum
2135 3695 2294 3752 Patre
2331 3711 2546 3766 semper
2575 3697 2808 3764 exsistit,
2849 3713 2954 3753 non
2987 3701 3318 3769 temporibus
3365 3710 3549 3771 poste-

1982 3784 2114 3849 rior,
2167 3799 2270 3838 non
2301 3793 2566 3853 potestate
2622 3787 2820 3852 minor,
2881 3802 2988 3841 non
3037 3788 3156 3843 loco
3198 3789 3547 3846 circumscri-

1980 3885 2120 3943 ptus,
2152 3875 2246 3929 sed
2295 3889 2508 3944 semper
2540 3875 2723 3929 itidem
2777 3884 3036 3946 perpetuo
3078 3891 3200 3932 cum
3236 3877 3394 3933 Patre
3421 3881 3550 3934 sub-

1981 3966 2196 4026 sistens,
2233 3980 2300 4020 ex
2335 3966 2448 4034 ipso
2490 3966 2641 4032 juxta
2689 3969 2942 4036 praedicta
2987 3969 3546 4038 incomprehensibili-

1983 4067 2064 4111 ter
2103 4066 2158 4111 et
2215 4055 2559 4112 inell‘abiliter
2607 4058 2844 4127 genitus,
2907 4073 3066 4115 verus
3129 4061 3268 4116 Deus
3327 4075 3548 4132 semper

1981 4145 2248 4200 exsislens
2273 4165 2288 4199 :
2320 4161 2388 4200 ex
2419 4161 2547 4200 vero
2577 4147 2683 4200 Deo
2707 4155 2762 4201 et
2798 4145 2960 4202 Patre
2985 4163 3200 4218 semper
3229 4152 3543 4215 exsisteme,

1981 4233 2264 4290 dominans
2324 4250 2448 4290 cum
2509 4234 2692 4303 Patre,
2739 4245 3042 4293 coaeternus
3093 4237 3261 4306 Patri,
3311 4255 3546 4312 regnans

1979 4340 2193 4394 seraper
2245 4341 2367 4382 cum
2416 4327 2598 4396 Patre,
2647 4328 3127 4385 consubstantialis
3175 4329 3343 4398 Patri,
3391 4347 3546 4403 aeque

715 4400 1032 4469 ἰσοὸύναμος
1085 4398 1162 4468 τῷ
1227 4399 1437 4468 Πατρὶ,
1513 4399 1872 4471 συνδημιουρο

1984 4427 2168 4486 pntens
2220 4429 2276 4472 nt
2321 4418 2501 4484 Pater,
2533 4431 2748 4476 creator
2777 4437 2900 4476 cum
2931 4421 3113 4477 Patre.
3162 4421 3217 4477 Si
3249 4425 3397 4478 enim
3423 4398 3544 4480 om-

1977 4509 2062 4560 nia
2095 4524 2190 4577 per
2219 4508 2411 4564 Filiqu
2442 4511 2581 4566 facta
2633 4521 2864 4568 testatur
2906 4513 3086 4568 divina
3119 4513 3537 4584 Evangeliorum

1978 4615 2097 4666 vox,
2153 4620 2171 4653 ι
2205 4611 2257 4657 et
2304 4603 2422 4658 sine
2470 4605 2585 4672 ipso
2617 4605 2816 4661 factum
2850 4616 2932 4660 est
2964 4607 3114 4671 nihil,
3154 4607 3298 4676 quod
3343 4607 3541 4663 factum

1975 4691 2169 4746 est“:
2206 4711 2224 4744 ι
2285 4702 2339 4747 et
2393 4695 2576 4759 simul,
2620 4711 2722 4750 non
2771 4697 2984 4751 divisim
3015 4710 3052 4750 ει·
3074 4695 3237 4752 Patre
3293 4699 3538 4754 creavit:

1975 4783 2239 4850 siquidem
2273 4799 2376 4857 una
2413 4795 2494 4840 est
2523 4787 2798 4849 divinitas,
2845 4797 2900 4840 ct
2926 4790 3192 4843 sententia
3223 4804 3326 4842 una
3362 4788 3538 4844 Patris

1977 4883 2028 4926 et
2059 4873 2178 4926 Filii
2211 4884 2264 4928 et
2303 4874 2539 4943 Spiritus
2567 4877 2762 4942 sancti,
2797 4893 3069 4948 nunquam
3099 4889 3352 4947 separatu
3379 4877 3540 4933 Patre

1977 4980 2005 5017 a
2043 4961 2200 5027 Filio,
2235 4981 2406 5034 neque
2450 4965 2585 5021 Filio
2615 4983 2645 5020 a
2699 4968 2894 5022 Patre:
2956 4969 3357 5039 intelligendum
3409 4985 3538 5039 ergo

1977 5064 2077 5118 est,
2115 5069 2146 5108 ο
2177 5055 2512 5126 philosophe,
2565 5059 2706 5127 quod
2738 5060 2895 5114 Pater
2920 5070 2976 5115 et
3025 5060 3194 5116 Filius
3239 5064 3537 5117 secundum

1975 5145 2328 5198 Substanliam
2363 5147 2580 5200 dcitalis
2614 5164 2776 5202 unum
2814 5161 2961 5214 sunt,
3013 5153 3153 5205 sicut
3178 5161 3232 5206 et
3278 5151 3332 5205 in
3367 5151 3540 5206 Evan-

1973 5237 2112 5306 gelio
2141 5238 2254 5306 ipse
2281 5237 2450 5292 Filius
2479 5239 2675 5294 clamat
2722 5257 2734 5292 :
2775 5261 2792 5293 ι
2825 5241 2940 5309 Ego
2985 5253 3038 5296 et
3063 5242 3224 5298 Pater
3255 5259 3418 5298 unum
3444 5259 3536 5298 su-

1976 5344 2095 5382 mus
2125 5329 2208 5394 “;
2270 5348 2288 5380 ι
2340 5329 2423 5383 cui
2471 5331 2720 5385 dicebat:
2761 5352 2779 5384 ι
2831 5331 3109 5387 Faciamus
3155 5335 3426 5390 hominem
3470 5335 3538 5388 ad

1974 5417 2258 5488 imaginem
2290 5429 2344 5474 et
2371 5419 2775 5476 similitudinem
2807 5434 3046 5478 nostram
3069 5426 3135 5478 δ’.
3167 5443 3186 5477 ι

3009 5749 3080 5811 40
