4042 6142
968 474 1324 533 (ἷοηίηιλὶειὶο
1371 465 1686 544 philosophi.

618 599 736 657 Jam
767 596 929 652 etiam
965 593 1018 647 in
1052 589 1321 663 prioribus
1357 580 1873 657 interrogationibps
1900 578 2115 634 diceba-

546 708 670 748 mus
729 689 895 742 Deum
945 699 1051 740 non
1101 681 1300 737 habere
1333 676 1566 733 hominis
1614 673 1840 744 eihgiem
1886 689 1900 726 :
1953 684 2116 740 quam

521 796 674 852 ‘crgo
698 776 1143 849 signiﬁcationem
1174 772 1337 828 habet
1364 770 1478 824 haec
1510 767 1685 822 oratio
1714 784 1727 818 :
1794 782 1814 815 ι
1848 762 1928 817 Ad
1978 761 2116 815 ima-

550 851 726 939 ginem
769 878 823 925 et
870 862 1276 925 similitudinem
1309 858 1598 917 nostram?
1628 875 1646 909 ι
1722 854 1884 910 dicite
1944 851 2118 907 nobis.

550 962 667 1017 Non
696 962 839 1016 ettim
877 971 1100 1030 parvam
1132 954 1286 1009 nobis
1316 951 1405 1008 hic
1442 963 1619 1005 sermo
1651 945 1872 1002 exhibet
1898 940 2122 998 diﬂicul-

554 1066 715 1109 tatem
749 1071 765 1106 :
803 1051 1022 1106 interim
1056 1047 1160 1103 hoc
1192 1044 1477 1100 dicendum
1509 1050 1614 1097 est.

586 1166 873 1235 Responsio
916 1171 1115 1235 sancta:
1155 1158 1475 1235 synodipez
1502 1153 1739 1235 eumdem
1791 1151 2086 1218 episcopum

956 1231 1141 1286 Otium
1171 1223 1401 1282 civitatis
1434 1223 1714 1279 Cordubae.

629 1347 787 1411 Illud,
846 1366 864 1398 ι
903 1346 968 1399 ad
1004 1343 1290 1414 imaginem
1322 1359 1340 1393 ι
1406 1354 1439 1393 o
1512 1336 1852 1408 philosophe,
1905 1346 2008 1386 non
2059 1329 2125 1383 ad

560 1456 848 1511 corporum
885 1435 1349 1498 constitutionem,
1383 1432 1475 1486 sed
1507 1431 1572 1483 ad
1621 1438 1851 1482 mentem
1902 1424 2125 1478 relatum

563 1546 616 1590 et
643 1548 956 1605 expressum
987 1543 1108 1585 esse
1136 1526 1296 1582 docet
1327 1539 1508 1579 sermo
1541 1520 1807 1576 veritatis.
1834 1516 1969 1571 Audi
2000 1528 2129 1585 ergo

562 1637 616 1681 et
644 1623 900 1691 intellige.
944 1620 1082 1675 Deus
1109 1634 1229 1674 cum
1265 1617 1338 1671 sit
1369 1624 1560 1668 natura
1590 1613 1784 1674 bonus,
1816 1604 2130 1676 intelligenti

523 1717 800 1783 ,hominis
840 1713 1155 1771 substantiae
1202 1706 1487 1775 insculpsit
1524 1704 1652 1758 illud
1694 1721 1707 1757 :
1766 1720 1784 1753 ι
1813 1700 1892 1754 Ad
1940 1697 2131 1767 imagi-

566 1824 686 1864 nem
708 1818 762 1862 et
785 1804 1206 1869 similitudinem,
1240 1818 1260 1851 ι
1295 1798 1351 1853 ut
1378 1798 1690 1857 bonitatem,
1715 1789 2130 1858 simplicitatem,

566 1900 937 1963 sanctitatem,
977 1895 1288 1964 puritatem,
1320 1890 1631 1950 candorem,
1680 1885 2022 1953 probitatem,
2055 1882 2133 1934 fe-

568 1989 857 2050 licitatem,
886 1995 943 2040 et
971 1983 1054 2039 bis
1082 1981 1277 2038 similia
1328 2001 1342 2035 :
1376 1988 1431 2034 ut
1464 1992 1583 2046 quae
1615 1973 1752 2028 Deus
1794 1980 1881 2026 est
1914 1984 2008 2039 per
2041 1983 2133 2022 na-

568 2090 772 2144 turam,
803 2076 992 2133 eadem
1027 2088 1125 2144 per
1155 2072 1324 2143 ipsius
1360 2069 1587 2140 gratiam
1624 2066 1828 2119 habere
1856 2071 2037 2131 posset
2066 2061 2134 2115 ab

567 2169 689 2239 ipso
719 2175 933 2224 creatus
967 2165 1147 2223 homo.
1196 2164 1297 2217 hoc
1329 2168 1434 2222 est.
1472 2157 1640 2226 ipsius
1683 2153 1915 2209 hominis
1954 2166 2127 2206 mens.

570 2260 639 2315 Et
672 2269 732 2315 ut
756 2259 992 2329 pictores
1022 2252 1179 2325 periti
1215 2247 1597 2307 similitudines
1642 2245 1936 2316 imaginum
1969 2243 2023 2297 in
2057 2252 2139 2295 ta-

571 2352 731 2417 bulis,
765 2365 874 2406 non
900 2363 968 2405 ex
1000 2362 1108 2403 uno
1139 2358 1351 2414 semper
1378 2340 1579 2405 colore,
1607 2338 1699 2394 sed
1729 2352 1795 2392 ex
1826 2336 1991 2391 variis
2015 2350 2139 2404 per-

573 2454 736 2518 petuo
788 2440 1083 2511 depingunt
1127 2453 1142 2493 :
1183 2437 1263 2492 sic
1309 2434 1454 2491 Deus
1509 2429 1717 2487 homini
1768 2429 1931 2483 etiam
1981 2440 2139 2495 quem

573 2533 805 2599 creavit,
846 2533 899 2587 in
950 2529 1144 2584 anima}
1173 2522 1522 2596 intelligentis
1565 2520 1890 2587 conditorio,
1925 2519 2028 2575 hoc
2061 2523 2145 2572 est

577 2630 629 2684 in
667 2636 866 2689 mente,
894 2621 1186 2685 concessit,
1224 2626 1284 2675 ut
1310 2632 1407 2687 per
1448 2615 1679 2671 virtutes
1709 2611 1939 2683 haberet
1989 2607 2143 2671 illud,

578 2729 635 2772 nt
666 2718 733 2772 ad
772 2715 1061 2784 imaginem
1087 2721 1143 2766 et
1175 2707 1587 2766 similitudinem
1615 2719 1770 2760 suam
1806 2704 2101 2771 ﬁngeretur
2127 2717 2142 2753 :

577 2826 698 2866 cum
729 2809 780 2862 in
811 2806 1029 2861 homine
1059 2803 1273 2858 abunde
1298 2797 1666 2868 conspiciatur
1688 2794 1864 2862 imago
1887 2805 1986 2861 per
2012 2803 2148 2858 pra:-

580 2903 752 2957 dictas
779 2898 899 2951 illas
934 2909 1022 2950 res
1047 2892 1278 2955 divinas,
1307 2904 1444 2961 quas
1472 2886 1613 2942 Deus
1645 2884 1698 2939 in
1735 2882 1851 2953 ipso
1885 2881 2144 2950 reposuit,

582 2993 809 3046 dicens:
857 3007 873 3039 ι
907 2985 1191 3042 Faciamus
1219 2980 1493 3037 hominem
1527 2977 1595 3033 ad
1643 2974 1933 3044 imaginem
1981 2982 2037 3028 et
2074 2973 2148 3027 si-

586 3081 936 3136 tnilitudinent
968 3083 1232 3130 nostram.
1267 3089 1286 3122 ι

1209 3336 1360 3393 CAP.
1400 3332 1561 3388 XVII.

1017 3448 1378 3506 Contradictio
1417 3441 1732 3515 philosophi.

664 3568 988 3624 Din‘erantur
1047 3562 1149 3616 ista
1195 3561 1297 3613 hoc
1352 3553 1603 3627 praesenti
1664 3559 1947 3620 tempore:
2022 3547 2156 3601 illud

590 3662 770 3736 potius
814 3653 1160 3727 quaerendum
1215 3657 1320 3715 est,
1379 3649 1446 3703 de
1488 3658 1555 3702 eo
1604 3644 1829 3709 scilicet,
1873 3655 1972 3711 per
2017 3639 2159 3710 quod

595 3733 736 3808 Deus
788 3746 1060 3804 hominem
1110 3742 1258 3806 fecit,
1315 3750 1370 3797 et
1425 3737 1609 3794 omnia
1658 3748 1781 3804 quae
1817 3733 2064 3787 videntur
2108 3736 2162 3782 et

590 3858 715 3919 qua
757 3855 863 3896 non
900 3838 1171 3893 videntur.
1207 3833 1323 3888 Non
1368 3832 1514 3888 enim
1568 3827 1696 3883 mihi
1728 3826 1979 3881 videntur
2015 3830 2162 3877 recte

594 3912 876 3994 sebahere
906 3944 1027 4001 quas
1060 3926 1296 3990 dixistis,
1343 3921 1487 3993 quod
1535 3932 1700 3974 unum
1752 3915 1956 3988 pariter
2001 3912 2162 3968 fuerit

596 4041 810 4099 semper
835 4023 1006 4079 Filius
1034 4034 1155 4076 cum
1189 4016 1355 4070 Patre
1389 4015 1441 4069 in
1469 4011 1719 4080 idipsum,
1744 4016 1799 4062 et
1825 4004 1970 4076 quod
1995 4002 2164 4057 Filius

596 4134 806 4191 seraper
834 4116 993 4171 inerit
1025 4116 1165 4169 Deus
1190 4125 1315 4166 cum
1351 4106 1533 4161 Patre.
1562 4105 1674 4173 Ego
1703 4113 1833 4155 vero
1864 4100 2096 4154 dicerem
2131 4108 2159 4147 a

598 4216 709 4267 Deo
730 4211 934 4264 iactum
963 4206 1148 4270 fuisse,
1177 4211 1235 4256 ut
1257 4202 1311 4256 in
1335 4197 1602 4255 creaturis
1626 4194 1931 4249 ministrum
1957 4195 2162 4257 ageret.

600 4303 876 4375 indigebat
906 4298 1050 4356 enim
1077 4299 1227 4353 Deus
1250 4294 1504 4349 ministro
1531 4290 1598 4343 ad
1628 4285 1863 4343 hominis
1891 4288 1945 4336 et
1975 4277 2162 4335 mundi

600 4394 895 4465 opiﬁcium.
946 4388 1180 4459 Ideoque
1236 4383 1413 4454 opifex
1481 4381 1620 4434 Deus
1677 4386 1899 4445 naturas
1950 4379 2164 4427 creatas

602 4462 911 4553 ciieoturus,
944 4478 1228 4539 constituit
1258 4477 1359 4531 sibi
1409 4475 1825 4529 instrumentum
1873 4480 1971 4533 per
2020 4462 2160 4532 quod
2199 4497 2240 4552 Β

605 4586 827 4632 naturas
857 4551 1050 4628 omnes
1074 4577 1308 4623 crearet.
1354 4557 1814 4631 Quemadmodum
1846 4554 1987 4609 enim
2017 4551 2165 4606 [alter

604 4668 703 4725 sibi
725 4663 1007 4723 conatituit
1034 4661 1186 4732 prius
1235 4658 1678 4714 instrumentum,
1725 4650 1776 4702 in
1820 4658 2007 4701 eorum
2050 4656 2169 4713 qua:

607 4762 848 4815 facturus
876 4762 980 4821 est,
1003 4759 1328 4808 structuram
1354 4765 1369 4801 :
1404 4745 1478 4800 ita
1515 4743 1637 4798 licet
1678 4741 1731 4795 in
1761 4739 1872 4793 Deo
1896 4737 2157 4806 cogitare,

606 4850 749 4921 quod
781 4859 1089 4918 supponens
1126 4841 1233 4898 sibi
1269 4839 1372 4909 ipsi
1419 4836 1613 4892 Filium
1668 4842 1922 4902 tanquam
1969 4828 2172 4884 instru-

607 4920 872 5002 mentum,
907 4936 1164 4990 mundum
1189 4946 1287 5002 per
1317 4931 1490 5001 ipsum
1528 4925 1813 4983 creaverit.
1851 4921 2003 4989 Quod
2028 4920 2172 4974 enim

610 5033 680 5087 ab
720 5027 979 5100 Apostoio
1008 5025 1208 5080 dictum
1237 5032 1346 5085 "est,
1391 5021 1532 5090 quod
1585 5035 1606 5069 ι
1636 5015 1814 5071 omnia
1861 5028 1957 5083 per
1999 5012 2172 5078 ipsum

612 5127 751 5177 facta
786 5130 912 5176 sunt
935 5118 1002 5183 “,
1026 5135 1054 5170 -ι
1091 5127 1297 5170 natura;
1326 5127 1421 5184 per
1457 5112 1628 5181 ipsum
1655 5107 1807 5178 quasi
1848 5121 1944 5175 per
1968 5104 2172 5158 instrn-

614 5223 848 5270 mentum
900 5211 1053 5266 factm
1088 5216 1233 5262 sunt.
1273 5206 1335 5260 Et
1358 5203 1508 5275 quod
1558 5200 1698 5256 Deus
1742 5198 1878 5253 dixit
1934 5205 2172 5250 creatum

612 5316 736 5360 esse
788 5301 1057 5357 hominem
1129 5294 1201 5351 ad
1275 5294 1564 5362 imaginem
1638 5297 1693 5344 et
1771 5283 2176 5342 similitudinem

616 5403 876 5455 nostram,
911 5405 1009 5461 per
1038 5391 1481 5451 instrumentum,
1532 5384 1634 5437 hoc
1678 5387 1761 5434 est
1814 5392 1911 5446 per
1959 5373 2174 5435 Filium,

616 5486 684 5541 ad
730 5499 882 5541 suam
935 5482 1104 5552 ipsius
1149 5477 1438 5549 imaginem
1488 5482 1546 5530 et
1597 5469 2001 5529 similitudinem
2041 5464 2182 5519 Dens

617 5574 772 5632 dixit.

687 5744 738 5781 “
764 5744 917 5799 Joan.
948 5758 984 5807 ι,
1024 5742 1079 5796 3.

1808 352 2113 418 GELASII
2178 346 2518 412 CYZICENI

2142 466 2191 525 Α

3661 333 3795 398 i260

2559 453 2921 523 Ἄντίῤῥησις
2950 447 3057 502 τοῦ
3090 446 3454 517 φιλοσόφου.

2287 567 2398 622 Καὶ
2442 567 2543 640 ἥδη
2574 569 2629 620 ὲν
2658 566 2775 628 ταῖς
2803 561 3093 635 προτέραις
3124 558 3527 629 ἐπερωτήσισιν
3558 556 3792 628 ἔφαμεν,

2223 660 2298 733 μὴ
2327 654 2465 713 εῖναι
2489 658 2578 712 τὸν
2600 656 2731 711 Θεὸν
2768 653 3233 726 ἀνθρωπόμοριρον
3253 667 3267 681 ο
3294 649 3419 703 τίνα
3446 642 3537 702 οὖν
3560 649 3673 721 ἔχει
3693 648 3794 721 τὴν

2222 750 2496 826 σημασίαν
2537 752 2570 819 ὴ
2603 750 2760 821 ῥῆσις
2801 745 2961 814 αὕτη,
2984 744 3042 796 τὸ
3083 762 3100 795 ι
3132 740 3263 794 Κατ’
3288 739 3473 794 είκόνα
3519 739 3796 811 ἡμετέραν

2222 846 2315 899 καὶ
2347 843 2470 899 καθ’
2510 841 2803 912 ὁμοίωσιν,
2844 858 2862 890 ι
2924 836 3059 907 φατὲ
3110 837 3263 904 ἡμῖν.
3310 831 3389 887 Οὐ
3436 831 3547 903 γὰρ
3599 832 3799 903 μικρὸν

2223 940 2354 1009 ἡμῖν
2379 939 2414 1008 ἡ
2436 935 2579 1000 λέξις
2613 933 2837 1004 παρέχει
2867 930 3053 999 ἀγῶνα
3071 944 3084 957 ’
3122 928 3258 991 τέως
3280 925 3438 980 τοῦτο
3462 925 3703 978 λεκτέον.

2239 1135 2573 1201 Ἀπόκρισις
2624 1128 2753 1201 τῆςκ
2782 1128 2954 1201 ἁγίας
3004 1127 3291 1201 σμγό5οτξ-
3327 1122 3428 1201 διὲξ
3473 1122 3582 1201 τοῦ
3612 1123 3801 1178 αὑτοῦ

2364 1192 2719 1256 ἐπισκόποιῖ
2741 1192 2947 1252 Ὀἁίοο
2982 1198 3212 1261 πόλεως
3237 1192 3638 1262 Κουρδούϐης.

2298 1313 2372 1367 Τὸ
2413 1331 2432 1366 t
2468 1312 2592 1366 κατ’
2635 1309 2852 1371 εἰκόνα,
2887 1326 2905 1359 ι
2935 1300 2980 1360 ὦ
3020 1305 3300 1376 φιλόσοφε,
3332 1303 3554 1375 νοητέον
3578 1303 3640 1356 οὐ
3664 1307 3807 1357 κατά

2230 1401 2327 1473 τὴν
2373 1402 2640 1471 σωμάτων
2676 1397 2925 1452 σύνθεσιν
2950 1436 2964 1459 ,
2995 1395 3131 1449 ἀλλὰ
3178 1392 3321 1447 κατὰ
3367 1392 3555 1464 νοερὸν
3589 1393 3804 1445 ἐντετυ-

2234 1495 2448 1548 πῶσθαι
2487 1495 2515 1546 6
2555 1493 2653 1564 τῆς
2699 1489 2956 1559 ἀληθείας
3010 1486 3312 1558 παρίστησι
3365 1485 3543 1554 λόγος.
3605 1485 3803 1538 ’Δκουε

2233 1583 2411 1637 τοίνυν
2442 1581 2536 1634 καὶ
2564 1580 2746 1643 σύνες.
2794 1576 3021 1646 ’Δγαθὸς
3051 1576 3127 1629 ὢν
3156 1577 3185 1629 6
3222 1575 3355 1639 Θεὸς
3380 1576 3447 1646 τῇ
3481 1574 3666 1643 φύσει,
3690 1576 3802 1628 ἐνέ-

2236 1672 2371 1743 πηξε
2413 1673 2480 1741 τῇ
2519 1670 2683 1740 νοερᾷ
2716 1666 2811 1720 τοῦ
2869 1663 3162 1737 ἀνθρώπου
3197 1664 3360 1737 οὐσίᾳ
3389 1666 3472 1731 τὸ,
3526 1683 3546 1716 ι
3580 1667 3703 1719 κατ’
3733 1668 3805 1719 εί-

2236 1763 2368 1816 κόνα
2405 1759 2575 1816 αὑτοῦ
2614 1758 2709 1813 καὶ
2758 1757 3040 1828 ὁμοίωσιν,
3087 1774 3108 1807 ι
3160 1749 3273 1810 οἷον
3321 1754 3422 1826 τὴν
3455 1755 3806 1826 ἀγαθότητα,

2232 1853 2329 1924 τὴν
2359 1849 2670 1920 ἁπλότητα,
2698 1847 2796 1920 τὴν
2828 1847 3094 1917 ἀγιότητα
3118 1887 3131 1913 ,
3174 1845 3271 1918 τὴν
3311 1846 3688 1917 καθαρότητα,
3715 1848 3810 1917 τὴν

2232 1941 2524 2011 ἀφθονίαν,
2556 1938 2656 2009 τὴν
2691 1936 3037 2010 χρηστότητα
3064 1976 3079 2002 ,
3130 1935 3230 2008 τὴν
3264 1935 3650 2008 μακαριότητα
3670 1979 3686 2007 ,
3720 1940 3811 1991 καὶ

2233 2030 2300 2085 τά
2331 2029 2541 2093 τούτοις
2572 2030 2735 2100 ὃμοια
2762 2045 2774 2058 ·
2812 2027 2902 2081 ἵνα
2933 2027 3078 2099 ἅπερ
3107 2027 3257 2080 ἐστὶν
3285 2029 3314 2081 6
3347 2026 3487 2091 Θεὸς
3516 2030 3578 2098 τῇ
3612 2027 3809 2096 φύσει,

2235 2120 2409 2172 ταῦτα
2441 2117 2584 2173 κατὰ
2615 2117 2714 2188 τὴν
2740 2114 2908 2172 αὐτοῦ
2942 2116 3106 2188 χάριν
3134 2114 3282 2186 ἔχειν
3306 2117 3513 2188 δυνηθῇ
3545 2118 3641 2171 καὶ
3666 2119 3695 2171 6
3719 2116 3812 2170 ὑπ’

2237 2209 2400 2265 αὑτοῦ
2440 2209 2682 2272 κτισθεὶς
2710 2206 2999 2278 ἄνθρωπος
3021 2247 3036 2273 ,
3072 2204 3219 2283 τοῦτ’
3265 2205 3381 2261 ἐστι
3408 2206 3470 2259 τὸ
3498 2206 3685 2278 νοερὸν
3716 2208 3811 2259 αὐ-

2237 2303 2357 2358 τοῦ.
2413 2301 2527 2357 Καὶ
2581 2299 2773 2369 ὥσπερ
2819 2299 2869 2352 οί
2922 2296 3030 2352 τῶν
3086 2296 3403 2368 ζωγράφων
3455 2298 3814 2370 ἐπιστήμονες

2238 2397 2544 2469 γράφοντες
2575 2394 2633 2447 ὲν
2664 2392 2845 2447 σανίσι
2881 2388 2981 2455 τὰς
3008 2389 3302 2461 ὁμοιώσεις
3330 2388 3440 2443 τῶν
3474 2389 3727 2454 εἰκόνων,
3757 2391 3818 2443 ὲκ

2240 2489 2513 2561 διαφόρων
2557 2486 2653 2542 καὶ
2694 2485 2794 2539 οὐκ
2840 2484 2904 2549 ἐξ
2948 2483 3068 2547 ἑνὸς
3115 2482 3408 2555 χρώματος
3454 2481 3555 2545 τὰς
3602 2482 3820 2544 εὶκόνας

2243 2580 2668 2651 ἀπαραλείπτως
2700 2576 3005 2650 γράφουσιν
3034 2592 3049 2607 ο
3083 2575 3226 2630 οὓτω
3260 2574 3488 2628 δέδωκεν
3516 2573 3547 2625 6
3573 2572 3715 2638 Θεὸς
3749 2572 3822 2644 τῷ

2244 2670 2603 2745 ἀνθρώπῳτῷ
2621 2670 2713 2723 ὑπ’
2732 2667 2900 2722 αὐτοῦ
2931 2666 3212 2721 κτισθέντι
3237 2666 3296 2719 ἐν
3312 2664 3389 2735 τῷ
3406 2663 3579 2735 νοερῷ
3610 2666 3820 2735 ταμείῳ

2244 2766 2342 2834 τῆς
2359 2762 2555 2833 ψυχῆς,
2585 2759 2731 2814 τοῦτ’
2752 2758 2867 2812 ἔστι
2893 2756 2971 2830 τῷ
3000 2756 3077 2829 νῷ
3102 2797 3118 2825 ,
3168 2755 3312 2828 ἔχειν
3353 2755 3444 2810 διὰ
3476 2754 3589 2809 τῶν
3616 2756 3821 2827 ἀρετῶν

2244 2852 2307 2906 τὸ
2326 2853 2445 2906 κατ’
2466 2850 2648 2905 εἰκόνα
2666 2849 2833 2904 αὑτοῦ
2870 2848 2965 2903 καὶ
2985 2848 3247 2919 ὁμοίωσιν
3266 2864 3280 2879 ·
3300 2844 3400 2917 τῆς
3433 2845 3652 2910 εἰκόνος
3685 2848 3821 2901 ἀπα-

2249 2943 2537 3018 ραλείπτου
2590 2941 2987 3015 εὐρισκομένης
3043 2942 3102 2994 ὲν
3146 2938 3225 3010 τῷ
3271 2938 3549 3011 ἀνθρώπῳ
3589 2939 3680 2994 διὰ
3722 2940 3822 2993 τῶν

2250 3034 2668 3108 προρρηθέντων
2696 3032 2856 3087 θείων
2884 3030 3247 3103 πραγμάτων,
3278 3023 3355 3084 ὧν
3383 3030 3656 3103 ἀνέθηκεν
3682 3031 3824 3100 αὖτῷ

2182 3158 2224 3214 C
2255 3126 2431 3189 ὁΘεὸς
2450 3168 2467 3194 ,
2498 3125 2669 3180 εἰπών
2690 3141 2703 3155 ·
2742 3144 2761 3176 ι
2783 3125 3126 3214 Δίιοιήσωμεν
3155 3123 3452 3195 ἄνθρωπον
3485 3122 3615 3179 κατ’
3646 3122 3822 3177 εἰκόνα

2255 3213 2528 3287 ἡμετέραν
2565 3214 2663 3268 καὶ
2701 3211 2822 3269 καθ’
2854 3212 3136 3284 ὁμοίωσιν.
3180 3236 3201 3265 ι

2843 3325 3099 3379 ΚΕΦᾹΛ.
3131 3323 3230 3378 ΙΖ’.

2619 3434 2985 3506 Ἆντῖρῤησις
3016 3435 3124 3490 τοῦ
3147 3438 3515 3507 φιλοσόφου.

2340 3547 2719 3620 ’Υπερκείσθω
2755 3565 2846 3618 μοι
2876 3548 3049 3601 ταῦτα
3073 3545 3287 3617 ἐπὶ,τοῦ
3310 3549 3578 3619 παρόντος
3601 3551 3795 3623 καιροῦ
3813 3569 3827 3582 ·

2269 3643 2473 3695 Ἐκεῖνο
2497 3640 2553 3695 δὲ
2582 3639 2780 3711 μᾶλλον
2799 3638 3169 3711 ἐπερωτητὲον
3192 3640 3319 3710 περὶ
3333 3639 3446 3701 τοῦ,
3466 3641 3534 3694 δι’
3557 3645 3624 3699 οὗ
3648 3644 3836 3711 tuoin-

2261 3749 2353 3788 σεν
2377 3733 2407 3785 6
2432 3731 2566 3796 Θεὸς
2582 3696 2684 3784 ’τὸν
2707 3696 3018 3800 ἄνθρωπον,
3036 3696 3145 3782 ’καὶ
3165 3696 3347 3785 πάντα
3380 3696 3445 3784 τά
3464 3748 3521 3783 τε
3552 3696 3837 3803 δρώμενά,

2259 3828 2416 3916 τάξτε
2459 3825 2534 3897 μὴ
2560 3823 2833 3896 ὁρώμενα.
2870 3821 2944 3875 Οὐ
2973 3821 3081 3893 γάρ
3127 3840 3218 3894 μοι
3242 3824 3390 3877 δοκεῖ
3416 3820 3470 3877 εὖ
3492 3825 3661 3894 ἔχειν,
3688 3828 3840 3897 ἅπερ

2262 3914 2545 3990 εἰρήκατε,
2574 3918 2657 3972 ὅτι
2696 3916 2754 3969 ἓν
2793 3914 2938 3969 κατά
2974 3914 3036 3980 τὸ
3070 3914 3202 3969 αὐτὸ
3229 3917 3257 3969 6
3288 3916 3477 3989 Πατὴρ
3506 3917 3602 3969 καὶ
3642 3918 3671 3969 6
3712 3917 3839 3979 Υἱὸς

2263 4011 2448 4075 ἀϊδίως
2475 4009 2592 4083 ἅμα
2615 4050 2630 4075 ,
2677 4009 2771 4063 καὶ
2819 4007 2903 4061 ὅτι
2938 4006 3071 4070 Θεὸς
3108 4009 3196 4062 ἀεὶ
3239 4009 3721 4081 συμπροῦπάρχων
3765 4009 3839 4076 τῷ

2263 4100 2442 4172 Πατρὶ
2473 4100 2502 4152 6
2530 4098 2680 4162 Υἱός.
2737 4095 2879 4166 Ἐγὼ
2904 4095 2962 4149 δὲ
2994 4097 3159 4168 φαίην
3185 4097 3466 4168 ὑπουργὸν
3497 4099 3556 4151 ὲν
3592 4102 3701 4161 τοῖς
3728 4101 3836 4150 κτί-

2266 4212 2433 4268 σμασι
2457 4192 2786 4266 γεγενῆσθαι
2814 4191 2977 4247 αὐτὸν
3011 4191 3116 4247 ὑπὸ
3147 4194 3241 4248 τοῦ
3272 4194 3433 4252 Θεοῦ.
3503 4193 3709 4248 Ἐδεῖτο
3735 4194 3835 4262 γὰρ

2264 4290 2292 4341 6
2325 4286 2458 4348 Θεὸς
2505 4284 2784 4358 ὑπουργοῦ
2837 4289 2920 4351 είς
2975 4285 3073 4357 τὴν
3119 4287 3214 4340 τοῦ
3250 4285 3542 4356 ἀνθρώπου
3599 4287 3699 4338 καὶ
3748 4286 3834 4337 τοῦ

2266 4380 2473 4450 κόσμου
2506 4381 2881 4452 κατασκευήν.
2914 4380 3007 4435 Διὸ
3042 4379 3251 4452 μέλλων
3279 4380 3307 4432 6
3352 4377 3692 4448 δημιουργὸς
3715 4376 3836 4435 Θεὸς

2266 4471 2475 4536 κτίζειν
2534 4470 2632 4534 τὰς
2684 4472 2906 4536 κτιστάς
2962 4471 3199 4544 φύσεις,
3256 4471 3606 4537 ὑπεστήσατο
3671 4466 3839 4534 ἐαυτῷ

2270 4560 2570 4632 ἐργαλεῖον,
2604 4561 2670 4616 δι’
2713 4556 2774 4615 οὗ
2810 4563 2985 4616 κτίσει
3020 4562 3202 4623 πάσας
3235 4558 3335 4622 τὰς
3374 4557 3591 4627 φύσεις.
3627 4558 3836 4625 Ὥσπερ

2271 4653 2380 4725 γὰρ
2408 4654 2437 4707 6
2469 4654 2676 4706 τέκτων
2704 4653 3016 4725 προῦφιστᾷ
3049 4651 3311 4722 ἐργαλεῖα
3346 4652 3427 4713 εἰς
3459 4650 3560 4720 τὴν
3605 4649 3715 4702 τῶν
3748 4649 3840 4701 ὑπ’

2274 4741 2439 4802 αὑτοῦ
2477 4742 2780 4815 μελλόντων
2830 4743 3080 4813 γίνεσθαι
3116 4739 3490 4812 κατασκευὴν,
3528 4739 3702 4802 οὕτως
3733 4739 3843 4792 isi

2275 4840 2462 4909 νοῆσαι
2499 4838 2593 4891 καὶ
2629 4837 2721 4890 ἐπὶ
2753 4836 2848 4891 τοῦ
2890 4835 3027 4890 Θεοῦ
3053 4876 3070 4903 ,
3100 4836 3183 4889 ὅτι
3211 4833 3529 4903 ὑποστήσας
3563 4831 3746 4902 ἑαυτῷ
3774 4831 3842 4882 ὠ;

2279 4928 2559 5000 ἐργαλεῖον
2583 4927 2674 4981 τὸν
2696 4928 2845 4994 Υἱὸν,
2880 4926 3064 4981 ἔκτισε
3102 4924 3169 4978 δι’
3193 4924 3361 4980 αὑτοῦ
3384 4924 3477 4977 τὸν
3513 4923 3742 4993 κόσμον.
3779 4922 3848 4973 Τὸ

2280 5019 2389 5091 γὰρ
2412 5020 2517 5073 ὑπὸ
2537 5019 2630 5073 τοῦ
2654 5018 2952 5074 ἀποστόλου
2986 5016 3175 5090 ῥηθὲν,
3206 5018 3290 5072 ὅτι
3320 5036 3340 5069 ι
3373 5015 3567 5069 Πάντα
3594 5013 3663 5067 δι’
3688 5010 3845 5068 αὑτοῦ

2281 5110 2519 5180 ἐγένετο,
2562 5129 2581 5162 ι
2621 5111 2697 5174 ὡς
2720 5111 2786 5164 δι’
2820 5111 3100 5182 ἐργαλείου
3134 5109 3466 5181 ἐκτίσθησαν
3497 5108 3555 5161 ai
3589 5105 3662 5159 δι’
3688 5101 3847 5159 αὐτοῦ

2283 5202 2494 5271 φύσεις.
2530 5203 2640 5258 Καὶ
2688 5201 2751 5255 τὸ
2780 5204 2902 5256 κατ’
2934 5202 3120 5257 εἰκόνα
3163 5202 3223 5256 δὲ
3257 5202 3537 5273 ἡμετέραν
3590 5198 3686 5252 καὶ
3728 5196 3850 5250 καθ’

2282 5293 2541 5363 ὁμοίωσιν
2580 5295 2757 5347 εἰπεῖν
2791 5294 2882 5347 τὸν
2920 5293 3053 5348 Θεὸν
3091 5292 3379 5364 κτισθῆναι
3408 5294 3502 5346 τὸν
3542 5290 3846 5362 ἄνθρωπον.

2283 5385 2369 5439 διὰ
2392 5385 2484 5439 τοῦ
2515 5385 2822 5454 ἐργαλείου,
2854 5383 2997 5439 τοῦτ’
3032 5385 3148 5439 ἔστι
3180 5384 3270 5439 διὰ
3300 5384 3395 5439 τοῦ
3427 5382 3561 5437 Υίοῦ
3593 5381 3732 5438 κατά
3759 5380 3851 5449 τὴν

2285 5475 2482 5530 ἑαυτοῦ
2524 5476 2710 5535 εἰκόνα
2735 5477 2831 5531 καὶ
2861 5475 3143 5547 ὁμοίωσιν,
3178 5471 3332 5528 εἶπεν
3364 5476 3393 5528 6
3426 5474 3585 5536 Θεός.
