4042 6142
495 344 641 413 m3

1765 340 2068 403 GELASII
2131 337 2438 400 CYZICEN
2446 341 2471 397 Ι

3616 328 3749 391 1264

493 465 643 517 visus
664 441 768 526 esi,
818 471 872 516 et
911 461 1052 514 inter
1074 458 1317 513 homines
1344 462 1694 511 conversatus
1724 464 1807 509 cst
1833 453 1898 508 ".
1940 472 1957 503 ι
2000 452 2065 505 Et

2193 452 2320 504 όετὰ
2353 450 2527 505 ταῦτα
2557 448 2651 503 ἐπὶ
2682 449 2779 519 ιῆς
2810 449 2910 518 γῆς
2935 445 3123 517 ὤφθη,
3172 444 3268 498 καὶ
3296 444 3408 506 τοῖς
3440 440 3747 510 ἀνθρώποις

496 553 663 608 lsaias
706 555 781 605 ait
819 553 885 605 ad
923 549 1129 605 Israel:
1187 567 1203 600 ι
1254 546 1510 617 Nunquid
1559 545 1756 607 nescis,
1811 554 1905 599 aut
1956 559 2063 598 non

496 637 960 695 audivisti?Deus
991 637 1353 706 sempiternus
1398 634 1677 701 Dominus,
1724 633 1815 703 qui
1863 632 2067 688 creavit

500 733 758 786 terminos
791 740 947 783 terra:
973 729 1036 781 ⁸⁸.
1068 746 1086 778 ι
1140 728 1271 793 Quis
1301 727 1466 798 igitur
1493 733 1575 781 est
1607 724 1756 780 Deus
1797 725 1899 779 iste
1925 738 2069 778 sem-

496 822 768 891 piternus,
799 835 830 873 ο
853 819 1196 890 philosophe,
1228 819 1320 886 qui
1353 818 1562 873 creavit
1599 816 1859 872 terminos
1891 826 2067 880 terrm,

496 913 587 981 qui
616 913 666 965 in
700 922 841 965 terra
871 912 1016 966 visus
1043 922 1150 976 est,
1196 921 1247 966 et
1295 910 1436 964 inter
1474 909 1724 964 homines
1767 922 2064 963 conversa-

497 1011 584 1055 tus
615 1012 698 1056 εει
722 1001 744 1054 ?
770 1001 968 1056 Filium
996 1003 1078 1057 ais
1106 1007 1492 1057 conversatum
1523 996 1695 1052 fuisse
1729 1012 1850 1052 cum
1892 994 2069 1051 homi-

496 1095 673 1162 nibus,
707 1112 771 1150 an
798 1094 1061 1151 Patrem?

945 1209 1234 1278 Responsio
1271 1206 1587 1276 philosophi.

564 1329 760 1385 Filium
789 1325 910 1379 dico
939 1322 1111 1377 fuisse
1145 1329 1547 1380 conversatum,
1578 1325 1638 1370 ut
1668 1313 1864 1369 divina:
1892 1312 2076 1383 Scrip-

498 1429 633 1472 turae
663 1424 868 1470 testata:
921 1421 1069 1475 sunt,
1106 1420 1160 1464 et
1217 1424 1317 1479 ego
1354 1424 1417 1463 ex
1465 1407 1597 1475 ipsis
1638 1418 1930 1473 persuasus
1984 1416 2077 1471 ap-

501 1507 744 1579 probavi.
782 1505 887 1559 Sed
910 1513 993 1557 est
1026 1501 1201 1555 adhuc
1239 1500 1365 1553 mihi
1395 1496 1717 1567 gravissima
1742 1502 1797 1548 et
1834 1494 1919 1550 cui
1950 1507 2078 1548 con-

502 1600 689 1654 tradici
719 1613 823 1653 non
852 1604 1046 1663 potest,
1080 1592 1337 1662 obiectio,
1365 1588 1508 1659 quod
1530 1596 1657 1642 ante
1685 1600 1901 1642 omnem
1920 1599 2075 1640 crea-

507 1703 679 1744 turam
721 1688 849 1742 fecit
872 1686 1017 1740 illum
1052 1685 1213 1746 Deus,
1247 1691 1306 1738 ut
1333 1697 1428 1752 per
1479 1681 1656 1748 ipsum
1704 1676 1885 1732 omnia
1925 1691 2075 1730 crea-

2172 542 2610 615 συνανεσ.ράφη.
2652 560 2669 592 ι
2718 543 2826 597 Καὶ
2854 542 2882 592 6
2922 539 3149 601 Ἡσαΐας
3181 534 3332 604 λέγει
3382 533 3462 604 τῷ
3497 533 3743 603 Ἰσραήλ·

2175 654 2193 687 ι
2228 636 2339 690 Καὶ
2369 637 2462 690 νῦν
2491 637 2591 689 οὐκ
2628 635 2832 704 ἔγνως,
2866 633 2899 703 ἢ
2936 632 3009 703 μὴ
3040 632 3310 701 ἤκουσας
3345 627 3478 690 Θεὸς
3510 627 3746 688 αἰώνιος,

2169 728 2303 792 Θεὸς
2328 730 2356 781 6
2379 727 2789 790 κατασκευάσας
2809 726 2876 779 τὰ
2902 726 3047 794 ἄκρα
3071 722 3168 789 τῆς
3191 721 3314 790 γῆς.
3356 737 3377 770 ι
3412 718 3513 781 Τίς
3538 713 3629 770 οὗν
3659 711 3749 767 οὒ-

2170 837 2262 884 τος
2295 823 2323 874 6
2351 820 2483 883 Θεὸς
2514 822 2542 873 6
2588 819 2820 883 αἰώνιος,
2865 811 2910 870 ὦ
2946 814 3203 884 φιλόσοφε
3225 854 3239 876 ,
3275 813 3303 864 ὁ
3339 810 3753 868 κατασκευάσας

2171 911 2240 963 τὰ
2267 911 2413 983 ἄκρα
2438 910 2536 981 τῆς
2558 911 2681 980 γῆς,
2711 911 2738 961 6
2761 909 2855 962 καὶ
2884 925 2949 959 πε
2961 907 3012 977 pi.
3036 906 3136 974 γῆς
3162 901 3371 972 ὀφθεὶς,
3402 899 3630 960 καὶτοῖς
3657 900 3754 951 ἁν-

2175 1000 2412 1072 θρώποις
2461 999 2958 1069 συναναστραφείςς
3010 996 3100 1049 τὸν
3132 993 3259 1047 Υίὸν
3311 991 3490 1059 λέγεις
3540 1005 3755 1041 συνανε-

2177 1095 2446 1167 στράφθαι
2476 1097 2586 1157 τοῖς
2617 1091 2944 1163 ἀνθρώποις,
2972 1090 3116 1161 ἧτὸν
3146 1087 3362 1156 Πατέρα
3388 1102 3403 1150 ;

2536 1207 2867 1273 Ἀπόκρισις
2901 1204 3004 1258 τοῦ
3032 1202 3399 1271 φιλοσόφου.

2258 1320 2319 1372 ὐ
2353 1318 2479 1381 Υἱός
2522 1334 2664 1387 φημι
2700 1311 3187 1383 συνανεστράφθαι,
3227 1307 3407 1369 καθὼς
3443 1307 3672 1376 εἴρηκαν
3706 1307 3759 1357 αἱ

2178 1414 2319 1467 θεῖαι
2348 1411 2591 1483 Γραφαλη
2629 1409 2780 1475 κάγὼ
2828 1405 3119 1465 πιστωθεὶς
3154 1400 3214 1466 ἐξ
3262 1400 3443 1454 αὐτῶν
3499 1398 3757 1453 ἀποδέδε-

2178 1522 2339 1576 γμαι.
2383 1503 2520 1557 Ἀλλ’
2564 1502 2680 1554 ἔστι
2723 1517 2812 1570 μοι
2841 1500 2920 1551 ἔτι
2970 1495 3319 1562 δυνατωτάτη
3366 1492 3458 1544 καὶ
3500 1490 3755 1558 ἁναντίρ-

2181 1601 2343 1670 ρητος
2371 1595 2644 1657 ἀντίθεσις
2678 1593 2805 1663 περὶ
2836 1588 3023 1651 αὐτοῦ,
3062 1590 3143 1641 ὅτι
3176 1586 3282 1656 πρὸ
3311 1585 3493 1655 πάσης
3527 1583 3756 1641 κτίσεως

2181 1690 2393 1742 ἔκτισεν
2424 1688 2586 1741 αὐτὸν
2612 1688 2640 1739 6
2668 1684 2821 1747 Θεὸς,
2855 1682 2942 1734 ἵνα
2968 1680 3033 1733 δι’
3065 1676 3231 1731 αὐτοῦ
3259 1676 3326 1729 τὰ
3358 1676 3539 1729 πάντα
3572 1674 3753 1742 κτίσῃ.

503 1790 585 1835 ret
616 1797 630 1832 :
666 1788 719 1833 et
748 1779 861 1831 haec
890 1777 940 1830 in
970 1773 1315 1828 ulterioribus
1339 1768 1839 1827 concertationibus
1864 1769 2078 1821 demon-

2193 1781 2294 1835 Καὶ
2319 1779 2494 1833 ταῦτα
2513 1776 2780 1839 ἀποδείξω
2808 1776 2864 1826 ἐν
2894 1774 3006 1833 τοῖς
3028 1768 3339 1840 ἔμπροσθεν
3367 1766 3481 1820 τῶν
3510 1763 3753 1833 ἀγώνων.

503 1871 707 1925 strabo.

504 1960 791 2032 Responsio
826 1964 1140 2032 sanctorum
1193 1953 1416 2032 Patrum
1453 1969 1546 2032 per
1572 1951 1775 2032 eosdem
1807 1948 2082 2018 piissimo:

758 2029 1025 2095 episcapos
1058 2024 1332 2079 Leontium
1365 2034 1413 2077 et
1458 2021 1836 2091 Eupsychinm.

576 2205 693 2263 Non
732 2206 828 2273 ita,
864 2205 1196 2274 philosophe,
1261 2216 1366 2255 non
1436 2200 1640 2270 poteris
1711 2201 2086 2253 demonstrare

505 2314 625 2369 qua;
661 2296 868 2351 dixisti.
899 2294 1084 2349 Proles
1113 2292 1256 2347 enim
1292 2289 1387 2344 Dei
1419 2300 1520 2355 est,
1560 2305 1664 2344 non
1688 2304 1848 2358 opus,
1880 2298 1938 2343 ut
1969 2287 2086 2357 plu-

509 2391 656 2445 ribus
691 2387 1047 2443 ostendimus.
1102 2383 1166 2437 Et
1222 2383 1365 2451 quis,
1404 2397 1437 2434 ο
1467 2380 1807 2450 philosophe,
1856 2393 1924 2433 ex
1956 2377 2088 2432 viris

504 2480 705 2549 pietate
732 2493 794 2532 ac
828 2474 1115 2545 prudentia
1151 2469 1611 2540 praepollentibus,
1652 2469 1704 2523 in
1736 2468 1900 2523 tantis
1937 2467 2087 2537 ejus-

505 2573 627 2626 dem
681 2569 907 2633 viribus,
941 2579 1149 2627 carum,
1204 2578 1325 2632 qua:
1376 2561 1445 2616 ab
1498 2560 1617 2631 ipso
1667 2559 1897 2614 conditae
1942 2566 2086 2624 sunt,

509 2671 846 2722 naturarum,
880 2666 1135 2725 tanquam
1159 2669 1190 2707 a
1222 2653 1351 2716 Deo,
1383 2652 1481 2706 hoc
1511 2660 1596 2706 est
1634 2649 1702 2704 ab
1729 2650 1844 2717 ipso
1872 2653 2086 2702 creata-

510 2769 650 2819 rutu,
684 2767 789 2807 non
813 2746 1188 2817 obstupescit?
1213 2745 1482 2800 clamante
1524 2743 1806 2811 Scriptura
1838 2759 1851 2793 :
1882 2758 1900 2792 ι
1944 2739 2093 2794 Fecit

510 2845 654 2899 Deus
690 2842 963 2897 hominem
984 2841 1030 2871 ‘9
1057 2857 1072 2906 ;
1103 2857 1120 2891 ι
1189 2844 1241 2892 ει
1280 2855 1292 2890 :
1324 2854 1342 2887 ι
1378 2834 1519 2890 Vidit
1565 2833 1702 2888 Deus
1747 2839 1938 2887 cuncta
1975 2846 2094 2900 qua:

512 2935 736 2997 iecerat,
772 2945 826 2988 et
850 2941 1006 2988 erant
1031 2930 1184 2984 valde
1208 2929 1367 2983 bona.
1406 2946 1424 2979 ι
1460 2925 1698 2980 Joannes
1720 2934 1900 2979 autem
1931 2938 2096 2979 evan-

513 3025 707 3093 gelista
744 3020 1086 3076 manifestius
1130 3018 1468 3073 demonstrat
1522 3014 1697 3083 ipsum
1730 3028 1945 3083 semper
1973 3028 2094 3067 cum

2196 1960 2530 2026 Ἀπόκρισις
2557 1953 2678 2026 τῶν
2703 1953 2889 2026 ἁγίων
2931 1947 3210 2026 Πατέρων
3257 1945 3352 2026 διὰ
3392 1943 3512 2026 26'»:-
3564 1943 3757 2026 Εὐτρη-

2256 2015 2608 2093 ίόσῖοτάὲων
2658 2015 3006 2077 ἐπισκόπων
3057 2016 3348 2072 Λεοντίου.
3407 2015 3508 2068 καὶ
3560 2015 3757 2081 Εὺψιπ-

2257 2100 2413 2168 χίου.

2258 2209 2371 2278 Οὐχ
2392 2206 2584 2271 οὕτως,
2610 2200 2656 2258 ὦ
2679 2203 2960 2273 φιλόσοφε,
2981 2202 3083 2254 οὐκ
3107 2197 3281 2251 ἔνεστι
3309 2194 3482 2261 δεῖξαί
3508 2211 3567 2247 σε
3594 2194 3757 2247 ταῦτα

2187 2298 2331 2368 ἅπερ
2360 2297 2515 2366 ἔφης.
2552 2296 2771 2364 Γένημα
2796 2292 2905 2362 γάρ
2937 2293 3053 2343 ἐστι
3083 2289 3175 2342 τοῦ
3202 2290 3360 2355 Θεοῦ,
3396 2292 3493 2343 καὶ
3520 2289 3581 2342 οὐ
3607 2289 3759 2355 ποίῃ-

2192 2408 2290 2461 μα,
2315 2389 2567 2458 καθάπερ
2586 2387 2672 2441 διὰ
2693 2387 2953 2438 πλειόνων
2976 2383 3363 2454 ἀπεδείξαμεν.
3393 2383 3503 2435 Καὶ
3524 2383 3607 2444 τίς
3634 2380 3760 2450 γὰρ,

2189 2477 2235 2536 ὦ
2287 2480 2577 2549 φιλόσοφε,
2630 2478 2737 2530 τῶν
2777 2478 2834 2529 ὲν
2884 2474 3139 2545 εὐσεϐείᾳ
3183 2475 3277 2527 καὶ
3316 2473 3567 2543 ἀγχινοίᾳ
3608 2472 3765 2523 πλευ-

2189 2573 2425 2627 τούντων
2451 2571 2659 2640 ἀνδρῶν
2688 2570 2789 2622 οὐκ
2819 2566 3179 2636 ἐκπλήττεται
3216 2564 3308 2618 ἐπὶ
3337 2567 3457 2626 ταῖς
3481 2563 3771 2624 τοσαύταις

2191 2663 2355 2716 αὐτοῦ
2404 2660 2706 2731 ἐνεργείαις
2753 2658 2861 2712 τῶν
2913 2658 3002 2709 ὐπ’
3043 2654 3210 2724 αὐτοῦ
3258 2654 3771 2731 δημψυργηθεισῶλι

2194 2752 2441 2820 φύσεων,
2477 2749 2553 2812 ὼς
2587 2747 2693 2801 ὑπὸ
2727 2746 2896 2812 Θεοῦ,
2932 2745 3078 2798 τοῦτ’
3118 2745 3266 2797 ἔστιν
3311 2743 3403 2794 ὐπ’
3438 2742 3605 2796 αὐτοῦ
3659 2760 3773 2796 κτι-

2196 2839 2423 2893 σθεισῶν
2451 2856 2465 2904 ;
2489 2838 2584 2907 τῆς
2612 2836 2831 2905 Γραφῆς
2857 2833 3094 2904 βοώσης’
3116 2850 3135 2883 ι
3159 2832 3443 2901 Ἐποίησεν
3472 2831 3499 2880 ὁ
3525 2831 3657 2893 Θεὸς
3686 2833 3773 2882 τὶν

2195 2927 2500 2998 ἄνθρωπον.
2555 2945 2573 2977 ι
2623 2926 2772 2988 Καὶ,
2814 2942 2832 2973 ι
2889 2916 3040 2973 Εἷδεν
3092 2923 3119 2973 6
3163 2920 3294 2983 Θεὸς
3333 2920 3400 2972 τὰ
3444 2921 3627 2973 πάντα
3675 2919 3773 2971 ὅσα

2198 3020 2439 3089 ἐποίησε,
2486 3016 2581 3069 καὶ
2615 3015 2723 3068 ἰδοὺ
2756 3012 2893 3066 καλᾶ
2920 3012 3062 3067 λίαν.
3114 3031 3131 3061 ι
3180 3011 3434 3081 Ἰωάννης
3465 3010 3521 3063 δὲ
3552 3013 3579 3063 ὀ
3610 3010 3774 3078 εὐαγ-

511 3112 674 3167 Patre
706 3113 993 3176 exsistere,
1028 3121 1355 3165 coacternum
1410 3109 1559 3163 Patri
1585 3118 1639 3163 et
1674 3106 1945 3175 superiori
2002 3122 2090 3161 ca-

2199 3109 2451 3178 γελιστὴς
2486 3106 2835 3176 σαφεστέρως
2870 3103 3143 3156 δείκνυσιν
3184 3101 3446 3155 αὐτὸνάεὶ
3501 3098 3776 3169 συνυπάρ·

516 3220 742 3269 reutcm,
780 3216 833 3261 ttt
871 3206 1063 3260 Pater:
1091 3224 1108 3255 ι
1143 3206 1198 3258 lu
1225 3202 1489 3273 principio
1537 3199 1707 3264 enim,
1748 3197 1943 3265 inquit,
1977 3207 2091 3250 erat

516 3300 772 3365 Verbum,
795 3310 848 3352 et
882 3298 1110 3352 Verbum
1149 3305 1266 3353 erat
1297 3294 1436 3363 apud
1472 3291 1663 3353 Deum,
1700 3298 1754 3342 et
1789 3287 1935 3342 Deus
1971 3295 2090 3339 erat

520 3387 772 3444 Verbum.
806 3388 918 3443 lloc
939 3399 1055 3441 erat
1089 3387 1140 3439 in
1168 3383 1434 3454 principio
1481 3378 1621 3450 apud
1654 3380 1842 3433 Deum.
1897 3375 2093 3430 Omnia

520 3496 615 3547 per
647 3482 818 3547 ipsum
857 3479 995 3531 facta
1030 3485 1176 3540 sunt,
1207 3485 1259 3527 et
1290 3475 1407 3528 sine
1449 3473 1564 3539 ipso
1604 3470 1807 3524 factum
1832 3477 1914 3522 est
1936 3466 2089 3531 nihil,

519 3573 662 3640 quod
680 3571 888 3641 iactum
927 3569 1094 3624 est“.
1130 3587 1149 3619 ι
1191 3568 1330 3621 Ecce
1359 3564 1701 3633 apertissime
1727 3572 2031 3622 ostensum,
2062 3574 2095 3614 ο

519 3661 857 3729 philosophe,
896 3662 1040 3729 quod
1070 3657 1238 3711 Filius
1259 3658 1434 3710 omnis
1465 3661 1660 3709 creata:
1686 3662 1893 3705 naturas
1916 3650 2094 3720 epiiex

521 3755 612 3808 sit.
643 3750 812 3822 Igitur
841 3753 884 3804 si
926 3748 1103 3818 Opifex
1159 3758 1242 3801 est
1294 3747 1534 3801 omnium
1586 3754 1980 3805 creaturarum,
2038 3748 2096 3792 ut

521 3859 710 3898 revera
761 3850 843 3896 est
880 3852 987 3896 tam
1017 3855 1202 3895 earum
1234 3853 1353 3907 qum
1389 3837 1658 3900 videntur,
1697 3848 1859 3903 quam
1909 3846 2093 3885 earum

520 3950 639 4003 otia?
710 3935 1113 4005 intelliguntur,
1186 3929 1530 3984 manifestum
1594 3937 1678 3981 est
1752 3924 1893 3994 quod
1972 3937 2097 3976 vere

523 4035 661 4088 Deus
718 4038 909 4083 natura
974 4024 1075 4085 sit,
1119 4032 1174 4077 et
1222 4037 1325 4076 non
1375 4021 1829 4077 instrumentum,
1882 4023 1940 4068 ut
1983 4014 2093 4078 ais,

524 4138 699 4191 neque
730 4129 1000 4183 creatura,
1029 4131 1201 4185 neque
1229 4113 1461 4177 factura,
1493 4126 1666 4179 neque
1710 4109 1868 4164 Patre
1916 4116 2096 4176 poste—

525 4218 655 4271 rior.
682 4212 813 4266 Illud
839 4211 1004 4274 enim,
1031 4219 1164 4273 erat,
1196 4209 1262 4261 ab
1289 4203 1624 4272 evangelista
1648 4208 1839 4267 quater
1866 4198 2095 4260 dictum,

526 4323 630 4361 non
660 4306 819 4360 habet
869 4301 1071 4372 aliquid
1137 4302 1282 4369 quod
1334 4306 1461 4350 ante
1519 4295 1665 4348 illum
1703 4290 1988 4347 exstiterit.
2033 4288 2098 4343 Ut

526 4406 706 4450 autem
738 4392 1130 4463 perfectissime
1181 4401 1447 4455 agnoscas
1486 4382 1630 4452 quod
1681 4394 1785 4435 non
1826 4388 1910 4434 est
1940 4377 2096 4431 alteii

2191 3218 2355 3271 χοντα
2401 3199 2475 3268 τῷ
2516 3197 2714 3268 Πατρὶ,
2759 3193 3024 3248 συναῖδιόν
3069 3210 3130 3245 τε
3179 3191 3275 3246 καὶ
3323 3190 3656 3258 σανάναρχον
3691 3188 3777 3257 τῷ

2196 3291 2405 3361 Πατρί’
2446 3308 2465 3341 ι
2516 3289 2602 3341 Ἐν
2644 3290 2784 3358 ἀρχῇ
2822 3285 2953 3354 γὰρ,
2982 3285 3171 3354 φησιν,
3213 3280 3281 3355 ἦν
3320 3285 3346 3336 6
3372 3282 3563 3349 Λόγος,
3601 3280 3700 3335 καὶ
3746 3282 3782 3332 6

2194 3384 2365 3451 Λόγος
2390 3378 2456 3453 ἦν
2484 3381 2619 3451 πρὸς
2647 3381 2737 3432 τὸν
2762 3379 2917 3441 Θεὸν,
2948 3379 3039 3431 καὶ
3070 3376 3200 3439 Θεὸς
3231 3373 3298 3446 ἦν
3326 3377 3351 3428 ὁ
3375 3374 3548 3443 Λόγος
3570 3390 3584 3403 ⁸
3618 3364 3780 3435 οὗτος

2192 3471 2260 3547 ἦν
2295 3477 2350 3527 ἐν
2386 3475 2526 3544 ἀρχῇ
2564 3471 2697 3542 πρὸς
2734 3471 2823 3524 τὸν
2850 3469 2999 3522 Θεόν.
3041 3468 3226 3521 Πάντα
3254 3467 3320 3520 δι’
3351 3464 3518 3518 αὐτοῦ
3560 3465 3780 3534 ἐγένετο

2194 3566 2289 3620 καὶ
2320 3567 2488 3635 χωρὶς
2511 3562 2676 3616 αὐτοῦ
2719 3561 2939 3630 ἐγένετο
2964 3559 3086 3614 οὐδὲ
3117 3559 3197 3622 ἒν,
3232 3559 3260 3611 ὃ
3289 3559 3540 3626 γέγενεν.
3581 3574 3598 3606 ι
3648 3555 3777 3608 Ἰδοὺ

2197 3656 2509 3727 σαφέστατα
2529 3654 2817 3717 δέδεικται,
2840 3647 2885 3706 ὦ
2913 3651 3192 3722 φιλόσοφε,
3218 3651 3302 3703 ὅτι
3332 3650 3514 3718 πάσης
3543 3644 3778 3715 γενητῆς

2196 3747 2412 3817 φύσεως
2445 3744 2779 3816 δημιουργὸς
2816 3745 2844 3797 6
2878 3744 3007 3806 Υἱός
3031 3763 3042 3775 -
3080 3744 3129 3795 εἰ
3163 3737 3259 3793 οὖν
3296 3737 3638 3809 Δημιουργὸς
3666 3734 3778 3787 τῶν

2194 3839 2332 3893 ὅλων
2362 3836 2679 3905 κτισμάτων
2705 3831 2874 3900 ἐστὶν,
2901 3831 3087 3900 ὥσπερ
3118 3826 3209 3883 οὖν
3240 3828 3334 3880 καὶ
3365 3827 3532 3889 ἔστιν,
3563 3823 3779 3894 ὁρωμεμ

2195 3947 2298 3985 νων
2321 3946 2381 3982 τε
2409 3927 2504 3982 καὶ
2533 3925 2866 3993 νοουμένων,
2896 3921 3057 3990 δῆλον
3083 3921 3165 3973 ὅτι
3195 3920 3329 3980 Θεὸς
3351 3913 3568 3985 ἀληθῶς
3594 3911 3776 3982 φύσει,

2197 4019 2290 4073 καὶ
2343 4018 2444 4071 οὐκ
2499 4014 2807 4087 ἐργαλεῖον,
2870 4012 2943 4074 ὡς
3008 4010 3136 4079 φὴς,
3193 4007 3318 4061 οὔτε
3373 4006 3601 4075 κτίσμα,
3656 4001 3777 4055 οὔτε

2196 4109 2426 4179 ποίημα,
2443 4106 2566 4159 οὐτε
2594 4103 3053 4176 μεταγενέστερος
3077 4099 3168 4153 τοῦ
3190 4097 3423 4169 Πατρός.
3449 4097 3523 4148 Τὸ
3546 4095 3654 4165 γὰρ
3682 4089 3774 4162 ἦν,

2195 4201 2450 4273 τετράκις
2482 4198 2669 4269 λεχθὲν
2700 4196 2804 4250 ὑπὸ
2829 4194 2925 4248 τοῦ
2947 4189 3361 4261 εὐαγγελιστοῦ,
3391 4189 3452 4241 τὸ
3482 4187 3769 4258 προῦπὰρ-

2197 4311 2290 4364 χον
2319 4294 2417 4346 οὐκ
2442 4292 2578 4362 ἔχει.
2603 4292 2721 4346 Ἵνα
2748 4290 2804 4343 δὲ
2837 4288 3191 4349 τελειοτάτως
3219 4284 3405 4353 γνώσῃ
3432 4283 3515 4335 ὅτι
3532 4281 3633 4349 οὐχ
3653 4280 3776 4332 ὑπε-

2202 4382 2434 4448 ξούσιος,
2465 4381 2578 4434 ἀλλ’
2600 4379 2963 4443 αὐτεξούσιος,
2984 4377 3058 4438 ὡς
3093 4376 3186 4427 καὶ
3218 4370 3472 4440 όΠατὴρ,
3500 4368 3657 4436 δέχου
3693 4366 3779 4418 καὶ

528 4489 821 4557 subjectus,
858 4486 952 4540 sed
975 4481 1056 4537 sui
1087 4480 1254 4548 ipsius
1303 4477 1466 4531 habet
1502 4450 1800 4528 dominium
1826 4480 1883 4525 ut
1910 4470 2090 4534 Pater,

2203 4472 2368 4541 ἄλλην
2404 4469 2808 4541 ἐναργεστάτην
2851 4464 3177 4537 μαρτυρίαν.
3216 4463 3416 4514 ’Ἄκουε
3464 4456 3647 4511 τοίνυν
3691 4450 3777 4504 τοῦ

528 4584 715 4651 accipe
781 4581 925 4634 aliud
975 4573 1453 4646 expressissimum
1517 4566 1906 4622 testimonium.
1960 4564 2099 4618 Audi

532 4691 658 4746 ergo
683 4674 924 4729 divinum
964 4669 1159 4725 Isaiam
1190 4667 1517 4722 clamantem
1558 4679 1571 4715 :
1608 4678 1625 4712 t
1666 4658 1732 4712 Et
1766 4657 1950 4713 volent
1981 4671 2103 4710 esse

532 4772 655 4837 igne
689 4764 1043 4820 combusti“.
1077 4780 1096 4814 ι
1156 4757 1357 4813 Judzeis
1419 4752 1786 4823 prmuuutians
1831 4768 1844 4802 :
1902 4768 1921 4799 ι
1965 4748 2102 4814 Quia

533 4873 667 4926 puer
687 4866 847 4910 natus
884 4862 969 4909 est
1013 4851 1191 4914 nobis,
1233 4848 1401 4903 Filius
1436 4846 1594 4900 datus
1620 4852 1703 4897 cst
1741 4839 1916 4906 nobis,
1952 4839 2103 4905 cujus

533 4946 863 5015 principatus
885 4942 1060 4996 factus
1085 4947 1167 4993 est
1190 4951 1352 5006 super
1387 4935 1670 4988 humerum
1700 4928 1837 4995 ejus,
1861 4937 1917 4980 et
1943 4942 2103 4981 voca-

534 5048 621 5091 tur
650 5050 845 5089 uomen
874 5032 988 5100 ejus
1014 5028 1195 5097 magni
1237 5024 1454 5079 consilii
1491 5021 1734 5081 nuntius,
1768 5019 2103 5073 admirabilis

534 5126 891 5187 consiliarius,
948 5119 1091 5173 Deus
1133 5116 1308 5179 fortis,
1376 5125 1588 5182 potens,
1621 5113 1877 5179 princeps
1929 5111 2098 5177 pacis,

533 5228 687 5286 pater
716 5215 880 5271 futuri
908 5210 1173 5268 saeculi".
1215 5227 1233 5259 ι
1269 5207 1430 5271 Audi,
1465 5204 1800 5273 philos0phe.
1830 5200 2100 5254 dominum

536 5327 659 5365 eum
694 5323 814 5363 esse
850 5305 1216 5376 praedicatum,
1264 5314 1372 5353 non
1437 5308 1614 5350 autem
1670 5293 1999 5353 ministrmn,
2049 5299 2107 5342 ut

539 5417 636 5457 vos
663 5400 859 5454 dicitis.
888 5397 944 5451 lu
976 5409 1081 5449 uno
1111 5402 1292 5447 autem
1324 5403 1545 5444 suorum
1571 5383 1961 5440 beneﬁciorum
1995 5380 2108 5447 ipse

538 5492 707 5546 Filius
738 5492 827 5544 Dei
857 5486 1164 5558 unigenitus
1195 5481 1441 5538 exhibuit
1471 5479 1711 5547 scipsutu
1742 5472 2018 5527 dominum
2055 5481 2110 5525 et

541 5593 837 5638 creatorem
880 5578 1135 5643 hominis,
1184 5575 1237 5627 in
1273 5573 1648 5641 supplemento
1694 5566 1921 5627 Scilicet,
1964 5563 2104 5629 quod

613 5732 658 5763 δ’
689 5732 896 5785 Bat'ttcit
931 5746 1008 5793 ιιι,
1031 5729 1224 5784 52-53.
1302 5726 1346 5759 ⁸⁸
1370 5725 1474 5782 lsa.
1507 5739 1591 5787 ιι,
1622 5722 1707 5774 9.5.

1795 5720 1837 5750 ‘°
1871 5717 2005 5772 Gen.
2046 5733 2080 5779 t,
2111 5714 2197 5767 “2’3.

2201 4561 2490 4618 θεσπεσίου
2533 4559 2755 4612 Ἡσαΐου
2782 4558 3030 4627 βοῶντος·
3067 4574 3085 4605 ι
3118 4553 3227 4607 Καὶ
3251 4552 3563 4620 θελήσουσι,
3597 4545 3778 4615 φησιν,

2200 4653 2248 4704 εἰ
2279 4649 2649 4721 ἐγεννήθησαν
2692 4648 3077 4717 πυρὶκαυστοι.
3120 4663 3138 4694 ι
3172 4644 3298 4705 Τοῖς
3337 4640 3617 4700 Ἰουδαίοις
3650 4652 3779 4704 προ-

2202 4742 2499 4812 αναφωνῶν
2520 4758 2532 4771 ·
2563 4758 2579 4791 ι
2613 4740 2737 4793 Ὅτι
2757 4739 2967 4791 παιδίον
2999 4735 3266 4805 ἐγεννήθη
3291 4736 3447 4803 ἡμῖν,
3476 4732 3605 4794 Υἱὸς
3630 4728 3779 4795 ἐδόθη

2202 4835 2355 4904 ἡμῖν,
2386 4826 2447 4886 οὗ
2480 4835 2511 4900 ή
2548 4831 2690 4900 ἁρχὴ
2722 4829 2816 4881 ἐπὶ
2860 4826 2953 4879 τοῦ
2986 4824 3137 4895 ὤμοι)
3170 4823 3336 4878 αὐτοῦ
3359 4861 3372 4884 ,
3407 4821 3502 4874 καὶ
3538 4819 3783 4871 καλεῖται

2209 4926 2268 4978 τὸ
2295 4926 2464 4994 ὃνομα
2496 4923 2658 4975 αὐτοῦ
2694 4921 2935 4991 μεγάλης
2965 4918 3156 4988 βουλῆς
3187 4915 3438 4983 ἅγγελος,
3472 4909 3785 4979 θαυμαστὸς

2213 5013 2546 5084 σύμϐουλος,
2591 5011 2720 5072 Θεὸς
2761 5009 3008 5080 ἰσχυρὸς,
3050 5004 3448 5075 ὲξουσιαστὴς,
3496 5002 3682 5071 ἄρχων
3711 5000 3789 5050 εἱ-

2212 5108 2414 5176 ρήνης,
2466 5102 2647 5171 πατὴρ
2701 5100 2793 5152 τοῦ
2849 5099 3133 5168 μέλλοντος
3193 5094 3406 5156 αἰῶνος.
3471 5110 3488 5142 ι
3552 5093 3783 5147 Ἀκουε,

2212 5195 2491 5265 φιλόσοφε,
2528 5193 2880 5261 ὲξουσιαστὴν
2910 5191 3075 5243 αὐτὸν
3116 5185 3656 5258 προκηρυττὸμενον,
3692 5182 3787 5232 καὶ

2214 5289 2309 5355 οὐχ
2349 5283 2664 5348 ὑπεξούσιον
2686 5322 2699 5345 ,
2731 5282 2911 5344 καθὼς
2953 5283 3113 5351 ἡμεῖς
3147 5296 3301 5348 φατε.
3346 5277 3432 5328 Ἑν
3461 5275 3519 5326 δὲ
3553 5273 3653 5343 μιᾷ
3680 5271 3787 5322 τῶν

2211 5376 2375 5430 αὐτοῦ
2412 5373 2741 5445 εὐεργεσιῶν
2782 5372 3116 5441 παρίστησιν
3152 5368 3344 5422 ἑαυτὸν
3374 5368 3401 5418 6
3438 5365 3599 5425 αὐτὸς
3633 5376 3788 5431 p23:—

2212 5469 2372 5538 γενὴς
2402 5466 2530 5528 Υἱὸς
2557 5463 2651 5517 τοῦ
2680 5462 2815 5517 Θεοῦ
2847 5461 3196 5527 αὐτεξούσιόν
3227 5476 3285 5510 τε
3317 5459 3409 5510 καὶ
3437 5454 3666 5521 κτίστην
3691 5448 3785 5501 τεῦ

2212 5558 2497 5628 ἀνθρώπου
2527 5557 2616 5608 ἐπὶ
2647 5559 2712 5625 τῇ
2738 5556 2828 5607 τοῦ
2858 5557 2921 5607 ὲκ
2945 5552 3211 5621 γεννητῆς
3234 5547 3437 5618 τυφλοῦ
3460 5542 3784 5613 ἀναπληρὼ-

3251 5705 3294 5735 ⁸²
3322 5702 3448 5757 ibid.
3481 5701 3536 5754 6.

2278 5713 2319 5745 ⁸⁸
2346 5710 2502 5765 luam.
2538 5726 2574 5773 I,
2614 5709 2725 5762 1-5.
2804 5710 2846 5739 δι
2882 5708 2981 5761 lsa.
3010 5722 3082 5769 ιιι,
3117 5706 3168 5759 5.
