4042 6142
295 255 432 321 1265

1175 261 1539 320 HISTORIA
1577 261 1907 320 CONCILII
1951 262 2254 324 ΝΙΟίΕΝΙ.
2294 291 2366 300 --
2403 268 2549 327 LIB.
2591 270 2672 352 II;

3409 273 3543 339 1266

294 386 397 433 σει,
455 369 544 421 ὑπ’
617 369 780 424 αὐτοῦ
836 370 927 423 τοῦ
984 371 1110 424 Υξοῦ
1165 372 1257 424 τοῦ
1313 371 1448 424 Genu
1501 371 1864 443 γεγενημένῃ.

1994 388 2088 442 pse
2114 375 2205 432 Dei
2243 375 2414 432 Filius
2449 379 2573 434 fecit
2617 380 2670 432 in
2705 396 2848 436 caeco
2877 397 2905 434 ο
2945 381 3248 440 nativitate.
3283 385 3548 457 Splendor

307 461 676 529 Ὰποιύγασμοι
721 465 829 533 γάρ
878 465 990 515 ἐστι
1033 461 1124 516 τοῦ
1169 465 1383 534 [ἰατρὸς
1433 461 1730 526 συναῖὂιον,
1780 463 1872 514 καὶ

295 553 584 622 χαρακτὴρ
601 555 1021 623 ἀπαράλλακτος
1041 555 1138 624 τῆς
1159 554 1288 624 ὅλης
1305 553 1470 607 αὑτοῦ
1501 552 1870 616 ὑποστάσεως,

293 641 437 694 καθά
460 659 594 712 φησι
628 643 839 707 Παῦλος
865 647 891 698 ό
926 645 1245 710 ἀπόστολος,
1279 645 1338 698 τὸ
1367 645 1560 708 σκεῦος
1587 644 1686 715 τῆς
1714 644 1872 697 ἐκλο-

293 732 421 801 γῆς.
463 733 616 795 Ἰδοὺ,
650 734 932 804 φιλόσοφε,
961 737 1203 790 τοσοῦτοι
1227 736 1486 808 ἄναρχον,
1518 735 1751 807 ἐπείπερ
1779 737 1874 790 καὶ

297 823 652 876 συνάκτιστον
693 824 770 894 τῷ
808 827 1001 896 Πατρὶ,
1034 828 1262 899 κτίστην
1295 847 1354 882 τε
1391 829 1580 881 πασῶν
1615 828 1724 882 τῶν
1757 845 1875 882 κτι-

300 913 439 966 στῶν
473 912 689 982 φύσεων
712 957 726 976 ,
767 917 910 968 καθὰ
949 918 1269 982 πλειστάκις
1303 920 1606 991 εἰρήκαμεν
1628 959 1642 980 ,
1675 920 1784 973 τῶν
1815 937 1875 974 τε

295 1003 619 1074 ὁρωμένων,
651 1005 760 1057 τῶν
810 1023 867 1058 τε
916 1010 1222 1077 νοουμένων
1245 1054 1259 1077 ,
1296 1010 1386 1063 τὸν
1425 1011 1552 1063 Υἱὺν
1589 1009 1683 1063 τοῦ
1739 1009 1876 1063 Θεοῦ

297 1094 606 1162 ἀπέδειξαν.
645 1097 753 1150 Ποῦ
789 1097 844 1150 δὲ
881 1100 971 1151 καὶ
999 1102 1047 1152 οἱ
1082 1101 1362 1172 μάρτυρες
1406 1101 1512 1155 τῶν
1555 1084 1875 1171 ἐργαλείων,

301 1187 472 1256 φῆσον
493 1189 541 1240 εξ
565 1187 742 1258 ἔχεις’
775 1189 914 1260 τάχα
936 1188 1029 1244 οῦν
1062 1191 1156 1244 καὶ
1187 1193 1263 1256 είς
1293 1192 1550 1262 ἐργαλεῖα
1581 1193 1878 1258 πιστεύσας

302 1277 658 1350 ὲϐαπτίσθης,
722 1281 903 1352 εἴπερ,
952 1283 1024 1346 ὡς
1073 1283 1196 1354 φὴς,
1253 1284 1440 1347 πιστὸς
1491 1285 1752 1356 ὑπάρχεις
1803 1284 1878 1355 τῷ

299 1369 441 1439 Θεῷ.

900 1487 1151 1552 ΚΕΦΑᾼ.
1207 1487 1314 1540 III'.

315 1593 682 1684 Ἀξτίρῤησις
725 1602 1206 1684 τοῡριᾼοςγόςροιυ
1251 1606 1383 1684 περ]
1424 1607 1549 1684 ζοῢ·
1597 1626 1616 1658 ι
1667 1609 1880 1684 Κύριος

1975 475 2059 517 σει
2105 465 2250 519 enim
2297 465 2440 520 Patri
2507 479 2831 535 coaeternus,
2879 480 2934 526 et
2973 472 3140 539 ﬁgura
3201 475 3549 533 immutabilis

1979 553 2144 608 totius
2199 557 2514 612 substantiae
2551 559 2666 628 ejus
2686 560 2752 625 ⁸³,
2789 570 2846 614 ut
2877 563 2950 616 ait
2999 563 3199 623 Paulus
3250 567 3546 636 apostolus,

1977 657 2072 697 vas
2119 643 2422 701 electionis.
2461 644 2539 700 Eu
2581 647 2915 718 phil050phe,
2980 660 3112 712 ιιιιιι,
3145 653 3297 710 multi
3350 653 3548 711 Filium

1978 733 2074 796 Dei
2105 735 2220 790 sine
2240 736 2418 803 initio,
2449 753 2641 806 nempe
2683 741 2980 798 increatum
3017 757 3076 800 ut
3104 742 3344 809 Patrem,
3381 745 3552 801 facto.-

1979 839 2092 882 rem
2121 833 2301 882 autem
2339 829 2582 882 omnium
2619 840 2926 886 creatarum
2959 844 3298 902 naturarum,
3329 845 3386 890 ut
3407 851 3553 906 stripe

1979 916 2237 982 diximus,
2267 933 2455 974 earum
2486 935 2605 988 qua:
2641 921 2912 989 videntur,
2943 934 2996 980 et
3028 940 3147 994 quin
3195 927 3552 996 intelligentia

1979 1008 2374 1077 percipiuntur,
2425 1011 2885 1070 demonstrarunt.
2937 1015 3042 1070 Ubi
3097 1025 3276 1070 autem
3325 1019 3436 1072 sint
3470 1018 3555 1072 ina

1980 1107 2408 1152 strumentorum
2446 1107 2630 1164 testes,
2657 1100 2828 1168 dicas,
2857 1101 2902 1156 si
2931 1102 3096 1160 habes
3129 1122 3142 1158 :
3172 1114 3228 1160 et
3253 1107 3359 1161 cito
3393 1107 3557 1176 igitur
3615 1149 3628 1154 ..

1981 1187 2207 1243 credens
2241 1188 2293 1242 in
2349 1188 2711 1247 instrumenta
2763 1193 3076 1264 haptizeris,
3131 1205 3440 1270 postquam,
3499 1204 3557 1251 ut

1981 1281 2084 1348 ais,
2118 1281 2225 1338 Deo
2255 1281 2425 1338 ﬁdelis
2449 1283 2690 1340 exsistis.

2552 1489 2780 1547 CAPUT
2805 1492 2989 1549 XVIII.

1985 1599 2350 1657 Contradictio
2399 1603 2698 1671 philowphi
2723 1605 2787 1660 de
2825 1621 2926 1662 eo:
2964 1624 2982 1658 ι
3019 1604 3274 1662 Dominus
3324 1608 3558 1664 condidit

371 1665 576 1747 ἑξκτιιζέ
598 1687 676 1736 με
705 1665 902 1748 ὰρχὴᾒ
929 1665 1293 1760 όιῖιξινξτιὺζοῦ
1319 1665 1406 1740 εὶς
1433 1675 1576 1744 ἔργα
1611 1665 1822 1741 αὑτοῦ,
1855 1665 1874 1730 ἱ

2055 1689 2135 1726 me
2189 1665 2411 1760 initiari};
2452 1665 2657 1760 piarunt
2721 1691 2940 1730 suarum
2989 1678 3045 1730 in
3081 1693 3237 1746 opera
3277 1693 3411 1744 sua;
3439 1697 3457 1731 ι
3493 1694 3560 1734 ea:

373 1735 440 1788 ἐκ
473 1737 592 1792 τῶν
605 1735 943 1810 παροιμιῶν
979 1742 1385 1810 Σολομῶντος.

381 1849 551 1915 Ἐπεὶ,
575 1852 728 1920 φησὶ,
751 1853 1003 1907 τοσοῦτον
1021 1854 1270 1925 βιάζεσθε
1301 1857 1458 1926 ὑμεῖς
1479 1857 1578 1928 τὴν
1593 1857 1876 1928 ἀλήθειαν,

302 1941 357 1992 τί
404 1941 654 2013 εἴποιμεν
689 1945 819 2014 περὶ
851 1943 1055 2016 ταύτης
1095 1947 1196 2017 τῆς
1234 1951 1469 2018 φανερᾶς
1505 1947 1726 2013 λέξεως,
1758 1951 1877 2022 τῆς·

309 2049 330 2082 ι
372 2031 575 2102 Κύριος
609 2033 790 2089 ἔκτισέ
828 2053 896 2107 με
942 2037 1115 2110 ἀρχὴν
1149 2038 1283 2092 ὁδῶν
1314 2041 1477 2094 αὑτοῦ
1507 2044 1586 2106 είς
1621 2042 1756 2112 ἔργα
1785 2045 1880 2098 αὐ-

301 2141 416 2179 του.
458 2149 476 2178 r

317 2235 648 2310 Ἀπόκρισις
685 2239 805 2293 τῶν
839 2241 1023 2310 ἁγίων
1064 2241 1338 2310 Πατέρων
1380 2245 1498 2299 τῶν
1536 2245 1883 2301 ἐπισκόπων

375 2305 474 2380 διᾴ
499 2310 796 2363 Εὐσεϐίου
819 2305 925 2364 τοῦ
951 2305 1270 2380 Παμφίλου
1299 2315 1633 2370 ἐπισκόπου
1660 2319 1880 2372 Καισα-

368 2377 540 2445 ρείας
578 2381 968 2448 Halanis-“nc.

379 2491 444 2543 Τί
471 2490 714 2556 πιθανῶς
745 2493 839 2546 καὶ
875 2493 1072 2565 ῥᾳδίως
1097 2535 1110 2559 ,
1139 2495 1216 2557 ὡς
1245 2496 1364 2562 οἴει,
1392 2495 1518 2559 τοὺς
1545 2495 1738 2566 βυθοὺς
1769 2497 1884 2551 δια-

305 2583 670 2652 τιτρώσκει;;
704 2585 779 2656 μὴ
814 2585 1014 2656 σαυτῷ,
1051 2581 1096 2639 ὦ
1124 2587 1403 2657 φιλόσοφε,
1435 2589 1688 2660 ἀφορμὰς
1718 2590 1884 2644 ἀνάν-

303 2674 465 2742 δρους
487 2675 812 2745 ἐπισώρευε·
841 2679 942 2748 ὅρα
976 2679 1049 2748 μή
1079 2697 1194 2740 πως
1215 2679 1594 2744 δυσεπιϐάτοις
1619 2685 1885 2752 κρημνοῖς

304 2753 790 2836 ἁπαροιφυλάκτως
841 2769 1038 2832 ἐπιϐὰς
1081 2771 1450 2843 κρημνισθῇς.
1503 2771 1642 2826 Ἀλλ’
1685 2775 1767 2837 είς
1801 2774 1882 2839 τὸ,

316 2875 331 2904 ι
383 2857 583 2926 Κύριος
614 2857 794 2912 ἕκτισέ
837 2879 902 2929 με
931 2902 943 2922 ,
990 2881 1008 2912 ι
1051 2861 1146 2915 νῦν
1177 2863 1418 2932 φήσομεν
1450 2863 1478 2915 ὃ
1511 2863 1560 2916 οἱ
1592 2863 1702 2934 πρὸ
1729 2863 1887 2935 ἡμῶν

305 2947 579 3012 ἐξέδωκαν
611 2951 736 3020 περὶ
764 2951 862 3020 τῆς
889 2951 1089 3016 λέξεως
1117 2951 1342 3022 ταύτης,
1371 2957 1488 3024 τῆς,
1515 2955 1597 3009 ὅτι
1629 2973 1648 3007 t
1682 2954 1886 3027 Κύριος

2056 1742 2344 1812 proverbiis
2373 1741 2696 1798 Salomonis.

2055 1859 2371 1928 Postquam,
2401 1857 2594 1928 inquit,
2636 1867 2918 1927 tantopere
2949 1861 3056 1915 vim
3093 1861 3276 1916 facitis
3321 1861 3557 1928 veritati,

1987 1949 2114 2020 quid
2132 1951 2370 2005 dicemus
2404 1951 2471 2006 de
2501 1951 2602 2005 hac
2635 1951 2920 2010 manifesta
2950 1953 3218 2008 sententia
3256 1971 3272 2010 :
3314 1972 3334 2006 ι
3379 1953 3573 2009 Domi-

1987 2057 2088 2096 nus
2121 2043 2362 2097 condidit
2411 2057 2496 2099 me
2552 2043 2766 2097 initium
2797 2042 3010 2098 viarum
3055 2059 3274 2101 suarum
3313 2045 3367 2100 in
3395 2059 3567 2115 opera-

1987 2133 2161 2190 sua".
2195 2152 2214 2186 ι

1988 2245 2274 2312 Responsio
2334 2255 2636 2299 sanctorum
2697 2247 3059 2315 epistmporum
3131 2264 3224 2315 per
3279 2247 3562 2302 Eusebium

2153 2315 2424 2385 Pamphili
2455 2317 2755 2384 episcopum
2788 2313 3044 2370 Castorea:
3067 2313 3410 2371 Potentiam.“

2063 2499 2200 2564 Quid
2229 2499 2496 2568 prol'unda
2529 2507 2783 2569 penetras
2822 2499 3172 2568 probabiliter
3198 2515 3264 2552 ac
3302 2499 3480 2562 facile,
3507 2506 3565 2551 ut

1993 2591 2308 2646 existimas?
2330 2606 2395 2645 ne
2429 2590 2520 2645 tibi
2552 2591 2676 2660 ipsi,
2702 2607 2738 2645 ο
2765 2591 3104 2659 philosophe,
3157 2588 3336 2644 mollia
3372 2604 3563 2643 cornu-

1991 2681 2072 2736 les
2109 2687 2426 2749 argumenta
2469 2699 2482 2734 :
2526 2681 2650 2734 vide
2689 2695 2758 2734 ne
2811 2679 3062 2749 scopulos
3109 2679 3256 2734 aditu
3319 2678 3568 2734 ditliciles

1995 2773 2210 2830 incaute
2241 2771 2628 2834 conscendens,
2667 2785 2907 2840 praeceps
2945 2783 3090 2822 ruas.
3130 2767 3320 2823 Verum
3351 2768 3417 2823 de
3454 2768 3568 2830 illo,

2000 2883 2020 2916 ι
2063 2863 2320 2918 Dominus
2348 2861 2588 2918 condidit
2618 2875 2724 2924 me,
2761 2879 2782 2911 ι
2823 2875 2967 2913 nunc
2989 2859 3255 2922 dicemus,
3281 2859 3422 2926 quod
3453 2873 3568 2912 ma-

1993 2954 2144 3025 jores
2173 2953 2344 3008 nostri
2392 2951 2460 3005 de
2509 2951 2595 3005 illa
2646 2950 2938 3014 sententia,
2971 2966 2989 3000 ι
3022 2947 3284 3002 Dominus
3330 2948 3570 3004 condidit

308 3041 490 3091 ἔκτισε
535 3059 622 3109 με,
669 3060 686 3092 ι
729 3043 896 3097 πολλὰ
931 3044 1032 3114 μὲν
1063 3043 1161 3097 καὶ
1188 3043 1341 3110 ἄλλα,
1374 3047 1468 3099 καὶ
1500 3047 1580 3111 είς
1618 3047 1718 3118 τὴν
1747 3048 1887 3104 κατὰ

1999 3059 2106 3109 me,
2137 3061 2156 3094 ι
2194 3041 2358 3096 multa
2397 3041 2615 3111 quidem
2646 3039 2750 3094 alia
2778 3037 3142 3102 tradiderunt,
3174 3045 3230 3090 et
3250 3035 3318 3090 de
3349 3037 3571 3104 dispen-

310 3131 492 3200 σάρκα
541 3132 598 3184 δὲ
645 3135 956 3203 οἰκονομίαν
1012 3139 1110 3206 τῆς
1167 3136 1490 3204 ἐπιφανείας
1541 3137 1632 3192 τοῦ
1677 3139 1886 3210 Κυρίου

308 3221 470 3290 ἡμῶν
513 3223 686 3292 Ἰησοῦ
719 3225 982 3295 Χριστοῦ,
1016 3228 1110 3282 καὶ
1139 3229 1287 3292 ὅπως
1315 3227 1598 3298 διείληφαν
1618 3271 1632 3293 ,
1672 3230 1889 3294 πάντως

313 3312 428 3364 ἴστε
455 3313 552 3376 τὰς
581 3315 840 3379 ἐκδόσεις.
877 3315 1067 3387 Ἡμεῖς
1091 3319 1148 3370 δὲ
1179 3318 1274 3370 καὶ
1294 3316 1381 3370 ἐπ’
1403 3317 1593 3380 ἄλλαις
1623 3317 1888 3388 ἱστορίαις

307 3400 411 3472 τὴν
433 3401 642 3454 ἔκδοσιν
672 3403 766 3456 νῦν
793 3405 1156 3476 ποιησόμεθα,
1185 3407 1280 3458 τοῦ
1318 3406 1519 3478 Κυρίου
1556 3405 1732 3475 Ἰησοῦ
1757 3408 1889 3475 Χρι-

312 3488 442 3543 στοῦ
476 3492 882 3560 συνεργοῦντος.
920 3494 1030 3548 Καὶ
1061 3497 1106 3546 εἰ
1139 3494 1308 3558 θέλεις
1331 3534 1346 3559 ,
1388 3494 1644 3564 φιλόσοφε
1671 3532 1686 3558 ,
1720 3493 1888 3566 αὐτὴν

308 3581 442 3650 ὅλην
468 3581 566 3652 τὴν
596 3581 739 3648 λέξιν
770 3584 1124 3654 προτείνομεν
1159 3583 1298 3654 μετὰ
1335 3583 1428 3636 καὶ
1459 3582 1556 3652 τῆς
1585 3583 1760 3653 ἀρχῆς
1797 3582 1892 3636 αὐ-

309 3671 432 3740 τῆς.
479 3673 642 3740 Λέγει
677 3672 786 3742 γὰρ
830 3675 1034 3744 ἡάρχὴ
1081 3673 1252 3742 αὐτῆς
1280 3689 1294 3704 ·
1327 3690 1346 3723 ι
1414 3673 1538 3724 Ἐὰν
1586 3672 1892 3740 ἀναγγείλω

306 3761 444 3817 ὑμῖν
477 3760 542 3812 τὰ
591 3761 713 3814 καθ’
745 3762 956 3832 ἡμέραν
993 3761 1283 3832 γινόμενα,
1325 3757 1681 3832 μνημονεύσω
1725 3761 1794 3813 τὰ
1835 3761 1893 3826 ἐξ

311 3851 509 3914 αἰῶνος
539 3853 864 3924 ἀριθμῆσαι.
917 3873 934 3905 ι
983 3850 1115 3906 Εἶτα
1159 3854 1354 3921 ἐπάγει
1387 3851 1583 3920 λέγων·
1623 3869 1641 3902 ι
1691 3851 1893 3922 Κύριος

311 3942 497 3994 ἔκτισὲ
531 3960 598 4012 με
633 3945 808 4016 ἀρχὴν
855 3945 990 3997 ὁδῶν
1043 3943 1207 3996 αὐτοῦ
1247 3945 1324 4006 είς
1371 3942 1505 4012 ἔργα
1551 3941 1748 4008 αὐτοῦ,
1787 3942 1896 4010 πρὸ

311 4033 409 4086 τοῦ
439 4035 630 4098 αἰῶνος
660 4034 988 4105 ἐθεμελίωσέ
1021 4051 1109 4110 με,
1143 4035 1200 4086 ὲν
1230 4035 1373 4105 ἀρχῇ
1407 4033 1510 4102 προ
1533 4032 1626 4086 τοῦ
1659 4033 1758 4104 τὴν
1791 4033 1894 4102 γῆν

313 4129 572 4196 ποιῆσαι,
617 4127 722 4198 πρὸ
753 4127 848 4182 τοῦ
886 4127 984 4191 τὰς
1023 4125 1294 4188 ἀϐύσσους
1339 4126 1598 4196 ποιῆσαι,
1647 4125 1752 4198 πρὸ
1799 4125 1894 4180 τοῦ

313 4217 602 4288 προελθεῖν
629 4220 726 4284 τὰς
760 4221 941 4291 πηγὰς
969 4218 1078 4273 τῶν
1105 4219 1332 4286 ὑδάτων,
1357 4219 1463 4290 πρὸ
1487 4217 1582 4272 τοῦ
1609 4218 1708 4290 ὅρη
1735 4218 1894 4288 ἐδρα-

315 4309 514 4377 σθῆναι
537 4325 552 4338 ⁸
589 4309 695 4378 πρὸ
727 4309 782 4361 δὲ
813 4309 1031 4364 πάντων
1073 4307 1276 4379 βοῦνων
1314 4310 1475 4380 γεννᾷ
1527 4325 1615 4379 με.
1661 4327 1676 4358 ι
1733 4307 1895 4360 Ὅθεν

1995 3135 2208 3191 satione
2237 3131 2590 3202 apparitionis
2620 3129 2833 3184 Domini
2863 3129 3034 3182 nostri
3075 3125 3200 3182 Jesu
3233 3125 3434 3182 Christi
3479 3142 3568 3182 se-

1997 3227 2228 3282 cundum
2255 3238 2495 3288 carnem,
2516 3221 2787 3290 quomodo
2810 3219 3220 3289 explicaret-int,
3255 3218 3428 3272 nostis
3461 3234 3572 3273 om-

1999 3317 2126 3373 nino
2151 3315 2489 3370 traditiones.
2540 3309 2648 3364 Nos
2688 3319 2864 3364 autem
2912 3315 3426 3376 nunc,c00perante
3469 3307 3571 3360 Do-

1999 3408 2146 3463 mino
2173 3415 2361 3462 nostro
2400 3403 2527 3460 Jesu
2569 3401 2809 3466 Christo,
2845 3416 2910 3456 ex
2941 3400 3066 3456 aliis
3125 3399 3286 3454 etiam
3331 3399 3574 3453 historiis

1999 3500 2416 3570 descriptionem
2468 3497 2724 3553 iaciemus
2755 3512 2768 3551 :
2799 3503 2854 3550 et
2898 3494 2942 3548 si
2979 3492 3134 3557 velis,
3163 3507 3197 3545 ο
3232 3489 3572 3560 philosophe,

2001 3590 2172 3658 ipsam
2205 3597 2374 3642 totam
2420 3585 2742 3642 sententiam
2779 3583 2848 3638 ab
2879 3580 2998 3650 ejus
3042 3581 3202 3636 initio
3235 3579 3574 3649 proferemus

2002 3680 2054 3733 in
2088 3679 2344 3733 medium.
2365 3677 2455 3730 Ait
2482 3676 2622 3730 cnim
2652 3673 2976 3743 principium
3025 3671 3141 3740 ejus
3175 3688 3189 3724 :
3221 3688 3241 3722 ι
3276 3670 3330 3722 Si
3369 3684 3574 3724 annun-

2003 3768 2210 3821 tiavero
2241 3765 2393 3819 vobis
2424 3779 2542 3832 qtue
2567 3761 2808 3832 quotidie
2833 3758 2988 3820 ﬁunt,
3017 3771 3226 3812 memor
3263 3769 3357 3808 ero
3387 3769 3506 3823 qua:
3543 3770 3574 3806 a

2003 3857 2199 3912 szeculo
2227 3868 2534 3910 munerare.
2570 3871 2588 3906 ι
2625 3851 2826 3906 Deinde
2851 3835 3111 3914 adiungit,
3143 3845 3330 3899 dicens
3367 3861 3380 3898 :
3409 3861 3428 3892 ι
3467 3843 3571 3896 Do-

2005 3948 2182 4002 minus
2203 3943 2446 3999 condidit
2479 3955 2563 3995 me
2599 3940 2811 4000 initium
2837 3940 3046 3990 viarum
3074 3947 3294 3990 suarum
3331 3931 3384 3985 in
3411 3945 3572 3998 opera

2003 4053 2122 4099 sua,
2155 4044 2282 4089 ante
2311 4032 2561 4088 smculum
2597 4028 2840 4084 fundavit
2880 4041 2985 4094 nte,
3014 4027 3068 4081 in
3103 4023 3258 4079 initio
3284 4033 3574 4092 antequam

2007 4138 2202 4182 terram
2233 4124 2450 4188 faceret,
2483 4130 2536 4176 et
2560 4129 2850 4188 antequam
2905 4117 3128 4186 abyssos
3169 4114 3388 4175 faceret,
3419 4119 3574 4164 ante-

2002 4235 2164 4292 quam
2198 4215 2547 4288 procedereul
2574 4211 2748 4267 fontes
2783 4223 3070 4279 aquarum,
3094 4215 3382 4274 antequam
3417 4217 3571 4256 nion-

2007 4329 2085 4370 tcs
2135 4311 2261 4367 facti
2295 4317 2475 4364 essent
2512 4325 2524 4360 :
2563 4315 2686 4358 ante
2718 4311 2896 4356 autem
2951 4315 3140 4354 omnes
3176 4297 3340 4352 colles
3390 4295 3578 4365 genuit

315 4401 748 4465 κατασκευάζων
781 4401 870 4466 τὸ,
919 4401 1001 4454 ὅτι
1058 4419 1076 4452 ι
1118 4399 1322 4470 Κύριος
1352 4398 1534 4452 ἕκτισέ
1585 4416 1683 4468 με,
1724 4417 1741 4450 ι
1777 4399 1868 4451 ἐπι

2003 4407 2212 4462 ηιοπ.»
2263 4402 2420 4458 Unde
2459 4397 2706 4452 muniens
2770 4395 2922 4459 illud,
2963 4412 2979 4444 ι
3025 4391 3281 4446 Dominus
3334 4387 3576 4443 condidit

315 4491 564 4560 συνάψας
591 4487 735 4544 εἷπε·
787 4511 805 4544 ι
851 4491 1057 4562 Κύριος
1087 4491 1308 4561 ἐποίησε
1342 4490 1523 4562 χώρας
1571 4491 1664 4543 καὶ
1705 4491 1896 4560 ἀοική-

312 4599 465 4646 τους.
505 4605 522 4636 ι
553 4583 813 4655 Ζητῶμεν
847 4583 1032 4637 λοιπὸν
1067 4583 1270 4654 Κύριον
1303 4583 1390 4634 τὸν
1422 4582 1686 4635 κτίσαντα
1711 4581 1894 4650 αὐτὸν,

310 4677 408 4728 τον
456 4674 551 4728 καὶ
590 4679 890 4746 ποιήσαντα
929 4674 1112 4744 χώρας
1151 4676 1240 4728 καί
1277 4676 1602 4744 ἀοικήτους·
1632 4689 1898 4746 νυγματι-

317 4765 472 4828 σθεὶς
501 4765 609 4836 γὰρ
634 4765 662 4818 ὁ
683 4765 936 4834 Σολομῶν
966 4767 1030 4816 ἐκ
1057 4765 1162 4816 τῶν
1199 4763 1290 4816 τοῦ
1323 4765 1527 4834 πατρὸς
1561 4763 1745 4837 [πρὸς]
1779 4763 1898 4818 Ἰὼϐ

315 4855 567 4919 είπόντος
592 4871 606 4885 °
633 4875 651 4908 ι
682 4853 794 4908 Ποῦ
815 4851 960 4926 ἦσθα
989 4857 1044 4906 ὲν
1071 4853 1148 4924 τῷ
1171 4853 1454 4924 θεμελιοῦν
1481 4872 1546 4924 με
1576 4853 1674 4924 τὴν
1705 4857 1840 4926 ﬂe;
1872 4874 1889 4906 ι

315 4947 472 5006 εἶπε·
515 4972 532 5002 ι
579 4949 1019 5022 Κύριοςὲποίησε
1067 4947 1250 5018 χώρας
1284 4949 1378 5001 καὶ
1411 4949 1722 5020 ἀοικήτους.
1751 4969 1770 5002 ι
1809 4949 1896 5002 Ἐν

315 5045 380 5098 δὲ
413 5043 577 5114 βίϐλῳ
627 5043 845 5112 Βαρουχ
888 5041 950 5094 ὲκ
996 5041 1261 5110 στόματος
1305 5039 1569 5110 Ἱερεμίου
1619 5040 1711 5092 τοῦ
1763 5057 1898 5110 προ-

320 5138 524 5207 φήτου,
552 5136 732 5200 καθὼς
768 5133 1254 5207 προαπεδείξαμεν,
1291 5131 1419 5202 περὶ
1447 5130 1538 5184 τοῦ
1572 5133 1898 5202 ποιήσαντος

317 5229 510 5300 χώρας
559 5228 652 5280 καὶ
682 5227 968 5295 ἀοικήτους
1001 5223 1184 5290 λέγει*
1221 5241 1236 5272 ι
1283 5223 1402 5274 Υἱοὶ
1441 5223 1612 5293 Ἀγὰρ
1653 5225 1700 5276 οἱ
1731 5223 1898 5294 ἐκζη-

316 5321 544 5381 τοῦντες
581 5319 678 5386 τὴν
715 5317 928 5370 σύνεσιν
971 5315 1064 5368 ἐπὶ
1097 5313 1198 5382 τῆς
1235 5313 1372 5383 γῆς,
1423 5314 1472 5366 οἱ
1523 5313 1754 5383 ἔμποροι
1802 5314 1898 5384 τῆς

319 5411 515 5483 Magio)
545 5412 637 5464 καὶ
667 5409 882 5482 Θαιμὰν
902 5450 916 5476 ,
951 5408 1042 5462 καὶ
1073 5406 1121 5458 oi
1175 5402 1492 5473 μυθολόγοι,
1537 5408 1629 5459 καὶ
1659 5408 1707 5460 οἱ
1738 5405 1899 5475 ἐκζη-

1517 5579 1560 5607 ¹’⁵
1593 5579 1719 5628 iltid.
1752 5577 1804 5628 (ἲ.

403 5587 448 5618 ⁵³
484 5585 646 5640 IIebr.
675 5602 712 5648 ι,
745 5585 798 5638 ξ)...
913 5583 954 5614 ⁸⁸⁸
990 5583 1146 5636 Prov.
1179 5597 1290 5634 \lll.
1317 5581 1403 5630 ‘22).

327 5671 562 5718 xxxvm,
591 5657 642 5712 4.

1902 5575 1946 5606 δε
1976 5575 2102 5629 ibid.
2136 5572 2205 5625 ιὶὲ
2229 5587 2376 5639 seqq.

1995 4515 2101 4566 me,
2137 4517 2154 4551 ι
2209 4493 2464 4550 continuo
2517 4489 2738 4558 inquit:
2785 4485 3088 4540 (Dominus
3146 4482 3272 4538 fecit
3329 4481 3576 4550 regiones

1994 4601 2048 4646 et
2102 4581 2468 4644 iuhabitabilia
2505 4581 2580 4634 ⁵⁷.
2631 4597 2650 4629 )
2705 4577 3018 4642 Quaeramus
3083 4573 3334 4640 deinceps
3398 4569 3575 4624 Domi:

1996 4697 2120 4737 ιιιιιιι
2167 4679 2254 4748 qui
2305 4672 2507 4730 creavit
2560 4670 2746 4733 illum,
2793 4676 2848 4722 et
2887 4666 2976 4736 qui
3040 4665 3166 4720 fecit
3231 4662 3477 4733 regiones
3523 4669 3576 4713 et

1997 4765 2396 4825 inhabitabilis.
2426 4759 2748 4817 Stimulatus
2779 4759 2921 4812 enim
2947 4755 3198 4810 Salomon
3231 4753 3298 4808 ab
3329 4751 3416 4805 his
3456 4765 3576 4820 quae

2005 4861 2104 4918 Joh
2129 4860 2338 4914 dixerat
2372 4871 2385 4908 :
2421 4873 2440 4906 ι
2472 4850 2574 4906 Ubi
2613 4858 2728 4906 erat
2781 4864 2901 4902 cum
2937 4862 3189 4918 ponerem
3223 4845 3572 4899 fundamenta

2007 4949 2262 5007 terrai”?
2299 4967 2316 4999 ι
2369 4947 2593 5015 inquit:
2647 4961 2666 4993 ι
2713 4940 2972 4998 Dominus
3043 4939 3166 4992 fecit
3225 4939 3470 5004 regiones
3523 4944 3580 5014 et

2005 5040 2399 5099 inhabitabilia.
2421 5057 2440 5091 ι
2484 5037 2542 5091 In
2589 5035 2724 5090 libro
2755 5042 2938 5094 autem
2969 5031 3178 5086 Barnch
3213 5043 3278 5083 ex
3303 5041 3395 5080 ore
3419 5023 3593 5080 Jere-.

2008 5134 2126 5188 mi:c
2161 5131 2458 5202 prophetae,
2491 5135 2550 5181 ut
2571 5125 2722 5197 prius
2753 5123 3109 5186 ostendimus,
3136 5120 3200 5174 de
3233 5133 3296 5171 eo
3324 5117 3410 5186 qui
3450 5116 3579 5176 fecit

2007 5224 2252 5290 regiones"
2283 5229 2336 5274 ct
2371 5215 2764 5281 inhabitabilis,
2800 5214 2996 5268 dicitur
3035 5229 3049 5266 ι
3089 5230 3106 5261 ‹
3155 5208 3276 5262 Filii
3313 5213 3574 5278 Agat-ex-

2009 5315 2286 5384 qtlit'ettitts
2317 5309 2656 5380 prudentiam
2779 5317 2952 5372 super
3053 5312 3272 5364 terram,
3313 5311 3577 5352 mercato-

2013 5422 2096 5459 res
2122 5405 2302 5458 Meron
2336 5409 2388 5456 et
2425 5402 2702 5466 'I‘hmman,
2732 5409 2784 5454 et
2829 5397 3176 5459 fabulatores,
3209 5405 3260 5447 et
3297 5393 3578 5466 canusina-

2475 5569 2518 5602 ⁸⁷
2551 5569 2704 5623 Prov.
2754 5581 2870 5630 vui,
2899 5565 2967 5619 26
3001 5580 3107 5620 sec.
3141 5561 3299 5618 LXX.
3409 5561 3454 5592 ⁸⁸
3477 5562 3577 5620 Job
