4042 6142
307 251 446 316 1269

1192 255 1559 316 HISTORIA
1597 259 1930 320 CONCILII
1967 262 2270 325 NICENI.
2310 289 2380 300 --
2413 264 2562 324 LlB‘.
2604 265 2687 324 II.

3430 251 3577 317 1270A

302 367 576 454 ἀπόδειξιν
610 371 1092 442 παραστήσωμεν,
1138 364 1238 423 καὶ
1283 371 1471 442 τάχιον
1516 371 1758 443 ἔλθωμεν
1798 374 1891 428 ἐπὶ

2021 378 2528 454 :OItletttplationem,
2575 392 2695 446 qua:
2725 391 2788 432 ex
2854 372 3132 443 Scriptura
3189 369 3558 439 pronuntiabi-

304 462 394 514 τὸν
429 460 555 514 νοῦν
591 462 686 515 τοῦ
716 465 1066 534 πράγματος.
1106 463 1200 516 καὶ
1233 464 1332 533 τῆς
1377 463 1612 535 θεωρίας
1642 464 1755 539 μιν.
1788 466 1887 538 τὴν

304 551 562 625 θεωρίαν]
592 555 776 618 αὐτοῦ,
808 555 875 608 τά
898 556 962 608 ὲκ
990 555 1090 622 τῆς
1119 554 1344 624 Γραφῆς
1365 554 1608 626 λέξωμεν
1631 574 1643 588 ·
1677 557 1887 628 μέλλων

304 646 335 694 6
366 647 654 717 προφήτης
683 646 887 716 Μωσῆς
929 646 1131 713 ἐξιέναι
1166 644 1258 700 τὸν
1290 645 1426 715 βίον,
1459 648 1536 712 ὼς
1576 647 1889 719 γέγραπται

308 733 367 784 ἐν
395 734 563 805 βίϐλῳ
589 736 910 807 ἀναλήψεως
937 736 1201 817 Μωσέως,
1231 737 1747 811 προσκαλεσάμενος
1787 741 1888 809 ’1η-

312 822 439 877 σοῦν
472 825 588 878 υίὺν
616 826 803 894 Ναυῆ,
844 827 939 880 καὶ
964 826 1347 897 διαλεγόμενος
1378 827 1515 899 πρὸς
1551 828 1734 895 αὐτὸν,
1760 827 1885 899 ἔφη·

316 937 334 967 ι
366 917 476 973 Καὶ
492 916 859 987 προεθεάσατό
887 934 953 988 με
979 920 1007 971 ό
1026 918 1158 981 Θεὸς
1183 918 1289 989 πρὸ
1309 917 1616 989 καταϐολῆς
1646 919 1854 989 κόσμου
1872 958 1888 983 ,

311 1004 449 1062 εἷναί
477 1026 545 1079 με
568 1009 668 1078 τῆς
691 1008 955 1081 διαθήκης
984 1009 1148 1063 αὑτοῦ
1175 1009 1422 1082 μεσίτην.
1462 1029 1481 1063 ι
1506 1011 1615 1064 Καὶ
1640 1013 1696 1065 ἐν
1721 1010 1891 1080 βίϐὶῳ

311 1099 489 1167 λόγων
542 1100 818 1170 μυστικῶν
865 1102 1142 1165 Μωσέως,
1192 1101 1357 1164 αὐτὸς
1400 1102 1606 1171 Μωσῆς
1655 1103 1887 1173 προεῖπε

318 1192 445 1261 περὶ
468 1189 565 1245 τοῦ
608 1191 773 1244 Δαυὶδ
799 1192 892 1245 καὶ
926 1190 1289 1262 Σολομῶντος.
1324 1192 1461 1263 Περὶ
1486 1191 1580 1245 τοῦ
1608 1191 1889 1263 Σολομῶν-

318 1299 409 1344 τος
439 1280 581 1336 οῦτω
603 1285 849 1353 προεῖπε·
876 1285 987 1345 καὶ,
1026 1302 1044 1334 ι
1075 1282 1391 1353 Διαδοχεύσε
1449 1282 1561 1356 [τσ.
1586 1281 1886 1357 διαχεύσει]

321 1372 483 1426 αὑτὸν
505 1374 533 1426 6
558 1373 689 1437 Θεὸς
721 1374 908 1442 σοφίαν
937 1376 1030 1428 καὶ
1064 1373 1434 1447 δικαιοσύνην,
1460 1375 1555 1430 καὶ
1580 1376 1890 1447 ἐπιστήμην

321 1465 527 1535 πλήρη.
550 1462 721 1530 Αὐτὸς
752 1465 1097 1537 οἰκοδομήσει
1118 1467 1211 1520 τὸν
1238 1465 1384 1520 οἷκον
1408 1466 1503 1521 τοῦ
1532 1465 1689 1521 Θεοῦ.
1731 1484 1750 1520 t
1784 1469 1893 1521 Καὶ

319 1556 388 1606 τὰ
416 1554 561 1624 ἑξῆς.
596 1556 714 1609 Ἵνα
744 1556 801 1609 δὲ
833 1556 1163 1627 σαφέστερον
1192 1558 1277 1629 είη
1305 1557 1334 1611 ὃ
1361 1574 1503 1628 φημι
1537 1596 1552 1621 ,
1587 1556 1760 1620 οὕτως
1803 1556 1890 1622 ἐξ·

1989 450 2412 525 ιιιυς.Ἐςὶιυι·υε
2446 485 2477 525 e
2513 470 2617 524 vita
2651 467 2860 539 Moyses
2902 464 3182 536 propheta,
3209 471 3264 517 ut
3299 461 3565 528 scriptum

1987 572 2070 619 est
2100 563 2151 617 in
2177 562 2314 618 libro
2344 563 2629 633 Analepsis
2683 560 2908 631 ldoysis,
2963 572 3087 614 cum
3122 562 3369 610 vocasset
3401 553 3467 604 ad
3506 567 3565 605 se

1988 648 2151 705 Josue
2180 650 2345 705 ﬁlium
2385 651 2551 718 Nave,
2588 651 2813 721 loquens
2855 649 2920 703 ad
2963 661 3112 710 eum,
3142 643 3322 698 dixit:
3363 661 3383 694 ι
3422 640 3567 693 Prze~
3674 683 3681 687 .

1988 743 2124 797 vidit
2157 740 2299 798 Deus
2338 752 2463 799 ante
2498 743 2680 797 mundi
2730 738 3174 797 constitutionem
3210 736 3451 790 laturum
3479 747 3566 783 tne

1992 835 2301 888 testamenti
2329 835 2409 890 sui
2445 834 2817 890 mediatorem.
2853 851 2875 884 ι
2912 831 3053 887 Etin
3083 830 3222 884 libro
3252 840 3573 882 sermonum

1992 923 2341 992 mysticorum
2392 922 2612 994 Moysis,
2647 923 2764 991 ipse
2797 920 3010 991 Moyses
3048 918 3115 973 de
3144 917 3346 972 Daside
3380 923 3436 970 et
3468 913 3569 967 Sa-

1988 1009 2201 1067 lomone
2236 1012 2514 1081 pradixit;
2567 1013 2633 1068 de
2687 1010 2979 1065 Salomone
3017 1009 3097 1064 sic
3129 1023 3145 1062 :
3185 1024 3204 1057 ι
3241 1004 3488 1059 lttfttndet
3517 1004 3581 1057 el‘

1992 1098 2131 1163 Deus
2161 1101 2504 1170 sapientiam,
2530 1111 2692 1171 atque
2716 1100 3010 1170 justitiam,
3037 1107 3090 1152 et
3128 1096 3411 1153 scientiam
3443 1094 3563 1165 ple-

1990 1207 2136 1245 nam.
2177 1193 2294 1263 Ipse
2323 1194 2538 1248 dommn
2567 1192 2659 1248 Dei
2692 1191 2982 1249 asdiiicabit
3013 1210 3029 1245 :
3062 1209 3085 1243 ι
3112 1198 3167 1245 et
3197 1203 3317 1258 qum
3333 1202 3572 1256 sequun—

2000 1290 2104 1336 tur.
2132 1279 2199 1338 Ut
2226 1290 2407 1339 antem
2436 1280 2506 1338 sit
2533 1282 2872 1338 manifestius
2923 1283 3066 1352 quod
3113 1280 3257 1343 dico,
3288 1280 3365 1332 ita
3413 1278 3573 1331 intel-

1999 1372 2194 1429 lectum
2240 1386 2664 1447 perscrutemur.
2714 1375 2880 1431 Estne
2937 1374 3098 1430 homo
3149 1382 3364 1441 propter
3412 1384 3574 1425 mun-

2000 1466 2148 1529 dmn,
2175 1480 2241 1520 an
2290 1468 2524 1522 mundus
2556 1476 2777 1538 propter
2806 1466 3127 1524 hominem!
3171 1463 3572 1532 Philosophus:

2000 1555 2234 1612 Omnino
2259 1558 2489 1612 mundus
2519 1568 2737 1628 propter
2767 1559 3064 1616 hominem.

322 1650 604 1720 ετάσωμεν
636 1649 727 1702 τὸν
757 1648 901 1703 νοῦν.
945 1649 1005 1702 ὐ
1032 1650 1317 1720 ἄνθρωπος
1347 1651 1435 1704 διὰ
1467 1650 1557 1704 τὸν
1586 1650 1811 1721 κόσμον,
1857 1649 1892 1719 ἦ
1929 1649 1958 1703 6
2011 1649 2215 1721 κόσμος
2265 1650 2352 1704 διὰ
2378 1649 2483 1706 ’τὸν
2546 1651 2862 1723 ἄνθρωπονς
2916 1652 2975 1705 '0
3006 1650 3311 1720 φιλόσοφος’
3352 1648 3574 1712 Πάντως

321 1744 349 1792 6
379 1743 581 1812 κόσμος
611 1743 700 1797 διὰ
728 1743 819 1795 τὸν
858 1741 1164 1813 ἄνθρωπον.

329 1859 394 1908 01
441 1854 593 1923 ἅγιοι
623 1858 945 1912 ἐπίσκοποι
990 1861 1043 1911 οὶ
1088 1857 1363 1925 ἡμέτεροι
1407 1855 1505 1909 διὰ
1558 1853 1665 1925 τ’οῇ
1715 1852 1903 1908 αὐτοῦ

2021 1850 2195 1907 Sancti
2228 1854 2395 1908 nostri
2416 1855 2644 1925 episcopi
2681 1870 2777 1922 per
2803 1854 3042 1909 canitiem
3082 1859 3377 1924 episcopum
3414 1851 3580 1908 Eusc-

429 1920 767 1981 ἐσὲισκόπου
795 1927 1088 1982 Ελύσεόίου
1111 1920 1218 1979 ξοῦ
1251 1920 1569 1995 Παμφίλου
1599 1920 1795 1979 εἶπαν.

402 2038 510 2090 Καὶ
549 2040 598 2092 εί
640 2041 667 2093 6
713 2039 916 2109 κόσμος
961 2037 1049 2093 διὰ
1094 2037 1188 2091 τὸν
1218 2034 1527 2108 ἄνθρωπον,
1570 2034 1791 2099 πάντως
1829 2034 1905 2097 ὠς

333 2130 764 2202 προγενεστέρου
794 2130 889 2183 τοῦ
925 2129 1213 2202 ἀνθρώπου
1244 2131 1305 2183 ὲν
1344 2132 1410 2200 τῇ
1456 2129 1548 2183 τοῦ
1577 2127 1716 2182 Θεοῦ
1748 2126 1905 2181 ἐνθυ-

333 2220 496 2289 μήσει
524 2219 697 2285 όντος,
718 2221 748 2274 6
776 2221 832 2273 δὲ
871 2220 1072 2290 κόσμος
1101 2221 1559 2290 μεταγενέστερος
1589 2214 1658 2289 ἦν
1687 2218 1782 2272 τοῦ
1811 2218 1907 2271 ἀν-

332 2307 551 2377 θρώπου
586 2311 808 2380 καὶτῆς
848 2310 1166 2381 λογιστικῆς
1208 2310 1400 2379 σοφίας
1443 2311 1501 2361 ὲν
1545 2311 1610 2379 τῇ
1642 2308 1737 2363 τοῦ
1772 2307 1907 2361 Θεοῦ

333 2396 650 2467 ὲνθυμήσει*
682 2398 711 2448 6
746 2397 1032 2469 ἄνθρωπος
1065 2395 1160 2452 οὖν
1190 2397 1620 2470 προγενέστερός
1654 2399 1769 2450 ἔστι
1812 2396 1908 2451 τοῦ

334 2485 563 2556 κόσμου,
604 2490 947 2560 προῦπάρχει
987 2490 1082 2544 καὶ
1114 2488 1223 2543 τῶν
1261 2487 1357 2543 τοῦ
1406 2487 1611 2559 κόσμου
1659 2488 1909 2555 φύσεων,

334 2570 445 2628 οἷον
471 2577 701 2647 ούρανοῦ
732 2580 826 2635 καὶ
853 2579 953 2649 τῆς
991 2581 1094 2649 γῆς
1121 2622 1135 2641 ,
1168 2581 1408 2650 ἡμέρας,
1439 2578 1636 2641 νυκτδς
1656 2618 1671 2642 9
1709 2579 1908 2647 νεφῶν,

335 2667 589 2738 ἀνέμων,
626 2668 901 2729 ἀϐύσσων,
950 2670 1167 2741 πηγῶν,
1206 2669 1399 2739 ὀρέων,
1435 2667 1660 2739 βουνῶν.
1698 2669 1913 2722 Τούτων

337 2759 555 2812 πάντων
592 2761 994 2830 προγενεστέρα
1043 2761 1189 2813 ἐστὶν
1233 2763 1267 2832 ὴ
1303 2761 1484 2829 σοφία,
1522 2762 1617 2813 καὶ
1644 2763 1672 2813 ό
1703 2760 1914 2832 ἄνθρω-

337 2867 438 2910 πος
470 2851 527 2901 ὲν
563 2851 628 2919 τῇ
669 2849 762 2902 τοῦ
805 2849 938 2903 Θεοῦ
972 2850 1272 2921 ὲνθυμήσει
1297 2852 1397 2922 ήδη
1436 2850 1779 2921 προΰπάρχει
1820 2850 1914 2904 τοῦ

337 2941 565 3007 κόσμου.
606 2940 746 2993 Ἀλλ’
773 2934 923 3004 οὗτος
951 2941 1049 3010 μὲν
1073 2937 1166 2995 οὖν
1189 2943 1648 3020 μεταγενέστερος
1677 2940 1917 3004 κτισθεὶς

336 3029 538 3099 ﬁsi/‘01;
564 3030 622 3081 ὲν
651 3033 718 3100 τῇ
748 3033 845 3101 τῆς
874 3030 1104 3094 κτίσεως
1138 3031 1377 3101 παρόδῳ.
1417 3016 1493 3083 ’ϐ’
1519 3030 1575 3083 δὲ
1622 3016 1916 3099 μεταγενέσ-

2426 1924 2571 1978 bium
2605 1922 2871 1993 Pomphilt'
2900 1922 3169 1981 dixerant.

2076 2037 2134 2093 Si
2175 2037 2407 2091 mundus
2449 2046 2534 2091 est
2590 2046 2812 2106 propter
2846 2039 3147 2103 hominem,
3186 2040 3410 2093 omnino
3459 2055 3581 2093 cum

2012 2127 2172 2183 homo
2201 2127 2348 2193 prior
2375 2129 2443 2182 sit
2479 2128 2530 2181 in
2558 2127 2647 2182 Dei
2689 2130 2982 2197 proposito,
3018 2130 3122 2184 erit
3152 2129 3374 2184 homine
3398 2144 3462 2183 ac
3497 2144 3585 2181 ra-

2013 2217 2252 2274 tionabili
2277 2218 2542 2287 sapientia
2572 2221 2878 2288 posterior:
2917 2221 3084 2288 igitur
3132 2222 3293 2275 homo
3317 2221 3466 2291 prior
3500 2229 3586 2275 est

2013 2310 2245 2372 mundo;
2277 2317 2362 2364 est
2395 2309 2555 2364 etiam
2580 2308 2729 2378 prior
2759 2310 2966 2363 naturis
2991 2311 3195 2376 mundi,
3219 2310 3405 2379 quales
3431 2321 3581 2376 sunt,

2010 2399 2231 2462 cmlum,
2267 2411 2431 2463 terra,
2467 2400 2604 2465 dies,
2636 2416 2763 2465 nox,
2796 2403 2986 2462 nuhes,
3021 2403 3190 2465 venti,
3224 2401 3427 2472 abyssi,
3463 2401 3585 2456 l'on-

2015 2500 2116 2557 tes,
2148 2498 2360 2545 montes
2388 2500 2444 2546 et
2467 2490 2653 2546 colles.
2680 2488 2945 2546 Omnibus
2966 2493 3049 2546 his
3078 2493 3225 2560 prior
3250 2501 3333 2547 est
3372 2494 3589 2563 sapien-

2016 2583 2111 2642 tia,
2141 2590 2195 2636 et
2230 2583 2390 2636 homo
2417 2582 2469 2636 in
2501 2582 2595 2637 Dei
2628 2583 2904 2652 proposito
2933 2582 3045 2651 jnttt
3091 2583 3242 2651 prior
3290 2594 3374 2639 est
3430 2598 3590 2638 mun-

2015 2673 2124 2728 do:
2167 2674 2260 2727 sed
2288 2674 2538 2726 eumdem
2593 2674 2791 2728 accidit
2819 2674 3091 2741 posterius
3132 2674 3183 2727 in
3221 2675 3303 2728 via
3356 2676 3590 2729 creatio-

2016 2766 2100 2819 nis
2133 2764 2409 2824 conditum
2462 2763 2629 2819 fuisse
2664 2781 2678 2818 :
2712 2766 2802 2833 qui
2859 2774 3039 2819 autem
3083 2766 3136 2819 in
3190 2765 3369 2820 divina
3411 2768 3589 2823 inten-

2020 2855 2165 2909 tione
2200 2856 2414 2911 hemine
2434 2857 2700 2924 posterior
2722 2865 2860 2920 erat,
2889 2855 2980 2909 illo
3009 2856 3062 2909 in
3107 2856 3246 2911 viam
3301 2859 3593 2913 creationis

2017 2947 2169 3016 prior
2203 2947 2406 3001 incidit.
2451 2945 2557 3001 Sed
2604 2956 2659 3001 et
2688 2945 2960 3016 sapientia
2987 2960 3150 3014 quam
3208 2949 3410 3002 invenit
3462 2965 3591 3018 pru-

2019 3039 2199 3094 dentia
2224 3054 2318 3092 sua
2352 3038 2518 3095 Filius
2544 3037 2663 3103 Dei,
2696 3054 2857 3107 quam
2905 3038 3052 3091 dedit
3105 3036 3309 3090 homini
3362 3040 3429 3090 ad
3462 3039 3597 3091 ima-

340 3137 530 3186 c:s{.o;
553 3121 647 3174 τοῦ
677 3120 963 3195 ἀνθρώπου
988 3122 1045 3174 ὲν
1075 3124 1138 3193 τῇ
1165 3121 1258 3175 τοῦ
1289 3122 1425 3174 Θεοῦ
1451 3122 1745 3192 ὲνθυμήσει
1766 3118 1915 3186 οὗτος

2021 3130 2198 3199 ginem
2221 3145 2392 3188 suam.
2419 3129 2531 3197 ipsa
2561 3130 2724 3184 etiam
2765 3129 2818 3181 in
2849 3128 3032 3182 divina
3064 3128 3364 3183 intentione
3398 3133 3597 3183 mundo

342 3211 795 3281 μεταγενέστερος
824 3212 1139 3283 παρηνέχθη
1176 3213 1235 3264 ὲν
1259 3215 1325 3281 τῇ
1365 3212 1464 3281 τῆς
1516 3213 1745 3275 κτίσεως
1776 3230 1918 3284 παρ-

343 3300 623 3371 όδῳ.“Αλλ’
654 3305 736 3356 ὅτι
767 3304 861 3356 καὶ
894 3305 928 3373 ἡ
959 3305 1143 3373 σοφία,
1184 3304 1249 3374 ἦν
1286 3302 1474 3373 ἐξεῦρε
1518 3303 1731 3357 συνέσει
1755 3303 1920 3358 αύτοῦ

344 3394 375 3442 6
410 3393 531 3456 Υἱὸς
570 3392 664 3446 τοῦ
695 3392 862 3455 Θεοῦ,
905 3397 972 3464 ἢν
1000 3394 1199 3448 δέδωκε
1238 3393 1315 3464 τῷ
1348 3395 1468 3447 κατ’
1499 3393 1687 3447 εἰκόνα
1726 3394 1922 3447 ἑαυτοῦ

347 3485 620 3556 ἀνθρώπῳ
637 3526 651 3549 ,
690 3486 785 3539 καὶ
813 3486 951 3557 αῦτη
985 3486 1306 3557 προῦπῆρξε
1334 3487 1429 3539 τοῦ
1458 3487 1665 3557 κόσμου
1694 3487 1790 3540 καὶ
1816 3486 1924 3541 τῶν

350 3579 566 3646 φύσεων
600 3579 764 3632 αὑτοῦ
804 3581 860 3632 ὲν
889 3582 956 3650 τῇ
987 3578 1084 3632 τοῦ
1116 3578 1253 3632 Θεοῦ
1286 3578 1605 3651 ὲνθυμήσει.
1633 3579 1804 3643 Εἰδὼς
1831 3576 1927 3635 οὖν

350 3673 407 3722 ἐν
444 3669 618 3741 ἑαυτῷ
647 3673 675 3724 6
714 3669 988 3741 Σολομὼν,
1029 3669 1298 3742 διδαχθεὶς
1339 3671 1405 3723 ἐκ
1434 3671 1532 3741 τῆς
1559 3671 1654 3724 τοῦ
1678 3670 1813 3724 Θεοῦ
1842 3671 1928 3724 δο-

348 3765 539 3837 θείσης
578 3765 727 3836 αὐτῷ
774 3766 986 3836 σοφίας,
1033 3767 1115 3819 ὅτι
1160 3768 1188 3819 6
1216 3765 1502 3836 ἄνθρωπος
1547 3766 1643 3820 καὶ
1685 3768 1718 3836 ἡ
1769 3767 1929 3835 σοφία

354 3855 709 3926 τροῦπῆρξαν
739 3855 836 3909 τοῦ
876 3857 1083 3927 κόσμου
1128 3857 1224 3909 καὶ
1253 3856 1362 3909 τῶν
1393 3857 1608 3925 φύσεων
1649 3856 1836 3921 αὐτοῦ,
1870 3857 1929 3909 ὲν

353 3952 416 4015 τῇ
448 3946 537 3999 τοῦ
567 3946 701 4000 Θεοῦ
730 3948 1046 4018 ὲνθυμήσει,
1080 3945 1379 4017 βασανίσας
1417 3947 1477 3999 τὸ
1506 3947 1607 4018 ἥδη
1639 3947 1930 4017 προϋπάρ-

352 4055 464 4108 χων
494 4036 589 4091 τοῦ
619 4037 847 4109 κόσμου,
880 4037 972 4090 καὶ
1015 4038 1072 4091 ὲν
1101 4040 1167 4109 τῇ
1200 4036 1293 4090 τοῦ
1331 4037 1466 4091 Θεοῦ
1497 4037 1793 4108 ὲνθυμήσει
1826 4039 1933 4108 πρὸ

354 4129 660 4200 καταϐολῆς
694 4130 900 4201 κόσμου
919 4169 935 4194 ,
961 4129 989 4182 ὂ
1016 4127 1206 4199 ἐξεῦρε
1236 4132 1302 4200 τῇ
1336 4129 1546 4183 συνέσει
1579 4127 1744 4183 αὑτοῦ
1765 4130 1793 4181 6
1820 4129 1932 4183 Κύ-

359 4240 493 4294 ριος,
516 4222 674 4276 τοῦτο
698 4223 799 4294 ἠδη
824 4221 1037 4276 ἔκτισεν
1066 4224 1094 4276 6
1121 4221 1282 4286 αὐτὸς
1310 4223 1515 4295 Κύριος
1545 4223 1934 4293 μεταγενέστεο

358 4333 453 4385 ρον
485 4315 577 4368 τοῦ
620 4316 828 4387 κόσμου
858 4316 954 4379 καὶ
981 4315 1090 4367 τῶν
1121 4315 1337 4384 φύσεων
1365 4313 1550 4368 αὐτοῦ.
1585 4314 1746 4383 Λέγει
1783 4310 1877 4369 οῦν
1906 4316 1935 4368 ό

356 4407 610 4477 Σολομὼν
645 4407 721 4471 ὡς
762 4409 825 4461 ἐκ
866 4407 1163 4478 προσώπου
1213 4408 1309 4469 τῆς
1342 4407 1400 4459 ὲν
1440 4404 1712 4476 ἀνθρώπῳ
1745 4407 1935 4475 σοφίας

2023 3234 2077 3277 et
2104 3221 2286 3281 mundi
2323 3220 2531 3275 naturis
2573 3219 2719 3289 prior
2749 3219 2870 3272 fuit.
2914 3219 3171 3274 Salomon
3205 3219 3370 3288 igitur
3398 3219 3600 3273 instru-

2023 3323 2144 3367 ctus
2189 3312 2474 3381 sapientia,
2534 3325 2699 3382 quam
2747 3312 2795 3365 ei
2836 3310 2980 3367 Deus
3025 3311 3277 3374 dederat,
3314 3311 3367 3364 in
3422 3312 3600 3381 seipse

2025 3404 2203 3459 sciens
2230 3403 2499 3457 hominem
2537 3415 2702 3471 atque
2725 3402 3047 3472 sapientiam
3086 3410 3215 3456 ante
3248 3401 3507 3456 mundum
3543 3409 3599 3456 et

2029 3496 2213 3552 mundi
2243 3506 2463 3550 naturas
2490 3496 2544 3549 in
2578 3493 2672 3550 Dei
2710 3495 2987 3565 proposito
3016 3495 3313 3561 exstitisse,
3345 3502 3602 3550 accurate

2029 3588 2293 3644 indicavit
2324 3589 2381 3642 in
2413 3587 2591 3641 divina
2636 3585 2939 3643 intentione
2989 3597 3115 3643 ante
3155 3587 3413 3641 mundum
3473 3584 3599 3640 olim

2030 3678 2216 3734 fuisse.
2241 3676 2394 3744 Quod
2422 3679 2711 3733 enimante
2742 3680 2926 3734 mundi
2957 3678 3400 3734 constitutionem
3428 3677 3604 3731 Domi-

2031 3784 2136 3827 nus
2168 3768 2371 3823 invenit
2420 3769 2705 3837 prudentia
2753 3783 2871 3833 sua,
2924 3770 3027 3824 hoc
3053 3770 3269 3824 tandem
3306 3769 3445 3824 idem
3500 3769 3603 3822 Do-

2033 3859 2211 3913 minus
2242 3867 2361 3925 post
2394 3858 2648 3911 mundum
2685 3867 2741 3910 et
2769 3858 2948 3911 mundi
3005 3865 3230 3912 naturas
3259 3859 3485 3913 creavit.
3513 3858 3607 3910 Ait

2034 3962 2164 4017 ergo
2198 3946 2453 4009 Salomon
2477 3948 2631 4016 quasi
2658 3959 2724 3999 ex
2755 3961 2985 4015 persona
3020 3946 3271 4000 humanas
3300 3946 3605 4013 sapientiie,

2034 4053 2153 4107 qum
2188 4038 2240 4091 in
2282 4037 2458 4091 divina
2510 4037 2809 4090 intentione
2860 4043 2987 4089 ante
3051 4037 3308 4090 mundum
3339 4036 3550 4091 exstitit
3589 4054 3602 4087 :

2041 4146 2060 4179 ι
2087 4126 2347 4181 Dominus
2392 4125 2634 4181 condidit
2686 4140 2772 4180 me
2799 4126 3013 4179 initium
3054 4124 3262 4180 viarum
3299 4139 3518 4181 suarum
3555 4126 3606 4178 in

2035 4231 2202 4281 onera
2234 4215 2349 4283 ejus
2368 4214 2455 4283 ⁶⁶;
2498 4233 2516 4266 ο
2548 4214 2840 4268 humanam
2896 4214 3219 4284 sapientiam
3268 4229 3334 4270 ac
3370 4215 3627 4270 rationa-.
3712 4260 3715 4261 ν

2038 4309 2141 4364 lem
2184 4309 2385 4364 homini
2434 4308 2500 4361 ad
2547 4308 2833 4378 imaginem
2870 4307 2961 4362 Dei
3029 4306 3173 4362 facto
3222 4318 3610 4377 pmparatam,

2040 4406 2152 4458 hate
2179 4401 2621 4470 pronuntiantem
2665 4401 2891 4455 induxit.
2944 4399 3055 4456 Hoc
3084 4402 3246 4470 igitur
3276 4411 3413 4465 erat,
3458 4420 3475 4452 ι
3507 4400 3631 4455 00-.

355 4499 457 4566 τῆς
495 4500 923 4570 προῦπαρξάσης
952 4497 1045 4551 τοῦ
1093 4498 1301 4568 κόσμου
1353 4498 1410 4550 ὲν
1440 4500 1504 4567 τῇ
1545 4497 1639 4549 τοῦ
1673 4497 1808 4551 Θεοῦ
1849 4500 1915 4551 ἐν·

2045 4495 2223 4550 minus
2251 4493 2512 4549 condidit.
2544 4512 2563 4546 ι
2594 4491 2670 4546 De
2700 4491 2795 4546 illo
2827 4492 2999 4558 enim,
3051 4492 3142 4563 qui
3192 4494 3244 4546 in
3301 4491 3484 4546 divina
3536 4492 3617 4547 in-

360 4589 619 4659 θυμήσειο
661 4609 679 4640 ι
718 4589 920 4657 Κύριος
960 4588 1141 4642 ἔκτισὲ
1173 4606 1237 4658 με
1282 4588 1455 4659 ἀρχὴν
1494 4587 1628 4641 όδὼν
1670 4587 1831 4641 αὐτοῦ
1858 4590 1937 4653 εἰς

359 4680 500 4750 ἔργα
545 4682 731 4749 αὐτοῦ,
792 4701 810 4735 ι
867 4685 934 4753 τῇ
983 4683 1039 4734 ὲν
1083 4681 1162 4751 τῷ
1196 4680 1469 4751 ἀνθρώπῳ
1520 4681 1682 4752 σοφίᾳ
1737 4682 1937 4752 ἀνῆκεν

358 4774 625 4841 ἐκφωνεῖν
665 4776 731 4843 τῇ
780 4774 1086 4843 λογιστικῇ,
1129 4776 1194 4843 τῇ
1251 4771 1671 4844 εὐτρεπισθείσῃ
1714 4773 1791 4845 τῷ
1843 4774 1936 4828 ἀν-

361 4859 569 4929 θρώπῳ
598 4858 774 4914 ταῦτα
798 4902 811 4924 ,
844 4859 920 4931 τῷ
950 4862 1071 4914 κατ’
1113 4862 1296 4915 είκόνα
1329 4861 1422 4913 τοῦ
1453 4861 1588 4915 Θεοῦ
1631 4863 1934 4935 γενομένῳ,

362 4948 442 5001 Τὸ
478 4948 572 5003 οῦν
607 4945 695 5021 ἦν,
728 4969 745 5000 t
778 4951 977 5023 Κύριος
1008 4951 1209 5016 ἔκτισε,
1240 4972 1258 5003 ι
1293 4952 1370 5024 τῷ
1406 4954 1818 5026 προϋπάρξαντι
1848 4957 1944 5010 τοῦ

362 5041 572 5109 κόσμου
619 5043 677 5094 ἐν
715 5044 784 5113 τῇ
814 5043 907 5095 τοῦ
955 5042 1092 5095 Θεοῦ
1144 5043 1465 5115 ὲνθυμήσει,
1521 5045 1716 5099 τοῦτο·
1774 5048 1947 5119 τούτῳ

366 5133 708 5205 προσέρῤιψε
742 5134 873 5204 (15).
908 5135 980 5187 T6
1011 5134 1066 5187 δὲ
1102 5153 1120 5186 ι
1160 5136 1331 5206 Γεννᾷ
1364 5154 1461 5205 με,
1516 5156 1536 5191 ι
1574 5137 1754 5201 συνεὶς
1785 5138 1947 5192 πάλιν

366 5226 450 5286 εἰς
487 5224 585 5287 τὰς
626 5226 767 5295 μετά
794 5224 966 5278 ταῦτα
995 5227 1059 5278 ὲκ
1091 5225 1304 5295 φύσεως
1346 5228 1761 5298 παιδοποιήσεις
1804 5231 1944 5283 ἐκδι-

364 5314 599 5385 δομένου
623 5311 741 5368 εἷπε
772 5316 854 5378 τὸ,
885 5333 902 5367 ι
933 5317 972 5369 Γ
976 5319 1101 5389 εννᾷ
1134 5333 1221 5387 με.
1250 5336 1269 5371 ι
1296 5317 1640 5383 Νόειτοίνυν,
1667 5319 1943 5388 φιλόσοφε,

444 5470 488 5503 ⁸⁸
526 5470 684 5526 Prov.
715 5487 837 5538 νιιι,
867 5472 956 5525 22.

443 5625 560 5692 (15)
596 5626 686 5680 δίο
712 5626 872 5681 etiam
904 5643 1004 5683 ms.
1035 5637 1239 5685 noster.
1265 5628 1439 5685 Hau.

2049 4589 2288 4643 tentione
2318 4595 2442 4641 ante
2472 4586 2729 4640 mundum
2750 4584 2870 4650 fuit,
2899 4585 3002 4640 hoc
3024 4585 3289 4654 exposuit.
3313 4581 3444 4638 illud
3463 4598 3612 4651 vero,

2051 4699 2069 4733 ι
2109 4680 2413 4751 Gignitme,
2453 4696 2473 4730 ι
2512 4691 2696 4732 rursus
2716 4677 2941 4747 loquens
2966 4676 3034 4734 de
3082 4691 3147 4732 eo
3178 4676 3267 4747 qui
3321 4674 3503 4732 editus
3534 4686 3639 4730 est.

2044 4772 2110 4824 ad
2143 4767 2420 4838 sequentis
2471 4775 2694 4822 exortus
2738 4774 3007 4822 terrarum
3084 4766 3408 4833 creationes,
3456 4765 3645 4826 dixit...

2056 4881 2074 4917 ι
2106 4861 2291 4932 Gignit
2342 4874 2448 4916 me.
2476 4877 2495 4910 ο
2530 4857 2769 4929 lntellige
2812 4860 2998 4930 igitur,
3038 4859 3382 4930 philosophe,
3448 4874 3633 4929 usque

2053 4954 2116 5007 {Nl
2157 4949 2572 5022 perfectionem,
2605 4957 2849 5003 naturam
2904 4950 3075 5021 ipsam
3111 4950 3387 5021 antiquam
3420 4949 3618 5004 factam

2046 5061 2188 5110 esse,
2218 5053 2274 5100 et
2304 5051 2634 5099 renovalam.
2660 5040 2796 5097 Illud
2841 5056 3002 5113 ergo;
3046 5060 3063 5095 ι
3099 5041 3355 5097 Dominus
3380 5041 3635 5096 condidit:

2048 5155 2135 5193 me
2162 5136 2375 5192 initium
2418 5136 2624 5190 viarum
2654 5150 2872 5190 suarum
2906 5137 2959 5189 in
2998 5150 3159 5206 opera
3186 5136 3324 5205 ejus,
3371 5152 3391 5186 ›
3427 5132 3494 5187 de
3529 5148 3619 5186 ra-

2049 5230 2196 5284 tione
2223 5244 2285 5284 ac
2308 5227 2575 5298 sapientia
2599 5227 2909 5284 hominibus
2937 5241 3197 5283 concessa
3237 5224 3617 5295 explicandum

2049 5331 2149 5377 est.
2187 5321 2318 5378 Illud
2349 5334 2498 5385 vero,
2522 5337 2542 5372 ι
2568 5320 2749 5391 Gignit
2776 5333 2880 5389 me,
2908 5337 2927 5374 ι
2952 5320 3017 5375 de
3038 5326 3230 5374 natura
3252 5315 3444 5372 eadem
3463 5312 3623 5385 juxta
