4042 6142
496 228 625 300 1271

1726 245 2029 306 GELASII
2096 248 2438 312 CYZlCENI

3613 256 3757 322 1272

496 345 588 402 Dei
605 344 999 417 pncscientiam
1016 362 1080 403 ex
1107 348 1216 405 suis
1258 349 1597 419 imaginibus,
1617 355 1769 421 quasi
1805 365 1919 410 rota
1946 369 2078 423 qua-

2180 358 2278 425 τῆς
2324 359 2495 428 αὐτῆς
2525 357 2742 428 φύσεως
2780 359 3183 430 παλαιουμένης
3216 377 3304 414 και
3347 362 3753 435 ἀνανεουμένης

495 438 620 492 dam
662 438 934 510 implicata
989 441 1039 493 in
1078 455 1232 496 suam
1283 454 1477 497 metam
1511 445 1784 503 redeunte.
1813 447 1881 500 ab
1909 447 2064 502 initio

394 539 402 553 '
496 530 728 595 primum
766 531 932 585 creati
967 532 1197 588 hominis
1233 532 1358 589 iacti
1402 533 1471 589 ad
1518 537 1804 606 imaginem
1849 538 1965 603 Dei,
2017 541 2067 593 in

494 634 604 689 quo
647 619 997 686 rationalem,
1046 631 1283 679 creatam
1333 626 1650 695 sapientiam
1702 631 1959 699 reposuit,
2008 645 2073 683 ac

492 710 846 765 sinceramsui
898 711 1217 768 clmrilatem
1276 715 1552 786 impressit
1607 718 1766 773 Deus.
1809 719 1961 787 Quod
2013 721 2069 775 in

492 800 670 867 seipse
695 814 960 858 renovans
978 801 1226 859 Salvator
1241 806 1633 876 dispensatoris
1659 811 1724 863 ad
1740 810 1951 865 Patrem
1987 813 2035 865 di
2050 843 2070 855 -

492 889 643 944 cebat
662 908 676 946 :
697 890 1021 960 «Quoniam,
1047 895 1241 965 inquit,
1261 908 1385 952 ante
1417 901 1596 954 mundi
1622 903 2068 957 constitutionem

491 981 723 1037 dilexisti
745 998 830 1039 me
843 984 909 1037 °".
930 985 1063 1041 lllud
1081 998 1262 1043 autem
1283 1007 1299 1043 :
1323 1009 1342 1042 «
1367 991 1503 1046 Ante
1518 993 1710 1047 smcula
1736 995 1786 1047 in
1808 994 2071 1061 principio

490 1071 735 1129 fundavit
760 1075 855 1132 'me
876 1076 958 1143 ⁶⁸;
992 1079 1207 1136 widens
1232 1080 1487 1138 Salomon
1509 1086 1650 1155 quod
1675 1086 1871 1140 smcula
1897 1088 1949 1140 in
1972 1086 2073 1139 ltoc

491 1165 693 1221 mundo
713 1180 779 1220 ex
819 1168 924 1224 diei
976 1185 1041 1224 ac
1063 1172 1236 1227 noctis
1282 1174 1508 1228 circuitu
1540 1177 1945 1231 consistentiam
1978 1178 2073 1229 Ita-

496 1255 661 1324 bent;
701 1260 965 1315 exsistere
990 1272 1167 1317 autem
1205 1275 1330 1319 ante
1378 1265 1519 1322 diem
1566 1278 1620 1321 et
1674 1278 1910 1328 noctem,
1952 1284 2072 1324 esse

493 1346 658 1403 etiam
693 1349 960 1406 exsistere
983 1362 1108 1408 ante
1140 1356 1242 1409 hoc
1272 1357 1561 1413 saeculum:
1612 1373 1723 1413 eas-
1758 1359 2071 1414 considera-

496 1438 671 1495 tiones
698 1443 1069 1514 contemplans
1092 1445 1375 1514 Salomon,
1405 1451 1609 1504 homini
1643 1461 1807 1517 atque
1852 1452 2071 1520 sapien-

498 1530 587 1585 tia:
634 1546 875 1603 congrue
911 1540 1361 1595 accommodavit.
1447 1542 1805 1610 Quamobrem
1838 1559 1901 1598 ex
1955 1547 2073 1613 ejus

496 1636 727 1690 persona
783 1626 1136 1693 pronuntians
1159 1630 1235 1683 ait
1283 1648 1297 1685 :
1338 1630 1628 1689 «Dominus
1688 1634 1929 1689 condidit
1988 1650 2071 1688 me

497 1711 709 1767 initium
738 1715 944 1770 viarum
971 1732 1190 1773 suarum
1228 1721 1279 1774 in
1308 1737 1472 1790 opera
1516 1724 1657 1793 ejus,
1690 1734 1814 1779 ante
1851 1724 2068 1791 smcula,
2105 1698 2144 1755 Β

495 1801 550 1853 in
581 1802 846 1874 principio
895 1806 1139 1866 fundavit
1170 1827 1307 1867 me.»
1345 1812 1577 1868 Rursum
1622 1817 1869 1883 cogitans
1898 1818 1949 1870 in
1991 1830 2075 1871 se-

499 1891 750 1963 metipso,
776 1898 926 1966 quod
947 1898 1055 1954 Deo
1092 1900 1252 1970 ltujus
1280 1903 1462 1959 mundi
1498 1913 1716 1959 naturas
1750 1916 1874 1960 ante
1904 1906 2077 1959 humi-

498 1998 619 2039 ncm
645 1983 874 2057 ejusque
902 1990 1222 2058 sapientiam
1269 1992 1469 2048 inesse
1513 1997 1863 2063 perducentc,
1911 2011 2074 2065 opor-

501 2084 638 2131 teret
685 2079 1048 2148 prmsentibus
1099 2082 1230 2152 ipsis
1281 2085 1511 2148 naturis,
1565 2101 1683 2155 qua:
1736 2088 1913 2156 priora
1948 2098 2075 2142 sunt

499 2168 709 2224 adesse.
767 2170 966 2229 Videns
992 2183 1172 2229 autem
1226 2177 1418 2233 ordine
1466 2188 1691 2234 naturas
1726 2181 2074 2249 prodeuntes,

497 2269 552 2312 et
581 2260 724 2327 quod
758 2260 920 2317 homo
954 2264 1179 2334 ejusque
1207 2268 1472 2334 sapientia
1523 2272 1801 2340 proposita
1835 2270 2070 2337 fuerunt,

503 2357 563 2402 ut
594 2349 795 2419 reliqua
825 2367 993 2422 opera
1038 2359 1447 2425 praecederent:
1496 2362 1778 2417 rationalis
1816 2376 1946 2432 ergo
1997 2371 2078 2416 at-

498 2452 604 2509 que
635 2439 928 2508 judicatrix
967 2447 1233 2516 sapientia
1262 2448 1469 2505 homini
1505 2467 1781 2517 concessa,
1816 2463 1870 2507 et
1922 2453 2078 2506 Salo-

503 2531 670 2600 moni,
720 2543 781 2589 ut
842 2551 1068 2604 magnus
1120 2538 1333 2611 Moyses
1368 2543 1465 2607 ait,
1494 2542 1693 2608 infusa,
1747 2544 1983 2613 loquitur
2022 2545 2076 2597 in

501 2624 824 2681 Salomone:
862 2645 881 2678 «
921 2628 1179 2687 Dominus
1207 2634 1449 2689 condidit
1496 2650 1583 2690 me
1622 2636 1834 2690 initiqu
1869 2638 2075 2690 viarum

502 2732 723 2772 suarum
752 2718 805 2773 in
828 2733 990 2790 opera
1018 2722 1171 2793 ejus;
1205 2744 1225 2778 ι
1246 2733 1442 2796 etquae
1467 2737 1791 2798 sequuntur.
1822 2727 1900 2782 Ex
1926 2728 2079 2797 cujus

501 2822 751 2874 persona,
782 2824 900 2879 qua:
919 2827 1040 2868 cum
1065 2815 1284 2871 homine
1317 2818 1467 2888 prior
1498 2820 1855 2884 eratmundo,
1911 2833 2077 2873 enar-

504 2915 629 2954 raus
662 2916 825 2971 opera
861 2902 955 2959 Dei
1019 2915 1243 2964 naturas
1286 2909 1337 2963 in
1396 2911 1652 2964 mundum
1706 2910 2075 2980 producentis,

507 2990 679 3088 inquit
711 2992 824 3061 ipse
863 3011 877 3047 :
919 2996 1210 3054 «Dominus
1258 2999 1391 3054 fecit
1419 3000 1667 3072 regiones
1695 3012 1750 3056 et
1805 3002 2077 3057 inhabita-
2104 3030 2146 3088 α

504 3078 653 3146 bilia,
684 3091 736 3136 et
756 3096 969 3139 summa
996 3102 1116 3155 qua:
1150 3089 1466 3144 habitantur
1493 3093 1612 3160 ejus
1634 3108 1753 3160 quia
1786 3094 1886 3149 sub
1914 3094 2076 3149 casio.

504 3172 731 3237 Quando
760 3173 1105 3243 preparabat
1134 3176 1355 3244 cmlum,
1392 3178 1553 3235 simul
1582 3182 1801 3236 aderam
1847 3182 1969 3252 ipsi,
2027 3192 2081 3237 et

502 3263 719 3326 quando
740 3265 1062 3320 secernebat
1085 3280 1236 3321 suam
1270 3268 1455 3323 sedem
1478 3284 1640 3340 super
1654 3280 1878 3339 ventos;
1911 3287 2081 3342 quau-

504 3354 573 3407 do
610 3353 811 3410 aubera
837 3353 1086 3412 ﬁrmabat
1109 3372 1349 3424 sursum,
1379 3368 1433 3413 et
1457 3359 1691 3417 librabat
1720 3362 1897 3419 fontes
1920 3378 2084 3434 aqua-

507 3461 624 3499 rum
678 3465 691 3501 :
729 3448 945 3517 quando
972 3449 1347 3506 circumdabat
1396 3454 1532 3507 mari
1567 3453 1858 3509 terminum
1898 3469 2077 3522 suum,

503 3539 754 3607 ctlegcm
785 3540 1024 3608 ponebat
1045 3545 1204 3611 aquis
1249 3558 1319 3599 ne
1367 3546 1664 3601 transirent
1727 3546 1861 3602 ﬁnes
1913 3561 2077 3602 suos:

503 3628 719 3693 quando
748 3630 1084 3699 appendehat
1111 3632 1454 3690 fundamenta
1482 3645 1659 3699 terrae,
1687 3653 1810 3691 cum
1837 3652 1902 3693 eo
1930 3654 2078 3692 eram

505 3728 701 3774 cuncta
718 3734 1070 3790 componens,
1095 3724 1181 3779 cui
1210 3724 1663 3795 adgaudebat“.s
1696 3726 1821 3782 llzec
1847 3742 1914 3783 ex
1956 3744 2078 3797 per-

504 3824 639 3863 sona
667 3809 974 3879 sapientius.
1022 3811 1153 3879 Quae
1193 3813 1336 3870 haud
1376 3815 1537 3871 dubie
1569 3818 1879 3884 ostendunt,
1933 3818 2076 3888 quod

507 3904 557 3952 in
583 3899 762 3956 divina
799 3901 1098 3958 intentione
1122 3913 1248 3959 ante
1298 3906 1561 3961 mundum
1590 3908 1822 3971 exstitit,
1854 3916 2081 3978 propter

503 4005 662 4061 quam
695 3991 929 4048 mundus
957 4001 1268 4050 exstructus
1290 4002 1408 4050 est:
1465 4004 1683 4051 constat
1731 3998 1893 4050 etiam
1954 4008 2081 4051 ante

507 4082 688 4137 mundi
720 4090 942 4138 naturas
965 4084 1260 4140 exstitisse.
1288 4083 1468 4140 Testis
1490 4100 1618 4156 ergo
1644 4086 1822 4143 factus
1849 4091 1947 4141 viae
1981 4104 2079 4141 na-

509 4183 774 4239 turarum,
805 4173 895 4241 qui
921 4173 1067 4244 prior
1111 4175 1219 4231 illis
1245 4173 1345 4230 fuit
1371 4191 1557 4231 earnm
1599 4176 2081 4234 ordinem'nume-

509 4270 592 4316 rat
644 4276 743 4331 per
795 4262 1116 4333 sapientiam
1183 4281 1343 4335 quant
1388 4266 1595 4321 invenit
1636 4267 1922 4336 prudentia
1955 4283 2074 4331 sua,

504 4368 778 4424 quamque
806 4353 1009 4410 homini
1057 4357 1460 4426 prmparavit".

506 4445 828 4513 sapientiam
884 4448 1208 4517 praeparavit
1264 4458 1319 4502 et
1350 4448 1494 4502 dedit
1539 4450 1763 4514 homini,
1801 4464 1919 4517 qua:
1965 4450 2082 4518 ejus

504 4555 667 4602 opera
700 4540 1015 4594 enarravit?
1064 4538 1185 4595 Non
1202 4539 1342 4595 alius
1361 4541 1604 4606 omnino,
1633 4556 1794 4608 quam
1824 4542 1916 4610 qui
1946 4558 2082 4611 pra:-

508 4629 717 4693 paravit
751 4637 954 4685 terram
988 4629 1043 4685 in
1068 4640 1334 4685 aeternum
1364 4638 1599 4699 tempus,
1637 4639 1691 4685 et
1715 4631 1806 4700 qui
1840 4632 2082 4701 implevit

502 4737 624 4781 czm
649 4721 910 4792 jumentis
941 4721 1401 4792 quadrupedibus,
1451 4721 1542 4791 qui
1598 4723 1763 4777 mittit
1809 4721 1986 4776 lumen
2027 4732 2082 4777 et

510 4810 673 4865 \adil:
698 4811 910 4869 vocavit
937 4810 1086 4878 illud,
1112 4821 1165 4867 et
1212 4812 1448 4867 obedivit
1483 4812 1559 4867 illi
1591 4813 1789 4868 timore
1844 4832 1857 4867 :
1898 4813 1986 4883 qui
2025 4814 2077 4867 in

508 4913 650 4955 terra
674 4901 823 4956 visus
854 4909 959 4968 est,
987 4909 1041 4956 et
1071 4900 1212 4957 inter
1258 4903 1507 4959 homines
1554 4914 1910 4960 conversatus
1963 4914 2078 4969 est;

510 4994 597 5049 hic
630 4992 954 5060 sapientiam
1010 4992 1370 5048 haereditavit.
1440 4991 1558 5048 Non
1606 5005 1688 5050 est
1730 4995 1910 5065 itaque
1958 4994 2080 5049 Filii

508 5084 602 5140 Dei
644 5083 837 5141 illud:«
870 5083 1129 5139 Dominus
1180 5085 1423 5140 condidit
1471 5100 1622 5141 men
1651 5086 1743 5140 scd
1808 5087 2086 5142 rationalis

509 5176 789 5248 sapientiae
816 5191 977 5249 quam
1017 5176 1130 5247 ipse
1164 5175 1425 5231 Dominus
1456 5176 1660 5232 homini
1692 5178 1837 5232 dedit
1863 5193 1926 5232 ac
1948 5194 2086 5246 pra:-

509 5266 737 5336 paravit,
794 5276 1013 5337 propter
1061 5281 1221 5337 quem
1253 5265 1484 5320 mundus
1535 5264 1707 5319 factus
1745 5277 1848 5321 est.
1879 5267 2082 5322 Claris-

510 5359 646 5413 sime
702 5361 745 5415 si
770 5360 985 5428 quidem
1013 5377 1107 5432 per
1128 5360 1311 5414 onmia
1337 5359 1762 5414 demodstratum
1790 5359 1945 5413 estin
1970 5374 2083 5427 per-

515 5463 645 5504 sona
680 5451 967 5506 rationalis
1012 5453 1290 5521 sapientiae
1339 5451 1541 5506 dictum
1594 5464 1736 5505 esse.
1779 5449 2080 5506 Continuat

588 5624 629 5658 "’
660 5624 811 5681 Joan.
859 5644 986 5689 xv”.
1026 5631 1109 5684 Μ.
1189 5630 1232 5662 ⁵⁵
1262 5628 1422 5687 Prov.
1448 5644 1567 5691 VIII,
1600 5627 1691 5682 22.

1771 5630 1813 5660 ⁶⁹
1849 5627 1975 5683 ibid.
2011 5626 2197 5681 23—50.

2174 450 2299 518 ἄχρι
2330 449 2658 512 συντελείας.
2682 450 2765 503 ·Τδ
2794 452 2889 505 οὖν
2915 499 2928 516 ,
2965 470 2983 503 «
3030 453 3234 521 Κύριος
3268 452 3448 506 ἔκτισέ
3482 472 3548 524 με
3575 456 3753 527 ἀρχὴν

2171 539 2306 592 ὁδῶν
2334 539 2500 593 αὐτοῦ
2531 542 2611 604 εἰς
2640 540 2777 611 ἔργα
2800 542 2993 610 αὑτοῦ,
3032 563 3052 596 ι
3085 545 3165 605 εἰς
3194 542 3291 610 τὴν
3317 544 3424 596 τῶν
3447 544 3754 615 ἀνθρώπων

2170 629 2417 684 δοθεῖσαν
2446 631 2760 702 λογιστικὴν
2792 632 2987 703 σοφίαν
3012 633 3361 703 διαληπτέον.
3392 634 3469 686 Τὸ
3492 635 3547 688 δὲ
3576 654 3593 685 «
3627 636 3754 689 Γενο
3780 645 3785 703 ξ

2172 721 2238 791 νᾷ
2271 737 2359 790 με,
2402 740 2419 773 ι
2456 722 2516 775 τὸ
2546 723 2690 776 κατά
2712 723 3022 794 πρόγνωσιν
3046 725 3142 778 τοῦ
3162 724 3299 778 Θεοῦ
3328 725 3503 795 αὐτῆς
3527 726 3627 796 τῆς
3653 728 3753 797 :96-
3781 735 3789 759 τ

2175 826 2332 873 σεως,
2364 811 2424 863 τὸ
2450 812 2507 877 ἐξ
2535 812 2704 883 αὐτῆς
2724 813 2783 879 ἐξ
2811 814 3037 868 εἰκόνων
3067 815 3143 877 ὡς
3166 814 3361 885 τροχὸν
3386 817 3754 886 εἰλιττόμενον

2173 902 2260 954 ἐπ’
2288 901 2449 954 αὑτὸν
2475 901 2567 955 τὸν
2598 904 2900 975 καμπτῆρα
2925 905 3146 958 ἐπανιόν
3177 904 3285 957 ἀπὸ
3320 906 3417 975 τῆς
3450 907 3630 976 ἀρχῆς
3665 908 3755 959 τοῦ

2174 995 2581 1062 πρωτοκτίστου
2622 994 2911 1067 ἀνθρώπου
2951 996 3047 1048 τοῦ
3084 998 3205 1049 κατ’
3236 997 3421 1050 εἰκόνα
3456 997 3592 1049 Θεοῦ
3643 1016 3758 1051 κτι-

2176 1084 2415 1149 σθέντος,
2446 1087 2503 1138 ἐν
2525 1078 2570 1153 ᾧ
2595 1087 2693 1155 τὴν
2716 1087 3033 1159 λογιστικὴν
3059 1088 3251 1157 σοφίαν
3275 1087 3369 1160 τὴν
3396 1089 3626 1161 κτιστὴν
3675 1092 3761 1141 ἐν·

2173 1176 2388 1246 έθηκεν,
2417 1171 2531 1247 ὲνῷ
2560 1180 2659 1250 τὴν
2691 1178 2959 1250 εἰλικρινῆ
2985 1180 3147 1234 αὐτοῦ
3173 1181 3393 1253 ἀγάπην
3414 1181 3759 1235 ὲνετύπωσεν

2173 1269 2201 1318 6
2230 1268 2384 1331 Θεός.
2419 1270 2596 1343 Ὅπερ
2626 1272 2727 1341 τὴν
2753 1273 3036 1325 ἀνάκτισιν
3073 1275 3130 1325 ἐν
3175 1273 3354 1345 ἐαυτῷ
3386 1274 3711 1345 ποιούμενος
3732 1277 3758 1326 ὁ

2176 1359 2362 1430 Σωτὴρ
2394 1360 2546 1429 ἔλεγε
2578 1364 2714 1433 πρὸς
2740 1362 2830 1415 τὸν
2868 1365 3087 1436 Πατέρα
3117 1365 3505 1435 οἰκονομικῶς·
3567 1385 3585 1416 ‹
3631 1366 3754 1418 Ὀτι

2175 1450 2469 1520 ἠγάπησάς
2516 1470 2605 1520 με,
2658 1455 2810 1524 φησι,
2848 1455 2953 1525 πρὸ
2995 1454 3301 1524 καταδολῆς
3350 1456 3584 1524 κόσμου.
3623 1473 3642 1504 ι
3688 1454 3760 1507 Τὸ

2171 1543 2246 1601 δὲ,
2285 1561 2303 1593 «
2346 1543 2458 1612 Πρὸ
2494 1544 2586 1597 τοῦ
2616 1545 2807 1607 αἰῶνος
2830 1545 3156 1616 ἐθεμελίωσέ
3183 1563 3249 1616 με
3280 1546 3337 1598 ἐν
3363 1546 3530 1617 ἀρχῇ,
3572 1563 3591 1594 ι
3622 1543 3757 1596 ἱστο-

2176 1633 2343 1701 ρήσας
2397 1633 2425 1684 6
2467 1631 2746 1704 Σολομὼν,
2795 1636 2875 1687 ὅτι
2936 1637 2985 1688 οί
3034 1635 3226 1698 αἰῶνες
3274 1635 3323 1687 οί
3370 1634 3428 1685 ἐν
3475 1631 3617 1703 τῷδε
3668 1632 3757 1685 κό-

2176 1740 2297 1792 σμῳ
2336 1723 2400 1775 ὲκ
2427 1723 2527 1790 τῆς
2548 1725 2795 1795 περιόδου
2828 1725 2926 1795 τῆς
2956 1725 3170 1796 ἡμέρας
3189 1725 3282 1777 καὶ
3314 1723 3414 1793 τῆς
3436 1723 3643 1785 νυκτὸς
3665 1723 3754 1793 τὴν

2177 1815 2433 1868 σύστασιν
2457 1815 2659 1885 Excitat.
2696 1816 2768 1867 Τὸ
2796 1816 2851 1869 δὲ
2895 1815 3244 1887 προῦπάρξαι
3275 1815 3374 1884 τῆς
3410 1814 3631 1884 ἡμέρας
3668 1813 3754 1866 καὶ

2175 1907 2272 1974 τῆς
2318 1907 2531 1969 νυκτὸς,
2586 1908 2935 1977 προϋπάρξαι
2981 1909 3097 1961 ἐστὶ
3147 1907 3240 1961 τοῦ
3295 1907 3495 1970 αἰῶνος
3528 1907 3756 1960 τούτου*

2176 1996 2399 2060 ταύταις
2434 1999 2554 2059 ταῖς
2587 1997 2853 2068 ἱστορίαις
2892 1997 3176 2069 θεωρήσας
3211 2000 3239 2050 6
3281 1996 3559 2068 Σολομὼν,
3590 1999 3755 2068 ἥρμο-

2178 2106 2268 2140 σεν
2293 2088 2650 2160 εὐαρμόστως
2670 2088 2747 2160 τῷ
2767 2106 2827 2142 τε
2850 2088 3122 2161 ἀνθρώπῳ
3146 2090 3239 2143 καὶ
3267 2092 3333 2160 τῇ
3362 2089 3544 2160 σοφίᾳ.
3578 2089 3669 2141 Διὸ
3696 2089 3754 2139 ἐκ

2177 2178 2468 2248 προσώπου
2518 2179 2689 2249 αὐτῆς
2743 2179 3067 2249 ὲκφωνήσας
3115 2177 3261 2247 λέγει
3315 2176 3414 2229 τό·
3477 2195 3495 2228 «
3555 2175 3755 2245 Κύριος

2178 2270 2357 2321 ἕκτισέ
2395 2287 2461 2338 με
2487 2269 2663 2339 ἀρχὴν
2684 2268 2819 2323 ὁδῶν
2843 2268 3005 2322 αὐτοῦ
3034 2271 3113 2332 εἰς
3143 2268 3280 2339 ἔργα
3303 2265 3495 2333 αὐτοῦ,
3535 2267 3648 2336 πρὸ
3668 2264 3753 2316 τοῦ

2177 2359 2370 2422 αἰῶνος
2412 2358 2742 2429 ἐθεμελίωσέ
2795 2376 2864 2427 με
2919 2360 2978 2411 ὲν
3032 2359 3198 2429 ἀρχῇ.
3236 2377 3255 2409 ι
3294 2356 3756 2425 Συλλογισάμενος

2177 2453 2234 2501 ὲν
2264 2450 2443 2519 ἑαυτῷ
2479 2450 2659 2515 πάλιν,
2703 2451 2785 2503 ὅτι
2825 2450 3111 2521 μέλλοντος
3149 2447 3244 2500 τοῦ
3290 2446 3426 2501 Θεοῦ
3487 2448 3755 2517 παράγειν

2175 2540 2379 2602 ταύτας
2404 2540 2501 2602 τὰς
2546 2539 2737 2609 φύσεις
2774 2540 2873 2602 τὰς
2914 2539 3261 2609 ὲγκοσμίους,
3318 2537 3754 2608 προγενεστέρας

2177 2632 2270 2685 τοῦ
2320 2649 2378 2684 τε
2409 2630 2697 2701 ἀνθρώπου
2743 2633 2838 2684 καὶ
2887 2631 2989 2700 τῆς
3018 2630 3231 2699 σοφίας,
3261 2631 3342 2694 εἰς
3372 2630 3436 2682 τὸ
3474 2623 3642 2693 εἶναι,
3669 2627 3754 2679 καὶ

2178 2726 2259 2775 ὃτι
2293 2722 2374 2775 δεῖ
2395 2723 2522 2784 τοὺς
2549 2720 3015 2792 προγενεστέρους
3067 2723 3328 2791 παρεῖναι
3377 2718 3752 2789 παραγενομέο

2179 2831 2285 2867 νων
2321 2830 2382 2865 τε
2408 2812 2519 2865 τῶν
2549 2812 2763 2882 φύσεων
2806 2814 3039 2883 ἱστορεῖν
3074 2812 3217 2865 κατά
3241 2810 3394 2875 τάξιν
3424 2810 3525 2873 τὰς
3570 2810 3752 2878 φύσεις

2181 2902 2646 2973 παραγινομένας,
2688 2902 2780 2955 καὶ
2827 2902 2911 2955 ὅτι
2962 2904 2992 2955 6
3049 2901 3336 2972 ἄνθρωπος
3385 2899 3484 2953 καὶ
3527 2901 3563 2968 ἡ
3601 2896 3751 2966 σοφία

2181 2993 2432 3063 ἡγεῖσθαι
2465 2993 2572 3045 τῶν
2605 2992 2783 3063 ἔργων
2812 2991 3080 3067 ἐτέθησαν
3101 3007 3115 3023 ·
3164 2993 3198 3062 ἠ
3251 2987 3345 3044 οὗν
3374 2990 3452 3061 τῷ
3485 2988 3752 3059 ἀνθρώπῳ

2184 3085 2397 3138 δοθεῖσα
2423 3084 2528 3136 ὑπὸ
2570 3083 2665 3135 τοῦ
2703 3081 2837 3135 Θεοῦ
2868 3081 3156 3152 λογιστική
3195 3082 3288 3134 καὶ
3315 3079 3533 3152 κριτικὴ
3573 3079 3750 3147 σοφία,

2183 3178 2215 3245 ἡ
2251 3174 2642 3246 διαδοχεύσασα
2672 3175 2762 3225 ἐπὶ
2794 3173 3142 3243 Σολομῶντα,
3167 3171 3310 3226 καθά
3339 3187 3497 3242 φησιν
3523 3172 3551 3229 6
3574 3170 3750 3239 μέγας

2181 3269 2403 3338 Μωσῆς,
2435 3267 2585 3336 λέγει
2632 3268 2691 3319 ἐν
2748 3265 3090 3335 Σολομῶντι·
3138 3285 3159 3317 «
3209 3264 3407 3335 Κύριος
3449 3262 3627 3315 ἔκτισε
3680 3275 3745 3329 με

2182 3359 2353 3430 ἀρχὴν
2398 3357 2532 3412 ὁδῶν
2587 3356 2749 3410 αὑτοῦ
2798 3357 2880 3419 εἰς
2912 3354 3049 3425 ἔργα
3089 3353 3290 3408 αὐτοῦ’
3331 3372 3349 3404 ι
3385 3353 3480 3406 καὶ
3504 3350 3575 3403 τὰ
3603 3347 3746 3417 ἑξῆς.

2181 3451 2289 3517 Ἷίς
2336 3452 2401 3503 ὲκ
2456 3446 2748 3518 προσώπου
2780 3446 2880 3515 τῆς
2921 3446 3363 3517 προγενεστέρας
3414 3444 3511 3496 σὺν
3551 3440 3627 3511 τῷ
3664 3441 3750 3493 ἀν-

2182 3544 2386 3616 θρώπῳ
2423 3534 2521 3594 τοῦ
2570 3539 2801 3609 κόσμου,
2830 3538 3185 3609 διηγούμενος
3214 3536 3312 3599 τὰς
3340 3534 3623 3611 ἐνεργείας
3660 3530 3747 3583 τοῦ

2181 3635 2336 3699 Θεοῦ,
2367 3634 2467 3696 τὰς
2496 3635 2552 3686 ἐν
2582 3629 2658 3701 τῷ
2686 3628 2880 3700 κόσμῳ
2908 3629 3247 3699 παράγοντος
3277 3627 3376 3689 τὰς
3411 3625 3623 3695 φύσεις,
3653 3640 3747 3692 φη·

2184 3730 2267 3780 σιν
2297 3724 2490 3789 αὑτός·
2532 3744 2549 3776 «
2586 3723 2789 3792 Κύριος
2816 3720 3041 3790 ἐποίησε
3081 3718 3265 3790 χώρας
3304 3719 3401 3771 κα.)⁸
3447 3716 3747 3786 ἀοικήτους,

2183 3817 2276 3870 καὶ
2323 3815 2470 3887 ἄκρα
2521 3814 2813 3883 οἰκούμενα
2848 3813 2946 3881 τῆς
2976 3812 3069 3864 ὑπ’
3098 3808 3346 3879 οὐρανόν.
3395 3807 3589 3861 Ἦνίκα
3617 3805 3751 3876 ἡτοί-

2185 3905 2324 3977 μαζε
2340 3905 2432 3959 τὸν
2449 3905 2697 3976 οὐρανὸν,
2713 3904 3094 3977 συμπαρήμην
3109 3899 3368 3969 αύτῷ,ὅτε
3398 3897 3619 3967 ἀφώριζ
3622 3915 3646 3950 ε
3669 3896 3748 3949 τὸν

2183 3995 2372 4048 ἑαυτοῦ
2404 3994 2589 4066 θρόνον
2606 3997 2689 4048 ἐπ’
2710 3997 2946 4064 ἀνέμων·
2976 3994 3142 4064 ἡνίκα
3174 3991 3368 4062 ἰσχυρά
3382 3990 3638 4043 ἐποίειτά
3651 3989 3753 4042 ἀνω

2182 4085 2449 4153 νέφη,καὶ
2477 4084 2549 4147 ώς
2568 4086 2827 4153 ἀσφαλεῖς
2843 4084 3009 4137 ἐτίθει
3049 4083 3233 4153 πηγὰς
3259 4079 3359 4149 τῆς
3376 4079 3472 4131 ὑπ’
3500 4076 3745 4149 οὐρανόν·

2185 4177 2240 4227 ὲν
2252 4174 2624 4253 τῶτιθέναιτῇ
2639 4174 2880 4245 θαλάσσῃ
2901 4172 3246 4244 ἀκριόασμὸν
3263 4168 3449 4234 αὐτοῦ,
3472 4170 3567 4222 καὶ
3595 4167 3754 4220 ὕδατα

2184 4269 2244 4320 οὑ
2275 4266 2699 4337 παρελεύσονται
2734 4267 2893 4335 λόγον
2930 4267 3195 4336 στόματος
3217 4261 3410 4316 αὑτοῦ*
3433 4261 3529 4315 καὶ
3572 4254 3754 4330 ἰσχυρᾶ

1538 4357 1672 4423 Quis
1722 4357 1886 4426 igitur
1941 4357 2078 4412 hanc

2187 4358 2357 4413 ἐποίει
2369 4358 2436 4411 τὰ
2452 4356 2679 4427 θεμέλια
2698 4358 2800 4425 τῆς
2813 4357 2939 4427 γῆς,
2952 4357 3099 4427 ήμην
3112 4354 3242 4425 παρ’
3255 4351 3406 4422 αὐτῷ
3423 4351 3749 4422 ἁρμόζουσα,

2184 4452 2294 4519 ἐγὼ
2309 4452 2457 4521 ἥμην
2520 4449 2870 4520 προσέχαιρε.
2891 4467 2909 4498 ι
2947 4447 3129 4501 Ταῦτα
3148 4437 3213 4498 ὲκ
3228 4443 3524 4516 προσώπου
3541 4443 3643 4513 τῆς
3675 4455 3750 4491 σο⁸

2183 4542 2331 4611 φίας.
2368 4541 2476 4594 Καὶ
2498 4539 2770 4594 δείκνυσιν
2798 4536 3077 4607 ἀσφαλῶς,
3109 4537 3191 4590 ὅτι
3219 4538 3249 4593 6
3278 4532 3637 4604 προῦπάρξας
3661 4528 3744 4583 τοῦ

2182 4633 2385 4702 κόσμου
2403 4633 2459 4683 ἐν
2477 4634 2544 4703 τῇ
2570 4630 2662 4684 τοῦ
2675 4630 2810 4683 Θεοῦ
2830 4628 3123 4699 ὲνθυμήσει
3143 4641 3158 4656 '
3176 4626 3256 4680 διὸ
3286 4625 3378 4680 καὶ
3394 4627 3424 4679 6
3438 4626 3644 4695 κόσμος
3668 4621 3746 4673 εύ-

2182 4741 2211 4775 τ
2218 4722 2475 4791 ρεπίσθη,
2497 4721 2740 4790 δηλονότι
2768 4721 2985 4774 καὶτῶν
3012 4719 3106 4773 τοῦ
3124 4719 3329 4788 κόσμου
3359 4717 3576 4788 φύσεων
3602 4715 3755 4785 προῦ-

2193 4811 2424 4882 ιιτῆρξεν⁹
2450 4812 2618 4881 ἴστωρ
2636 4807 2729 4863 οὖν
2741 4810 3030 4880 γενόμενος
3042 4810 3140 4878 τῆς
3154 4807 3391 4879 παρόδου
3404 4806 3514 4859 τῶν
3531 4806 3752 4875 φύσεων,

2193 4902 2493 4972 ὑπαριθμεῖ
2518 4899 2617 4970 τὴν
2646 4900 2798 4966 τάξιν
2820 4899 3019 4962 αὐτῶν,
3053 4901 3081 4951 6
3114 4898 3542 4966 προγενέστερος
3572 4892 3754 4953 αὐτῶν,

2193 4997 2226 5065 ἡ
2251 4993 2431 5061 σοφία,
2452 4993 2516 5063 ἣν
2532 4991 2720 5061 ἐξεῦρε
2737 4994 2805 5062 τῇ
2842 4989 3258 5052 συνέσειαὺτοῦ,
3287 4990 3353 5058 ἣν
3382 4986 3543 5057 εὐτρέ
3554 5002 3669 5038 πισε
3689 4980 3756 5050 τῷ

2195 5082 2487 5154 ἀνθρώπῳ.
2533 5083 2626 5144 Τίς
2671 5078 2763 5136 οὖν
2793 5083 2821 5132 6
2849 5082 3053 5150 ταύτην
3084 5080 3185 5150 τὴν
3231 5079 3426 5147 σοφίαν
3469 5089 3754 5147 προευτρεο

2198 5176 2360 5238 πίσας
2391 5175 2482 5227 καὶ
2509 5173 2757 5236 δεδωκὼς
2789 5172 2868 5242 τῷ
2896 5171 3192 5241 ἀνθρώπῳ,
3233 5170 3266 5239 ἤ
3322 5170 3647 5237 ὑφηγήσατο
3670 5165 3756 5217 αὑ-

2192 5268 2285 5323 τοῦ
2314 5267 2414 5331 τὰς
2455 5265 2770 5336 ἐνεργείας;
2804 5265 2930 5317 ’Ότι
2972 5264 3073 5318 οὐκ
3103 5262 3283 5325 ἀλλος.
3319 5261 3435 5314 ἀλλ’
3468 5260 3502 5330 ἢ
3553 5259 3755 5315 πάντως

2190 5359 2217 5410 6
2249 5357 2665 5417 κατασκευάσας
2701 5355 2800 5424 τὴν
2832 5354 2937 5423 γῆν
2967 5353 3048 5415 εἰς
3078 5351 3169 5405 τὸν
3198 5350 3369 5405 αἰῶνα
3397 5347 3653 5418 χρόνον,ό
3673 5341 3756 5396 καὶ

2192 5449 2478 5520 ἐμπλήσας
2518 5447 2685 5517 αὐτὴν
2726 5445 2941 5516 κτηνῶν
2969 5442 3339 5514 τετραπόδων,
3371 5442 3399 5492 6
3429 5438 3660 5498 καλέσας
3702 5433 3754 5484 τὺ

2269 5626 2313 5657 το
2348 5625 2554 5680 Barnrh
2587 5641 2669 5685 HI.
2703 5622 2791 5677 δὲ.
