4042 6142
410 217 548 286 1273

1285 223 1655 286 HISTORIA
1695 223 2032 287 CONCILII
2066 223 2374 287 NIC/ENI.
2417 251 2484 260 -—
2521 226 2666 286 LIB.
2711 226 2792 286 II.

3533 217 3665 283 1274

403 335 542 401 φῶς,
574 335 669 388 καὶ
697 335 1006 407 ὑπήκουσεν
1036 335 1184 406 αὑτῴ
1213 337 1402 408 τρόμῳ
1427 353 1441 367 ·
1473 339 1502 390 6
1531 335 1624 390 ἐπὶ
1645 336 1747 408 γῆς
1779 335 1964 408 ὀφθεὶς

2091 346 2271 392 autem
2323 338 2577 409 praedicta
2630 337 2889 394 Dominus
2930 335 2983 390 iu
3051 333 3360 402 Evangelia,
3436 332 3663 390 dicens:

403 427 498 480 γαὶ
545 427 944 498 συναστραφεὶς
1001 426 1355 500 ἀνθρώποιςη
1389 427 1578 498 Τούτῳ
1635 429 1982 502 κεκλήρωται

401 517 500 586 τῆς
543 519 753 588 σοφίας.
779 519 914 589 Οὐχὶ
959 518 1052 573 τοῦ
1105 519 1239 574 Υίώ
1277 521 1372 572 τοῦ
1425 519 1559 574 Θεοῦ
1612 520 1692 585 τὸ,
1733 539 1752 572 ι
1779 519 1982 591 Κύριος

399 607 584 663 ἔκτισέ
618 628 706 681 με.
736 632 754 664 ι
775 611 889 665 ἀλλ’
914 613 946 683 ἢ
974 613 1071 683 τῆς
1088 612 1312 682 λογικῆς
1346 613 1558 682 σοφίας,
1579 613 1676 683 τῆς
1705 612 1979 666 ὑπἀὐτοῦ

397 703 498 756 τοῦ
528 704 734 773 Κυρίου
767 705 1222 776 εὐτρεπισοείσης
1253 707 1346 759 καὶ
1383 705 1632 776 δοθείσης
1661 705 1739 777 τῷ
1768 703 1981 776 ἀνθρὼ-

2095 429 2422 484 «Sabhatum
2453 437 2675 501 propter
2701 429 2975 484 hominem
3009 429 3209 481 factum
3233 434 3340 489 est,
3374 437 3480 480 non
3503 425 3668 479 homo

2091 531 2313 591 propter
2344 521 2705 576 Sabbatum"
2725 539 2774 588 ς»
2803 520 3065 574 attributa
3092 518 3294 572 mundo
3311 529 3542 585 persona
3565 528 3664 569 seu

2090 613 2258 684 ﬁgura
2301 611 2546 678 Sahbati,
2583 627 2681 682 pro
2710 627 2816 680 eo;
2849 608 3082 666 mundus
3112 619 3336 679 propter
3365 607 3662 678 ihominem

2087 701 2263 759 lactus
2292 715 2396 772 est,
2431 720 2536 758 non
2577 705 2741 758 homo
2762 712 2984 774 propter
3009 701 3289 755 mundum.

401 811 510 865 πῳ,
540 795 608 850 δι’
650 796 709 849 ὃν
755 799 783 849 6
828 797 1034 868 κόσμος
1063 797 1304 867 ἐγένετο.
1354 798 1678 868 Σαφέστατα
1709 797 1800 852 διὰ
1825 797 2046 868 πάντων
2083 796 2373 862 δέδεικται,
2405 799 2488 852 ὅτι
2519 800 2600 862 είς
2628 798 2689 852 τὸ
2718 797 3010 868 πρόσωπον
3040 793 3273 864 εἴρηται,
3314 790 3414 860 τῆς
3440 788 3664 857 λογικῆς

401 889 614 960 σοφίας.
646 888 864 942 Βεόαιοῖ
889 867 946 943 δὲ
992 891 1058 944 τὰ
1092 867 1471 962 προειρημένα
1498 890 1526 942 6
1557 891 1763 964 Κύριος
1816 867 1886 946 ’ἐν
1932 891 2012 962 τῷ
2048 871 2366 964 Εὐαγγελίῳ
2391 893 2568 962 λέγων
2588 909 2604 924 ο
2639 911 2658 944 ι
2691 867 2773 945 T67
2827 888 3107 944 Σαϐσατον
3133 886 3222 940 διὰ
3252 885 3346 940 τὸν
3376 882 3664 952 ἄνθρωπον

401 979 639 1046 ἐγένετο,
667 979 766 1050 οὐχ
803 981 831 1032 6
862 978 1144 1050 ἄνθρωπος
1173 981 1263 1034 διὰ
1296 981 1351 1034 τὺ
1399 981 1674 1035 Σάϐϐατον
1701 999 1717 1014 ο
1792 984 2292 1054 προσωποποιήσας
2337 983 2428 1036 τδν
2500 983 2704 1052 κόσμον
2762 983 2843 1040 είς
2909 980 3206 1050 πρόσωπον
3231 976 3326 1030 τοῦ
3358 974 3642 1028 Σαὸϐἀτου

401 1069 524 1124 ἀντὶ
550 1067 643 1122 τοῦ
661 1085 674 1098 ·
704 1069 732 1122 6
757 1067 960 1138 κόσμος
989 1069 1077 1122 διὰ
1107 1069 1200 1122 τὸν
1231 1069 1539 1142 ἄνθρωπον,
1569 1069 1686 1124 ἀλλ’
1711 1071 1808 1142 οὐχ
1835 1073 1863 1124 6
1894 1070 2184 1142 ἄνθρωπος
2213 1071 2302 1127 διὰ
2339 1072 2430 1126 τὸν
2465 1072 2692 1142 κόσμον.

639 1186 837 1257 Ἑτέρα
859 1188 1220 1258 ἀντίρρησις
1250 1189 1357 1243 τοῦ
1387 1190 1754 1260 φιλοσόφου.

483 1301 664 1366 Ἀλλὰ,
699 1301 884 1372 φησὶν,
910 1301 943 1372 ἡ
979 1301 1144 1371 σοφία
1173 1302 1207 1371 ή
1231 1302 1289 1354 ὲν
1314 1301 1644 1372 Σολομῶντι,
1667 1303 1696 1354 6
1725 1301 1852 1365 Υίὸς
1882 1301 1980 1356 τοῦ

396 1390 534 1445 Θεοῦ
575 1395 713 1457 ὲστι,
753 1391 898 1446 τοῦτ’
947 1391 1094 1445 ἔστιν
1123 1393 1154 1463 ἠ
1182 1391 1344 1462 σοφία
1389 1392 1487 1447 τοῦ
1517 1391 1678 1460 Θεοῦ,
1720 1393 1749 1446 6
1776 1391 1980 1447 εἰπών·

405 1500 425 1534 «
461 1480 666 1553 Κύριος
694 1481 873 1536 ἔκτισέ
909 1499 1000 1553 με,
1043 1503 1061 1535 ι
1097 1482 1188 1536 καὶ
1217 1483 1286 1538 τὰ
1322 1483 1468 1554 ἑξῆς.

409 1593 744 1664 Ἀπόκρισιᾷς
767 1589 1102 1664 *τῶνμὰτΙων
1125 1591 1474 1664 ἐπισκόπων
1495 1593 1645 1661 πρὸς
1669 1595 1776 1648 τὸν
1802 1596 1974 1664 φιλό-

465 1676 664 1786 σῗὲεον
693 1660 791 1715 διὰ
818 1661 924 1716 τοῦ
953 1662 1289 1716 ἐπισκόπου
1331 1660 1629 1718 Εὐσεόίου
1666 1665 1772 1719 τοῦ
1803 1660 1974 1734 ’Παμ-

469 1749 510 1786 φ
579 1749 670 1786 ου.

469 1749 670 1786 φίλου.

469 1846 624 1911 Εἰπὲ,
652 1838 698 1900 ὧ
729 1844 1006 1912 φιλόσοφε.
1035 1845 1067 1912 ἡ
1099 1844 1260 1912 σοφία
1298 1845 1330 1916 ἡ
1377 1847 1435 1899 ὲν
1461 1845 1767 1916 Σολομῶντι
1799 1847 1874 1910 ὼς
1910 1849 1976 1900 σὺ

397 1938 524 2008 φὴς,
552 1939 587 2008 ἡ
617 1935 710 1989 τοῦ
747 1934 882 1988 Θεοῦ
931 1936 1045 1987 ἐστι
1091 1934 1290 2004 σοφίας
1341 1934 1394 1988 Ὀ
1435 1937 1808 2005 φιλόσοφος·
1845 1939 1974 2001 Ναὶ,

396 2031 585 2098 φησιν,
627 2027 800 2091 οὕτως
842 2026 976 2096 ἔχει.
1023 2028 1074 2078 '0
1121 2025 1494 2092 ἐπίσκοπος·
1530 2027 1690 2090 Εἰπὲ,
1730 2030 1764 2096 ἡ
1816 2030 1977 2096 σοφία

391 2121 488 2174 τοῦ
511 2119 645 2174 Θεοῦ
677 2120 987 2191 πρόγνωσιν
1014 2117 1148 2188 ἔχει,
1186 2117 1218 2186 ἢ
1247 2116 1308 2170 οὗ
1335 2133 1350 2182 ;
1387 2118 1440 2170 Ὁ
1470 2119 1807 2188 φιλόσοφος
1831 2136 1845 2150 ο
1868 2120 1978 2172 Ναὶ

393 2213 528 2280 ἔχει.
573 2212 627 2264 Ὁ
661 2211 996 2275 ἐπίσκοπος
1020 2225 1034 2240 ·
1081 2208 1146 2261 Ἦ
1184 2208 1346 2278 σοφία
1380 2207 1474 2262 τοῦ
1497 2208 1629 2262 Θεοῦ
1661 2212 1688 2262 ό
1715 2207 1845 2272 Υἱὸς
1880 2211 1976 2262 τοῦ

392 2301 533 2355 Θεοῦ
559 2303 728 2364 ἐστιν,
765 2301 830 2370 ἢν
863 2299 969 2370 φὴς
1021 2301 1078 2350 ἐν
1124 2297 1465 2368 Σολομῶντι;
1506 2298 1560 2350 '0
1601 2301 1972 2370 φιλόσοφος·

393 2395 525 2459 Ναὶ,
557 2393 746 2463 φησίν.
795 2391 850 2444 '0
896 2391 1267 2454 ἐπίσκοποςο
1305 2390 1426 2453 [ιὼς
1467 2389 1642 2462 κρίνει
1679 2393 1708 2444 6
1752 2393 1975 2461 κρίνων,

395 2488 540 2543 κατὰ
571 2487 904 2558 πρόγνωσιν,
941 2485 1102 2556 ﬂeti;
1149 2485 1202 2538 '0
1235 2487 1594 2554 φιλόσοφος.
1627 2487 1757 2550 Ναὶ,
1789 2488 1971 2558 φησίν.

406 2578 567 2632 Ἀλλὰ
595 2577 740 2642 πῶς;
789 2577 842 2630 Ὀ
894 2576 1271 2642 ἐπίσκοπος·
1323 2575 1381 2628 '0
1433 2572 1529 2630 οῦν
1576 2577 1798 2648 κρίνων,
1833 2579 1976 2632 κατὰ

393 2669 704 2740 πρόγνωσιν
750 2667 948 2737 κρίνει,
984 2667 1079 2720 καὶ
1121 2665 1262 2720 κατὰ
1305 2665 1374 2720 τὰ
1422 2667 1580 2738 ἔργα,
1617 2667 1692 2730 ὡς
1724 2667 1974 2740 προγνώ-

395 2777 566 2830 στηςῖ
620 2759 672 2812 Ὀ
720 2761 1092 2828 φιλόσοφος·
1130 2759 1237 2812 Ναὶ
1280 2757 1452 2813 εἷπον.
1501 2761 1564 2813 '0
1607 2749 1970 2830 ἐπίσκοποςυ

391 2851 517 2914 Πῶς
541 2845 636 2904 οῦν
666 2852 697 2920 ἡ
727 2851 888 2918 σοφία
915 2853 947 2920 ἡ
982 2851 1038 2903 ὲν
1063 2850 1370 2920 Σολομῶντι
1393 2851 1543 2918 λέγει
1564 2868 1576 2880 ·
1607 2871 1624 2902 «
1657 2853 1797 2924 Τρία
1823 2855 1972 2910 ἐστὶν

389 2942 630 2996 ἀδύνατά
671 2960 760 3011 μοι
798 2945 1010 3012 νοῆσαι,
1065 2945 1157 2996 καὶ¹
1184 2944 1246 2996 τὸ
1283 2945 1545 3011 τέταρτον
1571 2947 1670 2998 οὐκ
1715 2947 1972 3014 ἐπιγινώ-

2439 1191 2562 1245 Alia
2599 1189 2896 1258 philosOphi
2925 1185 3296 1242 contradictio.

2155 1305 2226 1359 At
2254 1318 2384 1360 vero
2408 1302 2714 1360 Salomonis
2735 1303 2999 1372 sapientia
3033 1311 3282 1368 testatur,
3339 1298 3534 1357 Filium
3564 1302 3659 1359 Dei

2084 1409 2225 1460 esse,
2257 1395 2360 1450 hoc
2376 1405 2480 1460 est,
2511 1395 2604 1450 Dei
2630 1394 2978 1464 sapientiam,
3003 1409 3123 1464 qua:
3151 1393 3317 1449 dixit:
3358 1393 3652 1451 «Dominus

2083 1485 2322 1542 condidit
2345 1500 2486 1552 me,»
2510 1495 2564 1540 et
2596 1501 2715 1556 quae
2743 1494 3064 1556 sequuntur.

2080 1597 2367 1668 Responsio
2394 1607 2697 1670 sanctorum
2741 1598 3106 1670 episcoporum
3161 1598 3230 1650 ad
3266 1599 3656 1670 philosophum

2315 1685 2408 1738 per
2433 1669 2735 1738 episcopum
2770 1667 3054 1721 Eusebium
3078 1669 3372 1738 Pamphili.

2151 1847 2265 1912 Die,
2296 1846 2632 1917 philosophe,
2665 1844 2930 1914 sapientia
2951 1857 3070 1912 quae
3097 1853 3215 1898 erat
3245 1843 3298 1897 in
3330 1842 3649 1909 Salomone,

2079 1951 2137 1992 ut
2167 1940 2268 2002 ais,
2328 1948 2514 1993 eratne
2563 1937 2826 2007 sapientia
2885 1935 3019 1990 Dei?
3092 1935 3455 2004 PhilosOphus.
3516 1935 3657 1990 Vere

2081 2032 2274 2098 inquit,
2305 2038 2424 2084 erat
2455 2029 2715 2098 proiecto.
2757 2029 3070 2097 Episcopus.
3113 2027 3226 2091 Dic,
3251 2027 3515 2094 sapientia
3560 2026 3654 2081 Dei

2081 2121 2470 2192 prznscientiam
2539 2119 2723 2182 habet,
2793 2119 3011 2173 annon?
3071 2118 3438 2186 Philosophus.
3495 2118 3655 2174 Certe

2078 2214 2262 2268 habet.
2311 2212 2625 2280 Episcopus.
2689 2211 2962 2280 Sapientia
3028 2211 3144 2275 Dei,
3199 2227 3362 2280 quam
3407 2209 3544 2264 dicis
3598 2209 3651 2263 in

2079 2303 2368 2358 Salomone
2423 2301 2610 2368 fuisse,
2659 2311 2812 2356 estne
2864 2301 3030 2355 Filius
3094 2301 3226 2355 Dei?
3283 2300 3648 2368 Philosoﬂms.

2077 2397 2259 2459 Certe,
2286 2392 2500 2463 inquit.
2559 2391 2874 2463 Episcopus.
2909 2390 3098 2454 .Judex
3128 2392 3399 2462 quomodo
3421 2393 3648 2460 judicat,

2071 2488 2226 2556 juxta
2257 2484 2676 2556 prtescientiam,
2735 2501 2801 2537 an
2833 2483 2978 2538 non?
3033 2481 3408 2553 Philosophus.
3467 2482 3648 2547 Certe,

2077 2579 2183 2634 ait:
2219 2576 2490 2648 quomodo
2525 2577 2668 2632 enim
2693 2573 2851 2629 aliter
2873 2575 3188 2646 iudicaret?
3216 2575 3525 2644 Episcopus.
3551 2573 3651 2630 Ju-

2074 2671 2176 2726 dex
2211 2669 2374 2740 igitur
2401 2668 2552 2738 juxta
2585 2664 3236 2736 prmscientiamjudicat,
3266 2673 3320 2720 et
3355 2665 3648 2720 secundum

2075 2775 2237 2834 opera
2277 2777 2396 2832 qua:
2442 2762 2592 2832 prius
2645 2760 2841 2817 novit?
2895 2758 3267 2825 Philosophus.
3345 2758 3505 2813 Certe
3535 2757 3646 2824 jam

2075 2856 2204 2912 dixi.
2240 2855 2554 2920 Episcopus.
2588 2853 2872 2921 Quomodo
2920 2851 3087 2922 igitur
3110 2851 3188 2905 ait
3244 2849 3509 2920 sapientia
3545 2847 3649 2903 Sa-

2073 2947 2340 3004 lomonis:
2393 2945 2550 3001 «Tria
2581 2961 2686 3000 non
2737 2959 2956 3032 possum
3023 2943 3346 3012 intelligere,
3394 2949 3650 3010 quartum

389 3049 542 3099 σκω;
575 3053 592 3084 ι
637 3033 718 3086 Τὰ
768 3033 896 3102 τρία
948 3035 1204 3104 είρηκυῖα
1251 3035 1282 3102 ἡ
1323 3037 1380 3088 ὲν
1422 3036 1727 3105 Σολομῶντι
1785 3039 1966 3107 σοφία,

2075 3041 2289 3110 penitus
2319 3037 2580 3109 ignoro?»
2609 3051 2840 3105 cumque
2870 3035 2972 3089 tria
3000 3035 3228 3090 dixisset
3253 3033 3516 3102 sapientia
3549 3033 3650 3086 Sa-

389 3128 644 3182 ἀδυνατεῖ
680 3125 850 3196 αὐτὴν
874 3125 1090 3194 νοῆσαι,
1139 3123 1270 3194 περὶ
1301 3125 1392 3178 τοῦ
1421 3126 1682 3196 τετάρτου
1713 3122 1867 3180 εἶπεν
1907 3131 1966 3182 οὐ

387 3215 698 3286 γινώσκειν,
728 3216 822 3268 καὶ
845 3215 1000 3278 ὁδοὺς
1021 3213 1212 3285 ἀνδρὸς
1233 3215 1292 3267 ὲν
1317 3215 1553 3285 νεότητι.
1602 3217 1663 3268 Εἰ
1696 3213 1789 3268 οὖν
1817 3219 1852 3287 ή
1882 3235 1970 3271 σο-

389 3307 488 3377 φίᾳ
515 3306 609 3358 τοῦ
637 3305 773 3358 Θεοῦ
804 3307 955 3358 ἐστιν
986 3306 1020 3374 ἡ
1052 3307 1111 3358 ὲν
1141 3303 1470 3374 Σολομῶντι,
1511 3306 1628 3370 πῶς
1665 3308 1839 3376 κρίνει
1876 3309 1969 3362 τὸν

389 3399 614 3468 κόσμον,
646 3397 720 3468 μὴ
753 3397 923 3450 εἰδυῖα
953 3396 1145 3468 ἀνδρὸς
1170 3397 1324 3459 ὁδοὺς
1355 3398 1414 3450 ὲν
1445 3397 1686 3468 νεότητις
1727 3399 1821 3452 καὶ
1851 3401 1966 3464 πῶς

387 3489 547 3542 τοῦτο
575 3487 793 3560 ἀληθὲς,
825 3490 907 3542 ὅτι
948 3490 976 3542 6
1003 3489 1234 3558 ποιήσας
1265 3489 1355 3541 τὸν
1399 3489 1688 3560 ἄνθρωπον
1727 3493 1968 3545 κατ”εί-

388 3583 522 3634 κὸνα
555 3581 711 3646 Θεοῦ,
740 3580 884 3634 τοῦτ’
911 3580 1079 3645 ἔστιν,
1101 3582 1130 3634 6
1160 3581 1278 3644 Υἱὸς
1315 3581 1406 3634 τοῦ
1437 3583 1597 3647 Θεοῦ,
1625 3582 1804 3646 καθώς
1836 3602 1968 3656 φησι

387 3673 592 3742 Μωσῆς
620 3673 648 3724 6
686 3672 992 3741 προφήτης,
1032 3670 1112 3722 ἔτι
1147 3669 1203 3722 δὲ
1246 3671 1339 3723 καὶ
1373 3672 1628 3744 Ἰωάννης
1669 3675 1698 3726 6
1739 3675 1968 3742 εὐαγγε-

386 3764 598 3832 >ιστὴς,
631 3780 650 3812 «
693 3763 876 3816 Πάντα
909 3761 976 3814 δι’
1021 3759 1208 3822 αὐτοῦ,
1253 3763 1454 3829 φησιν,
1501 3763 1756 3830 ἐγένετοο
1799 3784 1816 3816 ι
1869 3768 1968 3818 οὐκ

385 3855 681 3906 ἐπίσταται
731 3851 883 3914 ὀδοὺς
940 3849 1133 3920 ἀνδρὸς
1188 3851 1248 3902 ὲν
1300 3849 1546 3921 νεότητι;
1593 3871 1611 3902 «
1656 3851 1714 3904 '0
1759 3853 1968 3918 πλάτας

386 3943 535 3997 κατὰ
565 3943 731 4014 μόνας
758 3942 858 4006 τὰς
883 3941 1110 4012 καρδίας
1149 3941 1348 4006 αὐτῶν,
1381 3943 1409 3994 ὁ
1434 3943 1636 4006 συνιεὶς
1677 3945 1756 4004 είς
1793 3945 1969 3998 πάντα

386 4036 456 4088 τὰ
485 4033 621 4105 ἔργα
647 4033 846 4096 αὐτῶν,
896 4033 925 4086 6
975 4032 1184 4096 ἐτάζων
1235 4032 1463 4102 καρδίας
1501 4033 1594 4087 καὶ
1643 4037 1904 4106 νεφροὺς,
1944 4056 1962 4087 ›

387 4127 530 4180 κατὰ
556 4127 648 4179 τὸν
693 4126 982 4197 προφήτην
1023 4126 1114 4179 τὸν
1159 4125 1419 4178 εἰπόντα·
1473 4143 1492 4176 ι
1531 4127 1604 4180 Σὺ
1659 4127 1828 4196 ἔγνως
1868 4129 1968 4200 τὴν

385 4217 656 4292 καθέδραν
687 4235 808 4287 μου,
832 4219 926 4270 καὶ
952 4217 1050 4286 τὴν
1072 4217 1292 4288 ἕγερσίν
1315 4235 1416 4288 μου
1433 4234 1448 4249 ο
1475 4219 1541 4271 σὺ
1565 4221 1807 4290 συνῆκας
1834 4221 1970 4274 πάν-

382 4327 486 4372 τας
528 4307 654 4370 τοὺς
685 4307 1073 4378 διαλογισμούς
1111 4326 1234 4378 μου,
1277 4309 1466 4379 φησὶν,
1519 4310 1626 4364 ἀπὸ
1673 4313 1966 4382 μακρόθεν,

2074 3129 2322 3193 lomonis,
2355 3141 2476 3197 quae
2508 3129 2619 3195 ipsa
2646 3142 2752 3180 nou
2784 3133 2967 3194 posset
3009 3124 3338 3194 intelligere,
3389 3132 3645 3194 quartum

2073 3219 2292 3276 dixitse
2341 3220 2612 3290 ignorare,
2639 3232 2832 3286 nempe
2870 3218 3014 3271 viam
3043 3217 3144 3270 viri
3177 3216 3228 3270 in
3256 3215 3643 3270 adolescentia.

2073 3309 2130 3366 Si
2165 3326 2294 3380 ergo
2324 3311 2594 3379 sapientia
2632 3309 2726 3363 Dei
2760 3306 3125 3378 estsapientia
3151 3305 3481 3370 Salomonis,
3513 3320 3648 3374 quo-

2072 3401 2230 3455 modo
2251 3399 2460 3470 iudicat
2501 3397 2784 3462 mundum,
2818 3409 2940 3450 eum
2997 3394 3202 3449 nesciat
3233 3395 3375 3448 viam
3433 3394 3530 3448 viri
3591 3395 3643 3448 in

2072 3492 2472 3549 adolescentia?
2495 3501 2550 3547 et
2575 3487 2848 3560 quomodo
2873 3487 2976 3542 hoc
3001 3500 3188 3540 verum
3233 3493 3338 3552 est,
3380 3486 3526 3555 quod
3554 3487 3644 3553 qui

2073 3583 2199 3638 fecit
2237 3583 2508 3637 hominem
2541 3583 2607 3634 ad
2657 3578 2948 3649 imaginem
3001 3576 3118 3641 Dei,
3171 3575 3272 3630 hoc
3319 3585 3424 3642 est,
3479 3574 3646 3630 Filius

2076 3674 2166 3727 Dei
2200 3674 2283 3744 (ut
2313 3671 2525 3743 Moyses
2556 3671 2819 3740 propheta
2853 3669 2949 3734 ait,
2973 3676 3028 3723 et
3062 3667 3129 3722 de
3156 3681 3262 3736 quo
3294 3666 3372 3720 ait
3411 3665 3646 3722 Joannes

2071 3761 2430 3829 evangelista:
2467 3759 2686 3815 «Omnia
2713 3773 2806 3827 per
2846 3759 3018 3826 ipsum
3057 3755 3199 3810 facta
3217 3755 3406 3810 sunt"
3437 3775 3456 3806 ι
3480 3756 3642 3824 ),non

2072 3856 2207 3909 sciat
2249 3853 2390 3905 viam
2424 3851 2522 3904 viri
2556 3851 2608 3904 in
2639 3847 3052 3904 adolescentia?
3091 3846 3223 3912 «Qui
3251 3845 3410 3899 ﬁnxit
3447 3848 3647 3918 sigilla-

2074 3947 2166 4000 tim
2182 3944 2344 3998 corda
2363 3957 2570 4006 eorum,
2597 3941 2684 4008 qui
2716 3937 2965 4007 intelligit
2989 3937 3169 3991 omnia
3186 3951 3349 4006 opera
3367 3952 3552 3992 eorum
3577 3940 3645 4004 7‘,

2071 4037 2160 4106 qui
2195 4043 2467 4090 scrutatur
2499 4033 2660 4086 corda
2689 4040 2744 4084 et
2774 4043 2930 4084 renes
2949 4029 2996 4060 ⁷⁵
3022 4045 3071 4082 ι»
3120 4026 3284 4082 Juxta
3312 4026 3578 4096 Propheta
3591 4045 3642 4081 tn

2071 4132 2378 4186 dicentem:
2436 4126 2546 4181 «Tu
2578 4123 2876 4194 cognovisti
2913 4122 3216 4178 sessionem
3239 4136 3436 4187 meam,
3467 4129 3521 4176 et
3563 4137 3648 4176 re-

2073 4221 2466 4276 surrectionem
2529 4231 2726 4282 meam;
2783 4223 2835 4268 tu
2914 4211 3229 4268 intellexisti
3286 4211 3648 4280 cogitationes

2074 4331 2221 4370 meas
2245 4315 2312 4368 de
2341 4313 2521 4381 longe,
2557 4309 2807 4366 semitam
2847 4320 3023 4362 meam
3057 4313 3112 4360 et
3139 4303 3435 4359 funiculum
3471 4319 3648 4358 meum

381 4403 484 4470 τὴν
511 4397 696 4468 τρίόον
727 4416 851 4468 μου,
881 4403 973 4452 καὶ
1013 4398 1112 4468 τὴν
1143 4397 1350 4467 σχοῖνόν
1397 4415 1498 4468 μου
1535 4399 1599 4451 σὺ
1635 4399 1964 4471 ὲξιχνίασας,

2073 4394 2404 4475 investigasti
2439 4413 2488 4457 et
2527 4416 2718 4455 omnes
2763 4399 2876 4453 vias
2925 4411 3074 4452 meas
3107 4394 3524 4466 prmvidislinn
3583 4392 3651 4448 Et

383 4487 479 4538 καὶ
512 4487 692 4552 πάσας
732 4484 832 4549 τὰς
863 4485 1014 4548 ὁδούς
1062 4502 1161 4554 μου
1194 4485 1464 4556 προεῖδες.
1507 4505 1524 4537 ι
1561 4487 1671 4540 Καὶ
1703 4489 1761 4540 ὲν
1792 4489 1965 4562 ἑτέρῳ

384 4579 584 4634 ’πάλιν⁸
621 4597 641 4632 ι
691 4581 748 4633 '0
781 4578 1052 4636 παιδεύων
1075 4577 1223 4648 ἔθνη,
1259 4577 1378 4647 οὐχὶ
1399 4577 1629 4647 ἐλέγξει,
1651 4581 1680 4632 6
1700 4581 1967 4636 διδάσκων

383 4669 674 4742 ἄνθρωπον
719 4669 948 4738 γνῶσιν;
1009 4668 1214 4740 Κύριος
1248 4667 1511 4736 γινώσκει
1563 4673 1691 4734 τοὺς
1731 4671 1970 4741 διαλογι-

385 4763 560 4832 σμοὺς
606 4761 716 4814 τῶν
761 4761 1102 4831 ἀνθρώπων,
1150 4761 1232 4814 ὄτι
1273 4762 1380 4814 elei.
1427 4761 1668 4832 μάταιοι.
1709 4782 1726 4814 ι
1770 4765 1826 4818 '0
1877 4765 1970 4820 οῦν

383 4854 562 4907 ταῦτα
592 4855 978 4925 ἐπιστάμενος,
1027 4855 1120 4908 καὶ
1169 4853 1345 4908 πάντα
1397 4855 1824 4924 προγινώσκων,
1867 4859 1968 4913 οὐκ

384 4947 676 5001 ἐπίσταται
707 4947 861 5010 ὀδοὺς
889 4947 1079 5012 ἀνδρὸς
1112 4948 1168 5000 ὲν
1201 4947 1438 5016 νεότητι;
1469 4946 1578 5000 Καὶ
1618 4948 1789 5002 πολλὰ
1818 4949 1964 5003 ἔστιν

384 5039 568 5106 εὑρεῖν
589 5039 652 5090 ὲκ
679 5038 786 5090 τῶν
809 5037 1062 5108 Γραφῶν,
1094 5039 1162 5088 τὰ
1199 5036 1489 5107 ἐλέγχοντα
1517 5036 1614 5108 τὴν
1637 5039 1821 5091 ἄνοιαν
1859 5040 1966 5093 τῶν

386 5127 574 5190 κακῶς
619 5127 996 5196 ὐπειληφότων
1037 5127 1167 5196 περὶ
1213 5125 1306 5178 τοῦ
1359 5125 1525 5196 ῥητοῦ
1575 5126 1792 5182 τούτου.
1843 5127 1968 5191 Πῶς

385 5219 500 5289 γὰρ
527 5219 556 5271 6
575 5219 841 5272 διδάσκων
864 5217 1147 5286 ἄνθρωπον
1170 5217 1394 5286 γνῶσιν,
1419 5217 1582 5282 αὐτὸς
1611 5219 1711 5272 οὐκ
1742 5219 1966 5273 ἐπίστα-

385 5327 480 5364 ται
518 5311 667 5374 ὀδοὺς
719 5310 911 5380 ἀνδρὸς
943 5311 1002 5362 ἐν
1050 5309 1296 5379 νεότητι;
1329 5305 1400 5362 Εὖ
1444 5308 1552 5362 ίσοι
1585 5305 1696 5371 οῦν,
1737 5303 1782 5362 ὦ
1814 5309 1963 5379 φιλό-

389 5417 544 5470 σοφε,
581 5403 660 5456 ὅτι
689 5399 940 5472 Σολομὼν
990 5401 1182 5470 κριτὴν
1227 5399 1385 5452 ἔλαϐε
1425 5401 1636 5469 σοφίαν,
1668 5403 1734 5472 ἢν
1777 5402 1964 5474 ἐξεῦρε

465 5553 508 5584 τί
544 5553 710 5606 Marc.
739 5569 800 5612 ιι.
830 5552 916 5606 97.
976 5553 1020 5584 τ’
1057 5551 1212 5605 Prov.
1248 5569 1372 5620 xxx,
1415 5553 1493 5607 l8.
1537 5553 1582 5586 ⁷³
1614 5553 1767 5609 Joan.
1799 5571 1836 5618 ι.
1879 5556 1930 5610 5.

392 5625 513 5686 2-4.
593 5625 636 5654 ⁷⁷
669 5623 808 5676 l’sal.
843 5638 992 5687 xerit,
1030 5624 1114 5684 lO,
1155 5622 1232 5676 ll.

2070 4512 2284 4553 rursum
2318 4495 2446 4551 ali-bi
2473 4509 2489 4548 :
2527 4493 2659 4560 «Qui
2698 4492 2915 4546 instruit
2944 4499 3156 4558 gentes,
3189 4501 3296 4541 non
3324 4493 3534 4557 arguet,
3557 4484 3648 4553 qui

2069 4589 2226 4644 docet
2259 4585 2531 4641 hominem
2589 4581 2893 4638 scientiam.
2959 4577 3220 4633 Dominus
3283 4577 3386 4632 scit
3435 4574 3647 4646 cogita-
3707 4562 3710 4566 Α

2073 4679 2246 4732 tiones
2264 4675 2568 4736 hominum,
2599 4669 2852 4740 quoniam
2893 4683 3043 4722 vanae
3099 4675 3224 4722 sunt
3253 4666 3352 4719 ⁷⁷.»
3387 4663 3489 4731 Qui
3521 4678 3650 4732 ergo

2074 4769 2189 4822 iure
2212 4766 2356 4820 novit
2380 4774 2434 4819 et
2466 4763 2645 4816 omnia
2675 4760 2908 4832 prmseit,
2937 4759 3115 4814 nescit
3140 4758 3280 4811 viam
3309 4755 3412 4809 viri
3445 4755 3496 4808 in
3529 4752 3650 4806 ado-

2075 4857 2366 4913 lescentia?
2414 4855 2476 4910 Et
2531 4853 2697 4908 multa
2729 4867 2795 4907 ex
2851 4849 3152 4920 Scripturis
3213 4847 3338 4902 licet
3379 4843 3646 4910 invenire,

2075 4964 2194 5016 qua:
2223 4947 2638 5015 imprudentiam
2671 4959 2860 5000 eorum
2895 4943 2986 5014 qui
3013 4941 3117 4998 hoc
3150 4940 3352 4995 dictum
3391 4935 3531 4990 male
3561 4935 3648 4988 in-

2073 5040 2339 5109 telligunt,
2377 5038 2730 5108 redarguunt.
2781 5034 3064 5101 Quomodo
3095 5047 3226 5101 ergo
3254 5029 3343 5100 qui
3374 5028 3528 5082 docet
3550 5026 3647 5080 ho-

2073 5131 2273 5184 minem
2314 5129 2620 5192 si-ieutiam,
2658 5127 2773 5198 ipse
2827 5127 3002 5181 nescit
3053 5125 3196 5178 viam
3244 5123 3344 5176 viri
3383 5125 3436 5175 in
3469 5121 3650 5176 adole-

2073 5221 2316 5278 scentia?
2347 5220 2491 5276 Bene
2524 5220 2688 5290 igitur
2714 5218 3008 5287 intelligas,
3039 5235 3073 5271 o
3112 5214 3456 5286 philosophe,
3505 5211 3649 5282 quod

2075 5314 2330 5368 Salomon
2356 5311 2591 5381 judicent
2623 5310 2945 5380 sapientiam
2976 5307 3206 5376 accepit,
3248 5321 3408 5373 quam
3445 5303 3649 5357 invenit

2074 5403 2240 5457 Filius
2270 5402 2360 5456 Dei
2397 5399 2685 5473 prudentia
2715 5414 2834 5466 sua,
2865 5413 3027 5468 quam
3071 5397 3398 5468 praeparavit
3435 5395 3643 5449 homini

3657 5481 3666 5506 l

1993 5559 2038 5588 τί
2065 5555 2206 5610 I‘sal.
2244 5569 2418 5619 xxxii,
2452 5553 2539 5608 15.
2615 5555 2660 5587 ⁷⁵
2695 5551 2838 5608 Psal.
2873 5565 2966 5614 vn,
2997 5550 3051 5604 2.
3126 5550 3170 5582 "
3210 5547 3352 5603 Psal.
3384 5559 3649 5614 cxsxvnt,
