4042 6142
402 232 535 295 1277

1294 239 1653 299 HISTORIA
1696 240 2031 304 CON‘ZILII
2069 244 2374 310 NIGENI.
2409 267 2484 285 ‘-
2521 251 2667 311 LIB.
2711 253 2792 312 II.

3514 251 3650 320 1278

398 342 609 434 ἀληθὴς
624 342 719 396 τοῦ
750 345 884 397 Θεοῦ
915 345 1043 411 θεὶς
1068 349 1251 416 Λόγος.
1284 369 1300 400 ι
1330 350 1419 420 Τῷ
1437 352 1546 423 γὰρ
1558 352 1701 424 λόγῳ
1719 354 1963 425 Κυρίου(

2067 364 2230 416 .mini
2256 364 2373 419 caeli
2407 364 2604 419 ﬁrmati
2632 373 2778 431 sunt,
2813 373 2864 419 et
2911 361 3102 434 spiritu
3150 364 3266 420 oris
3308 364 3425 433 eius
3472 371 3654 425 omnis

394 433 454 484 οὑ
463 434 616 502 ρανοὶ
631 435 931 508 ἐστερειὺοη
942 455 1056 504 σαν,
1091 441 1183 493 καὶ
1199 443 1276 510 τῷ
1308 443 1578 514 πνεύματι
1597 443 1690 498 τοῦ
1709 446 1978 516 στόμαπος

391 522 561 576 αὑτοῦ
578 525 727 577 πᾶσα
744 528 778 596 ὴ
795 526 1021 598 δύναμις
1034 529 1232 585 αὐτῶν.
1247 550 1265 582 ι
1278 518 1556 599 Ἤκουσας
1573 534 1729 602 λόγον
1740 537 1969 608 Κυρίου,

392 613 636 683 ἧκουσας
664 616 881 688 πνεῦμα
907 620 1000 672 τοῦ
1034 621 1303 693 στόματος
1331 625 1496 678 αὑτοῦ
1517 642 1530 655 '
1560 627 1655 680 mi.
1680 627 1846 684 ἄκουε
1867 630 1976 684 τοί-

393 720 491 756 νυν
516 706 608 759 καὶ
636 706 802 761 πάλιν
843 711 971 780 περὶ
1012 712 1111 783 τῆς
1152 715 1459 779 συστάσεως
1486 717 1584 789 τῆς
1614 718 1847 790 ἀληθοῦς
1878 722 1974 776 πί-

396 814 567 863 στεως
594 800 696 870 τῆς
739 803 980 869 εὐσεϐῶς
1009 807 1113 860 ὑπὸ
1150 808 1257 862 τῶν
1288 811 1530 865 εὐσεϐῶν
1563 815 1863 887 νοουμένης
1913 833 1974 870 τε

393 888 489 940 καὶ
513 892 957 965 κηρυττομένης·
991 897 1223 970 ἐπείπερ
1251 897 1405 970 οἶμαι
1428 900 1579 954 οὐδὲν
1602 903 1711 955 τῶν
1743 921 1976 974 προανα-

396 979 754 1049 φωνηθέντων
798 999 878 1036 σοι
927 984 1079 1056 παρὰ
1127 988 1398 1060 τοσαύτης
1450 991 1623 1058 ἁγίων
1670 993 1974 1066 ἀρχιερέων

400 1072 778 1140 πνευματικῆς
807 1076 1030 1144 χορείας
1066 1076 1165 1146 τὴν
1205 1078 1459 1148 αίσθησιν
1508 1081 1734 1147 δέδεξαι.
1774 1085 1972 1139 ’Λκουε

395 1160 572 1215 τοίνυν
609 1163 869 1232 εὐσεϐῶς,
899 1169 994 1221 καὶ
1037 1168 1113 1240 μὴ
1143 1172 1255 1234 τοῖς
1299 1171 1660 1243 ἀνθρωπίνοις
1693 1175 1975 1245 λογισμοῖς

393 1252 767 1323 διερευνᾶσθαι
801 1258 975 1328 πειρῶ
1003 1259 1101 1313 τὰ·
1128 1261 1416 1335 ἀπόρρητα
1497 1264 1556 1318 '0
1608 1265 1811 1330 τέλειος
1844 1266 1969 1321 οὔτε

399 1342 668 1413 μειοῦται,
692 1345 815 1401 οὔτε
834 1348 1006 1415 αὔξει.
1038 1346 1132 1416 Εἷς
1153 1353 1413 1421 ἀγένητος
1435 1357 1463 1408 6
1485 1355 1620 1421 Θεὸς
1644 1358 1739 1412 ,καὶ
1761 1359 1910 1430 Πατή
1921 1377 1970 1430 ρ.

401 1430 493 1498 Εἷς
518 1438 654 1492 καὶὸ
671 1440 1067 1511 γεγεννημένος
1087 1442 1145 1508 ἐξ
1168 1445 1331 1498 αὑτοῦ
1355 1448 1651 1517 μονογενὴς
1677 1449 1806 1513 Υἱὸς
1838 1449 1974 1515 Θεὸς

395 1526 586 1594 Λόγος.
619 1529 833 1602 Ὥσπερ
854 1529 947 1586 οὖν
977 1535 1076 1587 οὐκ
1106 1534 1220 1587 ἔστι
1248 1538 1608 1609 ωναγένητος
1628 1538 1706 1609 τῷ
1735 1538 1852 1609 Θεῷ
1878 1541 1973 1595 καὶ

398 1619 571 1687 Πατρὶ
600 1620 734 1685 Θεὸς
772 1623 978 1695 ἕτερος,
1031 1626 1202 1692 οὕτως
1250 1628 1370 1681 οὐδὲ
1415 1631 1968 1706 συγγεγεννημένοςῆ

2080 456 2251 509 virtus
2282 469 2468 510 eorum
2491 453 2560 509 “.
2604 476 2624 508 ι
2684 456 2895 512 Audisti
2923 459 3146 512 verbum
3170 456 3406 521 Domini,
3447 459 3646 514 audisti

2078 546 2324 615 spiritum
2356 545 2505 599 auris
2534 544 2651 611 eius
2676 564 2691 601 :
2731 546 2853 600 audi
2879 548 3068 600 rursus
3104 547 3173 601 de
3201 560 3342 601 verae
3367 545 3487 601 lldoi
3516 561 3650 603 con-

2080 637 2387 701 stitutione,
2422 652 2544 706 quae
2578 639 2666 706 pie
2717 636 2878 707 apiis
2932 636 3202 691 intellectu
3257 644 3313 692 et
3358 636 3648 705 praedicata

2078 738 2160 783 est
2188 741 2204 780 :
2245 726 2683 797 quandoquidem
2731 725 2984 780 existimo
3009 725 3144 779 nihil
3190 725 3568 794 praedictorum
3598 732 3650 780 te

2076 818 2356 888 suscipere
2385 826 2582 888 praeter
2615 817 2748 870 tanti
2779 826 3095 870 sanctorum
3126 815 3446 884 pontiﬁcum
3481 816 3651 883 spiri-

2080 910 2240 963 Inalis
2273 908 2426 963 chori
2460 908 2812 962 sententiam.
2872 906 3010 959 Audi
3036 920 3167 973 ergo
3196 905 3303 974 pie,
3339 920 3441 958 nec
3467 905 3653 959 huma»

2078 999 2162 1054 nis
2194 997 2702 1053 ratiocinationibus
2720 1009 2841 1064 qme
2859 994 3152 1049 ineffabilia
3175 1005 3324 1057 sunt,
3359 1003 3503 1048 tenta
3524 1009 3653 1064 per-

2077 1088 2333 1146 scrutari.
2398 1085 2843 1142 Perfectus’nec
2891 1085 3172 1152 minuitur,
3244 1101 3345 1139 nec
3396 1095 3646 1153 augetur.

2081 1180 2232 1238 Unus
2257 1180 2530 1251 ingenitus
2559 1180 2701 1233 Deus
2732 1187 2787 1233 et
2817 1179 2979 1233 Pater
3015 1196 3031 1234 :
3070 1192 3210 1232 unus
3238 1192 3303 1231 ex
3328 1192 3395 1231 eo
3429 1177 3647 1247 genitus

2074 1272 2387 1344 unigenitus
2424 1270 2594 1325 Filius
2622 1269 2764 1325 Deus
2787 1267 3026 1324 Verbum
3051 1285 3067 1336 ;
3104 1269 3247 1323 sicut
3272 1282 3377 1322 non
3403 1277 3487 1322 est
3513 1267 3652 1322 alter

2074 1366 2220 1422 Deus
2251 1379 2374 1420 cum
2406 1363 2517 1417 Deo
2543 1371 2596 1416 et
2621 1361 2783 1416 Patre
2812 1362 3112 1432 ingenitus,
3140 1362 3209 1415 ita
3239 1375 3416 1429 neque
3442 1375 3647 1431 conge-

2074 1461 2242 1524 nitus,
2269 1468 2442 1527 neque
2475 1456 2646 1526 prior,
2682 1468 2861 1523 neque
2909 1453 3180 1523 posterior
3220 1451 3407 1516 Filius,
3464 1452 3648 1518 diver-

2076 1565 2221 1609 susa
2276 1549 2388 1603 Deo
2426 1547 2709 1617 nnigenito
2756 1542 2893 1600 Filio
2922 1545 3061 1614 ejus,
3108 1543 3218 1597 Deo
3245 1541 3445 1601 Verbo.
3495 1540 3648 1598 Unus

2072 1656 2200 1697 vere
2239 1641 2382 1697 Deus
2404 1647 2459 1694 et
2482 1638 2663 1703 Pater,
2690 1653 2829 1694 unus
2856 1638 3018 1692 etiam
3075 1634 3421 1691 ineﬂ‘abiliter
3468 1648 3537 1688 ex
3572 1648 3640 1689 eo

396 1715 923 1804 trp-oversiwnpévog,
971 1719 1004 1789 ἢ
1053 1723 1587 1792 μεταγεγεννημένος
1627 1724 1741 1787 υίὸς
1763 1703 1963 1795 νέτεροέ

2072 1732 2286 1804 genitus
2312 1731 2501 1796 Filius,
2526 1729 2667 1785 Deus
2690 1726 2948 1783 Verbum.
2974 1725 3438 1792 Quemadmodum
3464 1733 3645 1780 autem

390 1798 489 1852 τοῦ
518 1801 655 1855 Θεοῦ
692 1803 769 1875 τῷ
804 1812 1081 1876 μονογενεί
1115 1809 1230 1881 Υίῷ
1281 1812 1447 1865 αὑτοῦ
1491 1812 1610 1884 Θεῷ
1653 1814 1831 1887 Λόγῳ.
1873 1813 1967 1881 Εἷς

392 1890 565 1955 ὄντως
597 1894 730 1958 Θεὸς
756 1897 852 1949 καὶ
890 1898 1099 1972 Πατὴρ,
1133 1897 1213 1965 εἷς
1242 1902 1411 1968 ὅντως
1457 1906 1550 1959 καὶ
1581 1909 1608 1960 ό
1634 1910 1967 1979 γεγεννημέκ

393 1996 482 2043 νος
510 1981 569 2046 ἐξ
588 1986 751 2039 αὐτοῦ
777 1989 1070 2058 ἀφράστως
1107 1991 1232 2058 Υἱὸς
1265 1994 1396 2057 Θεὸς
1416 1996 1604 2065 Λόγος.
1638 1999 1846 2072 Ὠσπερ
1874 1996 1965 2053 οὖν

390 2075 450 2125 οὑ
477 2074 635 2146 Λόγῳ
663 2078 808 2149 μόνῳ
830 2082 1015 2152 Πατὴρ
1050 2084 1077 2137 ὁ
1106 2084 1257 2149 Θεὸς,
1287 2086 1460 2152 οὕτως
1499 2089 1620 2141 οὐδὲ
1644 2089 1788 2161 λόγῳ
1819 2090 1964 2162 μόνῳ

393 2162 536 2226 Υἱὸς,
569 2166 684 2220 ἀλλ’
720 2169 933 2238 ἀληθῶς
955 2172 1110 2236 Υἱός·
1145 2176 1367 2243 γνήσιος
1396 2180 1424 2231 6
1457 2179 1668 2251 Πατὴρ,
1690 2182 1911 2250 γνήσιος
1934 2184 1964 2235 ὁ

393 2257 517 2320 Υἱός
532 2275 546 2289 ο
566 2260 698 2325 Θεὸς
715 2265 741 2316 6
758 2263 963 2335 Πατὴρ,
982 2265 1113 2330 Θεὸς
1128 2269 1219 2320 καὶ
1248 2270 1276 2320 6
1295 2267 1355 2330 ἐξ
1373 2271 1535 2324 αὑτοῦ
1560 2277 1954 2345 γεγεννημένος

390 2345 516 2409 Υίός
537 2363 551 2379 ο
581 2350 785 2410 τέλειος
824 2354 852 2405 6
900 2353 1107 2426 Πατὴρ,
1135 2355 1343 2421 τέλειος
1373 2360 1534 2412 αὑτοῦ
1574 2362 1668 2414 καὶ
1722 2366 1749 2416 6
1796 2364 1923 2429 Υἱός
1944 2381 1956 2394 ”

386 2436 676 2507 ἀσώματος
707 2444 735 2494 6
763 2443 970 2514 Πατὴρ,
995 2444 1285 2514 ἀσώματος
1321 2449 1415 2502 καὶ
1450 2452 1477 2503 ό
1501 2451 1647 2518 Υἱὸς,
1682 2456 1778 2507 καὶ
1811 2457 1956 2509 ἀσω-

389 2528 560 2594 μάτου
587 2531 694 2603 γὰρ
725 2534 1032 2606 χαρακτὴρ,
1063 2537 1159 2588 καὶ
1198 2539 1231 2608 ἡ
1278 2538 1441 2591 εἰκὼν
1478 2541 1769 2612 ἀσώματος
1798 2545 1952 2615 δηλο·

386 2619 529 2672 νότι.
556 2622 841 2685 Πιστεύεις
869 2625 1062 2695 τούτῳ,
1083 2620 1128 2679 ὦ
1157 2628 1430 2698 φιλόσοφε,
1457 2631 1539 2684 ὅτι
1558 2634 1877 2705 γεγέννηται
1899 2639 1963 2693 ὲκ

2070 1837 2172 1875 ιιοη
2191 1820 2305 1875 solo
2323 1820 2536 1876 nomine
2555 1819 2716 1873 Pater
2730 1826 2812 1874 est
2833 1817 2992 1883 Deus,
3010 1818 3091 1872 sic
3104 1830 3276 1885 neque
3290 1817 3406 1869 solo
3427 1816 3644 1869 nomine

2066 1907 2257 1974 Filius,
2276 1909 2370 1962 sed
2397 1923 2522 1962 vero
2540 1918 2624 1961 est
2651 1905 2849 1961 Filius:
2875 1921 3033 1960 verus
3055 1917 3138 1960 est
3158 1905 3339 1968 Pater,
3377 1919 3535 1959 verus
3553 1904 3644 1957 Fi-

2067 1997 2230 2054 lius:
2292 1997 2432 2051 Deus
2492 2008 2572 2051 est
2614 1995 2794 2059 Pater,
2842 1993 2985 2050 Deus
3031 1995 3193 2048 etiam
3249 1993 3413 2048 Filius
3461 2008 3526 2048 ex
3577 2010 3643 2047 eo

2066 2090 2315 2159 genitus:
2363 2086 2630 2154 perfectus
2662 2085 2840 2148 Pater,
2872 2083 3139 2153 perfectus
3167 2092 3222 2138 et
3274 2085 3390 2151 ejus
3419 2082 3586 2137 Filius
3622 2100 3637 2138 :

2066 2181 2413 2249 incorporeus
2471 2179 2663 2241 Pater,
2725 2178 3074 2247 incorporeus
3137 2185 3191 2232 et
3238 2174 3404 2230 Filius
3455 2192 3469 2232 :
3554 2174 3640 2230 in-

2068 2273 2310 2339 corporei
2334 2270 2475 2325 enim
2497 2278 2581 2322 est
2618 2270 2807 2337 ﬁgura,
2834 2270 3147 2336 incorporea
3173 2268 3421 2320 nimirum
3442 2267 3639 2334 imago.

2066 2362 2257 2418 Credis
2291 2363 2413 2425 hoc,
2441 2361 2776 2429 philosOpbe.
2811 2361 2952 2428 quod
2983 2374 3049 2413 ex
3101 2357 3406 2413 substantia
3461 2354 3640 2410 Patris

2066 2455 2136 2509 sit
2162 2454 2376 2521 genitus
2409 2451 2714 2521 unigenitus
2743 2450 2862 2519 ejus
2889 2449 3081 2513 Filius,
3117 2447 3569 2517 quemadmodum
3606 2460 3640 2501 a

2067 2545 2331 2616 principio
2360 2542 2779 2611 disputationum
2815 2554 2913 2612 per
2975 2540 3204 2610 plurium
3253 2552 3510 2608 expressa
3559 2546 3640 2593 tc-

2067 2637 2320 2692 stimonia
2362 2634 2884 2698 demonstravimus,
2917 2633 3137 2687 annon?
3168 2678 3169 2681 η

385 2708 487 2776 τῆς
516 2710 705 2774 οὐσίας
753 2713 847 2765 τοῦ
882 2715 1094 2786 Πατρὸς
1141 2719 1170 2770 6
1232 2720 1525 2793 μονογενὴς
1555 2724 1682 2788 Υἱὸς
1730 2728 1920 2797 αὑτοῦ,
1953 2729 2205 2800 καθάπερ
2254 2726 2317 2793 ἐξ
2369 2725 2625 2798 ὑπαρχῆς
2675 2724 2784 2779 τῶν
2829 2725 3004 2794 λόγων
3054 2724 3144 2779 διὰ
3187 2724 3455 2781 πλείστων
3501 2726 3640 2781 ὅσων

387 2802 672 2872 γραφικῶν
702 2808 1012 2877 μαρτυριῶν
1043 2809 1430 2880 ἀπεδείξαμεν,
1462 2812 1613 2883 ﬂeti;

662 2959 1166 3032 Ἀντεπερώτησις
1194 2966 1297 3019 τοῦ
1326 2969 1684 3038 φιλοσόφου.

736 3094 859 3160 Πῶς
879 3097 975 3150 καὶ
1000 3098 1104 3150 τίνι
1129 3098 1312 3170 τρόπῳ
1332 3116 1347 3163 ;
1379 3101 1606 3171 φράσον.

390 3237 455 3288 Οί
511 3233 664 3302 ἅγιοι
723 3234 1044 3290 ἐπίσκοποι
1106 3236 1203 3290 διὰ
1260 3238 1368 3291 τοῦ
1414 3241 1601 3294 αὑτοῦ
1666 3241 1962 3299 Εὐσεόίου

902 3307 1215 3376 Παμφίλου
1248 3303 1446 3363 εἶπαν.

458 3438 547 3508 Μὴ
577 3438 728 3508 ζήτει
768 3439 905 3505 πῶς,
942 3439 1198 3509 φιλόσοφε
1217 3459 1230 3473 ·
1256 3443 1306 3494 εί
1336 3442 1393 3496 δὲ
1430 3442 1527 3514 μὴ,
1572 3442 1715 3499 καθὰ
1741 3444 1845 3515 ἤδη
1873 3445 1963 3500 διὰ

387 3528 647 3580 πλειόνων
671 3528 885 3599 εἴρηταί
916 3547 1019 3590 σοι,
1045 3532 1138 3584 καὶ
1168 3531 1226 3584 ὲν
1254 3533 1394 3604 ἀρχῇ
1422 3533 1522 3604 τῆς
1543 3532 1834 3599 διαλέξεως
1854 3535 1962 3589 διε-

390 3620 809 3691 μαρτυράμεθα,
857 3622 937 3675 ὅτι
991 3623 1294 3693 κρημνίσαι
1345 3624 1568 3678 σεαυτὸν
1616 3627 1958 3692 σπουδάζεις,

384 3713 667 3784 διερευνᾷν
694 3711 1034 3784 πειρώμενος
1061 3714 1129 3768 τὰ
1153 3707 1569 3785 ἀνεξέρεύνητα.
1605 3718 1667 3769 EE
1710 3718 1808 3787 μὲν
1852 3719 1961 3790 γὰρ

385 3803 657 3872 ἐνδέχεται
678 3805 859 3874 ζητεῖν
882 3804 997 3868 πῶς
1014 3805 1041 3857 ό
1060 3805 1373 3875 ἁγέννητος.
1387 3806 1657 3878 ἐνδέχεται
1674 3808 1766 3860 καὶ⁸
1779 3809 1962 3879 ζητεῖν

385 3897 506 3958 πῶς
545 3897 640 3948 καὶ
676 3899 704 3948 6
726 3895 1139 3966 γεγεννημένος.
1173 3896 1236 3951 Εἰ
1274 3896 1331 3948 δὲ
1361 3898 1421 3950 οὐ
1466 3898 1815 3962 καταλείπεις
1861 3900 1960 3970 ζή-

383 4005 560 4057 τησιν,
598 3988 714 4051 πῶς
753 3988 1116 4058 γεγέννηται·
1151 3988 1225 4059 μὴ
1271 3988 1427 4058 ζήτει
1481 3989 1550 4042 τὰ
1592 3991 1958 4062 ἀνερεύνητα,

382 4081 446 4130 οὑ
472 4079 582 4149 γὰρ
611 4078 903 4148 εὑρίσκεις.
938 4078 1019 4132 Τὰ
1068 4077 1434 4149 εὑρισκόμενα
1462 4077 1636 4149 ζήτει,
1688 4079 1784 4132 καὶ
1811 4080 1961 4151 εὑρίο

385 4185 558 4231 σκεις.
612 4169 736 4223 Ἐὰν
783 4170 891 4240 γὰρ
938 4167 1128 4240 ζητῇς,
1158 4167 1309 4239 παρὰ
1347 4168 1488 4231 τίνος
1534 4167 1678 4239 ἔχεις
1729 4168 1958 4239 μαθείνς

2499 2984 2858 3054 Interrogatio
2886 2981 3206 3053 philosophi.

2318 3119 2599 3188 Quomodo
2626 3128 2682 3175 et
2709 3133 2940 3190 quanam
2984 3119 3194 3174 ratione
3215 3119 3240 3173 2
3264 3118 3380 3183 dic.

2105 3251 2293 3309 Sancti
2321 3254 2550 3323 episwpi
2577 3268 2671 3322 per
2694 3249 2983 3305 Eusebium
3015 3248 3281 3321 Pamphili
3324 3251 3592 3306 dixerunt.

2060 3469 2065 3477 ·
2126 3450 2203 3507 Ne
2229 3466 2446 3522 qumras
2477 3449 2772 3522 quomodo,
2800 3463 2834 3505 ο
2877 3448 3225 3521 ριιίιοεοριιος
3269 3448 3530 3520 alioquin,
3576 3461 3638 3506 ut

2056 3541 2168 3609 iam
2200 3542 2444 3611 pluribus
2494 3542 2693 3598 dictum
2723 3547 2810 3596 est
2837 3538 2955 3605 tibi,
2995 3547 3051 3594 et
3079 3539 3148 3595 ab
3200 3539 3356 3593 initio
3398 3539 3638 3609 disputa-

2060 3633 2222 3688 tionis
2260 3633 2439 3687 testati
2468 3648 2675 3701 sumus,
2720 3632 2907 3688 studes
2957 3639 3007 3685 te
3062 3630 3393 3700 praecipitem
3452 3645 3635 3701 agere,

2061 3724 2390 3795 perscrutari
2422 3732 2631 3778 lcutans
2656 3736 2775 3791 quae
2809 3721 3180 3776 iuscrutabilia
3214 3730 3360 3776 sunt.
3399 3719 3456 3775 Si
3488 3723 3630 3776 enim

2060 3829 2307 3886 qumret‘e
2344 3814 2490 3879 licet,
2520 3813 2790 3883 qumnodo
2843 3827 2950 3867 non
3006 3812 3242 3882 genitus,
3289 3810 3415 3867 licet
3469 3812 3631 3866 etiam

2061 3919 2322 3975 quaerere,
2356 3904 2446 3975 qui
2477 3905 2712 3974 genitus.
2759 3903 2816 3957 Si
2847 3917 2975 3957 vero
2997 3918 3101 3958 non
3131 3903 3336 3957 deseris
3387 3903 3635 3972 quaestio—

2064 4012 2208 4061 nem,
2255 3996 2527 4063 quomodo
2544 3995 2611 4049 sit
2637 3995 2886 4064 genitus;
2915 4011 2982 4050 ne
3006 4008 3220 4065 quaeras
3242 3994 3631 4059 inscrutabilia,

2062 4104 2167 4142 non
2198 4089 2340 4142 enim
2368 4086 2637 4142 invenies:
2692 4100 2904 4156 quaeras
2944 4100 3064 4154 quae
3096 4084 3327 4140 inveniri
3386 4092 3632 4153 possunt,

2062 4192 2116 4234 et
2138 4178 2404 4234 invenies.
2437 4176 2492 4232 Si
2523 4177 2669 4232 enim
2692 4177 2989 4244 quaesieris,
3014 4192 3045 4231 a
3078 4192 3185 4246 quo
3212 4185 3364 4246 potes
3389 4174 3637 4230 discere?

382 4264 538 4332 παρὰ
573 4262 670 4331 τῆς
700 4263 831 4331 γῆςς
868 4260 966 4331 οὑχ
995 4260 1280 4329 ὑφίστατο.
1317 4258 1475 4331 Παρὰ
1515 4258 1823 4329 θαλάσσηςς
1867 4261 1961 4312 οὑ-

2067 4287 2093 4324 a
2127 4271 2310 4325 terra?
2338 4285 2440 4324 non
2487 4268 2833 4325 subsistebat.
2885 4271 2929 4322 Α
2958 4268 3136 4322 mari?
3187 4269 3423 4322 nondum
3474 4281 3633 4322 crea-

381 4354 530 4407 δὲπω
582 4354 863 4406 ἑκέκτιστο
912 4355 945 4422 ὴ
996 4353 1157 4423 ὑγρά.
1213 4351 1370 4420 Παρὰ
1424 4350 1688 4419 cupavo-3;
1743 4354 1841 4404 οὐκ
1893 4349 1962 4424 ἦν

382 4446 651 4518 ποιηθείς.
683 4446 841 4517 Παρά
869 4445 1022 4516 ἡλίου
1053 4445 1148 4499 καὶ¹
1179 4444 1411 4515 σελήνης
1457 4444 1549 4496 καὶ
1589 4444 1835 4515 ἄστρων;
1871 4446 1960 4498 οὑ-

381 4539 532 4592 δέπω
555 4537 1031 4608 δεδημιούργηντο.
1072 4537 1226 4608 Παρὰ
1260 4535 1507 4605 ἀγγέλων
1543 4536 1636 4588 καὶ
1686 4537 1961 4606 ἀρχαγγὲ-

384 4632 526 4696 ~mw;
563 4628 774 4683 οὐδέπω
819 4625 980 4701 ἦσαν,
1021 4628 1251 4699 ἐπείπερ
1292 4628 1386 4679 καὶ
1437 4626 1616 4679 αὐτῶν
1666 4628 1894 4698 ποιητὴς
1930 4629 1958 4680 ό

389 4721 536 4784 Υἱός.
555 4720 715 4774 Ἀλλὰ
745 4722 896 4792 παρά
930 4720 1176 4785 αἰώνωνς
1210 4719 1315 4790 πρὸ
1337 4718 1550 4772 αἰώνων
1571 4720 1599 4771 6
1625 4710 1953 4788 Μονογενής.

382 4813 477 4883 Μὴ
512 4812 730 4878 ἐξέταζε
760 4813 829 4866 τὰ
862 4812 936 4884 μὴ
959 4814 1045 4865 ἀεὶ
1068 4812 1196 4865 ὅντα
1242 4811 1370 4880 περὶ
1391 4809 1482 4863 τοῦ
1508 4810 1593 4863 ἀεὶ
1618 4809 1788 4873 ὄντος.
1825 4810 1958 4881 Ἀρ-

384 4909 568 4977 ρητος,
613 4905 908 4975 ἁγέννητος
950 4905 978 4956 ὁ
1021 4905 1249 4975 Πατήρ”
1285 4903 1539 4975 ἅῤῥητος,
1574 4904 1826 4974 ἀρρήτως
1868 4920 1958 4969 γε-

382 5012 542 5062 γεννη
554 4994 715 5064 μένος
741 4996 800 5060 ἐξ
825 4994 990 5049 αὑτοῦ
1021 4997 1050 5048 6
1074 4995 1223 5058 Υίός.
1247 4994 1529 5063 Σιώπησον
1553 4996 1680 5064 περὶ
1702 4993 1793 5046 τοῦ
1819 4992 1954 5058 πῶς,

382 5086 477 5135 καὶ
508 5084 830 5156 παραχώρει
859 5086 1018 5137 τοῦτο
1041 5084 1115 5155 τῷ
1146 5085 1522 5155 γεγεννηκότι,
1552 5084 1647 5136 καὶ
1670 5083 1749 5154 τῷ
1766 5100 1957 5152 γεγεν-

383 5176 623 5247 νημένῳ.
663 5179 719 5229 Ὀ
747 5179 854 5247 γὰρ
888 5177 1075 5247 Πατὴρ
1109 5179 1266 5247 μόνος
1293 5176 1553 5245 γινώσκει
1584 5176 1674 5229 τὸν
1726 5176 1851 5229 Υἰὸν
1873 5176 1958 5239 τίς

384 5268 523 5330 ἐστι,
558 5269 649 5320 καὶ
683 5271 710 5321 6
733 5269 856 5332 Υἱὸς
889 5270 979 5321 τὸν
1024 5270 1260 5339 Πατέρα,
1294 5271 1387 5321 καὶ
1431 5262 1474 5335 ᾧ
1517 5267 1609 5319 ἐὰν
1646 5267 1903 5338 βούληται
1931 5271 1958 5322 ό

387 5356 514 5419 Υἱὸς
538 5359 906 5427 ἀποκαλύψαι,
946 5359 1091 5412 καθὰ
1121 5376 1253 5429 φησι
1295 5359 1355 5410 τὸ
1386 5359 1715 5426 Εὑαγγέλιον
1772 5358 1952 5412 αὑτοῦ.

387 5446 451 5497 Ei
477 5447 529 5497 δὲ
561 5447 634 5517 μὴ
669 5448 826 5519 Θέλῃς
852 5449 1162 5503 παύσασθαι
1209 5448 1266 5501 τὸ
1298 5447 1433 5513 πῶς,
1467 5449 1599 5502 ἀλλὰ
1637 5448 1958 5517 φιλονεικεῖς

463 5623 508 5656 "i
539 5625 675 5678 Pani.
709 5642 875 5691 xxx",
900 5627 953 5680 ὃ.
1032 5627 1075 5657 ⁸⁸
1101 5625 1290 5681 Matth.
1323 5641 1379 5691 η,
1409 5625 1497 5681 27.

2062 4370 2174 4413 tum
2209 4359 2381 4413 fuerat
2413 4375 2581 4414 mare.
2646 4356 2900 4413 Acmlo?
2948 4359 3181 4413 nondum
3231 4367 3353 4410 erat
3407 4356 3628 4415 factum.

2059 4452 2100 4504 Λ
2135 4450 2247 4504 sole
2276 4458 2366 4502 aut
2393 4449 2516 4503 luna
2541 4450 2623 4503 vel
2660 4448 2867 4504 stellis?
2897 4448 3132 4502 nondum
3159 4447 3371 4500 fuerant
3393 4445 3628 4502 condita.

2060 4545 2143 4598 Ab
2189 4542 2394 4613 angelis
2444 4551 2498 4595 et
2534 4539 2915 4610 archangelis?
2955 4538 3189 4594 nondum
3219 4547 3411 4602 erant;
3472 4535 3634 4605 siqui-

2059 4638 2177 4689 dem
2205 4643 2259 4690 et
2305 4634 2541 4703 ipsormu
2591 4630 2763 4686 factor
2789 4641 2873 4686 est
2926 4630 3114 4685 Filius.
3177 4629 3282 4684 Sed
3316 4645 3342 4682 a
3379 4628 3634 4684 saeculis?

2063 4727 2177 4794 ipse
2206 4739 2330 4780 ante
2360 4723 2551 4779 saecula
2585 4723 2913 4792 unigenitus.
2967 4721 3042 4775 Ne
3069 4721 3230 4790 igitur
3250 4734 3462 4788 quaeras
3514 4733 3634 4787 qua

2067 4827 2169 4865 non
2247 4826 2459 4878 semper
2517 4811 2759 4874 fuerunt,
2822 4810 2887 4864 de
2935 4823 3000 4864 eo
3041 4809 3184 4878 quod
3226 4822 3439 4877 semper
3510 4806 3631 4863 fuit.

2065 4901 2350 4958 lueﬂabilis
2372 4913 2427 4957 et
2459 4902 2727 4972 ingenitus
2748 4912 2830 4956 est
2850 4900 3030 4964 Pater,
3053 4899 3337 4955 ineﬂ'abilis
3370 4909 3451 4954 est
3481 4908 3534 4953 et
3565 4912 3630 4952 ex

2063 5008 2129 5049 eo
2160 4992 2504 5048 ineiTabiliter
2542 4994 2752 5062 genitus
2774 4993 2963 5047 Filius.
3021 4992 3227 5047 Taceas
3258 5005 3386 5060 ergo
3427 4991 3495 5042 de
3523 4987 3632 5055 illo,

2066 5082 2354 5153 quomodo,
2379 5091 2433 5135 et
2459 5081 2727 5136 concedas
2754 5081 2856 5136 hoc
2884 5081 2930 5135 ei
2960 5082 3048 5150 qui
3078 5079 3282 5150 genuit,
3334 5088 3388 5132 et
3431 5076 3633 5147 genito.

2068 5176 2228 5231 Pater
2250 5174 2392 5228 enim
2414 5174 2562 5228 solus
2591 5174 2835 5243 agnoscit
2890 5170 3086 5226 Filium
3127 5172 3214 5239 qui
3249 5178 3351 5232 est,
3376 5181 3430 5222 et
3466 5168 3635 5224 Filius

2067 5265 2299 5330 Patrem,
2326 5276 2381 5320 et
2421 5266 2507 5320 cui
2535 5266 2765 5319 voluerit
2797 5266 2962 5319 Filius
2993 5264 3233 5318 revelare
3254 5263 3323 5329 ⁸⁵,
3354 5269 3411 5316 ut
3438 5262 3513 5313 ait
3551 5261 3634 5328 ip-

2066 5359 2178 5414 sius
2213 5358 2586 5427 Evangelium.
2643 5356 2701 5411 Si
2733 5369 2909 5412 autem
2939 5371 3044 5410 non
3096 5359 3177 5411 vis
3230 5369 3444 5412 cessare
3485 5353 3613 5407 illud

2065 5451 2177 5517 qui,
2207 5449 2299 5506 sed
2321 5449 2606 5505 contendis
2628 5445 2997 5504 tnscrutabilia
3018 5447 3370 5518 perscrutari,
3399 5446 3635 5502 ridemus
