4042 6142
361 2349 379 2357 _
472 2299 680 2341 rtarum
765 2287 1167 2355 Scripturarum
1241 2285 1564 2351 doctrinam,

471 267 606 334 μιν

1705 257 2007 321 GELASII
2075 256 2413 317 CYZICENI

3581 265 3716 332 1280

470 392 617 435 tuam
650 377 951 443 audaciam,
991 376 1118 447 quin
1152 374 1326 445 magis
1349 373 1608 429 deﬂemus
1639 382 1709 437 te,
1736 371 1876 439 quod
1931 384 2033 421 non

2142 363 2416 436 διερειινᾷν
2460 368 2528 421 τὰ
2592 370 3005 442 ἀνεξερεύνητα,
3046 373 3434 442 καταγέλῶμ-ἐν
3483 393 3569 430 σον
3615 378 3713 446 τὴν

465 473 600 526 wlis
635 470 739 525 ﬁde
770 469 1072 539 intelligere
1146 465 1315 519 Deum
1368 478 1583 532 semper
1640 462 1854 516 Patrem
1915 459 2034 514 Filii

388 610 399 631 ,
460 564 566 627 uti,
602 561 1004 630 etunigenitum
1025 572 1178 612 suum
1210 557 1655 623 Filium,semper
1676 554 1789 620 ejus
1820 550 2032 609 Filium,

394 639 400 657 ⁸
462 669 676 722 semper
710 667 830 705 eum
859 649 1020 703 Patre
1063 647 1229 702 fuisse
1284 663 1389 701 non
1436 646 1814 716 posteriorem,
1865 653 1925 697 ut
1981 654 2033 695 ιιι

462 747 627 815 impie
667 742 890 798 asseris.
942 738 1046 795 Sed
1088 740 1190 793 title
1240 738 1479 808 intellige
1506 746 1668 805 atque
1718 736 2034 797 confiteare,

463 836 768 903 perfectum
824 830 1019 884 Filium
1042 843 1104 882 ex
1140 828 1401 897 perfecto,
1437 834 1496 880 ut
1529 841 1671 895 saepe
1704 823 1924 888 audisti,
1951 821 2034 875 lu-

461 943 582 982 men
621 936 881 979 aeternum
917 938 980 978 cx
1016 930 1221 976 :etcrno
1273 919 1493 984 lumine,
1531 918 1694 973 Deum
1756 930 1938 969 verum
1970 930 2034 968 ex

462 1032 585 1071 vero
610 1018 716 1070 Deo
742 1025 796 1070 et
836 1016 1015 1079 Patre,
1048 1014 1347 1066 incrcatum
1381 1025 1445 1064 ex
1469 1010 1731 1070 increato,
1755 1007 1873 1060 sine
1894 1021 2035 1061 com-

463 1108 730 1177 positione
756 1108 822 1161 ab
844 1121 910 1161 eo
941 1106 1030 1174 qui
1057 1102 1483 1171 compositionis
1514 1110 1595 1154 est
1626 1113 1844 1165 expers,
1887 1112 2032 1151 sem-

463 1216 558 1271 per
578 1200 931 1254 exsistentem
959 1200 1098 1264 apud
1127 1194 1381 1249 Patrem:
1442 1190 1530 1244 «In
1581 1189 1848 1259 principio
1891 1189 2033 1242 enim

461 1297 579 1342 crat
613 1288 865 1352 Verbum,
887 1294 942 1339 ut
967 1286 1042 1338 ait
1065 1283 1305 1339 Joannes
1331 1280 1680 1350 evangelista,
1710 1288 1764 1331 et
1794 1276 2033 1331 Verbum

461 1390 578 1434 erat
608 1380 746 1449 apud
795 1379 978 1443 Deum,
1027 1387 1081 1431 et
1118 1376 1256 1430 Deus
1307 1383 1428 1429 erat
1479 1374 1715 1428 Verbum
1734 1372 1837 1439 “,i
1879 1370 2032 1435 Illud,

463 1480 599 1535 erat,
642 1470 985 1540 philosophe,
1047 1483 1152 1522 non
1213 1466 1375 1521 habet
1438 1465 1647 1534 aliquid
1689 1464 2029 1535 praecedens:

467 1561 617 1625 illud,
648 1570 786 1625 erat,
813 1560 1153 1629 philosophe,
1181 1558 1319 1613 tollit
1342 1557 1483 1627 quod
1519 1571 1621 1610 non
1646 1563 1784 1623 erat,
1813 1564 1868 1609 ut
1888 1554 2035 1625 prius

466 1655 830 1709 ostendimus:
864 1662 920 1708 et
958 1653 1108 1719 illud,
1160 1652 1319 1717 Deus,
1383 1649 1523 1705 tollit
1582 1648 1734 1719 quod
1788 1664 1892 1703 non
1951 1656 2035 1702 est

471 1748 630 1801 Deus.
664 1745 892 1814 Scriptis
919 1745 1102 1807 crede,
1134 1757 1256 1812 quae
1284 1756 1390 1795 non
1418 1741 1617 1808 scripta
1649 1747 1796 1804 sunt,
1829 1753 1895 1793 ne
1945 1752 2036 1793 co-

469 1837 627 1903 gites,
660 1828 762 1888 nec
800 1832 1064 1901 inquiras.
1130 1830 1339 1885 Credas
1383 1831 1525 1899 quod
1575 1829 1755 1884 omnia
1799 1828 2039 1882 condidit

476 1925 644 1980 Filius
677 1940 797 1993 qua:
827 1924 967 1978 facta
998 1932 1121 1977 sunt
1146 1922 1423 1976 voluntate
1467 1920 1663 1987 Patris,
1713 1935 1819 1975 non
1849 1920 2041 1975 oculo-

473 2032 587 2069 rum
632 2015 826 2070 intuitu
856 2014 1023 2084 (Deus
1048 2014 1189 2068 enim
1246 2011 1662 2082 compositionis
1687 2021 1771 2067 est
1820 2024 2037 2080 expers,

472 2119 525 2159 ut
557 2105 945 2176 praediximus),
979 2106 1072 2158 sed
1105 2105 1398 2169 voluntate,
1427 2113 1485 2158 ut
1519 2105 1634 2172 ipse
1679 2102 1825 2158 solus
1852 2101 2035 2157 novit:

471 2196 611 2264 quod
647 2210 743 2250 nos
771 2194 898 2249 Fide
932 2194 1298 2266 intelligentes
1327 2192 1707 2263 praedicamus,
1738 2193 1891 2259 juxta
1915 2206 2041 2245 sau-

1643 2286 1785 2354 quod
1865 2282 2040 2338 Patris

472 2380 698 2435 t-onsilio
736 2394 800 2433 ac
859 2393 958 2434 suo
996 2379 1240 2434 condidit
1302 2393 1522 2434 omnem
1581 2388 1915 2441 creaturam,
1987 2383 2042 2429 et

472 2487 591 2541 qua:
667 2472 718 2525 in
798 2471 937 2525 coelo
977 2480 1078 2538 est,
1121 2480 1174 2524 et
1245 2485 1365 2537 quae
1455 2471 1506 2523 in
1579 2479 1748 2533 terra,
1826 2477 2042 2536 etquae

480 2563 714 2625 videtur,
789 2570 844 2615 et
910 2576 1029 2631 qua:
1095 2560 1452 2630 intelligentia
1531 2561 1855 2630 percipitur,
1935 2573 2041 2613 non

473 2652 880 2717 instrumentis,
969 2660 1063 2706 aut
1125 2653 1424 2719 machinis,
1501 2668 1598 2708 nec
1675 2653 1898 2722 alicujus
1961 2651 2043 2704 al-

473 2748 639 2801 terius
682 2747 916 2814 auxilio,
961 2748 1092 2812 sed,
1135 2756 1194 2801 ut
1236 2748 1396 2817 paulo
1446 2758 1572 2802 ante
1623 2748 1854 2801 diximus
1884 2786 1898 2811 ,
1947 2761 2043 2800 vo-

476 2839 679 2892 luntate
722 2837 938 2903 Patris,
978 2839 1069 2907 qui
1110 2838 1176 2893 ad
1209 2838 1379 2909 ipsum
1426 2850 1478 2894 et
1512 2838 1578 2892 ad
1622 2838 1879 2908 Spiritum
1920 2853 2046 2892 san-

472 2942 617 2983 etum
653 2930 858 2983 locutus
893 2940 1015 2984 est:
1059 2949 1078 2981 ι
1105 2929 1392 2984 Faciamus
1437 2930 1709 2983 hominem
1760 2930 1823 2983 ad
1857 2929 2040 2997 imagi-

2138 458 2361 525 τόλμαν,
2398 459 2594 528 μᾶλλον
2628 461 2682 513 δὲ
2714 464 2806 515 καὶ
2836 463 3140 533 πενοοῦμέν
3195 480 3276 527 σε,
3317 466 3397 516 ὅτι
3433 467 3493 516 οὐ
3534 466 3716 521 πίστει

2147 546 2320 610 Θέλεις
2360 551 2499 601 νοεῖν
2544 550 2633 602 τὸν
2660 553 2792 605 Θεὸν
2838 555 2927 606 ἀεὶ
2970 555 3189 625 Πατέρα
3232 554 3326 607 τοῦ
3368 554 3501 608 Υἱοῦ
3529 558 3712 613 αὑτοῦ.

2139 637 2229 688 καὶ
2259 638 2348 689 τὸν
2378 641 2640 709 μονογενῆ
2667 642 2792 694 Υἰὸν
2823 643 3007 707 αὐτοῦ,
3040 645 3124 696 ἀεὶ
3157 645 3288 698 Υἱὸν
3318 645 3484 698 αὐτοῦ
3521 665 3715 701 συνυπ-

2143 728 2373 797 άρχοντα
2432 732 2517 782 ἀεὶ
2567 731 2641 802 τῷ
2691 734 2905 803 Πατρι,
2960 735 3051 788 καὶ
3103 737 3163 788 οὐ
3221 736 3707 807 μεταγενέστερον,

2140 819 2318 882 καθὼς
2342 822 2404 873 σὺ
2425 821 2637 885 ἀσεϐῶς
2666 826 2791 894 φής.
2820 824 2979 879 Ἀλλά
2997 825 3104 879 νόει
3125 825 3324 888 πίστει,
3351 826 3446 880 καὶ
3472 827 3718 897 ὁμολόγει

2137 910 2338 962 τέλειον
2382 913 2443 964 ἐκ
2487 913 2687 966 τελείου
2736 917 2825 968 τὸν
2860 916 3005 981 Υίὸν,
3044 918 3119 982 ὡς
3154 918 3413 983 πολλάκις
3458 920 3715 990 ἤκουσας.

2146 1002 2260 1069 φῶς
2312 1004 2480 1056 ἀΐδιον
2552 1007 2615 1058 ἐκ
2667 1007 2843 1075 φωτὸς
2889 1009 3097 1076 ἀϊδίου,
3176 1010 3310 1065 Θεὸν
3360 1012 3610 1083 ἀληθινὸν
3662 1014 3719 1080 ἐξ

2137 1094 2391 1162 ἀληθινοῦ
2432 1096 2567 1149 Θεοῦ
2616 1100 2710 1151 καὶ
2782 1100 3014 1172 Πατρὸς,
3044 1103 3301 1158 ἀκτιστον
3341 1104 3399 1168 ἐξ
3439 1106 3718 1172 ἀκτίστου,

2143 1184 2435 1238 ἀσύνθετον
2487 1188 2545 1252 ἐξ
2576 1189 2899 1256 ἀσυνθέτου,
2921 1192 3005 1244 ἀεὶ
3033 1192 3160 1245 ὄντα
3184 1194 3321 1263 πρὸς
3350 1195 3441 1247 τὸν
3475 1197 3715 1266 Πατέρα·

2144 1296 2162 1328 ι
2209 1276 2297 1328 Ἐν
2321 1278 2462 1347 ἀρχῇ
2503 1278 2612 1349 γὰρ
2644 1276 2711 1348 ἦν
2740 1283 2768 1333 6
2795 1281 2972 1350 λόγος,
3016 1283 3159 1335 καθά
3191 1302 3354 1353 φησιν
3396 1285 3650 1355 Ἰωάννης
3692 1290 3720 1341 6

2137 1368 2550 1441 εὐαγγελιστὴς,
2580 1371 2673 1423 καὶ
2690 1371 2717 1422 6
2737 1372 2907 1439 Λόγος
2929 1370 2997 1444 ἧν
3023 1375 3154 1443 πρὸς
3180 1375 3267 1427 τὸν
3283 1376 3437 1438 Θεὸν,
3470 1380 3564 1431 καὶ
3591 1380 3719 1443 Θεὸς

2136 1456 2203 1531 ἦν
2237 1462 2265 1513 6
2290 1462 2480 1530 Λόγος.
2524 1482 2542 1514 ι
2581 1464 2653 1516 Τὸ
2692 1460 2779 1531 ἦν,
2824 1465 3101 1534 φιλόσοφε,
3148 1467 3209 1520 τὸ
3242 1470 3597 1539 προῦπάρχον
3625 1473 3720 1524 οὐκ

2137 1553 2278 1623 ἔχει·
2318 1553 2376 1606 τὸ
2406 1550 2493 1624 ἦν,
2532 1554 2806 1624 φιλόσοφε,
2838 1560 3171 1629 περιγράφει
3212 1560 3273 1612 τὸ
3304 1560 3402 1612 οὐκ
3451 1557 3540 1631 ἦν,
3582 1563 3719 1615 καθὰ

2139 1647 2609 1717 προαπεδείξαμεν
2642 1665 2655 1677 ·
2714 1649 2807 1700 καὶ
2866 1649 2926 1702 τὸ
2974 1650 3105 1713 Θεὸς
3164 1653 3496 1723 περιγράφει
3554 1654 3619 1707 τὸ
3662 1656 3716 1707 οὐ

2140 1735 2306 1799 Θεός·
2345 1737 2471 1799 Τοῖς
2512 1739 2915 1810 γεγραμμένοις
2959 1740 3201 1804 πίστευε,
3254 1740 3321 1793 τά
3374 1741 3450 1812 μὴ
3477 1760 3720 1814 γεγραμ-

2143 1826 2279 1897 μένα
2336 1827 2412 1897 μὴ
2464 1830 2653 1893 ἐννόει,
2716 1829 2849 1899 μηδὲ
2897 1829 3070 1899 ζήτει.
3124 1831 3353 1883 Πίστευέ
3405 1833 3487 1885 ὅτι
3545 1835 3719 1886 πάντα

2142 1917 2304 1980 αὐτὸς
2360 1917 2792 1989 ἐδημιούργησεν
2829 1922 2857 1973 6
2910 1920 3036 1983 Υἱὸς
3076 1921 3141 1973 τὰ
3196 1924 3542 1995 γεγενημένα
3607 1924 3717 1975 νεό-

2145 2024 2276 2078 ματι
2316 2007 2587 2078 πατρικῷ,
2616 2008 2716 2062 οὐκ
2749 2009 3043 2081 ὀφθαλμῶν
3077 2010 3381 2083 βλέμματι·
3428 2013 3715 2076 ἀσύνθετος

2140 2098 2249 2168 γάρ
2314 2100 2342 2150 6
2399 2098 2569 2163 Θεὸς,
2631 2100 2708 2163 ὠς
2758 2104 3201 2173 προειρήκαμεν·
3249 2103 3386 2157 ἀλλά
3445 2105 3713 2173 νεύματι,

2142 2191 2218 2255 ὡς
2267 2192 2425 2255 αὐτὸς
2479 2188 2587 2246 οἶδε
2641 2193 2831 2264 μόνος·
2874 2196 3010 2264 ὅπερ
3042 2198 3202 2265 ἡμεῖς
3246 2197 3425 2250 πίστει
3473 2198 3714 2260 νοοῦντες

2142 2282 2531 2354 κηρύττομεν,”
2552 2284 2689 2355 μετά
2730 2285 2828 2355 τὴν
2858 2286 3204 2340 διδασκαλίαν
3247 2288 3354 2341 τῶν
3391 2289 3552 2359 ἱερῶν
3588 2290 3713 2359 Γραυ

2145 2375 2281 2445 φῶν,
2311 2377 2391 2429 ὅτι
2420 2375 2579 2447 βουλῇ
2603 2376 2696 2430 τοῦ
2715 2378 2928 2449 Πατρὸς
2950 2380 3042 2431 καὶ
3071 2380 3264 2433 ἑαυτοῦ
3287 2381 3540 2451 δεδημιοό
3552 2399 3713 2451 ργηκε

2145 2470 2325 2522 πᾶσαν
2355 2474 2455 2540 τὴν
2491 2469 2666 2523 κτίσιν
2699 2472 2797 2541 τήν
2837 2488 2893 2523 τε
2942 2472 3265 2543 ἐπουράνιον
3311 2473 3406 2526 καὶ
3455 2474 3712 2538 ἐπίγειον,

2144 2559 2241 2629 τήν
2256 2575 2315 2610 τε
2331 2558 2615 2629 ὁρωμένην
2631 2559 2725 2611 καὶ
2740 2558 3056 2631 νοουμένην,
3076 2562 3175 2613 οὐκ
3189 2562 3464 2630 ὀργάνοις,
3482 2562 3611 2615 οὔτε
3626 2580 3717 2633 μη-

2145 2651 2352 2718 χαναῖς,
2370 2648 2490 2701 οὐδὲ
2510 2650 2768 2720 συνεργία
2788 2651 2932 2714 τινὸς
2953 2652 3039 2705 ἑτέ
3048 2669 3164 2723 ρου,
3181 2651 3318 2705 ἀλλά
3335 2652 3595 2723 βουλήσει
3618 2656 3717 2707 [Iz-

2144 2742 2301 2812 τρὸς,
2341 2742 2487 2796 καθά
2519 2742 2721 2815 ἀρτίως
2775 2746 3099 2815 εἰρήκαμεν,
3153 2744 3247 2798 τοῦ
3295 2746 3549 2809 εἰπόντος
3588 2746 3715 2817 πρὸς

2146 2832 2310 2884 αὐτὸν
2340 2833 2434 2884 καὶ
2460 2832 2519 2885 τὸ
2556 2832 2778 2902 Πνεῦμα
2801 2833 2861 2885 τὸ
2888 2835 3041 2901 ἃγιον
3066 2850 3077 2862 ·
3114 2852 3132 2885 ι
3163 2834 3491 2904 Ποιήσωμεν
3513 2834 3720 2904 ἀνθρω-

2149 2940 2247 2974 πον
2278 2923 2399 2975 κατ’
2441 2924 2626 2976 εἰκόνα
2660 2925 2938 2996 ἡμετέραν
2970 2927 3064 2978 καὶ
3100 2925 3223 2978 καθ’
3252 2925 3519 2996 ὁμοίωσιν
3555 2944 3577 2976 ι
3613 2925 3718 2980 06x

473 3034 593 3071 nem
626 3027 680 3071 et
711 3017 1119 3072 similitudinem
1153 3028 1396 3072 nostram
1418 3016 1487 3070 ⁸⁷.
1537 3034 1555 3068 ›
1595 3016 1710 3071 Νοιι
1744 3016 1879 3070 dixit
1906 3015 2034 3079 Fac,

2144 3009 2287 3081 εἶπε,
2309 3016 2570 3085 Ποίησον»
2596 3016 2627 3086 ἢ
2661 3017 2953 3087 Ποιήσατε,
2982 3017 3119 3072 ἀλλά
3135 3019 3485 3090 Ποιήσωμεν,
3508 3017 3715 3080 δεικνὺς

475 3124 574 3161 nec
613 3106 817 3171 Facite,
848 3107 938 3161 sed
973 3106 1297 3174 Faciamus;
1330 3108 1622 3162 ostemlens
1664 3108 1715 3161 id
1757 3108 1898 3176 quod
1955 3116 2041 3162 est

468 3199 954 3265 t-nnSttlistantiale,
1003 3198 1243 3265 ejusdem
1280 3200 1504 3254 honoris
1556 3200 1607 3252 in
1654 3198 1808 3253 beata
1856 3199 1947 3252 illa
1987 3207 2042 3254 et

472 3289 724 3346 ineffabili
767 3290 1031 3344 trinitate.
1069 3287 1146 3343 Ne
1190 3290 1591 3353 obmurmures,
1639 3304 1671 3342 o
1699 3289 2037 3358 philosophe,

473 3395 648 3451 neque
703 3380 893 3435 oculos
945 3394 1163 3434 moveas
1209 3398 1221 3434 :
1272 3379 1366 3435 sed
1420 3379 1616 3435 mentis
1668 3379 1867 3434 intuitu
1919 3381 2040 3436 vide

469 3472 889 3541 apostolicorum
922 3472 1236 3540 dogmatum
1279 3472 1669 3542 integritatem,
1706 3486 1770 3527 ac
1810 3472 2040 3527 ﬁdeliter

470 3565 707 3633 suscipe,
755 3578 861 3618 non
900 3563 1128 3632 amplius
1158 3563 1393 3619 inﬁdelis
1434 3564 1724 3627 exsistcns,
1760 3565 1853 3618 sed
1906 3564 2038 3620 iide-

468 3655 553 3710 lis.
592 3654 732 3708 Audi
784 3668 914 3722 ergo
956 3664 1123 3724 atque
1168 3654 1427 3724 intellige.
1472 3654 1566 3708 Dei
1608 3653 1843 3710 Verbum
1896 3655 2037 3723 quod

469 3747 568 3797 fuit
623 3754 748 3799 ante
801 3745 1016 3811 smcula,
1076 3745 1245 3799 Filius
1287 3745 1479 3814 ipsius,
1531 3746 1597 3798 ad
1643 3760 1801 3815 quem
1856 3746 2032 3800 dixit:

472 3854 490 3886 ι
530 3836 814 3892 Faciamus
848 3837 1139 3903 hominem,
1173 3856 1190 3890 ι
1231 3846 1284 3892 et
1320 3853 1438 3907 qua:
1480 3846 1818 3908 sequuntur,
1864 3838 2033 3906 ipsum

467 3944 659 3984 rursus
688 3928 739 3982 in
771 3929 961 3983 diebus
989 3928 1299 3983 novissimis
1323 3938 1379 3983 et
1409 3926 1585 3983 Patris
1615 3939 1670 3984 et
1699 3944 1797 3983 sua
1828 3937 2037 3983 senten-

396 4016 403 4032 '
466 4019 538 4072 tia
580 4020 742 4074 homo
765 4020 965 4074 factum
1011 4029 1116 4086 εει,
1163 4021 1504 4075 incarnatum
1532 4035 1599 4074 ex
1627 4019 1867 4089 Virgine,
1922 4037 2039 4089 pro-

463 4122 588 4179 pter
622 4126 746 4165 eum
789 4112 879 4179 qui
914 4112 1097 4181 lapsus
1142 4121 1248 4177 est,
1280 4111 1580 4177 Adamum;
1632 4112 2032 4180 incorporeum,

465 4218 586 4256 cum
636 4203 690 4256 in
740 4218 968 4271 corpore
1003 4204 1354 4273 semetipsum
1391 4203 1746 4267 exinanisset,
1794 4212 1854 4256 ut
1901 4202 2036 4256 dixit

468 4284 742 4363 apostolus
784 4294 983 4350 Paulus
1002 4295 1069 4361 ⁸⁸,
1123 4308 1359 4368 propter,
1396 4310 1595 4365 corpus
1641 4295 1847 4363 accepit
1895 4294 2035 4348 Deus

2146 3108 2207 3162 τὸ
2239 3110 2526 3179 ὀμοούσιον
2566 3110 2660 3161 καὶ
2703 3109 2965 3178 ὁμότιμον
2998 3110 3090 3163 ἐπὶ
3138 3110 3238 3180 τῆς
3267 3112 3548 3182 μακαρίας
3575 3110 3715 3164 ὲκεί-

2147 3217 2244 3269 νης
2278 3200 2370 3251 καὶ
2414 3201 2694 3269 ἀφράστου
2736 3200 2971 3270 τριάδος.
3024 3202 3133 3253 Καὶ
3160 3201 3235 3272 μὴ
3279 3199 3709 3271 ὑπογὸγγυζε,ὦ

2147 3288 2425 3357 φιλόσοφε,
2464 3289 2557 3340 καὶ
2591 3289 2718 3350 τοὺς
2767 3288 3083 3359 ὀφθαλμοὺς
3124 3289 3406 3353 ἀνακίνει,
3441 3291 3581 3343 ἀλλά
3622 3292 3713 3361 δρα

2146 3379 2222 3448 τῷ
2245 3378 2344 3447 τῆς
2379 3378 2616 3440 διανοίας
2646 3377 2920 3448 βλέμματι
2956 3379 3054 3450 τὴν
3089 3379 3198 3433 τῶν
3229 3380 3610 3433 ἀποστολικῶν
3642 3380 3715 3433 δο-

2145 3474 2372 3541 γμάτων
2393 3472 2703 3542 ἀκρίϐειαν,
2726 3474 2820 3526 καὶ
2854 3473 3009 3547 δέχου
3034 3472 3265 3536 πιστῶς,
3304 3472 3379 3544 μὴ
3414 3473 3501 3525 ἐπὶ
3533 3473 3713 3524 πλεῖον

2146 3564 2438 3633 γενόμενος
2494 3564 2741 3629 ἄπιστος,
2800 3563 2938 3616 ἀλλὰ
2987 3563 3198 3627 πιστός.
3248 3564 3446 3617 ΙἈκουε
3500 3559 3591 3617 οὖν
3626 3564 3714 3616 καὶ

2148 3655 2323 3717 σύνες.
2350 3656 2412 3709 '0
2440 3655 2532 3707 τοῦ
2564 3654 2697 3707 Θεοῦ
2721 3654 2898 3722 λόγος,
2932 3657 2959 3707 6
2991 3654 3096 3724 πρὸ
3124 3653 3339 3708 αἰώνων
3369 3654 3536 3708 αὑτοῦ
3569 3655 3709 3716 Υἱὸς.

2145 3746 2281 3817 πρὸς
2304 3747 2362 3799 ὸ]
2384 3742 2534 3801 εἷπε·
2565 3766 2582 3797 ι
2619 3749 2939 3817 Ποιήσωμεν
2956 3747 3263 3818 ἄνθρωπον,
3292 3767 3309 3797 ι
3342 3748 3525 3800 καὶτὰ
3556 3747 3677 3815 ἑξῆς
3696 3762 3707 3774 ·

2144 3837 2304 3901 αὐτὸς
2335 3838 2495 3891 πάλιν
2531 3841 2614 3892 ἐπ’
2651 3840 2896 3908 ἐσχάτων
2928 3838 3036 3892 τῶν
3071 3841 3294 3911 ἡμερῶν
3330 3839 3494 3910 βουλῇ
3526 3856 3701 3909 πατριυ

2155 3933 2225 4002 κῇ
2250 3931 2344 3984 καὶ
2375 3932 2552 4000 οἰκείᾳ
2576 3931 2860 4001 ἄνθρωπος
2889 3930 3107 3998 γέγονε,
3143 3930 3455 4001 σαρκωθεὶς
3480 3932 3542 3982 ὲκ
3575 3931 3712 3998 Παρ-

2144 4023 2300 4077 θένου
2331 4023 2418 4077 διὰ
2449 4023 2541 4074 τὸν
2575 4023 2882 4076 ἐκπεσόντα
2928 4023 3217 4092 ἄνθρωπον
3263 4022 3439 4091 Ἀδάμ
3471 4038 3483 4051 ·
3515 4022 3543 4074 6
3578 4018 3708 4074 ἀσὼ·

2146 4135 2316 4186 ματος
2381 4120 2437 4169 έν
2497 4116 2709 4187 σώματι
2775 4118 3021 4183 κενώσας
3076 4119 3288 4184 ἑαυτὸν,
3355 4118 3431 4181 ὡς
3486 4113 3706 4171 εἶπενῦ

2150 4208 2447 4271 ἀπόστολος
2478 4208 2709 4272 Παῦλος,
2747 4207 2838 4260 διὰ
2865 4207 2924 4260 τὸ
2945 4209 3126 4278 σῶμα,
3163 4208 3323 4262 ἔλαϐε
3351 4209 3513 4277 νέφος
3537 4210 3564 4261 6
3591 4206 3709 4267 Θεὸς

2141 4300 2316 4368 Λόγος
2334 4301 2394 4353 τὸ
2420 4301 2599 4371 σῶμα,
2622 4301 2707 4353 ἵνα
2730 4300 2804 4372 μὴ
2824 4302 3134 4372 καταφλέξῃ
3154 4300 3251 4363 τὰς
3276 4300 3503 4364 κτιστάς
3533 4299 3709 4367 φύσεις

466 4387 699 4441 Verbum
730 4389 925 4443 nubem
955 4391 1217 4459 corporis,
1249 4398 1307 4444 ut
1358 4398 1584 4443 naturas
1635 4396 1848 4444 creatas
1881 4388 2035 4455 hujus

2142 4391 2236 4454 τάς
2268 4393 2327 4445 ὲν
2356 4391 2431 4460 τῷ
2465 4392 2655 4462 κόσμῳ
2679 4410 2690 4421 ·
2731 4411 2750 4443 ι
2814 4391 2948 4445 Θεὸν
2981 4392 3087 4463 γὰρ
3144 4391 3317 4452 οὐδεὶς
3357 4390 3571 4461 ἑώρακε
3606 4389 3701 4441 πώ·

466 4478 651 4531 mundi
693 4493 798 4532 non
836 4480 1224 4534 combureret:
1261 4500 1278 4531 ι
1310 4480 1475 4533 Deum
1518 4479 1661 4534 enim
1711 4492 1869 4533 nemo
1908 4478 2041 4531 vidit

466 4582 699 4635 unquam
724 4567 793 4625 ".
830 4588 849 4621 ι
886 4570 1115 4625 Carnem
1144 4572 1371 4639 accepit,
1399 4580 1456 4625 ut
1499 4587 1629 4625 caro
1673 4579 1895 4640 propter
1934 4569 2038 4624 im-

463 4658 777 4712 mutabilem
829 4677 950 4714 cum
1001 4662 1118 4730 ipso
1168 4662 1220 4715 in
1279 4679 1443 4716 unum
1507 4662 1944 4733 conjunctionem
1992 4676 2022 4714 a

463 4760 636 4805 morte
683 4751 1007 4807 liberaretur
1040 4772 1054 4809 :
1085 4754 1374 4810 invisibilis
1405 4755 1695 4821 visibilem,
1743 4770 1803 4809 ut
1829 4771 1890 4809 ea
1915 4769 2035 4824 qua:

461 4843 731 4911 ridentur,
781 4845 1089 4901 sustineat:
1120 4848 1276 4916 quasi
1322 4850 1481 4904 homo
1514 4849 1569 4903 in
1618 4860 1885 4919 tempore,
1936 4845 2029 4902 sed

462 4948 651 4990 revera
707 4946 1016 5007 utrumque,
1065 4938 1208 4994 Deus
1255 4948 1306 4994 ct
1357 4942 1540 5005 homo,
1596 4942 1760 4995 ltomo
1804 4948 1856 4993 et
1892 4939 2031 4991 idem

464 5025 607 5084 Deus
636 5045 651 5084 :
685 5045 824 5084 unus
855 5032 996 5083 enim
1043 5047 1107 5086 ex
1149 5032 1413 5089 ambobus
1445 5033 1717 5094 Christus,
1760 5030 2031 5085 intellecta

462 5129 515 5174 et
548 5121 762 5190 cognita
796 5106 1219 5178 substantiarum
1265 5125 1567 5180 diﬂ‘erentia
1596 5126 1891 5179 divinitatis
1918 5124 2036 5192 ejus

460 5218 626 5279 atque
667 5212 869 5279 carnis,
916 5213 1055 5269 Deus
1098 5226 1218 5270 erat
1262 5226 1317 5269 et
1350 5228 1433 5271 cst
1465 5235 1477 5269 :
1508 5216 1681 5270 {artus
1726 5228 1808 5270 est
1853 5227 2033 5268 autem

461 5301 624 5358 hmno
654 5315 874 5375 propter
921 5309 1407 5377 dispensationem.
1442 5308 1667 5377 Propter
1695 5309 1870 5377 ipsum
1916 5322 2035 5376 pro-

464 5394 661 5462 phetae,
704 5405 925 5466 propter
958 5398 1131 5468 ipsum
1164 5399 1413 5469 apostoli,
1463 5408 1683 5469 prepter
1728 5415 1848 5452 cum
1898 5414 2035 5452 mar-

462 5491 628 5555 tyres.
664 5487 945 5560 Propheta:
976 5502 1195 5562 propter
1233 5505 1353 5545 cum
1386 5493 1475 5561 qui
1527 5508 1552 5544 a
1587 5492 1862 5562 prophetis
1895 5508 2031 5563 prac-

529 5645 578 5679 "
604 5645 762 5702 Joan.
795 5649 995 5716 1,1,2.
1076 5649 1119 5679 ³⁷
1152 5651 1286 5704 Gen.
1323 5668 1359 5713 ι,
1387 5652 1475 5703 9.6.
1552 5652 1596 5681 ⁸⁸
1622 5651 1736 5703 Piri?
1768 5670 1851 5721 pp.
1891 5666 1947 5713 Il,
1980 5652 2031 5701 7.

2146 4500 2296 4537 mre.
2340 4501 2358 4534 ι
2420 4482 2726 4553 Ἐκρατήθη
2765 4485 2963 4554 σαρκὶ,
3002 4483 3090 4536 ἵνα
3126 4483 3219 4534 καὶ
3265 4483 3296 4552 ἡ
3335 4482 3474 4551 σὰρξ
3505 4481 3594 4534 διὰ
3625 4480 3709 4549 τῆς

2143 4574 2282 4643 πρὸς
2306 4573 2474 4629 αὐτὸν
2503 4573 2773 4645 ἀτρέπτον
2793 4571 3038 4637 ⁸1ὲνιιῦσιιως
3064 4572 3412 4645 ἐλευοηρωϐῇ
3438 4571 3534 4626 τοῦ
3558 4570 3700 4625 Θανάο

2138 4681 2254 4727 του,
2297 4666 2548 4737 ἀόρατος,
2587 4667 2644 4717 ἐν
2687 4664 2889 4736 ὁρατῷ,
2928 4666 3012 4719 ἵνα
3045 4667 3293 4737 ὑπομένῃ
3327 4665 3394 4718 τὰ
3424 4666 3707 4735 ὁρώμενα·

2140 4757 2215 4821 ὡς
2249 4757 2536 4828 ἅνθρωπος
2571 4758 2676 4810 ὑπὸ
2704 4758 2916 4828 χρόνον,
2961 4756 3074 4811 ἀλλ’
3114 4758 3343 4828 ἀληῢείᾳ
3378 4757 3503 4811 κατ’
3540 4755 3703 4826 ἀμφό-

2144 4865 2279 4920 τερα
2308 4848 2442 4910 Θεὸς
2473 4848 2568 4901 καὶ
2600 4848 2905 4920 ἄνθρωπος,
2947 4847 3232 4920 ἄνθρωπος
3266 4848 3363 4902 καὶ
3391 4848 3527 4912 Θεὸς
3561 4848 3589 4899 6
3620 4847 3704 4900 a6-

2139 4940 2232 5001 τός
2253 4951 2263 4963 ·
2290 4932 2370 5000 εἷς
2391 4938 2498 5009 γὰρ
2524 4937 2582 5002 ἐξ
2601 4939 2803 5007 ἀμφοῖν
2824 4938 3058 5007 Χριστὸς
3082 4938 3381 5010 νοουμένης
3411 4940 3508 4993 καὶ
3524 4954 3702 5007 γνωρι-

2145 5027 2383 5098 ζομένης
2417 5029 2514 5098 τῆς
2543 5027 2804 5098 διαφορᾶς
2836 5028 2944 5083 τῶν
2966 5029 3185 5096 οὐσιῶν,
3218 5030 3321 5100 τῆς
3363 5048 3423 5083 τε
3465 5029 3703 5100 θεότητος

2141 5119 2306 5174 αὑτοῦ
2342 5120 2436 5173 καὶ
2466 5120 2564 5189 τῆς
2599 5120 2818 5190 σαρκὸς,
2877 5120 3009 5180 Θεὸς
3036 5116 3104 5191 ἦν
3157 5123 3249 5181 καὶ
3296 5121 3416 5175 ἐστι
3448 5139 3460 5150 ·
3495 5120 3703 5190 γέγονεν

2136 5212 2235 5267 ἄνο
2245 5229 2426 5280 ρωπος
2445 5211 2854 5282 διὀἰκονομὶαν.
2870 5212 2947 5266 Δι’
2968 5212 3130 5267 αὐτὸν
3153 5215 3454 5285 προφῆται,
3471 5215 3536 5268 δι’
3553 5209 3704 5267 αὐτὸν

2136 5304 2450 5367 ἀπόστολοι,
2468 5303 2535 5356 δι’
2559 5304 2719 5357 αὑτὸν
2744 5305 3043 5376 μάρτυρες·
3066 5306 3344 5376 προφῆται
3368 5307 3456 5361 διὰ
3486 5308 3573 5359 τὸν
3590 5319 3715 5373 προ-

2141 5401 2501 5470 φητευθέντα,
2532 5399 2821 5453 ἀπόστολοι
2840 5401 2928 5453 διά
2948 5401 3039 5453 τὸν
3062 5400 3473 5471 ἀπεσταλμένον
3512 5403 3698 5453 οἰκονο-

2142 5490 2338 5561 μικῶς,
2370 5490 2644 5561 μάρτυρες
2671 5489 2759 5544 διὰ
2778 5490 2868 5545 τὸν
2898 5491 3362 5563 πρωτομάρτυρα.
3382 5489 3551 5546 Ἦλοε
3580 5485 3701 5540 Θεὸς

2117 5653 2159 5681 "9
2194 5648 2347 5704 Juno.
2382 5665 2418 5714 ι,
2453 5648 2537 5702 i8.
