4042 6142
365 263 496 330 1281

1239 267 1606 328 HISTORIA
1643 265 1976 329 CONCILII
2014 265 2326 331 NICIENI.
2365 294 2434 305 —
2471 267 2618 330 LIB.
2659 271 2743 332 ΙΙ.

3475 274 3494 337 l
3507 276 3610 341 232

363 376 454 428 ἰπὶ
489 374 612 445 γῆς,
643 377 670 430 6
694 376 820 438 Υἱὸς
855 376 1019 448 σαρκὶ
1049 375 1280 449 κρύψας,
1313 377 1387 441 ὼς
1413 375 1713 447 ἠϐουλήθη,
1753 375 1814 428 τὸ
1835 375 1923 446 τῆς

2037 375 2214 430 dictus
2247 385 2332 432 est
2361 393 2374 430 :
2412 377 2638 448 apostoli
2671 385 2892 447 propter
2918 380 3182 450 eum,.qui
3210 379 3608 451 dispensatorie

361 465 528 518 αὐτοῦ
541 466 792 536 θεότητος
811 466 1057 538 μέγεθος,
1075 469 1174 520 οὐκ
1196 467 1490 539 ἐρημώσας
1502 466 1568 521 τὰ
1591 467 1928 537 ἑνούρανοῖς·

362 557 484 610 οὐδὲ
511 557 619 628 γὰρ
642 559 852 628 προτοῦ
874 559 1224 630 σαρκωθῆναι
1241 559 1338 632 ἔρη
1349 576 1446 629 μος
1463 557 1670 612 αύτοῦὁ
1701 557 1927 628 κόσμος,

2038 466 2236 522 missus
2281 476 2336 522 et
2389 469 2666 536 apostolus
2699 467 2871 524 factus
2922 480 3005 525 est
3035 487 3050 524 :
3082 481 3350 543 martyres
3392 484 3610 543 propter

2038 557 2286 610 eumdem
2340 569 2822 627 protomartyrem.
2872 557 3036 614 Venit
3069 558 3207 615 Deus
3271 563 3324 614 in
3366 571 3592 618 terram.

361 647 495 710 Θεὸς
523 644 592 719 ἦν
629 649 723 702 καὶ
749 649 885 712 ἔστι,
918 651 1106 718 γέγονε
1155 651 1250 704 καὶ
1293 650 1580 722 ἄνθρωπος
1628 649 1700 702 δι’
1727 651 1923 702 οἰκονο-

2037 645 2205 700 Filius
2251 646 2302 700 in
2335 661 2576 712 carnem,
2612 649 2896 704 occultans
2925 659 2983 703 ut
3019 649 3211 713 voluit,
3265 665 3375 705 sua:
3409 653 3602 706 divini-

364 735 517 800 μίαν,
547 737 855 808 σαρκωθεὶς
883 740 979 792 καὶ
995 741 1205 811 τεχθεὶς
1234 743 1299 793 ἐκ
1323 740 1602 810 Παρθένου
1632 740 1699 793 δι’
1723 740 1930 793 οἰκείαν

2045 737 2170 792 tatis
2207 738 2661 806 magnitudinem,
2696 754 2800 795 non
2827 753 2891 795 ea
2927 755 3048 810 quae
3085 741 3139 794 in
3173 741 3329 796 caelis
3354 751 3481 796 sunt
3509 743 3609 796 cle~

360 826 792 897 φιλανθρωπίαν.
838 830 1020 895 ’Ἄξιον
1051 832 1251 884 ἑαυτοῦ
1283 831 1377 885 καὶ
1409 831 1522 885 ἴσον
1550 831 1679 884 Υίὸν
1713 831 1923 899 ἐγέννη-

2033 843 2252 896 serens;
2304 844 2480 899 neque
2523 831 2666 884 enim
2721 839 2849 886 ante
2902 819 3333 886 incarnationem
3363 833 3608 887 desertus.

361 932 453 970 σεν
487 919 515 970 6
561 920 770 990 Πατὴρ.
821 921 898 984 ὠς
951 917 1090 974 οἶδεν
1113 924 1160 990 ,ὁ
1189 923 1455 993 γεννήσας
1481 921 1642 976 αὐτὸν
1674 921 1808 984 Θεὸς
1840 922 1933 974 καὶ

358 1008 568 1080 Πατὴρ,
603 1013 698 1064 καὶ
742 1012 772 1064 6
815 1011 874 1076 ἐξ
907 1013 1071 1066 αὐτοῦ
1090 1013 1484 1086 γεγεννημένος
1514 1011 1665 1076 Υἱὸς,
1700 1007 1744 1065 ὦ
1776 1010 1928 1082 φιλό-

360 1115 510 1168 cogas.

2038 919 2106 971 ab
2131 933 2194 972 eo
2228 927 2343 973 erat
2381 919 2636 974 mundus.
2668 919 2810 975 Deus
2850 928 2969 975 erat
3008 929 3192 986 etest,
3245 930 3300 976 et
3331 922 3502 976 factus
3528 931 3610 975 est

2036 1009 2196 1062 homo
2225 1017 2446 1077 propter
2479 1009 2965 1083 dispensationem,
2998 1011 3311 1066 incarnatus
3349 1021 3404 1065 et
3443 1022 3607 1066 natus

2037 1113 2102 1153 ex
2159 1097 2384 1168 Virgine
2437 1110 2658 1168 propter
2697 1115 2852 1153 suam
2902 1115 3028 1170 erga
3071 1116 3242 1169 genus
3309 1101 3602 1155 humanum

359 1192 700 1248 charitatem.
745 1193 907 1249 Pater
953 1197 1170 1266 dignum
1221 1197 1396 1266 seipso
1442 1207 1495 1251 et
1522 1197 1785 1266 arqualem
1853 1191 2041 1262 genuit
2107 1190 2320 1252 Filium,
2358 1206 2423 1245 eo
2490 1194 2646 1245 modo
2710 1205 2870 1259 quem
2913 1191 3060 1246 novit
3088 1191 3200 1260 ipse
3229 1194 3318 1261 qui
3354 1207 3476 1246 eum
3508 1208 3604 1262 ge-

359 1287 474 1341 nuit
519 1286 656 1341 Deus
687 1297 738 1341 ct
784 1289 962 1356 Pater,
1005 1302 1058 1345 et
1091 1294 1180 1360 qui
1229 1308 1293 1345 ex
1334 1293 1445 1361 ipso
1482 1294 1691 1363 genitus
1725 1302 1806 1344 est
1837 1288 2031 1351 Filius,
2071 1299 2105 1339 ο
2141 1285 2481 1355 philosophe.

687 1400 1060 1470 Ἀντιζρῤησις
1106 1403 1212 1458 τοῦ
1240 1405 1605 1474 φιλοσόφου.

425 1510 515 1578 Μὴ
551 1511 643 1564 ἐπὶ
681 1511 932 1566 πλεῖστον
991 1513 1113 1566 ὅσον
1168 1515 1394 1585 ἐπίμενε
1457 1515 1774 1586 βιαζόμενος
1823 1513 1922 1586 τὴν

353 1599 632 1666 ἀλήθειαν,
667 1603 759 1655 καὶ
788 1606 854 1672 τῇ
876 1603 986 1656 τῶν
1009 1604 1182 1672 λόγων
1203 1605 1450 1676 εὐτεχνίᾳ
1479 1605 1817 1670 ἐπισκιάζειν
1845 1605 1922 1666 ὡς

2455 1397 2820 1454 Contradiclio
2864 1397 3178 1470 philosophi.

2099 1511 2180 1567 Ne
2226 1510 2469 1580 pluribus
2518 1526 2835 1580 perseveres
2887 1513 2993 1567 vim
3036 1513 3218 1568 facere
3262 1514 3496 1579 veritati,
3549 1523 3606 1570 ct

2029 1609 2314 1658 verborum
2367 1612 2482 1656 arte
2527 1603 2678 1672 quasi
2732 1605 2873 1658 nube
2909 1605 3234 1660 obumbrare
3281 1614 3452 1660 tentes
3499 1621 3603 1662 non

355 1686 515 1755 νέφος
545 1689 744 1759 πειρῶ,
775 1691 875 1761 τῆς
906 1691 1130 1763 Γραφῆς
1178 1695 1491 1765 ἁνάμίιυρον
1515 1695 1716 1763 φέγγος
1741 1710 1754 1724 ·
1786 1693 1921 1748 ἀλλὰ

2029 1697 2320 1750 obscurum
2349 1694 2652 1765 Scriptura:
2681 1709 2982 1750 sermonem
3011 1715 3023 1750 :
3057 1699 3148 1752 sed
3182 1700 3300 1750 veni
3331 1699 3397 1751 ad
3432 1697 3608 1750 mani-

351 1781 433 1842 είς
461 1779 522 1833 τὸ
550 1782 828 1850 προφανὲς
857 1783 959 1852 τῆς
991 1785 1210 1856 Γραφῆς
1233 1785 1354 1840 ἐλθὲ
1373 1829 1387 1852 ,
1417 1786 1479 1840 τὸ
1505 1787 1768 1857 προτεθὲν
1795 1802 1877 1839 σοι
1905 1802 1919 1816 ⁸

353 1873 448 1925 καὶ
481 1873 556 1942 μὴ
584 1873 750 1944 φεῦγε
779 1875 860 1939 τὸ,
894 1895 913 1927 ι
944 1877 1148 1950 Κύριος
1177 1879 1360 1932 ἔκτισέ
1387 1895 1452 1948 με
1472 1879 1647 1950 ἀρχὴν
1671 1879 1805 1932 ὁδῶν
1827 1881 1926 1932 αὐ-

271 2033 274 2035 ,
350 1964 446 2018 τοῦ
483 1967 562 2030 είς
589 1967 727 2037 ἔργα
781 1969 950 2022 αὑτοῦ
980 1985 994 2001 ’
1031 1990 1050 2022 ι
1112 1973 1204 2024 καὶ
1253 1972 1334 2036 τὸ,
1386 1991 1404 2023 ι
1450 1972 1654 2040 Κύριος
1699 1973 1923 2043 ἐποίησε

351 2057 536 2128 χώρας
565 2061 661 2114 καὶ
691 2061 1002 2131 ἀοικήτους,
1040 2064 1134 2116 καὶ
1177 2063 1322 2134 ἄκρα
1375 2064 1666 2134 οἰκούμενα
1690 2065 1791 2136 τῆς
1829 2065 1922 2118 ὑπ’

351 2153 579 2222 οὐρανόν
605 2168 620 2184 ο
663 2173 682 2205 ι
722 2153 851 2222 μίαν
907 2153 1001 2206 καὶ
1031 2154 1128 2224 τὴν
1179 2154 1348 2225 αὐτὴν
1401 2153 1520 2224 ἔχει
1552 2155 1763 2208 ἔννοιαν
1781 2155 1921 2234 περὶ

352 2243 448 2295 τοῦ
481 2244 599 2306 ἐνὸς
658 2244 890 2315 Κυρίου.
940 2243 1128 2298 Ταῦτά
1173 2246 1293 2298 ἐστι
1341 2245 1436 2298 τοῦ
1486 2245 1644 2311 Θεοῦ,
1679 2245 1772 2299 τοῦ
1831 2245 1924 2298 καὶ

354 2335 756 2404 πρωτόκτιστον
814 2335 1115 2398 κτίσαντος
1150 2337 1228 2398 εἰς
1261 2335 1434 2406 ἀρχὴν
1469 2336 1603 2389 ὁδῶν
1642 2335 1808 2388 αὑτοῦ
1843 2336 1922 2398 είς

352 2429 486 2497 ἔργα
515 2427 699 2491 αὑτοῦ,
735 2425 793 2478 ὃν
828 2428 922 2479 καὶ
971 2427 1102 2478 Υίὸν
1131 2425 1296 2479 αὑτοῦ
1334 2427 1768 2496 προσηγόρευσε,
1825 2425 1920 2478 τοῦ

353 2518 448 2570 καὶ
480 2517 786 2580 Κτίσαντος
844 2517 909 2570 δι’
941 2517 1128 2583 αὐτοῦ,
1163 2519 1240 2580 ὡς
1291 2519 1360 2570 δι’
1386 2517 1690 2588 ἐργαλείου,
1739 2517 1920 2586 χώρας

351 2610 445 2660 καὶ
476 2609 780 2677 ἀοικήτους.
810 2609 872 2661 Ei
913 2609 1022 2678 γὰρ
1065 2608 1158 2661 καὶ
1211 2609 1244 2679 ἡ
1278 2608 1491 2678 κτιστὴ,
1529 2606 1624 2659 τοῦ
1669 2606 1804 2659 Ε)εοῦ
1831 2623 1922 2658 σο-

352 2700 484 2765 φία,
516 2699 660 2751 τοῦτ’
691 2700 859 2767 ἐστιν,
894 2701 922 2752 ὁ
952 2701 1079 2766 Υἱὸς
1127 2698 1441 2770 ἐργάζεται,
1492 2699 1608 2753 ἀλλ’
1642 2701 1670 2752 6
1695 2699 1826 2763 Θεὸς
1851 2695 1922 2770 ἦν

349 2791 379 2842 6
414 2789 614 2852 κτίζων
637 2790 702 2842 δι’
738 2789 903 2843 αὐτοῦ
933 2793 1002 2852 τὰ
1032 2791 1106 2862 μὴ
1135 2791 1284 2858 ὄντα,
1310 2791 1384 2856 ὡς
1415 2791 1480 2844 δι’
1508 2790 1818 2862 ἐργαλείου.

365 2981 708 3050 Ἀπόκρισις
731 2982 850 3035 τῶν
877 2983 1059 3050 ἁγίων
1094 2983 1442 3037 ἐπισκόπων
1474 2983 1573 3037 διὰ
1597 2982 1704 3037 τοῦ
1734 2980 1919 3037 αὐτοῦ

562 3053 896 3106 ἐπισκόπου
923 3055 1214 3107 Εὐσεϐίου
1242 3053 1348 3106 τοῦ
1373 3055 1708 3124 Παμφίλου.

426 3181 569 3234 Πολὺ
601 3181 928 3252 ιδιαστήκων
971 3183 1069 3252 τῆς
1109 3183 1394 3254 βασιλικῆς
1441 3184 1742 3254 λεωφόρου,
1772 3183 1922 3236 τοῦτ’

348 3270 467 3346 εστι
497 3271 598 3342 τῆς
626 3272 990 3344 ἁποστολικῆς
1017 3273 1272 3340 πίστεως,
1304 3274 1422 3338 πῶς
1458 3275 1564 3340 ἔξω
1593 3273 1796 3346 ταύτης
1829 3273 1922 3343 φέ-

353 3345 544 3438 ρεσθαι
577 3365 778 3436 duit-5m;
829 3365 1132 3436 κρημνίσαι
1185 3367 1410 3419 σεαυτὸν
1447 3365 1596 3431 ἅπαξ
1646 3345 1919 3436 ἑλόμενος,

347 3459 447 3512 καὶ
504 3457 698 3528 μικρὸν
758 3457 1062 3521 ἀνανεύσας
1113 3459 1176 3511 ὲκ
1225 3459 1320 3510 τοῦ
1355 3458 1700 3529 περιέχοντος
1732 3475 1790 3510 σε
1824 3459 1923 3526 τῆς

345 3547 605 3609 ἀσεϐείας
661 3546 844 3616 βυθοῦ.
905 3548 1075 3600 Ὅταν
1127 3549 1368 3618 ἤκουσας
1430 3547 1578 3618 παρὰ
1611 3547 1711 3616 τῆς
1760 3547 1922 3614 ἁγίας

351 3637 569 3692 συνόδου
593 3637 796 3706 ταύτης
833 3637 933 3706 τὴν
963 3637 1302 3707 προφητείαν
1341 3637 1436 3690 τοῦ
1484 3637 1719 3706 μεγάλου
1761 3637 1924 3706 Ἱερε-

353 3731 482 3800 μίου
529 3729 1121 3792 δακτυλοδεικτοῦντος,
1177 3731 1252 3791 ὡς
1287 3729 1353 3783 ἂν
1398 3730 1542 3783 εἴποι
1578 3747 1682 3794 τις,
1719 3731 1810 3782 καὶ
1833 3729 1921 3780 λέ-

349 3834 563 3886 γοντος’
598 3837 615 3870 ι
645 3813 814 3882 Οὗτος
847 3821 874 3870 6
899 3819 1028 3880 Θεὸς
1051 3817 1228 3886 ἡμῶν,
1249 3818 1308 3870 οὐ
1332 3817 1711 3886 λογισθήσεται
1736 3817 1924 3886 ἔτερος

349 3912 488 3982 προς
524 3911 705 3970 αὐτὸν,
761 3929 779 3962 ι
833 3910 926 3964 καὶ
957 3911 1026 3962 τὰ
1060 3909 1208 3978 ἑξῆς.
1246 3905 1338 3972 Οἷς
1391 3907 1668 3975 ὲπιλέγειυ
1703 3925 1718 3958 ι
1767 3905 1924 3960 Μετὰ

345 4001 523 4053 ταῦτα
555 4001 646 4053 ἐπὶ
667 3999 766 4070 τῆς
797 3999 901 4068 γῆς
941 3997 1094 4069 ὤφθη
1117 4041 1130 4063 ,
1172 3999 1268 4052 καὶ
1313 4001 1425 4062 τοῖς
1463 3996 1770 4068 ἀνθρώποις
1801 4013 1926 4048 συν-

347 4093 688 4162 ανεστράφη.
734 4111 750 4142 i
803 4092 912 4144 Καὶ
946 4087 1124 4152 οἶσθα,
1165 4084 1210 4142 ὦ
1238 4091 1515 4159 φιλόσοφε,
1558 4087 1924 4158 ἐπερωτηθεὶς

349 4183 504 4255 πσρὰ
531 4183 639 4237 τῶν
667 4184 839 4252 ἁγίων
863 4182 1198 4246 ἐπισκόπων,
1228 4182 1316 4244 τίς
1341 4182 1434 4235 ἐπὶ
1453 4182 1554 4250 τῆς
1581 4181 1687 4249 γῆς
1713 4181 1922 4248 ὀφθεὶς,

348 4276 448 4330 καὶ
471 4277 582 4338 τοῖς
609 4275 918 4344 ἀνθρώποις
939 4275 1366 4346 συναττραφεὶς,
1389 4275 1415 4324 6
1437 4274 1624 4343 Πατὴρ
1648 4273 1730 4342 ἢὸ
1759 4273 1885 4334 Υἱός
1907 4289 1920 4335 ;

1952 3061 2000 3123 C

2034 1785 2228 1840 festam
2269 1783 2550 1852 Scriptura
2572 1801 2644 1850 ιη,
2691 1801 2811 1855 quae
2851 1785 2946 1839 tibi
2975 1794 3057 1838 est
3089 1785 3380 1854 propOsita,
3411 1796 3465 1841 et
3497 1801 3604 1841 non

2026 1876 2200 1946 fugias
2229 1891 2244 1929 :
2279 1875 2413 1929 illud
2448 1894 2461 1930 :
2501 1894 2521 1928 ι
2551 1875 2823 1931 Dominus
2857 1877 3101 1932 condidit
3127 1893 3212 1932 me
3245 1878 3456 1932 initium
3491 1879 3608 1931 via-

2025 1982 2143 2020 rum
2167 1981 2384 2020 suarnm
2427 1967 2480 2021 in
2531 1982 2694 2036 opera
2738 1967 2854 2038 ejus
2873 1969 2954 2036 ’°;
2992 1988 3011 2022 ι
3049 1978 3105 2024 et
3155 1969 3287 2023 illud
3324 1987 3338 2023 :
3376 1987 3394 2020 ι
3428 1969 3604 2024 Domi-

2019 2072 2128 2112 nus
2156 2055 2286 2112 feeit
2331 2058 2584 2128 regiones
2624 2067 2679 2112 et
2714 2059 3108 2123 inhabitabilia,
3153 2069 3208 2112 et
3239 2049 3448 2113 summ'a
3483 2074 3604 2128 qua:

2024 2149 2342 2203 habitantur
2385 2147 2500 2217 ejus
2542 2165 2663 2218 quae
2688 2151 2788 2206 sub
2821 2151 2962 2206 coelo
2983 2149 3067 2217 ";
3101 2170 3119 2202 ι
3166 2167 3330 2206 unam
3373 2160 3428 2206 et
3455 2167 3604 2206 eam-

2023 2239 2144 2294 dem
2179 2239 2342 2294 babet
2377 2241 2813 2311 intelligentiam.
2844 2241 2919 2297 De
2949 2257 3056 2296 uno
3087 2241 3314 2296 Domino
3349 2240 3459 2297 Deo
3489 2243 3604 2297 haec

2023 2339 2172 2392 sunt,
2228 2329 2320 2398 qui
2367 2331 2546 2398 primo
2600 2329 2801 2384 factum
2857 2333 3062 2386 creavit
3115 2333 3326 2386 initium
3393 2334 3598 2387 viarum

2025 2438 2243 2478 suarum
2276 2423 2328 2476 in
2373 2437 2535 2491 Opera
2590 2423 2726 2492 ejus,
2764 2439 2924 2492 quem
2959 2434 3014 2479 et
3058 2424 3256 2478 Filium
3291 2426 3599 2495 appellavit,

2023 2515 2117 2584 qui
2165 2515 2306 2569 Deus
2352 2515 2516 2569 etiam
2564 2529 2662 2584 per
2708 2515 2908 2584 ipsum,
2944 2515 3140 2570 Filiqu
3175 2518 3328 2587 quasi
3371 2533 3466 2586 per
3517 2520 3601 2572 in-

2025 2611 2382 2659 strumentum
2437 2603 2569 2658 fecit
2624 2605 2871 2674 regiones
2924 2617 2982 2658 et
3033 2605 3426 2661 inhabitabilia.
3487 2605 3602 2662 Etsi

2024 2697 2167 2751 enim
2199 2705 2382 2750 creata
2420 2695 2512 2750 Dei
2543 2696 2831 2764 sapientia,
2863 2698 2967 2752 hoc
2991 2707 3092 2761 est,
3121 2697 3293 2754 Filius
3323 2711 3599 2768 operatur,

2027 2789 2167 2842 Deus
2214 2797 2394 2842 tamen
2430 2798 2515 2843 est
2557 2789 2649 2856 qui
2690 2804 2787 2858 per
2835 2789 3011 2858 ipsum
3059 2790 3212 2859 quasi
3263 2803 3361 2858 per
3399 2790 3602 2844 instru-

2025 2887 2266 2932 mentum
2293 2893 2356 2932 ea
2387 2894 2508 2948 qua:
2542 2894 2648 2934 non
2679 2889 2855 2944 erant,
2891 2890 3062 2935 creat.

2099 2987 2384 3060 Responsio
2427 3000 2733 3045 sanctorum
2767 2993 3126 3060 episwporum
3165 3007 3256 3060 per
3297 2994 3531 3046 eumdem

2337 3061 2634 3129 episcopum
2667 3059 2953 3115 Eusebium
2987 3059 3270 3128 Pamphili.

2101 3196 2238 3251 Cum
2271 3196 2361 3250 diu
2385 3195 2441 3251 in
2473 3198 2558 3251 via
2589 3195 2804 3266 publica
2832 3204 2888 3251 et
2916 3195 3085 3267 regia,
3115 3197 3219 3253 hoc
3244 3203 3346 3264 est,
3385 3197 3438 3253 in
3483 3213 3604 3266 apo-

2023 3287 2212 3343 stolica
2252 3286 2357 3343 (ide
2383 3289 2777 3358 permanseris,
2809 3289 3081 3357 quomodo
3107 3297 3259 3344 extra
3294 3289 3441 3343 illam
3475 3287 3600 3344 ferri

2024 3382 2298 3436 sustines?
2319 3391 2378 3436 ut
2403 3381 2564 3437 simul
2605 3383 2847 3438 sublatus
2878 3382 3106 3452 teipsum
3132 3382 3455 3450 prtecipites,
3481 3397 3600 3436 cmn

2022 3485 2090 3526 ex
2148 3470 2414 3540 profundo
2472 3472 2766 3539 intpietatis
2841 3481 2894 3528 te
2957 3472 3360 3528 circumstantis
3413 3488 3600 3542 parum

2023 3562 2334 3627 emerseris,
2373 3561 2592 3630 quando
2648 3562 2715 3616 ab
2769 3563 2871 3616 hac
2913 3573 3098 3618 sancta
3149 3563 3356 3634 synodo
3401 3562 3596 3617 audisti

2025 3652 2365 3724 prophetiam
2390 3652 2568 3720 magni
2614 3649 2884 3714 Jeremitc,
2917 3654 3072 3723 quasi
3115 3654 3300 3724 digito,
3337 3663 3394 3709 ut
3425 3655 3498 3709 ita
3527 3655 3603 3707 lo-

2025 3753 2279 3809 quamur,
2312 3740 2603 3794 indicantis
2638 3751 2692 3794 et
2733 3743 2962 3796 dicentis
2993 3762 3006 3798 :
3038 3762 3056 3796 ι
3087 3743 3184 3799 llic
3216 3744 3357 3800 Deus
3391 3756 3598 3811 noster,

2025 3842 2080 3886 et
2117 3844 2220 3883 non
2256 3831 2599 3899 reputabitur
2627 3831 2766 3886 alius
2809 3833 3067 3886 adversus
3095 3849 3214 3886 eum
3238 3836 3322 3901 9';
3354 3853 3373 3886 ι
3405 3845 3459 3890 et
3485 3851 3602 3906 quze

2027 3925 2348 3987 sequuntur,
2393 3917 2588 3984 quibus
2629 3917 2823 3971 addit:
2861 3935 2880 3968 ‹
2916 3917 3042 3972 Post
3077 3920 3189 3973 haec
3238 3920 3289 3973 in
3339 3925 3498 3976 terris
3537 3923 3602 3974 vi~

2025 4025 2136 4074 sus,
2183 3990 2244 4063 et
2303 4025 2424 4062 cum
2482 4008 2791 4064 hominibus
2853 4018 3206 4062 conversatus
3257 4011 3430 4065 est”.
3463 4030 3481 4062 ι
3539 4013 3598 4067 Et

2027 4097 2190 4162 nosti,
2235 4113 2268 4151 ο
2308 4097 2626 4167 philosophe
2653 4137 2668 4164 ,
2715 4098 2854 4166 quod
2905 4098 3272 4169 interrogatus
3312 4116 3340 4154 a
3399 4103 3602 4156 sant-tis

2027 4187 2313 4256 episcopis,
2365 4187 2614 4256 quisnam
2669 4189 2720 4241 in
2771 4187 2932 4243 terris
2969 4188 3116 4244 visus
3166 4200 3328 4256 esset,
3375 4202 3430 4247 et
3476 4207 3597 4250 eum

2029 4279 2334 4334 hominibus
2361 4289 2735 4344 conversatus,
2769 4279 3024 4346 Paterne,
3055 4295 3121 4334 an
3151 4282 3596 4340 Filius?confcs-

347 4369 447 4420 καὶ
478 4367 838 4437 ὁμολογήσας,
879 4367 962 4418 ὅτι
992 4369 1020 4420 6
1046 4367 1197 4428 Υἱὸς,
1239 4365 1422 4428 καθὼς
1455 4368 1508 4418 αἱ
1543 4365 1681 4418 θεῖαι
1707 4365 1920 4436 Γραφαὶ

2028 4387 2120 4427 sus
2147 4389 2227 4436 es,
2261 4373 2402 4441 quod
2430 4372 2622 4438 Filius,
2659 4385 2717 4428 ut
2753 4374 2946 4427 divime
2975 4375 3271 4444 Scriptura:
3309 4387 3596 4438 testantur.

347 4458 620 4524 λέγουσιν.
647 4459 722 4510 Οὐ
753 4457 922 4510 ταῦτα
949 4457 1210 4526 εἴρηκαςζ
1250 4457 1366 4520 πῶς
1399 4457 1561 4509 πάλιν
1592 4456 1684 4509 ἐπὶ
1704 4456 1794 4508 τδν
1829 4454 1922 4524 βυ·

349 4549 446 4600 θον
481 4547 576 4616 τῆς
612 4548 913 4618 μοχθηρίας
959 4549 1169 4618 Ἀρείου
1201 4549 1394 4601 ἑαυτὸν
1432 4548 1753 4612 ἁκοντίζεις,
1789 4544 1923 4616 μᾶλ-

347 4639 442 4690 λον
477 4639 532 4692 δὲ
567 4640 836 4708 βυθίζεις;
879 4642 940 4692 οὐ
972 4642 1078 4712 γὰρ
1123 4641 1414 4707 ἀνέζευξας
1462 4639 1750 4710 χωρισθεὶς
1779 4639 1922 4690 ὲκεί-

349 4749 468 4791 νου,
498 4731 573 4794 ὡς
605 4731 793 4786 ἑαυτὸν
817 4731 1158 4796 συνέζευξας.
1190 4733 1528 4803 Προκρίνεις,
1565 4726 1609 4784 ὦ
1638 4731 1788 4784 ἄθλιε
1812 4731 1920 4784 τῶν

349 4823 730 4878 ἀποστολικῶν
773 4824 1060 4893 δογμάτων
1088 4825 1155 4878 τὰ
1222 4825 1430 4894 Ἀρείου
1472 4823 1769 4894 βλάσφημα
1819 4825 1920 4894 ῥή-

355 4929 524 4980 ματα,
561 4913 766 4982 κτίσμα
793 4919 886 4967 καὶ
911 4914 1190 4985 ἐργαλεῖον
1215 4915 1302 4969 τὸν
1338 4915 1461 4968 Υἱὸν
1490 4915 1583 4967 τοῦ
1614 4913 1748 4966 Θεοῦ
1779 4915 1918 4966 ἀπο-

352 5003 556 5057 καλῶν.
592 5005 790 5056 ’Ἄκουε
812 5006 990 5057 τοίνυν
1009 5005 1145 5074 πρὸς
1167 5003 1342 5073 ἡμῶν,
1365 4999 1410 5056 ὧ
1429 5004 1733 5070 φιλόσοφος,
1766 5004 1922 5072 είπερ

354 5092 643 5160 φιλόςοφος
664 5090 732 5158 εί,
765 5096 857 5146 καὶ
889 5095 1100 5156 πείθου,
1125 5094 1198 5164 μὴ
1217 5094 1379 5146 αὑτὸν
1406 5091 1540 5146 εἶναι
1563 5093 1652 5145 τὸν
1685 5093 1804 5145 ι’ίὺν
1831 5091 1924 5144 τοῦ

353 5184 491 5236 Θεοῦ
541 5186 641 5254 τὴν
694 5187 918 5256 κτιστὴν
952 5187 1164 5254 σοφίαν,
1205 5187 1303 5254 τὴν
1350 5187 1684 5254 λογιστικὴν,
1719 5185 1818 5256 τὴν
1849 5185 1928 5254 τῷ

351 5277 629 5348 ἀνθρώπῳ
682 5279 776 5331 ὑπ’
818 5279 982 5333 αὐτοῦ
1014 5281 1142 5332 Υίοῦ
1199 5280 1291 5332 τοῦ
1323 5278 1457 5332 Θεοῦ
1509 5279 1775 5342 δοθεῖσαν,
1834 5277 1927 5330 τοῦ

354 5368 659 5432 κτίσαντος
681 5370 861 5440 χώρας
883 5373 976 5424 καὶ
1001 5373 1310 5442 ἀοικήτους.
1357 5371 1678 5440 Ἐπίστησὸν
1712 5388 1803 5423 σου
1835 5371 1928 5422 τὸν

355 5459 504 5522 νοῦν,
549 5461 620 5528 μὴ
667 5463 800 5530 πρὸς
841 5462 1136 5532 ἀπέχθειαν
1190 5461 1424 5531 βλέπων,
1462 5462 1598 5518 ἀλλὰ
1632 5461 1766 5532 πρὸς
1797 5461 1930 5532 ἀλή-

1035 5639 1076 5669 ⁹¹
1113 5638 1239 5692 ibid.
1279 5640 1366 5692 ‘26.
1403 5657 1507 5694 sec.
1545 5638 1683 5691 LXX

455 5635 500 5666 ”
531 5636 685 5688 Prov.
724 5652 840 5698 \llt,
865 5638 954 5690 ‘22.

1753 5643 1795 5669 θ’
1830 5641 1883 5693 Β.
1909 5640 2061 5696 tuch.
2099 5655 2177 5699 tu.
2209 5639 2297 5692 96.

2030 4463 2218 4518 Nonne
2243 4465 2358 4518 hare
2389 4464 2608 4519 dixisti?
2643 4467 2913 4534 quomodo
2946 4467 3138 4520 iterum
3174 4468 3224 4521 in
3273 4469 3596 4536 profundum

2030 4554 2315 4623 pravitatis
2349 4553 2463 4608 Arii
2503 4555 2730 4624 teipsum
2763 4555 3010 4623 conjicis,
3057 4565 3149 4611 aut
3186 4559 3364 4626 potius
3391 4560 3599 4614 demer-

2030 4645 2149 4716 gis?
2179 4644 2293 4700 Non
2323 4645 2468 4700 enim
2507 4647 2576 4701 ab
2624 4663 2688 4702 eo
2721 4658 3006 4714 separatus
3037 4657 3214 4702 castra
3247 4664 3514 4720 moveres,
3549 4662 3604 4704 ut

2033 4738 2264 4806 teipsum
2314 4739 2638 4808 implicares.
2701 4738 2955 4802 Praefers,
2999 4756 3032 4792 ο
3071 4740 3256 4805 miser,
3293 4743 3604 4811 apostolicis

2027 4830 2370 4896 dogmatibus
2414 4829 2528 4882 Arii
2573 4832 2730 4882 verba
2785 4829 3134 4898 blasphema,
3193 4841 3498 4886 creaturam
3551 4818 3608 4889 et

2027 4921 2450 4976 instrumentum
2504 4920 2699 4974 Filium
2737 4919 2830 4972 Dei
2884 4921 3174 4988 appellans.
3226 4922 3364 4975 Audi
3400 4938 3528 4992 ergo
3573 4940 3601 4976 ιι

2028 5010 2206 5076 nobis,
2261 5024 2292 5064 ο
2345 5009 2680 5079 philosophe,
2739 5009 2782 5064 si
2834 5020 3011 5062 taruen
3047 5011 3400 5080 philosophus
3439 5027 3521 5076 es,
3552 5020 3605 5066 et

2031 5102 2191 5156 crede
2230 5115 2336 5154 non
2373 5101 2545 5170 ipsum
2581 5099 2776 5154 Filium
2807 5101 2896 5154 Dei
2943 5117 3066 5155 esse
3096 5100 3415 5168 sapientiam
3449 5115 3605 5152 erca-

2029 5197 2139 5242 tam
2189 5188 2530 5256 rationalem,
2579 5190 2644 5260 ab
2677 5191 2790 5258 ipso
2827 5188 2962 5243 Filio
3001 5191 3092 5242 Dei
3121 5190 3212 5258 qui
3247 5188 3373 5241 fecit
3406 5199 3602 5242 terram

2032 5291 2086 5334 ct
2148 5279 2561 5343 inhabitabilis,
2620 5281 2822 5334 homini
2871 5281 3070 5334 datam.
3143 5280 3393 5334 Animum
3456 5291 3602 5335 tuum

2035 5377 2312 5434 converte,
2351 5383 2454 5422 non
2488 5369 2554 5421 ad
2584 5370 2766 5423 odium
2809 5369 3128 5437 respiciens,
3169 5375 3262 5424 sed
3297 5371 3362 5422 ad
3407 5369 3605 5424 verita-

2034 5470 2164 5524 tem.
2211 5471 2265 5516 et
2296 5461 2408 5530 ipsa
2453 5461 2657 5516 veritas
2689 5462 2847 5516 ducet
2883 5471 2932 5516 te
2969 5480 2980 5516 :
3009 5471 3170 5532 atque
3201 5476 3483 5531 agnosces,
3515 5457 3604 5514 Fi-

2381 5642 2424 5672 ⁹³
2455 5641 2588 5721 ξξὶίιί.
2625 5640 2712 5693 98.
