4042 6142
515 201 650 265 1283

1747 199 1894 257 GEL
1904 196 2051 255 ASII
2116 194 2454 256 CYZICENI

3615 185 3731 252 1284

512 311 641 362 lium
665 308 757 363 Dei
789 305 1123 378 unigenitum
1150 319 1255 360 non
1282 318 1402 359 esse
1427 311 1754 365 creaturam,
1779 299 1873 354 sed
1908 300 2083 368 ipsum

2217 311 2365 362 ιειαν,
2395 297 2490 351 καὶ
2520 295 2777 367 ὁδηγήσει
2815 312 2872 349 σε
2900 293 3038 365 αὐτὴ
3067 295 3101 364 ή
3130 292 3359 364 ἀλήθεια
3386 311 3398 324 ·
3433 293 3523 346 καὶ
3551 296 3720 367 γνώσῃ

515 409 816 454 creatorem
857 405 910 453 et
944 397 1190 466 opiﬁcem
1229 395 1468 449 omnium
1515 399 1822 446 creatarum
1869 399 2092 444 natura-

516 505 660 553 rum,
699 491 841 542 sicut
878 498 932 542 et
964 488 1075 555 ipse
1101 501 1292 556 parum
1326 484 1625 554 reSpiciens
1656 479 2001 545 intellexisti,
2037 487 2091 533 et

518 582 804 651 intelliges,
837 590 894 634 ut
925 593 1026 648 ego
1056 577 1286 643 credidi,
1324 577 1369 632 si
1404 574 1606 630 salvari
1641 573 1942 658 desideras.

1149 855 1305 912 CAP.
1346 854 1464 910 XX.

663 971 1022 1028 Cantradictio
1055 968 1351 1040 philosophi
1381 969 1444 1021 de
1488 965 1693 1035 Spiritu
1739 975 1944 1019 sancto.

595 1155 734 1217 Sint,
766 1152 962 1222 inquit,
994 1147 1274 1206 credibilia
1300 1147 1365 1202 de
1396 1146 1554 1210 Filio,
1585 1155 1640 1198 et
1664 1143 1885 1197 minime
1913 1143 2094 1207 dubia,

527 1257 586 1300 ut
621 1245 821 1311 dicitis,
873 1243 1013 1310 quod
1061 1240 1347 1303 creaverit,
1389 1247 1482 1291 aut
1531 1235 1693 1314 simul
1734 1249 1856 1290 cum
1897 1235 2004 1288 Deo
2047 1243 2101 1287 et

528 1339 688 1392 Patre
731 1335 1054 1410 condiderit,
1103 1341 1162 1385 ut
1200 1329 1511 1384 testimonia
1565 1327 1826 1389 indicant,
1873 1323 2099 1394 etquod

529 1444 635 1483 non
678 1443 834 1496 opus,
881 1427 974 1479 sed
1002 1436 1222 1492 germen
1273 1421 1343 1475 sit
1363 1419 1484 1482 Dei,
1523 1417 1615 1486 qui
1642 1423 1836 1470 natura
1886 1428 1953 1469 ex
1988 1415 2104 1483 ipso

529 1519 746 1589 genitus
772 1525 874 1579 est,
909 1524 961 1568 et
997 1513 1246 1583 qnaajam
1282 1520 1405 1566 sunt
1447 1509 1703 1563 admissa.
1736 1504 2002 1560 Caeterum
2038 1505 2103 1557 de

530 1609 734 1676 Spiritu
767 1615 954 1660 sancto
993 1619 1098 1658 non
1131 1601 1360 1671 potestis
1407 1597 1612 1667 aliquid
1643 1595 1933 1649 allii-mare.
1971 1591 2102 1659 Quis

531 1701 672 1753 enim
711 1696 928 1751 audebit
957 1708 1203 1750 asserere
1228 1693 1490 1760 Spiritum
1520 1695 1769 1742 sanctum
1803 1693 2101 1738 creatorem

529 1792 832 1862 aliquarum
881 1797 1188 1842 creatarum
1239 1779 1605 1836 naturarum?
1649 1776 1749 1832 Ubi
1793 1773 2100 1829 testimonia

532 1881 597 1934 de
644 1882 756 1948 ipso
791 1877 1102 1946 praedicant,
1142 1872 1448 1927 condidisse
1489 1869 1636 1921 illum
1670 1865 1906 1932 aliquam
1951 1876 2104 1916 crea-

536 1985 776 2025 turarum
801 1983 918 2037 qua:
943 1966 1214 2025 videntur,
1250 1970 1335 2014 aut
1365 1973 1484 2028 quas
1517 1971 1622 2010 non
1654 1952 1948 2009 videntur?
1975 1951 2106 2018 Quis

531 2075 663 2118 vero
689 2062 754 2114 de
789 2060 906 2127 ipso
932 2069 1177 2126 prorsus,
1218 2053 1361 2108 sicut
1401 2050 1468 2104 de
1507 2047 1646 2103 Filio
1677 2043 1932 2116 scripsit?
1971 2043 2104 2098 Pro-

532 2153 733 2210 clamet
761 2149 956 2220 aliquis
986 2157 1246 2209 vestrum,
1280 2144 1323 2199 εἰ
1354 2148 1550 2212 potest.

536 2269 818 2339 Responsio
857 2265 1076 2318 Patrum
1126 2278 1230 2382 ρεᾶχ
1263 2260 1605 2327 Protogenen:
1642 2257 1940 2325 episcOpum
1975 2253 2103 2310 Sar-

1216 2346 1463 2382 recusem.

1216 2346 1463 2386 ιοειιδεηι.

610 2470 723 2526 Non
772 2466 1005 2530 diﬁicile,
1051 2477 1086 2519 ο
1119 2460 1458 2532 philosophe,
1496 2472 1722 2526 operum
1771 2457 1942 2511 sancti
1991 2455 2111 2525 Spi—

540 2564 674 2618 ritus
701 2557 1008 2614 testimonia
1056 2552 1150 2608 tibi
1195 2554 1592 2614 demonstrare,
1621 2564 1742 2618 quae
1789 2546 1980 2601 Patres
2013 2561 2107 2601 no-

539 2654 638 2708 stri
671 2652 737 2706 de
769 2649 860 2703 illo
892 2654 1284 2716 exposuerunt,
1312 2641 1454 2710 quod
1493 2641 1718 2694 creavit.
1756 2639 1954 2693 lterum
1984 2651 2111 2706 pro-

540 2756 801 2811 ponemus
827 2739 970 2809 quod
996 2737 1064 2791 de
1107 2735 1385 2790 creatione
1413 2733 1616 2786 dictum
1649 2740 1732 2785 est
1759 2773 1772 2785 .
1812 2749 1830 2780 ι
1863 2729 2112 2796 Dixitque

544 2837 719 2888 Dens:
751 2833 1038 2886 Faciamus
1069 2827 1342 2883 bonninem
1389 2826 1460 2879 ad
1491 2823 1782 2890 imaginem
1825 2831 1880 2874 et
1911 2819 2111 2874 simili-

547 2927 784 2979 tudinem
807 2932 1045 2978 nostram
1065 2919 1110 2952 "
1137 2936 1153 2986 ;
1189 2935 1196 2950 ι
1237 2927 1292 2972 et
1323 2915 1521 2982 adjecit
1545 2913 1730 2966 dicens
1759 2929 1773 2966 :
1805 2927 1824 2960 ‹
1856 2909 2111 2978 Fecitque

2195 392 2276 445 ὄτι
2313 391 2376 444 οὐ
2433 406 2639 460 κτισμα
2693 390 2723 442 6
2767 386 3064 459 μονογενὴς
3115 387 3243 450 Υἱὸς
3275 386 3369 438 τοῦ
3424 385 3578 448 Θεοῦ,
3625 387 3741 441 ἀλλὰ

2197 483 2356 547 αὐτὸς
2389 482 2630 551 Κτίστης
2659 481 2754 536 καὶ
2799 479 3138 552 Δημιουργὸς
3179 478 3368 532 πασῶν
3396 479 3502 530 τῶν
3531 479 3744 532 κτιστῶν

2198 575 2434 650 φύσεων,
2459 571 2639 636 καθὼς
2699 572 2792 626 καὶ
2837 572 2996 634 αὐτὸς
3043 570 3238 640 μικρὸν
3277 568 3565 638 διαϐλέψας
3620 570 3739 622 νενό-

2196 685 2365 736 ηκας,
2417 666 2512 721 καὶ
2569 667 2806 736 νοήσεις,
2855 663 2932 724 ῶς
2961 679 3028 732 γε
3060 660 3170 732 ἐγὼ
3210 662 3573 725 πεπίστευκα.
3604 662 3741 730 εἴπερ

2201 757 2440 830 σωθῆναι
2471 757 2679 822 ποθεῖς.

2790 867 3017 924 ΚΕΦΑΛ
3029 908 3040 919 .
3081 866 3165 918 K'.

2213 982 2589 1049 Ἀντίρῥησις
2639 978 2747 1032 τοῦ
2819 977 3161 1049 φιλοσόφου
3217 973 3370 1027 κατὰ
3430 972 3538 1026 τοῦ
3603 973 3751 1043 ἁγίου

2658 1071 2662 1075 ·
2818 1048 3182 1115 Πνεύμίιτος.

2278 1163 2478 1224 Ἔστω,
2507 1161 2663 1232 φησὶ,
2709 1159 2879 1213 πιστὰ
2913 1159 3038 1229 περὶ
3074 1155 3167 1210 τοῦ
3215 1155 3369 1220 Υἱοῦ,
3394 1155 3488 1207 καὶ
3540 1157 3758 1225 ἀναμφί-

2202 1255 2391 1318 λεκτα,
2423 1254 2497 1318 ῶς
2549 1269 2705 1321 φατε,
2764 1253 2846 1305 ὅτι
2895 1249 3129 1314 ἔκτισεν,
3171 1248 3315 1320 ἢὸτι
3381 1247 3661 1300 συνέκτισε
3696 1246 3758 1315 τῷ

2208 1344 2330 1414 Θεῷ
2359 1347 2455 1398 καὶ
2509 1345 2702 1414 Πατρὶ,
2735 1343 2811 1406 ὡς
2839 1344 2895 1396 αί
2954 1339 3256 1411 μαρτυρίαι
3283 1339 3526 1409 δηλοῦσι,
3562 1340 3652 1392 καὶ
3691 1341 3758 1391 ὅτι

2204 1435 2266 1488 οὐ
2293 1435 2524 1504 ποίημα,
2552 1433 2689 1487 ἀλλὰ
2725 1433 2972 1502 γέννημα
2998 1431 3090 1485 τοῦ
3133 1432 3292 1496 Θεοῦ,
3337 1429 3498 1498 φύσει
3524 1431 3585 1494 ἐξ
3614 1432 3759 1484 αὐτοῦ

2207 1526 2623 1597 γεγεννημένος,
2661 1527 2755 1580 καὶ
2789 1526 2899 1579 ἰδοὺ
2927 1523 3225 1594 δεχόμεθα.
3253 1522 3344 1594 Μὴ
3377 1524 3472 1576 καὶ
3521 1524 3649 1594 περὶ
3682 1523 3761 1576 τοῦ

2210 1617 2527 1687 Πνεύματος
2548 1617 2701 1687 ἔχετέ
2737 1635 2787 1669 τι
2816 1616 3023 1683 λέγειν;
3053 1615 3148 1674 Τίς
3174 1615 3282 1684 γὰρ
3303 1615 3596 1684 τολμήσειε
3621 1618 3764 1684 φῆσαι

2207 1708 2268 1759 τὸ
2299 1707 2452 1775 ἆγιον
2505 1709 2727 1777 Πνεῦμα
2780 1707 3005 1775 κτίστην
3045 1704 3209 1758 τινῶν
3237 1706 3483 1774 γενητῶν
3528 1704 3759 1773 φύσεωνς

2141 1835 2147 1845 -
2211 1799 2322 1854 Ποῦ
2347 1801 2404 1854 ὸὸ
2443 1801 2537 1852 καὶ
2591 1799 2891 1869 μαρτυρίαι
2946 1799 3077 1866 περὶ
3129 1795 3296 1851 αὐτοῦ
3348 1795 3765 1864 λέγουσι,δεδη-

2211 1891 2613 1962 μιουργηκέναι
2659 1890 2790 1943 αὑτό
2836 1907 2887 1942 τι
2937 1889 3047 1942 τῶν
3108 1888 3320 1959 ὁρατῶν
3375 1889 3475 1942 καὶ
3535 1889 3764 1960 ἀοράτων

2210 1981 2554 2049 κτισμάτωνς
2589 1979 2684 2042 Τίς
2711 1980 2766 2031 δὲ
2796 1977 2932 2040 ὅλως
2959 1975 3306 2046 ἀνεγράψατο
3335 1977 3468 2046 περὶ
3495 1976 3679 2038 αὑτοῦ,
3702 1976 3765 2037 ὡς

2215 2072 2338 2142 περὶ
2365 2071 2458 2124 τοῦ
2491 2070 2664 2136 Υἰοῦ;
2718 2069 3003 2138 Ἐκϐοὴσει
3029 2085 3108 2131 τις
3145 2067 3320 2137 ὑμῶν,
3359 2069 3409 2120 εί
3441 2069 3575 2137 ἔχοι.

2226 2271 2671 2338 Ἀνταπόκρισις
2723 2269 2842 2324 τῶν
2895 2267 3174 2338 Πατέρων
3216 2266 3313 2338 διὰ
3369 2265 3770 2335 Πρωτογένους

2658 2339 2994 2393 ἐπισκόπου
3026 2336 3344 2406 Σαρδικῆς.

2285 2472 2402 2523 Οὐκ
2431 2469 2840 2540 έστιδυσχερῖες,
2876 2461 2920 2521 ὦ
2947 2467 3228 2536 φιλόσοφε,
3275 2463 3534 2527 ἐπιδεῖξαί
3565 2480 3644 2515 σοι
3677 2464 3773 2522 τὰς

2227 2561 2534 2634 μαρτυρίας
2570 2561 2676 2614 τῶν
2716 2559 3008 2630 ἐνεργειῶν
3030 2557 3124 2611 τοῦ
3171 2558 3326 2626 ἁγίου
3357 2553 3775 2624 Πνεὺματος,ᾱς

2217 2655 2264 2706 οἱ
2312 2653 2550 2723 πατέρες
2592 2651 2746 2722 ἡμῶν
2781 2649 3027 2714 ἐξέθεντο
3055 2649 3183 2719 περὶ¹
3229 2645 3414 2708 αὑτοῦ,
3467 2647 3549 2698 ὅτι
3580 2644 3771 2698 ἔκτισε.

2219 2742 2386 2796 Πάλιν
2420 2742 2688 2812 ἐρήσομεν
2717 2741 2778 2794 τὸ
2814 2740 2943 2808 περὶ
2977 2740 3076 2808 τῆς
3128 2739 3359 2799 κτίσεως
3393 2736 3577 2807 ῥηθέν.
3617 2753 3636 2786 ‹
3679 2734 3776 2787 Καὶ

2218 2831 2369 2886 εἶπεν
2399 2836 2427 2887 6
2451 2834 2604 2898 Θεὸς,
2637 2834 2961 2904 Ποιήσωμεν
2992 2832 3276 2902 ἄνθρωπον
3305 2830 3426 2883 κατ’
3455 2829 3639 2882 εἰκόνα
3657 2829 3776 2898 ἠμε-

2217 2925 2381 2996 τέραν
2414 2926 2508 2978 καὶ
2551 2925 2671 2978 καθ’
2737 2925 3034 2994 ὁμοίωσιν·
3069 2941 3087 2974 ι
3131 2923 3227 2976 καὶ
3280 2923 3534 2991 ἐπήγαγε
3575 2921 3738 2989 λέγων
3763 2937 3774 2949 ·

547 3015 687 3069 Deus
759 3012 1029 3067 hominem
1077 3009 1192 3064 :ad
1248 3007 1532 3078 imaginem
1584 3002 1674 3056 Dei
1741 3000 1869 3054 fecit
1919 3000 2108 3064 illum,

2225 3035 2242 3068 ι
2281 3017 2390 3070 Καὶ
2448 3016 2674 3085 ἐποίησε
2730 3015 2820 3068 τὸν
2871 3014 3157 3085 ἄνθρωπον
3185 3029 3198 3042 ο
3257 3014 3378 3066 κατ’
3423 3013 3611 3066 εἰκόνα
3657 3009 3776 3064 Θεοῦ

546 3103 840 3161 masculum
902 3110 955 3155 et
1009 3099 1260 3154 feminam
1318 3096 1437 3151 fecit
1483 3110 1577 3150 eos
1607 3093 1676 3147 ”.
1709 3111 1727 3142 ι
1785 3090 1936 3144 Sicut
1985 3106 2113 3159 ergo

548 3199 688 3252 Deus
735 3204 818 3249 est
880 3191 1040 3246 Pater
1093 3191 1178 3258 qui
1238 3188 1372 3242 Filio
1435 3186 1572 3241 dixit
1627 3202 1641 3237 :
1697 3181 2014 3244 Faciamus;
2065 3192 2118 3234 et

549 3287 714 3342 Filius
761 3286 932 3346 Deus,
984 3281 1075 3352 qui
1127 3280 1253 3334 fecit
1317 3278 1606 3331 hominem.
1652 3274 1707 3327 Si
1767 3288 1897 3342 ergo
1951 3273 2116 3325 Deum

549 3381 841 3432 asserimns
899 3389 1020 3429 eum
1066 3373 1155 3442 qui
1210 3371 1361 3433 dixit,
1416 3376 1469 3422 et
1516 3367 1606 3437 qui
1673 3365 1797 3420 fecit
1846 3365 2016 3418 Adam
2065 3374 2120 3417 et

553 3471 743 3530 Evam,
805 3467 1056 3532 deinceps
1115 3464 1180 3516 de
1246 3461 1448 3530 Spiritu
1504 3467 1692 3512 sancto
1730 3455 1870 3510 andi.
1904 3455 2000 3524 Qui
2050 3454 2122 3508 fe-

554 3563 625 3614 cit
682 3559 965 3619 Adamum,
1011 3564 1198 3606 eratne
1244 3551 1402 3612 Deus,
1434 3565 1500 3602 an
1551 3547 1694 3602 non?
1723 3547 2117 3615 Philosophus:

557 3651 652 3704 Est
703 3648 944 3716 profecto
977 3645 1145 3698 Deus.
1200 3640 1486 3708 Episcopus
1518 3654 1537 3693 :
1565 3638 1620 3692 In
1677 3638 1815 3693 libro
1838 3637 1957 3702 Joh,
1994 3637 2108 3690 Elin

551 3740 769 3793 anites
813 3739 889 3789 ait
938 3735 1002 3788 ad
1053 3734 1153 3788 .lob
1183 3750 1197 3786 :
1233 3750 1250 3782 ι
1288 3732 1506 3785 Divinus
1564 3729 1798 3800 Spiritus
1853 3729 1942 3796 qni
1993 3726 2120 3780 fecit

557 3848 642 3885 me
667 3829 733 3881 ".
770 3847 787 3878 ι
824 3827 878 3880 Si
906 3841 1036 3894 ergo
1075 3826 1211 3878 Deus
1257 3835 1340 3876 est
1381 3821 1472 3891 qui
1513 3821 1774 3873 Adamum
1811 3818 1957 3882 fecit,
1993 3819 2120 3886 quid

551 3923 685 3978 dicis
731 3921 796 3975 de
844 3917 936 3971 illo
965 3917 1053 3986 qui
1099 3916 1227 3969 fecit
1259 3912 1439 3968 Elin?
1489 3928 1556 3964 an
1610 3911 1833 3965 alterius
1873 3911 2124 3964 essentia:

551 4014 764 4066 videtur
820 4008 912 4062 tibi
966 4005 1084 4060 Elin
1126 4019 1267 4068 esse,
1329 4010 1489 4071 atque
1543 4000 1754 4054 Adam?
1810 4015 1876 4053 ex
1927 3999 2120 4068 aequali

551 4105 695 4158 enim
731 4101 996 4155 artiﬁcum
1035 4097 1228 4167 peritia
1261 4095 1526 4165 mqualem
1557 4092 1958 4146 conclusionem
1993 4107 2116 4162 pro-

554 4194 714 4256 lerre,
755 4204 996 4260 personre
1051 4188 1286 4242 hominis
1343 4186 1589 4238 innatum
1650 4191 1752 4237 est.
1805 4181 1945 4248 Quid
1991 4197 2124 4252 ergo

556 4285 726 4346 dices,
758 4281 1093 4350 philosophe,
1147 4282 1212 4334 de
1255 4278 1346 4333 illo
1382 4279 1469 4346 qui
1513 4278 1638 4330 fecit
1677 4276 1839 4330 Elin?
1873 4274 2122 4344 Nunquid

2219 3107 2473 3173 εποίησεν
2503 3106 2686 3171 αὑτὸν,
2722 3106 2891 3176 ipsa:
2932 3105 3026 3157 καὶ
3052 3103 3185 3175 θῆλυ
3211 3103 3472 3173 εποίησεν
3511 3101 3718 3165 αὐτούς.
3758 3120 3772 3150 ι

2232 3197 2318 3260 Ὠς
2379 3193 2472 3249 οὖν
2503 3196 2633 3258 Θεός
2687 3197 2839 3249 ἐστιν
2889 3197 2918 3250 6
2964 3195 3153 3263 Πατὴρ
3209 3195 3238 3247 6
3299 3192 3476 3247 εἰπὼν
3531 3193 3610 3264 τῷ
3661 3191 3779 3260 Titii.
3875 3255 3878 3258 ,

2225 3307 2242 3339 ι
2281 3287 2652 3356 Ποιήσωμεν,
2706 3289 2734 3340 6
2788 3287 2846 3340 δὲ
2918 3286 3047 3350 Υἱὸς
3099 3285 3233 3349 Θεὸς
3293 3284 3368 3338 ὣν
3411 3286 3646 3356 ἐποίησε
3702 3285 3782 3338 τὸν

2219 3379 2526 3451 ἄνθρωπον.
2565 3379 2623 3430 ΕΞ
2665 3374 2758 3431 οὖν
2821 3377 2952 3431 Θεὸν
2991 3377 3227 3447 λέγομεν
3255 3377 3348 3430 τὸν
3412 3377 3660 3442 εἰπόντα,
3700 3377 3781 3430 καὶ

2220 3471 2310 3523 τὸν
2373 3469 2684 3540 ποιήσαντα
2729 3467 2820 3520 τὸν
2895 3468 3064 3537 ’Δδὰμ
3106 3467 3200 3522 καὶ
3249 3468 3350 3539 τὴν
3396 3466 3568 3536 Εὕαν,
3616 3467 3785 3521 λοιπὸν

2220 3561 2453 3615 ἄκουσον
2485 3559 2612 3630 περὶ
2647 3559 2739 3612 τοῦ
2776 3559 2932 3627 ἁγίου
2981 3558 3298 3628 Πνεύματος
3319 3575 3334 3590 °
3361 3561 3389 3612 6
3418 3561 3656 3630 ποιήσας
3704 3559 3786 3611 τὸν

2235 3650 2409 3722 Ἀδὰμ
2446 3649 2580 3712 Θεὸς
2631 3646 2720 3720 ἦν,
2767 3649 2801 3720 ἠ
2843 3649 2936 3714 οὓς
2981 3651 3044 3702 '0
3079 3651 3459 3718 paldo‘osooc;
3522 3652 3626 3704 Ναὶ
3668 3651 3785 3709 Θεὸς

2222 3741 2389 3794 ἔστιν.
2445 3740 2496 3791 ’0
2529 3739 2860 3803 ἐπίσκοπος
2886 3755 2900 3768 ·
2949 3739 3037 3790 Ἐν
3063 3741 3125 3808 τῇ
3172 3738 3335 3808 βίϐλῳ
3378 3738 3533 3805 Ἰὼϐ,
3572 3739 3782 3807 Ἐλιοῴ

2223 3829 2251 3880 6
2287 3825 2616 3897 Βουζανίτης
2635 3826 2786 3891 λέγει
2817 3826 2952 3895 πρὸς
3008 3826 3126 3879 ’1ὠό
3149 3841 3162 3854 ·
3223 3845 3242 3878 ι
3282 3827 3518 3898 Πνεῦμα
3556 3829 3693 3882 Θείον
3735 3829 3788 3880 τὸ

2224 3918 2454 4000 ποιῆσάν
2489 3936 2579 3988 με.
2609 3937 2628 3970 ι
2692 3919 2755 3971 Εἰ
2829 3913 2922 3972 οὖν
2955 3918 3090 3982 Θεός
3139 3920 3286 3972 ἐστιν
3341 3922 3369 3973 6
3431 3924 3670 3995 ποιήσας
3707 3921 3786 3974 τὸν

2237 4010 2429 4081 ’Δδὰμ,
2465 4011 2521 4064 τί
2561 4011 2739 4072 εἴποις
2808 4010 2900 4062 τὸν
2945 4011 3252 4081 ποιήσαντα
3300 4012 3388 4066 τὸν
3455 4015 3713 4084 Ἐλιούμ;
3757 4012 3784 4081 ἦ

2225 4099 2532 4171 έτερούσιος
2555 4099 2701 4152 δοκεῖ
2722 4116 2804 4152 σοι
2836 4095 2974 4153 εἶναι
3008 4101 3036 4152 6
3082 4101 3304 4172 Ἑλιοὸμ
3331 4102 3424 4155 τοῦ
3467 4105 3668 4173 Ἀδᾶμ;
3694 4103 3788 4156 τῶν

2224 4189 2330 4260 γὰρ
2361 4189 2716 4260 δημιουργῶν
2743 4190 2836 4241 ἐπὶ
2863 4190 2964 4259 τῆς
2999 4191 3120 4260 ἴσης
3140 4192 3476 4261 ἐπιστήμης,
3504 4193 3568 4244 τὸ
3591 4189 3789 4259 ίσοσχέ-

2225 4282 2337 4334 διον
2374 4280 2468 4333 τοῦ
2499 4281 2964 4350 συμπεράσματος
3007 4281 3394 4352 φανεροῦσθαι,
3438 4283 3683 4350 πέφυκεν
3706 4281 3790 4332 ἐπὶ

555 4391 658 4429 non
689 4376 851 4429 etiam
881 4374 1044 4426 Deum
1075 4372 1392 4435 aﬂirmabis,
1429 4380 1484 4424 et
1516 4370 1750 4424 hominis
1781 4369 2113 4423 creatoremi

2225 4371 2394 4425 τὸτοῦ
2425 4371 2712 4442 ἀνθρώπου
2738 4372 3050 4442 πρόσωπον.
3073 4373 3138 4425 Τί
3159 4365 3252 4425 οὖν
3283 4373 3480 4438 λέξεις,
3522 4374 3788 4442 φιλόσοῖε.

556 4467 624 4520 Ut
667 4467 810 4518 enim
843 4465 978 4518 dixit
1029 4464 1096 4516 de
1137 4477 1202 4516 eo
1231 4463 1320 4531 qui
1357 4461 1485 4514 fecit
1530 4460 1792 4512 Adamum
1824 4475 1838 4512 :
1875 4457 2127 4526 Fecitque

558 4560 696 4611 Dens
725 4557 993 4609 hominem
1020 4570 1027 4575 ·
1059 4555 1128 4606 ita
1162 4567 1260 4607 nos
1289 4554 1469 4605 dicere
1490 4566 1590 4620 par
1612 4561 1694 4604 est
1715 4552 1780 4604 de
1799 4564 1864 4603 eo
1889 4551 1976 4617 qui
2002 4549 2128 4604 fecit

559 4651 697 4709 litin,
755 4647 897 4716 quod
949 4645 1156 4699 scilicet
1197 4643 1431 4711 Spiritus
1480 4652 1696 4695 sanctus
1746 4641 1818 4694 sit
1862 4641 2040 4704 Deus;
2073 4650 2124 4693 ct

555 4753 784 4806 quorum
840 4735 1134 4790 crcationis
1190 4733 1413 4803 aqualis
1470 4742 1554 4786 est
1620 4731 1846 4797 fabrica,
1900 4731 2124 4800 aequalis

556 4829 718 4882 etiam
752 4829 822 4881 sit
849 4825 1102 4896 opiﬁcum
1133 4823 1444 4893 appellatio.
1493 4821 1769 4892 Siquidem
1801 4838 1904 4877 una
1937 4833 2017 4877 est
2042 4822 2123 4874 di-

557 4920 751 4973 vinitas
781 4928 980 4972 sanctae
1018 4915 1324 4979 Trinitatis,
1372 4931 1491 4984 qum
1523 4915 1576 4968 in
1610 4915 1782 4969 tribus
1824 4915 2123 4970 subsisten-

557 5010 646 5063 tiis
672 5009 929 5078 perfectis
952 5017 1008 5062 et
1032 5006 1328 5076 mqualibus
1352 5005 1752 5069 consideratur,
1773 5004 1929 5074 juxta
1960 5005 2084 5059 illud
2110 5023 2124 5058 :

564 5117 580 5149 ι
615 5098 682 5152 Et
738 5097 866 5153 fecit
919 5097 1061 5152 Deus
1115 5098 1427 5163 hominem;
1462 5115 1480 5148 ι
1533 5105 1587 5150 et
1633 5095 1802 5150 illud:
1851 5114 1869 5147 ι
1904 5097 2120 5149 Divinus

559 5187 794 5259 Spiritus
829 5191 956 5245 fecit
983 5190 1125 5245 Elin.
1162 5210 1179 5242 ι
1219 5190 1274 5243 1η
1306 5189 1440 5243 libro
1471 5197 1651 5242 autem
1689 5188 1959 5256 analepsis
1985 5187 2125 5258 Moy-

561 5282 657 5347 sis,
689 5282 914 5337 Michael
941 5283 1164 5354 angelus
1203 5285 1488 5352 disputans
1534 5295 1654 5334 eum
1687 5279 1902 5333 diabolo
1939 5279 2068 5333 dicit
2098 5296 2110 5332 :

565 5390 587 5424 α
613 5375 658 5428 Δ
695 5375 900 5446 Spiritu
948 5385 1138 5431 sancto
1163 5373 1278 5444 ejus
1322 5389 1510 5430 omnes
1543 5373 1710 5426 creati
1763 5386 1968 5426 sutmts.
2009 5388 2025 5421 ι
2061 5370 2129 5424 Ει

635 5549 676 5582 ³⁵
700 5551 832 5608 Gen.
873 5568 910 5615 I,
943 5552 1031 5604 26.
1088 5551 1131 5580 "
1166 5550 1288 5602 ibid.
1320 5547 1409 5600 2‘1.
1483 5549 1526 5578 ’ά
1553 5545 1652 5601 Job
1681 5560 1871 5613 κιιίηι,
1901 5546 1954 5599 4.

2223 4463 2314 4515 τὸν
2339 4466 2643 4532 ποιήσαντα
2658 4463 2749 4516 τὸν
2776 4464 3026 4533 Ἐλιούμ;
3051 4459 3198 4534 Ἀρα
3215 4465 3336 4534 οὐχὶ
3356 4464 3493 4516 Θεὸν
3524 4467 3622 4518 καὶ
3655 4481 3793 4532 ποιη-

2221 4555 2320 4624 τὴν
2350 4555 2670 4625 ἀνθρώπου;
2697 4555 2773 4618 ὡς
2802 4554 2909 4625 γὰρ
2933 4555 3036 4624 ἔφη
3065 4555 3193 4626 περὶ
3219 4555 3312 4608 τοῦ
3348 4556 3678 4625 ποιήσαντος
3703 4556 3784 4606 τὸν

2234 4643 2424 4714 Ἀδὰμ,
2495 4646 2588 4698 καὶ
2639 4645 2896 4713 ἐποίησεν
2943 4649 2971 4700 6
3014 4647 3153 4710 Θεὸς
3203 4648 3297 4699 τὸν
3340 4646 3552 4717 Ἀδὰμ·
3633 4647 3794 4706 οὕτως

2221 4739 2395 4788 εἰπεῖν
2424 4738 2572 4806 ἡμᾶς
2633 4738 2841 4790 δίκαιον
2886 4739 2978 4795 καὶ
3024 4737 3276 4809 περὶτοῦ
3328 4740 3660 4808 ποιήσαντος
3711 4738 3794 4790 τὸν

2242 4828 2482 4896 Ἐλιοὺμ,
2526 4830 2607 4882 ὅτι
2637 4827 2770 4892 Θεὸς
2790 4829 2850 4882 τὸ
2871 4828 3026 4896 ἅγιον
3071 4829 3294 4897 Πνεῦμα
3319 4829 3378 4882 ὸν
3400 4846 3414 4860 ·
3452 4830 3543 4900 ἴση
3586 4833 3686 4900 τῆς
3709 4828 3796 4895 δη-

2234 4920 2520 4987 μιουργίας
2554 4921 2587 4988 ἡ
2609 4920 2828 4985 πλάσις,
2855 4919 2941 4989 ἴση
2965 4918 3056 4972 καὶ
3081 4921 3113 4990 ἡ
3144 4921 3252 4973 τῶν
3274 4921 3604 4991 δημουργῶν
3634 4935 3795 4990 προσ-

2222 5010 2454 5079 ηγορίᾳ·
2487 5009 2644 5078 εἴπερ
2698 5009 2796 5079 μία
2869 5008 3060 5078 θεότης
3124 5009 3221 5077 τῆς
3273 5010 3434 5076 ἁγίας
3468 5008 3702 5078 Τριάδος
3743 5008 3796 5057 ἐν

2222 5101 2399 5170 τρισὶν
2435 5100 2765 5153 ὑποστάσεσι
2799 5099 3035 5163 τελείαις
3069 5100 3164 5153 καὶ
3202 5100 3346 5162 ἴσαις
3380 5101 3670 5170 νοουμένη.
3730 5097 3798 5149 Τὸ

2223 5191 2326 5252 ὅτι,
2364 5209 2382 5241 ι
2421 5191 2529 5243 Καὶ
2569 5189 2826 5259 ἐποίησεν
2857 5191 2885 5242 6
2929 5190 3061 5253 Θεὸς
3108 5190 3198 5242 τὸν
3233 5189 3523 5259 ἄνθρωπον
3559 5207 3572 5219 ο
3631 5209 3648 5240 ι
3686 5189 3795 5245 καὶ.

2231 5301 2248 5333 ι
2284 5283 2355 5334 Τὸ
2383 5282 2529 5335 θεῖον
2563 5280 2790 5352 Πνεῦμα
2835 5282 2894 5335 τὸ
2940 5285 3174 5350 ποιῆσαν
3209 5283 3300 5334 τὸν
3361 5279 3606 5350 Ἐλιούμ.
3654 5303 3671 5330 ι
3717 5280 3798 5330 Ἰεῖν

2227 5371 2393 5440 βίϐλῳ
2433 5370 2491 5424 δὲ
2527 5369 2851 5441 ἀναλήψεως
2899 5371 3167 5435 Μωσέως,
3221 5371 3439 5438 Μιχαὴλ
3466 5373 3495 5422 6
3532 5375 3796 5438 sphin:-
