4042 6142
1008 232 1041 241 υ

332 289 470 356 1235
1221 287 1589 349 HISTORIA
1627 289 1943 352 CONCILI,

2028 284 2309 369 nostri.
2348 319 2418 329 —
2456 296 2606 359 LIB.
2648 298 2732 360 II.
3455 296 3590 361 1286

328 406 419 469 λος
481 401 859 470 διαλεγόμενος
914 400 991 471 τῷ
1035 399 1271 470 διαϐόλῳ
1310 399 1492 466 λέγει·
1537 418 1555 450 t
1622 400 1753 453 Ἀπὸ
1799 400 1943 471 γὰρ,

2028 418 2200 458 ursus
2245 401 2323 458 ait
2353 420 2416 459 ex
2451 419 2684 475 persona
2725 406 2816 461 Dei
2855 429 2867 464 ;
2900 426 2920 459 ι
2952 407 3131 463 Ειίνίι
3178 407 3418 475 Spiritus
3454 408 3591 479 rjns,

333 499 647 568 Πνεύματος
680 494 835 562 ἁγίου
875 491 1041 546 αὐτοῦ
1077 490 1281 553 πάντες
1336 490 1690 560 ὲκτίσθηςιεν.
1731 510 1748 540 ι
1802 493 1912 545 Kal

2028 507 2067 550 ιι
2094 493 2269 549 factus
2313 506 2399 549 est
2437 499 2686 552 mundus.
2726 517 2745 550 ι
2783 499 3163 567 lnseparabilis
3189 501 3334 553 enim
3381 510 3464 556 est
3505 502 3586 555 di—

331 584 662 657 πάλινλέγει
691 607 703 620 ο
746 608 763 639 ι
825 586 959 640 Ἀπὸ
1008 583 1303 657 προσώπου
1331 582 1427 636 τοῦ
1471 582 1607 636 Θεοῦ
1633 584 1824 656 ἐξῆλθε
1852 585 1913 639 τὸ

329 682 556 753 Πνεῦμα
587 679 774 741 αὑτοῦ,
805 678 898 732 καὶ
944 680 972 732 6
1002 678 1212 748 κόσμος
1243 676 1486 744 ἐγένετο.
1521 695 1539 724 ι
1582 674 1913 747 Ἀχώριστος

328 774 439 844 γὰρ
471 773 558 827 ἀεὶ
580 774 612 841 ή
636 770 754 824 Οεία
790 770 883 823 καὶ
904 771 1144 843 ἄρρητός
1189 768 1382 839 Τριὰς,
1410 769 1438 822 6
1461 784 1519 822 τε
1543 770 1734 841 Πατὴρ
1761 771 1853 823 καὶ
1885 770 1913 822 6

329 862 459 925 Υἱὸς
487 861 580 914 καὶ
609 860 670 913 τὸ
696 860 849 930 ἅγιον
892 858 1139 930 Πνεῦμα,
1171 859 1628 932 δημιουργήσασα
1660 863 1775 932 ἅμα
1806 862 1913 916 πᾶ-

335 972 431 1008 σαν
464 952 563 1024 τὴν
592 951 793 1017 κτίσιν,
842 952 944 1021 τήν
981 968 1041 1005 τε
1094 951 1313 1023 νοητὴν,
1365 953 1456 1005 καὶ
1492 953 1593 1022 τὴν
1627 952 1911 1024 αἰσθητήν.

346 1045 509 1114 Λέγει
543 1043 612 1111 γὰ
623 1060 652 1114 ρ
686 1043 744 1095 ὲν
769 1040 849 1113 τῷ
872 1041 953 1112 λβ⁹
979 1040 1180 1112 ψαλμῷ
1206 1059 1221 1073 ’
1264 1062 1282 1095 ι
1319 1042 1410 1113 Τῷ
1433 1042 1575 1114 λόγῳ
1600 1043 1806 1114 Κυρίου
1849 1045 1899 1097 οἱ

337 1134 557 1205 οὐρανοὶ
594 1131 1029 1203 ἐστερεώθησαν,
1075 1132 1171 1185 καὶ
1197 1131 1274 1203 τῷ
1295 1132 1573 1203 Πνεῦματι
1594 1132 1686 1186 τοῦ
1707 1132 1913 1202 στόμα-

337 1245 426 1290 τος
469 1225 631 1279 αὐτοῦ
665 1225 814 1278 πᾶσα
837 1225 871 1294 ἠ
909 1224 1143 1294 δύναμις
1187 1224 1388 1278 αὐτῶν.
1433 1241 1452 1276 ι
1483 1224 1680 1277 ’Ἄκουε
1713 1224 1777 1295 δὴ
1820 1223 1915 1277 τοῦ

336 1317 470 1370 Θεοῦ
502 1319 557 1369 ὲν
602 1317 800 1387 ’Πσαῖᾳ
831 1316 1084 1384 λέγοντος
1109 1332 1123 1346 ο
1147 1333 1166 1368 ι
1189 1314 1330 1385 Ἐγὼ
1357 1314 1558 1387 Κύριος
1591 1318 1617 1369 6
1642 1316 1772 1378 Θεός
1800 1333 1915 1383 σου,

338 1407 716 1477 ἂπακούσομαί
751 1424 844 1461 σου
866 1407 998 1472 Θεὸς
1046 1406 1282 1478 Ἰσραήλ.
1324 1425 1342 1458 ι
1368 1406 1548 1460 Εἰπὼν
1585 1406 1642 1460 δὲ
1665 1407 1917 1480 περὶτῶν

336 1499 670 1570 εὐεργεσιῶν
700 1499 768 1552 τὰ
807 1499 944 1569 πρὸς
964 1499 1056 1552 τὸν
1084 1498 1236 1562 λαὸν,
1268 1500 1470 1568 ἐπάγει
1515 1498 1707 1568 λέγων,
1742 1518 1760 1551 ι
1801 1500 1920 1554 Ἵνα

337 1591 525 1653 Mam,
558 1591 653 1642 ml
690 1590 947 1660 νοήσωσι,
1004 1590 1097 1642 καὶ
1128 1589 1457 1643 ἐπίστωνται
1490 1589 1629 1660 ἅμα,
1681 1590 1762 1644 ὅτι
1789 1590 1915 1662 χεὶρ

340 1682 548 1752 Κυρίου
580 1681 801 1751 ἐποίησε
831 1682 1010 1734 πάντα
1029 1680 1223 1749 ταῦτα,
1250 1683 1342 1737 καὶ
1368 1685 1394 1737 6
1412 1682 1565 1752 ἅγιος
1578 1681 1673 1737 τοῦ
1702 1683 1918 1756 Ἰσραὴλ

2014 587 2137 641 vina
2168 596 2222 641 et
2247 586 2536 643 iuell'abilis
2567 588 2831 655 Trinitas,
2863 589 3049 655 Pater,
3087 591 3276 658 Filius,
3320 603 3374 646 et
3416 592 3592 660 Spiri-

2019 690 2103 732 tus
2131 689 2378 743 sanctus,
2403 694 2521 749 quae
2551 682 2713 737 simul
2740 683 2983 737 condidit
3012 696 3228 738 onmem
3258 693 3590 742 creaturam.

2020 781 2123 824 tant
2174 786 2294 840 qua:
2337 771 2634 836 intellectu,
2677 788 2837 842 qnatn
2889 788 3009 843 qua:
3062 789 3225 828 sensu
3269 775 3589 844 percipitur.

2017 863 2195 932 lnquit
2236 863 2381 919 enim
2412 882 2426 918 :
2462 883 2481 915 ι
2506 863 2687 919 Verbo
2717 865 2941 921 Dotnini
2969 866 3090 921 εωιί
3131 866 3325 920 tirtnati
3363 875 3509 931 sunt,
3542 880 3595 921 et

2017 956 2208 1025 Spiritu
2235 957 2348 1011 oris
2373 955 2490 1023 ejus
2516 956 2698 1010 omnis
2728 956 2898 1023 virtus
2929 972 3116 1012 eorum
3137 957 3203 1012 ".
3237 976 3256 1009 ι
3298 957 3434 1011 Audi
3465 972 3599 1027 ergo

2018 1047 2185 1102 Deum
2230 1049 2282 1102 itt
2332 1047 2468 1101 Isaia
2514 1048 2825 1117 loquentem
2873 1068 2937 1103 :t
2973 1051 3084 1119 Ego
3143 1051 3403 1106 Dominus
3457 1049 3601 1105 Deus

2021 1151 2164 1196 tuus.
2196 1142 2424 1196 Audiam
2468 1151 2519 1195 te
2546 1141 2684 1196 Deus
2724 1142 2888 1197 Israel
2912 1143 2980 1197 ’⁸.
3013 1163 3032 1197 ι
3073 1143 3366 1213 Postquam
3407 1153 3596 1199 autem

2018 1233 2083 1287 de
2118 1232 2397 1287 beneﬂciis
2427 1232 2684 1287 disseruit
2715 1249 2836 1304 quae
2874 1236 2943 1289 ad
2994 1236 3249 1315 populoin
3297 1237 3599 1303 pertinent,

2019 1324 2284 1396 adiungit,
2334 1327 2565 1383 dicens:
2603 1347 2621 1379 ι
2654 1327 2723 1383 Ut
2772 1329 3013 1394 videant,
3061 1339 3117 1382 et
3162 1328 3493 1397 intelligant,
3544 1337 3602 1382 et

2019 1418 2192 1472 sciant
2242 1404 2383 1487 quod
2434 1436 2628 1476 manus
2674 1421 2888 1475 Domini
2942 1421 3071 1495 fecit
3118 1421 3234 1475 haec
3289 1421 3494 1482 omnia,
3543 1432 3601 1475 et
3670 1418 3679 1425 “

2018 1518 2242 1563 sanctus
2283 1509 2448 1565 lsrael
2499 1512 2739 1565 ostendit
2784 1512 2940 1577 ea”;
2977 1531 2995 1563 ι
3044 1525 3264 1565 manum
3319 1510 3600 1580 appellans

2022 1598 2284 1668 Spiritum
2335 1600 2451 1665 Dei,
2492 1614 2741 1658 sanctum
2787 1613 2967 1657 autem
2997 1601 3185 1669 Israel,
3217 1602 3414 1657 Ftliutn
3461 1602 3599 1667 ejus.

2021 1691 2088 1744 Et
2120 1706 2311 1746 rursus
2341 1693 2407 1747 ad
2441 1691 2611 1748 Jacob
2641 1694 2719 1749 ait
2746 1712 2760 1748 :
2792 1713 2811 1747 ι
2845 1693 3037 1749 Manus
3067 1710 3184 1748 mea
3211 1694 3459 1747 fundavit
3493 1704 3604 1746 ter-

339 1773 652 1838 κατέδειξεν
684 1773 825 1827 αὐτὰ
855 1789 869 1804 '
923 1793 942 1825 ι
978 1776 1136 1844 χεῖρα
1186 1776 1363 1846 φήσας
1394 1774 1454 1828 τὸ
1507 1775 1660 1844 ᾶγιον
1691 1774 1917 1845 Πνεῦμα

2028 1796 2158 1844 ram,
2210 1792 2265 1835 et
2312 1782 2536 1834 dextera
2592 1796 2708 1835 mea
2757 1782 2953 1837 ctelttnt
3018 1780 3331 1847 lirmavit‘;
3362 1798 3383 1831 ι
3444 1787 3502 1832 ιιι
3550 1788 3605 1829 rt

339 1865 431 1918 τοῦ
462 1864 620 1924 Θεοῦ.
652 1864 806 1932 ἆγιον
834 1863 888 1917 δὲ
919 1863 1012 1917 τοῦ
1065 1865 1281 1935 Ἰσραὴλ
1304 1866 1396 1919 τὸν
1431 1865 1562 1918 Υέὸν
1586 1864 1777 1920 αὐτοῦ.
1805 1865 1916 1919 Kal

340 1957 503 2010 πάλιν
526 1955 661 2027 πρὸς
694 1955 888 2010 Ἰακὼϐ
910 1950 1064 2009 εἶπεν
1089 1972 1103 1986 ·
1133 1974 1151 2006 ι
1201 1957 1265 2009 'll
1293 1957 1414 2027 χείρ
1455 1974 1555 2027 μου
1589 1955 1924 2026 ὲθεμελίωσε

334 2050 439 2122 τὴν
474 2050 601 2121 γῆν,
638 2051 733 2104 καὶ
761 2052 793 2122 ἡ
822 2049 975 2115 δεξιά
1006 2068 1107 2120 μου
1145 2052 1448 2123 ὲστερέωσε
1482 2050 1574 2105 silv
1601 2051 1852 2123 ούρανόψ
1899 2070 1918 2104 ι

343 2142 489 2198 καθὰ
517 2143 611 2198 καὶ
644 2140 927 2215 ’ἰεζεκιὴλ,
958 2142 1133 2211 λέγων
1166 2159 1180 2173 ·
1226 2162 1245 2195 ι
1294 2142 1546 2211 Ἐγένετο
1572 2143 1693 2214 χεὶρ
1717 2143 1925 2215 Κυρίου

2030 1869 2281 1926 Ezechiel
2330 1872 2500 1927 dicit:
2539 1892 2557 1924 ι
2590 1872 2752 1927 Fat-ta
2805 1882 2889 1928 est
2938 1888 3129 1925 manus
3177 1871 3386 1926 Domini
3441 1884 3606 1935 super

2027 1965 2171 2018 tne'.
2204 1983 2222 2015 ι
2258 1964 2552 2020 Cousuevit
2582 1965 2885 2035 Scriptura,
2932 1981 2965 2021 ο
3011 1966 3350 2035 philosophe,
3386 1978 3601 2017 manum

2025 2066 2120 2111 aut
2174 2057 2457 2112 brachium
2514 2058 2792 2128 appellare
2844 2056 3108 2128 Spiritum
3165 2066 3413 2113 sanctum
3468 2051 3605 2118 Dei,

2027 2146 2304 2201 dexteram
2336 2158 2516 2203 autem
2555 2147 2747 2202 Filium
2779 2149 2918 2219 ejus.

341 2238 431 2293 ἐπ’
463 2237 585 2309 ἐμέ.
631 2256 650 2289 ι
685 2236 891 2291 Είωθεν
921 2239 954 2308 ἠ
984 2238 1200 2309 Γραφή.
1237 2234 1282 2296 ὦ
1308 2236 1588 2305 φιλόσοφε,
1620 2237 1653 2309 ἢ
1700 2238 1917 2311 χεῖραῆ
1958 2239 2220 2311 βραχίονα
2281 2241 2468 2297 καλεῖν
2527 2244 2588 2297 τὸ
2618 2242 2843 2314 Πνεῦμα
2881 2243 2942 2298 τὸ
3000 2244 3156 2314 ἆγιον
3189 2242 3284 2298 τοῦ
3324 2241 3483 2308 Θεοῦ,
3515 2240 3606 2297 δε·

343 2333 462 2403 ξιὰν
488 2333 545 2388 δὲ
583 2334 675 2388 τὸν
703 2333 831 2387 Υίδν
866 2333 1056 2387 αὐτοῦ.

348 2475 477 2528 Ἔτι
531 2470 591 2527 οἱ
625 2472 778 2540 ἅγιοι
820 2472 1078 2541 Πατέρες
1113 2469 1293 2526 εἶπαν
1330 2474 1426 2526 διίι
1478 2477 1762 2528 Λεοντίου
1797 2473 1927 2525 ἐπί-

573 2545 810 2597 σκόπου
834 2543 1195 2612 Καισαρείας
1224 2545 1672 2609 Καππαδοκίας.

425 2692 611 2747 Ἱκανὰ
645 2695 745 2764 μὲν
783 2692 850 2747 τὰ
891 2693 1152 2765 λεχθέντα
1190 2696 1318 2766 περὶ
1351 2695 1459 2749 τῶν
1507 2697 1802 2768 ἐνεργειῶν
1831 2697 1924 2751 τοῦ

345 2784 502 2853 ἁγίου
519 2784 839 2855 Πνεύματος
856 2787 1039 2840 πεῖσαί
1063 2804 1145 2851 σε,
1166 2787 1444 2858 φιλόσοφε,
1459 2789 1539 2841 ὅτι
1560 2789 1923 2859 συνδημιουρ-

344 2874 441 2941 γδν
462 2872 539 2944 τῷ
576 2875 753 2946 Πατρὶ
790 2875 886 2929 καὶ
913 2876 992 2947 τῷ
1039 2877 1157 2946 Υἱῷ
1186 2877 1377 2943 πασῶν
1414 2878 1524 2931 τῶν
1562 2878 1798 2932 κτιστῶν
1828 2878 1928 2948 φύ-

2024 2464 2209 2518 Adltuc
2240 2465 2415 2519 sancti
2454 2463 2644 2537 Patres
2688 2467 2937 2537 dixerunt
2982 2479 3075 2537 per
3105 2469 3403 2536 episcopum
3437 2468 3611 2524 Lean-

2409 2539 2543 2588 tium
2571 2534 2811 2591 Cesarea:
2844 2534 3220 2607 Cappadociae.

2099 2692 2385 2749 Snﬂicinnt
2430 2694 2647 2763 quidem
2701 2710 2821 2763 quae
2868 2695 3008 2750 dicta
3056 2704 3182 2750 sunt
3236 2696 3302 2750 du
3351 2694 3609 2765 operibus

2022 2787 2198 2840 sancti
2236 2783 2496 2855 Spiritus,
2547 2799 2581 2840 ο
2622 2785 2963 2855 philosophe,
3012 2795 3067 2840 ut
3100 2787 3273 2854 ipsum
3308 2787 3500 2840 credas
3533 2785 3611 2841 si-

2035 2877 2144 2932 ἰιιιί
2192 2892 2316 2931 cum
2358 2875 2523 2932 Patre
2553 2886 2609 2931 et
2633 2872 2776 2931 Filio
2820 2877 3063 2932 omnium
3094 2874 3359 2930 far-tarum
3389 2886 3612 2930 natura-

348 2980 508 3029 σεων,
568 2963 661 3017 καὶ
710 2964 808 3034 τῆς
849 2966 1023 3036 αὐτῆς
1079 2967 1332 3038 Θεότητος
1381 2969 1473 3021 καὶ
1520 2970 1729 3033 οὐσίας,
1779 2966 1847 3042 ἦς
1901 2970 1930 3020 ὁ

2033 2984 2153 3023 rum
2191 2981 2316 3023 esse
2363 2975 2695 3031 creatorem,
2744 2976 2798 3020 et
2845 2965 3088 3036 ejusdem
3120 2964 3418 3019 divinitatis
3448 2975 3612 3035 atque

346 3056 540 3125 Πατὴρ
567 3057 662 3110 καὶ
693 3058 721 3109 6
753 3057 902 3121 Υἱός,
943 3058 1292 3129 Ἐπιστήσας,
1321 3056 1412 3113 οῦν
1440 3060 1530 3113 τὸν
1558 3061 1684 3114 νοῦν
1708 3079 1822 3124 σου,
1864 3063 1928 3113 ἐκ

2031 3060 2376 3125 substantiae,
2443 3057 2596 3127 cuius
2639 3067 2725 3113 est
2768 3057 2933 3112 Pater
2979 3065 3036 3110 et
3065 3055 3255 3111 Filius.
3307 3056 3614 3111 Advertens

344 3147 453 3202 τῶν
486 3147 890 3220 προλεχθέντων
934 3167 1036 3214 σοι,
1085 3150 1246 3204 ἄκουε
1295 3153 1388 3205 καὶ
1437 3152 1532 3204 νῦν
1579 3151 1920 3220 σαφεστέρας

345 3236 649 3301 ἀποδείξεις
681 3236 810 3308 ’περὶ¹
838 3235 1003 3290 αὑτοῦ
1035 3238 1097 3289 ὲκ
1124 3237 1232 3290 τῶν
1278 3237 1439 3305 ἱερῶν
1470 3236 1724 3308 Γραφῶν.
1758 3237 1925 3303 Λέγει

344 3330 373 3380 6
401 3329 690 3399 προφήτης
710 3327 872 3381 Δαυὶδ
900 3330 957 3381 ὲν
983 3327 1060 3395 τῷ
1091 3328 1426 3399 ἐνενηκοστῷ
1458 3329 1670 3399 ἑϐδόμῳ
1695 3326 1924 3398 ψαλμῷ·

352 3440 371 3473 ι
413 3419 613 3491 ᾊσατε
640 3419 718 3489 τῷ
749 3419 944 3490 Κυρίῳ
998 3417 1152 3491 ᾆσμα
1197 3421 1400 3474 καινόν.
1428 3439 1445 3471 ι
1481 3420 1581 3473 Διὰ
1620 3422 1705 3488 τί;
1748 3438 1766 3471 t
1809 3422 1928 3474 Ὅτι

347 3511 639 3581 Οαυμαστὰ
671 3510 925 3582 ἐποίησεν
958 3514 985 3565 ὁ
1033 3512 1256 3583 Κύριος,
1285 3511 1491 3565 ἔσωσεν
1523 3512 1683 3565 αὐτὸν
1714 3514 1746 3583 ἡ
1778 3511 1929 3577 δεξιὰ

346 3606 513 3660 αὐτοῦ
545 3622 558 3636 ·
601 3624 618 3658 ι
652 3606 772 3658 ἀντὶ
801 3604 894 3659 τοῦ
932 3607 960 3658 6
992 3605 1118 3668 Υἱὸς
1146 3604 1342 3658 αὐτοῦ·
1385 3625 1402 3656 ι
1438 3605 1532 3658 καὶ
1566 3607 1594 3658 6
1641 3605 1881 3675 βραχίων
1903 3607 1929 3658 6

349 3698 504 3766 ἆγιος
536 3696 698 3751 αὐτοῦ
724 3714 737 3727 ·
782 3717 800 3749 ι
833 3697 895 3750 τὸ
919 3696 1151 3765 Πνεῦμα
1198 3696 1373 3764 λέγων
1408 3695 1467 3749 τὸ
1501 3696 1673 3763 ἅγιον.
1727 3697 1838 3749 Καὶ
1871 3696 1929 3747 ἐν

348 3788 664 3851 καθολικαϊς
697 3788 753 3840 δὲ
800 3788 1053 3854 Ἰωάννης
1098 3789 1126 3839 6
1183 3787 1577 3855 εύαγγελιστὴς
1628 3786 1747 3854 βοᾷ,
1803 3787 1930 3856 περὶ

346 3881 440 3935 τοῦ
481 3880 796 3950 Πνεύματος
823 3878 916 3932 τοῦ
950 3878 1113 3946 ἁγίου
1146 3876 1418 3947 Θεολογῶν
1458 3878 1588 3931 αὐτὸ
1618 3879 1712 3930 καὶ
1745 3879 1928 3939 αὐτὸς,

348 3973 495 4029 καθὰ
534 3975 628 4027 καὶ
658 3972 860 4034 πάντες
893 3987 907 4001 ’
956 3989 973 4022 ‹
1019 3970 1093 4023 Τὸ
1123 3968 1480 4040 πνεῦμὰἐστι
1509 3971 1569 4023 τὸ
1596 3971 1928 4041 μαρτυροῦν,

347 4071 433 4122 ὅτι
464 4067 526 4121 τδ
561 4065 780 4137 πνεῦμά
832 4066 982 4117 ἐστιν
1017 4065 1050 4135 ἡ
1088 4062 1339 4132 ἀλήθεια.
1371 4082 1387 4113 ι
1433 4063 1542 4115 Kal
1578 4065 1695 4133 μετ’
1740 4063 1930 4129 ὀλίγαι

354 4183 374 4213 ι
413 4165 442 4215 6
465 4158 758 4224 πιστεύων,
792 4157 978 4229 φησὶν,
1014 4158 1093 4220 εἰς
1114 4156 1204 4209 τὸν
1232 4155 1360 4209 Υἰὸν
1391 4155 1483 4208 τοῦ
1511 4155 1666 4219 Θεοῦ,
1694 4155 1805 4225 ἔχει
1834 4155 1932 4226 τὴν

348 4256 658 4329 μαρτυρίαν
680 4252 774 4306 τοῦ
798 4249 935 4305 Θεοῦ
956 4253 1013 4304 ὲν
1036 4250 1217 4320 ἑαυτῷ
1238 4266 1251 4278 ·
1290 4269 1308 4301 ι
1338 4250 1458 4302 ἀντὶ
1483 4248 1598 4312 τοῦ,
1625 4250 1685 4301 τὸ
1711 4248 1934 4318 Πνεῦμα

346 4346 447 4427 τοῦ
475 4345 644 4400 Θεοῦ·
681 4347 709 4399 6
744 4345 801 4399 δὲ
834 4342 910 4415 μὴ
941 4341 1214 4396 πιστεύων
1253 4342 1329 4413 τῷ
1365 4340 1500 4413 Υίῷ,
1555 4340 1796 4410 ψεύστην
1837 4358 1926 4393 πεο

2032 3152 2199 3222 igitur
2225 3152 2466 3205 animum
2500 3150 2565 3205 ad
2591 3164 2654 3206 ea
2684 3163 2803 3219 qua:
2828 3150 2980 3219 prius
3010 3148 3107 3204 tibi
3131 3147 3276 3212 dicta
3300 3158 3448 3211 sunt,
3484 3148 3609 3202 audi

2031 3252 2086 3296 et
2137 3257 2280 3295 nunc
2328 3243 2393 3294 de
2434 3240 2624 3295 eodem
2679 3239 3080 3294 maniiestiores
3126 3239 3615 3295 demonstrationes

2032 3349 2096 3389 ex
2151 3333 2321 3387 sacris
2350 3330 2591 3386 Litteris.
2642 3328 2733 3384 Ait
2777 3329 3037 3399 propheta
3083 3328 3246 3382 David
3285 3345 3299 3382 :
3339 3346 3358 3378 ι
3388 3327 3614 3381 Caritate

2030 3426 2260 3481 Domino
2289 3424 2558 3479 canticum
2603 3437 2828 3489 novum;
2863 3441 2884 3475 ι
2921 3421 3130 3492 quare?
3169 3438 3188 3471 ι
3219 3420 3342 3489 quia
3378 3420 3612 3474 mirabi-

2032 3519 2101 3573 lia
2147 3518 2274 3573 fecit
2307 3517 2580 3571 :salvavit
2628 3515 2848 3570 dextera
2887 3514 3003 3584 ejus
3048 3512 3168 3584 (pro
3213 3527 3278 3567 eo
3325 3512 3468 3581 quod
3507 3520 3611 3574 eat.

2033 3609 2201 3664 Filius
2224 3608 2382 3679 ejusl,
2407 3619 2456 3662 et
2494 3608 2772 3662 brachium
2807 3616 3055 3662 sanctum
3080 3604 3196 3674 ejus
3216 3605 3257 3671 ³,
3297 3624 3315 3656 ι
3350 3604 3611 3674 Spiritum

2033 3709 2279 3754 sanctum
2316 3699 2651 3768 significans.
2684 3695 2751 3750 Et
2776 3697 2827 3749 itt
2861 3695 3145 3751 catholicis
3173 3694 3411 3749 Joannes
3444 3707 3611 3748 evan-

2035 3793 2223 3862 gelista
2256 3792 2393 3843 idem
2426 3789 2645 3851 clamat,
2682 3800 2731 3842 et
2765 3790 2900 3857 ipse,
2928 3788 3073 3856 quod
3102 3797 3156 3840 et
3192 3787 3279 3838 alii
3307 3800 3518 3847 omnes,
3548 3785 3615 3838 de

2036 3884 2240 3951 Spiritu
2297 3893 2488 3934 sancto
2537 3881 2796 3934 divinitus
2842 3879 3155 3933 disserens:
3192 3896 3209 3927 ι
3247 3876 3482 3944 Spiritus
3532 3883 3614 3928 est

2035 3976 2123 4042 qui
2157 3975 2501 4038 testiﬁcatur,
2529 3974 2655 4041 quia
2679 3971 2905 4040 Spiritus
2930 3971 3134 4022 veritas
3168 3977 3251 4020 est
3273 3965 3329 4033 λς
3364 3984 3381 4016 ι
3416 3974 3615 4033 etpost

2037 4052 2204 4133 pauca
2240 4082 2253 4117 :
2291 4083 2309 4112 ι
2341 4061 2440 4129 Qui
2485 4062 2680 4123 credit,
2728 4060 2927 4128 inquit,
2968 4058 3023 4112 in
3060 4056 3251 4110 Filium
3294 4056 3408 4119 Dei,
3453 4055 3614 4109 habet

2037 4157 2401 4210 testimonium
2486 4153 2576 4206 Dei
2680 4152 2731 4204 in
2803 4151 3094 4218 semetipso
3139 4148 3192 4213 ’ς
3258 4167 3276 4199 ι
3367 4164 3463 4215 pro
3548 4160 3614 4200 eo

2036 4251 2179 4318 quod
2235 4256 2338 4308 est,
2386 4244 2647 4314 Spiritum
2699 4251 2945 4296 sanctum
2997 4240 3090 4294 Dei
3148 4257 3162 4293 :
3227 4259 3245 4292 ι
3292 4239 3393 4305 Qui
3433 4248 3611 4292 autem

2039 4355 2143 4393 non
2179 4338 2352 4392 credit
2396 4336 2552 4401 Filio,
2600 4336 2916 4390 mendacem
2947 4332 3075 4387 facit
3121 4346 3243 4385 eum
3267 4330 3310 4384 ⁸.
3344 4349 3364 4382 ι
3397 4329 3462 4384 Et
3495 4344 3611 4382 tua-

347 4419 581 4507 ποίηκεν
624 4435 807 4490 αὐτόν.
860 4452 877 4486 ι
914 4433 1026 4487 Kal
1065 4435 1092 4486 6
1148 4433 1322 4503 μέγας
1369 4432 1426 4484 δὲ
1478 4432 1586 4484 τῶν
1624 4432 1935 4484 ἀποστόλων

2041 4447 2204 4499 gnum
2250 4429 2612 4497 apostolorum
2648 4425 3130 4496 propugnaculum,
3167 4421 3386 4476 divinus
3424 4419 3614 4475 Petrus

348 4529 615 4599 πρόϐολος
656 4530 685 4582 6
741 4528 887 4591 θεῖος
949 4528 1154 4598 Πέτρος
1223 4525 1360 4595 φησὶ
1420 4524 1557 4594 πρὸς
1637 4524 1929 4576 ’Λνανίαν·

354 4641 377 4673 ι
415 4621 510 4683 Εἰς
549 4620 601 4672 τί
651 4619 975 4690 ἐπλήρωσεν
1023 4619 1052 4670 6
1102 4616 1347 4680 Σατανᾶς
1393 4615 1493 4684 τὴν
1539 4615 1764 4682 καρδίαν
1815 4632 1930 4681 σου,

344 4711 655 4783 ψεύσασθαί
689 4727 748 4764 σε
782 4710 843 4762 τὸ
864 4708 1091 4779 Πνεῦμα
1122 4707 1184 4759 τὸ
1213 4707 1367 4771 ἆγιον
1391 4722 1405 4773 ;
1445 4705 1581 4758 ιΚαὶ
1607 4704 1725 4775 μετ’
1752 4704 1929 4773 ὀλίγα·

354 4825 375 4857 ι
421 4803 535 4857 Ούκ
569 4801 782 4872 ἐψεύσω
822 4798 1161 4872 ἀνθρώποις,
1202 4796 1340 4850 ἀλλὰ
1371 4795 1448 4867 τῷ
1496 4795 1633 4865 Θεῷ.
1686 4815 1703 4847 ι
1735 4796 1842 4848 Kal
1877 4797 1934 4848 ἐν

343 4895 415 4965 τῇ
451 4891 680 4963 Παλαιᾷ,
740 4891 945 4945 πάλαιθ
994 4907 1011 4941 ι
1052 4886 1157 4941 Τδν
1194 4887 1450 4959 οὐρανὸν,
1499 4885 1653 4956 φησὶ,
1696 4887 1788 4937 καὶ
1833 4884 1933 4954 τὴν

344 4985 455 5056 γῆν
486 4983 596 5052 ἐγὼ
626 4983 842 5054 πληρῶ,
872 4981 1023 5051 λέγει
1053 4980 1279 5050 Κύριος.
1325 4999 1343 5030 ›
1372 4970 1480 5031 Kal
1518 4981 1545 5031 6
1585 4974 1837 5046 Σολομὼν
1868 4974 1925 5027 δὲ

344 5079 560 5141 δεικνὺς
593 5077 677 5140 τίς
741 5077 769 5129 6
822 5073 1068 5144 πληρῶν,
1122 5072 1320 5140 λέγει·
1378 5089 1396 5121 ι
1447 5069 1672 5139 Πνεῦμα
1723 5068 1926 5138 Κυρίου

345 5170 681 5238 πεπλήρωκε
729 5165 829 5234 τὴν
891 5163 1240 5233 οἰκουμένην.
1298 5180 1318 5213 ι
1369 5162 1567 5214 Πείοου
1624 5159 1803 5213 τοίνυν
1837 5158 1928 5210 καὶ

353 5262 476 5330 περὶ
500 5261 596 5330 τῆς
622 5258 717 5311 τοῦ
753 5257 905 5325 ἁγίου
937 5255 1255 5325 Πνεύματος
1281 5254 1622 5317 δεσποτείαςν
1648 5253 1743 5306 καὶ
1771 5251 1926 5321 δέχου

345 5355 446 5408 καὶ
489 5354 586 5411 τὰς
624 5350 753 5420 περὶ
803 5347 963 5401 αὐτοῦ
1008 5346 1335 5419 μαρτυρίας,
1393 5344 1664 5398 πιστεύων
1696 5344 1777 5396 ὅτι
1827 5341 1929 5409 τῆς

346 5445 520 5513 αὐτῆς
564 5444 815 5512 θεότητος
852 5440 944 5493 καὶ
973 5441 1184 5505 οὐσίας,
1217 5439 1307 5491 καὶ
1334 5437 1427 5491 τοῦ
1470 5436 1633 5490 αὐτοῦ
1661 5435 1929 5507 κρίματος

2031 4525 2099 4576 ait
2133 4524 2199 4575 ad
2237 4521 2497 4574 Ananiam
2537 4537 2550 4573 :
2583 4538 2600 4568 ι
2636 4519 2748 4573 Cur
2774 4514 3013 4582 implevit
3038 4513 3270 4568 Satanas
3311 4526 3405 4565 cor
3431 4521 3603 4572 tuum,

2034 4618 2247 4668 IllCltlll'l
2277 4623 2326 4665 te
2361 4613 2586 4681 Spiritui
2614 4621 2800 4663 sancto
2825 4607 2886 4660 7?
2916 4627 2934 4658 ι
2970 4608 3033 4660 Ει
3064 4616 3180 4673 post
3208 4619 3381 4673 pauca
3406 4621 3421 4658 :
3453 4623 3471 4655 ι
3496 4603 3611 4658 Non

2032 4724 2091 4760 es
2129 4707 2386 4759 mentitus
2438 4703 2748 4757 hominibus
2797 4701 2888 4752 sed
2922 4700 3027 4752 Deo
3051 4700 3095 4750 ".
3126 4717 3145 4749 ›
3188 4697 3253 4750 Et
3290 4712 3504 4751 rursum
3559 4697 3609 4750 in

2034 4800 2215 4854 Ἶρις-τί
2248 4797 2614 4851 Testamento.
2653 4814 2669 4839 ι
2710 4792 2917 4846 Ctelum
2948 4799 3002 4844 et
3039 4799 3236 4843 terram
3263 4804 3361 4858 ego
3389 4787 3610 4857 impleo,

2035 4891 2161 4943 dicit
2208 4888 2465 4943 Dominus
2487 4887 2528 4938 ³.
2564 4904 2581 4934 ι
2635 4883 2701 4935 Ει
2751 4881 3005 4936 Salomon
3042 4881 3287 4934 intliCans
3339 4880 3460 4948 quis
3505 4879 3608 4931 int-

2035 4979 2198 5046 pleat,
2234 4979 2345 5030 ait:
2386 4995 2403 5027 t
2449 4975 2682 5036 Spiritus
2712 4972 2918 5025 Domini
2961 4971 3180 5038 replevit
3216 4971 3400 5022 urbem
3438 4978 3609 5022 terra-

2036 5085 2154 5124 rum
2183 5069 2247 5121 ιο.
2286 5087 2305 5120 ι
2341 5067 2514 5122 Crede
2561 5077 2616 5120 et
2649 5067 2714 5119 de
2745 5074 3012 5134 potestate
3044 5064 3279 5132 Spiritus
3323 5063 3520 5123 sancti,
3557 5072 3610 5115 et

2036 5162 2149 5216 haec
2197 5161 2377 5229 recipe
2407 5161 2472 5214 tle
2508 5160 2624 5228 ipso
2651 5158 2987 5221 testimonia,
3017 5157 3161 5226 quod
3199 5156 3434 5223 Spiritus
3481 5170 3607 5208 san-

2037 5262 2155 5306 ctus
2184 5248 2429 5318 eiusdem
2464 5251 2536 5304 sit
2561 5248 2779 5304 deitatis
2811 5259 2865 5302 et
2894 5248 3230 5311 substantiae,
3261 5246 3612 5315 ejusdemque

2037 5337 2387 5392 auctoritatis
2440 5345 2603 5406 atque
2649 5338 2812 5391 Pater
2851 5345 2904 5391 et
2943 5336 3157 5391 Filius:
3192 5345 3246 5390 et
3281 5351 3402 5391 cum
3451 5335 3612 5390 Patre

2035 5440 2089 5483 et
2119 5430 2260 5485 Filio
2286 5445 2499 5499 semper
2524 5430 2770 5484 exsistat.
2797 5427 2957 5495 Audi,
2989 5427 3325 5501 philosophe.

409 5620 453 5649 ⁵⁷
494 5618 633 5668 l‘Snl.
669 5631 836 5678 xxxii,
871 5615 924 5667 6.
994 5615 1039 5646 ⁸⁸
1065 5614 1164 5667 Isa.
1198 5630 1305 5673 LXI.
1340 5615 1428 5667 ti.
1491 5612 1535 5641 ”
1565 5611 1693 5664 ibid.
1723 5608 1815 5662 20.
1887 5611 1901 5639 ¹
1935 5607 2034 5661 Isa.
2069 5623 2262 5667 xcvttt,
2291 5605 2381 5678 η,
2419 5605 2503 5657 15.
2584 5606 2601 5634 ⁸
2632 5603 2828 5678 Ezech.
2860 5601 3061 5678 m._23.
3137 5604 3158 5636 ⁸
3183 5603 3323 5678 Ps_a|.
3357 5619 3521 5668 xcvn,
3559 5605 3608 5658 l.

348 5692 370 5721 δ
403 5691 415 5742 Ι
448 5687 603 5740 Joan.
641 5701 689 5749 ν,
722 5684 772 5738 6.
835 5687 854 5715 ⁸
886 5684 1017 5737 ibid.
1057 5684 1136 5738 l0.

1245 5685 1263 5712 ε
1296 5684 1424 5736 ibid.
1504 5682 1522 5712 '
1568 5680 1690 5734 Act.
1728 5694 1781 5744 ν,
1812 5679 1864 5733 3.
1944 5679 1964 5709 ⁸
1991 5679 2119 5733 ibitl.
2157 5680 2205 5732 6.
2289 5675 2306 5706 '
2338 5674 2539 5728 lorum.
2580 5691 2733 5736 χχιιι,
2764 5673 2853 5725 2i.

2935 5674 2976 5703 "
3006 5674 3132 5742 δίῳ.
3168 5691 3203 5733 ι,
3234 5675 3287 5726 7.
