4042 6142
409 260 544 325 1237

1655 263 1959 323 GELASII
2033 264 2375 327 CYZICENI

3545 274 3684 341 1288

407 365 520 443 [ῑσ.
555 369 882 442 χρήματος],
909 369 968 423 τὸ
995 368 1217 439 Πνεῦμα
1255 367 1309 420 τὸ
1346 369 1519 437 ἅγιον,
1549 363 1724 441 οὗπερ
1748 372 1775 422 6
1799 361 2005 442 ’Πατὴρ
2045 371 2138 424 καὶ
2178 374 2206 425 ὁ
2277 375 2420 440 Υἱὸς,
2452 376 2544 429 καὶ
2584 378 2929 449 συνυπάρχον
2976 377 3061 431 ἀεὶ
3108 377 3185 449 τῷ
3229 378 3408 452 Πατρὶ
3453 384 3546 438 καὶ
3601 384 3682 451 τῷ

406 458 543 530 Υίῷ.
608 459 874 539 Ἀκούεις,
931 457 1206 527 φιλόσοφε.

481 551 768 621 Responsio
796 548 1088 619 philosophi
1118 546 1185 599 ad
1216 556 1423 602 sanctos
1463 545 1645 604 Patres
1672 561 1898 606 nostros.

480 726 668 797 Igitur,
726 737 785 780 ut
838 725 1038 790 dicitis,
1103 731 1157 778 et
1208 723 1519 778 testimonia
1583 722 1989 797 Scripturarum

412 837 549 891 quas
576 820 902 890 proponitis,
928 817 1193 884 indicant,
1221 826 1432 887 oportet
1456 815 1713 887 Spiritum
1745 830 1989 877 sanctum

414 912 578 965 Deum
636 925 757 965 csse
804 909 1079 964 afﬁrmare
1109 927 1122 964 :
1156 910 1250 964 sed
1306 909 1436 963 mihi
1485 909 1697 965 videtur
1743 921 1988 966 coactam

410 1015 531 1054 esse
571 1001 709 1053 hane
746 999 1094 1063 sententiam,
1148 1000 1249 1053 nisi
1305 999 1422 1053 alia:
1477 998 1775 1069 Scriptura:
1834 1003 1989 1058 nobis

410 1091 770 1159 proferantur.
831 1089 941 1142 Nisi
989 1092 1129 1159 quod
1180 1090 1265 1143 illa
1312 1092 1377 1143 de
1429 1091 1544 1143 Eliu
1603 1091 1991 1147 demonstratio

413 1180 695 1233 manifesta
742 1190 845 1234 est.
895 1179 1134 1234 Alteram
1183 1196 1313 1235 vero
1359 1196 1423 1235 ex
1477 1180 1678 1252 Moysis
1728 1183 1988 1254 analepsi,

412 1287 570 1339 quam
604 1279 819 1337 vocant,
850 1282 907 1324 ut
936 1271 1094 1341 paulo
1139 1281 1266 1326 ante
1295 1272 1531 1336 dixistis,
1566 1289 1842 1343 nunquam
1890 1289 1989 1328 att-

411 1359 517 1413 divi
569 1360 667 1412 nisi
718 1348 1278 1428 nunczqtiomobretn
1329 1375 1359 1413 a
1412 1362 1565 1416 vobis
1598 1363 1830 1432 postulo,
1876 1363 1989 1417 cla-

412 1450 610 1504 riorem
657 1451 787 1503 mihi
836 1465 1023 1504 eorum
1058 1466 1177 1520 quae
1205 1453 1347 1507 dicta
1401 1464 1549 1517 sunt,
1578 1454 1985 1510 consistentiam

413 1539 483 1594 ob
529 1540 712 1595 oculos
761 1541 1088 1596 exhibeatis.
1129 1543 1210 1597 Ad
1250 1543 1706 1613 perfectissimam
1741 1548 1883 1599 enim
1923 1546 1989 1601 de

416 1631 619 1702 Spiritu
650 1643 837 1686 sancto
867 1634 1245 1689 cerlitudinem
1276 1650 1380 1688 non
1413 1637 1543 1691 mihi
1572 1635 1843 1691 sulliciunt
1870 1654 1990 1708 qua:

404 1725 518 1792 jam
562 1742 590 1779 a
620 1727 770 1781 vobis
802 1728 943 1780 dicta
977 1739 1124 1792 sunt,
1161 1728 1255 1782 sed
1299 1729 1602 1783 candidiori
1635 1741 1794 1798 atque
1829 1732 1989 1785 vehe-

413 1814 663 1869 mentiori
696 1830 947 1869 sermone
977 1829 1112 1884 Optls
1140 1817 1300 1871 habet
1341 1818 1455 1872 ltrec
1497 1818 1834 1889 hypotltesis.
1871 1820 1985 1874 Non

413 1902 558 1957 enim
588 1904 652 1956 de
682 1905 882 1973 passim
923 1906 1339 1961 occurrentibus
1372 1911 1598 1976 quaestio
1634 1920 1735 1962 est.

424 2012 705 2083 Responsio
754 2004 1318 2089 sanctorum'l’alrum
1368 2035 1458 2085 per
1509 2019 1745 2073 eumdem
1786 2020 1987 2089 episco-

712 2101 835 2152 pum
864 2084 1141 2139 Leontium
1185 2089 1253 2139 ad
1284 2084 1672 2158 philoaOpltum.

476 2198 609 2252 Cum
663 2198 734 2253 sit
782 2200 998 2268 copiosa
1034 2214 1222 2254 eorum
1255 2216 1373 2270 qua:
1424 2203 1517 2257 tibi
1552 2214 1801 2260 enarrata
1838 2216 1987 2273 sunt,

409 2288 820 2353 demonstratio,
866 2299 918 2345 et
964 2292 1274 2346 testimonia
1329 2307 1396 2347 ex
1441 2294 1640 2350 divinis
1691 2296 1987 2366 Seripluris

408 2379 842 2446 evidentissima,
881 2396 1000 2450 qua:
1033 2383 1364 2451 persuadere
1405 2385 1497 2439 tibi
1530 2388 1857 2456 propositam
1886 2389 1985 2457 hy-

406 2471 676 2538 pothesim
735 2472 969 2538 valeant,
1027 2474 1314 2541 miramur,
1375 2489 1407 2530 ο
1464 2477 1807 2547 ρὶιῑιυεοριιε,
1858 2494 1988 2548 quo-

406 2563 567 2616 modo
601 2562 695 2631 qui
728 2573 874 2618 tanta
921 2566 1277 2635 intelligentia
1324 2567 1523 2624 videris
1551 2569 1776 2639 pollere,
1809 2571 1985 2627 adhuc

408 2654 642 2707 dubitas.
676 2652 1157 2712 Verutnenimvero
1188 2696 1202 2722 ,
1259 2661 1557 2727 praesertim
1598 2675 1720 2714 cum
1765 2669 1816 2716 te
1851 2665 1987 2722 veri-

409 2754 570 2798 tatem
601 2745 845 2814 aspicere
868 2747 1137 2812 volumus,
1172 2750 1352 2805 ethoc
1381 2765 1686 2820 precamur,
1716 2764 1771 2807 et
1792 2753 1985 2809 exhor-

408 2845 585 2888 tamur
606 2836 947 2905 prudentiam
1000 2848 1168 2903 luam,
1216 2840 1529 2909 utincipias
1574 2843 1871 2898 inereatatn
1917 2844 1982 2898 il-

408 2926 513 2980 lam
544 2937 599 2981 et
637 2929 1028 2984 immutabilem
1079 2940 1326 2984 naturam
1363 2935 1467 2987 tide
1515 2933 1831 3004 intelligere,
1876 2951 1981 2989 non

409 3028 588 3072 autem
633 3019 885 3076 humanis
921 3021 1246 3087 rationibus,
1295 3029 1352 3075 ttt
1399 3038 1538 3093 sa‘pe
1567 3025 1824 3091 diximus,
1866 3041 1985 3095 qum

412 3103 757 3159 intellectum
809 3117 1101 3175 superant,
1156 3111 1368 3165 curiose
1417 3112 1618 3167 audeas
1667 3114 1978 3185 inquirere,

406 3207 583 3262 neque
629 3196 812 3263 pravis
867 3206 923 3251 et
976 3198 1156 3268 impiis
1208 3202 1325 3256 Arii
1381 3204 1727 3274 opinionibus
1774 3208 1977 3263 auxilio
2008 3215 2049 3272 C

322 3310 329 3313 -
407 3299 528 3339 esse
575 3287 760 3340 taudiu
812 3290 1121 3357 sustineas,
1176 3292 1408 3347 maxime
1461 3310 1580 3350 cum
1627 3297 1982 3369 pltiloSOpltus

408 3376 504 3439 sis,
549 3386 603 3430 ut
636 3378 739 3443 ais,
789 3394 821 3433 ο
847 3380 1208 3451 philosophe;
1258 3386 1347 3439 sed
1383 3386 1612 3441 ﬁdeliter
1656 3389 1890 3459 suscipe,
1926 3400 1982 3446 ttt

405 3467 566 3535 paulo
616 3478 743 3523 ante
792 3473 1122 3539 monuimus,
1167 3485 1220 3529 et
1272 3492 1391 3546 qua:
1438 3478 1526 3531 tibi
1562 3487 1687 3533 sunt
1721 3480 1886 3546 dicta,
1926 3491 1982 3537 et

407 3572 525 3625 qum
553 3560 775 3614 dicenda
824 3575 969 3616 sunt.
1022 3565 1257 3621 Admitte
1308 3583 1465 3621 unam
1502 3569 1833 3625 divinitatem
1881 3571 1982 3626 Pa-

408 3649 505 3702 tris
537 3649 729 3703 Filium
765 3652 1110 3711 ineﬂ'abiliter
1141 3661 1474 3727 generanlis,
1499 3668 1551 3714 et
1577 3659 1679 3714 Fili
1712 3676 1776 3715 ex
1798 3678 1863 3717 eo
1886 3678 1980 3735 ge-

406 3740 525 3802 ttiti,
567 3751 617 3795 et
646 3740 877 3810 Spiritus
900 3748 1072 3801 sancti
1102 3764 1165 3802 ex
1208 3751 1394 3803 eodem
1430 3750 1587 3806 Patre
1611 3755 1977 3824 procedentis,

409 3831 498 3899 qni
519 3843 571 3887 et
595 3836 843 3900 proprius
868 3846 950 3891 est
971 3836 1116 3905 Filii,
1138 3849 1194 3892 ut
1214 3839 1289 3891 ait
1312 3841 1523 3897 divinus
1546 3846 1820 3912 apostolus
1837 3846 1978 3903 Pau-

405 3923 488 3977 lus
520 3942 531 3975 :
564 3942 583 3975 ι
615 3925 714 3990 Qui
756 3930 1006 3996 spiritum
1038 3930 1240 3986 Christi
1284 3948 1388 3986 non
1418 3933 1601 4001 habet,
1630 3938 1716 3993 hic
1752 3955 1853 3993 non
1894 3950 1978 3997 est

404 4014 519 4084 ejus
542 4015 617 4082 ";
649 4034 667 4067 ι
719 4026 771 4071 et
807 4019 947 4073 idem
992 4021 1153 4075 alibi:
1182 4039 1199 4072 t
1227 4021 1484 4079 Dominus
1531 4035 1708 4081 autem
1739 4026 1973 4097 Spiritus

403 4107 585 4174 est";
620 4126 638 4157 ι
695 4118 750 4163 et
796 4124 983 4165 rursus
1021 4129 1034 4164 :
1070 4129 1088 4163 ι
1119 4111 1422 4171 Divisiones
1471 4119 1768 4188 gratiarum
1824 4132 1970 4188 sunt,

405 4199 542 4251 idem
593 4207 774 4254 autem
829 4200 1066 4270 Spiritus
1106 4220 1119 4256 :
1164 4212 1217 4259 et
1269 4207 1561 4264 divisiones
1610 4211 1973 4267 ministratio-

402 4304 530 4342 num
568 4300 715 4357 sunt,
756 4290 897 4347 idem
927 4303 1106 4348 autem
1137 4294 1391 4351 Dominus
1415 4292 1505 4353 εει
1528 4301 1818 4356 divisiones
1846 4319 1973 4374 ope-

407 4380 672 4435 rationum
690 4391 836 4446 sunt,
856 4382 992 4437 idem
1013 4393 1190 4440 autem
1212 4386 1370 4455 Deus,
1396 4392 1486 4457 qtti
1513 4402 1769 4461 operatur
1787 4395 1967 4447 omnia

403 4472 453 4524 in
496 4474 745 4528 omnibus
781 4476 859 4542 ης
900 4496 919 4529 ι
953 4488 1005 4531 et
1036 4490 1152 4547 post
1182 4496 1287 4534 non
1326 4481 1486 4533 tnulta
1526 4500 1538 4534 :
1576 4501 1593 4533 ι
1638 4482 1761 4536 Πίος
1789 4494 1967 4538 autem

398 4563 576 4613 omnia
652 4574 904 4631 operatur
957 4582 1094 4621 unus
1155 4575 1317 4634 atque
1380 4569 1515 4621 idem
1577 4570 1849 4638 Spiritus,
1896 4574 1969 4625 di-

398 4651 586 4704 videns
609 4653 898 4724 unicuique
923 4667 1081 4726 prout
1103 4659 1214 4711 vult
1233 4658 1297 4711 ιδ.
1332 4677 1350 4709 ι
1381 4660 1517 4712 Ecce
1546 4660 1658 4725 tibi,
1685 4676 1716 4716 ο
1738 4662 1968 4731 philoso-

397 4742 533 4811 phe,
560 4743 1051 4802 ntanil'estissitnam
1081 4748 1629 4817 demonstrationem,
1658 4769 1775 4821 qua:
1802 4754 1965 4808 Deum

399 4833 652 4900 prmdicat
681 4835 937 4903 Spiritum
966 4850 1209 4893 sanctum
1231 4880 1245 4905 ,
1275 4848 1326 4893 cl
1353 4857 1469 4909 qua:
1496 4844 1729 4897 ostendit
1756 4844 1873 4912 ejus
1897 4859 1962 4898 ex

398 4935 589 4977 natura
622 4942 713 4979 sua
744 4930 1233 4995 potestatem.\'itlc
1262 4932 1422 5001 igitur
1446 4935 1717 5003 quomodo
1747 4935 1824 4988 sic.
1856 4936 1928 4986 ait
1956 4953 1968 4988 :

405 5033 422 5066 ι
469 5016 767 5073 Divisiones
800 5021 1172 5089 operationum
1210 5032 1367 5087 sunt,
1405 5026 1544 5077 idem
1579 5035 1758 5078 autem
1796 5027 1968 5089 Deus,

397 5107 486 5176 qui
522 5120 773 5179 operatur
803 5111 980 5164 omnia
1018 5112 1069 5165 in
1106 5116 1373 5169 omnibus.
1413 5134 1430 5166 ι
1470 5114 1536 5167 Ει
1570 5115 1695 5170 illttd
1732 5133 1745 5169 :
1784 5136 1801 5166 ι
1845 5117 1967 5172 ΙΙιιισ

396 5208 573 5253 autem
615 5203 793 5255 omnia
831 5213 1089 5272 operatur
1126 5221 1261 5259 unus
1308 5216 1469 5275 atque
1512 5208 1648 5261 idem
1696 5206 1964 5276 Spiritus,

397 5292 487 5358 qui
530 5290 717 5346 dividit
758 5294 1046 5363 unicuique
1087 5306 1248 5365 prout
1281 5295 1410 5349 vult.
1457 5314 1474 5346 ι
1518 5296 1584 5350 Ει
1620 5298 1872 5351 Dominus
1915 5297 1966 5351 itt

397 5378 723 5451 Evangeliis,
752 5394 809 5438 ut
836 5386 963 5448 scis,
996 5386 1331 5441 manifestius
1361 5386 1428 5440 ad
1460 5385 1858 5441 Samaritanatn
1887 5388 1966 5441 lo-

354 5488 362 5495 '
397 5486 591 5541 quens,
622 5474 693 5529 ait
726 5494 739 5531 :
782 5495 800 5526 ι
839 5475 1073 5546 Spiritus
1103 5486 1186 5532 est
1218 5478 1353 5531 Dens
1383 5476 1446 5531 ’⁸.
1486 5496 1503 5528 ι
1543 5476 1597 5532 Si
1630 5494 1755 5549 ergo
1792 5479 1968 5547 Spiri-

448 5630 490 5663 ⁵⁸
524 5628 683 5684 Rom.
718 5645 829 5696 vttt,
865 5629 919 5683 9.
991 5630 1032 5662 "
1063 5629 1107 5687 ll
1136 5630 1261 5685 Cor.
1294 5631 1347 5695 3,
1384 5630 1468 5685 t7.
1546 5632 1588 5664 ⁸³
1623 5630 1639 5682 1
1672 5630 1799 5687 Cor.
1838 5647 1934 5696 χιι,
1969 5650 1980 5685 4

2080 5633 2106 5682 ἱ.
2178 5631 2220 5661 ’⁵
2246 5630 2372 5684 ibid.
2410 5630 2495 5683 Η.

2020 1888 2091 1943 B,

2014 554 2064 613 Α
2102 547 2450 616 Ἀπόκρισις
2506 551 2612 606 τοῦ
2665 556 3011 635 φιέοσέφου
3057 557 3211 626 πρὸς
3270 561 3413 628 τοὺς
3470 565 3679 635 ἁγίους

2646 622 2816 692 ἡμῶν
2851 622 3137 695 Πατέραςῖ.

2163 732 2396 798 Οὐκοῦν,
2437 735 2623 800 καθώς
2670 754 2831 805 φατε,
2887 739 2981 793 καὶ
3033 741 3090 794 αἱ
3130 744 3433 815 μαρτυρίαι
3476 747 3534 801 δὲ
3569 749 3676 803 τῶν

2092 823 2345 893 Γραφῶν,
2400 818 2475 881 ὧν
2523 826 2904 898 παρηγάγετε,
2951 826 3196 899 δηλοῦσι,
3245 831 3520 901 θεολογετν
3596 837 3680 891 δεῖ

2091 914 2188 967 καὶ
2217 915 2279 969 τὸ
2308 917 2538 988 Πνεῦμα
2560 918 2619 971 τὸ
2653 917 2809 987 ἄγιον
2834 935 2847 949 ’
2885 921 2978 975 καί
3008 939 3099 992 μοι
3134 922 3286 976 δοκεῖ
3311 924 3679 999 βεϐιασμένην

2093 1001 2233 1059 εἶναι
2258 1009 2355 1078 τὴν
2380 1008 2608 1075 ἔννοιαν,
2666 1012 2713 1063 εί
2765 1011 2843 1081 μὴ
2876 1013 2943 1066 τά
2981 1012 3093 1068 τῶν
3129 1015 3366 1086 Γραφῶν
3398 1018 3489 1086 ὑφ’
3524 1021 3680 1090 ἡμῶν

2095 1098 2373 1169 παρήχθη.
2404 1099 2550 1171 Πλὴν
2572 1100 2633 1154 τὸ
2657 1102 2754 1172 μὲν
2790 1103 2920 1173 περὶ
2963 1103 3184 1175 Ἐλιοῦμ
3218 1106 3314 1160 τοῦ
3348 1107 3678 1172 Βουζανίτου

2095 1188 2272 1257 σαφὴς
2303 1190 2335 1259 ή
2368 1188 2659 1257 ἀπόδειξις.
2686 1191 2824 1262 Περὶ
2848 1192 2903 1246 δὲ
2934 1194 3035 1265 τῆς
3062 1194 3323 1266 ρηθείσης
3356 1198 3679 1271 ἀναλήψεως

2090 1278 2361 1344 Μωσέως,
2421 1281 2547 1351 περὶ
2585 1278 2653 1353 ἧς
2703 1282 2907 1354 ἀρτίως
2968 1285 3252 1356 εἰρήκατε,
3296 1288 3419 1342 οὐδὲ
3462 1291 3679 1361 ἀκηκοά

2096 1386 2247 1435 ποτε,
2282 1374 2327 1424 εί
2377 1374 2452 1443 μὴ
2497 1373 2591 1427 νῦν
2618 1390 2631 1404 °
2674 1374 2799 1428 ὅθεν
2856 1376 2996 1430 αἰτῶ
3026 1377 3171 1449 ὑμᾶς
3206 1381 3549 1451 σαφεστέραν
3587 1401 3677 1451 μοι

2089 1461 2201 1513 τῶν
2255 1462 2556 1532 λεχθέντων
2616 1467 2967 1537 παραστῆσαι
3026 1467 3123 1540 τὴν
3185 1469 3468 1525 σύστασιν.
3529 1474 3677 1544 Πρὸς

2092 1550 2482 1625 έντελεστάτην
2514 1556 2619 1626 γὰρ
2649 1556 3025 1629 πληροφορίαν
3064 1560 3191 1630 περὶ
3222 1560 3318 1614 τοῦ
3353 1562 3676 1634 Πνεῦματος

2092 1641 2192 1695 οὐκ
2217 1646 2464 1718 αὐτάρκη
2496 1664 2586 1717 μοι
2617 1650 2684 1702 τὰ
2723 1649 2826 1719 ἤδη
2868 1652 2998 1722 παρ’
3032 1652 3185 1722 ὑμῶν
3215 1651 3476 1724 λεχθέντα
3505 1672 3518 1683 ·
3545 1655 3675 1708 λευ-

2093 1738 2320 1808 κοτέρας
2381 1739 2487 1809 γὰρ
2540 1739 2714 1794 δεῖται
2756 1742 3011 1813 φράσεως
3065 1744 3161 1797 καὶ
3199 1748 3584 1819 γενναιοτέρας
3636 1754 3669 1821 ἡ

2093 1828 2369 1891 ὑπόθεσις.
2408 1829 2480 1881 Οὐ
2506 1829 2618 1900 γὰρ
2650 1831 2776 1901 περὶ
2809 1830 2919 1884 τῶν
2943 1833 3215 1902 τυχόντων
3243 1836 3274 1905 ἡ
3312 1833 3561 1906 ζήτησις.

2105 2025 2444 2100 Ἀπῷκρισις
2496 2027 2621 2100 τῶν⁸
2668 2029 2848 2097 ἁγίων
2891 2029 3062 2099 ἡμῶν
3104 2033 3384 2100 Πατέρων
3422 2034 3520 2089 διὰ
3560 2037 3667 2091 τοῦ

2164 2096 2351 2149 αὐτοῦ
2398 2095 2740 2152 ἐπισκόπου
2800 2095 3089 2156 Λεοῖθτίου
3154 2095 3306 2171 πρός
3350 2104 3457 2158 τὸν
3494 2108 3666 2176 φιλό-

2162 2182 2377 2233 σοφον.
2692 2202 2695 2207 -

2161 2277 2367 2349 Πολλῆς
2399 2278 2563 2349 οῦσης
2599 2280 2694 2350 τῆς
2738 2280 2847 2334 τῶν
2888 2282 3294 2353 εἰσηγηθέντων
3338 2301 3422 2338 σοι
3448 2286 3668 2340 ἀποδεί-

2090 2374 2245 2439 ξεως,
2272 2374 2365 2425 καὶ
2402 2374 2815 2443 ὲναργεστάτων
2839 2373 2947 2426 τῶν
2980 2375 3296 2447 μαρτυριῶν
3326 2376 3434 2430 τῶν
3464 2380 3526 2432 ἐκ
3550 2379 3658 2432 τῶν

2092 2465 2255 2519 θείων
2287 2465 2326 2516 Γ
2331 2464 2542 2535 ραφῶν,
2581 2464 2766 2518 πεῖσαί
2803 2483 2861 2518 σε
2889 2456 3207 2535 δυναμένων
3252 2466 3380 2537 περὶ
3409 2468 3505 2538 τῆς
3537 2485 3670 2538 προ-

2058 2592 2069 2601 -
2089 2556 2349 2627 κειμένης
2388 2557 2719 2620 ὑποθέσεως,
2756 2551 2802 2611 ὧ
2833 2556 3088 2626 φιλόσοφε
3108 2597 3123 2622 ,
3154 2558 3507 2629 θαυμάζομεν
3546 2559 3667 2625 πῶς

2087 2649 2356 2719 τοσαύτης
2383 2649 2652 2711 συνέσεως
2694 2649 2866 2703 δοκῶν
2899 2649 3154 2719 ἔμπλεως
3195 2643 3355 2717 εἶναι,
3384 2651 3465 2704 ἔτι
3494 2652 3668 2730 ἀμφι-

2089 2737 2324 2802 ϐάλλεις.
2371 2739 2510 2791 Ἀλλ’
2552 2739 2742 2811 ἐπειδή
2781 2757 2839 2791 σε
2870 2738 3003 2810 πρὸς
3025 2739 3125 2810 τὴν
3155 2740 3418 2811 ἀλήθειαν
3447 2742 3666 2813 βλέπειν

2088 2831 2365 2902 ἐθέλομεν,
2405 2831 2677 2885 καὶτοῦτο
2705 2831 2980 2903 εὐχόμεθα
3002 2870 3016 2895 ,
3064 2832 3446 2904 παραινοῦμέν
3477 2852 3571 2890 σου
3598 2838 3663 2908 τῇ

2092 2925 2303 2978 συνέσει
2334 2922 2602 2992 ἄρξασθαι
2659 2923 2841 2976 πίστει
2891 2924 3033 2976 νοεῖν
3077 2922 3177 2993 τὴν
3211 2923 3469 2981 ἄκτιστον
3502 2926 3664 2996 φύσιν

2088 3018 2322 3085 ἐκείνην,
2371 3018 2464 3070 καὶ
2498 3016 2764 3087 ἄτρεπτον
2794 3032 2808 3047 °
2845 3015 2938 3071 καὶ
2996 3017 3070 3088 μὴ
3107 3017 3468 3088 ἀνθρωπίνοις
3519 3019 3665 3089 λογι-

2090 3109 2350 3179 open-,6);
2373 3107 2628 3171 πολλάκις
2655 3109 2977 3178 εἰρήκαμεν,
2996 3108 3469 3180 πολυπραγμονεῖν
3490 3128 3661 3165 κατα-

2085 3201 2259 3270 τόλμα
2308 3199 2376 3252 τὰ
2410 3199 2549 3270 ὑπὲρ
2584 3198 2707 3254 νοῦν
2738 3217 2749 3228 ⁸
2792 3200 2866 3271 μὴ
2893 3202 3010 3263 ταῖς
3045 3199 3354 3265 κακοδόξοις
3382 3202 3475 3255 καὶ
3525 3203 3657 3255 ἀσε-

2089 3293 2241 3346 ϐέσιν
2290 3293 2523 3357 ἐννοίαις
2586 3292 2796 3363 ’Λρείου
2822 3293 3196 3363 συμφέρεσθαι
3261 3293 3352 3345 ἐπὶ
3405 3288 3654 3348 πλεῖστον

2085 3386 2209 3438 ὅσον
2232 3384 2455 3454 ἀνέχου,
2486 3384 2773 3452 φιλόσοφος
2808 3382 2904 3450 ὢν,
2936 3385 3013 3449 ὡς
3044 3385 3168 3455 φὴς,
3204 3383 3479 3453 φιλόσοφε,
3516 3384 3655 3439 ἀλλὰ
3688 3404 3693 3407 ‘

2082 3478 2237 3547 δέχου
2260 3476 2488 3541 πιστῶς,
2522 3476 2596 3540 ὡς
2618 3477 2818 3545 ἀρτίως
2842 3478 3168 3547 εἰρήκαμεν,
3194 3476 3262 3530 τά
3277 3494 3336 3529 τε
3350 3475 3445 3530 νῦν
3467 3476 3662 3549 ρηθέν-

2081 3586 2149 3620 τα
2210 3585 2326 3633 σοι,
2366 3568 2436 3621 τά
2476 3585 2536 3621 τε
2579 3568 2842 3637 μέλλοντα
2898 3569 3254 3640 ῥηθήσεσθαι.
3307 3569 3473 3639 Δέχου
3530 3569 3661 3639 μίαν

2082 3658 2311 3731 θεότητα
2340 3660 2434 3713 τοῦ
2467 3660 2681 3732 Πατρὸς
2706 3660 2799 3713 τοῦ
2831 3662 3193 3732 γεννήσαντος
3222 3661 3313 3714 τὸν
3340 3659 3473 3716 Υίδν
3494 3666 3656 3717 ἀνεκ-

2081 3752 2354 3822 φράστως,
2374 3752 2468 3805 καὶ
2485 3751 2575 3803 τοῦ
2598 3751 2729 3804 Υίοῦ
2747 3751 2839 3803 τοῦ
2856 3751 3254 3820 γεγεννημένου
3285 3751 3345 3816 ἐξ
3361 3751 3547 3813 αὐτοῦ,
3563 3752 3657 3805 καὶ

2076 3839 2173 3893 τοῦ
2192 3841 2347 3909 ἁγίου
2373 3840 2695 3909 Πνεύματος
2717 3840 2810 3894 τοῦ
2835 3840 3275 3910 ἐκπορευομένου
3298 3839 3358 3904 ἐξ
3378 3838 3542 3893 αὑτοῦ
3560 3840 3652 3893 τοῦ

2078 3932 2312 4003 Πατρὸς,
2348 3932 2482 3984 ἰδίου
2513 3931 2569 3983 δὲ
2593 3931 2744 3994 ὄντος
2767 3932 2860 3985 τοῦ
2894 3930 3046 3996 Υίοῦ,
3083 3931 3226 3985 καθά
3258 3948 3423 4001 φησιν
3458 3933 3486 3984 6
3514 3930 3654 3994 θεῖος

2075 4022 2373 4085 ἀπόστολος
2428 4021 2675 4085 Παῦλος·
2719 4040 2737 4073 ι
2781 4020 2851 4075 Εἴ
2894 4039 2976 4085 τις
3013 4020 3239 4091 Πνεῦμα
3288 4021 3527 4092 Χριστοῦ
3552 4026 3655 4076 οὐκ

2075 4113 2208 4185 ἔχει,
2237 4105 2391 4176 οὗτος
2424 4113 2525 4166 οὐκ
2547 4111 2692 4165 ἐστιν
2713 4110 2899 4165 αὑτοῦ.
2943 4130 2961 4163 ι
2990 4112 3100 4165 Καὶ
3129 4111 3364 4182 ἀλλαχοῦ
3398 4114 3425 4166 6
3455 4113 3612 4175 αὑτός
3637 4131 3647 4140 ·

2078 4221 2098 4255 ι
2144 4203 2205 4256 Ὅ
2223 4202 2279 4255 δὲ
2302 4204 2508 4274 Κύριος
2526 4200 2588 4253 τὸ
2610 4199 2836 4271 Πνεῦμα
2869 4201 3007 4255 ἐστι.
3042 4219 3059 4252 ι
3091 4201 3197 4254 Καὶ
3219 4200 3381 4254 πάλιν
3403 4217 3416 4231 ·
3459 4219 3477 4252 ι
3508 4202 3652 4254 Atat--

2075 4294 2251 4365 ρέσεις
2280 4295 2336 4348 δὲ
2367 4294 2723 4364 χαρισμάτων
2755 4294 2882 4357 εἰσὶ,
2925 4293 2986 4346 τὸ
3008 4293 3064 4345 δὲ
3099 4292 3233 4346 αὐτὸ
3260 4293 3519 4364 Πνεῦμα·
3560 4292 3652 4348 καὶ

2071 4387 2366 4456 διαιρέσεις
2390 4385 2675 4437 διακονιῶν
2706 4386 2865 4447 εἰσιν,
2899 4384 2927 4435 6
2960 4385 3018 4437 δὲ
3068 4385 3233 4447 αὐτὸς
3273 4384 3476 4455 Κύριος
3503 4400 3516 4413 ’
3554 4384 3652 4437 καὶ

2049 4478 2344 4549 διαιρέσεις
2372 4477 2765 4549 ἐνεργημάτων
2786 4477 2945 4539 εἰσὶν,
2973 4477 3000 4529 6
3018 4476 3073 4529 δὲ
3102 4478 3263 4541 αὐτὸς
3286 4476 3418 4540 Θεὸς
3446 4478 3474 4530 6
3498 4478 3649 4548 ἐνερ-

2077 4570 2185 4635 γῶν
2200 4569 2265 4620 τᾶ
2280 4568 2457 4621 πάντα
2475 4570 2532 4620 ἐν
2548 4568 2701 4620 πᾶσι.
2732 4586 2748 4617 ι
2767 4568 2876 4620 Καὶ
2899 4568 3015 4636 μετ’
3031 4567 3091 4620 οὐ
3112 4567 3276 4621 πολλά
3304 4583 3317 4598 ·
3344 4586 3362 4619 t
3385 4568 3568 4622 Πάντα
3592 4569 3651 4622 δὲ

2076 4658 2247 4710 ταῦτα
2279 4659 2493 4729 ἐνεργεῖ
2522 4658 2582 4711 τὸ
2615 4657 2672 4710 ἓν
2706 4659 2797 4710 καὶ
2845 4658 2905 4710 τὸ
2944 4658 3076 4711 αὐτὸ
3107 4659 3364 4729 Πνεῦμα,
3406 4660 3650 4732 διαιροῦν

2444 4740 2467 4757 Ι
2581 4747 2594 4764 ς
2754 4748 2764 4764 ρ
3161 4751 3174 4765 ι
3258 4744 3285 4765 τ

2079 4751 2184 4820 ἰδίᾳ
2213 4750 2423 4819 ἑκάστῳ
2464 4748 2644 4812 καθως
2675 4747 2945 4819 βουλεται.
2992 4768 3008 4799 ι
3058 4749 3189 4801 Ἰδου
3213 4789 3226 4812 ,
3253 4767 3298 4801 ω
3352 4749 3605 4818 φιλόσοφε
3630 4788 3648 4816 ,

2073 4841 2386 4909 σαφεστάτη
2428 4840 2524 4893 καὶ
2556 4840 2871 4910 τρανωτέρα
2904 4839 3179 4904 ἀπόδειξις
3216 4839 3541 4908 θεολογοῦσα
3585 4842 3648 4894 τὸ

2073 4932 2293 5001 Πνεῦμα
2321 4933 2381 4984 τὸ
2410 4932 2584 4999 ἆγιον,
2626 4930 2952 4984 δεικνύουσα
2977 4932 3141 4985 αὐτοῦ
3175 4932 3275 5002 τὴν
3302 4930 3645 4992 αὐτεξουσιόο

2071 5040 2229 5093 τητα.
2265 5023 2407 5093 Ὀρα
2438 5023 2552 5084 πῶς
2576 5018 2691 5076 ὧδε·
2708 5022 2855 5088 λέγει
2885 5038 2897 5051 ⁸
2935 5040 2952 5072 ι
2987 5022 3290 5091 Διαιρέσεις
3319 5022 3375 5074 δὲ
3410 5025 3640 5091 ἐνεργη-

2055 5104 2260 5185 ’μάτων
2284 5115 2442 5178 εἰσὶν,
2466 5117 2494 5167 ὁ
2521 5115 2577 5167 δὲ
2604 5114 2765 5178 αὐτὸς
2808 5114 2939 5177 Θεὸς
2966 5116 2994 5166 6
3020 5114 3259 5184 ἐνεργῶν
3282 5115 3353 5167 τὰ
3380 5114 3554 5166 πάντα
3589 5114 3646 5165 ὲν

2072 5209 2227 5259 πᾶσι.
2263 5226 2281 5257 ι
2311 5208 2421 5259 Καὶ
2443 5206 2524 5272 τὸ,
2554 5205 2739 5259 Πάντα
2770 5206 2826 5257 δὲ
2857 5206 3026 5259 ταῦτα
3058 5207 3270 5276 ἐνεργεῖ
3296 5205 3356 5258 τὸ
3381 5204 3439 5256 ἒν
3473 5206 3565 5258 καὶ
3586 5204 3650 5257 τὸ

2071 5295 2202 5349 αὐτὸ
2240 5296 2494 5366 Πνεῦμα,
2531 5294 2774 5367 διαιροῦν
2816 5294 2920 5365 ἰδία
2976 5296 3188 5365 ἑκάστῳ
3229 5292 3409 5357 καθιῖις
3461 5294 3647 5363 βούλει

2069 5403 2196 5440 ται·
2246 5405 2265 5438 ι
2303 5388 2414 5440 Καὶ
2437 5388 2465 5439 6
2500 5386 2703 5456 Κύριος
2736 5386 2792 5438 δὲ
2831 5387 2889 5438 ἐν
2935 5385 3319 5453 Εὐαγγελίοις,
3351 5386 3425 5449 ὡς
3454 5381 3645 5445 οἶσθα,

2080 5477 2265 5546 σαφῶς
2295 5478 2674 5549 διαλεγόμενος
2710 5478 2846 5547 πρὸς
2878 5477 2976 5547 τὴν
3008 5478 3365 5547 Σαμαρίτεδα,
3397 5479 3447 5529 τί
3473 5492 3642 5544 φησις

2580 5631 2621 5662 ⁸⁸
2649 5627 2804 5684 Joan.
2840 5645 2915 5694 tv,
2941 5630 3031 5683 24.
