4042 6142
351 264 485 325 1239

1229 257 1594 319 HISTORIA
1634 257 1967 319 CONClLII
2010 254 2308 316 NIC.‘ENI.
2357 279 2419 289 —
2457 255 2602 316 LIB.
2645 255 2726 315 ΙΙ.

3453 237 3587 320 12in

351 356 373 417 ξ
416 370 637 438 Πνεῦμα
677 371 708 422 6
733 367 886 430 Θεῶς.
920 387 944 438 ξι
1001 366 1062 418 Ei
1107 360 1200 418 οὖν
1249 363 1466 432 πνεῦμα
1505 363 1674 427 Θεὸς,
1706 363 1918 424 πάντως

2030 370 2108 415 lus
2137 371 2218 414 est
2251 360 2410 424 Deus,
2439 361 2658 417 omnino
2685 370 2738 416 et
2768 362 2908 416 Deus
2933 362 3038 417 erit
3071 362 3324 432 Spiritus,
3357 381 3458 420 non
3488 385 3588 420 au-

345 458 480 520 Θεὸς
512 460 605 510 καὶ
639 458 698 511 τὸ
727 458 946 527 πνεῦμα
966 495 982 520 ,
1011 454 1126 508 ἀλλ’
1151 455 1252 506 οὑκ
1279 453 1438 516 ἄλλος
1465 455 1560 506 καὶ
1582 451 1760 515 ἄλλος,
1785 449 1919 504 ἀλλὰ

351 549 448 617 μία
473 537 668 620 θεότης
701 551 811 603 τῶν
857 549 1098 618 θατὲρων
1131 544 1458 616 προσώπων,
1505 543 1648 596 κατὰ
1686 543 1784 614 τὴν
1812 543 1920 596 τῶν

347 643 699 696 ὑποστάσεων
723 642 952 695 ἔννοιαν.
997 638 1158 692 Ἀλλὰ
1185 636 1477 707 πρόσωπον
1500 634 1812 698 ἀκούοντες,
1846 633 1920 704 μὴ

346 733 816 802 ἀνθρωπόμορφον
859 734 921 786 τὸ
970 732 1114 784 θεῖον
1161 728 1536 798 ὑπολάϐωμεν.
1598 726 1922 781 Ἀσὺνθετον

310 881 324 890 γ
348 821 456 893 γὰρ
484 825 575 876 καὶ
604 825 1034 894 ἀσχημάτιστον,
1081 819 1264 881 καθὼς
1289 820 1384 872 καὶ
1412 819 1469 871 ὲν
1517 818 1660 889 ἀρχῇ
1695 818 1803 871 τῶν
1833 818 1920 870 λό-

349 932 482 982 γων,
514 915 606 966 καὶ
638 915 801 977 αὑτὸς
823 953 838 976 ,
871 913 944 976 ὡς
969 915 1063 965 καὶ
1085 913 1269 982 ἡμεῖς,
1299 909 1783 980 καθωμολόγησας.
1813 909 1922 961 Καὶ

350 1007 458 1076 γὰρ
489 1007 582 1060 καὶ
603 1009 631 1060 6
655 1007 883 1078 οὐρανὸς
919 1007 1070 1075 καὶὴ
1099 1007 1170 1076 γῆ
1211 1005 1503 1076 πρόσωπον
1536 1003 1678 1072 ἔχειν
1707 1018 1922 1072 μεμαρ-

350 1100 602 1170 copam.
635 1100 776 1152 καοά
803 1100 963 1163 αὐτὸς
1002 1100 1030 1150 ὁ
1057 1097 1262 1166 Κύριος
1300 1099 1357 1150 ἐν
1396 1094 1754 1163 Εὐαγγελίοις
1785 1094 1922 1164 πρὸς

349 1193 476 1252 τοὺς
503 1190 856 1260 Γραμματεῑς
889 1189 983 1242 καὶ
1033 1188 1359 1259 Φαρισαίους
1390 1185 1769 1254 διαλεγόμενος
1795 1183 1920 1253 ἔφη’

357 1301 376 1332 ι
422 1282 738 1352 Ὑποκριται
759 1324 772 1342 ,
796 1282 857 1334 τὸ
885 1282 1174 1351 πρόσωπον
1196 1279 1292 1332 τοῦ
1322 1276 1552 1349 οὐρανοῦ
1579 1278 1670 1330 καὶ
1693 1277 1790 1346 τῆς
1821 1275 1924 1344 γῆς

349 1374 524 1425 οἴδατε
546 1373 882 1443 δοκιμάζειν,
917 1391 934 1424 ι
964 1373 1059 1424 καὶ
1079 1373 1147 1424 τὰ
1170 1371 1318 1440 ἑξῆς.
1345 1371 1460 1424 Πᾶν
1481 1372 1590 1440 γὰρ
1609 1369 1670 1422 τὸ
1695 1369 1924 1438 ὑφεστὸς

347 1465 436 1531 ἐφ’
477 1465 599 1518 ὅσον
625 1465 946 1533 ὑφίσταται,
977 1465 1269 1534 πρόσωπον
1295 1460 1440 1530 ἔχειν
1466 1461 1684 1530 λέγεται
1713 1462 1815 1531 τῆς
1843 1463 1922 1514 oi-

351 1560 506 1622 κείας
547 1559 800 1630 φύσεως,
845 1561 964 1630 ἤτοι
1013 1559 1220 1629 σχῆμα.
1274 1555 1437 1609 Ἀλλὰ
1479 1554 1586 1626 μὴν
1632 1557 1659 1607 6
1697 1551 1924 1622 οὐρανὸς

351 1650 445 1700 καὶ
477 1651 509 1716 ἡ
561 1649 630 1716 γῆ
673 1651 898 1711 κτιστὰ,
936 1647 1079 1702 καθα
1111 1648 1206 1700 καὶ
1257 1649 1406 1699 πᾶσα
1448 1647 1482 1716 ἡ
1531 1643 1640 1698 τῶν
1679 1641 1923 1712 γενητῶν

2023 461 2130 506 tem
2165 451 2304 506 alius
2340 463 2501 521 atque
2537 453 2708 520 alius;
2745 453 2836 508 sed
2873 469 2976 508 una
3013 454 3270 510 divinitas
3309 459 3590 530 utriusque

2023 556 2285 612 personae,
2330 545 2481 614 juxta
2537 544 2907 616 bypostasium
2958 547 3470 602 considerationem.
3517 551 3590 604 At

2021 647 2150 689 vero
2179 650 2300 689 cum
2333 651 2619 705 personam
2651 638 2920 706 audimus,
2956 653 3022 694 ne
3053 640 3410 709 suspicemur,
3445 648 3587 713 quod

1996 737 2105 782 cst
2137 729 2376 782 divinum
2417 729 2616 786 habere
2652 733 2938 786 humanam
2979 731 3229 804 efﬁgiem.
3267 735 3474 804 Expers
3509 749 3588 790 est

2022 819 2163 874 enim
2208 822 2612 890 compositionis
2659 831 2822 891 atque
2868 824 3074 893 figura},
3118 835 3174 880 ut
3222 827 3276 881 in
3327 829 3592 898 principio
3669 833 3687 840 ”

2023 907 2445 977 disputationum
2485 923 2537 964 tu
2575 912 2716 981 ipse,
2755 913 2895 969 sicut
2930 923 2986 970 et
3023 931 3154 980 nos,
3191 917 3476 973 confessus
3508 937 3587 974 es.

2024 997 2156 1052 Nam
2189 1011 2244 1054 ct
2277 1001 2472 1055 coelum
2505 1013 2560 1057 et
2593 1011 2792 1057 terram
2831 1019 3115 1074 personam
3151 1007 3352 1063 habere
3387 1009 3591 1065 testan-

2026 1101 2134 1154 tur,
2169 1093 2617 1160 quemadmodum
2652 1101 2708 1148 et
2745 1094 2858 1164 ipse
2894 1093 3156 1152 Dominus
3196 1097 3248 1152 in
3284 1098 3591 1168 Evangeliis

2023 1180 2088 1236 ad
2125 1181 2343 1237 Scribas
2376 1193 2430 1238 et
2464 1183 2762 1241 Pbarisacos
2797 1187 3044 1257 loquens,
3080 1189 3260 1244 aiebat
3295 1204 3310 1244 :
3351 1209 3370 1242 ι
3416 1191 3594 1262 Hypo-

2023 1273 2192 1336 criue,
2222 1274 2410 1328 faciem
2437 1275 2548 1330 sive
2575 1291 2858 1344 personam
2885 1279 3004 1334 ω)ιί
3032 1287 3087 1334 et
3113 1290 3271 1336 terrze
3296 1281 3594 1352 dijudicare

2025 1366 2196 1421 nostis
2213 1367 2296 1434 ";
2337 1385 2358 1418 ι
2393 1376 2446 1422 et
2503 1384 2623 1438 quze
2656 1379 2977 1439 sequuntur.
3012 1371 3284 1442 Quidquid
3319 1375 3462 1428 enim
3499 1391 3594 1444 per

2023 1471 2083 1512 se
2111 1457 2386 1522 subsistit,
2415 1469 2678 1528 quatenus
2706 1476 2801 1528 per
2827 1478 2884 1517 se
2912 1463 3192 1528 subsistit,
3228 1467 3461 1535 propria:
3489 1445 3592 1546 na:-

2027 1555 2160 1602 tum
2201 1562 2508 1618 personam,
2552 1551 2664 1605 sive
2705 1551 2919 1618 faciem,
2962 1555 3076 1609 sive
3125 1554 3348 1624 ﬁguram
3393 1556 3596 1634 habere

2023 1637 2242 1692 dicitur.
2268 1639 2372 1693 Sed
2397 1641 2589 1694 coelum
2617 1642 2830 1712 quidem
2859 1653 2913 1698 et
2939 1651 3082 1699 terra
3111 1645 3252 1700 facta
3279 1656 3425 1710 sunt,
3453 1647 3596 1722 sicut

353 1738 531 1808 φύσις·
573 1741 605 1808 ή
635 1738 690 1790 δὲ
719 1738 836 1792 θεία
873 1739 967 1792 καὶ
998 1739 1235 1809 ipsum;
1261 1737 1438 1802 οὐσία,
1468 1736 1740 1798 ἄκτιστος·
1775 1734 1922 1786 ἐπεί-

2030 1737 2079 1783 et
2110 1730 2286 1784 omnis
2319 1742 2688 1787 creaturarum
2725 1744 2918 1788 natura
2952 1753 2967 1791 :
3003 1737 3304 1791 substantia
3341 1751 3469 1791 vero
3506 1719 3594 1793 di-

351 1846 458 1898 περ
483 1829 686 1892 ἁπλοῦς
711 1835 804 1883 καὶ
840 1828 1150 1892 ἁσὺνθετος.
1181 1830 1272 1882 καὶ
1297 1827 1724 1897 ἀσχημάτιστος,
1759 1825 1923 1888 ἀΐδιος

350 1939 410 1973 τε
443 1921 538 1974 καὶ
579 1921 864 1983 ἀθάνατος.
923 1921 1062 1972 Ἀλλ’
1091 1922 1181 1974 ἐπὶ
1213 1919 1274 1972 τὸ
1310 1919 1667 1990 προκείμενον
1696 1917 1924 1971 ἐπανέλ-

354 2011 556 2078 θωμεν.
603 2011 984 2080 Ἀπεδείξαμεν
1006 2011 1094 2065 διὰ
1123 2011 1383 2064 πλειόνων
1413 2009 1520 2062 τῶν
1540 2011 1606 2062 ὲκ
1628 2009 1736 2062 τῶν
1766 2009 1925 2062 θείων

355 2101 586 2170 Γραφῶν
641 2102 976 2173 μαρτυριῶν,
1033 2101 1465 2173 συνδημιουργὸν
1499 2099 1575 2170 τῷ
1610 2099 1784 2170 Πατρὶ
1831 2099 1926 2152 καὶ

352 2191 433 2263 τῷ
474 2193 589 2263 Υἱῷ
617 2195 796 2263 πάσης
831 2193 1063 2257 κτίσεως
1091 2193 1378 2264 ὁρωμένης
1415 2209 1475 2245 τε
1507 2193 1602 2244 καὶ
1633 2191 1927 2262 νοουμένης

354 2277 584 2336 εἶναιτὸ
622 2281 848 2353 Πνεῦμα
891 2281 951 2334 τὸ
981 2282 1157 2350 ἆγιονο
1204 2282 1438 2352 ἐπείπερ
1482 2281 1578 2334 καὶ
1623 2279 1927 2350 ἀχώριστον

361 2375 449 2426 ἀεί
485 2379 597 2428 ἐστι
631 2374 722 2427 τοῦ
763 2373 976 2446 Πατρδς
1003 2371 1214 2426 καὶτοῦ
1247 2371 1400 2438 Υίοῦ,
1443 2371 1585 2426 καθὰ
1613 2371 1709 2425 καὶ
1733 2375 1761 2425 6
1797 2371 1928 2436 Υἱὸς

353 2465 447 2518 τοῦ
498 2467 710 2535 Πατρὺς
735 2505 749 2530 ,
785 2466 878 2518 καὶ
919 2467 948 2518 6
979 2465 1172 2535 Πατὴρ
1216 2463 1311 2518 τοῦ
1356 2463 1508 2518 Υἱοῦ.
1557 2463 1726 2534 Δεῦρο
1754 2464 1847 2529 δὲ,
1879 2466 1928 2519 si

355 2553 532 2617 δοκεῖ,
562 2553 807 2622 λάμϐανε
843 2556 936 2606 καὶ
969 2552 1037 2606 δι’
1081 2552 1518 2622 ὑποδειγμάτων,
1554 2555 1602 2606 εί
1633 2554 1728 2607 καὶ
1767 2553 1929 2608 ἀσθε-

355 2644 644 2714 νεστέρων,
677 2645 922 2716 χρηστὰς
949 2646 1228 2716 ὑποθήκας
1253 2662 1268 2676 ο
1307 2647 1336 2698 6
1363 2645 1520 2716 λόγος
1547 2647 1576 2700 6
1623 2645 1716 2710 σδς
1734 2684 1752 2710 ,
1783 2645 1929 2701 καθά

355 2735 450 2787 καὶ
479 2737 676 2800 παντὸς
713 2737 1002 2805 ἀνθρώπου
1025 2777 1040 2800 ,
1079 2737 1412 2809 προφορικδς
1445 2737 1544 2809 μέν
1573 2741 1711 2806 ἐστι,
1739 2740 1931 2810 γεννᾶ-

356 2843 448 2879 ται
493 2827 551 2880 δὲ
603 2829 863 2898 ἀτμήτως
908 2832 972 2883 ἐκ
1017 2829 1112 2884 τοῦ
1146 2829 1241 2884 σοῦ
1289 2830 1403 2885 νοῦ.
1456 2831 1691 2903 Ὁμοίοις
1729 2833 1825 2886 καὶ
1870 2831 1932 2886 τὸ

359 2920 578 2988 πνεῦμά
606 2937 721 2981 σου,
775 2923 868 2974 καὶ
901 2921 1261 2993 ἐκπορεύεται
1308 2924 1372 2976 ἐκ
1423 2923 1518 2977 σοῦ
1542 2938 1559 2954 ⁸
1611 2925 1704 2978 καὶ
1737 2925 1837 2978 οὑκ
1864 2923 1932 2979 ἂν

356 3007 476 3060 οὑδὲ
501 3007 590 3060 τὸν
615 3009 770 3076 λόγον
801 3027 914 3074 σου,
945 3009 1069 3064 οὔτε
1103 3011 1166 3064 τὸ
1191 3011 1411 3082 πνεῦμά
1435 3029 1528 3066 σου
1559 3013 1736 3076 εἴποις
1767 3012 1928 3067 ἁλλό-
1955 3065 1998 3088 η

357 3098 508 3167 τριόν
540 3116 656 3152 σου.
692 3101 800 3154 Καὶ
830 3101 1004 3156 ταῦτα
1035 3103 1134 3172 μὲν
1161 3103 1260 3155 οὑκ
1286 3103 1352 3156 ἂν
1375 3103 1698 3176 ἀπαξιώσῃς
1723 3106 1812 3158 ἐπ’
1835 3107 1930 3160 ἅν-

361 3189 594 3259 θρώπων
621 3193 760 3245 νοεῖν
781 3209 794 3221 ·
828 3194 922 3246 ἐπὶ
951 3194 1008 3247 δὲ
1037 3195 1135 3264 τῆς
1169 3195 1412 3265 ἀρρήτου
1442 3195 1537 3247 καὶ
1565 3196 1928 3267 ἀπερινοήτου

360 3283 454 3333 καὶ
484 3283 870 3353 ἁκαταλήπτου
896 3284 1082 3348 οὐσίας
1111 3285 1326 3356 ἐκείνης
1355 3284 1448 3338 τοῦ
1470 3285 1626 3349 Θεοῦ,
1651 3286 1932 3358 ἀλλότριον

359 3365 448 3421 τον
483 3371 544 3422 οὑ
569 3373 900 3444 προρορικὸν
933 3373 1100 3427 αὑτοῦ
1127 3373 1304 3442 λόγον,
1332 3374 1470 3428 ἀλλὰ
1494 3374 1674 3438 ζῶντα
1701 3375 1806 3438 ἀεὶ,
1838 3377 1932 3430 καὶ

363 3464 579 3531 ὲνεργῆ,
607 3465 700 3516 καὶ
725 3463 1034 3536 τομώτερον
1063 3466 1202 3536 ὑπὲρ
1231 3468 1412 3520 πᾶσαν
1449 3466 1729 3537 μάχαιραν
1757 3467 1932 3522 δίστο-

366 3570 486 3622 μον.
521 3556 716 3624 κριτὴν
741 3572 798 3608 τε
827 3557 1044 3610 πάντων
1067 3558 1258 3624 ὅντων,
1287 3558 1518 3629 ἐπείπερ
1551 3559 1647 3610 καὶ
1670 3559 1934 3630 δημιουρ.

364 3644 476 3710 γόν·
504 3639 548 3712 ᾧ
569 3647 670 3699 οὑκ
700 3645 818 3700 ἐστι
840 3649 1015 3713 κτίσις
1039 3651 1252 3720 ἀφανὴς
1283 3649 1514 3702 ἐνώπιον
1539 3649 1728 3714 αὑτοῦ,
1757 3652 1934 3704 πάντα

361 3735 418 3788 δὲ
444 3737 624 3808 γυμνὰ
657 3739 753 3792 καὶ
780 3742 1256 3811 τετραχηλισμένα
1284 3743 1396 3803 τοῖς
1423 3741 1721 3810 ὀφθαλμοῖς
1743 3741 1929 3796 αὑτοῦ.

362 3827 472 3878 Καὶ
500 3827 560 3878 τὸ
596 3827 819 3897 Πνεῦμα
846 3829 1009 3881 αὑτοῦ
1049 3830 1109 3882 τὸ
1147 3830 1300 3898 ἇγιον
1328 3829 1389 3882 τὸ
1429 3830 1666 3899 ἐρευνῶν
1693 3829 1763 3882 τὰ
1795 3829 1933 3899 βάθη

361 3917 455 3968 τοῦ
483 3915 619 3969 Θεοῦ
645 3957 660 3981 ,
690 3919 864 3989 τολμᾷ
889 3937 972 3984 τις
1015 3919 1290 3990 ἀλλότριον
1331 3914 1471 3973 εἶναι
1511 3920 1708 3984 εἰπεῖν,
1756 3919 1789 3987 ἢ
1841 3919 1936 3970 τὸν

363 4009 556 4076 Λόγον,
577 4009 610 4078 ἢ
631 4011 692 4062 τὸ
715 4011 939 4080 Πνεῦμα
965 4009 1059 4065 τοῦ
1087 4009 1222 4064 Θεοῦ
1241 4028 1256 4078 ;
1281 4011 1314 4082 ἦ
1336 4011 1458 4076 τοὺς
1480 4009 1653 4065 ταῦτα
1681 4009 1937 4079 λέγοντας

366 4099 685 4170 προσίεσθαι
706 4119 721 4167 ;
753 4103 842 4156 ναὶ
859 4142 873 4168 ,
893 4102 1168 4172 φιλόσοφε.

941 4215 1190 4269 ΚΕΦΛΛ.
1228 4215 1357 4269 KA'.

379 4303 722 4370 Ἀπόκρισις
770 4303 878 4356 τοῦ
926 4305 1270 4372 φιλοσόφου
1311 4304 1458 4371 πρὸς
1489 4305 1554 4357 τὸ
1588 4308 1792 4358 κοινὸν
1818 4305 1937 4358 τῶν

859 4374 1042 4442 ἁγίων
1070 4375 1432 4426 ἐπισκόπων.

450 4463 668 4534 Ἐπειδὴ
702 4467 782 4528 είς
820 4463 1160 4534 ὑψηλοτέραν
1189 4464 1396 4517 ἔννοιάν
1425 4481 1492 4534 με
1528 4466 1784 4534 ἠγάγετε,
1829 4467 1924 4536 φής

371 4573 562 4618 σαντες
599 4557 708 4609 δεῖν
753 4556 883 4626 μίαν
925 4555 1153 4624 θεότητα
1193 4556 1428 4610 νοεῖσθαι
1456 4558 1552 4609 καὶ
1581 4557 1934 4611 πιστεύεσθαι

368 4646 462 4700 τοῦ
494 4648 730 4716 Πατρὸς,
765 4649 862 4700 καὶ
887 4646 980 4700 τοῦ
1010 4645 1164 4707 Υίοῦ,
1192 4647 1398 4700 καὶτοῦ
1417 4647 1574 4714 ἁγίου
1598 4649 1934 4718 Πνεὺματος’

371 4737 644 4806 ἐπιμεμνη
655 4754 749 4806 μαι
779 4737 835 4788 δὲ
860 4735 967 4788 τῶν
995 4736 1120 4806 παρ’
1147 4737 1272 4804 ὑμῖν
1291 4735 1600 4806 ἔμπροσθεν
1629 4737 1932 4806 ῥηθέντων,

370 4830 452 4882 ὅτι
485 4829 613 4888 Θεὸς
665 4830 692 4881 ὁ
737 4827 962 4898 Πατὴρ,
989 4827 1091 4887 ,καὶ
1133 4827 1261 4888 Θεὸς
1295 4829 1324 4878 ὁ
1369 4827 1525 4889 Υἱὸς,
1581 4827 1676 4879 καὶ
1715 4827 1844 4890 Θεὸς
1875 4828 1938 4879 τὸ

346 4915 633 4980 Ιινεῦματὸ
648 4913 928 4985 ἅγιονονῦν
955 4917 1012 4969 δέ
1045 4933 1179 4984 φατε
1208 4916 1334 4984 μίαν
1367 4916 1594 4986 θεότητα
1637 4917 1744 4968 τῶν
1771 4917 1936 4986 τριῶν

372 5008 594 5062 τελείων
623 5009 996 5071 ὑποστάεεων,
1023 5009 1117 5060 τοῦ
1147 5008 1379 5076 Πατρὺς,
1410 5007 1622 5060 καὶτοῦ
1661 5008 1813 5069 Υἰοῦ,
1845 5011 1939 5062 καὶ

371 5097 467 5150 τοῦ
503 5099 656 5166 ἁγίου
700 5098 1052 5166 Πνεύματοςο
1100 5097 1416 5167 λευκότερον
1466 5097 1800 5168 σαφηνίσατὲ
1849 5115 1937 5168 μοι

370 5189 474 5256 τὰς
506 5191 712 5260 ῥήσεις,
746 5189 1068 5258 παρακαλῶ.

386 5305 732 5369 Ἀπόκρισις
752 5302 870 5354 τῶν
897 5302 1080 5368 ἁγίων
1111 5299 1382 5366 Πατέρων
1402 5301 1549 5366 πρὸς
1571 5301 1676 5351 τὸν
1697 5301 1942 5366 φιλόσο-

505 5389 642 5440 φον,
683 5372 778 5424 διὰ
805 5371 910 5424 τοῦ
935 5371 1118 5424 αὑτοῦ
1144 5371 1426 5424 Λεοντίου
1454 5371 1805 5422 ἐπισκόπου.

460 5482 857 5553 Ἀνέκφραστὸς
909 5484 1076 5546 ἐστιν,
1125 5485 1354 5553 ἐπείπερ
1405 5485 1498 5535 καὶ
1555 5483 1942 5552 ἁπερινόητος,

459 5635 503 5670 ¹⁶
536 5633 663 5688 Luc.
697 5651 792 5698 xu,
825 5636 912 5687 Siti.
993 5635 1032 5664 ίτ
1065 5634 1224 5692 Ηέειιι.
1261 5652 1333 5695 Iv,
1370 5635 1453 5692 1'2.

617 5730 884 5788 PATRUL.
919 5732 1032 5787 Gn.
1080 5731 1224 5786 LXX
1243 5730 1364 5786 ΧΥ.

1967 4397 2014 4454 D

1536 5635 1576 5664 ’⁸
1604 5638 1621 5688 ι
1653 5637 1774 5689 Cor.
1809 5652 1867 5700 ιι,
1907 5636 1984 5686 li).

2024 1821 2147 1874 vina
2176 1833 2227 1875 et
2255 1821 2563 1888 inefi'abilis,
2591 1825 2828 1880 increata
2857 1825 3121 1896 siquidem
3149 1838 3203 1882 et
3229 1827 3457 1898 simplex
3485 1841 3590 1894 est,

2026 1923 2190 1982 atque
2211 1915 2386 1969 omnis
2405 1915 2812 1984 compositionis
2832 1930 3044 1988 expers,
3066 1918 3368 1990 iufigurata,
3391 1931 3592 1974 :cterna

2025 2011 2080 2058 et
2115 2003 2454 2060 immortalis.
2488 2005 2594 2060 Sed
2629 2007 2694 2062 ad
2731 2007 3042 2064 institutum
3081 2020 3438 2094 revertamur.
3471 2011 3596 2067 Piu-

2027 2091 2176 2146 ribus
2199 2105 2264 2146 ex
2291 2093 2492 2148 divinis
2517 2094 2814 2165 Scripturis
2846 2099 3172 2154 testimoniis
3203 2091 3596 2157 demonstravi8

2027 2195 2148 2235 mus
2182 2179 2443 2249 Spiritum
2482 2193 2728 2238 sanctum
2769 2184 2930 2241 simul
2993 2203 3114 2242 cum
3152 2188 3311 2244 Patre
3351 2205 3416 2245 ac
3455 2191 3598 2247 Filio

2027 2269 2358 2326 conditorem
2385 2285 2507 2326 esse
2529 2273 2705 2328 omnis
2729 2284 3008 2342 creatum,
3037 2287 3090 2332 et
3112 2277 3231 2348 ejus
3255 2295 3373 2348 quae
3391 2281 3597 2354 intelli-

2027 2362 2208 2432 gentia
2258 2364 2553 2434 percipitur
2603 2381 2618 2419 :
2669 2366 3105 2438 quandoquidem
3159 2370 3599 2441 insepararabilis

2027 2468 2240 2524 semper
2260 2464 2344 2510 est
2369 2471 2398 2510 a
2422 2454 2583 2512 Patre
2605 2472 2668 2512 ac
2690 2456 2848 2524 Filio,
2871 2463 3326 2530 quemadmodum
3351 2475 3406 2520 et
3427 2465 3598 2522 Filius

2029 2559 2058 2598 a
2092 2544 2276 2612 Patre,
2307 2558 2362 2601 et
2393 2545 2559 2604 Pater
2605 2564 2635 2604 a
2673 2549 2828 2605 Filio.
2881 2553 3122 2624 Agedum
3158 2555 3204 2610 si
3239 2555 3472 2623 videtur,
3503 2572 3600 2628 per

2029 2637 2440 2706 similitudines,
2468 2642 2716 2710 quamvis
2743 2643 3102 2712 infirmiores,
3128 2647 3312 2716 accipe
3337 2647 3477 2704 bona
3503 2650 3599 2704 dov
3694 2690 3700 2695 -

2029 2739 2300 2787 cumenta.
2317 2729 2550 2788 Verbum
2579 2742 2753 2801 tuum,
2777 2743 2834 2790 ut
2859 2743 2913 2790 et
2935 2735 3170 2804 cujusvis
3192 2739 3445 2803 hominis,
3473 2754 3602 2811 νιος

2029 2819 2257 2874 latitium
2281 2831 2382 2886 εει,
2401 2822 2636 2894 gignitur
2651 2834 2828 2880 autem
2853 2827 3220 2884 insecabiliter
3233 2840 3285 2884 et
3307 2845 3372 2884 ex
3395 2840 3598 2898 mente,

2031 2911 2480 2981 quemadmodum
2513 2915 2736 2985 spiritus
2767 2929 2888 2972 tuus
2918 2920 3162 2986 procedit
3191 2934 3256 2977 ex
3295 2929 3347 2976 te
3377 2935 3393 2976 :
3425 2937 3605 2992 neque

2031 3013 2211 3058 autem
2233 3007 2453 3060 verbum
2483 3017 2654 3072 tuum,
2680 3023 2851 3076 neque
2874 3009 3122 3078 spiritum
3151 3019 3300 3064 tuum
3328 3029 3358 3065 a
3387 3021 3442 3068 te
3467 3014 3604 3068 alie—
3687 2997 3690 3001 ’

2030 3107 2156 3146 num
2189 3107 2310 3147 esse
2338 3094 2561 3151 dixeris.
2592 3097 2657 3150 Et
2685 3097 2797 3151 haec
2825 3099 3042 3168 quidem
3072 3115 3177 3154 non
3208 3101 3514 3171 dedignaris
3542 3105 3598 3158 in
3689 3123 3694 3129 ·

2032 3183 2340 3240 hominibus
2373 3186 2721 3244 considerare
2749 3207 2765 3244 :
2799 3189 2852 3244 in
2889 3190 2975 3246 illa
3005 3207 3133 3248 vero
3163 3193 3260 3248 Dei
3293 3185 3602 3251 substantia

2031 3275 2317 3342 inetiabili,
2352 3285 2406 3333 et
2441 3293 2560 3348 quae
2596 3291 2816 3350 superat
2855 3283 3217 3349 intellectum,
3249 3295 3417 3352 atque
3453 3301 3601 3341 com-

2033 3369 2290 3439 prehendi
2328 3385 2432 3424 non
2468 3379 2676 3439 potest,
2706 3373 2929 3427 verbum
2963 3389 3069 3429 non
3106 3374 3470 3444 prolatitium,
3505 3379 3600 3433 sed

2031 3473 2246 3529 semper
2273 3460 2458 3514 vivens
2485 3469 2541 3516 et
2567 3459 2784 3530 eiiicax,
2811 3472 2866 3518 et
2895 3465 3281 3533 penetrabilius
3311 3469 3456 3522 omni
3489 3469 3602 3538 gla-

2033 3549 2122 3604 dio
2159 3551 2381 3620 ancipiti
2413 3551 2477 3617 ‘7,
2515 3554 2656 3622 quod
2687 3553 2854 3622 judex
2895 3563 2979 3610 est
3016 3557 3296 3625 omnium;
3333 3559 3598 3629 siquidem

2033 3651 2086 3694 et
2116 3639 2297 3709 opifex
2329 3651 2442 3706 est,
2474 3642 2528 3696 in
2563 3643 2716 3710 cujus
2745 3654 3035 3714 conspectu
3071 3647 3212 3702 nulla
3245 3660 3492 3706 creatura
3525 3651 3600 3704 ia-

2038 3737 2136 3794 tet,
2157 3732 2338 3784 omnia
2365 3733 2504 3786 nuda
2531 3744 2584 3788 et
2609 3743 2794 3804 aperta
2819 3737 2872 3791 in
2895 3737 3068 3794 oculis
3093 3739 3210 3807 ejus
3233 3758 3247 3794 :
3270 3751 3326 3796 et
3353 3754 3600 3798 sanctum

2037 3819 2154 3888 ejus
2185 3819 2473 3888 Spiritum,
2507 3824 2596 3892 qui
2625 3834 2902 3880 scrutatur
2929 3827 3192 3896 profunda
3229 3829 3317 3884 Dei
3348 3831 3414 3896 ⁸⁸,
3443 3835 3606 3888 audet
3663 3863 3668 3868 -

2038 3909 2230 3976 aliquis
2257 3910 2490 3964 alienum
2518 3926 2640 3967 esse
2667 3912 2954 3978 afﬁrmare,
2979 3927 3072 3970 aut
3090 3917 3330 3972 Verbum
3355 3929 3452 3974 aut
3479 3919 3604 3991 Spi-

2039 4001 2200 4053 ritum
2237 3999 2373 4055 Dei?
2405 4011 2498 4056 aut
2538 4003 2650 4058 haec
2684 4017 2996 4062 asserentes
3031 4007 3359 4064 admittere?
3391 4011 3600 4083 utique,

2039 4104 2072 4144 ο
2103 4088 2438 4160 philosophe.

2656 4209 2809 4266 CAP.
2849 4209 2992 4267 XXI.

2041 4297 2326 4367 Responsio
2373 4300 2667 4370 philosophi
2707 4303 2776 4357 ad
2819 4317 3027 4360 sanctos
3067 4309 3336 4376 episcopos
3379 4313 3434 4366 in
3481 4317 3604 4368 uni-

2713 4390 2936 4429 uersum.

2112 4459 2398 4528 Postquam
2434 4461 2500 4514 ad
2535 4461 2904 4518 sublimiorem
2940 4465 3348 4536 intelligentiam
3383 4485 3470 4527 rue
3503 4473 3600 4526 du-

2039 4550 2182 4614 citis,
2208 4562 2518 4606 asserentes
2540 4563 2792 4622 oportere
2817 4570 2976 4608 unam
3001 4557 3338 4614 divinitatem
3367 4563 3607 4632 cogitare

2040 4645 2343 4698 accredere
2365 4643 2560 4708 Patris,
2593 4654 2646 4698 ct
2696 4644 2844 4718 Filii,
2872 4655 2926 4700 et
2965 4648 3196 4716 Spiritus
3250 4653 3423 4706 sancti
3449 4671 3462 4707 ε
3489 4669 3604 4708 me-

2043 4733 2168 4786 mini
2223 4743 2400 4786 autem
2464 4748 2558 4786 vos
2635 4735 2784 4802 prius
2832 4736 3054 4800 dixisse,
3121 4739 3286 4794 Deum
3331 4757 3452 4796 esse
3505 4741 3606 4796 Pa-

2041 4832 2200 4882 trem.
2227 4830 2281 4877 et
2325 4824 2487 4876 Deum
2513 4823 2734 4888 Filium,
2759 4835 2810 4880 et
2835 4827 3001 4882 Deum
3029 4828 3285 4898 Spiritum
3313 4843 3561 4888 sanctum
3589 4853 3602 4887 :

2048 4931 2188 4966 nunc
2213 4924 2389 4966 autem
2413 4915 2592 4968 dicitis
2615 4933 2775 4969 uuam
2799 4932 2916 4972 esse
2936 4919 3275 4976 divinitatem
3303 4924 3462 4976 trium
3489 4940 3610 4992 per-

2047 5005 2309 5058 fecturum
2350 5005 2740 5074 hypostasium,
2776 5009 2973 5077 Patris,
3013 5022 3066 5066 et
3101 5011 3242 5079 Filii,
3281 5024 3336 5068 et
3371 5013 3609 5082 Spiritus

2046 5095 2220 5148 sancti
2261 5111 2275 5147 :
2309 5097 2610 5162 candidius,
2647 5115 2856 5166 precor,
2893 5101 2988 5155 has
3023 5102 3151 5156 mihi
3185 5102 3484 5158 sententias
3514 5117 3608 5158 ex-

2045 5185 2259 5252 plicate.

2051 5299 2336 5368 Responsio
2374 5313 2682 5377 sanctorum
2723 5303 2939 5358 Patrum
2976 5307 3044 5358 ad
3081 5308 3481 5377 philosophum,
3519 5325 3608 5376 per

2379 5373 2615 5425 eumdem
2658 5372 2925 5428 Leontium
2961 5372 3279 5451 episcopum.

2123 5484 2546 5554 inexplicabilis,
2579 5490 2842 5558 siquidem
2879 5499 3058 5546 tuente
3089 5501 3142 5546 et
3173 5491 3500 5560 cogitatione
3534 5494 3606 5548 in-

3233 5733 3295 5793 41
