4042 6142
486 305 615 370 1291

1741 287 2044 348 GELASII
2086 287 2428 350 CYZICENI

3593 293 3728 358 1:292

483 411 984 484 comprehensibilis
1027 421 1132 475 est,
1170 418 1223 464 et
1266 398 1689 475 impenetrabilis
1736 398 1912 452 divina
1956 397 2042 448 illa

2164 399 2244 450 ιιαὶ
2277 399 2718 466 ἁνεπιλότιστος,
2753 401 2845 452 καὶ
2877 401 3052 470 πάντη
3090 400 3490 472 ἀνεξιχνίαστος
3534 405 3566 473 ἡ
3606 405 3725 457 θεὲα

479 511 540 556 et
571 501 854 556 ineﬂ'abilis
880 500 1203 558 substantia,
1234 510 1352 565 qua:
1381 491 1632 546 omnibus
1660 487 2046 555 supereminet,

486 609 651 665 atque
683 594 862 649 omnia
899 590 1140 645 continet
1178 605 1192 641 :
1230 595 1436 639 tantum
1473 582 1594 634 andi
1631 595 1660 632 a
1695 579 1850 632 nobis
1887 595 1901 631 :
1931 574 2048 630 Non

489 691 650 742 alium
686 685 780 738 tibi
816 685 978 736 Deum
1010 690 1173 746 atque
1203 675 1364 728 alium
1399 671 1740 740 protulimus.
1771 669 1914 722 sicut
1947 667 2050 719 im—

485 780 604 846 pius
627 775 787 828 Arius
815 768 1232 839 blaspltemavit,
1259 778 1421 816 unitui
1454 761 1615 814 Deum
1647 759 1968 817 increatum,
1998 766 2051 809 et

486 867 714 919 alterum
746 871 984 917 creatmu
1019 857 1394 930 pronuntians,
1425 863 1478 907 et
1513 851 1772 920 Spiritum
1804 860 2050 902 sanctum

486 959 737 1013 similiter
763 965 1001 1008 creatum
1035 951 1333 1022 praedicans
1361 964 1376 1000 :
1408 945 1576 998 absit!
1607 943 1699 996 sed
1731 957 1889 994 unam
1921 941 2054 992 divi.

485 1052 707 1103 nitatem
755 1046 980 1116 cogitari
1027 1055 1077 1098 et
1123 1042 1269 1096 credi
1315 1039 1672 1100 nsseruimus,
1719 1051 1876 1086 unum
1925 1033 2053 1086 sub-

486 1136 1203 1204 stantiam,dominationem
1233 1143 1285 1186 et
1316 1129 1639 1185 sententiam
1665 1141 1822 1178 unam
1856 1123 2054 1178 Patris.

487 1245 538 1287 et
576 1230 720 1294 Filii,
755 1239 807 1282 et
839 1226 1075 1297 Spiritus
1103 1224 1310 1278 sancti:
1334 1222 1473 1276 scire
1503 1229 1680 1272 autent
1709 1226 1911 1269 sanctae
1939 1214 2058 1268 Tri-

489 1323 676 1376 uitatis
713 1323 1030 1392 hypostases
1065 1332 1169 1370 non
1204 1329 1322 1369 esse
1359 1310 1676 1380 disjunctas,
1712 1317 1805 1360 aut
1838 1306 2055 1369 locales,

486 1418 582 1471 sed
611 1415 720 1469 sola
755 1414 855 1467 [ide
887 1424 1046 1463 unam
1075 1406 1412 1461 divinitatem
1438 1399 1772 1456 considerari
1801 1407 1854 1451 ct
1885 1397 2054 1460 credi,

488 1518 548 1559 ut
593 1504 787 1572 sa-pins
830 1501 1090 1561 diximus,
1137 1505 1340 1549 sanctae
1383 1501 1438 1547 et
1479 1488 1962 1546 consubstantialis
2002 1493 2057 1541 et

488 1595 772 1650 adoranda:
799 1591 1100 1645 Trinitatis.
1134 1587 1274 1641 Ecce
1306 1599 1400 1654 per
1423 1582 1602 1636 omnia
1639 1579 1773 1633 ﬁdes
1801 1594 1925 1632 vera
1958 1578 2055 1631 de-

488 1683 839 1748 monstravit,
874 1697 978 1734 uon
1014 1686 1268 1748 oportere
1299 1675 1351 1728 in
1387 1679 1574 1727 sancta
1603 1666 1868 1721 Trinitate
1901 1665 2056 1722 dilic-

2156 492 2248 544 καὶ
2282 491 2516 561 ἇῤῥητος
2546 492 2703 545 οὐσία
2732 493 2938 562 ἐκείνη,
2973 494 3005 561 ἡ
3035 492 3102 544 τὰ
3147 493 3322 544 πάντα
3355 493 3721 562 ὑπερέχουσα,

2155 581 2248 634 καὶ
2277 583 2344 633 τὰ
2378 582 2550 633 πάντα
2594 583 2918 651 περιέχουσα
2949 600 2961 613 ο
2995 581 3134 651 πλὴν
3167 582 3330 635 ἄκουε
3359 583 3498 652 πρὸς
3529 582 3719 652 ἡμῶν·

2153 672 2254 723 οὐκ
2280 670 2436 723 ἄλλον
2455 688 2534 723 σοι
2558 671 2688 725 Θεὸν
2712 673 2802 723 καὶ
2831 672 2989 724 ἄλλον
3011 673 3336 742 εἰρήκαμεν,
3357 671 3609 740 καθάπερ
3631 673 3726 724 καὶ

2155 763 2182 814 ὁ
2215 762 2416 832 ἀσεϐὴς
2439 763 2858 834 ἐϐλασφήμησεν
2890 767 3127 834 Ἀρειος,
3157 763 3252 815 ἕνα
3280 763 3412 814 Θεὸν
3447 763 3724 826 ἄκτιστον,

2156 853 2250 905 καὶ
2297 852 2455 904 ἄλλον
2510 853 2725 907 κτιστὸν
2793 853 3060 925 εἰρηκὼς,
3105 853 3197 905 καὶ
3258 853 3320 904 τὸ
3362 853 3586 923 Πνεῦμα
3630 851 3729 906 τοῦ

2156 943 2290 996 Θεοῦ
2334 945 2532 1013 ὁμοίως
2565 945 2779 997 κτιστδν
2821 943 3142 1014 κεκηρυχὼς
3183 943 3284 1014 (μὴ
3317 945 3568 1012 γένοιτο),
3593 943 3731 997 ἀλλὰ

2161 1035 2287 1104 μίαν
2333 1034 2562 1104 θεότητα
2596 1037 2830 1089 νοεῖσθαι
2870 1038 2963 1090 καὶ
3005 1035 3360 1088 πιστεύεσθαι
3395 1037 3726 1105 εἰρήκαμεν,

2162 1124 2292 1194 μίαν
2344 1127 2552 1188 οὐσίαν,
2611 1127 2907 1197 κυριότητα
2947 1143 3006 1178 τε
3069 1127 3164 1178 καὶ
3214 1125 3410 1194 βουλὴν
3461 1126 3588 1192 μίαν
3627 1124 3725 1177 τοῦ

2161 1216 2376 1288 [ἰατρὸς
2421 1218 2514 1269 κα)⁸
2564 1217 2659 1270 τοῦ
2717 1219 2839 1270 Υἱοῦ
2898 1219 2992 1270 καί⁵
3048 1217 3142 1270 τοῦ
3184 1218 3341 1284 ἁγίου
3376 1217 3730 1286 Πνεύματος·

2159 1307 2356 1360 εἰδέναι
2398 1324 2456 1360 τε
2504 1310 2603 1371 τὰς
2656 1308 2756 1378 τῆς
2797 1310 2954 1377 ἁγίας
3005 1308 3233 1379 Τριάδος
3286 1310 3611 1371 ὑποστάσεις
3662 1308 3728 1359 οὐ

2158 1398 2575 1468 διεζευγμένας,
2630 1401 2749 1454 οὐδὲ
2815 1402 3087 1464 τοπικὰς,
3149 1401 3283 1453 ἀλλὰ
3352 1400 3532 1452 πίστει
3592 1400 3734 1470 μόνῃ

2163 1489 2293 1560 μίαν
2326 1491 2552 1561 θεότητα
2599 1481 2838 1544 νοεῖσθαι
2875 1493 2966 1545 καὶ
3011 1489 3400 1557 πιστεύεσθαι,
3445 1489 3589 1543 καθὰ
3635 1491 3734 1543 καὶ

2164 1582 2422 1644 πολλάκις
2459 1585 2780 1654 εἰρήκαμεν,
2829 1584 2925 1654 τῆς
2957 1585 3117 1651 ἁγίας
3158 1585 3251 1638 καὶ
3309 1586 3594 1654 δμοουσίου
3638 1585 3734 1636 καὶ

2161 1678 2540 1746 προσκυνητῆς
2596 1676 2839 1746 Τριὰδος.
2911 1677 3042 1729 Ἰδοὺ
3111 1676 3200 1729 διὰ
3258 1678 3476 1728 πάντων
3531 1676 3735 1739 ἔδειξεν

489 1779 715 1831 rentiam
746 1774 1000 1842 cogitare.
1027 1768 1178 1822 Nunc
1203 1776 1383 1818 autem
1413 1777 1600 1829 parum
1630 1759 1868 1812 aninmm
1899 1757 2056 1811 nobis

2164 1765 2196 1833 ή
2252 1763 2456 1834 ἀληθὴς
2495 1764 2706 1829 πίστις,
2743 1766 2816 1834 μὴ
2860 1764 2966 1816 δεῖν
3019 1765 3108 1816 ἐπὶ
3151 1765 3250 1832 τῆς
3296 1765 3457 1830 ἁγίας
3503 1764 3734 1834 Τριάδος

487 1869 740 1926 adverte,
776 1874 936 1931 atque
969 1858 1198 1930 amplius
1233 1851 1643 1926 persuadeberis
1667 1889 1683 1915 ,
1721 1849 1992 1917 accipiens
2024 1862 2054 1902 a

488 1956 692 2026 Spiritu
719 1965 906 2008 sancto
929 1967 1023 2021 per
1046 1965 1146 2004 nos
1169 1947 1404 2002 salvilica
1427 1944 1772 2005 documenta,
1804 1949 1862 1993 ut
1884 1953 2055 2006 agno-

486 2063 609 2103 scas
639 2055 842 2100 sanctae
871 2041 1154 2096 Trinitatis
1188 2052 1348 2093 unam
1382 2049 1502 2089 esse
1534 2033 1872 2087 divinitatem
1909 2044 2055 2085 sem-

488 2153 585 2210 per
627 2136 998 2196 exsistenlem,
1033 2140 1086 2186 et
1114 2128 1522 2190 subsistentem,
1563 2122 1883 2177 Trinitatem
1931 2133 2058 2175 vere

489 2226 826 2289 Trinitatem,
854 2234 909 2277 et
935 2220 1065 2276 nihil
1095 2220 1146 2273 in
1175 2234 1238 2272 ea
1268 2218 1418 2288 prius
1447 2213 1758 2282 aliquando,
1785 2211 1878 2266 sed
1909 2225 2056 2264 sem-

487 2334 584 2390 per
608 2325 663 2371 et
692 2317 880 2370 eodem
902 2314 1061 2367 modo
1087 2311 1438 2365 exsistentem
1485 2304 1812 2360 individuam
1839 2309 1894 2356 et
1920 2314 2055 2354 con-

494 2404 905 2464 substantialem
935 2402 1282 2458 Trinitatem.

948 2535 1236 2608 Responsio
1275 2530 1598 2605 philosophi.

564 2657 645 2714 Ne
675 2654 923 2729 cogitetis
952 2654 1222 2707 invertere
1250 2663 1336 2704 me
1365 2649 1616 2719 dogmata
1641 2642 1886 2698 veritatis
1917 2659 1933 2696 :
1963 2655 2060 2695 ne-

494 2765 601 2820 que
626 2750 768 2803 enim
795 2762 823 2801 a
849 2743 1116 2814 principio
1140 2739 1564 2809 disputationum
1593 2733 1754 2803 reieci
1786 2747 2062 2789 sermones

489 2851 700 2895 vestros
729 2855 743 2892 :
771 2838 864 2892 sed
895 2844 1177 2905 propterea
1207 2839 1520 2901 perscrutor
1546 2826 1936 2882 sententiarum
1967 2839 2051 2878 ve-

491 2943 725 2987 strarum
758 2926 1200 2996 significationes,
1230 2934 1288 2974 ut
1321 2923 1412 2972 tiat
1443 2918 1574 2972 mihi
1612 2915 1947 2970 manifestior
1975 2923 2060 2966 at-

491 3035 595 3089 que
639 3019 920 3072 ditucidior
953 3028 1137 3068 eorum
1172 3027 1290 3082 qua:
1325 3024 1356 3064 a
1391 3009 1542 3064 vobis
1577 3005 1853 3069 dicuntur,
1891 3003 2062 3074 hypo-

493 3109 685 3164 thesis.

495 3219 850 3292 Hypcthetica
888 3221 1157 3292 responsio
1191 3219 1494 3292 sanctorum
1528 3206 1753 3290 Pgtrum
1791 3207 1860 3260 ad
1893 3206 2064 3292 philo-

564 3277 781 3358 sophum
813 3295 874 3340 de
903 3277 1048 3356 igne,
1080 3283 1350 3346 splendore
1378 3293 1423 3335 et
1455 3279 1682 3342 lumine,
1708 3293 1800 3346 per
1825 3277 2063 3332 eumdem

562 3360 838 3416 Leontium
871 3359 1188 3424 episcopum.

562 3497 700 3549 Audi
748 3503 803 3547 et
849 3507 1013 3552 nunc,
1045 3492 1196 3555 audi,
1227 3503 1260 3542 ο
1305 3485 1641 3557 pliil050phe.
1680 3482 2066 3552 Proposuimus

489 3586 604 3659 jam
633 3582 944 3654 cogitationi
965 3591 1068 3636 tua:
1092 3581 1262 3635 fusius
1280 3593 1347 3632 ex
1367 3578 1562 3633 divinis
1585 3576 1899 3646 Scripturis,
1922 3577 2064 3646 quod

495 3677 750 3732 divinitas
779 3681 861 3726 est
894 3671 1123 3740 simplex
1154 3680 1208 3726 et
1238 3668 1646 3740 compositionis
1677 3681 1894 3735 expers,
1922 3676 1978 3722 et
2008 3676 2065 3720 ut

497 3777 552 3822 tu
579 3767 694 3836 ipse
718 3765 769 3817 in
796 3763 1062 3834 principio
1086 3773 1297 3815 tuarmn
1324 3759 1756 3830 propositionum
1783 3757 2067 3812 confessus

494 3874 576 3922 es,
601 3869 656 3912 et
685 3857 826 3925 quod
856 3857 926 3910 sit
959 3855 1098 3925 ignis
1128 3853 1470 3917 immortalis,
1493 3861 1753 3916 aeternus,
1774 3861 1830 3906 et
1855 3851 2068 3906 increa-

498 3961 584 4004 tus
613 3960 826 4015 natura,
855 3947 1031 4000 lumen
1065 3947 1389 4000 immensum
1419 3955 1473 4000 et
1503 3941 2065 4013 incomprehensibile,

498 4059 596 4097 nec
628 4042 680 4095 in
716 4056 817 4094 una
853 4053 1079 4108 persona
1110 4037 1260 4106 juxta
1292 4035 1602 4090 Judaeorum
1633 4033 1944 4104 opinionem
1980 4034 2064 4086 in-

499 4136 790 4204 telligatur,
815 4134 907 4186 sed
934 4117 1147 4199 semper
1172 4130 1223 4182 in
1251 4127 1518 4182 Trinitate
1547 4141 1898 4198 personarum
1949 4139 2068 4196 qua:

498 4239 529 4278 ιι
563 4239 620 4278 se
653 4223 881 4274 invicem
913 4219 1150 4288 separari
1185 4225 1495 4287 nequeunt,
1529 4217 1598 4271 ab
1629 4216 1879 4270 omnibus
1907 4215 2065 4269 Chri-

499 4314 690 4370 stianis
718 4313 956 4365 creditur
978 4321 1031 4363 et
1061 4310 1385 4378 praedicatur
1409 4310 1670 4362 immensa
1697 4306 1935 4360 Trinitas
1962 4303 2066 4358 Pa-

500 4406 688 4468 tris,et
713 4399 856 4466 Filii,
875 4411 930 4455 et
956 4401 1188 4469 Spiritus
1213 4400 1479 4462 sancti,ut
1501 4398 1611 4465 jam
1641 4399 2064 4452 demonstratum

497 4505 600 4550 est.
630 4493 786 4547 Disce
815 4499 990 4546 autem
1023 4501 1078 4544 et
1107 4505 1272 4553 ttunc,
1298 4503 1331 4542 ο
1363 4487 1700 4558 plnlosOphe.
1729 4486 1792 4540 Et
1822 4487 2072 4555 quamvis

498 4584 758 4638 audacius
801 4583 1031 4650 agimus,
1077 4588 1253 4632 tamen
1299 4577 1527 4646 propitia
1572 4576 1644 4630 sit
1686 4575 1844 4628 nobis
1890 4575 2068 4628 divina

502 4664 812 4745 magnitudo
845 4689 859 4726 :
894 4687 991 4743 pro
1023 4682 1111 4724 tua
1143 4671 1286 4723 enim
1317 4679 1372 4722 et
1401 4669 1630 4723 aliorum
1662 4667 1834 4721 salute
1866 4667 1955 4721 hic
1987 4668 2069 4719 la-

500 4765 601 4820 bor
638 4780 666 4818 a
709 4764 862 4818 nobis
902 4763 1239 4831 transigitur.
1279 4760 1433 4814 Disce
1474 4759 1636 4830 igitur
1671 4774 1739 4814 cx
1779 4757 2072 4813 sensilibus

502 4857 858 4918 intellectilia,
909 4870 974 4909 ex
1027 4855 1113 4908 bis
1174 4869 1293 4923 qua:
1348 4853 1640 4907 intellectui
1694 4845 2070 4918 subjitiuntur,

504 4962 565 4999 ea
621 4960 740 5012 qua:
787 4943 1114 4997 intellectum
1167 4952 1442 5009 superant,
1499 4951 1553 4997 et
1603 4956 1669 4994 ex
1709 4943 1791 4994 his
1840 4955 1960 5008 qua:
1993 4939 2076 4992 di-

438 5097 446 5106 ι
503 5047 718 5100 ειιιιιιιιδ,
771 5048 834 5086 ca
903 5047 1020 5099 qua:
1075 5043 1198 5084 8Ulll
1246 5046 1404 5098 super
1465 5044 1678 5084 omnent
1744 5043 2070 5082 εεηιιοιιοιιι.

506 5128 763 5194 Quamvis
791 5135 966 5177 autem
995 5123 1176 5175 omnia
1205 5131 1256 5174 ct
1282 5137 1399 5189 qua:
1425 5122 1674 5173 videntur
1697 5129 1748 5174 et
1771 5134 1890 5189 qua:
1920 5118 2076 5172 intel-

506 5217 766 5285 liguntur,
794 5229 856 5267 ex
887 5213 1202 5266 coelestibus
1229 5212 1490 5264 creaturis
1517 5221 1568 5264 et
1595 5211 1677 5264 his
1703 5227 1819 5278 quze
1847 5211 1898 5263 in
1929 5220 2074 5264 terra

509 5308 591 5360 vel
626 5309 726 5361 sub
763 5314 904 5357 terra
943 5312 1098 5367 sunt,
1133 5303 1366 5355 conferri
1403 5311 1672 5369 nequeant
1705 5317 1825 5354 cum
1866 5302 1952 5355 illa
1990 5301 2076 5354 itt-

506 5408 724 5459 crcata,
796 5393 1322 5462 incomprehensibili
1375 5400 1428 5445 et
1472 5392 1760 5444 immortali
1809 5391 1900 5445 Dei
1947 5393 2076 5445 sub~

506 5489 704 5541 stantia
733 5505 746 5540 :
781 5486 1125 5538 nihilominus
1154 5493 1330 5538 tamen
1359 5491 1734 5536 occurrentem
1764 5481 2074 5535 similitudi-

511 5591 632 5629 nem
665 5576 1019 5645 proferemus,
1052 5574 1152 5629 etsi
1184 5591 1286 5628 non
1318 5571 1658 5641 aequabilem,
1691 5572 1757 5623 ad
1791 5569 2073 5624 utilitatem

513 5675 690 5720 tamen
733 5665 960 5720 ﬁdeliter
994 5665 1422 5731 suscipientium,
1464 5671 1517 5718 et
1561 5677 1684 5732 qua:
1725 5661 2077 5717 sumcientcm

2155 1856 2296 1907 νοεῖν
2337 1855 2619 1924 διαφοράν.
2657 1848 2780 1908 Ὧδε
2818 1855 2873 1906 δὲ
2902 1854 3098 1923 μικρόν
3145 1869 3239 1906 σου
3275 1854 3366 1906 τὸν
3393 1852 3519 1906 νοῦν
3548 1854 3732 1906 δοῦναι

2158 1946 2288 2013 ἡμῖν
2318 1945 2594 2014 ὲθέλησον,
2629 1947 2721 1997 καὶ
2749 1945 3071 2014 πιστωθήσῃ
3095 1945 3188 1996 ἐπὶ
3215 1944 3417 2008 πλεῖον,
3444 1944 3734 2013 δεχόμενος

2157 2037 2263 2089 ὑπὸ
2311 2036 2407 2090 τοῦ
2459 2037 2612 2104 ἁγίου
2665 2037 2980 2106 Πνεύματος
3033 2036 3100 2088 δι’
3154 2037 3310 2105 ἡμῶν
3370 2035 3734 2106 σωτηριώδεες

2160 2129 2461 2198 ὑποθήκας,
2487 2129 2575 2181 ἵνα
2601 2128 2742 2198 γνῷς
2775 2130 2873 2197 τῆς
2905 2127 3062 2196 ἁγίας
3087 2128 3317 2198 Τριάδος
3349 2128 3477 2196 μίαν
3505 2126 3735 2194 θεότητα

2159 2219 2246 2273 ἀεὶ
2274 2219 2438 2272 οὖσαν
2484 2221 2578 2273 καὶ
2609 2219 2948 2288 ὑφεστῶσαν,
2992 2219 3199 2289 Τριὰδα
3237 2218 3453 2288 άληθῶς
3491 2218 3736 2290 Τρτάδα,

2157 2314 2252 2365 καὶ
2281 2312 2444 2382 μηδὲν
2483 2313 2540 2363 ὲν
2575 2313 2712 2382 αὐτῇ
2757 2311 3110 2382 προϋπάρχον
3143 2310 3308 2373 ποτὲ,
3346 2309 3481 2362 ἀλλὰ
3530 2311 3614 2361 ἀεὶ
3639 2307 3736 2360 καὶ

2159 2403 2418 2467 ὡσαύτως
2446 2399 2609 2456 οὖσαν
2633 2402 2938 2473 ἀδιαίρετον
2969 2401 3062 2454 καὶ
3087 2401 3369 2470 ὁμοούσιον
3401 2399 3625 2470 Τριάδα.

2517 2536 2849 2604 Ἀπόκρισις
2877 2532 2985 2588 τοῦ
3021 2535 3388 2603 φιλοσόφου.

2231 2651 2322 2721 Μή
2385 2666 2450 2720 με
2493 2648 2667 2702 οίεσθε
2715 2647 3149 2718 ἀποστρέφεσθαι
3195 2648 3262 2701 τὰ
3331 2647 3430 2717 τῆς
3481 2645 3738 2716 ἀληθείας

2159 2742 2421 2811 δόγματα·
2447 2740 2510 2794 οὑ
2539 2741 2646 2812 γὰρ
2674 2741 2738 2793 ἂν
2769 2742 2833 2793 ὲκ
2863 2739 3086 2810 πρώτης
3109 2737 3393 2808 καταρχῆς
3418 2737 3528 2790 τῶν
3556 2737 3732 2805 λόγων

2161 2835 2506 2907 παρωσάμην
2559 2835 2710 2905 ὑμῶν
2772 2835 2895 2898 τοὺς
2954 2833 3183 2900 λόγους,
3230 2833 3368 2886 ἀλλὰ
3428 2832 3517 2886 διὰ
3577 2833 3733 2884 τοῦτο

2161 2928 2366 3000 ὲρευνῶ
2393 2929 2491 2992 τὰς
2525 2928 2633 2981 τῶν
2672 2928 2959 2997 νοημάτων
2995 2925 3149 2996 ὑμῶν
3183 2925 3488 2996 σημασίας,
3523 2925 3607 2977 ῖνα
3641 2939 3735 2976 σα-

2163 3021 2404 3092 φεστέρα
2442 3038 2544 3092 μοι⁹
2571 3021 2665 3073 καὶ
2707 3020 3018 3091 διευκρινὴς
3043 3019 3270 3089 γένηται
3313 3016 3480 3088 ήτῶν
3513 3014 3734 3086 λεγομέ-

2164 3131 2269 3168 νων
2300 3113 2432 3183 παρ’
2464 3112 2616 3182 ὑμῶν
2651 3112 2930 3174 ὑπόθεσις.

2175 3227 2507 3295 Ἀπόκρισις
2536 3225 2654 3279 τῶν
2680 3227 2864 3295 ἁγίων
2904 3222 3180 3292 Πατέρων
3202 3218 3538 3295 ueroeam?)
3585 3217 3740 3284 πρὸς

2232 3289 2702 3365 τον-φιλόσοφον
2728 3289 2859 3365 περὶ
2891 3289 3081 3365 πυρρς-
3119 3293 3216 3346 καί
3259 3289 3734 3365 ιίπαργάσιιατος

2233 3367 2330 3420 καὶ
2357 3357 2696 3436 {anteacta
2722 3357 2828 3418 τοῦ
2849 3357 3034 3418 αὑτοῦ
3058 3357 3338 3418 Λεοντίου
3367 3357 3730 3413 ἐπισκόπου.

2238 3503 2436 3557 Ἀκουε
2467 3501 2533 3572 δὴ
2565 3501 2657 3554 καί⁵
2683 3499 2799 3566 νῦν,
2835 3500 3022 3566 ἄκουε,
3050 3493 3096 3552 ὦ
3120 3495 3393 3566 φιλόσοφε.
3430 3492 3572 3561 Ἤδη
3601 3507 3739 3560 προ-

2164 3591 2478 3662 απεθέμεθὰ
2527 3590 2623 3662 [ῐσ.
2661 3587 3108 3661 προῦπεθὲμεθα]
3155 3604 3250 3640 σου
3286 3588 3351 3654 τῇ
3395 3584 3608 3654 διανοίᾳ
3652 3581 3741 3634 διὰ

2165 3682 2430 3735 πλείστων
2477 3682 2618 3734 ὅσων
2661 3680 2767 3733 τῶν
2812 3681 2877 3732 ὲκ
2917 3679 3026 3732 τῶν
3079 3677 3239 3737 θείων
3290 3674 3544 3745 Γραφῶν,
3581 3674 3663 3725 ὅτι
3705 3672 3742 3742 ἠ

2176 3775 2376 3844 Θεὸτης
2409 3773 2550 3843 ἁπλῆ
2584 3773 2663 3836 τίς
2703 3775 2817 3824 ἐστι
2850 3770 3157 3834 ἁσύνθετος,
3193 3767 3268 3830 ὡς
3298 3769 3392 3819 καὶ
3421 3764 3577 3824 αὐτὸς
3609 3762 3741 3814 καθ-

2166 3865 2520 3935 ωμολόγησας
2569 3866 2628 3917 ὲν
2677 3865 2818 3934 ἀρχῇ
2865 3879 2957 3915 σου
2996 3861 3104 3914 τῶν
3135 3858 3477 3930 προτάσεωνο
3526 3857 3620 3908 καὶ
3659 3856 3742 3908 ὅτι

2167 3954 2278 4024 πῦρ
2324 3954 2588 4008 ἀθάνατόν
2630 3971 2689 4006 τε
2730 3954 2825 4006 καὶ
2868 3953 3038 4006 ἀΐδιον
3084 3951 3180 4005 καὶ
3221 3949 3478 4004 ἄκτιστον
3506 3943 3641 4000 οὖσα
3675 3947 3742 4015 τῇ

2168 4045 2360 4114 φύσει,
2395 4043 2510 4114 φῶς
2550 4061 2608 4096 τε
2645 4043 2927 4114 ἁχώρητον
2957 4042 3054 4096 καὶ
3082 4040 3493 4110 ἀκατάληπτον,
3523 4037 3618 4090 καὶ
3645 4036 3745 4088 οὑκ

2167 4134 2224 4187 ὲν
2255 4133 2332 4184 ἑνὶ
2363 4132 2638 4202 προσώπῳ
2667 4133 2806 4184 κατὰ
2832 4131 2891 4182 τὸ
2920 4129 3108 4183 δοκοῦν
3149 4129 3426 4189 Ἰουδαίοις
3451 4123 3741 4192 νοουμένη,

2167 4223 2279 4275 ἁλλ’
2303 4224 2362 4276 ἐν
2389 4223 2579 4292 Τριάδι
2607 4223 2694 4274 ἀεὶ
2719 4221 3048 4291 ἀχωρίστοις
3074 4217 3195 4274 οὖσι
3227 4217 3561 4289 προσώποις,
3592 4215 3742 4284 παρὰ

2169 4315 2303 4366 πᾶσι
2330 4315 2676 4384 Χριστιανοῖς
2707 4313 3024 4367 πιστεύεται
3056 4315 3149 4366 καὶ
3175 4312 3506 4381 κηρύττεται
3536 4310 3571 4379 ή
3605 4306 3747 4376 ἀχώ-

2101 4413 2142 4467 [)
2174 4421 2356 4475 ριστος
2386 4405 2556 4474 Τριὰς
2585 4403 2678 4458 τοῦ
2711 4406 2921 4475 Πατρδς
2955 4407 3046 4459 καὶ
3073 4404 3168 4458 τοῦ
3197 4402 3445 4475 Υίοῦ-καὶ
3468 4399 3560 4454 τοῦ
3585 4399 3744 4466 ἁγίου

2173 4472 2510 4564 Πνεύματος,
2547 4496 2798 4566 καθάπερ
2833 4472 3236 4550 ἁποδέδεικται.
3279 4472 3535 4547 Μάνθανε
3564 4491 3617 4544 δὲ
3652 4489 3744 4541 καὶ

2170 4585 2284 4652 νῦν,
2325 4580 2370 4639 ὦ
2405 4587 2691 4655 φιλόσοφε,
2737 4589 2786 4640 ει
2829 4589 2924 4640 καὶ
2969 4587 3240 4658 τολμηρὸν
3274 4584 3560 4654 ποιοῦμεν,
3609 4581 3746 4634 ἀλλὰ

2173 4678 2329 4741 ἵλεως
2361 4680 2489 4749 ἡμῖν
2520 4679 2552 4749 ἡ
2603 4679 2722 4732 θεία
2763 4676 3121 4747 μεγαλειότης
3145 4693 3160 4706 ο
3199 4675 3338 4742 ὑπὲρ
3370 4673 3482 4744 γὰρ
3520 4673 3619 4741 τῆς
3648 4670 3745 4738 σῆς

2171 4769 2266 4820 καὶ
2307 4769 2415 4820 τῶν
2445 4768 2646 4821 λοιπῶν
2677 4769 2953 4838 σωτηρίας
2994 4771 3022 4821 ό
3069 4767 3230 4827 πόνος
3271 4766 3404 4834 ἡμῖν
3447 4761 3743 4815 διανύεται.

2173 4857 2426 4911 Μάνθανε
2459 4859 2635 4912 τοίνυν
2667 4861 2730 4912 ὲκ
2761 4859 2871 4911 τῶν
2902 4856 3178 4928 αίσθητῶν
3210 4856 3340 4924 περὶ
3375 4853 3481 4906 τῶν
3511 4850 3740 4920 νοητῶν,

2174 4947 2268 4999 καὶ
2317 4949 2379 4999 ὲκ
2430 4947 2539 4999 τῶν
2575 4949 2717 5000 κατᾶ
2757 4948 2881 5001 νοῦν
2929 4948 3058 5018 περὶ
3104 4946 3212 4998 τῶν
3263 4944 3402 5014 ὑπὲρ
3461 4941 3608 5003 νοῦν,
3650 4940 3744 4992 καὶ

2175 5034 2238 5085 ὲκ
2284 5032 2392 5085 τῶν
2444 5033 2750 5104 λεγομένων
2800 5034 2929 5104 περὶ
2973 5035 3082 5086 τῶν
3124 5032 3265 5102 ὑπὲρ
3309 5031 3486 5099 λόγον·
3548 5030 3598 5080 εί
3650 5029 3745 5080 καὶ

2173 5123 2478 5192 ἀσύγκριτα
2510 5125 2686 5178 πάντα
2717 5124 2786 5176 τά
2826 5141 2883 5176 τε
2916 5123 3190 5194 ὁρώμενα,
3236 5121 3308 5174 τά
3350 5137 3405 5173 τε
3447 5119 3742 5186 νοούμενα,

2175 5212 2281 5266 τῶν
2337 5231 2395 5266 τε
2445 5214 2708 5284 οὐρανίων
2759 5215 2852 5268 κα)⁵
2907 5215 3165 5281 ἐπιγείων
3219 5214 3312 5266 καὶ
3363 5209 3744 5280 καταχθονίων

2176 5307 2512 5376 κτισμάτων,
2573 5308 2708 5377 πρὸς
2763 5308 2862 5378 τὴν
2909 5308 3163 5362 ἄκτιστον
3219 5306 3436 5373 εκείνην
3477 5304 3571 5356 καὶ
3609 5302 3746 5358 ἀκαι-

2176 5395 2451 5464 τάληπτον
2502 5397 2596 5448 καὶ
2637 5398 2905 5451 ἀθάνατον
2948 5396 3042 5450 τοῦ
3077 5395 3214 5448 Θεοῦ
3256 5393 3466 5447 οὐσίαν·
3516 5391 3654 5462 πλὴν
3686 5389 3748 5442 τὸ

2177 5485 2417 5554 ἐμπεσὸν
2464 5487 2766 5558 ὑπόδειγμα
2792 5487 2852 5540 οὑ
2904 5487 3122 5557 μέτριον
3168 5487 3302 5558 πρὸς
3340 5485 3609 5552 ὠφέλειαν
3635 5484 3747 5542 τοῖς

2178 5577 2384 5639 πιστῶς
2442 5578 2785 5648 δεχομένοις,
2840 5578 2954 5631 ἀλλ’
3025 5579 3214 5650 ίκανὴν
3264 5579 3448 5631 εἰκόνα
3504 5575 3744 5644 παρέχον

2177 5667 2275 5736 τῆς
2318 5667 2596 5731 εὐσεϐείας
2631 5672 2742 5733 τοῖς
2767 5667 3002 5732 εὑσεὸὦς
3028 5667 3274 5722 ἐθέλουσι
3305 5669 3465 5732 νοεῖν,
3494 5663 3740 5732 λέξομεν.
