4042 6142
348 254 369 317 1
385 257 487 319 393

1230 248 1596 310 HISTORIA
1631 246 1962 308 CONCILII
2002 245 2304 305 NICASNI.
2344 269 2414 277 *-
2447 243 2593 303 LIB.
2633 240 2718 302 II.

3457 236 3590 300 12%

346 369 418 421 Τὸ
449 364 703 435 αἰσθητὸν
744 360 899 416 τοῦτο
941 360 1050 433 πῦρ
1092 359 1250 429 φύσις
1285 360 1384 430 μία
1450 360 1528 425 ὃν,
1570 361 1687 431 ἤτοι
1731 359 1921 422 οὐσία,

2044 357 2249 428 pietatis
2281 355 2565 425 imaginem
2603 354 2839 423 praebeat
2873 350 2957 419 pie
2987 348 3336 406 considerare
3365 350 3590 404 volent.-

345 456 521 527 Τριάς
558 457 678 509 ἐστι
711 452 851 508 κατά
876 451 1061 517 ταυτδ,
1093 451 1224 523 πῦρ,
1247 449 1584 518 ἀπαύγασμα
1604 489 1620 512 ,
1648 450 1782 518 φῶς.
1812 449 1923 503 Καὶ

344 547 500 601 οὐδὲν
533 543 740 598 τούτων
780 542 1138 614 προϋπάρχον
1171 540 1266 594 τοῦ
1301 541 1531 611 θατέρου
1574 542 1919 611 εὑρίσκεται,

346 637 465 692 ἀλλ’
498 636 643 689 ἔστιν
671 635 990 706 ἀχωρίστως
1027 632 1269 703 ἀλλήλων
1299 631 1366 686 τὰ
1398 632 1526 702 τρία
1552 674 1565 697 ,
1598 633 1658 685 τὸ
1690 633 1832 703 πῦρ,
1863 632 1924 685 τὸ

356 728 419 792 ἐξ
448 727 612 782 αὐτοῦ
643 725 1014 795 ἀπαύγασμα,
1044 724 1140 777 καὶ
1172 724 1232 774 τὸ
1277 721 1410 790 φῶς.
1449 722 1781 793 Διαχώρισον
1808 722 1921 775 τοί-

351 835 464 881 νυν,
492 821 540 871 εί
564 816 696 888 δύνῃ
716 858 731 882 ,
762 810 809 870 ὦ
856 816 1111 882 φιλόσοφε
1134 856 1148 879 ,
1177 813 1248 867 τὰ
1278 814 1426 886 τρία,
1464 814 1556 868 καὶ
1585 814 1756 878 δεῖξον
1793 816 1923 885 ἡμῖν

350 911 577 979 θάτερον
602 908 695 961 τοῦ
720 908 950 976 θατέρου
976 907 1351 978 προϋπάρχον,
1382 906 1415 977 ἢ
1441 906 1535 959 τοῦ
1560 907 1924 976 ἀπαυγάσμα-

347 1018 440 1056 τος
468 1000 528 1051 τὸ
561 996 672 1068 πῦρ
706 996 828 1050 καθ’
862 996 1028 1050 ἑαυτὸ
1072 997 1445 1067 προῦπάρχον,
1490 999 1584 1049 καὶ
1630 996 1925 1066 μεταγενὲ-

352 1108 441 1145 στε
452 1108 539 1160 ρον
568 1090 704 1160 μετὰ
733 1087 959 1159 χρόνους
981 1087 1132 1150 τινάς
1151 1087 1245 1140 τοῦ
1276 1087 1448 1159 πυρὸς
1473 1089 1535 1140 τὸ
1560 1087 1920 1159 ἀπαύγασμα,

350 1182 385 1252 ἢ
436 1180 888 1250 μεταγενέστερον
930 1178 1094 1231 πάλιν
1135 1179 1167 1249 ἢ
1219 1179 1574 1249 μεταχρόνιον
1621 1178 1715 1232 τοῦ
1756 1180 1926 1253 πυρὸς

352 1274 450 1328 καὶ
477 1271 572 1325 τοῦ
603 1271 1037 1341 ἀπαυγάσματος
1066 1254 1126 1325 τὸ
1151 1271 1288 1338 φῶς,
1315 1269 1347 1340 ἢ
1376 1270 1711 1341 προχρόνιον.
1745 1270 1927 1336 Δεῖξον

352 1365 504 1433 ἡμῖν,
541 1364 588 1414 εί
616 1360 770 1433 δύνῃ,
796 1361 1133 1431 διαχωρίσας
1159 1361 1254 1416 ἀπ’
1286 1361 1531 1432 ἀλλήλων
1558 1362 1626 1416 τὰ
1655 1362 1802 1433 τρία,
1834 1365 1927 1417 καὶ

353 1459 432 1529 μὴ
465 1458 587 1527 οὐχὶ
634 1456 898 1519 ὡσαύτως
931 1454 1007 1509 ὢν
1039 1456 1185 1526 πῦρ,
1217 1455 1593 1526 ἀπαύγασμα,
1622 1458 1759 1527 φῶς,
1797 1460 1928 1527 μιᾶς

353 1549 522 1619 οὔσης
551 1549 648 1619 τῆς
686 1547 780 1600 τοῦ
815 1547 985 1618 πυρὸς
1018 1547 1253 1617 φύσεως.
1287 1548 1472 1601 Ταῦτα
1498 1549 1639 1603 κατά
1673 1550 1798 1605 νοῦν
1833 1550 1929 1605 λα’

352 1640 466 1694 ὗὼν
498 1642 565 1693 τὰ
597 1637 831 1709 αἰσθητά
862 1638 956 1691 καὶ
986 1639 1176 1691 κτιστά
1196 1680 1209 1703 ,
1255 1641 1303 1691 εί
1349 1641 1442 1693 καὶ
1472 1640 1811 1712 ἀσύγκριτα,
1853 1641 1930 1705 ὡς

2024 451 2143 504 bus.
2173 447 2458 503 Sensibilis
2485 447 2585 501 iste
2611 445 2771 515 ignis,
2798 451 2990 496 natura
3018 456 3123 494 una
3153 440 3267 497 sive
3292 439 3591 493 substantia

2022 553 2145 593 eum
2177 538 2270 602 sit,
2326 536 2539 591 trinitas
2568 543 2653 589 est
2683 533 2737 587 in
2770 532 2982 597 eodem,
3014 530 3174 601 ignis,
3204 528 3478 599 splendor,
3511 528 3593 582 lu-

2025 644 2183 695 men;
2222 637 2277 682 et
2312 627 2444 680 nihil
2486 627 2678 680 horum
2719 622 2993 677 invenitur
3028 621 3199 674 altero
3234 620 3382 690 prius
3416 634 3538 675 esse
3575 635 3590 672 :

2024 719 2116 775 sed
2150 735 2178 772 a
2213 733 2272 774 se
2306 717 2539 771 invicem
2574 714 2818 784 separari
2855 728 2961 767 non
2996 719 3222 781 possunt
3257 709 3390 776 tria,
3425 709 3590 780 ignis,

2023 826 2086 866 ex
2122 811 2239 881 ipso
2269 809 2528 880 Splendor
2578 818 2633 862 et
2662 807 2863 860 lumen.
2897 805 3176 874 Distingue
3206 803 3390 873 igitur.
3425 803 3469 856 si
3503 817 3596 871 ρο-
3692 810 3695 811 '
3728 808 3731 811 ‘

2026 912 2129 967 tes,
2164 918 2196 957 ο
2234 903 2573 971 philosophe,
2612 900 2712 954 tria
2747 901 2884 963 haec,
2918 908 2973 953 et
3003 897 3229 953 ostende
3264 896 3418 950 nobis
3451 895 3594 949 aliud

2027 995 2134 1049 alio
2157 994 2307 1062 prius
2330 992 2611 1056 exsistere,
2636 989 2720 1044 vel
2750 989 2926 1060 ignem
2954 998 3081 1042 ante
3107 987 3450 1057 splendorem
3480 995 3599 1054 post

2025 1084 2231 1154 aliquot
2258 1093 2498 1152 tempora
2527 1082 2650 1149 igne
2676 1080 3061 1150 posteriorem;
3087 1087 3179 1132 aut
3207 1092 3392 1131 rursus
3418 1077 3594 1130 lumen

2027 1174 2149 1245 igne
2172 1173 2254 1228 vel
2279 1172 2565 1242 splendore
2590 1170 2858 1241 posterius
2884 1183 3006 1224 esse
3034 1178 3296 1236 tempore,
3323 1166 3406 1220 vel
3434 1167 3597 1221 etiam

2028 1268 2179 1337 prius
2212 1285 2227 1322 :
2264 1266 2488 1321 ostende
2526 1265 2571 1318 si
2610 1272 2797 1333 potes,
2834 1263 3081 1317 dividens
3115 1262 3183 1315 ab
3218 1260 3450 1314 invicem
3486 1260 3599 1313 hac

2030 1361 2152 1425 tria,
2188 1367 2243 1415 et
2276 1374 2380 1414 non
2415 1359 2577 1412 simul
2608 1357 2874 1412 exsistere
2910 1355 3107 1424 ignem,
3142 1352 3487 1422 splendorem
3546 1359 3601 1404 et

2028 1450 2208 1505 lumen
2237 1468 2251 1505 :
2277 1464 2398 1503 cum
2428 1459 2606 1503 tamen
2632 1447 2702 1502 sit
2726 1463 2830 1501 una
2858 1446 2997 1515 ignis
3023 1455 3238 1499 natura.
3266 1441 3391 1497 Ηωο
3416 1442 3600 1496 animo

2028 1542 2269 1597 retinens
2296 1540 2515 1596 sensilia
2541 1548 2596 1594 et
2622 1546 2823 1602 creata,
2851 1537 3102 1606 quamvis
3132 1534 3461 1592 conferenda
3495 1550 3598 1587 non

2028 1642 2186 1699 sunt,
2222 1641 2283 1687 ut
2314 1631 2474 1701 paulo
2506 1640 2631 1684 ante
2662 1630 2935 1692 diximus,
2969 1627 3035 1682 ad
3069 1636 3329 1681 aeternam
3366 1624 3512 1679 illam
3548 1632 3603 1679 et

355 1731 557 1798 ἀρτίως
590 1696 913 1799 είρήκάμεν,
948 1696 1212 1799 amem;
1242 1729 1408 1783 ἀΐδιον
1434 1731 1528 1783 καὶ
1555 1696 1810 1784 ἀκτιστον
1836 1696 1929 1784 τοῦ

2044 1696 2629 1794 meomprehensibilem
2662 1719 2753 1773 Dei
2783 1717 3172 1781 substantiam,
3206 1716 3391 1785 accipe
3419 1729 3488 1770 ex
3521 1716 3603 1771 his

351 1818 494 1873 Θεοῦ
525 1818 733 1883 οὐσίαν,
769 1816 907 1889 πλὴν
949 1816 1104 1889 δέχου
1135 1819 1198 1871 ἐκ
1239 1818 1445 1872 τούτων
1470 1820 1724 1890 ἀςορμάς
1756 1837 1932 1892 σωτη-

360 1910 531 1980 ρίους,
565 1909 658 1960 καὶ
689 1905 976 1977 πτερώσας
1022 1909 1087 1976 τῇ
1128 1906 1310 1959 πίστει
1340 1908 1399 1960 τὸ
1430 1908 1528 1974 τῆς
1571 1908 1807 1971 διανοίας
1839 1927 1933 1961 σου

355 2001 543 2073 ὄμμα,
572 1998 803 2069 ἀνάϐηθι
827 1998 916 2053 ἐπὶ
949 1998 1048 2070 τὴν
1070 1998 1280 2069 ὑψηλὴν
1314 1999 1409 2053 τοῦ
1435 1998 1571 2053 Θεοῦ
1605 2000 1930 2070 ἐπίγνωσινυ

357 2094 455 2146 καὶ
480 2092 781 2161 ἀπαντήσει
819 2106 921 2155 σοι,
958 2089 1034 2154 ὥς
1064 2107 1128 2160 γε
1158 2091 1432 2162 εὐχόμεθα
1458 2092 1552 2146 καὶ
1584 2092 1932 2164 πιστεύομεν,

358 2182 812 2255 ὲναστράπτουσά
860 2199 945 2236 σοι
991 2185 1025 2254 ὴ
1076 2183 1238 2253 χάρις
1277 2185 1311 2254 ἡ
1341 2184 1435 2238 τοῦ
1466 2185 1678 2256 Πατρδς
1710 2186 1804 2239 καὶ
1841 2186 1934 2239 τοῦ
1984 2245 2011 2257 ἣ

362 2275 491 2328 Υἱοῦ
527 2276 620 2328 καὶ
654 2274 749 2328 τοῦ
781 2273 939 2342 ἁγίου
974 2275 1311 2345 Πνεύματος,
1346 2276 1665 2351 δεικνύουσά
1692 2296 1774 2332 σοι
1808 2278 1937 2348 μίαν

363 2365 592 2433 θεότητα
631 2364 741 2434 πῦρ
782 2360 949 2417 οὖσαν
983 2365 1273 2428 ἀθάνατον,
1308 2365 1403 2420 καὶ
1432 2368 1770 2438 ἀπαύγασμα
1793 2410 1809 2435 ,
1845 2370 1937 2423 καὶ

363 2455 513 2524 φῶς,
556 2456 731 2525 ἁπλῆν
762 2455 853 2508 καὶ
886 2455 1202 2523 ἀσύνθετον,
1238 2456 1563 2529 ἀχώριστον,
1608 2459 1935 2530 ἀδιαίρετον,
1970 2444 1977 2451 ”

363 2546 742 2616 ἀπερινὸητον,
780 2550 868 2601 καὶ
884 2546 1254 2616 ἀθέκφραστον
1278 2548 1321 2599 Τ
1327 2548 1482 2619 ριάδα
1505 2549 1719 2621 ἀληθῶς
1746 2552 1940 2621 ὁμοού-

366 2651 504 2696 σιον,
544 2636 644 2704 τὴν
671 2635 765 2689 τοῦ
810 2636 1025 2708 Ila-=96;
1045 2678 1062 2702 ,
1091 2638 1185 2691 καὶ
1214 2637 1310 2691 τοῦ
1359 2639 1514 2706 Υἱοῦ,
1551 2641 1758 2696 καὶτοῦ
1783 2643 1937 2713 ἁγίου

364 2724 703 2795 Πνεύματος.

367 2836 561 2888 Ὅπου
581 2837 848 2889 πιστεύει
866 2840 898 2890 ὀ
919 2838 1363 2910 φιλόσοφοςξείς
1385 2840 1496 2908 τὴν
1509 2843 1688 2914 ἁγίαν
1710 2847 1938 2914 Τριάδα.

439 2945 624 2998 Ταῦτα
657 2947 896 3010 ἀκούσας
931 2950 958 3002 6
987 2949 1307 3020 φιλόσοφος.
1352 2957 1448 3007 καὶ
1478 2955 1553 3019 ὠς
1590 2958 1647 3011 ὲν
1690 2960 1942 3014 ἐκστάσει

2031 1815 2349 1870 occasiones
2380 1812 2669 1879 salutares,
2703 1819 2759 1865 et
2792 1810 2897 1865 nde
2929 1809 3081 1880 quasi
3119 1808 3240 1863 aliis
3277 1808 3601 1876 quibusdam

2032 1908 2296 1975 adaptatis
2336 1904 2535 1960 mentis
2577 1912 2680 1959 ture
2720 1901 2970 1967 oculum,
3005 1901 3072 1955 ad
3107 1900 3475 1955 sublimiorem
3512 1898 3602 1952 Dei

2032 1996 2415 2067 cogitationem
2442 1995 2695 2056 ascende.
2720 2001 2776 2047 et
2801 2001 3051 2048 occurret
3079 1992 3196 2056 tibi,
3223 2000 3282 2044 ut
3306 2004 3526 2045 oramus
3552 1998 3607 2043 et

2033 2086 2609 2153 credimus,irradians
2637 2085 2875 2156 tegratia
2904 2083 3102 2148 Patris,
3132 2093 3185 2138 et
3216 2082 3362 2150 Filii,
3393 2092 3449 2138 et
3481 2080 3604 2150 Spi-

2037 2181 2173 2241 ritus
2197 2179 2393 2243 sancti,
2418 2187 2472 2232 et
2492 2179 2785 2232 ostendens
2812 2177 2906 2233 tibi
2931 2193 3096 2231 unam
3120 2175 3461 2230 divinitatem
3489 2183 3610 2228 tan.

2036 2286 2195 2343 quam
2237 2271 2414 2341 ignem
2459 2269 2859 2333 immortalem,
2903 2267 3244 2337 splendorem
3290 2275 3344 2320 et
3389 2265 3607 2332 lumen,

2037 2361 2338 2430 simplicem
2368 2370 2423 2415 et
2452 2358 2570 2412 sine
2601 2358 3017 2426 compositione,
3050 2355 3495 2427 inseparabilem,
3524 2356 3609 2409 in.

2039 2450 2298 2514 divisam,
2345 2446 2743 2517 incogitabilem
2793 2455 2848 2502 et
2898 2445 3226 2501 inamabilem
3278 2445 3606 2505 Trinitatem

2038 2556 2166 2596 vere
2202 2539 2753 2606 consubstantialem,
2784 2524 2982 2604 P’atris,
3021 2549 3078 2593 et
3118 2537 3262 2607 Filii,
3293 2546 3347 2593 et
3377 2536 3611 2610 Spiritus

2039 2631 2236 2688 sancﬁ.

2112 2831 2213 2886 Ubi
2253 2832 2417 2887 credit
2454 2831 2793 2901 philosOphus
2832 2830 2887 2883 in
2928 2839 3165 2885 sanctam
3208 2830 3540 2888 Trinitatem.

2114 2936 2248 3001 Cium
2280 2947 2391 3001 haec
2420 2948 2659 3001 audisset
2688 2946 3059 3014 philosophus,
3086 2955 3140 3000 et
3164 2945 3317 3015 quasi
3346 2955 3531 3015 raptus
3556 2948 3610 3003 in

366 3036 656 3107 γενόμενος
677 3079 690 3098 ,
719 3038 1011 3108 ἁπηνεώθη
1038 3042 1130 3094 ἐπὶ
1165 3042 1418 3098 πλεῖστον
1452 3046 1595 3109 ὅσον,
1634 3048 1728 3101 κα)⁸
1750 3052 1798 3102 οί
1827 3050 1937 3104 δια-

2044 3037 2307 3091 exstasim
2346 3039 2581 3091 maxime
2611 3036 2969 3106 obriguisset,
3005 3035 3233 3105 ejusque
3261 3035 3615 3107 cogitationes

366 3128 620 3199 λογισμοὶ
651 3129 817 3182 αὐτοῦ
847 3133 1246 3200 συνετάρασσον
1275 3136 1460 3201 αὑτὸν,
1491 3137 1657 3205 φόϐος
1681 3157 1740 3193 τε
1774 3142 1939 3206 πολὺς

364 3219 634 3271 ἐπέπεσεν
662 3221 746 3272 ἐπ’
774 3220 955 3274 αὐτόν·
984 3217 1100 3274 εἶτα
1132 3225 1212 3286 είς
1253 3225 1444 3277 ἑαυτὸν
1474 3226 1645 3280 ἐλθὼν
1672 3230 1940 3299 ἀνεκραύ-

364 3323 501 3375 γασε
528 3308 688 3377 μέγα,
720 3306 908 3360 εἰπών·
940 3307 1077 3372 Δόξα
1093 3326 1197 3373 σοι,
1227 3313 1254 3362 6
1277 3312 1409 3376 Θεὸς
1436 3316 1463 3366 6
1492 3315 1801 3385 ἐμπνεύσας
1819 3318 1942 3371 τού-

364 3416 481 3461 τοις
504 3402 615 3459 τοῖς
656 3400 831 3467 ἁγίοις
862 3417 954 3454 σου
998 3402 1061 3453 τὸ
1089 3401 1229 3472 ὑπὲρ
1258 3406 1436 3458 πάντα
1476 3406 1603 3460 νοῦν
1643 3411 1943 3479 μυστήριον

366 3488 467 3551 τῆς
495 3488 759 3556 ἀχράντου
791 3489 884 3541 καὶ
912 3490 1216 3558 ἀχωρίστου
1247 3493 1340 3545 καὶ
1372 3496 1629 3549 ἀκτίστου
1659 3498 1939 3568 Θεότητος.

369 3579 533 3632 Ἀλλὰ
557 3580 743 3648 δέομαί
768 3597 882 3640 σου,
903 3583 1124 3652 Χριστὲ,
1146 3582 1219 3647 ὡς
1241 3586 1550 3652 παναγὰθου
1573 3588 1782 3657 Πατρὸς
1812 3608 1946 3643 παν-

370 3670 570 3737 άγαθος
615 3670 770 3732 Υἰδς,
827 3672 1003 3742 πάρες
1050 3673 1192 3743 ἀπερ
1253 3675 1334 3737 εἰς
1382 3677 1480 3738 σε,
1525 3678 1786 3747 ὑπαχθεὶς
1825 3684 1947 3744 ταῖς

371 3761 595 3814 ἀσεϐέσι
627 3761 779 3831 παρὰ
817 3762 911 3815 τοῦ
965 3763 1177 3833 Ἀρείου
1209 3763 1419 3829 δόξαις,
1452 3767 1720 3836 ἥμαρτον,
1751 3771 1847 3821 καὶ
1873 3771 1946 3840 μὴ

371 3851 854 3924 εἰσπραχθήσομαι
899 3852 1056 3915 δίκας
1095 3853 1243 3923 παρά
1292 3853 1376 3905 σοὶ
1423 3854 1499 3923 τῷ
1545 3856 1740 3927 δικαίῳ
1788 3862 1946 3930 κριτῇ

374 3943 518 4011 ὑπὲρ
545 3945 653 3995 τῶν
694 3942 906 3995 ἀσεϐῶν
959 3940 1220 4013 ῥημάτων
1254 3943 1502 4005 ἐκείνων,
1545 3937 1621 3997 ὧν
1671 3947 1813 3999 κατά
1853 3946 1947 3999 σοῦ

375 4036 631 4104 ἀπέφηνα
665 4037 694 4089 6
745 4034 928 4097 τάλας.
984 4035 1121 4086 Οὐαὶ
1180 4034 1376 4104 Ἀρείῳ
1414 4034 1505 4088 καὶ
1558 4038 1624 4106 τῇ
1672 4037 1951 4108 συμμορίᾳ

376 4125 544 4177 αὐτοῦ
579 4128 646 4197 τῇ
683 4127 872 4179 ἀσεϐεῖ
896 4165 910 4185 ,
945 4125 1403 4195 βλασφημήσασιν
1436 4127 1515 4189 είς
1569 4127 1663 4180 τὸν
1694 4128 1820 4182 Υίὺν
1853 4128 1947 4183 τοῦ

376 4213 536 4277 Θεοῦ,
562 4214 825 4283 λέγουσιν·
855 4211 960 4270 Ἤν
995 4231 1124 4267 ποτε
1152 4216 1240 4268 ὅτε
1266 4216 1365 4270 οὐκ
1392 4212 1482 4286 ἦν’
1518 4219 1612 4269 καὶ
1638 4219 1718 4271 ὅτι
1750 4220 1951 4288 κτίσμα

378 4305 477 4358 καὶ
500 4305 705 4375 ποίημα
730 4306 824 4359 καὶ
869 4304 927 4369 ἐξ
973 4305 1165 4376 ἑτέρας
1201 4305 1389 4369 οὐσίας
1415 4309 1443 4361 6
1477 4306 1621 4369 Ὑίὸς
1660 4310 1754 4362 τοῦ
1791 4311 1947 4375 Θεοῦ,

379 4398 477 4449 καὶ
505 4395 565 4447 τὸ
607 4395 829 4466 Πνεῦμα
877 4396 937 4449 τὸ
969 4396 1145 4463 ἅγιον,
1192 4398 1283 4453 καὶ¹
1328 4397 1404 4469 μὴ
1436 4400 1533 4469 τῆς
1569 4401 1734 4471 αὐτῆς
1767 4403 1954 4466 ούσίας

378 4482 450 4558 ἧς
513 4489 541 4539 6
594 4487 806 4559 Πατὴρ,
846 4488 1091 4558 είρηκὸσι
1134 4489 1224 4541 τὸν
1261 4489 1387 4545 Υἰὸν
1426 4490 1520 4543 τοῦ
1567 4491 1702 4545 Θεοῦ
1754 4496 1849 4547 καὶ
1896 4497 1957 4548 τὸ

381 4577 613 4647 Πνεῦμα
658 4579 720 4631 τὸ
759 4580 934 4647 ἆγιον.
1003 4579 1412 4650 Ἀναθεματίζω
1458 4581 1552 4634 νῦν
1599 4584 1695 4636 καὶ
1742 4584 1960 4649 πάντως

384 4666 668 4740 [πάντοτε]
723 4670 939 4737 ’Ἄρειον
964 4670 1057 4721 καὶ
1077 4668 1174 4731 τὰς
1201 4668 1421 4732 ἀσεϐεῖς
1449 4669 1612 4725 αὐτοῦ
1642 4670 1825 4737 δόξας.
1866 4673 1963 4725 καὶ

381 4762 512 4823 τοὺς
556 4760 627 4813 τά
671 4759 837 4815 αὑτοῦ
878 4759 1207 4831 φρονοῦντας
1247 4760 1486 4827 πάντας,
1523 4761 1767 4824 καὶτοὺς
1799 4761 1958 4832 βλασ-

387 4850 706 4919 φημοῦντας
756 4851 898 4904 κατά
929 4867 986 4903 τε
1012 4849 1105 4906 τοῦ
1138 4851 1369 4920 Πατρὸς,
1399 4853 1540 4904 κατά
1568 4869 1627 4905 τε
1658 4852 1750 4906 τοῦ
1787 4854 1915 4907 Υίοῦ
1938 4893 1953 4917 ,

387 4941 488 4994 καὶ
541 4943 681 4994 κατὰ
727 4941 820 4994 τοῦ
870 4943 1025 5010 ἁγίου
1059 4942 1396 5012 Πνεύματος.
1456 4945 1514 4997 ’0
1555 4945 1664 5016 γὰρ
1702 4946 1792 4999 τὸν
1841 4948 1968 5001 Υἱον

395 5030 472 5099 μὴ
547 5028 706 5100 ἔχων,
765 5030 888 5084 οὐδὲ
934 5031 1026 5084 τὸν
1069 5032 1288 5101 Πατέρα
1343 5031 1480 5102 ἔχει’
1524 5034 1616 5086 καὶ
1666 5036 1696 5089 6
1753 5038 1833 5098 εἰς
1876 5037 1968 5091 τὸν

393 5119 522 5173 Υἰὸν
552 5123 645 5173 καὶ
675 5121 735 5172 τὸ
767 5121 991 5191 Πνεῦμα
1021 5122 1081 5174 τὸ
1119 5122 1275 5191 ἀγιον
1320 5122 1739 5193 βλασφημήσας,
1767 5131 1847 5191 εἰς
1873 5130 1967 5182 τὸν

390 5212 616 5281 Πατέρα
648 5211 1059 5282 ἐϐλασφήμησε,
1086 5212 1435 5266 Καθικετεύω
1461 5216 1560 5282 τὴν
1592 5215 1860 5287 ὑμετέραν
1893 5219 1966 5272 ἱε-

397 5303 500 5372 ρὰν
540 5303 852 5374 γερουσίαν,
899 5304 1202 5375 βοηθήσατὲ
1244 5321 1335 5374 μοι
1374 5303 1461 5357 διὰ
1492 5304 1601 5357 τῶν
1647 5306 1785 5375 ὑπὲρ
1830 5309 1965 5378 ἐμοῦ

396 5395 536 5466 πρὸς
562 5398 653 5449 τὸν
684 5398 917 5468 Χριστὸν
954 5398 1044 5450 τὸν
1077 5398 1204 5451 Υἱδν
1249 5398 1342 5449 τοῦ
1371 5396 1503 5450 Θεοῦ
1541 5398 1757 5451 ἱκεσιῶν
1790 5400 1965 5469 ὑμῶν,

397 5485 781 5540 ἀκολουθοῦντι
826 5486 1059 5556 μάλιστα
1095 5489 1205 5551 τοῖς
1251 5488 1319 5541 δι’
1354 5487 1507 5556 ὑμῶν
1551 5487 1654 5541 ὑπὸ
1685 5489 1778 5543 τοῦ
1809 5491 1967 5557 ἁγίου

462 5625 506 5661 ι’
538 5625 784 5685 Senatni.
816 5628 913 5679 hoc
945 5637 1046 5685 est.
1076 5628 1236 5681 coetui
1268 5637 1448 5685 vestro
1475 5643 1647 5687 sacro.

2044 3128 2219 3195 ipsum
2256 3127 2658 3196 perturbarent,
2696 3141 2924 3195 magnus
2960 3126 3123 3179 timor
3155 3127 3207 3179 in
3245 3141 3368 3181 eum
3407 3128 3613 3183 incidit.

2045 3216 2245 3272 Deinde
2272 3218 2325 3271 in
2354 3201 2593 3285 seipsum
2625 3233 2876 3273 reversus
2907 3212 3161 3272 clamavit
3185 3218 3359 3282 valde,
3387 3218 3570 3273 dicens
3596 3238 3612 3276 :

2042 3306 2223 3360 Gloria
2250 3306 2369 3371 tibi,
2393 3306 2555 3373 Deus,
2586 3306 2678 3377 qui
2712 3305 2988 3375 inspirain
3019 3307 3219 3360 sanctis
3250 3307 3332 3360 his
3363 3307 3471 3361 tuis
3500 3322 3617 3377 my-

2045 3396 2289 3463 sterium,
2315 3399 2456 3466 quod
2480 3412 2694 3452 onlnem
2723 3398 3054 3452 intellectum
3086 3407 3329 3466 superat,
3355 3397 3617 3453 immacu-

2044 3490 2187 3554 latm,
2222 3491 2499 3543 immensae
2527 3499 2581 3544 et
2615 3491 2869 3545 increatie
2907 3489 3233 3548 Divinitatis.
3268 3489 3373 3544 Sed
3405 3505 3502 3545 oro
3533 3501 3615 3557 te,

2046 3579 2283 3646 Christe,
2309 3592 2562 3650 tanquam
2595 3583 2949 3652 undequaquc
2979 3583 3100 3637 boni
3131 3581 3309 3637 Patris
3338 3582 3621 3652 undequao

2044 3686 2151 3740 que
2182 3673 2379 3725 bonum
2415 3672 2641 3734 Filium,
2672 3673 2914 3726 condona
2946 3688 3067 3741 quae
3096 3674 3274 3743 impiis
3302 3673 3477 3729 adhuc
3502 3673 3617 3728 Arii

2046 3763 2387 3830 opinionibus
2435 3763 2688 3817 seductus
2735 3764 2953 3832 peccavi
2999 3782 3013 3818 :
3059 3778 3159 3818 nec
3208 3766 3382 3833 pmnis
3428 3781 3622 3835 graver

2048 3855 2187 3922 apud
2230 3862 2281 3906 te
2318 3853 2523 3922 justum
2550 3852 2797 3923 judicem
2841 3863 3061 3924 propter
3098 3853 3259 3922 impia
3305 3854 3393 3907 illa
3434 3855 3619 3919 verba,

2049 3960 2169 4013 qua:
2200 3944 2462 3997 adversus
2494 3954 2545 3997 te
2576 3944 2741 3998 miser
2772 3944 2992 4013 protuli.
3015 3942 3105 3998 γω
3132 3945 3261 3998 Ario
3288 3954 3343 3997 et
3371 3943 3489 4013 ejus
3520 3945 3621 3999 im-

2050 4038 2139 4108 pio
2187 4037 2378 4101 coetui,
2422 4036 2921 4107 blasphmnantihus
2960 4036 3221 4091 adversus
3265 4036 3460 4093 Filium
3507 4036 3622 4098 Dei,

2052 4128 2357 4183 dicentibus
2386 4144 2401 4181 :
2430 4127 2557 4180 Erat
2581 4127 2797 4196 quando
2824 4141 2930 4180 non
2957 4133 3099 4192 erat,
3123 4137 3178 4181 et
3204 4129 3346 4199 quod
3373 4136 3622 4182 creatura

2053 4220 2122 4274 sit
2147 4228 2201 4275 et
2229 4234 2382 4287 opus,
2413 4233 2477 4273 ex
2511 4218 2616 4271 alia
2647 4219 2945 4272 substantia
2976 4218 3146 4273 Filius
3176 4219 3268 4273 Dei
3299 4230 3352 4274 ct
3383 4220 3625 4290 Spiritus

2056 4321 2305 4375 sanctus;
2336 4320 2393 4364 et
2421 4309 2725 4364 dicentibus
2760 4308 2953 4365 Filium
2988 4310 3077 4363 Dei
3112 4320 3167 4364 et
3203 4309 3462 4379 Spiritum
3498 4328 3626 4367 san-

2055 4413 2202 4459 ctum
2232 4418 2335 4457 non
2367 4417 2487 4457 esse
2515 4400 2754 4469 ejusdem
2785 4401 3123 4469 substantiae,
3151 4403 3305 4472 cujus
3333 4414 3416 4459 est
3443 4401 3624 4460 Pater.

2054 4494 2467 4548 Auathematizo
2497 4507 2637 4547 [tunc
2663 4500 2719 4546 et
2745 4505 2960 4562 semper
2986 4490 3173 4545 Arium
3203 4501 3256 4547 et
3286 4494 3478 4560 impias
3506 4492 3626 4563 ejus

2057 4583 2358 4654 opiniones,
2389 4593 2443 4638 et
2473 4597 2664 4637 omnes
2694 4597 2816 4635 cum
2846 4594 2911 4635 eo
2940 4582 3260 4647 sententias,
3290 4590 3344 4636 et
3375 4582 3626 4653 blasphe-

2061 4683 2272 4730 mantes
2300 4675 2557 4728 adversus
2585 4672 2796 4726 Patrem
2825 4680 2878 4726 et
2901 4671 3097 4727 Filium
3127 4681 3181 4725 et
3209 4671 3468 4740 Spiritum
3500 4688 3626 4727 sano

2064 4772 2232 4817 clum.
2267 4762 2369 4829 Qui
2407 4763 2550 4816 enim
2591 4761 2785 4815 Filium
2831 4774 2938 4815 non
2978 4760 3169 4827 habet,
3206 4773 3379 4829 neque
3418 4759 3629 4816 Patrem

2065 4852 2229 4908 habet
2257 4868 2273 4906 :
2305 4861 2359 4905 et
2388 4850 2480 4920 qui
2514 4859 2700 4904 contra
2734 4848 2932 4904 Filium
2967 4859 3061 4903 aut
3094 4849 3353 4920 Spiritum
3386 4861 3629 4907 sanctqu

2065 4942 2492 5013 hlaspbemavit.
2539 4942 2594 4996 in
2644 4940 2862 4997 Patrem
2917 4941 3330 5011 hlaspbemavit.
3380 4940 3632 5012 Supplice

2065 5044 2245 5090 autem
2286 5049 2457 5090 sacra:
2492 5045 2687 5089 vestra
2726 5036 3076 5101 senectuti",
3117 5033 3367 5104 adjuvate
3409 5049 3496 5087 me
3538 5049 3634 5102 per

2064 5138 2275 5182 vestras
2327 5127 2392 5181 de
2444 5141 2533 5181 me
2580 5126 2647 5180 ad
2695 5124 2970 5181 Christum
3024 5125 3217 5182 Filium
3268 5123 3361 5179 Dei
3410 5139 3633 5194 preces,

2073 5219 2305 5272 maxime
2328 5231 2449 5270 cum
2467 5216 2577 5284 jam
2602 5218 2935 5271 consentiam
2963 5216 3044 5268 his
3066 5230 3183 5283 qua:
3205 5231 3232 5267 a
3254 5214 3406 5269 vobis
3426 5215 3491 5270 de
3513 5229 3638 5268 sano

2072 5318 2158 5363 cto
2198 5308 2400 5377 Spiritu
2441 5308 2685 5377 exposita
2724 5319 2777 5362 et
2816 5308 3035 5362 deﬁnita
3075 5314 3200 5361 sunt
3237 5324 3253 5362 :
3289 5314 3345 5360 et
3378 5306 3641 5361 conﬁteor

2071 5400 2433 5478 867-868
2457 5399 2544 5453 illa
2572 5413 2693 5453 esse
2718 5413 2841 5452 vera
2870 5407 3029 5466 atque
3053 5398 3229 5464 ilrina,
3256 5399 3356 5451 hoc
3381 5411 3501 5451 esse
3522 5412 3641 5450 cre—

2076 5496 2237 5557 dens,
2273 5493 2413 5562 quod
2449 5506 2729 5548 sacrorum
2764 5490 2997 5561 scriptor
3026 5489 3222 5546 Paulus
3249 5489 3388 5545 dixit
3424 5508 3434 5542 :
3473 5508 3490 5543 ι
3532 5488 3643 5566 My.-
