4042 6142
462 261 598 326 19.35

1702 258 2003 317 GELASII
2044 257 2386 318 CYZICENI

3566 257 3705 321 11336

458 380 679 433 stet-ium
726 375 1099 430 absconditum
1140 388 1168 426 a
1208 371 1423 426 srcculis
1468 381 1521 424 et
1563 371 2024 437 generationibus,

2147 369 2445 438 1νεύματος
2486 366 2754 421 ὲκτεθεῖσι
2797 369 2888 421 καὶ
2933 366 3298 438 ὁριζομένοις·
3332 366 3428 420 καὶ
3461 366 3706 437 ὁμολογῶ

453 469 601 532 quod
645 482 787 521 nunc
833 465 1125 519 revelatum
1166 473 1268 523 est,
1314 470 1370 512 ut
1415 461 1628 524 asserit,
1668 460 1875 513 sanctis
1916 460 2032 527 ejus

454 558 718 629 apostolis
753 568 806 613 et
839 554 1112 626 prophetis
1131 552 1200 617 '°,
1243 571 1261 603 ι
1300 561 1354 606 et
1383 551 1536 605 vobis
1573 551 1623 604 in
1661 548 1861 620 Spiritu
1900 566 2032 606 san-

461 628 567 715 ctu,
595 663 809 718 semper
828 647 1035 702 scilicet
1061 645 1433 707 exsisteulem,
1460 628 1513 695 et
1538 642 1696 695 simul
1723 642 2025 697 subsisten-

464 754 592 806 tem,
618 756 679 794 ac
706 746 1108 809 permanentem
1134 751 1254 790 cum
1277 733 1387 789 Deo
1412 746 1465 788 et
1492 733 1649 788 Patre
1676 731 1867 786 Filium
1890 734 2028 804 ejus,

444 843 516 896 ,οι
547 831 805 900 Spiritum
834 830 1076 899 ejusdem
1107 835 1376 882 sanctum.

464 927 522 977 ὲν
550 924 859 993 Πνεύματι,
894 923 980 976 ἀεὶ
1027 922 1156 975 ὄντα
1202 921 1293 973 καὶ

461 1016 522 1068 τὸ
554 1016 773 1086 Πνεῦμα
802 1015 968 1069 αὐτοῦ
994 1014 1057 1067 τὸ
1084 1012 1262 1081 ἆγιον.

1063 1130 1213 1185 CAP.
1260 1130 1426 1184 XXII.

462 1249 725 1303 Addentes
750 1248 917 1302 sancti
940 1243 1124 1297 Patres
1145 1246 1208 1296 de
1229 1244 1391 1312 fonte,
1418 1244 1592 1308 ﬂuvio,
1619 1253 1664 1296 et
1689 1260 1845 1312 aqua,
1874 1243 2033 1295 locuti

553 1329 674 1373 sunt
706 1320 774 1370 ad
807 1316 1169 1385 philosophum
1204 1330 1296 1383 per
1321 1316 1619 1383 episcopum
1651 1312 1945 1367 Leontium.

535 1497 679 1551 lllud-
697 1497 882 1563 etiam,
908 1496 1081 1549 amice
1110 1495 1445 1563 philosophe,
1473 1494 1615 1561 quod
1649 1503 1896 1561 superest
1928 1493 2032 1545 hu-

460 1589 550 1659 jus
574 1588 834 1654 veritatis,
858 1587 1303 1642 considerandum
1332 1596 1435 1640 est.
1459 1584 1681 1639 Fontcm
1709 1586 2029 1654 cogitemus,

466 1682 555 1749 qui
592 1680 809 1734 ﬂuvium
841 1694 994 1747 aqua:
1024 1687 1247 1746 generat
1285 1695 1299 1731 :
1335 1678 1513 1731 omnis
1543 1677 1687 1731 enim
1720 1676 1946 1739 ﬂuvius,
1984 1685 2041 1729 ut

467 1772 631 1836 nosti,
662 1770 865 1825 l‘outem
896 1769 1056 1823 habet
1085 1769 1384 1837 genitorem
1415 1785 1430 1822 :
1460 1768 1583 1822 inde
1614 1768 1854 1837 procedit
1888 1783 2042 1837 aqua;

463 1848 679 1919 ﬂuvius.
717 1860 823 1917 Sed
858 1875 1017 1916 nemo
1059 1859 1278 1915 ﬂuvium
1324 1860 1561 1931 appellat
1591 1858 1829 1924 fontem,
1866 1875 2041 1930 neque

466 1956 668 2008 fontem
697 1950 915 2006 ﬂuvium
944 1968 959 2006 :
986 1950 1078 2005 sed
1108 1949 1250 2016 fons,
1278 1947 1400 2004 fons
1424 1949 1746 2019 appellatur,
1771 1960 1826 2006 et
1850 1949 2042 2004 ﬂuvius

465 2031 681 2109 ﬂuvius,
713 2054 767 2099 et
801 2055 1089 2111 utrumque
1120 2055 1262 2109 aqua
1300 2056 1426 2095 una.
1460 2040 1685 2106 Quando
1717 2050 1896 2096 autem
1938 2042 2044 2094 vult

467 2137 734 2210 quispiam
773 2148 804 2189 e
843 2132 991 2188 fonte
1028 2133 1111 2188 vel
1150 2132 1311 2187 ﬂuvio
1348 2148 1544 2202 aquam
1587 2133 1836 2200 haurire,
1874 2143 2043 2187 mutat

470 2225 965 2291 nomenclaturam;
1004 2238 1107 2277 non
1139 2224 1281 2279 enim
1310 2224 1441 2278 dicit
1467 2220 1670 2289 :Vade,
1694 2225 2042 2295 progrediens

469 2319 692 2373 haurias
714 2329 765 2372 et
788 2316 932 2371 feras
953 2314 1081 2369 mihi
1104 2313 1306 2370 fontem
1328 2324 1423 2370 aut
1445 2313 1689 2380 ﬂuvium,
1707 2317 1800 2370 sed
1824 2330 2041 2385 aquam,

358 2468 363 2477 _
469 2421 522 2465 et
553 2425 658 2464 una
689 2408 905 2479 quidem
936 2417 1162 2473 natura,
1191 2416 1301 2462 tres
1326 2415 1505 2461 autem
1535 2420 1777 2475 personae
1805 2407 2046 2463 dicendae

469 2510 618 2564 sum,
646 2500 788 2566 lotis,
815 2497 1025 2559 ﬂuvius,
1053 2508 1108 2552 et
1135 2513 1296 2567 aqua.
1327 2498 1434 2553 Sed
1462 2507 1520 2554 et
1548 2498 1730 2553 divina
1762 2498 2042 2567 Scriptura

468 2593 655 2648 eadem
690 2604 941 2645 asserens
974 2589 1330 2644 demonstrat.
1360 2586 1545 2659 Neque
1577 2588 1719 2643 enim
1754 2587 1822 2642 ab
1853 2587 2044 2643 eadem

468 2684 645 2739 aliena
662 2685 768 2738 'nos
794 2678 885 2736 tibi
913 2681 1203 2751 loquimur,
1228 2694 1261 2733 ο
1285 2680 1520 2751 legitime
1543 2679 1594 2733 in
1621 2688 1895 2749 posterum
1919 2694 2046 2749 gra-

471 2781 559 2830 tia:
590 2776 684 2842 lili,
742 2773 990 2844 quamvis
1018 2773 1072 2828 in
1104 2771 1569 2835 similitudinibus,
1601 2773 1742 2841 typis
1766 2780 1820 2825 et
1850 2770 2043 2840 imagi-

471 2868 627 2921 nibus
661 2880 965 2921 sermonem
1002 2863 1251 2919 veritatis
1281 2874 1621 2916 enarramus.
1656 2859 1749 2914 Ait
1783 2860 1947 2930 igitur
1981 2862 2046 2915 de

2136 462 2306 513 ταῦτα
2333 460 2509 531 ἀληθῆ
2535 457 2696 521 εἶναι,
2729 462 2823 513 καὶ
2852 460 3068 531 βὲὅαια.
3104 459 3274 513 Τοῦτο
3301 458 3412 529 γὰρ
3441 459 3707 512 πιστεύων

2135 549 2308 615 εἶναι,
2338 553 2475 624 ὅπερ
2510 556 2538 606 6
2569 553 2893 624 ἱεροφάντης
2922 549 3042 605 εἷπε
3073 552 3303 614 Παῦλοςο
3337 570 3356 602 ι
3396 550 3470 603 Τὸ
3505 552 3708 620 μυστή-

2137 661 2250 715 ριον
2297 644 2356 697 τὸ
2388 645 2873 715 ἁποκεκριμμένον
2906 646 3014 698 ἀπὸ
3049 645 3160 697 τῶν
3200 644 3435 705 αἰώνων,
3484 643 3574 696 καὶ
3605 642 3711 694 ἀπὸ

2133 735 2241 787 τῶν
2271 734 2496 803 γενεῶν,
2530 736 2559 787 ὃ
2588 736 2683 789 νῦν
2715 735 3073 806 ἀπεκαλύφθη
3098 775 3112 797 ,
3146 733 3327 796 καθὼς
3353 735 3569 803 εἴρηται
3604 734 3711 794 τοῖς

2134 826 2312 891 ἁγίοις
2347 826 2513 879 αὑτοῦ
2544 828 2864 891 ἀποστόλοις
2890 829 2985 881 καὶ
3016 829 3355 895 προφήταις,
3400 844 3419 875 ι
3465 824 3557 876 καί
3589 825 3711 891 ύμῖν

1368 919 1777 990 συννπάρχοντα
1840 920 1935 974 καὶ
1979 921 2400 992 συνδιαμένοντα
2430 922 2509 993 τῷ
2551 922 2669 993 Θεῷ
2701 924 2793 977 καὶ
2859 923 3033 992 Ila-.9".
3072 922 3162 974 τὸν
3226 922 3351 973 Υξὸν
3393 919 3581 984 αὑτοῦ,
3622 922 3711 970 καὶ

2720 1133 2969 1185 ΚΕΦΛΛ.
3009 1131 3135 1185 KB’.

2136 1247 2503 1317 Προσθέντες
2527 1251 2578 1299 οἱ
2599 1246 2755 1317 ἅγιοιΔ
2777 1244 3027 1317 Πατέρες
3045 1240 3215 1295 εἷπον
3240 1240 3388 1317 πρὸς
3408 1239 3714 1317 τετραπό-

2212 1336 2409 1387 σοφον
2434 1309 2567 1384 πὲρι
2601 1309 2831 1384 πηγῆς,
2884 1309 2980 1367 καὶ
3011 1312 3297 1387 ποταμοῦ,
3348 1311 3443 1363 καὶ
3476 1309 3712 1375 ὓδατος,

2208 1383 2306 1442 διά
2329 1388 2434 1441 τοῦ
2467 1383 2803 1441 ἐπισκόπου
2836 1383 3140 1438 Λεοντίου.

2213 1504 2449 1556 Κάκείνο
2490 1499 2547 1552 δὲ
2574 1498 2815 1569 νοητέον,
2864 1489 2909 1550 ὦ
2949 1494 3068 1564 φίλε
3091 1493 3275 1546 λοιπὶν
3316 1492 3414 1561 τῆς
3449 1490 3714 1562 ἀληθείας

2141 1595 2415 1665 φιλόσοφε.
2453 1595 2641 1665 Πηγὴν
2672 1595 2951 1663 νοήσωμεν
2983 1591 3262 1659 γεννῶσαν
3296 1588 3540 1658 ποταμὸν
3595 1588 3715 1640 ὓδα-

2143 1704 2264 1751 τοςο
2297 1688 2404 1749 πᾶς
2431 1687 2539 1757 γὰρ
2566 1686 2826 1756 ποταμὸς,
2856 1683 2932 1747 ὡς
2959 1680 3135 1745 cicuta.
3169 1682 3350 1753 πηγὴν
3386 1682 3498 1751 ἔχει
3524 1682 3720 1751 γεννή-

2142 1794 2350 1847 τειραν·
2382 1770 2499 1828 εἶτα
2539 1775 2865 1846 προέρχεται
2899 1774 2998 1843 μὲν
3038 1774 3066 1825 6
3107 1771 3348 1842 ποταμὸς
3378 1770 3471 1823 τοῦ
3501 1769 3715 1833 ὓδατος.

2156 1868 2293 1921 Ἀλλ’
2323 1868 2500 1932 οὐθεὶς
2533 1866 2687 1921 καλεῖ
2709 1867 2800 1919 τὸν
2831 1864 3075 1935 ποταμὸν
3109 1864 3313 1935 πηγὴν,
3337 1864 3372 1932 ἢ
3402 1863 3499 1933 τὴν
3536 1862 3719 1933 πηγὴν

2144 1961 2408 2030 ποταμόν’
2433 1958 2602 2028 ἀλλ’ἢ
2638 1956 2789 2027 πηγὴ
2814 1955 2965 2026 πηγὴ
2993 1955 3263 2015 καλεῖται,
3295 1954 3391 2008 καὶ
3415 1954 3444 2004 6
3475 1952 3719 2021 ποταμὸς

2144 2051 2391 2122 ποταμός
2419 2065 2432 2077 ·
2463 2050 2556 2103 καὶ
2587 2050 2869 2119 app/nepa
2898 2046 2957 2098 ἓν
2986 2045 3150 2117 ὓδωρ.
3203 2045 3371 2098 Ἐπὰν
3397 2043 3454 2097 δέ
3485 2061 3571 2107 τις
3606 2043 3719 2095 ἐθέ-

2142 2146 2225 2195 λοι
2255 2141 2561 2213 ἀρύσασθαι
2605 2141 2668 2192 ὲκ
2701 2138 2793 2192 τοῦ
2827 2137 3072 2206 ποταμοῦ
3118 2137 3152 2209 ἢ
3192 2136 3291 2204 τῆς
3331 2135 3516 2206 πηγῆς
3554 2134 3720 2204 ὕδωρ,

2148 2232 2469 2305 μεταὸἁλλει
2497 2231 2597 2302 τὴν
2620 2229 3010 2303 προσηγορίαν.
3030 2229 3143 2283 Οὐκ
3170 2230 3287 2299 ἐρεῖ
3311 2228 3439 2297 γὰρ,
3459 2225 3716 2289 Ἃπελθε,

2146 2320 2434 2393 πορευθεὶς
2464 2320 2749 2387 ἄντλησον,
2788 2320 2883 2371 καὶ
2914 2318 3044 2388 φέρε
3079 2335 3169 2389 μοι
3198 2318 3296 2387 τὴν
3323 2318 3527 2388 πηγὴν,
3563 2316 3601 2386 ἢ
3634 2315 3720 2368 τὸν

2146 2412 2411 2482 ποταμὸν,
2451 2412 2567 2465 ἀλλ’
2596 2410 2759 2481 ὕδωρ.
2791 2412 2905 2466 Καὶ
2935 2410 3033 2480 μία
3069 2409 3169 2479 μὲν
3209 2411 3243 2479 η
3278 2408 3476 2478 φύσις,
3510 2406 3638 2475 τρία
3664 2406 3718 2459 δὲ

2147 2504 2414 2574 πρόσωπα
2456 2500 2677 2565 λεκτέα,
2710 2501 2895 2569 πηγὴ,
2926 2498 3186 2568 ποταμὲς,
3222 2496 3385 2567 ὕδωρ.
3436 2494 3601 2549 Ἀλλὰ
3630 2494 3719 2548 καὶ

2145 2594 2179 2663 ἡ
2217 2592 2335 2646 θεία
2378 2591 2571 2663 Γραφὴ
2621 2590 2798 2644 ταῦτα
2849 2588 3129 2660 φράζουσα
3173 2586 3481 2640 δείκνυταιο
3519 2586 3580 2638 οὐ
3614 2584 3717 2654 γὰρ

2146 2685 2397 2755 ἀλλότρια
2425 2684 2629 2755 ταύτης
2663 2683 2823 2754 ἡμεῖς
2857 2698 2939 2734 σοι
2970 2678 3340 2750 φθεγγόμεθα,
3366 2678 3590 2748 γνήσιον
3617 2678 3721 2729 λοι-

2146 2776 2245 2829 πὶν
2273 2776 2464 2829 τέκνον
2500 2775 2598 2846 τῆς
2630 2775 2851 2844 χάριτος
2876 2791 2889 2804 ·
2922 2774 2970 2825 εἰ
3000 2773 3097 2825 καὶ
3131 2771 3205 2835 ὡς
3238 2772 3296 2823 έν
3324 2769 3716 2839 ύποδείγμασι,

2146 2870 2242 2923 καὶ
2278 2868 2493 2933 τύποις,
2546 2867 2639 2919 καὶ
2668 2866 2840 2919 εἰκόσι
2867 2866 2965 2935 τῆς
2998 2863 3255 2934 ἀληθείας
3283 2862 3375 2915 τὸν
3410 2861 3567 2929 λόγον
3605 2861 3715 2914 alo-

471 2957 608 3012 Filio
626 2958 804 3011 divina
829 2955 1143 3025 Scriptura:
1176 2972 1194 3006 ι
1221 2953 1425 3008 lnclino
1460 2953 1512 3007 in
1539 2967 1632 3007 eos
1665 2953 1818 3022 quasi
1852 2951 2044 3008 ﬂuvius

2149 2962 2498 3035 ηγησάμεθα.
2519 2961 2681 3029 Λέγει
2707 2956 2799 3015 οὖν
2831 2959 2957 3030 περὶ
2981 2955 3076 3011 τοῦ
3106 2956 3234 3009 Υίοῦ
3264 2959 3296 3026 ἠ
3337 2955 3456 3009 θεία
3485 2954 3673 3025 Γραφή
3698 2965 3712 2980 ’

471 3050 736 3120 pacis'°':
773 3067 792 3100 ι
820 3049 1098 3118 egrediens
1150 3045 1399 3102 videlicet
1432 3059 1496 3101 ex
1544 3058 1670 3098 vero
1715 3045 1837 3100 vita:
1876 3046 2043 3112 loute,

472 3144 651 3199 Patris
680 3142 983 3209 divinitate,
1017 3142 1217 3211 uLipse
1243 3142 1501 3197 Dominus
1531 3142 1583 3195 in
1614 3136 1904 3211 Evangelio
1933 3142 2045 3196 cla-

474 3251 617 3292 mat:
649 3255 668 3289 ι
700 3235 811 3306 Ego
835 3251 862 3288 a
892 3235 1049 3289 Patre
1071 3234 1236 3302 exivi,
1257 3243 1312 3289 et
1334 3235 1492 3290 venio
1512 3237 1555 3268 “
1585 3251 1601 3288 ι
1633 3253 1652 3287 ι
1676 3244 1735 3290 et
1761 3233 1905 3304 quod
1935 3234 2049 3303 ipse

473 3327 814 3398 apertissime
843 3326 977 3380 dixit
1008 3341 1021 3379 :
1056 3343 1074 3376 ι
1110 3324 1222 3396 Ego
1249 3336 1302 3380 et
1329 3325 1492 3380 Pater
1515 3341 1678 3380 unum
1711 3340 1897 3380 sumus
1920 3327 1986 3390 ",
2022 3343 2042 3377 ι

473 3431 527 3475 et
564 3418 744 3474 illud':
788 3436 807 3470 ι
851 3417 962 3485 Ego
1001 3416 1052 3471 in
1090 3417 1275 3482 Patre,
1311 3426 1365 3472 et
1402 3416 1563 3471 Pater
1594 3418 1647 3471 in
1685 3433 1772 3473 me
1796 3419 1841 3450 "
1876 3437 1890 3474 :
1933 3437 1953 3471 ι
1994 3429 2049 3473 et

474 3508 616 3579 quod
649 3507 909 3577 Spiritum
942 3515 1188 3561 sanctum
1219 3521 1285 3559 ex
1317 3508 1435 3575 ipso
1469 3506 1654 3562 ﬂdelcs
1683 3522 1873 3562 omnes
1902 3510 2046 3565 acci-

473 3601 670 3669 pimus,
700 3598 790 3666 qui
822 3597 1063 3666 ejusdem
1097 3598 1410 3651 substantiae
1438 3606 1519 3652 est
1547 3597 1699 3667 cuius
1726 3611 1777 3653 et
1809 3599 1968 3655 Pater
1995 3611 2049 3656 et

475 3690 669 3754 Filius,
709 3689 1006 3757 procedens
1054 3700 1084 3739 a
1131 3686 1309 3751 Patre,
1349 3691 1601 3761 proprius
1640 3704 1765 3744 vero
1806 3689 1949 3755 Filii,
1993 3700 2050 3746 ut

476 3783 724 3850 superius
751 3778 1104 3833 ostendimus.
1135 3777 1289 3844 Quod
1321 3789 1503 3833 autem
1536 3780 1607 3836 ab
1638 3781 1752 3851 ipso
1784 3783 1940 3837 nobis
1970 3782 2051 3837 el-

478 3872 748 3937 l'uudatur,
775 3871 1079 3926 clarissime
1107 3872 1157 3925 in
1184 3871 1490 3943 Evangeliis
1517 3874 1698 3929 docuit
1726 3876 1839 3944 ipse
1867 3877 2048 3930 Domi-

477 3978 597 4025 nus,
624 3962 808 4017 dicens
837 3979 851 4016 :
889 3980 907 4013 ι
944 3959 999 4015 Si
1031 3962 1153 4031 quis
1181 3963 1317 4028 sitit,
1344 3965 1522 4017 veniat
1549 3967 1613 4020 ad
1645 3981 1752 4033 me,
1779 3978 1830 4021 et
1859 3966 2005 4022 bibat
2032 3985 2046 4022 :

476 4056 565 4123 qui
601 4055 771 4109 credit
802 4055 855 4108 iu
891 4069 993 4121 me,
1029 4064 1083 4108 ut
1122 4054 1398 4125 Seriplura
1439 4065 1689 4125 testatur,
1724 4058 1945 4113 ﬂumina
1984 4060 2050 4115 de

478 4155 662 4201 \eutre
687 4147 801 4215 ejus
827 4146 991 4201 ﬂuent
1016 4162 1168 4216 aquae
1192 4149 1325 4202 viva:
1345 4148 1411 4202 “.
1445 4168 1464 4201 ι
1492 4150 1696 4218 Quibus
1719 4153 2049 4223 evangelista

477 4238 733 4291 divinitus
757 4238 1075 4306 inspiratus,
1100 4239 1299 4293 dictum
1323 4240 1713 4310 interpretans,
1737 4243 2007 4298 subiul‘ert
2032 4261 2047 4298 :

2153 3077 2175 3110 ‹
2212 3057 2428 3121 Κλίνω,
2460 3055 2641 3125 φησὶν,
2674 3056 2759 3106 ἐπ’
2801 3052 3001 3113 αὐτοὺς
3025 3050 3102 3113 ὡς
3143 3047 3389 3118 ποταμὸς
3415 3046 3658 3117 εἰρήνης·
3688 3062 3713 3095 ι

2147 3148 2580 3219 ἐκπορευόμενος
2620 3143 2861 3215 δηλονότι
2906 3145 2969 3195 ὲκ
2997 3142 3095 3210 τῆς
3137 3139 3371 3208 ἀληθοῦς
3402 3138 3581 3209 πηγῆς
3610 3135 3715 3203 τῆς

2147 3239 2292 3309 ζωῆς
2310 3282 2325 3304 ,
2353 3238 2451 3308 τῆς
2473 3237 2567 3290 τοῦ
2602 3236 2811 3307 Πατρὸς
2839 3232 3277 3305 θεότητος,καθά
3300 3247 3455 3300 φημι,
3487 3225 3644 3289 αὐτὸς
3676 3227 3710 3278 6

2148 3336 2351 3405 Κύριος
2397 3335 2453 3386 ὲν
2484 3331 2835 3400 Εὐαγγελίοις
2994 3345 3009 3358 ο
3047 3347 3064 3381 ι
3111 3326 3251 3395 Ἐγὼ
3278 3327 3339 3377 ἐκ
3375 3321 3467 3376 τοῦ
3494 3319 3710 3391 Πατρδς

2147 3428 2390 3498 ἐξῆλθον,
2419 3426 2515 3479 καὶ
2543 3426 2686 3496 ἥκω.
2720 3443 2739 3476 ι
2772 3425 3011 3476 Κάκεῖνο
3032 3422 3087 3474 δὲ
3109 3422 3247 3491 ὅπερ
3265 3418 3368 3487 ἔφη
3390 3414 3714 3469 λευκότατα’

2152 3541 2170 3573 ι
2216 3518 2358 3588 Ἐγὼ
2382 3520 2476 3572 καὶ
2496 3521 2524 3571 6
2547 3517 2734 3588 Πατὴρ
2757 3517 2815 3569 ἓν
2837 3518 3023 3586 ἐσμεν.
3046 3534 3065 3567 ι
3099 3513 3207 3567 Καὶ
3235 3511 3316 3576 τὸ,
3332 3529 3350 3562 ι
3388 3507 3527 3577 Ἐγὼ
3554 3509 3612 3561 ὲν
3638 3503 3720 3573 τῷ

2148 3611 2343 3683 Πατρὶ,
2380 3610 2473 3663 καὶ
2499 3610 2528 3661 6
2556 3608 2745 3678 Πατὴρ
2785 3608 2842 3659 ἐν
2869 3605 3013 3675 ἐμοί’
3054 3623 3073 3656 ι
3109 3604 3202 3657 καὶ
3229 3600 3291 3655 τὸ
3319 3598 3545 3670 Πνεῦμα
3573 3597 3630 3649 δὲ
3657 3594 3720 3648 τὸ

2148 3703 2303 3770 ἆγιον
2344 3702 2426 3755 ὅτι
2460 3700 2518 3767 ἐξ
2544 3697 2709 3753 αἰτοῦ
2757 3698 3105 3767 λαμϐάνομεν
3136 3696 3377 3755 ἅπαντες
3413 3692 3461 3744 οἱ
3502 3687 3680 3743 πιστοὶ
3702 3725 3718 3749 ,

2147 3795 2247 3864 τῆς
2275 3794 2442 3863 αὐτῆς
2466 3792 2524 3846 ὃν
2550 3791 2758 3853 οὐσίας,
2783 3785 2850 3859 ἦς
2872 3791 2901 3843 6
2930 3787 3116 3858 Πατὴρ
3141 3786 3235 3840 καὶ
3262 3783 3412 3848 Υἱὸς,
3436 3778 3723 3852 ἐκπορευό·

2152 3884 2436 3954 μενονμὲν
2477 3885 2543 3934 ὲκ
2568 3881 2661 3933 τοῦ
2696 3880 2927 3950 Πατρδς,
2962 3878 3089 3931 ἴδιον
3115 3878 3171 3930 δὲ
3199 3876 3258 3929 ὃν
3285 3875 3381 3928 τοῦ
3406 3872 3560 3934 Υίοῦ,
3591 3870 3721 3924 καθ-

2148 3974 2292 4044 άπερ
2335 3974 2593 4043 ἀνωτέρω
2638 3971 3018 4040 ἀπεδείξαμεν.
3054 3970 3176 4021 Ὀτι
3207 3967 3263 4021 δὲ
3292 3966 3352 4030 ἐξ
3393 3963 3558 4019 αὑτοῦ
3591 3964 3723 4032 ἡμῖν

2149 4064 2448 4129 ἀναϐλύζον
2478 4066 2592 4117 ἐστὶ
2614 4103 2627 4125 ,
2662 4052 2977 4132 σαφέστατα
3005 4062 3067 4113 ὲν
3099 4057 3451 4127 Εὑαγγελίοις
3488 4052 3723 4116 ἐδίδαξεν

2149 4157 2309 4221 αὐτὸς
2338 4159 2367 4211 6
2410 4156 2614 4226 Κύριος
2657 4153 2847 4208 εἰπών·
2896 4173 2915 4206 ι
2975 4149 3100 4206 Ἐάν
3136 4169 3224 4214 τις
3266 4150 3429 4220 διψᾷ,
3482 4145 3727 4219 ἐρχέσθω

2150 4248 2285 4319 πρὸς
2320 4247 2423 4319 μὲ,
2456 4247 2552 4300 καὶ
2595 4246 2799 4298 πινέτω
2822 4261 2837 4277 ’
2882 4246 2910 4297 6
2951 4242 3221 4296 πιστεύων
3250 4243 3330 4303 εἰς
3361 4240 3461 4309 ἐμὲ
3486 4278 3499 4302 ,
3541 4234 3725 4298 καθὼς

483 4348 502 4380 ι
537 4327 648 4382 lloc
678 4340 859 4383 autem
889 4327 1024 4383 dixit
1050 4328 1115 4382 de
1142 4328 1369 4397 Spiritu,
1394 4345 1553 4400 quem
1588 4332 1861 4399 accepturi
1892 4343 2044 4387 erant

2150 4338 2304 4394 εἶπεν
2334 4343 2367 4409 ἡ
2404 4339 2594 4409 Γραφὴ
2614 4379 2627 4403 ,
2666 4340 2904 4409 ποταμοὶ
2939 4338 3003 4390 ὲκ
3028 4337 3126 4406 τῆς
3155 4334 3367 4397 κοιλίας
3394 4330 3559 4385 αὐτοῦ
3602 4328 3724 4401 ῥεύ-

479 4422 764 4477 credeutcs
790 4421 840 4475 in
869 4436 990 4475 eum
1005 4421 1072 4474 ’³.
1106 4438 1123 4472 ι
1155 4422 1216 4476 Et
1244 4422 1506 4490 propheta
1539 4423 1705 4477 David
1731 4425 1795 4477 de
1822 4425 1923 4479 boc
1951 4424 2056 4478 uti-

481 4527 582 4582 que
614 4512 761 4585 fonte
790 4512 940 4577 vitae,
971 4521 1158 4565 sancta
1196 4513 1472 4581 trinitate,
1504 4512 1624 4569 vide
1654 4514 1782 4583 quid
1811 4515 2008 4571 clamet
2035 4533 2049 4571 :

484 4624 503 4657 ι
543 4605 691 4675 Apud
720 4612 773 4657 te
799 4612 883 4659 est
914 4602 1036 4658 lous
1062 4604 1205 4668 vitae,
1232 4613 1287 4659 et
1319 4606 1371 4658 in
1404 4605 1605 4660 lumine
1635 4614 1725 4661 tuo
1751 4606 2055 4663 videbimus

482 4697 662 4751 lumen
686 4697 767 4764 “;
799 4717 816 4749 ι
853 4694 1056 4750 fontem
1086 4697 1207 4751 vita:
1235 4697 1400 4752 Deum
1429 4707 1483 4752 et
1506 4695 1721 4753 Patrem
1752 4699 2051 4769 appellans,

479 4791 545 4843 ad
570 4788 762 4843 Filium
785 4803 913 4843 vero
940 4789 1166 4858 loquens
1188 4806 1201 4843 :
1223 4789 1266 4843 si
1290 4788 1505 4858 quidem
1528 4787 1687 4844 Pater
1707 4800 1787 4843 cst
1812 4792 1863 4845 in
1889 4788 2045 4858 Filio,

481 4890 534 4935 et
566 4879 732 4959 Filius
766 4880 817 4932 in
856 4878 1014 4934 Patre
1047 4897 1061 4933 :
1096 4879 1273 4933 lumen
1309 4889 1486 4934 autem
1521 4880 1691 4948 ipsum
1723 4877 1914 4933 Filium
1951 4895 2048 4933 tto--

480 4973 671 5036 miuat,
698 4974 749 5025 in
776 4986 881 5041 quo
908 4971 1106 5025 lumine
1133 4981 1362 5025 testatur
1384 4972 1667 5026 videndum
1696 4988 1814 5027 esse
1839 4973 2043 5038 lumen,

482 5064 741 5134 Spiritum
776 5074 1020 5118 sanctum
1053 5081 1067 5115 :
1101 5079 1120 5113 ι
1158 5061 1212 5116 lu
1246 5063 1470 5127 lumine,
1499 5064 1692 5132 inquit,
1727 5073 1815 5120 tuo
1845 5066 2050 5120 videbi-

484 5166 602 5209 mus
641 5155 840 5209 lumen.
887 5173 904 5207 ι
945 5152 1086 5209 Fons
1120 5152 1262 5209 enim
1300 5154 1422 5208 vita:
1459 5169 1520 5208 ac
1554 5154 1773 5210 luminis
1812 5171 1934 5211 vere
1974 5167 2056 5211 est

485 5243 645 5300 Pater
683 5263 695 5299 :
741 5246 919 5299 lumen
960 5243 1119 5298 etiam
1162 5252 1245 5297 est
1284 5242 1449 5297 Filius
1489 5260 1552 5298 ex
1594 5243 1756 5299 Patre
1799 5245 1998 5300 lumine
2036 5265 2050 5301 :

487 5335 663 5392 lumen
693 5336 855 5390 etiam
884 5345 962 5390 est
996 5333 1231 5406 Spiritus
1264 5344 1484 5389 sanctus
1516 5350 1579 5390 ex
1612 5335 1798 5391 eodem
1832 5336 2051 5389 lumine.

488 5428 796 5497 Siquidem,
826 5436 882 5481 ut
914 5428 1066 5482 nobis
1099 5442 1238 5499 sa‘pe
1270 5426 1554 5481 dicendum
1589 5435 1696 5491 cst,
1728 5444 1831 5482 una
1861 5437 1942 5481 est
1972 5428 2054 5481 di-

540 5606 587 5679 ξ’
609 5606 819 5679 _(‘.uluss.
856 5607 1004 5670 1,926.
1091 5609 1158 5641 ’θ’
1193 5610 1297 5664 lsa.
1334 5624 1482 5673 ωτι,
1520 5608 1603 5660 1’2.
1674 5608 1714 5638 ¹¹
1743 5607 1896 5663 Juau.
1935 5623 2044 5673 ml,

2147 5616 2171 5663 ἶ.
2253 5614 2294 5643 ¹¹
2326 5610 2479 5667 Joan.
2518 5630 2566 5679 κ,
2600 5616 2687 5670 50.

490 5675 580 5736 57,
608 5676 695 5727 5⁸3.
760 5681 801 5709 ’⁵
838 5680 964 5731 iltitl.
995 5680 1081 5733 δῖ).
1160 5682 1204 5711 ¹⁶
1234 5681 1376 5734 Paul.
1416 5695 1577 5745 xxxv,
1606 5678 1687 5732 10.

2152 4430 2543 4497 σουσινῦδατος
2567 4429 2788 4495 ζῶντος.
2836 4449 2856 4482 ι
2914 4424 3008 4490 Οἷς
3043 4430 3071 4482 6
3112 4423 3501 4495 εὑαγγελιστὴς
3537 4420 3726 4475 θεόθεν

2150 4523 2529 4595 ὲμπνευσθεὶς,
2560 4522 2621 4574 τὺ
2662 4522 2829 4593 ῥηθὲν
2856 4519 3195 4592 ἑρμηνεύων,
3225 4516 3478 4587 ἐπιφέρει
3508 4513 3683 4580 λέγων
3706 4525 3720 4540 ⁸

2156 4632 2175 4664 ‹
2213 4612 2381 4665 Τοῦτο
2411 4611 2468 4665 δὲ
2500 4610 2653 4679 ἔλεγε
2706 4610 2833 4680 περὶ
2876 4610 2970 4663 τοῦ
3018 4608 3335 4679 Πνεύματος
3379 4602 3439 4660 οῦ
3488 4603 3725 4675 ἤμελλον

2150 4702 2445 4774 λαμϐάνειν
2476 4706 2524 4757 οἱ
2556 4702 2906 4765 πιστεύοντες
2938 4704 3018 4765 εἰς
3047 4700 3229 4755 αὐτόν.
3267 4717 3286 4751 ι
3314 4699 3427 4753 Καὶ
3456 4700 3484 4752 6
3509 4694 3725 4767 προφή-

2153 4812 2252 4865 της
2273 4795 2329 4847 δὲ
2359 4796 2520 4849 Δαϐὶδ
2542 4796 2642 4866 ὅρα
2665 4795 2717 4848 τί
2742 4796 2866 4866 περὶ
2888 4793 3092 4863 ταύτης
3114 4793 3216 4864 τῆς
3234 4792 3416 4861 πηγῆς
3439 4789 3537 4858 τῆς
3555 4789 3726 4849 ὅντως

2154 4884 2299 4954 ζωῆς
2320 4901 2333 4916 ⁸
2364 4886 2461 4955 τῆς
2487 4887 2647 4953 ἁγίας
2672 4886 2899 4955 Τριάδος
2929 4885 3055 4955 βοᾷ,
3087 4885 3167 4937 ὅτι
3205 4901 3223 4935 t
3261 4884 3419 4953 Παρὰ
3462 4880 3546 4933 σοὶ
3576 4878 3726 4948 πηγὴ

2153 4974 2319 5045 ζωῆς,
2349 4979 2405 5028 ἐν
2441 4976 2520 5047 τῷ
2551 4977 2688 5045 φωτί
2721 4995 2814 5031 σου
2841 4977 3085 5047 ὀψόμεθα
3111 4976 3225 5047 φῶς
3249 4992 3263 5007 ’
3302 4993 3320 5026 ι
3367 4972 3549 5042 πηγὴν
3582 4970 3725 5039 ζωῆς

2153 5066 2246 5120 τὸν
2271 5066 2404 5121 Θεὸν
2429 5069 2521 5120 καὶ
2546 5070 2768 5141 Πατέρα
2789 5070 2987 5123 καλῶν.
3018 5069 3159 5138 Πρὸς
3183 5067 3272 5120 τὸν
3296 5066 3426 5119 Υἱὸν
3451 5064 3507 5117 δὲ
3529 5062 3725 5131 λέγων.

2153 5157 2387 5228 ἐπείπερ
2409 5159 2436 5210 6
2461 5159 2649 5229 Πατὴρ
2680 5162 2737 5212 ὲν
2763 5159 2838 5229 τῷ
2861 5160 2995 5228 Υίῷ,
3027 5159 3121 5213 καὶ
3145 5161 3173 5212 6
3196 5159 3320 5220 Υἱὸς
3340 5158 3397 5209 ἐν
3424 5155 3500 5225 τῷ
3526 5151 3723 5223 Πατρί⁶

2155 5247 2271 5316 φῶς
2297 5249 2352 5301 δὲ
2375 5250 2465 5303 τὸν
2494 5250 2621 5303 Υίὸν
2650 5252 2999 5321 ὑπαγορεύει,
3028 5252 3084 5302 ἐν
3106 5244 3149 5317 ᾧ
3172 5251 3307 5319 φωτὶ
3326 5250 3472 5316 λέγει
3496 5244 3725 5315 όφεσθαι

2156 5338 2292 5405 φῶς,
2323 5342 2383 5392 τὸ
2416 5341 2635 5411 Πνεῦμα
2659 5342 2720 5395 τὺ
2764 5343 2936 5410 ἅγιον.
2984 5359 3003 5393 ι
3054 5344 3144 5395 Ἓν
3171 5345 3279 5414 γὰρ
3313 5342 3390 5412 τῷ
3429 5340 3566 5410 φωτί
3594 5354 3723 5404 σου,

2156 5433 2342 5500 φησὶν,
2373 5433 2615 5503 ὀψόμεθα
2655 5436 2768 5504 φῶς
2799 5451 2811 5465 ·
2855 5454 2873 5486 ι
2908 5436 3057 5506 πηγὴ
3102 5439 3212 5507 γὰρ
3242 5437 3408 5499 ὅντως
3437 5434 3533 5504 τῆς
3577 5430 3725 5502 “ﬁt;

2768 5618 2813 5648 ’³
2843 5614 2996 5671 Joan.
3032 5632 3140 5679 xlv,
3177 5615 3263 5670 {0.
3347 5618 3391 5650 “
3418 5618 3571 5675 Joan.
3624 5635 3721 5683 vn,

3929 1249 3932 1309 ι

3930 1338 3933 1403 l

3933 1428 3935 1493 l

3934 1518 3938 1595 l

3937 1608 3939 1669 l

3941 1786 3943 1841 ι

3944 1876 3945 1929 ι

3946 1964 3947 2019 l

3948 2054 3949 2099 l

3950 2144 3951 2199 ι

3952 2234 3953 2277 l
