4042 6142
369 345 502 408 ῙΞὶΠ

1249 345 1612 407 HISTORIA
1651 343 1981 408 CONCILII
2022 345 2302 406 NICIENI
2365 373 2433 382 -
2472 346 2618 406 LIB.
2663 347 2742 404 ῐΙ.

3479 335 3612 408 1298

368 459 464 510 καὶ
499 458 673 528 φωτὸς
703 460 731 512 ὁ
761 455 984 532 Πατήρ·
1017 461 1130 528 φῶς
1158 463 1253 514 καὶ
1291 464 1317 513 ό
1349 461 1474 524 Υἱὸς
1495 503 1510 528 ,
1542 464 1605 514 ἐκ
1633 463 1808 530 φωτὸς
1845 463 1939 514 τοῦ

2051 461 2240 516 vinilas
2268 463 2444 516 Patris
2473 471 2527 516 et
2556 462 2674 514 FIIII
2707 471 2762 514 et
2791 459 3022 530 Spiritus
3048 461 3246 526 sancti,
3270 467 3326 512 ut
3357 457 3474 529 ipso
3501 462 3610 514 ela-

371 548 604 617 Πατρός·
637 548 752 617 φῶς
785 550 879 602 καὶ
905 551 966 602 τὸ
998 549 1220 619 Πνεῦμα
1249 551 1310 604 τὸ
1350 551 1507 619 ἅγιον
1547 551 1605 616 ἐξ
1648 551 1814 604 αὐτοῦ
1844 552 1938 606 τοῦ

371 639 568 706 φωτός.
633 639 891 712 Ἐπείπερ
917 680 932 705 ,
977 641 1053 704 ὡς
1095 641 1352 704 πολλάκις
1406 643 1536 712 ἡμῖν
1569 641 1810 704 λεκτέον,
1847 641 1944 712 μία

371 728 563 796 Οεότης
593 729 686 783 τοῦ
717 732 927 802 [ἰατρὸς
951 733 1048 785 καὶ
1073 731 1167 785 τοῦ
1195 732 1324 786 Tia-5
1349 733 1444 787 καὶ
1466 732 1560 786 τοῦ
1591 733 1748 800 ἁγίου
1775 719 1948 785 Πνεύέ

375 835 565 888 ματος,
601 819 740 874 καθὰ
769 823 928 884 αὐτὸς
959 823 1055 893 βοᾷ
1079 823 1166 876 διά
1195 823 1303 876 τῶν
1336 823 1690 894 προφητικῶν
1729 823 1900 892 λόγων
1925 841 1938 854 ·

377 926 397 958 ι
442 907 582 975 Ἐγώ
612 911 727 978 εἰμι
758 909 910 973 Θεὸς,
942 911 1042 963 οὐκ
1089 911 1236 964 ἔστιν
1260 911 1418 974 ἄλλος
1443 927 1458 941 ο
1507 912 1603 965 καὶ
1652 911 1763 980 ἐγὼ
1809 911 1944 974 Θεὸς

373 999 619 1068 πρῶτος,
667 1001 762 1054 καὶ
809 1000 920 1068 ἐγὼ
956 1001 1092 1070 μετά
1125 1001 1330 1066 ταῦτα,
1379 1005 1474 1056 καὶ
1511 1005 1592 1068 εἰς
1634 1005 1725 1057 τὸν
1774 1003 1945 1057 αίῶνα

374 1089 484 1155 ἐγώ
517 1091 649 1158 εἰμι.
686 1109 706 1143 ι
738 1091 849 1145 Καὶ
897 1091 1080 1146 πάλιν·
1123 1111 1144 1146 ι
1195 1093 1334 1161 Ἐγὼ
1381 1096 1518 1164 εἰμι,
1570 1093 1664 1148 καὶ
1713 1094 1813 1147 οὐκ
1851 1093 1944 1163 ήλ-

375 1177 644 1248 λοίωμαι,
719 1181 813 1233 καὶ
877 1184 960 1243 εἰς
1018 1181 1111 1236 τὸν
1160 1184 1334 1238 αἰῶνα
1397 1183 1508 1252 ἐγώ
1569 1173 1721 1255 ἒίμι,
1761 1203 1780 1237 ι
1851 1186 1946 1241 καὶ

375 1269 442 1322 τὰ
487 1270 633 1338 ἑξῆς.
696 1272 806 1324 Καὶ
862 1272 1004 1325 κατὰ
1063 1273 1134 1326 τὰ
1194 1275 1725 1344 προαποδειχθέντα,
1781 1277 1946 1345 ἀναγ-

378 1363 529 1412 κσῖον
558 1363 664 1432 γάρ
689 1359 842 1431 οἶμαι
889 1364 1250 1419 ἐπαναλαϐεῖν
1289 1366 1389 1430 τὰς
1423 1369 1629 1437 ῥήσεις,
1664 1370 1714 1422 εἰ
1745 1369 1838 1422 καὶ
1871 1368 1948 1440 μὴ

379 1450 558 1512 πάσας
578 1451 669 1502 διὰ
699 1453 758 1502 τὸ
786 1452 1012 1520 πλῆθος,
1049 1449 1274 1508 ἀλλὀὖν
1295 1457 1394 1518 τὰς
1420 1457 1779 1527 σαφεστέρας,
1811 1458 1948 1530 πρὸς

377 1540 438 1591 τὸ
473 1540 828 1611 βεϐαιοτέραν
853 1543 950 1614 τὴν
988 1544 1244 1604 σύστασιν
1276 1545 1422 1616 ἔχειν
1448 1547 1516 1600 τά
1547 1549 1830 1618 εἰρημένα.
1867 1548 1950 1602 Τὰ

376 1626 471 1682 οὖν
499 1633 563 1684 ἐκ
603 1633 870 1700 στόματος
909 1635 1171 1706 Ἰερεμίου
1202 1637 1296 1690 τοῦ
1321 1641 1598 1709 προφήτου
1629 1639 1949 1711 παραθήσο-

379 1737 515 1790 μεν·
563 1741 582 1772 ι
627 1724 690 1776 '0
739 1727 1176 1793 κατασκευάσας,
1231 1730 1385 1800 φησὶ,
1433 1730 1532 1802 τὴν
1579 1732 1684 1803 γῆν
1725 1733 1808 1795 είς
1859 1733 1950 1786 τὸν

380 1813 553 1867 αἰῶνα
587 1815 798 1885 χρόνον,
823 1817 1116 1888 ἐνέπλησεν
1144 1821 1314 1890 αὐτὴν
1339 1823 1551 1886 κτηνῶν
1579 1824 1944 1894 τετραπόδων.
1981 1791 2025 1852 Β
2052 1823 2322 1878 Adsumus

391 1903 449 1956 ὐ
481 1904 827 1958 ἀποστέλλων
872 1907 934 1960 τὸ
981 1908 1119 1977 φῶς,
1167 1911 1262 1964 καὶ
1311 1912 1625 1983 πορεύεται,
1685 1914 1948 1970 ἐκάλεσεν

378 1995 532 2057 αὐτὸ,
569 1996 662 2048 καὶ
711 1998 1023 2069 ὑπήκουσεν
1073 2001 1224 2072 αὐτῷ
1267 2005 1459 2076 τρόμῳ
1487 2021 1502 2036 ·
1549 2007 1599 2059 oi
1624 2005 1680 2060 δὲ
1720 2007 1949 2080 ἀστέρες

380 2085 630 2156 ἔλαμψαν
658 2091 716 2143 ἐν
735 2093 856 2154 ταῖς
883 2091 1152 2160 φυλακαῖς
1178 2095 1384 2159 αὐτῶν,
1415 2097 1510 2152 καὶ
1533 2099 1944 2170 ηὐφράνθησαν·

379 2176 640 2230 ἐκάλεσεν
674 2181 898 2245 αὐτοὺς,
949 2183 1044 2236 καὶ
1095 2181 1288 2240 εἶπαν·
1333 2186 1660 2259 Πάρεσμενο
1702 2189 1949 2261 ἔλαμψαν

382 2265 501 2334 μετ’
528 2267 868 2339 εὐφροσύνης
892 2269 972 2340 τῷ
998 2273 1288 2342 ποιήσαντι
1319 2275 1542 2340 αὐτούς.
1573 2271 1742 2342 Οὗτος
1769 2280 1796 2332 ὁ
1818 2279 1951 2343 Θεὸς

381 2357 560 2426 ἡμῶν,
594 2359 656 2412 οὑ
689 2360 1074 2433 λογισθήσεται
1101 2365 1288 2435 ἔτερος
1319 2367 1458 2438 πρὸς
1489 2369 1671 2422 αὐτόν·
1707 2389 1727 2422 ι
1761 2371 1856 2424 καὶ
1881 2371 1951 2426 τὰ

382 2447 530 2516 ἑξῆς.
566 2449 884 2520 Ἀναγκαῖον
903 2445 1018 2515 οὖν,
1043 2447 1088 2506 ὧ
1110 2453 1492 2523 θεοφιλέστατε
1513 2459 1796 2530 φιλόσοφε,
1827 2461 1950 2514 ὲπι-

386 2539 581 2608 στῆσαι
614 2533 716 2594 ὧδε
745 2543 837 2596 τὸν
864 2543 1010 2610 νοῦν,
1041 2546 1136 2600 καὶ
1165 2547 1470 2614 ἀναπτύξαι
1483 2551 1584 2620 τῆς
1605 2551 1825 2624 Γραφῆς
1854 2552 1952 2625 τὴν

382 2626 643 2684 διάνοιαν.
687 2631 895 2696 Ἔδειξε
943 2633 1070 2704 γὰρ,
1107 2634 1251 2690 καθά
1297 2639 1393 2692 καὶ
1433 2638 1594 2704 αὐτὸς
1645 2641 1954 2712 συνωμολό-

383 2731 579 2783 γησας,
610 2719 692 2771 ὅτι
722 2721 850 2790 περὶ⁹
875 2720 970 2774 τοῦ
999 2723 1130 2776 Υίοῦ
1159 2725 1334 2780 ταῦτα
1357 2727 1700 2799 προείρηται.
1740 2749 1759 2782 ι
1797 2731 1955 2786 Μετὰ

385 2802 558 2856 ταῦτα
585 2805 713 2875 γάρ,
759 2811 946 2878 φησιν,
991 2813 1084 2865 ἐπὶ
1110 2815 1210 2884 τῆς
1242 2815 1344 2884 γῆς
1383 2813 1558 2888 ὤφθη,
1595 2818 1688 2872 καὶ
1725 2821 1838 2884 τοῖς
1863 2821 1956 2874 ἀν-

387 2892 627 2964 θρώποις
675 2903 1108 2974 συνανεστράφη.
1158 2923 1177 2956 ι
1215 2904 1276 2958 Εἰ
1320 2901 1411 2960 οὖν
1456 2907 1598 2961 κατά
1635 2908 1734 2980 τήν
1780 2910 1952 2982 ἀσεϐῆ

387 2986 695 3058 μοχθηρίαν
741 2992 972 3064 Ἀρείου,
1005 2995 1140 3068 ἄλλη
1169 3015 1253 3061 τις
1283 2999 1440 3052 οὐσία
1473 3001 1667 3072 κτιστή
1709 3003 1824 3055 ἐστι
1857 3001 1952 3056 τοῦ

387 3075 520 3130 Υἰοῦ
551 3079 644 3130 καὶ
671 3086 1129 3156 μεταγενέστερος
1158 3089 1250 3141 τοῦ
1279 3091 1492 3160 Πατρὸς
1518 3091 1670 3155 Θεόςο
1713 3093 1862 3162 λέγει
1896 3093 1954 3147 δὲ

388 3167 515 3236 περὶ
569 3169 734 3222 αὐτοῦ
785 3173 994 3246 Γραφή·
1037 3195 1056 3228 ι
1107 3179 1273 3242 Οὗτος
1311 3183 1339 3234 ὀ
1377 3181 1508 3246 Θεὸς
1553 3183 1728 3254 ήμῶν,
1773 3185 1835 3238 οὐ
1869 3185 1956 3239 λο-

386 3255 708 3327 γισθήσεται
751 3261 939 3333 ἕτερος
984 3269 1120 3335 πρὸς
1163 3269 1356 3322 αὐτόν’
1399 3288 1417 3321 ι
1452 3272 1514 3324 οὐ
1544 3271 1677 3336 Θεὸς
1707 3276 1736 3328 ὁ
1769 3275 1958 3346 Πατὴρ

387 3349 532 3436 ποιτά
566 3349 665 3421 τὴν
707 3353 916 3422 Ἀρείου
957 3355 1244 3423 ἀσέϐειαν,
1269 3359 1500 3432 ἐπείπερ
1532 3361 1678 3432 λέγει
1703 3365 1834 3436 περὶ
1862 3365 1958 3418 τοῦ

389 3433 543 3500 Υἰοῦ,
564 3455 582 3486 ι
603 3437 664 3488 οὺ
683 3439 1060 3512 λογισθήσεται
1083 3447 1166 3498 ἓτε
1177 3464 1266 3517 ρος
1286 3449 1423 3519 πρὸς
1449 3451 1610 3505 αὐτόν
1627 3467 1640 3482 ⁸
1653 3469 1672 3504 ι
1690 3433 1788 3506 κατι
1805 3453 1960 3523 ἐλέγ-

389 3539 574 3592 χονται
608 3529 657 3578 οἱ
690 3529 906 3594 ἀσεϐεῖς
949 3532 1354 3605 Ἀρειομανῖται
1387 3539 1485 3591 σὺν
1526 3539 1606 3610 τῷ
1650 3542 1749 3612 τῆς
1798 3543 1961 3614 βλασ-

393 3617 605 3686 φημίας
634 3621 814 3675 αὐτῶν
843 3623 1074 3696 αὐθέντῃ
1096 3665 1111 3689 ,
1143 3628 1250 3697 πρὸ
1280 3627 1380 3698 τῆς
1408 3630 1537 3700 περὶ
1568 3629 1661 3684 τοῦ
1695 3632 1823 3686 Υίοῢ
1859 3635 1958 3704 ἀρ-

391 3708 622 3776 νήσεως,
651 3712 812 3766 αὐτὸν
841 3715 932 3766 τὸν
963 3717 1182 3787 Πατέρα
1209 3718 1533 3784 ἐκϐαλόντες
1558 3722 1660 3792 τῆς
1683 3723 1952 3794 θεότητοςο

391 3801 488 3852 καὶ
517 3799 666 3855 ἄθεοι
697 3805 976 3870 παντελῶς
1009 3808 1354 3874 εὑρίσκονται
1385 3811 1434 3862 οἱ
1456 3812 1555 3880 τῆς
1580 3812 1838 3882 ἀληθείας
1863 3833 1963 3868 πο-

389 3891 587 3960 λέμιοι.
619 3912 638 3945 ι
682 3895 741 3948 '0
765 3896 873 3967 γὰρ
895 3896 986 3950 τὸν
1016 3897 1143 3950 Υἱὸν
1175 3899 1250 3970 μὴ
1287 3898 1446 3969 ἔχων,
1485 3919 1505 3952 ι
1539 3901 1688 3955 καθά
1714 3921 1879 3974 φησιν
1906 3907 1965 3959 ἐν

2045 563 2153 608 mat
2196 567 2292 622 per
2331 554 2497 607 verba
2542 553 2854 622 prophetica
2899 571 2915 607 :
2965 569 2984 603 ι
3029 550 3141 622 Ego
3184 565 3302 605 sum
3345 549 3519 615 Deus,
3562 558 3620 605 et

2045 658 2148 698 non
2195 653 2276 697 σει
2321 644 2458 698 alius
2497 663 2510 698 :
2547 651 2602 697 et
2635 658 2736 713 ego
2774 643 2980 713 primus
3019 660 3034 697 :
3070 653 3125 696 et
3172 656 3270 712 ego
3312 649 3528 710 postea,
3565 649 3620 694 et

2046 736 2098 790 in
2153 734 2408 791 saeculum
2469 750 2568 805 ego
2597 735 2812 799 sum";
2845 753 2868 786 δ
2892 741 2948 790 et
2977 749 3189 790 rursum
3217 751 3230 788 :
3264 750 3282 784 ι
3318 732 3430 802 ligo
3473 747 3616 794 sum.

2045 837 2098 882 et
2139 841 2244 880 non
2322 833 2520 892 mutor,
2572 835 2626 880 et
2670 825 2725 880 in
2774 825 3028 880 saeculum
3087 838 3187 893 ego
3251 839 3371 878 sum
3395 822 3462 888 ’⁸,
3508 840 3526 873 ι
3561 831 3617 877 et

2045 933 2164 988 qua:
2214 927 2529 986 sequuntur.
2574 915 2638 970 Et
2682 915 2835 984 juxta
2887 917 3036 986 prius
3092 915 3457 970 demonstrata
3517 927 3616 964 ne.

2047 1009 2340 1065 cessarium
2400 1008 2634 1063 arbitror
2688 1009 2828 1062 dicta
2885 1015 3150 1077 repetere,
3205 1006 3452 1074 quamvis
3511 1018 3617 1056 non

2047 1101 2227 1157 omnia
2260 1107 2479 1169 pr0pter
2525 1097 2942 1160 multitudinem,
2995 1095 3088 1150 sed
3123 1093 3374 1156 clariora,
3434 1103 3492 1145 ut
3527 1094 3619 1164 ιιι-

2049 1190 2272 1243 miorem
2337 1187 2568 1240 habeant
2629 1184 3030 1240 consistentiam
3082 1197 3203 1252 qum
3266 1181 3416 1237 diem.
3469 1189 3614 1234 sunt.

2047 1275 2178 1343 Quae
2210 1275 2376 1343 igitur
2403 1281 2650 1328 erantex
2699 1287 2794 1327 ore
2838 1270 3088 1326 Ieremia:
3113 1257 3390 1340 propheta:
3419 1283 3618 1339 propo-

2049 1381 2280 1424 nemus:
2321 1385 2340 1418 ι
2367 1365 2469 1432 Qui
2506 1365 2853 1434 prmparavit,
2893 1364 3090 1433 inquit,
3133 1373 3329 1417 terram
3363 1362 3415 1416 in
3461 1369 3620 1415 αἰπ-

2049 1475 2176 1514 ιιιιιιι
2215 1469 2446 1526 tempus,
2500 1467 2554 1512 et
2591 1457 2859 1528 implevit}
2883 1471 3003 1511 eam
3065 1455 3323 1524 iumentis
3383 1451 3620 1521 quadru-

2049 1551 2294 1621 pedibus.
2334 1549 2437 1616 Qui
2473 1549 2636 1604 mittit
2661 1549 2864 1614 lumen,
2910 1559 2966 1604 et
3003 1547 3194 1602 vadit:
3227 1544 3612 1607 vocavitillud,

2049 1651 2105 1698 et
2129 1641 2369 1696 obetlivit
2403 1639 2634 1694 timore:
2667 1638 2837 1693 stellae
2859 1637 3252 1706 splenduerunt
3276 1635 3330 1688 in
3362 1633 3622 1688 custodiis

2051 1733 2184 1796 suis,
2232 1740 2286 1786 et
2309 1731 2754 1786 exsultaverunt:
2807 1736 3012 1783 vocata:
3044 1736 3190 1792 sunt,
3238 1735 3293 1781 et
3327 1725 3618 1779 dixerunt:

2371 1839 2386 1873 :
2443 1821 2980 1891 splendueruntcum
3032 1816 3396 1872 exsultatione
3423 1813 3616 1868 facturi

2053 1930 2172 1971 suo.
2197 1913 2300 1969 Hic
2337 1913 2476 1968 Deus
2504 1921 2712 1976 noster,
2746 1926 2851 1965 non
2887 1909 3222 1980 reputabitur
3253 1909 3391 1963 alius
3425 1907 3620 1960 adver-

2055 2023 2148 2064 sus
2175 2022 2298 2062 eum
2326 2005 2394 2071 ”,
2430 2024 2452 2058 ι
2510 2014 2566 2060 et
2594 2019 2714 2074 qua:
2740 2010 3060 2072 sequuntur.
3107 1998 3485 2056 Necessarium
3525 1995 3624 2066 igi-

2057 2108 2164 2161 tur,
2211 2111 2245 2152 o
2290 2097 2398 2152 Deo
2449 2091 2798 2150 dilectissime
2846 2089 3183 2160 philosophe,
3234 2089 3338 2141 huc
3381 2084 3620 2140 animum

2055 2189 2360 2252 advertere,
2404 2194 2460 2242 et
2509 2185 2806 2252 Scriptura:
2841 2196 3058 2238 sensum
3107 2177 3333 2250 aperire.
3375 2173 3624 2230 Ostendit

2055 2278 2220 2343 enim,
2253 2285 2313 2330 ιιι
2341 2285 2393 2331 ιιι
2429 2277 2544 2345 ipse
2573 2276 2774 2346 pariter
2808 2274 3093 2332 confessus
3120 2286 3201 2335 es,
3243 2271 3310 2324 de
3341 2266 3480 2322 Filio
3507 2269 3624 2321 haec

2055 2368 2198 2422 dicta
2228 2383 2368 2422 esse.
2420 2386 2439 2419 ι
2472 2365 2602 2422 Post
2624 2367 2740 2421 haec
2763 2365 2932 2430 enim,
2969 2363 3166 2434 inquit,
3217 2361 3269 2414 in
3304 2368 3446 2414 terra
3471 2357 3629 2412 visus.

2057 2469 2162 2526 est,
2191 2469 2244 2514 et
2277 2461 2419 2515 inter
2451 2457 2703 2514 homines
2731 2465 3084 2513 conversatus
3113 2460 3196 2509 est
3223 2451 3290 2507 ³⁸.
3323 2468 3344 2502 ι
3407 2447 3463 2508 Si
3495 2462 3626 2515 ergo

2051 2551 2206 2623 juxta
2244 2551 2461 2621 impiam
2493 2550 2606 2606 Arii
2646 2550 2990 2619 pravitatem,
3018 2545 3122 2600 alia
3149 2543 3364 2614 quidem
3391 2549 3474 2596 est
3499 2534 3625 2602 Filii

2059 2641 2364 2696 substantia
2391 2649 2594 2706 creata,
2637 2649 2695 2694 ut
2728 2639 2799 2694 sit
2827 2639 2970 2694 Deus
2999 2637 3158 2692 Patre
3185 2633 3450 2705 posterior
3475 2647 3520 2702 ;_
3547 2629 3627 2683 ait

2059 2744 2237 2788 autem
2269 2737 2334 2789 de
2367 2734 2485 2804 ipso
2529 2733 2854 2804 Scriptura:
2917 2750 2938 2787 ι
2971 2731 3070 2786 llic
3122 2731 3261 2786 Deus
3309 2736 3515 2788 noster,
3571 2732 3626 2779 et

2062 2842 2168 2882 non
2204 2826 2541 2896 reputabitur
2593 2825 2730 2883 alius
2767 2827 3030 2882 adversus
3082 2840 3205 2880 eum
3235 2841 3250 2879 :
3284 2840 3304 2875 ι
3365 2825 3628 2888 sequetur

2059 2933 2124 2973 ex
2159 2917 2436 2987 impietate
2465 2917 2578 2973 Arii
2609 2918 2820 2973 Patrem
2847 2919 3010 2974 Deum
3041 2933 3146 2972 non
3181 2929 3324 2979 esse,
3361 2910 3625 2980 siquidem

2061 3009 2133 3063 ait
2167 3008 2233 3062 de
2261 3007 2440 3062 Filio:
2499 3027 2518 3060 ι
2553 3007 2620 3063 Ει
2665 3024 2770 3064 non
2818 3007 3154 3079 reputabitur
3183 3005 3319 3060 alius
3367 3003 3630 3057 adversus

2061 3114 2181 3154 eum
2211 3116 2224 3152 :
2259 3117 2278 3151 ι
2345 3109 2402 3154 et
2455 3101 2851 3156 convincuntur
2903 3098 3052 3168 impii
3091 3095 3446 3152 Ariomanitae
3505 3108 3626 3147 cum

2061 3204 2171 3244 suae
2208 3189 2560 3258 blasphemia:
2590 3199 2830 3256 auctore,
2884 3199 3080 3261 pmter
3112 3187 3234 3242 Filii
3284 3184 3627 3256 negationem

2062 3279 2236 3350 ipsum
2272 3279 2488 3336 Patrem
2520 3296 2550 3336 a
2580 3263 2864 3336 divinitate
2893 3279 3180 3351 depellere,
3214 3286 3268 3333 et
3291 3275 3436 3330 athei
3471 3288 3628 3357 pror-

2060 3386 2152 3426 SIIS
2181 3373 2655 3442 deprehenduntur
2675 3372 2919 3427 veritatis
2941 3369 3274 3425 adversarii:
3307 3385 3328 3418 ι
3349 3364 3452 3432 Qui
3482 3363 3626 3420 enim

2061 3463 2256 3518 Filium
2288 3479 2395 3518 non
2430 3464 2609 3531 habet,
2643 3483 2662 3517 ι
2719 3472 2777 3519 ιιι
2812 3465 2864 3518 in
2901 3462 3180 3518 catholicis
3209 3459 3308 3526 ait,
3351 3476 3370 3510 ι
3402 3471 3503 3512 nec
3527 3455 3629 3510 Pa-

2064 3564 2200 3610 trem
2235 3555 2396 3610 habet
2415 3557 2483 3610 δι.
2513 3575 2532 3608 ι
2573 3555 2730 3611 Fides
2759 3566 2938 3612 autem
2970 3553 3234 3610 catholica
3269 3565 3433 3606 unam
3461 3548 3630 3603 deita-

2067 3655 2170 3700 tem
2203 3648 2352 3701 novit
2373 3656 2429 3702 et
2461 3648 2608 3713 colit,
2636 3646 2820 3702 Patris
2835 3655 2903 3702 .et
2924 3645 3044 3702 Filii
3074 3654 3130 3700 et
3153 3643 3391 3716 Spiritus
3418 3640 3626 3696 sancti:

2061 3741 2319 3794 adversus
2345 3754 2504 3808 quam
2547 3753 2652 3792 non
2681 3739 3034 3794 :estimabitur
3059 3737 3185 3792 alia.
3219 3737 3388 3790 Porro
3422 3741 3632 3805 myste-

2065 3828 2202 3882 rium
2239 3831 2343 3884 hoc
2391 3839 2594 3885 saneta
2627 3838 2792 3896 atque
2821 3829 3108 3882 adorandae
3159 3835 3216 3882 et
3263 3827 3632 3881 consubstan-

2065 3917 2210 3970 tialis
2245 3915 2551 3982 Trinitatis,
2587 3932 2804 3972 omnem
2843 3915 3172 3970 intellectum
3205 3923 3368 3982 atque
3420 3927 3632 3969 sermo.-

389 3983 728 4050 καθολικαῖς,
771 4007 791 4039 ι
817 3989 939 4040 οὐδὲ
966 3989 1058 4044 τὸν
1085 3989 1304 4061 Πατέρα
1328 3990 1463 4061 ἔχει.
1500 4011 1518 4044 ι
1539 3993 1604 4046 Ἦ
1632 3994 1688 4047 δὲ
1707 3995 1953 4052 καθολικὶ

2067 4021 2186 4059 nem
2221 4015 2462 4076 superat,
2499 4017 2554 4061 et
2602 4021 2824 4074 prorsus
2857 4003 3242 4076 comprehendi
3273 4018 3378 4057 non
3431 4010 3627 4072 potest,

391 4075 577 4139 πίστις
619 4079 748 4148 μίαν
779 4080 1017 4150 Θεότητα
1071 4079 1200 4148 οἶδε,
1253 4085 1348 4136 καὶ
1387 4083 1592 4154 ταύτην
1637 4087 1953 4157 πρεσϐεύει1

2067 4095 2159 4149 sed
2187 4075 2300 4150 sola
2339 4097 2441 4150 {ide
2473 4089 2698 4166 percipi.-

388 4165 486 4220 τοῦ
519 4169 752 4240 Πατρὺς,
789 4172 882 4227 καὶ
923 4174 1019 4227 τοῦ
1055 4173 1206 4238 Υῐοῦ,
1240 4175 1333 4228 καὶ
1381 4177 1476 4228 τοῦ
1510 4177 1664 4246 ἁγίου
1733 4179 2053 4251 Πνεύματος
2081 4200 2098 4216 ⁸
2165 4189 2294 4258 παρ’
2331 4188 2400 4259 ἢν
2439 4165 2526 4242 oti,
2569 4187 2954 4260 λογισθήσεται
2992 4187 3172 4258 ἑτέρα.
3211 4187 3284 4242 Τὸ
3323 4187 3381 4240 δὲ
3422 4185 3630 4258 μυστή-

393 4280 511 4332 ριον
562 4265 719 4319 τοῦτο
785 4268 881 4337 τῆς
957 4269 1116 4338 ἁγίας
1187 4271 1280 4324 καὶ
1328 4273 1707 4343 προσκυνητῆς
1755 4276 1850 4328 καὶ
1889 4278 2178 4346 ὀμοουσίου
2237 4281 2905 4355 T9t&60;,_&.1:29tv6q:ov
2961 4283 3058 4338 καὶ
3105 4281 3480 4352 ἀνέκφραστον
3534 4281 3644 4344 καὶ,

393 4355 574 4428 πάντῃ
605 4359 988 4432 ἀκατάληπτον
1035 4363 1289 4435 ὑπάρχει,
1326 4365 1508 4418 πίστει
1547 4367 1683 4436 μόνῃ
1728 4367 1962 4422 νοεῖσθαι
2001 4371 2313 4444 δυνάμενον.
2683 4363 2692 4372 ’

961 4478 1208 4531 ΚΕΦΑΛ.
1265 4479 1396 4531 KI‘"

967 4589 1028 4641 '0
1052 4592 1409 4660 φιλόσοφος.

473 4698 604 4752 Beia
635 4702 709 4762 ῶς
741 4701 957 4771 ἀληθῶς
995 4705 1087 4756 καὶ
1113 4705 1288 4773 φωτὸς
1316 4706 1549 4775 ἔμπλεα,
1581 4708 1647 4762 τὰ
1674 4711 1827 4782 παρά
1874 4714 1965 4766 τοῦ

397 4790 560 4857 ἁγίου
591 4793 906 4861 Πνεύματος
943 4795 996 4848 δί
1021 4795 1175 4865 ὑμῶν
1213 4799 1619 4868 ἐκφωνηθέντα.
1657 4805 1860 4874 Δέομαι
1913 4807 1968 4859 δὲ

397 4883 576 4951 ὑμῶν,
605 4884 878 4954 ὲρασμίων
907 4904 996 4954 μοι
1038 4887 1207 4940 ὄντων
1244 4889 1352 4942 τῶν
1385 4893 1545 4961 ἱερῶν
1581 4895 1684 4964 τῆς
1713 4896 1967 4950 διδασκα-

395 4975 520 5036 λίας
570 4975 723 5044 ὑμῶν
772 4977 966 5044 λόγων,
1001 4979 1266 5048 ὑπόσχετέ
1289 4999 1379 5048 μοι
1421 4983 1520 5047 τὰς
1556 4986 1773 5054 εὐαγεῖς
1811 4988 1964 5056 ὑμῶν

397 5065 591 5128 ἀκοὰς,
637 5068 731 5119 καὶ
781 5069 918 5138 πρὸς
954 5069 990 5122 ἃ.
1025 5071 1288 5139 ἐπερωτῶ
1325 5075 1588 5140 διδάξατε,
1631 5079 1716 5130 ἵνα
1761 5080 1966 5152 πληρε-

399 5157 603 5224 στάτην
633 5157 867 5228 λήψεσθε
904 5161 1054 5231 παρά
1087 5161 1179 5214 τοῦ
1214 5163 1347 5218 Θεοῦ
1381 5168 1480 5238 τὴν
1521 5169 1658 5238 ὑπὲρ
1694 5171 1794 5240 τῆς
1825 5172 1966 5242 ἐμῆς

402 5247 674 5316 σωτηρίας
706 5250 958 5320 ἀμοιϐήν.

415 5359 770 5442 Ἀπόκρισις
791 5362 912 5442 τῶν
935 5365 1127 5442 Sir/9w
1150 5370 1438 5442 ματέρων
1469 5371 1616 5436 πρὸς
1652 5373 1756 5426 τόν
1792 5375 1966 5442 9:16:-

512 5443 708 5496 σοφογ
735 5431 831 5484 διὰ
859 5433 963 5486 τοῦ
992 5431 1176 5489 αὑτοῦ
1202 5431 1480 5494 Aeo'rrl'ov
1503 5431 1859 5500 ἓπίσκόποῖν.

475 5541 610 5595 Εἰπὲ
651 5543 679 5594 ὃ
727 5542 940 5612 βούλει,
993 5547 1332 5621 ἐπιθυμητὸν
1372 5553 1478 5622 γὰρ
1531 5556 1658 5623 ἡμῖν
1699 5556 1971 5627 πληροφο-

483 5695 526 5727 ¹⁷
561 5692 660 5750 Isa.
692 5713 797 5761 XLI,
829 5699 896 5765 si;
935 5719 1056 5770 XLV,
1085 5704 1174 5756 21.
1256 5709 1299 5740 ’³
1324 5708 1548 5763 Μηίιιυιι.
1587 5727 1664 5778 Ill,
1701 5713 1752 5766 6.

1995 4480 2042 4539 D

2651 4494 2805 4552 CAP.
2844 4492 3035 4548 XXIII.

2663 4607 3034 4675 Philosophus.

2134 4719 2325 4775 Divina
2364 4729 2639 4776 reveraet
2669 4721 2804 4774 lucis
2845 4723 3000 4788 plena
3033 4725 3332 4784 sunt,_qua:
3363 4713 3628 4782 aSpiritn

2067 4823 2253 4866 sancto
2287 4827 2382 4882 per
2415 4829 2511 4868 vos
2558 4812 2775 4867 fuerunt
2819 4812 3107 4879 explicata.
3143 4809 3266 4865 Oro
3305 4818 3482 4862 autem
3535 4821 3630 4860 vos

2068 4901 2214 4973 (amo
2236 4903 2379 4956 enim
2407 4917 2590 4957 sacros
2607 4901 2866 4956 doctrina:
2894 4909 3084 4973 vestrae
3113 4896 3438 4966 sermones),
3469 4910 3632 4965 spon-

2071 4995 2192 5048 dete
2243 4994 2374 5048 mihi
2413 4995 2528 5064 pias
2571 5005 2628 5048 et
2674 4993 2954 5064 religiosas
3005 5007 3164 5047 aures
3198 5002 3428 5055 vestras,
3481 4997 3534 5043 et
3564 4989 3632 5042 de

2074 5085 2157 5138 his
2191 5084 2378 5140 docete
2423 5100 2541 5152 quae
2575 5084 2752 5139 adhuc
2799 5085 3032 5154 inquiro,
3092 5091 3150 5136 ιιι
3198 5079 3562 5152 plenissimam
3601 5093 3630 5130 a

2074 5176 2182 5230 Deo
2235 5191 2330 5244 pro
2374 5177 2545 5234 salute
2596 5191 2717 5232 mea
2771 5179 3259 5231 remunerationem
3329 5171 3631 5240 accipiatis.

2077 5371 2359 5442 Responsio
2405 5383 2708 5427 sanctorum
2748 5374 2968 5427 Patrum
3014 5373 3084 5425 ad
3131 5372 3496 5441 pltilosOpltum
3543 5385 3636 5438 per

2414 5445 2651 5496 eumdem
2685 5443 2958 5496 Leontium
2991 5444 3307 5512 episcopum.

2151 5556 2246 5610 Dic
2276 5559 2416 5625 quod
2468 5557 2569 5623 vis,
2602 5557 2844 5626 cupimus
2869 5557 3013 5610 enim
3057 5567 3107 5610 te
3146 5554 3454 5624 plenissime
3496 5556 3636 5610 scire

1823 5715 1864 5742 ’τ’
1894 5713 2100 5768 Barucb
2160 5729 2244 5780 ιιι,
2279 5714 2464 5768 52-56.
2541 5715 2584 5746 '°
2610 5713 2736 5769 ibid.
2777 5715 2864 5768 58.
2943 5715 2984 5746 ³¹
3009 5712 3028 5768 l
3053 5711 3208 5768 Joau.
3241 5730 3299 5775 ιι,
3332 5713 3420 5770 ἓῦ.
