4042 6142
499 316 639 388 1239

1740 326 2043 389 GELASli
2083 324 2417 388 CYZICENI

3614 319 3741 386 13cc

492 442 560 499 de
587 446 859 512 omnibus,
894 446 1128 501 maxime
1171 460 1293 499 cum
1339 444 1453 513 jam
1491 454 1545 499 te
1594 442 1904 498 illustrante
1938 442 2058 511 Spi-

2173 442 2334 513 ρῆσαί
2380 460 2441 496 σε
2481 443 2541 497 ἐν
2597 445 2798 509 πᾶσιν,
2845 443 3105 515 εὐμαρῶς
3152 440 3455 512 δυναμένου
3509 455 3605 492 σου
3647 437 3742 492 νῦν

495 535 602 590 ritu
627 548 835 602 saneto,
863 536 1020 592 facile
1046 537 1220 606 possis
1246 536 1516 591 dictorum
1543 535 2064 590 demonstrationem

494 628 799 696 percipere.

2171 535 2408 604 μάλιστα
2457 535 2710 607 δέχεσθαι
2740 536 2840 600 τὰς
2880 533 3187 601 ἀποδείξεις
3225 531 3337 586 τῶν
3384 533 3619 602 ῥήσεων,
3654 530 3739 585 ﬁ).-

2166 625 2507 695 λαμφθέντος
2541 645 2634 681 σου
2675 627 2780 681 ὑπὸ
2804 626 2901 680 τοῦ
2932 624 3089 697 ἀγίου
3122 621 3466 695 Πνεῦματος.

494 732 800 790 Gratiarum
822 736 960 792 actio
987 734 1305 812 phitosophi,
1337 748 1384 812 et
1407 739 1755 809 interrogatio
1788 739 1853 793 de
1880 739 2063 793 divina

2173 713 2527 812 Εὐχαριστζα
2555 742 2660 797 τοῦ
2685 741 3051 812 φιλοσόφου,
3076 738 3177 795 καί
3207 738 3579 812 exemtum:
3612 731 3741 802 περὶ

960 858 970 866 .
1085 809 1472 863 incarnatione.

562 915 747 972 Gratia
781 932 940 975 sacro
978 927 1160 975 vestro
1209 920 1395 989 capiti.
1450 919 1621 975 Dicite
1672 928 1853 977 autem
1906 921 2064 986 mihi,

491 1024 525 1058 ο
580 1009 936 1077 sanctissimi,
989 1012 1261 1078 quomodo
1308 1010 1381 1065 sit
1434 1010 1841 1080 intelligendum
1894 1010 2064 1065 Deum

496 1096 727 1153 Verbum
775 1099 869 1155 Dei
924 1100 1120 1156 Filium
1174 1102 1230 1157 in
1266 1112 1408 1157 terra
1439 1104 1613 1158 visum
1648 1118 1788 1169 esse,
1838 1113 1893 1159 et
1926 1103 2068 1159 inter

494 1191 741 1244 homines
775 1203 1181 1259 conversatum,
1215 1209 1336 1247 cum
1366 1194 1711 1261 aspectabilis
1757 1209 1861 1248 non
1901 1195 1973 1247 sit
2000 1195 2067 1248 ab

492 1280 638 1335 omni
663 1290 847 1337 creata
872 1292 1089 1349 natura,
1115 1293 1169 1338 et
1211 1298 1328 1353 quae
1358 1284 1592 1348 videtur,
1620 1295 1673 1340 et
1704 1299 1825 1355 quae
1866 1284 2066 1338 intelli-

493 1374 673 1440 gentia
702 1376 1032 1445 percipitur:
1062 1386 1115 1431 et
1148 1393 1266 1445 qum
1312 1378 1384 1432 sit
1430 1392 1615 1444 causa,
1647 1387 1866 1450 promer
1905 1393 2066 1447 quam

494 1464 611 1519 haec
645 1474 794 1536 gesta
820 1476 965 1533 sunt,
998 1469 1234 1523 doceatis
1258 1484 1405 1539 rogo.

500 1574 784 1646 Responsio
830 1588 1132 1634 sanctorum
1184 1579 1410 1650 Patrum
1457 1580 1526 1634 ad
1575 1579 1940 1650 philosOpImm
1974 1596 2067 1650 per

952 1651 1251 1718 episcopum
1294 1648 1590 1705 Leontium.

562 1758 738 1814 Causa
795 1762 1094 1830 prasentiat
1146 1763 1262 1833 ejus
1320 1762 1388 1817 ab
1438 1763 1554 1832 ipso
1606 1764 1919 1832 dispensata
1982 1772 2068 1819 est
2099 1784 2142 1843 Β

492 1861 714 1920 propter
741 1853 1036 1921 primorum
1076 1854 1358 1907 hominum
1392 1855 1584 1907 Adami
1615 1865 1670 1909 et
1698 1854 1826 1908 Evm
1859 1854 2065 1924 lapsum

497 1942 549 1994 in
608 1943 873 2009 paradiso,
926 1945 1016 2013 qui
1069 1953 1237 1998 totum
1311 1944 1545 2013 ipsorum
1611 1959 1780 2014 genus
1844 1944 2066 2001 invasit.

493 2026 784 2102 Postquam
843 2034 1005 2102 igitur
1063 2032 1388 2105 transgressi
1449 2043 1801 2105 praeceptum,
1884 2036 2066 2089 divina

494 2123 666 2193 gratia
697 2124 892 2192 privati
928 2123 1176 2192 fuerunt,
1215 2140 1337 2179 eam
1379 2126 1615 2181 humano
1663 2126 1846 2197 generi
1878 2124 2065 2194 Opifex

494 2214 667 2268 voluit
698 2217 1004 2271 restituere.
1064 2216 1127 2270 Et
1160 2217 1615 2272 considerandum
1650 2217 1736 2271 hic
1772 2225 1876 2280 est,
1923 2216 2066 2286 quod

495 2308 945 2375 quemadmodum
1002 2309 1141 2363 Deus
1188 2310 1325 2363 dixit
1366 2326 1380 2363 :
1431 2327 1449 2360 ι
1482 2308 1766 2363 Faciamus
1795 2308 2065 2363 hominem

496 2398 562 2451 ad
616 2398 900 2468 imaginem
952 2407 1003 2454 et
1055 2388 1456 2455 similitudinem
1514 2409 1794 2466 nostram;
1846 2409 1900 2453 et
1936 2397 2070 2453 fecit

500 2490 636 2544 Deus
682 2490 952 2545 hominem
975 2489 1021 2523 ⁸⁸
1043 2532 1060 2557 ,
1090 2490 1109 2543 i
1134 2474 1287 2560 juxta
1339 2492 1489 2561 prius
1518 2491 1693 2546 dictas
1729 2490 2068 2546 demonstra-

498 2582 708 2648 tiones;
739 2583 877 2638 idem
916 2599 1099 2639 rursus
1126 2584 1264 2639 dixit
1306 2603 1319 2639 :
1359 2582 1649 2639 Servemus
1683 2583 1948 2653 perditum
1978 2580 2069 2635 lio-

496 2673 718 2736 minem,
754 2689 915 2744 quem
956 2677 1021 2729 ad
1062 2676 1348 2750 imaginem
1398 2685 1453 2730 et
1504 2675 1912 2730 similitudinem
1973 2688 2069 2727 no-

497 2773 666 2823 stram
720 2765 968 2822 fecimus.
1030 2768 1104 2824 Ut
1163 2778 1340 2823 autem
1394 2769 1536 2823 Deus
1589 2776 1646 2823 et
1698 2767 1859 2821 Pater
1911 2767 2064 2830 dixit,

500 2854 782 2911 Faciamus
808 2874 828 2923 ;
860 2868 915 2912 et
941 2857 1112 2913 Filius
1144 2859 1287 2915 Deus
1321 2874 1387 2914 ex
1419 2859 1529 2914 Deo
1560 2858 1688 2914 fecit
1719 2876 1734 2912 :
1772 2859 1909 2912 idem
1947 2873 2068 2911 rur-

500 2960 592 2998 sus
626 2961 687 2999 ex
721 2946 899 3003 Patris
929 2948 1200 3004 sententia
1241 2947 1352 3004 Salv
1367 2963 1461 3003 are
1512 2947 1785 3003 hominem
1820 2946 1987 3002 voluit
2014 2946 2067 3001 in

507 3037 824 3106 semetipso.

767 3230 1125 3308 Interrogatio
1151 3239 1447 3309 philosophi
1479 3237 1545 3292 de
1578 3236 1784 3293 eodem.

571 3346 639 3400 Et
668 3345 940 3415 quomodo
966 3347 1019 3401 in
1052 3338 1195 3404 terra
1232 3349 1401 3414 visus,
1435 3357 1493 3403 et
1545 3346 1701 3418 quasi
1735 3347 1894 3402 homo
1930 3346 2074 3401 inter

503 3435 753 3491 homines
794 3447 1143 3494 conversatus
1185 3446 1290 3504 est,
1342 3452 1466 3492 cum
1531 3435 1605 3491 sit
1666 3433 1810 3489 Deus
1877 3434 2072 3488 immu-

506 3527 685 3582 tabilis
709 3527 741 3581 Τ
1958 3534 1967 3541 ’

502 3636 799 3707 Responsio
816 3646 1125 3707 sanctorum
1160 3635 1386 3691 Patrum
1425 3654 1518 3707 per
1546 3632 1843 3692 Haearium
1873 3638 2067 3707 episco-

915 3724 1040 3777 pum
1079 3705 1637 3778 Hicrosolymitarum.

572 3818 738 3875 Juxta
780 3820 949 3875 divini
1007 3821 1159 3876 Pauli
1207 3836 1439 3876 vocem:
1493 3840 1512 3875 ι
1552 3820 1798 3892 Magnum
1855 3820 2073 3892 pietatis

506 3921 588 3968 est
677 3922 1079 3968 sacramentum
1173 3914 1316 3982 quod
1386 3913 1789 3970 manifestatum
1858 3923 1944 3969 est
2017 3914 2072 3967 in

506 4016 670 4058 carne
695 4002 783 4069 ³³;
818 4021 840 4057 ›
899 4002 998 4058 Ιιοο
1037 4012 1145 4069 est,
1183 4003 1276 4058 Dei
1324 4002 1515 4059 Filius.
1577 4003 1779 4060 Eodem
1830 4013 2075 4075 tempore

509 4095 648 4147 idem
703 4094 951 4163 apparuit
1001 4094 1228 4166 angelis,
1279 4092 1463 4164 Neque
1515 4093 1662 4150 enim
1723 4093 1929 4164 angelis
1991 4094 2075 4150 vel

507 4183 886 4253 arebangelis,
928 4184 1012 4239 vel
1052 4184 1322 4255 aliquibus
1359 4184 1670 4241 ctelestibus
1717 4185 2077 4257 potestatibus

506 4274 741 4328 visibilis
770 4282 857 4329 est
886 4273 1231 4343 Uuigenitus,
1264 4276 1700 4346 quandoquidem
1726 4277 1892 4331 Deum
1919 4290 2078 4331 nemo

509 4366 645 4420 vidit
672 4380 908 4434 unquam
938 4362 1008 4422 “.
1040 4366 1206 4437 Cujus
1239 4366 1306 4420 de
1329 4366 1482 4422 caelis
1509 4367 1799 4422 adventum
1826 4368 2076 4431 audiens,

2425 809 2534 879 τῆς
2561 813 2665 867 τοῦ
2686 808 2925 882 ’Κυρίου
2946 808 3484 879 ἐνανθρωπήσεως.

2236 924 2408 997 Χάρις
2436 923 2589 995 ὑμῶν
2616 925 2682 995 τῇ
2716 925 2837 997 ίερᾷ
2864 921 3097 993 κεφαλῇ.
3126 918 3267 973 Φατέ
3298 917 3356 970 δέ
3386 932 3496 987 μοι,
3520 905 3565 967 ὦ
3587 909 3741 984 ίερώ-

2164 1033 2340 1077 τατοι,
2368 1016 2486 1080 πῶς
2515 1015 2734 1085 νοητέον
2779 1014 2840 1068 τὸ
2861 1014 2954 1069 τὸν
2982 1013 3116 1067 Θεὸν
3149 1013 3343 1080 Λόγον,
3380 1009 3474 1062 τὸν
3492 1005 3587 1060 τοῦ
3609 1003 3740 1058 Θεοῦ

2166 1106 2316 1171 Υίὸν,
2340 1106 2431 1158 ἐπὶ
2462 1107 2562 1176 τῆς
2584 1106 2684 1174 γῆς
2719 1097 2922 1174 ὦφθαι,
2971 1102 3066 1156 καὶ
3104 1104 3219 1165 τοῖς
3259 1096 3569 1170 ἀνθρώποις
3620 1110 3744 1146 συνο

2166 1193 2561 1265 ανεστράφθαι,
2592 1192 2820 1245 ἀθέατον
2843 1188 2971 1243 δντα
2998 1190 3146 1259 πάσῃ
3182 1187 3375 1256 κτιστῇ
3401 1181 3741 1251 φύσει,όρω-

2168 1285 2309 1354 μένῃ
2340 1301 2400 1337 τε
2443 1283 2539 1336 καὶ
2566 1280 2831 1352 νοουμένῃ
2853 1294 2867 1310 ο
2899 1280 2990 1332 καὶ
3028 1278 3112 1341 τίς
3140 1280 3170 1347 ἡ
3205 1275 3353 1330 αἰτία
3382 1270 3450 1327 δι’
3476 1272 3543 1342 ἢν
3567 1267 3742 1322 ταῦτα

2165 1374 2676 1446 ἐπραγματεύσατο,
2709 1371 2958 1440 διδάξατε
2975 1411 2992 1435 ,
3018 1365 3346 1441 παρακαλῶ.

2177 1576 2519 1643 Ἀπόκρισις
2545 1570 2664 1643 τῶν
2693 1571 2877 1643 ἁγίῳνζ
2924 1568 3198 1643 Πατᾷρων
3243 1564 3397 1643 πρὸς
3422 1561 3544 1643 ,τὸν
3569 1561 3741 1632 eorch

2374 1637 2573 1712 σοφίον
2598 1641 2696 1695 διὰ
2717 1637 2821 1695 τοῦ
2849 1640 3187 1693 ἐπισκόπου
3221 1637 3529 1690 Λεοντίου.

2250 1759 2315 1811 Ἦ
2344 1757 2441 1828 μὲν
2466 1757 2614 1809 αἰτία
2644 1754 2744 1824 τῆς
2774 1751 2937 1806 αὐτοῦ
2973 1749 3273 1822 παρουσίας
3294 1743 3624 1819 ᾠκονομήθη
3653 1740 3739 1795 ὑπ’

2170 1848 2335 1903 αὐτοῦ
2362 1847 2450 1901 διὰ
2475 1846 2573 1916 τὴν
2602 1847 2660 1898 ἐν
2702 1844 2780 1914 τῷ
2821 1842 3140 1915 παραδείσῳ
3170 1839 3276 1894 τῶν
3318 1836 3742 1910 πρωτοκτίστων

2169 1940 2473 2012 ἀνθρώπων
2498 1937 2592 1991 τοῦ
2626 1953 2685 1990 τε
2732 1936 2905 2006 Ἀδὰμ
2930 1934 3024 1988 καὶ¹
3051 1935 3150 2004 τῆς
3182 1930 3329 1994 Εὔας
3365 1926 3740 1998 γεγενημένην

2169 2035 2508 2096 ἀπόπτωσιν,
2556 2031 2688 2101 -ἥτις
2719 2028 2866 2083 ἅπαν
2913 2026 2974 2080 τὸ
3017 2024 3196 2078 αὐτῶν
3234 2021 3532 2090 ἐπενέμετο
3563 2018 3738 2087 γένος.

2179 2128 2334 2181 Ἐπεὶ
2365 2120 2458 2178 οὖν
2488 2121 2839 2193 παραϐάντες
2862 2121 2962 2191 τὴν
2993 2118 3234 2188 ἐντολὴν,
3273 2114 3368 2168 τοῦ
3400 2113 3546 2167 θείου
3583 2109 3741 2181 χαρίο

2169 2233 2375 2290 σματος
2429 2214 2824 2286 ἐστερήθησαν,
2871 2211 3032 2265 τοῦτο
3077 2208 3372 2266 ἀποδοῦναι
3419 2203 3687 2275 ἠθέλησεν
3714 2200 3741 2252 6

2167 2308 2506 2382 Δημιουργὸς
2534 2306 2612 2378 τῷ
2658 2306 2768 2359 τῶν
2807 2303 3111 2375 ἀνθρώπων
3154 2301 3326 2370 γένει.
3368 2297 3479 2352 Καὶ
3525 2295 3743 2364 νοητὲον

2166 2400 2420 2461 ἐνταῦθα.
2453 2401 2535 2453 ὅτι
2580 2396 2770 2469 ὥσπερ
2798 2396 2954 2449 εἶπεν
2980 2397 3008 2448 6
3036 2392 3170 2455 Θεός
3194 2408 3208 2422 ο
3245 2409 3264 2443 ι
3296 2390 3627 2459 Ποιήσωμεν
3655 2385 3742 2439 6v-

2167 2494 2385 2565 θρωπον
2417 2491 2536 2546 κατ’
2563 2488 2749 2544 εἰκόνα
2776 2486 3060 2559 ἡμετέραν
3089 2484 3184 2539 καὶ
3211 2480 3631 2549 καθ’ὁμοίωσιν’
3655 2474 3746 2529 καὶ

2167 2585 2422 2655 ἐποίησεν
2448 2584 2477 2635 6
2507 2581 2641 2645 Θεὸς
2669 2579 2760 2633 τὸν
2787 2577 3095 2649 ἄνθρωπον,
3136 2593 3155 2625 ι
3195 2571 3338 2626 κατά
3368 2569 3469 2632 τὰς
3500 2567 3742 2637 προρῤηο

2167 2676 2353 2738 θείσας
2385 2671 2720 2738 ἀποδείξειςθ
2750 2671 2780 2722 6
2802 2667 2964 2731 αὐτὸς
2992 2665 3154 2720 πάλιν
3185 2658 3328 2726 εἷπε,
3363 2660 3638 2727 Σώσωμεν
3657 2655 3740 2707 τὸν

2166 2765 2481 2821 ἀπολωλότα
2517 2762 2826 2833 ἄνθρωπον,
2862 2759 2921 2812 ὃν
2959 2758 3078 2811 κατ’
3117 2754 3305 2808 εἰκόνα
3343 2750 3620 2821 ἡμετέραν
3656 2747 3743 2800 καὶ

2166 2858 2286 2912 καθ’
2313 2856 2571 2926 ὁμοίωσιν
2596 2854 2953 2924 ἐποιήσαμεν.
2982 2848 3091 2903 Καὶ
3107 2846 3296 2916 ὥσπερ
3311 2845 3339 2896 6
3362 2841 3495 2904 Θεὸς
3524 2837 3622 2894 καὶ
3643 2840 3742 2892 Πα·

2165 2948 2270 3020 τὴρ
2304 2944 2427 3000 εἶπε
2479 2945 2541 2999 τό
2562 2957 2575 2976 ⁶
2632 2944 3003 3012 Ποιήσωμεν,
3039 2939 3135 2995 καὶ
3162 2940 3191 2991 6
3219 2937 3346 3000 Υἱὸς
3377 2933 3736 3007 ἐδημιούργησ

2168 3055 2280 3101 σεν,
2305 3036 2434 3098 Θεὸς
2457 3034 2531 3089 ὢν
2565 3034 2629 3088 ἐκ
2648 3032 2805 3087 Θεοῦ’
2837 3035 2865 3086 6
2890 3031 3053 3095 αὐτὸς
3094 3028 3257 3082 πάλιν
3294 3025 3465 3098 βουλῇ
3497 3021 3732 3093 πατρικῇ

2093 3119 2140 3182 C
2171 3110 2448 3183 ἀνασῶσαι
2481 3128 2539 3181 ἐν
2572 3125 2750 3196 ἐαυτῷ
2777 3122 3054 3195 ἠϐουλήθη
3087 3121 3179 3174 τὸν
3220 3119 3531 3190 ἄνθρωπον.

2253 3233 2650 3302 Ἐπερώτησις
2672 3232 2776 3286 τοῦ
2803 3231 3144 3301 φιλοσόφου
3171 3227 3432 3298 περὶτοῦ
3454 3221 3659 3278 αὐτοῦ.

2242 3346 2354 3399 Καὶ
2392 3344 2511 3408 πῶς
2548 3344 2641 3397 ἐπὶ
2680 3344 2780 3414 τῆς
2824 3345 2928 3413 γῆς
2971 3340 3148 3411 ὤφθη,
3185 3339 3281 3394 καὶ
3321 3330 3731 3402 συνανεστράφη

2169 3435 2246 3499 ὡς
2274 3433 2560 3507 ἄνθρωπος
2606 3434 2723 3495 τοῖς
2771 3431 3102 3504 ἀνθρώποις,
3152 3429 3286 3493 Θεὸς
3324 3425 3396 3481 ὣν
3443 3422 3738 3478 avellatur-

2171 3542 2261 3590 τος
2282 3543 2296 3593 ;

2183 3640 2530 3708 Ἀπόκρισις
2560 3634 2720 3705 παρὰ
2748 3636 2870 3690 τῶν
2899 3635 3085 3708 ἁγίων
3108 3632 3388 3708 Πατέρων
3409 3628 3507 3686 διὰ
3533 3631 3739 3683 Μακα-

2440 3704 2581 3776 ρίου
2612 3704 2956 3762 ἐπισκόπου
2988 3704 3447 3775 Ἰεροσολύμων.

2232 3823 2399 3893 Κατά
2428 3823 2528 3894 τὴν
2566 3821 2752 3892 φωνὴν
2795 3819 2889 3874 τοῦ
2921 3817 3211 3874 θεσπεσίου
3262 3813 3501 3877 Παύλου,
3536 3828 3557 3862 ι
3585 3808 3746 3877 Μέγα

2172 3918 2290 3972 ἐστὶ
2320 3916 2382 3971 τὸ
2413 3916 2512 3987 τῆς
2566 3912 2849 3977 εὐσεϐείας
2903 3911 3223 3983 μυστήριον,
3259 3907 3290 3962 6
3329 3902 3650 3976 ἐφανερώθη
3690 3901 3745 3955 ἐν

2175 4009 2383 4080 σαρκί·
2425 4006 2795 4072 »τοῦτ’ἔστιν,
2837 4005 2866 4058 6
2891 4002 2986 4057 τοῦ
3042 4001 3176 4056 Θεοῦ
3224 3998 3374 4064 Υίός.
3408 3996 3545 4050 Τότε
3589 3992 3748 4054 αὐτὸς

2173 4100 2331 4172 ὤφθη
2356 4099 2449 4154 καὶ
2474 4097 2747 4166 ἀγγέλοις.
2790 4095 2927 4150 Οὑδέ
2959 4093 3068 4165 γὰρ
3098 4089 3379 4161 ἀγγέλοις,
3411 4089 3445 4159 ἢ
3475 4082 3748 4157 ἀρχαγγέ-

2174 4193 2307 4258 λοις,
2338 4190 2373 4262 ἡ
2399 4207 2509 4244 τισι
2538 4188 2648 4243 τῶν
2676 4185 3021 4258 ἐπουρανίων
3059 4183 3345 4253 δυνάμεων
3372 4177 3567 4241 θεατὸς
3594 4178 3626 4230 6
3645 4175 3751 4262 Mo-

2175 4259 2427 4354 νογενή⁷ς⁶
2464 4280 2696 4351 ἐπείπερ
2728 4279 2862 4333 Θεὸν
2900 4277 3077 4340 οὐδεὶς
3105 4272 3317 4345 ἑώρακε
3368 4272 3624 4325 πώποτε.
3656 4259 3751 4321 Οὖ-

2178 4393 2286 4447 περ
2310 4377 2407 4446 τὴν
2445 4374 2503 4440 ἐξ
2532 4372 2780 4445 οὐρανῶν
2834 4369 3230 4439 καταφοίτησιν
3262 4365 3498 4428 ἀκούων,
3539 4361 3617 4433 μὴ
3662 4375 3750 4412 το-

511 4456 818 4511 nuilatenus
849 4458 1125 4512 immensae
1173 4457 1475 4513 divinitatis
1523 4458 1744 4513 localem
1798 4459 2074 4529 migratio-

2183 4468 2350 4536 πικήν
2393 4466 2723 4538 μετάστασιν
2754 4463 2857 4533 τῆς
2883 4462 3168 4532 ἀχωρήτου
3205 4457 3369 4513 αὑτοῦ
3404 4450 3752 4520 ὑποπτεύσῃς

511 4562 631 4601 nem
660 4547 974 4617 suspiceris,
1032 4549 1125 4602 sed
1156 4548 1630 4618 dispensationem
1677 4549 1852 4620 cogita
1911 4552 2076 4608 totius

513 4636 672 4705 huius
698 4641 873 4708 magni
909 4654 1094 4694 revera
1122 4640 1343 4709 pietatis
1375 4640 1726 4703 sacramenti,
1777 4641 1831 4694 in
1859 4656 1963 4711 quo
1992 4659 2081 4703 su-

486 4743 630 4783 unus
666 4730 930 4783 renovati.
982 4729 1284 4785 Renevatio
1322 4731 1465 4785 enim
1517 4730 1616 4786 fuit
1654 4731 1915 4797 novitatis
1966 4749 2081 4789 res-

511 4819 768 4888 sumptio.
819 4819 923 4874 Per
971 4821 1074 4874 hoc
1105 4822 1250 4875 enim
1275 4821 1365 4891 qui
1392 4820 1546 4876 nobis
1576 4822 1722 4877 dedit
1769 4822 2082 4879 similitudi-

511 4922 637 4967 nem
663 4927 837 4980 suam,
868 4912 1014 4968 Deus
1039 4911 1271 4968 Verbum
1301 4914 1367 4968 ad
1395 4914 1803 4970 similitudinem
1837 4900 2078 4971 nostram

510 5009 810 5063 descendit.
854 5008 1191 5079 lmpossibile
1217 5019 1299 5066 est
1325 5021 1502 5066 autem
1534 5014 1700 5067 Deum
1746 5013 1902 5067 nobis
1936 5013 2076 5069 assio

515 5099 709 5162 milari,
739 5109 793 5155 et
822 5116 927 5156 non
958 5103 1268 5158 inearnari:
1312 5119 1486 5175 neque
1539 5104 1684 5159 enim
1734 5107 1942 5172 species
1989 5106 2078 5159 iu-

513 5206 774 5261 corpnrea
804 5193 1122 5250 substantia:
1153 5196 1504 5268 incorporeas,
1557 5210 1678 5266 quas
1716 5197 1933 5266 quidem
1969 5197 2082 5265 ipse

514 5292 651 5343 erat.
695 5285 947 5349 accessit,
976 5287 1070 5340 sed
1095 5301 1354 5355 corporea
1382 5305 1397 5352 ;
1440 5300 1698 5355 corporea
1734 5295 1912 5341 autem
1946 5287 2081 5341 sub-

514 5371 719 5425 stantia
772 5375 979 5443 absque
1015 5378 1387 5446 assumptione
1432 5391 1537 5432 uon
1586 5385 1744 5430 erat:
1799 5384 2083 5446 propterea

516 5470 715 5531 corpus
742 5478 870 5521 vere
897 5467 1210 5536 assumpsit,
1246 5466 1420 5537 utqui
1456 5482 1484 5520 a
1515 5468 1687 5537 prima
1721 5465 2084 5526 fraternitate.

520 5553 623 5610 hoc
651 5566 754 5621 est,
784 5558 962 5627 gratia
998 5559 1171 5615 sancti
1225 5560 1483 5631 Spiritus,
1522 5574 1687 5629 quam
1734 5574 1831 5631 per
1882 5558 2090 5629 primos

591 5704 636 5738 “
659 5710 796 5764 Cen.
830 5726 866 5770 ι,
903 5711 994 5776 26,
1024 5711 1115 5766 27.

2177 4558 2447 4628 θεότητος,
2470 4555 2783 4626 οἰκονομίαν
2815 4553 2873 4607 δέ
2903 4553 3013 4605 νόει
3052 4552 3113 4604 τὸ
3151 4551 3273 4604 ὅλον
3313 4547 3473 4601 τοῦτο
3501 4546 3565 4598 τὸ
3607 4542 3751 4612 μέγα

2175 4649 2248 4712 ὡς
2278 4647 2492 4718 ἀληθῶς
2516 4647 2615 4714 τῆς
2662 4644 2944 4706 εὐσεϐείας
2974 4643 3293 4712 μυστήριον,
3325 4640 3382 4692 ἐν
3411 4631 3455 4706 ᾦ
3481 4632 3755 4690 ἀνεκαινί·

2180 4741 2406 4811 σθημεν.
2445 4739 2810 4801 Ἀνακαίνισις
2838 4738 2946 4807 γὰρ
2972 4736 3163 4805 γέγονε
3201 4732 3523 4800 καινότητος
3556 4725 3755 4780 ἐπανάο

2181 4833 2362 4903 ληψις.
2396 4833 2496 4887 Διά
2525 4833 2589 4901 δὴ
2628 4829 2788 4884 τοῦτο
2819 4829 3053 4890 ἀποδοὺς
3085 4828 3219 4897 ἡμῖν
3265 4825 3365 4895 τὴν
3398 4824 3535 4891 πρὸς
3564 4817 3755 4874 ἑαυτὸν

2184 4927 2463 4995 ὁμοίωσιν,
2488 4926 2516 4977 6
2542 4922 2702 4985 αὐτὸς
2731 4920 2824 4974 τοῦ
2856 4919 2990 4974 Θεοῦ
3018 4919 3188 4985 Λόγος
3216 4917 3295 4979 είς
3315 4915 3577 4984 ὁμοίωσιν
3599 4909 3755 4981 ἡμῶν

2183 5013 2472 5085 κατῆλθεν.
2521 5011 2806 5067 Ἀδύνατον
2831 5010 2888 5063 δέ
2910 5005 2978 5080 ἦν
3000 5008 3132 5062 Θεὸν
3159 5006 3493 5076 ὁμοιωθῆναι
3523 5005 3657 5073 ἡμῖν
3683 4996 3757 5069 μὴ

2189 5104 2559 5176 σαρκωθέντα·
2594 5102 2654 5157 οὐ
2707 5101 2816 5173 γὰρ
2843 5099 3132 5170 ἀσώματον
3171 5095 3313 5162 εἶδος
3348 5095 3500 5166 αὐτῷ
3528 5091 3756 5162 ἀσωμά-

2180 5214 2275 5249 του
2303 5196 2489 5260 οὐσίας
2533 5195 2902 5265 προσεγίνετο,
2925 5193 3061 5262 ὅπερ
3082 5186 3150 5262 ἦν
3182 5188 3374 5253 αὐτὸς,
3399 5187 3537 5241 ἀλλά
3560 5185 3621 5237 τὸ
3661 5198 3760 5234 σω·

2187 5287 2414 5356 ματικόν
2437 5302 2451 5316 ’
2492 5284 2777 5357 σωματικὴ
2805 5284 2864 5337 δὲ
2910 5281 3069 5336 οὐσία
3096 5279 3223 5335 ἄνευ
3264 5276 3625 5348 προσλήψεως
3657 5270 3759 5324 οὐκ

2181 5376 2421 5445 ἐγίνετο·
2450 5377 2538 5430 διὰ
2559 5374 2715 5431 τοῦτο
2744 5373 2907 5445 σῶμα
2941 5370 3163 5441 ἀληθῶς
3196 5367 3561 5440 προσέλαϐεν,
3593 5363 3686 5417 ἵνα
3708 5357 3758 5411 οι

2180 5468 2282 5538 τῆς
2315 5466 2374 5532 ἐξ
2407 5467 2583 5539 ἀρχῆς
2611 5466 2975 5536 ἀδελφότητος
3007 5461 3355 5522 ἐκπεσόντες,
3403 5456 3494 5513 διά
3535 5455 3637 5522 τὴν
3663 5448 3759 5539 τοῦ

2182 5558 2475 5627 ἀσωμάτου
2510 5558 2681 5619 sane;
2716 5555 2975 5625 ἀλλαγὴν,
2996 5541 3153 5606 ’τοῦτ’
3180 5551 3302 5603 ἐστ-τ
3341 5548 3439 5615 τῆς
3468 5544 3561 5597 τοῦ
3586 5538 3759 5595 Πνεῦ-

1211 5712 1297 5768 ³³Ι
1333 5713 1472 5767 Tim.
1508 5728 1590 5778 ιιι,
1626 5711 1712 5768 l6.
1792 5711 1839 5744 ”
1862 5710 2023 5767 Joan.
2056 5726 2093 5775 i,
2124 5711 2213 5766 l8.
