4042 6142
421 313 519 380 331

1263 304 1631 370 HISTORIA
1670 301 2002 365 CONCILII
2043 296 2452 359 NlCENla—
2486 291 2632 354 LIB.
2676 286 2757 350 Π.

3490 268 3628 335 13θΞ

386 446 558 501 ματος
590 427 835 499 χάριτος,
853 420 919 496 ἧς
950 423 1037 478 διὰ
1062 422 1166 477 τῶν
1195 421 1424 492 πρώτων
1453 419 1550 474 ἀνθ
1560 417 1756 489 ρώπων
1777 415 1870 469 τοῦ
1894 429 1952 466 τε

2083 421 2309 464 mentes
2351 406 2615 461 Adamum
2656 409 2712 454 et
2760 396 2925 451 Evam
2956 389 3261 448 amisimus,
3294 398 3387 453 per
3436 381 3621 450 natura

2598 494 2609 501 ‘
2904 483 3191 501 7"-—AA—---
3251 475 3316 501 ml
3369 467 3621 501 fmina-ui-

399 520 570 590 ’Λδάμ
589 519 686 573 καὶ
710 518 810 588 τῆς
835 515 979 580 Εὔας
1001 514 1382 583 ἀπωλέσαμεν,
1399 514 1476 576 εἱς
1495 511 1829 580 ἀδελφότητα
1854 509 1960 561 εισ-

388 610 648 680 αλθῶμεν
709 607 799 663 διὰ
831 607 932 677 τῆς
966 605 1283 676 σωματικῆς
1314 601 1692 675 προσλήψεως,
1733 598 1826 653 καὶ
1855 599 1960 652 πά-

390 697 476 750 λιν
500 697 562 751 τδ
580 697 872 767 ἀσώματον
898 694 1036 758 εἶδος
1055 694 1116 748 τὸ
1143 694 1288 747 θεῖον
1317 691 1703 761 ἀπολάϐωμεν.
1735 689 1814 742 Λα
1824 687 1961 759 μϐἀ-

391 803 475 841 νει
528 787 586 839 δὲ
616 786 794 858 σάρκα
823 789 887 839 ὲκ
933 784 1210 854 γυναικός.
1243 783 1430 846 Οὕτως
1488 781 1597 852 γάρ
1638 779 1734 833 καὶ
1768 780 1963 849 ὁμογε-

392 874 489 946 νὴς
528 875 663 943 ἡμῖν
708 873 1055 938 καθίσταται,
1094 873 1180 926 ἵνα
1224 872 1317 925 καὶ
1348 872 1424 935 ὡς
1466 870 1782 941 όμογενέσιν
1831 869 1963 938 ἡμῖν

400 964 610 1035 μεταδῷ
640 965 740 1035 τῆς
775 965 932 1035 δόξης
959 965 1057 1034 τῆς
1091 961 1307 1027 ἑαυτοῦ,
1340 962 1428 1016 ἵνα
1469 961 1567 1015 καὶ
1595 959 1693 1031 τὴν
1732 961 1966 1028 γυναῖκα

394 1058 485 1111 διὰ
510 1056 609 1126 τῆς
631 1058 939 1126 γεννήσεως
960 1055 1268 1129 ἀνασώσῃ.ι
1290 1054 1603 1123 Σωθήσεται
1627 1051 1756 1123 γὰρ,
1780 1050 1963 1121 φησιν,

398 1152 432 1218 ὴ
463 1149 603 1219 γυνὴ
644 1148 732 1202 διὰ
763 1149 862 1218 τῆς
894 1148 1259 1216 τεκνογονίας.
1297 1165 1316 1198 ι
1341 1144 1487 1216 Σάρξ
1514 1144 1571 1197 δὲ
1598 1143 1967 1215 προσείληπτο

395 1241 459 1293 τὸ
488 1240 629 1293 κατά
663 1238 826 1308 φύσιν
860 1238 1062 1310 ἔχουσα
1113 1237 1376 1303 ξωτικόνο
1409 1234 1635 1306 οὐδεμία
1666 1235 1776 1306 γάρ
1830 1233 1969 1305 σὰρξ

398 1331 528 1385 ἄνευ
586 1328 679 1383 τοῦ
738 1329 994 1396 ζωτικοῦ,
1041 1329 1073 1383 ὃ
1117 1330 1211 1384 καὶ
1257 1329 1438 1400 ψυχὴν
1497 1328 1645 1393 ἰδίως
1694 1329 1728 1401 ἠ
1777 1328 1967 1401 Γραφὴ

400 1422 575 1477 καλεῖ.

958 1535 1021 1590 'O
1050 1536 1410 1605 φιλόσοφος.

472 1647 570 1712 Τίς
605 1649 706 1702 οὐκ
736 1649 801 1701 ἂν
828 1647 1074 1719 emam
1107 1649 1199 1702 ἐπὶ
1231 1650 1342 1713 τοῖς
1376 1648 1683 1719 μεγαλείοις
1711 1648 1804 1702 τοῦ
1835 1647 1971 1703 Θεοῦ

2062 504 2396 571 incorporea:
2425 494 2776 551 mutationem
2817 483 3215 543 excideramus,
3249 475 3317 528 ad
3369 467 3625 526 fraterni-

2063 567 2232 648 tatem
2271 605 2368 662 per
2396 585 2643 658 corporis
2672 577 3092 647 assumptionem
3122 569 3529 625 redueeremur,
3570 567 3628 613 et

2063 686 2257 740 iterum
2289 655 2660 749 incorpoream
2687 670 2922 742 speciem
2952 665 3189 720 divinam
3232 655 3625 722 acciperemus.

2062 774 2275 844 Accipit
2302 783 2482 828 autem
2515 741 2731 823 carnem
2759 778 2826 817 ex
2857 757 3122 813 muliere:
3170 752 3252 807 sic
3289 746 3434 800 enim
3468 741 3626 796 nobis

2064 836 2258 923 similis
2279 862 2455 918 factus
2483 868 2585 924 est,
2625 865 2683 911 ut
2705 868 2803 909 nos
2829 851 2930 904 sibi
2962 844 3167 902 similes
3190 836 3488 912 participes
3513 848 3625 885 sine

2065 957 2252 1030 gloriae
2300 954 2527 1013 faceret,
2578 958 2637 1003 et
2691 956 2750 999 ut
2805 942 3086 998 mulierem
3142 949 3240 1004 per
3285 929 3626 986 nativitatem

2067 1016 2502 1103 suamsalvaret.
2558 1056 2578 1092 ι
2613 1034 2921 1092 Salvabitur
2965 1029 3136 1089 cuitu,
3189 1022 3387 1092 inquit,
3441 1016 3635 1071 mulier

2068 1155 2163 1210 per
2215 1136 2447 1191 illiorqu
2495 1128 2895 1201 generationem
2918 1123 2987 1176 ³⁸.
3039 1139 3058 1172 ι
3109 1117 3253 1173 Caro
3300 1120 3480 1167 autem
3531 1122 3634 1161 as-

2067 1197 2277 1298 sumpta
2306 1238 2415 1291 est,
2442 1197 2560 1293 qua:
2584 1218 2877 1276 secundum
2925 1222 3177 1270 naturam
3212 1206 3444 1262 habebat
3491 1197 3634 1268 quod

2070 1324 2232 1377 vitale
2253 1328 2377 1375 est:
2429 1315 2569 1371 nulla
2603 1313 2748 1367 enim
2782 1322 2910 1362 caro
2934 1319 3000 1359 eo
3047 1303 3192 1372 quod
3227 1298 3389 1352 vitale
3427 1303 3513 1349 est
3548 1305 3638 1346 ca-

2072 1424 2173 1482 τοι,
2203 1410 2343 1483 quod
2376 1406 2657 1478 Scriptura
2688 1398 2905 1474 preprie
2929 1395 3170 1450 animum
3207 1388 3460 1460 appellat.

2682 1507 3049 1577 Philosophus.

2142 1641 2272 1707 Quis
2298 1652 2402 1692 non
2433 1638 2647 1702 stupeat
2672 1629 2724 1681 in
2768 1624 2856 1680 his
2891 1622 2985 1677 Dei
3020 1612 3374 1685 magualibus,
3400 1615 3458 1662 ut
3485 1603 3633 1658 dice-

400 1736 629 1799 τούτοις,
660 1738 736 1802 ὼς
780 1737 979 1805 Esau;
1016 1704 1171 1808 ’[ῖλὴν
1207 1704 1339 1802 πῶς,
1366 1704 1633 1809 λαμϐάνει
1662 1704 1865 1813 ,σάρκα
1908 1740 1973 1793 ὲκ

2083 1704 2253 1790 balis‘l
2303 1728 2682 1784 Verumtamen
2718 1713 2988 1789 quomodo
3043 1704 3253 1775 accepit
3296 1713 3518 1757 carnem
3567 1709 3636 1751 ex

403 1828 681 1896 γυναικὸς,
717 1828 900 1891 καθὼς
930 1829 1131 1900 ἀρτίως
1161 1829 1448 1899 είρήκατε;

419 1941 760 2063 ’Λπόκλῖἁσις
791 1937 911 1994 τῶν
953 1942 1139 2009 ἁγίων
1176 1940 1452 2027 Πατέρων
1491 1942 1589 1997 διὰ
1636 1942 1743 1998 τοῦ
1786 1944 1974 1999 αὐτοῦ

675 2010 923 2063 ακαοίου
944 2010 1277 2063 ἐπισκόπου
1330 2013 1764 2063 Ιεοοσολύιιων.

675 2010 923 2078 ακαρίου
944 2010 1277 2066 ἐπισκόπου
1322 2013 1764 2082 Ἰεροσολύμων.

481 2142 620 2212 Ἤδη
646 2144 948 2214 εἰρήκαμέν
973 2159 1077 2209 σοι,
1104 2137 1149 2198 ὦ
1175 2144 1441 2214 βέλτιστε,
1471 2146 1735 2217 μηδαμῶς
1752 2147 1845 2201 ἐπὶ
1869 2147 1977 2201 τῶν

405 2231 502 2287 τοῦ
531 2233 668 2287 Θεοῦ
695 2234 1008 2305 μυστηρίων
1035 2236 1214 2302 λέγειν
1238 2235 1298 2289 τὸ
1327 2236 1473 2299 ὅπως
1497 2249 1511 2264 ⁶
1546 2236 1837 2310 ἀπόρρητα
1870 2237 1979 2310 γάρ

407 2327 514 2377 εἰσι
540 2325 634 2378 καὶ
653 2324 1065 2393 ἀνεπιλόγιστα·
1088 2325 1163 2389 ὡς
1182 2326 1322 2379 δὲέκ
1338 2325 1445 2382 τῶν
1476 2327 1637 2398 ιερῶν
1665 2327 1840 2396 λόγων
1868 2330 1977 2384 ἐδι-

407 2415 575 2486 δάχθη
585 2432 702 2483 μεν,
730 2415 965 2488 ἐροῦμεν
993 2417 1115 2470 ὅσον
1143 2418 1171 2471 ὁ
1194 2414 1348 2486 λόγος
1376 2418 1725 2489 παραστῆσαι
1755 2419 1979 2492 δυνήσε-

407 2521 520 2562 ται.
552 2509 625 2561 Τὸ
651 2507 757 2579 γὰρ
784 2507 1059 2573 παντελῶς
1101 2509 1511 2579 καταληπτικὸν
1548 2510 1643 2563 τοῦ
1678 2513 1979 2585 μυστηρίου

409 2598 644 2662 ἐκείνου,
689 2599 787 2667 τῆς
814 2596 909 2651 τοῦ
946 2598 1151 2668 Κυρίου
1184 2599 1451 2668 ὲνσάρκου
1492 2598 1829 2669 οἰκονομίας,
1862 2601 1982 2666 πῶς

410 2689 654 2755 γέγονεν,
684 2686 825 2742 οἶδεν
859 2687 1160 2759 ἀνθρώπων
1198 2689 1317 2742 οὐδὲ
1348 2688 1595 2758 ἀγγέλων
1624 2689 1832 2755 οὐδεὶς,
1862 2690 1982 2744 οὐδὲ

412 2775 575 2838 αὐτὸς
605 2775 842 2846 Γαϐριὴλ
871 2778 899 2828 ὁ
923 2775 1386 2846 διακονησάμενος
1414 2776 1493 2847 τῷ
1522 2777 1807 2849 μυστηρίῳ
1835 2778 1981 2832 ἐκεί-

413 2882 509 2934 νῳ,
539 2866 661 2919 οὐδὲ
690 2867 724 2937 ή
766 2866 1040 2935 πάναγνος
1062 2868 1158 2920 καὶ
1183 2867 1398 2940 καθαρά
1427 2868 1522 2923 καὶ
1550 2868 1680 2938 ἁγία
1705 2869 1985 2940 Παρθένος

412 2956 604 3026 Μαρία
628 2959 981 3027 παραστῆσαι
1004 2959 1287 3028 δυνήσεται
1307 2960 1407 3030 τὴν
1425 2960 1554 3031 ὅλην
1569 2961 1669 3030 τῆς
1691 2961 1861 3032 αὐτῆς
1886 2958 1983 3016 τοῦ

410 3048 547 3144 Θεοῦ
578 3049 753 3144 Λόγου
782 3050 1466 3144 σαρκωσεωςκατάληψιν.
1492 3052 1663 3116 Αὐτὸς
1688 3053 1798 3125 γὰρ
1824 3052 1984 3124 μόνος
2008 3084 2053 3144 c

408 3141 442 3192 ὁ
468 3141 763 3211 μονογενὴς
789 3141 883 3194 τοῦ
911 3142 1045 3196 Θεοῦ
1088 3143 1214 3206 Υἱὸς
1241 3143 1302 3196 τὸ
1330 3144 1556 3214 ἀκριϐὲς
1590 3139 1701 3197 οἶδε
1729 3147 1828 3215 τῆς
1858 3145 1985 3197 ἑαυ-

412 3230 508 3283 τοῦ
534 3230 600 3284 δι’
633 3233 779 3302 ὑμᾶς
827 3233 1316 3304 ὲνανθρωπήσεως.
1358 3236 1421 3288 Ei
1460 3235 1567 3306 γὰρ
1600 3235 1697 3288 καὶ
1733 3234 1986 3306 παρέδω·

418 3337 518 3375 σαν
546 3323 674 3391 ἡμῖν
699 3322 751 3375 οι
778 3322 877 3376 ἀπ’
903 3323 1080 3393 ἀρχῆς
1114 3324 1383 3378 αὐτόπται
1409 3326 1506 3378 καὶ
1540 3325 1809 3397 ὑπηρέται
1839 3325 1989 3394 γενό·

415 3430 571 3485 μενοι
597 3414 689 3468 τοῦ
716 3414 899 3483 λόγου,
931 3416 1074 3469 καθά
1115 3432 1280 3487 φησιν
1301 3419 1330 3472 ό
1358 3418 1595 3483 Λουκᾶς,
1622 3419 1756 3488 περὶ
1783 3417 1881 3488 τῆς
1905 3420 1991 3472 ὲν-

416 3505 625 3575 σάρκου
670 3506 836 3559 αὐτοῦ
884 3508 1193 3576 οἰκονομίας
1214 3526 1227 3540 ·
1259 3511 1339 3562 ὃτι
1378 3510 1441 3562 ὲκ
1474 3510 1792 3580 σπέρματος
1821 3509 1985 3564 Δαυῒδ

416 3596 514 3648 καὶ
558 3596 809 3667 Ἀϐραὰμ
839 3598 897 3651 τὺ
933 3598 1071 3652 κατὰ
1109 3600 1307 3670 σάρκα,
1346 3599 1522 3654 καὶτὸ
1560 3619 1579 3652 ι
1623 3600 1711 3665 Ἐξ
1745 3594 1812 3671 ἧς
1836 3606 1989 3669 ἐγεν-

417 3684 558 3754 νήθη
599 3686 858 3753 Ἰησοῦς,ι
889 3687 1030 3740 τοῦτ’
1065 3687 1211 3741 ἔστιν
1247 3692 1310 3743 ὲκ
1338 3690 1438 3758 τῆς
1466 3689 1766 3759 Παρθένου,
1799 3710 1816 3741 ι
1852 3692 1880 3743 ὁ
1902 3690 1989 3742 λε-

416 3776 648 3846 γόμενος
680 3778 912 3848 Χριστός
936 3793 949 3807 ⁸
981 3779 1074 3830 καὶ
1109 3778 1189 3830 ὅτι
1215 3770 1289 3833 ὧν
1319 3780 1367 3831 οἱ
1398 3778 1634 3849 πατέρες
1653 3819 1667 3841 ,
1699 3780 1793 3832 καὶ
1822 3780 1881 3844 ἐξ
1909 3774 1982 3832 ὧν

416 3867 449 3917 ὁ
479 3867 713 3936 Χριστὸς
744 3867 801 3919 τὸ
849 3866 994 3920 κατὰ
1022 3867 1227 3935 σάρκα·
1264 3886 1282 3917 ι
1310 3867 1404 3920 καὶ
1437 3867 1519 3920 ὅτι
1551 3886 1569 3917 ι
1602 3867 1699 3919 οὐκ
1721 3867 1987 3934 ἀγγέλων,

421 3957 558 4010 ἀλλὰ
611 3959 926 4030 σπέρματος
991 3959 1246 4029 ’Λϐραάμ
1306 3958 1623 4025 ἐπελάϐετο,
1679 3977 1698 4010 s
1763 3960 1856 4012 καὶ
1911 3960 1993 4012 ὅτι

427 4066 447 4098 ι
482 4047 621 4101 κατὰ
644 4051 823 4102 πάντα
851 4049 1108 4120 ὡμοιώθη
1132 4051 1281 4120 ἡμῖν,
1325 4049 1464 4119 πλὴν
1498 4050 1598 4119 τῆς
1632 4050 1930 4120 ἁμαρτίας,
1967 4068 1985 4101 ι

418 4138 594 4192 ταῦτα
623 4140 801 4209 ἴσμεν·
834 4142 861 4193 ό
887 4140 944 4193 δὲ
968 4140 1189 4211 τρόπος,
1207 4140 1324 4203 πῶς
1343 4139 1514 4193 ταῦτα
1546 4140 1859 4209 γεγένηται,
1886 4140 1994 4193 πά-

423 4246 524 4299 σης
556 4229 782 4299 λογικῆς
811 4231 1026 4299 φύσεως
1051 4232 1369 4300 ὑπερϐαίνει
1409 4230 1667 4285 διάνοιαν.
1693 4230 1856 4298 Λέγει
1886 4230 1994 4302 γὰρ

421 4324 517 4375 καὶ
543 4324 669 4393 περὶ
686 4322 876 4376 τούτου
919 4323 1184 4394 Ἱερεμίας
1206 4325 1233 4376 ὁ
1265 4324 1578 4394 προφήτηςο
1614 4343 1632 4374 ι
1664 4323 1773 4376 Kal
1794 4322 1995 4395 ἄνθρω⁶

2077 1825 2320 1886 muliere,
2349 1830 2405 1873 ιιι
2434 1815 2590 1888 paulo
2621 1820 2748 1867 ante
2776 1803 3086 1863 asseruistis
3110 1801 3134 1855 τ

2074 1937 2356 2007 Responsio
2386 1940 2685 2007 sanctorum
2717 1921 2937 2007 Patrum
2965 1933 3055 2007 p'er
3074 1912 3313 1969 eumdem
3340 1905 3636 1963 Macarian

2423 2001 2722 2071 episcopum
2758 1987 3265 2057 Hierosolymorum.

2146 2140 2264 2198 lam
2320 2134 2631 2192 monuimus
2682 2136 2757 2193 te,
2804 2124 2885 2179 vir
2929 2120 3151 2190 optime,
3201 2124 3546 2183 nequaquam
3585 2107 3644 2162 in

2078 2233 2276 2292 divinis
2302 2226 2579 2300 mysteriis
2600 2223 2805 2283 dicere,
2840 2209 3154 2285 quomodo?
3184 2204 3471 2263 inell'abilia
3495 2200 3641 2257 enim

2078 2333 2205 2380 sunt
2271 2328 2326 2376 et
2359 2290 2970 2382 incomprehensibilia.
3008 2300 3080 2358 Ut
3112 2310 3293 2353 autem
3346 2309 3411 2350 ex
3468 2290 3644 2347 sacris

2080 2413 2302 2472 Litteris
2356 2406 2532 2465 edocti
2570 2381 2792 2465 sunmus,
2858 2397 3099 2451 dicemus
3146 2395 3406 2459 quantum
3467 2381 3645 2438 oratio

2080 2505 2337 2574 consequi
2371 2498 2587 2572 poterit.
2618 2489 2998 2550 Omniumdam
3027 2484 3171 2540 enim
3208 2477 3447 2549 mysterii
3499 2473 3645 2528 illius

2079 2563 2477 2668 cegnitionem,
2521 2584 2791 2659 quomodo
2839 2576 3177 2648 dispensatio
3228 2572 3281 2625 in
3330 2579 3494 2623 carne
3541 2563 3644 2618 Do-

2082 2689 2211 2747 mini
2246 2687 2387 2741 facta
2417 2683 2508 2747 sit,
2539 2677 2714 2735 nullus
2746 2686 2918 2742 neque
2945 2668 3252 2730 hominum,
3278 2673 3451 2730 neque
3479 2668 3646 2724 ange-

2082 2783 2280 2844 lorum,
2317 2790 2415 2832 nec
2444 2776 2558 2845 ipse
2600 2765 2842 2831 Gabriel,
2877 2763 2967 2833 qui
3015 2761 3189 2815 eidem
3246 2751 3504 2827 mysterio
3539 2746 3646 2800 mi-

2082 2871 2353 2933 nistravit,
2386 2878 2562 2933 neque
2589 2860 2809 2917 omnino
2843 2863 3051 2917 sancta,
3076 2867 3208 2922 pura
3250 2859 3298 2903 et
3328 2854 3474 2901 casta
3500 2840 3649 2909 virgo

2084 2964 2254 3021 Maria
2298 2957 2554 3027 consequi
2591 2952 2792 3023 poterit
2831 2958 2998 3003 totam
3035 2943 3198 3010 hujus
3240 2939 3333 2995 Dei
3365 2933 3524 2991 Verbi
3567 2933 3647 3027 iu-

2084 3051 2417 3114 carnationis
2456 3021 2888 3114 intelligentiam.
2928 3036 3046 3107 Ipse
3084 3033 3286 3089 etenim
3330 3028 3476 3083 solus
3525 3021 3650 3077 uni-

2086 3148 2297 3222 genitus
2330 3143 2426 3198 Dei
2473 3138 2646 3196 Filius
2671 3141 2862 3191 exacte
2892 3128 3042 3186 novit
3080 3139 3232 3182 suam
3283 3126 3506 3191 propter
3551 3128 3651 3168 nos

2085 3204 2633 3295 ihhumanationem;
2686 3225 2935 3292 sedqua:
2969 3218 3122 3273 nobis
3167 3211 3523 3272 tradiderunt,
3558 3204 3650 3275 qui

2088 3332 2156 3386 ab
2185 3327 2337 3382 initio
2383 3323 2483 3391 ipsi
2513 3320 2783 3378 viderunt,
2816 3322 2872 3368 et
2904 3307 3137 3366 ministri
3170 3306 3388 3360 luerunt
3439 3311 3650 3354 sermo-

2089 3422 2194 3483 nis,
2229 3425 2285 3471 ut
2345 3389 2421 3467 ait
2472 3410 2649 3465 Lucas
2670 3405 2738 3470 ⁸⁶,
2787 3403 2854 3459 de
2883 3401 3028 3456 illius
3068 3399 3119 3451 iu
3153 3406 3318 3450 carne
3369 3389 3651 3459 dispensa-

2088 3513 2255 3574 tione,
2294 3504 2436 3575 quod
2467 3500 2673 3556 scilicet
2706 3511 2773 3552 ex
2815 3493 3022 3548 semine
3075 3485 3239 3541 David
3281 3492 3333 3537 et
3376 3478 3650 3535 Abraham

2088 3600 2380 3656 secundum
2409 3605 2659 3656 carnem;
2697 3597 2751 3643 et
2796 3601 2811 3638 :
2848 3603 2867 3636 ι
2899 3583 2973 3638 De
3025 3594 3132 3650 qua
3180 3586 3340 3631 natus
3362 3583 3445 3627 est
3472 3569 3650 3633 Jesus,

2090 3698 2179 3767 qui
2213 3705 2437 3750 vocatur
2464 3690 2709 3745 Christus
2729 3685 2799 3749 ³⁷,
2830 3703 2849 3735 ι
2903 3683 2952 3735 id
2979 3688 3082 3741 est,
3121 3692 3184 3732 ex
3222 3672 3443 3741 Virgine
3470 3690 3484 3725 :
3538 3685 3557 3717 ι
3590 3665 3657 3720 Et

2089 3761 2315 3855 quorum
2350 3781 2557 3843 Patres,
2611 3787 2666 3832 et
2713 3792 2778 3830 ex
2831 3773 3027 3840 quibus
3053 3768 3305 3823 Christus
3354 3761 3659 3818 secundum

2091 3891 2306 3930 carnem
2329 3872 2414 3937 ³⁸;
2451 3889 2471 3922 ι
2509 3879 2564 3923 et
2597 3885 2617 3919 ι
2646 3867 2789 3935 quod
2819 3879 2924 3917 non
2986 3857 3318 3929 angelorum,
3351 3854 3441 3909 sed
3469 3865 3663 3906 seruisti.

2090 3967 2320 4020 Abraltaa
2351 3958 2701 4029 apprehendit
2724 3956 2770 3988 ⁸³
2797 3969 2812 4021 ;
2846 3972 2864 4006 ι
2901 3960 2956 4007 et
2986 3950 3125 4020 quod
3177 3966 3196 3999 ι
3230 3960 3323 4014 per
3347 3944 3524 3998 omnia
3557 3956 3659 3996 no--

2092 4060 2175 4112 bis
2207 4054 2541 4111 assimilatus
2579 4060 2684 4113 est,
2716 4056 2943 4113 excepto
2978 4049 3200 4110 peccato
3222 4039 3350 4102 “;i
3398 4035 3513 4089 hinc
3551 4033 3658 4086 scio

2093 4164 2257 4212 tuus;
2308 4143 2498 4197 modus
2538 4150 2716 4195 autem
2768 4153 2875 4205 quo
2928 4135 3042 4188 haec
3087 4140 3236 4200 gesta
3281 4136 3435 4190 sunt,
3481 4124 3659 4178 omnis

2094 4248 2364 4293 creaturae
2414 4231 2694 4287 rationalis
2748 4226 3126 4297 cogitationem
3178 4219 3528 4276 transcendit.
3569 4215 3661 4269 Ait

2095 4339 2272 4384 autem
2305 4337 2358 4382 et
2382 4328 2448 4382 de
2480 4327 2579 4379 hoc
2597 4321 2860 4376 Jeremias
2886 4318 3144 4388 propheta
3176 4333 3190 4371 :
3226 4333 3244 4366 ι
3275 4313 3445 4367 Hotuo
3479 4318 3583 4371 cst,
3606 4316 3660 4361 et

423 4417 525 4478 πός
557 4417 695 4478 ἐστι,
741 4417 835 4470 καὶ
876 4417 959 4480 τίς
1002 4417 1270 4485 γνώσεται
1314 4418 1510 4482 αὑτόνς
1550 4436 1569 4469 s
1611 4415 1983 4485 Θαυμάζοντος

2100 4420 2219 4488 quis
2255 4426 2541 4487 cognoscet
2571 4414 2717 4468 illum
2742 4409 2833 4463 “‘2
2863 4428 2884 4458 s
2924 4406 3248 4462 Admirante
3281 4414 3458 4457 autem
3487 4400 3662 4468 philo-

417 4508 480 4561 δὲ
519 4508 611 4560 τοῦ
662 4508 974 4577 φιλοσόφου,
1012 4510 1106 4562 καὶ
1146 4510 1346 4572 παντὸς
1391 4508 1485 4562 τοῦ
1515 4509 1994 4580 ωναθροισθέντος

366 4645 379 4655 ,
423 4598 665 4666 πλήθους
720 4601 801 4663 είς
853 4599 954 4669 τὴν
1010 4599 1295 4669 ἀκρόασιν,
1361 4597 1689 4668 προσθέντες
1742 4599 1793 4652 οἱ
1851 4599 1994 4668 ἅγιοι

423 4691 709 4758 ΙΙατέρες,
754 4688 844 4743 διὰ
899 4691 1188 4762 Μακαρίου
1245 4690 1545 4743 ἐπισκόπου
1608 4688 1993 4760 Ἰεροσολύμων

420 4778 586 4833 εἶπαν
609 4797 622 4810 ·

501 4874 639 4944 Ἤδη
689 4873 778 4926 διὰ
814 4872 1079 4928 πλείστων
1129 4875 1268 4927 ὅσων
1315 4873 1697 4945 ἀπεδείξαμεν,
1744 4874 1826 4926 ὄτι
1869 4872 2001 4934 Θεὸς

422 4960 493 5035 ἦν
518 4965 546 5014 ὁ
583 4966 875 5036 μοιογενὴς
907 4966 1033 5028 Υἱὸς
1065 4966 1158 5018 τοῦ
1184 4966 1321 5018 Θεοῦ
1342 5006 1356 5029 ,
1392 4967 1614 5034 γέγονεν
1637 4965 1751 5038 [γρ.
1785 4966 1878 5017 καὶ
1903 4964 1997 5033 γέ-

2099 4511 2288 4579 snpbo,
2337 4516 2390 4562 et
2439 4514 2547 4559 tota
2601 4502 2942 4558 multitudine
2990 4497 3220 4553 collecta
3270 4496 3335 4549 ad
3387 4491 3661 4547 ansculta-

2099 4602 2320 4662 tinnem,
2368 4598 2624 4651 addentes
2691 4593 2863 4649 sancti
2926 4589 3137 4649 Patres,
3199 4600 3294 4655 per
3362 4580 3659 4637 Macarium

2096 4694 2404 4760 episcopum
2437 4686 2925 4755 Hierosolymorum
2950 4681 3204 4734 dixerunt
3232 4694 3247 4731 :

2166 4868 2413 4923 Pluribus
2437 4866 2546 4933 jam
2583 4861 3096 4925 demonstravimus,
3132 4859 3274 4929 quod
3306 4857 3448 4912 Deus
3475 4854 3662 4922 unige-

2102 4962 2245 5016 nitus
2272 4959 2439 5013 Filius
2466 4955 2558 5009 Dei
2582 4954 2755 5008 factus
2792 4954 2865 5007 sit
2900 4953 3061 5006 homo
3092 4958 3308 5019 propter
3348 4945 3656 5014 benignita-

424 5055 607 5127 γονεν]
649 5035 935 5128 ἄνθρωπος
980 5056 1069 5109 διὰ
1104 5058 1537 5128 φιλανθρωπίαν,
1566 5035 1873 5128 σαρκωθεὶς
1908 5055 1983 5107 κα¹

2102 5062 2205 5104 tem
2246 5063 2372 5116 erga
2416 5060 2585 5115 genus
2639 5045 2956 5108 humanum,
2997 5043 3311 5094 incarnatus
3355 5047 3408 5091 et
3444 5035 3660 5105 genitus

425 5147 711 5215 γεννηθεὶς
739 5150 802 5200 ὲκ
848 5149 947 5217 τῆς
980 5149 1255 5219 Παρθένου
1291 5151 1510 5220 Μαρίας
1548 5150 1844 5220 ἀπορρήτῳ
1879 5165 2002 5215 γεν-

427 5243 602 5308 νήσει.
644 5241 862 5310 Ἐπειδὴ
890 5242 997 5311 γὰρ
1026 5242 1319 5312 ἠϐουλήθη,
1350 5243 1424 5305 ὡς
1450 5242 1832 5312 προαπέδειξεν
1859 5244 1884 5293 ὀ
1908 5240 1994 5292 λό-

427 5348 548 5397 γος,
578 5332 923 5385 ἀνακαινίσαι
952 5334 1020 5386 τὰ
1050 5334 1137 5386 διὰ
1167 5335 1264 5403 τὴν
1297 5335 1612 5387 ἀπόπτωσιν
1642 5333 1747 5386 τῶν
1779 5349 1993 5402 πρωτο-

431 5419 688 5476 πλάστων
732 5423 981 5488 λυθέντα,
1027 5426 1252 5493 γέγονεν
1295 5427 1353 5480 ἐν
1401 5429 1512 5489 τοῖς
1566 5424 1873 5496 ἡμετέροις,
1909 5420 1996 5474 ἵνα

507 5591 595 5642 an|
630 5591 768 5645 Tini.
810 5607 870 5651 ll,
901 5592 986 5645 15.
1086 5591 1130 5622 “
1155 5590 1282 5645 Luc.
1318 5608 1355 5654 ι,
1382 5591 1434 5644 2.
1516 5593 1555 5623 ³⁷
1587 5588 1768 5644 Matth.
1815 5605 1850 5651 ι,
1888 5586 1970 5640 16.

435 5657 485 5691 ⁸³
510 5658 709 5714 Jeiem.
746 5676 876 5721 ml,
912 5662 945 5716 θ
984 5678 1094 5716 ser.
1126 5660 1289 5713 LXX.

2087 5583 2132 5614 ³⁸
2158 5582 2312 5635 Rom.
2353 5597 2426 5644 ix,
2465 5579 2519 5633 5.

2099 5159 2161 5197 ex
2192 5141 2410 5210 Virgine
2445 5137 2611 5191 Maria
2667 5133 3027 5205 inexplicabili
3077 5129 3442 5201 generatione.
3499 5126 3660 5180 Post-

2102 5248 2260 5300 quam
2290 5231 2433 5283 enim
2466 5228 2655 5291 voluit,
2692 5234 2749 5279 ut
2793 5240 2971 5279 sermo
3004 5219 3427 5290 priorostendit,
3455 5217 3661 5269 iustam

2108 5339 2227 5378 rare
2252 5337 2372 5390 qum
2415 5335 2508 5387 per
2547 5319 2843 5388 primorum
2892 5324 3173 5381 parentum
3211 5312 3417 5378 lapsum
3452 5307 3664 5359 fuerant

2103 5416 2302 5477 soluta,
2337 5421 2496 5465 natus
2523 5419 2606 5464 est
2634 5409 2686 5462 in
2732 5405 2953 5471 nostris,
2997 5411 3056 5457 ut
3097 5416 3194 5456 nos
3242 5400 3295 5455 in
3338 5397 3451 5453 suis
3494 5395 3663 5465 ipsius

2641 5578 2683 5610 "
2710 5575 2872 5630 llcbr.
2913 5589 2969 5637 ll,
3006 5572 3091 5628 16.
3170 5572 3216 5604 ⁸⁸
3248 5569 3412 5625 llebr.
3472 5583 3543 5631 tv,
3575 5563 3659 5619 15.
