4042 6142
458 275 596 339 1303

1717 281 2020 340 GELASII
2061 281 2368 341 CYZICEN
2376 280 2403 339 Ι

3575 268 3722 333 1304

457 392 749 454 reﬁceret;
805 390 1241 444 condescendens
1294 391 1450 458 quasi
1497 392 1735 460 optimus
1787 396 2030 448 medicus

2152 395 2287 464 apti;
2317 394 2519 462 ποιήσῃ
2551 392 2611 443 ἐν
2640 393 2752 454 τοῖς
2794 390 3012 452 ἑαυτοῦ,
3044 384 3395 456 συγκαταϐὰς
3423 384 3501 449 ὡς
3533 386 3718 455 ἰατρὸς

461 481 767 536 infirmitati
805 491 1023 535 nostras.
1069 482 1264 535 lterum
1301 482 1544 537 dicemus
1577 485 1679 538 hoc
1709 486 2035 540 condescen-

461 570 612 633 dere,
643 578 698 623 et
730 571 1072 633 descendere,
1111 577 1168 622 et
1206 570 1370 634 mitti,
1412 571 1563 639 juxta
1622 588 1735 629 sum
1790 575 2035 629 inhuma-

465 661 701 713 nationis
741 660 958 713 modum
983 660 1381 728 accipiendum,
1419 671 1479 715 ut
1516 665 1670 732 prius
1696 667 2036 720 demonstra-

461 753 662 804 vimus.
709 750 1002 804 Divinitate
1031 753 1175 804 enim
1211 767 1306 806 sua
1341 756 1522 808 omnia
1554 772 1676 810 cum
1707 757 1869 811 Patre
1894 771 2037 811 sem-

465 859 559 907 per
589 843 797 911 implet,
830 843 1130 898 secundum
1175 845 1326 914 prius
1366 847 1596 902 traditas
1631 847 2035 918 intelligentiae.

466 935 601 988 Audi
628 950 778 1004 ergo.
832 934 954 989 Nati
991 950 1178 990 sumus
1224 951 1291 991 ex
1343 938 1615 994 muliere:
1673 941 1818 994 venit
1849 942 1901 994 in
1937 942 2040 995 hoc

466 1031 687 1092 propter
715 1025 1039 1079 cbaritatem
1067 1042 1195 1095 erga
1225 1028 1493 1085 homines.
1528 1033 1597 1084 At
1624 1046 1723 1085 nos
1773 1046 1837 1086 ex
1899 1032 2040 1086 dele-

466 1123 739 1171 ctamento
764 1118 937 1171 somni
961 1128 1015 1171 ct
1048 1119 1252 1173 semine
1280 1121 1380 1174 viri
1406 1140 1423 1187 ;
1451 1123 1565 1190 ipse
1596 1133 1775 1177 autem
1804 1125 1951 1179 solus
1970 1141 2038 1181 ex

469 1206 677 1277 Spiritu
721 1220 911 1265 sancto
947 1220 1001 1266 et
1053 1212 1217 1266 Maria
1277 1214 1513 1283 Virgine.
1576 1215 1867 1270 Laetamur
1907 1233 2037 1272 nos:

470 1300 617 1354 venit
646 1301 811 1355 etiam
846 1301 901 1354 in
935 1302 1038 1356 hoc
1071 1305 1366 1358 secundum
1413 1319 1655 1368 carnem,
1702 1307 1794 1374 qui
1843 1307 2042 1362 deitate

470 1406 566 1444 sua
611 1393 756 1446 omni
800 1393 949 1447 carni
985 1392 1297 1449 alimentum
1338 1397 1561 1464 prtebet.
1602 1397 1926 1455 Prolieimus
1981 1400 2035 1454 in

470 1484 648 1538 :etatis
685 1493 1031 1554 augmentum
1056 1501 1072 1538 :
1102 1501 1207 1540 non
1244 1486 1568 1556 dedignatus
1592 1499 1676 1543 est
1706 1498 1761 1543 et
1801 1491 1915 1560 ipse
1937 1491 2041 1547 hoc

476 1575 590 1630 lleri
626 1576 1003 1644 corporaliter,
1037 1577 1179 1632 sicut
1209 1579 1468 1649 scriptum
1501 1589 1605 1644 est,
1646 1582 1790 1650 quod
1836 1601 1854 1633 ι
1885 1580 2043 1638 Jesus

473 1666 788 1735 proficiebat
815 1668 1104 1737 sapientia,
1135 1677 1292 1725 aetate
1336 1678 1391 1725 et
1417 1672 1588 1741 gratia
1620 1673 1761 1741 apud
1790 1673 1953 1728 Deum
1984 1682 2041 1729 et

2139 486 2361 553 ἄριστος
2395 487 2460 553 τῇ
2490 483 2746 553 ἀσθενείᾳ
2776 481 2953 552 ἡμῶν.
2976 478 3145 533 Πάλιν
3164 477 3399 548 ἐροῦμεν
3424 475 3485 528 τὸ
3514 492 3721 541 συγκα-

2138 577 2330 640 ταόὰν,
2358 575 2545 629 καὶτὸ
2595 575 2897 636 κατελθεῖν,
2939 574 3036 627 καὶ
3072 572 3132 626 τὸ
3173 568 3535 627 ἀπεστάλθαι,
3575 568 3724 622 κατὰ

2138 668 2230 720 τὸν
2260 669 2358 736 τῆς
2400 667 2871 738 ἐνανθρωπήσεως
2916 663 3081 719 αὐτοῦ
3127 662 3331 734 τρόπον
3369 660 3722 730 διαληπτέον,

2143 760 2221 823 ὡς
2250 759 2723 830 προαπεδείξαμεν
2745 775 2758 788 ·
2784 761 2848 829 τῇ
2879 758 2987 828 γὰρ
3020 755 3234 826 θεότητι
3261 752 3426 807 αὑτοῦ
3456 753 3524 804 τὰ
3543 751 3725 803 πάντα

2142 853 2238 906 σὺν
2268 850 2345 920 τῷ
2376 851 2552 920 Πατρὶ
2592 849 2791 919 πληροῖ
2818 849 2907 901 ἀεὶ
2948 847 3092 901 κατὰ
3120 844 3221 907 τὰς
3255 839 3727 914 προαποδοθείσας

2140 944 2370 1005 ἐννοίας.
2393 942 2593 994 Ἀκουε
2617 939 2819 993 τοίνυν.
2843 938 3169 1007 Γεννώμεθα
3194 938 3259 989 ὲκ
3287 933 3568 1003 γυναικός·
3592 928 3728 1001 ἦλθε

2120 1034 2227 1087 ,διὰ
2259 1018 2670 1104 φιλανθρωπίαν
2696 1033 2777 1093 είς
2804 1030 2981 1084 τοῦτο.
3019 1028 3164 1082 Ἀλλ’
3197 1029 3359 1098 ἡμεῖς
3388 1026 3485 1096 μὲν
3512 1024 3571 1088 ἐξ
3596 1024 3727 1093 ἡδο-

2140 1125 2236 1194 νῆς
2263 1124 2454 1188 ὕπνου,
2488 1122 2582 1177 καὶ
2608 1123 2923 1192 σπέρματος
2947 1120 3159 1192 ἀνδρός.
3185 1118 3357 1181 Αὐτὸς
3381 1118 3439 1170 δὲ
3469 1117 3630 1187 μόνος
3664 1116 3730 1167 ἐκ

2142 1216 2461 1284 ιΙνεύματος
2492 1215 2650 1284 ἁγίου
2677 1217 2773 1269 καὶ
2802 1215 3023 1285 Μαρίας
3046 1214 3165 1283 τῆς
3210 1209 3511 1280 Παρθένου.
3552 1206 3731 1259 Γαλα-

2140 1307 2589 1378 κτοτροφούμεθα
2613 1326 2627 1341 ο
2658 1303 2791 1379 ἦλθε
2812 1306 2904 1360 καὶ¹
2936 1309 3017 1368 εἰς
3040 1302 3199 1357 τοῦτο
3233 1301 3417 1372 σαρκὶ,
3450 1302 3478 1352 ὁ
3510 1300 3577 1365 τῇ
3604 1296 3732 1349 θεύ-

2141 1416 2264 1470 τητι
2294 1400 2457 1453 αὐτοῦ
2489 1399 2668 1463 διδοὺς
2697 1397 2903 1469 τροφὴν
2948 1397 3097 1466 πάσῃ
3129 1393 3316 1464 σαρκί.
3342 1388 3619 1459 Γινόμεθα
3650 1389 3733 1450 εἰς

2143 1491 2426 1561 προκοπὴν
2456 1490 2555 1543 xui.
2593 1489 2820 1561 αὔξησιν
2854 1488 3070 1559 ἡλικίας
3090 1504 3119 1518 ’·
3141 1486 3242 1538 οὐκ
3268 1481 3547 1554 ἀπηξίωσε
3573 1478 3733 1548 γενέ-

2144 1590 2268 1638 σθαι
2293 1586 2387 1639 καὶ
2416 1584 2578 1648 αὐτὸς
2609 1583 2770 1637 τοῦτο
2805 1580 3156 1654 σωματικῶς,
3181 1576 3363 1641 καθὼς
3392 1575 3732 1645 γέγραπται,

2143 1677 2226 1729 ὅτι
2258 1695 2276 1726 ‹
2326 1674 2535 1747 Ἰησοῦς
2563 1674 2872 1746 προέκοπτε
2905 1672 3068 1745 σοφίᾳ
3101 1671 3197 1725 καὶ
3233 1669 3419 1741 ἡλικία
3442 1666 3539 1719 καὶ
3569 1666 3732 1737 χάρι-

476 1759 719 1815 homines
739 1760 804 1826 ⁸¹;
834 1779 854 1812 ι
883 1768 937 1814 et
962 1776 1132 1831 usque
1159 1763 1225 1817 ad
1256 1764 1587 1818 tricesimum
1617 1779 1818 1819 annum
1867 1777 2042 1819 trans-

2152 1786 2193 1820 τι
2232 1767 2381 1837 παρὰ
2402 1765 2521 1837 Θεῷ
2559 1766 2654 1819 καὶ
2695 1762 3006 1836 ἀνθρώποις
3030 1780 3042 1793 ·
3076 1782 3093 1813 ι
3155 1762 3250 1815 καὶ
3281 1761 3388 1823 ἕως
3417 1773 3734 1830 τριακοστο-
3768 1814 3773 1819 ,

478 1849 653 1916 igens,
702 1856 760 1903 ut
797 1850 941 1905 omni
971 1852 1115 1906 tutati
1145 1851 1516 1917 benediceret,
1566 1863 1693 1908 tunc
1736 1854 1801 1906 ad
1868 1854 2042 1922 bapti-

472 1956 648 1995 summ
713 1942 883 2011 venit,
952 1945 1279 2012 praedicante
1325 1943 1532 2001 Joanne
1592 1944 1870 2002 Zacliarite
1933 1947 2043 2004 ﬁlio

472 2033 538 2085 ad
600 2032 851 2101 populum
912 2034 1237 2103 baptismum
1308 2034 1725 2103 poenitentia”,
1778 2051 1885 2090 non
1942 2052 2044 2091 au-

474 2135 583 2178 tem
627 2124 965 2179 remissionis
1010 2134 1386 2194 peccatorum,
1418 2135 1510 2180 aut
1547 2127 1851 2197 ad0ptionis
1904 2128 2043 2183 lilio-

476 2230 594 2269 rum
630 2215 831 2269 donum
880 2215 1179 2283 largiente:
1209 2231 1314 2271 non
1353 2216 1496 2271 enim
1545 2226 1663 2272 erat
1695 2216 1918 2274 Joannis
1944 2220 2045 2274 hoc

473 2314 626 2371 dare,
684 2309 780 2362 sed
831 2323 1008 2378 neque
1063 2307 1259 2377 angeli,
1324 2322 1512 2385 verum
1565 2309 1734 2377 ipsius
1786 2313 2046 2366 duntaxat

476 2399 737 2454 incarnati
773 2411 828 2453 et
863 2399 1200 2453 inbumanati
1232 2399 1323 2453 Dei
1358 2398 1545 2453 Verbi.
1592 2399 1662 2454 Et
1696 2401 1895 2472 accipit
1950 2418 2046 2459 no-

474 2503 643 2544 strum
680 2490 1027 2560 baptismum,
1052 2498 1105 2545 et
1135 2504 1256 2543 cum
1285 2499 1431 2544 esset
1461 2488 1602 2544 Deus
1641 2491 1759 2545 sine
1797 2501 2044 2559 peccato,

474 2580 832 2650 corporaliter
866 2581 1170 2649 baptizatus
1196 2591 1279 2634 est
1310 2589 1370 2633 ut
1403 2581 1604 2647 homo;
1656 2596 1761 2636 non
1809 2582 1922 2650 ipse
1966 2582 2047 2636 in-

475 2675 662 2741 digens
710 2672 998 2742 baptismo,
1051 2672 1144 2727 sed
1198 2680 1258 2727 ut
1305 2680 1547 2726 nostrum
1581 2674 1905 2745 baptismum
1939 2691 2049 2745 ap-

478 2767 774 2832 probaret:
831 2778 889 2819 ut
939 2766 1230 2820 credamus
1284 2769 1425 2835 quod
1479 2768 1933 2837 quemadmodum
1992 2769 2045 2822 in

456 2852 598 2909 'eum
644 2856 927 2912 descendit
966 2855 1200 2926 Spiritus
1245 2868 1484 2921 sanctus,
1543 2858 1616 2911 ita
1657 2865 1712 2911 et
1761 2857 1812 2910 iu
1862 2872 1959 2911 nos
1994 2858 2047 2911 in

480 2949 596 3019 ipso
638 2950 961 3019 baptizatos.
1002 2951 1208 3007 Deinde
1247 2958 1603 3009 conversatus
1648 2964 1770 3004 cum
1819 2949 2049 3004 homini-

481 3040 578 3094 lius
607 3039 676 3105 “,
715 3049 768 3095 et
814 3056 1035 3096 suorum
1082 3043 1387 3098 divinorum
1446 3050 1835 3110 praeceptorum
1895 3055 2050 3093 man-

483 3131 617 3184 dans
664 3129 1005 3195 traditiones,
1068 3132 1455 3201 signorumque
1511 3130 1828 3183 admiranda
1885 3143 2049 3196 opera

484 3221 789 3290 perliciens,
814 3233 936 3292 post
968 3223 1183 3278 tertium
1209 3238 1430 3287 annum,
1452 3232 1645 3292 quarto
1664 3220 1772 3289 jam
1798 3220 2052 3275 inchoato

485 3318 550 3370 ad
579 3315 913 3386 corporalem
947 3330 1043 3386 pro
1067 3315 1220 3371 nobis
1245 3316 1549 3385 passionem
1572 3322 1762 3382 sponte
1785 3310 2052 3382 pervenit.

482 3403 651 3458 Nobis
681 3404 895 3474 quidem
927 3405 1225 3460 debebatur
1258 3404 1437 3459 crucis
1476 3402 1839 3471 supplicium;
1883 3403 1974 3456 sed
2007 3403 2053 3457 si

482 3511 674 3551 omnes
721 3497 965 3551 cruciﬁxi
1025 3495 1318 3551 fuissemus
1367 3496 1615 3565 nosipsos
1658 3511 1686 3549 a
1723 3504 1894 3550 morte
1945 3508 2053 3549 non

488 3588 852 3654 potuissemus
900 3587 1154 3642 liberare.
1212 3607 1230 3640 ι
1266 3588 1536 3658 Regnavit
1589 3587 1735 3643 enim
1797 3602 1944 3642 mors
1986 3588 2054 3639 ab

484 3678 656 3731 Adam
692 3693 867 3747 usque
899 3679 965 3732 ad
1002 3678 1244 3750 Moysen,
1274 3679 1435 3734 etiam
1469 3679 1524 3733 in
1555 3693 1649 3735 eos
1675 3679 1766 3747 qui
1797 3694 1902 3733 non
1932 3694 2056 3748 pec-

490 3778 747 3822 caverunt
768 3767 854 3835 ﬂ;
889 3786 909 3820 ι
968 3769 1118 3821 multi
1145 3769 1344 3834 sancti,
1391 3768 1542 3822 multi
1574 3768 1873 3837 prophetae,
1905 3767 2054 3821 multi

482 3867 611 3931 justi
640 3884 655 3932 ;
689 3872 745 3916 et
787 3875 974 3915 eorum
1033 3874 1191 3915 nemo
1239 3860 1476 3929 seipsum
1508 3874 1539 3913 e
1567 3866 1834 3926 potestate
1868 3858 2057 3913 mortis

490 3959 758 4013 redimere
784 3955 978 4024 potuit.
1021 3952 1126 4006 Sed
1177 3951 1325 4006 venit
1372 3951 1463 4005 ille
1498 3950 1747 4005 Salvator
1785 3949 2052 4012 omnium,

487 4064 538 4104 ιιι
572 4066 601 4104 a
634 4050 790 4104 nobis
821 4048 999 4103 debita
1033 4043 1296 4114 supplicia
1322 4044 1375 4097 in
1420 4057 1515 4097 sua
1556 4057 1741 4105 carne,
1787 4056 1906 4110 quae
1940 4042 2058 4094 sine

490 4150 710 4209 peccato
740 4147 879 4203 erat,
908 4152 1006 4205 pro
1035 4134 1189 4189 nobis
1209 4143 1265 4187 et
1287 4146 1352 4187 ex
1377 4133 1530 4188 nobis
1547 4143 1601 4187 et
1626 4133 1843 4186 nomine
1873 4139 2059 4186 nostro

490 4233 749 4301 suscepit.
788 4229 1261 4284 Descendebamus
1288 4241 1387 4281 nos
1418 4236 1542 4296 post
1576 4235 1802 4280 mortem
1848 4225 1914 4278 ad
1971 4225 2056 4277 in-

489 4324 633 4377 feros
662 4340 676 4376 :
713 4321 948 4389 suscepit
975 4331 1031 4374 et
1066 4321 1185 4383 hoc,
1208 4319 1596 4387 descenditque
1621 4326 1812 4385 sponte
1837 4317 1902 4369 ad
1927 4331 2020 4370 eos
2045 4334 2058 4368 :

2128 1859 2307 1932 ⁴ετοῦς
2333 1861 2527 1931 χρόνου
2555 1859 2834 1923 διανύσας,
2870 1858 2956 1909 ἵνα
2990 1857 3171 1909 πᾶσαν
3200 1852 3414 1922 ἡλικίαν
3438 1851 3729 1920 εύλογήσῃ·

2141 1953 2263 2006 τότε
2293 1952 2384 2005 ἐπὶ
2415 1951 2476 2003 τὸ
2527 1949 2811 2021 βάπτισμα
2852 1947 3093 2018 ἔρχεται,
3132 1943 3505 2017 κηρύσσοντος
3543 1940 3731 1993 Ἰωάν-

2143 2060 2234 2098 νου
2273 2043 2390 2096 υἱσῦ
2425 2041 2704 2112 Ζαχαρίου
2731 2040 2807 2110 τῷ
2838 2038 2953 2109 λαῷ
2978 2037 3261 2109 βάπτισμα
3295 2034 3609 2107 μετανοίας.
3632 2033 3731 2085 οὐκ

2143 2134 2391 2203 ἀφέσεως
2419 2133 2731 2204 ἁμαρτιῶν,
2764 2129 2891 2183 οὔτε
2937 2128 3216 2192 υἱοθεσίας
3249 2127 3423 2197 δῶρον
3465 2122 3730 2186 διδόντοςο

2145 2226 2204 2277 οὐ
2236 2225 2344 2295 γὰρ
2362 2219 2431 2295 ἦν
2467 2221 2717 2276 Ἰωάννου
2741 2219 2914 2274 ταῦτα
2939 2218 3145 2282 δοῦναι,
3169 2216 3284 2271 ἀλλ’
3311 2215 3439 2270 οὕτε
3466 2214 3726 2284 ἀγγέλου,

2146 2316 2263 2368 ἀλλ’
2299 2313 2463 2368 αὐτοῦ
2496 2314 2590 2367 τοῦ
2642 2311 3021 2384 σαρκωθέντος
3063 2311 3160 2362 καὶ
3211 2308 3730 2379 ὲνανθρωπήσαντος

2145 2406 2279 2460 Θεοῦ
2320 2406 2516 2475 Λόγου.
2552 2406 2666 2458 Καὶ
2698 2405 2949 2476 ἀνέχεται
2977 2404 3038 2456 τὸ
3058 2403 3200 2471 ὑπὲρ
3232 2399 3391 2471 ἡμῶν
3425 2399 3728 2469 βάπτισμα,

2154 2503 2249 2552 καὶ
2309 2498 2439 2561 Θεὸς
2478 2496 2553 2550 ὢν
2590 2496 2909 2568 epam-.0;
2941 2492 3242 2562 ἐϐαπτίσθη
3278 2489 3613 2561 σωματικῶς
3660 2488 3731 2550 ὡς

2146 2589 2451 2660 ἄνθρωπος,
2481 2588 2581 2641 οὐκ
2609 2588 2770 2650 αὐτὸς
2797 2585 3050 2656 δεόμενος
3075 2582 3472 2655 βαπτίσματος,
3500 2578 3616 2632 ἀλλ’
3651 2577 3733 2630 ἵνα

2147 2679 2208 2732 τὸ
2247 2680 2515 2751 ἡμέτερον
2541 2677 2822 2748 βάπτισμα
2856 2676 3050 2749 δοξάσῃ
3068 2689 3093 2744 ,ο
3138 2675 3227 2727 ἵνα
3249 2672 3620 2742 πιστεύωμεν,
3654 2671 3732 2724 ὅτι

2146 2771 2335 2841 ὥσπερ
2361 2771 2446 2822 ἐπ’
2467 2769 2629 2823 αὑτὸν
2659 2767 2894 2838 κατῆλθε
2922 2767 2983 2820 τὸ
3010 2764 3233 2836 Πνεῦμα
3258 2764 3320 2817 τὸ
3351 2765 3529 2831 ἅγιον,
3553 2761 3729 2822 οὕτως

2149 2865 2241 2918 καὶ
2271 2863 2354 2931 ἐφ’
2384 2864 2533 2934 ἡμᾶς
2571 2863 2699 2925 τοὺς
2746 2863 2827 2925 είς
2872 2860 3035 2915 αὐτὸν
3102 2856 3556 2937 βαπτιζομένους.
3603 2849 3731 2906 Εἶτα

2152 2953 2622 3023 συναναστραφεὶς
2669 2955 2784 3015 τοῖς
2824 2951 3154 3023 ἀνθρώποις,
3198 2949 3299 3009 τάς
3340 2964 3401 3000 τε
3432 2946 3542 2998 τῶν
3574 2944 3727 2997 θείων

2151 3042 2318 3097 αὐτοῦ
2363 3042 2595 3096 ἐντολῶν
2626 3042 2905 3114 παραδοὺς
2947 3041 3210 3103 ἐκδύσεις,
3242 3037 3343 3102 τάς
3386 3055 3445 3091 τε
3491 3037 3597 3089 τῶν
3640 3051 3731 3105 ση-

2157 3135 2324 3205 μείων
2364 3134 2738 3205 ἐργασάμενος
2772 3131 3236 3203 θαυματουργίας,
3264 3131 3356 3182 ἐπὶ
3396 3127 3578 3199 τριετῆ
3607 3126 3729 3195 χρό-

2154 3244 2264 3291 νον,
2296 3227 2392 3280 xui.
2435 3227 2696 3296 τετάρτου
2752 3225 3087 3295 ἀρξαμένου,
3133 3223 3308 3287 οὓτως
3355 3221 3444 3275 ἐπὶ
3488 3219 3547 3271 τὸ
3580 3217 3721 3284 ὑπὲρ

2155 3318 2313 3388 ἡμῶν
2374 3315 2622 3371 ἑκούσιον
2674 3316 2839 3370 αὑτοῦ
2901 3315 3213 3385 σωματικὸν
3265 3315 3474 3385 ἔρχεται
3521 3309 3720 3374 πάθοςο

2155 3413 2286 3482 ἡμῖν
2331 3411 2439 3480 γὰρ
2484 3408 2867 3481 κεχρεὼστητο
2907 3405 3148 3477 τιμωρία
3190 3401 3456 3474 σταυροῦ*
3508 3400 3618 3454 ἀλλ’
3677 3400 3728 3452 εἰ

2158 3505 2360 3566 πάντες
2392 3500 2836 3572 ὲσταυρὼθημεν,
2867 3497 2990 3552 ούτε
3019 3498 3245 3560 ἑαυτοὺς
3272 3498 3337 3550 ἐκ
3369 3494 3462 3548 τοῦ
3498 3493 3728 3546 θανάτου

2159 3595 2404 3666 ἀρπάσαι
2448 3593 2768 3665 ἰσχύσαμεν.
2814 3612 2833 3644 ι
2884 3590 3237 3646 Ἐϐασίλευσε
3285 3587 3395 3659 γὰρ
3441 3587 3470 3639 ὁ
3505 3585 3730 3645 θάνατος

2160 3689 2265 3742 ἀπὸ
2308 3688 2477 3758 Ἀδὰμ
2508 3686 2670 3757 μέχρι
2700 3685 2944 3747 Μωσέως
2969 3683 3064 3736 καὶ⁷
3092 3681 3186 3736 ἐπὶ
3214 3682 3343 3743 τοὺς
3373 3679 3449 3750 μὴ
3477 3675 3728 3745 ἁμαρτή-

2162 3798 2381 3844 σαντας.
2416 3799 2435 3832 ι
2474 3778 2667 3832 Πολλοὶ
2702 3776 2868 3844 ἅγιοι,
2904 3775 3090 3829 πολλοὶ
3114 3774 3416 3843 προφῆται,
3441 3768 3625 3822 πολλοὶ
3657 3765 3729 3818 δί-

2162 3890 2307 3926 καιοι
2332 3887 2346 3901 ·
2379 3871 2474 3924 καὶ
2505 3870 2682 3932 οὐδεὶς
2713 3868 2892 3921 αὐτῶν
2932 3866 3032 3935 τῆς
3076 3862 3171 3917 τοῦ
3212 3862 3447 3916 θανάτου
3489 3856 3732 3923 ἐξουσίας

2163 3963 2351 4015 ἑαυτὸν
2376 3961 2611 4031 ἠδυνήθη
2662 3958 3058 4030 λυτρώσασθαι.
3101 3956 3261 4009 Ἀλλά
3291 3951 3458 4025 ἦλθεν
3508 3952 3668 4012 αὐτὸς
3707 3951 3734 4001 ὁ

2159 4053 2271 4107 τῶν
2291 4053 2511 4106 πάντων
2540 4050 2751 4120 Σωτὴρ,
2782 4052 2876 4104 καὶ
2895 4049 2992 4112 τὰς
3013 4050 3147 4119 ἡμῖν
3185 4061 3463 4116 χρεωστου
3472 4042 3640 4113 μένας
3665 4055 3736 4091 τι·

2165 4145 2377 4214 μωρίας
2426 4145 2508 4206 εἰς
2538 4141 2635 4212 τὴν
2658 4142 2715 4206 ἐξ
2740 4141 2916 4210 ἡμῶν,
2941 4140 3055 4193 ἀνθ’
3076 4137 3254 4209 ἡμῶν,
3293 4135 3434 4205 ὑπὲρ
3454 4133 3609 4204 ἡμῶν
3653 4133 3737 4183 ἀν·

2164 4236 2478 4307 αμὰρτητον
2510 4232 2675 4287 αὑτοῦ
2717 4231 3007 4295 ὑπεδέξατο
3064 4231 3261 4300 σάρκα.
3313 4221 3736 4296 Κατεφερὸμεθα

2169 4326 2305 4395 μετὰ
2335 4326 2425 4379 τὸν
2459 4326 2684 4378 θάνατον
2716 4326 2796 4387 εἰς
2816 4325 2905 4376 τὸν
2926 4323 3078 4393 ᾅδηνο
3106 4319 3392 4384 ἀνεδέξατο
3431 4319 3526 4371 καὶ
3561 4316 3735 4371 τοῦτο.

492 4433 594 4471 non
632 4426 811 4471 tamen
866 4418 1137 4476 detentus,
1183 4412 1324 4467 sicut
1363 4418 1417 4463 ct
1464 4425 1586 4473 nos,
1635 4411 1728 4463 sed
1780 4408 2049 4462 descendit

2164 4415 2255 4466 καὶ
2286 4413 2553 4482 κατῆλθεν
2581 4411 2842 4473 ἑκουσίως
2875 4410 3157 4473 εἰςαύτόν·
3188 4410 3249 4461 ού
3272 4406 3581 4477 κατηνέχθη
3610 4404 3736 4457 καθ-

492 4517 699 4561 tantum
727 4523 742 4573 ;
777 4522 883 4561 non
911 4507 1053 4560 enim
1083 4512 1202 4558 erat
1230 4500 1505 4568 subjecms
1533 4501 1719 4564 morti,
1748 4501 1840 4554 sed
1868 4498 2057 4551 mortis

491 4598 759 4651 dominus.
798 4596 1040 4663 Cumque
1076 4593 1220 4650 solus
1255 4592 1647 4656 descendisset,
1703 4609 1826 4647 eum
1875 4594 2058 4650 multis

492 4690 667 4743 rediit.
710 4689 828 4757 ipse
856 4687 999 4743 enim
1027 4698 1146 4743 erat
1192 4688 1473 4759 Spirituale
1511 4702 1734 4758 granum
1779 4686 2056 4751 frumenti,

489 4784 632 4851 quod
665 4796 763 4850 pro
786 4781 941 4835 nobis
968 4781 1168 4835 cadens
1193 4781 1245 4834 in
1276 4791 1499 4846 terram,
1528 4789 1583 4835 et
1613 4794 1775 4834 carne
1799 4780 2057 4843 moriens,

455 4887 586 4953 ,μει-
618 4886 729 4926 sum
755 4871 1051 4925 divinitatis
1075 4872 1370 4939 potentiam
1419 4868 1694 4939 corporale
1726 4884 1879 4922 suum
1922 4876 2061 4923 tem-

493 4963 636 5032 plum
666 4962 948 5018 suscitavit
983 4964 1279 5018 secundum
1303 4961 1636 5032 Scripturas,
1674 4961 1906 5016 fructum
1933 4958 2061 5013 alle-

495 5072 619 5111 rens
647 5056 812 5110 totius
850 5054 1070 5109 humani
1108 5056 1318 5124 generis
1350 5052 1824 5116 resurrectionem,
1864 5059 1917 5107 ei
1942 5060 2060 5121 post

489 5149 796 5203 triduanam
845 5147 1196 5216 sepulturam,
1243 5154 1298 5201 et
1347 5146 1575 5201 reditum
1615 5160 1682 5200 ex
1736 5145 1964 5201 mortuis
1993 5145 2057 5198 ad

493 5242 683 5302 vitam,
742 5255 1008 5310 apparens
1052 5239 1350 5310 discipulis,
1403 5240 1638 5295 ostendit
1690 5240 1768 5293 eis
1825 5252 1955 5307 quas
2008 5239 2060 5291 in

493 5349 654 5388 cruce
706 5335 1001 5403 pertulerat
1051 5334 1132 5387 Sui
1192 5331 1434 5401 corporis
1481 5331 1783 5401 passiones,
1838 5332 2061 5385 dicens:

500 5444 519 5475 ι
552 5426 768 5495 Palpate
799 5441 903 5490 me,
948 5439 1009 5479 ac
1039 5424 1213 5478 videte
1245 5422 1385 5492 quod
1416 5436 1515 5492 ego
1543 5438 1662 5477 sum
1688 5423 1733 5453 ι’
1755 5463 1769 5486 ,
1804 5441 1822 5472 ι
1869 5421 1956 5489 qui
1987 5421 2065 5473 fa-

494 5519 580 5570 cio
621 5517 979 5581 admirabilia,
1030 5516 1117 5586 qui
1163 5525 1217 5571 et
1264 5530 1361 5584 pro
1390 5526 1568 5569 vestro
1600 5530 1794 5584 genere
1822 5516 1873 5567 in
1903 5529 2065 5569 carne

568 5692 614 5721 ’δ’
637 5692 766 5744 Luc.
799 5709 855 5756 ιι,
889 5693 977 5745 52.
1060 5693 1100 5722 ⁵⁵³
1126 5691 1251 5743 Luc.
1292 5707 1351 5753 tt,
1389 5693 1438 5744 5.

1522 5691 1563 5720 ’⁵ἰ
1590 5691 1819 5745 Bnrueh.
1858 5707 1940 5744 ιιι.
1970 5692 2057 5743 SS.

2164 4507 2305 4577 άπερ
2367 4508 2551 4576 ἡμεῖς,
2585 4504 2719 4557 ἀλλά
2746 4504 3014 4573 κατῆλθεν
3036 4518 3050 4532 ·
3099 4503 3158 4553 οὐ
3200 4500 3312 4568 γὰρ
3346 4496 3414 4570 ἦν
3443 4497 3735 4564 ὑποκείμε-

2163 4613 2250 4658 νος
2283 4594 2360 4665 τῷ
2397 4595 2631 4662 θανάτῳ,
2663 4593 2775 4645 ἀλλ’
2828 4591 3181 4660 ἐξουσιαστὴς
3235 4588 3330 4641 τοῦ
3375 4588 3614 4641 θανάτου
3648 4582 3734 4637 καὶ

2166 4688 2327 4756 μόνος
2367 4686 2664 4750 κατελθὼν,
2702 4685 2840 4755 μετά
2882 4683 3119 4752 πλήθους
3166 4679 3519 4750 ἀνελήλυθεν.
3569 4674 3733 4735 Αὐτὸς

2164 4779 2272 4847 γὰρ
2300 4774 2367 4847 ἦν
2397 4779 2424 4829 ὁ
2452 4777 2637 4847 νοερὸς
2668 4777 2864 4838 κόκκος
2890 4774 2983 4828 τοῦ
3022 4776 3193 4835 σίτου,
3216 4774 3245 4825 ὁ
3276 4773 3417 4842 ὑπὲρ
3449 4771 3611 4842 ἡμῶν
3646 4784 3734 4821 πε-

2166 4868 2273 4920 σὼν
2301 4870 2381 4930 είς
2413 4868 2512 4937 τὴν
2560 4868 2681 4936 γῆν,
2726 4868 2822 4919 καὶ
2885 4865 3169 4918 ἀποθανὼν
3213 4865 3397 4934 σαρκὶ,
3443 4862 3503 4925 ὃς
3542 4864 3610 4933 τῇ
3641 4859 3734 4928 τῆς

2169 4958 2420 5027 θεότητος
2448 4957 2611 5011 αὐτοῦ
2642 4958 2866 5028 δυνάμει
2897 4958 3161 5027 ἀνέστησε
3188 4956 3280 5009 τὸν
3306 4954 3617 5026 σωματικὸν
3640 4951 3734 5004 αὖ·

2163 5053 2259 5105 τοῦ
2281 5052 2424 5115 ναὸν,
2450 5051 2592 5104 κατὰ
2611 5052 2709 5113 τάς
2734 5051 2977 5121 Γραφάς,
3009 5049 3509 5120 καρποφορὴσαντα
3533 5044 3632 5115 τὴν
3647 5038 3734 5096 τοῦ

2167 5145 2369 5204 παντὸς
2412 5143 2754 5213 ἀνθρωπίνου
2795 5141 2989 5209 γένους
3020 5141 3339 5202 ἀνάστασιν,
3374 5138 3469 5191 καλ¹
3512 5131 3736 5206 ἐμφανί-

2171 5256 2269 5302 σας
2299 5240 2411 5300 τοῖς
2449 5236 2716 5306 μαθηταῖς
2763 5238 2903 5306 μετά
2949 5234 3046 5304 τὴν
3098 5234 3395 5304 τριήμερον
3413 5231 3613 5301 ταφὴν,
3643 5224 3735 5280 καὶ

2170 5331 2268 5399 τὴν
2294 5331 2357 5382 ὲκ
2385 5328 2594 5399 νεκρῶν
2619 5327 2934 5392 ἀναϐίωσιν,
2962 5326 3233 5390 ἐπέδειξεν
3262 5326 3443 5387 αὐτοῖς
3479 5321 3547 5376 τὰ
3578 5323 3636 5373 ὲν
3663 5317 3735 5387 τῷ

2174 5421 2393 5491 σταυρῷ
2423 5422 2516 5473 τοῦ
2550 5420 2805 5490 σώματος
2839 5418 3003 5472 αὐτοῦ
3033 5418 3201 5487 πάθη,
3246 5415 3414 5469 εἰπὼν
3439 5432 3454 5446 ·
3493 5432 3514 5466 ‹
3550 5412 3735 5483 Ψηλαο

2174 5515 2380 5584 ’ρήσατέ
2410 5532 2497 5584 με,
2531 5516 2624 5567 καὶ
2657 5512 2814 5576 ἴδετε,
2852 5514 2933 5566 ὅτι
2962 5514 3123 5574 αὐτὸς
3155 5511 3267 5580 ἐγώ
3287 5513 3424 5581 εἰμι,
3469 5529 3490 5563 ι
3526 5511 3568 5577 ,ό
3606 5513 3735 5560 itau-

2134 5691 2176 5722 ⁸⁵
2202 5691 2356 5743 Romi.
2394 5706 2442 5754 v,
2482 5690 2561 5745 Η.
2638 5691 2681 5721 ⁸⁸³
2708 5688 2835 5742 Luc.
2871 5704 3021 5752 xxiv,
3057 5687 3146 5741 59.
