4042 6142
256 311 394 382 Ῑῖιῦῑι

1139 326 1506 388 HISTORIA
1543 325 1872 390 CONCILII
1917 331 2218 393 NICENI.
2261 360 2329 370 -
2368 337 2519 399 LIB.
2557 337 2641 398 II.

3368 326 3506 399 1306

254 429 604 500 ματουργῶν,
635 431 664 485 ὁ
703 434 796 488 καὶ
835 434 904 488 τὰ
947 433 1086 502 ὑπὲρ
1129 435 1222 488 τοῦ
1250 439 1528 509 ἡμετέρου
1559 440 1748 508 γένους
1779 443 1825 492 ὲκ.

1943 457 2060 496 mea
2093 443 2372 512 passiones
2396 447 2630 515 suscepi.
2669 439 2993 516 Deinde'per
3015 444 3128 500 dies
3150 445 3504 514 quadraginta

249 524 319 591 τῇ
346 521 510 592 σαρκί
546 540 648 592 μου
683 525 1118 596 καταδεξάμενος
1140 528 1304 596 πάθη.
1340 524 1476 582 Εἶτα
1509 533 1602 582 ἐπὶ
1636 548 1832 584 τεσσα-

255 613 494 680 ράκοντα
533 616 747 685 ἡμέρας
773 617 1216 687 συναυλιζόμενος
1243 621 1447 684 αὐτοῖς,
1487 621 1612 685 δούς
1639 641 1698 674 τε
1728 625 1828 676 αύ-

250 706 366 765 τοῖς
419 706 700 774 σωτηρίων
750 707 980 761 ἐντολῶν
1023 709 1326 781 ὑποθήκας,
1363 712 1696 784 ἀνελήλυθεν
1749 717 1829 778 είς

251 795 380 856 τοὺς
413 795 696 866 οὐρανοὺς.
747 797 1048 866 βλεπόντων
1102 801 1304 865 αὐτῶν,
1347 804 1405 854 ἐν
1449 803 1598 874 δεξιᾷ
1642 823 1702 858 τε
1735 805 1828 858 τοῦ

254 887 471 956 Πατρδς
505 887 856 940 κεκαθικέναι
885 890 1047 942 αὑτὸν
1099 893 1146 942 οί
1195 892 1332 963 ἱεροὶ
1378 893 1622 958 ἐδίδαξαν
1658 895 1826 962 λόγοι.

261 978 360 1030 Ὃν
383 978 474 1030 καὶ
497 977 648 1046 ἥξειν
677 979 1066 1050 προσδοκῶμεν
1089 983 1180 1035 ἐπὶ
1206 984 1485 1056 συντελείᾳ
1509 985 1603 1038 τοῦ
1637 987 1832 1051 αἰῶνος

255 1069 440 1137 κρῖναι
481 1068 688 1132 ζῶντας
735 1070 829 1121 καὶ
864 1073 1112 1138 νεκροὺς,
1147 1072 1352 1136 ὰῖδίως,
1396 1073 1474 1136 ὡς
1501 1076 1586 1127 ἀεὶ
1617 1077 1830 1146 συμϐα-

257 1160 538 1214 σιλεύοντα
567 1161 643 1230 τῷ
678 1163 851 1234 Πατρὶ
871 1166 952 1227 εἰς
983 1163 1108 1228 τοὺς
1130 1167 1393 1237 ἀπείρους
1427 1169 1646 1232 αἰῶνας.
1680 1171 1828 1242 Αὕτη

256 1252 290 1320 ἠ
321 1251 421 1320 τῆς
467 1251 791 1320 Ἐκκλησίας
823 1253 1156 1322 ἀποστολικὴ
1185 1257 1279 1308 καὶ
1309 1257 1606 1326 ἀμώμητος
1625 1261 1828 1324 πίστις,

254 1343 446 1412 ἥντινα
479 1344 684 1397 ἄνωθεν
718 1345 847 1414 παρ’
899 1345 1064 1399 αὑτοῦ
1093 1345 1190 1400 τοῦ
1219 1349 1427 1419 Κυρίου
1449 1349 1536 1404 διὰ
1565 1351 1674 1404 τῶν
1697 1354 1836 1406 ἀπο-

260 1435 462 1487 στόλων
509 1436 573 1487 ὲκ
605 1436 884 1506 προγόνων
932 1438 1014 1500 εἰς
1061 1439 1324 1506 ἐκγόνους
1372 1443 1769 1512 παραδοθεῖσαν
1799 1448 1832 1516 ἡ

271 1525 571 1596 Ἐκκλησία
613 1527 924 1596 πρεσϐεύει,
966 1532 1062 1582 καὶ
1109 1529 1204 1584 νῦν
1246 1533 1342 1584 καὶ
1386 1533 1469 1596 είς
1498 1533 1586 1586 ἀεὶ
1632 1533 1836 1605 ταύτην

257 1623 472 1688 κρατεῖ,
505 1621 750 1685 εἰπόντος
789 1622 883 1674 τοῦ
922 1623 1128 1694 Κυρίου
1179 1627 1294 1689 τοῖς
1328 1627 1596 1698 μαθηταῖς
1619 1643 1634 1657 ·
1673 1645 1692 1679 r
1729 1631 1836 1682 Πο-

1937 549 2160 588 versaas
2189 550 2312 590 cum
2342 537 2442 600 eis,
2493 536 2816 605 tradensque
2849 535 2954 591 illis
2981 535 3234 590 salutaria
3265 548 3508 604 pracep-

1937 633 2112 678 torum
2142 625 2387 696 pignora,
2431 627 2566 699 ipsis
2587 628 2896 684 videntibus
2919 629 2984 681 ad
3023 627 3188 682 caelos
3215 625 3392 689 rediit,
3422 638 3510 680 se-

1937 716 2173 785 dereqne
2228 716 2374 770 illum
2431 719 2498 771 ad
2541 717 2718 772 Patris
2771 721 3015 773 dextram
3055 717 3198 772 sacri
3227 715 3374 768 Libri
3416 717 3509 770 de-

1935 817 2242 862 monstrant
2263 810 2332 862 ‘7.
2371 809 2536 876 Quem
2563 817 2618 864 et
2645 811 2700 864 in
2729 811 2836 865 [ine
2865 809 3047 864 saeculi
3075 806 3518 875 adjudicandum

1935 901 2088 954 viros
2129 910 2183 954 et
2229 909 2470 958 mortuos
2515 912 2798 956 venturum
2841 911 3220 970 exspectamus
3265 915 3282 952 :
3321 899 3410 967 qui
3453 897 3504 949 in

1933 1003 2220 1058 aeternum,
2256 1001 2314 1044 ut
2342 1007 2556 1062 semper
2590 1009 2691 1046 una
2721 1008 2842 1047 cum
2868 992 3027 1046 Patre
3059 999 3245 1060 regnat
3287 1003 3381 1058 per
3422 987 3505 1040 in-

1935 1083 2084 1136 ﬁnita
2118 1085 2332 1138 stt-cnla.
2381 1085 2504 1138 Haec
2548 1094 2632 1138 est
2673 1084 2930 1138 Ecclesiae
2973 1083 3107 1136 ﬁdes
3133 1081 3422 1148 apostolica
3452 1089 3507 1130 et

1933 1174 2226 1242 inculpata,
2254 1190 2412 1244 quam
2443 1179 2674 1244 desuper
2697 1177 2763 1229 ab
2786 1176 2900 1246 ipso
2928 1174 3152 1228 Domino
3175 1188 3271 1240 per
3289 1179 3506 1240 aposto-

1932 1263 2034 1330 los,
2062 1273 2114 1318 et
2142 1280 2171 1319 a
2225 1266 2480 1321 Patribus
2504 1269 2568 1320 ad
2619 1267 2754 1323 ﬁlios
2791 1269 3039 1322 traditam
3083 1265 3316 1319 Ecclesia
3351 1262 3501 1323 colit,

1933 1367 1986 1412 et
2019 1372 2192 1425 usque
2240 1373 2382 1413 nunc
2425 1370 2479 1414 et
2515 1361 2568 1414 in
2620 1362 3004 1429 sempiternum
3042 1359 3256 1416 retinet,
3293 1355 3504 1409 dicente

1935 1449 2049 1504 suis
2072 1450 2350 1519 discipulis
2381 1452 2608 1507 Domino
2635 1471 2650 1508 :
2677 1471 2698 1505 ι
2725 1452 2926 1506 Euntes
2952 1455 3136 1505 docete
3164 1462 3352 1502 omnes
3379 1460 3507 1512 gen-

1935 1549 2038 1605 tes,
2087 1543 2424 1612 baptizantes
2459 1559 2556 1600 eos
2609 1547 2662 1599 in
2689 1546 2908 1599 nomine
2952 1542 3153 1604 Patris,
3181 1549 3238 1594 et
3267 1537 3411 1601 Filii,
3449 1545 3507 1588 ct

1936 1633 2178 1702 Spiritus
2203 1637 2374 1692 sancti
2392 1636 2460 1691 ⁸⁸.
2495 1655 2516 1691 ι
3443 1638 3446 1642 ’

263 1713 546 1784 ρευθέντες
571 1715 944 1788 μαθητεύσατε
965 1713 1144 1774 πάντα
1177 1720 1244 1775 τὰ
1287 1721 1436 1792 ἔθνη,
1470 1722 1824 1794 βαπτίζοντες
1867 1728 2064 1794 αὐτοὺς
2087 1735 2168 1795 είς
2231 1733 2293 1785 τὸ
2317 1731 2488 1795 ὕνομα
2546 1731 2640 1786 τοῦ
2677 1729 2890 1802 Πατρδς
2914 1730 3006 1783 καὶ
3030 1729 3124 1782 τοῦ
3143 1727 3275 1780 Υἱοῦ
3297 1719 3503 1778 καὶτοῦ

260 1809 420 1876 ἁγίου
451 1811 786 1880 Πνεύματος.
830 1830 850 1864 ›

836 1907 1090 1962 ΚΕΦΑΛ.
1129 1909 1257 1966 KA'.

257 2016 400 2084 Περὶ
443 2015 550 2086 τῆς
602 2015 720 2070 τῶν
772 2018 1051 2086 Πατέρων
1103 2021 1440 2090 ὁμοφωνίας
1480 2021 1596 2092 τῆς
1641 2028 1730 2092 εὶς
1764 2027 1832 2080 τὸ

873 2092 1215 2158 ὀμοούσιον.

327 2195 548 2250 Τούτων
585 2197 756 2262 οὕτως
788 2199 894 2252 ὑπὸ
924 2198 1020 2252 τοῦ
1053 2201 1206 2268 ἁγίου
1252 2203 1570 2274 Πνεύματος
1607 2206 1696 2261 διὰ
1727 2206 1836 2260 τῶν

256 2287 431 2354 ἁγίων
451 2289 608 2358 ἡμῶν
639 2292 916 2362 Πατέρων,
935 2290 1043 2344 τῶν
1074 2295 1132 2344 ἐν
1159 2293 1342 2364 ἐκείνῃ
1374 2297 1438 2366 τῇ
1471 2295 1604 2369 ἁγίᾳ
1633 2299 1835 2368 συνόδῳ

260 2379 714 2450 συνειλεγμένων,
741 2382 1190 2452 ὲκφωνηθέντων,
1222 2386 1526 2454 ὲμεγάλυνε
1567 2389 1658 2440 τὸν
1702 2389 1836 2442 Θεὸν

256 2468 402 2523 ἅπαν
439 2471 500 2522 τὸ
538 2472 741 2542 πλῆθος
761 2473 956 2534 ἐκεῖνο,
993 2474 1056 2528 τὸ
1088 2476 1168 2536 είς
1206 2479 1304 2544 τὴν
1328 2477 1591 2548 ἀκρόασιν
1619 2481 1834 2550 ἐκείνην

257 2559 531 2616 συνελθόν.
570 2565 906 2636 Ἐπηκροᾶτο
938 2566 995 2618 δὲ
1032 2567 1126 2619 καὶ
1155 2567 1318 2632 αὐτὸς
1352 2571 1380 2622 ό
1425 2569 1835 2638 θεοφιλέστατος

256 2652 531 2719 βασιλεὺς,
565 2656 866 2726 συμπαρὼν
894 2657 986 2710 καὶ
1011 2659 1172 2723 αὐτὸς
1215 2658 1284 2712 τὰ
1334 2659 1562 2714 πλεῖστα
1596 2665 1660 2732 τῇ
1703 2679 1832 2715 συν-

254 2744 387 2813 όδῳ·
421 2748 516 2798 καὶ
581 2747 1010 2818 ὑπεραγασθεὶς,
1035 2749 1250 2816 ἐδόξαζε
1277 2751 1370 2804 τὸν
1399 2751 1552 2816 Θεὸν,
1575 2754 1833 2808 τοιούτων

251 2834 568 2898 ἐπακούσας
595 2835 756 2890 θείων
783 2837 1090 2908 δογμάτων,
1115 2842 1320 2912 χαίρων
1346 2843 1482 2910 δῆτα
1503 2845 1594 2896 ἐπὶ
1622 2847 1686 2916 τῇ
1721 2845 1830 2898 τῶν

251 2927 539 2997 ἡμετέρων
566 2929 877 2984 ἐπισκόπων
903 2933 1209 3006 συμφωνίᾳ,
1241 2935 1644 3006 ἡγαλλιᾶτοχτῷ
1668 2937 1832 2990 πνεύ-

256 3035 427 3086 ματιο
467 3018 694 3074 ἔσπευδε
728 3023 836 3092 γὰρ
875 3025 1104 3094 μηδένα,
1150 3026 1224 3097 μὴ
1277 3027 1495 3106 μέγαν,⁵
1521 3029 1595 3098 μὴ
1635 3030 1832 3099 μικρὸν

251 3107 589 3177 διαφωνῆσαι
623 3109 826 3180 ταύτης
863 3113 960 3187 τῆς
1003 3115 1271 3184 σωτηρίου
1319 3107 1630 3186 ὁμολογίας.
1677 3119 1831 3172 Μετὰ

251 3197 383 3264 γοῦν
411 3197 508 3268 τὴν
534 3199 732 3270 πολλὴν
760 3201 964 3270 ταύτην
995 3205 1088 3256 καὶ
1122 3206 1344 3274 χρονίαν
1381 3206 1481 3276 τῆς
1513 3225 1826 3278 προσκυνη-

249 3286 352 3354 τῆς
405 3287 648 3356 σκέψεως
705 3289 1088 3363 ἐκπλήρωσιν,
1133 3293 1280 3359 ἔδοξε
1327 3298 1492 3348 πᾶσιν
1541 3297 1674 3366 ὁμοῦ
1717 3300 1828 3362 τοῖς

251 3378 567 3446 ἡμετέροις,
602 3379 661 3432 τὸ
701 3381 986 3450 όμοούσιον
1015 3382 1122 3436 δεῖν
1159 3384 1447 3454 ὁρίσασθαι
1478 3387 1571 3440 ἐπὶ
1605 3387 1704 3458 τῆς
1732 3389 1826 3442 ὲκ-

249 3469 642 3540 κ).ησιαστικῆς
681 3471 914 3536 πίστεως
951 3471 1012 3526 ὃν
1055 3474 1256 3544 τρόπον
1298 3477 1392 3530 καὶ
1421 3479 1471 3530 oi
1523 3479 1662 3548 μετὰ
1699 3480 1826 3541 τοὺς

248 3561 582 3624 ἀποστόλους
617 3560 760 3629 ἅγιοι
793 3563 949 3632 ἡμῶν
979 3566 1223 3636 Πατὲρες
1270 3567 1476 3638 ταύτην
1521 3572 1825 3640 παρέδοσαν

246 3651 350 3720 τὴν
377 3652 580 3712 πίστιν,
615 3651 759 3706 τοῦτ’
791 3653 908 3706 ἐστι
929 3658 1026 3724 τῆς
1058 3657 1228 3726 αὐτῆς
1258 3659 1445 3722 οὐσίας
1477 3661 1577 3730 τῆς
1597 3660 1690 3714 τοῦ
1714 3664 1824 3714 Πα-

245 3741 376 3810 τρὺς
407 3742 687 3812 ὁμολογεῖν
729 3743 820 3797 τὸν
872 3745 998 3798 Υίὸν
1033 3747 1125 3800 καὶ
1159 3748 1218 3800 τὸ
1260 3749 1485 3817 Πνεῦμα
1531 3750 1592 3803 τὸ
1646 3751 1820 3819 ἆγιον.

249 3837 477 3890 Ἥντινα
513 3839 692 3892 πίστιν
723 3841 924 3902 πάντες
955 3842 1004 3892 οἱ
1033 3841 1091 3892 ὲν
1122 3843 1186 3910 τῇ
1235 3841 1488 3894 Νικαέων
1537 3843 1822 3913 συναθροι-

249 3929 471 3992 σθέντες
501 3929 644 3998 ἆγιοι
684 3932 974 3984 ἐπίσκοποι
1007 3931 1363 3996 ἐϐεϐαίωσαν,
1391 3933 1451 3986 τό
1497 3950 1558 3986 τε
1587 3935 1694 3987 τῶν
1745 3937 1822 3988 ἱε-

251 4019 492 4086 ρατικῶν
521 4021 614 4073 καὶ
647 4020 996 4090 ὁμο).ογητιτ›ν
1047 4021 1256 4092 ἀνδρῶν
1303 4021 1527 4089 πλῆθος,
1575 4023 1734 4086 αὑτός
1763 4041 1822 4076 τε

246 4111 276 4162 ὁ
307 4110 662 4181 πανεύφημος
693 4113 788 4164 καὶ
815 4112 1224 4182 θεοφιλέστατος
1255 4113 1526 4182 βασιλεὺς,
1559 4116 1652 4168 καὶ
1676 4115 1822 4169 ἆπαν

243 4200 308 4252 τὸ
353 4201 532 4253 ἐκεῖσε
577 4202 684 4256 τῶν
717 4203 920 4255 πιστῶν
954 4203 1307 4272 συνεληλυθὸς
1349 4205 1568 4268 πλῆθος,
1603 4206 1820 4277 χαίρον-

241 4307 338 4353 τες
389 4291 714 4356 ἀπεδέξαντο
745 4292 843 4364 τὴν
881 4294 1170 4363 ὁμολογίαν
1217 4296 1314 4365 τῆς
1363 4296 1616 4360 πίστεως,
1675 4315 1820 4368 παρ.

240 4382 404 4444 εκτδς
437 4383 798 4436 ἑπτακαίδεκα
829 4385 1141 4437 ἐπισκόπων
1175 4385 1268 4438 τὸν
1307 4385 1557 4456 ἀριθμὸν,
1599 4381 1820 4458 περἰὧν

243 4476 341 4528 καὶ
365 4476 622 4544 ἀνωτέρω
645 4475 948 4544 εἰρήκαμεν
977 4491 988 4504 ·
1020 4471 1098 4538 οἷς
1120 4479 1147 4528 ὀ
1181 4477 1396 4546 Ἄρειος
1426 4478 1820 4548 ἐπιτέρπεσθαι

241 4566 440 4628 δοκῶν,
476 4566 572 4618 σὺν
601 4569 781 4629 αὐτοῖς
815 4566 976 4631 ἑάλω,
1014 4567 1321 4635 συμφώνοις
1354 4568 1503 4638 αύτῷ
1545 4565 1685 4634 οὖσι,
1735 4571 1820 4622 λε-

239 4658 448 4724 γόντων
469 4657 648 4710 αὐτῶν
674 4659 771 4711 σὺν
802 4658 968 4727 αὐτῷ,
990 4658 1186 4723 ἔξωθεν
1215 4661 1304 4713 τὸν
1339 4661 1466 4712 Υίδν
1498 4661 1820 4732 δεδημιουρ-

239 4746 450 4814 γῆσθαι
478 4747 554 4817 τῷ
584 4747 705 4818 Θεῷ
735 4749 798 4802 ἐκ
833 4748 906 4818 μὴ
934 4748 1101 4801 ὅντων
1129 4751 1290 4804 τινῶν
1319 4752 1688 4816 ύποστάσεων,
1717 4754 1813 4805 καὶ

237 4837 345 4891 οὐκ
373 4837 467 4889 ἀπ’
495 4839 664 4909 αὐτῆς
693 4841 791 4909 τῆς
821 4843 913 4894 τοῦ
943 4844 1152 4914 Πατρὸς
1183 4844 1432 4914 θεότητος
1470 4842 1818 4913 γεννηθέντα.

819 4955 1064 5008 ΚΕΦΛᾹ.
1120 4953 1247 5006 κε’.

234 5061 438 5113 ’Ὅπου
462 5061 580 5114 ὑπὸ
607 5062 710 5115 τοῦ
733 5064 934 5118 κοινοῦ
961 5064 1069 5130 τῆς
1095 5065 1358 5118 συνόδου
1390 5067 1812 5132 ἑκκυρύττεται

455 5133 488 5182 ό
527 5131 752 5198 ἀσεϐὴς
777 5135 1022 5200 Ἄρειος,
1056 5135 1154 5186 καὶ
1181 5138 1234 5186 οἱ
1264 5135 1385 5187 σὺν
1409 5131 1586 5201 αὐτῷ.

313 5241 406 5292 Διὸ
440 5241 812 5311 ἐκκηρύκτους
843 5245 1040 5306 αὐτοὺς
1075 5243 1172 5296 καὶ
1214 5241 1369 5306 αὖθις
1424 5244 1675 5312 γενέσθαι
1717 5247 1814 5298 σὺν

247 5333 452 5402 ’Λρείῳ
483 5335 582 5400 τῆς
613 5334 906 5405 καθολικῆς
942 5336 1284 5404 Ἐκκλησίας,
1318 5337 1581 5406 παμψηφὶ
1614 5339 1812 5402 πάντες

231 5424 287 5474 οἱ
327 5423 472 5488 ἅγιοι
513 5424 669 5492 ἡμῶν
714 5425 950 5494 Πατέρες
981 5427 1267 5496 ὡρίσαντο,
1315 5427 1810 5496 ἀναθεματίσαντες

231 5513 441 5575 αὐτούς
460 5529 517 5564 τε
545 5512 638 5565 καὶ
657 5513 750 5582 τὴν
770 5514 938 5584 ἀσεϐῆ
959 5515 1138 5566 αὐτῶν
1158 5512 1334 5578 δόξαν,
1361 5515 1453 5567 καὶ
1473 5516 1541 5567 τὰ
1567 5518 1804 5587 ῥήματα,

308 5669 356 5701 ⁴⁷
381 5668 502 5721 Act.
535 5683 572 5730 ι,
607 5667 759 5720 ’5-Η.
841 5669 882 5698 πθ
907 5668 1094 5722 .‘ilattb.
1127 5686 1314 5733 XXVIII,
1355 5672 1434 5732 19,
1468 5673 1560 5728 '20.

2527 1913 2682 1972 CAP.
2721 1913 2911 1970 XXIV.

2075 2027 2157 2082 De
2183 2030 2415 2084 omnium
2453 2044 2707 2084 consensu
2733 2031 2874 2084 circa
2901 2027 3364 2083 consubstantiale.

2007 2200 2102 2257 His
2164 2202 2268 2257 hoc
2333 2204 2493 2258 modo
2539 2217 2571 2256 a
2629 2210 2818 2256 sancto
2875 2200 3078 2270 Spiritu
3129 2214 3226 2268 per
3285 2206 3504 2254 sanctos

1935 2293 2128 2348 Patres
2158 2305 2373 2347 nostros
2396 2293 2447 2346 in
2483 2307 2635 2347 sacra
2664 2293 2754 2346 illa
2785 2293 2988 2360 synodo
3018 2290 3294 2352 collectos,
3333 2289 3501 2357 expli-

1935 2383 2091 2446 catis,
2119 2383 2500 2452 magniﬁcabat
2531 2381 2695 2437 Deum
2721 2393 2826 2436 tata
2851 2381 2940 2436 illa
2965 2380 3270 2442 multitudo,
3295 2393 3414 2447 qua
3435 2379 3502 2432 ad

1937 2474 2264 2528 auditionem
2303 2472 2446 2525 illam
2475 2484 2821 2527 convenerat.
2851 2469 3208 2526 Ausrultabat
3239 2479 3414 2524 autem
3449 2479 3504 2522 et

1935 2565 2050 2632 ipse
2075 2564 2182 2618 Deo
2201 2563 2618 2618 amabilissinms
2639 2579 2756 2628 rex,
2790 2565 2878 2632 qui
2905 2573 2959 2616 ιιι
2987 2563 3272 2631 plurimum
3319 2564 3507 2614 aderat

1935 2656 2159 2727 synodo,
2203 2665 2258 2710 et
2318 2656 2739 2710 admirabundus
2813 2656 3068 2710 laudabat
3127 2656 3312 2718 Deum,
3379 2668 3502 2708 cum

1935 2746 2116 2803 divina
2165 2730 2296 2802 "hate
2362 2749 2600 2803 audisset
2677 2749 2972 2814 dogmata;
3030 2756 3082 2801 ct
3134 2748 3372 2818 gaudens
3435 2746 3504 2798 de

1935 2849 2239 2894 nostrorum
2283 2839 2654 2908 episcoporum
2687 2839 2995 2904 concordia,
3041 2839 3347 2894 exsultabat
3386 2837 3502 2906 spi-

1935 2931 2038 2986 ritu
2067 2950 2080 2984 :
2113 2933 2361 2987 studebat
2386 2932 2530 2986 enim
2562 2931 2830 2984 neminem
2867 2944 3038 3000 neque
3088 2945 3368 2998 magnum,
3405 2943 3504 2982 ne-

1933 3037 2038 3090 que
2091 3036 2319 3093 parvum
2365 3023 2431 3077 ab
2483 3021 2584 3075 bac
2623 3022 2962 3076 confessione
3007 3019 3316 3072 dissentire.
3377 3015 3505 3072 Post

1933 3113 2145 3184 longam
2203 3113 2366 3184 igitur
2395 3121 2558 3182 atque
2613 3112 2918 3166 diuturnam
2993 3109 3151 3178 hujus
3209 3108 3502 3160 adoranda:

1933 3201 2388 3258 considerationis
2417 3199 2828 3271 plenitudinem,
2861 3199 3032 3252 visum
3065 3206 3150 3252 est
3179 3196 3339 3251 simul
3383 3210 3503 3250 om-

1857 3271 1899 3329 ο
1936 3293 2093 3346 nibus
2138 3291 2356 3357 nostris,
2397 3290 2862 3347 consubstantiale
2912 3293 2963 3344 in
2997 3289 3364 3347 ecclesiastica
3401 3289 3502 3344 ﬁde

1933 3383 2145 3458 deﬁniri
2175 3393 2445 3452 oportere,
2481 3384 2546 3437 ad
2567 3384 2846 3438 eumdem}
2862 3382 3077 3437 modum
3128 3399 3234 3452 quo
3283 3393 3337 3438 et
3381 3392 3503 3454 post

1931 3475 2204 3544 apostolos
2235 3475 2403 3530 sancti
2432 3473 2622 3530 Patres
2665 3473 2835 3529 nostri
2885 3474 3040 3530 ﬁdem
3076 3477 3214 3530 banc
3253 3474 3494 3530 tradide-

1933 3576 2076 3630 rant,
2108 3569 2210 3622 boc
2241 3575 2343 3632 est,
2377 3566 2619 3622 conﬁteri
2645 3565 2840 3621 Filium
2873 3575 2928 3620 et
2952 3565 3211 3636 Spiritum
3246 3575 3498 3622 sanctum

1929 3659 2172 3727 ejusdem
2210 3657 2524 3713 substantiae
2553 3674 2674 3714 cum
2703 3657 2885 3712 Patre.
2913 3657 3080 3725 Quam
3121 3657 3278 3712 ﬁdem
3310 3671 3500 3711 omnes

1927 3751 2120 3806 Nicaea:
2161 3749 2469 3819 congregati
2499 3749 2668 3804 sancti
2699 3749 2936 3818 epise0pi
2973 3749 3388 3811 conlirmarunt,
3441 3756 3499 3798 et

1933 3852 2040 3895 tota
2076 3856 2358 3896 sacrorum
2391 3850 2444 3894 et
2490 3839 2859 3894 conﬁtentium
2909 3841 3144 3892 virorum
3191 3839 3498 3902 multitudo,

1929 3943 1984 3988 et
2021 3935 2135 4002 ipse
2167 3932 2572 3986 laudatissimus
2621 3939 2676 3984 et
2717 3929 2828 3984 Deo
2879 3930 3262 3985 dilectissimus
3301 3945 3412 3994 rex,
3445 3941 3500 3982 et

1931 4035 2040 4080 tota
2076 4023 2308 4078 ﬁdelium
2347 4038 2466 4093 quae
2519 4021 2628 4074 illic
2650 4030 2981 4075 convenerat
3017 4020 3326 4084 multitudo,
3362 4035 3496 4088 gau-

1929 4120 2117 4174 dentes
2139 4117 2280 4170 banc
2312 4115 2433 4170 ﬁdei
2462 4115 2854 4169 confessionem
2897 4105 3272 4181 susceperunt,
3304 4121 3499 4182 prteter

1929 4207 2318 4278 septemdecim
2351 4206 2723 4275 episcoporum
2751 4220 3060 4268 numerum,
3103 4205 3166 4256 de
3189 4205 3382 4273 quibus
3404 4219 3498 4256 su-

1929 4316 2024 4370 pra
2049 4300 2210 4354 etiarn
2235 4299 2474 4352 diximus
2502 4315 2514 4350 :
2561 4299 2758 4367 quibus
2789 4312 2908 4350 cum
2935 4297 3190 4350 delectari
3227 4299 3388 4350 Arius
3419 4298 3497 4350 vi-

1929 4393 2166 4452 deretur,
2197 4395 2473 4444 convictus
2497 4398 2580 4444 est
2605 4405 2722 4442 cum
2763 4389 2892 4457 ipsis
2917 4389 2964 4440 ei
3013 4389 3496 4453 consentitmt‘bus,

1930 4483 2021 4550 qui
2051 4497 2170 4536 cum
2195 4497 2258 4536 eo
2281 4481 2598 4536 asserebant
2647 4483 2890 4534 exterius
2917 4479 3116 4532 factum
3163 4494 3283 4533 esse
3333 4497 3359 4531 a
3391 4479 3498 4532 DN)

1928 4572 2118 4625 Filium
2145 4588 2208 4628 ex
2233 4571 2554 4640 quibusdam
2580 4573 2896 4626 substantiis
2920 4587 3024 4626 non
3061 4573 3419 4636 exstantibus,
3447 4585 3497 4624 et

1929 4679 2030 4718 non
2055 4679 2120 4720 ex
2149 4664 2262 4734 ipsa
2287 4663 2462 4718 Patris
2487 4663 2768 4718 divinitate
2792 4664 3034 4732 genitum
3071 4663 3257 4718 fuisse.

2523 4947 2674 5002 car.
2735 4947 2902 5029 xxv.

1924 5061 2197 5126 Quomodo
2235 5062 2305 5114 ab
2349 5062 2589 5114 universa
2625 5062 2823 5129 synodo
2863 5062 3346 5122 excommuuicamr
3390 5063 3494 5115 im-

2250 5133 2366 5199 pius
2390 5131 2571 5192 Arius,
2596 5141 2642 5184 et
2669 5131 2756 5200 qui
2784 5147 2900 5184 cum
2923 5133 3015 5184 illo
3049 5140 3221 5186 erant.

1993 5243 2279 5310 Propterea
2321 5257 2508 5295 rursus
2554 5251 2706 5295 extra
2741 5242 2982 5296 ecclesia:
3019 5241 3301 5295 catholicae
3335 5255 3488 5293 com-

1919 5331 2229 5386 munionem
2283 5329 2403 5397 pelli
2449 5346 2544 5384 eos
2592 5347 2714 5385 cum
2759 5331 2890 5384 Ario
2931 5331 3182 5384 omnibus
3219 5330 3488 5399 sulfragiis

1917 5425 2087 5478 sancti
2127 5423 2316 5476 Patres
2352 5423 2518 5476 nostri
2557 5423 2909 5487 delinierunt,
2958 5423 3489 5476 anathematizantcs

1917 5517 2094 5585 ipsos,
2147 5526 2200 5570 ct
2233 5515 2446 5584 impiam
2509 5515 2745 5586 ipsorum
2806 5514 3154 5583 opinionem,
3209 5523 3262 5570 ct
3323 5515 3489 5570 verba
