4042 6142
614 310 633 372 1
647 312 745 374 3'37

1843 303 2147 366 GELASII
2188 301 2496 365 CYZICEN
2504 304 2531 364 Ι

3745 308 3763 364 1
3776 306 3880 367 308

611 436 820 487 eorum,
850 430 1011 487 atque
1041 419 1385 488 blasphemas
1410 419 1728 480 sententias.
1760 417 1958 488 quibus
1986 419 2179 470 adver-

2296 415 2382 467 καὶ
2411 415 2477 469 τὰ
2509 415 2755 484 νοήματα
2786 413 2968 467 αὐτῶν
2996 416 3062 468 τά
3104 413 3423 484 βλάσφημα,
3453 410 3537 476 οἷς
3572 413 3883 483 ἐκέχρηντο

611 528 705 566 sus
734 509 926 564 Filium
958 511 1047 563 Dei
1073 510 1638 574 utebantur,dicentes
1667 526 1681 561 :
1712 507 1789 562 Ex
1825 523 1930 561 non
1959 515 2181 562 exstan-

615 604 756 656 tibus
801 603 970 670 ipsum
1003 617 1146 665 esse,
1171 610 1224 655 et
1250 603 1390 669 quod
1417 611 1534 655 erat
1569 603 1784 669 quando
1819 616 1926 654 non
1954 610 2096 664 eral,
2127 606 2182 654 et

611 694 752 764 quod
788 694 1052 746 libertatis
1099 696 1166 747 ad
1207 694 1466 747 malitiam
1505 702 1666 762 atque
1716 693 1970 746 virtutem
2007 707 2180 759 capax

613 793 695 837 est
743 785 857 850 ipse
901 780 1067 836 Filius
1101 782 1216 848 Dei,
1250 794 1304 838 et
1341 783 1483 853 quod
1517 784 1588 839 sit
1638 793 1888 837 creatura
1923 793 1980 836 et
2026 797 2180 849 opus.

614 875 804 927 Omnia
836 877 947 929 birc
991 886 1045 928 et
1075 875 1333 945 ipsosmet
1363 883 1550 929 sancta
1579 874 1815 945 synodus
1838 874 2183 928 anathemate

613 965 904 1034 percussit,
962 981 1063 1020 nec
1119 968 1306 1021 audire
1359 967 1574 1036 quidem
1629 966 1905 1020 sustinens
1963 965 2182 1034 impiam

615 1072 800 1109 eorum
850 1056 1158 1125 opinionem
1211 1067 1266 1110 et
1309 1058 1620 1121 amentiam,
1654 1067 1816 1126 atque
1868 1056 2184 1124 blaspbema

617 1147 800 1201 verba.
833 1147 971 1211 Quin
1017 1157 1072 1201 et
1103 1148 1331 1201 tabellas
1362 1147 1600 1214 ipsorum
1655 1147 1950 1217 impietatis
1980 1147 2184 1214 plenas,

615 1253 752 1302 quas
793 1237 989 1292 οιτον-το
1041 1234 1466 1318 ausiJueraut.
1512 1239 1760 1308 protinus
1795 1239 2183 1293 dilacerarunt.

620 1328 685 1382 Et
719 1345 839 1396 (pne
868 1328 1082 1396 quidem
1121 1327 1329 1381 illorum
1359 1339 1534 1393 erant,
1574 1345 1602 1382 a
1635 1340 1821 1384 sancta
1867 1331 2074 1401 synodo
2105 1341 2187 1384 Ia-

621 1421 722 1472 lem
751 1421 937 1474 sortita
977 1427 1101 1472 sunt
1139 1419 1320 1474 (linem.
1363 1421 1492 1486 Qua:
1528 1431 1707 1474 autem
1739 1421 1863 1476 ﬁdei
1915 1431 2072 1476 erant
2098 1437 2189 1476 or-

624 1511 894 1574 tbodoxzc,
942 1520 997 1564 et
1045 1513 1386 1565 concorditer
1433 1529 1622 1568 oumes
1651 1513 1894 1583 episcopi
1943 1529 2190 1582 compre-

622 1604 844 1654 hensum
900 1603 1152 1657 brevibus
1215 1605 1392 1658 verbis
1447 1606 1906 1674 complectentes,
1970 1617 2191 1675 propter

625 1694 793 1746 fidelis
842 1693 1156 1763 populorum
1210 1696 1569 1750 multitudinis
1627 1697 2066 1764 simplicitatem,
2113 1699 2186 1752 ita

621 1782 821 1851 scripto
855 1793 1220 1851 exposuerunt
1251 1785 1530 1838 catholica:
1562 1785 1682 1839 lidei
1715 1785 2037 1856 symbolum.

1207 1987 1358 2043 CAP.
1399 1987 1584 2042 XXVI.

625 2095 901 2160 Expositio
944 2097 1214 2151 catholicis
1257 2109 1304 2150 et
1358 2098 1655 2164 apostolica:
1692 2098 1816 2164 ﬁdei
1865 2101 1919 2152 in
1977 2095 2192 2153 Nicmm

694 2170 894 2235 synodo
925 2168 1299 2237 promulgnlm,
1331 2172 1424 2220 sub
1461 2168 1568 2237 Deo
1604 2169 1914 2220 charissima
1969 2169 2194 2237 impera-

694 2249 806 2290 tore
837 2235 1200 2295 Constantino.
1251 2239 1306 2289 in
1341 2236 1612 2289 consulatu
1661 2237 1876 2290 Pan/ini
1909 2247 1956 2289 et
1991 2235 2192 2289 Iuli/mi

692 2307 998 2368 illustrium,
1032 2325 1169 2359 mmo
1202 2308 1266 2358 ab
1291 2306 1588 2360 Alexandro
1632 2305 1992 2361 DCXXXVI.
2023 2323 2194 2359 ιιιριιιιθ

693 2377 858 2430 Junio
884 2387 1004 2429 ante
1029 2392 1122 2432 xm
1149 2378 1374 2431 Kalend.
1400 2377 1597 2443 Iulias,
1626 2380 1679 2431 in
1723 2375 1908 2434 Nica’a
1932 2375 2196 2446 Bithynia

693 2447 986 2515 metropoli.

692 2689 974 2744 Credimus
1000 2690 1050 2742 in
1083 2705 1245 2742 unum
1275 2688 1462 2750 Deum.
1495 2687 1709 2744 Patrem
1739 2690 2188 2759 omnipotentem,

625 2784 860 2835 Omnium
911 2781 1196 2834 visibilium
1257 2791 1310 2834 et
1359 2781 1706 2835 invisildlium
1758 2793 2095 2838 creatorem:
2134 2783 2200 2838 Et

629 2874 679 2926 in
726 2889 888 2924 unum
943 2871 1223 2925 Dominum
1293 2870 1474 2926 Jesunt
1521 2870 1794 2926 Clu-istum
1856 2869 2047 2926 Filium
2106 2873 2196 2928 Dei

630 2966 958 3032 unigenitum
993 2980 1056 3018 ex
1105 2963 1263 3016 Patre
1305 2974 1509 3028 uatum,
1557 2965 1608 3017 id
1650 2974 1732 3019 est
1778 2979 1843 3018 ex
1899 2965 2199 3020 substantia

628 3050 827 3116 Patris,
882 3053 1044 3106 Deum
1112 3055 1176 3106 de
1225 3053 1352 3115 Deo,
1405 3054 1582 3107 lumen
1641 3055 1708 3108 de
1767 3055 1986 3122 lumine,
2033 3057 2195 3110 Deum

633 3160 815 3196 verum
843 3145 906 3195 de
927 3143 1035 3196 Dco
1055 3158 1204 3210 vero,
1228 3145 1466 3210 genitum
1488 3161 1591 3198 non
1613 3145 1830 3208 factum,
1856 3148 2200 3201 consubstan-

636 3232 814 3285 tialem
862 3230 1048 3296 Patri,
1080 3248 1174 3301 per
1209 3249 1368 3300 quem
1418 3235 1597 3285 omnia
1647 3234 1783 3288 facta
1829 3247 1949 3288 sunt
1987 3252 2104 3303 qua:
2146 3237 2198 3289 in

593 3310 774 3378 “cado
812 3333 862 3377 et
893 3339 1013 3392 qu:e
1048 3323 1098 3376 in
1135 3333 1302 3381 terra.
1334 3322 1432 3388 Qui
1468 3334 1684 3391 propter
1721 3340 1816 3377 nos
1872 3326 2120 3379 boiuines
2148 3335 2202 3379 ct

637 3423 853 3482 propter
888 3422 1123 3466 nostram
1172 3415 1397 3467 salutem
1437 3414 1738 3480 descendit,
1795 3424 1846 3467 et
1893 3416 2202 3470 incarnatus

635 3515 712 3559 est
735 3546 748 3568 ,
799 3516 848 3558 cl
883 3507 1042 3560 bomo
1076 3505 1285 3568 factus,
1321 3519 1512 3572 passus
1553 3514 1670 3567 est,
1705 3506 1939 3574 septilms
1973 3515 2050 3560 est
2073 3545 2088 3568 ,
2149 3516 2202 3560 et

639 3599 936 3651 resurrexit
981 3597 1134 3648 tertia
1169 3597 1274 3657 die,
1310 3606 1365 3650 et
1389 3596 1630 3650 ascendit
1673 3596 1723 3649 in
1758 3597 1943 3661 caelos,
1969 3607 2022 3652 et
2051 3599 2202 3652 sedet.

640 3688 702 3738 ad
732 3688 1007 3741 dexteram
1035 3686 1233 3749 Patris,
1256 3697 1310 3740 et
1340 3688 1532 3741 iterum
1565 3697 1825 3742 venturus
1852 3700 1932 3743 est
1959 3689 2204 3757 judiCare

641 3779 788 3830 πίνος
822 3789 875 3831 et
917 3789 1174 3832 mortuos.
1206 3779 1270 3831 Et
1318 3779 1369 3830 in
1413 3776 1674 3844 Spiritum
1707 3787 1971 3831 sanctum.
2009 3777 2078 3834 lis
2105 3795 2202 3831 au-

641 3879 747 3922 tem
781 3869 869 3938 qui
904 3869 1090 3922 dicunt
1138 3869 1302 3922 fuisse
1336 3869 1626 3938 aliquando
1680 3879 1889 3938 tempus
1936 3884 2057 3922 cum
2099 3886 2201 3922 non

637 3969 803 4022 esset,
851 3970 905 4013 et
960 3976 1022 4014 ex
1058 3961 1121 4014 iis
1165 3976 1283 4029 qnze
1325 3976 1428 4014 non
1473 3968 1599 4014 sunt
1642 3969 1842 4025 ortmn,
1877 3960 1957 4014 vel
2006 3976 2069 4014 ex
2101 3962 2202 4015 alia

637 4051 986 4104 SubsiSIentia
1025 4064 1114 4104 aut
1144 4053 1444 4105 substantia
1491 4066 1633 4114 esse,
1669 4052 1748 4104 vel
1784 4063 2022 4106 creatmn
2061 4067 2202 4119 esse,

641 4141 720 4194 vel
754 4141 994 4192 converti
1031 4151 1121 4192 aut
1165 4142 1362 4193 mutari
1393 4154 1552 4208 posse
1577 4137 1768 4192 Filium
1804 4137 1932 4203 Dei;
1965 4139 2081 4192 istis
2113 4153 2205 4192 ca-

644 4230 837 4284 tholica
871 4242 923 4285 et
963 4233 1250 4299 apostolica
1293 4231 1532 4285 Ecclesia
1573 4232 1859 4284 anathema
1898 4230 2199 4285 denuntiat.

645 4318 769 4373 llaec
822 4329 901 4374 est
949 4320 1098 4385 ﬁdes,
1152 4335 1312 4390 quam
1366 4327 1732 4388 exposuerunt
1791 4317 1980 4374 Nicaeae
2030 4319 2200 4373 sancti

2281 505 2424 558 κατά
2456 504 2550 558 τοῦ
2579 505 2708 558 Υίοῦ
2737 505 2831 558 τοῦ
2864 504 2998 558 Θεοῦ
3026 505 3296 572 λέγοντες,
3345 506 3404 572 ἐξ
3433 507 3535 558 οὐκ
3560 505 3741 559 ὄντων
3779 509 3885 560 αὖε

2281 597 2378 649 τὸν
2410 592 2572 662 εἶναι,
2606 597 2698 650 καὶ
2737 598 2818 650 ὄτι
2855 593 2922 668 ἦν
2944 614 3072 650 ποτε
3098 598 3186 650 ὅτε
3216 599 3316 650 οὐκ
3343 593 3409 666 ἦν
3429 637 3444 658 ,
3476 599 3575 650 καὶ
3620 597 3884 660 αὐτεξουο

2287 691 2494 760 σιότητι
2526 690 2726 752 κακίας
2759 690 2856 742 καί¹
2891 689 3090 758 ἀρετῆς
3121 687 3370 740 δεκτικὸν
3405 688 3574 742 αὐτὸν
3611 683 3762 740 εἶναι.
3791 689 3878 740 τὸν

2288 780 2417 834 Υἱδν
2464 781 2559 834 τοῦ
2613 781 2776 844 Θεοῦ,
2824 783 3029 851 κτίσμα
3079 781 3324 849 λέγοντες
3375 780 3539 834 αὐτὸν
3590 776 3737 833 εἶναι
3790 783 3880 832 καί

2285 873 2518 942 ποίημα.
2559 873 2972 941 Ἀνεθεμάτισεν
3015 872 3230 926 ἅπαντα
3268 871 3440 926 ταῦτα
3467 871 3561 924 καί
3585 872 3797 933 αὐτοὺς
3848 876 3879 941 ἡ

2286 967 2418 1033 ἁγία
2456 966 2692 1028 σύνοδος.
2741 964 2863 1018 οὐδὲ
2888 965 3012 1018 ὅσον
3042 963 3274 1017 ἀκοῦσαι
3307 964 3408 1032 τῆς
3440 962 3680 1024 ἀσεϐοῦς
3720 964 3876 1030 δόξης

2287 1056 2485 1119 αὐτῶν,
2525 1055 2617 1108 καὶ
2663 1055 2944 1118 ἀπονοίας,
2981 1055 3077 1107 καὶ
3128 1053 3236 1106 τῶν
3285 1053 3632 1122 βλασφήμων
3698 1053 3875 1105 αὐτῶν

2289 1148 2552 1218 ῥημάτων
2592 1146 2960 1217 ἀνασχομένη.
3021 1145 3182 1199 Ἀλλά
3234 1147 3329 1199 καὶ
3377 1146 3437 1198 τὸ
3473 1146 3774 1199 πιττάκιον
3825 1146 3874 1196 δέ

2288 1238 2488 1300 αὐτῶν,
2529 1240 2666 1308 ὅπερ
2713 1237 2883 1306 γέμον
2927 1239 3026 1307 τῆς
3065 1236 3319 1300 ἀσεϐείας
3358 1237 3537 1290 αὐτῶν
3593 1234 3875 1288 ἐπιδοῦναι

2290 1330 2616 1399 ἐτόλμησαν,
2653 1328 2993 1398 παραχρῆμα
3015 1327 3329 1398 διέρρηξαν.
3378 1327 3490 1380 Kal
3517 1326 3591 1380 τά
3627 1328 3735 1396 μὲν
3758 1327 3873 1378 κατ’

2288 1415 2534 1479 ἐκείνους
2573 1415 2812 1468 τοιοῦτον
2857 1416 3048 1484 εἴληφε
3099 1416 3247 1482 παρὰ
3291 1417 3392 1486 τῆς
3431 1417 3597 1483 ἁγίας
3654 1418 3870 1468 συνόδου

2288 1505 2461 1570 τέλος.
2495 1505 2576 1558 Τά
2604 1504 2661 1558 δέ
2693 1505 2821 1574 περὶ
2851 1505 2950 1574 τῆς
2983 1503 3263 1575 όρθοδόξου
3295 1507 3530 1567 πίστεως
3563 1505 3872 1573 συμφώνως

2289 1594 2527 1657 ἅπαντες
2555 1597 2604 1647 oi.
2633 1594 2924 1648 ἐπίσκοποι
2959 1595 3017 1646 ἐν
3043 1595 3244 1662 ὀλίγοις
3275 1596 3506 1667 ῥήμασι,
3535 1595 3630 1647 διὰ
3653 1597 3758 1658 τὴν
3784 1596 3867 1647 τοῦ

2291 1686 2484 1740 πιστοῦ
2513 1685 2754 1754 πλήθους
2773 1685 2882 1738 τῶν
2912 1684 3059 1739 λαῶν
3095 1687 3374 1754 ἁπλότητα
3403 1686 3464 1738 τὺ
3493 1686 3620 1738 ὅλον
3652 1688 3870 1757 περιλα-

2225 1754 2261 1807 Β
2294 1778 2486 1840 δόντες
2513 1817 2528 1840 ,
2555 1770 2657 1831 ὧδέ
2697 1793 2814 1840 πως
2847 1777 3139 1848 ἐγγράφως
3165 1777 3469 1831 ἐκτίθενται
3501 1777 3563 1831 τὸ
3603 1777 3706 1848 τῆς
3732 1754 3870 1832 *καθα

2291 1866 2478 1938 ολικῆς
2506 1867 2739 1931 πίστεως
2765 1866 3051 1938 σύμϐολον.

2863 1979 3114 2032 ΚΕΦΑΛ.
3156 1979 3304 2037 κσο.

2298 2097 2574 2161 Ἕκθεσις
2622 2092 2733 2160 τῆς
2788 2093 3117 2160 καθολικῆς
3159 2095 3271 2164 (14)
3330 2095 3430 2148 καί
3464 2097 3868 2163 ἀποστολικῆς

2365 2168 2641 2229 πίστεως.
2676 2166 3018 2229 ἐκτεθείσης
3050 2163 3175 2218 ὑπὸ
3207 2163 3310 2230 τῆς
3339 2165 3410 2218 ἐν
3442 2168 3664 2233 Νικαίᾳ
3726 2185 3865 2220 συν-

2363 2235 2525 2295 όδου,
2555 2235 2651 2288 ἐπὶ
2703 2234 2810 2287 τοῦ
2862 2233 3323 2301 θεοφιλεστάτου
3384 2235 3700 2301 ,ϐασιλέως
3727 2241 3866 2290 Κων-

2362 2305 2708 2367 σταντίνου,
2749 2304 2819 2356 ἐν
2862 2303 3113 2368 ὑπατείᾳ
3137 2304 3442 2358 Παυλίνου
3498 2306 3598 2358 καὶ
3641 2308 3867 2359 Ἰουλια-

2363 2374 2474 2428 νοῦ
2531 2373 2648 2427 τῶν
2687 2371 2993 2440 λαμπρῶν,
3046 2373 3219 2442 ἓτζους
3273 2373 3393 2442 ἀπὸ
3469 2375 3864 2442 Ἀλεξάνδρου

2365 2448 2521 2513 χ,ις’,
2555 2445 2626 2495 ἐν
2655 2443 2799 2510 μηνὶ
2831 2443 3017 2506 Δεσίῳ
3050 2440 3121 2509 τῇ
3139 2442 3261 2513 ,πρὸ
3292 2441 3621 2510 δεκατριῶν
3651 2440 3866 2498 Halm.

2365 2511 2507 2636 36w!
2537 2513 2808 2578 Ἰουλίου,
2860 2513 2928 2566 ὲν
2973 2511 3194 2580 Νικιιίᾳ¹
3214 2515 3588 2582 μητροπόλει
3647 2515 3756 2583 τῆς
3779 2518 3865 2569 Βι-

2408 2597 2484 2636 ον
2507 2600 2598 2636 ac.

2367 2587 2598 2647 θυνίας.

2371 2691 2707 2762 Πιστεύομεν
2736 2692 2846 2764 (15)
2880 2694 2959 2757 είς
3006 2692 3104 2747 ἕνα
3128 2693 3260 2747 Θεὸν
3301 2693 3527 2764 Πατέρα
3564 2699 3866 2763 παντοκράο

2296 2799 2451 2852 τορα,
2480 2782 2692 2852 ὁρατῶν
2733 2798 2794 2833 τε
2824 2781 3044 2834 πάντων
3079 2783 3172 2835 καί
3203 2782 3452 2851 ἀοράτων
3485 2786 3745 2852 ποιητήν.
3769 2784 3864 2835 Καὶ

2298 2875 2379 2937 είς
2405 2874 2500 2926 ἕνα
2531 2872 2736 2940 Κύριον
2785 2873 2993 2940 Ἰησοῦν
3017 2872 3249 2942 Χριστὸν
3295 2873 3383 2925 τὸν
3415 2873 3546 2925 Υἰδν
3572 2873 3673 2925 τοῦ
3723 2873 3866 2933 Θεοῦ,

2300 2965 2632 3034 γεννηθέντα
2683 2965 2747 3016 ἐκ
2797 2964 2891 3018 τοῦ
2939 2963 3149 3035 Πατρός
3193 2964 3486 3033 μονογενῆ,
3539 2964 3690 3016 τοῦτ’
3731 2963 3869 3014 ἔστιν

2224 3086 2267 3144 C
2302 3057 2366 3108 ἐκ
2414 3055 2514 3123 τῆς
2555 3053 2744 3118 οὐσίας
2773 3053 2866 3106 τοῦ
2906 3053 3148 3124 Πατρδς,
3200 3053 3335 3107 Θεὸν
3377 3055 3440 3105 ἐκ
3465 3052 3626 3117 Θεοῦ,
3670 3052 3785 3122 φῶς
3816 3054 3874 3104 ἐκ

2302 3147 2511 3214 φωτὸς,
2541 3145 2672 3199 Θεὸν
2731 3143 2986 3214 ἀληθινὸν
3039 3146 3103 3196 ἐκ
3153 3143 3289 3197 Θεοῦ
3346 3143 3633 3212 ἀληθινοῦ,
3685 3160 3875 3211 γεννη-

2298 3236 2460 3288 θέντα
2485 3275 2500 3298 ,
2549 3235 2610 3288 οὐ
2663 3235 2987 3305 ποιηθέντα,
3025 3234 3313 3304 όμοούσιον
3350 3234 3426 3302 τῷ
3460 3232 3661 3302 Πατρὶ,
3712 3233 3792 3284 δι’
3821 3221 3876 3284 οὗ

2296 3328 2364 3380 τὰ
2397 3327 2576 3379 πάντα
2612 3327 2851 3394 ἐγένετο,
2898 3327 2964 3380 τά
3011 3327 3068 3378 ἐν
3111 3325 3188 3396 τῷ
3239 3323 3445 3396 οὐρανῷ
3483 3324 3574 3374 καὶ
3603 3323 3677 3375 τὰ
3719 3325 3783 3374 ἐν
3814 3325 3875 3392 τῇ

2298 3420 2402 3488 γῇ·
2452 3418 2543 3470 τὸν
2595 3419 2662 3471 δι’
2716 3420 2861 3489 ἡμᾶς
2913 3417 3039 3480 τοὺς
3088 3414 3436 3486 ἀνθρώπους,
3488 3415 3586 3467 καὶ
3637 3413 3729 3466 διὰ
3783 3413 3877 3482 τὴν

2302 3509 2580 3580 ἡμετέραν
2631 3509 2905 3580 σωτηρίαν
2956 3507 3286 3562 κατελθόντα
3307 3550 3320 3570 ,
3379 3505 3472 3560 καὶ
3497 3504 3872 3576 σαρκωθέντα,

2303 3603 2395 3656 καὶ
2426 3601 2922 3671 ἐνανθρωπήσαντα
2943 3642 2957 3666 ,
3012 3599 3257 3653 παθόντα
3279 3638 3294 3661 ,
3331 3598 3568 3666 ταφέντα
3596 3595 3745 3667 (16),
3782 3596 3875 3648 καὶ

2305 3694 2614 3748 ἀναστάντα
2641 3696 2706 3763 τῇ
2745 3693 2904 3764 τρίτῃ
2948 3690 3146 3762 ἡμέρᾳ,
3177 3689 3272 3742 καὶ
3297 3688 3589 3742 ἀνελθόντα
3623 3687 3702 3749 εἰς
3751 3687 3874 3748 τοὺς

2302 3781 2587 3849 οὐρανοὺς,
2645 3781 2740 3832 καὶ
2797 3779 3158 3848 καθεζόμενον
3191 3777 3303 3848 (17)
3340 3779 3398 3830 ἐν
3440 3777 3588 3844 δεξιᾷ
3633 3775 3727 3827 τοῦ
3767 3776 3873 3827 Πα-

2304 3871 2465 3942 τρὸς,
2520 3871 2615 3924 καὶ
2681 3870 2843 3924 πάλιν
2905 3870 3200 3940 ἐρχόμενον
3263 3869 3448 3938 κρῖναι
3499 3867 3710 3930 ζῶντας
3783 3866 3873 3916 καὶ

2306 3962 2553 4033 νεκρούς.
2612 3962 2722 4016 Καὶ
2768 3965 2847 4024 εἰς
2876 3961 2937 4013 τὺ
2987 3963 3142 4028 ἅγιον
3195 3959 3359 4012 αὑτοῦ
3423 3957 3667 4027 Πνεῦμα.
3738 3955 3871 4015 Τοὺς

2303 4052 2358 4105 δὲ
2410 4053 2685 4120 λέγοντας,
2712 4051 2822 4106 Ἦν
2855 4069 2985 4106 ποτε
3034 4053 3122 4105 ὅτε
3170 4051 3271 4104 οὐκ
3315 4045 3404 4120 ἦν,
3443 4049 3539 4102 καὶ
3581 4048 3710 4117 πρὶν
3750 4063 3870 4113 γεν-

2305 4142 2536 4212 νηθῆναι
2592 4143 2692 4196 οὐκ
2746 4139 2834 4214 ἦν,
2885 4143 2978 4196 καὶ
3013 4143 3095 4196 ὅτι
3141 4142 3198 4208 ἐξ
3249 4141 3350 4193 οὐκ
3414 4140 3586 4193 ὄντων
3635 4137 3864 4205 ἐγένετο.

2304 4231 2428 4301 ἥὲξ
2479 4233 2669 4304 ἐτέρας
2718 4234 3066 4294 ὑποστάσεως
3115 4230 3146 4301 ἢ
3182 4230 3366 4293 οὐσίας
3409 4229 3524 4298 (18)
3569 4228 3867 4298 φάσκοντας

2303 4317 2476 4388 εἶναι,
2525 4321 2558 4394 ἢ
2610 4324 2841 4394 τρεπτδν
2878 4321 2912 4394 ἢ
2961 4320 3247 4375 ἀλλοιωτὸν
3283 4319 3376 4373 τὸν
3405 4319 3536 4373 Υίὸν
3579 4315 3675 4372 τοῦ
3705 4313 3865 4368 Θεοῦ·

717 4495 826 4566 (ll)
867 4495 940 4547 Ex
975 4494 1266 4566 Athanasio
1297 4494 1346 4566 in
1378 4494 1540 4566 epist.
1571 4492 1635 4545 ad
1669 4491 1949 4566 Jovianqu
1982 4494 2110 4563 imp.
2143 4505 2198 4551 et
2234 4503 2274 4557 D
2302 4499 2514 4565 quando
2550 4514 2652 4553 non
2695 4509 2846 4563 erat;
2902 4508 2994 4552 aut
3024 4514 3129 4553 non
3179 4507 3299 4551 erat
3349 4504 3638 4564 antequam
3681 4493 3863 4566 ﬁeret:

645 4561 985 4620 Τὶιιτοίιυιηιθ
1019 4565 1108 4620 III).
1142 4581 1155 4616 1
1191 4561 1336 4616 Evcl.
1367 4564 1487 4614 hist.
1525 4579 1642 4630 cap.
1678 4565 1759 4616 ll.
1793 4562 1966 4616 Halm.

716 4637 823 4702 (15)
867 4634 940 4686 lix
978 4632 1212 4687 Historia
1257 4635 1465 4698 tripart.
1520 4633 1609 4685 lib.
1663 4648 1719 4698 ιι,
1769 4648 1887 4700 cap.
1931 4635 1985 4695 9.
2033 4643 2088 4686 et
2136 4649 2202 4687 ex

644 4706 972 4759 Collct'titinc
1011 4716 1218 4757 vetusta
1254 4718 1516 4754 mnouum
1551 4717 1580 4754 e
1611 4718 1739 4754 mss.
1775 4702 2060 4756 Parisiens.
2095 4705 2203 4756 col-

650 4777 772 4840 legii
823 4778 944 4825 Sor.
1000 4771 1157 4836 Jesu,
1211 4773 1574 4838 aliisque.bic
1625 4781 1933 4839 Sequentem
1987 4774 2206 4826 exhibet

651 4843 954 4898 llarduinus
996 4841 1264 4896 Nica‘uam
1317 4843 1470 4893 [idem
1516 4857 1529 4894 :
1567 4859 1584 4890 ι
1617 4840 1897 4894 Credimus
1943 4843 1994 4892 in
2042 4858 2204 4895 unum

649 4917 838 4977 Deum,
877 4911 1090 4964 Patrem
1136 4912 1581 4979 omnipotentem.
1634 4912 1874 4963 omnium
1918 4910 2206 4963 visibilium

651 4984 1105 5048 invisibiliuuique
1153 4982 1404 5032 factorem
1454 4997 1481 5048 :7
1516 4981 1580 5031 Et
1627 4981 1690 5048 in,
1721 4995 1882 5031 mmtn
1927 4979 2206 5048 Dominum

649 5064 898 5108 nostrum
931 5047 1112 5102 .Iesitm
1137 5051 1404 5101 Christum
1450 5047 1642 5100 Filium
1675 5047 1763 5100 Dei
1797 5059 1979 5100 natum
2019 5063 2080 5100 ex
2112 5047 2210 5100 Pa-

653 5134 756 5187 tre,
788 5121 1141 5188 unigenitum,
1171 5121 1268 5170 ltoc
1290 5128 1390 5180 est,
1415 5133 1478 5169 ex
1499 5119 1794 5188 substantia
1825 5118 2016 5179 Patris,
2045 5119 2206 5188 Deum

651 5209 716 5246 ex
746 5185 906 5251 'Dro,‘
945 5190 1120 5241 lumen
1169 5204 1230 5239 ex
1281 5188 1500 5248 lumine,
1551 5187 1714 5238 Deum
1766 5202 1948 5238 verum
1998 5203 2059 5238 ex
2102 5185 2209 5239 Deo

657 5277 824 5314 vero:
858 5271 1040 5312 natum
1091 5275 1190 5309 non
1227 5256 1448 5319 factam,
1496 5256 2004 5309 consubstantialem
2043 5255 2206 5318 Patri,

654 5345 750 5400 per
782 5344 941 5398 quem
972 5329 1152 5380 omnia
1185 5326 1322 5379 facta
1354 5335 1474 5400 sunt
1500 5340 1627 5400 qua:
1660 5325 1712 5377 in
1754 5326 1889 5378 caelo
1919 5335 1973 5376 et
2004 5338 2124 5390 qua:
2154 5326 2204 5377 in

657 5394 841 5454 terra:
872 5401 962 5466 qui
988 5407 1202 5465 propter
1235 5394 1613 5466 nos_bomines
1639 5403 1691 5446 et
1722 5406 1942 5466 propter
1967 5403 2204 5466 nostram

655 5460 1210 5528 salutem-descendit,
1254 5474 1309 5518 et
1343 5463 1673 5528 incarnatus,
1712 5460 1765 5515 ét
1802 5464 1960 5515 homo
1993 5460 2204 5514 factus:

657 5552 849 5605 passus
889 5546 996 5600 est,
1029 5543 1082 5588 et
1116 5532 1596 5605 rcsurresittertia
1630 5534 1716 5605 die
1746 5547 1758 5584 :
1792 5541 1845 5584 et
1877 5532 2114 5584 aSceudit
2157 5532 2206 5584 iu

656 5601 840 5671 itmlos,
875 5617 927 5658 et
956 5614 1210 5657 venturus
1243 5612 1323 5653 est
1345 5601 1590 5670 judicare
1633 5602 1781 5652 vivos
1830 5610 1882 5653 ct
1923 5611 2160 5652 lllOlllmS
2191 5617 2203 5652 :

654 5685 712 5728 ct
761 5677 816 5730 in
876 5675 1134 5744 Spiritum
1191 5684 1460 5728 sanctum.
1517 5673 1759 5726 [licentes
1815 5680 1988 5724 autem
2036 5671 2209 5724 :Erat

2309 4561 2396 4621 aut
2425 4569 2547 4636 quia
2581 4584 2648 4623 ex
2691 4585 2795 4622 non
2835 4561 3174 4623 exstantibus
3215 4567 3388 4621 lactus
3414 4561 3536 4628 est;
3572 4574 3664 4617 aut
3704 4578 3766 4616 ex
3794 4561 3867 4612 al-

2313 4647 2424 4690 tera
2480 4640 2783 4692 substantia
2835 4640 3076 4691 dicentes
3119 4652 3276 4691 esse:
3308 4645 3400 4688 aut
3448 4644 3729 4691 creatum.
3781 4641 3866 4683 aut

2311 4707 2713 4761 convertibiletn
2757 4707 2948 4761 Filiqu
2984 4707 3110 4776 Du-i;
3145 4710 3242 4760 lms
3271 4708 3413 4776 tales
3447 4702 3867 4776 anatbematjsat

2311 4778 2577 4831 Catholica
2607 4786 2655 4829 et
2691 4777 2980 4844 apostolica
3011 4769 3272 4829 Ecclesia.
3305 4793 3325 4826 ι
3357 4773 3489 4827 Vide
3529 4775 3694 4826 etiam
3734 4769 3866 4822 Hila-

2315 4848 2576 4918 ηψπ-1ηιῖ
2608 4845 2680 4900 De
2705 4849 2944 4918 agundis,
2973 4862 3120 4900 num.
3150 4846 3237 4898 84.
3479 4912 3488 4918 _
3531 4910 3543 4918 _
3591 4913 3601 4918 _
3766 4909 3777 4918 ,

2388 4915 2498 4982 (t6)
2537 4915 2659 4968 llaec
2685 4910 2782 4968 vox
2814 4916 3073 4982 ταφέντα,
3109 4931 3212 4967 non
3247 4922 3326 4967 est
3352 4912 3491 4982 apud
3516 4910 3863 4963 Athanasium

2316 4985 2368 5036 in
2399 4979 2563 5052 epist.
2608 4986 2672 5036 ad
2709 4979 3016 5045 1ονἰιιιιίιιιι,
3047 4999 3218 5048 neque
3261 4984 3400 5050 apud
3449 4979 3863 5052 Tlicodorejttfllo

2317 5055 2411 5106 lib.
2439 5046 2454 5106 ἱ
2488 5053 2630 5125 Hist.
2663 5054 2842 5125 (celes.
2878 5070 2998 5121 eap.
3034 5046 3319 5125 “(neque
3342 5051 3546 5125 Latine
3567 5050 3706 5115 apud
3731 5046 3868 5125 ιιιιητ

2318 5126 2453 5175 rium
2509 5125 2560 5175 in
2618 5124 2752 5176 libro
2815 5123 2887 5176 De
2928 5119 3118 5190 synod.
3195 5123 3282 5173 ubi
3315 5119 3641 5190 symbolum
3689 5119 3868 5168 recitat

2319 5209 2467 5246 num.
2513 5194 2614 5250 δός
2667 5207 2837 5258 neque
2884 5187 3175 5244 in'codice
3204 5187 3454 5242 Eccleéia:
3501 5187 3768 5240 Africanae
3807 5197 3868 5236 ex

2317 5263 2509 5315 concil.
2543 5262 2796 5330 Cartbag.
2831 5277 2903 5315 vr.
2946 5260 3114 5330 ΙΙιιιιι)ἶ

2383 5331 2494 5398 (17)
2537 5331 2660 5384 lliec
2709 5328 2973 5384 sententia
3020 5328 3432 5398 καθεζόμενον,
3465 5335 3596 5386 etc.,
3639 5337 3752 5398 _non
3795 5328 3870 5372 est

2310 5394 2449 5468 apud
2476 5394 2880 5464 'Atltauasium,
2924 5410 2977 5452 et
3024 5394 3294 5468 'l'beodor.
3339 5397 3474 5468 locis
3502 5394 3684 5468 citatis
3726 5409 3739 5444 :
3779 5403 3868 5444 nec

2312 5463 2449 5538 apud
2489 5469 2772 5530 Hilarium,
2802 5482 2894 5521 aut
2920 5468 3200 5538 iniconcil.
3227 5463 3736 5538 Cartli.uvt_.__llnn.

2384 5538 2494 5608 (18)
2536 5539 2736 5590 Alban.
2769 5539 2820 5589 in
2853 5537 3056 5608 lib._l)e
3079 5539 3233 5608 decr.
3258 5535 3462 5608 synodi
3501 5534 3869 5608 Nit'2l|.__t‘_‘0ll-

2314 5599 2399 5661 tta
2420 5599 2605 5664 Ai'ian.
2631 5623 2747 5678 pag.
2775 5607 2898 5673 269,
2924 5605 2981 5671 ἐξ
3007 5605 3196 5676 ἐτέρας
3219 5599 3404 5666 οὐσίας
3430 5612 3666 5658 tantum.
3701 5599 3866 5654 11η».
