4042 6142
219 320 358 387 1303

1100 321 1467 389 HISTORIA
1504 326 1835 391 CONClLII
1872 325 2178 391 NICENI.
2208 355 2278 365 -
2314 332 2461 394 LIB.
2504 332 2586 395 II.

3327 337 3462 404 1310

215 437 346 498 τοὺς
367 436 643 499 τοιούτους
670 434 1054 506 ἀναθεματίζει
1083 439 1116 509 ὴ
1149 437 1411 510 καθολικὴ
1441 440 1536 492 καὶ
1565 441 1789 492 ἀποστο-

1899 442 2066 497 nostri
2102 442 2314 506 Patres.
2345 446 2631 502 orthodoxi
2665 448 2898 520 episcopi
2931 469 2944 506 :
2979 449 3210 520 primum
3240 453 3459 522 quidem

215 523 342 596 λικὴ
385 527 700 597 Ἐκκλησία.
766 527 913 596 Δῦτη
951 529 1096 581 ἐστὶν
1130 530 1161 598 ὴ
1193 528 1391 592 πίστις,
1441 531 1510 599 ἣν
1543 528 1789 594 ἐξέθεντο

214 620 267 671 οἱ
300 619 357 670 ὲν
389 618 596 689 Νικαίᾳ
642 618 785 686 ᾰγιοι
816 618 974 688 ἡμῶν
1009 618 1247 689 Πατέρες
1275 620 1324 670 οί
1358 617 1629 688 ὀρθόδοξοι
1667 621 1789 672 ἐπί-

216 723 447 762 σκοποιο
488 708 705 778 πρῶτον
757 709 858 779 μὲν
907 708 1050 762 κατὰ
1082 708 1292 779 Ἀρείου
1339 709 1789 780 βλασφημοῦντος

215 798 314 849 καὶ
343 797 593 864 λέγοντος
638 797 843 868 κτίσμα
886 798 978 852 τὸν
1009 799 1138 856 Υίὸν
1185 799 1279 853 τοῦ
1307 799 1467 866 Θεοῦ,
1516 805 1610 856 καὶ
1645 804 1803 858 κατὰ·

181 956 193 963 _
214 884 510 939 Σαϐελλίου
552 904 611 939 τε
652 888 746 941 καὶ
794 889 1084 954 Φωτεινοῦ,
1117 889 1211 944 καὶ
1245 890 1457 945 Παύλου
1487 891 1577 945 τοῦ
1612 889 1790 965 Σαμο.

219 978 449 1043 σατέως,
486 978 582 1029 καὶ
617 979 942 1048 Μανιχαίου,
967 979 1062 1033 καὶ
1111 981 1467 1036 Οὐαλεντίνου
1507 987 1600 1038 καὶ
1629 987 1789 1057 Μαρ-

218 1068 435 1130 κίωνος,
459 1067 553 1120 καὶ
580 1068 721 1121 κατὰ
744 1069 923 1138 πάσης
965 1070 1022 1122 δι
1050 1072 1335 1143 αἱρέσεως,
1370 1074 1492 1143 ἥτις
1518 1076 1786 1148 ἐπανέστη

215 1160 286 1227 τῇ
319 1156 579 1227 καθολικῇ
632 1156 727 1210 καὶ
773 1158 1104 1232 ἁποστολικῇ
1152 1162 1483 1235 Ἐκκλησία·
1525 1163 1619 1228 οὒς
1653 1180 1786 1219 κατ-

220 1247 436 1315 έκρινεν
486 1248 519 1317 ἡ
568 1250 629 1299 ὲν
680 1251 743 1318 τῇ
806 1249 1062 1302 Νικαέων
1120 1249 1272 1304 πόλει
1332 1254 1645 1325 συνηγμένη
1679 1254 1791 1313 τῶν

221 1339 392 1407 ἁγίων
421 1337 718 1410 ὁρθοδὸξων
750 1334 985 1403 σύνοδος,
1035 1334 1109 1395 ὧν
1137 1344 1205 1397 τὰ
1241 1345 1502 1413 ὀνόματα,
1531 1346 1625 1397 καὶ
1676 1346 1787 1399 τῶν

221 1431 501 1498 ἐπαρχιῶν
532 1428 733 1495 αὑτῶν,
776 1431 925 1483 ἐστὶν
961 1432 1393 1503 ὑποτεταγμένα.
1437 1435 1789 1505 Ἀναφέρεται

219 1521 400 1572 τοίνυν
435 1523 528 1572 ἐπὶ
562 1523 653 1574 τὸν
701 1521 899 1591 εὐσεϐῆ
937 1523 1029 1575 καὶ
1079 1521 1435 1593 πανεὺφημον
1469 1524 1693 1594 βασιλέα
1720 1526 1790 1579 τὰ

221 1611 329 1665 ὑπὸ
358 1613 453 1680 τῆς
479 1613 695 1665 συνόδου
721 1613 1038 1683 κεκριμένα,
1067 1613 1102 1684 ἦ
1128 1631 1185 1667 τε
1211 1615 1352 1668 κατὰ
1375 1617 1482 1669 τῶν
1503 1616 1788 1686 θεομάχων

220 1702 513 1771 ἀπόφασις,
543 1705 691 1773 καὶὴ
727 1704 823 1773 τῆς
854 1703 1133 1775 ὀρθοδόξου
1168 1706 1408 1769 πίστεως
1443 1705 1656 1770 έκθεσις
1675 1722 1690 1738 ⁸
1721 1708 1789 1776 ἣν

1892 535 2152 590 adversus
2179 537 2367 591 Arium
2395 539 2854 609 blasphemantem
2880 552 2933 598 et
2954 543 3216 598 dicentem
3245 554 3461 598 creatu-

1894 639 2005 677 ratn
2034 623 2228 679 Filium
2266 626 2379 692 Dei,
2410 639 2464 683 et
2490 640 2679 687 contra
2729 633 3020 688 Sabellinm
3060 644 3114 688 et
3145 633 3456 698 PbOtinum,

1890 723 1947 768 et
1977 712 2202 770 Paulum
2230 718 2664 787 Samosatenum,
2692 736 2742 777 et
2773 723 3150 789 Manicliamm,
3176 733 3230 779 et
3258 723 3460 778 Valen-

1890 805 2084 871 tinum,
2107 816 2158 861 el
2192 806 2541 876 Marcionem,
2569 822 2621 866 et
2651 814 2908 869 adversus
2938 828 3152 869 omnem
3183 816 3458 881 haeresim,

1890 910 2012 964 quae
2054 905 2174 952 orta
2219 905 2303 953 est
2339 898 2392 951 in
2431 900 2699 956 catholica
2744 909 2800 956 et
2831 903 3122 971 aposmlica
3164 902 3405 957 Ecclesia
3442 921 3457 958 :

1888 1001 2028 1055 quos
2060 988 2332 1043 damnavit
2352 993 2588 1060 synodus
2610 1003 2919 1047 sanctorum
2956 994 3377 1048 ortltodoxorum
3405 996 3459 1049 ln

1889 1075 2104 1131 civitate
2143 1076 2319 1133 Nicaea
2346 1091 2665 1149 congregata
2686 1122 2702 1147 ,
2730 1097 2957 1152 quorum
2980 1084 3197 1139 nomina
3228 1126 3243 1150 ,
3269 1100 3459 1155 quem-

1889 1161 2175 1217 admodum
2219 1172 2274 1217 et
2320 1167 2711 1233 provinciarum
2759 1172 2953 1238 quibus
2980 1183 3281 1239 praterant,
3333 1175 3462 1227 sub-

1882 1249 2072 1317 juncta
2100 1261 2247 1308 sunt.
2286 1253 2616 1311 Referuntur
2645 1259 2812 1326 igitur
2840 1260 2906 1315 ad
2943 1262 3088 1330 pium
3123 1270 3178 1316 et
3204 1263 3459 1317 illustris-

1890 1343 2085 1396 simum
2126 1343 2502 1415 imperatorem
2548 1364 2880 1420 quzeeunque
2906 1367 2938 1407 a
2974 1354 3183 1422 synodo
3241 1353 3461 1407 fuerant

1882 1432 2128 1502 judicata
2181 1444 2236 1491 et
2282 1438 2551 1492 sententia
2599 1451 2786 1495 contra
2845 1442 2937 1497 Dei
2986 1443 3166 1498 hostes
3216 1443 3346 1507 lata,
3404 1451 3460 1499 et

1888 1524 2205 1579 ortltodoxze
2253 1525 2374 1581 ﬁdei
2404 1531 2696 1597 expositio;
2732 1546 2891 1601 quam
2925 1543 2982 1587 ut
3011 1534 3268 1588 divinitus
3301 1533 3457 1588 obla-

1892 1621 1999 1667 tam
2045 1614 2274 1670 libenter
2328 1627 2382 1672 et
2435 1634 2629 1689 magna
2682 1637 2805 1676 cum
2861 1625 3166 1679 reverentia
3218 1626 3455 1691 excepit,

1890 1704 2073 1759 hostes
2105 1716 2281 1761 autem
2311 1709 2432 1779 ejus
2459 1719 2711 1781 tanquam
2746 1713 2853 1769 Deo
2883 1717 3236 1771 adversantes
3263 1715 3457 1770 exsilio

217 1791 295 1852 ὡς
330 1790 509 1843 θεόθεν
534 1791 952 1861 προσενεχθεῖσαν
976 1793 1229 1861 ἀσμένως
1258 1794 1619 1865 προσεδέξατο
1650 1798 1787 1865 μετὰ

1893 1797 2197 1852 multandos
2223 1801 2456 1855 censuit.
2510 1800 2618 1857 Sex
2652 1817 2813 1873 porro
2841 1820 2908 1858 ex
2938 1805 3155 1859 Arianis
3183 1806 3454 1875 episcopis

219 1880 479 1951 πλείστης
516 1883 646 1951 ὅσης
674 1882 1135 1952 σεϐασμιότητος·
1179 1885 1305 1946 τοὺς
1350 1884 1407 1937 δὲ
1434 1885 1640 1956 ταύτης
1690 1903 1788 1939 πο-

218 1968 461 2037 λεμίους,
501 1970 575 2031 ὡς
605 1970 699 2024 ἅτε
743 1970 861 2040 Θεῷ
886 1972 1366 2042 ἐναντιουμένους,
1402 1975 1618 2046 ἑξορίαν
1648 1977 1782 2030 ὑπο·

219 2058 412 2126 στῆναι
439 2056 750 2127 ψηφίζεται.
795 2060 893 2124 Ἓξ
932 2062 1112 2114 τοίνυν
1158 2064 1223 2115 ἐκ
1265 2064 1373 2116 τῶν
1405 2066 1542 2135 μετὰ
1575 2066 1786 2136 Ἀρείου

217 2148 535 2202 ἐπισκόπων
586 2151 681 2203 σὺν
733 2151 881 2221 αὐτῷ
924 2152 1119 2221 Ἀρείῳ
1158 2153 1392 2216 καὶτοῖς
1441 2155 1570 2227 περὶ
1625 2157 1787 2211 αὑτὸν

220 2237 621 2307 συναποστῆναι
649 2235 957 2308 ἠνέσχον-ω.
991 2240 1054 2292 Οἱ
1081 2239 1136 2292 δὲ
1158 2241 1268 2310 γὰρ
1295 2241 1486 2295 ἕνδεκα
1514 2243 1789 2310 δείσαντες

215 2323 311 2376 τοῦ
340 2342 401 2378 τε
452 2325 729 2394 θεοφιλοῦς
762 2327 1025 2397 βασιλέως
1053 2331 1152 2402 τὴν
1186 2333 1506 2402 παρουσίαν,
1552 2336 1647 2388 καὶ
1688 2337 1787 2406 τῆς

219 2416 442 2469 συνόδου
493 2418 601 2470 τῶν
655 2419 968 2471 ἐπισκόπων
992 2420 1054 2472 τὸ
1099 2420 1320 2490 πλῆθος,
1371 2421 1445 2493 μὴ
1474 2423 1790 2494 ἐξοστρακι-

219 2507 418 2570 σθεῖεν,
442 2509 862 2580 ὑποκρινάμενοι
885 2510 1289 2579 ὑπογράφουσιν
1305 2515 1384 2575 εἰς
1403 2515 1461 2567 τὸ
1478 2516 1782 2586 ὁμοούσιον,

215 2600 381 2667 χειρὶ,
430 2600 491 2651 οὑ
524 2599 801 2668 προθέσει.
844 2598 1060 2669 Ταύτης
1080 2600 1178 2668 τῆς
1210 2600 1469 2664 ὑπουλίας
1498 2601 1725 2673 ἔξαρχος
1761 2607 1791 2658 ὁ

212 2689 583 2759 Νικομηδείας
617 2690 896 2754 Εὑσέὸιος,
935 2691 995 2753 δς
1030 2691 1122 2744 καὶ⁵
1158 2690 1322 2761 μέχρι
1355 2692 1543 2757 τέλους
1570 2695 1789 2750 δείκνυ-

211 2795 307 2831 ται
340 2782 404 2849 τῇ
452 2779 536 2847 ἐφ’
584 2781 818 2852 ἑκάτερᾳ
859 2781 1197 2850 κεχρημένος
1243 2780 1456 2853 γνώμῃ,
1493 2784 1637 2837 καθὰ
1684 2786 1790 2839 Εὑ-

214 2869 437 2930 στάθιός
484 2885 542 2920 τε
577 2871 604 2921 ὁ
646 2871 744 2941 τῆς
786 2870 1120 2939 Ἀντιοχέων,
1168 2870 1265 2925 καὶ
1296 2872 1553 2936 Εὐσέϐιος
1581 2877 1609 2927 ὁ
1636 2876 1792 2944 Παμ-

212 2957 394 3025 φίλου,
444 2958 752 3023 Ἀθανάσιός
783 2978 839 3013 τε
868 2963 896 3014 ὁ
924 2961 1117 3030 μέγας,
1150 2964 1245 3016 καὶ
1295 2965 1496 3028 πάντες
1528 2968 1576 3019 οἱ
1598 2967 1667 3020 τὰ
1695 2969 1793 3038 τῆς

215 3048 436 3100 συνόδου
468 3052 911 3121 συγγραψάμενοι
945 3052 1281 3121 διηγοῦνται.
1317 3055 1394 3125 Τῇ
1429 3057 1540 3125 (19)
1567 3073 1626 3109 τε
1655 3059 1793 3127 πρὸς

1889 1901 2010 1942 cum
2040 1890 2156 1958 ipso
2182 1892 2331 1955 Ario,
2362 1903 2415 1946 et
2455 1894 2546 1962 qui
2583 1909 2705 1949 cum
2743 1911 2808 1950 eo
2840 1907 3013 1962 erant,
3048 1897 3297 1952 exsulare
3329 1911 3457 1950 sus-

1888 1976 2182 2033 tinuerunt.
2238 1979 2494 2037 Uudeeim
2548 1985 2715 2050 enim,
2773 1986 2863 2055 qui
2912 1985 3300 2057 religiosissimi
3354 1984 3458 2039 imo

1889 2072 2154 2137 peratoris
2189 2075 2550 2141 praesentiam,
2580 2085 2634 2129 et
2666 2078 2852 2147 synodi
2890 2078 3264 2147 episc0porum
3312 2074 3458 2131 mul-

1890 2159 2174 2215 titudinem
2224 2164 2439 2218 reveriti
2485 2175 2631 2230 sunt,
2680 2181 2784 2220 non
2834 2166 3053 2222 fuerunt
3084 2168 3324 2236 relegati.
3375 2166 3459 2221 Si-

1890 2251 2157 2307 mulantes
2208 2254 2391 2320 enim,
2442 2269 2601 2309 manu
2643 2257 2882 2325 quidem,
2916 2273 3017 2312 non
3070 2261 3370 2327 pr0posito,
3404 2258 3456 2311 in

1889 2342 2352 2400 consubstantiale
2397 2346 2856 2415 subscripserunt.
2893 2349 3265 2404 Simulationls
3294 2348 3455 2417 hujus

1892 2430 2154 2485 Eusebius
2183 2432 2605 2490 Nicomediensis
2637 2437 2890 2506 princeps
2924 2437 3042 2501 fuit,
3080 2440 3171 2509 qui
3208 2448 3263 2493 et
3290 2452 3460 2507 usque

1890 2532 1945 2578 et
1985 2524 2038 2579 in
2070 2524 2229 2579 linem
2260 2525 2520 2581 alterutra
2557 2530 2825 2584 sententia
2860 2545 2990 2585 usus
3018 2530 3184 2585 fuisse
3212 2531 3456 2585 ostendi-

1893 2626 1998 2680 tur,
2045 2624 2104 2669 ut
2136 2615 2457 2672 Eustathius
2486 2619 2879 2689 Antiochenus,
2908 2628 2961 2676 et
3008 2620 3272 2676 Eusebius
3304 2620 3461 2674 Pam-

1891 2704 2059 2774 phili,
2108 2714 2163 2759 et
2217 2720 2440 2775 magnus
2488 2708 2849 2773 Athanasius,
2908 2717 2963 2762 et
3011 2722 3202 2761 omnes
3241 2705 3330 2759 alii
3363 2705 3455 2774 qui

1891 2798 2097 2865 synodo
2142 2795 2615 2866 subscripserunt,
2657 2799 2916 2854 referunt.
2949 2798 3174 2866 Propter
3205 2798 3343 2850 hanc
3377 2796 3455 2848 si—

1894 2887 2237 2940 mulationem
2281 2890 2455 2941 virum
2506 2889 2648 2943 hunc
2691 2900 2888 2943 nostrze
2947 2889 3232 2943 sententiae
3294 2886 3461 2939 fuisse

1891 2978 2140 3032 arbitrati
2191 2989 2339 3043 sunt,
2388 2980 2481 3049 qui
2522 2980 2955 3035 adversariorum
3002 2988 3201 3035 emtum
3230 2990 3462 3047 genero-

1893 3066 2008 3121 sius
2031 3076 2523 3138 propugnaverunt.

211 3141 359 3210 ἡμᾶς
390 3139 456 3192 δι’
482 3141 821 3212 ὑποκρίσεως
854 3142 945 3195 τὸν
977 3142 1147 3215 ἄνδρα
1183 3144 1278 3197 τοῦ
1307 3143 1484 3197 δοκεῖν
1553 3142 1694 3201 εἶναι
1762 3152 1856 3205 καὶ
1894 3155 1993 3225 τῆς
2033 3156 2143 3210 τῶν
2198 3159 2458 3213 ἐναντίων
2523 3158 2834 3231 συμμορίας
2886 3156 3150 3228 γενναίως
3210 3154 3462 3225 ὑπερμα·-

212 3233 438 3304 χοῦντες
476 3233 608 3303 (20).

805 3368 1055 3423 ΚΕΦΑΛ.
1094 3367 1223 3422 ΚΖ’.

305 3485 374 3537 Al
401 3480 510 3551 τῆς
538 3483 796 3546 πίστεως
832 3481 1170 3553 ὑπογραφαὶ
1197 3481 1315 3536 τῶν
1338 3481 1706 3537 ἐπισκόπων.

292 3601 473 3662 "Octo;
517 3599 813 3662 ἐπίσκοπος
857 3598 1061 3661 πόλεως
1116 3596 1462 3668 Κουρδούόης
1511 3599 1620 3660 τοῖς
1650 3596 1790 3650 κατὰ

227 3687 451 3758 Ῥώμην
490 3688 584 3742 καὶ
627 3687 866 3741 Σπανίαν
897 3690 990 3741 καὶ
1031 3688 1263 3742 Ἰταλίαν
1292 3689 1494 3749 πᾶσαν,
1540 3688 1637 3740 καὶ
1672 3691 1788 3750 ταῖς

218 3779 282 3831 ὲν
316 3780 427 3841 τοῖς
454 3777 657 3840 λοιποῖς
678 3777 879 3841 ἔθνεσι,
907 3781 1020 3839 τοῖς
1048 3777 1306 3831 ἐπέκεινα
1347 3774 1469 3829 κατ’
1500 3777 1599 3845 ἐμὲ
1620 3773 1788 3841 οὖσιν,

232 3868 342 3932 ἕως
395 3868 486 3922 τοῦ
528 3868 802 3933 Ὠκεανοῦ,
866 3868 1050 3936 ἁγίαις
1082 3867 1175 3920 τοῦ
1223 3865 1359 3919 Θεοῦ
1422 3866 1788 3936 Ἐκκλησίαις,

213 3960 305 4013 διὰ
337 3960 444 4013 τῶν
468 3961 563 4014 σὺν
593 3959 742 4032 αὑτῷ
780 3959 1168 4032 πρεσϐυτέρων
1208 3957 1428 4029 Ῥώμης
1454 3957 1682 4023 Βίτωνος
1700 3961 1793 4013 καὶ

214 4053 524 4107 Βικεντίου.

307 4166 649 4238 Ἀλέξανδρος
712 4165 1120 4238 Ἀλεξανδρείας
1167 4166 1264 4219 σὺν
1320 4164 1627 4233 Ἀθανασίῳ
1665 4165 1789 4217 τότε

213 4258 580 4329 ἀρχιδιακόνῳ
631 4260 766 4325 δντι,
820 4262 940 4321 ταῖς
996 4259 1117 4311 κατ’
1166 4258 1442 4325 Αἴγυπτον
1480 4259 1662 4309 πᾶσαν
1697 4257 1793 4310 καὶ

212 4349 447 4418 Λιῦύην,
498 4351 591 4402 καὶ
625 4350 958 4403 Πεντάπολιν
992 4350 1084 4403 καὶ
1108 4349 1178 4402 τὰ
1201 4350 1375 4421 ὅμορα
1409 4349 1640 4416 τούτοις,
1687 4350 1792 4413 ἕως

209 4443 327 4495 τῶν
359 4443 458 4510 τῆς
494 4443 681 4504 Ἰνδίας
715 4442 1018 4512 ἐπαρχιῶν.

289 4550 588 4613 Εὑστὰοιος
629 4551 957 4620 Ἀντιοχείας
983 4548 1080 4619 τῆς
1112 4552 1354 4621 μεγάλης
1377 4552 1474 4620 τῆς
1508 4551 1618 4623 (9.1)
1650 4551 1790 4605 κατὰ

214 4640 421 4709 Συρίαν
449 4640 653 4710 κοίλην,
683 4642 777 4694 καὶ
809 4641 1235 4711 Μεσοποταμίαν
1268 4643 1470 4705 πᾶσαν,
1513 4642 1607 4694 καὶ
1639 4640 1791 4695 Κιλι-

216 4732 346 4784 κίαν
382 4732 670 4802 ἑκατέραν.

304 4822 555 4894 Ἰωάννης
585 4825 799 4894 Πέρσης
827 4825 925 4894 τῆς
959 4822 1060 4896 [ἴσ.
1090 4820 1231 4894 ταῖς]
1261 4825 1317 4876 ἐν
1348 4821 1568 4891 Περσίδι
1615 4821 1786 4893 πάσῃ,

215 4912 316 4966 καὶ
341 4915 407 4983 τῇ
437 4913 651 4986 μεγάλῃ
694 4914 870 4985 Ἰνδίᾳ.

289 5005 538 5067 Λεόντιος
588 5007 932 5076 Καισαρείας
968 5004 1376 5068 Καππαδοκίας,
1423 5003 1482 5058 τὸ
1517 5003 1616 5075 τῆς
1666 5004 1788 5056 Ἐκ⁹

216 5093 455 5166 κλησίας
498 5097 589 5151 τοῦ
624 5098 832 5169 Κυρίου
883 5098 1266 5167 καλλώπισμα,
1300 5099 1420 5158 ταῖς
1465 5097 1588 5148 κατ’
1619 5095 1790 5166 αὑτὴν

213 5187 644 5249 Καππαδοκίαν,
697 5188 987 5252 Γαλατίαν,
1036 5189 1237 5241 Πόντον
1265 5188 1626 5249 Διοσπόντου,
1676 5188 1789 5239 Πα-

214 5279 538 5348 φλαγονίαν,
592 5281 792 5334 Πόντον
835 5281 1196 5351 Πολεμαῖκδν,
1246 5279 1536 5350 Ἀρμενίαν
1587 5280 1791 5350 μικρὰν

215 5374 314 5427 καὶ
351 5372 614 5442 μεγάλην.

290 5459 508 5524 Θεωνᾶς
550 5461 820 5527 Κυζίκου,
854 5463 967 5526 ταῖς
1002 5463 1141 5517 κατᾶ
1169 5461 1265 5532 τὴν
1302 5460 1486 5515 Ἀσίαν
1514 5461 1609 5516 καὶ
1667 5459 1788 5513 Ἐλ-

291 5617 406 5684 (19)
447 5618 588 5686 Lege
622 5621 719 5686 πῇ.
754 5617 923 5672 ΠΑιιη.

294 5686 409 5755 (20)
456 5685 594 5754 Lege
629 5685 765 5753 ὑπὲρ
791 5688 1050 5756 isi/frma.
1077 5687 1314 5744 Tametsi
1348 5703 1465 5743 cum
1491 5688 1641 5743 libris
1674 5690 1784 5743 cili-

2448 3379 2601 3435 CAP.
2655 3377 2874 3436 XXVII.

1961 3485 2375 3556 Subscripliortes
2406 3488 2759 3556 episcoporum
2794 3487 2951 3555 ﬁdem
2973 3486 3391 3557 approbantium.

1958 3600 2117 3655 Osius
2152 3602 2434 3672 episcopus
2476 3601 2740 3658 Corduba;
2779 3602 2982 3656 sanctis
3031 3600 3121 3656 Dei
3182 3600 3460 3665 Ecclesiis,

1889 3707 2008 3761 qua:
2042 3693 2224 3750 Romae
2253 3705 2400 3759 sunt,
2445 3702 2499 3747 et
2527 3695 2577 3749 in
2606 3695 2755 3747 Italia
2792 3704 2846 3749 et
2875 3692 3132 3762 Hispania
3165 3702 3301 3758 tota,
3328 3702 3383 3747 et
3409 3693 3459 3744 in

1891 3783 2118 3852 reliquis
2137 3783 2362 3837 ulterius
2389 3784 2695 3837 nationibus
2720 3800 2889 3851 usque
2914 3784 2978 3838 ad
3003 3783 3278 3837 Oceanum
3309 3796 3460 3835 com-

1892 3871 2246 3937 morantibus,
2293 3886 2388 3940 per
2428 3887 2523 3926 eos
2557 3872 2793 3941 quicum
2824 3872 2940 3939 ipso
2976 3881 3153 3937 erant,
3179 3870 3456 3925 Romanos

1890 3964 2234 4033 presbyteros
2265 3960 2516 4017 Vitouem
2541 3972 2598 4017 et
2628 3961 2994 4018 Vincentium.

1959 4156 2266 4212 Alexander
2306 4155 2648 4211 Alexandriae
2692 4169 2814 4208 cum
2867 4153 3165 4208 Athanasio
3210 4160 3337 4208 tunc
3368 4168 3456 4208 ar-

1890 4249 2225 4313 cbidiacuno,
2251 4246 2510 4302 Ecclesiis
2540 4262 2634 4314 per
2661 4255 2826 4301 totam
2860 4243 3176 4315 IEgyptum,
3213 4243 3455 4316 Libyam,

1890 4348 1945 4394 et
1999 4337 2356 4407 Pentapolim,
2406 4347 2463 4391 et
2507 4337 2756 4407 regiones
2815 4333 3112 4399 ﬁnitimas,
3166 4349 3341 4403 usque
3389 4334 3457 4389 ad

1890 4428 2055 4484 Indiae
2085 4428 2418 4498 provincias.

1960 4536 2278 4592 Eustathius
2311 4551 2516 4605 magnze
2546 4533 2849 4589 Antiochiae
2878 4532 3183 4602 episCOpus,
3214 4528 3467 4585 ecclesiis

1891 4629 1945 4683 in
2003 4627 2301 4698 leesyria
2374 4636 2427 4680 et
2491 4625 2875 4694 MesOpotamia
2945 4632 3094 4688 tota,
3157 4632 3214 4676 et
3271 4621 3456 4674 Cilicia

1892 4733 2143 4792 utraque.

1962 4811 2199 4867 Joannes
2226 4812 2414 4875 Persa,
2450 4809 2707 4864 Ecclesiis
2735 4808 2788 4863 in
2824 4816 2930 4862 tota
2962 4805 3147 4860 Persia
3179 4814 3234 4860 et
3267 4818 3461 4870 magna

1894 4903 2066 4959 ludia.

1965 4994 2219 5048 Leontius
2269 4993 2525 5047 Caesareae
2580 4992 2950 5060 Cappadociae,
2985 4989 3231 5043 ecclesia:
3256 4984 3459 5039 domini

1896 5092 2308 5147 ornamentum,
2344 5084 2598 5137 Ecclesiis
2649 5083 2698 5136 itt
2743 5084 2929 5136 eadem
2963 5079 3322 5149 Cappadocia,
3352 5075 3463 5131 G‘a-

1897 5176 2058 5240 latia,
2088 5176 2258 5228 Ponto
2307 5174 2611 5243 Diosponti,
2656 5173 3040 5244 Paphlagonia,
3081 5172 3252 5225 Ponto
3308 5169 3466 5221 Pole-

1898 5266 2071 5320 maico
2100 5264 2544 5337 [Polemoniaco],
2574 5265 2829 5320 Armenia
2863 5277 3053 5334 magna
3088 5269 3142 5315 et
3168 5273 3358 5329 parra.

1968 5456 2219 5512 Tlteonas
2248 5456 2451 5528 Cyzici,
2483 5455 2738 5511 Ecclesiis
2762 5454 2811 5508 in
2839 5452 2990 5518 Asia,
3014 5461 3068 5506 et
3100 5450 3468 5520 Hellesponto,

1902 5618 1968 5669 tis
2003 5615 2275 5669 consentit
2307 5615 2469 5668 codex
2507 5624 2689 5665 noster
2722 5627 2819 5663 ms.
2860 5610 3032 5664 llum.

1960 5686 2071 5755 (Ἡ)
2115 5684 2417 5754 Legendqu
2444 5686 2582 5743 ταῖς.
2621 5681 2792 5736 Ιιιιῐιο.
