4042 6142
567 323 693 390 1311

1789 325 2089 384 GELASII
2128 326 2467 386 CYZlCENI

3682 315 3823 376 1312

560 445 617 487 et
651 434 815 504 Lydia
844 446 901 490 et
926 434 1103 498 Caria,
1131 448 1226 503 per
1249 435 1531 502 episcopos
1553 433 1642 503 qui
1675 435 1777 488 sub
1805 437 1922 504 ipso
1950 443 2127 496 erant,

2240 435 2551 505 λήσποντον,
2605 437 2802 489 Λυδίαν
2843 451 2903 486 τε
2940 433 3035 486 καὶ
3062 431 3298 501 Καρίαν,
3335 429 3425 482 διὰ
3454 426 3563 480 τῶν
3594 426 3685 479 ὑπ’
3721 426 3825 477 αὖ·

564 525 885 595 Eutychium
921 525 1188 596 Smyrnm,
1215 533 1272 580 et
1298 524 1561 578 Marinum
1592 525 1843 581 Troatlis.

634 696 899 752 Macarius
952 697 1443 768 Hierosolymorum
1501 716 1623 754 cum
1681 699 1914 755 Eusebio
1966 701 2132 756 Pam-

514 828 515 831 η
565 787 694 853 ριιίιί
723 787 973 854 episcopo
1001 787 1263 841 Cmsarea:
1305 789 1624 854 Palaestinae,
1660 789 1915 844 Ecclesiis
1946 791 1997 845 in
2041 793 2135 845 Pa.

568 879 798 942 Ia-stina,
828 878 1024 931 Arabia
1062 888 1118 932 et
1147 879 1444 933 Phtenicia.

636 970 942 1024 Alexander
990 968 1389 1023 ThcssaIOnicze
1445 969 1730 1039 episcopus
1780 987 1875 1039 per
1900 987 1995 1026 eos
2040 975 2133 1043 qui

567 1060 669 1112 sub
716 1061 832 1126 ipso
876 1071 1186 1123 censentur,
1231 1058 1489 1112 Eeclesiis
1519 1060 1571 1112 in
1606 1059 1917 1116 Macedonia
1961 1065 2135 1132 prima

567 1153 904 1213 etsecunda,
937 1167 1059 1204 cum
1091 1151 1157 1204 iis
1198 1164 1316 1219 qua:
1340 1151 1391 1203 in
1415 1148 1642 1215 Grmcia,
1669 1160 1723 1204 et
1754 1153 1962 1221 Europa
1999 1163 2133 1220 tota,

570 1243 619 1291 in
652 1253 881 1310 utraque
910 1242 1152 1311 Scythia,
1185 1250 1240 1294 et
1283 1241 1535 1294 omnibus
1562 1241 1794 1309 denique
1820 1244 1872 1296 in
1898 1244 2134 1316 Illyrico,

568 1329 841 1385 Thessalia
872 1343 925 1385 ct
953 1335 1180 1389 Achaia.

640 1419 1267 1497 Nuncchiuvaaodicem
1310 1428 1592 1497 episcopus
1622 1431 1879 1487 Ecrlesiis
1933 1448 2052 1502 qua:
2082 1435 2133 1488 in

571 1511 798 1581 Phrygia
833 1514 1000 1580 prima
1031 1524 1086 1567 et
1118 1518 1372 1574 secunda.

646 1605 983 1671 Protogenes
1031 1606 1118 1657 ille
1164 1607 1534 1676 admirabilis,
1586 1612 1822 1667 Sardica:
1875 1614 2133 1680 civitatis,

572 1693 777 1745 sanctis
823 1694 911 1746 Dei
943 1694 1203 1750 Ecclesiis
1229 1697 1283 1750 in
1329 1697 1515 1763 Dacia,
1541 1701 1817 1767 Calauria,
1847 1703 2134 1771 Dardania,

571 1793 619 1834 et
650 1784 940 1848 provinciis
970 1786 1182 1839 vicinis.

642 1873 964 1928 Cmeilianns
1012 1876 1476 1948 Carthaginensis,
1523 1884 1848 1949 sanctisﬂei
1883 1886 2139 1943 Ecclesiis

573 1966 627 2018 in
674 1968 967 2035 provinciis
1006 1967 1230 2036 Africae,
1271 1970 1554 2041 Numidiae,
1598 1987 1763 2047 atque
1803 1979 2139 2036 Mauritania:

573 2058 872 2129 utriusque.

646 2232 821 2287 Pistns
847 2236 1259 2310 Marcianopolis
1285 2243 1590 2311 episcopus,
1622 2244 1900 2303 .Ecclesiis
1938 2252 1989 2303 in
2028 2250 2140 2322 My-

572 2321 677 2386 sia,
710 2324 1064 2391 Athenarum,
1108 2340 1162 2383 et
1203 2329 1479 2388 Gallorum
1508 2337 1778 2404 gentibus,
1815 2349 1871 2392 et
1905 2321 2140 2395 civitati-

572 2409 673 2463 bus
706 2426 826 2480 qua:
858 2415 942 2469 his
971 2417 1159 2473 vicinae
1184 2430 1331 2476 sunt.

643 2503 949 2560 Alexander
968 2507 1462 2582 Constantinopolis
1486 2526 1613 2573 tunc
1634 2518 1809 2573 solum
1835 2523 2137 2594 presbyter,

575 2597 757 2657 postea
806 2606 931 2647 vero
986 2595 1241 2653 Ecclesia:
1284 2601 1427 2656 illius
1471 2606 1839 2674 episcopatum
1891 2613 2137 2675 sortitus,

574 2692 695 2731 eum
749 2682 910 2739 l’aulo
952 2695 1079 2741 tunc
1123 2687 1327 2745 lectore
1373 2704 1535 2762 atque
1568 2697 1737 2765 ipsius
1763 2700 2000 2765 notario,
2039 2700 2140 2757 Ec-

574 2769 755 2827 clesiis
777 2775 1017 2830 omnium
1041 2777 1332 2848 Cycladum
1365 2785 1682 2842 insularum.

578 2944 585 2951 ’
648 2947 710 3000 lli
753 2964 942 3007 omnes
982 2959 1155 3010 sancti
1201 2972 1364 3029 atque
1410 2966 1686 3031 apostolici
1727 2968 1828 3023 viri
1890 2972 2141 3026 omnibus

2234 529 2324 579 τὸν
2371 528 2702 592 ἐπισκόπων,
2758 527 3019 597 Εὑτυχίου
3089 523 3366 595 Σμύρνης,
3418 521 3514 574 καὶ
3562 518 3816 587 Μαρίναυ

2237 619 2510 688 Τρωάδος.

2305 708 2591 778 Μακάριος
2622 705 2888 774 ’ῐεροσολύ
2897 720 3016 774 μων
3038 705 3135 756 σὺν
3157 702 3406 771 Εὗσεόίῳ
3423 701 3500 770 τῷ
3521 700 3814 769 Παμφίλου

2235 793 2519 861 ὲπισκόπῳ
2564 791 2899 861 Καισαρείας
2942 791 3044 861 τῆς
3084 789 3198 861 (22)
3249 790 3393 843 κατά
3442 787 3818 855 Παλαιστίνην

2235 885 2331 934 καὶ
2371 883 2630 951 Ἀραϐίαν
2664 884 2758 936 καὶ
2789 882 3067 952 Φοινίκην.

2317 973 2666 1043 Ἀλέξανδρος
2723 973 3126 1041 Θεσσαλονίκης
3182 970 3272 1024 διά
3328 970 3438 1023 τῶν
3493 971 3588 1024 ὑπ’
3652 970 3819 1022 αὐτὸν

2234 1065 2549 1126 τελούντων,
2582 1068 2704 1127 ταῖς
2745 1065 2886 1118 κατὰ
2928 1064 3262 1119 Μακεδονίαν
3296 1061 3519 1133 πρώτην
3559 1063 3658 1114 καὶ
3694 1062 3820 1113 δευ-

2232 1156 2419 1223 τέραν,
2454 1156 2551 1208 σῦν
2573 1158 2640 1225 τῇ
2669 1155 2900 1219 Ἑλλάδι,
2931 1156 3031 1225 τήν
3052 1172 3112 1207 τε
3146 1154 3417 1225 Εὐρώπην
3442 1153 3647 1211 πᾶσαν,
3678 1153 3818 1203 Σκυ-

2236 1247 2354 1300 θίαν
2382 1248 2667 1319 ἑκατέραν,
2698 1251 2794 1302 καὶ
2814 1251 2927 1312 ταῖς
2955 1248 3096 1300 κατὰ
3116 1249 3176 1300 τὸ
3215 1247 3515 1318 Ἰλλυρικὸν
3546 1247 3813 1311 άπάσαις,

2233 1339 2540 1392 Θεσσαλίαν
2569 1357 2628 1391 τε
2649 1340 2745 1392 καὶ
2783 1340 3031 1410 Ἀχαΐαν.

2305 1429 2596 1499 Νουνέχιος
2654 1431 2976 1493 Λαοδικείας
3029 1432 3152 1493 ταῖς
3216 1429 3360 1483 κατὰ
3408 1429 3509 1500 τὴν
3568 1430 3819 1501 Φρυγίαν

2237 1519 2464 1590 πρώτην
2489 1521 2586 1574 καὶ
2613 1521 2897 1592 δευτέραν.

2308 1612 2665 1682 Πρωτογένης
2702 1615 2734 1666 ὁ
2790 1613 3092 1680 θαυμάσιος
3124 1614 3333 1675 πόλεως
3364 1611 3663 1682 Σαρδικῆς,
3696 1615 3817 1676 ταῖς

2236 1702 2294 1753 ἐν
2340 1702 2534 1773 Δακία,
2568 1703 2888 1774 Καλαυρίᾳ,
2939 1704 3245 1775 Δαρδανία,
3282 1702 3375 1755 καὶ
3421 1705 3542 1765 ταῖς
3591 1703 3817 1773 ὁμόροις

2238 1793 2467 1857 τούτοις.

2309 1886 2634 1949 Κεκιλιανδς
2692 1887 3057 1958 Καρθαγένης
3105 1892 3229 1950 ταῖς
3284 1888 3428 1940 κατά
3476 1889 3661 1951 πάσας
3717 1888 3817 1950 τὰς

2239 1977 2526 2047 ἐπαρχίας,
2558 1978 2657 2040 τάς
2682 1994 2742 2028 τε
2784 1979 3070 2047 Ἀφρικὰς,
3103 1978 3199 2030 καὶ
3228 1979 3327 2041 τάς
3359 1978 3683 2048 Νουμιδίας,
3719 1978 3818 2031 καὶ

2238 2068 2610 2138 Μαυριτανίας
2654 2068 2993 2139 ἀμφοτέρας,
3048 2067 3240 2131 οὔσαις
3294 2069 3481 2137 ἁγίαις
3528 2071 3625 2122 τοῦ
3680 2068 3815 2122 Θεοῦ

2253 2158 2623 2227 Ἐκκλησίαις.

2310 2247 2507 2309 Πιστὸς
2545 2246 3081 2317 Μαρκιανουπόλεως
3117 2250 3238 2311 ταῖς
3274 2249 3416 2303 κατὰ
3439 2248 3541 2320 τὴν
3575 2251 3813 2312 Μυσίαν,

2238 2338 2334 2390 καὶ
2380 2336 2448 2390 τά
2490 2336 2598 2390 τῶν
2656 2337 2899 2405 Ἀθηνῶν
2940 2339 3035 2391 καὶ
3088 2338 3308 2393 Γάλλων
3365 2339 3517 2409 ἔθνη,
3553 2340 3648 2392 καὶ
3696 2342 3815 2403 ταῖς

2239 2427 2635 2499 πλησιοχώροις
2667 2428 2869 2482 τούτων
2910 2429 3148 2483 πόλεσιν.

2322 2518 2664 2588 Ἀλέξανδρος
2716 2519 3346 2581 Κωνσταντινουπόλεως
3385 2520 3510 2572 τότε
3565 2521 3813 2593 πρεσσὺο

2238 2628 2396 2680 τερος
2444 2610 2524 2663 ἔτι
2550 2610 2645 2674 ὢν,
2698 2613 2776 2672 είς
2813 2609 3037 2681 ὕστερον
3068 2612 3125 2664 δὲ
3163 2612 3252 2665 καὶ
3296 2611 3403 2681 τῆς
3451 2614 3812 2684 ἐπισκοπιής

2241 2699 2511 2768 ἱερατείας
2539 2698 2639 2767 τῆς
2665 2697 2855 2752 αὐτόοι
2893 2698 3220 2769 Ἐκκλησίας
3251 2699 3459 2769 λαχὼν,
3488 2701 3587 2753 σὺν
3620 2702 3811 2769 Παύλῳ

2241 2789 2320 2842 ἔτι
2358 2790 2477 2842 τότε
2528 2789 2852 2860 ἀναγνώστῃ
2897 2789 3012 2842 ὄντι
3052 2790 3147 2843 xui.
3189 2792 3425 2862 νοταρίῳ
3458 2790 3658 2857 αὐτοῦ,
3694 2792 3812 2855 ταῖς

2239 2881 2298 2933 ἐν
2330 2883 2447 2944 ταῖς
2472 2882 2657 2950 νήσοις
2684 2882 2887 2944 πάσαις
2920 2880 3206 2934 κυκλάσιν.

2310 2966 2471 3024 Οὗτοι
2533 2972 2735 3032 πάντες
2791 2972 2841 3023 οἱ
2884 2970 3028 3038 ἅγιοι
3063 2970 3160 3024 καί
3226 2970 3571 3023 ἀποστολικοὶ
3626 2969 3815 3038 ἄνδρες

578 3037 677 3089 sub
723 3042 860 3093 ccehi
907 3048 1109 3099 sam-tis
1165 3050 1251 3105 Dei
1312 3053 1599 3122 Ecclesiis,
1648 3076 1770 3126 qua:
1820 3062 1872 3114 in
1921 3062 2135 3118 Nicmna

2242 3063 2444 3125 πάσαις
2472 3064 2595 3123 ταῖς
2628 3063 2733 3115 ὑπὸ
2773 3063 2864 3115 τὸν
2909 3062 3143 3132 οὐρανὸν
3183 3063 3363 3130 ἁγίαις
3387 3062 3480 3114 τοῦ
3511 3060 3649 3113 Θεοῦ
3689 3061 3815 3113 Ἑκ-

578 3137 763 3180 sant-ta
820 3146 1012 3200 magna
1067 3147 1119 3189 et
1172 3145 1410 3208 generali
1463 3153 1667 3217 synodo
1711 3151 1930 3207 decreta
1980 3165 2134 3219 sunt,

579 3222 1027 3288 transmittentes,
1059 3228 1255 3298 ubique
1287 3235 1644 3293 tradiderunt.

1133 3423 1284 3480 CAP.
1332 3429 1584 3502 xxvm,

604 3527 876 3593 Quomodo
917 3534 1202 3603 imperator
1252 3557 1317 3593 ea:
1362 3546 1495 3620 solio
1528 3563 1743 3615 surgens
1774 3548 1882 3602 Deo
1919 3552 2123 3620 gratias

1267 3615 1405 3680 egeri
1412 3624 1451 3666 ι.

646 3712 945 3783 Imperator
976 3731 1154 3775 autem
1187 3722 1591 3792 Constantinus,
1609 3741 1729 3800 post
1750 3735 2138 3803 expositionem

577 3816 738 3858 rectae
768 3816 927 3876 atque
977 3814 1282 3881 apostolica:
1329 3817 1471 3885 ﬁdei,
1509 3835 1540 3874 a
1580 3820 1783 3890 Spiritu
1828 3838 2017 3882 sancto
2048 3847 2144 3900 per

578 3905 847 3955 trecentos
872 3914 1088 3958 sanctos
1117 3905 1304 3963 Patres
1333 3912 1482 3980 quasi
1510 3928 1605 3968 ore
1630 3931 1736 3971 uno
1768 3920 2138 3989 promulgatre,

572 3995 984 4050 etahonmibus
1020 4003 1594 4074 comprobataquiad
1631 4022 1872 4066 sanctam
1912 4015 2055 4071 illam
2081 4019 2142 4073 li-

576 4083 658 4135 dei
678 4084 1124 4153 disceptationem
1152 4107 1562 4163 concurrerant,
1588 4104 1840 4168 expansis
1869 4109 2141 4175 manibus,

574 4184 628 4227 et
674 4178 846 4232 oculis
900 4180 952 4233 in
986 4183 1180 4237 caelum
1233 4187 1299 4238 ad
1333 4188 1499 4242 Deum
1530 4192 1778 4253 sublatis.
1824 4198 1996 4266 ipsum
2035 4201 2140 4255 Do-

576 4268 775 4321 tninum
820 4273 1057 4326 omnium
1111 4285 1348 4329 nostrum
1383 4278 1712 4336 S:liV:tl0l‘Ctn
1740 4294 1794 4338 et
1829 4287 2141 4343 benefacto-

2242 3151 2491 3222 κλησίαις
2526 3152 2595 3205 τά
2619 3153 2677 3205 ὲν
2712 3154 2776 3221 τῇ
2806 3152 3053 3204 Νικαέων
3079 3152 3210 3222 ἁγίᾳ
3244 3150 3451 3220 μεγάλῃ
3491 3152 3589 3201 καὶ
3624 3153 3817 3202 οίκου·

2243 3243 2437 3310 μενικῇ
2479 3240 2678 3309 συνόδῳ
2728 3240 3031 3310 κεκριμένα
3073 3238 3623 3311 διαπορθμεύσαντες,
3666 3255 3819 3291 παν-

2240 3331 2405 3404 ταχοῦ
2432 3334 2536 3403 γῆς
2565 3332 2913 3404 παρέδωκαν.

2804 3447 3054 3501 ΚΕΦΑΛ.
3091 3446 3224 3501 KH’.

2246 3556 2434 3615 Ὅπου
2460 3563 2492 3615 ὁ
2513 3560 2810 3626 βασιλεὺς
2838 3562 3107 3626 ἀναστὰς
3142 3560 3211 3615 ἐκ
3234 3558 3338 3613 τοῦ
3363 3558 3601 3629 θρόνου,
3635 3561 3818 3629 εὐχαο

2407 3632 2756 3698 ριστηρίους
2785 3630 2988 3699 φωνὰς
3015 3629 3350 3699 ἀναπέμπει
3377 3627 3454 3694 τῷ
3489 3628 3632 3695 Θεῷ.

2321 3744 2380 3797 '0
2414 3742 2471 3796 δὲ
2508 3742 2761 3813 βασιλεὺς
2791 3744 3194 3805 Κωνσταντίνος
3228 3742 3321 3794 ἐπὶ
3363 3744 3429 3811 τῇ
3463 3740 3681 3793 ἐκθέσει
3716 3742 3815 3811 τῆς

2241 3835 2405 3907 ὀρθῆς
2432 3835 2525 3888 καὶ
2562 3833 2922 3904 ἁποστολικῆς
2957 3833 3211 3899 πίστεως,
3239 3834 3341 3904 τῆς
3389 3833 3452 3885 ὲκ
3493 3832 3813 3902 Πνεῦματος

2243 3928 2398 3995 ἁγίου
2444 3926 2534 3980 διὰ
2578 3926 2686 3980 τῶν
2734 3927 3062 3996 τριακοσίων
3118 3923 3289 3993 ἁγίων
3333 3924 3489 3996 ἡμῶν
3549 3924 3811 3995 Πατέρων

2245 4018 2674 4089 ὲκφωνηθείσης,
2706 4016 2895 4087 ὥσπερ
2940 4017 3009 4070 δι’
3041 4017 3163 4079 ἑνὸς
3222 4016 3511 4086 στόματος,
3569 4018 3662 4068 καὶ
3712 4033 3808 4068 κυ-

2245 4109 2510 4179 ρωθείσης
2556 4108 2707 4180 παρὰ
2755 4108 2981 4177 πάντωνε
3011 4109 3118 4161 τῶν
3158 4108 3575 4179 συνδραμόντων
3605 4110 3683 4170 εἰς
3711 4106 3808 4175 τὴν

2241 4198 2403 4265 ἁγίαν
2432 4198 2644 4267 ἐκείνην
2681 4197 2779 4266 τῆς
2809 4198 3040 4259 πίστεως
3063 4195 3349 4266 ἀκρόασιν,
3419 4194 3516 4247 καὶ
3564 4193 3665 4255 τὰς
3695 4192 3808 4262 χεῖο

2246 4304 2341 4357 ρας
2381 4286 2656 4350 ἁπλὼσας,
2712 4286 2805 4338 καὶ
2830 4285 2893 4337 τὸ
2921 4283 3074 4353 ὄμμα
3114 4284 3297 4347 τείνας
3328 4284 3407 4346 είς
3455 4282 3547 4335 τὸν
3586 4282 3809 4350 οὐρανίαν

576 4370 686 4408 rem
729 4358 890 4414 claris
928 4363 1105 4415 verbis
1151 4365 1402 4425 laudavit,
1441 4372 1587 4436 quod
1622 4372 1982 4429 desideratam
2027 4378 2137 4447 epi-

2243 4378 2378 4449 πρὺς
2408 4378 2497 4431 τὸν
2525 4378 2675 4443 Θεὸν,
2706 4377 2970 4445 εὐφήμοις
3002 4377 3242 4446 ῥήμασιν
3265 4374 3544 4470 ἀνύμνησε
3575 4373 3668 4470 τον
3700 4370 3809 4470 nini

574 4461 854 4514 scoporum
878 4455 1243 4518 canem-diam,
1263 4466 1315 4509 et
1346 4462 1654 4512 eorunnlem
1680 4464 1823 4517 circa
1857 4476 2055 4521 rectam
2087 4480 2142 4524 et

576 4541 864 4595 salutarem
912 4542 1064 4596 ﬁdem
1096 4561 1418 4601 consensum
1454 4552 1675 4618 largitus
1704 4556 1797 4607 sit.
1828 4554 1997 4611 Tanta
2036 4561 2142 4615 sci-

577 4630 697 4684 licet
723 4646 847 4684 cnra
870 4636 1123 4715 'optimus
1167 4638 1252 4690 ille
1290 4655 1355 4693 ac
1382 4639 1488 4695 Deo
1523 4645 1719 4697 eltarns
1763 4646 2058 4716 imperator
2084 4653 2137 4705 in

578 4719 840 4775 Ec-clesias
889 4722 986 4777 Dei
1027 4736 1081 4779 et
1129 4728 1405 4794 pacilicam
1462 4743 1733 4801 pastorum
1790 4742 2136 4796 (uncordiam

574 4812 832 4867 incubuit.
872 4814 985 4868 Non
1016 4818 1304 4872 absurdum
1330 4834 1507 4877 autem
1552 4827 1802 4881 existimo
1833 4824 1957 4884 huic
1986 4848 2137 4885 com-

576 4905 839 4957 mentario
881 4907 1138 4972 inserere,
1169 4926 1288 4977 quae
1318 4915 1537 4980 pulchre
1569 4917 1825 4971 disseruit
1871 4922 2135 4980 Eusebius

572 4993 834 5063 Pamphili
862 4996 930 5050 de
971 4999 1076 5050 vita
1105 4999 1441 5056 Constantini
1472 5007 1578 5060 Deo
1613 5012 1860 5065 amabilis
1894 5013 2137 5082 impera-

577 5086 722 5149 toris,
754 5088 818 5139 de
844 5088 1028 5155 gestis,
1048 5088 1285 5157 inquam,
1306 5093 1357 5145 in
1384 5097 1588 5163 synodo
1610 5102 1771 5153 verba
1801 5100 1977 5157 facere
2007 5106 2139 5159 inci-

571 5178 744 5245 piens.
796 5179 936 5231 Sunt
979 5191 1157 5234 autent
1221 5184 1335 5238 haec
1365 5185 1458 5242 "’:
1516 5206 1535 5239 ι
1576 5189 1710 5242 Cum
1764 5194 1926 5262 igitur
1973 5197 2137 5250 multa

569 5277 751 5320 essent
781 5282 844 5320 ex
880 5279 1109 5337 utraque
1150 5284 1301 5340 parte
1331 5282 1626 5345 proposita.
1677 5298 1975 5352 magnaque
2003 5302 2135 5340 con-

572 5357 832 5410 troversia
860 5358 910 5410 in
941 5359 1055 5427 ipso
1076 5362 1458 5431 disputationis
1489 5368 1729 5438 ingressu
1758 5386 1783 5422 a
1814 5373 2130 5440 quibusdam

654 5530 819 5584 "Lib
868 5550 947 5597 Ill,
982 5553 1094 5603 cap.
1132 5539 1215 5592 l5.

640 5689 753 5757 (2‘2;
791 5690 927 5760 Lo'gc
956 5697 1093 5754 ταῖς.
1146 5694 1315 5747 ΠΑΜ).

2243 4470 2461 4522 πάντων
2507 4468 2663 4538 ἡμῶν
2694 4468 2925 4537 Σωτῆρα
2964 4466 3059 4519 καὶ⁵
3092 4465 3389 4537 εὐεργέτην
3414 4464 3568 4537 Θεὸν,
3610 4465 3693 4516 δτι
3715 4462 3810 4531 τὴν

2241 4561 2581 4630 ποθουμένην
2616 4559 2764 4629 αὐτῷ
2796 4560 2902 4612 τῶν
2940 4559 3255 4612 ἐπισκόπων
3282 4558 3561 4626 ὁμόνοιαν,
3592 4556 3686 4608 καὶ
3715 4553 3810 4622 τὴν

2242 4656 2369 4724 περὶ
2416 4654 2513 4723 τῆς
2552 4653 2720 4723 ὀρθῆς
2749 4654 2843 4706 καὶ
2879 4655 3147 4723 σωτηρίου
3199 4653 3435 4714 πίστεως
3466 4650 3649 4703 αὐτῶν
3679 4651 3811 4718 ὀμο-

2243 4746 2445 4816 φωνίαν
2504 4744 2654 4815 αὐτῷ
2718 4745 3109 4814 ἐπρυτάνευσε.
3148 4743 3415 4807 Τοσοῦτος
3463 4739 3532 4812 ἦν
3567 4744 3597 4794 ὁ
3639 4743 3810 4794 πάντα

2243 4836 2464 4906 ἄριστος
2507 4836 2714 4899 ἐκεῖνος
2741 4837 2831 4888 καὶ
2859 4836 3109 4905 θεοφιλὴς
3137 4835 3388 4905 βασιλεὺς
3420 4833 3548 4905 περὶ
3572 4833 3672 4902 τὴν
3704 4832 3808 4883 τῶν

2242 4922 2333 4974 τοῦ
2354 4923 2487 4975 Θεοῦ
2524 4924 2861 4993 Ἐκκλησιῶν
2885 4926 3142 4994 φροντίδα
3162 4926 3257 4977 καὶ
3277 4924 3376 4994 τὴν
3397 4924 3507 4976 τῶν
3533 4922 3809 4992 ποιμένων

2248 5015 2684 5083 εἰρηνικωτάτην
2732 5014 3006 5084 ὁμόνοιαν.
3073 5016 3186 5068 Οὐκ
3235 5016 3433 5068 ἄτοπον
3478 5013 3537 5065 δὲ
3568 5012 3809 5082 ἠγοῦμαι

2245 5105 2337 5155 καὶ
2362 5104 2430 5155 τὰ
2469 5105 2727 5157 Εὐσεὸίου
2758 5106 2852 5157 τοῦ
2888 5106 3194 5173 Παμφίλου,
3236 5104 3380 5174 ἅπερ
3420 5104 3552 5173 περὶ
3581 5102 3807 5162 τούτων,

2241 5192 2350 5244 τῶν
2374 5195 2431 5245 ἐν
2462 5197 2525 5264 τῇ
2555 5194 2757 5263 συνόδῳ
2782 5194 3316 5265 πραγματευθέντων
3345 5191 3511 5258 λέγω,
3538 5188 3810 5241 ποιεῖσθαι

2242 5283 2516 5351 τὸνλόγον
2551 5285 2848 5353 ἀρχόμενος
2893 5284 3076 5346 καλῶς
3127 5283 3404 5336 διελάϐετο
3435 5283 3494 5333 ὲν
3534 5281 3615 5350 τῷ
3645 5279 3814 5348 τρίτῳ

2242 5374 2404 5427 αὐτοῦ
2458 5374 2645 5444 βιϐλίῳ
2696 5373 2773 5443 τῷ
2824 5375 2900 5436 εἰς
2955 5374 3043 5426 τὸν
3091 5374 3206 5442 βίον
3254 5372 3671 5426 Κωνσταντίνου
3718 5367 3812 5421 τοῦ
