4042 6142
274 329 408 392 1313

1155 324 1522 384 HISTORIA
1562 320 1892 381 CONCILII
1929 321 2231 400 ΝΙΟίΕΝΙ.
2273 346 2342 358 -
2377 323 2524 384 LIB.
2564 325 2646 386 Il.

3373 329 3504 394 13M

269 434 552 504 θεοφιλοῦς
605 433 890 505 βασιλέως,
952 430 1168 496 ἐντάξαι
1221 431 1349 500 τῇδε
1401 431 1466 498 τῇ
1518 429 1827 497 συγγραφῇ.

1939 427 2241 490 concitata;
2294 428 2710 496 imperatorille
2757 429 3145 486 celeberrimus
3192 447 3260 484 on
3287 447 3381 486 nes
3409 435 3498 485 lte-

280 527 440 578 Ἐστι
472 525 528 577 δὲ
575 524 781 577 ταῦτα’
841 541 859 574 t
902 520 1170 574 Πλείστων
1215 519 1382 571 δεῖται
1433 519 1522 586 ὑφ’
1571 515 1834 584 ἑκατέρου

265 615 546 684 τάγματος
575 613 1026 686 προτεινομένων,
1065 609 1266 680 πολλῆς
1295 625 1356 660 τε
1393 606 1724 678 ἀμφιϐολίας
1766 603 1835 658 τὰ

265 705 458 773 πρῶτα
489 707 642 774 παρά
681 721 842 757 τινων
871 702 1183 772 γινομένης,
1214 699 1525 768 ἐπηκροᾶτο
1558 695 1777 748 πάντων
1805 695 1834 746 ὁ

267 795 522 865 βασιλεὺς
551 796 580 848 ὁ
625 793 1010 863 πανεύφημος,
1049 791 1212 860 σχολῇ
1242 805 1301 841 τε
1350 785 1697 855 εύτονωτάτῃ
1734 782 1833 844 τάς

265 887 556 956 προτάσεις
579 884 822 954 θατὲρων
846 881 954 936 τῶν
974 881 1154 952 μερῶν
1179 877 1482 948 ὑπεδέχετο’
1514 877 1571 928 ἐν
1599 875 1752 946 μέρει
1773 888 1833 925 τε

264 973 792 1044 ἀντιλαμϐανόμενος
821 971 930 1024 τῶν
968 971 1098 1041 παρ’
1150 967 1408 1040 ἐκατέρου
1439 967 1714 1035 τάγματος
1743 963 1833 1014 λε-

263 1064 532 1134 γομένων,
555 1063 654 1134 ἠρέ
663 1081 738 1132 μα
768 1079 826 1114 τε
853 1062 1050 1131 συνῆγε
1070 1060 1195 1123 τοὺς
1220 1057 1530 1128 φιλονείκως
1555 1053 1834 1122 ἐνισταμέ-

263 1171 410 1218 νους,
435 1155 620 1224 πράως
645 1171 702 1205 τε
730 1151 1158 1222 ποιούμενοςτάς
1177 1149 1316 1220 πρὸς
1340 1151 1570 1204 ἕκαστον
1596 1145 1831 1214 ὁμιλίαξ,

263 1245 558 1314 ἑλληνίζων
587 1261 643 1296 τε
666 1246 730 1314 τῇ
763 1245 914 1314 φωνῇ
942 1259 954 1272 ·
989 1241 1178 1312 ἐπειδὴ
1217 1239 1351 1310 μηδὲ
1375 1237 1578 1307 ταύτης
1606 1236 1832 1306 ἀμαθῶς

262 1329 398 1402 εἶχε,
429 1331 692 1402 γλυκερός
723 1349 804 1394 τις
825 1327 894 1402 ἦν
919 1331 1012 1384 καὶ
1045 1331 1336 1402 ήδὺς,τοὺς
1364 1329 1463 1400 μὲν
1492 1327 1828 1398 συμπείθων,

260 1427 387 1490 τοὺς
421 1425 476 1478 δὲ
509 1423 913 1477 καταδυσωπῶν
945 1423 1210 1494 τῷλόγῳ,
1239 1423 1366 1484 τοὺς
1389 1422 1446 1475 δὲ
1481 1416 1538 1474 εὖ
1570 1421 1828 1488 λέγοντας

263 1517 520 1576 ἐπαινῶν,
572 1516 776 1578 πάντας
818 1531 879 1567 τε
925 1515 1006 1577 εἰς
1050 1513 1300 1584 ὁμόνοιαν
1327 1511 1566 1565 ἐλαύνων
1603 1511 1708 1572 ἓως
1739 1511 1828 1564 ὅτε

263 1605 652 1676 ὁμογνώμονας
705 1606 798 1657 καὶ
849 1605 1136 1675 ὁμοδόξους
1187 1605 1272 1657 ἐπ’
1318 1601 1466 1673 αὑτῷ
1501 1603 1609 1674 [ἐπ’
1639 1601 1826 1674 αὐτοῦ]

262 1697 672 1764 κατεστήσατοο
705 1694 781 1758 ὡς
813 1693 1132 1764 ὁμοφρόνως
1175 1694 1275 1763 μὲν
1307 1691 1579 1764 κρατῆσαι
1609 1691 1706 1763 τὴν
1739 1692 1824 1744 εύ-

264 1784 396 1855 σεΰῆ
453 1783 780 1852 δοξολογίαν,
826 1783 1194 1854 κρατυνθῆναί
1251 1800 1311 1835 τε
1341 1781 1438 1852 τὴν
1495 1781 1709 1850 ἀληθῶς
1761 1783 1826 1835 ὲκ

260 1875 578 1944 Πνεύματος
625 1873 782 1942 ἁγίου
825 1873 976 1944 παρά
1002 1874 1220 1926 πάντων
1251 1872 1359 1926 τῶν
1407 1871 1826 1942 προρρηθέντων

262 1965 431 2034 ἁγίων
465 1964 620 2036 ἡμῶν
655 1965 914 2036 Πατέρων
959 1962 1368 2034 ἐκφωνηθεῖσαν
1413 1963 1681 2033 σωτήριον
1735 1964 1826 2018 πί-

263 2073 401 2110 στιν.
448 2057 534 2110 Ἐν
568 2056 614 2108 τ’
645 2054 793 2126 αύτῷ
835 2055 892 2108 δὲ
923 2055 1017 2108 καὶ
1049 2055 1176 2125 περὶ
1205 2055 1303 2124 τῆς
1330 2053 1600 2123 σωτηρίου
1632 2053 1826 2124 ἑορτῆς

259 2147 356 2200 τοῦ
384 2149 570 2216 Πάσχα
595 2147 688 2199 ’ἐνα
720 2147 870 2216 παρὰ
897 2147 1060 2200 πᾶσιν
1077 2144 1474 2215 ὁμολογηθῆναι
1501 2143 1690 2215 καιρὸν
1712 2146 1826 2196 ἐνο-

264 2239 550 2308 μοθέτησε.
581 2238 709 2290 Τότε
739 2237 803 2308 δὴ
831 2237 922 2290 καὶ
955 2237 1246 2306 ἐγγράφως
1269 2235 1336 2289 δι’
1363 2235 1822 2305 ὑποσημειώσεως

260 2329 490 2382 ἑκάστου
538 2329 608 2382 τὰ
638 2333 788 2400 κοινῇ
841 2327 1132 2398 δεδογμένα
1173 2326 1483 2399 κυρωθῆναι
1545 2326 1820 2396 ὡρίσατο-

258 2421 512 2490 καὶπερὶ
557 2420 664 2472 τῶν
708 2420 828 2472 καθ’
858 2418 1090 2472 ἕκαστον
1131 2417 1601 2487 ἐκκλησιαστικῶν
1638 2417 1822 2470 διατυ-

259 2509 488 2564 πώσεων
519 2511 612 2564 καὶ
656 2511 892 2564 κανόνων
936 2511 1230 2582 ἐγγράφως
1279 2508 1518 2561 ἐκθεῖναι
1550 2508 1674 2571 τοὺς
1704 2509 1825 2560 ἐπι-

258 2603 494 2666 σκόπους
519 2605 826 2675 παρεγγυᾷ.
884 2621 903 2653 ι

833 2715 1082 2770 ΚΕΦΑΛ.
1117 2713 1247 2769 ΚΘθ.

251 2825 400 2894 Περὶ
441 2825 716 2880 Ἀκεσίου
748 2825 1086 2912 ἐπεσκόπρυ
1119 2822 1688 2908 τῷν-,Ναυατιανῶη
1725 2823 1825 2878 καὶ

787 2912 908 2948 των
957 2909 1082 2948 συν
1119 2909 1298 2960 αυτῳ.

325 3011 486 3064 Κινεῖ
511 3010 568 3062 δὲ
597 3010 742 3080 ἡμᾶς
771 3011 804 3078 ἡ
849 3007 945 3061 τοῦ
995 3007 1260 3078 βασιλέως
1293 3007 1473 3070 πίστις
1513 3007 1604 3060 καὶ
1633 3006 1821 3078 ἑτέρου

1937 520 2096 588 nigne
2127 520 2398 582 audiebat,
2429 521 2789 576 intentissimo
2819 523 2996 578 studio
3021 524 3300 594 utriusque
3328 529 3500 595 partis

1935 609 2329 678 propositiones
2372 612 2673 679 excipiebat
2720 631 2734 667 :
2791 614 3058 667 interdum
3109 617 3270 668 etiam
3317 617 3497 670 ferens

1933 714 2090 767 opem
2117 699 2362 754 alterutri
2397 701 2811 768 disceptantium
2841 706 2999 773 parti,
3029 721 3120 758 eos
3149 721 3342 775 magna
3374 723 3494 758 cmn

1934 791 2282 844 contentione
2304 791 2654 859 digladiantes
2676 795 2929 862 paulatim
2951 795 3352 860 reconciliahat,
3376 812 3496 849 cum

1933 880 2160 949 singulis
2201 881 2429 935 comiter
2473 889 2528 935 et
2574 883 2804 951 benigne
2838 899 3142 938 sermonem
3183 885 3499 939 conferebat

1932 968 2116 1024 Graece
2149 989 2162 1024 :
2191 987 2314 1026 nam
2356 988 2422 1027 ne
2451 975 2610 1045 hujus
2635 975 2849 1044 quidem
2883 977 3073 1046 linguae
3101 979 3320 1044 ignarus
3358 985 3496 1030 erat.

1935 1057 2132 1114 Suavis
2157 1069 2274 1114 erat
2303 1071 2354 1114 et
2381 1061 2630 1126 blandus,
2676 1066 2802 1118 dum
2847 1065 2968 1117 aliis
3000 1067 3345 1134 persuadere,
3376 1066 3497 1120 aliis

1931 1164 2182 1204 sermone
2237 1153 2499 1220 pudorem
2567 1157 2902 1224 exprimere,
2963 1157 3096 1210 alios
3148 1157 3240 1227 qui
3297 1157 3497 1210 diserte

1932 1243 2220 1306 dixissent,
2267 1243 2606 1308 Collaudare,
2663 1261 2852 1301 omnes
2902 1248 3135 1314 denique
3170 1248 3236 1300 ad
3265 1260 3496 1300 concor-

1929 1334 2071 1387 diam
2122 1334 2378 1388 reducere
2418 1339 2812 1391 contendebat:
2844 1353 3012 1407 usque
3055 1353 3120 1391 eo
3151 1338 3322 1392 donec
3378 1348 3497 1390 latt-

1929 1423 2047 1476 dem
2073 1436 2166 1477 eos
2193 1433 2301 1476 tum
2333 1426 2707 1494 cmispirantes
2738 1427 2959 1492 animis,
3005 1437 3114 1480 tum
3145 1428 3496 1495 opinionibus

1929 1512 2331 1566 consentientes
2375 1515 2618 1570 redderet
2651 1525 2750 1570 :ut
2793 1517 2938 1584 pium
2991 1517 3282 1571 Dominiea:
3309 1518 3497 1588 gloria:

1927 1605 2167 1660 studium
2219 1607 2578 1676 principatum
2633 1625 2738 1664 uno
2793 1626 3061 1665 consensu
3117 1611 3387 1666 obtineret
3441 1623 3499 1667 ct

1931 1695 2249 1764 praevaleret
2280 1697 2412 1751 ﬁdes
2435 1698 2684 1752 salutaris
2724 1715 2848 1754 rere
2893 1717 2920 1754 a
2953 1701 3154 1770 Spiritu
3185 1711 3374 1755 sancto
3401 1717 3498 1769 per

1927 1801 2115 1841 omnes
2164 1789 2448 1856 praedictos
2487 1789 2704 1845 sanctos
2745 1789 2933 1845 Patres
2987 1802 3206 1847 nostros
3255 1793 3494 1861 promul-

1927 1888 2074 1944 gata.
2120 1877 2320 1933 Ibidem
2375 1869 2536 1934 etiam
2587 1881 2704 1950 lege
2759 1884 2972 1949 sanxit,
3025 1895 3096 1954 ut.
3127 1886 3266 1954 apud
3305 1900 3496 1940 omnes

1927 1982 2093 2021 unum
2153 1977 2362 2038 tempus
2409 1981 2685 2026 constaret
2736 1987 2834 2041 pro
2890 1975 3147 2029 salutaris
3211 1975 3496 2030 Pasch-alis

1925 2056 2262 2113 festivitate:
2310 2071 2420 2114 tum
2464 2061 2629 2116 etiam
2676 2073 2733 2116 ut
2771 2079 2866 2132 per
2903 2080 3218 2134 expressam
3254 2067 3496 2137 singulo-

1929 2160 2046 2204 rum
2087 2151 2562 2221 subscriptionem,
2595 2173 2715 2226 quae
2739 2159 2790 2212 in
2823 2160 3094 2212 communi
3131 2159 3346 2216 decreta
3378 2160 3498 2213 l'ue-

1929 2249 2079 2306 rant,
2119 2241 2486 2300 ﬁrmarentur.
2510 2237 2767 2318 ’Dentque
2813 2249 3098 2318 episcOpos
3138 2261 3194 2305 ut
3226 2251 3292 2305 de
3318 2251 3487 2304 eccle-

1927 2331 2162 2386 siasticis
2218 2335 2702 2394 constitutionibus
2755 2347 2808 2393 et
2865 2339 3170 2394 canonibus
3227 2340 3490 2410 scriptum

1927 2423 2170 2489 ederent,
2203 2424 2450 2480 hortatus
2488 2437 2590 2481 est;
2630 2445 2650 2479 ι

2515 2715 2668 2773 CAP.
2711 2717 2904 2773 XXIX.

1924 2823 2004 2880 De
2045 2827 2229 2881 Αεεείο
2263 2825 2688 2882 Novatianorum
2737 2829 2999 2899 episcopo,
3040 2838 3088 2884 et
3129 2831 3219 2899 qui
3255 2846 3372 2885 cum
3401 2831 3492 2886 illo

2624 2914 2712 2952 era
2719 2911 2770 2952 ut
2777 2936 2794 2952 .

1999 3007 2240 3064 Movet"
2271 3018 2452 3065 autem
2487 3024 2586 3064 nos
2621 3010 2962 3078 imperatoris
3001 3011 3158 3076 tides,
3187 3021 3319 3066 utet
3346 3012 3492 3067 aliud

254 3102 582 3172 πράγματος
625 3099 1052 3170 ἐπιμνησθῆναι,
1083 3099 1142 3162 ὃς
1177 3097 1277 3170 τὴν
1308 3098 1541 3170 σπουδὴν
1573 3099 1666 3151 καὶ
1694 3097 1827 3170 πρό-

1931 3098 2187 3166 quiddam
2215 3113 2706 3154 commemoremus
2735 3117 2750 3152 :
2779 3101 2870 3168 qui
2891 3111 3040 3156 tanto
3069 3103 3250 3156 studio
3283 3113 3337 3157 et
3369 3119 3496 3172 pru-

253 3210 406 3246 νοιαν
437 3192 533 3263 τῆς
570 3191 1028 3261 ἐκκλησιαστικῆς
1056 3191 1278 3262 εἰρήνης
1305 3191 1558 3253 ἐποιεῖτο,
1589 3189 1663 3253 ὡς
1691 3189 1828 3260 μηδὲ

253 3284 326 3337 τὰ
357 3283 616 3354 ἐλάχιστα
633 3283 795 3336 αὑτὸν
819 3281 1166 3352 παραλιπεῖν.
1192 3281 1301 3333 Καὶ
1327 3280 1566 3334 Ἀκέσιον
1594 3281 1702 3350 γὰρ
1727 3280 1826 3349 τῆς

253 3375 366 3428 τῶν
391 3373 744 3428 Ναυατιανῶν
777 3372 1072 3444 θρησκείας
1116 3371 1414 3424 ἐπίσκοπον
1443 3371 1538 3424 καὶ
1571 3369 1696 3434 τοὺς
1727 3371 1824 3424 σὺν

255 3465 407 3535 αὐτῷ
447 3465 731 3534 ὲκεκλήκει
769 3466 848 3526 εἰς
889 3462 986 3533 τὴν
1026 3462 1261 3526 σύνοδον,
1296 3461 1371 3522 ὡς
1403 3461 1496 3513 καὶ
1530 3461 1726 3524 αὐτοὺς
1765 3460 1826 3514 τὸ

256 3555 540 3624 ὁμοούσιον
591 3554 685 3608 καὶ
711 3553 811 3623 τὴν
841 3552 1045 3622 Τριάδα
1084 3551 1424 3616 δοξάζοντας.
1454 3550 1610 3604 Μετά
1643 3546 1738 3604 οὖν
1764 3551 1824 3604 τὸ

255 3644 546 3714 ἐκτεθῆναι
591 3643 688 3698 καὶ
731 3643 1112 3714 ὑπογραφῆναι
1163 3641 1316 3712 παρά
1347 3657 1406 3694 τε
1452 3640 1555 3710 τῆς
1602 3641 1822 3694 συνόδου

253 3735 354 3792 καὶ
381 3735 473 3788 τοῦ
509 3735 771 3805 βασιλέως
809 3735 899 3788 τὸν
927 3734 1052 3804 ὅρον
1097 3733 1196 3804 τῆς
1229 3731 1480 3796 πίστεως,
1513 3731 1703 3802 ἠρώτα
1734 3732 1825 3787 τὸν

267 3827 514 3880 Ἀκέσιον
546 3827 947 3887 Κωνσταντῖνος
985 3827 1014 3876 ό
1045 3823 1316 3894 βασιλεὺς,
1343 3823 1392 3874 εί
1440 3825 1535 3874 καὶ
1563 3822 1726 3885 αὐτὸς
1751 3824 1820 3893 τῇ

257 3919 442 3972 πίστει
463 3917 768 3970 συντίθεται
797 3917 892 3968 καὶ
912 3915 990 3986 τῷ
1015 3913 1225 3986 ὁρισμῷ
1248 3913 1348 3981 τῆς
1369 3913 1612 3982 περὶτοῦ
1636 3913 1826 3982 Πάσχα

255 4009 474 4080 ἑορτῆς.
523 4009 582 4062 Ὀ
627 4009 684 4062 δὲ
733 4008 976 4068 Ἀκέσιος
1019 4007 1152 4076 πρὸς
1193 4003 1378 4070 αὐτὸν,
1403 4003 1570 4056 Οὐδὲν
1616 4005 1822 4068 καινὸν,

257 4099 385 4169 ἔφη,
415 4095 459 4154 ὦ
491 4099 730 4168 βασιλεῦ,
761 4101 794 4168 ἡ
829 4096 1042 4158 σύνοδος
1071 4095 1268 4166 ὥρισεν
1293 4111 1306 4124 ·
1333 4093 1474 4146 οὕτω
1495 4093 1600 4164 γὰρ
1622 4092 1826 4148 ἄνωθεν

256 4191 496 4254 ἅπαντες
521 4197 584 4244 ἐκ
618 4191 724 4244 τῶν
757 4187 1128 4244 ἀποστολικῶν
1171 4187 1377 4258 θρόνων
1405 4186 1826 4256 παρειλήφαμεν

255 4283 472 4338 καὶτὸν
504 4283 626 4352 ὅρον
669 4283 768 4352 τῆς
813 4281 1070 4344 πίστεως,
1112 4279 1208 4332 καὶ
1251 4277 1342 4330 τὸν
1382 4276 1574 4346 χρόνον
1602 4276 1702 4346 τῆς
1727 4273 1824 4327 τοῦ

254 4376 445 4443 πάσχα
483 4373 694 4442 ἑορτῆς.
730 4371 840 4424 Καὶ
881 4371 910 4422 ὁ
961 4369 1209 4440 βασιλεὺς
1238 4367 1373 4436 πρδς
1404 4367 1588 4420 αὐτόν·
1625 4366 1690 4418 Τί
1730 4360 1851 4418 οὖν’

1927 3190 2107 3244 dentia
2141 3191 2198 3244 in
2231 3191 2658 3246 ecclesiasticam
2701 3207 2888 3262 pacem
2933 3193 3298 3258 incumbebat,
3335 3206 3391 3248 ut
3427 3211 3496 3250 ne

1924 3278 2146 3332 minima
2175 3279 2394 3348 quidem
2435 3281 2750 3350 negligeret.
2794 3280 3004 3335 Etenim
3041 3279 3293 3335 Acesinm
3333 3291 3500 3334 serue

1921 3368 2348 3424 Novatianorum
2399 3371 2738 3440 episcopum,
2775 3381 2828 3427 et
2877 3372 2997 3442 ejus
3025 3372 3203 3426 socios
3239 3373 3291 3426 in
3324 3387 3490 3444 syno-

1923 3461 2051 3516 dum
2084 3461 2317 3526 vocavit,
2367 3463 2507 3517 haud
2559 3463 2720 3518 aliter
2765 3478 2924 3532 quam
2961 3463 3106 3533 ipsos
3136 3465 3226 3532 qui
3254 3465 3490 3518 consub-

1923 3551 2176 3607 stantiale
2218 3561 2272 3606 et
2319 3552 2639 3608 Trinitatem
2693 3553 3063 3609 celebrabant.
3102 3555 3180 3608 Ac
3207 3563 3488 3624 postquam

1925 3644 2130 3698 decisio
2177 3643 2244 3699 de
2275 3643 2378 3700 title
2420 3661 2542 3700 cum
2597 3647 2648 3700 in
2696 3646 3118 3703 commentarios
3149 3647 3340 3712 relata,
3378 3657 3490 3701 tum

1924 3734 2406 3803 subscriptionihus
2462 3735 2775 3790 conﬁrmata
2812 3749 2842 3790 a
2889 3736 3094 3806 synodo
3147 3745 3204 3792 et
3260 3737 3491 3803 impera-

1927 3834 2042 3880 tore
2119 3835 2266 3888 erat,
2343 3825 2638 3894 imperator
2719 3823 3104 3880 Constantinus
3178 3827 3494 3881 sciscitaba-

1926 3925 2012 3968 tur
2053 3915 2119 3968 ab
2147 3914 2374 3978 Acesio,
2405 3925 2581 3967 utrum
2647 3916 2762 3982 ipse
2807 3915 2980 3969 eidem
3013 3917 3154 3980 lidei,
3181 3924 3236 3968 et
3275 3917 3491 3970 decreto

1923 4019 2139 4074 quoque
2174 4004 2242 4057 de
2277 4003 2397 4058 festi
2445 4003 2724 4058 Paschalis
2770 4003 3142 4058 observatione
3193 4007 3491 4060 constituto

1925 4095 2302 4150 assentiretur.
2354 4093 2490 4147 Tum
2527 4093 2658 4149 ille:
2701 4093 2848 4149 Nihil
2891 4095 3034 4159 novi,
3084 4094 3275 4164 inquit,
3320 4112 3352 4150 ο
3387 4098 3491 4152 im-

1926 4195 2163 4254 perator,
2221 4183 2508 4237 concilium
2565 4185 2836 4250 decrevit;
2893 4200 3016 4237 natn
3074 4187 3372 4256 antiquitus
3427 4191 3513 4242 ah.

1926 4274 2302 4344 Apostolorum
2336 4275 2554 4330 sedibus
2585 4290 2775 4329 omnes
2824 4275 3064 4328 eamdem
3113 4276 3234 4330 ﬁdei
3269 4279 3496 4332 decisiu-

1929 4383 2090 4432 nem,
2139 4377 2194 4422 et
2233 4367 2373 4421 idem
2425 4375 2636 4434 tempus
2683 4365 2807 4421 testi
2855 4365 3137 4421 Paschatis
3165 4371 3494 4438 accepimus.

254 4467 356 4535 τῆς
375 4431 686 4526 ’.κοινωνίας
739 4464 894 4534 ἡμῶν
950 4431 1199 4532 impigr},
1240 4431 1299 4512 ’ὁ
1345 4459 1401 4512 δὲ
1467 4458 1711 4520 Ἀκέσιος
1759 4457 1826 4512 τὰ

1931 4457 2065 4512 Τιιιιι
2096 4458 2390 4527 imperator
2413 4475 2428 4511 :
2457 4458 2564 4512 Cur
2583 4458 2746 4527 igitur
2773 4469 2824 4512 te
2849 4473 2878 4510 a
2905 4459 3284 4512 communione
3312 4471 3494 4513 nostra

253 4559 352 4610 ἐπὶ
379 4555 568 4608 Δεκίου
609 4557 751 4608 κατὰ
781 4555 878 4613 ,τὸν
908 4552 1148 4622 διωγμὸν
1183 4552 1445 4620 γινόμενα
1474 4548 1604 4619 περὶ
1631 4548 1741 4600 τῶν
1769 4551 1826 4602 ἐν

251 4648 337 4719 τῷ
380 4647 666 4720 μαρτυρίῳ
727 4646 800 4718 μὴ
850 4643 1188 4714 δυνηθέντων
1234 4639 1635 4709 ἀγωνίσασθαι,
1692 4637 1829 4691 ἀλλὰ

253 4742 674 4813 ἀρνησαμένων,
703 4739 962 4808 διηγεῖτο,
994 4737 1088 4789 καὶ
1117 4735 1404 4806 ἀκρίϐειαν
1431 4731 1706 4804 αὐστηροῦ
1729 4749 1831 4786 κα-

253 4833 407 4894 νόνος
456 4831 854 4904 προεΰάλλετο,
907 4831 1112 4898 λέγων’
1163 4829 1237 4890 ὡς
1267 4829 1408 4896 Ἀρα
1463 4827 1524 4880 οὐ
1555 4827 1660 4896 χρὴ
1703 4827 1830 4888 τοὺς

256 4925 401 4996 μετά
449 4924 511 4975 τὸ
573 4923 854 4992 βάπτισμα
902 4921 1293 4992 ἡμαρτηκότας
1347 4919 1598 4989 δέχεσθαι
1663 4933 1828 4986 μετα·

251 5013 534 5075 νοοῦντας,
567 5013 600 5082 ἢ
632 5013 732 5078 τῆς
763 5011 1048 5072 κοινωνίας
1075 5011 1168 5062 τοῦ
1199 5009 1496 5080 μυστηρίου
1521 5009 1613 5060 τοῦ
1636 5003 1826 5060 λοιποῦ

251 5103 569 5170 ἀξιοῦσθαι.
611 5097 797 5156 Ταῦτα
826 5102 1068 5163 εἰπόντος
1107 5101 1201 5152 τοῦ
1252 5099 1520 5163 Ἀκεσίου,
1553 5099 1657 5168 ἔφη
1693 5097 1828 5167 πρὸς

250 5197 422 5249 αὐτὸν
469 5197 496 5246 ὀ
532 5193 818 5264 βασιλεύς’
863 5194 984 5256 Θὲς,
1031 5187 1074 5245 ὦ
1108 5191 1338 5254 Ἀκέσιε,
1377 5190 1618 5259 κλίμακα
1647 5189 1826 5258 μόνος,

251 5289 354 5341 καὶ
386 5285 618 5356 ἀνάϐηθι
649 5285 728 5346 είς
761 5283 853 5336 τὸν
881 5283 1130 5353 οὐρανόν.
1155 5283 1308 5336 Μετὰ
1355 5281 1528 5334 ταῦτα
1556 5279 1754 5336 πάντες
1781 5282 1831 5334 οἱ

249 5381 552 5432 ἐπίσκοποι
613 5375 974 5438 διατυπώσεις
1020 5373 1478 5445 ὲκκλησιαστικάς
1543 5371 1833 5442 διαφόρους

248 5470 538 5526 ὲκτίθεντα
553 5488 588 5520 ι.

340 5689 575 5744 l“’Soer.
600 5689 698 5743 lih.
723 5703 758 5752 I,
798 5702 916 5757 cap.
953 5689 1051 5755 10;
1076 5698 1130 5745 et
1159 5688 1376 5746 Sezom.
1413 5687 1505 5741 lib.
1542 5704 1580 5752 ι,
1609 5703 1728 5757 cap.
1763 5685 1854 5740 2|.

1922 4547 2252 4616 segregasti?
2279 4545 2372 4601 Ille
2405 4561 2491 4602 res
2535 4558 2794 4617 regnante
2837 4547 2998 4601 Decio
3041 4559 3220 4614 gestas
3242 4587 3259 4614 ,
3291 4559 3343 4600 et
3376 4563 3496 4617 quae

1925 4638 2299 4708 persecutione
2358 4639 2642 4708 ingruente
2699 4640 3042 4704 acciderant,
3085 4650 3143 4694 et
3183 4645 3250 4694 tle
3305 4639 3368 4693 iis
3399 4639 3488 4708 qui

1926 4731 2175 4802 martyrii
2231 4741 2504 4784 certamen
2570 4731 2850 4785 decertare
2903 4745 3009 4784 non
3065 4740 3344 4798 poterant,
3398 4731 3492 4784 sed

1929 4820 2206 4876 Christum
2268 4821 2640 4890 ahnegahant,
2709 4823 2982 4886 narravit,
3061 4821 3496 4890 exquisitamque

1933 4913 2103 4966 severi
2141 4914 2418 4982 cujusdam
2467 4915 2688 4968 canonis
2719 4913 3148 4968 observationem
3177 4913 3230 4965 in
3260 4913 3494 4965 tnedium

1924 5003 2188 5058 adduxit:
2220 5002 2374 5068 Quod
2421 5019 2525 5058 non
2562 5014 2813 5073 eporleat
2865 5019 2958 5058 eos
3016 5003 3103 5074 qui
3151 5013 3270 5071 post
3323 5003 3500 5070 bapti-

1929 5105 2446 5162 smumpecearunt,
2497 5095 2750 5166 quamvis
2802 5097 3128 5165 pumilemes
3185 5093 3496 5156 admittere,

1932 5201 2032 5238 nec
2062 5185 2440 5254 mysteriorum
2474 5187 2854 5241 communione
2882 5185 3089 5254 dignari
3113 5185 3180 5237 ⁸¹.
3213 5181 3344 5248 Quae
3371 5199 3496 5236 cum

1932 5276 2428 5338 dixissetAcesins,
2472 5277 2765 5346 imperator
2794 5278 2872 5332 sic
2911 5277 3058 5330 illum
3103 5275 3276 5328 denuo
3305 5275 3499 5326 atratus

1929 5375 2013 5418 est
2045 5381 2060 5418 :
2091 5365 2298 5434 Erigito
2341 5365 2436 5419 tihi
2467 5367 2690 5432 scalam,
2720 5367 2899 5430 Acesi,
2927 5373 2980 5418 et
3018 5363 3082 5417 ad
3120 5363 3316 5418 etelum
3347 5366 3498 5418 solus

1931 5455 2234 5510 ascendite.
2276 5456 2404 5510 Post
2442 5459 2554 5512 haec
2592 5474 2781 5514 omnes
2823 5456 3058 5528 episc0pi
3101 5455 3280 5510 varias
3323 5456 3497 5511 eccle-

1929 5547 2181 5602 siasticas
2211 5549 2623 5603 constitutiones
2650 5551 2832 5604 edunt.

1937 5688 1976 5718 ⁸⁸
2005 5687 2170 5742 Cone.
2203 5690 2400 5742 Elihcr.
2435 5705 2552 5744 cazr.
2586 5689 2632 5740 l.
