4042 6142
576 291 714 361 1315

1169 406 1324 465 CAP.
1366 404 1534 461 XXX.

645 519 724 576 De
751 518 1110 590 diatyposibus
1137 519 1502 574 ecclesiasticis
1529 531 1698 571 sermo
1716 516 2070 586 dogmaticus.

645 694 936 751 Versemur
964 710 1084 749 cum
1116 696 1234 747 luce
1254 737 1269 761 ,
1302 708 1423 763 quae
1447 703 1532 748 est
1562 693 1832 754 Christus,
1888 700 2145 757 tanquam

577 789 676 857 ipsi
722 787 1006 856 propinqui
1055 786 1381 840 exsislentes
1411 825 1426 846 ,
1469 794 1524 839 et
1576 784 1749 851 ipsum
1793 782 2146 851 aspicientes.

579 881 673 935 Sic
708 881 760 932 in
794 878 1262 931 sanetilicantilms
1310 874 1716 944 precationibus
1770 887 2145 927 exerceamus.

578 972 777 1027 Preces
804 971 949 1025 enim
980 968 1349 1031 sanctiﬁcant,
1382 969 1425 1021 si
1468 967 1710 1021 divinum
1745 965 1980 1019 Verbum
2014 965 2149 1018 adu-

579 1077 785 1117 remus.
839 1061 1077 1116 Verbum
1114 1068 1293 1113 autem
1343 1059 1582 1112 divinum
1613 1058 1807 1118 adest,
1843 1055 1932 1109 ubi
1970 1069 2064 1108 cor
2094 1063 2152 1108 et

578 1170 713 1225 pura
747 1155 871 1207 vita:
903 1153 1177 1207 institutio
1209 1152 1261 1204 iu
1294 1150 1599 1204 humilitate
1628 1156 2013 1202 conservatur.
2042 1144 2151 1198 La-

582 1245 813 1300 borabat
842 1243 1010 1298 Israel
1044 1242 1311 1296 sacrillcia
1349 1239 1668 1307 perliciens;
1700 1237 2009 1291 clamabant
2029 1250 2153 1304 pro-

584 1339 762 1407 phetae
792 1337 858 1389 ad
890 1337 1054 1389 Deum
1089 1351 1103 1389 :
1142 1353 1161 1385 ι
1201 1333 1401 1387 Emitte
1434 1333 1604 1385 lucem
1639 1339 1785 1383 tuam
1836 1339 1893 1384 et
1949 1328 2153 1382 verita-

585 1441 694 1484 tem
732 1438 877 1482 tuam
932 1427 999 1479 ".
1039 1444 1059 1477 ι
1093 1424 1171 1477 llli
1221 1423 1561 1484 clamabant,
1591 1429 1646 1475 et
1679 1432 1778 1473 nos
1825 1419 2152 1487 accepimus:

591 1542 611 1573 s
650 1521 753 1574 Alii
785 1519 1189 1577 laboraverunt,
1237 1516 1375 1568 sicut
1404 1511 1662 1565 Dominus
1698 1511 1855 1573 dixit,
1888 1519 1942 1563 et
1974 1522 2069 1562 nos
2099 1507 2154 1562 in

586 1612 824 1665 laborem
876 1610 1109 1678 ipsoruut
1153 1605 1515 1659 introivimus.
1558 1620 1577 1654 ι
1616 1599 1774 1655 Venit
1794 1599 1938 1654 enim
1970 1599 2033 1652 ad
2061 1611 2157 1652 nos

1807 292 2111 354 GELASII
2152 288 2501 354 CYZICENI'

3697 283 3837 348 1336

2846 406 3098 461 ΚΕΦΑΛ.
3139 401 3218 461 A'.

2245 520 2386 589 Περί
2437 519 2554 574 τῶν
2605 517 3124 587 ἐκκ.ἰησιαστικῶν
3176 514 3610 589 διατυπώσεων
3647 516 3837 585 λόγος

2814 588 3265 651 ὃιδασκαλικός.

2330 700 2706 771 Ὀμιλήσωμεν
2727 699 2803 766 τῷ
2824 698 2985 768 φωτὶ.
3016 698 3045 751 ὃ
3071 700 3219 750 ἐστιν
3248 698 3277 750 6
3304 694 3561 765 Χριστὸς,
3586 693 3667 756 ὡς
3698 694 3835 763 πλη-

2230 791 2365 863 ισιον
2397 790 2563 844 αὐτοῦ
2599 790 2852 852 ἑστῶτες,
2882 788 2957 851 ὡς
2983 787 3216 856 ὁρῶντες
3250 778 3433 844 αὖτδν.
3460 783 3636 845 οὕτως
3671 784 3834 836 πολι-

2248 881 2571 953 τευσώμεθα
2628 883 2752 944 ταῖς
2803 880 2986 950 εὐχαῖς
3060 876 3433 945 άγιαζούσαις.
3491 875 3666 943 Εὐχαὶ
3729 875 3838 943 γάρ

2249 971 2588 1042 ἀγιάζουσιν,
2619 972 2714 1024 ἐὰν
2749 971 2891 1041 λόγῳ
2920 969 3048 1038 θείῳ
3088 966 3555 1039 προσευχώμεθα·
3588 966 3750 1032 λόγος
3779 965 3835 1017 δὲ

2252 1066 2396 1127 θεῖος
2434 1064 2735 1135 πάρεστιν,
2774 1061 2903 1115 ενθα
2950 1060 3146 1130 καρδία
3186 1061 3279 1114 καὶ
3316 1057 3565 1111 πολιτεία
3614 1056 3837 1125 καθαρὰ

2253 1157 2311 1208 ὲν
2348 1150 2814 1222 ταπεινοφροσύνῃ
2864 1149 3211 1219 φυλάττεται.
3249 1146 3527 1214 Ἕκαμνεν
3554 1146 3584 1197 6
3621 1143 3839 1214 Ἰσραὴλ

2252 1241 2351 1303 τάς
2375 1240 2566 1304 θυσίας
2591 1238 2853 1293 ἐπιτελῶν
2872 1254 2887 1269 ν
2916 1236 3150 1308 ἔκραζον
3176 1238 3224 1290 οἰ
3255 1233 3533 1306 προφῆται
3569 1234 3713 1304 πρὸς
3742 1234 3833 1285 τὸν

2253 1333 2386 1385 Θεόν
2412 1348 2425 1361 ⁸
2455 1350 2472 1383 ι
2515 1329 2923 1397 Ἑξαπόστειλον
2957 1328 3015 1380 τὸ
3047 1327 3161 1396 φῶς
3192 1343 3285 1380 σου
3317 1326 3414 1378 καὶ
3438 1327 3537 1392 τὴν
3567 1324 3833 1393 ἀλήθειάν

2256 1439 2372 1475 σου.
2410 1440 2429 1475 s
2476 1422 2703 1475 Ἐκεῖνοι
2728 1420 2981 1491 ἔκραζον,
3008 1421 3101 1471 καὶ
3130 1419 3289 1488 ἡμεῖς
3320 1416 3610 1486 ἐλάϐομεν
3640 1433 3662 1466 ι
3704 1415 3837 1467 ’Λλ-

2254 1513 2334 1567 λοι
2367 1513 2779 1576 stemmatum.)
2813 1509 2993 1572 καθὼς
3021 1505 3173 1563 εἶπεν
3200 1511 3228 1562 6
3257 1508 3480 1578 Κύριος,
3512 1526 3531 1558 ι
3559 1507 3654 1561 καὶ
3681 1508 3835 1578 ἡμεῖς

2257 1607 2338 1668 εἰς
2384 1604 2477 1658 τὸν
2516 1604 2683 1657 κόπον
2720 1602 2900 1656 αὐτῶν
2946 1599 3398 1671 εἰσεληλύθαμεν.
3436 1617 3456 1651 s
3514 1593 3693 1651 Ἦλθε
3733 1598 3833 1668 γάρ

588 1702 869 1763 Dominus,
890 1699 1108 1754 dicens:
1132 1717 1150 1775 ι
1170 1697 1282 1765 Ego
1306 1711 1422 1750 sum
1440 1695 1550 1759 lux,
1568 1707 1666 1763 ego
1687 1705 1803 1745 sum
1822 1688 2109 1744 veritas":
2133 1707 2151 1740 ι

2261 1700 2398 1771 πρὸς
2429 1700 2576 1770 ἡμᾶς
2605 1698 2769 1762 αὐτὸς
2798 1699 2827 1752 6
2868 1696 3076 1767 Κύριος
3118 1695 3293 1763 λέγων
3313 1710 3329 1725 ·
3364 1713 3385 1746 ι
3444 1693 3594 1762 Ἐγώ
3633 1694 3749 1762 εἰμι
3782 1693 3835 1745 τὸ

587 1799 709 1852 sine
765 1796 947 1849 labore
1005 1793 1312 1861 accepimus
1358 1788 1629 1859 gratiam,
1669 1787 1764 1841 sed
1794 1799 1917 1840 cum
1976 1782 2160 1840 labore

596 1898 812 1958 Oportet
843 1901 942 1942 nos
974 1886 1203 1956 gratiam
1234 1894 1584 1938 conservare.

589 2082 668 2139 De
690 2083 771 2136 his
800 2080 888 2151 qui
909 2080 1092 2134 dicunt
1127 2093 1229 2131 non
1267 2081 1503 2146 oportere
1524 2071 1856 2128 Christianos
1890 2068 2159 2124 laborare.

665 2254 932 2324 Quoniam
971 2250 1135 2321 aliqui
1194 2246 1439 2302 nolentes
1494 2244 1767 2306 laborare,
1821 2240 1915 2297 sed
1966 2239 2160 2294 curiosi

591 2364 754 2411 esse,
804 2345 945 2401 male
989 2343 1420 2411 interpretantur
1465 2350 1654 2392 sacras
1689 2332 1899 2388 Domini
1957 2345 2159 2395 voces,

593 2441 870 2496 dicentis:
910 2453 931 2489 ι
972 2434 1049 2490 Ne
1097 2434 1217 2488 sitis
1268 2429 1485 2487 solliciti
1538 2426 1731 2481 animae
1791 2432 1990 2478 vestra:
2038 2422 2165 2490 quid

595 2528 931 2585 manducetis
957 2526 1005 2558 "
1038 2544 1054 2580 :
1094 2544 1111 2576 ι
1151 2523 1374 2594 perinde
1427 2534 1492 2574 ac
1528 2520 1574 2574 si
1613 2516 1793 2573 verbis
1833 2516 1963 2584 ipsis
1988 2515 2169 2568 adhtn-

596 2631 779 2678 rentes
830 2633 938 2674 non
970 2625 1246 2687 oporteret
1276 2611 1623 2668 Christianus
1674 2619 1875 2662 terram
1907 2605 2086 2660 colere
2111 2614 2166 2658 et

597 2712 849 2768 laborare
884 2726 900 2764 :
949 2703 1430 2762 demonstrandum
1463 2708 1549 2755 est
1580 2713 1683 2752 non
1714 2698 1794 2751 sie
1824 2696 2025 2751 dixisse
2058 2695 2167 2749 Do-

596 2804 827 2859 minum.
860 2799 1154 2855 Possumus
1183 2795 1329 2849 enim
1380 2792 1659 2854 laborare,
1697 2797 1755 2842 et
1784 2787 1959 2842 securi
1998 2800 2119 2841 esse
2141 2824 2160 2851 ,

597 2893 833 2947 scientes
861 2898 916 2944 et
944 2888 1227 2943 credentes
1259 2924 1274 2951 ,
1309 2883 1452 2953 quod
1484 2893 1706 2949 operum
1741 2885 2052 2931 nostrorum
2079 2877 2164 2930 in-

599 2987 937 3036 crementum
967 2986 1022 3030 et
1054 2973 1262 3028 fructus
1292 2974 1407 3042 ipse
1440 2968 1700 3024 Dominus
1728 2966 1842 3031 dat,
1872 2967 1962 3035 qui
1985 2967 2121 3021 dixit
2147 2984 2161 3021 :

2261 1789 2400 1860 φῶς,
2442 1788 2552 1857 ἐγώ
2602 1790 2717 1859 εἰμι
2756 1790 2790 1860 ἡ
2841 1788 3087 1860 ἀλήθεια.
3131 1805 3149 1839 s
3195 1786 3522 1856 ’Δκαμάτως
3575 1784 3837 1854 ἐλάϐομεν

2260 1881 2360 1950 τὴν
2390 1880 2569 1952 χάριν,
2607 1878 2745 1933 ἀλλὰ
2773 1878 2862 1933 διά
2895 1879 3144 1949 καμάτου
3175 1877 3256 1931 δεῖ
3282 1878 3434 1948 ἡμᾶς
3465 1875 3704 1946 φυλάξαι
3746 1876 3836 1946 τὴν

2261 1971 2444 2041 χάριν.

2263 2085 2403 2153 Περί
2443 2084 2559 2139 τῶν
2598 2085 2901 2154 λεγόντων
2929 2083 3017 2215 μὴ
3036 2082 3198 2207 ϐδεῖν
3241 2079 3642 2151 Χριστιανοὺς
3672 2080 3836 2150 ἐργά-

2960 2169 3034 2205 εσ
3072 2169 3152 2207 αι.

2960 2169 3152 2207 εσθαι.

2348 2264 2610 2334 Ἐπείπερ
2638 2263 2785 2326 τινες
2821 2262 2921 2315 οὐκ
2959 2258 3288 2332 ἐργάζεσθαι
3322 2257 3675 2330 βουλόμενοι,
3711 2256 3838 2311 ἀλλὰ

2266 2354 2745 2427 περιεργάζεσθαι,
2765 2352 3167 2423 ὲκλαμϐάνουσι
3190 2350 3373 2414 κακῶς
3396 2348 3493 2412 τὰς
3518 2347 3616 2402 τοῦ
3637 2348 3834 2418 Κυρίου

2268 2448 2418 2519 ἱερὰς
2468 2444 2671 2515 φωνάς,
2721 2444 2986 2505 εἰπόντος·
3047 2460 3066 2494 ι
3108 2442 3199 2510 Μὴ
3247 2441 3552 2511 μεριμνᾶτε
3593 2440 3659 2509 τῇ
3698 2438 3836 2507 ψυχῇ

2267 2538 2441 2609 ὑμῶν,
2477 2537 2529 2591 τί
2562 2536 2774 2606 φάγητε
2794 2552 2808 2565 ·
2842 2553 2862 2589 s
2898 2534 2974 2597 ὡς
2996 2534 3057 2586 ού
3082 2533 3283 2603 χρῆναι
3309 2532 3585 2600 λέγοντες,
3615 2530 3836 2583 ἀκολου·

2266 2629 2492 2692 θοῦντας
2531 2630 2597 2699 τῇ
2646 2629 2797 2697 φωνῇ
2855 2625 3028 2696 ταύτῃ
3080 2624 3412 2695 ἐργάζεσθαι
3455 2622 3539 2686 εἰς
3589 2621 3692 2691 τὴν
3739 2625 3836 2689 γῆν

2269 2722 2314 2774 Χ
2324 2718 2662 2791 ριστιανούς*
2708 2717 3054 2774 ἀποδεικτέον
3084 2718 3214 2787 ἡμῖν
3251 2714 3329 2785 μὴ
3357 2714 3535 2778 οὕτως
3561 2714 3834 2786 εἰρηκέναι

2263 2813 2357 2867 τὸν
2386 2810 2612 2883 Κύριον.
2661 2810 2932 2881 Ἐγχωρεῖ
2978 2807 3087 2880 γὰρ
3116 2808 3212 2862 καί⁵
3253 2804 3590 2876 ἐργάζεσθαι
3624 2805 3723 2858 καὶ
3763 2803 3834 2874 μὴ

2269 2906 2560 2976 μεριμνᾷν,
2595 2903 2802 2965 εἰδότας
2842 2904 2990 2973 ἡμᾶς
3041 2901 3135 2955 καὶ
3176 2899 3562 2964 πιστεύοντας,
3610 2897 3693 2950 ὅτι
3734 2895 3836 2949 τῶν

2266 2994 2440 3066 ἔργων
2469 2994 2625 3066 ἡμῶν
2651 2993 2750 3066 τὴν
2779 2992 3028 3065 αῠξησιν,
3059 2993 3155 3046 καί
3181 2992 3311 3054 τοὺς
3345 2990 3595 3062 καρποὺς
3622 2987 3783 3050 αὐτὸς
3811 2986 3840 3038 6

606 3089 627 3122 s
669 3070 760 3123 Sic
793 3077 877 3120 est
908 3081 1130 3134 regnum
1167 3064 1279 3129 Dei,
1313 3058 1762 3133 quemadmodum
1800 3058 1849 3113 si
1880 3057 2045 3112 homo
2073 3056 2159 3129 ja-

2269 3056 2735 3158 iitiptog'6i6wota,
2766 3056 2955 3139 εἰπιῦν·
2983 3103 3003 3137 ι
3031 3081 3219 3146 Οὕτως
3248 3056 3449 3153 εστὶνῆ
3472 3078 3722 3152 βασιλεία
3746 3078 3841 3131 τοῦ

605 3163 715 3215 ciat
758 3166 1055 3213 sementem
1102 3157 1154 3210 in
1209 3166 1408 3211 terram
1434 3190 1451 3217 ,
1483 3160 1539 3206 et
1567 3150 1848 3216 dormiat,
1883 3158 1942 3204 et
1980 3162 2168 3222 surgat

601 3263 761 3309 nocte
786 3263 840 3304 et
874 3251 960 3302 die
992 3266 1008 3302 :
1038 3258 1090 3301 et
1129 3262 1314 3303 semen
1364 3242 1676 3313 germinat,
1709 3248 1767 3296 et
1817 3243 2084 3312 assurgit,
2113 3250 2171 3297 et

604 3362 708 3399 nun
741 3342 888 3398 novit
920 3341 1034 3409 ipse
1064 3339 1135 3394 ⁸⁸.
1183 3355 1202 3390 s

1018 3560 1092 3614 De
1113 3558 1316 3613 clericis
1349 3558 1486 3613 sacri
1510 3558 1729 3615 ordinis.

678 3674 881 3735 ειεξιῑοὶ
908 3674 1046 3728 sacri
1081 3673 1284 3727 ordinis
1310 3671 1612 3726 cmlestinm
1661 3672 1768 3743 typi
1814 3681 1870 3727 et
1912 3672 2172 3742 imagines

602 3783 723 3824 esse
751 3768 964 3820 debent.
993 3764 1287 3832 Episcopus
1308 3763 1520 3833 quidem
1544 3764 1703 3818 debet
1727 3764 1974 3819 obtinere
1995 3764 2170 3817 locum

606 3858 842 3922 Domini,
876 3869 1130 3924 tanquam
1171 3863 1336 3923 caput
1373 3863 1490 3924 post
1526 3854 1675 3908 illum
1721 3855 1978 3910 Ecclesiae
2007 3870 2168 3924 qnam

602 3949 808 4017 recepit
848 3965 863 4003 :
902 3947 1187 4016 presbyter
1235 3955 1420 3999 tenere
1468 3945 1627 4000 debet
1657 3947 1843 4002 sedem
1889 3957 1943 4002 et
1996 3946 2169 4002 locum

604 4039 945 4108 seraphicum
974 4052 990 4101 ;
1023 4037 1283 4091 diaconus
1317 4046 1493 4090 autem
1526 4037 1876 4093 cberubieum
1942 4053 1957 4091 :
2012 4038 2172 4092 mini—

603 4142 719 4188 ster
748 4144 876 4183 vero
906 4127 991 4183 bis
1017 4127 1326 4183 ministrare
1356 4128 1534 4182 debet.

2268 3176 2424 3243 Θεοῦ,
2454 3177 2529 3240 ὥς
2567 3176 2661 3229 ἐὰν
2696 3175 2979 3247 ἄνθρωπος
3012 3174 3151 3251 βάλῃ
3182 3174 3273 3228 τδν
3304 3174 3505 3244 σπόρον
3538 3169 3717 3225 αὑτοῦ
3748 3170 3845 3222 ἐπὶ

2268 3268 2367 3337 τὴν
2414 3267 2539 3337 γῆν,
2590 3266 2686 3320 καὶ
2741 3266 2998 3339 καθεύδῃ,
3049 3268 3144 3320 καὶ
3201 3266 3463 3337 ἐγείρεται
3514 3261 3686 3314 νύκτα
3741 3262 3843 3315 καὶ

2269 3356 2503 3428 ἡμέραν·
2536 3356 2631 3408 καὶ
2661 3358 2690 3410 6
2720 3356 2920 3427 σπόρος
2951 3355 3240 3427 βλαστάνει
3267 3355 3354 3408 καί
3383 3349 3689 3420 μηκύνεται
3713 3388 3730 3412 ,
3758 3349 3845 3412 ὡς

2268 3444 2369 3499 οὐκ
2393 3431 2530 3500 οἶδεν
2560 3446 2738 3509 αὐτός.
2781 3464 2800 3499 s

2712 3581 2848 3651 Περί
2877 3581 2994 3635 τῶν
3015 3581 3389 3652 ἰερουμένων.

2343 3693 2482 3758 Τοὺς
2522 3695 2866 3765 ἰερουμένους
2904 3697 2981 3757 εἰς
3011 3694 3182 3748 τύπον
3212 3695 3306 3747 καὶ
3336 3694 3531 3748 ἐἰκόνα
3559 3694 3668 3765 χρὴ
3706 3689 3844 3748 εἶναι

2270 3785 2377 3839 τῶν
2406 3787 2763 3856 ἐπουρανίωνο
2796 3788 2892 3840 καὶ
2918 3787 3011 3841 τὸν
3048 3787 3146 3858 μὲν
3172 3786 3470 3840 ἐπίσκοπον
3501 3785 3726 3856 ἐπέχειν
3753 3786 3841 3839 τδν

2272 3877 2435 3930 τόπον
2459 3877 2554 3930 τοῦ
2586 3877 2789 3949 Κυρίου
2810 3917 2823 3941 ,
2854 3879 2930 3941 ὡς
2959 3878 3198 3948 κεφαλὴν
3233 3878 3353 3948 μετ’
3388 3878 3555 3931 αὑτὸν
3588 3877 3719 3931 ὄντα
3745 3878 3843 3946 τῆς

2284 3968 2630 4038 Ἐκκλησίας,
2657 3963 2725 4041 ἦς
2756 3969 3082 4039 παρείληφε.
3107 3970 3211 4023 Τδν
3236 3969 3294 4022 δὲ
3323 3968 3723 4038 πρεσϐύτερον,
3753 3969 3841 4021 τὶν

2272 4060 2566 4130 σεραφικδν
2615 4059 2834 4129 ἐπέχειν
2889 4059 3113 4129 θρόνον*
3168 4059 3261 4113 τὸν
3312 4059 3371 4114 δὲ
3417 4060 3700 4125 διάκονον,
3750 4059 3839 4111 τὶν

2252 4149 2604 4308 ,χερουήϐικόψ
2636 4151 2727 4203 τὸν
2755 4151 3033 4222 ὑπηρέτην
3059 4152 3139 4215 εἰς
3160 4150 3443 4205 διακονίαν
3471 4152 3681 4208 τούτων
3705 4146 3835 4205 εἶναι

2271 4255 2408 4308 προσ
2455 4256 2559 4292 κει.

2271 4255 2559 4310 προσηκει.

637 4345 794 4412 Quod
819 4362 922 4401 non
953 4356 1151 4413 oportet
1182 4345 1345 4402 laieos
1376 4346 1429 4400 in
1485 4354 1783 4417 suggestum
1817 4348 2117 4404 ascendere.

2272 4369 2411 4437 Περί
2440 4368 2547 4423 τοῦ
2568 4367 2653 4438 μὴ
2679 4367 2808 4423 δεῖν
2835 4369 3088 4436 λατκοὺς
3124 4368 3355 4424 ἀνιέναι
3381 4371 3452 4425 ὲν
3482 4371 3564 4437 τῷ
3595 4371 3829 4441 apsum.

670 4478 787 4533 Non
823 4479 945 4533 licet
980 4480 1147 4534 laicos
1178 4479 1231 4534 in
1263 4488 1576 4550 suggestum
1607 4482 1901 4538 ascendere
1924 4523 1939 4547 ,
1974 4495 2171 4554 prater

596 4586 694 4627 eos
721 4572 813 4642 qui
840 4572 1016 4643 legere
1045 4579 1139 4626 aut
1170 4586 1368 4627 canere
1388 4588 1452 4626 ex
1485 4571 1639 4628 libris
1666 4572 1885 4629 debent.

1046 4794 1125 4849 De
1155 4804 1336 4850 saneto
1377 4796 1711 4863 baptismate.

672 4928 943 4997 Bnptisma
981 4940 1229 4983 nostrum
1282 4945 1386 4984 non
1424 4931 1595 4986 oculis
1630 4933 1874 5001 corporis
1909 4937 2157 4993 conside-

595 5025 823 5075 randum
856 5029 939 5072 est
968 5059 984 5082 ,
1023 5021 1115 5071 sed
1150 5020 1364 5074 mentis.
1412 5021 1621 5088 Aquam
1660 5023 1810 5078 vides
1839 5064 1854 5089 ,
1880 5027 2158 5081 causidera

592 5112 848 5163 virtutem
886 5107 978 5162 Dei
1012 5110 1063 5160 in
1096 5109 1252 5177 aquis
1287 5110 1676 5164 absconditam.
1712 5110 1770 5165 In
1794 5122 1982 5167 saneto
2014 5114 2157 5168 enim

594 5202 799 5268 Spirllll
830 5212 883 5253 et
906 5202 1029 5270 igne
1059 5200 1322 5268 baptizari
1354 5215 1450 5253 nos
1486 5201 1645 5255 docet
1677 5202 2052 5273 Evangelium.
2090 5206 2149 5259 In

594 5291 699 5345 lide
725 5291 869 5345 enim
905 5291 1253 5359 baptizantis,
1287 5301 1342 5346 et
1370 5290 1472 5345 lide
1504 5292 1781 5361 baptizati,
1823 5308 1919 5362 per
1946 5309 2156 5349 sacram

592 5380 987 5435 invocationem
1019 5381 1206 5451 plenas
1233 5381 1659 5437 sanctiﬁcatione
1678 5382 1913 5452 Spiritus
1942 5393 1996 5439 et
2019 5386 2157 5453 ignis

592 5470 756 5526 divini
803 5486 971 5541 aquas
1003 5472 1310 5527 considera.
1353 5490 1371 5524 ι
1409 5472 1527 5542 ipse
1560 5474 1705 5527 enim
1732 5513 1747 5540 ,
1791 5475 1987 5544 inquit,
2028 5476 2152 5544 bap-

2340 4501 2477 4573 Περί
2504 4500 2596 4555 τοῦ
2633 4500 2709 4573 μὴ
2752 4503 2865 4557 δεῖν
2904 4501 3127 4566 λαῖκοὺς
3155 4502 3366 4559 ἀνιέναι
3407 4506 3466 4560 ἰν
3498 4507 3577 4577 τῷ
3606 4506 3830 4576 ἄμϐωνι.

2268 4592 2407 4664 πλὴν
2449 4592 2558 4647 τῶν
2594 4592 2942 4663 τεταγμένων
2987 4591 3381 4661 ἀναγινώσκειν
3424 4593 3458 4664 ἢ
3511 4595 3734 4665 ψάλλειν
3778 4593 3831 4647 ἰν

2264 4687 2383 4750 ταῖς
2400 4683 2701 4755 διφθέραις.

2582 4796 2718 4865 Περί
2750 4793 2856 4848 τοῦ
2887 4794 3060 4865 ἁγίου
3086 4796 3527 4868 βαπτίσματος.

2335 4929 2410 4982 τὸ
2455 4929 2737 5002 βάπτισμα
2773 4930 2930 5002 ἡμῶν
2962 4930 3024 4984 οὗ
3061 4932 3172 4995 τοῖς
3207 4930 3487 4998 αἰσθητοῖς
3536 4925 3833 4997 ὀφθαλμοῖς

2265 5019 2648 5088 κατανοητέον,
2682 5020 2819 5073 ἀλλὰ
2850 5022 2963 5083 τοῖς
2988 5022 3214 5090 νοεροῖς.
3243 5019 3428 5089 ’Υδωρ
3459 5018 3617 5087 ὁρᾷ-ἵν
3646 5017 3831 5083 νόησον

2260 5108 2359 5177 τὴν
2393 5112 2452 5162 ὲν
2479 5112 2591 5173 τοῖς
2637 5109 2794 5164 ὕδασι
2838 5111 3224 5181 κρυπτομένην
3263 5108 3359 5162 τοῦ
3397 5105 3535 5159 Θεοῦ
3578 5105 3826 5173 δύναμικ

2275 5199 2364 5252 Ἐν
2392 5199 2500 5272 γάρ
2532 5201 2806 5272 Πνεύματι
2835 5205 2978 5276 ἁγίῳ
3005 5204 3099 5256 καὶ
3133 5202 3265 5271 πνρί
3293 5195 3658 5270 βαπτίζεσθαι
3686 5193 3830 5263 ἡμᾶς

2258 5291 2307 5344 οἰ
2333 5292 2469 5361 ἱεροὶ⁸
2492 5292 2800 5348 διδάσκουσι
2820 5296 2986 5364 λόγοι·
3012 5298 3068 5347 ὲν
3088 5294 3198 5364 γάρ
3219 5293 3393 5345 πίστει
3418 5289 3515 5343 τοῦ
3543 5286 3829 5359 βαπτίζονο

2260 5398 2372 5445 τος,
2401 5385 2495 5437 καὶ
2525 5386 2583 5436 έν
2612 5385 2793 5439 πίστει
2822 5386 2917 5440 τοῦ
2954 5384 3349 5456 βαπτιζομένου
3376 5421 3392 5442 .
3426 5381 3517 5435 διὰ
3544 5379 3650 5448 τῆς
3683 5377 3829 5445 ἱερὶς

2261 5474 2622 5543 ἐπικλήσεως,
2652 5475 2833 5547 πλήρη
2858 5476 2951 5530 τοῦ
2974 5475 3245 5547 άγιασμοῦ
3269 5474 3361 5528 τοῦ
3385 5471 3708 5543 Πνεύματος
3737 5464 3832 5519 καὶ

660 5644 705 5674 ³³
731 5642 874 5699 Psal.
905 5662 1033 5709 seu,
1065 5642 1121 5695 3.
1200 5641 1423 5698 "Joan.
1460 5659 1530 5711 Iv,
1562 5644 1651 5701 58.
1728 5644 1953 5701 "Joau.
1987 5661 2105 5712 rm,
2147 5647 2159 5700 l

2274 5663 2388 5715 xw,
2425 5649 2474 5704 6.
2551 5647 2811 5704 "Matth.
2860 5664 2938 5715 νι,
2963 5648 3053 5702 25.
3132 5648 3179 5682 ⁸⁸
3203 5646 3365 5702 Mare.
3395 5660 3472 5711 Iv,
3500 5644 3594 5710 26,
3629 5642 3723 5704 27.
