4042 6142
235 298 364 365 1317

1103 303 1472 365 HISTORIA
1510 302 1844 367 CONCILII
1885 305 2187 368 Nle‘ENI.
2227 332 2297 346 --
2334 306 2481 368 LIB.
2523 306 2606 367 Ii.

3340 309 3473 375 i919

228 410 321 462 τοῦ
360 409 507 463 θείου
537 407 709 482 πυρὸς
737 410 847 465 νόει
875 412 943 465 τὰ
975 409 1164 465 ῦδατα.
1202 430 1220 463 ι
1275 412 1447 473 Αὐτὸς
1477 412 1615 480 γὰρ,
1649 410 1799 479 φησὶ,

1911 413 2095 466 tizahit
2129 428 2224 467 vos
2265 413 2317 467 itt
2356 412 2559 481 Spiritu
2604 419 2794 469 sancto
2821 422 2873 468 et
2905 414 3026 484 igne
3059 414 3125 470 ⁸⁷.
3169 435 3189 469 ι
3239 417 3460 471 Descenv

227 499 483 570 βαπτίσει
523 502 667 573 ὑμᾶς
699 502 757 556 ἐν
786 500 1063 572 Πνεῦματι
1104 502 1245 572 ἁγίῳ
1279 503 1374 553 καὶ
1400 501 1554 571 πυρί.
1597 500 1619 553 ι
1652 502 1803 553 Κατ-

225 593 443 662 έρχεται
478 594 578 663 μὲν
607 589 699 647 οὖν
728 595 756 647 6
793 592 1189 664 βαπτιζόμενος
1215 591 1514 653 ὑπεύθυνος
1547 592 1802 662 ἁμαρτη-

229 684 434 752 μάτων,
466 685 559 738 xui.
602 688 665 757 τῇ
700 687 798 757 τῆς
835 684 1043 756 φθορᾶς
1078 683 1290 755 δουλείᾳ
1333 684 1669 755 ἐνεχόμενο;’
1707 683 1799 736 ἀν·

225 774 443 845 έρχεται
486 776 544 829 δὲ
587 776 975 848 ἐλευθερωθεὶς
1015 777 1114 846 τῆς
1156 794 1216 829 τε
1259 775 1517 847 τοιαύτης
1559 773 1804 837 δουλείας

224 868 444 938 καὶτῆς
487 869 785 939 ἁμαρτίας,
830 869 957 932 Υἱὸς
1000 869 1094 921 τοῦ
1135 867 1270 921 Θεοῦ
1320 868 1413 920 καὶ
1465 866 1802 938 κληρονόμος

223 958 408 1026 χάριτι
445 957 611 1012 αὑτοῦ
643 957 918 1027 γεγονὼς,
953 957 1396 1028 συγκληρονόμος
1438 958 1494 1012 δὲ
1538 955 1799 1027 Χριστοῦ,

224 1048 389 1100 αὑτὸν
425 1049 786 1121 ἐνδυσάμενος
823 1049 914 1102 τὸν
946 1050 1205 1121 Χριστὸν,
1278 1049 1463 1113 καθὼς
1531 1050 1860 1120 γέγραπται’

227 1144 412 1196 σασθε.
445 1160 464 1193 ι

226 1233 366 1301 Περὶ
394 1232 501 1300 τῆς
535 1234 698 1301 θείας
728 1236 1047 1305 τραπέζης,
1082 1237 1179 1291 καὶ
1204 1240 1310 1292 τοῦ
1336 1237 1429 1291 ἐπ’
1468 1236 1664 1304 αὐτὴν
1688 1253 1801 1305 pv-

294 1308 550 1376 a'mprbu
594 1306 700 1359 τοῦ
755 1304 1030 1376 σώματος
1087 1307 1185 1361 καί
1238 1308 1345 1363 τοῦ
1394 1309 1641 1376 αἵματος
1692 1304 1799 1360 τοῦ

297 1374 574 1441 Χριστοῦ.

307 1484 429 1537 Ἐπὶ
468 1484 564 1555 τῆς
604 1484 753 1547 θείας
783 1487 1067 1560 τραπέζης
1116 1488 1276 1543 πάλιν
1311 1487 1589 1542 κάνταῦθα
1622 1486 1697 1559 μὴ
1725 1487 1802 1558 τῷ

225 1575 573 1644 προκειμένῳ
602 1576 750 1647 ἄρτῳ
781 1579 876 1631 καὶ
929 1577 1007 1649 τῷ
1038 1580 1284 1650 ποτηρίῳ
1323 1578 1594 1642 ταπεινῶς
1632 1595 1802 1648 προσ-

226 1667 462 1736 έχωμεν.
485 1667 623 1719 Ἀλλ’
655 1668 963 1737 ὐψὼσαντες
990 1671 1148 1741 ἡμῶν
1190 1673 1290 1741 τὴν
1331 1671 1586 1737 διάνοιαν,
1620 1672 1800 1723 πίστει

224 1758 506 1827 νοήσωμεν
554 1758 766 1811 κεῖσθαι
805 1760 895 1812 ἐπὶ
932 1760 1029 1829 τῆς
1079 1762 1231 1831 ἱερᾶς
1278 1762 1491 1832 ἐκείνης
1524 1760 1803 1832 τραπέζης

224 1849 317 1902 τὸν
359 1851 530 1918 ἁμνίν
561 1849 653 1902 τοῦ
692 1849 852 1912 Θεοῦ,
883 1851 976 1905 τὸν
1003 1853 1229 1923 αἴροντα
1267 1854 1365 1924 τὴν
1404 1852 1681 1923 ἁμαρτίαν
1709 1852 1800 1907 τοῦ

225 1939 433 2007 κόσμου
455 1979 469 2003 ,
517 1939 728 2001 ἁθύτως
758 1940 863 1993 ὑπὸ
891 1941 999 1994 τῶν
1047 1943 1239 2013 ἱερέων
1269 1943 1545 2014 θυόμενον.
1595 1944 1705 1997 Kal.
1741 1947 1803 1997 τὸ

224 2028 404 2097 τίμιον
436 2028 601 2081 αὐτοῦ
640 2029 801 2100 σῶμα
850 2034 942 2085 καὶ
974 2028 1115 2103 αἷμα
1161 2033 1378 2103 ἀληθῶς
1426 2033 1802 2105 λαμϐάνοντας

226 2120 394 2188 ημᾶς,
428 2121 703 2174 πιστεύειν
737 2120 912 2195 [forte
951 2124 1330 2198 πιστεύωμεν]
1356 2126 1528 2181 ταῦτα
1566 2124 1702 2181 εἶναι
1733 2128 1802 2181 τὰ

224 2211 326 2279 τῆς
373 2214 649 2283 ἡμετέρας
695 2215 1044 2278 ἀναστάσεως
1076 2217 1342 2286 σύμϐολα.
1379 2218 1478 2272 Διὰ
1505 2218 1663 2272 τοῦτο
1694 2221 1804 2290 γὰρ

225 2299 348 2353 οὕτε
381 2302 511 2355 πολὺ
544 2303 922 2374 λαμϐάνομεν,
961 2306 1076 2359 ἀλλ’
1111 2308 1325 2374 ὀλίγον,
1359 2308 1445 2361 ἵνα
1476 2309 1695 2379 γνῶμεν
1720 2311 1801 2364 ὅτι

225 2392 325 2444 οὐκ
352 2394 429 2455 είς
462 2394 802 2466 πλησμονὴν,
835 2397 950 2450 ἀλλ’
983 2400 1062 2461 είς
1090 2399 1383 2469 ἁγιασμόν.

465 2507 603 2574 Περί
640 2505 748 2575 τῆς
779 2507 849 2562 ἐκ
881 2509 1111 2578 νεκρῶν
1137 2511 1557 2580 ἀναστάσεως.

299 2614 411 2685 Οὐχ
436 2615 625 2680 ἁπλῶς
651 2619 680 2671 ό
706 2617 905 2684 Κύριος
929 2620 1028 2690 τὴν
1055 2622 1250 2675 ἑαυτοῦ
1281 2623 1457 2694 σάρκα
1483 2624 1622 2696 ὑπὲρ
1647 2626 1802 2697 ἡμῶν

222 2707 542 2775 παρέδωκεν
593 2709 672 2772 είς
714 2708 883 2772 πάθος
934 2712 1029 2764 καὶ
1081 2711 1347 2789 θάνατον,
1400 2715 1518 2768 ἀλλ’
1567 2716 1652 2769 ἵνα
1703 2720 1802 2789 τὴν

219 2797 502 2868 ἡμετέραν
537 2801 810 2870 σωτηρίαν
846 2788 1377 2876 πραγματεύσηται,
1417 2809 1617 2880 καίπερ
1653 2788 1803 2865 ὲλεῦ-

221 2886 384 2956 θερος
412 2887 488 2941 ὢν
517 2889 609 2942 τοῦ
645 2891 877 2947 θανάτου
899 2934 913 2959 ,
946 2894 1128 2959 καθὼς
1157 2896 1415 2970 ἀνωτέρω
1453 2901 1481 2950 6
1512 2899 1670 2969 λόγος
1699 2905 1803 2957 ἀπ-

222 2977 417 3043 έδειξε.
467 2980 572 3051 Boi
618 2983 645 3034 6
695 2985 992 3055 Προφήτης
1036 2986 1112 3048 ὡς
1158 2989 1223 3041 ἐκ
1271 2988 1560 3060 προσώπου
1594 2993 1798 3063 αὑτοῦ,

223 3072 630 3136 προαναφωνῶν
677 3072 740 3125 τὸ
774 3073 965 3142 μέλλον
996 3077 1094 3144 τῆς
1139 3076 1280 3129 κατᾶ
1320 3080 1496 3148 σάρκα
1523 3081 1689 3135 αὑτοῦ
1720 3084 1798 3136 οἰ-

223 3156 484 3225 κονομίας
512 3160 842 3232 μυστήριονο
879 3179 897 3213 ι
943 3162 1241 3233 Ἑγενήθην
1271 3206 1285 3229 ,
1318 3168 1504 3235 φησιν,
1537 3168 1669 3222 ὡσεὶ
1713 3171 1805 3224 ἄν·

224 3245 441 3315 θρωπος
470 3248 790 3319 ἀὸ-ιήθητος,
824 3252 883 3305 ἐν
916 3255 1133 3323 νεκροῖς
1154 3253 1471 3325 ἐλεύθερος.
1534 3276 1554 3309 ι
1604 3259 1703 3321 Τίς
1744 3259 1802 3313 δὲ

223 3336 508 3406 ἐλεύθερος
561 3340 814 3403 θανάτου,
864 3343 911 3394 εί
967 3342 1041 3412 μὴ
1095 3343 1263 3407 Θεός;
1315 3344 1476 3398 Ἀλλὰ
1514 3348 1655 3399 κατὰ
1701 3346 1801 3410 τὰς

224 3428 743 3498 προαποδειχθείσας
784 3431 1088 3496 ἀποδείξεις
1127 3434 1432 3503 σαρκωθεὶς
1478 3436 1566 3489 διὰ
1615 3437 1800 3505 φιλαν-

224 3513 506 3582 θρωπίαν,
538 3518 759 3585 γέγονεν
815 3520 951 3572 ὡσεὶ
997 3521 1286 3592 ἄνθρωπος
1332 3525 1654 3595 ἀϐοήθητος,
1702 3541 1800 3579 τα-

226 3605 500 3670 πεινώσας
529 3609 627 3679 τὴν
656 3609 851 3663 ἑαυτοῦ
880 3611 1057 3681 σάρκα
1094 3614 1254 3684 μέχρι
1289 3614 1539 3681 θανάτου,
1568 3617 1798 3673 θανάτου

219 3693 283 3747 δὲ
305 3697 557 3767 σταυροῦ,
589 3700 623 3768 ἢ
657 3701 750 3753 καὶ
788 3703 1086 3773 ὲγηγέρθαι
1124 3706 1495 3775 κηρύττεται,
1528 3707 1616 3761 ἵνα
1652 3710 1799 3779 ἡμᾶς

218 3784 633 3851 ἁπαθανατίσας
653 3828 668 3852 ,
697 3792 1044 3863 πρυτανεύσῃ
1068 3795 1200 3863 ἡμῖν
1218 3797 1328 3858 τοῖς
1356 3796 1799 3866 ἀπεγνωσμένοις

218 3872 293 3927 δι’
334 3875 502 3945 αὐτῆς
532 3876 630 3945 τῆς
670 3880 945 3949 ἡμετέρας
984 3882 1238 3951 ἀπαρχῆς
1285 3882 1383 3950 τὴν
1425 3884 1525 3952 τῆς
1566 3885 1801 3939 ἀναστά-

220 3979 365 4026 σεως
415 3966 572 4035 ἡμῶν
606 3968 828 4021 ἐλπίδα·
873 3970 1019 4033 ὅπως
1053 3971 1253 4042 μηκέτι
1299 3966 1450 4041 ὦμεν
1497 3972 1675 4026 δοῦλοι
1722 3975 1798 4046 τῷ

219 4054 428 4125 αἰωνίῳ
443 4056 674 4127 θανάτῳ,
697 4058 810 4112 ἀλλ’
826 4060 1118 4130 ἐλεύθεροι,
1134 4061 1384 4132 καθάπερ
1407 4062 1501 4116 καὶ
1522 4067 1554 4134 ἡ
1577 4065 1796 4138 ἀπαρχὴ

217 4144 382 4216 ἡμῶν
431 4146 667 4218 Χριστὸς
692 4187 707 4213 ,
737 4150 883 4207 καθά
913 4167 1079 4220 φησιν
1125 4152 1154 4203 6
1204 4152 1472 4223 μακάριος
1500 4153 1797 4220 ἀπόστολος

219 4233 455 4300 Παῦλος·
491 4255 509 4287 ι
562 4239 810 4311 Ἀπαρχὴ
843 4242 1096 4308 Χριστὸς,
1138 4242 1328 4296 ἔπειτα
1357 4246 1406 4296 ol
1429 4245 1523 4298 τοῦ
1561 4246 1795 4316 Χριστοῦ

1909 504 1987 557 dit
2028 505 2206 572 itaque
2233 504 2325 573 qui
2355 504 2663 573 baptizatur
2695 522 2819 560 reus
2861 518 3203 577 peccatorum
3233 549 3247 574 ,
3285 524 3340 563 et
3374 511 3473 564 ob-

1906 595 2102 649 noxius
2134 596 2382 648 servituti
2414 597 2778 665 corruptionis
2806 613 2821 650 :
2852 608 2905 652 et
2934 601 3177 652 ascendit
3211 599 3470 654 liberatus

1905 684 1971 737 ah
2004 684 2106 737 hac
2129 686 2391 739 servitute
2420 694 2473 741 et
2503 697 2744 754 peccato,
2780 687 2955 742 factus
2986 689 3124 762 [ilius
3161 689 3251 745 Dei
3279 700 3331 744 et
3361 690 3472 742 Ita-—

1911 787 1997 827 res
2035 774 2208 841 gratia
2259 775 2447 843 ipsius,
2479 778 2721 830 colttcres
2765 787 2945 832 autem
2983 778 3183 833 Christi
3212 819 3227 841 ,
3257 781 3472 832 indutus

1904 865 2077 934 ipsum
2108 864 2384 919 Chrismm
2405 904 2420 927 ,
2469 866 2614 919 sicut
2642 868 2904 933 scriptum
2938 878 3022 923 est
3053 888 3067 923 :
3098 888 3117 920 ι
3156 869 3474 934 Quicunque

1905 954 1960 1007 in
1983 952 2258 1008 Christum
2291 953 2547 1023 baptizati
2571 958 2727 1019 estis,
2759 956 3036 1013 Christum
3073 960 3324 1013 iuduistis
3347 957 3414 1010 ⁵⁸.
3447 974 3466 1007 ι

1909 1063 1929 1098 ι
1972 1046 2129 1102 Ὅσοι
2167 1048 2246 1110 εἰς
2290 1046 2527 1117 Χριστὸν
2576 1046 2964 1119 ἐϐαπτίσθητε,
3014 1050 3248 1122 Χριστὸν
3295 1045 3475 1104 ἐνεδύ-

1903 1228 1981 1283 De
2010 1228 2189 1282 divina
2216 1243 2418 1293 mensa,
2438 1238 2485 1306 ςι
2521 1228 2585 1282 de
2623 1245 2682 1283 eo
2711 1231 2855 1306 quod
2885 1231 2943 1306 ig
2957 1232 3098 1306 _ip_sa_
3118 1240 3194 1286 est
3224 1235 3472 1306 mysterio

2252 1300 2485 1367 corporis
2524 1310 2572 1352 et
2606 1297 2881 1369 sanguinis
2902 1297 3117 1358 Christi.

1972 1478 2174 1536 lterum
2225 1481 2389 1537 etiam
2426 1480 2514 1537 hic
2544 1482 2597 1536 in
2646 1482 2827 1536 divina
2859 1497 3041 1537 mensa
3087 1499 3155 1540 ne
3191 1484 3476 1543 humiliter

1904 1571 2097 1627 intenti
2149 1572 2319 1628 simus
2368 1573 2434 1627 ad
2479 1573 2816 1643 propositum
2850 1588 3042 1641 panem
3073 1585 3128 1629 et
3176 1576 3470 1645 poculum:

1903 1666 1997 1717 sed
2032 1663 2340 1719 attollentes
2386 1672 2618 1721 utentem
2647 1703 2661 1730 ,
2694 1663 2801 1718 [ide
2828 1665 3196 1734 intelligamus
3224 1668 3384 1720 situm
3420 1669 3472 1721 in

1904 1771 2057 1810 sacra
2101 1756 2191 1809 illa
2221 1770 2408 1810 mensa
2443 1771 2640 1824 agnum
2682 1755 2832 1808 illum
2875 1756 2988 1820 Dei,
3030 1756 3307 1810 tollentem
3343 1773 3473 1826 pec-

1903 1856 2082 1901 catum
2112 1848 2318 1913 niundi,
2347 1848 2629 1901 incruente
2651 1860 2681 1899 ιι
2706 1846 3079 1902 sacerdotibus
3104 1847 3470 1901 inunolatnm:

1903 1950 1957 1993 et
2013 1940 2308 2007 pretiosum
2360 1939 2534 2008 ipsius
2564 1952 2765 2007 corpus
2795 1947 2851 1991 et
2888 1939 3202 2007 sanguinem
3232 1955 3359 1994 vere
3386 1955 3476 1994 su-

1905 2040 2116 2084 mentes
2144 2069 2161 2093 ,
2212 2028 2437 2085 credere
2486 2030 2600 2084 haec
2648 2044 2770 2083 esse
2824 2039 3025 2083 nostrte
3068 2031 3476 2085 resurrectionis

1904 2120 2170 2192 symbols.
2204 2120 2434 2189 Propter
2461 2120 2564 2174 hoc
2593 2120 2741 2173 enim
2790 2136 2970 2191 neque
3007 2120 3237 2175 inultum
3274 2121 3477 2186 accipi-

1905 2226 2044 2276 Inus,
2074 2210 2171 2263 sed
2199 2224 2411 2278 parum,
2441 2218 2499 2261 ut
2526 2209 2764 2262 sciamus
2789 2212 2933 2278 quod
2959 2221 3066 2261 non
3091 2207 3350 2273 satietati,
3379 2207 3474 2264 sed

1902 2301 2273 2356 sanctimonia:
2299 2300 2588 2353 sumimus.

2253 2496 2332 2551 De
2370 2496 2751 2551 resurrectione
2783 2511 2816 2549 a
2854 2495 3098 2549 mortuis.

1970 2610 2087 2666 Non
2108 2609 2427 2680 simpliciter
2455 2609 2715 2664 Dominus
2746 2624 2897 2663 suam
2929 2608 3097 2677 ipsius
3124 2622 3342 2663 carnem
3376 2624 3474 2678 pro

1903 2703 2059 2757 nobis
2112 2701 2351 2772 passioni
2388 2712 2442 2755 et
2496 2700 2655 2754 morti
2702 2699 2969 2763 tradidit,
3001 2699 3096 2756 sed
3136 2706 3195 2753 ut
3227 2709 3471 2753 nostrain

1902 2795 2128 2849 salutem
2191 2801 2550 2862 procuraret,
2590 2807 2709 2846 cum
2745 2791 2881 2846 liber
2907 2800 3052 2847 esset
3100 2805 3129 2845 a
3163 2801 3335 2847 morte
3363 2829 3379 2855 ,
3415 2799 3473 2844 ut

1902 2900 2087 2940 sermo
2145 2884 2398 2954 superius
2450 2883 2866 2937 demonstravit.
2935 2882 3152 2937 Clamat
3204 2881 3471 2951 Propheta

1902 2981 2057 3049 quasi
2110 2994 2175 3033 ex
2220 2992 2450 3048 persona
2505 2976 2674 3045 ipsius
2700 3017 2715 3041 ,
2749 2977 3050 3047 praedicens
3083 2976 3320 3031 futurum
3353 2976 3472 3043 ejus

1905 3071 2195 3124 secandum
2230 3083 2449 3124 carnem
2477 3069 2795 3122 oeconomiae
2822 3066 3138 3137 mysterium
3173 3083 3189 3120 :
3220 3085 3239 3118 ι
3274 3066 3471 3122 Factus

1900 3175 2044 3223 sum,
2072 3159 2266 3228 inquit,
2298 3160 2451 3228 quasi
2491 3159 2651 3212 homo
2678 3158 2799 3212 sine
2830 3158 3122 3225 adjutorio,
3154 3159 3297 3212 inter
3322 3175 3468 3212 mor-

1902 3260 2024 3305 tuos
2048 3251 2183 3304 liber
2209 3250 2277 3304 ι’.
2303 3268 2322 3302 ι
2349 3250 2481 3317 Quis
2511 3259 2689 3304 autem
2714 3249 2848 3304 liber
2879 3264 2906 3303 a
2942 3261 3137 3313 morte,
3162 3250 3264 3304 nisi
3291 3248 3472 3303 Deus?

1902 3341 2006 3397 Sed
2035 3343 2189 3412 juxta
2222 3342 2371 3410 prius
2401 3352 2651 3395 ostensas
2688 3342 3183 3396 demonstrationes
3216 3342 3468 3395 incarna-

1903 3440 1987 3487 tus
2031 3444 2259 3502 propter
2312 3432 2588 3485 hominum
2649 3430 3037 3496 dilectionem,
3089 3431 3263 3486 factns
3311 3431 3466 3501 quasi

1902 3525 2062 3579 homo
2087 3523 2204 3577 sine
2234 3521 2524 3590 adjutorio,
2555 3521 2847 3577 humilians
2864 3536 3014 3576 suam
3050 3523 3217 3591 ipsius
3246 3537 3467 3576 carnem

1900 3630 2071 3685 usque
2101 3617 2163 3667 ad
2198 3626 2449 3678 mortem,
2489 3624 2714 3669 mortem
2740 3624 2923 3667 autem
2960 3613 3138 3668 crucis
3170 3613 3237 3677 ‘°,
3266 3627 3385 3681 qum
3413 3621 3472 3668 et

1900 3706 2269 3759 resurrexisse
2300 3707 2625 3774 praedicatur
2666 3720 2682 3759 :
2710 3713 2764 3758 ut
2796 3713 3082 3773 postquam
3115 3719 3213 3758 nos
3246 3707 3470 3759 innuer-

1903 3800 2035 3854 tales
2080 3799 2306 3860 fecerit,
2340 3816 2436 3868 per
2469 3801 2738 3867 primitias
2782 3811 2999 3859 nostras
3050 3803 3469 3855 resurrectionis

1900 3905 2047 3958 Spem
2084 3890 2237 3943 nobis
2280 3891 2441 3943 etiam
2492 3891 2792 3957 desperatis
2823 3892 3228 3959 suppeditaret,
3264 3902 3322 3944 ut
3361 3908 3468 3947 non

1900 3980 2129 4050 amplius
2176 3979 2397 4034 obnoxii
2429 3979 2599 4033 simus
2635 3989 2851 4033 acterna:
2897 3981 3094 4043 morti,
3144 3981 3237 4033 sed
3271 3981 3466 4047 liheri,

1898 4071 2353 4141 quemadmodum
2404 4078 2459 4124 et
2509 4069 2763 4136 primitias
2820 4079 3024 4123 uostrte
3081 4068 3374 4132 Christus,
3413 4082 3469 4124 ut

1899 4165 2074 4236 inquit
2102 4165 2294 4218 heatus
2325 4159 2609 4230 apostolus
2645 4159 2842 4215 Paulus
2895 4178 2910 4215 :
2953 4178 2972 4211 ι
3016 4159 3274 4216 Primitim
3311 4160 3471 4217 Chri—

1899 4256 2247 4321 stus,deiude
2276 4254 2327 4306 hi
2346 4253 2436 4321 qui
2461 4250 2891 4314 suntChristi,in
2913 4251 3139 4306 adventu
3174 4253 3342 4324 ipsius
3364 4255 3461 4308 ⁸⁸.)

212 4328 372 4423 Eii-sp
400 4332 672 4401 παρουσίᾳ
698 4333 882 4388 αὐτοῦ.
940 4352 959 4386 ι
1004 4336 1101 4388 Ὃν
1132 4335 1226 4387 καὶ
1264 4336 1495 4407 Σωτῆρα
1543 4338 1706 4392 αὑτὸν
1732 4337 1795 4409 δὴ

1903 4346 1968 4399 Ει
2037 4345 2212 4413 ipsmn
2281 4341 2616 4397 Salvatorem
2678 4339 2823 4393 hunc
2876 4338 3163 4397 Dominum
3217 4355 3465 4398 nostrum

213 4414 410 4469 τοῦτον
451 4419 543 4470 τὸν
585 4419 790 4490 Κύριον
833 4422 991 4492 ἡμῶν
1036 4422 1245 4492 Ἰησοῦν
1276 4424 1509 4495 Χριστὸν
1556 4425 1648 4477 τὸν
1700 4426 1793 4479 τοῦ

214 4506 356 4560 Θεοῦ
381 4511 473 4563 καὶ
494 4512 704 4582 Πατρὸς
721 4513 842 4567 Υἰὸν
863 4517 1121 4586 μονογενῆ
1150 4517 1544 4590 ἁπεκδέχεσθαι
1565 4520 1710 4589 ἡμᾶς
1736 4519 1795 4583 ἐξ

216 4596 465 4668 οὐρανῶν
491 4642 506 4665 ,
540 4603 913 4674 ἀναστήσοντα
944 4606 1101 4676 ἡμῶν
1133 4609 1196 4660 ἐκ
1225 4607 1333 4660 τῶν
1375 4609 1563 4677 τάφων
1590 4609 1660 4663 τὰ
1694 4610 1797 4664 σώ-

220 4706 394 4758 ματα,
417 4692 504 4742 ὲπι
515 4692 871 4764 μαρτύρεται,
903 4694 1109 4764 λέγων’
1135 4716 1153 4748 ι
1177 4697 1362 4767 Ἡμῶν
1383 4701 1443 4751 τὸ
1470 4700 1793 4771 πολίτευμα,

218 4782 429 4847 φησὶν,
485 4784 542 4834 ἐν
591 4786 842 4854 οὐρανοῖς
891 4786 1154 4858 ὑπάρχει,
1201 4790 1261 4853 ἐξ
1317 4786 1377 4845 οῦ
1427 4794 1522 4844 καὶ
1568 4793 1796 4862 Σωτῆρα

211 4872 633 4942 ἀπεκδεχόμεθα
667 4877 868 4946 Κύριον
911 4878 1115 4945 Ἰησοῦν
1146 4882 1400 4954 Χριστὸν,
1435 4883 1492 4946 ὃς
1521 4901 1791 4956 μετασχη-

215 4960 440 5028 ματίσει
474 4963 532 5015 τὸ
565 4964 723 5034 σῶμα
752 4968 848 5037 τῆς
878 4971 1256 5034 ταπεινώσεως
1283 4973 1439 5043 ἡμῶν
1469 4975 1789 5047 σύμμορφον

208 5050 295 5119 τῷ
323 5050 533 5121 σώματι
559 5059 654 5127 τῆς
679 5057 836 5126 δόξης
863 5061 1050 5115 αὑτοῦ.
1087 5082 1105 5113 ›
1136 5063 1290 5118 Οῦτω
1312 5066 1417 5137 γὰρ
1444 5067 1524 5120 δεῖ
1547 5069 1605 5121 τὸ
1632 5070 1788 5140 σῶμα

208 5141 372 5210 ἡμῶν
402 5143 744 5216 δοξασθῆναι,
783 5151 859 5214 ὡς
895 5152 954 5203 τὸ
987 5154 1079 5205 τοῦ
1112 5158 1407 5216 Δεσπότου,
1445 5162 1792 5215 ἀνεπίδεκτον

207 5233 410 5308 κακίας
458 5237 550 5289 καὶ
587 5238 804 5293 πάντων
849 5244 956 5296 τῶν
1003 5243 1096 5297 νῦν
1128 5247 1343 5313 παθῶν,
1379 5250 1660 5322 ἐλεύθερον
1694 5252 1788 5306 τοῦ

207 5322 444 5377 θανάτου
474 5328 567 5379 καὶ
607 5331 701 5398 τῆς
742 5333 1034 5404 ἁμαρτίας,
1077 5339 1252 5406 ἅγιον·
1291 5341 1377 5392 ἵνα
1417 5343 1474 5393 ἐν
1509 5343 1787 5413 καινότητι

1890 4440 2070 4495 Jesum
2107 4435 2384 4489 Christum
2436 4430 2528 4503 Dei
2566 4440 2621 4485 et
2671 4428 2848 4486 Patris
2887 4429 3084 4486 Filium
3131 4433 3464 4502 unigenitum

1892 4541 2207 4600 etSpectare
2242 4541 2341 4580 nos
2392 4525 2444 4579 in
2494 4524 2668 4588 cmlis,
2698 4538 2821 4579 cum
2890 4533 3072 4579 nostra
3123 4540 3347 4593 corpora
3397 4542 3463 4582 ex

1890 4620 2153 4694 sepulcris
2198 4617 2539 4679 excitaverit,
2592 4625 2824 4672 testatur
2880 4618 3066 4672 dicens
3112 4635 3125 4672 :
3173 4636 3194 4670 ι
3224 4617 3461 4673 Conver-

1891 4714 2027 4769 satio
2059 4719 2240 4765 nostra
2272 4710 2324 4763 in
2361 4708 2516 4763 cmlis
2537 4717 2642 4770 est,
2672 4710 2814 4761 unde
2834 4716 2888 4762 et
2916 4708 3252 4763 Salvatorent
3286 4710 3465 4763 Domi-

1892 4821 2018 4858 unm
2048 4812 2293 4857 nostrum
2323 4799 2506 4855 Jesum
2540 4799 2841 4865 Christum,
2874 4800 2966 4870 qui
2995 4799 3310 4856 reformabit
3338 4817 3462 4855 cor~

1890 4909 1989 4962 pus
2019 4889 2338 4946 humilitatis
2374 4898 2592 4953 nostris,
2622 4889 3019 4955 conliguratum
3076 4894 3292 4958 corpori
3351 4892 3466 4945 cla-

1890 4984 2068 5036 ritatis
2099 4997 2211 5037 sua:
2253 4980 2319 5034 ".
2361 4997 2381 5031 ι
2428 4979 2522 5035 Sic
2557 4980 2701 5033 enim
2743 4989 2957 5049 Oportet
2989 4996 3187 5051 corpus
3218 4991 3460 5036 nostrum

1890 5075 2175 5130 clarificari
2198 5114 2212 5139 ,
2245 5072 2389 5129 sicut
2424 5082 2479 5128 et
2506 5087 2705 5141 corpus
2748 5070 2959 5127 Domini
2988 5112 3004 5137 ,
3035 5084 3089 5128 ut
3117 5073 3376 5128 malitiam
3409 5082 3464 5127 cl.

1893 5178 1988 5216 cas
2033 5179 2152 5231 quae
2186 5177 2329 5216 nunc
2381 5170 2508 5215 sunt
2563 5161 2844 5229 passiones
2890 5161 3162 5230 suscipere
3208 5170 3460 5228 nequeat,

1890 5253 2120 5306 liberum
2146 5267 2175 5305 a
2197 5262 2371 5307 morte
2400 5261 2454 5306 et
2476 5260 2721 5321 peccato,
2754 5259 3022 5313 Sanctum,
3055 5259 3114 5303 ut
3144 5251 3193 5302 in
3222 5252 3461 5304 novitate

1889 5348 2010 5397 vitae
2041 5356 2161 5396 cum
2192 5343 2309 5411 ipso
2330 5344 2597 5411 possimus
2621 5341 2900 5395 ambulare
2927 5341 2978 5393 in
3006 5340 3210 5395 ctelesti
3234 5340 3456 5406 lumine,

208 5413 358 5484 ζωῆς
410 5420 508 5471 σὺν
553 5421 702 5492 αὐτῷ
754 5429 1125 5499 περιπατῆσαι
1179 5431 1497 5503 δυνηθῶμεν
1550 5437 1606 5487 ὲν
1647 5438 1786 5505 φωτὶ

1900 5453 2098 5509 semper
2132 5453 2254 5494 cum
2305 5438 2421 5508 ipso
2450 5436 2671 5492 Christo
2704 5445 3009 5504 regnantes.
3068 5434 3124 5489 ltt
3163 5435 3260 5490 hac
3311 5434 3454 5491 enim

290 5572 337 5603 ³⁷
361 5572 551 5648 Matth.
587 5592 666 5643 In,
704 5578 786 5632 ΙΙ.
852 5580 897 5611 ⁸³³
918 5580 1093 5635 Calai.
1131 5600 1210 5648 ιιι,
1244 5584 1332 5638 27.

206 5642 342 5713 lipp.
380 5659 463 5707 tn,
497 5645 586 5696 20.

1414 5588 1459 5618 "
1482 5586 1623 5643 Psal.
1658 5606 1896 5658 ωιτν-ιι,
1932 5594 1986 5660 5,
2018 5595 2072 5649 6.
2132 5595 2178 5628 ⁸ο
2201 5592 2435 5664 Philipp.
2464 5609 2523 5659 ll,
2550 5593 2602 5648 8.

2700 5593 2741 5623 “
2764 5593 2780 5648 l
2806 5591 2931 5648 Cor.
2960 5608 3049 5659 xv,
3078 5592 3167 5649 i5.
3249 5595 3291 5625 "
3315 5595 3446 5652 Phi.
