4042 6142
203 296 208 304 λ
244 332 380 403 teat

241 446 469 505 medicis
493 450 681 499 sectus
705 448 810 506 est,
849 436 931 493 vel
985 449 1011 487 a
1047 432 1294 490 barbaris

242 544 517 594 castratus
555 544 672 600 est,
730 535 833 589 iste
880 535 1194 601 permaneat
1241 525 1295 578 in

252 630 420 685 clero.
469 627 622 695 Quod
672 626 717 681 si
772 623 893 693 quis
956 633 1126 677 sanus
1154 615 1299 684 seip-

248 736 367 775 smn
442 716 783 778 exsecuerit,
854 713 997 768 hunc
1069 706 1299 775 amplius

247 812 303 867 in
353 810 501 865 clero
557 823 662 862 non
722 803 910 859 haberi
975 796 1229 883 convenit
1282 817 1295 852 :

249 911 306 957 et
329 900 583 968 deinceps
601 895 870 951 neminem
894 891 1056 945 talem
1085 893 1300 957 oportet

252 992 584 1064 promoveri.
618 990 772 1045 Sicut
830 993 1013 1041 autem
1062 981 1291 1037 manife-

255 1100 401 1142 stum
442 1093 526 1139 est
566 1081 709 1137 illud
737 1080 939 1135 dictum
989 1087 1109 1131 esse
1138 1072 1204 1126 de
1232 1070 1301 1126 iis

257 1177 349 1247 qui
405 1189 524 1229 eam
569 1187 685 1227 rem
734 1168 988 1225 consulto
1038 1163 1297 1219 institue-

258 1279 407 1333 runt,
434 1273 490 1319 et
519 1262 638 1319 ausi
671 1270 799 1316 sunt
828 1260 1035 1328 seipsos
1074 1254 1291 1310 exscin-

262 1363 392 1415 dere
433 1376 450 1412 :
486 1359 560 1412 ita
602 1356 647 1411 si
692 1353 784 1424 qui
818 1351 901 1407 vel
937 1365 968 1404 a
1003 1347 1255 1405 barbaris
1278 1384 1294 1410 ,

262 1451 405 1506 vela
456 1446 691 1503 dominis
730 1445 847 1500 suis
878 1440 1116 1498 eunuchi
1167 1437 1297 1493 facti

263 1544 396 1605 sint,
431 1549 485 1594 et
514 1536 864 1593 inveniantur
895 1531 1100 1602 alioqui
1125 1528 1299 1598 digni,

267 1649 363 1690 eos
401 1633 456 1687 in
488 1631 691 1688 clerum
727 1626 920 1697 recipit
945 1637 1140 1679 canon.

758 1797 825 1853 II.

274 1918 319 1950 ⁶⁹
356 1917 428 1970 De
445 1913 712 1983 neaphytis
738 1923 905 1983 neque
939 1905 1011 1983 ad_
1041 1905 1309 1974 episcopo-

348 2001 462 2040 rum
524 1977 688 2054 ueq'ue
710 2050 721 2054 _
745 1977 1304 2054 ad'__presbyterorum

348 2058 586 2109 ordinem
601 2049 910 2106 'euehendia.

347 2163 614 2233 Quoniam
641 2159 806 2214 multa
831 2157 947 2213 sive
977 2171 1074 2225 per
1113 2167 1306 2210 neces-

282 2260 537 2323 sitatem,
595 2254 710 2309 sive
764 2252 900 2306 alias
962 2247 1307 2320 cogentibus,

282 2357 471 2403 contra
557 2345 798 2414 regulam
881 2339 1311 2396 ecclesiasticam

283 2442 436 2501 gesta
463 2440 617 2496 sunt;
648 2431 723 2483 ita
748 2436 809 2482 ut
834 2426 1084 2483 homines
1105 2438 1173 2480 ex
1201 2426 1311 2479 vita

286 2528 473 2597 gentili
528 2542 698 2596 nuper
753 2524 933 2578 adhuc
992 2520 1312 2576 accedentes

288 2621 354 2671 ad
388 2616 542 2669 Iidem
566 2622 668 2677 “et
706 2625 873 2682 parvo
899 2618 1142 2679 tempore
1165 2617 1314 2661 cate-

289 2706 513 2769 chizati,
546 2703 629 2758 vel
660 2701 911 2757 instructi
938 2739 955 2763 ,
985 2698 1168 2754 statim
1194 2709 1317 2752 cum

290 2799 359 2851 ad
382 2795 680 2864 spiritalem
699 2793 1028 2861 baptismum
1049 2788 1322 2853 venerint,

291 2897 349 2940 et
408 2884 666 2940 continuo
743 2881 1003 2951 baptizati
1070 2879 1317 2946 fuerint,

294 2977 459 3031 etiam
494 2978 561 3032 ad
585 2977 956 3046 episcOpatum
986 2972 1071 3028 vel
1109 2971 1327 3042 presby-

296 3072 494 3125 terium
566 3069 1040 3139 proveherentur;
1113 3073 1325 3121 rectum

297 3175 417 3216 esse
447 3159 620 3214 visum
639 3166 721 3213 est
744 3160 811 3213 de
839 3165 1039 3213 caatero
1064 3156 1198 3211 nihil
1224 3154 1331 3210 tale

301 3251 442 3305 fieri.
470 3248 607 3303 Nam
637 3258 690 3303 et
724 3256 967 3316 tempore
988 3259 1125 3316 opus
1153 3252 1237 3299 est
1269 3251 1328 3297 ut

300 3344 377 3398 sit
393 3340 835 3404 catechumenus,
853 3347 909 3390 et
924 3345 1047 3404 post
1065 3332 1330 3404 baptisma

304 3432 469 3486 multa
501 3430 819 3500 probatione
842 3426 1069 3495 indiget.
1102 3422 1335 3479 Evidens

305 3531 538 3586 namque
594 3523 676 3570 est
728 3511 1084 3582 apostolicum
1135 3522 1338 3580 praece-

308 3618 458 3673 ptum
490 3605 689 3659 docens
724 3620 740 3657 :
777 3619 796 3653 ι
832 3597 949 3656 Non
984 3599 1335 3668 neophytum,

307 3711 375 3751 ue
401 3697 577 3751 elatus
625 3696 678 3750 in
709 3694 977 3764 judicium
1010 3689 1215 3746 incidat
1240 3726 1256 3752 ,
1284 3697 1340 3743 et

309 3790 556 3855 laqueum
589 3785 786 3841 diaboli
810 3785 878 3838 7'.
919 3801 938 3835 ι
965 3779 1024 3836 Si
1047 3794 1181 3836 vero
1206 3793 1339 3846 pro-

308 3879 534 3931 cedente
604 3887 880 3944 tempore,
941 3871 1085 3940 quod
1149 3867 1344 3923 animae

311 3976 508 4023 noceat
546 3977 824 4036 peccatum
859 3963 1137 4017 inventum
1177 3957 1343 4012 fuerit

312 4058 368 4112 in
426 4073 488 4113 ea
552 4071 826 4127 persona,
886 4062 943 4109 et
997 4050 1348 4107 convincitur

311 4152 524 4205 duobus
554 4150 636 4203 vel
667 4147 842 4202 tribus
868 4145 1120 4207 testibus,
1162 4156 1338 4197 cessa-

315 4242 393 4295 bit
425 4255 455 4293 a
483 4239 649 4304 clero,
686 4237 776 4307 qui
807 4232 1112 4303 hujusmodi
1137 4240 1239 4286 est.
1282 4229 1337 4285 Si

313 4334 436 4401 quis
465 4347 594 4387 vero
627 4339 818 4401 prmter
848 4330 963 4383 haec
1015 4324 1180 4389 facit,
1220 4332 1341 4374 tan-

1128 316 1499 384 HISTORIA
1533 305 1870 374 CONCILII
1909 297 2219 366 NICENI.
2262 319 2328 334 -
2363 289 2511 353 ΠΒ.
2551 288 2639 351 II.

1828 415 1936 469 ὑπὸ
1990 408 2281 483 βαρϐάρων
2316 402 2405 469 ἐξ-
2477 397 2694 453 excisus
2716 390 2815 459 sit,
2844 390 2931 447 vel
2991 400 3020 443 a
3062 381 3311 442 barbaris
3349 399 3508 438 exse-

1373 424 1687 500 ρουργήθη.
1736 420 1772 489 ἢ

1370 493 1427 569 ὲτ
1621 506 1774 572 οὗτος
1792 505 1999 577 μενέτω
2027 504 2084 554 ἐν
2098 498 2176 570 τῷ
2194 493 2401 586 κλήρῳ.

1370 584 1520 658 Είὴδέ
1548 618 1631 663 τις
1654 595 1913 667 ὑγιαίνων
1940 590 2131 645 ἑαυτὸν
2161 584 2405 651 ἐξέτεμε,

1370 690 1559 745 τοῦτον
1591 687 1688 740 καὶ
1728 687 1784 737 ἐν
1813 680 1894 750 τῷ
1932 678 2121 747 κλήρῳ
2152 668 2406 739 ἐξεταζό-

1374 796 1535 849 μενον
1564 772 1880 829 πεπαῦσθαι
1908 768 2195 841 προσήκει,
2225 760 2323 816 καὶ
2346 761 2411 811 ἐκ

1370 870 1465 924 τοὺ
1517 867 1679 940 δεῦρο
1737 862 1943 936 μηδένα
1992 858 2103 912 τῶν
2152 851 2410 909 τοιούτων

1371 965 1569 1035 χρῆναι
1624 954 1999 1030 προσάγεσθαι
2057 948 2188 1023 [Ion
2232 944 2410 1016 προά-

1372 1051 1610 1123 γεσθαι].
1626 1051 1841 1117 Ὥσπερ
1860 1045 1919 1099 δέ
1938 1042 2099 1096 τοῦτο
2121 1035 2408 1110 πρόδηλον,

1372 1147 1455 1198 ὅτι
1505 1142 1636 1212 περὶ
1695 1138 1805 1191 τῶν
1868 1130 2295 1202 ἐπιτηδευόντων
2351 1123 2413 1176 τὸ

1374 1236 1612 1306 πρᾶγμα
1635 1271 1650 1295 ,
1685 1230 1781 1283 καὶ
1809 1223 2134 1296 τολμώντων
2184 1217 2414 1277 ἑαυτοὺς

1373 1325 1684 1396 ἐκτέμνειν,
1702 1321 1919 1391 εἴρηται
1940 1334 1953 1348 ’
1988 1313 2162 1378 οὑτως
2191 1311 2245 1364 εί
2269 1323 2415 1370 τινες

1378 1420 1484 1479 ὑπὸ
1508 1394 1799 1490 βαρϐάρων
1821 1413 1854 1484 ἢ
1881 1407 2159 1464 δεσποτῶν
2182 1400 2416 1471 εὑνουχί·

1382 1511 1627 1582 σθησαν,
1704 1503 2044 1576 εὑρίσκοιντο
2104 1497 2161 1550 δέ
2238 1493 2416 1555 ἄλλως

1378 1609 1549 1676 ἄξιοι,
1599 1604 1822 1666 τούτους
1874 1601 1954 1662 εἰς
1997 1595 2198 1665 κλῆρον
2247 1606 2417 1662 προσ-

1384 1701 1522 1754 ίεται
1544 1700 1573 1751 ό
1596 1694 1795 1750 κανών.

1864 1783 1942 1836 B'.

1382 1901 1520 1971 Περὶ
1545 1900 1665 1952 τῶν
1683 1896 1804 1971 tim)
1826 1889 2083 1971 eaaner
2115 1889 2204 1951 εὶς
2233 1899 2420 1955 χειρο-

1577 1969 1787 2022 τονίαν
1812 1961 2215 2032 πραχθέντων.

1464 2150 1683 2221 Ἐπειδὴ
1704 2145 1874 2202 πολλὰ
1889 2147 1998 2199 εἴτε
2020 2142 2128 2198 ὑπὸ
2147 2141 2425 2209 ἀνάγκης,

1382 2249 1417 2320 ἢ
1446 2247 1622 2311 ἄλλως
1651 2260 1767 2308 πως
1791 2239 2163 2311 ἐπειγομένων
2188 2235 2298 2289 τῶν
2323 2235 2422 2288 ἁν-

1386 2336 1620 2410 θρώπων
1665 2333 1884 2402 ἐγένετο
1910 2330 2062 2403 παρὰ
2088 2328 2181 2381 τδν
2214 2322 2420 2380 κανόνα

1385 2428 1478 2482 τὸν
1510 2421 2001 2496 ἐκκλησιαστικὸν,
2030 2419 2172 2473 ὥστε
2212 2414 2425 2486 ἀνθρώ-

1384 2524 1520 2581 πους
1537 2515 1645 2570 ἀπὸ
1663 2511 1878 2566 ὲθνικοῦ
1903 2511 2019 2581 βίου
2040 2510 2166 2580 ἄρτι
2192 2502 2424 2577 προσελο

1389 2609 1583 2670 θόντας
1631 2606 1698 2675 τῇ
1746 2602 1957 2664 πίστει,
2002 2600 2100 2654 καὶ
2151 2597 2211 2649 ἐν
2256 2595 2424 2664 ὀλίγῳ

1391 2698 1571 2771 χρόνῳ
1596 2692 2028 2764 κατηχηθέντας,
2056 2688 2220 2750 εὐθὺς
2247 2686 2340 2738 ἐπὶ
2364 2685 2425 2738 τὸ

1396 2783 1765 2859 πνευματικὸν
1813 2781 2039 2852 λουτρὸν
2091 2777 2247 2847 ἄγειν
2269 2816 2284 2839 ,
2335 2777 2431 2830 καλ⁸

1393 2878 1511 2950 ἅμα
1526 2873 1604 2947 τῷ
1618 2870 1983 2947 βαπτισθῆναι
1994 2867 2293 2940 προσάγειν
2318 2860 2423 2935 [ῖσ.

1398 2965 1702 3043 προάγειν]
1728 2966 1811 3028 είς
1838 2962 2159 3024 ἐπίσκοπον,
2195 2956 2231 3028 ἢ
2268 2972 2435 3027 πρεσ-

1403 3061 1652 3132 ϐύτερον,
1678 3056 1858 3119 καλῶς
1879 3052 2026 3123 ἐχειν
2047 3051 2196 3118 ἔδοξε
2216 3047 2311 3101 τοῦ
2335 3046 2437 3099 λοι·

1400 3151 1506 3206 ποῦ
1559 3149 1724 3219 μηδὲν
1753 3144 1997 3201 τοιοῦτον
2028 3139 2311 3212 γίνεσθαι·
2345 3137 2440 3190 καὶ

1402 3243 1514 3313 γὰρ
1544 3242 1640 3295 καὶ
1669 3239 1862 3309 χρόνου
1887 3235 1968 3288 δεῖ
1993 3231 2072 3302 τῷ
2095 3225 2442 3300 κατηχουμέ-

1402 3346 1501 3401 νῳ,
1527 3329 1620 3382 καὶ
1652 3325 1793 3396 μετὰ
1819 3322 1882 3377 τὸ
1910 3322 2196 3393 βάπτισμα
2216 3318 2443 3385 δοκιμα-

1407 3421 1528 3483 σίας
1565 3417 1830 3479 πλείονος.
1871 3412 2052 3482 Σαφές
2080 3410 2191 3481 γὰρ
2225 3407 2446 3460 abduco-

1407 3509 1655 3564 στολικὺν
1699 3506 1941 3577 γράμμα
1980 3502 2041 3556 τὸ
2070 3500 2249 3569 λέγονο
2288 3516 2309 3554 ι
2332 3497 2447 3566 Μὴ

1409 3600 1687 3668 νεόφυτον,
1709 3598 1799 3650 ἵνα
1831 3596 1906 3666 μὴ
1930 3590 2201 3661 τυφωθεὶς
2220 3589 2303 3653 είς
2326 3590 2442 3658 κρῖ-

1415 3705 1494 3759 μα
1539 3687 1759 3755 ἐμπέσῃ
1796 3685 1893 3738 ita}.
1941 3681 2148 3749 παγίδα
2195 3679 2290 3732 τοῦ
2332 3679 2449 3733 δια-

1414 3778 1591 3832 ϐόλου.
1626 3794 1645 3828 ι
1675 3777 1739 3828 Ei
1755 3774 1812 3827 δέ
1833 3772 2113 3840 προϊόντος
2134 3768 2227 3823 τοῦ
2252 3767 2447 3838 χρόνου

1413 3867 1644 3938 ψυχικόν
1709 3882 1763 3919 τι
1825 3864 2134 3934 ἁμάρτημα
2195 3857 2445 3929 εὑρεθείη

1418 3961 1549 4029 περὶ
1583 3958 1642 4010 τὸ
1680 3953 1999 4026 πρόσωπον,
2033 3951 2129 4004 καὶ⁸
2171 3949 2450 4017 ἐλέγχοιτο

1421 4051 1525 4104 ὑπὸ
1543 4047 1638 4101 δύο
1664 4047 1759 4099 καὶ
1778 4043 1947 4115 τριῶν
1972 4039 2284 4112 μαρτύρων,
2314 4037 2451 4090 παύ-

1413 4156 1567 4192 σεται
1595 4138 1625 4191 ὁ
1651 4134 1896 4196 τοιοῦτος
1924 4131 2020 4185 τοῦ
2062 4132 2264 4201 κλήρου
2287 4145 2299 4158 ·
2337 4130 2364 4182 ὁ
2394 4128 2451 4181 δὲ

1413 4229 1564 4301 παρὰ
1611 4227 1784 4282 ταῦτα
1815 4224 2008 4290 ποιῶν,
2039 4223 2114 4286 ὡς
2158 4219 2452 4274 ὑπεναντία

1412 4325 1480 4393 τῇ
1520 4319 1735 4392 μεγάλῃ
1765 4317 1969 4388 συνόδῳ
2013 4315 2452 4386 θρασυνόμενος,

3369 272 3507 340 1322

2478 498 2599 543 ctus
2623 527 2637 551 ,
2681 484 2771 539 ille
2800 487 3118 555 permaneat
3159 476 3212 531 in
3246 476 3414 528 clero.
3450 472 3511 526 Si

2479 579 2602 648 quis
2660 584 2839 628 autem
2930 568 3279 637 semetipsum
3345 577 3513 618 sanus

2480 665 2741 726 abscidit.
2797 661 2887 717 hic
2939 661 3140 723 etiam,
3194 656 3295 711 etsi
3345 652 3513 709 estin

2482 756 2663 821 clero,
2704 765 2921 810 cessare
2966 748 3172 805 debet:
3220 751 3276 800 et
3301 760 3369 799 ex
3414 744 3517 796 hoc

2483 845 2689 899 nullum
2753 842 2914 897 talem
2970 845 3191 909 oportet
3247 834 3514 889 ordinari.

2485 934 2638 990 Sicut
2671 948 2801 1004 ergo
2835 937 2902 988 de
2935 931 3021 985 bis
3056 929 3149 999 qui
3178 926 3264 982 vel
3300 923 3543 979 an‘ecta-.

2485 1034 2705 1089 verunt,
2736 1023 2825 1077 vel
2871 1022 2988 1076 ausi
3018 1029 3146 1076 sunt
3187 1018 3398 1087 seipsos
3424 1015 3520 1069 ab-

2486 1117 2756 1180 scindere,
2772 1115 2888 1169 haec
2913 1127 3034 1183 quae
3057 1110 3294 1165 diximus
3319 1114 3519 1162 statuta

2488 1219 2619 1266 sunt
2666 1226 2681 1263 :
2718 1207 2792 1263 ita
2836 1206 2881 1261 si
2916 1204 3013 1275 qui
3054 1202 3200 1258 vela
3237 1199 3521 1260 barbaris.

2488 1299 2573 1355 vel
2605 1313 2636 1352 a
2681 1296 2922 1353 dominis
2969 1295 3084 1369 suis
3117 1291 3353 1349 eunuchi
3388 1288 3518 1344 facti

2488 1398 2635 1453 sunt,
2663 1399 2717 1445 et
2733 1387 3033 1460 probabilis
3053 1386 3182 1440 vitae
3209 1391 3358 1446 sunt,
3378 1380 3523 1436 tales

2490 1484 2588 1536 hos
2615 1478 2840 1547 suscipit
2872 1475 3247 1535 ecclesiastica
3274 1473 3488 1542 regula.

2971 1750 3039 1805 II.

2496 1867 2572 1922 De
2611 1869 2692 1922 his
2741 1868 2832 1939 qui
2879 1869 2964 1939 ab
2990 1866 3213 1921 ethnicis
3257 1864 3520 1919 uenientes

2847 1937 3188 1992 ordinantur.

2574 2119 2841 2188 Quoniam
2873 2117 3039 2173 multa
3065 2117 3148 2173 vel
3170 2131 3268 2189 pro
3298 2115 3531 2172 necessi-

2502 2219 2636 2275 tate,
2666 2209 2751 2265 vel
2773 2209 2975 2278 alioqui
3003 2206 3327 2274 cogentibus
3351 2207 3529 2260 homi-

2498 2301 2658 2356 nibus
2694 2309 2915 2357 contra.
2961 2312 3226 2353 canoaem
3272 2295 3537 2353 ecclesia-

2503 2388 2703 2445 sticum
2739 2386 2881 2442 facta
2904 2394 3069 2449 sunt,
3103 2384 3179 2439 ita
3204 2394 3264 2440 ut
3296 2385 3542 2439 homines

2479 2493 2567 2537 ἐκ
2599 2482 2708 2537 vita
2756 2478 2940 2552 gentili
2985 2492 3161 2547 nuper
3206 2475 3540 2533 accedentes

2501 2577 2568 2629 ad
2598 2573 2780 2637 ﬁdem,
2816 2580 2870 2626 et
2898 2570 3098 2641 exiguo
3131 2577 3377 2637 tempore
3407 2579 3539 2621 eru-

2501 2666 2623 2732 diti,
2642 2663 2826 2720 statim
2849 2664 2918 2717 ad
2943 2660 3230 2732 spirituale
3259 2660 3536 2715 lavacrum

2503 2759 2793 2820 ducantur,
2817 2766 2875 2811 et
2899 2755 3062 2809 simul
3089 2762 3255 2824 atque
3281 2754 3544 2823 baptizati

2508 2851 2733 2918 fuerint,
2753 2851 2819 2904 ad
2856 2848 3098 2919 episcopi
3123 2849 3207 2902 vel
3238 2846 3544 2919 presbyteri

2506 2942 2820 3013 dignitatem
2869 2946 3286 3010 promoveantur
3336 2955 3352 2993 :
3402 2947 3547 2993 recte

2510 3032 2673 3103 igitur
2710 3029 2883 3083 visum
2909 3037 2990 3085 est
3015 3067 3032 3092 ,
3070 3028 3139 3083 de
3167 3036 3365 3083 caetero
3411 3027 3549 3082 nihil

2514 3123 2621 3177 tale
2647 3120 2846 3176 debere
2880 3118 3020 3175 lteri.
3053 3116 3187 3173 Nam
3213 3127 3267 3174 et
3304 3125 3547 3188 tempore

2513 3226 2651 3282 opus
2674 3210 2835 3264 habet
2866 3201 3311 3275 catechumerius,
3345 3216 3399 3264 et
3428 3218 3551 3278 post

2517 3301 2847 3371 baptismum
2921 3298 3151 3371 longiori
3226 3299 3549 3368 probatione

2520 3392 2744 3462 indiget.
2787 3389 3020 3445 Evidens
3060 3402 3294 3457 namque
3333 3396 3553 3457 aposto-

2523 3481 2684 3536 licum
2746 3488 3250 3551 prteceptuuiest.
3315 3477 3551 3531 dicens:

2526 3591 2546 3625 ‹
2581 3572 2697 3628 Non
2744 3573 3095 3643 neophytum,
3126 3584 3195 3624 ne
3226 3569 3365 3624 forte
3400 3567 3555 3622 iulia-

2524 3673 2611 3717 tus
2628 3660 2682 3715 in
2701 3659 2967 3729 judicium
2988 3659 3214 3723 incidat,
3233 3667 3287 3713 et
3303 3658 3554 3727 laqueum

2525 3746 2747 3805 diaboli.
2788 3768 2807 3802 ›
2835 3750 2890 3803 Si
2917 3763 3049 3803 vero
3072 3749 3398 3817 procedente
3428 3756 3557 3801 tem-

2530 3852 2684 3907 pore,
2720 3836 2886 3891 animi
2912 3836 3130 3905 aliquod
3163 3845 3445 3904 peccatum
3478 3837 3557 3890 ln-

2521 3928 2774 3980 veniatur
2802 3925 2856 3977 in
2885 3938 2949 3978 ea
2982 3938 3236 3994 persona,
3263 3934 3318 3977 et
3346 3925 3557 3977 duobus

2526 4017 2612 4069 vel
2659 4016 2832 4071 tribus
2881 4015 3113 4069 testibus
3167 4015 3552 4075 convincatur.

2525 4106 2795 4161 abstineat
2855 4103 2978 4159 talis
3021 4118 3049 4156 a
3102 4100 3272 4157 clero.
3330 4100 3388 4157 Si
3438 4106 3560 4172 quis

2527 4212 2655 4252 vero
2684 4197 2942 4250 adversus
2960 4195 3075 4249 haec
3100 4194 3230 4251 facit
3259 4235 3275 4261 ,
3307 4202 3562 4259 tanquam

2529 4291 2792 4344 adversus
2824 4301 3078 4357 magnum
3124 4286 3416 4340 concilium
3469 4286 3563 4340 all-

315 4375 436 4401 -Γ--υ
473 4375 592 4387 ’νιν
627 4375 806 4401 r-w-v-
849 4375 961 4383 --ννν
1167 4375 1180 4389 1
1455 4375 1480 4393 ,,
1520 4375 1532 4392 ,
1604 4375 1615 4388 .
1707 4375 1735 4391 ,,

315 4441 479 4494 quam
545 4423 814 4477 contraria
886 4417 1103 4474 statutis
1164 4412 1336 4468 sancti
1415 4409 1578 4471 αὑτὸς
1625 4404 1895 4461 κινδυνεύε

2007 4375 2137 4473 πέριξ
2180 4375 2274 4457 τος]
2322 4375 2456 4471 In);
2532 4383 2662 4451 quid
2694 4380 2924 4443 audens,
2962 4377 3026 4431 de
3051 4375 3309 4430 clericatu
3350 4378 3565 4446 pericli-

2536 4473 2744 4494 ._._:.--_

319 4516 478 4586 hujus
506 4514 721 4569 concilii
762 4526 977 4583 gerens,
1019 4510 1180 4562 etiam
1224 4506 1340 4574 ipse

316 4606 384 4659 de
417 4612 559 4659 statu
609 4601 690 4658 sui
737 4599 945 4656 ordinis
1002 4592 1340 4666 periclitabi-

317 4707 426 4753 tur.

801 4805 890 4860 III.

606 4916 646 4948 '"
680 4917 753 4970 De
777 4914 1082 4984 syuesactis.

391 5092 729 5152 Omnimodis
819 5086 1097 5144 interdixit
1171 5094 1355 5138 sancta

415 5276 459 5308 "
481 5275 564 5329 Al.
598 5273 670 5327 De
698 5270 781 5325 his
813 5268 899 5335 qui
931 5282 997 5321 ex
1021 5263 1253 5320 ethnicis
1302 5270 1422 5331 post
1475 5259 1735 5327 baptisma
1767 5257 1834 5312 ad
1887 5256 2087 5311 clerum
2140 5253 2503 5321 applicantur.

324 5344 670 5402 manentibus
700 5339 1032 5393 mulieribus.

327 5449 715 5511 refertFranc.
746 5445 1044 5499 Turrianus
1087 5430 1895 5511 lib._v_pe[ensionis'prgepist.

328 5497 541 5580 me:
564 5497 1111 5586 cap:—23,7his_verbis
1131 5525 1153 5586 :_
1171 5503 1372 5586 Induxi"
1411 5497 1641 5586 ttt'etninit
1659 5497 1902 5581 “flictuq-

327 5567 424 5648 iis
453 5567 1180 5654 archiepiscopusIRemeufis
1201 5577 1283 5654 _in
1313 5571 1407 5624 lib.
1426 5570 1521 5654 ‘De
1555 5567 1895 5654 variisl‘capi-

331 5636 460 5715 tutis
490 5636 860 5710 e‘c'riegiasticis
895 5666 1009 5717 cap.
1058 5646 1148 5705 ‘2‘},
1179 5641 1617 5717 detranslatione
1649 5656 1675 5690 e
1706 5636 1892 5717 Gnaeo

1420 4522 1515 4577 ρου
1552 4503 1689 4577 (es).

1905 4783 1981 4839 I“.

1502 4899 1639 4967 Περὶ
1667 4896 1788 4953 τῶν
1812 4896 1917 4962 τὰς
1949 4894 2392 4958 συνεισὰκτους

1804 4968 2086 5036 ἐχόντων.

1520 5081 1894 5153 Ἀπηγόρτυσε
1925 5078 2156 5133 καθόλου
2187 5080 2219 5147 ἠ
2257 5074 2465 5144 μεγάλη

2007 5636 2157 5688 ἰδίου.
2189 5633 2358 5688 llum.

331 5704 679 5785 ἓοηεὶιίονιιηι
700 5704 750 5773 νει
774 5704 1066 5771 canonum:
1089 5717 1161 5765 sic
1182 5714 1316 5766 enim
1348 5713 1419 5762 ait
1447 5726 1462 5763 :
1488 5708 1551 5761 Et
1579 5712 1759 5759 beatus
1791 5704 1893 5758 Isi-

614 5816 879 5876 PATROL.
931 5811 1046 5871 GR.
1087 5803 1362 5866 LXXXV.

2536 4473 2710 4527 tabitu
2721 4487 2764 4526 r.

2540 4882 2615 4935 De
2642 4880 2720 4932 his
2745 4876 2834 4945 qui
2873 4872 3115 4945 mulieres
3142 4860 3570 4920 aubintroductaa

2932 4941 3144 4996 habent.

2608 5068 2797 5140 Magna
2847 5060 3085 5134 synodus
3121 5053 3434 5128 plenissime
3483 5059 3574 5104 ve-

2598 5246 2644 5279 "
2674 5243 2693 5296 l
2721 5242 2861 5296 Tim.
2894 5253 2978 5303 ιιι,
3006 5234 3059 5289 6.
3135 5229 3291 5284 "At.
3326 5227 3400 5283 De
3428 5239 3594 5299 com-g

2006 5431 2165 5479 dorus
2188 5431 2244 5477 tn
2274 5425 2593 5478 Cottae-tario
2617 5439 2711 5477 suo
2741 5422 2805 5474 de
2831 5415 3118 5479 sationibus
3141 5419 3370 5482 quatuor
3393 5406 3580 5461 editio—

2007 5514 2094 5551 nes
2123 5493 2334 5548 Νίτωηὲ
2364 5493 2573 5547 concilii
2601 5487 3013 5560 compnginaait.

2075 5543 2897 5633 (ἑδῖῑόᾶηἱιὲζᾸὴιῑὸέιῖοιῆη,
2940 5553 3069 5626 περὶ
3098 5549 3193 5607 τοῦ
3236 5549 3444 5621 κλήρου
3485 5543 3583 5599 τοῦ

3196 5776 3271 5839 42
