4038 6148
556 321 693 388 1323

556 440 819 509 synodus,
878 456 1052 511 neque
1093 442 1383 513 episcolto,
1428 458 1600 515 neque
1679 449 1929 517 σύνοδος,

1786 339 2081 400 GELASII
2121 344 2460 405 CYZlCENI

1999 455 2132 524 μήτε
2194 456 2475 529 ἐπισκόπῳ
2498 498 2510 521 ,
2562 461 2698 530 μήτε

557 532 916 601 presbytero,
968 545 1142 600 neque
1204 532 1448 597 diacono,
1498 551 1597 590 nc-
1673 541 2055 614 πρεσϐυτέρῳ,
2087 547 2152 614 μί

1101 545 1142 586 Ie
1204 532 1448 597 diacono,
1498 551 1597 590 ne-
1673 541 2055 614 πρεσϐυτέρῳ,
2087 547 2226 616 μήτε
2266 546 2498 619 διακόνῳ
2526 590 2539 615 ,
2571 552 2696 621 μήθ’

558 635 665 691 que
705 620 796 675 ulli
835 622 1051 677 omnino
1100 623 1417 679 clericorum
1473 641 1595 695 per-

554 713 721 768 mittit
780 712 980 768 habere
1057 728 1238 768 secum
1309 715 1591 771 mulierem

554 813 887 868 extraneam,
946 804 1048 860 nisi
1097 803 1236 860 forte
1274 816 1443 861 mater
1494 808 1585 879 sit,

549 905 641 949 aut
671 910 845 962 soror,
886 906 980 951 aut
1008 887 1198 953 amita.
1232 898 1288 952 lu
1315 900 1401 954 bis
1431 916 1585 954 nam-

547 1000 654 1054 que
684 985 932 1054 personis
976 995 1030 1042 et
1080 985 1270 1042 harum
1315 987 1582 1046 similibus

547 1074 723 1143 omnis
786 1076 1019 1145 suspicio
1088 1076 1409 1133 declinatur.
1477 1079 1577 1146 Qui

546 1161 701 1217 aliter
730 1174 927 1233 praeter
972 1165 1086 1222 haec
1130 1167 1273 1236 agit,
1307 1166 1577 1238 periclita-

544 1251 692 1307 bitur
718 1254 784 1309 de
804 1254 947 1311 eiero
979 1270 1102 1311 suo.

1016 1364 1106 1423 ιν.

547 1474 594 1507 ⁷⁸
620 1474 696 1530 De
721 1477 970 1547 episctipis
993 1494 1025 1531 a
1048 1480 1572 1545 comprovincialibus

886 1548 1215 1603 ordinaudis.

616 1666 842 1736 Oportet
931 1667 1242 1737 episcopum
1336 1672 1569 1726 maxime

544 1753 759 1823 quidem
818 1752 886 1808 ab
935 1754 1184 1810 omnibus
1220 1754 1312 1824 qui
1360 1768 1485 1810 sunt
1517 1757 1568 1811 in

541 1845 821 1916 provincia
867 1846 1135 1915 episcopis
1195 1848 1459 1904 ordinari.
1511 1851 1566 1905 Si

540 1947 677 1991 vero
697 1935 801 1991 hoc
829 1934 1044 1991 dillicile
1088 1936 1271 2005 fuerit,
1305 1939 1418 1994 sive
1478 1955 1569 1993 ur-

542 2034 700 2094 gente
752 2026 1094 2092 necessitate,
1175 2027 1289 2082 sive
1359 2029 1569 2084 itineris

545 2113 879 2182 longitudine
895 2153 913 2182 ,
940 2121 1089 2168 certe
1107 2115 1250 2169 omni
1278 2116 1437 2170 modo
1458 2123 1567 2172 tres

544 2204 783 2273 episcopi
859 2203 913 2258 in
965 2218 1129 2258 unum
1184 2204 1384 2260 debent
1445 2221 1567 2262 esse

540 2293 889 2363 congregati;
938 2293 1010 2347 ita
1041 2301 1098 2348 ut
1146 2294 1311 2349 etiam
1344 2302 1566 2352 caetero-

541 2397 660 2436 rum
746 2383 1050 2438 absentium
1118 2398 1443 2441 consensum
1510 2395 1567 2440 et

537 2472 863 2526 sententiam
920 2486 1018 2542 per
1066 2473 1279 2530 litteras
1316 2483 1560 2542 teneant,

510 2560 593 2616 ἐι
615 2564 685 2616 ita
715 2560 917 2619 faciant
958 2564 1376 2621 ordinationem.
1410 2564 1567 2623 Pote-

535 2664 651 2710 stas
686 2669 816 2710 sane
855 2653 939 2710 vel
961 2655 1302 2711 conﬁrmatio
1326 2658 1566 2726 pertine-

535 2745 614 2799 bit
641 2760 737 2813 per
760 2744 1000 2815 singulas
1029 2746 1338 2814 provincias
1354 2747 1423 2802 ad
1453 2762 1567 2803 me-

537 2836 949 2905 tropolitanum.

1020 2951 1083 3005 ν.

532 3059 578 3093 ’³
623 3059 698 3116 De
730 3062 826 3133 phis
877 3062 973 3133 qui
1010 3064 1559 3133 excommunicantur,

546 3156 549 3159 λ
693 3132 798 3184 sive
840 3130 1068 3199 clért’cis,
1093 3133 1196 3187 sive
1218 3134 1390 3187 (uicis.

605 3242 680 3297 De
704 3242 791 3298 his
820 3241 911 3317 qui
935 3245 1474 3315 excommunieantur
1491 3245 1559 3299 ab

530 3333 801 3403 episcopis
837 3332 955 3387 suis
1007 3346 1105 3404 per
1147 3348 1271 3389 suas
1317 3348 1557 3404 quasque

531 3423 864 3492 provincias,
899 3430 1143 3495 servetur
1166 3422 1265 3476 ista
1286 3424 1553 3479 sententia

530 3514 824 3579 secundum
853 3526 1115 3567 canonem
1135 3551 1153 3579 ,
1183 3522 1241 3567 ut
1272 3514 1324 3568 lti
1358 3515 1451 3584 qui
1472 3516 1554 3571 .ab

532 3603 653 3657 aliis
706 3602 1267 3671 exeommuuicantur,
1315 3607 1383 3662 ab
1434 3608 1556 3664 aliis

534 3710 638 3748 non
670 3690 1019 3765 recipiantur.
1052 3691 1379 3765 Requiratur
1404 3712 1553 3766 sane,

533 3798 601 3838 ne
632 3781 770 3859 forte
814 3770 1072 3863 quis-pro
1111 3784 1290 3855 aliqua
1318 3787 1557 3858 indigna-

533 3875 676 3930 tione
726 3873 889 3928 animi
925 3883 1020 3953 aut
1053 3877 1423 3945 contentione,
1465 3888 1557 3957 aut

530 3966 773 4035 qualibet
806 3965 1176 4041 commotione
1218 3969 1558 4024 stomachan-

533 4056 602 4111 tis
630 4056 869 4125 episcopi
921 4055 1164 4126 abjectus
1197 4056 1285 4112 sit.
1329 4058 1404 4116 Ut
1428 4076 1554 4129 ergo

527 4146 643 4200 haec
677 4145 835 4215 digna
887 4132 1107 4214 possint
1155 4148 1554 4205 examinatione

528 4235 795 4303 perquiri,
833 4242 1047 4289 rectum
1108 4250 1228 4291 esse
1266 4238 1441 4293 visum
1471 4249 1552 4293 est

526 4338 624 4392 per
688 4323 929 4395 singulos
978 4340 1150 4385 annos
1209 4327 1262 4380 in
1327 4328 1553 4399 singulis

526 4414 835 4483 quibusque
876 4414 1168 4484 provinciis
1207 4416 1289 4471 bis
1327 4417 1380 4471 in
1412 4433 1551 4472 anno

524 4505 903 4574 episcoporum
978 4505 1210 4560 concilia
1291 4505 1447 4573 fieri;
1494 4520 1552 4560 ut

527 4595 690 4649 simul
722 4597 774 4649 in
813 4610 976 4650 unum
1022 4597 1409 4653 convenientes
1438 4597 1554 4668 epi-

527 4687 675 4756 scopi
708 4699 773 4741 ex
807 4685 1080 4740 universis
1110 4686 1429 4756 provinciis,
1460 4688 1557 4742 ltu-

520 4775 760 4845 jusmodi
822 4775 1136 4830 examinem
1190 4778 1556 4845 quaestiones;

519 4877 580 4924 et
609 4869 681 4922 ita
710 4868 927 4923 demunt
992 4868 1048 4922 bi
1103 4867 1194 4936 qui
1247 4870 1315 4922 olt
1364 4868 1550 4938 culpas

525 4973 652 5012 suas
695 4958 1071 5026 episcoporum
1129 4971 1349 5011 suorum
1383 4955 1552 5012 oﬂ'en-

524 5061 642 5104 sunt
674 5048 873 5101 merito
924 5047 1337 5114 contraxerint,
1393 5048 1550 5116 digne

522 5139 688 5195 etiam
732 5154 761 5193 a
793 5140 1004 5194 caeteris
1031 5138 1300 5209 episcopis
1326 5153 1548 5193 excom-

524 5228 786 5285 municati
868 5230 979 5283 sint
1042 5245 1058 5284 :
1139 5241 1419 5298 usquequo
1492 5226 1544 5279 in

523 5332 814 5375 commune
858 5322 1147 5386 omnibus,
1177 5328 1269 5373 aut
1305 5319 1402 5388 ipsi
1437 5317 1549 5387 epi-

527 5423 693 5481 seopo
751 5423 870 5475 suo,
927 5409 1137 5479 placeat
1175 5410 1546 5464 humaniorem

523 5498 671 5555 circa
711 5513 807 5559 eos
844 5499 987 5567 ferre
1018 5500 1358 5556 sententiam.
1390 5496 1548 5554 Fiant

1666 629 1800 694 ὅλως
1828 631 1938 685 τῶν
1968 635 2025 685 ἐν
2054 633 2132 704 τῷ
2160 635 2345 708 κλήρῳ
2367 639 2472 692 τινὶ
2499 639 2695 705 ἐξεῖναι

1664 722 2016 778 συνείσακτον
2037 724 2200 795 ἔχειν.
2238 728 2385 799 Πλὴν
2408 732 2455 782 εί
2485 731 2561 802 μὴ
2588 731 2696 803 ἄρα

1662 813 1877 885 μητέρα
1922 817 1955 886 ἢ
2009 817 2247 889 ἀδελφὴν
2292 820 2325 890 ἢ
2364 821 2549 888 Οείαν,
2591 824 2623 894 ἢ
2661 824 2695 878 ἃ

1661 904 1796 973 μόνα
1838 906 2104 976 πρόσωπα
2138 909 2471 979 διαπέφευγε
2512 916 2694 967 πᾶσαν

1655 994 1912 1065 ὑποψίαν.
1956 997 2015 1051 '0
2050 998 2106 1051 δέ
2138 1001 2291 1069 παρά
2315 1001 2488 1055 ταῦτα
2523 1003 2693 1056 ποιῶν

1651 1084 1989 1139 κινδυνεύσει
2017 1089 2145 1160 περὶ
2165 1089 2263 1160 τὴν
2286 1091 2489 1146 ἐαυτοῦ
2512 1092 2687 1159 ἀξίαν.

2121 1367 2197 1421 Δ’.

1647 1474 1787 1542 Περὶ
1825 1474 2249 1543 καταστάσεως
2309 1478 2680 1535 ἐπισκόπων.

1730 1646 2057 1702 Ἐπίσκοπον
2116 1651 2386 1723 προσήκει
2451 1652 2684 1723 μάλιστα

1647 1737 1745 1806 μέν
1773 1736 1880 1790 ὑπὸ
1919 1738 2135 1793 πάντων
2152 1740 2260 1793 τῶν
2299 1744 2357 1794 ἐν
2393 1745 2458 1812 τῇ
2510 1744 2683 1816 ἐπαρ-

1642 1825 1735 1896 χίᾳ
1797 1827 2110 1881 ἐπισκόπων
2168 1830 2529 1886 καθίστασθαι
2566 1848 2580 1863 ο
2633 1835 2683 1886 εί

1641 1914 1697 1968 δέ
1727 1916 1985 1989 δυσχερὲς
2014 1918 2100 1990 εἴη
2130 1918 2189 1973 τὺ
2219 1920 2480 1988 τοιοῦτον,
2533 1923 2566 1993 ἢ
2597 1923 2683 1978 διά

1641 2008 2080 2078 καταπείγουσαν
2161 2012 2430 2086 ἀνάγκην,
2487 2014 2519 2086 ἢ
2594 2016 2681 2071 διὰ

1642 2099 1820 2167 μῆκος
1853 2099 2012 2166 ὁδοῦ.
2048 2100 2350 2170 ἐξάπαντος
2391 2108 2538 2178 τρεῖς
2587 2108 2682 2161 ἐπὶ

1637 2190 1698 2243 τὸ
1722 2192 1856 2245 αὐτὸ
1898 2193 2323 2266 συναγομένους,
2370 2199 2679 2271 συμψήφων

1638 2287 1950 2357 γενομένων
1990 2288 2087 2341 καὶ
2117 2287 2227 2343 τῶν
2277 2291 2547 2359 ἀπόντων,
2586 2298 2680 2351 καὶ

1640 2373 2039 2444 συντιθεμένων
2077 2374 2170 2429 διὰ
2194 2380 2561 2450 γραμμάτων,
2586 2384 2677 2436 τό-

1640 2480 1700 2515 τε
1720 2463 1819 2534 τὴν
1847 2465 2183 2536 χειροτονίαν
2205 2470 2499 2526 ποιεῖσθαι’
2530 2474 2592 2527 τὸ
2620 2476 2677 2530 δέ

1644 2552 1811 2626 κῦρος
1833 2555 1941 2615 τῶν
1971 2556 2274 2627 γινομένων
2323 2561 2564 2617 δίδοσθαι
2596 2567 2674 2630 είς

1640 2646 1877 2717 ἑκάστην
1906 2646 2175 2718 ἐπαρχίαν
2196 2647 2274 2718 τῷ
2304 2653 2676 2727 μητροπολίτῃ

1642 2737 1948 2807 ἐπισκόπῳ.

2110 2936 2188 2988 Ε’.

1633 3046 1776 3115 Περί
1815 3046 1935 3102 τῶν
1976 3047 2396 3116 ἀκοινωγήτων
2432 3052 2670 3123 γινομέ-

2077 3134 2219 3174 νων.

1702 3225 1836 3297 Περὶ
1883 3225 1992 3280 τῶν
2024 3225 2404 3299 ἀκοινωνήτων
2449 3232 2670 3303 γινομέ-

1636 3330 1765 3379 νων,
1794 3307 1906 3368 είτε
1933 3314 2041 3369 τῶν
2091 3318 2149 3371 ἐν
2185 3316 2263 3387 τῷ
2301 3318 2507 3389 κλήρῳ,
2555 3323 2667 3375 εἴτε

1631 3406 1751 3461 τῶν
1770 3408 1827 3459 ἐν
1850 3404 1927 3477 τῷ
1949 3404 2122 3478 λαϊκῷ
2143 3406 2404 3479 τάγματι,
2429 3411 2535 3464 ὑπὸ
2560 3411 2668 3465 τῶν

1631 3496 1753 3553 καθ’
1774 3494 2009 3571 exemp
2040 3501 2310 3571 ἐπαρχίαν
2328 3502 2663 3568 ἐπισκόπων,

1634 3589 1901 3661 κρατείτω
1925 3593 1956 3662 ἡ
1976 3591 2168 3662 γνώμη
2186 3592 2327 3646 κατά
2339 3592 2430 3646 τὸν
2446 3596 2663 3659 κανόνα,

1629 3681 1755 3744 τοὺς
1784 3682 1873 3750 ὑφ’
1905 3681 2105 3753 ἐτέρων
2121 3681 2550 3754 ἀποϐληθέντας,
2577 3683 2665 3753 ὑφ’

1634 3773 1835 3842 ἐτέρων
1888 3764 1983 3844 μῆ
2043 3773 2381 3845 προσίεσθαι.
2449 3776 2666 3842 Ἐξετα-

1634 3862 1814 3927 ζέσθω
1836 3863 1913 3929 δὲ,
1949 3864 2023 3935 μὴ
2062 3865 2416 3937 μικροψυχίᾳ,
2453 3865 2486 3937 ἢ
2517 3868 2658 3936 φιλο-

1631 3954 1891 4024 νεικίᾳ,ἧ
1942 3969 2047 4008 τινι
2101 3955 2326 4026 τοιαύτῃ
2362 3955 2523 4025 ἀηδίᾳ
2571 3956 2664 4009 τοῦ

1628 4046 1949 4108 ἐπισκόπου,
1973 4046 2391 4114 ἀποσυνάγωγοι
2409 4045 2666 4115 γεγένην-

1627 4151 1738 4188 ται.
1786 4134 1904 4188 Ἵνα
1921 4129 2012 4188 οὖν
2040 4134 2198 4189 τοῦτο
2221 4134 2319 4206 τὴν
2353 4134 2664 4204 πρέπουσαν

1628 4226 1876 4291 ἐξέτασιν
1937 4226 2189 4298 λαμϐάνῃ
2216 4267 2231 4291 ,
2289 4227 2469 4291 καλῶς
2514 4226 2659 4298 ἔχειν

1629 4316 1806 4381 ἔδοξεν
1844 4316 2074 4370 ἑκάστου
2104 4318 2348 4370 ἐνιαυτοῦ
2383 4317 2504 4372 καθ’
2527 4320 2658 4373 ἐκά-

1631 4412 1763 4479 στην
1812 4408 2078 4477 ἐπαρχίαν
2108 4408 2189 4471 δὶς
2232 4408 2325 4461 τοῦ
2347 4408 2499 4471 ἔτους
2538 4426 2663 4461 συν-

1632 4498 1783 4561 όδους
1832 4497 2075 4564 γίνεσθαι
2100 4537 2115 4562 ,
2148 4497 2235 4551 ίνα
2266 4500 2420 4568 κοινῇ
2446 4499 2661 4553 πάντων

1628 4590 1737 4644 τῶν
1770 4591 2086 4645 ἐπισκόπων
2119 4591 2218 4661 τῆς
2253 4592 2524 4663 ἐπαρχίας
2568 4595 2659 4646 ἐπὶ

1626 4681 1687 4734 τὸ
1719 4681 1850 4735 αὐτὸ
1888 4682 2291 4752 συναγομένων,
2321 4684 2390 4736 τὰ
2440 4683 2660 4738 τοιαῦτα

1631 4776 1921 4846 ζητήματα
1961 4774 2294 4840 ἐξετάζοιτο’
2349 4778 2441 4830 καὶ
2490 4777 2659 4843 οὕτως

1630 4866 1681 4918 οἱ
1697 4864 2139 4935 ὁμολογουμένως
2158 4868 2659 4937 προσκεκρουκότα.

1623 4956 1702 5026 τῷ
1735 4957 2016 5023 ἐπισκόπῳ
2048 4957 2190 5011 κατὰ
2219 4957 2375 5024 λόγον
2434 4958 2661 5010 ἀκοινώ-

1621 5061 1772 5116 νητοι
1803 5049 1953 5118 παρὰ
1999 5046 2216 5102 πάντων
2260 5043 2401 5100 εἶναι
2435 5048 2654 5116 δοκῶσι,

1626 5136 1823 5207 μέχρις
1847 5136 1912 5191 ἂν
1937 5136 2015 5207 τῷ
2047 5137 2210 5205 κοινῷ
2254 5138 2286 5207 ἢ
2324 5137 2401 5207 τῷ
2433 5140 2657 5194 ἐπισκό-

1620 5243 1709 5296 πῳ
1791 5226 1917 5299 δόξῃ
1981 5228 2081 5299 τὴν
2145 5229 2658 5304 φιλανθρωποτέραν

1619 5318 1749 5388 περὶ
1801 5318 1980 5372 αὐτῶν
2018 5319 2276 5373 ἐκθέσθαι
2330 5321 2528 5391 ψῆφον.
2591 5325 2657 5377 Ai

1619 5407 1676 5460 δέ
1696 5408 1901 5462 σύνοδοι
1932 5409 2285 5478 γινέσθωσαν,
2314 5412 2413 5482 μία
2441 5415 2658 5487 μὲνπρὸ

1620 5501 1719 5573 τῆς
1775 5502 2248 5571 Τεσσαρακοστῆς,
2325 5504 2412 5557 ἵνα
2473 5508 2657 5580 πάσης

594 5666 639 5700 "
663 5674 751 5729 At.
793 5673 866 5730 De
890 5676 1230 5732 ordinatione
1261 5679 1659 5745 episcoporum.
1736 5677 1781 5710 ⁷³
1802 5677 1885 5730 Al.
1921 5678 1991 5732 De
2025 5681 2607 5740 excommunicatione.

2781 466 2879 520 tuit
2909 469 3237 541 episcopum,
3267 474 3661 544 presbyterum,
3689 477 3798 531 dia-

2773 571 2966 612 conum
3015 570 3108 616 aut
3137 562 3302 616 ullunt
3335 562 3655 619 clericorum
3704 567 3795 620 lia-

2771 645 2900 704 bere
2972 664 3155 706 secum
3216 653 3497 709 mulierem
3558 654 3797 711 introdu-

2771 745 2909 790 ctam
2952 756 2968 797 :
3015 741 3115 794 nisi
3156 742 3292 796 forte
3318 753 3543 798 matrem
3586 745 3672 800 vel
3714 762 3797 802 so-

2769 842 2944 881 rorem
2988 830 3070 884 vel
3128 832 3387 899 amitam,
3446 835 3531 891 vel
3560 835 3791 907 denique

2768 928 2860 970 eas
2885 917 3027 972 solas
3057 933 3339 989 personas,
3375 936 3496 991 qua:
3521 924 3669 978 omni
3703 941 3791 979 suo

2766 1008 3005 1077 spicione
3031 1024 3217 1066 carere
3251 1010 3451 1067 solent.
3493 1013 3596 1080 Qui
3631 1028 3791 1071 secus

2766 1096 2919 1165 faxit,
2953 1100 3016 1154 de
3043 1098 3307 1171 dignitate
3333 1117 3435 1158 sua
3460 1105 3792 1174 periclitabi-

2765 1201 2870 1248 tur.

3233 1397 3320 1455 IV.

2922 1503 3001 1558 De
3037 1509 3369 1566 ordinatione
3392 1515 3645 1585 episwpi.

2828 1658 3151 1730 Episc0pum
3186 1676 3401 1733 oportet
3453 1669 3693 1724 maxime
3722 1672 3785 1723 ab

2757 1751 3010 1805 omnibus
3048 1753 3319 1824 episcopis
3355 1757 3447 1826 qui
3481 1759 3535 1812 in
3569 1762 3783 1827 provin-

2756 1840 2837 1894 cia
2870 1850 3015 1906 suut,
3062 1845 3321 1899 constitui
3355 1864 3368 1900 :
3416 1850 3559 1918 quod
3605 1851 3650 1905 si
3686 1852 3781 1906 hoc

2756 1928 2969 1986 diﬂicile
3005 1933 3090 1988 vel
3124 1934 3194 1990 ob
3229 1948 3507 2006 urgentem
3540 1939 3775 2010 aliquam

2757 2022 3159 2090 necessitatem,
3193 2027 3278 2081 vel
3310 2027 3381 2082 ob
3416 2028 3627 2087 itineris
3660 2033 3779 2087 lon-

2754 2109 3052 2178 gitudinem
3121 2114 3307 2180 fuerit,
3353 2127 3504 2174 certe
3557 2127 3666 2174 tres
3727 2124 3775 2174 iu

2754 2215 2918 2255 unum
2963 2202 3140 2259 locum
3186 2209 3595 2274 convenientes,
3619 2210 3775 2265 dum-

2756 2292 2914 2345 modo
2945 2295 3321 2351 consenserint
3350 2299 3441 2367 qui
3478 2300 3695 2365 absunt,
3725 2312 3776 2355 et

2756 2393 2850 2447 per
2872 2380 3076 2437 litteras
3119 2387 3559 2454 approbaverint,
3594 2404 3775 2443 manus

2756 2465 3156 2538 impositionem
3179 2472 3402 2530 faciant.
3427 2476 3775 2533 Coulirmatio

2752 2576 2883 2618 vero
2909 2579 3096 2620 eorum
3133 2583 3253 2638 qum
3283 2570 3418 2624 liunt
3450 2570 3503 2624 in
3554 2570 3773 2641 singulis

2751 2653 3068 2722 provinciis,
3101 2657 3219 2713 dari
3271 2660 3429 2715 debet
3451 2675 3483 2715 ι
3507 2671 3772 2733 metropo-

2750 2741 2917 2802 litano
2945 2748 3223 2820 episcOpo.

3229 2949 3293 3004 V.

2956 3053 3034 3109 De
3073 3064 3560 3119 exeommunicatis.

2812 3235 2889 3291 De
2945 3238 3015 3295 iis
3052 3242 3144 3311 qui
3194 3246 3743 3311 excommunicantur,

2740 3326 2854 3381 sive
2875 3328 2928 3382 in
2950 3329 3099 3386 clero
3133 3332 3267 3400 sint,
3300 3336 3469 3390 sivein
3490 3334 3752 3391 laieorum

2738 3418 2950 3486 ordine,
2978 3421 3047 3475 ab
3066 3421 3329 3493 cujusque
3349 3425 3629 3494 provincia:
3639 3428 3758 3496 epi-

2736 3515 2937 3583 scopis,
2982 3516 3226 3572 obtineat
3268 3519 3529 3574 sententia
3566 3534 3760 3575 secuit.

2739 3604 2865 3658 dum
2898 3620 3160 3662 canonem
3196 3607 3498 3677 jubentem,
3539 3611 3606 3665 ab
3634 3611 3760 3668 aliis

2738 3696 2939 3763 ejectos
2976 3698 3043 3754 ab
3057 3699 3181 3753 aliis
3196 3714 3300 3753 non
3318 3700 3547 3756 admitti.
3571 3703 3762 3771 Exqui-

2740 3799 2890 3841 ratur
2922 3801 3101 3843 autem
3132 3807 3260 3846 num
3288 3779 3605 3862 impotentia
3641 3796 3760 3849 aui-

2736 3879 2834 3942 mi,
2868 3888 2959 3933 aut
2985 3882 3302 3951 pertinacia,
3337 3895 3431 3939 aut
3454 3885 3632 3955 aliqua
3659 3887 3756 3941 alia

2737 3968 3103 4041 indignatione
3133 3976 3375 4047 episcopi
3405 3976 3518 4031 sint
3543 3991 3758 4031 excom-

2738 4062 3017 4117 municati.
3071 4063 3144 4120 Ut
3188 4065 3352 4133 igitur
3390 4066 3535 4123 istud
3567 4081 3758 4122 conve-

2738 4156 2919 4211 niente
2987 4159 3338 4228 inquisitione
3396 4162 3756 4227 examinetur,

2738 4256 2881 4302 recte
2907 4248 3109 4316 placuit
3141 4252 3432 4319 quotannis
3458 4266 3555 4321 per
3576 4252 3757 4321 singu-

2736 4334 2816 4392 las
2849 4339 3150 4406 provincias
3181 4340 3262 4395 bis
3289 4341 3341 4395 in
3367 4356 3511 4395 anno
3530 4342 3759 4412 synodos

2736 4425 2875 4492 fieri,
2939 4437 2996 4482 ut
3037 4429 3288 4484 omnibus
3335 4431 3625 4499 provinciae
3648 4431 3759 4498 epi-

2732 4518 2908 4586 scopis
2940 4519 3098 4573 simul
3135 4521 3188 4573 in
3231 4536 3395 4575 unum
3424 4522 3602 4577 locum
3627 4537 3755 4576 con-

2735 4609 3090 4677 venientibus,
3109 4610 3415 4678 huiusmodi
3431 4614 3758 4682 qtta'stiones

2732 4699 3092 4766 excutiantur,
3152 4711 3207 4755 et
3259 4703 3331 4756 ita
3391 4704 3607 4757 demum
3665 4705 3754 4770 qui

2734 4787 3019 4843 manifeste
3043 4790 3359 4859 episcopum
3403 4791 3751 4857 offenderint,

2731 4880 2925 4935 merito
2975 4883 3116 4951 apud
3150 4897 3343 4938 omnes
3391 4887 3757 4938 excommuni-

2729 4971 2836 5023 οτιιί
2896 4973 3217 5036 habeantur,
3255 4974 3428 5029 donec
3481 4976 3753 5029 communi

2731 5063 3105 5129 episcoporum
3153 5064 3340 5128 cmtui,
3381 5066 3464 5119 vel
3503 5065 3751 5133 privatim

2731 5149 2829 5217 ipsi
2861 5152 3132 5221 episcopo,
3164 5155 3337 5209 visum
3367 5154 3527 5209 fuerit
3562 5156 3751 5208 Imma—

2730 5241 2936 5295 niorem
2966 5244 3033 5298 de
3067 5244 3195 5312 ipsis
3225 5244 3372 5300 ferre
3405 5247 3751 5301 sententiam.

2732 5326 2934 5398 Synodi
2967 5342 3145 5386 autem
3196 5334 3346 5398 ﬁant,
3393 5349 3499 5388 una
3536 5332 3754 5403 quidem

2730 5428 2856 5474 ante
2884 5420 3379 5491 Quadragesimam,
3418 5434 3477 5478 ut
3502 5423 3649 5478 omni
3680 5424 3751 5475 si-

2731 5509 2951 5567 multate
2979 5510 3243 5583 deposita,
3268 5512 3467 5568 donum
3491 5512 3753 5568 mundum
