4038 6148
425 388 559 455 1325

1300 394 1670 457 HISTORIA
1707 395 2038 458 CONCILH
2078 395 2383 460 NICENI.
2425 425 2495 437 --
2528 401 2684 462 LIB.
2725 399 2812 495 II.

3540 396 3677 463 13%

423 518 603 561 autem
624 506 862 563 concilia
892 506 1299 575 semel'quidcm
1333 519 1460 565 ante
1537 512 1902 583 μικροψυχίας
1929 515 2018 570 ἀνα

2081 500 2351 589 δουμένης,
2383 517 2444 571 τὸ
2472 516 2577 572 δῶ-
2649 518 2911 574 oiteratur
2940 517 3050 575 Deo
3087 532 3102 573 :
3134 517 3305 573 altera
3352 529 3482 573 vero
3524 519 3676 575 circa

421 597 537 651 dies
560 595 1025 668 Quadragesimaa;
1055 609 1115 669 ut
1138 599 1387 656 omnibus
1412 600 1457 654 si
1534 618 1627 672 ρον
1650 603 1888 675 καθαρὸν
1918 624 2016 678 πρε

1559 618 1627 655 ιον
1650 603 1888 675 καθαρὸν
1918 609 2294 681 προσφέρηται
2326 609 2405 680 τῷ
2433 606 2573 679 Θεῷ·
2652 618 2863 680 tempus
2888 610 3154 666 autumni.

418 701 545 756 qua!
580 698 708 745 sunt
733 691 1097 750 simultatibus
1140 694 1456 764 amputatis,

423 781 680 834 mundum
718 781 958 838 solemne
991 782 1099 840 Deo
1117 798 1315 839 munus
1337 798 1461 854 pos-

419 872 492 926 sit
544 871 747 930 oﬂ'erri.
804 876 1112 933 Secundum
1169 892 1299 935 vero
1369 878 1460 933 ﬁat

419 963 565 1016 circa
598 971 809 1032 tempus
834 966 1096 1021 autumni.

896 1074 986 1135 Vl;

423 1188 471 1219 "
503 1188 657 1255 Quod
682 1189 941 1262 Ecclesia
987 1191 1228 1247 Romam:
1264 1209 1461 1262 semper

669 1261 855 1314 habuit
898 1263 1206 1330 primatum.

506 1489 709 1549 Teneat
735 1504 916 1553 autem
943 1512 1149 1553 morem
1178 1502 1460 1572 antiquum

422 1588 776 1661 etJEgyptns,
798 1593 882 1648 vel
904 1591 1091 1664 Libya,
1117 1605 1171 1650 et
1197 1596 1463 1666 Pentapo-

429 1684 539 1739 lis:
580 1686 651 1739 ita
696 1694 754 1740 ut
791 1689 1076 1758 episcOpns
1124 1691 1462 1748 Alexandria:

426 1775 615 1829 harum
651 1778 892 1831 omnium
954 1779 1156 1835 habeat
1211 1790 1457 1851 potesta-

424 1874 533 1918 tem
557 1882 575 1929 ;
600 1869 854 1936 quoniam
871 1877 925 1923 et
942 1866 1464 1942 Romanoepiscopo

422 1956 538 2012 haec
587 1966 673 2012 est
748 1961 1107 2016 consuetudo.
1201 1961 1464 2019 Similiter

426 2059 603 2103 autem
634 2058 689 2105 et
713 2051 804 2119 qui
839 2052 893 2105 in
920 2053 1209 2109 Antiochia
1238 2054 1469 2112 consti-'

428 2148 573 2196 tutus
594 2149 698 2198 est.
718 2145 907 2212 Itaque
934 2154 989 2198 et
1022 2145 1074 2199 in
1099 2147 1312 2202 caeteris
1339 2162 1463 2216 pro-

428 2231 620 2287 vinciis
643 2234 923 2305 privilegia
953 2236 1100 2290 salva
1125 2237 1246 2292 sint
1274 2238 1460 2295 Eccle-

426 2323 653 2379 siarnm.
672 2323 906 2380 Omnino
917 2337 1096 2381 autem
1111 2328 1460 2383 manifestum

420 2412 494 2466 sit
522 2416 621 2467 hoc
656 2431 679 2467 τ
712 2414 856 2484 quod
885 2416 930 2470 si
977 2415 1099 2485 quis
1129 2427 1329 2486 praeter
1359 2433 1453 2474 vo-

423 2501 687 2557 luntatem
789 2506 1192 2575 metrOpolitani
1293 2506 1459 2562 fuerit

414 2594 713 2664 episcopus
741 2597 1042 2663 ordinatus,
1101 2599 1247 2655 hunc
1273 2603 1463 2656 statuit

423 2687 546 2739 haec
601 2696 787 2741 sancta
823 2690 1057 2758 synodus
1109 2704 1217 2745 non
1265 2691 1464 2747 debere

426 2790 551 2831 esse
589 2776 922 2845 episcopum.
953 2778 1096 2833 Sane
1129 2781 1176 2835 si
1219 2795 1461 2837 commu-

426 2866 478 2919 ni
501 2867 741 2920 omnium
773 2883 1039 2924 consensu
1068 2871 1462 2927 rationabiliter

427 2954 634 3020 habito,
688 2965 742 3009 et
781 2959 1073 3013 secundum
1116 2961 1453 3017 ecclesiasti-

422 3064 544 3103 cam
591 3052 830 3120 regulam
893 3054 1036 3108 facto
1069 3056 1312 3119 decreto,
1356 3058 1462 3112 duo

424 3139 588 3209 aliqui
630 3149 724 3196 aut
771 3152 880 3199 tres
909 3158 1007 3213 per
1050 3149 1458 3202 contentionem

420 3245 576 3283 suam
655 3235 1122 3304 contradixerint,
1218 3236 1460 3292 obtineat

423 3324 691 3378 sententia
726 3323 1103 3395 plurimorum.

882 3436 997 3494 VII.

414 3545 469 3579 ’⁷⁵
523 3547 598 3603 De
702 3550 905 3633 honore
987 3551 1457 3634 Hierosolymitani

824 3637 1070 3690 episcopi.
1427 3649 1436 3659 -

488 3733 764 3801 Quoniam
828 3737 1095 3808 antiquus
1148 3752 1263 3793 mos
1318 3738 1461 3794 obti-

419 3826 572 3892 nuit,
649 3836 703 3880 et
765 3833 978 3881 vetusta
1064 3827 1318 3890 traditio,
1403 3836 1459 3881 ut

425 3914 617 3982 Ailim,
680 3916 731 3969 id
789 3925 895 3982 est,
964 3915 1457 3985 Hierosolymorum

426 4007 677 4074 episcopo
703 4006 1004 4071 deferatur,
1040 4006 1237 4061 habeat
1266 4021 1458 4061 conse-

422 4105 655 4165 quenter
713 4098 994 4151 honorem.
1049 4096 1461 4165 Metropolitano

433 4207 531 4246 suo
565 4193 802 4263 dignitas
834 4192 982 4247 salta
1013 4192 1104 4247 sit.

882 4304 1015 4361 Vlll.

430 4413 477 4445 "
512 4414 585 4468 De
624 4416 703 4469 his
726 4417 813 4479 qui
846 4415 1097 4469 dicuntur
1125 4418 1330 4482 mundi,
1356 4433 1459 4486 quo

602 4502 785 4556 genere
814 4486 1133 4553 suscipiendi
1151 4488 1277 4539 sint.

504 4597 580 4652 De
603 4600 687 4653 his
717 4598 808 4667 qui
839 4598 1046 4666 seipsos
1075 4597 1344 4652 Catharoa
1363 4637 1379 4663 ,
1410 4597 1459 4651 id

430 4700 515 4743 est
534 4689 779 4755 Mundus,
814 4701 1030 4756 vocant,
1050 4687 1101 4743 si
1119 4689 1209 4757 qui
1238 4689 1458 4742 veniant

432 4779 499 4830 ad
533 4775 830 4831 Ecclesiam
890 4776 1230 4842 catholicam,
1258 4776 1459 4844 placuit

433 4877 621 4921 sancto
657 4867 889 4922 concilio
925 4877 982 4921 ut
1031 4867 1370 4927 ordinentur.
1405 4878 1460 4921 et

431 4957 512 5010 sic
547 4968 802 5011 maneant
828 4958 880 5010 in
905 4957 1071 5011 clero.
1106 4955 1248 5009 Ante
1277 4956 1460 5009 onmia

433 5059 563 5098 vero
594 5046 696 5100 hoc
727 5061 820 5099 eos
849 5060 943 5114 per
972 5045 1297 5112 scripturam
1332 5058 1463 5099 con-

434 5137 578 5189 venit
628 5137 910 5205 proﬁteri;
969 5145 1027 5189 ut
1082 5137 1348 5188 fateantur
1398 5150 1462 5193 se

432 5241 553 5280 cum
590 5230 737 5282 onini
769 5244 1037 5284 consensu
1074 5229 1464 5283 observaturos

431 5318 712 5371 catholicae
777 5326 831 5373 et
893 5320 1203 5387 apostolicae
1258 5325 1457 5371 statuta

1530 690 1760 765 δευτέρα
1788 695 1845 748 δὲ
1870 698 1998 768 περὶ
2022 699 2116 753 τὸν
2136 700 2229 755 τοῦ
2250 700 2572 773 μετοπώρου

1532 782 1746 854 καιρόν.

1533 1188 1673 1257 Περὶ
1700 1185 1826 1263 τῶν
1863 1190 2197 1263 *ἐξαιρέςων
2249 1193 2457 1263 τιμῶν,
2504 1194 2569 1249 αἳ

1602 1259 1757 1332 πρὸς
1782 1260 1945 1332 τοὺςλ
1968 1259 2245 1330 μείζονας
2279 1259 2573 1332 κυϐερνῶ-

1593 1344 1709 1381 ’σιν
1725 1329 2102 1403 ἐξεισζκόπους
2125 1333 2236 1403 (‘27)
2252 1329 2575 1403 ἑκκλήσια-

1590 1399 1824 1465 ηστικῶς
1847 1399 2363 1470 ἑκανονιοέθηὶταν.

1604 1514 1685 1567 Τὰ
1714 1514 1919 1586 ἀρχαῖα
1951 1516 2047 1588 ἔθη
2085 1517 2390 1588 κρατείτω,
2420 1517 2490 1572 τὰ
2518 1520 2574 1572 ὲν

1532 1605 1795 1678 Αἰγύπτῳ
1839 1607 1935 1662 καὶ
1970 1607 2198 1673 Λιϐύαις
2239 1610 2334 1662 καὶ
2370 1610 2577 1664 Πεντα-

1533 1697 1706 1757 πόλει.
1762 1696 1904 1751 ὥστε
1951 1698 2043 1753 τὸν
2088 1700 2146 1752 ὲν
2204 1699 2579 1773 Ἀλεξανδρείᾳ

1535 1787 1834 1841 ἐπίσκοπον
1862 1789 2081 1843 πάντων
2113 1788 2259 1860 ἔχειν
2298 1791 2398 1863 τὴν
2438 1791 2580 1856 ἐξου-

1533 1878 1678 1944 σίαν,
1739 1880 1926 1951 ἐπειδὴ
1997 1882 2093 1934 καὶ
2143 1881 2222 1953 τῷ
2271 1885 2330 1937 ὲν
2392 1882 2577 1956 Ῥώμῃ

1536 1970 1823 2040 ὲπισκόπῳ
1885 1971 2045 2026 τοῦτο
2115 1971 2348 2043 σύνηθές
2407 1976 2575 2029 ἐστιν.

1547 2057 1783 2130 Ὁμοίως
1815 2060 1873 2114 δὲ
1907 2063 2002 2118 καὶ
2054 2063 2197 2117 κατὰ
2225 2063 2326 2136 τὴν
2372 2063 2576 2118 Ἀντιό-

1531 2168 1709 2222 χειαν,
1737 2153 1831 2206 καὶ
1854 2154 1912 2207 ἐν
1936 2155 2059 2219 ταῖς
2080 2154 2268 2219 ἄλλαις
2289 2155 2580 2227 ἐπαρχίαις

1531 2242 1602 2296 τὰ
1625 2244 1894 2313 πρεσϐεῖα
1916 2243 2185 2309 σώζεσθαι
2210 2247 2329 2310 ταῖς
2358 2246 2580 2320 Ἐκκλη-

1533 2335 1696 2399 σίαις.
1726 2337 1974 2391 Καθόλου
2003 2337 2060 2391 δὲ
2090 2337 2360 2410 πρόδηλον
2381 2341 2577 2406 ἐκεῖνο,

1531 2428 1612 2481 ὅτι
1638 2428 1691 2480 ετ
1729 2444 1815 2489 τις
1869 2428 2039 2499 χωρὶς
2081 2430 2307 2499 γνώμης
2344 2429 2440 2484 τοῦ
2468 2448 2581 2502 ⁶μη-

1531 2518 1856 2592 τροπολίτου
1888 2521 2101 2590 γένοιτο
2126 2523 2457 2588 ἐπίσκοπος,
2487 2523 2579 2577 τὸν

1535 2612 1775 2667 τοιοῦτον
1794 2614 1835 2684 ἡ
1864 2614 2081 2677 σύνοδος
2102 2615 2139 2680 ἡ
2164 2614 2380 2685 μεγάλη
2410 2613 2579 2686 ὥρισε

1537 2703 1610 2775 μὴ
1643 2703 1754 2757 δεῖν
1786 2701 1922 2758 εἶναι
1956 2704 2257 2759 ἐπίσκοπον
2285 2720 2297 2734 ’
2330 2704 2427 2759 ἐὰν
2461 2707 2581 2776 μέν·

1533 2811 1616 2849 τοι
1645 2798 1712 2866 τῇ
1739 2797 1894 2868 κοινῇ
1929 2795 2150 2851 πάντων
2175 2797 2343 2868 ψήφῳ
2373 2797 2580 2869 εὐλόγῳ

1522 2884 1669 2956 οὔσῃ
1700 2888 1795 2940 καὶ
1822 2886 1964 2941 κατὰ
2010 2889 2101 2941 τὸν
2138 2889 2342 2943 κανόνα
2370 2888 2462 2941 τὸν
2488 2890 2579 2942 ὲκ-

1532 2978 1938 3050 κλησιοιστικὸν,
1958 2978 2095 3052 δὺοῆ
2118 2983 2267 3050 τρεῖς
2286 2981 2353 3033 δι’
2373 2978 2579 3034 οἰκείαν

1534 3070 1870 3143 φιλονεικίαν
1920 3071 2266 3140 ἀντιλέγουσι,
2307 3072 2578 3144 κρατείτω

1530 3159 1564 3225 ἡ
1594 3157 1702 3211 τῶν
1730 3158 1997 3213 πλειόνων
2020 3158 2225 3229 ψῆφος,

2013 3442 2088 3496 Z'.

1557 3557 1698 3626 Περὶ
1724 3556 1833 3611 τοῦ
1871 3556 2133 3623 ἐνΑῑλίᾳ
2178 3554 2546 3613 ἐπισκόπου.

1613 3730 1837 3800 Ἐπειδὴ
1905 3726 2161 3798 συνήθεια
2229 3729 2572 3801 κεκράτηκε,

1531 3822 1626 3874 καὶ
1660 3821 1960 3891 παράδοσις
1988 3880 1993 3885 λ
2020 3818 2245 3890 ἀρχαία,
2296 3818 2436 3871 ὥστε
2485 3820 2576 3873 τὸν

1532 3912 1591 3963 ἐν
1676 3912 1837 3981 Alitis}.
1921 3909 2219 3963 ἐπίσκοπον
2284 3909 2573 3977 τιμᾶσθαι,

1529 4003 1702 4072 ἐχέτω
1742 4001 1840 4071 τὴν
1885 4001 2211 4055 ἀκολουθίαν
2248 4001 2348 4070 τῆς
2386 4001 2572 4070 τιμῆς.

1536 4098 1603 4167 τῇ
1655 4096 1986 4167 μητροπόλει
2029 4076 2337 4164 σώζομένου
2379 4095 2472 4148 τοῦ
2499 4096 2576 4147 οἰ-

1535 4186 1683 4240 κείου
1710 4185 2043 4256 ἀξιώματος.

2013 4296 2095 4350 H'.

1584 4412 1723 4481 Περέ
1748 4409 2194 4480 ὀνομαζομένου·
2214 4406 2519 4478 Καθαρᾶη·.

1600 4589 1743 4658 Περὶ
1760 4588 1870 4639 τῶν
1896 4585 2123 4648 ἑαυτοὺς
2157 4584 2256 4655 μὲν
2282 4583 2574 4654 ὀνομαζόνα

3126 1074 3217 1131 V1.

2645 1188 2724 1244 De
2750 1190 3030 1265 prwcipuia
3057 1191 3345 1265 honoribus
3370 1195 3459 1265 qui
3482 1194 3677 1263 majori

2716 1262 2956 1332 episcopo
3005 1263 3061 1316 in
3095 1262 3473 1332 gubernatione
3513 1262 3676 1319 eccle-

2715 1331 2931 1385 u’astica
2952 1331 3153 1388 decreti
3180 1342 3327 1388 sunt.

2721 1514 2990 1584 Antiqnus
3046 1529 3165 1572 mos
3238 1515 3417 1571 valeat
3482 1516 3574 1587 qui
3624 1518 3678 1573 in

2651 1608 2884 1681 Egypto
2921 1621 3024 1677 est,
3058 1611 3236 1684 Libya
3280 1622 3343 1668 et
3370 1612 3679 1685 Pentapoli,

2652 1711 2710 1755 nt
2726 1702 3128 1760 Alexandrinus
3142 1708 3679 1775 episcopummnium

2650 1799 2975 1860 potestatem
3029 1793 3257 1860 habeat,
3323 1796 3582 1865 quoniam
3612 1809 3673 1853 et

2652 1880 2803 1934 urbis
2841 1878 3035 1936 Roma
3066 1882 3332 1952 episcopo
3357 1893 3680 1939 consuetum

2653 1970 2755 2025 hoc
2788 1981 2892 2027 est.
2943 1971 3207 2028 Similiter
3235 1984 3411 2027 autem
3440 1982 3505 2030 et
3529 1975 3683 2047 apud

2651 2061 2992 2118 Antiochiam
3024 2072 3080 2120 et
3110 2073 3335 2121 ceteras
3374 2066 3683 2135 provincias

2651 2155 2942 2224 unicuique
2994 2169 3127 2212 suus
3187 2166 3435 2212 servetur
3475 2159 3680 2218 honor.

2628 2247 2785 2339 ‘lllud
2808 2251 3027 2307 omnino
3044 2252 3391 2308 manifestum
3411 2263 3516 2320 est,
3541 2258 3684 2325 quod

2652 2340 2698 2395 si
2726 2341 2848 2409 quis
2893 2353 3093 2412 praeter
3119 2344 3444 2400 sententiam
3480 2356 3683 2404 metro-

2654 2429 2833 2496 politte
2891 2429 3068 2488 tactus
3140 2432 3301 2488 fuerit
3356 2435 3678 2506 episcopus,

2645 2518 2796 2577 hunc
2830 2535 3023 2594 magna
3053 2525 3296 2595 synodus
3331 2527 3542 2581 censuit
3573 2543 3682 2584 non

2651 2622 2903 2681 oportere
2934 2629 3055 2671 esse
3082 2615 3391 2686 episcopum
3418 2634 3433 2672 :
3468 2618 3514 2674 si
3549 2634 3682 2675 vero

2651 2703 2925 2759 communi
2955 2706 3195 2761 omnium
3251 2706 3530 2779 suﬂragio,
3583 2725 3680 2767 eo-

2650 2810 2755 2866 que
2767 2797 2913 2862 justo
2929 2799 3682 2859 secundum-ecclesiasticum

2651 2901 2909 2943 canonem
2936 2892 3682 2960 comprobato,.contradixe-

2650 2976 2757 3032 rint
2788 2982 2895 3034 duo
2924 2988 3017 3035 aut
3051 2991 3163 3036 tres
3192 2983 3411 3053 propria
3439 2984 3682 3053 pertina-

2649 3068 2731 3124 cia
2791 3069 3017 3135 inducti,
3083 3070 3259 3127 valeat
3314 3073 3679 3149 plurimorum

2648 3161 2938 3220 sententia.

3096 3443 3213 3501 “VII.

2874 3557 2957 3612 De
2994 3556 3162 3614 Αῑίὶιε
3178 3558 3450 3630 episcopo.

2719 3734 2988 3802 Quoniam
3049 3739 3383 3794 consuetudo
3438 3739 3673 3797 obtinuit

2649 3835 2702 3878 et
2734 3827 2956 3894 antiqua
2995 3826 3233 3892 traditio,
3285 3836 3345 3882 ut
3369 3827 3526 3886 Elite
3557 3834 3669 3902 epi-

2653 3927 2851 3982 scopus
2884 3915 3200 3981 honoretnr,
3255 3917 3451 3974 habeat
3500 3924 3681 3992 proxi-

2656 4018 2801 4057 mum
2832 4005 3057 4074 gradum
3093 4005 3336 4073 honoris,
3367 4010 3515 4065 salva
3551 4028 3678 4082 pro-

2648 4092 2763 4161 pria
2797 4093 3056 4162 dignitate
3087 4096 3414 4166 metropolis.

3096 4292 3239 4350 νιιι.

2648 4404 2726 4460 De
2745 4406 2817 4461 iis
2846 4406 2943 4477 qui
2967 4408 3478 4490 tsocanturCathari,
3505 4409 3565 4464 id
3602 4422 3679 4467 ut

3084 4493 3226 4547 pun.

2723 4592 2797 4647 De
2826 4591 2894 4646 iis
2926 4592 3019 4662 qui
3075 4607 3135 4647 se
3192 4592 3484 4662 aliquando
3511 4607 3675 4647 voca-

1527 4697 1633 4737 των
1650 4677 1939 4750 Καθαρούς
1957 4693 2109 4743 ποτε,
2126 4676 2582 4746 προσερχομένων
2654 4693 2779 4739 runt
2827 4683 3112 4745 Catharos,

2077 4676 2582 4746 ;,προσερχομένων
2654 4693 2779 4739 runt
2827 4683 3112 4745 Cathuros,
3145 4697 3267 4738 cum
3321 4684 3391 4738 ad
3432 4692 3672 4739 sanctam

1529 4773 1586 4825 δὲ
1643 4774 1708 4843 τῇ
1757 4770 2036 4841 ἁγιωτάτῃ
2101 4766 2431 4837 ἀποστολικῇ
2485 4768 2577 4820 καὶ

1533 4863 1795 4933 καθολικῇ
1839 4861 2158 4931 Ἐκκλησία,
2178 4859 2321 4924 ἔδοξε
2342 4863 2409 4930 τῇ
2442 4860 2574 4931 ἁγίᾳ

1535 4955 1628 5007 καὶ
1659 4952 1870 5022 μεγάλῃ
1901 4951 2120 5021 συνόδῳ,
2153 4949 2293 5003 ὥστε
2333 4966 2574 5020 χειροτο-

1536 5041 1830 5112 νουμένους
1862 5039 2060 5102 αὐτοὺς
2094 5038 2263 5101 οὕτως
2299 5039 2482 5108 μένειν
2516 5039 2573 5092 ἐν

1535 5134 1612 5203 τῷ
1634 5133 1841 5202 κλήρῳ.
1872 5130 1988 5200 Πρὸ
2004 5129 2262 5183 ἁπάντων
2286 5129 2343 5181 δὲ
2373 5129 2579 5182 τούτων

1535 5222 1868 5294 ὁμολογῆσαι
1884 5221 2080 5281 αὐτοὺς
2098 5219 2387 5290 ἐγγράφως
2405 5237 2576 5289 προσ-

1535 5314 1678 5383 ήκει,
1741 5313 1822 5364 ὅτι
1881 5310 2235 5379 συνθήσονται
2284 5311 2380 5363 καὶ
2439 5312 2572 5364 ἁκο-

2651 4775 2974 4830 catholicam
3018 4782 3074 4828 et
3111 4773 3461 4843 apostolicam
3484 4773 3673 4829 Eccle-

2645 4866 2784 4919 siam
2831 4865 3105 4929 venerint,
3152 4864 3349 4932 placuit
3396 4875 3588 4918 sancto
3619 4872 3674 4917 et

2649 4970 2842 5025 magno
2911 4955 3172 5020 concilio,
3247 4967 3306 5009 ut
3371 4967 3561 5007 manus
3606 4952 3675 5007 iis

2648 5045 3017 5119 imponantur,
3090 5055 3146 5099 et
3196 5045 3276 5100 sic
3326 5052 3580 5098 maneant
3618 5041 3672 5097 in

2650 5135 2819 5190 clero.
2855 5138 2992 5190 Ante
3018 5136 3199 5189 omnia
3248 5133 3490 5204 proﬁteri
3532 5134 3674 5200 ipsos

2648 5227 2851 5294 scripto
2872 5235 3108 5296 oportet,
3134 5227 3276 5294 quod
3311 5225 3675 5279 observabant

2643 5322 2699 5366 et
2733 5322 3025 5380 sequentur
3047 5312 3330 5366 catholica:
3359 5319 3415 5364 et
3460 5316 3674 5376 aposto-

432 5406 687 5461 Ecclesia:
712 5446 729 5473 ,
772 5409 823 5462 id
861 5418 945 5462 est
971 5446 987 5471 ,
1024 5407 1458 5464 communicatu-
1531 5404 1856 5474 λουθήσουσι
1918 5404 2027 5465 τοῖς

2102 5402 2201 5471 τῆς
2276 5401 2570 5471 καθολικῆς
2646 5403 2762 5457 licae
2800 5401 3056 5456 Ecclesiae
3103 5401 3386 5471 dogmata,
3416 5400 3516 5454 hoc
3547 5408 3625 5451 est
3650 5439 3667 5464 ,

505 5560 551 5591 "
575 5561 659 5614 Αι.
693 5560 769 5615 De
796 5560 1088 5630 privilegiis
1116 5576 1233 5627 quae
1264 5559 1583 5627 quibusdam
1607 5555 1916 5630 civitatibus
1948 5562 2280 5624 competunt.
2358 5556 2406 5586 '”
2429 5557 2515 5607 ΑΙ.
2554 5556 2627 5609 De
2660 5556 2912 5625 episcorio
2943 5554 3119 5619 IEliat,
3146 5555 3331 5624 idest,
3359 5554 3670 5623 Hierosoly-

435 5643 665 5684 morum.
736 5626 893 5685 τσἈί.
929 5626 1109 5684 υεῖῒιὶδ
1135 5626 1226 5697 qui
1259 5626 1317 5683 se
1356 5630 1630 5683 nominant
1658 5626 1938 5681 Catharos.

506 5762 620 5834 (27)
660 5762 753 5818 Vel
782 5765 980 5834 potius,
1017 5767 1072 5817 αῖ
1104 5765 1214 5826 τοῖς
1244 5762 1494 5833 μείζονας
1520 5759 1859 5828 κυϐερνῶσιν
1886 5760 2101 5811 ἱπισκοτ

810 5765 980 5831 otius,
1017 5767 1072 5817 αῖ
1104 5765 1214 5826 τοῖς
1244 5762 1494 5833 μείζονας
1520 5759 1859 5828 κυϐερνῶσιν
1886 5758 2208 5821 ἱπισκοπάς.
2242 5756 2405 5811 Hann.
