4038 6148
436 387 569 452 1327
1404 454 1412 461 .

438 512 528 553 ros
589 511 648 551 se
684 497 789 559 his,
848 496 937 566 qui
994 495 1130 548 forte
1196 494 1460 547 secandus

439 588 653 658 nuptias
675 588 881 657 experti
929 593 1078 650 sunt,
1109 585 1190 639 vel
1239 584 1321 639 his
1367 587 1455 654 qui

435 676 829 746 persecutionis
852 682 1093 742 tempore
1118 673 1249 742 lapsi
1295 684 1456 728 sunt:

433 767 633 835 quibus
678 774 854 818 tamen
892 764 1221 833 paenitentiae
1270 766 1459 818 modus

431 866 488 911 et
519 867 727 924 tempus
780 864 1078 923 sequantur
1133 869 1197 909 ea
1243 868 1362 923 quae
1406 854 1457 907 in

433 947 699 1003 catholica
778 955 833 1000 et
895 946 1190 1014 apostolica
1258 947 1458 1000 obser-

432 1049 626 1095 vantur
682 1038 945 1093 Ecclesia.
1022 1036 1204 1092 Sicubi
1293 1038 1456 1104 igitur

428 1135 514 1191 vel
562 1137 615 1191 lu
674 1133 805 1189 vicis
869 1132 955 1187 vel
1002 1132 1053 1186 in
1099 1130 1321 1187 urbibus
1359 1130 1455 1183 soli

416 1226 532 1298 .ipsi
583 1223 782 1296 reperti
840 1222 1039 1277 fuerint
1088 1221 1342 1285 ordinati,
1405 1221 1458 1275 hi

430 1322 522 1392 qui
577 1321 926 1377 inveniuntur
976 1317 1029 1372 in
1086 1317 1253 1382 clero,
1303 1316 1354 1369 in
1395 1331 1459 1370 eo

426 1421 804 1484 permaneant.
834 1407 891 1464 Si
913 1423 1040 1464 vero
1062 1409 1345 1478 episcopus
1376 1407 1454 1463 vel

428 1504 709 1573 presbyter
750 1498 1033 1554 catholica:
1061 1497 1317 1553 Ecclesia:
1350 1497 1460 1551 fue-

433 1592 528 1659 rit,
572 1593 639 1647 ad
669 1605 829 1660 quem
874 1590 1037 1660 aliqui
1065 1604 1131 1644 ex
1178 1588 1265 1642 his
1299 1603 1450 1642 acce-

432 1684 609 1741 dunt:
641 1688 853 1736 certum
889 1689 971 1735 est
1006 1680 1149 1747 quod
1176 1680 1457 1746 episcopus

433 1769 689 1826 Ecclesia:
718 1767 914 1822 habeat
939 1780 1090 1821 suam
1119 1765 1453 1835 dignitatem.

436 1859 697 1915 Similiter
714 1867 768 1913 et
808 1856 1089 1927 presbyter
1115 1863 1171 1908 et
1200 1855 1456 1909 diaconus

412 1949 649 2013 debent.
683 1947 751 2004 Hi
791 1960 921 2002 vero
963 1945 1055 2013 qui
1096 1944 1162 1997 ab
1205 1943 1321 1998 istis
1361 1957 1456 1998 ve-

415 2043 605 2105 niunt,
663 2039 707 2093 si
761 2036 898 2091 forte
928 2035 1214 2104 episcOpus
1268 2031 1452 2099 fuerit,

430 2132 627 2187 habeat
701 2127 1000 2199 presbyteri
1074 2126 1453 2196 dignitatem:

426 2222 535 2279 nisi
566 2218 938 2290 forteplaceat
974 2218 1230 2287 episcopo
1258 2216 1454 2271 catho-

408 2316 537 2377 ,lico
568 2313 867 2372 concedere
899 2311 949 2366 ei
979 2311 1145 2366 etiam
1172 2310 1458 2381 episcopa-

429 2403 497 2460 lis
528 2401 759 2469 nominis
790 2402 1070 2457 honorem.
1103 2400 1160 2455 Si
1193 2414 1318 2453 vero
1350 2412 1455 2454 non

424 2476 716 2566 placuerit,
741 2493 979 2548 inveniat
1007 2491 1054 2545 ei
1075 2489 1273 2555 locum,
1308 2498 1367 2542 ut
1389 2487 1458 2542 sit

431 2586 489 2641 in
552 2584 808 2655 parochia
883 2581 1308 2650 chorepiscopus
1367 2586 1457 2633 aut

412 2676 740 2746 presbyter,
796 2673 1090 2727 dummodo
1141 2683 1459 2741 permanere

436 2765 682 2821 videatur
728 2763 784 2818 iu
814 2762 961 2819 clero
991 2780 1004 2816 :
1051 2771 1106 2817 et
1164 2776 1230 2817 ne
1263 2761 1315 2815 in
1352 2774 1457 2815 una

432 2860 652 2917 civitate
670 2859 774 2916 duo
800 2858 911 2915 sint
938 2857 1197 2928 episcopi.

902 3015 993 3071 IX.

435 3129 480 3163 ⁷⁷
524 3128 600 3184 De
652 3127 733 3183 his
780 3127 869 3197 qui
919 3124 1267 3180 incxamiuati
1319 3124 1467 3179 ordi-

837 3204 1050 3251 nantur.

503 3308 563 3367 Si
601 3310 693 3382 qui
741 3308 863 3365 sine
904 3305 1303 3363 examinatione
1334 3317 1460 3374 pro-

1663 374 1967 447 GELASII
2007 388 2351 447 CYZICENI

1535 494 1625 547 καὶ
1643 494 2011 564 ἀποστολικῆς
2042 494 2370 564 Ἐκκλησίας
2388 495 2588 566 δόγμα-

1535 602 1609 651 σι,
1641 586 1787 639 τοῦτ’
1819 586 1938 640 ἔστι
1975 587 2231 659 διγάμοις
2279 588 2580 654 κοινωνῶν,

1532 677 1626 729 καὶ
1655 678 1768 739 τοῖς
1797 678 1856 729 ὲν
1908 677 1989 746 τῷ
2044 678 2279 749 διωγμῷ
2326 695 2583 750 παραπεο

1532 766 1827 831 πτωκόσιν,
1863 767 1950 835 ἐφ’
1976 760 2051 821 ὧν
2076 768 2173 820 καὶ
2201 767 2392 839 χρόνος
2422 770 2584 822 τέτα·

1535 870 1683 919 κται,
1740 856 1834 908 καὶ
1883 856 2074 926 καιρὸς
2129 854 2385 927 ὥρισται,
2442 857 2583 911 ὥστε

1531 943 1727 1007 αὐτοὺς
1787 945 2105 998 ἀκολουθεῖν
2183 948 2241 998 ὲν
2281 947 2415 999 πᾶσι
2471 950 2583 1010 τοῖς

1529 1033 1761 1104 δόγμασι
1821 1034 1922 1103 τῆς
1980 1035 2279 1104 καθολικῆς
2348 1036 2581 1108 Ἐκκλη-

1532 1124 1683 1188 σίας,
1780 1124 1951 1179 Ἔνθα
2034 1127 2132 1196 μὲν
2200 1125 2294 1179 οὖν
2382 1126 2580 1191 πάντες

1534 1216 1643 1267 εἴτε
1706 1216 1764 1269 ὲν
1818 1215 2056 1286 κώμαις,
2102 1216 2211 1269 εἴτε
2254 1220 2311 1269 ὲν
2363 1216 2582 1270 πόλεσιν

1529 1304 1684 1359 αὐτοὶ
1717 1306 1868 1376 μόνοι
1898 1306 2242 1375 εὑρίσκοιντο
2281 1324 2584 1378 χειροτονη·

1530 1393 1735 1459 θέντες,
1760 1396 2144 1466 εὑρισκόμενοι
2174 1397 2231 1449 ὲν
2252 1395 2329 1466 τῷ
2372 1396 2578 1468 κλήρῳ,

1529 1492 1745 1544 ἔσονται
1776 1492 1835 1545 ὲν
1852 1491 1930 1561 τῷ
1949 1491 2099 1561 αὐτῷ
2121 1493 2383 1563 σχήματι.
2422 1493 2577 1546 Ὅσοι

1528 1582 1587 1634 δὲ
1622 1580 1718 1633 τοῦ
1753 1582 1851 1651 τῆς
1900 1580 2202 1651 καθολικῆς
2243 1582 2576 1652 Ἐκκλησὶας

1529 1672 1832 1726 ἐπισκόπου
1889 1673 1923 1744 ἢ
1979 1674 2355 1744 πρεσϐυτέρου
2403 1675 2574 1739 ὖντος,

1530 1765 1947 1835 προσέρχονται,
1970 1764 2237 1834 πρόδηλον
2263 1766 2338 1830 ὡς
2390 1768 2425 1831 ὁ,
2479 1767 2577 1837 μὲν

1527 1855 1824 1917 ἐπίσκοπος
1850 1855 1946 1923 τῆς
1994 1856 2323 1926 Ἐκκλησίας
2360 1856 2473 1921 ἔξει
2518 1856 2578 1910 τὸ

1529 1944 1745 2015 ἀξίωμα
1764 1944 1861 1997 τοῦ
1884 1944 2185 1998 ἐπισκόπου
2204 1962 2220 1977 ο
2245 1948 2272 1999 ὁ
2296 1947 2355 2000 δὲ
2376 1948 2575 2016 ὀνομα-

1530 2033 1759 2106 ζόμενος
1773 2036 1923 2106 παρά
1941 2037 2052 2099 τοῖς
2064 2035 2343 2107 Καθαροῖς
2353 2037 2576 2091 ἐπίσκο-

1529 2142 1628 2190 πος
1676 2125 1775 2195 τὴν
1831 2123 1926 2177 τοῦ
1980 2126 2356 2198 πρεσϐυτέρου
2411 2128 2577 2199 τιμὴν

1528 2217 1673 2283 ἓξει’
1711 2216 1851 2289 πλὴν
1903 2218 1952 2269 εἰ
1997 2217 2071 2286 μὴ
2098 2219 2206 2288 ἄρα
2263 2216 2444 2287 δοκοίη
2498 2218 2576 2289 τῷ

1529 2307 1813 2378 ὲπισκόπῳ
1838 2307 1936 2378 τῆς
1984 2307 2147 2377 τιμῆς
2180 2305 2273 2358 τοῦ
2314 2306 2577 2375 ὀνόματος

1531 2399 1694 2452 αὐτὸν
1754 2398 2023 2469 μετέχειν.
2081 2398 2146 2451 El
2183 2396 2241 2448 δὲ
2292 2397 2368 2468 μὴ
2416 2397 2576 2451 τοῦτο

1531 2488 1681 2560 αὐτῷ
1728 2489 1976 2560 ἀρέσκοι,
2025 2489 2302 2557 ἐπινοήσει
2338 2488 2502 2541 τόπον
2541 2488 2573 2560 ἢ

1520 2583 1954 2652 νχωρεπισκοπῆς
2028 2580 2061 2650 ἢ
2136 2578 2508 2649 πρεσϐυτέρου
2557 2618 2572 2643 ,

1533 2673 1672 2743 ὑπὲρ
1708 2670 1801 2725 τοῦ
1833 2671 1890 2725 ἐν
1928 2668 2005 2740 τῷ
2031 2668 2220 2739 κλήρῳ
2244 2667 2379 2731 ὅλως
2403 2668 2577 2722 δοκεῖν

1532 2759 1696 2827 εἶναι,
1743 2762 1830 2817 ῐνα
1867 2761 1944 2832 μὴ
1972 2762 2030 2815 ἐν
2061 2763 2128 2833 τῇ
2170 2759 2321 2813 πόλει
2345 2758 2439 2814 δύο
2462 2761 2579 2814 ἐπί-

1534 2870 1726 2908 σκοποι
1748 2846 1901 2908 ὦσιν.

2008 3012 2088 3066 θ’.

1550 3123 1690 3191 Περὶ
1731 3120 2103 3191 χειροτονίας
2131 3121 2570 3188 πρεσϐυτέρων.

1608 3318 1678 3371 Ετ
1708 3335 1853 3381 τινες
1886 3318 2256 3383 ἀνεξετάστως
2292 3315 2574 3388 προήχθη-

432 3400 918 3473 vectipresbyteri,
947 3408 1002 3455 et
1022 3393 1464 3477 postexaminati
1539 3425 1636 3461 σαν
1675 3409 2027 3480 πρεσδύτεροι

977 3408 1002 3453 ηι
1022 3406 1147 3469 ροει
1165 3393 1464 3477 ﬂamina“
1539 3425 1636 3461 σαν
1675 3409 2063 3480 πρεσϐύτεροι,
2093 3407 2126 3479 ἢ
2156 3407 2572 3478 ἀνακρινόμενοι

432 3493 669 3551 confessi
714 3493 917 3547 fuerint
964 3500 1183 3561 peccata
1236 3504 1368 3550 sua,
1415 3494 1469 3541 et
1539 3499 1899 3570 ὡμολόγησαν
1942 3499 2012 3552 τά

976 3500 1183 3559 Ρθεεεὶῑδ
1236 3504 1368 3550 ευθι
1415 3494 1469 3541 ει
1539 3499 1899 3570 ὡμολόγησαν
1942 3499 2012 3552 τὰ
2056 3498 2424 3571 ἡμαρτημένα
2471 3498 2571 3550 αὐ-

436 3600 557 3641 cum
596 3581 831 3639 confessi
868 3579 1105 3645 fuerint,
1140 3590 1328 3634 contra
1379 3590 1466 3632 re—
1536 3593 1689 3653 τοῖς,
1737 3593 1831 3644 καὶ
1888 3590 2031 3661 ὁμολ‹

976 3580 1105 3645 fini,
1140 3590 1328 3634 00mm
1379 3590 1466 3632 Γθ-
1536 3593 1689 3653 τοῖς,
1737 3593 1831 3644 καὶ
1888 3589 2365 3661 ὁμολογησάντων,
2420 3587 2571 3659 παρά

434 3676 615 3747 gulam
658 3673 939 3746 venientes
989 3671 1237 3728 homines
1280 3684 1469 3724 manus
1540 3683 1739 3735 κανόνα
1790 3681 2029 3751 κινούμει

989 3671 1237 3728 homines
1280 3684 1469 3724 manus
1540 3683 1739 3735 κανόνα
1790 3681 2097 3751 κινούμενοι
2146 3678 2423 3750 ἄνθρωποι
2463 3682 2571 3748 χεῖ-

436 3775 640 3821 temere
669 3764 747 3820 eis
773 3763 1149 3833 imposuerint,
1176 3762 1275 3818 ltus
1297 3761 1468 3816 eccle-
1543 3786 1642 3841 ρας
1677 3768 2027 3822 ὲπιτεθείκασ

977 3763 1149 3831 ierint,
1176 3762 1275 3818 ltus
1297 3761 1468 3816 eccle—
1543 3786 1642 3841 ρας
1677 3768 2048 3822 ὲπιτεθείκασι
2075 3809 2089 3833 ,
2127 3769 2250 3831 τοὺς
2296 3767 2572 3830 τοιούτους

439 3859 694 3916 siasticus
766 3857 897 3912 ordo
957 3871 1064 3910 non
1130 3855 1341 3924 recipit.
1412 3855 1468 3910 In
1539 3862 1774 3917 ὁκανὼν
1801 3862 1862 3915 οὐ
1916 3880 2034 3932 προς

979 3871 1064 3910 Ion
1130 3855 1341 3924 recipit.
1412 3855 1468 3910 Ιη
1539 3866 1567 3917 ὁ
1597 3862 1774 3916 κανὼν
1801 3862 1862 3915 οὐ
1916 3862 2218 3932 προσίεται.
2248 3861 2321 3914 Τὸ
2355 3863 2464 3931 γὰρ
2486 3862 2574 3915 ἀν-

413 3950 689 4005 ὀιηηὶῢιιε
720 3949 864 4002 enim
896 3947 1040 4018 quod
1075 3946 1471 4016 irreprehensi-
1541 3954 1836 4025 επίληπτον
1903 3953 2008 4009 ὲκδε

974 3947 1040 4002 0d
1075 3946 1471 4016 irrepreltensi-
1541 3954 1836 4025 επίληπτον
1903 3953 2180 4026 ἐκδικήσει
2225 3954 2259 4024 ἡ
2309 3953 2569 4025 καθολικὴ

435 4040 547 4097 bile
564 4050 648 4097 est
665 4039 931 4096 catholica
951 4037 1188 4094 defendit
1206 4037 1466 4094 Ecclesia.

914 4218 981 4275 Χ.

614 4336 663 4369 ’⁸
690 4334 767 4389 οι
805 4334 968 4406 lapsis
1008 4335 1287 4391 ordinatis.

512 4514 827 4585 Quicunque
848 4527 911 4568 ex
938 4513 1023 4568 his
1045 4513 1134 4581 qui
1159 4511 1296 4580 lapsi
1320 4519 1462 4576 sunt,

437 4618 539 4678 per
564 4605 926 4674 ignorantiam
952 4601 1185 4657 ordinati
1209 4608 1355 4664 sunt,
1383 4600 1465 4655 vel

431 4704 808 4765 contemptum
839 4707 1024 4747 eorum
1068 4692 1159 4762 qui
1199 4705 1292 4746 eos
1320 4690 1465 4745 ordi-

442 4786 732 4853 naverunt,
771 4786 872 4839 hoc
902 4797 1004 4837 non
1034 4781 1348 4850 praeiudicat
1374 4794 1464 4834 ec-

440 4877 760 4935 clesiasticae
799 4874 1018 4945 regular.
1047 4873 1184 4930 Cum
1215 4874 1355 4928 enim
1383 4887 1469 4928 re-

438 4979 648 5043 pertum
677 4967 858 5029 fuerit,
888 4966 1242 5034 deponantur.

913 5116 1006 5174 XI.

438 5238 483 5269 "
536 5237 608 5291 De
640 5230 1346 5305 pravaricatis_reciptendis
1388 5241 1483 5297 per

763 5302 1136 5372 panitentiam.

508 5410 588 5466 De
641 5411 726 5464 his
782 5411 873 5479 qui
942 5408 1273 5479 praevaricati
1346 5418 1471 5463 sunt

1555 4044 1865 4115 Ἐκκλησία.

2025 4224 2083 4279 I'.

1542 4338 1680 4406 Περὶ
1736 4337 1857 4390 τῶν
1903 4338 2236 4402 παυόντων,
2288 4337 2385 4391 καὶ
2432 4354 2573 4405 προ-

1615 4407 2038 4477 χειρισθέντων
2062 4406 2212 4461 κατὰ
2231 4406 2500 4476 ἄγνοιαν..

1614 4519 1772 4572 Ὅσοι
1802 4517 2297 4591 προεχειρίσθησαν
2324 4516 2431 4572 τῶν
2460 4534 2566 4571 πα·-

1547 4607 1983 4676 ραπεπτωκότων
2040 4607 2181 4661 κατά
2238 4607 2481 4675 ἄγνοιαν,
2535 4605 2569 4676 ἢ

1538 4696 1633 4750 καὶ
1682 4697 2009 4766 προειδότων
2058 4696 2167 4751 τῶν
2221 4712 2574 4767 προχειρισα-

1546 4785 1746 4852 μένων,
1778 4785 1935 4839 τοῦτο
1955 4786 2016 4839 οὐ
2052 4786 2335 4856 προκρίνει
2365 4785 2442 4855 τῷ
2475 4802 2574 4838 κα-

1546 4875 1654 4928 νόνι
1672 4874 1748 4947 τῷ
1768 4874 2222 4946 ὲκκλησιαστικῷ.
2241 4875 2577 4937 Γωσθὲντες

1547 4967 1654 5035 γὰρ
1678 4966 2083 5037 καθαιροῦνται.

1984 5119 2096 5183 _IA'.

1546 5232 1682 5299 Περὶ
1751 5230 1870 5285 τῶν
1943 5229 2333 5298 παραϐάντων
2397 5232 2571 5298 χωρὶς

1893 5302 2185 5369 ἀνάγκης.

1618 5410 1751 5479 Περὶ
1786 5409 1893 5460 τῶν
1931 5407 2377 5476 παραϐαινόντων
2408 5410 2576 5479 χωρὶς

3555 397 3689 465 1328

2659 501 2802 568 quod
2833 503 3308 559 communicabuut
3332 519 3455 560 cum
3486 508 3570 562 his
3594 512 3684 578 qui

2657 594 2923 647 secundas
2983 595 3198 663 nuptias
3249 598 3459 666 experti
3525 611 3685 665 sunt,

2655 689 2711 736 et
2740 682 2827 736 his
2855 684 2946 751 qui
2991 685 3387 753 persecutionis
3438 696 3683 759 tempore

2655 768 2789 840 lapsi
2820 780 2968 835 sunt,
2997 773 3194 842 quibus
3228 784 3407 830 tamen
3466 787 3519 832 et
3554 790 3689 831 tem-

2654 874 2754 927 pus
2794 862 3151 918 constitutum
3183 873 3238 918 et
3276 866 3391 921 dies
3432 867 3688 921 definitus

2653 959 2757 1014 est,
2795 962 2855 1004 ut
2887 962 3189 1022 sequantur
3229 955 3281 1007 in
3312 957 3564 1011 omnibus
3590 961 3686 1012 de-

2654 1047 2799 1094 creta
2829 1042 3109 1097 catholicae
3138 1043 3415 1100 Ecclesiae.
3447 1045 3689 1102 Ubicun-

2656 1147 2764 1201 que
2798 1133 2964 1203 igitur
3024 1135 3139 1189 sive
3181 1136 3233 1189 in
3273 1138 3424 1206 pagis
3484 1140 3594 1194 sive
3629 1142 3685 1195 in

2655 1220 2878 1277 urbibus
2912 1223 3012 1293 ipsi
3049 1224 3397 1280 inveniantur
3422 1229 3680 1291 ordinati,

2655 1312 2856 1367 inventi
2890 1314 2940 1367 in
2978 1315 3145 1382 clero,
3196 1327 3358 1371 erunt
3391 1318 3442 1372 in
3488 1321 3679 1375 eodem

2652 1402 2843 1457 ordine
2909 1420 2922 1456 :
3000 1406 3310 1475 quicunque
3379 1418 3559 1462 autem
3616 1423 3691 1461 eo

2632 1492 2896 1558 eveniunt,
2929 1495 3019 1549 ubi
3042 1495 3155 1564 jam
3180 1505 3263 1550 est
3309 1497 3563 1553 Ecclesiae
3587 1513 3685 1553 ca-

2650 1583 2864 1638 tholicae
2901 1586 3187 1655 episcopus
3233 1597 3326 1641 aut
3376 1590 3681 1659 presbyter.

2651 1672 2997 1728 manifestum
3021 1679 3164 1746 quod
3194 1678 3483 1748 episcopus
3504 1680 3685 1735 Eccle-

2648 1762 2744 1817 siae
2762 1763 2982 1817 habebit
3001 1767 3384 1823 auctoritatem
3405 1771 3676 1839 episcopi:

2650 1853 2957 1921 quiautem
3010 1870 3040 1909 a
3122 1857 3378 1913 Catharis
3450 1870 3676 1914 vocatur

2649 1942 2969 2011 episcopus.
3039 1943 3340 2018 presbyteri
3417 1950 3675 2004 honorem

2649 2029 2870 2087 habebit
2900 2051 2914 2087 :
2948 2035 3052 2090 nisi
3088 2035 3227 2091 forte
3258 2038 3525 2107 placuerit
3554 2042 3676 2108 epi-

2630 2136 2814 2193 ,scopo
2839 2126 3073 2181 nominis
3092 2130 3348 2182 honorem
3370 2129 3446 2183 illi
3478 2130 3677 2201 imper-

2634 2215 2775 2273 tire.
2810 2216 2904 2270 Sin
2935 2217 3115 2272 minus
3156 2219 3261 2273 hoc
3293 2220 3343 2275 ei
3387 2221 3674 2290 placuerit,

2650 2306 2954 2375 providebit
3019 2307 3094 2362 illi
3151 2309 3325 2363 locum
3384 2312 3467 2366 vel
3515 2316 3677 2366 chor-

2650 2395 2915 2464 episcopi,
2950 2396 3035 2450 vel
3068 2398 3397 2469 presbyteri;
3423 2409 3479 2452 ut
3503 2402 3678 2456 omni-

2651 2499 2723 2540 no
2754 2486 2843 2540 ille
2876 2488 2929 2541 in
2959 2487 3110 2543 clero
3155 2504 3278 2545 esse
3335 2491 3595 2560 videatur,
3619 2506 3675 2546 et

2650 2575 2705 2631 in
2753 2592 2859 2633 una
2905 2578 3039 2635 urbe
3095 2595 3201 2636 non
3264 2581 3375 2638 sint
3424 2584 3529 2640 duo
3571 2587 3679 2657 epi-

2650 2682 2820 2740 scopi.

3120 3019 3208 3074 IX.

2721 3127 2797 3183 De
2823 3128 3151 3187 ordinatione
3168 3134 3600 3205 presbyterorum.

2718 3300 2777 3356 Si
2806 3303 2896 3372 qui
2925 3306 3059 3361 citra
3078 3308 3527 3365 examinationem
3551 3326 3665 3380 pro-

2645 3394 2775 3447 moti
2804 3404 2930 3450 sunt
2976 3399 3313 3471 presbyteri,
3344 3412 3435 3456 aut
3466 3405 3665 3459 exami-

2646 3486 2756 3540 nati
2787 3488 3021 3544 confessi
3057 3500 3186 3546 sunt
3219 3503 3439 3561 peccata
3469 3508 3581 3559 sua,
3616 3502 3667 3547 et

2643 3587 2931 3648 postquam
2969 3583 3204 3639 confessi
3240 3591 3389 3650 sunt,
3428 3584 3665 3638 homines

2644 3673 2899 3727 commoti
2956 3687 3146 3730 manus
3197 3676 3277 3731 eis
3327 3677 3665 3746 imposuerint

2643 3771 2839 3831 przeler
2867 3778 3154 3829 canouem,
3190 3766 3327 3822 tales
3346 3783 3450 3821 non
3478 3768 3667 3823 admit-

2645 3855 2709 3907 tit
2753 3869 2945 3911 canon.
2998 3857 3150 3924 Quod
3189 3858 3333 3914 enim
3374 3859 3663 3928 reprehen-

2645 3942 2798 4001 sio‘ne
2836 3958 3029 4015 caret,
3083 3959 3266 4004 tuetur
3311 3948 3548 4005 Ecclesia
3579 3964 3666 4005 ca-

2646 4038 2862 4093 tholica.

3126 4218 3194 4273 Χ.

2648 4330 2721 4383 De
2772 4328 2971 4399 lapsis,
3004 4339 3053 4384 et
3101 4330 3359 4409 ordinatis
3395 4345 3488 4399 per
3527 4329 3668 4399 igua--

3030 4408 3274 4453 ranttam.

2713 4514 3030 4584 Quicunque
3086 4528 3151 4568 ex
3207 4513 3375 4583 lapsis
3428 4509 3660 4567 ordinati

2642 4615 2771 4661 sunt
2815 4620 2916 4674 per
2952 4605 3343 4675 ignorantiam,
3374 4602 3464 4658 vel
3507 4601 3662 4657 etiam

2644 4698 2938 4753 scientibus
2974 4698 3038 4752 iis
3067 4697 3161 4766 qui
3193 4696 3535 4756 ordinarunt,
3569 4693 3663 4745 hoc

2647 4804 2755 4844 non
2810 4788 3122 4859 praejudicat
3162 4786 3357 4840 ranoui
3414 4781 3663 4839 ecclesia-

2650 4884 2786 4939 stico
2815 4899 2828 4936 :
2860 4881 3059 4949 cogniti
3091 4881 3234 4933 enim
3272 4879 3628 4947 deponuntur.

3114 5106 3209 5164 XI.

2649 5229 2722 5282 De
2755 5228 2835 5282 his
2876 5229 2966 5298 qui
3008 5226 3338 5307 praevaricati
3384 5230 3506 5278 sunt
3535 5219 3661 5274 citra

2965 5306 3338 5350 necessitatem.

2725 5410 2799 5464 De
2817 5409 2902 5463 his
2924 5410 3014 5477 qui
3044 5405 3379 5477 praevaricati
3403 5414 3528 5460 sunt
3547 5403 3696 5505 εδει.

513 5608 559 5638 '"
586 5605 671 5661 Al.
737 5605 815 5661 De
850 5605 934 5660 his
991 5604 1080 5675 qui
1111 5604 1176 5659 ad
1230 5602 1592 5677 sacerdotium
1629 5605 1746 5659 sine
1778 5603 2178 5677 examinatione
2210 5606 2441 5677 promoti
2494 5612 2645 5677 sunt.
2716 5606 2865 5659 "At.
2897 5606 2972 5657 De
3032 5602 3115 5659 bis
3173 5603 3263 5672 qui
3298 5603 3655 5677 _n_egaverunt

445 5675 511 5746 in
551 5678 945 5746 persecutione,
1004 5672 1057 5730 et
1089 5683 1273 5744 postea
1334 5675 1403 5731 ad
1428 5674 1741 5731 clericatum
1800 5675 2037 5741 promoti
2087 5685 2231 5729 sunt.
2307 5676 2351 5706 7’
2377 5674 2461 5728 At.
2496 5672 2569 5729 De
2596 5674 2679 5730 his
2707 5677 2797 5746 qui
2835 5680 3182 5743 negaverunt,
3214 5682 3268 5728 et
3298 5672 3559 5726 habentur
3600 5672 3653 5720 tu

446 5742 622 5798 laicis.
