4038 6148
334 364 533 435 aliquis
582 366 804 431 accepta
855 355 1235 415 communione
1276 368 1365 407 sn-

334 454 668 530 pervixerit,
723 451 797 508 sit
841 450 984 507 inter
1030 448 1149 505 illos
1184 448 1273 517 qui
1311 447 1365 500 in

335 551 581 609 oratione
604 546 716 604 sola
741 542 1166 607 communicant,
1197 539 1367 594 donec

336 651 553 710 tempus
596 642 855 692 statutum
888 629 1242 702 compleatur.
1292 626 1369 682 De

337 730 588 787 omnibus
630 734 806 782 tamen
838 722 945 787 bis,
991 721 1083 791 qui
1119 733 1191 775 ex
1226 718 1371 774 nudo

340 821 439 896 iul.
463 836 531 878 ea
551 815 719 888 nodo}
736 813 979 885 corporis
1004 810 1286 875 recedunt,
1318 816 1373 863 et

343 908 769 967 Eucharistiam‘
796 902 1102 974 postulant,
1148 900 1199 954 in
1256 909 1370 954 tra-

343 1002 512 1059 denda
562 996 1091 1067 eis_communione',
1144 1006 1273 1047 cura
1319 997 1375 1044 et

342 1091 589 1173 probatio
609 1092 681 1149 sit
704 1090 958 1159 episcopo
969 1082 1071 1159 [al.
1091 1078 1374 1155 episcopi];

788 1218 929 1275 XIV.

524 1325 601 1383 De
622 1321 1005 1381 catechumenis
1024 1318 1203 1390 lapsis.

419 1504 496 1562 De
549 1498 954 1558 catechumenis
996 1511 1128 1552 vero
1181 1493 1376 1562 lapsis,

348 1594 554 1667 placuit
591 1603 781 1649 sancto
816 1588 1077 1653 concilio,
1111 1594 1170 1641 ut
1207 1585 1379 1639 tribus

351 1688 509 1744 annis
540 1685 653 1742 sint
679 1684 820 1738 inter
843 1680 1120 1736 auditores
1148 1684 1381 1732 tantum-

353 1775 514 1833 modo
554 1792 570 1830 :
612 1774 853 1845 posthaec
887 1783 1023 1826 vero
1065 1774 1221 1823 orent
1258 1782 1380 1821 cum

354 1861 791 1923 catechumanis.

810 2076 928 2133 XV.

357 2192 408 2229 ⁸⁸
433 2193 513 2252 De
538 2192 619 2250 Itis
646 2192 735 2261 qui
750 2190 1008 2246 ecclesias
1035 2189 1299 2252 deserunt,
1339 2195 1387 2241 et

593 2265 662 2318 ad
690 2262 825 2318 alias
853 2266 1151 2315 transeunt.

425 2443 660 2517 Propter
706 2442 911 2499 multas
954 2438 1387 2511 perturbationes

360 2548 416 2595 et
465 2536 797 2603 seditiones,
845 2548 966 2606 quae
1011 2531 1128 2587 ﬁeri
1177 2530 1388 2595 solent,

360 2628 564 2703 placuit
602 2624 916 2683 omnimodo
956 2621 1198 2679 abscindi
1234 2621 1390 2674 istam

361 2718 833 2782 consuetudinem,
866 2716 910 2771 si
939 2722 1126 2770 contra
1151 2709 1391 2779 regulam

363 2819 617 2882 repertus
647 2808 816 2864 fuerit
840 2807 893 2861 in
931 2804 1203 2874 aliquibus
1228 2801 1394 2871 parti-

365 2904 468 2958 bus
492 2901 558 2958 de
585 2902 804 2956 civitate
833 2898 898 2953 ad
922 2897 1197 2953 civitatem
1224 2902 1397 2948 trans-

370 2991 448 3046 ire
478 2993 789 3061 episcopus,
835 2988 922 3043 vel
959 2987 1267 3057 presbyter,
1312 2982 1397 3038 vel

368 3077 753 3145 diaconus,vel
766 3076 1019 3133 clericus.
1044 3076 1101 3131 Si
1126 3075 1249 3146 quis
1275 3088 1400 3128 vero

369 3170 611 3241 posthac
639 3176 841 3224 statuta
872 3169 1047 3223 sancti
1080 3165 1241 3234 hujus
1270 3178 1401 3218 cou-

373 3261 483 3317 cilii
512 3260 615 3317 tale
636 3259 836 3331 aliquid
860 3261 1062 3315 audere
1091 3253 1409 3322 tentaverit,

375 3350 704 3422 infringetur
760 3351 909 3409 omni
964 3364 1159 3418 genere
1213 3345 1401 3415 hujus-

380 3441 522 3497 modi
556 3451 811 3497 conatus:
852 3449 908 3496 et
938 3439 1252 3494 resdtuetur
1280 3448 1405 3505 pro-

379 3530 512 3598 price
531 3530 795 3597 ecclesiae,
822 3531 874 3585 in
896 3543 1004 3599 qua
1024 3527 1107 3581 vel
1125 3526 1409 3595 episcOpus

380 3619 467 3677 vel
502 3621 784 3693 presbyter
820 3628 915 3675 aut
960 3618 1220 3674 diaconus
1258 3613 1409 3669 ordi-

384 3722 545 3769 natus
577 3720 683 3768 σει.

827 3842 970 3901 ΧΠ.

384 3959 435 3994 ⁸³
463 3959 542 4016 De
576 3976 683 4016 non
714 3959 1059 4028 suscipiendis
1082 3959 1302 4016 alterius
1334 3977 1426 4016 ec-

685 4030 859 4085 clesia:
893 4028 1116 4085 clericis.

462 4144 521 4201 Si
546 4143 637 4216 qui
663 4144 781 4200 sine
801 4149 1053 4210 respectu
1084 4151 1305 4215 agentes
1324 4183 1339 4209 ,
1367 4154 1421 4200 et

394 4234 644 4289 timorem
689 4233 786 4287 Dei
823 4241 948 4290 ante
973 4232 1158 4289 oculos
1182 4248 1288 4287 non
1327 4234 1424 4288 ha-

395 4329 608 4394 bentes,
640 4341 814 4398 neque
835 4326 1199 4383 ecclesiastica
1222 4335 1425 4384 statuta

398 4421 667 4486 scientes,
719 4420 1047 4475 recesserint
1080 4419 1149 4473 ab
1193 4418 1424 4474 ecclesia

399 4526 519 4579 sua,
544 4512 658 4567 sive
680 4511 1001 4583 presbyteri,
1024 4510 1425 4575 sivediacoues,

400 4602 515 4657 sive
535 4602 587 4655 in
611 4612 931 4670 quocunque
955 4598 1147 4654 ordine
1171 4597 1429 4653 ecclesia-

402 4692 551 4748 stico;
577 4690 737 4761 positi
788 4688 1013 4755 iuerint,
1063 4688 1120 4743 hi
1162 4702 1426 4758 nusquam

403 4780 603 4852 suscipi
654 4780 853 4836 debent
904 4780 958 4835 in
1005 4779 1275 4847 ecclesia;
1336 4778 1430 4835 sed

405 4892 527 4934 cum
552 4878 696 4932 omni
725 4878 1051 4933 necessitate
1079 4882 1343 4945 cogantur
1375 4882 1435 4929 ut

410 4976 637 5030 redeant
664 4978 730 5029 ad
759 4972 1019 5029 ecclesias
1047 4987 1177 5028 suas
1201 4991 1229 5027 :.
1266 4982 1360 5028 aut
1388 4974 1433 5029 si

410 5060 1436 5132 permanserint,exeommunieatoseos

411 5166 533 5208 esse
551 5160 786 5224 oportet.
826 5148 885 5206 Si
910 5151 1039 5223 quis
1062 5161 1242 5206 autem
1271 5166 1437 5209 ausus

1567 244 1870 304 GELASII
1907 239 2245 302 CYZICEXI

1441 350 1748 422 μετασχὼν,
1812 350 1974 402 πάλιν
2027 350 2087 401 ἐν
2130 348 2242 408 τοῖς
2306 341 2474 408 ζῶσιν

1438 441 1776 511 ἐξετασθείη,
1809 441 1950 493 ἔστω
1974 437 2114 510 μετά
2141 436 2249 489 τῶν
2281 450 2474 488 κοινω-

1439 531 1674 585 νούντων
1696 532 1797 601 τῆς
1818 531 1982 601 εὐχῆς
2010 528 2196 599 μόνης.
2229 523 2475 579 Καθόλου

1440 622 1501 676 δέ
1513 622 1749 693 καὶπερὶ
1766 620 1965 685 παντὸς
1980 615 2192 682 οὗτινος
2207 614 2476 680 ἐξοδεύον-

1440 730 1530 776 τος
1580 711 1859 776 αἰτοῦντος
1916 711 2208 783 μετασχεῖν
2259 707 2479 776 εὐχαρι-

1446 806 1619 872 στίας,
1658 808 1686 859 ὁ
1717 805 2016 869 ἐπίσκοπος
2057 802 2195 874 μετά
2248 800 2479 869 δοκιμα-

1448 895 1571 960 σίας
1605 893 1943 966 μεταδιδότω
1965 892 2065 964 τῆς
2093 888 2447 964 προσφορᾶς.

2300 1128 2331 1163 ἢ

1904 1189 2002 1241 [Δν.

1457 1309 1595 1379 Περὶ
1626 1306 1746 1361 τῶν⁹
1782 1300 2266 1379 κατηχοιίιιένων,
2295 1311 2484 1367 παρα-

1666 1372 1982 1432 πεσόντώύ
2016 1372 2104 1427 δέ.

1522 1492 1660 1564 Περὶ
1678 1489 1789 1544 τῶν
1816 1484 2242 1557 κατηχουμὲνων
2258 1481 2351 1535 καὶ
2377 1496 2484 1533 πα-

1456 1600 1591 1657 ραπε
1601 1583 1799 1637 σόντων
1817 1580 1875 1632 ἐν
1895 1580 1962 1649 τῇ
1978 1576 2307 1645 κατηχήσει,
2330 1569 2477 1636 εδοξε

1452 1644 1517 1744 τῇ
1554 1671 1685 1741 ἁγίᾳ
1718 1669 1816 1723 καὶ
1847 1644 2057 1738 μεγάλῃ
2088 1644 2309 1733 συνόδῳ,
2344 1644 2501 1713 ὥστε

1453 1760 1619 1832 τριῶν
1645 1757 1782 1812 ἐτῶν
1811 1757 2008 1819 αὐτοὺς
2037 1751 2485 1825 ἀκροασαμένους

1458 1850 1639 1922 μόνον,
1674 1848 1813 1919 μετά
1852 1846 2030 1901 ταῦτα
2055 1843 2311 1916 εΰχεσθαι
2350 1838 2487 1913 μετά

1456 1940 1562 1994 τῶν
1590 1956 1828 2011 κατηχου
1836 1938 2033 2015 μένων.

1912 2071 1997 2125 ιΕυ
2002 2109 2016 2125 .

1458 2188 1599 2256 Περὶ
1632 2185 1740 2256 τοῦ
1784 2183 1873 2256 μὴ
1907 2181 2038 2256 dein
2068 2181 2491 2256 μετατιᾷεσςθᾳι

1530 2244 1651 2312 ἷξπό
1701 2244 1907 2325 ἐτέράς
1957 2244 2188 2318 πόλεως
2244 2252 2333 2318 είς
2368 2248 2489 2302 ἐτέ-

1524 2343 1662 2396 ραν.

1531 2441 1630 2494 Διά
1695 2438 1788 2494 τὸν
1844 2438 2014 2492 πολὺν
2075 2435 2337 2506 τάραχον,
2400 2432 2494 2485 καὶ

1463 2535 1682 2596 στάσεις
1708 2531 1805 2595 τάς
1834 2527 2151 2600 γινομένας,
2181 2524 2331 2592 ἔδοξε
2357 2539 2493 2577 παν-

1462 2628 1664 2681 τάπασι
1720 2620 2141 2694 περιαιρεθῆναι
2203 2617 2304 2689 τὴν
2370 2633 2498 2669 συν-

1464 2716 1651 2788 ήθειαν
1686 2714 1785 2786 τὴν
1815 2711 1964 2783 παρά
1997 2709 2088 2763 τὸν
2117 2708 2321 2763 κανόνα
2346 2706 2501 2777 εὑρε-

1466 2808 1652 2862 θεῖσαν
1691 2804 1749 2857 ἐν
1779 2819 1890 2857 τισι
1937 2799 2183 2873 μέρεσιν,
2216 2797 2359 2851 ὥστε
2393 2795 2503 2851 ἀπὸ

1469 2898 1677 2959 πόλεως
1717 2895 1798 2956 είς
1835 2891 1990 2947 πόλιν
2019 2891 2094 2962 μὴ
2125 2886 2500 2960 μεταϐαίνειν,

1474 2991 1610 3061 μήτε
1639 2985 1958 3049 ἐπίσκοπον,
2014 2982 2156 3053 μήτε
2198 2977 2502 3051 πρεσϐύτε-

1474 3101 1588 3156 ρον,
1614 3081 1754 3153 μήτε
1779 3078 2046 3133 διάκονον.
2079 3076 2146 3130 El
2161 3074 2221 3127 δέ
2248 3091 2335 3137 τις
2372 3071 2510 3143 μετά

1471 3180 1565 3232 τὸν
1592 3178 1692 3247 τῆς
1716 3175 1876 3243 ἁγίας
1900 3172 2121 3226 συνόδου
2143 3174 2267 3242 ὅρον
2297 3167 2511 3222 τοιοῦτό

1475 3287 1528 3323 τι
1575 3264 2001 3338 ἐπιχειρήσειεν,
2041 3262 2077 3333 ἢ
2117 3259 2285 3332 ἐπιδῷ
2317 3257 2512 3312 ἑαυτὸν

1477 3357 1760 3430 πράγματι
1831 3351 2058 3423 τοιούτῳ
2082 3392 2098 3419 ,
2161 3347 2515 3421 ἀκυρωθήσε-

1477 3465 1568 3503 ται
1600 3447 1902 3513 ἐξάπαντος
1933 3443 1998 3498 τδ
2033 3439 2471 3509 κατασκεύασμα
2497 3476 2513 3501 ,

1481 3541 1578 3596 καί⁸
1627 3533 2215 3605 ἀποκατασταθήσεται
2266 3533 2334 3602 τῇ
2392 3532 2517 3583 Ἐκ-

1480 3631 1699 3703 κλησίᾳ,
1733 3623 1802 3700 ἧς
1835 3627 2164 3688 ἐπίσκοπος,
2202 3623 2236 3693 ἢ
2279 3619 2519 3694 πρεσϐύ-

1483 3739 1658 3797 τερος,
1688 3721 1723 3793 ἢ
1754 3719 2000 3785 διάκονος
2030 3716 2446 3790 ἐχειροτονήθη.

1936 3854 2055 3921 ις’.

1486 3966 1627 4033 Περὶ
1663 3964 1784 4018 τῶν
1815 3964 1884 4017 ἐν
1915 3958 2011 4029 ατς
2049 3960 2521 4033 προὺϐλήθησαν

1542 4032 1900 4103 ἐκκλησίαις
1929 4036 2041 4088 οὐκ
2070 4032 2470 4102 ἐμμενόντων.

1563 4152 1718 4204 Ὅσοι
1771 4146 2188 4222 ῥιψοκινδύνως,
2246 4147 2383 4217 μήτε
2433 4144 2524 4197 τὸν

1495 4243 1660 4312 φόϐον
1722 4240 1817 4294 τοῦ
1872 4238 2009 4293 Θεοῦ
2068 4238 2175 4307 πρὸ
2229 4234 2524 4306 ὀφθαλμῶν

1497 4334 1732 4403 ἔχοντες,
1778 4332 1913 4401 μήτε
1943 4329 2035 4384 τὸν
2065 4327 2523 4396 ἐκκλησιαστικὸν

1498 4432 1699 4485 κανόνα
1736 4429 1939 4491 εἰδότες
1968 4468 1984 4493 ,
2034 4424 2378 4497 ἀναχωροῦσι
2429 4425 2527 4493 τῆς

1509 4520 1836 4590 Ἐκκλησίας
1862 4561 1877 4587 ,
1912 4517 2275 4589 πρεσϐύτεροι
2302 4559 2316 4583 ,
2350 4516 2383 4587 ἦ
2413 4515 2529 4569 διά-

1500 4628 1667 4676 κονοι,
1696 4611 1731 4680 ἢ
1763 4608 1900 4672 ὅλως
1933 4607 2097 4677 ἐνιτῷ
2125 4607 2311 4678 κλήρῳ
2343 4606 2529 4673 ἐξετα-

1500 4704 1750 4775 ζόμενοι·
1826 4694 1973 4755 οὗτοι
2034 4698 2299 4767 οὐδαμῶς
2351 4698 2531 4751 δεκτοὶ

1500 4794 1804 4865 ὀφείλουσιν
1834 4786 1976 4845 εἶναι
2009 4791 2067 4844 ἐν
2096 4790 2259 4861 ἐτέρᾳ
2301 4787 2531 4859 Ἐκκλη-

1506 4886 1616 4956 σία,
1639 4882 1781 4938 ἀλλά
1832 4883 2015 4935 πᾶσαν
2059 4880 2245 4941 αὐτοῖς
2288 4877 2533 4948 ἀνάγκην

1504 4973 1804 5041 ἐπάγεσθαι
1826 4971 1932 5043 χρὴ
1953 4969 2314 5040 ἀναστρέφειν
2338 4968 2418 5031 είς
2436 4967 2535 5031 τὰς

1507 5063 1716 5118 ἑαυτῶν
1780 5062 2071 5132 παροικίας
2096 5078 2113 5092 ο
2175 5058 2535 5128 ἐπιμένοντας

1511 5157 1569 5211 δέ
1619 5157 2016 5225 ἁκοινωνήτους
2055 5150 2194 5208 εἷναι
2245 5152 2545 5225 προσήκει.

3448 222 3586 287 1332

2548 338 2920 403 convalescat,
2952 336 3025 391 sit
3050 336 3188 390 inter
3212 346 3306 388 eos
3330 332 3421 402 qui
3452 348 3583 387 ora-

2550 430 2753 482 tionum
2817 408 3022 480 tantum
3078 421 3371 492 participes
3435 433 3582 477 sunt.

2548 520 2780 575 Omnino
2822 530 2953 571 vero
2982 515 3284 582 cuicunque
3326 512 3589 568 morituro

2550 609 2749 681 petenti
2808 604 3239 667 Eueharistiam,
3299 602 3586 672 episcOpus

2557 719 2681 760 cum
2717 699 3070 773 inquisitione
3097 697 3303 754 tribuat
3328 696 3586 754 hostiam.

2999 1221 3141 1287 XIV.

2603 1328 2685 1400 si
2710 1340 3097 1396 caleahumem’s
3120 1335 3211 1408 qui
3233 1334 3367 1406 lapsi
3390 1342 3539 1394 sunt.

2627 1512 2702 1568 De
2749 1506 3154 1565 catechumenis
3196 1504 3288 1573 qui
3334 1502 3593 1558 labuntur

2554 1604 2679 1658 dum
2740 1615 2894 1657 sacra
2959 1596 3218 1668 mysteria
3297 1594 3585 1657 docentur,

2557 1694 2727 1748 visum
2763 1701 2844 1746 est
2889 1696 3088 1744 sancta:
3140 1698 3458 1754 magnaeque
3505 1697 3594 1753 sy—

2557 1782 2717 1845 nodo,
2732 1766 2795 1836 ut
2818 1789 2933 1834 tres
2952 1792 3123 1832 annos
3144 1776 3286 1830 inter
3310 1774 3583 1829 auditores

2558 1881 2767 1928 tantum
2816 1869 2962 1935 sint,
3016 1876 3207 1939 postea
3257 1873 3418 1921 orent
3471 1879 3598 1920 cum

2558 1958 2981 2017 catechumenis.

3009 2085 3128 2142 XV.

2563 2203 2717 2270 Quod
2748 2217 2852 2281 trait
2884 2208 3153 2282 ⁸ορμηίειιι.
3183 2215 3251 2255 σε
3295 2198 3586 2256 civitatein

2797 2273 3057 2325 civitatem
3081 2273 3331 2340 migrare.

2636 2450 2862 2518 Propter
2885 2445 3176 2518 plurimum
3218 2442 3507 2499 tumultum
3536 2450 3592 2499 et

2569 2542 2864 2596 seditiones
2893 2554 3015 2610 quae
3044 2529 3368 2594 exoriuntur
3399 2535 3603 2605 placuit

2571 2649 2793 2705 prorsus
2864 2630 3309 2688 consuetudinem
3383 2626 3606 2688 tollere,

2572 2740 2691 2795 quas
2712 2732 2897 2778 contra
2915 2736 3177 2777 canonem
3203 2720 3257 2773 in
3279 2716 3601 2788 quibusdam

2576 2813 2820 2885 partibus
2854 2820 3133 2882 comperta
3180 2818 3297 2873 est,
3341 2817 3404 2863 ut
3452 2822 3611 2862 nemo

2577 2921 2643 2962 ex
2687 2904 2914 2961 civitate
2944 2918 3050 2959 una
3092 2904 3147 2959 in
3200 2901 3361 2956 aliam
3400 2901 3614 2969 migret,

2579 3010 2755 3069 neque
2780 2995 3091 3065 episcopus,
3120 3006 3296 3062 neque
3314 2994 3617 3062 presbyter,

2582 3102 2757 3158 neque
2795 3086 3077 3142 diaconus.
3108 3084 3168 3141 Si
3203 3085 3325 3155 quis
3354 3093 3473 3154 post
3493 3096 3615 3136 san-

2584 3188 2684 3234 eta;
2713 3176 2874 3246 hujus
2905 3177 3095 3249 synodi
3132 3176 3463 3230 sanctionem
3507 3168 3609 3225 tale

2584 3268 2786 3339 aliquid
2839 3266 3154 3330 tentaverit,
3186 3273 3284 3319 aut
3313 3279 3370 3319 se
3403 3259 3609 3327 negotio

2587 3363 2712 3418 huic
2741 3362 2992 3427 dederit,
3039 3359 3228 3414 irritus
3260 3356 3473 3413 omnino
3506 3352 3609 3408 erit

2587 3449 2891 3520 huiusmodi
2935 3456 3160 3503 Conatus
3182 3484 3203 3512 ,
3228 3453 3284 3501 et
3310 3443 3614 3499 restituetur

2589 3538 2849 3603 ecclesiae,
2880 3537 3035 3606 cujus
3061 3544 3153 3589 aut
3181 3534 3466 3604 episcopus
3486 3570 3502 3597 ,
3528 3541 3618 3585 aut

2592 3629 2893 3702 presbyter,
2925 3636 3018 3684 aut
3055 3625 3316 3683 diaconus
3345 3623 3623 3681 ordinatus

2594 3716 2790 3773 luerat.

3033 3847 3177 3903 XVI.

2601 3966 2672 4020 De
2702 3966 2781 4018 his
2804 3963 2892 4033 qui
2914 3978 3017 4015 non
3052 3960 3357 4033 manentia
3391 3956 3626 4009 ecclesiis

2766 4030 2825 4087 iit
2846 4034 3036 4102 quibus
3061 4030 3291 4085 ordinati
3312 4039 3455 4082 sunt.

2666 4153 2985 4220 Quicunque
3014 4157 3241 4212 temere,
3273 4157 3453 4213 neque
3483 4142 3633 4194 timo-

2599 4261 2710 4302 rem
2744 4241 2834 4298 Dei
2864 4251 2990 4296 ante
3017 4238 3202 4295 oculos
3226 4236 3515 4298 habentes,
3546 4246 3634 4284 ne-

2597 4352 2702 4407 que
2723 4333 3154 4390 ecclesiasticum
3175 4341 3438 4383 canonem
3460 4324 3636 4378 scien-

2602 4444 2702 4497 tes,
2733 4436 3078 4486 recesserunt
3108 4426 3176 4481 ab
3218 4422 3449 4481 ecclesia
3473 4462 3489 4488 ,
3521 4421 3637 4473 sive

2601 4520 2942 4593 presbyteri,
2977 4518 3091 4573 sive
3141 4513 3351 4571 diaconi
3374 4553 3390 4576 ,
3424 4512 3538 4567 sive
3578 4509 3642 4563 in

2602 4625 2922 4681 quocunque
2968 4607 3074 4663 alio
3111 4604 3482 4662 ecclesiastico
3543 4615 3639 4655 or-

2601 4703 2733 4757 dine
2794 4699 3031 4763 luerint;
3088 4697 3144 4752 hi
3197 4707 3539 4764 nequaquam
3579 4692 3637 4745 in

2602 4792 2705 4846 alia
2762 4788 2994 4845 ecclesia
3047 4786 3212 4856 recipi
3266 4785 3498 4848 debent,
3545 4782 3645 4835 sed

2606 4882 2751 4936 omni
2799 4880 3127 4934 necessitate
3160 4876 3278 4946 cogi
3314 4890 3409 4930 eos
3433 4888 3528 4943 par
3559 4881 3643 4925 est

2610 4972 2784 5027 redire
2817 4971 2872 5025 in
2906 4969 3175 5039 parmcias
3203 4981 3330 5023 suas
3357 4982 3372 5020 :
3404 4963 3641 5035 pertina-

2607 5079 2700 5120 ces
2747 5077 2873 5117 vero
2903 5057 3366 5116 exeommunicari
3404 5061 3642 5125 oportet.

2613 5155 2671 5210 Si
2720 5153 2845 5224 quis
2917 5161 3096 5207 autem
3152 5148 3316 5204 fuerit
3363 5146 3649 5214 subripere

417 5241 578 5298 luerit
605 5241 839 5311 aliquem
862 5243 954 5311 qui
976 5242 1045 5297 ad
1068 5241 1299 5298 alterum
1326 5256 1447 5311 per-
1516 5247 1578 5299 Ei
1606 5245 1664 5298 δὲ
1686 5245 1779 5298 καὶ
1803 5244 2012 5315 τολμήσ

2046 5245 2092 5297 ιέ
2112 5261 2193 5307 τις
2219 5232 2543 5316 ὑφαρπάσαι
2613 5260 2735 5301 eum
2770 5242 2864 5313 qui
2906 5240 2972 5295 ad
3006 5241 3173 5295 alium
3204 5238 3463 5309 pertinet,
3501 5246 3557 5290 et
3589 5235 3641 5287 in

418 5333 583 5398 tinet,
632 5332 885 5387 ordinare
932 5332 987 5387 in
1036 5347 1131 5388 sua
1181 5332 1443 5399 ecclesia,
1516 5337 1604 5388 τὸν
1635 5334 1711 5405 τῷ
1739 5335 1910 5406 ἑτέρῳ
1936 5334 2013 5389 διο

2052 5334 2284 5403 πέροντα,
2315 5336 2409 5390 καὶ
2433 5353 2545 5405 χει·
2616 5350 2712 5391 sua
2769 5332 2997 5389 ecclesia
3043 5332 3323 5395 ordinate,
3366 5343 3477 5384 non
3520 5340 3647 5381 eon-

355 5492 362 5498 .
416 5436 540 5478 cum
570 5439 675 5479 non
716 5424 917 5480 habeat
960 5440 1284 5482 consensum
1327 5425 1443 5494 epi-

1522 5425 1804 5495 ροθετήσει
1832 5426 1888 5477 ἐν
1915 5426 1981 5495 τῇ
2007 5424 2201 5477 ἑαυτοῦ
2230 5424 2500 5497 ἐκκλησία
2528 5467 2543 5491 ,

2617 5425 2883 5481 sentiente
2919 5423 3137 5493 proprio
3174 5424 3452 5493 episcopo,
3483 5434 3513 5473 a
3541 5431 3646 5486 quo

496 5575 542 5606 “
565 5574 650 5629 ΔΙ.
682 5574 755 5630 De
781 5574 1023 5641 clericis,
1052 5588 1118 5629 ne
1147 5576 1211 5630 dc
1243 5574 1464 5632 civitate
1500 5574 1567 5630 ad
1600 5575 1759 5630 aliam
1797 5583 2093 5630 transeant.
2174 5577 2219 5608 ⁸³
2246 5575 2333 5632 Al.
2370 5574 2442 5632 De
2479 5576 2561 5632 his
2596 5576 2687 5643 qui
2756 5575 2807 5629 in
2867 5540 3120 5630 Ecclesiis
3179 5572 3316 5638 suis,
3349 5572 3401 5627 in
3429 5566 3637 5641 quibus

425 5644 662 5712 provecti
696 5654 847 5710 sunt,
885 5659 990 5700 non
1016 5656 1268 5699 morante
1298 5682 1317 5698 ο

3930 1235 3934 1319 η
