4038 6148
257 332 409 402 ’1333

1153 334 1517 396 HISTORIA
1553 329 1884 394 CONCILII
1923 324 2225 387 NICrENI.
2272 283 2333 357 τ·-
2370 319 2516 380 LIB.
2552 276 2653 376 ΙΙ.⁴

3375 299 3517 365 ’1334

270 454 418 521 scopi
445 452 608 517 illius,
634 467 662 505 a
692 467 797 521 quo
824 449 1050 505 recessit
1074 448 1304 503 clericus
1382 447 1457 517 μὴ
1488 443 1865 514 συγκατατιθεε

1920 458 2015 495 νου
2050 440 2142 492 τοῦ
2185 435 2402 489 ἐπισκό-
2477 433 2775 483 recesserat
2807 421 3040 478 clericus
3068 418 3174 482 ille,
3207 414 3363 469 irrita
3410 412 3515 467 erit

271 509 426 609 sutis,
460 543 612 597 irrita
643 509 723 597 sit-
748 539 1051 609 huiusmodi
1088 538 1305 595 ordina-
1378 509 1481 594 που
1508 579 1524 604 ,
1559 509 1619 593 οὗ
1680 509 1866 603 ἀνακεᾷ

1559 509 1619 593 οὗ
1680 509 2102 607 ἀνακεχώρηκεν
2147 533 2176 585 ὁ
2232 533 2288 584 ὲν
2331 529 2408 599 τῷ
2481 514 2793 588 bujusmodi
2832 509 3124 569 ordinatio.

274 629 371 684 tio.

718 826 883 881 XVII.

384 957 434 991 "
457 956 535 1012 De
565 955 945 1027 feneratoribus
978 952 1201 1008 clericis.

357 1091 621 1160 Quoniam
687 1089 838 1144 multi
883 1089 1066 1145 clerici
1137 1090 1313 1143 avari-

1380 630 1562 701 κανόνι
1589 628 1975 707 ἐξεταζόμενος
1997 665 2011 690 ,
2038 624 2239 693 ἄκυρος
2268 618 2407 672 ἐστω

1381 724 1414 792 ἡ
1442 720 1776 792 χειροθεσία.

1845 847 1949 902 ῐΖ’.

1453 987 1594 1057 Περὶ
1636 984 1935 1054 κληρικῶν
1971 979 2341 1043 τοκιζόντων.

1469 1117 1689 1189 Ἐπειδὴ
1736 1115 1919 1170 πολλοὶ
1984 1117 2041 1168 ἐν
2096 1113 2174 1184 τῷ
2229 1112 2414 1168 κανόνι

287 1184 392 1280 tiae-
424 1197 591 1280 causa
632 1182 808 1280 turpia
848 1180 996 1236 lucra
1020 1188 1313 1280 sectantes,
1388 1180 1798 1280 ἐξεταζόμένοι,
1828 1206 1882 1260 τ,

848 1180 996 1236 lucra
1020 1188 1313 1280 δείξωηίθδζ
1388 1208 1798 1280 ἐξεταζόμενοι,
1828 1206 1926 1278 τὴν
1975 1203 2285 1269 πλεονεξίαν
2322 1203 2417 1258 καὶ

286 1271 547 1342 oblilique
630 1270 796 1325 divini
863 1268 1117 1340 praecepti
1173 1270 1315 1339 quod

287 1361 451 1426 dicit,
497 1358 601 1427 Qui
654 1361 928 1428 pecuniam
1007 1374 1159 1412 suam
1213 1374 1315 1412 non

285 1451 428 1506 dedit
486 1449 555 1505 ad
604 1466 818 1505 usuram
855 1450 935 1517 ⁸⁸,
985 1468 1004 1503 ι
1059 1449 1313 1504 l‘cneran-

1387 1303 1487 1372 τὴν
1567 1299 2013 1370 αἰσχροκέρδειαν
2086 1294 2413 1359 διώκοντες,

1391 1392 1714 1460 ἐπελάθοντο
1750 1389 1846 1444 τοῦ
1890 1388 2036 1443 θείου
2089 1387 2419 1458 γράμματος

1386 1483 1636 1551 λέγοντος
1655 1497 1669 1511 ·
1701 1498 1719 1531 ι
1743 1480 1816 1532 Τὸ
1840 1478 2102 1551 ἀργύριον
2129 1474 2295 1531 αὑτοῦ
2320 1477 2421 1529 οὐκ

290 1551 397 1599 tes‘
431 1542 754 1600 centesimas
815 1542 1073 1612 exigunt;
1129 1540 1313 1596 δῑὶιῑυῖι
1392 1540 1591 1627 εδῷκεν
1616 1540 1712 1625 ἐπὶ
1731 1540 1885 1632 τόκῳί

826 1542 1073 1612 exigunt;
1129 1540 1313 1596 statuit
1392 1540 1591 1627 εδῷκεν
1616 1540 1712 1625 ἐπὶ
1731 1540 1895 1632 τόκῳῖ
1965 1540 2058 1622 ,ξαὶ
2085 1564 2421 1632 δανείζοντες

289 1644 535 1690 sanctum
570 1635 673 1689 hoc
715 1634 1040 1695 concilium,
1085 1633 1227 1702 quod
1277 1632 1319 1686 si
1395 1624 1693 1724 ﬁam;
1719 1624 1884 1713 ἀπαίτ

1935 1657 2078 1711 ὅσινο
2109 1624 2427 1711 ἐδικαίωσεν
2496 1648 2700 1717 justum
2751 1641 2903 1698 duxit
2955 1644 3201 1693 sanctum
3245 1641 3530 1724 maguum-

292 1726 416 1793 quis
444 1724 699 1778 inventus
725 1722 887 1777 fuerit
916 1729 1034 1791 post
1065 1719 1324 1823 hancIde—
1398 1755 1431 1823 ἡ
1484 1752 1615 1821 ἁγία
1665 1719 1760 1808 ξω,
1797 1767 1887 1821 μεΊ

1936 1750 2008 1820 μλη
2059 1747 2306 1809 σύνοδος,
2354 1746 2428 1809 ὼς
2502 1752 2607 1807 que
2632 1731 2959 1801 concilium,
3012 1736 3069 1779 ut
3115 1725 3158 1778 si
3214 1721 3531 1822 quidemn-

297 1816 593 1870 ﬁnitionem
619 1829 811 1868 usuras
836 1813 1081 1882 accipere
1100 1856 1113 1878 ,
1148 1811 1229 1865 vel
1259 1825 1326 1865 ex
1400 1810 1452 1898 ε’,
1467 1810 1552 1907 ﬂ;
1569 1810 1817 1914 εὑρεθείῆ

1935 1810 2008 1894 εά’
2029 1840 2120 1893 τὸν
2147 1839 2274 1907 ὅρον
2302 1835 2429 1890 τοῦ-
2505 1826 2744 1898 periatur
2822 1828 2941 1890 post
2988 1817 3128 1870 hanc
3196 1810 3530 1912 sanctionem

298 1908 536 1999 quolibet
576 1905 666 1999 tali
701 1905 915 1999 negotio
951 1904 1134 1999 turpia
1179 1902 1328 1999 130'?
1400 1951 1490 1986 τον
1518 1901 1709 1994 seu;
1742 1901 1888 1999 λα’με

1940 1946 2034 1981 νων
2060 1926 2126 1979 ἐκ
2177 1901 2432 1995 μεταχει-
2506 1930 2697 1972 usuras
2717 1924 2908 1981 capere
2935 1923 3001 1962 ex
3025 1901 3412 1973 negotiatione.
3443 1904 3535 1948 aut

300 1995 534 2060 sectari,
568 1994 652 2049 vel
681 1995 844 2048 etiam
872 1994 923 2047 in
944 1990 1146 2046 Grmcis
1172 1991 1331 2045 dimi-

302 2089 417 2141 dias
453 2087 777 2142 centesimas
806 2084 1015 2155 frugum
1046 2085 1110 2139 ad
1151 2098 1333 2138 sescu-

304 2179 448 2247 plum
481 2178 642 2244 dare;
671 2178 849 2232 omnis
876 2176 968 2248 qui
998 2175 1102 2230 tale
1134 2173 1333 2242 aliquid

305 2279 642 2325 commentus
702 2267 865 2322 fuerit
917 2267 986 2321 ad
1037 2276 1332 2334 quaestum,

305 2361 586 2417 escidetur
625 2361 689 2415 dc
723 2359 870 2414 clero
892 2400 907 2425 ,
943 2367 998 2413 et
1028 2357 1234 2411 alienus
1270 2357 1337 2411 ab

2915 821 3079 878 XVII.

2650 959 2727 1016 De
2754 957 2955 1013 clericis
2981 952 3362 1026 fenerantibus.

2559 1094 2822 1162 Quoniam
2868 1089 3111 1160 plerique
3165 1081 3520 1141 ecclesiastici

2489 1185 2767 1239 avaritiam
2805 1189 2862 1238 et
2904 1190 3113 1248 turpem
3138 1183 3402 1247 quaestum
3432 1186 3521 1228 se-

2490 1283 2720 1339 ctantes,
2739 1270 3130 1327 obliviscuntur
3157 1265 3353 1320 divina:
3374 1261 3527 1317 Scri-

2492 1378 2663 1439 ptura:
2711 1364 2984 1423 dicentis:
3040 1380 3058 1414 ι
3106 1359 3210 1426 Qui
3249 1357 3524 1427 pecuniam

2492 1480 2645 1519 suam
2686 1477 2790 1516 non
2838 1458 2981 1513 dedit
3023 1454 3091 1509 ad
3145 1466 3358 1507 usuram
3399 1462 3419 1501 :
3477 1457 3534 1500 et

2492 1558 2799 1615 fenerantes
2852 1547 3178 1605 centesimas
3234 1540 3457 1610 exigunt
3513 1554 3527 1591 :

1406 2024 1599 2093 ρίσεως
1625 2063 1638 2086 ,
1670 2019 1704 2090 ἢ
1737 1994 1912 2081 ἄλλως
1944 1994 2342 2088 μετερχόμενος
2374 2012 2436 2066 τὺ
2506 2008 2662 2063 aliter
2698 2017 2811 2060 rem
2844 2013 3001 2055 conse

1944 1994 2342 2088 μετερχόμενος
2374 2012 2436 2066 τὸ
2506 2008 2662 2063 aliter
2698 2017 2811 2060 rem
2844 1994 3182 2055 consectari.
3219 1998 3327 2093 aut.
3348 1998 3538 2093 sescu-

1405 2074 1656 2183 irtpé‘typai,
1779 2074 2032 2180 ἡμιολίας
2082 2074 2353 2167 simium}
2401 2102 2434 2173 ἢ
2509 2097 2623 2167 pias
2669 2104 2981 2183 exposcere,

1947 2074 2032 2170 ia;
2082 2074 2353 2167 ὶιῖτάπῶᾴ,
2401 2102 2434 2173 ἢ
2509 2097 2623 2167 pias
2669 2104 2981 2163 exposcere,
3032 2093 3141 2183 aut.
3185 2078 3339 2183 aliud
3384 2074 3542 2146 quid-

1406 2172 1593 2276 ἕτερόν
1614 2172 1665 2257 τί
1698 2172 1931 2257 ἐπινοῶν
1962 2197 2192 2269 αἰσχροῦ
2214 2196 2438 2268 κέρδους
2512 2189 2652 2258 piam
2674 2182 2980 2276 excogitare

1962 2197 2192 2269 αἰσχροῦ
2214 2196 2438 2268 κέρδους
2512 2189 2652 2258 piam
2674 2182 2980 2250 excogitare
3004 2174 3176 2245 turpis
3203 2172 3340 2276 lucri
3359 2181 3538 2276 causa:

1407 2256 1588 2362 ἕνεκα,
1622 2294 2082 2364 καθαιρεθήσεται
2099 2288 2193 2342 τοῦ
2214 2288 2437 2358 κλήρου,
2514 2279 2579 2335 de
2611 2276 2756 2332 clero
2796 2271 3002 2340 dejiciel

1944 2256 2193 2345 τεταῖτοῦ
2214 2256 2437 2358 κλῆρου,
2513 2256 2579 2335 de
2611 2276 2756 2332 clero
2796 2271 3100 2340 dejicietur,
3142 2276 3197 2322 et
3237 2262 3445 2319 alienus
3475 2256 3539 2312 ab

1409 2389 1506 2445 nati.
1544 2387 1825 2455 ἀλλότριος
1850 2381 1945 2437 τοῦ
1978 2379 2204 2442 κανόνος
2238 2376 2414 2431 ἔσται.

309 2456 679 2512 ecclesiastico
711 2454 997 2510 habebitur
1024 2452 1215 2523 gradu.

734 2638 920 2697 XVIII.

313 2772 363 2806 “
387 2772 467 2829 De
487 2774 815 2839 diaconibus,
842 2789 907 2828 ne
945 2788 1101 2842 supra
1124 2772 1341 2844 presby-

689 2854 825 2898 teros
848 2845 974 2898 sint.

1874 2641 1983 2693 lII'.

1413 2779 1555 2846 Περὶ
1581 2773 2000 2846 πρεσϐυτέρων
2022 2775 2454 2846 ,λαμϐανόντων

1486 2843 1648 2969 ,παῗά
1703 2845 1999 2898 διακόνων
2048 2843 2163 2912 τὴν
2200 2846 2453 2913 Εὐχαρί-

1488 2932 1566 2969 στ
1591 2932 1689 2969 αν.

1488 2932 1689 2970 στιαν.

391 3027 645 3082 Pervenit
672 3027 735 3081 ad
763 3036 1011 3082 sanctum
1033 3027 1344 3090 concilium,
1486 3024 1693 3082 Ἦλθεν
1719 3029 1800 3091 εἰς
1822 3027 1922 3100 τὴν
1950 3026 1984 3080 ἀ

856 3036 1011 3082 ictum
1033 3027 1344 3090 concilium,
1486 3024 1693 3082 Ἦλθεν
1719 3029 1800 3091 εἰς
1822 3027 1922 3100 τὴν
1950 3026 2114 3096 ἁγίαν
2143 3026 2238 3078 καὶ
2277 3026 2451 3095 μεγά-

317 3117 460 3187 quod
494 3117 547 3170 in
591 3116 722 3172 locis
765 3117 1085 3186 quibusdam
1114 3126 1168 3172 et
1214 3115 1346 3171 civi-
1418 3121 1520 3190 λην
1553 3118 1793 3179 σύνοδον,
1821 3119 1902 3171 ὅτι

863 3117 1085 3171 busdam
1114 3126 1168 3172 et
1214 3115 1346 3171 civi-
1418 3121 1520 3190 λην
1553 3118 1793 3179 σύνοδον,
1821 3119 1902 3171 ὅτι
1936 3116 1996 3171 ἕν
2037 3133 2146 3170 τισι
2191 3116 2381 3179 τόποις
2420 3116 2452 3184 ἦ

322 3210 519 3263 tatibus
540 3248 554 3273 ,
587 3209 917 3279 presbyteris
947 3215 1286 3273 sacramenta
1318 3222 1349 3261 a
1420 3210 1642 3274 πόλεσι,
1694 3205 1917 3279 πρεσόυ·

862 3209 917 3262 ’ίε
947 3215 1286 3273 sacramenta
1318 3222 1349 3261 a
1420 3210 1642 3274 πόλεσι,
1694 3205 2084 3279 πρεσόυτέροις
2132 3205 2233 3276 τὴν
2280 3206 2457 3275 Εὐχα-

319 3301 569 3355 diaconis
605 3301 827 3364 dentur;
869 3298 1012 3368 quod
1054 3310 1225 3365 neque
1259 3312 1349 3351 re-
1426 3299 1635 3370 ριστίαν
1671 3299 1719 3351 ot
1748 3297 1914 3351 5tdxm

869 3298 1012 3368 quod
1054 3310 1225 3365 neque
1259 3312 1349 3351 re-
1426 3299 1635 3370 ριστίαν
1671 3299 1719 3351 oi
1748 3297 1982 3351 διάκονοι
2023 3296 2256 3349 διδόασιν
2277 3312 2292 3327 ο
2320 3296 2456 3367 ὅπερ

322 3391 477 3461 gula.
524 3404 697 3459 neque
732 3386 1063 3443 consuetudo
1096 3386 1349 3452 tradidit;
1422 3388 1543 3443 οὔτε
1571 3391 1599 3442 ό
1621 3385 1917 3451 κανὼν,οὕι

865 3386 1063 3442 uetudo
1096 3386 1349 3452 tradidit;
1422 3388 1543 3443 οὔτε
1571 3391 1599 3442 ὁ
1621 3385 1957 3451 κανὼν,οὕτε
1978 3387 2010 3457 ἡ
2033 3386 2289 3459 συνήθεια
2312 3402 2456 3457 παρ-

327 3495 385 3538 υι
434 3484 486 3537 hi
521 3484 610 3553 qui
658 3481 920 3537 oli‘erendi
962 3479 1212 3535 sacriﬁcii
1244 3494 1349 3533 non
1425 3480 1594 3534 έδωκε
1621 3522 1636 3546 ,
1664 3480 1792 3543 τοὺς
1834 3480 1922 3546 ego

867 3482 920 3536 di
962 3479 1212 3535 sacriﬁcii
1244 3494 1349 3533 non
1425 3480 1594 3534 έδωκε
1621 3522 1636 3546 ,
1664 3480 1792 3543 τοὺς
1834 3479 2082 3546 ἐξουσίαν
2126 3478 2200 3550 μὴ
2234 3477 2456 3549 ἔχοντας

329 3574 528 3627 habent
567 3581 883 3642 potestatem
908 3611 924 3636 ,
975 3571 1059 3625 IIIS
1100 3570 1190 3640 qui
1221 3569 1356 3625 oll‘e-
1427 3566 1761 3638 προσφέρειν
1792 3566 1924 3620 τούτι

863 3588 883 3624 η
908 3611 924 3636 ,
975 3571 1059 3625 liis
1100 3570 1190 3640 qui
1221 3569 1356 3625 oll‘e-
1427 3566 1761 3638 προσφέρειν
1792 3566 2016 3629 τούτους
2064 3569 2178 3629 τοῖς
2222 3565 2458 3637 προσφέ-

327 3671 472 3728 runt,
490 3663 689 3719 Christi
713 3677 905 3732 corpus
928 3661 1222 3732 porrigant.
1250 3659 1355 3715 Sed
1435 3672 1586 3726 ρουσι
1604 3655 1881 3709 διδόναιτὸ
1904 3673 1922 3708 c

864 3677 905 3716 is
928 3661 1222 3732 porrigant.
1250 3659 1355 3715 Sed
1435 3672 1586 3726 ρουσι
1604 3655 1805 3709 διδόναι
1820 3655 1881 3708 τὸ
1904 3652 2062 3725 σῶμα
2084 3654 2177 3708 τοῦ
2196 3655 2459 3727 Χριστοῦ.

324 3762 378 3806 et
428 3752 557 3806 illud
606 3750 876 3816 innotuit,
948 3750 1088 3819 quod
1140 3749 1357 3816 quidam
1433 3745 1669 3796 Κάκεῖνο
1695 3744 1919 3814 δέἐγνωι

863 3790 876 3816 ,
948 3750 1088 3819 quod
1140 3749 1357 3816 quidam
1433 3745 1669 3796 Κόικεῖνο
1695 3744 1751 3796 δὲ
1768 3745 2070 3814 ἐγνωρίσθη
2093 3746 2174 3798 ὅτι
2195 3744 2297 3814 ἤδη
2319 3744 2458 3806 τινὲς

327 3840 538 3896 diaconi
632 3840 794 3895 etiam
855 3847 981 3893 ante
1048 3839 1360 3907 episcopum
1431 3832 1542 3885 τῶν
1579 3833 1842 3887 διακόνων
1885 3850 1919 3886 κ

866 3847 981 3893 ante
1048 3839 1360 3907 episcopum
1431 3832 1542 3885 τῶν
1579 3833 1842 3887 διακόνων
1885 3834 1982 3886 καὶ⁵
2041 3833 2145 3903 πρὸ
2191 3832 2300 3884 τῶν
2343 3835 2461 3886 ἐπι-

328 3941 668 3987 sacramenta
685 3931 1017 3999 contingant.
1042 3927 1165 3983 Haec
1179 3927 1362 3983 omnia
1436 3921 1653 3975 σκόπων
1673 3923 1770 3993 τῆς
1787 3923 1923 3994 Εὑχα

863 3936 1017 3999 ngam.
1042 3927 1165 3983 Haec
1179 3927 1362 3983 omnia
1436 3921 1653 3975 σκόπων
1673 3923 1770 3993 τῆς
1787 3922 2150 3994 Εὐχαριστίας
2174 3920 2458 3975 ἅπτονται.

324 4035 718 4097 amputentur:
764 4038 821 4081 et
851 4034 1107 4080 maneant
1151 4026 1363 4081 diaconi
1435 4011 1622 4066 Ταῦτα
1677 4008 1770 4065 οὖν
1830 4013 1919 4065 πά¹

865 4034 1107 4080 naneant
1151 4026 1363 4081 diaconi
1435 4011 1622 4066 Ταῦτα
1677 4008 1770 4065 οὖν
1830 4013 2011 4065 πάντα
2067 4010 2460 4081 περιῃρῆσθω,

333 4117 476 4170 intra
513 4116 782 4184 propriam
816 4128 1154 4168 mensuram:
1188 4114 1365 4169 scien-

336 4217 439 4270 tes,
472 4206 593 4276 quia
619 4207 991 4275 episcoporum
1019 4206 1235 4272 quidam
1263 4207 1365 4261 mi-

337 4296 494 4349 nistri
542 4304 666 4350 sunt
716 4315 730 4350 :
782 4295 1112 4366 presbyteris
1186 4304 1367 4350 autem

336 4387 626 4442 inferiores
692 4396 840 4442 sunt.
912 4387 1192 4457 Accipiant
1242 4403 1372 4456 ergo

336 4482 732 4538 Eucharistiam
781 4484 1073 4537 secundum
1131 4481 1373 4535 ordinem

335 4584 459 4644 post
492 4574 830 4643 presbyteros
873 4575 940 4629 ab
985 4573 1236 4643 episcopo
1288 4573 1374 4626 vel

335 4684 365 4721 a
413 4667 741 4736 presbytero.
785 4665 937 4732 Quod
978 4665 1024 4719 si
1063 4681 1167 4720 non
1216 4664 1377 4720 luerit

333 4759 394 4814 in
477 4757 728 4824 prazseuti
797 4756 881 4810 vel
944 4756 1226 4826 episcopus
1294 4757 1378 4810 vel

338 4848 655 4915 presbyter,
687 4854 812 4898 tunc
866 4845 966 4913 ipsi
1014 4845 1286 4913 proferant
1325 4852 1379 4898 et

338 4939 492 4992 dent.
528 4937 632 4992 Sed
689 4950 787 4991 nec
832 4938 1019 4991 sedere
1063 4935 1275 5005 quidem
1325 4936 1375 4989 in

342 5027 524 5082 medio
569 5027 999 5097 presbyterorum
1059 5027 1216 5080 liceat
1263 5026 1378 5079 dia-

341 5118 527 5172 (.‘t'tlllS:
553 5130 704 5173 ertra
731 5116 966 5187 regulam
989 5117 1128 5170 enim
1151 5126 1205 5171 et
1224 5124 1377 5171 extra

346 5209 746 5263 ordinationem
792 5217 874 5264 est
921 5215 975 5261 ut
1023 5209 1123 5262 hoc
1168 5209 1280 5262 ﬁat.
1322 5208 1381 5264 Si

345 5299 474 5368 quis
508 5308 687 5352 autem
718 5314 824 5353 non
853 5299 964 5352 vult
990 5298 1074 5354 his
1101 5312 1222 5355 esse
1251 5298 1375 5354 sub-

340 5391 547 5460 jectus,
583 5389 745 5443 etiam
772 5398 893 5458 post
935 5389 1074 5442 hanc
1102 5388 1378 5445 diliinitio-

349 5495 479 5536 nem
509 5489 684 5536 cesset
716 5495 836 5535 esse
864 5479 1142 5535 diaconus.

432 5697 584 5751 “Al.
628 5697 698 5752 De
726 5697 933 5751 clericis
961 5698 1052 5764 qui
1089 5713 1276 5754 usuras
1313 5699 1597 5767 accipiunt.
1674 5692 1720 5757 ⁸,⁵
1746 5696 1883 5749 ιιδςιι.
1921 5711 2027 5755 xlv.
2063 5695 2113 5748 ὃ.

1438 4101 1533 4153 καὶ
1575 4100 1964 4171 ἐμμενέτωσαν
2002 4101 2052 4154 oi
2081 4100 2321 4154 διάκονοι
2350 4104 2466 4166 τοῖς

1443 4191 1593 4255 ἰδίοις
1621 4193 1861 4264 μέτροις,
1902 4192 2103 4256 εἰδότες
2135 4194 2218 4247 ὅτι
2249 4192 2341 4246 τοῦ
2368 4193 2467 4263 μὲν

1442 4283 1741 4337 ἐπισκόπου
1792 4284 2062 4354 ὑπηρέται
2096 4284 2232 4347 εἰσὶ,
2270 4282 2377 4337 τῶν
2411 4284 2467 4335 δὲ

1445 4374 1713 4444 πρεσϐυτέ
1722 4392 1828 4444 ρων
1850 4375 2101 4438 ἐλάττους
2122 4374 2466 4446 τυγχάνουσι.

1444 4461 1883 4531 Λαμσανέτωσαν
1912 4461 1968 4515 δέ
2009 4462 2150 4516 κατὰ
2190 4461 2346 4528 τάξιν
2372 4464 2470 4535 τὴν

1448 4553 1814 4631 Εὑχαριστίαν
1853 4552 1990 4624 μετὰ
2012 4553 2139 4617 τοὺς
2173 4553 2472 4625 πρεσϐυτέ-

1450 4661 1597 4715 ρους,
1637 4643 1670 4713 ἥ
1717 4642 1810 4696 τοῦ
1844 4644 2144 4697 ἐπισκόπου
2172 4645 2355 4709 αὐτοῖς
2391 4646 2472 4698 δι-

1448 4735 1647 4800 δόντος,
1679 4734 1711 4805 ἦ
1756 4734 1851 4788 τοῦ
1886 4735 2272 4805 πρεσϐυτέρου.
2314 4735 2473 4789 Ἀλλὰ

1454 4826 1591 4895 μήτε
1624 4823 1895 4893 καθῆσθαι
1924 4825 1981 4878 ὲν
2006 4825 2156 4894 μέσῳ
2208 4824 2316 4877 τῶν
2338 4841 2471 4894 πρε-

1448 4916 1729 4986 σϐυτέρων
1787 4916 1986 4982 ἐξέστω
2039 4919 2152 4978 τοῖς
2183 4915 2471 4978 διακόνοις.

1448 5007 1605 5076 Παρὰ
1641 5005 1840 5061 κανόνα
1876 5006 1986 5077 γὰρ
2014 5006 2108 5058 καὶ
2137 5005 2286 5076 παρὰ
2318 5004 2472 5072 τάξιν

1452 5099 1568 5151 ἐστὶ
1611 5098 1671 5150 τὸ
1716 5097 2020 5165 γινόμενον.
2062 5097 2122 5149 El
2176 5097 2234 5148 δέ
2280 5113 2360 5158 τις
2401 5095 2476 5166 μὴ

1455 5190 1599 5245 θέλοι
1653 5190 1990 5261 πειθαρχεῖν,
2018 5192 2111 5243 καὶ
2159 5190 2297 5258 μετὰ
2349 5190 2475 5250 τοὺς

1453 5286 1610 5357 ὅρους
1634 5284 1931 5340 πεπαύσθω
1957 5284 2054 5355 τῆς
2078 5281 2370 5345 διακονίας.

2515 2365 2885 2426 ecclesiastico
2919 2360 3109 2419 ordine
3134 2357 3260 2412 erit.

2942 2629 3127 2688 XVIII.

2527 2778 2602 2831 De
2653 2768 2959 2845 presbyteris
3008 2761 3379 2845 accipientibus
3417 2757 3523 2812 Ειι-

2721 2832 3024 2896 εΙιᾶτὶειίαηι
3047 2852 3080 2888 a
3108 2832 3369 2887 diaconis.

2597 3038 2848 3097 Pervenit
2865 3036 2932 3090 ad
2949 3039 3195 3089 sanctum
3219 3036 3275 3085 et
3297 3039 3553 3097 magnum

2526 3130 2852 3194 concilium,
2912 3123 3056 3195 quod
3115 3122 3170 3177 in
3228 3116 3552 3189 quibusdam

2527 3221 2660 3278 locis
2692 3228 2745 3275 et
2774 3217 2998 3273 urbibus
3028 3211 3244 3269 diaconi
3275 3210 3556 3280 presbyte-

2528 3314 2603 3369 ris
2636 3307 3031 3366 Eucbaristiam
3062 3303 3372 3374 praebeant:
3411 3297 3555 3368 quod

2530 3414 2701 3472 neque
2750 3412 2960 3462 canon,
3006 3407 3181 3464 neque
3223 3388 3556 3446 consuetudo

2531 3492 2788 3557 tradidit,
2833 3497 2894 3543 ut
2941 3485 3034 3556 qui
3066 3490 3388 3553 potestatem
3422 3477 3558 3535 σπεα-

2534 3582 2682 3637 rendi
2712 3594 2814 3635 non
2838 3577 3056 3654 habent,
3079 3574 3162 3630 his
3185 3572 3275 3643 qui
3299 3569 3557 3632 oﬁ‘erunt,

2534 3684 2730 3741 corpus
2792 3667 2995 3724 Christi
3065 3664 3362 3735 porrigant.
3426 3659 3559 3714 lllud

2536 3764 2696 3816 etiam
2741 3759 3005 3823 innotuit,
3036 3756 3176 3826 quod
3202 3755 3314 3824 jam
3343 3753 3560 3822 quidam

2535 3867 2603 3907 ex
2633 3850 2874 3905 diaconis
2911 3849 3060 3917 prius
3091 3861 3250 3914 quam
3284 3841 3559 3911 episcopi,

2539 3942 2931 3999 Eucharistiam
2953 3940 3236 4005 attingant.
3251 3934 3443 3991 Omnia
3469 3935 3564 4002 igi-

2543 4045 2630 4088 tur
2667 4034 2770 4088 ista
2800 4036 3164 4099 amputentur,
3211 4034 3268 4080 et
3312 4030 3564 4079 maneant

2542 4123 2753 4178 diaconi
2812 4120 2866 4174 in
2920 4131 3017 4173 suo
3065 4116 3280 4178 ordine,
3333 4112 3565 4169 scientes

2542 4212 2682 4281 quod
2717 4208 3086 4277 episcoporum
3120 4202 3354 4259 ministri
3400 4209 3560 4265 sunt,

2542 4311 2597 4357 et
2618 4298 2943 4371 presbyteris
2965 4296 3247 4350 inferiores
3264 4293 3561 4348 exsistunt:

2545 4390 2814 4458 accipiant
2857 4385 3252 4451 Eucharistiam
3299 4398 3398 4437 suo
3446 4383 3565 4436 loco

2547 4492 2668 4551 post
2735 4480 3115 4550 presbyteros,
3177 4474 3261 4529 vel
3316 4473 3567 4543 episcopo

2544 4569 2744 4631 dante,
2786 4564 2868 4619 vel
2923 4563 3258 4632 presbytero.
3313 4559 3418 4614 Sed
3466 4571 3569 4612 nec

2545 4664 2736 4714 sedere
2779 4657 3020 4712 diaconis
3051 4655 3103 4708 in
3132 4652 3310 4707 medio
3340 4651 3567 4719 presby-

2548 4758 2784 4803 terorum
2817 4747 3017 4800 liccat:
3071 4751 3264 4811 praeter
3307 4752 3565 4794 canonem

2546 4837 2687 4890 enim
2716 4843 2771 4889 et
2822 4833 3067 4888 ordinem
3105 4837 3188 4884 est
3216 4827 3359 4897 quod
3389 4824 3468 4879 ﬁt.
3511 4824 3565 4878 Si

2547 4926 2666 4994 quis
2721 4932 2897 4979 autem
2944 4934 3130 4990 parere
3177 4915 3408 4971 noluerit
3450 4923 3569 4983 post

2549 5015 2859 5071 sanctiones
2903 5013 3001 5068 has
3023 5050 3039 5078 ,
3070 5008 3280 5066 desinat
3299 5016 3419 5062 esse
3454 5001 3568 5057 dia-

2550 5121 2735 5162 conus.

2195 5695 2238 5725 5“
2266 5692 2346 5744 ΑΙ.
2390 5693 2461 5745 De
2507 5680 2796 5760 privilegiis
2821 5685 3283 5754 presbyterorum.
