4038 6148
567 267 705 335 1335

999 389 1149 447 XIX.

557 495 603 528 ⁸⁷
628 497 701 551 De
721 495 1082 572 Paulianiuie,
1112 521 1239 572 quos
1265 505 1587 565 ﬂomuucio—

889 569 1024 624 nitas
1060 569 1260 628 uocant.

625 805 681 861 Si
711 809 800 876 qui
824 810 1163 883 confugerint
1183 818 1251 873 ad
1280 818 1581 880 Ecclesiam

553 896 620 951 de
663 897 1044 970 Paulianistis,
1099 915 1360 965 statutum
1394 914 1466 968 sit
1498 930 1584 971 re-

553 985 811 1056 baptizari
849 1006 944 1046 eos
977 997 1124 1049 omni
1162 1004 1342 1056 modo.
1381 1003 1438 1059 Si
1490 1011 1580 1077 qui

552 1090 680 1131 vero
706 1080 888 1136 clerici
910 1096 1068 1143 erant
1096 1092 1234 1159 apud
1269 1109 1380 1161 eos,
1412 1100 1581 1168 siqui—

548 1166 672 1222 dem
732 1170 1087 1243 inculpabiles
1131 1181 1333 1239 inventi
1377 1166 1583 1245 fuerint

548 1268 603 1312 et
668 1257 1209 1337 irreprehensibiles,
1257 1277 1577 1346 rebaptizati

548 1349 711 1438 etiam
738 1353 1062 1414 ordinentur
1088 1363 1155 1418 ab
1179 1366 1448 1438 episcopis
1474 1369 1579 1427 Ec-

549 1436 727 1495 clesiae
752 1444 1052 1502 catholicae.
1082 1448 1138 1504 Si
1163 1465 1345 1509 autem
1366 1436 1576 1515 exami-

548 1528 661 1583 nati
685 1531 862 1588 minus
882 1538 988 1603 apti
1013 1537 1216 1598 fuerint
1233 1544 1579 1619 deprehensi,

548 1619 742 1687 deponi
784 1638 878 1681 eos
920 1641 1146 1696 oportet.
1186 1634 1448 1694 Similiter
1482 1656 1582 1696 au-

550 1719 654 1763 tem
732 1723 787 1768 et
854 1717 1000 1776 circa
1069 1725 1342 1797 diaeones,
1407 1745 1463 1790 et
1507 1740 1574 1794 de

543 1803 793 1861 onmibus
816 1809 908 1877 qui
940 1812 992 1866 in
1027 1815 1174 1872 clero
1198 1819 1568 1894 inveniuntur,

542 1892 729 1949 eadem
763 1896 937 1956 forma
963 1910 1284 1977 servabitur.
1326 1892 1571 1977 Comme;

543 1988 874 2046 moravimus
926 1996 1088 2052 etiam
1135 2001 1202 2058 de
1250 2006 1570 2069 diaconissis

541 2072 649 2141 his,
696 2093 815 2147 quas
855 2080 908 2137 in
957 2085 1058 2144 hoc
1098 2095 1288 2151 ordine
1339 2099 1569 2161 inventae

540 2177 700 2236 sunt,
731 2186 850 2241 quas
882 2192 981 2234 nec
1028 2196 1224 2243 manus
1270 2189 1568 2262 impositio-

542 2271 664 2312 nem
695 2261 932 2335 aliquam
967 2268 1185 2343 habent,
1220 2278 1291 2336 ita
1330 2261 1388 2338 ut
1419 2289 1564 2344 omni

537 2362 736 2416 genere
761 2352 907 2413 inter
924 2357 1091 2420 laieas
1120 2366 1437 2431 habeantur.

528 2821 687 2913 "
721 2831 912 2913 diebus
954 2838 1247 2913 Dominicis
1278 2860 1328 2905 et
1368 2851 1558 2913 Pente-

577 2905 764 2967 costes,
797 2913 854 2957 ut
892 2906 947 2960 in
968 2910 1043 2965 eis
1063 2923 1261 2972 stantes
1290 2905 1516 2982 aridi}.

593 3002 858 3071 Quoniam
884 3025 1013 3072 sunt
1046 3021 1100 3075 in
1154 3024 1240 3080 die
1277 3026 1556 3091 Dominica

529 3095 748 3163 quidam
784 3103 853 3157 ad
912 3110 1212 3168 orationem
1247 3130 1420 3187 genua
1459 3124 1558 3193 tle-

523 3193 755 3253 ctentes,
794 3193 928 3250 etin
951 3195 1144 3256 diebus
1180 3204 1554 3283 Pentecostes;

521 3286 815 3347 propterea
857 3283 1045 3357 itaque
1078 3302 1163 3347 est
1199 3301 1554 3364 constitutum

518 3382 548 3420 a
583 3381 781 3444 sancta
809 3380 1051 3447 synodo,
1081 3388 1335 3453 quoniam
1358 3408 1555 3453 censo-

515 3470 587 3511 na
607 3467 662 3514 et
684 3469 1014 3527 conveniens
1042 3487 1139 3542 per
1167 3491 1357 3538 omnes
1379 3487 1553 3542 eccle-

515 3547 629 3604 sias
665 3557 1016 3615 custodienda
1070 3572 1413 3630 consuetudo
1432 3590 1516 3634 est
1535 3622 1548 3645 ,

515 3647 577 3693 ut
609 3651 820 3700 stantes
869 3651 936 3703 ad
970 3656 1272 3713 orationem
1324 3661 1548 3726 Domino

512 3739 637 3784 vota
666 3734 971 3797 reddamus.

584 3821 698 3931 Has
722 3828 912 3899 viginti
944 3834 1087 3906 leges
1110 3854 1331 3905 sanctus
1355 3851 1442 3908 ille
1467 3859 1842 3933 episcoporqu
1866 3882 2082 3925 conses-
2109 3878 2156 3934 Α
2251 3875 2357 3929 Τού

436 3934 455 3949 -
514 3926 610 4015 sus
674 3918 728 3972 in
777 3930 1073 4019 praesentia
1128 3932 1239 3991 Deo
1287 3918 1589 4006 charissimi
1632 3918 1686 4009 et
1746 3956 2080 4016 celeberrimi
2187 3965 2343 4019 συνέδ

514 4014 860 4107 imperatoris
885 4017 1250 4095 Constantini,
1287 4031 1356 4088 de
1389 4039 1864 4105 administratione
1903 4054 2080 4107 eccle-

511 4096 1147 4194 siasticascripserunt.
1205 4119 1526 4187 Statuerant
1570 4096 1751 4191 autem
1800 4149 1857 4194 et

507 4189 728 4301 quidem
752 4193 918 4301 leg-ef!
946 4205 1182 4301 episcopi
1243 4213 1420 4287 ferre,
1458 4235 1617 4291 quam

508 4281 696 4379 nntius
724 4288 1001 4352 prohibuit
1030 4315 1046 4351 :
1070 4299 1137 4354 de
1163 4281 1724 4383 quooperae-pretium
1896 4281 2077 4380 ιιῖξίὸ-

508 4367 645 4425 riam
705 4389 937 4438 narrare
983 4367 1340 4451 admiratione
1393 4400 1446 4454 di

506 4459 835 4573 apibus-dam-
888 4474 1154 4573 episcopis
1195 4482 1250 4537 in
1314 4492 1546 4548 concilio
1584 4513 1777 4555 novam
1810 4501 1980 4573 legem
2016 4507 2069 4561 in

506 4546 748 4650 Ecclesia
781 4546 1131 4635 constituere,
1162 4581 1222 4625 ει·
1268 4585 1328 4630 ιιι
1355 4577 1423 4632 de
1456 4581 1574 4639 aliis
1602 4586 1762 4644 rebus
1809 4546 2067 4650 eclclesia-

502 4639 679 4711 sticls,
698 4644 779 4703 sic
804 4658 861 4705 et
883 4666 1001 4709 um
1028 4671 1246 4732 rogare,

1034 4852 1262 4916 CAPUT
1296 4859 1509 4925 XXXII.

713 4972 817 5011 non
868 4974 1106 5030 oporteat
1178 4975 1551 5056 ecclesiasticos

1184 5059 1389 5112 ejicere.

500 4947 653 5014 Quod

492 5246 939 5350 sive-episcopos,
965 5261 1079 5317 sive
1101 5269 1462 5340 presbyteros,
1494 5274 1609 5332 sive
1629 5278 1907 5350 diaconos,
1933 5286 2054 5343 sive
2160 5311 2184 5348 e

488 5339 868 5415 subdiaconus,
901 5361 993 5406 aut
1016 5353 1150 5412 alios
1181 5339 1530 5434 quoscunque
1551 5370 1693 5425 sacri
1730 5372 1873 5429 illius
1907 5378 2052 5432 ordi-

1784 295 2085 359 GELASH:
2121 304 2480 364 CYZICENI.

2126 416 2229 471 18'.

1657 523 1794 587 Περὶ
1817 521 1939 603 τῶν
1977 526 2046 581 ἐκ
2339 533 2445 587 τοῦ
2468 537 2700 603 rapac-

1726 593 1914 672 ατξως
1959 602 2424 672 προσελθόντων
2482 604 2521 672 ἦ
2550 593 2698 672 31.00-

1724 662 2096 742 o'tdrtwr‘zﬁ
2120 670 2410 741 καθολικῇ
2448 662 2697 742 Ἑκκᾶη-

1724 730 1851 798 σιᾳ.

1727 842 1863 914 Περὶ
1895 845 2006 900 τῶν
2038 849 2538 919 Παυλιανισάντων,
2571 850 2693 911 εἶτα

1656 936 2081 1003 προσφυγόντων
2124 941 2191 1011 τῇ
2236 940 2499 1016 καθολικῇ
2567 945 2690 999 Ἐκ-

1653 1021 1853 1094 κ).ησίᾳ
1877 1064 1893 1088 ,
1936 1025 2063 1095 ὅρος
2109 1028 2412 1085 ὲκτέθειται
2434 1071 2450 1095 ,
2483 1034 2689 1088 ἀναόαο

1654 1112 1940 1177 πτίζεσθαι
1962 1118 2161 1182 αὐτοὺς
2184 1120 2509 1185 ὲξάπαντος.
2541 1124 2603 1176 Εἰ
2628 1125 2687 1179 δέ

1651 1220 1796 1268 τινες
1828 1207 1887 1259 ὲν
1928 1206 2007 1274 τῷ
2040 1208 2444 1280 παρεληλυθότι
2485 1215 2666 1284 χρόνῳ

1652 1296 1710 1348 ὲν
1740 1295 1819 1365 τῷ
1848 1296 2035 1368 κλήρῳ
2068 1299 2467 1371 ἐξητάσθησαν,
2494 1304 2544 1355 εἰ
2586 1305 2687 1372 μὲν

1652 1384 1932 1455 ἄμεμπτοι
1952 1388 2047 1441 καὶ
2067 1389 2426 1459 ἀνεπίληπτοι
2445 1395 2682 1460 φανεῖεν,

1651 1474 2150 1542 ἁναῦαπτισθέντες
2170 1481 2685 1550 χειροτονείσθωσαν

1656 1562 1761 1616 ὑπὸ
1811 1564 1904 1617 τοῦ
1949 1566 2048 1635 τῆς
2105 1567 2431 1640 Ἐκκλησίας
2458 1574 2683 1627 ἐπισκόο

1656 1672 1791 1708 που·
1829 1658 1878 1709 εἰ
1922 1658 1977 1712 δὲ
2006 1660 2397 1731 ἀνακριθέντες
2423 1665 2683 1737 ἀνεπιτή-

1642 1746 1772 1800 δειοι
1805 1748 2170 1820 εὑρίσκονται,
2196 1752 2574 1824 καθαιρεῖσθαι
2591 1758 2686 1810 αὐ-

1642 1840 1766 1901 τοὺς
1782 1841 2071 1910 προσήκει.
2087 1842 2359 1908 Ὡσαύτως
2371 1845 2429 1899 δὲ
2449 1848 2542 1899 καὶ
2561 1863 2628 1899 πε
2637 1848 2687 1919 pl.

1641 1928 1748 1980 τῶν
1785 1929 2047 1984 διακόνων
2069 1931 2227 2005 (27⁸),
2256 1935 2352 1988 καὶ
2391 1935 2528 1999 ὅλως
2557 1937 2686 2007 περὶ

1641 2018 1750 2073 τῶν
1793 2020 1850 2074 ἐν
1889 2021 1968 2090 τῷ
2011 2022 2161 2093 αὐτῷ
2192 2024 2381 2077 κανόνι
2430 2025 2684 2090 ἐξεταζο-

1643 2109 1822 2180 μένων
1854 2113 1884 2164 ὀ
1931 2112 2093 2176 αὐτὸς
2134 2113 2307 2178 τύπος
2340 2116 2683 2188 φυλαχθήσε-

1638 2214 1747 2251 ται.
1789 2199 2175 2272 Ἐμνήσθημεν
2217 2203 2275 2257 δὲ
2312 2204 2539 2259 καὶτῶν
2564 2207 2681 2261 δια-

1639 2290 1923 2356 κονισσῶν,
1968 2292 2079 2346 τῶν
2120 2295 2179 2349 ἐν
2221 2296 2407 2361 αὐτοῖς
2428 2340 2442 2363 ,
2476 2300 2587 2354 τῶν
2616 2305 2675 2356 ὲν

1637 2382 1719 2454 τῷ
1745 2387 1987 2455 σχήματι
2005 2387 2422 2457 ἐξετασθεισῶν,
2450 2395 2571 2448 ἐπεὶ
2600 2399 2675 2469 μὴ

1637 2475 1979 2543 χειροθεσίαν
2032 2481 2156 2534 τινὰ
2191 2480 2432 2551 ἔχουσιν,
2481 2486 2557 2550 ὡς
2593 2487 2677 2554 ἐξ·

1636 2565 1874 2630 ἅπαντος
1902 2570 1958 2623 ὲν
1988 2574 2102 2636 τοῖς
2141 2573 2354 2640 λαῖκοτς
2386 2577 2556 2642 αὐτὰς
2585 2579 2672 2643 ἐξ·

1634 2655 1953 2722 ετάζεσθαι.

2102 2776 2193 2830 Κν.

3672 323 3807 390 Ῑ33θ

3218 430 3358 491 χιιι.

2774 532 2878 606 De_
2906 538 3238 595 redeuntibus
3290 559 3356 597 ea:
3404 544 3595 601 Ita‘rest‘
3648 548 3806 606 Pauli

2838 601 3170 663 Samosatem‘
3190 613 3271 732 (od
3296 610 3586 670 Ecclesium
3624 601 3805 675 catino;

3213 697 3370 735 team.

2836 847 2893 902 Si
2933 849 3023 918 qui
3058 864 3122 905 ex
3152 851 3431 911 Paulianis
3460 857 3803 928 confugerint

2763 938 2829 993 ad
2875 937 3171 995 Ecclesiam
3219 943 3583 1011 catholicam,
3634 957 3801 1005 statu-

2764 1036 2875 1080 tum
2919 1036 3003 1083 est
3052 1041 3149 1083 eos
3208 1032 3431 1086 omnino
3471 1033 3797 1100 rebaptizari

2761 1117 2976 1174 debere.
3019 1118 3075 1174 Si
3126 1119 3219 1190 qui
3266 1123 3503 1179 antehac
3549 1125 3603 1179 in
3652 1126 3801 1182 clero

2760 1214 3025 1268 numerati
3049 1226 3201 1282 sunt,
3242 1216 3511 1287 siquidem
3536 1217 3801 1291 inculpati

2757 1312 2814 1357 et
2843 1305 2961 1358 sine
2992 1305 3413 1375 reprehensione
3434 1309 3543 1364 visi
3568 1309 3795 1374 fuerint,

2758 1392 2936 1447 denuo
3008 1393 3267 1465 baptizati
3341 1397 3665 1453 ordinentur
3731 1399 3796 1453 ab

2756 1481 3015 1539 Ecclesiae
3068 1484 3353 1540 catholicae
3400 1487 3680 1558 episcopo.
3737 1488 3793 1545 Si

2758 1585 2885 1625 vero
2918 1573 3213 1627 examinati
3243 1574 3425 1630 minus
3462 1576 3646 1632 idonei
3674 1591 3793 1633 esse

2756 1663 3181 1731 comperiantur,
3215 1665 3408 1734 deponi
3438 1681 3535 1723 eos
3558 1678 3789 1737 oportet.

2764 1754 3027 1811 Similiter
3067 1768 3244 1812 autem
3293 1768 3348 1813 et
3392 1760 3459 1814 de
3513 1760 3790 1828 diaconis,

2757 1857 2811 1904 et
2850 1849 2971 1905 aliis
2996 1852 3252 1907 omnibus
3284 1854 3670 1912 ecclesiaSticis
3698 1873 3790 1912 ea-

2756 1943 2879 1997 dem
2906 1943 3077 1999 forma
3100 1948 3433 2003 servabitur.
3459 1948 3784 2007 Mentionem

2757 2049 2935 2093 autem
2961 2039 3189 2097 facimus
3209 2043 3276 2097 de
3295 2043 3640 2109 diaconissis,
3666 2062 3783 2117 qua:

2755 2129 2809 2183 in
2847 2129 3035 2186 eodem
3078 2129 3269 2186 ordine
3309 2145 3420 2187 nou
3453 2133 3689 2199 habent,
3725 2145 3782 2192 ut

2752 2224 2974 2281 omnino
2994 2225 3138 2282 inter
3163 2227 3332 2283 ωεοε
3359 2238 3711 2286 censeantur.

3208 2779 3320 2834 XX.

1632 2880 1773 2948 Περὶ
1813 2882 1932 2938 τῶν
1981 2885 2052 2963 ἐξ·

2201 2891 2470 2961 Κιφιακῇ
2516 2894 2664 2963 γόνυ
2734 2892 2812 2948 De
2842 2909 2977 2963 genu
3006 2894 3336 2963 ﬂectentibus
3376 2894 3433 2948 in
3465 2898 3553 2954 die
3589 2895 3772 2955 llo-tib

1970 2958 2327 3015 κλινόντων.

1715 3063 1933 3137 Ἐπειδή
1958 3066 2064 3120 εἰσί
2092 3085 2236 3133 τινες
2266 3072 2325 3125 ὲν
2351 3075 2415 3145 τῇ
2449 3074 2659 3147 Κυρια-

3189 2978 3327 3022 ηιεο.

2804 3073 3067 3141 Quoniam
3119 3084 3247 3132 sunt
3275 3077 3533 3149 quidam,
3585 3079 3675 3150 qui
3706 3079 3762 3136 iu

1632 3157 1702 3225 κῇ
1724 3155 1853 3223 γόνυ
1885 3157 2064 3212 κλίνον

2166 3200 2180 3225 ,
2205 3162 2300 3217 καὶ
2325 3164 2383 3218 ὲν
2414 3169 2538 3231 ταῖς
2559 3166 2661 3236 τῆς
2730 3161 2818 3218 die
2862 3163 3144 3221 Dominico
3198 3182 3375 3238 genua
3410 3167 3663 3236 ﬂectunt,
3702 3177 3762 3226 et

1631 3246 2010 3320 Πεντηκοστῆς
2047 3252 2069 3319 ’ἦ

2166 3270 2281 3322 ραις
2303 3270 2318 3286 ·
2362 3256 2500 3330 ὑπὲρ
2536 3258 2659 3313 τού-
2730 3261 2782 3315 in
2828 3260 3014 3315 diebus
3051 3259 3402 3341 Pentecostes
3432 3281 3449 3319 :
3477 3274 3534 3317 ut
3568 3264 3756 3319 omnia

1626 3353 1722 3390 του
1773 3338 1948 3394 πάντα
1994 3341 2069 3411 όμε

2167 3361 2194 3407 ς
2226 3344 2286 3399 ὲν
2326 3345 2479 3419 πάσῃ
2514 3367 2656 3422 παρ·
2727 3348 2782 3402 in
2817 3350 3071 3405 omnibus
3121 3338 3368 3407 ecclesiis
3422 3353 3766 3409 concorditer

1624 3426 1774 3500 οικία
1841 3431 2069 3502 ὁμοφρόε.

2234 3435 2603 3504 φυλάττεσθαι
2632 3481 2648 3507 ,
2725 3451 3030 3508 serventur,
3065 3440 3263 3511 placuit
3289 3452 3480 3500 sancto
3507 3443 3763 3510 concilio,

1624 3518 1865 3584 ἑστῶτας
1893 3520 2037 3586 ἔδοξε
2060 3539 2069 3556 ι

2168 3523 2302 3598 ἁγίᾳ
2330 3530 2530 3602 συνόδῳ
2557 3532 2653 3597 τὰς
2724 3540 2930 3586 stantes
3001 3547 3188 3604 preces
3259 3549 3385 3591 suas
3455 3536 3572 3593 Deo
3639 3535 3762 3590 redo

1622 3608 1786 3680 εὐχὰς
1814 3610 2118 3666 ἀποδιδόναι
2141 3614 2219 3687 τῷ
2250 3617 2454 3692 Κυρίῳ.

2729 3623 2878 3678 dere.

2363 3894 2487 3941 τους
2519 3879 2646 3945 τοὺς
2685 3884 2859 3937 εἴκοσι
2890 3885 3089 3956 νόμους
3120 3886 3182 3941 τὸ
3210 3888 3340 3943 αὐτὸ
3371 3889 3527 3959 ἅγιον
3577 3891 3755 3946 αὐτῶν

2349 3983 2461 4038 ριον
2483 3969 2579 4021 ἐπὶ
2605 3974 2877 4045 παρουσίᾳ
2910 3975 3002 4029 τοῦ
3029 3975 3443 4046 θεοφιλεστάτου
3471 3983 3568 4036 καὶ
3611 4000 3751 4037 παν-

2183 4057 2430 4126 ευφήμου
2482 4060 2746 4131 βασιλέως
2778 4067 3209 4135 Κωνσταντίνου,
3247 4072 3377 4143 περὶ
3415 4074 3514 4144 τῆς
3548 4074 3748 4145 ἐκκλη-

1914 4142 2078 4197 aliam
2184 4152 2469 4215 σιαστικῆς
2514 4154 2790 4220 πολιτείας
2838 4161 3167 4232 ἐγράψαντο.
3223 4163 3646 4220 Ἐϐουλεύσαντο
3691 4166 3746 4220 δὲ

2180 4239 2275 4290 καὶ
2319 4238 2504 4310 ἕτερον
2545 4243 2711 4314 νόμον
2763 4247 3017 4304 ἐκθέσθαι
3050 4250 3209 4324 [forte
3257 4257 3399 4309 deest
3437 4255 3605 4329 τινὲς]
3639 4255 3745 4308 τῶν

2179 4328 2511 4397 ἐπισκόπων,
2551 4333 2610 4388 ὃν
2629 4337 2656 4389 ὁ
2687 4335 2828 4401 θεῖος
2856 4340 3096 4394 ἐκώλυσε
3129 4343 3490 4413 Παφνούτιος,
3526 4346 3658 4417 περὶ
3680 4339 3740 4399 οὗ

1450 4418 1629 4472 gnam.
1703 4411 1887 4467 Visum
1956 4428 2069 4471 erat

2176 4419 2469 4488 ἀναγκαῖον
2524 4423 2709 4496 ᾠήθην
2754 4429 3121 4501 διηγήσασθαι
3173 4411 3434 4504 μεγίστου
3462 4411 3739 4505 θαύμίατος

2173 4508 2321 4574 ἄξιον
2372 4512 2632 4585 διήγημα.
2688 4519 2892 4574 Ἐδόκει
2921 4523 3034 4576 τισὶ
3072 4523 3180 4578 τῶν
3224 4526 3541 4580 ἐπισκόπων
3569 4527 3729 4597 νόμον

2171 4602 2363 4671 νεαρὸν
2404 4606 2484 4668 εἰς
2506 4607 2603 4677 τὴν
2634 4609 2957 4682 Ἐκκλησίαν
2976 4615 3291 4684 εἰσαγαγεῖν
3324 4618 3383 4671 ἐν
3411 4620 3478 4689 τῇ
3508 4617 3731 4685 συνόδῳ,

2090 4702 2093 4706 ’
2170 4687 2246 4752 ὡς
2271 4691 2396 4761 περὶ
2421 4692 2528 4746 τῶν
2559 4695 2732 4751 ἄλλων
2748 4702 2846 4770 τῆς
2875 4701 3219 4774 Ἐκκλησίας,
3251 4706 3396 4760 οὕτω
3417 4687 3513 4761 καὶ
3538 4704 3728 4759 τοῦτον

2169 4780 2368 4849 ὁρίσαι.

1632 5003 1785 5043 suam
1847 5009 2062 5050 uxorem

2729 4903 2979 4961 ΚΕΦΑΛ.
3018 4906 3144 4963 AB'.

2169 5007 2309 5074 Περὶ
2352 5008 2458 5063 τοῦ
2481 5010 2568 5093 pf;
2607 5011 2735 5093 δεῖς
2755 5016 2898 5081 τοὺς
2933 5019 3287 5093 ζερῳμέιςους
3302 5022 3566 5078 ἕκαστον
3614 5024 3731 5093 τὴν

2513 5081 2729 5138 ἑαυτοῦ
2750 5081 3015 5156 ruperti}
3037 5081 3371 5146 ὲόιϐάλλὲιν.

2160 5382 2521 5450 ὑποδιακονοι,
2566 5391 2675 5445 εῐτε

559 5493 604 5522 ι’
629 5496 714 5549 ΑΙ.
761 5500 834 5554 Ue
867 5501 949 5556 his
976 5508 1064 5573 qui
1096 5523 1125 5562 a
1160 5508 1328 5568 Paulo
1362 5513 1719 5580 Samosateno
1748 5528 1815 5582 ad
1846 5528 2141 5590 Ecclesium
2172 5538 2413 5596 veniunt.
2492 5543 2536 5575 ⁸⁸
2563 5545 2646 5601 ΑΙ.

558 5628 690 5705 (27‘)
732 5637 967 5697 Zonaras
998 5647 1377 5708 Διακονισσῶν.
1413 5652 1585 5711 ΗΑιιυ.

2237 5206 2512 5278 *Εγραφον
2542 5211 2636 5265 οὖν
2668 5214 2798 5284 περὶ
2841 5215 2935 5269 τοῦ
2968 5218 3043 5288 μὴ
3070 5218 3179 5273 δεῖν
3205 5223 3332 5286 τοὺς
3363 5222 3717 5293 ἱερωμένους,

2190 5293 2268 5347 ἴτε
2294 5298 2599 5364 ἐπίσκοποι,
2630 5303 2742 5358 εἴτε
2771 5307 3151 5380 πρεσϐύτερος,
3179 5311 3290 5365 εἴτε
3323 5313 3580 5378 διάκονοι,
3611 5314 3724 5367 dte

2755 5410 2841 5457 τις
2886 5396 2978 5449 τοῦ
3036 5398 3314 5468 ἱερατικοῦ
3378 5401 3721 5471 καταλόγου,

2687 5547 2761 5603 De
2796 5550 3059 5608 flectendo
3094 5568 3290 5624 genua.
