4038 6148
293 343 426 411 1337

1165 346 1528 406 HISTORIA
1566 342 1898 408 CONCILII
1932 348 2235 409 NICEENI.
2277 375 2347 384 -
2383 351 2528 410 LIB.
2571 349 2652 408 II.

3398 342 3534 409 1338

292 456 675 525 συγκαθεύδειν
727 458 845 518 ταῖς
896 457 1183 525 γαμεταῖς,
1219 455 1285 518 ἃς
1339 456 1418 508 ἔτι
1472 456 1653 509 λαῖκοὶ
1708 456 1861 518 ὅντες

1984 460 2049 512 iis
2077 500 2091 523 ,
2125 476 2244 511 cum
2271 461 2531 514 uxoribus
2563 460 2674 513 suis
2723 456 2958 512 dormire
2983 497 2999 520 ,
3049 469 3184 526 quas
3227 453 3339 526 jam
3373 464 3533 512 antea

291 550 579 617 ἠγάγοντο.
614 548 829 603 Τούτων
865 545 1009 600 οὕτω
1039 545 1503 616 διατυπουμένων,
1534 548 1773 610 ἀναστάς
1801 550 1860 600 ἐν

295 640 447 710 μέσῳ
474 639 570 693 τοῦ
592 639 750 710 ὄχλου
773 638 883 692 τῶν
914 636 1229 691 ἐπισκόπων
1266 638 1294 689 ὁ
1325 636 1465 700 θεῖος
1495 636 1858 706 Παφνούτιος,

260 739 267 745 '
296 728 509 801 μεγάλῃ
540 732 604 800 τῇ
630 731 779 799 φωνῇ
820 727 1035 798 ἐϐόησε,
1085 724 1260 794 λέγων
1281 742 1295 756 '
1339 726 1431 797 Μὴ
1479 726 1739 797 βαρύνετε
1771 728 1862 781 τὸν

292 820 458 888 ζυγὸν
486 821 593 872 τῶν
619 819 963 890 ἱερωμένωνο
1004 817 1186 887 τίμιος
1230 817 1360 885 γάρ,
1408 817 1591 887 φησὶν,
1624 821 1652 871 ὁ
1685 819 1863 888 γάμος

292 913 351 964 ἐν
382 911 538 973 πᾶσι,
572 911 667 963 καὶ
704 907 730 980 ἠ
760 907 913 979 κοίτη
950 908 1229 977 ἀμίαντος.
1255 907 1347 977 Μὴ
1365 910 1432 979 τῇ
1463 909 1735 980 ὑπερϐολῇ
1763 909 1864 978 τῆς

293 999 580 1070 ἀκριϐείας
604 998 702 1067 τὴν
742 997 1071 1067 Ἐκκλησίαν
1113 997 1312 1067 μᾶλλον
1348 998 1763 1069 προσϐλάψητε·
1801 1000 1861 1051 οὐ

293 1088 404 1157 γάρ
433 1102 565 1154 φησι
590 1085 796 1147 πάντας
832 1082 1093 1140 δύνασθαι
1136 1084 1321 1155 φέρειν
1351 1085 1450 1157 τῆς
1472 1086 1742 1149 ἀπαθείας
1765 1088 1863 1157 τὴν

296 1177 553 1247 ἄσκησιν.
578 1175 786 1239 Οὐδεὶς,
814 1176 890 1238 ὡς
917 1171 1091 1246 οἶμαι,
1133 1176 1539 1247 φυλαχθήσεται
1567 1180 1626 1230 ἐν
1654 1180 1720 1247 τῇ
1758 1194 1864 1229 σω-

297 1269 560 1342 φροσύνῃ,
591 1267 690 1337 τῆς
736 1267 968 1321 ἑκάστου
998 1270 1255 1337 γαμετῆς,
1278 1267 1374 1320 τοῦ
1420 1269 1612 1338 ἀνδρὸς
1644 1285 1868 1340 στερου-

299 1361 483 1429 μένου.
547 1359 909 1431 Σωφροσύνην
967 1360 1021 1413 δὲ
1083 1359 1253 1430 καλὴν
1321 1361 1420 1415 καὶ
1475 1360 1575 1429 τῆς
1630 1360 1866 1429 νομίμου

295 1451 543 1522 γαμετῆς
600 1452 832 1505 ἑκάστου
875 1451 974 1522 τὴν
1023 1452 1334 1505 συνέλευσιν
1391 1452 1532 1519 λέγω
1559 1466 1572 1480 ·
1635 1450 1709 1521 μὴ
1760 1451 1866 1521 μὴν

296 1516 734 1610 άποζεύγνυσθαι
791 1543 996 1613 ταύτην
1044 1543 1110 1613 ἢν
1170 1544 1198 1595 ό
1233 1544 1365 1605 Θεὸς
1415 1542 1622 1607 ἔζευξε,
1661 1543 1755 1595 καὶ
1798 1543 1867 1611 ἢν

299 1632 449 1696 ἅπαξ
485 1633 857 1703 άναγνώστης,
888 1634 921 1702 ἢ
956 1632 1186 1703 ψάλτης,
1219 1633 1252 1704 ἢ
1293 1633 1476 1696 λαῖκδς
1501 1632 1577 1686 ὢν
1598 1633 1863 1702 ἠγάγετοο

300 1724 398 1778 καὶ
426 1724 601 1778 ταῦτα
628 1725 812 1792 ἔλεγεν
853 1727 881 1778 ὁ
939 1725 1107 1794 μέγας
1145 1725 1478 1793 Παφνούτιος
1531 1723 1756 1794 ἄπειρος
1790 1720 1865 1774 ὢν

1962 566 2086 605 cum
2138 552 2260 604 laici
2330 562 2531 612 essent,
2590 546 2869 602 duxissent
2917 544 3057 617 (9.8).
3113 544 3241 600 Haec
3283 560 3407 599 cum
3456 545 3534 599 illi

1963 641 2382 705 constituerent,
2416 655 2644 709 surgens
2678 639 2730 694 in
2781 639 2958 694 medio
2989 638 3368 708 episcOporum
3405 651 3535 692 con-

1964 740 2126 785 ventu
2159 730 2373 785 divinus
2422 729 2775 799 Paphnutius,
2815 742 3008 797 magna
3042 742 3174 789 voce
3213 726 3350 780 dixit
3381 744 3396 779 :
3428 726 3538 780 No-

1964 823 2059 877 lite
2088 834 2319 889 gravare
2351 820 2538 891 jugum
2584 818 3104 875 ecclesiasticorum.
3130 815 3261 871 Nam
3301 819 3534 872 honora-

1964 911 2121 975 biles,
2179 910 2376 980 inquit,
2424 919 2551 963 sunt
2602 910 2802 977 nuptiae
2846 909 2986 975 apud
3041 922 3251 972 omnes,
3284 918 3337 959 et
3390 915 3540 960 torus

1967 999 2339 1054 immaculatus
2351 996 2416 1053 ⁸⁸,
2443 996 2617 1053 Nolite
2638 998 2833 1052 laidere
2855 996 3151 1051 Ecclesiam
3173 997 3338 1051 nimio
3360 994 3536 1051 severi

1962 1094 2100 1163 juris
2128 1108 2353 1150 excessu
2387 1107 2405 1148 ι
2433 1108 2535 1147 non
2577 1092 2721 1147 enim
2774 1106 2986 1157 omnes,
3015 1092 3110 1154 ait,
3143 1092 3285 1145 ferre
3316 1097 3542 1160 possunt

1966 1186 2092 1239 vita:
2113 1183 2238 1239 illud
2271 1185 2572 1238 institutum
2595 1185 2736 1251 quod
2754 1182 3004 1237 omnibus
3026 1180 3313 1236 all'ectibus
3334 1191 3490 1236 vacat
3522 1200 3536 1235 :

1967 1291 2146 1341 nemo,
2180 1284 2241 1329 ut
2284 1276 2497 1346 opinor,
2537 1277 2587 1329 in
2615 1277 2883 1332 charitate
2912 1275 3241 1339 servabitur,
3270 1277 3317 1329 si
3358 1276 3540 1328 mariti

1971 1366 2201 1435 singulis
2232 1366 2348 1420 suis
2377 1366 2660 1435 privamur
2686 1367 2968 1421 uxoribus.
2992 1364 3243 1443 Yirorum
3278 1382 3398 1419 cum
3431 1366 3545 1419 suis

1970 1458 2230 1513 uxoribus
2262 1458 2706 1513 consuetudinem
2757 1472 2855 1527 ego
2895 1457 3208 1527 praeclaram
3254 1456 3543 1510 continen-

1973 1549 2102 1602 tiam
2134 1562 2256 1602 esse
2281 1548 2425 1612 dico,
2452 1562 2551 1602 nec
2580 1562 2737 1616 posse
2769 1548 3009 1616 separari
3034 1561 3152 1599 eam
3186 1560 3350 1614 quam
3405 1544 3545 1598 Deus

1969 1636 2248 1704 conjunxit
2271 1635 2339 1700 9°,
2363 1644 2417 1689 et
2446 1650 2605 1703 quam
2637 1636 2824 1697 semel,
2846 1651 2965 1688 cum
2991 1634 3182 1696 lector,
3203 1640 3296 1686 aut
3325 1640 3537 1696 cantor,

1972 1740 2065 1783 aut
2102 1728 2272 1783 laicus
2304 1736 2470 1792 esset,
2496 1741 2718 1780 uxorem
2756 1726 2929 1779 duxit.
2971 1725 3149 1793 Atque
3183 1724 3286 1778 ista
3314 1721 3535 1791 quidem

301 1823 504 1891 γάμου,
527 1822 615 1875 διὰ
645 1822 706 1875 τὸ
731 1820 987 1892 νηπιόθεν
1005 1822 1062 1873 ἐν
1092 1820 1446 1889 άσκητηρίοις
1468 1816 1869 1888 ἀνα-τρέφεσθαι

1981 1821 2143 1875 suasit
2185 1832 2410 1888 magnus
2460 1816 2816 1885 Paphnutius,
2870 1816 2998 1870 licet
3042 1815 3275 1884 conjugii
3338 1828 3539 1883 expers

301 1914 488 1966 αὐτόν.
520 1913 609 1965 Διὸ
633 1912 875 1975 πεισθεὶς
901 1914 930 1965 ὁ
959 1913 1066 1973 πᾶς
1112 1910 1222 1964 τῶν
1265 1910 1581 1963 ἐπισκόπων
1616 1909 1873 1976 σύλλογος

302 2007 370 2074 τῇ
397 2003 492 2057 τοῦ
517 2005 708 2075 ἀνδρὸς
737 2003 1059 2073 συμϐουλίᾳ,
1087 2002 1391 2072 άπεσίγησε
1423 2001 1551 2073 περὶ
1584 2002 1678 2054 τοῦ
1710 2001 1877 2071 ζητή-

317 2111 485 2163 ματος
511 2096 725 2158 τούτου,
751 2096 815 2164 τῇ
841 2094 1031 2165 γνώμῃ
1062 2091 1495 2160 ηκαταλείψαντες
1524 2090 1631 2143 τῶν
1684 2089 1871 2158 βουλο-

308 2184 488 2254 μένων
523 2185 663 2239 κατὰ
719 2184 1039 2255 συμφωνίαν
1094 2181 1395 2252 ἀπέχεσθαι
1444 2183 1542 2251 τῆς
1601 2179 1735 2244 ἰδίας
1775 2197 1877 2248 γα·-

312 2275 505 2345 μετῆς-

380 2365 563 2418 Ταῦτα
592 2364 946 2436 ἐπράχθησαν
973 2364 1066 2417 snt
1088 2364 1187 2433 τῆς
1208 2363 1369 2431 ἁγίας
1394 2363 1487 2415 καὶ
1518 2363 1760 2433 μεγάλης
1784 2362 1879 2415 καὶ

311 2456 702 2525 οἰκουμενικῆς
759 2454 977 2508 συνόδου
1009 2457 1110 2525 τῆς
1142 2456 1199 2507 ἐν
1230 2453 1437 2524 Νικαίᾳ
1483 2453 1584 2522 τῆς
1622 2452 1880 2517 Βιθυνίας

310 2544 713 2616 ἀθροισθείσης.
750 2546 1008 2609 Εὐσέϐιος
1058 2545 1114 2599 δέ
1148 2546 1243 2599 καὶ
1274 2544 1550 2612 Θεόγνιος,
1580 2545 1673 2597 καὶ
1703 2546 1752 2597 οἱ
1783 2546 1880 2599 σὺν

311 2638 501 2700 αὐτοῖς
551 2637 839 2707 Ἀρειανοὶ,
880 2636 981 2689 οὐκ
1035 2636 1350 2704 ἐνεγκόντες
1399 2635 1497 2706 τὴν
1524 2635 1624 2704 τῆς
1649 2630 1882 2705 ἀληθοῦς

311 2727 550 2790 πίστεως
598 2727 991 2799 κρατυνθεῖσαν
1048 2727 1360 2797 βεϐαίωσιν,
1396 2726 1474 2780 ἔτι
1529 2727 1636 2798 μὴν
1673 2726 1881 2779 καὶτὸν

317 2819 534 2888 Ἀρειον
569 2817 960 2887 ἀναθεματίσαι
999 2817 1074 2888 μὴ
1116 2818 1498 2888 ἀνασχόμενοι,
1536 2815 1881 2887 φωραθέντες

312 2909 408 2960 καὶ
438 2904 592 2970 αὖθις
639 2906 732 2960 ἐπὶ
784 2907 978 2976 τούτῳ,
1027 2908 1210 2978 ἐξορία
1259 2908 1531 2961 ὑπέπεσον
1584 2907 1749 2977 ψήφῳ
1783 2904 1880 2959 τοῦ

313 2994 731 3062 θεοφιλεστάτου
768 2994 1050 3065 βασιλέως,
1088 2997 1184 3049 καὶ
1213 2997 1395 3066 κρίσει
1444 2997 1542 3064 τῆς
1579 2995 1741 3062 ἁγίας
1775 2996 1883 3046 τῶν

310 3086 628 3139 ἐπισκόπων
661 3088 901 3150 συνόδου,
926 3087 1099 3141 ἄλλων
1119 3088 1231 3141 ἀντ’
1261 3086 1442 3140 αὐτῶν
1472 3087 1530 3139 ἐν
1551 3088 1670 3148 ταῖς
1707 3084 1884 3138 αὐτῶν

311 3174 631 3244 παροικίαις
664 3175 1050 3229 καταστάντων
1087 3176 1253 3245 ψήφῳ
1284 3174 1386 3245 τῆς
1429 3174 1600 3243 αὐτῆς
1637 3174 1880 3238 συνόδου,

311 3268 412 3321 καὶ
463 3266 557 3320 τοῦ
613 3266 713 3333 τῆς
748 3266 979 3320 ἑκάστου
1036 3266 1324 3337 παροικίας
1350 3266 1553 3336 κλήρου
1593 3266 1687 3317 καὶ
1720 3264 1878 3318 λαοῦ’

314 3358 409 3411 καὶ
447 3356 694 3425 Ἀμφίων
737 3356 837 3426 μὲν
887 3356 988 3427 τὴν
1036 3357 1134 3426 τῆς
1183 3356 1537 3427 Νικομηδέων
1586 3355 1884 3426 ἐκκλησίας

316 3448 611 3518 ἡγεμονίαν
654 3447 954 3519 παρέλαϐε,
996 3449 1243 3519 Χρῆστος
1290 3449 1347 3502 δέ
1377 3448 1477 3519 τὴν
1501 3448 1601 3518 τῆς
1630 3447 1883 3509 Νικαίας,

316 3541 413 3593 καὶ
441 3539 588 3592 ἄλλοι
612 3539 710 3603 τὰς
751 3540 859 3591 τῶν
897 3540 1214 3610 ὁμοφρόνων
1260 3540 1428 3609 αὐτῷ.
1476 3539 1637 3592 Ἀλλὰ
1669 3540 1765 3608 μέν
1792 3540 1888 3592 καὶ

313 3631 480 3685 πάλιν
508 3632 628 3692 ταῖς
654 3629 713 3693 ἐξ
756 3629 911 3694 ἔθους
943 3630 1278 3699 χρησάμενοι
1333 3632 1604 3699 μηχαναῖς
1629 3630 1887 3691 Εὐσέϐιος

316 3725 413 3776 καὶ
438 3722 707 3790 Θεόγνιος,
755 3723 849 3776 καὶ
874 3723 971 3792 τὴν
1033 3720 1295 3790 βασιλέως
1338 3720 1749 3791 φιλανθρωπίαν
1791 3723 1886 3788 ἐφ·-

317 3816 461 3868 όδιον
484 3814 544 3879 ἐξ
569 3814 785 3882 ἀπάτης
810 3814 1081 3884 εὑρόντες,
1099 3812 1463 3864 άναπαλαῖσαι
1492 3811 1653 3863 πάλιν
1677 3811 1769 3862 καὶ
1787 3810 1885 3878 τὴν

316 3904 593 3975 προτέραν
620 3902 938 3957 δυναστείαν
979 3901 1278 3956 ἀπολαϐεῖν
1330 3902 1649 3972 ἐπειρῶντο.
1683 3900 1791 3953 Καὶ
1819 3900 1888 3952 τά

319 3995 421 4064 μὲν
445 3993 649 4046 τούτων
686 3993 922 4046 κάκιστα
966 3995 1333 4063 μηχανήματα
1392 3992 1688 4061 πάμπολλα
1735 3992 1885 4054 ὄντα,

315 4084 417 4138 καὶ
445 4086 623 4156 πάσης
651 4086 906 4149 ἀσεϐείας
953 4086 1166 4156 ἔμπλεα
1210 4084 1567 4154 τυγχάνοντα,
1621 4084 1755 4154 πρὸς
1788 4085 1888 4154 τὴν

318 4176 653 4246 Θεοδωρίτου
692 4178 788 4230 καὶ
829 4177 936 4230 τῶν
972 4176 1173 4229 λοιπῶν
1224 4176 1655 4244 συγγραψάντων
1690 4174 1889 4243 ἐκκλη-

315 4269 605 4337 σιαστικὴν
660 4269 898 4339 ἱστορίαν
937 4270 1063 4331 τοὺς
1134 4267 1488 4337 βουλομένους
1553 4265 1887 4336 καταμαθεῖν

314 4359 766 4429 παραπέμψοιμι.
795 4359 971 4412 Βαδιῶ
992 4361 1048 4412 δὲ
1075 4358 1184 4427 ἐγὼ
1214 4359 1464 4412 ἐντεῦθεν
1497 4359 1574 4429 τῷ
1614 4359 1756 4429 λόγῳ
1795 4358 1888 4410 ἐπὶ

1978 1917 2143 1977 esset,
2210 1918 2497 1978 propterea
2539 1907 2683 1976 quod
2730 1910 2783 1961 in
2838 1905 3185 1960 monasteriis
3228 1919 3257 1958 υ
3311 1902 3546 1974 pueritia

1980 2003 2155 2056 fuerat
2183 2001 2465 2055 educatus.
2505 1999 2771 2065 Quocirca
2823 1997 2926 2051 viri
2971 1997 3201 2051 consilio
3247 2010 3543 2066 persuasus

1979 2094 2354 2163 episcoporum
2383 2098 2554 2145 coetus
2574 2089 2640 2142 de
2674 2089 2967 2157 quaestione
2991 2102 3053 2141 ea
3079 2087 3262 2150 tacuit,
3283 2095 3337 2140 et
3360 2100 3546 2140 eorum

1979 2183 2197 2253 reliquit
2232 2179 2478 2244 arbitrio,
2522 2179 2613 2248 qui
2661 2177 2849 2232 volunt
2890 2190 2952 2230 ex
2997 2186 3182 2232 mutuo
3219 2189 3482 2231 consensu
3515 2188 3548 2228 α

1980 2274 2210 2346 propriis
2249 2269 2566 2339 conjugibus
2592 2267 2884 2322 abstinere.

2051 2366 2176 2421 Ηιιιο
2218 2373 2369 2433 gesta
2422 2371 2549 2418 sunt
2591 2363 2643 2416 in
2697 2369 2925 2420 sancto,
2971 2373 3163 2427 magno
3208 2366 3263 2413 et
3309 2353 3548 2426 generali

1980 2459 2233 2522 concilio,
2305 2455 2447 2525 quod
2496 2453 2687 2507 Nicaeae
2736 2452 2790 2505 in
2842 2450 3094 2521 Bithynia
3162 2454 3547 2518 congregatum

1983 2550 2101 2605 fuit.
2135 2547 2402 2604 Eusebius
2432 2554 2634 2609 autem,
2666 2552 2720 2598 et
2747 2540 3078 2611 Theognius,
3105 2549 3159 2596 et
3185 2540 3275 2609 qui
3315 2553 3441 2594 cum
3470 2538 3551 2593 eis

1981 2648 2139 2697 erant
2177 2637 2390 2704 Ariani,
2430 2651 2537 2691 non
2597 2633 2835 2688 ferentes
2877 2633 3185 2687 vincentem
3224 2644 3364 2685 vera:
3424 2627 3550 2684 ﬁdei

1982 2731 2470 2794 conﬁrmationem,
2495 2728 2624 2794 quin
2654 2733 2706 2781 et
2736 2725 2866 2780 Ario
2898 2725 3185 2780 anathema
3235 2723 3416 2778 dicere
3446 2735 3552 2777 non

1984 2824 2274 2894 patientes,
2307 2821 2612 2888 iterumque
2638 2817 2692 2872 in
2723 2832 2788 2872 eo
2815 2814 3159 2885 deprehensi,
3189 2813 3382 2868 exsilio
3430 2827 3550 2868 ces-

1985 2920 2210 2979 serunt,
2274 2909 2530 2978 suffragio
2603 2905 3002 2976 religiosissimi
3068 2902 3433 2975 imperatoris,
3498 2911 3555 2955 et

1980 3005 2185 3077 judicio
2207 3003 2382 3079 sancti
2412 2999 2628 3057 concilii
2656 3000 3055 3068 episcoporum,
3095 3006 3381 3068 postquam
3419 2995 3555 3048 alios

1987 3113 2086 3166 pro
2114 3096 2246 3166 ipsis
2276 3096 2330 3149 in
2352 3095 2589 3163 ipsorum
2617 3089 2873 3161 paroeciis
2903 3089 3304 3144 constituerunt
3333 3085 3553 3141 decreto

1985 3186 2223 3256 ejusdem
2257 3182 2494 3246 concilii,
2538 3191 2593 3234 et
2616 3179 2768 3244 cieri,
2820 3194 2884 3233 ac
2913 3178 3093 3247 populi
3127 3174 3556 3243 uniuscujusque

1984 3276 2240 3346 parmcia:
2291 3291 2305 3327 :
2365 3282 2420 3328 et
2447 3270 2717 3341 Amphion
2757 3270 2974 3340 quidem
3019 3269 3276 3322 Ecclesia:
3311 3265 3547 3320 Nicome~
3613 3257 3619 3264 ’

1986 3366 2163 3421 dieusi
2183 3362 2468 3435 praefectus
2492 3371 2610 3425 est,
2643 3360 2905 3414 Chrestus
2938 3374 3070 3413 vero
3104 3357 3351 3421 Nicaeum,
3383 3366 3438 3410 et
3466 3355 3559 3409 alii

1987 3460 2230 3526 ejusdem
2255 3472 2377 3511 cum
2405 3458 2523 3526 ipso
2575 3453 2859 3511 sententiae
2897 3453 3042 3509 aliis.
3089 3451 3289 3505 Verum
3341 3460 3553 3504 utentes

1988 3566 2177 3605 rursus
2222 3550 2501 3605 consuetis
2529 3548 2736 3603 artibus
2764 3546 3031 3602 Eusebius
3069 3553 3124 3599 et
3148 3536 3480 3612 Theognius,
3505 3548 3562 3596 et

1987 3643 2326 3698 occasionem
2366 3640 2572 3694 fraudis
2607 3638 2966 3704 invenientes,
3000 3637 3139 3707 regis
3165 3634 3555 3689 humanitatem

1988 3734 2178 3789 callide
2199 3748 2360 3801 agere
2386 3732 2602 3793 iterum,
2638 3738 2691 3783 et
2742 3729 2976 3797 priorem
3026 3737 3346 3797 potestatem
3395 3741 3558 3781 recu-

1988 3839 2180 3894 perare
2217 3821 2521 3876 tentabant.
2567 3818 2672 3873 Sed
2700 3819 2915 3873 illorum
2944 3826 3247 3871 commenta
3281 3816 3552 3885 pessima,

1988 3931 2108 3985 quae
2157 3913 2389 3983 plurima
2441 3922 2623 3977 erant,
2674 3918 2730 3965 et
2787 3909 2969 3963 omnis
3018 3908 3311 3978 impietatis
3362 3908 3557 3977 plena,

1989 4006 2196 4059 discere
2246 4000 2514 4063 volentes,
2594 3999 2660 4052 ad
2729 3997 3129 4051 Theodoretum
3198 4011 3263 4050 ac
3324 3996 3560 4064 reliquos

1990 4095 2228 4150 historia:
2283 4089 2663 4147 ecclesiasticae
2718 4089 3017 4156 scriptores
3078 4087 3404 4142 remiserim.
3440 4086 3552 4156 Ego

1990 4196 2169 4241 autem
2205 4185 2331 4237 hinc
2356 4181 2600 4235 oratione
2651 4178 2953 4247 properabo
3013 4177 3077 4230 ad
3112 4192 3174 4230 ea
3209 4191 3329 4246 quae
3364 4186 3547 4245 postea

1989 4282 2169 4329 secuta
2201 4281 2348 4337 sunt,
2380 4272 2445 4325 de
2470 4269 2663 4339 quibus
2685 4267 3058 4337 episcoporum
3086 4267 3374 4321 concilium
3408 4268 3557 4320 misit

1989 4364 2274 4434 epistolam
2309 4363 2400 4417 'ad
2434 4361 2669 4429 reliquos
2696 4360 3012 4428 episcopos,
3049 4367 3105 4413 et
3146 4373 3334 4412 eorum
3373 4371 3556 4425 parte-

314 4450 390 4502 τὰ
423 4450 569 4520 ἑξῆς,
604 4453 731 4521 περὶ
765 4445 839 4505 ὧν
888 4455 920 4523 ἡ
950 4451 1060 4504 τῶν
1093 4452 1407 4505 ἐπισκόπων
1439 4450 1726 4504 ἀπέστειλε
1760 4449 1878 4502 σύν-

1989 4457 2101 4512 cias
2135 4477 2148 4510 -.
2190 4455 2317 4523 quin
2344 4454 2508 4507 etiam
2540 4452 2833 4521 imperator
2877 4451 2995 4517 ipse
3026 4463 3240 4518 semper
3278 4447 3453 4501 victor
3504 4457 3559 4499 et

316 4539 439 4601 οδος
469 4541 578 4600 τοῖς
610 4539 1011 4608 ἀπολειφθεῖσιν
1036 4541 1375 4605 ἐπισκόποις,
1409 4542 1504 4594 καὶ
1529 4543 1647 4603 ταῖς
1676 4539 1881 4593 ἑαυτῶν

320 4630 643 4700 παροικίαις
671 4647 684 4660 ·
723 4631 782 4683 οὐ
817 4632 923 4702 μὴν
957 4632 1015 4684 δὲ
1059 4631 1193 4685 ἀλλὰ
1237 4632 1330 4685 καὶ
1382 4635 1410 4684 ὀ
1450 4632 1743 4703 νικηφόρος
1793 4632 1887 4686 καὶ

318 4722 641 4785 πιστότατος
669 4723 941 4793 βασιλεὺς,
967 4725 1047 4787 εἰς
1074 4723 1330 4778 σύστασιν
1359 4725 1457 4794 τῆς
1483 4740 1542 4776 τε
1574 4724 1888 4794 ὲκτεθείσης

320 4811 632 4881 ἁγιωτάτης
659 4814 912 4879 πίστεως,
940 4813 1033 4868 καὶ
1048 4816 1147 4884 τῆς
1173 4815 1333 4883 ἁγίας
1355 4815 1545 4885 ἑορτῆς
1562 4814 1653 4867 τοῦ
1675 4815 1887 4882 Πάσχα,

319 4906 405 4966 εἰς
438 4903 657 4974 ἔλεγχον
687 4905 744 4957 δὲ
768 4905 875 4959 τῶν
902 4907 1002 4976 τῆς
1029 4907 1282 4970 ἀσεϐείας
1311 4906 1726 4978 πρωτοστατῶν.
1764 4905 1890 4959 Ἐπὶ

320 4992 534 5055 τούτοις
561 4994 670 5064 γάρ
714 4996 849 5047 πᾶσι
897 4997 1254 5066 μεγαλοφυῶς
1296 4997 1757 5067 συγκροτηθείσης
1787 4997 1887 5065 τῆς

322 5084 569 5148 συνόδου,
598 5086 691 5137 καὶ
723 5086 1040 5157 θεοπρεπῶς
1068 5088 1478 5157 ἐκφωνηθείσης
1502 5089 1598 5155 τῆς
1635 5087 1891 5150 πίστεως,

321 5175 394 5228 τά
412 5191 474 5227 τε
504 5175 646 5229 κατά
674 5178 773 5247 τὴν
801 5178 1256 5248 ἐκκλησιαστικὴν
1276 5179 1526 5242 εὐταξίαν
1545 5180 1893 5243 τυπώσαντες

322 5268 543 5321 ἅπαντα
568 5270 616 5321 οί
646 5268 790 5337 ἅγιοι
819 5271 1082 5342 Πατὲρες,
1101 5271 1339 5340 δηλῶσαι
1368 5274 1540 5325 πάντα
1558 5274 1624 5325 τά
1655 5272 1893 5343 ὡρισμέ-

324 5374 393 5410 να
440 5357 529 5410 διὰ
580 5360 924 5429 γραμμάτων
966 5361 1165 5425 πάσαις
1209 5365 1329 5425 ταῖς
1375 5362 1479 5415 ὐπὸ
1525 5363 1617 5416 τὸν
1663 5364 1891 5433 οὐρανὸν

1992 4546 2366 4612 ﬁdelissimus,
2393 4546 2459 4599 ad
2489 4542 2930 4599 constitutionem
2973 4541 3236 4611 exposita:
3274 4539 3556 4593 sanctissi-

1994 4655 2095 4695 mae
2120 4639 2240 4694 lidei
2276 4646 2330 4693 et
2358 4646 2561 4692 sancta:
2584 4635 2893 4690 festivitatis
2916 4632 3222 4697 Paschatis,
3271 4632 3336 4684 ad
3368 4631 3558 4684 redar-

1994 4733 2269 4803 gutionem
2320 4738 2671 4798 patronorum
2723 4725 3036 4794 impietatis.
3096 4723 3229 4777 Post
3257 4724 3375 4777 haec
3409 4723 3557 4776 enim

1997 4827 2175 4881 omnia
2217 4824 2504 4892 magnifice
2535 4822 2880 4890 conspirante
2923 4819 3175 4883 concilio,
3201 4826 3258 4872 et
3297 4818 3555 4871 decenter

1998 4915 2332 4984 promulgata
2368 4914 2492 4977 lide,
2529 4927 2648 4965 cum
2681 4911 2861 4964 ontnia
2892 4924 3010 4980 qua:
3050 4911 3119 4964 ad
3147 4917 3349 4963 rectam
3377 4905 3559 4959 Ecclev

2000 5005 2091 5058 sia:
2112 5002 2632 5056 administrationem
2677 5009 2942 5067 spectant,
2975 4998 3151 5054 sancti
3199 4997 3390 5051 Patres
3428 5010 3559 5049 con-

1998 5095 2335 5153 stituissent,
2380 5091 2560 5145 omnia
2606 5090 2822 5144 deﬁnita
2908 5103 3004 5159 per
3054 5089 3265 5143 litteras
3309 5085 3554 5140 indicare

1997 5182 2274 5246 omnibus,
2307 5198 2423 5250 quae
2453 5182 2551 5236 sub
2575 5180 2712 5235 ctelo
2738 5188 2884 5245 sunt,
2942 5178 3146 5234 sanctis
3178 5178 3268 5231 Dei
3305 5173 3564 5230 Ecclesiis

1995 5275 2335 5337 Studuerunt,
2374 5273 2760 5342 subjungentes
2815 5271 2978 5326 etiam
3021 5285 3140 5339 quae
3186 5270 3254 5324 ad
3282 5265 3561 5323 Meletium

1994 5366 2282 5433 pertinent.

321 5448 510 5518 ἁγίαις
533 5450 626 5503 τοῦ
657 5453 790 5506 Θεοῦ
827 5454 1170 5523 Ἑκκλησίαις
1197 5457 1550 5522 ἐσπούδασαν,
1586 5457 1921 5525 συνάψαντες
1962 5459 2051 5510 καὶ
2080 5457 2147 5509 τὰ
2175 5456 2314 5510 κατὰ
2345 5454 2632 5527 Μελήτιον.

398 5585 443 5615 ⁸³
472 5585 634 5639 llcbr.
671 5602 786 5651 xm,
826 5587 878 5639 ιι.
957 5588 1003 5618 ³ο
1024 5588 1212 5642 Matth.
1241 5605 1349 5653 xix,
1372 5588 1423 5642 6.

400 5695 514 5758 (ες)
550 5695 699 5748 Socr.
734 5697 822 5750 lib.
875 5712 910 5755 ι,
957 5714 1067 5766 cap.
1112 5700 1162 5759 8,
1206 5698 1271 5749 al.
1321 5700 1399 5762 ll;
1456 5700 1667 5756 Summ.
1714 5700 1803 5753 lib.
1836 5715 1873 5765 ι,

1981 5718 2025 5768 p.
2068 5700 2233 5764 lia].
2268 5698 2357 5754 ‘23.
