4038 6148
140 339 270 414 1241

1007 341 1371 403 HISTORIA
1410 338 1741 400 CONCILII
1778 341 2085 402 NICzENI.
2128 367 2195 377 -
2235 344 2384 405 LIB.
2427 343 2510 404 II.

3233 344 3372 412 1342

141 460 244 520 λον,
275 452 308 525 ἢ
349 449 511 524 χρεία
550 448 724 504 ταῦτα
777 449 1078 520 μετρήσας.
1113 447 1252 519 Περὶ
1289 441 1365 502 ὧν
1393 447 1488 502 καὶ
1531 447 1700 500 Εὐσέ-

1819 453 2128 506 ieccssitate
2151 491 2164 513 .
2197 468 2358 522 quam
2386 469 2480 510 sua
2523 453 2689 524 ipsius
2718 453 3116 525 magniﬁcentia
3151 468 3372 511 mensus

143 550 250 612 διος
275 549 303 601 ό
329 543 618 616 Παμφίλου
635 540 1016 613 διαλαμϐάνων
1045 534 1150 595 ὧδέ
1189 555 1306 601 πως
1333 537 1510 607 λέγει·
1543 537 1700 592 Οὕτω

141 642 200 713 δὴ
229 639 350 701 τοὺς
385 635 574 704 ἁγίους
601 633 934 695 ἐπισκόπους
969 630 1108 701 μετὰ
1143 627 1401 697 πλείστης
1443 627 1574 697 ὅσης
1607 627 1700 680 εύ-

139 729 352 792 λαὸαίας
387 723 758 788 διαναπαύσας
796 725 824 777 ό
860 719 1217 790 πανεύφημος
1259 717 1354 772 καὶ
1383 717 1700 778 πιστότατος

143 819 388 895 βασιλεὺς
414 815 844 879 Κωνσταντῖνος,
887 810 1287 882 συνταξάμενός
1307 827 1368 864 τε
1415 809 1555 878 σφᾶς
1601 809 1702 862 ὲπ-

139 912 338 970 ανιέναι
359 908 562 973 οἴκαδε,
600 907 727 970 τοὺς
754 907 960 970 πάντας
989 905 1162 976 ἠφίει.
1207 903 1271 956 Οί
1311 902 1370 956 δὲ
1397 901 1702 974 ἐπανῄεσαν

141 1007 234 1060 σὺν
255 999 561 1074 εὐφροσύνῃ
584 998 772 1069 πολλῇ.
813 995 1069 1066 Ἐκράτει
1094 1011 1154 1048 τε
1181 993 1368 1074 λοιπὸν
1391 993 1490 1064 μία
1508 991 1700 1062 γνώμη

140 1093 289 1164 παρὰ
317 1066 427 1155 τοῖς
459 1066 617 1154 πάσι,
652 1066 784 1160 παρ’
815 1085 966 1158 αὐτῷ
997 1066 1218 1156 βασιλεῖ
1254 1081 1700 1155 συμφωνηθεῖσα,

141 1181 565 1254 συναπτομένων
603 1179 793 1250 ὥσπερ
827 1180 908 1242 εἰς
951 1177 1010 1230 ἓν
1049 1175 1208 1248 σῶμα
1243 1176 1354 1230 τῶν
1393 1177 1460 1229 ὲκ
1491 1172 1702 1246 μακροῦ

135 1271 494 1346 διῃρημένων.
531 1269 751 1341 Χαίρων
783 1267 919 1339 δῆτα
943 1270 971 1321 ό
1009 1264 1260 1337 βασιλεὺς
1283 1265 1378 1320 ἐπὶ
1405 1264 1483 1336 τῷ
1509 1281 1706 1334 κατορ-

139 1364 372 1436 θώματι,
401 1363 514 1424 τοῖς
539 1359 614 1430 μὴ
645 1357 1021 1430 παρατυχοῦσι
1051 1359 1116 1428 τῇ
1151 1357 1355 1426 συνόδῳ
1385 1355 1705 1418 ἐπισκόποις

135 1453 348 1526 καρπὸν
408 1451 609 1522 εὐθαλῆ
649 1451 718 1504 δι’
769 1447 1070 1504 ἐπιστολῶν
1115 1447 1402 1518 ἐδωρεῖτο·
1451 1447 1601 1510 λαοῖς
1645 1463 1704 1499 τε

135 1550 292 1613 πᾶσι,
325 1547 442 1609 τοῖς
470 1561 532 1598 τε
566 1529 688 1597 κατ’
717 1541 922 1612 ἀγροὺς
954 1541 1050 1594 καὶ
1083 1541 1193 1604 τοῖς
1228 1540 1372 1609 ἀμφὶ
1397 1539 1498 1602 τὰς
1523 1539 1707 1601 πόλεις

132 1636 682 1708 οἱκοῧσι,χρημάτων
709 1633 973 1702 ἀφθόνους
987 1632 1251 1695 διαδόσεις
1275 1629 1546 1684 ποιεῖσθαι
1570 1645 1708 1698 παρ·

132 1728 453 1784 εκελεύετο·
493 1720 598 1782 ὧδέ
629 1742 704 1796 πη
724 1723 995 1799 γεραίρων
1027 1724 1128 1794 τὴν
1149 1722 1340 1794 ἑορτὴν
1373 1725 1472 1794 τῆς
1490 1724 1706 1775 εἰκοσα-

130 1821 288 1886 ετοῦς
325 1816 500 1874 αὐτοῦ
549 1816 858 1897 βασιλείας·
905 1817 1276 1886 ἑκκαιδεκάτῳ
1313 1815 1409 1886 μὲν
1465 1813 1576 1866 ἔτει
1614 1811 1710 1866 καλ⁵

134 1915 302 1984 μησὶν
325 1909 399 1976 ἓξ
429 1909 532 1980 τῆς
555 1907 832 1980 βασιλείας
853 1907 1042 1971 αὑτοῦ,
1069 1905 1247 1969 καθὼς
1275 1906 1368 1958 καὶ
1404 1901 1660 1974 ἀνωτέρω
1681 1905 1708 1956 ό

131 2005 292 2074 λόγος
347 2001 622 2068 ἀπέδειξε,
675 2003 820 2055 κατὰ
860 1999 932 2054 τὰ
976 1998 1183 2052 παλαιὰ
1225 1997 1559 2068 διηγήματα,
1609 1995 1708 2064 τὴν

131 2098 298 2166 ἁγίαν
326 2093 442 2150 τῶν
471 2093 784 2148 ἐπισκόπων
807 2091 1158 2163 συναθροίσας
1191 2089 1428 2144 σύνοδον.
1466 2087 1710 2158 Εἰκοστῷ

130 2189 188 2242 δὲ
226 2189 342 2242 ἔτει
383 2185 754 2240 διαλυσάντων
782 2184 846 2237 τὸ
875 2183 974 2253 τῆς
1009 2182 1227 2236 συνόδου
1268 2180 1561 2250 συνέδριον,
1617 2180 1710 2231 άν-

129 2280 331 2332 έλυσεν
372 2277 606 2330 ἕκαστον
637 2277 716 2338 είς
742 2274 842 2338 τὰς
862 2273 996 2336 ἰδίας
1025 2271 1336 2343 παροικίας,
1367 2269 1549 2332 καθὼς
1577 2285 1711 2340 προ-

127 2366 527 2422 ανατέτακται.
575 2361 718 2432 Ἐγὼ
757 2362 814 2416 δὲ
839 2361 910 2416 τὰ
962 2341 1193 2431 ένάύτῇ
1235 2363 1302 2431 τῇ
1332 2359 1466 2430 ἁγίᾳ
1511 2359 1712 2430 συνόδῳ

124 2459 258 2530 περὶ
285 2457 404 2512 τῶν
437 2457 538 2527 τῆς
565 2453 865 2524 καθολικῆς
890 2453 985 2506 καὶ
1015 2451 1297 2522 όρθοδόξου
1326 2451 1584 2514 πίστεως,
1615 2451 1710 2521 τῆς

123 2566 181 2600 τε
207 2548 526 2619 σεϐασμίου
559 2543 757 2617 ἑορτῆς
800 2541 896 2596 τοῦ
930 2542 1084 2610 ἁγίου
1131 2541 1342 2612 Πάσχα,
1371 2541 1480 2594 τῶν
1522 2557 1582 2594 τε
1614 2540 1714 2610 τῆς

121 2638 606 2712 ὲκκλησιαστικῆς
629 2636 780 2700 θείας
807 2635 1148 2706 λειτουργίας
1167 2632 1572 2698 διατυπώσεων,
1603 2630 1713 2684 τῶν

117 2749 178 2786 τε
215 2733 362 2802 περὶ
396 2731 498 2799 τῆς
527 2730 588 2782 ὲν
617 2729 755 2798 αὐτῇ
785 2727 1042 2792 εὐταξίας
1071 2726 1312 2780 κανόνων
1339 2723 1596 2795 κριθέντα
1619 2722 1714 2778 καὶ

114 2820 429 2892 ὁρισθέντα
461 2817 689 2884 ὲντάξας
721 2819 860 2874 κατά
895 2818 1142 2889 δύναμιν,
1172 2815 1302 2889 τῇδε
1328 2819 1394 2888 τῇ
1425 2815 1714 2886 ἐκκλησια-

115 2913 285 2982 στικῇ
339 2907 607 2980 Ἱστορίᾳ,
655 2908 794 2980 πρὸς
844 2907 1224 2980 πληρεστάτην
1273 2907 1572 2976 ἀσφάλειαν
1607 2905 1716 2960 τῶν

114 2997 549 3069 ἐντευξομένων
590 2997 725 3068 τῷδε
765 2995 843 3067 τῷ
882 2997 1193 3068 γράμματι,
1237 2994 1472 3049 ἐνταῦθα
1541 3012 1716 3050 κατα-

113 3092 326 3146 παύσω
357 3089 460 3142 τδν
483 3087 644 3156 λόγον
667 3105 682 3120 ο
709 3087 779 3141 τά
799 3085 964 3140 λοιπὰ
995 3085 1091 3140 τοῦ
1121 3087 1478 3156 πανευφήμου
1505 3089 1600 3140 καὶ
1623 3103 1717 3140 πι-

113 3183 396 3237 στοτάτου
428 3177 703 3250 βασιλέως
738 3177 936 3248 εὐσεϐῆ
968 3177 1109 3247 ὑπὲρ
1149 3177 1252 3246 τῆς
1283 3176 1520 3241 πίστεως
1549 3193 1718 3230 σπου-

107 3277 384 3346 δάσματα
425 3273 494 3326 ὲν
535 3271 706 3342 τρίτῳ
747 3269 1052 3335 κατατάξαι
1085 3267 1308 3323 συνιδὼν
1355 3269 1718 3339 συντάγματι,

105 3372 190 3433 εἰς
214 3367 392 3433 δόξαν
414 3363 521 3418 τοῦ
544 3365 764 3420 πάντων
787 3362 942 3434 ἡμῶν
965 3361 1219 3432 Σωτῆρος
1237 3360 1498 3432 Χριστοῦ,
1526 3359 1621 3414 καὶ
1642 3361 1722 3424 είς

101 3455 559 3530 ἐναργεστάτην
585 3453 860 3520 ἀπόδειξιν
881 3456 981 3526 τῆς
1007 3454 1102 3507 τοῦ
1132 3453 1460 3508 πιστοτάτου
1492 3452 1586 3506 τοῦ
1629 3451 1723 3522 βα-

102 3549 310 3614 σιλέως
331 3544 664 3610 εὐσεϐείας.
701 3545 912 3600 Ἐκεῖνο
954 3546 1112 3616 μόνον
1138 3545 1458 3618 προσθεῖναι
1487 3543 1723 3600 ἐνταῦθα

101 3643 427 3710 ἀναγκαῖον
466 3635 662 3710 ᾠήθην
686 3653 710 3708 ,⁸
741 3637 816 3708 μὴ
859 3636 1140 3709 πάρεργον
1179 3637 1549 3709 ἡγησάμενος,
1589 3635 1724 3690 ἀλλὰ

103 3734 202 3788 καὶ
230 3731 367 3786 λίαν
407 3727 686 3800 ἁρμόδιον
705 3743 718 3758 ’
747 3729 819 3782 τὰ
847 3729 958 3782 τῶν
989 3728 1304 3782 ἐπισκόπων
1331 3728 1592 3799 ὀνόματα,
1615 3727 1724 3782 τῶν

103 3826 212 3878 ὑπὸ
234 3823 342 3878 τοῦ
370 3819 579 3877 κοινοῦ
610 3820 830 3874 πάντων
851 3820 960 3872 τῶν
981 3820 1296 3873 ἐπισκόπων
1323 3820 1404 3882 είς
1427 3819 1528 3881 τὰς
1551 3820 1723 3872 ἀπαν-

100 3914 280 3986 ταχοῦ
315 3913 438 3984 γῆς
487 3911 766 3982 ἐπαρχίας
801 3910 1134 3963 σταλέντων·
1173 3910 1240 3962 δι’
1277 3903 1353 3964 ὧν
1392 3908 1462 3963 τὰ
1498 3909 1602 3962 ὑπὸ
1629 3910 1727 3978 τῆς

102 4008 344 4061 συνόδου
381 4000 689 4074 κριθέντα,
715 4001 802 4054 διὰ
833 3999 1128 4054 συνοδικῶν
1166 4001 1469 4053 ἐπιστολῶν
1499 3999 1594 4052 καὶ
1618 3998 1727 4052 τῶν

99 4099 201 4153 τοῦ
240 4097 647 4166 πανευφήμου
682 4091 947 4162 βασιλέως
986 4091 1350 4162 γραμμάτων,
1403 4091 1606 4154 πάσαις
1649 4090 1728 4144 δι-

99 4191 414 4262 επέμψατο
448 4190 586 4250 ταῖς
615 4187 718 4240 ὑπὸ
735 4184 826 4239 τὸν
849 4184 1076 4255 οὐρανὸν
1097 4183 1282 4252 ἁγίαις
1308 4181 1402 4236 τοῦ
1427 4179 1560 4234 Θεοῦ
1604 4181 1728 4234 Ἐκ-

1801 553 1904 598 est.
1950 544 2025 599 De
2069 545 2263 613 quibus
2291 553 2348 601 et
2386 545 2652 601 Eusebius
2692 543 2956 615 Pamphili
2993 547 3264 602 disserens
3316 547 3374 602 in

1803 633 1946 686 hunc
1971 629 2086 686 fere
2109 633 2348 700 loquitur
2367 634 2583 690 modum
2604 633 2717 705 (29)
2742 651 2756 689 :
2785 633 2876 690 Sic
2899 634 3131 702 denique
3155 643 3374 690 sanctos

1800 721 2082 792 episcopos
2131 737 2253 778 cum
2305 723 2540 779 maxima
2583 726 2886 781 reverentia
2946 725 3374 794 interquiescere

1803 813 2006 871 faciens
2062 815 2348 872 laudabilis
2388 831 2610 886 prorsus
2669 832 2735 873 ac
2797 817 3142 874 ﬁdelissimus
3199 818 3376 888 impe-

1805 915 1954 960 rator
1999 905 2416 973 Constantinus,
2477 907 2900 979 praecipiensque
2965 909 3084 964 illos
3151 909 3370 964 domum

1805 997 2024 1065 redire,
2075 1011 2266 1055 omnes
2331 998 2553 1054 dimisit.
2627 998 2732 1070 ipsi
2793 1015 2923 1056 vero
2996 1015 3118 1057 cum
3185 1001 3373 1057 laetitia

1805 1090 1972 1146 multa
2001 1089 2297 1146 redierunt.
2332 1087 2627 1146 Obtinebat
2657 1099 2835 1146 autem
2863 1097 3002 1162 apud
3033 1106 3223 1149 omnes
3267 1109 3373 1148 una

1804 1183 1857 1237 itt
1887 1191 2164 1254 posterum
2197 1181 2488 1247 sententia,
2532 1182 2583 1236 in
2625 1197 2788 1252 quam
2837 1191 3106 1252 praesente
3145 1184 3376 1253 impera-

1807 1288 1924 1333 tore
1955 1277 2357 1348 conspirarent,
2395 1276 2696 1346 conjunctis
2719 1275 2866 1330 velut
2891 1276 2948 1330 in
2979 1291 3146 1331 unum
3179 1289 3378 1344 corpus

1806 1371 1871 1424 iis
1904 1370 1996 1440 qui
2033 1369 2122 1424 ditt
2157 1370 2388 1438 separati
2422 1366 2658 1423 fuerant.
2693 1368 2994 1438 Imperator
3024 1367 3187 1438 igitur
3221 1367 3376 1420 laetus

1807 1462 1876 1518 ob
1923 1475 2040 1516 rem
2083 1459 2318 1514 feliciter
2339 1469 2564 1529 gestam,
2597 1458 2664 1514 iis
2695 1459 2786 1528 qui
2814 1457 3044 1513 concilio
3077 1473 3182 1511 non
3213 1444 3379 1511 inter-

1809 1553 2058 1618 fuerunt,
2091 1549 2398 1620 episcopis,
2441 1551 2660 1604 uberem
2713 1547 2946 1604 fructum
2983 1563 3078 1618 per
3122 1546 3378 1615 epistolas

1809 1643 1973 1698 dabat
2004 1660 2018 1696 :
2050 1641 2258 1710 populis
2309 1641 2559 1696 omnibus
2605 1650 2710 1694 tam
2753 1653 2912 1710 agros
2943 1653 3101 1707 quam
3131 1637 3378 1692 civitates

1810 1733 2212 1798 habitantibus,
2264 1732 2613 1802 pecuniarum
2668 1730 2865 1787 eﬂ'usas
2915 1729 3228 1798 largitiones
3261 1729 3379 1782 ﬁeri

1807 1825 2052 1899 jubebat.
2107 1823 2220 1880 Hoc
2267 1825 2426 1879 modo
2475 1822 2792 1876 vicesimum
2852 1822 2933 1876 sui
2971 1821 3119 1890 regni
3175 1833 3377 1874 annum

1815 1912 2229 1972 condecorabat.
2277 1912 2446 1968 Sexto
2472 1911 2686 1980 quidem
2719 1909 2929 1966 decimo
2976 1925 3117 1972 anno
3142 1917 3198 1965 et
3227 1919 3381 1964 sexto

1815 2018 2002 2060 mense
2048 2003 2198 2072 regni
2231 2001 2348 2069 sui,
2377 1999 2531 2070 juxta
2575 2007 2790 2080 veteres
2819 2001 3105 2068 historias,
3133 2008 3192 2054 ut
3219 2012 3382 2069 supra

1815 2096 2071 2160 diximus,
2107 2104 2353 2150 sanctum
2389 2093 2765 2163 episcoporum
2815 2091 3106 2146 concilium
3158 2103 3398 2158 congrer

1816 2187 1981 2256 gavit.
2023 2187 2181 2242 Anno
2215 2200 2344 2240 vero
2373 2185 2634 2240 vicesimo
2663 2198 2784 2238 cum
2815 2181 3008 2256 synodi
3055 2186 3382 2236 conventum

1817 2279 2172 2344 dissolvisset,
2204 2277 2258 2331 in
2278 2290 2406 2331 suas
2428 2275 2715 2344 parmcias,
2743 2283 2802 2328 ut
2827 2273 3027 2329 dictum
3053 2279 3157 2336 est,
3189 2285 3384 2325 unum-

1817 2383 2085 2440 quemque
2119 2368 2347 2424 dimisit.
2397 2367 2510 2437 Ego
2545 2374 2745 2430 autem,
2798 2379 2919 2434 quae
2959 2363 3018 2418 in
3048 2364 3164 2435 ipsa
3195 2371 3383 2418 saneta

1817 2461 2025 2531 synodo
2053 2459 2119 2515 de
2137 2458 2401 2516 catholica
2433 2467 2486 2510 et
2510 2455 2809 2512 orthodoxa
2844 2455 2972 2522 lide,
3000 2463 3052 2510 et
3081 2453 3384 2509 veneranda

1819 2555 1986 2612 sancti
2020 2551 2301 2609 Paschatis
2334 2551 2652 2616 festivitate,
2709 2549 2776 2604 de
2819 2547 2985 2604 divini
3032 2543 3385 2602 ecclesiastici

1817 2645 1978 2703 ol'licii
2035 2643 2512 2702 constitutionibus
2535 2683 2550 2706 ,
2580 2651 2634 2697 et
2661 2643 2726 2697 de
2771 2641 2938 2712 ipsius
2971 2638 3265 2708 disciplinae
3296 2651 3386 2692 ca-

1821 2737 2054 2794 nonibus
2073 2736 2314 2806 iudicata
2357 2743 2414 2790 et
2447 2734 2666 2788 deﬁnita
2701 2741 2850 2798 sunt,
2880 2746 3002 2786 cum
3033 2733 3100 2786 ad
3135 2729 3387 2800 plenissi-

1823 2844 1963 2884 mam
2001 2841 2188 2882 eorutn
2239 2825 2587 2880 securitatem
2627 2823 2718 2894 qui
2754 2823 2856 2878 hoc
2907 2821 3110 2890 scripto
3141 2827 3384 2881 utentur,

1822 2922 1874 2976 in
1909 2921 2009 2975 hac
2037 2917 2404 2974 ecclesiastica
2435 2915 2698 2982 Historia,
2737 2922 2798 2968 ut
2837 2912 3010 2983 potui,
3040 2911 3228 2966 ordine
3261 2922 3391 2978 pro-

1823 3011 2119 3082 posuerim,
2167 3007 2297 3064 huic
2343 3006 2578 3062 sermoni
2623 3005 2786 3058 tinem
2830 3003 3148 3072 imponam:
3181 2996 3390 3066 reliqua

1825 3115 2046 3171 prorsus
2079 3097 2363 3154 laudabilis
2394 3104 2554 3166 atque
2587 3092 2887 3149 ﬁdelissimi
2921 3088 3266 3160 imperatoris
3302 3087 3386 3157 pia

1819 3209 1918 3264 pro
1965 3191 2068 3246 llde
2111 3189 2286 3246 studia
2336 3189 2390 3242 in
2445 3186 2608 3241 tertio
2645 3182 3038 3240 commentario
3090 3181 3386 3236 relaturum

1823 3300 1908 3340 me
1955 3291 2231 3354 reputans,
2281 3281 2334 3334 in
2369 3279 2593 3350 gloriam
2625 3277 2866 3332 omnium
2896 3284 3142 3330 nostrum
3197 3271 3390 3326 Salva-

1823 3376 1952 3431 toris
1979 3373 2202 3440 Christi,
2230 3381 2286 3428 et
2313 3372 2366 3424 in
2397 3367 2890 3424 manifestissimam
2921 3365 3136 3436 pietatis
3162 3365 3388 3418 demon-

1821 3467 2138 3524 stratiOnem
2174 3461 2513 3534 imperatoris
2567 3459 2734 3515 nostri
2772 3456 3090 3512 ﬁdelissimi.
3124 3455 3258 3510 Illud
3297 3470 3388 3509 so-

1822 3563 1930 3617 lum
1961 3559 2049 3616 hic
2077 3557 2273 3613 addere
2307 3555 2674 3610 necessarlum
2708 3551 3017 3606 existimavi
3055 3550 3205 3618 (non
3234 3557 3391 3603 extra

1823 3666 1935 3708 rem
1985 3663 2105 3706 esse
2146 3647 2466 3708 arbitratus,
2513 3645 2608 3700 sed
2653 3642 2808 3697 valde
2858 3639 3390 3701 accommodatuml,

1824 3755 2010 3796 eorum
2041 3737 2250 3794 scilicet
2295 3735 2670 3804 episcoporum
2723 3730 2964 3794 nomina,
3004 3729 3093 3798 qui
3127 3743 3190 3781 ex
3243 3742 3395 3782 com-

1825 3830 1972 3885 muni
2001 3829 2241 3884 omuium
2273 3826 2652 3895 episcoporum
2703 3834 2970 3875 consensu
3005 3819 3057 3872 in
3090 3817 3394 3886 provincias

1825 3921 2022 3989 ubique
2054 3928 2322 3973 terrarum
2371 3915 2518 3968 missi
2559 3921 2686 3967 sunt
2723 3927 2736 3963 :
2772 3925 2870 3980 per
2903 3925 3038 3978 quos
3069 3923 3188 3978 qua:
3228 3922 3258 3961 a
3301 3922 3394 3977 sy-

1827 4015 1968 4068 nodo
2017 4011 2232 4082 l'uerant
2275 4006 2510 4078 iudicata
2538 4043 2552 4067 ,
2587 4017 2681 4072 per
2728 4001 3013 4072 synodicas
3067 3997 3322 4066 epistolas
3341 4005 3396 4051 et

1829 4100 2182 4158 laudatissimi
2235 4101 2376 4168 regis
2431 4097 2637 4150 litteras
2665 4132 2680 4158 ,
2727 4093 2794 4145 ad
2823 4105 3012 4145 omnes
3040 4099 3258 4143 sanctas
3295 4089 3394 4142 sub

1829 4195 1964 4249 ctelo
1994 4192 2086 4247 Dei
2119 4189 2388 4245 Ecclesias
2417 4197 2543 4242 sunt
2579 4185 2918 4246 transmissa,
2955 4182 3008 4234 in
3040 4181 3265 4251 gloriam
3301 4179 3397 4234 Dei

99 4283 406 4356 κλησίαις,
465 4281 558 4344 είς
593 4277 748 4342 δόξαν
793 4276 888 4330 τοῦ
927 4275 1062 4328 Θεοῦ
1111 4275 1203 4329 καὶ
1253 4273 1345 4326 τοῦ
1388 4272 1516 4326 Υίοῦ
1562 4273 1715 4326 αύτοῐ

1830 4284 2023 4347 Patris,
2057 4291 2111 4338 et
2149 4280 2269 4336 Filii
2297 4279 2414 4349 eius
2447 4278 2571 4333 Jesu
2623 4276 2827 4332 Christi
2861 4271 3072 4328 Domini
3113 4271 3309 4339 nostri,
3343 4281 3398 4325 et

110 4375 304 4448 Ἰησοῦ
360 4369 633 4446 Χριστοῦ
677 4369 774 4423 τοῦ
821 4367 1027 4440 Κυρίου
1077 4367 1257 4439 ἡμῶν,
1305 4365 1528 4420 καὶτοῦ
1571 4365 1715 4434 ἁγίοι

1831 4377 2002 4431 sancti
2034 4373 2288 4444 Spiritus.
2319 4371 2510 4426 Amen.

99 4467 252 4520 Πνεύ
263 4481 485 4539 ματος.
546 4462 612 4516 ’Δ
619 4461 748 4532 μήν.

94 4604 489 4671 Ιίατάλογος
535 4595 664 4671 τῷν
703 4596 886 4671 ἀγίῳῂ
921 4595 1288 4671 ἐπισκόπωνς,
1339 4587 1586 4671 suam
1611 4591 1715 4644 σὺν

1832 4596 2120 4666 σαιηίοςιιιδ
2153 4594 2874 4671 sanctorumcpiscoperunt,
2913 4604 3003 4658 per
3021 4604 3150 4657 quos
3190 4597 3399 4669 saucia,

168 4663 407 4738 αὐτοῖς·
432 4663 514 4723 ὲῖν
547 4663 767 4738 Νικαίᾴ
789 4665 927 4738 (irier
962 4665 1060 4738 καὶ
1079 4663 1310 4738 μεγάλη
1341 4663 1443 4738 καί
1461 4665 1732 4738 οἰκουρε-

171 4743 332 4811 νικὴ
377 4731 682 4811 ἶγύνοδο-ςν
712 4731 846 4811 ταῖς
891 4736 1004 4811 dra
1033 4731 1158 4811 ⁸τὴν
1205 4731 1566 4811 oleagineis-ny-
1608 4731 1732 4811 Fit:

169 4799 499 4882 κληὸιαις
551 4799 845 4882 τοῦίιθεοῦ
881 4803 1246 4882 διεπέμψατο
1283 4799 1457 4882 (est:
1479 4799 1633 4868 αὐτῇ
1659 4800 1731 4853 διΡ

173 4873 403 4942 αὐξῶν
437 4873 782 4944 κεκριμένα
807 4875 926 4928 ὑπὸ
956 4874 1062 4928 τοῦ
1085 4875 1256 4942 ἁγίου
1291 4873 1658 4940 Πνεύματος.

172 5025 389 5082 ’Ὀσιος
424 5013 752 5074 ἐπίσκοπος
781 5011 1131 5082 Κουρδούϐης
1162 5012 1280 5073 ταῖς
1319 5009 1460 5062 κατὰ
1493 5007 1732 5078 Ῥώμην,

92 5119 194 5173 καὶ
241 5109 545 5170 Ἰταλίαν,
598 5103 693 5154 καὶ
723 5101 960 5154 Σπανίαν
1003 5102 1202 5166 πᾶσαν,
1245 5101 1340 5152 καὶ
1373 5103 1492 5162 ταῖς
1536 5103 1592 5152 ἐν
1625 5101 1738 5162 τοῖς

90 5209 323 5265 λοιποῖς
360 5201 575 5256 ἔθνεσι
615 5195 728 5257 τοῖς
757 5192 1012 5244 ἐπέκεινα
1036 5192 1156 5244 κατ’
1191 5192 1290 5262 ἐμὲ
1328 5186 1474 5244 οὖσιν
1509 5190 1610 5252 ἕως
1635 5190 1728 5242 τοῦ

103 5293 428 5357 Ὠκεανοῦ,
461 5287 674 5356 ἁγίαις
694 5283 786 5336 τοῦ
813 5281 947 5336 Θεοῦ
991 5281 1354 5351 Ἐκκλησίαις,
1385 5281 1474 5333 διὰ
1505 5279 1610 5332 τῶν
1636 5281 1730 5333 σὺν

89 5391 254 5464 αὐτῷ
301 5373 743 5458 πρεσϐυτέρων
783 5374 1000 5444 Ῥώμης
1036 5373 1265 5434 Βίτωνος
1303 5375 1396 5426 καὶ
1433 5372 1729 5426 Βικεντίου.

181 5558 593 5628 Ἀλέξανδρος
655 5547 1057 5619 Ἀλεξανδρείας
1109 5549 1202 5602 σὺν
1261 5549 1556 5618 ’Λθαναςίῳ
1607 5551 1724 5601 τότε

165 5743 294 5820 (29)
342 5739 482 5797 Lib.
523 5744 596 5787 nt
631 5724 706 5783 De
734 5727 838 5780 rita
877 5726 1178 5791 COttaiattl.,
1220 5743 1340 5796 cap.
1381 5726 1468 5792 ~21,
1505 5728 1590 5779 τη,

1666 5567 1693 5579 ρ

1904 4659 2094 4736 magna
2128 4677 2173 4720 et
2209 4659 2772 4736 tmirersalt's'syuodns
2803 4661 2996 4736 Merere
3017 4659 3396 4736 cgpct_a,_.misit

1905 4725 2144 4790 omnibus
2191 4737 2246 4788 in
2289 4744 2396 4788 toto
2433 4735 2551 4788 orbe
2573 4725 2852 4785 "terrarum
2897 4728 2990 4780 Dei
3039 4725 3284 4782 Ecclesiis
3314 4743 3396 4792 ea,

1903 4821 2019 4874 ante
2051 4808 2114 4858 ab
2157 4805 2282 4872 ipsis
2329 4819 2420 4872 per
2460 4803 2718 4870 Spiritum
2761 4810 2996 4853 sanctum
3027 4797 3078 4851 in
3117 4815 3176 4852 ea
3203 4798 3409 4850 conati--

1907 4885 2023 4928 tum
2048 4885 2192 4928 sunt.

1905 5007 2064 5062 Osius
2105 5006 2385 5074 episcopus
2431 5003 2728 5069 Cordubae,
2759 5003 2964 5058 sanctis
2995 5001 3085 5056 Dei
3118 4999 3416 5064 Ecciesiish

1836 5113 1953 5168 qua:
1990 5099 2178 5153 Roma:
2218 5105 2365 5160 sunt,
2415 5105 2468 5150 et
2515 5095 2664 5150 Italia
2707 5105 2760 5150 et
2811 5095 3064 5164 Hispania
3097 5103 3229 5158 tetu,
3257 5099 3312 5146 et
3346 5091 3412 5144 iis

1839 5188 2060 5258 reliquis
2115 5187 2338 5242 ulterius
2397 5187 2707 5242 nationibus
2777 5201 2946 5256 usque
3008 5185 3072 5239 ad
3127 5183 3415 5238 Oceanum.

1839 5279 2320 5344 eommorantihus,
2352 5294 2445 5346 per
2470 5294 2562 5332 eos
2589 5281 2676 5346 qui
2705 5295 2824 5333 cum
2851 5279 2968 5347 ipso
2995 5288 3169 5339 erant,
3202 5277 3412 5330 Roma~

1839 5388 1940 5426 nos
1973 5373 2314 5441 presbyteros
2353 5369 2600 5424 Vitoncni
2635 5370 2857 5442 [Vitutn,
2891 5385 2982 5423 seti
3014 5365 3310 5438 Victorem]
3349 5376 3412 5420 et

1845 5461 2211 5518 Vincentium.

1903 5553 2206 5609 Alexander
2246 5553 2584 5608 Alexandria:
2647 5567 2766 5606 cum
2813 5550 3112 5604 Athanasio
3143 5559 3270 5604 tunc
3316 5563 3418 5603 arx
