4038 6148
256 445 394 510 1345

1137 453 1499 514 HISTORIA
1537 451 1869 513 CONCILII
1904 451 2208 515 NICENI.
2250 482 2314 492 —
2357 457 2502 518 LIB.
2542 459 2620 518 Il.

3369 463 3504 528 1346

254 571 375 610 σται
405 564 540 627 πρὸς
572 558 784 633 ἀπάτης
817 563 1006 636 δέλεαρ
1036 562 1384 628 πλάττουσιν,
1416 563 1578 618 οἱονεὶ
1598 565 1814 628 κάλλους

1933 577 2146 616 omnem
2183 564 2513 632 deccptionis
2545 567 2722 620 dolum
2772 565 3050 635 efﬁngunt,
3087 571 3231 625 velut
3262 573 3501 638 pulchri-

253 649 403 720 αὐτῷ
435 653 772 723 εὐπρέπειαν
797 656 1344 726 προσμηχανώμενοι,
1393 658 1659 730 αἰσχίστῳ
1693 659 1828 712 καθ-

255 740 400 807 άπαξ
412 741 525 794 ὄντι
546 746 612 814 τῇ
641 745 824 812 φύσει,
844 747 992 810 ὅπως
1015 747 1080 800 ἂν
1092 749 1222 811 τοὺς
1243 747 1627 820 ταλαιπώρους
1654 751 1824 804 ἀπολ-

253 829 370 884 λύοι
409 832 619 903 πλάνην
658 835 842 898 αὐτοῖς
878 837 1206 908 προτείνων⁶
1262 838 1354 892 τὸν
1383 840 1546 894 αὐτὸν
1569 835 1722 906 οὗτος
1757 843 1823 897 ἂν

253 917 410 994 οἶμαι
438 925 640 997 τρόπον
663 928 955 1002 ποιήσειεν,
982 923 1026 998 ᾧ
1053 931 1212 1000 μόνον
1239 933 1478 1002 σπουδῆς
1505 931 1658 998 ἄξιον
1677 933 1823 988 τοῦτ’

254 1013 394 1069 εἶναι
438 1017 603 1082 δοκεῖ,
645 1019 725 1082 τὸ,
761 1020 830 1072 τὰ
853 1001 958 1089 τῆς
990 1023 1198 1084 οἰκείας
1247 1001 1569 1094 ἰταμότητος
1599 1024 1826 1095 δηλητή-

259 1107 628 1176 ρια’ἀφειδῶς
689 1110 1105 1179 προϐάλλεσθαι.
1148 1112 1438 1184 Τοιγάρτοι
1485 1113 1702 1184 καινὴν,
1730 1115 1825 1167 καὶ

254 1195 349 1264 ἀφ’
375 1189 437 1250 οὗ
483 1197 770 1265 γεγόνασιν
820 1200 1128 1272 ἄνθρωποι,
1169 1201 1514 1257 οὐδεπώποτε
1561 1209 1826 1275 φανεῖσαν

253 1286 513 1350 ἀπιστίας
537 1289 745 1358 εἰσάγει
780 1291 984 1345 πίστιν.
1026 1293 1227 1365 Διόπερ
1255 1295 1406 1350 οὐδὲν
1434 1297 1536 1366 τῆς
1563 1297 1823 1369 ἀληθείας

252 1377 362 1447 ἄρα
387 1377 589 1448 ἀπᾷδον
610 1381 784 1434 ἐκεῖνο
814 1381 1086 1452 φαίνεται,
1115 1383 1175 1436 τὸ
1205 1385 1374 1438 πάλαι
1404 1390 1471 1458 τῇ
1507 1387 1628 1460 θεία
1667 1390 1823 1458 ῥήσει

249 1468 678 1540 διηρθρωμένον,
711 1473 792 1525 ὅτι
811 1473 944 1545 πρὸς
969 1473 1030 1528 τὸ
1057 1475 1224 1529 κακόν
1244 1479 1348 1530 είσι
1389 1479 1562 1547 σοφοί.
1591 1479 1656 1530 Τί
1683 1479 1727 1532 δ’
1757 1480 1822 1534 ἄν

247 1575 336 1621 τις
363 1560 542 1613 έκεῖνο
570 1560 822 1630 λέγεσθαι
863 1564 961 1634 τὴν
989 1563 1084 1618 τοῦ
1122 1565 1471 1634 βουλεύεσθαι
1511 1572 1670 1640 χάριν
1721 1571 1820 1624 αύ-

245 1648 342 1702 τδν
368 1651 770 1715 ἀπολωλεκότα,
805 1655 999 1724 μηκέτι
1024 1659 1327 1728 κουφισμοῦ
1358 1678 1479 1713 τινα
1503 1662 1822 1734 ἐπικουρίαν

248 1739 515 1808 εὕρασθαι
541 1743 858 1813 ἐπιθυμεῖν;
885 1745 950 1798 Τί
976 1747 1157 1800 τοίνυν
1183 1750 1345 1820 φημὶ,
1369 1752 1571 1822 Χριστὲ
1594 1753 1818 1822 Χριστὲ,

247 1833 422 1904 Κύριε
453 1832 656 1904 Κύριε;
697 1837 748 1888 τί
773 1837 970 1907 δήποτε
1013 1841 1160 1908 ἡμᾶς
1195 1841 1254 1894 τὸ
1297 1841 1588 1914 λῃστήρῶν
1620 1845 1820 1912 ὁσημέ-

1931 651 2133 705 tudinis
2159 651 2451 724 formaeque
2492 659 2655 710 decus
2683 656 2996 727 alliugentes
3025 659 3125 724 illi,
3162 670 3350 716 natura
3403 679 3500 718 sua

1892 775 1896 778 -
1930 739 2087 809 plane
2135 743 2465 812 turpissimo,
2508 754 2564 799 ut
2596 747 2824 802 miseros
2862 749 3118 805 mortales
3162 753 3373 820 perdat,
3408 769 3499 810 er-

1931 847 2106 887 rorem
2147 833 2212 888 iis
2249 835 2538 904 ohjiciens,
2572 839 2758 892 eodem
2798 836 2955 905 p’lane
2985 841 3163 904 modo,
3199 855 3258 896 ut
3283 847 3498 911 opinor,

1926 919 2080 986 facit,
2125 922 2214 976 cui
2268 923 2398 978 illud
2448 925 2622 978 solum
2671 927 2852 980 studio
2895 927 3114 996 dignum
3163 929 3396 998 videtur,
3442 945 3503 988 ut

1929 1012 2086 1066 noxia
2110 1012 2454 1082 impudentia:
2479 1024 2535 1068 et
2575 1015 2822 1070 audaciae
2853 1032 2966 1072 suae
2997 1019 3283 1088 pharmace
3321 1023 3503 1092 profu-

1927 1100 2040 1154 sius
2091 1103 2348 1158 omnibus
2397 1104 2642 1173 objiciat.
2689 1107 2898 1161 Etenim
2947 1124 3184 1174 novam,
3231 1127 3330 1166 nec
3381 1125 3504 1182 post

1929 1189 2178 1244 homines
2224 1202 2380 1246 natos
2430 1210 2674 1264 unquam
2726 1197 2920 1263 visam,
2974 1199 3310 1256 infidelitatis
3343 1204 3500 1257 fidem

1927 1277 2151 1335 inducit.
2185 1281 2546 1348 Quamobrem
2577 1302 2678 1342 uec
2707 1302 2736 1342 a
2773 1290 3000 1346 veritate
3041 1293 3339 1349 abhorrere
3371 1295 3499 1349 illud

1926 1371 2143 1426 videtur
2161 1375 2484 1444 jampridem
2511 1378 2688 1433 divina
2715 1381 2962 1436 oratione
2987 1384 3334 1453 explicatum,
3358 1389 3500 1454 quod

1925 1463 1992 1518 ad
2039 1462 2237 1520 malum
2273 1477 2400 1522 sunt
2439 1471 2798 1538 sapientes".
2843 1473 2982 1540 Quid
3025 1476 3170 1529 enim
3219 1477 3493 1546 quispiam

1925 1554 2128 1610 dixerit
2175 1557 2323 1612 illum
2359 1563 2575 1617 consilii
2614 1566 2862 1633 capiendi
2907 1566 3134 1635 gratiam
3168 1571 3490 1636 perdidisse,

1923 1647 2013 1714 qui
2047 1662 2152 1701 non
2199 1651 2432 1717 amplius
2480 1653 2868 1710 sublevationis
2911 1657 3170 1711 auxilium
3216 1659 3379 1714 ullum
3414 1662 3495 1714 in-

1925 1737 2112 1793 venire
2158 1742 2406 1809 expetit?
2435 1741 2702 1807 Quorsum
2748 1747 2931 1816 igitur,
2999 1748 3217 1805 Christe
3256 1751 3491 1816 Christe.

1927 1829 2146 1882 Domine
2182 1832 2442 1888 Domine?
2470 1851 2728 1904 quorsum
2772 1854 2868 1892 nos
2938 1841 3177 1909 quotidie
3217 1845 3498 1912 praedones

252 1940 340 1993 ραι
376 1925 702 1996 τιτρώσκεις
741 1926 1010 1999 Ἕστηκεν
1041 1930 1353 1996 ἐξεναντίας
1381 1934 1526 2006 δεινή
1559 1953 1644 1999 τις
1671 1935 1814 2006 βιαία

1925 1918 2248 1976 vulnerant?
2285 1923 2407 1978 Stat
2451 1941 2516 1980 ex
2561 1928 2788 1982 adverso
2818 1930 2949 1984 dura
2994 1935 3240 2000 qttzedam
3283 1943 3336 1988 et
3379 1935 3495 1990 vio-

246 2013 442 2082 τόλμα,
484 2013 748 2084 βρυχᾶται
779 2016 1112 2086 ἐπιπρίουσα
1153 2019 1247 2072 τὸν
1287 2019 1476 2073 ὀδόντα
1509 2020 1821 2092 δύσμορφος

247 2105 344 2158 ὑπ’
376 2106 614 2175 ἀτιμίας,
635 2106 728 2160 καὶ
758 2093 1119 2172 παντοδαποῖς
1144 2113 1592 2182 περιτετρωμένη
1623 2115 1820 2185 ἐγκλή-

245 2216 436 2268 μασιν.
473 2197 620 2266 Αὕτη
659 2199 842 2270 μέντοι
880 2202 937 2254 ὲν
957 2201 1034 2269 τῷ
1065 2203 1215 2272 νόμῳ
1243 2203 1338 2256 καὶ
1365 2203 1442 2274 τῷ
1457 2221 1520 2256 πε
1531 2206 1584 2273 pi.
1607 2205 1700 2258 σοῦ
1724 2224 1820 2277 κη-

248 2291 510 2360 ρύγματι,
551 2290 742 2361 ὥσπερ
767 2291 878 2344 τισὶ
917 2291 1106 2356 ζάλαις
1134 2295 1451 2364 τρικυμίαις
1494 2297 1680 2350 κακῶν
1707 2297 1822 2350 δια-

247 2384 582 2454 φορουμένη,
633 2384 981 2454 ἐξερεύγεται
1031 2385 1130 2454 μὲν
1171 2385 1391 2448 ἐξώλεις
1424 2386 1638 2456 λόγους,
1683 2391 1820 2460 γράσ-

245 2493 422 2542 φουσα
451 2477 508 2529 δὲ
533 2476 756 2539 τούτους
787 2477 1055 2544 ἐκφαίνει,
1089 2477 1183 2540 οὓς
1215 2479 1469 2532 οὐδέποτε
1501 2482 1528 2532 ὁ
1557 2480 1635 2549 τῷ
1664 2481 1820 2552 ἀϊδίῳ

242 2569 346 2638 τῆς
376 2569 571 2622 σαυτοῦ
601 2570 782 2638 πηγῆς
805 2567 882 2638 τῷ
913 2569 1080 2639 πατρὶ
1119 2571 1503 2642 συνυπάρχων,
1535 2575 1654 2634 ταῖς
1685 2576 1814 2644 περὶ

242 2657 476 2710 σεαυτοῦ
527 2657 792 2725 γνώσεσιν
841 2657 1146 2728 άφώρισας.
1181 2661 1407 2727 Συνάγει
1449 2661 1505 2714 δὲ
1548 2661 1683 2726 ὅλως
1725 2663 1818 2716 καὶ

245 2752 520 2819 συμφορεῖ
541 2749 691 2800 δεινά
719 2749 855 2802 ἅττα
881 2749 976 2802 καὶ
1007 2749 1183 2818 ἄνομα
1210 2750 1535 2820 ἀσεϐήματα
1555 2769 1568 2782 ’
1593 2752 1688 2805 νῦν
1718 2754 1818 2822 μὲν

231 2840 344 2902 τὰς
381 2839 627 2906 γλώττας
655 2840 1043 2910 κραδαίνουσα,
1068 2841 1163 2894 νῦν
1203 2841 1245 2894 δ’
1273 2838 1340 2896 αὖ
1373 2842 1536 2896 πάλιν
1565 2846 1682 2907 ταῖς
1709 2843 1817 2897 τῶν

238 2927 447 2980 ἀθλίων
491 2929 748 2992 σπουδαῖς
790 2930 1147 3001 ὲπαιρομένη,
1190 2929 1284 3009 οὓς
1333 2930 1420 2984 ἐπ’
1447 2932 1630 2996 ἀδείας
1679 2933 1816 3004 αὑτὴ

242 3019 515 3088 παρόντας
544 3017 789 3090 ἐξαπατᾷ
817 3021 912 3075 καὶ
945 3020 1175 3092 φθείρει.
1209 3021 1479 3092 Βούλομαι
1505 3023 1562 3076 δὲ
1588 3019 1688 3095 ήδη
1721 3025 1814 3077 τοῦ

241 3111 506 3181 προέδρου
539 3111 714 3180 αὐτῆς
759 3112 858 3182 τὴν
889 3111 1052 3181 φύσιν
1094 3113 1366 3180 ἐξετάσαι.
1400 3113 1465 3166 Τί
1497 3113 1604 3184 γὰρ
1635 3114 1700 3184 δὴ
1730 3115 1817 3169 λέ·-

239 3217 362 3269 yet;
399 3202 470 3254 Ἦ
507 3201 846 3272 κατέχωμεν,
880 3204 1066 3276 φησὶν,
1103 3199 1165 3258 οὗ
1191 3205 1292 3276 ¹ἤδη
1327 3206 1619 3278 ὲκγρατετς
1653 3207 1814 3276 γεγό-
1841 3233 1885 3292 C

241 3309 433 3362 ναμεν,
467 3291 500 3362 ἢ
539 3293 780 3361 γενέσθω
826 3293 901 3358 ὡς
950 3296 1107 3348 αὐτοὶ
1156 3295 1478 3366 βουλόμεθα.
1521 3298 1808 3363 Πέπτωκε,

240 3383 337 3435 καὶ
367 3381 540 3436 ταῦτα
579 3383 868 3438 πέπτωκεν
900 3386 1294 3457 ἀναιρούμενος
1317 3403 1330 3418 ·
1369 3387 1524 3456 δόλῳ,
1561 3391 1748 3459 φησιν,
1775 3388 1808 3458 ῆ

238 3471 502 3542 δεινότητι
526 3473 880 3544 πανουργίας,
923 3475 1074 3526 οὐδὲν
1105 3474 1374 3546 διαφέρει.
1407 3477 1614 3546 Σεμνὺν
1651 3477 1812 3548 μόνον

236 3563 475 3631 ἡγεῖται,
500 3562 528 3616 ὃ
549 3563 639 3616 διὰ
670 3566 910 3636 πονηρᾶς
941 3565 1186 3627 ἐπινοίας
1214 3569 1295 3630 είς
1330 3567 1494 3620 αὐτὸν
1525 3568 1808 3639 εἰσερρύη.

239 3653 450 3724 Πλήθη,
507 3655 692 3724 φησὶν,
722 3655 948 3726 ἔχομεν·
981 3658 1328 3728 προϐήσομαι
1374 3659 1437 3727 δὴ
1473 3661 1668 3730 μικρὸν
1715 3663 1810 3714 αὒ-

235 3741 328 3806 τδς
359 3743 450 3796 ἐπὶ
477 3743 537 3796 τὸ
567 3743 822 3812 πρόσθεν,
852 3747 926 3806 ὡς
955 3744 1020 3798 ἂν
1051 3746 1158 3798 τῶν
1191 3748 1288 3816 τῆς
1329 3747 1524 3814 μανίας
1559 3747 1810 3816 πολέμων

237 3835 436 3903 θεατὴς
470 3835 736 3906 γένωμαι.
783 3837 982 3901 Αὐτὸς,
1033 3837 1170 3908 ἔφην
1210 3837 1339 3906 ἐγὼ,
1377 3838 1748 3908 προϐήσομαι,
1781 3839 1810 3890 ὁ

233 3927 359 3988 τοὺς
386 3925 494 3978 τῶν
516 3927 764 3998 ἀφρόνων
785 3927 1056 3996 πολέμους
1087 3926 1280 3978 παύειν
1311 3925 1540 3988 εἰωθώς,
1569 3928 1702 3994 Ἀγε
1719 3925 1806 3996 δὴ,

238 4021 405 4091 ’Ἄρες
436 4020 646 4090 Ἀρειε,
684 4017 990 4092 ἁσπίδωνῆ
1029 4019 1142 4092 [ίσ.
1289 4021 1470 4092 χρεία.
1519 4021 1609 4092 Μὴ
1646 4021 1710 4074 σύ
1742 4037 1806 4088 γε

232 4111 392 4164 τοῦτο
421 4113 674 4185 ποιήσῃς,
713 4115 1026 4184 ἱκετεύομεν
1046 4130 1058 4142 ·
1094 4115 1366 4184 ἐπισχέτω
1392 4111 1522 4181 γοῦν
1547 4131 1605 4166 σε
1643 4117 1675 4186 ὴ
1706 4114 1806 4184 τῆς

244 4201 566 4272 Ἀφροδίτης
617 4203 824 4272 ὁμιλία.
864 4203 1024 4257 Ἀλλὰ
1053 4205 1161 4274 γὰρ
1203 4205 1315 4256 είθε
1358 4205 1434 4268 ὡς
1470 4209 1583 4268 τοῖς
1629 4205 1808 4274 ὄχλοις

231 4291 432 4362 ἄριστα
462 4296 942 4366 συνεκκροτεῖσθαι
967 4297 1164 4362 δοκεῖς,
1189 4295 1331 4349 οὕτω
1361 4311 1440 4348 σοι
1466 4298 1532 4367 τῇ
1559 4297 1688 4366 περὶ
1715 4295 1806 4348 τὸν

231 4385 472 4455 Χριστὸν
511 4387 762 4458 εὐσεϐείᾳ
801 4389 1011 4459 προσῆν
1043 4389 1332 4458 ἀκμάζειν.
1377 4388 1508 4442 Ἰδοὺ
1539 4389 1602 4458 δὴ
1637 4387 1799 4440 πάλιν

232 4469 300 4526 αὖ
319 4473 506 4544 ἱκέτης
522 4475 770 4546 ἔρχομαι,
789 4479 1006 4540 καὶτοῖς
1023 4477 1204 4540 ὅπλοις
1227 4480 1334 4530 πᾶν
1354 4478 1556 4548 πλῆθος
1581 4477 1802 4548 ἰσχύων,

1921 2010 2066 2066 lenta
2113 2017 2361 2080 audacia,
2391 2016 2573 2074 fremit
2607 2021 2922 2092 frendetque
2968 2025 3222 2082 dentibus
3269 2027 3493 2083 infamia

1923 2103 2202 2172 deformis,
2245 2115 2300 2160 et
2348 2109 2646 2166 innumeris
2689 2114 2933 2169 sauciata
2977 2117 3314 2174 criminibus.
3371 2120 3488 2190 Ipsa

1921 2202 2070 2246 certe
2107 2195 2158 2247 itt
2207 2195 2322 2265 lege
2367 2206 2422 2250 et
2473 2196 2902 2270 promulgatidne
2943 2205 3178 2260 nominis
3235 2209 3310 2261 tui
3351 2209 3496 2262 velut

1920 2282 2238 2348 quibusdant
2267 2287 2517 2354 procellis
2543 2299 2596 2344 et
2633 2291 2898 2346 malorum
2950 2293 3202 2349 ﬂuctibus
3249 2295 3492 2363 disiecta,

1920 2371 2143 2429 eﬂ'uudit
2187 2377 2492 2446 perniciosa
2541 2382 2724 2446 verba,
2778 2397 2950 2453 eaque
3001 2387 3244 2440 scribens
3300 2389 3352 2440 in
3412 2388 3495 2440 lu-

1920 2477 2036 2516 cem
2085 2465 2232 2530 edit,
2282 2482 2402 2536 quae
2453 2485 2726 2539 nunquam
2790 2481 2886 2538 tu,
2944 2475 3035 2544 qui
3106 2489 3226 2529 cum
3292 2486 3496 2531 aeterno

1919 2553 2080 2610 Patre
2131 2558 2207 2611 tui
2265 2557 2435 2628 ipsius
2477 2561 2619 2616 fonte
2659 2578 2765 2617 una
2817 2566 3052 2630 exsistis,
3085 2566 3137 2619 in
3185 2570 3494 2638 cognitione

1920 2645 1994 2697 tui
2056 2647 2366 2702 definivisti.
2425 2650 2584 2719 Cogit
2633 2655 2957 2708 omniuo‘et
3005 2657 3254 2711 convehit
3305 2673 3495 2726 graves

1917 2743 1970 2788 et
2015 2735 2226 2806 iniquas
2280 2739 2607 2810 impietates,
2643 2757 2788 2798 nunc
2839 2745 3056 2814 quidem
3107 2747 3318 2819 linguas
3389 2751 3496 2804 cri-

1917 2841 2100 2894 spans,
2141 2844 2283 2886 nunc
2325 2845 2454 2887 vero
2492 2834 2684 2888 iterum
2742 2839 3060 2892 miserorum
3105 2841 3298 2895 sttnliis
3329 2843 3494 2911 elata,

1915 2932 2051 2985 quos
2088 2919 2202 2988 ipsa
2237 2932 2528 2989 praesentes
2577 2939 2687 2994 prae
2727 2929 3018 2982 securitate
3046 2932 3114 2983 de
3148 2931 3280 3000 cipit
3331 2931 3492 2988 simul

1917 3017 1971 3062 et
2043 3013 2361 3082 corrumpit.
2425 3013 2544 3070 Jam
2601 3026 2776 3070 autem
2835 3018 2954 3073 volo
3005 3019 3249 3088 praesidis
3321 3021 3492 3090 ipsius

1917 3098 2194 3169 ingenium
2261 3106 2586 3173 expendere.
2659 3107 2798 3174 Quid
2859 3111 3004 3162 enim
3064 3109 3180 3164 ait?
3245 3111 3350 3166 Aut
3413 3122 3493 3167 te-

1917 3206 2162 3258 neamus,
2221 3194 2414 3263 inquit,
2445 3197 2597 3266 cujus
2633 3197 2744 3267 jam
2784 3209 3061 3268 compotes
3101 3199 3226 3254 facti
3263 3216 3488 3270 sumus;

1919 3291 2014 3336 aut
2047 3284 2139 3337 flat
2171 3285 2316 3340 sicut
2351 3287 2448 3357 ipsi
2493 3289 2756 3344 volumus.
2783 3291 3010 3356 Cecidii,
3051 3301 3106 3348 et
3149 3295 3346 3349 cecidit
3373 3297 3490 3363 qui-

1918 3374 2039 3426 dem
2093 3375 2456 3434 interfectus:
2490 3380 2706 3448 dolone,
2754 3382 2948 3451 inquit,
2981 3400 3050 3438 an
3094 3387 3264 3439 atroci
3308 3385 3489 3456 aliqua

1917 3465 2234 3535 calliditate,
2277 3471 2408 3524 nihil
2462 3473 2646 3529 refert.
2696 3474 2828 3528 Illud
2875 3475 3046 3530 solum
3089 3479 3291 3546 grande
3318 3476 3485 3538 ducit,

1918 3556 2060 3624 quod
2089 3569 2308 3628 propter
2336 3576 2530 3630 pravas
2566 3565 2923 3634 cogitationes
2955 3567 3008 3620 in
3042 3567 3216 3636 ipsum
3249 3566 3486 3636 irrepsit.

1919 3645 2341 3715 Multitudinetn,
2389 3654 2584 3720 inquit,
2624 3656 2904 3712 habemus.
2935 3656 3260 3726 Progredior
3287 3659 3490 3727 et=ipse

1921 3739 2080 3805 paulo
2109 3741 2356 3806 ulterius,
2393 3753 2451 3796 ut
2479 3744 2654 3796 insani
2685 3745 2813 3798 belli
2846 3756 3124 3814 spectator
3149 3747 3275 3800 [iam
3303 3765 3316 3801 :
3347 3749 3483 3816 ipsc,

1917 3829 2159 3898 inquam,
2197 3833 2532 3899 progrediar,
2577 3835 2890 3888 insanorum
2921 3836 3059 3890 bella
3094 3840 3284 3892 sedare
3329 3851 3487 3893 antea

1920 3923 2134 3978 solitus.
2167 3924 2280 3992 Age
2309 3939 2459 3990 sane,
2491 3922 2634 3979 Mars
2667 3925 2786 3990 Ari,
2825 3925 3026 3996 clypeis
3065 3929 3319 3980 utendum
3359 3940 3482 3982 est:

1918 4028 1986 4066 ne
2026 4021 2078 4064 tu
2122 4015 2224 4066 hoc
2263 4012 2481 4080 feceris,
2509 4017 2776 4069 obsecro:
2807 4016 3048 4070 detineat
3084 4017 3249 4086 igitur
3289 4023 3347 4072 te‘
3384 4018 3488 4071 Vc-

1918 4105 2064 4159 neris
2109 4119 2454 4175 congressus.
2520 4105 2716 4161 Verum
2767 4108 2974 4162 utinam
3027 4109 3482 4178 quemadmodum

1919 4197 2074 4251 turba
2107 4197 2412 4266 plausibilis
2443 4199 2666 4266 videris,
2694 4201 2776 4254 sic
2801 4209 2854 4254 et
2880 4201 3081 4269 pietate
3110 4201 3322 4272 vigeres
3351 4216 3480 4270 erga

1914 4292 2226 4348 Christum!
2270 4295 2408 4350 Ecce
2436 4295 2629 4349 iterum
2661 4296 2882 4367 supplex
2907 4298 3084 4362 venio,
3119 4309 3173 4352 et
3204 4314 3478 4354 armorum

1915 4383 2068 4452 copia
2099 4384 2329 4452 pollens,
2362 4401 2600 4454 pugnare
2639 4387 2800 4442 nolo:
2831 4387 3028 4442 Christi
3061 4403 3188 4444 vero
3229 4391 3331 4444 fide
3365 4409 3480 4444 mu-

1913 4477 2078 4539 nitus,
2111 4489 2231 4528 cunt
2266 4485 2318 4530 te
2353 4491 2569 4540 sanare,
2615 4485 2725 4530 tum
2761 4477 2898 4533 alios
2938 4492 3130 4532 curare
3185 4479 3323 4532 volo.
3371 4479 3480 4531 Cur

233 4564 507 4634 μάχεσθαι
543 4567 644 4636 μὲν
673 4567 776 4619 οὐκ
806 4566 1004 4620 ὲθέλω’
1025 4570 1091 4638 τῇ
1119 4567 1176 4620 δὲ
1203 4568 1297 4620 τοῦ
1324 4567 1565 4638 Χριστοῦ
1595 4584 1808 4638 πεφραο

1917 4561 2076 4634 igitur
2105 4568 2186 4622 ais
2220 4583 2282 4622 ea
2321 4577 2371 4622 tc
2411 4567 2590 4624 facere
2618 4585 2738 4638 quae
2784 4572 3024 4626 moribus
3057 4572 3160 4626 tuis
3207 4586 3310 4625 non
3351 4586 3478 4626 c0u-
3511 4599 3518 4616 ι

228 4657 434 4726 γμένος
467 4659 671 4724 πίστει,
696 4658 754 4712 σέ
781 4676 838 4712 τε
869 4660 1122 4714 ἰάσασθαι
1152 4661 1245 4713 καὶ¹
1272 4661 1394 4724 τοὺς
1420 4661 1615 4724 ἄλλους
1641 4661 1805 4731 θερα-

227 4748 428 4802 πεῦσαι
452 4749 732 4820 βούλομαι.
768 4751 832 4804 Τί
864 4751 955 4805 οῦν
999 4753 1104 4820 φὴς
1140 4751 1314 4806 ταῦτα
1347 4753 1630 4822 πράττειν,
1663 4753 1700 4806 ἃ
1732 4751 1806 4823 μὴ

225 4844 340 4902 τοῖς
363 4841 518 4910 ἤθεσι
541 4844 783 4912 προσῆκε
811 4846 920 4906 τοῖς
945 4847 1058 4906 σοῖς
1081 4861 1094 4908 ;
1139 4844 1298 4897 Ἀλλὰ
1328 4845 1470 4912 μετᾲ
1495 4845 1653 4907 ποίας
1681 4847 1809 4914 ἡσυ-

226 4933 374 5002 χίας,
416 4935 537 4986 εἰπέ
574 4935 748 5006 μοι,ἧ
795 4936 916 4988 τίνα
955 4936 1268 5008 περιουσίαν
1315 4935 1804 5008 περιϐεϐλημένος,

226 5025 432 5094 μᾶλλον
463 5026 540 5087 δὲ,
577 5029 662 5096 ἐφ’
700 5029 728 5080 ὃ
763 5045 815 5080 τι
855 5028 1186 5104 προπετείας
1219 5026 1544 5100 ὲληλακώςς
1589 5027 1650 5078 Ὢ
1684 5027 1805 5080 τόλ-

223 5132 340 5184 μης
381 5116 487 5168 ὑπὸ
515 5117 798 5186 κεραυνῶν
839 5119 991 5182 ἀξίας
1031 5117 1458 5188 καθαιρεθῆναιί
1508 5116 1806 5170 Ἀκούσατε

217 5208 334 5278 γὰρ
365 5210 400 5260 ἃ.
447 5208 716 5277 δεδήλωκε
769 5209 959 5280 πρώην
991 5212 1126 5280 πρός
1175 5229 1260 5280 με.
1319 5209 1399 5260 ἰὸν
1441 5209 1805 5273 ἀποστάζον-τι

219 5298 455 5368 γράφων
487 5299 563 5370 τῷ
597 5301 846 5372 καλάμῳ.
877 5303 1051 5362 Οὕτω,
1095 5305 1246 5370 φησὶ,
1277 5299 1631 5369 πιστεύομεν.
1669 5296 1802 5366 Εἶτ’,

215 5385 410 5458 οἶμαι,
441 5391 696 5458 προσθεὶς
745 5393 844 5446 οὐκ
889 5389 1004 5445 οἶδα
1066 5393 1202 5446 ἄττα
1250 5391 1501 5463 σοϐαρῶς
1555 5408 1670 5454 πως
1711 5391 1804 5443 καὶ

221 5479 374 5548 μάλα
404 5481 650 5549 ἀκριϐῶς
685 5483 1054 5554 ὲξησκημένα,
1088 5482 1290 5553 προῖὼν
1323 5482 1680 5554 πορρωτέρω,
1710 5482 1802 5534 ού·-

216 5573 310 5629 δὲν
338 5577 365 5628 ὅ
397 5593 450 5628 τι
488 5575 596 5628 τῶν
627 5577 814 5630 δεινῶν
849 5577 1232 5648 ἀπεσιώπησεν
1253 5598 1263 5609 ·
1309 5579 1421 5632 ἀλλ’
1463 5578 1582 5629 ὅλον
1627 5575 1700 5638 ὡς
1736 5577 1801 5630 ἂν

271 5821 335 5900 _”
359 5818 563 5876 Jerem.
599 5836 672 5890 tv,
699 5823 788 5878 22.

1911 4657 2174 4711 veniunt?
2203 4656 2307 4712 Sed
2345 4674 2446 4728 qua
2473 4660 2676 4730 quiete,
2703 4661 2785 4714 dic
2815 4660 2967 4724 mihi,
3011 4661 3118 4723 dic,
3151 4676 3356 4730 quaeso,
3386 4673 3480 4714 aut

1909 4747 2108 4815 quibus
2153 4749 2326 4815 copiis
2375 4751 2604 4814 cinctus,
2658 4749 2738 4801 vel
2782 4749 2961 4816 potius
3006 4764 3113 4817 quo
3150 4751 3478 4804 temeritatis

1910 4838 2240 4906 provectus?
2269 4837 2314 4892 0
2342 4838 2624 4894 audaciam
2656 4838 2881 4892 fulmine
2923 4839 3326 4893 vindicandam!
3375 4840 3480 4892 Au-

1909 4929 2020 4982 dite
2048 4945 2165 4998 quae
2201 4946 2372 4999 nuper
2409 4931 2537 4984 mihi
2573 4931 2848 4993 indicavit,
2887 4933 3101 4985 calamo
3127 4933 3276 4986 virus
3310 4933 3480 4986 instil-

1907 5019 2052 5073 lante
2097 5019 2342 5075 scribens
2373 5037 2386 5074 :
2421 5020 2534 5086 Sic,
2569 5021 2762 5090 inquit,
2811 5021 3104 5076 credimus.
3151 5021 3352 5076 Deinde
3384 5017 3476 5076 ad-

1907 5111 2040 5165 dens
2071 5113 2253 5166 nescio
2286 5127 2406 5181 quae
2453 5113 2769 5179 insolenter,
2799 5121 2852 5167 et
2894 5113 3049 5168 valde
3081 5123 3332 5168 accurate
3366 5113 3476 5168 ela-

1907 5203 2116 5268 horata,
2145 5219 2466 5274 progressus
2492 5205 2739 5272 ulterius,
2771 5205 2904 5260 nihil
2929 5204 3241 5259 acerbitatis
3265 5205 3473 5272 omisit,

1907 5299 2000 5352 sed
2055 5311 2298 5362 omnem,
2349 5307 2408 5350 ut
2453 5298 2525 5351 ita
2585 5298 2776 5362 dicam,
2817 5299 3100 5351 dementiae
3160 5297 3472 5351 thesaurum

1908 5389 2158 5456 aperuit:
2192 5387 2540 5457 Expellimur,
2575 5389 2769 5458 inquit,
2805 5396 2858 5442 et
2906 5387 3234 5456 receptionis
3277 5397 3476 5442 nostrae

1905 5481 2170 5536 securitas
2215 5481 2392 5535 omnis
2431 5481 2654 5534 tollitur.
2691 5479 2797 5536 Sed
2831 5483 2944 5535 hac
2985 5495 3175 5548 parum
3208 5481 3277 5535 ad
3323 5495 3488 5565 rem;

1905 5589 2024 5644 qua:
2051 5580 2350 5643 sequuntur
2386 5573 2648 5628 attendite
2677 5588 2692 5625 :
2727 5573 2892 5642 ipsius
2921 5573 3068 5628 enim
3107 5571 3288 5628 verbis
3315 5581 3434 5627 utar
3457 5587 3484 5641 ι,
