4038 6148
646 404 777 468 Ῑῗ-ίῖ

1897 407 2195 467 GELASII
2239 405 2576 466 CYZICENI

3764 406 3909 473 1348

646 521 933 588 Rogamus,
991 514 1185 583 inquit,
1224 513 1279 583 si
1329 514 1383 566 in
1439 513 1628 567 cadent
1683 516 1949 568 sententia
1990 523 2200 568 maneat

2310 512 2439 583 εἴπῃ
2462 528 2548 575 τις
2585 511 2676 564 τὸν
2702 509 2799 581 τῆς
2831 510 3127 582 παρανοίας
3167 510 3369 582 ἢνέῳξε
3411 511 3711 584 θησαυρόν.
3760 517 3906 570 Ἀπο

641 605 977 661 Alexandriae
1035 605 1358 674 episcopus,
1412 604 1724 661 facultatem
1779 605 1935 660 nobis
1983 607 2208 675 posthac

639 699 753 753 dari
801 713 863 751 ex
907 697 1038 767 legis
1078 698 1399 766 praescripto
1447 697 1717 767 legitimos
1762 708 1816 753 et
1866 701 2209 755 necessarios

636 789 815 844 cultus
859 789 966 842 Deo
1027 787 1319 841 tribuendi.
1375 786 1419 843 Ο
1477 788 1743 858 insignem
1793 789 2204 855 impudentiam,

635 895 797 948 quam
832 878 1072 934 veritatis
1099 878 1277 933 studio
1319 879 1641 947 reprehendi
1683 880 1998 949 oportebat!
2053 880 2205 947 Quod

636 972 778 1025 enim
820 970 895 1024 illi
940 985 1004 1025 ex
1055 970 1220 1023 animi
1271 972 1540 1025 sententia
1592 972 1811 1038 accidit,
1857 970 1908 1025 id
1956 971 2208 1026 dictionis

636 1062 960 1131 compendio
1007 1060 1297 1128 expressit.
1334 1061 1471 1127 Quid
1520 1062 1621 1127 ais,
1657 1062 1877 1131 int-pte?
1917 1062 2204 1117 Dissidium

636 1155 937 1223 speciosum
991 1152 1194 1208 scilicet
1254 1153 1408 1207 nobis
1456 1153 1609 1209 llit‘liS
1675 1152 1883 1207 efferati
1943 1168 2068 1222 erga
2122 1168 2208 1208 me

637 1245 802 1300 animi
849 1260 1121 1314 opponere
1166 1260 1346 1314 paras.
1380 1254 1435 1298 et
1474 1244 1526 1298 in
1582 1243 1723 1298 malo
1758 1253 1930 1297 tecum
1968 1243 2207 1312 implica-

637 1346 719 1389 tos
750 1336 975 1403 perdere
1008 1334 1251 1387 festinus.
1278 1334 1438 1399 Quid,
1472 1335 1669 1402 inquis,
1719 1333 1763 1386 si
1794 1347 1951 1387 nemo
1989 1332 2204 1402 dignum

637 1439 722 1476 me
749 1423 1020 1477 existimat
1051 1422 1141 1491 qui
1183 1423 1455 1491 recipiar?
1489 1422 1618 1476 illud
1649 1422 1792 1477 enim
1820 1437 1962 1489 sa'pe
1993 1423 2207 1491 impuro

635 1521 850 1579 gutture
879 1511 1101 1565 clamas.
1141 1511 1250 1581 Ego
1291 1526 1418 1566 vero
1469 1522 1656 1566 contra
1710 1512 1805 1566 tibi
1845 1513 2019 1566 dicam
2055 1530 2069 1567 :
2103 1511 2204 1567 Ubi

635 1612 842 1654 certum
896 1602 1276 1654 documentum
1334 1610 1389 1655 et
1441 1599 1806 1654 testimonium
1870 1600 2074 1671 ingenii
2130 1602 2204 1655 tui

632 1691 953 1747 ostendisti?
996 1692 1149 1759 Quod
1177 1692 1418 1761 oportuit
1464 1700 1515 1746 te
1548 1693 1654 1747 diis
1682 1701 1738 1747 et
1768 1692 2074 1746 [nominibus
2106 1707 2204 1748 ex-

633 1784 851 1853 plicare,
883 1793 935 1836 et
959 1783 1245 1852 perspicue
1274 1782 1507 1851 aperire,
1539 1784 1775 1837 maxime
1803 1799 1924 1838 cum
1955 1785 2203 1838 venenati

2308 603 2666 672 ελαυνόμεθα,
2705 605 2861 674 φησὶ,
2895 606 2990 658 καὶ
3016 605 3116 675 τὴν
3137 605 3230 657 τοῦ
3261 605 3606 675 εἰσδεχθῆναι
3651 609 3810 679 ἡμᾶς
3836 611 3905 665 ἇς

2307 693 2456 747 δειαν
2506 694 2904 764 ἀφαιροῦνται·
2957 694 3072 747 ἀλλ’
3115 694 3270 748 οὐδέν
3320 713 3407 749 πω
3451 694 3629 749 ταῦτα
3660 698 3801 766 πρδς
3841 701 3905 752 τὸ

2308 787 2542 857 πρᾶγμα
2566 800 2579 813 ·
2610 788 2724 848 τοῖς
2766 786 2824 839 δὲ
2859 784 2987 856 ἑξῆς
3037 786 3336 857 προσέχετε
3380 787 3472 841 τὸν
3514 786 3677 843 νοῦν·
3728 790 3900 845 αὐτοῦ

2308 877 2417 948 γάρ
2447 878 2721 949 χρήσομαι
2746 880 2862 942 τοῖς
2886 879 3117 948 ῥήμασι.
3146 877 3416 949 Δεόμεθα,
3449 880 3638 949 φησὶν,
3671 882 3770 935 ἐὰν
3804 883 3897 935 ἐπὶ

2307 971 2407 1038 τῆς
2440 968 2606 1038 αὐτῆς
2631 968 2863 1039 ἐπιμένῃ
2893 967 3118 1039 γνώμης
3147 971 3175 1023 ὀ
3203 969 3305 1039 τῆς
3338 969 3753 1042 Ἀλεξανδρείας
3777 974 3897 1026 ἐπί-

2311 1076 2533 1124 σκοπος,
2552 1063 2685 1131 ἡμῖν
2714 1059 2809 1113 τοῦ
2829 1059 3017 1113 λοιποῦ
3046 1060 3265 1132 δοθῆναι
3292 1062 3434 1116 κατά
3472 1061 3574 1134 τὴν
3600 1062 3698 1117 τοῦ
3728 1065 3891 1134 νόμον

2306 1151 2572 1219 διάταξιν,
2596 1151 2696 1217 τὰς
2720 1153 3014 1223 ὲνθέσμους
3038 1154 3134 1207 καὶ
3157 1154 3566 1226 ἀπαραιτήτους
3591 1155 3892 1226 θεραπείας

2305 1243 2383 1312 τῷ
2418 1243 2535 1314 Θεῷ
2586 1245 2875 1300 ἐπιτελεῖν.
2917 1246 2981 1298 Ὃ
3023 1242 3204 1316 δεινῆς
3232 1246 3529 1312 ἀναιδείας,
3563 1249 3633 1317 ἢν
3685 1249 3887 1318 σπουδῇ

2306 1332 2407 1402 τῆς
2439 1332 2695 1404 ἀληθείας
2731 1333 3025 1401 ἀπελέγξαι
3055 1332 3415 1406 προσῆκενίδ
3437 1336 3547 1406 γὰρ
3580 1336 3738 1406 αὐτῷ
3772 1338 3888 1390 καθ’

2306 1426 2501 1496 ἡδονὴν
2544 1424 2840 1497 ἐτύγχανεν
2883 1425 2964 1489 δν,
2993 1425 3151 1481 τοῦτο
3175 1430 3241 1500 τῇ
3283 1430 3579 1500 συντομοία
3612 1431 3718 1498 τῆς
3752 1432 3886 1501 φρά-

2309 1533 2447 1578 σεως
2481 1515 2893 1570 ἀπετυπώσατο.
2949 1516 3014 1568 Τί
3043 1517 3169 1589 φὴς,
3209 1519 3415 1585 citam;
3450 1520 3752 1574 Διάστασιν
3800 1522 3885 1573 εύ-

2307 1608 2599 1677 πρόσωπον
2644 1606 2778 1677 ἡμῖν
2808 1608 2869 1659 τὸ
2897 1607 3096 1679 σαθρὸν
3124 1608 3225 1678 τῆς
3254 1611 3375 1663 κατ’
3420 1611 3525 1681 ἐμὲ
3558 1614 3767 1682 ἀγρίας
3794 1629 3885 1666 σου

2307 1697 2547 1760 διανοίας
2590 1698 2944 1768 ἐπιτειχίζειν
2991 1702 3245 1771 μηχανᾷ;
3275 1703 3371 1757 καὶ
3414 1704 3544 1767 τοὺς
3590 1705 3686 1757 ἐπὶ
3736 1707 3886 1777 κακῷ

2309 1806 2391 1843 σοι
2423 1789 2873 1859 προσπλακέντας
2903 1790 3167 1845 ἀπολέσαι
3207 1792 3485 1859 σπεύδεις;
3516 1794 3582 1846 Τί
3605 1791 3727 1859 οὖν,
3764 1796 3886 1866 φὴς,

633 1882 915 1940 serpentes
968 1882 1077 1923 tum
1127 1871 1298 1940 magis
1350 1869 1570 1926 efferari
1611 1871 1845 1939 soleant,
1885 1872 2103 1942 quando
2149 1874 2200 1927 in

2310 1880 2520 1951 πράξω,
2554 1882 2603 1933 εί
2652 1881 2841 1951 μηδεὶς
2876 1881 3026 1948 ἄξιον
3054 1884 3270 1953 ἡγεῖταί
3315 1903 3380 1956 με
3410 1885 3699 1952 δέξασθαις
3719 1889 3888 1942 Τοῦτο

632 1964 985 2033 peuitissimis
1021 1963 1209 2018 lustris
1242 1963 1554 2017 reconditos
1591 1977 1651 2018 se
1682 1978 1802 2018 esse
1842 1966 2103 2018 sentiunt.
2138 1965 2208 2019 ll-

632 2055 720 2107 lud
757 2069 884 2108 vero
919 2054 1072 2108 valde
1117 2054 1167 2107 in
1205 2068 1271 2107 eo
1310 2054 1575 2108 urbanum
1609 2063 1712 2118 est,
1753 2058 1894 2124 quod
1940 2057 2040 2110 sub
2083 2071 2206 2125 per-

632 2160 766 2200 sona
806 2145 1026 2213 pudoris
1069 2153 1219 2199 tanto
1249 2146 1428 2200 studio
1457 2145 1731 2200 silentium
1762 2145 1998 2202 simulet.
2025 2146 2203 2201 Mitem

631 2244 687 2287 et
718 2242 1057 2287 mansuetum
1095 2242 1147 2287 te
1180 2233 1357 2301 palam
1387 2234 1634 2299 exhibes,
1662 2249 1784 2288 cum
1818 2230 2085 2288 malarum
2119 2251 2205 2288 ar-

630 2324 762 2377 tium
791 2333 846 2379 et
885 2323 1203 2378 insidiarum
1235 2323 1425 2392 plenus
1458 2325 1657 2380 multos
1684 2325 1861 2381 fallas.
1895 2325 2023 2393 Sed,
2046 2340 2077 2379 ο
2104 2324 2206 2379 ιιιί-

631 2415 868 2469 seriam!
903 2412 1146 2469 diabolus
1176 2422 1237 2467 ut
1260 2413 1454 2479 voluit,
1488 2414 1676 2470 Arium
1716 2416 1874 2471 nobis
1902 2416 2203 2485 iniquitatis

628 2505 892 2561 oﬂicinam
925 2504 1073 2561 fecit.
1101 2504 1314 2569 Accede
1357 2520 1422 2560 ac
1454 2507 1539 2562 dic
1568 2508 1700 2562 mihi
1740 2505 1865 2562 fidei
1902 2518 2004 2562 tua:
2034 2506 2203 2562 docu-

631 2606 897 2661 mentum,
914 2582 969 2650 et
990 2611 1335 2666 nequaquam
1360 2607 1563 2651 taceas.
1587 2597 1729 2653 Heus
1748 2607 1802 2652 tu
1826 2596 1917 2667 qui
1938 2612 2001 2653 os
2025 2599 2206 2653 obtor-

631 2699 744 2743 tum
766 2697 821 2742 et
842 2687 1117 2756 ingenium
1140 2688 1209 2743 ad
1242 2702 1457 2743 omnem
1489 2687 1889 2758 improbitatem
1919 2687 2200 2759 possides:

620 2795 791 2833 unum
863 2778 997 2832 dicis
1063 2778 1276 2833 Deum?
1343 2792 1430 2834 me
1493 2777 1905 2848 suffragatorem
1977 2777 2201 2834 habes:

628 2872 708 2927 sic
736 2871 896 2941 igitur
956 2872 1179 2927 sentias.
1216 2870 1470 2941 Ejusdem
1501 2869 1748 2925 essentia;
1798 2868 1879 2924 ais
1937 2882 2060 2924 esse
2110 2867 2200 2923 Dei

629 2961 866 3017 Verbum
912 2961 1055 3032 quod
1114 2963 1381 3033 principio
1438 2963 1648 3031 ﬁneque
1692 2960 1879 3018 caret?
1919 2962 2017 3016 hoc
2071 2974 2208 3030 quo-

625 3067 738 3122 que
766 3052 926 3106 laudo
965 3066 981 3106 :
1031 3054 1112 3107 sic
1154 3055 1371 3109 credas.
1419 3053 1475 3108 Si
1512 3054 1640 3124 quid
1671 3053 1902 3110 ulterius
1932 3054 2198 3118 aduectis,

628 3144 686 3198 id
733 3143 879 3197 tollo.
924 3141 983 3197 Si
1014 3144 1144 3212 quid
1189 3144 1257 3197 ad
1300 3146 1522 3213 impiam
1554 3145 1948 3213 sejunctionem
1979 3145 2199 3209 astruis,

2304 1975 2411 2046 γὰρ
2440 1974 2700 2038 πολλάκις
2724 1976 2789 2029 ὲκ
2817 1976 2918 2046 τῆς
2947 1977 3170 2040 ἀνοσίας
3200 1977 3482 2047 φάρυγγος
3514 1978 3716 2050 ὲκϐοᾷς
3735 1997 3750 2012 ·
3780 1981 3888 2050 ἐγὼ

2304 2064 2362 2116 δὲ
2386 2065 2695 2118 τούναντίον
2724 2065 2922 2137 ἐρομαί
2947 2084 3007 2120 σε
3025 2056 3055 2098 ’⁸
3068 2066 3170 2121 ποῦ
3197 2068 3254 2121 δὲ
3286 2068 3456 2137 σαφὲς
3477 2068 3772 2140 γνώρισμα
3795 2074 3887 2125 καὶ

2305 2156 2605 2226 μαρτύριον
2662 2157 2762 2226 τῆς
2830 2158 3058 2211 σεαυτοῦ
3129 2158 3373 2223 διανοίας
3426 2160 3723 2227 ὲπεδείξω;
3784 2163 3885 2216 Ἤν

2303 2248 2470 2317 ἐχρῆν
2520 2264 2580 2299 σε
2612 2247 3004 2313 διαπτύξαντα,
3039 2250 3135 2303 καὶ
3163 2252 3276 2313 τοῖς
3318 2250 3485 2316 θείοις
3513 2252 3607 2305 καί¹
3643 2255 3758 2315 τοῖς
3786 2256 3884 2308 ἀν-

2304 2339 2597 2409 θρωπίνοις
2650 2344 2797 2411 σαφῆ
2847 2342 3223 2412 καταστῆσαι,
3269 2345 3362 2398 καὶ
3422 2345 3643 2415 μάλισθ’
3690 2348 3777 2400 ὅτι
3817 2348 3885 2403 τὰ

2307 2430 2486 2484 ίοϐόλα
2514 2431 2622 2485 τῶν
2673 2432 2920 2502 ἑρπετῶν
2957 2434 3050 2487 καὶ
3079 2433 3382 2504 τηνικαῦτα
3422 2436 3628 2505 μᾶλλον
3666 2438 3885 2508 ἀγριαί-

2302 2539 2415 2575 νειν
2442 2524 2705 2592 πέφυκεν,
2753 2524 2882 2578 ὅταν
2928 2524 3102 2578 ἑαυτά
3133 2526 3246 2588 τοῖς
3280 2520 3389 2578 τῶν
3429 2527 3658 2596 φωλεῶν
3694 2533 3882 2599 μυχοῖς

2302 2615 2649 2683 ὲνιδρυθέντα
2693 2615 2974 2687 αἴσθηται.
3041 2617 3248 2672 Ἐκεῖνο
3291 2617 3347 2672 δέ
3390 2636 3457 2688 γε
3506 2619 3633 2674 λίαν
3668 2622 3881 2674 ἀστεῖον

2302 2706 2488 2769 αὐτοῦ,
2523 2707 2582 2759 τὸ
2621 2708 2927 2772 σπουδαίως
2955 2703 3016 2762 εὖ
3052 2710 3197 2779 μάλα
3232 2711 3487 2783 καθάπερ
3524 2713 3632 2765 ὑπὸ
3657 2730 3711 2766 τι
3750 2730 3879 2784 προ-

2304 2799 2537 2850 σωπεῖον
2567 2796 2747 2862 αίδοῦς
2780 2799 2940 2868 σιγὴν
2968 2799 3321 2857 πλάττεσθαι.
3353 2805 3433 2875 Τῇ
3466 2805 3567 2875 μὲν
3606 2805 3700 2859 τοῦ
3745 2808 3879 2877 σχή-

2305 2904 2473 2958 ματος
2520 2888 2708 2962 τέχνῃ,
2753 2888 3008 2944 τιθασσδν
3079 2894 3307 2949 σεαυτὸν
3360 2897 3456 2949 καὶ
3500 2896 3758 2966 χειροήθη
3807 2898 3875 2949 σύ

2302 2996 2366 3047 γε
2413 2978 2694 3050 παρέχεις.
2753 2981 2957 3036 Κακῶν
3009 2982 3066 3037 δὲ
3134 2985 3350 3056 μυρίων
3419 2988 3506 3040 καὶ
3565 2987 3870 3040 ἐπιϐουλῶν

2303 3068 2452 3122 ἔνδον
2494 3068 2704 3138 γέμων,
2756 3071 2883 3133 τοὺς
2912 3070 3143 3136 πολλοὺς
3202 3073 3448 3144 λέληθας.
3496 3074 3632 3129 Ἀλλ’
3675 3075 3722 3129 iii
3770 3077 3875 3148 τῆς

2303 3160 2655 3230 ἀθλιότητοςὶ
2723 3161 2800 3224 ὡς
2858 3163 2888 3215 ὁ
2956 3164 3194 3236 πονηρὸς
3274 3166 3624 3237 βεϐούληται,
3698 3166 3877 3233 οὕτως

630 3234 686 3290 id
720 3251 817 3290 nec
847 3236 1033 3289 videre
1064 3248 1150 3288 me
1178 3249 1279 3288 nec
1309 3235 1613 3305 intelligere
1641 3234 1834 3292 fateor.
1868 3236 1925 3291 Si
1953 3239 2199 3306 corporis

2307 3213 2526 3320 Ἀρειον
2575 3213 2706 3321 η’μῖν
2760 3213 3424 3328 ἀνομίας-γειργαστῆριον
3477 3213 3873 3331 κατεστήσατοῖ

633 3324 923 3392 hospitium
950 3324 1016 3376 ad
1046 3323 1349 3377 divinarum
1382 3321 1719 3376 functionum
1743 3324 2198 3393 dispensationem

630 3413 890 3473 assumis,
924 3425 1026 3464 non
1076 3411 1436 3480 reprehendo.
1481 3408 1539 3465 Si
1587 3412 1840 3476 spiritum
1878 3414 2200 3470 atternitatis

634 3501 689 3555 in
725 3500 1073 3568 praecellente
1108 3499 1283 3554 Verbo
1317 3500 1557 3570 genitum
1594 3501 1759 3567 dicis,
1791 3502 2039 3560 admitto.
2067 3503 2200 3570 Quis

636 3591 788 3643 novit
822 3588 1068 3650 Patrem,
1102 3588 1205 3643 nisi
1236 3590 1326 3657 qui
1355 3590 1507 3644 venit
1538 3604 1569 3644 a
1617 3589 1823 3647 Patre?
1852 3608 2013 3663 quem
2053 3594 2201 3648 novit

520 3742 547 3755 ἡ
630 3679 814 3747 Pater,
847 3679 950 3734 nisi
984 3695 1145 3749 quem
1175 3694 1243 3734 cx
1279 3695 1337 3735 se
1373 3680 1440 3734 ab
1470 3691 1676 3736 aeterno
1705 3692 1760 3738 et
1789 3683 1907 3740 sine
1934 3685 2200 3754 principio

622 3770 851 3841 genuit?
868 3768 948 3824 Tu
974 3770 1306 3841 hypostasim
1336 3772 1677 3842 peregrinam
1692 3774 2022 3831 substituere
2041 3786 2199 3845 putas

627 3870 899 3931 oportere,
935 3861 1077 3917 male
1119 3862 1307 3931 utique
1350 3862 1579 3918 credens
1615 3882 1640 3919 ιτ
1674 3879 1774 3934 ego
1813 3880 1943 3922 vero
1977 3867 2200 3937 praecel-

628 3955 789 4009 lentis
818 3963 873 4008 et
901 3955 1084 4007 omnia
1121 3954 1468 4023 pervadentis
1495 3960 1781 4024 potestatis
1804 3957 2195 4026 plenitudinem

631 4042 804 4096 Patris
836 4052 892 4097 et
927 4042 1082 4109 Filii,
1119 4044 1410 4098 essentiam
1443 4060 1603 4098 unam
1654 4060 1773 4103 esse
1805 4062 2097 4118 cognosco.
2139 4048 2196 4104 Si

624 4132 792 4203 igitur
833 4142 884 4186 tu
929 4134 1114 4188 aufers
1152 4136 1220 4188 ab
1253 4135 1374 4199 illo,
1412 4150 1440 4189 a
1472 4152 1579 4204 quo
1614 4152 1683 4193 ne
1711 4139 2042 4209 cogitatione
2070 4140 2195 4208 qui-

626 4223 747 4277 dem
781 4225 1245 4280 contcntiosorum
1296 4226 1498 4282 auferri
1531 4244 1770 4298 unquam
1801 4231 2009 4300 potuit;
2040 4231 2196 4286 addi-

629 4313 795 4368 tionis
860 4323 1041 4369 autem
1105 4316 1479 4372 characterem
1546 4333 1866 4387 promoves,
1929 4334 1985 4376 et
2043 4323 2193 4391 signa

626 4405 982 4473 quaestionum
1030 4406 1308 4475 explicas,
1344 4409 1418 4462 illi
1450 4412 1535 4463 cui
1576 4410 1844 4479 integram
1878 4413 2093 4481 quidem
2128 4430 2194 4470 ex

2300 3340 2440 3409 Λέγε
2470 3340 2529 3394 δὲ
2572 3340 2670 3396 νῦν
2704 3360 2794 3412 μοι
2825 3342 3113 3414 παρελθὼν
3153 3349 3254 3418 τῆς
3291 3348 3522 3402 σεαυτοῦ
3554 3350 3786 3412 πίστεως
3814 3350 3878 3402 τὸ

2300 3430 2608 3501 γνώρισμα,
2663 3433 2759 3487 καὶ
2813 3435 3077 3506 μηδαμῶς
3112 3453 3177 3505 γε
3227 3439 3649 3511 ἀποσιωπήσῃς.
3702 3437 3776 3494 Ὠ
3818 3443 3878 3493 τὺ

2303 3522 2402 3592 μὲν
2431 3522 2606 3592 στόμα
2630 3523 2976 3595 διάστροφον,
3014 3529 3112 3598 τὴν
3141 3527 3198 3581 δὲ
3225 3529 3387 3597 φύσιν
3411 3531 3716 3603 ὀξύρροπον
3742 3533 3877 3605 πρὸς

2303 3613 2566 3682 πονηρίαν
2615 3615 2942 3685 κεκτημένε*
2994 3617 3093 3672 ἕνα
3147 3618 3323 3685 λέγεις
3372 3621 3540 3685 Θεόνς
3586 3623 3876 3693 σύμψηφον

2299 3701 2443 3771 ἔχεις
2472 3703 2637 3772 κάμὲ,
2674 3703 2818 3758 οὓτω
2842 3707 3049 3777 φρόνει.
3080 3708 3187 3776 Τῆς
3213 3710 3403 3773 οὐσίας
3430 3711 3603 3765 αὐτοῦ
3638 3714 3876 3785 ἄναρχον

2299 3792 2397 3845 καὶ
2426 3793 2784 3865 ἀτελεύτητον
2827 3797 3002 3866 Λόγον
3047 3795 3183 3852 εῖναι
3227 3799 3361 3870 φής;
3417 3802 3634 3870 στέργω
3684 3805 3870 3859 τοῦτο·

2299 3881 2440 3936 οὕτω
2487 3884 2728 3939 πίστευε.
2762 3884 2830 3938 Εἴ
2865 3903 2918 3939 τι
2949 3890 3256 3960 περαιτέρω
3289 3890 3695 3961 προσπλέκεις,
3734 3894 3872 3949 τοῦτ’

2299 3972 2534 4044 ἀναιρῶ·
2565 3975 2618 4026 εἰ
2638 3993 2693 4027 τι
2724 3975 2863 4047 πρὸς
2884 3976 3059 4048 ἀσεϐῆ
3090 3980 3368 4052 χωρισμὸν
3383 3985 3869 4050 συγκατατάττεις,

2297 4064 2454 4116 τοῦτο
2480 4062 2603 4118 οὔτε
2629 4067 2780 4137 ὁρᾷν,
2804 4065 2929 4120 οὔτε
2955 4071 3093 4122 νοεῖν
3117 4071 3386 4141 ὁμολογῶ.
3422 4074 3485 4127 Εί
3509 4074 3609 4145 τὴν
3638 4076 3733 4129 τοῦ
3766 4074 3867 4129 σώ-

2301 4171 2470 4224 ματος
2512 4155 2691 4219 ξενίαν
2722 4158 2860 4231 πρὸς
2892 4161 3211 4231 οἰκονομίαν
3238 4163 3348 4216 τῶν
3378 4163 3537 4218 θείων
3581 4167 3868 4237 ἐνεργειῶν

2301 4247 2770 4318 παραλαμϐάνεις,
2790 4251 2890 4305 οὐκ
2914 4253 3327 4324 ἀποδοκιμάζω.
3356 4257 3422 4309 Εἰ
3445 4257 3507 4309 τὸ
3530 4258 3751 4329 πνεῦμα
3773 4263 3869 4330 τῆς

2296 4336 2597 4409 ἀῖδιότητος
2614 4341 2671 4393 ἐν
2689 4340 2768 4412 τῷ
2795 4342 3118 4414 ὑπερέχοντι
3133 4346 3276 4417 λόγῳ
3295 4349 3653 4419 γεγεννῆσθαι
3671 4350 3865 4419 λέγεις,

2296 4428 2541 4499 δέχομαι.
2577 4433 2674 4497 Τίς
2709 4434 2854 4503 ἔγνω
2878 4435 2971 4489 τὸν
3010 4438 3253 4511 Πατέρα,
3280 4442 3330 4493 εί
3364 4441 3447 4511 μὴ
3483 4442 3514 4495 ό
3558 4442 3730 4496 ἐλθὼν
3765 4443 3867 4497 ἀπὶ

627 4496 803 4565 seipso
823 4497 1183 4552 :eternitatem
1212 4499 1379 4566 dedit,
1411 4500 1778 4571 incorruptam
1811 4520 1940 4561 vero
1969 4506 2193 4560 immor-

2301 4496 2393 4574 τού
2421 4496 2665 4594 ΪΙατρόςς
2693 4496 2825 4580 Τίνα
2854 4525 2993 4596 ἔγνω
3017 4531 3045 4582 ὁ
3067 4496 3277 4601 Πατὴρ,
3301 4532 3350 4584 εἰ
3476 4533 3535 4586 ὃν
3562 4533 3749 4597 ἀῖδίως
3776 4496 3867 4588 καὶ

629 4588 853 4644 talitatis
902 4589 1313 4659 intelligentiam
1360 4607 1455 4660 per
1507 4596 1785 4665 seipsum,
1840 4606 1896 4651 et
1938 4597 2198 4653 Ecclesia:

2301 4588 2554 4685 ἀνάρχως
2597 4614 2654 4684 ἐξ
2709 4618 2873 4671 αὑτοῦ
2893 4588 3276 4692 ’γεγέννηκέξ
3303 4588 3388 4675 Σὺ·
3427 4588 3527 4693 μὲν
3572 4588 3866 4681 ὑπόστασιν

628 4678 785 4732 tidem
813 4680 1077 4734 attribuit.
1109 4681 1295 4750 Abjice
1324 4682 1508 4753 igitur,
1538 4686 1710 4757 abjice
1737 4695 1844 4741 tam
1876 4691 2056 4743 stultae
2081 4692 2197 4761 opi-

627 4767 804 4823 nionis
837 4766 1118 4839 ﬂagitium,
1155 4771 1328 4826 facete
1371 4782 1426 4827 et
1454 4789 1655 4830 canore
1681 4778 1808 4842 Ari,
1840 4779 1981 4833 mala
2012 4782 2079 4835 ad
2117 4781 2198 4835 iu-

627 4858 937 4925 sipientium
961 4860 1239 4926 perﬁdiam
1263 4861 1578 4920 decantatis.
1601 4863 1733 4921 Jure
1756 4876 1807 4921 te
1828 4868 2074 4925 diabolus
2100 4886 2195 4925 sua

626 4935 900 5007 subvertit
922 4953 1147 5019 malitia,
1187 4968 1242 5010 et
1263 4956 1584 5025 quihusdam
1617 4960 1847 5019 fortasse
1886 4965 1987 5019 hoc
2003 4964 2198 5033 jucun-

626 5042 751 5096 dmn
790 5056 913 5097 esse
956 5044 1166 5097 videtur
1211 5063 1225 5100 :
1265 5046 1346 5101 sic
1389 5049 1535 5103 enim
1585 5052 1681 5106 tibi
1733 5057 2048 5122 persuades.
2103 5057 2197 5112 Est

625 5148 754 5187 vero
782 5134 941 5203 plane
973 5136 1292 5204 pestiferum
1321 5140 1425 5195 hoc
1455 5141 1674 5197 malum.
1704 5146 1818 5212 Age
1847 5160 1978 5202 sane
2009 5147 2196 5203 relicto

626 5223 716 5279 illo
749 5226 1104 5281 absurdarum
1129 5230 1442 5299 opinionum
1470 5234 1673 5301 studio,
1705 5250 1738 5291 ο
1766 5238 1932 5292 miser
1956 5238 2074 5305 Ari,
2102 5253 2196 5292 au-

619 5312 680 5367 di
714 5331 730 5369 :
767 5324 942 5371 tecum
976 5318 1119 5373 enim
1156 5319 1387 5377 dissero.
1421 5320 1539 5378 Non
1570 5325 1739 5382 sentis
1769 5335 1821 5382 te
1858 5327 1925 5382 ab
1954 5327 2194 5383 Ecclesia

624 5405 720 5460 Dei
780 5408 1051 5477 ejectum?
1099 5412 1349 5481 periisti,
1396 5424 1550 5471 certo
1594 5417 1778 5483 scias,
1812 5419 1914 5473 nisi
1962 5419 2191 5488 teipsum

622 5497 959 5566 respiciens,
1012 5502 1341 5557 dementiam
1400 5512 1548 5559 tuam
1599 5507 1842 5564 damnes.
1897 5510 2003 5565 Sed
2046 5514 2192 5567 dices

622 5603 877 5659 magnam
930 5593 1327 5650 multitudinem
1381 5596 1660 5652 hominum
1715 5611 1768 5655 te
1815 5602 2098 5669 adjuvare,
2140 5614 2195 5658 et

620 5690 789 5732 curas
836 5690 957 5735 tuas
990 5684 1293 5739 sublevare.
1327 5685 1465 5741 Audi
1504 5688 1689 5758 igitur,
1726 5691 2001 5758 paululum
2034 5710 2193 5750 aures

624 5774 751 5820 tuas
783 5771 1127 5841 submittens,
1160 5790 1193 5831 o
1222 5778 1383 5846 impie
1417 5779 1533 5846 Ari,
1559 5789 1612 5835 et
1639 5781 1880 5851 intellige
1911 5792 2056 5839 tuam
2098 5789 2192 5843 de-

2297 4703 2454 4773 ξένην
2484 4705 2803 4781 ὑποτάττειν
2836 4707 2935 4761 οἴει
2959 4710 3090 4777 δεῖν,
3123 4711 3309 4777 κακῶς
3334 4713 3400 4784 δή
3433 4731 3537 4767 που
3576 4715 3863 4770 πιστεύων·

2296 4794 2407 4863 ἐγὼ
2448 4796 2506 4850 δὲ
2544 4797 2645 4867 τῆς
2692 4798 3025 4871 ὑπερεξόχου
3074 4802 3173 4855 καὶ
3223 4803 3315 4856 ἐπὶ
3359 4803 3537 4858 πάντα
3580 4806 3867 4878 διηκούσης

2295 4885 2575 4956 δυνάμεως
2598 4887 2660 4939 τὸ
2683 4887 2956 4960 πλήρωμα
2981 4891 3193 4961 Πατρδς
3221 4893 3316 4946 καὶ
3340 4893 3494 4958 Υίοῦ,
3523 4896 3719 4950 οὐσίαν
3746 4897 3867 4966 μίαν

2295 4969 2436 5028 εἶναι
2466 4975 2739 5044 γινώσκω,
2764 4981 2813 5032 εί
2836 4981 3014 5035 τοίνυν
3037 4982 3135 5052 μὲν
3156 4984 3221 5036 σὺ
3243 4985 3498 5056 ἀφαιρεῖς
3526 4988 3623 5041 ἀπ’
3639 4989 3867 5053 ἐκείνου,

2295 5065 2389 5136 ἀφ’
2425 5062 2484 5123 οὗ
2515 5070 2852 5142 χωρισθῆναι
2892 5074 3015 5127 οὐδὲ
3054 5075 3261 5130 διάνοια
3300 5078 3411 5130 τῶν
3441 5079 3868 5149 ἐρεσχελούντων

2295 5156 2577 5228 δεδύνηται
2614 5160 2828 5214 οὐδεπὼ
2860 5179 2993 5216 ποτε
3025 5165 3199 5222 οὐδέν.
3242 5167 3573 5239 Προσθήκης
3613 5168 3671 5221 δὲ
3706 5186 3865 5241 χαρα-

2298 5249 2505 5319 κτῆρας
2548 5250 2847 5318 ὁδοποιεῖς,
2882 5256 2976 5309 καὶ
3017 5256 3153 5321 ὅλως
3194 5259 3552 5331 γνωρίσματα
3592 5260 3868 5333 ζητήσεων

2295 5339 2580 5409 διορίζεις,
2628 5344 2822 5416 ἐκείνῳ
2861 5339 2905 5415 ᾧ
2939 5347 3232 5419 ὁλόκληρον
3286 5351 3383 5420 μὲν
3432 5351 3494 5415 ἐξ
3537 5353 3739 5406 ἑαυτοῦ
3776 5353 3869 5422 τὴν

2294 5429 2574 5499 ἀῖδιότητα
2603 5432 2835 5489 δέδωκεν
2853 5477 2869 5502 ,
2903 5437 3229 5510 ἀδιάφθορον
3258 5440 3316 5493 δὲ
3343 5438 3442 5510 τὴν
3471 5440 3707 5509 ἔννοιαν,
3736 5442 3868 5496 ἀθα-

2296 5521 2486 5584 νασίας
2518 5540 2577 5575 τε
2616 5523 2681 5576 δι’
2714 5527 2908 5581 ἑαυτοῦ
2947 5531 3044 5582 καὶ
3083 5530 3412 5600 Ἑκκλησίας
3452 5532 3638 5602 ἔνειμε
3666 5533 3863 5587 πίστιν.

2294 5611 2584 5665 Κατάϐαλε
2617 5609 2709 5668 οὗν
2737 5615 2822 5687 δὴ,
2855 5619 3125 5673 κατάϐαλε
3154 5620 3214 5673 τὸ
3249 5621 3444 5692 εὔηθες
3475 5624 3637 5676 τοῦτο
3665 5624 3867 5694 ἀνόμη-

2297 5719 2391 5773 μα,
2416 5698 2460 5755 ῶ
2489 5704 2671 5757 ἀστεῖε
2704 5707 2768 5759 σὺ
2798 5708 2889 5760 καὶ
2918 5707 3147 5775 εύφωνε,
3185 5711 3278 5763 καὶ
3302 5712 3370 5764 τὰ
3393 5712 3540 5765 κακά
3571 5715 3713 5782 πρὸς
3742 5717 3865 5769 ἀπι-

2295 5794 2448 5848 στίαν
2475 5794 2583 5848 τῶν
2608 5796 2853 5868 ἀνοήτων
2882 5798 3103 5867 ἐξᾴδων.
3140 5800 3378 5864 Εἰκότως
3406 5801 3514 5872 ἀρα
3547 5819 3609 5857 σε
3634 5804 3667 5857 ὁ
3699 5820 3864 5873 ﬂow}-
