4038 6148
353 429 492 514 1349

1229 441 1595 504 HISTORIA
1635 439 1968 500 CONCILII
2007 438 2310 500 NIC/ENI.
2347 465 2416 476 -
2455 440 2601 500 LIB.
2642 440 2724 499 Π.

3456 433 3590 500 1350

349 557 440 629 ρδς
475 557 542 626 τῇ
587 549 779 607 ἑαυτοῦ
825 547 1232 619 κατεστρέψατο
1278 545 1484 614 κακία,
1536 543 1632 596 καὶ
1677 545 1786 605 τοῖς
1821 542 1920 610 μὲν

2043 542 2303 594 nentiam.
2332 541 2410 594 Tu
2445 557 2598 606 vero,
2626 539 2789 607 Deus,
2816 540 2906 609 qui
2935 539 3175 594 onmium
3205 554 3386 595 curam
3421 547 3588 612 geris,

349 650 479 710 ἴσως
507 645 608 717 ήδη
639 644 700 698 τὸ
733 642 974 696 τοιοῦτον
993 635 1134 692 εἶναι
1167 638 1334 692 δοκεῖ.
1373 635 1667 704 Οὑτω’γάρ
1697 631 1920 686 σεαυτὸν

349 737 640 798 πέπεικας.
675 733 832 786 Ἔστι
867 732 924 786 δὲ
964 730 1142 798 πάντη
1175 727 1425 799 ὀλέθριον
1457 729 1519 779 τὸ
1552 726 1740 779 κακόν.
1781 724 1919 794 Φέρε

344 827 410 899 δὴ
459 829 556 896 τῆς
601 826 657 876 ἐν
708 825 822 886 τοῖς
871 819 1188 890 ἀτοπήμασι
1233 815 1516 887 διατριϐῆς
1563 813 1918 881 ἀπαλλαγεὶς,

345 919 538 976 ἄκουε,
559 910 604 969 ὢ
632 913 878 984 δαιμόνιε
921 913 1108 980 Ἀρειε
1127 927 1143 944 ο
1171 909 1254 962 σοι
1289 908 1398 978 γὰρ
1430 905 1766 975 διαλέγομαι.
1808 903 1920 974 Τῆς

357 1007 683 1078 Ἐκκλησίας
723 1006 892 1074 δήπου
926 1002 1020 1055 τοῦ
1061 1000 1196 1054 Θεοῦ
1230 997 1754 1068 ἀποκεκηρυγμένος
1813 995 1916 1049 οὑκ

346 1099 579 1170 αἰσθάνῃ
620 1094 923 1158 ἀπόλωλας,
950 1093 1012 1146 εὑ
1039 1091 1168 1152 ῐσθι,
1197 1091 1292 1142 ἐὰν
1317 1089 1391 1159 μὴ
1417 1087 1615 1158 βλέψας
1646 1089 1726 1150 εἰς
1758 1102 1918 1140 σεαυ-

346 1190 458 1255 τδν,
517 1187 614 1258 τὴν
673 1184 952 1255 παροῦσάν
1006 1199 1088 1236 σοι
1135 1183 1467 1250 κατακρίνῃς
1514 1176 1719 1231 ἄνοιαν.
1777 1175 1918 1228 Ἀλλ’

348 1281 512 1348 ἐρεῖς,
540 1277 614 1338 ὼς
635 1275 780 1345 δχλοι
809 1271 1223 1344 συμπράττουσί
1254 1286 1359 1335 σοι,
1390 1270 1484 1322 καὶ
1508 1268 1607 1330 τὰς
1633 1265 1920 1336 φροντίδας

347 1364 764 1420 ἀπελαύνουσιν.
816 1362 1015 1416 Ἄκουε
1047 1360 1112 1428 δὴ
1161 1359 1356 1429 μικρὸν
1390 1354 1644 1424 ὑποσχὼν
1677 1353 1746 1407 τὰ
1781 1348 1916 1420 ὦτα,

345 1453 392 1511 ὦ
429 1458 610 1511 ἀνόσιε
650 1457 854 1525 ’Λρειε,
888 1453 984 1508 καὶ⁸
1013 1451 1172 1514 σύνες
1201 1453 1299 1520 τὴν
1333 1448 1562 1502 σεαυτοῦ
1602 1446 1808 1502 ἄνοιαν.
1845 1447 1916 1500 Σὺ

2022 632 2170 686 adsis
2201 632 2463 701 benignus
2508 633 2576 687 iis
2613 647 2734 702 qua:
2774 632 3059 700 dicuntur,
3101 631 3145 685 si
3189 647 3256 686 ex
3299 631 3402 688 [ide
3442 646 3588 688 sunt.

2021 721 2133 792 Ego
2165 722 2308 776 enim
2352 723 2514 778 homo
2551 735 2672 779 tuus
2706 724 2888 779 divina
2919 722 3262 778 Providentia
3297 725 3488 792 fretus,
3519 742 3585 780 ex

2022 813 2310 884 scripturis
2345 812 2553 870 Graecis
2581 826 2635 868 ct
2665 815 2942 877 Romanis,
2972 814 3149 882 iisque
3182 814 3589 881 vetustissimis,

2024 903 2290 958 insaniam
2316 903 2431 958 Arii
2456 913 2642 974 aperte
2664 903 3048 958 demonstrabo
3073 913 3198 958 ante
3221 913 3301 958 ter
3327 905 3470 962 mille
3491 924 3590 960 an-

2021 1010 2120 1050 nos
2145 995 2212 1049 ab
2233 995 2510 1066 Erythraea
2541 995 3010 1065 praesigniﬁcatam
3043 1005 3202 1064 atque
3225 995 3535 1065 praedictam
3575 1016 3590 1052 :

2020 1087 2098 1139 ait
2125 1086 2268 1140 enim
2303 1086 2432 1142 illa:
2461 1085 2556 1140 Vte
2589 1085 2707 1149 tibi,
2737 1084 2927 1155 Libya,
2967 1085 3020 1138 in
3059 1085 3344 1142 maritimis
3378 1088 3479 1142 sita
3513 1090 3592 1142 lo-

2019 1178 2100 1233 cis
2141 1195 2155 1232 :
2209 1177 2389 1232 veniet
2435 1177 2580 1232 enim
2635 1186 2846 1247 tempus
2906 1177 2958 1230 in
2998 1191 3104 1246 quo
3139 1192 3259 1232 cum
3297 1179 3492 1249 populo
3538 1187 3594 1233 et

2023 1268 2232 1324 ﬁliabus
2269 1269 2371 1323 tuis
2393 1279 2668 1324 certamen
2701 1283 2890 1338 grave,
2924 1268 3121 1322 durum
3153 1279 3208 1324 et
3237 1271 3456 1324 omnino
3490 1269 3595 1324 dif-

2022 1359 2161 1416 ﬁcile
2191 1361 2376 1417 subire
2401 1363 2632 1432 cogeris,
2664 1377 2729 1417 ex
2762 1375 2869 1432 quo
2903 1361 3142 1414 omnium
3180 1361 3312 1418 lides
3339 1370 3394 1417 et
3416 1361 3591 1430 pietas

2015 1449 2384 1518 iudicabitur:
2419 1461 2473 1508 tu
2516 1468 2646 1508 vero
2685 1453 2752 1507 ad
2785 1460 3088 1508 extremum
3125 1453 3352 1508 exitium
3397 1452 3592 1507 dever.

345 1551 427 1614 δὲ,
455 1543 500 1602 ὦ
532 1547 748 1602 πάντων
780 1543 1032 1616 κηδεμὼν
1061 1543 1214 1608 Θεὸς,
1247 1541 1480 1612 εὐμενὴς
1509 1540 1626 1610 εἴης
1667 1539 1745 1608 τῷ
1765 1538 1918 1606 λεγο-

2038 1543 2102 1613 gis
2131 1561 2145 1596 :
2181 1557 2276 1598 vos
2299 1544 2442 1598 enim
2467 1545 2766 1600 caelestium
2794 1545 2988 1600 ﬂorum
3023 1543 3422 1614 receptaculum
3459 1558 3593 1598 con-

352 1638 516 1708 μένῳ,
548 1639 598 1689 εί
631 1635 864 1698 πίστεως
899 1633 1095 1704 ἔχοιτο.
1142 1629 1285 1698 Ἐγὼ
1315 1631 1424 1700 γὰρ
1455 1631 1483 1682 ὁ
1516 1629 1606 1692 σὸς
1634 1628 1920 1699 ἄνθρωπος

2038 1631 2220 1688 rellere
2249 1634 2367 1688 ausi
2398 1635 2550 1697 estis,
2585 1645 2640 1690 et
2673 1650 2858 1692 morsu
2905 1633 3237 1704 discerpere,
3267 1644 3431 1702 atque
3457 1636 3596 1688 adeo

349 1727 478 1780 ἵλεω
506 1727 643 1794 ἔχων
681 1725 780 1794 τήν
811 1721 1090 1794 παροῦσαν
1119 1719 1478 1791 προμήθειαν,
1511 1717 1606 1770 καὶ
1635 1715 1694 1782 ἐξ
1727 1716 1918 1787 Ἐλλη-

348 1819 526 1888 νικῆς,
553 1817 648 1870 καὶ
679 1817 743 1868 ὲκ
784 1813 1098 1882 Ῥωμαῖκῆς
1131 1811 1351 1883 γραφῆς
1380 1812 1520 1864 πάνυ
1550 1810 1916 1882 ἀρχαιοτάτης

351 1909 535 1978 σαφῶς
569 1906 834 1972 ἀποδείξω
858 1906 956 1975 τὴν
989 1905 1200 1977 Ἀρείου
1229 1905 1446 1974 μανίαν,
1480 1903 1586 1974 πρὸ
1605 1903 1918 1974 τρισχιλίων

351 2017 454 2054 που
476 1999 612 2052 ἐτῶν
639 1998 744 2052 ὑπὸ
760 1999 856 2068 τῆς
893 1996 1050 2068 Ἐρυο
1060 1998 1158 2068 ρᾶς
1177 1996 1580 2068 προρῤηθεῖσάν
1598 2013 1655 2050 τε
1679 1998 1770 2050 καὶ
1787 2014 1912 2067 προ-

349 2089 738 2160 φημισθείσαν.
774 2087 917 2157 Ἔφη
942 2087 1048 2156 γὰρ
1067 2085 1247 2156 ἐκείνη
1280 2101 1366 2153 γε·
1409 2085 1544 2138 Ούαί
1580 2101 1682 2150 σοι,
1715 2084 1912 2155 Λιϐύη,

351 2181 411 2232 ὲν
451 2179 736 2250 παραλίοις
766 2178 994 2248 κειμένη
1021 2175 1216 2248 χώροις
1239 2192 1252 2206 ·
1295 2176 1413 2246 ἥξει
1445 2175 1554 2245 γάρ
1599 2193 1680 2228 σοι
1709 2176 1919 2245 καιρὸς,

352 2275 410 2324 ὲν
439 2265 483 2338 ᾧ
531 2271 666 2340 μετά
699 2269 810 2322 τῶν
843 2270 1026 2338 δήμων
1065 2269 1158 2320 καὶ
1195 2267 1303 2320 τῶν
1350 2268 1554 2338 σαυτῆς
1606 2267 1920 2336 θυγατέρων

351 2363 520 2415 δεινὸν
567 2360 757 2428 ἀγῶνα
796 2359 891 2411 καὶ
923 2357 1075 2426 ὠμὸν
1126 2359 1220 2410 καὶ
1269 2356 1619 2426 παγχάλεπον
1669 2356 1922 2408 ὑπελθεῖν

353 2452 774 2522 ἀναγκασθήσῃ,
824 2449 916 2516 ἀφ’
963 2442 1024 2502 οὗ
1069 2449 1351 2518 κριτήριον
1404 2448 1502 2516 μὲν
1550 2449 1630 2510 εἰς
1677 2445 1922 2511 ἃπαντας

355 2541 590 2602 πίστεώς
622 2556 684 2592 τε
725 2539 820 2593 καὶ
849 2535 1133 2598 εὐσεϐείας
1169 2537 1566 2606 διαδοθήσεται·
1601 2537 1666 2588 σὺ
1700 2537 1756 2588 δὲ
1788 2535 1924 2606 πρὸς

355 2634 583 2702 ἔσχατον
633 2629 947 2690 ἀποκλίνεις
991 2629 1408 2696 καταστροφῆς·
1463 2627 1622 2696 ὑμεῖς
1661 2627 1772 2695 γὰρ
1817 2626 1924 2679 τῶν

355 2721 625 2792 οὐρανίων
669 2719 846 2774 ἀνθῶν
879 2719 939 2770 τὸ
981 2717 1265 2787 δεκτήριον
1313 2717 1622 2770 ἀνασπάσαι
1665 2717 1928 2788 τετολμή-

357 2824 510 2870 κατε,
552 2807 646 2860 καὶ
674 2807 914 2875 δήγματι
947 2805 1258 2876 σπαράξαι·
1297 2807 1393 2858 καὶ
1436 2806 1534 2876 μὲν
1584 2805 1650 2876 δὴ
1690 2805 1928 2877 σιδηροῖς

358 2897 623 2966 ὲχράνατε
653 2899 762 2960 τοῖς
789 2897 989 2950 ὀδοῦσι.
1015 2897 1079 2948 Τί
1105 2897 1262 2967 δῆτα,
1291 2890 1337 2950 ὦ
1366 2895 1634 2966 πανοῦργε
1655 2911 1671 2960 ;
1695 2895 1800 2948 ποῦ
1826 2896 1928 2966 γῆς

363 2987 557 3041 σαυτὸν
587 2982 726 3042 εἶναι
765 2985 860 3041 νῦν
889 2988 1202 3058 ὀμολογείς;
1239 2988 1383 3040 Ἐκεῖ
1411 2986 1649 3058 δηλονότι
1673 3003 1685 3018 ·
1717 2988 1930 3058 κατέχω

361 3079 470 3148 γὰρ
505 3095 598 3130 σου
639 3078 708 3132 τὰ
733 3079 1066 3148 γράμματα,
1099 3078 1138 3132 ἀ
1186 3077 1264 3148 τῷ
1305 3079 1404 3147 τῆς
1459 3078 1654 3148 μανίας
1699 3077 1930 3148 καλάμῳ

365 3168 502 3238 πρός
547 3186 614 3238 με
649 3169 994 3239 διεχάραξας,
1042 3171 1101 3221 ὲν
1136 3163 1216 3232 οἷς
1247 3169 1352 3238 φὴς
1399 3169 1576 3222 πάντα
1603 3170 1718 3234 τὸν,
1739 3168 1926 3234 Λίϐυν,

372 3259 544 3328 δῆμον
583 3259 884 3356 σύμψηφοι
901 3255 1039 3312 εἷναί
1070 3275 1152 3310 σοι
1183 3259 1319 3330 πρὸς
1350 3257 1622 3330 σωτηρίαν
1652 3259 1842 3329 δήπου.
1872 3258 1934 3310 Ei

367 3348 424 3400 δὲ
453 3349 512 3400 οὑ
543 3349 732 3416 φήσεις
756 3345 912 3400 ταυτὶ
941 3347 1113 3410 οὑτως
1143 3346 1309 3416 ἔχειν,
1343 3345 1694 3418 μαρτύρομαι
1718 3347 1818 3417 ήδη
1843 3345 1936 3399 τὸν

369 3439 523 3502 Θεὸν,
557 3435 592 3508 ἦ
626 3437 731 3508 μὴν
763 3439 1120 3509 ἀρχαιότατον
1145 3438 1244 3508 τῆς
1287 3437 1555 3508 Ἐρυθρᾶς
1588 3436 1838 3500 πυκτίον,
1869 3435 1940 3489 δι’

385 3525 696 3595 Ἑλληνικῆς
714 3525 1140 3594 συντεταγμένον
1155 3523 1420 3593 γλώττης,
1436 3525 1515 3586 εἰς
1537 3522 1940 3594 Ἀλεξάνδρειαν

370 3615 741 3680 ἀποστέλλειν,
765 3615 839 3677 ὼς
866 3617 932 3668 ἂν
961 3617 1154 3668 θᾶττον
1173 3613 1413 3668 ἀπόλοιο.
1441 3608 1572 3665 Εἶτα
1601 3613 1664 3666 σὺ
1692 3612 1940 3682 ἀναμάρ-

370 3722 550 3774 τητος,
591 3701 636 3758 ὦ
669 3705 1063 3776 δικρανοφόρε;
1099 3701 1232 3758 Εἶτα
1259 3703 1320 3756 οὑ
1354 3702 1538 3771 σαφῶς
1563 3702 1866 3766 ἀπόλωλας,
1893 3697 1940 3756 ὦ

372 3793 561 3860 ἄθλιε,
607 3793 830 3863 τοιούτῳ
885 3792 1042 3862 δεινῴ
1099 3791 1702 3860 περιεστοισχισμένοςς
1761 3791 1938 3860 ίσμεν,

375 3885 530 3955 ἔσμεν
574 3901 668 3936 σου
723 3885 782 3937 τὸ
829 3884 1160 3954 ἐγχείρημαο
1202 3881 1330 3934 ποία
1377 3881 1628 3951 φροντὶς,
1681 3883 1830 3934 ποῖόν
1880 3899 1940 3934 σε

375 3975 592 4046 θράττει
645 3975 798 4041 δέος,
855 3977 916 4028 ού
971 3974 1194 4044 λέληθεν
1252 3973 1420 4043 ἡμᾶς,
1473 3967 1518 4026 ὦ
1568 3973 1798 4044 δύστηνε
1846 3977 1942 4029 καὶ

374 4066 707 4135 ταλαίπωρε.
745 4065 810 4116 Ὢ
837 4067 934 4132 τῆς
967 4063 1312 4133 ἀμϐλύτητος
1343 4065 1453 4116 τῶν
1481 4062 1589 4118 σῶν
1620 4063 1851 4134 φρενῶν,
1883 4065 1944 4128 ὃς

373 4159 494 4211 οὐδὲ
519 4159 616 4230 τὴν
642 4158 792 4210 νόσον
817 4157 910 4210 καὶ
937 4156 1034 4226 τὴν
1064 4155 1374 4224 ἀμηχανίαν
1395 4155 1494 4225 τῆς
1515 4154 1740 4207 σεαυτοῦ
1765 4156 1944 4227 ψυχῆς

373 4250 740 4314 ἁναστέλλεις,
771 4243 816 4302 ὦ
842 4249 1043 4300 ἀνόσιε*
1070 4246 1130 4310 ὃς
1161 4247 1259 4318 τὴν
1287 4245 1543 4317 ἀλήθειαν
1575 4247 1836 4310 ποικίλοις
1862 4248 1946 4301 δι-

375 4341 620 4410 ορύττεις
664 4341 838 4408 λόγοις
859 4355 874 4368 ο
905 4341 998 4392 καὶ
1026 4337 1264 4402 τοιοῦτος
1295 4339 1369 4391 ὢν
1401 4339 1502 4391 οὑκ
1536 4340 1764 4412 αἰσχύνῃ
1798 4341 1946 4411 ἡμᾶς

375 4433 596 4500 ψέγων,
629 4431 722 4484 καὶ
751 4431 842 4484 νῦν
883 4431 982 4500 μὲν
1015 4429 1272 4500 ἐλέγχων,
1305 4429 1378 4493 ὣς
1404 4445 1468 4496 γε
1511 4431 1634 4482 οἴει·
1670 4430 1763 4483 νῦν
1799 4432 1843 4484 δ’
1877 4429 1945 4484 αὖ

1961 3215 2004 3276 C

2023 1721 2213 1778 ferreis
2233 1725 2501 1794 polluislis
2535 1725 2804 1780 dentibus.
2829 1726 2966 1792 Quid
2993 1725 3182 1794 igitur,
3227 1725 3422 1782 callide
3449 1735 3596 1781 vete-

2022 1827 2192 1881 rator,
2225 1816 2314 1872 ubi
2349 1816 2602 1872 \locorum
2645 1832 2767 1872 esse
2803 1817 3030 1872 fateris?
3061 1813 3176 1872 Illic
3204 1817 3412 1872 scilicet
3453 1835 3468 1871 :
3499 1817 3598 1872 ha-

2025 1908 2124 1962 beo
2167 1907 2310 1961 enim
2335 1907 2546 1963 litteras
2571 1945 2585 1972 ,
2623 1922 2758 1976 quas
2799 1909 2865 1962 ad
2911 1922 2997 1963 me
3031 1906 3228 1962 furoris
3259 1907 3334 1962 tui
3381 1909 3594 1962 calamo

2023 1997 2326 2065 scripsisti,
2373 1997 2660 2068 inquibus
2704 1999 2786 2055 ais
2837 2013 3052 2053 omnem
3103 1997 3287 2069 Libyae
3340 1998 3598 2067 populum

2026 2087 2335 2155 conspirare
2361 2098 2536 2142 tecum
2563 2090 2628 2142 ad
2653 2089 2905 2144 salutem.
2935 2087 2990 2143 Si
3019 2104 3148 2163 vero
3174 2089 3455 2159 negaveris
3481 2089 3597 2143 haec

2028 2177 2099 2230 ita
2127 2191 2187 2232 se
2221 2177 2442 2243 habere,
2480 2178 2646 2234 Deum
2677 2189 2864 2244 testor,
2890 2195 2974 2235 me
3003 2179 3431 2235 vetustissimum
3461 2179 3597 2251 Ery-

2029 2268 2209 2321 thraeae
2264 2268 2544 2337 exemplar
2601 2267 2790 2324 Graece
2853 2271 3112 2340 scriptum
3169 2270 3395 2336 habere,
3453 2271 3601 2340 quod

2027 2357 2410 2412 Alexandriam
2467 2358 2713 2425 mittant,
2757 2369 2814 2412 ut
2865 2374 3026 2428 quam
3075 2361 3338 2415 citissime
3387 2374 3598 2430 pereas.

2028 2447 2185 2502 Anne
2239 2458 2294 2503 tu
2342 2449 2458 2504 sine
2512 2459 2756 2517 peccato,
2808 2449 3071 2506 furcifer?
3121 2467 3260 2506 anne
3317 2451 3606 2508 manifeste

2031 2541 2243 2609 periisti
2277 2541 2466 2608 miser,
2499 2549 2651 2597 tanto
2688 2543 2832 2597 malo
2866 2543 3309 2612 circumseptus?
3343 2540 3609 2598 Not-imus

2029 2630 2160 2699 quid
2194 2629 2434 2686 moliaris
2474 2648 2488 2686 :
2527 2645 2648 2700 quae
2681 2646 2832 2698 cura,
2865 2633 2986 2701 quis
3013 2641 3187 2686 metus
3217 2641 3269 2686 te
3301 2633 3600 2702 perturbet,

2033 2736 2139 2774 non
2176 2735 2277 2776 nos
2308 2721 2481 2788 latet,
2507 2721 2695 2777 infelix
2727 2733 2782 2776 et
2817 2723 3152 2778 calamitose.
3181 2721 3226 2778 0
3258 2725 3454 2778 mentis
3501 2732 3604 2778 tua:

2031 2820 2308 2880 stuporem
2331 2851 2347 2878 ,
2377 2812 2467 2884 qui
2497 2813 2742 2870 morbum
2774 2822 2830 2868 et
2857 2814 3090 2882 inopiam
3134 2813 3324 2867 animm
3357 2821 3460 2868 tua:
3494 2828 3602 2868 non

2034 2901 2305 2970 reprimis,
2341 2899 2535 2971 impl'e!
2569 2903 2660 2972 qui
2699 2902 2980 2957 veritatem
3015 2901 3180 2954 variis
3208 2899 3452 2956 confodis
3483 2915 3602 2955 ser-

2033 2991 2284 3046 monibus
2328 3009 2342 3048 :
2394 2999 2448 3048 et
2505 3005 2628 3046 cum
2679 2990 2800 3046 talis
2847 2990 2956 3056 sis,
3000 3003 3097 3044 nos
3143 2989 3449 3059 vituperare
3495 3005 3600 3043 non

2036 3084 2276 3150 vereris,
2325 3091 2381 3138 et
2453 3098 2594 3138 nunc
2657 3084 3024 3151 redarguens,
3089 3088 3152 3134 ut
3211 3081 3303 3135 tibi
3355 3081 3602 3147 videtur,

2037 3187 2182 3228 nunc
2215 3188 2346 3229 vero
2379 3186 2734 3229 commoneas
2799 3181 3052 3240 tanquam
3109 3170 3210 3226 lide
3250 3181 3305 3226 et
3361 3171 3620 3231 doctrina

2036 3264 2397 3333 praestantior,
2453 3278 2480 3316 a
2517 3276 2624 3331 quo
2678 3259 2886 3316 scilicet
2947 3261 3126 3316 miseri
3189 3261 3448 3316 auxilium
3503 3264 3609 3318 sibi

2037 3355 2364 3426 suppeditari
2391 3353 2618 3424 cupiunt
2657 3370 2674 3408 :
2708 3352 2920 3407 tametsi
2967 3367 3139 3421 neque
3187 3353 3440 3423 congredi
3482 3369 3608 3408 cum

2038 3445 2132 3499 tali
2162 3452 2392 3516 oportet,
2421 3457 2596 3514 neque
2618 3443 2841 3498 omnino
2898 3442 3045 3496 illum
3097 3444 3442 3513 compellare,
3495 3445 3600 3497 nisi

2041 3535 2164 3604 quis
2222 3535 2276 3590 in
2339 3533 2580 3589 subdolis
2625 3535 2780 3599 hujus
2830 3532 3010 3588 verbis
3039 3541 3180 3587 recte
3214 3531 3424 3586 vivendi
3457 3547 3610 3602 spcm

2038 3635 2094 3678 et
2151 3624 2208 3678 in
2251 3623 2500 3680 versibus
2561 3623 2890 3677 reconditam
2942 3636 3064 3676 esse
3116 3630 3286 3690 putet.
3339 3620 3445 3676 Sed
3501 3636 3610 3676 non

2041 3721 2126 3768 est
2158 3713 2262 3767 hoc
2303 3727 2492 3768 verum
2519 3729 2532 3766 :
2562 3713 2718 3780 longe
2747 3725 2878 3766 sane
2907 3712 3080 3765 abest.
3115 3711 3159 3765 Ο
3193 3711 3609 3778 imprudentiam

2039 3811 2301 3867 vestram,
2337 3801 2426 3870 qui
2459 3815 2580 3856 cum
2609 3800 2712 3854 isto
2734 3815 2828 3855 vos
2858 3801 3222 3854 commiscetis
3245 3801 3258 3852 !
3282 3799 3412 3864 Quis
3449 3801 3616 3868 igitur

2041 3890 2192 3945 furor
2224 3905 2320 3944 vos
2371 3889 2536 3958 hujus
2566 3889 2814 3943 acerbam
2861 3890 3094 3958 linguam
3133 3899 3188 3942 et
3218 3900 3492 3962 aspectum
3533 3899 3613 3943 to-

2039 3981 2216 4038 lerare
2246 3979 2457 4050 coegit?
2489 3979 2653 4044 Esto,
2684 3980 2776 4035 sed
2815 3979 2924 4048 jam
2955 3980 3021 4032 ad
3057 3988 3110 4032 te
3139 3993 3442 4033 sermonem
3474 3993 3608 4032 con-

2044 4081 2214 4138 verto,
2248 4087 2282 4126 o
2314 4070 2586 4125 hominem
2621 4070 2802 4124 animo
2830 4068 3250 4138 imprudentem,
3289 4067 3469 4136 lingua
3505 4082 3606 4122 vo-

2043 4163 2296 4225 lubilem,
2329 4171 2506 4217 mente
2545 4160 2811 4216 inﬁdelem
2847 4179 2860 4215 :
2905 4161 2969 4213 da
3021 4158 3151 4213 mihi
3207 4159 3610 4228 disputationis,

2045 4268 2150 4308 non
2200 4253 2432 4321 amplum
2466 4253 2588 4306 dico
2632 4261 2687 4306 et
2730 4251 2895 4305 latum
2933 4265 3182 4318 campum
3207 4291 3222 4316 ,
3260 4251 3357 4304 sed
3404 4249 3614 4306 circulo

2045 4355 2192 4398 recte
2231 4343 2693 4412 circumscriptum
2731 4360 2746 4397 :
2783 4357 2956 4411 neque
3006 4349 3238 4411 putrem,
3290 4343 3383 4396 sed
3421 4351 3612 4394 natura

2049 4433 2263 4486 lirmum
2291 4433 2650 4502 solidumque,
2683 4447 2716 4487 ο
2744 4433 2904 4501 impie
2935 4441 2990 4486 et
3018 4431 3256 4502 pessime
3275 4439 3331 4484 et
3359 4431 3614 4486 dissimu-

379 4523 540 4573 πάλιν
587 4521 877 4582 νουθετῶν,
913 4521 990 4582 ὡς
1033 4521 1212 4573 πίστει
1255 4520 1352 4572 καὶ
1395 4520 1576 4588 λόγοις
1622 4521 1934 4592 ὑπερφέρων

2048 4525 2187 4580 lator
2217 4539 2231 4578 :
2265 4540 2426 4595 cogor
2453 4527 2596 4578 enim
2639 4527 2739 4580 ista
2782 4525 3000 4590 dicere,
3047 4525 3156 4578 imo
3189 4536 3321 4577 vero
3363 4523 3616 4592 laqueum

383 4614 508 4682 περὶ
537 4605 596 4664 οὗ
626 4610 735 4681 [ἴσ.
768 4610 897 4680 παρ’
924 4603 1011 4681 οὗ]
1035 4611 1168 4680 δῆτα
1197 4611 1249 4664 οἱ
1271 4609 1447 4664 ἄθλιοι
1472 4612 1793 4682 ἐπικουρίαν
1821 4613 1939 4664 ἐαυυ

379 4707 493 4766 τοῖς
525 4703 846 4772 πορίζεσθαι
874 4701 1171 4772 γλίχονται·
1207 4701 1387 4754 καίτοι
1443 4701 1566 4754 οὐδὲ
1597 4702 1950 4771 συγγίνεσθαι

383 4795 459 4865 τῷ
479 4795 704 4866 τοιούτῳ
731 4794 924 4866 ἐχρῆν,
951 4793 1072 4846 οὐδὲ
1101 4792 1234 4854 ὅλως
1263 4792 1426 4846 αὐτὸν
1450 4792 1946 4863 προσφθέγγεσθαι,

382 4887 522 4956 πλὴν
549 4887 597 4940 εί
635 4887 708 4956 μή
743 4901 826 4947 τις
856 4887 912 4936 ὲν
949 4885 1060 4946 τοῖς
1094 4882 1344 4946 ὑπούλοις
1377 4883 1569 4936 τούτου
1615 4885 1825 4955 ῥήμασι
1853 4884 1950 4955 τὴν

383 4980 477 5034 τοῦ
525 4977 701 5048 ὀρθῶς
758 4976 905 5046 βιοῦν
953 4976 1140 5030 ἐλπίδα
1189 4977 1302 5039 τοῖς
1357 4975 1577 5046 μέτροις
1629 4977 1952 5030 ἀποκεῖσθαι

383 5068 576 5120 οἴεται.
631 5064 769 5118 Ἀλλ’
807 5066 907 5118 οὑκ
935 5063 1048 5117 ἔστι
1086 5064 1272 5118 τοῦτο·
1327 5065 1520 5116 πολλοῦ
1569 5083 1631 5132 γε
1660 5067 1758 5118 δεῖ.
1793 5067 1866 5118 Τὸ
1895 5065 1952 5118 δὲ

385 5157 604 5228 ἀληθὲς,
625 5156 671 5210 ὣ
699 5159 794 5228 τῆς
837 5157 1104 5226 ὑμετέρας
1141 5156 1346 5218 ἀνοίας,
1374 5157 1486 5208 ὅσοι
1517 5156 1694 5226 τούτῳ
1724 5173 1955 5210 συναναο

385 5251 632 5320 γίνεσθεῐ
665 5251 761 5312 Τίς
790 5251 896 5320 ἄρα
915 5251 943 5302 ὁ
965 5245 1146 5319 ἴστρος
1180 5249 1322 5316 ὑμᾶς
1343 5249 1442 5316 τῆς
1481 5247 1724 5317 χαλεπῆς
1769 5247 1956 5300 τούτου

386 5343 633 5414 γλώττης
665 5343 760 5395 καὶ
792 5341 892 5410 τῆς
931 5341 1106 5408 ὅψεως
1145 5339 1472 5409 ἀνασχέσθαι
1505 5339 1954 5410 κατηνάγκασεν;

387 5431 506 5490 ἀλλ’
531 5431 617 5486 ἐπ’
642 5431 804 5484 αὑτὸν
833 5430 934 5501 ήδη
961 5447 1018 5482 σε
1053 5429 1338 5499 βαδιοῦμαι
1365 5429 1444 5499 τῷ
1468 5430 1631 5498 λόγῳ,
1658 5423 1704 5482 ὦ
1732 5431 1831 5501 τὴν
1859 5431 1958 5500 μὲν

385 5525 565 5597 ψυχὴν
595 5523 781 5594 ἄφρων
813 5523 908 5587 σὺ,
938 5523 1036 5594 τὴν
1080 5523 1136 5576 δὲ
1166 5523 1411 5592 γλῶτταν
1443 5523 1690 5592 στωμύλε
1713 5564 1726 5589 ,
1765 5525 1958 5578 ἄπιστε

386 5617 442 5670 δὲ
473 5617 570 5678 τὰς
597 5616 820 5686 φρένας,
853 5615 939 5676 δὸς
969 5615 1031 5684 δή
1071 5632 1158 5683 μοι
1191 5614 1284 5667 τοῦ
1315 5614 1474 5681 λόγου
1509 5615 1608 5666 οὑκ
1648 5617 1960 5683 ἀμφιλαφές

388 5725 444 5761 τι
477 5707 620 5772 λέγω
647 5706 741 5757 καὶ
782 5706 1078 5774 ἱππήλατον
1119 5707 1332 5772 πεδίον,
1383 5708 1499 5758 ἀλλ’
1533 5704 1623 5760 οὖν
1677 5709 1860 5778 κύκλῳ
1897 5725 1960 5777 γε

393 5798 802 5868 εὐπερίγραφον
823 5814 836 5830 ο
870 5797 942 5866 μὴ
974 5797 1168 5868 σαθρὸν
1201 5799 1382 5870 μόνον,
1419 5800 1534 5853 ἀλλ’
1566 5801 1874 5870 ἐρρωμένον
1903 5819 1960 5853 τε

2053 4617 2144 4670 tibi
2174 4617 2442 4687 injiciam,
2475 4628 2530 4671 et
2561 4617 2926 4684 disputatione
2953 4615 3270 4685 impeditum
3297 4612 3348 4666 in
3381 4613 3618 4668 medium

2055 4717 2105 4762 te
2139 4709 2400 4761 adducam
2422 4747 2438 4770 ,
2468 4716 2528 4760 ut
2557 4707 2734 4762 omnis
2770 4705 2998 4774 populus
3030 4702 3429 4772 improbitatem
3471 4710 3618 4756 tuam

2051 4800 2254 4853 videat.
2289 4797 2395 4852 Sed
2433 4797 2498 4850 ad
2539 4811 2648 4850 rem
2681 4797 2846 4864 ipsam
2883 4793 3217 4865 progrediar.
3257 4793 3406 4848 Lota:
3436 4791 3623 4861 utique

2054 4899 2178 4943 sunt
2218 4904 2442 4941 manus:
2491 4901 2776 4956 pergamus
2811 4885 3060 4954 precibus
3114 4884 3370 4938 invocare
3421 4881 3617 4944 Deum,

2055 4989 2149 5033 aut
2187 4980 2364 5046 potius
2395 4979 2770 5033 contineamus
2809 4989 2906 5030 nos
2950 4989 3266 5045 parumper.
3317 4973 3417 5028 Dic
3464 4969 3619 5034 mihi.

2055 5071 2432 5134 callidissime,
2467 5084 2626 5138 quem
2657 5069 2818 5122 Deum
2861 5067 2914 5121 in
2943 5065 3201 5120 auxilium
3241 5076 3390 5120 tuum
3421 5062 3617 5131 implo-

2061 5161 2246 5216 rabis?
2297 5159 2400 5215 Sed
2436 5161 2716 5216 continere
2768 5173 2853 5212 me
2892 5173 3123 5228 nequeo.
3170 5155 3216 5210 0
3269 5164 3325 5208 ιιι
3379 5153 3620 5210 omnium

2060 5263 2269 5318 auctor,
2304 5253 2544 5315 Domine,
2571 5268 2605 5307 ο
2631 5250 2922 5320 singularis
2950 5247 3164 5302 virtutis
3189 5245 3374 5308 Pater,
3403 5255 3627 5314 prOpter

2062 5347 2202 5399 hunc
2245 5343 2464 5412 impium
2502 5341 2742 5397 Ecclesia
2795 5342 3025 5411 probra,
3070 5337 3320 5402 doiores,
3353 5335 3464 5390 imo
3495 5349 3630 5388 vero

2063 5436 2284 5490 vulnera
2314 5445 2367 5488 et
2402 5447 2664 5487 mmrores
2707 5433 2929 5502 patitur.
2977 5429 3137 5482 Arius
3175 5427 3268 5480 tibi
3305 5426 3480 5480 locum
3513 5423 3626 5493 jam

2064 5528 2302 5596 adoptat,
2327 5525 2486 5592 idque
2516 5525 2800 5576 admodum
2831 5521 3113 5590 praeclare,
3142 5519 3194 5572 in
3227 5533 3354 5586 quo,
3384 5527 3443 5571 ut
3473 5527 3624 5586 puto,

2063 5618 2398 5673 constituens
2431 5616 2530 5670 sibi
2581 5615 2679 5683 ipsi
2732 5613 3037 5683 synodum,
3077 5625 3196 5680 qua:
3229 5609 3422 5662 Filium
3476 5619 3628 5662 tuum

2065 5715 2338 5768 Christum
2360 5714 2508 5766 illum
2531 5728 2594 5765 cx
2623 5722 2674 5766 te
2695 5706 3296 5780 genitum,illum‘nostri
3323 5698 3504 5761 auxilii
3529 5707 3630 5760 du-

2067 5819 2205 5870 cem,
2226 5804 2525 5870 adoptionis
2543 5803 2658 5872 lego
2677 5809 2892 5870 arroget
2911 5815 2974 5856 ac
3003 5797 3338 5854 tcueat.Audi
3359 5798 3629 5866 ,obsecro,
