4038 6148
504 398 633 464 1351
1759 392 2062 453 GELASII

2180 388 2444 449 'ZICENI
3611 380 3761 445 1352

501 510 806 566 mirandam
849 509 1026 563 ﬁdem.
1057 506 1154 571 Te,
1192 506 1435 573 Domine,
1469 507 1585 561 loco
1633 508 1837 560 moveri
1877 504 2063 559 existi—

2180 500 2265 552 καὶ
2302 497 2530 569 στερρὸν
2568 498 2633 566 τῇ
2667 494 2849 562 φύσει,
2882 488 2927 546 ὦ
2967 494 3148 548 ἀνόσιε
3183 494 3317 563 δῆτα
3354 494 3446 548 καὶ
3492 496 3753 558 κάκιστε.

503 612 633 667 mat,
673 613 722 654 te
754 599 989 653 deﬁnitae
1022 598 1164 653 sedis
1196 598 1443 652 terminis
1491 598 1941 653 circumscribere
1972 612 2066 650 ιιιι·

2180 592 2263 644 καὶ
2287 590 2569 660 κρυψίνου·
2596 587 2859 657 ἐξάγομαι
2884 587 2990 655 γάρ
3017 586 3189 640 ταῦτα
3211 588 3387 655 λέγειν
3414 604 3427 616 ·
3459 586 3663 658 μᾶλλον
3691 589 3755 642 δὲ

503 695 609 748 det.
644 691 741 747 Lbi
770 691 912 744 enim
947 699 1000 743 tu
1023 704 1126 744 non
1154 703 1389 757 praesens
1419 690 1516 744 es?
1546 698 1639 742 aut
1670 689 1765 743 tibi
1793 687 2065 757 operatio-

2180 680 2366 749 βρόχον
2401 680 2500 749 ήδη
2538 694 2618 731 σοι
2655 678 2946 748 περιάψας,
2985 678 3081 731 καὶ
3112 678 3449 749 συμποδίσας
3479 678 3558 748 τῷ
3600 679 3756 749 λόγῳ

504 798 625 836 nem
662 791 803 833 tuam
854 790 1014 849 atque
1058 778 1350 834 eﬁicaciam
1387 795 1455 835 ex
1494 780 1701 848 legibus
1738 779 1844 832 tuis
1886 778 2065 831 omnia

2180 779 2248 839 εἰς
2299 775 2498 846 μέσους
2532 792 2592 828 σε
2624 774 2985 844 καταστήσω,
3018 773 3096 837 ὼς
3128 773 3195 827 ἂν
3224 774 3333 835 πᾶς
3377 773 3406 825 ὁ
3443 773 3615 843 δῆμος
3648 773 3760 845 τὴν

502 872 918 941 ρεινιιάειιιοὶιιιιε
965 886 1071 925 non
1124 872 1367 925 sentiunt
1408 870 1635 925 omnes?
1680 869 1872 925 Omnia
1921 868 2066 922 enim

2180 868 2271 937 τὴν
2296 866 2593 936 καταμάθῃ
2629 865 2962 935 φαυλότητα.
3008 866 3127 918 Ἐπ’
3166 864 3299 918 αὐτὸ
3326 864 3383 917 δὲ
3411 863 3762 934 πορεύσομαι

504 964 616 1030 ipse
638 963 906 1025 contines,
938 968 992 1013 et
1021 970 1173 1014 extra
1207 968 1258 1013 te
1289 974 1387 1014 nec
1413 959 1591 1013 locum
1622 974 1718 1013 nec
1745 957 1889 1012 aliud
1914 957 2070 1025 quid-

501 1069 661 1121 quam
695 1053 935 1119 cogitare
966 1051 1047 1105 fas
1076 1061 1179 1105 est.
1215 1049 1306 1105 Sic
1334 1052 1572 1118 potentia
1603 1059 1694 1104 tua
1725 1064 1845 1103 cum
1877 1063 2070 1117 opera-

503 1146 646 1197 tione
679 1142 889 1196 iuﬁnita
922 1151 1025 1196 εει.
1060 1140 1140 1195 Tu
1170 1150 1370 1205 autem,
1406 1141 1573 1202 Deus.
1599 1138 1797 1195 exaudi
1824 1156 1838 1193 :
1863 1148 1916 1193 at
1952 1154 2068 1201 vos,

502 1233 718 1303 populi,
755 1233 1023 1288 advertite
1059 1243 1315 1289 mentem.
1366 1231 1467 1287 llic
1498 1232 1643 1287 enim
1675 1241 1757 1287 est
1786 1232 2071 1301 impudens

502 1335 557 1379 et
586 1340 813 1391 nequam
834 1363 850 1388 ,
897 1324 987 1393 qui
1021 1325 1087 1378 ad
1117 1332 1415 1379 extremam
1449 1324 1849 1392 improbitatem
1882 1334 1937 1378 et
1966 1324 2070 1378 ini-

503 1417 765 1485 quitatem
803 1430 1144 1485 progressus,
1181 1417 1438 1484 pietatem
1474 1416 1715 1471 simulat.
1745 1416 1949 1486 Apage,
1988 1418 2072 1471 in-

505 1507 645 1576 quit,
678 1507 799 1561 nolo
830 1507 992 1561 Deum
1029 1508 1243 1576 injuriis
1275 1507 1566 1562 obnoxium
1601 1509 1796 1570 videri.
1826 1524 1890 1562 ac
1917 1510 1987 1563 ob
2020 1510 2072 1562 id

505 1611 748 1665 suppono
774 1606 827 1651 et
862 1597 1003 1667 (iugo
1027 1597 1259 1652 mirabili
1293 1614 1424 1654 sane
1456 1599 1577 1665 ﬁde,
1611 1601 1752 1669 quod
1783 1598 1926 1652 Deus
1951 1614 2071 1653 cum

506 1687 773 1742 novellam
831 1699 885 1742 et
936 1704 1109 1757 nuper
1162 1700 1401 1744 creatam
1458 1690 1662 1745 Christi
1715 1691 2071 1746 substantiam

505 1778 729 1844 faceret,
763 1778 1022 1833 auxilium
1055 1779 1158 1834 sibi
1189 1781 1288 1849 ipsi
1320 1781 1674 1850 praeparavit,
1703 1789 1760 1834 ut
1792 1782 1923 1835 mihi
1953 1782 2075 1850 qui-

2169 959 2273 1030 ἤδη
2299 958 2358 1010 τὸ
2382 958 2632 1027 πρᾶγμα.
2657 956 2995 1027 Νενιμμέναι
3017 954 3286 1025 δήπουθέν
3304 957 3441 1008 εἰσιν
3468 955 3525 1007 αἱ
3545 958 3760 1026 χεῖρες,

2172 1046 2495 1117 προσίωμεν
2522 1049 2643 1109 ταῖς
2664 1047 2851 1116 εὐχαῖς
2871 1046 3196 1099 ἐπικαλέσαι
3224 1045 3290 1114 δὴ
3317 1044 3410 1097 τὸν
3438 1044 3591 1097 Θεόν·
3616 1046 3763 1114 μᾶλ-

2170 1138 2261 1190 λον
2294 1138 2352 1190 δὲ
2400 1136 2596 1209 μικρὸν
2629 1137 2891 1207 ἐπισχὼν,
2923 1137 3044 1190 εἰπέ
3078 1154 3189 1205 μοι,
3231 1129 3277 1189 ὦ
3311 1134 3614 1205 θερμότατε
3648 1138 3721 1189 σὺ
3742 1178 3761 1199 ,

2171 1230 2293 1282 τίνα
2348 1228 2480 1282 Θεδν
2521 1228 2824 1302 ἐπικαλέσῃ
2879 1228 3016 1298 πρὸς
3077 1227 3365 1299 βοήθειαν;
3427 1226 3593 1280 Ἀλλὰ
3641 1228 3761 1298 γὰρ

2171 1324 2402 1393 ἠρεμεῖν
2432 1322 2493 1374 οὐ
2522 1320 2778 1392 δύναμαι.
2816 1317 2886 1373 Ὠ
2922 1321 3030 1374 τῶν
3070 1321 3287 1374 πάντων
3317 1319 3454 1390 ἔχων
3485 1319 3547 1373 τδ
3583 1319 3760 1387 κῦρος

2172 1410 2453 1476 Δέσποτα,
2483 1404 2529 1463 ὦ
2555 1412 2654 1480 τῆς
2697 1414 2962 1481 μονήρους
2992 1410 3311 1480 δυνάμεως,
3342 1404 3388 1463 ὧ
3428 1410 3631 1480 πάτερ,
3660 1410 3760 1463 διὰ

2172 1500 2383 1554 τουτονί⁵
2415 1500 2507 1553 τὸν
2550 1501 2761 1554 άνόσιον
2795 1500 2970 1569 ὀνείδη
3011 1517 3091 1563 τε,
3127 1502 3218 1553 καὶ
3244 1499 3416 1563 λύπας
3440 1543 3455 1565 ,
3486 1500 3584 1552 καὶ
3619 1500 3758 1569 μέν·

2172 1609 2253 1644 τοι
2282 1593 2377 1645 καὶ
2406 1592 2719 1661 τραύματα,
2756 1592 2849 1644 κα“ι¹
2886 1590 3076 1653 ὀδύνας
3104 1593 3137 1660 ὴ
3172 1591 3238 1660 σὴ
3273 1590 3385 1660 ἔχει
3432 1589 3754 1660 Ἐκκλησία.

2179 1679 2395 1747 "Apud;
2427 1697 2507 1732 σοι
2539 1680 2699 1732 τόπον
2723 1678 2822 1748 ἤδη
2849 1677 3244 1749 προσαρμόζει,
3277 1680 3371 1732 κειιλ⁵
3406 1678 3551 1747 μάλα
3573 1695 3640 1745 γε
3662 1678 3758 1729 εὑ⁹

2176 1768 2348 1836 φυῶς,
2401 1770 2487 1836 ἐφ’
2533 1762 2595 1822 οῦ
2634 1766 2943 1831 καοιζάνων
2995 1764 3148 1837 οἶμαι
3203 1769 3422 1821 σύνοδον
3464 1769 3666 1839 ἐαυτῷ,
3721 1769 3754 1838 ἦ

506 1872 625 1924 dem
664 1870 891 1924 videtur.
922 1869 1074 1937 Quod
1097 1846 1262 1935 enim,
1292 1846 1486 1940 inquit,
1518 1873 1585 1926 ab
1613 1872 1730 1940 ipso
1758 1846 2069 1936 abstuleris,

2180 1861 2337 1913 παῖδα
2360 1860 2449 1912 τὸν
2471 1860 2705 1928 Χριστὸν
2730 1860 2823 1912 τὴν
2847 1860 2937 1912 σὺν
2958 1899 2973 1922 ,
2997 1861 3089 1912 τὸν
3114 1861 3178 1913 ἐκ
3228 1858 3346 1925 σοῦ,
3373 1859 3465 1912 τὸν
3490 1861 3593 1928 τῆς
3614 1863 3757 1931 ἠμε-

506 1962 561 2015 id
589 1961 787 2016 minus.
822 1962 942 2015 Tibi
973 1962 1133 2030 igitur
1160 1962 1272 2016 haec
1303 1964 1436 2017 ﬁdes
1461 1973 1572 2029 est,
1605 1979 1637 2019 ο
1664 1964 1776 2019 lues
1807 1975 1860 2019 et
1890 1964 2072 2032 perni-

2180 1950 2338 2020 τέρας
2368 1949 2686 2019 ἐπικουρίας
2717 1949 3027 2025 ἀρχηγέτην
3046 1991 3062 2014 ,
3097 1950 3295 2013 θέσεως
3328 1951 3477 2020 νόμῳ
3502 1967 3755 2021 περιποι-

506 2052 654 2105 cies?
686 2049 763 2102 Tu
798 2065 862 2104 ex
896 2051 1179 2121 hypothesi
1216 2050 1527 2119 ﬁgmentum
1571 2054 1742 2109 sumis
1773 2067 1893 2107 cum
1916 2093 1932 2118 ,
1980 2054 2072 2122 qui

2180 2042 2312 2092 εῖται
2352 2041 2445 2092 καὶ
2480 2039 2640 2109 ίσχει.
2672 2040 3027 2105 Ἐπάκουσον,
3055 2040 3321 2095 ἀντιϐολῶ
3364 2057 3445 2106 σε,
3492 2042 3593 2113 τῆς
3621 2040 3754 2095 θαυ-

507 2143 743 2211 gentium
780 2142 1031 2210 ﬁgmenta
1062 2142 1478 2198 condemnavit?
1508 2143 1587 2198 Tu
1621 2144 1922 2200 ascititiutn
1947 2159 2070 2200 eum

2180 2131 2381 2199 μασίας
2413 2132 2669 2192 πίστεως.
2712 2131 2780 2183 Σὲ
2822 2132 2921 2202 τὴν
2971 2132 3112 2186 κατὰ
3145 2133 3235 2186 τὸν
3281 2134 3447 2187 τόπον
3486 2135 3754 2189 κινεῖσθαι

507 2245 669 2285 vocas
695 2242 747 2284 et
781 2230 926 2285 velut
963 2229 1259 2287 oﬂlclorum
1294 2233 1621 2300 ministrum,
1652 2235 1741 2303 qui
1778 2235 1896 2289 sine
1926 2234 2073 2304 cogi-

2180 2222 2407 2275 δέσποτα
2435 2222 2648 2293 κίνησιν
2680 2222 2872 2278 οἴεται.
2913 2224 2981 2277 Σὲ
3030 2228 3128 2295 τῆς
3171 2225 3567 2297 ἀφωρισμένης
3620 2227 3756 2281 καθ-

512 2321 717 2374 latione
745 2328 799 2374 et
834 2322 1268 2389 ratiocinatione,
1302 2338 1367 2378 eo
1396 2326 1538 2394 quod
1569 2340 1783 2395 semper
1813 2342 1915 2379 una
1946 2340 2071 2380 cum

2180 2312 2336 2381 ἔδρας
2367 2312 2554 2382 κύκλῳ
2585 2314 2944 2384 περιγράφειν
2975 2314 3168 2385 τολμᾷ.
3197 2315 3306 2368 Ποῦ
3340 2316 3450 2385 γὰρ
3477 2318 3577 2369 οὐκ
3609 2318 3755 2370 ἐστιν

508 2412 688 2467 Patris
733 2412 1040 2466 aeternitate
1074 2414 1324 2479 exsistat,
1355 2416 1536 2469 omnia
1575 2415 1838 2484 perfecit?
1867 2417 2072 2484 Adapta

2180 2403 2209 2473 η
2240 2403 2308 2472 σὴ
2339 2401 2648 2471 παρουσία;
2680 2402 2712 2471 ἢ
2747 2401 2846 2454 ποῦ
2872 2402 2968 2472 τὴν
3000 2402 3100 2472 σὴν
3139 2404 3202 2456 οὐ
3240 2404 3442 2467 πάντες
3468 2406 3755 2474 ἐνέργειαν

502 2503 643 2573 jam,
673 2504 715 2557 si
745 2504 935 2568 audes,
962 2503 1178 2573 adapta,
1199 2504 1435 2574 inquam,
1465 2505 1597 2571 Deo,
1615 2510 1754 2575 quod
1780 2517 2077 2576 praecave-at

2180 2494 2238 2546 ἐκ
2274 2491 2381 2545 τῶν
2422 2492 2598 2545 πάντα
2642 2507 2735 2545 σου
2784 2492 3080 2563 διηκόντων
3129 2493 3312 2563 νόμων
3361 2495 3748 2562 αἰσθάνονταις

510 2605 566 2648 et
598 2604 821 2659 metuat,
852 2608 904 2648 et
928 2603 1107 2664 speret
1141 2607 1454 2650 eventurum
1507 2615 1520 2651 :
1562 2598 1703 2665 quod
1751 2600 1986 2668 cogitet,
2020 2606 2076 2653 et

2180 2584 2361 2637 Πάντα
2401 2583 2510 2652 γὰρ
2540 2581 2702 2644 αὐτὸς
2738 2582 3014 2653 περιέχεις
3035 2621 3051 2646 ,
3098 2583 3195 2637 καὶ
3225 2584 3331 2650 ἔξω
3376 2585 3470 2639 σοῦ
3504 2585 3629 2640 οὔτε
3664 2587 3752 2640 τό·

513 2681 889 2747 ratiociuetur,
920 2686 1139 2754 etquod
1180 2685 1532 2765 considerans
1559 2688 1883 2741 sententiam
1920 2702 2073 2742 suam

512 2776 680 2842 dicat,
708 2787 761 2830 et
792 2777 955 2829 verba
996 2776 1220 2845 formet;
1243 2778 1383 2845 quod
1409 2777 1725 2840 delectetur,
1755 2779 1951 2843 rideat,
1981 2779 2077 2833 do-

514 2867 640 2922 lcat.
678 2867 815 2933 Quid
863 2867 1024 2937 igitur
1065 2868 1180 2932 ais,
1223 2868 1544 2923 miserorum
1590 2868 1831 2923 omnium
1881 2869 2075 2924 miser-

517 2954 687 3017 rime?
709 2953 753 3009 0
787 2955 958 3008 virum
993 2956 1209 3011 malitiae
1240 2956 1395 3025 plane
1424 2958 1685 3026 peritum,
1726 2958 1985 3029 intellige,
2029 2959 2077 3014 si

516 3052 691 3110 potes,
721 3044 863 3111 quod
908 3044 961 3097 in
995 3055 1085 3098 tua
1128 3046 1298 3114 ipsius
1332 3048 1571 3102 versutia
1600 3051 1939 3107 consumeris
1977 3052 2080 3106 im-

514 3131 742 3202 probus.
770 3131 1057 3199 Christus,
1103 3135 1307 3203 inquit,
1349 3146 1569 3204 propter
1597 3155 1695 3193 nos
1743 3156 1936 3208 passus
1967 3153 2070 3197 est.

514 3226 583 3278 At
623 3238 723 3294 ego
765 3223 876 3293 jam
918 3224 1027 3280 dixi
1083 3226 1225 3293 quod
1289 3226 1391 3280 sub
1442 3228 1613 3282 forma
1665 3232 1908 3298 corporis
1940 3232 2076 3286 mis-

516 3328 609 3369 sus
663 3322 763 3369 est.
805 3312 968 3379 Sane,
1009 3314 1214 3385 inquit;
1262 3317 1355 3370 sed
1409 3317 1751 3372 metuendum
1794 3335 1862 3375 ne
1901 3321 2077 3390 aliqua

517 3404 571 3459 in
607 3419 665 3459 re
696 3404 1021 3459 imminuere
1052 3405 1199 3459 illum
1228 3406 1526 3460 videamur.
1563 3404 1606 3461 Ο
1634 3405 1871 3463 ferarum
1913 3411 2082 3465 inter-

517 3509 661 3562 pres,
695 3509 834 3548 anne
862 3494 1087 3558 insanis,
1114 3495 1240 3548 dum
1276 3495 1379 3549 ista
1414 3496 1571 3561 dicis,
1601 3507 1656 3552 et
1693 3509 1879 3569 aperte
1906 3498 2082 3557 furis?

518 3582 657 3637 Ecce
696 3583 839 3637 enim
877 3583 1107 3637 mundus
1146 3584 1258 3652 ipse
1291 3582 1464 3639 forma
1499 3596 1583 3641 est
1628 3588 1743 3642 sive
1781 3588 1973 3659 ﬁgura,
2028 3600 2084 3646 et

519 3684 666 3729 astra
701 3674 1053 3729 characteres
1074 3689 1200 3729 suos
1225 3675 1514 3730 ostendunt
1544 3696 1558 3731 :
1588 3686 1646 3732 et
1669 3680 1889 3734 omnino
1922 3680 2083 3749 spiri-

519 3776 606 3821 tus
637 3766 797 3835 hujus
826 3764 1031 3834 globosi
1057 3765 1225 3829 orbis,
1255 3768 1463 3835 species
1492 3770 1735 3836 quaedam
1775 3781 1856 3825 est
1894 3787 2080 3826 eorum

518 3868 638 3922 quat
687 3861 852 3918 sunt,
904 3864 989 3923 et_
1023 3855 1175 3923 quasi
1221 3854 1487 3924 ﬁguratio.
1537 3856 1896 3916 Nihilominus
1943 3861 2084 3917 Deus

520 3944 717 4015 ubique
767 3945 937 3999 adest.
995 3945 1220 4000 Ubinam
1278 3946 1443 4015 igitur
1488 3947 1542 4003 itt
1593 3949 1699 4003 Deo
1745 3952 2085 4006 contumeliae

519 4037 686 4090 sunt?
717 4046 809 4089 aut
854 4050 961 4103 qua
997 4036 1049 4089 in
1092 4050 1152 4091 re
1198 4036 1457 4091 minuitur
1501 4039 1678 4093 Deus?
1725 4039 1769 4092 Ο
1818 4042 2082 4108 parricida

518 4126 789 4193 azqttilatlis
809 4124 1154 4191 lConsidera,
1173 4139 1240 4179 ex
1263 4128 1433 4195 teipso
1453 4126 1820 4196 conjecturam
1842 4129 2079 4196 capiens,

520 4218 563 4268 si
597 4224 876 4284 peccatum
904 4215 1119 4270 videtur
1146 4230 1266 4271 esse
1287 4255 1302 4280 ,
1339 4216 1392 4270 in
1425 4216 1644 4273 Christo
1673 4219 1862 4273 adesse
1891 4218 2080 4275 Deum.

521 4306 617 4357 llle
666 4305 881 4374 quidem
925 4306 1201 4376 perspexit
1247 4307 1597 4376 ignominiam
1642 4311 1941 4376 sermonis,
1987 4326 2084 4366 nec

523 4396 676 4450 tarde
706 4411 893 4465 pinnas
925 4397 1204 4466 irrogavit.
1236 4396 1501 4453 Praeterea
1530 4400 1771 4468 quotidie
1793 4402 1845 4455 in
1881 4404 2079 4457 mundo

2177 2690 2301 2741 πον,
2328 2672 2452 2726 οὔτε
2481 2674 2611 2727 ἄλλο
2656 2672 2808 2725 οὐδὲν
2846 2674 3132 2743 ἐπινοῆσαι
3173 2674 3354 2745 θέμις.
3386 2676 3577 2741 Οὕτως
3620 2681 3654 2749 ἡ
3685 2679 3751 2750 σὴ

2174 2766 2405 2838 δύναμις
2442 2768 2557 2837 μετ’
2599 2767 2882 2837 ἐνεργείας
2922 2767 3075 2819 ἐστὶν
3121 2767 3371 2839 ἄπειρος.
3421 2769 3496 2823 Σὺ
3542 2770 3641 2841 μὲν
3686 2770 3750 2840 δὴ

2177 2859 2480 2913 ἐπάκουσον
2510 2861 2538 2913 ὁ
2566 2859 2718 2923 Θεός.
2776 2858 2966 2928 Ὑμεῖς
2998 2857 3055 2911 δέ
3094 2861 3205 2923 πᾶς
3227 2861 3257 2912 ό
3294 2859 3424 2924 λαὸς
3454 2860 3747 2932 προσέχετε

2175 2951 2269 3005 τὸν
2309 2952 2452 3006 νοῦν.
2494 2952 2551 3005 Ὀ
2582 2954 2692 3022 γάρ
2722 2950 3078 3021 ἀναίσχυντος
3119 2944 3277 3016 οὗτος
3312 2953 3409 3006 καὶ
3441 2956 3683 3025 ἀχρεῖος,
3711 2953 3742 3003 ό

2177 3041 2264 3094 ἐπ’
2292 3042 2459 3112 άκρον
2491 3040 2793 3113 μοχθηρίας
2826 3059 2886 3095 τε
2930 3042 3025 3096 καὶ
3052 3043 3286 3114 ἀνομίας
3315 3044 3512 3116 ὁμοίως
3549 3043 3739 3111 ἐληλα-

2180 3131 2313 3196 κὼς,
2354 3132 2640 3186 εὐλάϐειαν
2668 3134 2990 3202 σκήπτεται.
3029 3134 3267 3203 Ἄπαγε,
3295 3136 3472 3205 φησὶν,
3519 3135 3579 3187 οὐ
3613 3131 3741 3204 βού-

2178 3222 2339 3293 λομαι
2367 3223 2458 3276 τὸν
2487 3222 2619 3276 Θεὸν
2648 3225 2757 3292 ἐγὼ
2783 3223 2995 3293 ὕϐρεων
3031 3224 3197 3278 πάθει
3229 3226 3406 3295 δοκεῖν
3434 3225 3741 3295 ἐνέχεσθαι²

2179 3288 2271 3367 καλ
2302 3314 2391 3366 διά
2414 3313 2572 3368 τοῦτο
2600 3288 2925 3386 ὑποτίθεμαι
2967 3317 3062 3370 καὶ
3103 3288 3326 3370 πλάτττω
3371 3288 3653 3387 θαυμάσια
3684 3333 3748 3385 γε

2179 3407 2245 3475 τῇ
2278 3405 2478 3468 πίστει,
2508 3405 2584 3468 ὡς
2612 3408 2640 3459 ὁ
2669 3406 2800 3470 Θεὸς
2833 3407 3059 3476 νεογενῆ
3099 3409 3193 3462 καὶ
3223 3408 3536 3461 νεόκτιστον
3566 3409 3753 3462 οὐσίαν

2179 3493 2416 3565 Χριστοῦ
2466 3493 2869 3563 ποιησάμενος,
2916 3494 3169 3564 βοήθειαν
3197 3496 3378 3567 ἑαυτῷ
3411 3497 3755 3568 παρεσκευά-

2183 3599 2334 3648 σατο,
2362 3584 2437 3646 ὥς
2468 3585 2533 3651 γέ
2580 3602 2669 3653 μοι
2724 3585 2891 3638 δοκεῖ·
2927 3584 2956 3638 ὃ
2989 3586 3099 3655 γὰρ
3128 3586 3212 3649 ἂν,
3243 3587 3428 3654 φησὶν,
3464 3588 3564 3640 ἀπ’
3590 3586 3756 3640 αὐτοῦ

2182 3675 2409 3746 ἀφέλῃς,
2449 3676 2609 3730 τοῦτο
2656 3676 2876 3729 ἔλαττον
2909 3678 3228 3747 πεποίηκας.
3265 3673 3420 3739 Εἶτα,
3456 3670 3503 3728 ὧ
3534 3676 3759 3748 λυμεὼν

2183 3768 2277 3820 καὶ
2304 3767 2512 3837 ὁλέθριε
2529 3806 2543 3830 ,
2572 3768 2654 3819 σοὶ
2680 3767 2839 3820 τοῦτό
2862 3769 2978 3821 ἐστι
3005 3768 3211 3831 πίστιςι
3244 3766 3308 3820 σὺ
3339 3767 3464 3821 καθ’
3493 3767 3762 3821 ὑπόθεσιν

2183 3859 2278 3911 καὶ
2309 3859 2533 3929 πλάσμα
2563 3858 2857 3928 λαμϐάνεις
2897 3858 2988 3912 τὸν
3021 3859 3090 3913 τὰ
3123 3858 3409 3928 πλάσματα
3440 3858 3552 3912 τῶν
3583 3858 3761 3911 ἐθνῶν

2184 3951 2625 4019 κατακρίναντα;
2661 3950 2725 4003 σὺ
2777 3950 3105 4004 ἐπείσακτον
3159 3949 3341 4013 καλεῖς
3367 3992 3383 4014 ,
3420 3950 3516 4004 καὶ
3563 3949 3758 4020 ῶσπερ

2186 4039 2533 4107 καθηκόντων
2581 4038 2893 4109 ὑπηρέτην,
2950 4038 3042 4091 τὸν
3086 4038 3216 4092 ἄνευ
3262 4037 3616 4107 ἐνθυμήσεως
3664 4038 3757 4091 καὶ

2184 4127 2468 4198 λογισμοῦ,
2505 4128 2582 4197 τῷ
2618 4130 2986 4198 συνυπάρχειν
3015 4131 3080 4199 τῇ
3113 4127 3206 4182 τοῦ
3235 4130 3443 4197 πατρὸς
3472 4128 3753 4195 ἀῖδιότητι.

2185 4220 2365 4272 πάντα
2400 4217 2763 4285 διανύσαντα;
2806 4219 3121 4287 ἐφάρμοσον
3168 4217 3283 4278 νῦν,
3331 4218 3380 4270 εί
3426 4218 3492 4286 δὴ
3530 4217 3750 4287 τολμᾷς.

2185 4307 2497 4377 ἐφάρμοσον
2536 4305 2615 4374 τῷ
2646 4304 2766 4377 Θεῷ
2803 4306 2899 4358 κα)⁹
2930 4307 2990 4359 τὸ
3035 4305 3417 4370 εὐλαϐεῖσθαι,
3449 4307 3543 4359 καὶ
3569 4306 3627 4358 τὸ
3656 4322 3751 4374 φο-

2184 4398 2419 4460 ϐεῖσθαι,
2462 4399 2553 4450 καὶ
2590 4397 2652 4450 τὸ
2694 4396 2934 4460 ἐλπίζειν
2970 4398 3030 4449 τὸ
3062 4396 3463 4468 ἐκϐησόμενον’
3503 4397 3585 4450 ἐτι
3613 4398 3671 4449 δέ
3696 4398 3754 4451 τὸ

523 4497 740 4555 peccata
786 4488 1234 4553 committuntur,
1266 4496 1320 4541 et
1364 4498 1540 4543 tamen
1586 4490 1726 4544 Deus
1769 4492 1948 4557 adest,
1983 4507 2078 4548 nec

2186 4488 2557 4562 ἐνθυμεῖσθαι,
2587 4490 2647 4543 τὸ
2664 4488 3002 4557 λογίζεσθαι,
3035 4489 3094 4543 τὸ
3137 4490 3508 4559 σκεπτόμενον
3532 4489 3754 4559 γνώμην

523 4575 610 4628 ditt
639 4574 900 4644 supplicia
927 4574 1267 4629 dill'eruntur.
1298 4574 1414 4642 Qua
1447 4578 1607 4645 igitur
1641 4578 1693 4631 in
1736 4593 1795 4633 re
1824 4580 2084 4635 minuitur

520 4670 806 4740 potestatis
832 4668 949 4737 ejus
975 4670 1331 4739 magnitudo?
1361 4686 1428 4723 an
1465 4671 1663 4739 ubique
1685 4672 1926 4741 patitur?
1954 4673 2082 4726 nihil

520 4764 732 4831 opinor,
767 4761 951 4816 mundi
976 4763 1119 4816 enim
1147 4777 1298 4818 mens
1326 4778 1419 4832 per
1442 4760 1613 4817 Deum
1642 4771 1725 4816 est
1750 4779 1763 4816 :
1790 4778 1887 4833 per
1910 4765 2081 4835 ipsunt

520 4854 696 4908 omnis
724 4854 1021 4916 stabilitas,
1052 4868 1146 4922 per
1177 4854 1346 4923 ipsum
1390 4869 1547 4908 omne
1573 4853 1684 4923 jus.
1722 4853 1922 4909 Christi
1954 4857 2082 4911 ﬁdes

524 4944 642 4997 sine
669 4945 934 5011 principio
965 4958 1031 4996 cx
1070 4944 1183 5010 ipso
1214 4954 1316 4997 est.
1358 4945 1589 4997 Omnino
1626 4953 1803 4997 autem
1832 4944 2084 5000 Christus

522 5031 617 5086 Dei
643 5031 727 5086 lex
759 5042 862 5093 est,
897 5048 990 5101 per
1033 5032 1205 5101 ipsum
1236 5035 1651 5088 innuensitatem
1682 5046 1735 5088 et
1768 5035 2082 5090 inﬁnitatem

524 5122 752 5177 habens.
785 5123 891 5177 Sed
926 5122 994 5177 de
1024 5120 1107 5176 his
1147 5137 1213 5177 ex
1256 5134 1306 5177 te
1348 5138 1565 5193 quoque
1607 5124 1821 5194 ingenio
1848 5126 2085 5195 cogitare

521 5212 742 5268 videris.
795 5211 840 5267 Ο
888 5211 1122 5267 furorem
1181 5214 1468 5281 insignem!
1521 5214 1792 5269 Converte
1839 5230 1981 5270 nunc
2031 5217 2081 5269 in

526 5314 673 5357 tuum
708 5304 875 5373 ipsius
896 5304 1118 5359 exitium
1151 5302 1345 5358 diaboli
1375 5303 1633 5370 gladium.
1659 5303 1845 5360 Videte
1873 5319 2080 5370 omnes,

526 5396 731 5459 videte,
783 5408 842 5451 ut
887 5395 1261 5451 lamentabiles
1324 5397 1620 5464 przetendat
1670 5410 1831 5451 voces
1885 5397 2083 5465 viperae

526 5502 707 5541 morsu
736 5488 923 5551 lrcsus,
955 5500 1013 5541 ιιι
1042 5502 1189 5542 vente
1228 5487 1394 5557 ipsius
1435 5496 1488 5542 et
1520 5502 1715 5543 carnes
1746 5502 1952 5543 veneno
1985 5491 2084 5541 im-

526 5577 668 5632 buta:
712 5579 934 5632 acerbos
980 5577 1155 5632 cieant
1203 5577 1477 5631 cruciatus
1520 5594 1534 5630 :
1588 5587 1645 5631 ut
1674 5592 1870 5646 corpus
1920 5577 2085 5646 ipsius

527 5666 648 5719 tabe
676 5667 890 5722 deﬂuxit
928 5678 1261 5723 attenuatum
1284 5708 1300 5736 ,
1337 5677 1391 5723 et
1422 5668 1692 5739 squalore,
1725 5670 1994 5734 sordibus,
2029 5676 2085 5723 et

521 5755 944 5826 lamentatione,
970 5769 1021 5813 ct
1047 5760 1268 5829 pallore,
1300 5769 1354 5816 et
1386 5762 1629 5826 horrore,
1664 5771 1719 5816 et
1748 5760 1894 5816 mille
1929 5760 2081 5816 deni-

2187 4581 2585 4651 ἀποφαίνεσθαι
2613 4582 2708 4633 καὶ
2734 4580 3045 4651 διαρθροῦν,
3074 4581 3168 4634 καὶ
3188 4581 3324 4643 ὅλως
3352 4581 3415 4634 τὸ
3440 4582 3751 4651 τέρπεσθαι,

2187 4673 2251 4725 τὸ
2273 4672 2456 4741 γελᾷν,
2482 4671 2542 4723 τὸ
2568 4671 2874 4725 λυπεῖσθαι.
2907 4670 2970 4722 Τί
2998 4670 3176 4723 τοίνυν
3200 4669 3325 4742 φὴς,
3354 4665 3400 4724 ὦ
3427 4671 3535 4724 τῶν
3559 4670 3753 4724 ἀθλίων

2186 4761 2521 4832 ἀθλιώτερε;
2581 4759 2651 4814 Ὦ
2706 4764 2805 4831 τῆς
2862 4759 3060 4823 κακίας
3108 4761 3434 4831 αὐτόχρημα
3491 4762 3750 4832 μήστωρ.

2188 4854 2344 4917 σύνες
2388 4853 2473 4923 δὴ,
2497 4855 2545 4905 εί
2589 4853 2833 4916 δύνασαι,
2867 4852 2940 4916 ὡς
2972 4853 3031 4905 ἐν
3060 4854 3198 4922 αὐτῇ
3223 4852 3287 4918 γέ
3314 4869 3406 4906 σου
3451 4853 3755 4923 πανουργίᾳ

2189 4946 2461 5016 μοχθηρὸς
2491 4944 2558 4998 ἂν
2587 4943 2874 5015 ἀναλίσκῃ.
2917 4943 2973 4996 '0
3005 4943 3241 5014 Χριστὸς
3263 4984 3278 5009 ,
3311 4942 3444 5013 φησὶ
3464 4982 3478 5004 ,
3508 4942 3578 4995 δι’
3610 4944 3756 5013 ἡμᾶς

2186 5034 2474 5091 πέπονθεν.
2519 5033 2659 5087 Ἀλλ’
2688 5034 2788 5105 ἤδη
2820 5032 3033 5101 φθάσας
3060 5032 3236 5101 ἔγωγε
3264 5028 3438 5099 eho“
3470 5032 3548 5096 ὡς
3576 5034 3755 5103 μορφῇ

2187 5125 2437 5197 σώματος
2463 5123 2766 5193 ἀπεστάλη.
2797 5122 2925 5186 Ναὶ,
2955 5124 3140 5195 φησὶν,
3172 5123 3309 5176 ἀλλὰ
3337 5122 3455 5186 δέος
3493 5121 3570 5193 μὴ
3598 5121 3759 5185 δόξω-

2189 5234 2287 5286 μεν
2322 5216 2460 5270 κατά
2484 5232 2538 5269 τι
2581 5214 2860 5271 ἐλαττοῦν.
2908 5210 3061 5279 Εἶτα,
3082 5207 3128 5267 ὦ
3153 5212 3265 5266 τῶν
3295 5212 3502 5282 θηρίων
3540 5212 3754 5282 μεσίτα,

2184 5306 2355 5361 ταῦτα
2376 5306 2551 5375 λέγων
2582 5307 2643 5359 ού
2679 5305 2847 5378 μαίνῃ
2874 5306 2968 5360 καὶ
2995 5304 3184 5374 σαφῶς
3210 5304 3447 5375 λυττᾷςς
3490 5302 3625 5357 Ἰδοὺ
3650 5302 3755 5371 γάρ

2184 5401 2212 5451 ὀ
2244 5400 2447 5469 κόσμος
2479 5398 2692 5470 μορφὴ,
2722 5400 2897 5452 εῖτουν
2936 5398 3123 5469 σχῆμα
3161 5396 3424 5467 τυγχάνει
3461 5394 3558 5448 ῶνο
3584 5393 3684 5447 καὶ
3705 5394 3757 5445 oi

2185 5488 2412 5557 ἀστέρες
2447 5503 2510 5553 γε
2541 5487 2899 5558 χαρακτῆρας
2930 5485 3363 5557 προϐέϐληνταν
3392 5484 3490 5538 καὶ
3527 5482 3667 5545 ὅλως
3697 5481 3758 5534 τὸ

2186 5578 2404 5647 πνεῦμα
2430 5577 2523 5630 τοῦ
2558 5577 2931 5647 σφαιροειδοῦς
2966 5578 3157 5630 τούτου
3191 5576 3425 5641 κύκλου,
3469 5570 3614 5637 εἶδος
3647 5573 3757 5626 τῶν

2184 5673 2352 5726 ὄντων
2376 5671 2633 5740 τυγχάνει
2666 5671 2725 5723 ὃν
2744 5709 2760 5734 ,
2804 5673 2897 5725 καὶ
2927 5670 3115 5742 ὥσπερ
3145 5670 3438 5740 μόρφωμα.
3474 5668 3583 5721 Καὶ
3606 5667 3757 5735 ὅμως

2184 5763 2211 5815 ὁ
2252 5760 2382 5825 Θεὸς
2412 5760 2687 5831 πανταχοῦ
2725 5760 2976 5832 πάρεστι.
3014 5760 3122 5814 Ποῦ
3171 5760 3351 5813 τοίνυν
3389 5758 3529 5811 είσὶν
3577 5753 3758 5825 ἐνιτῷ
