4038 6148
331 289 470 353 i353

1214 269 1580 340 HISTORIA
1613 277 1948 338 CONCILII
1987 277 2290 340 NlCtﬁNI.
2329 305 2396 316 ·--
2431 281 2577 342 LIB.
2617 279 2700 343 II.

3446 277 3580 352 155i

328 399 452 469 ε)εῷ
490 397 547 450 αἱ
597 393 819 464 ὓερειςς
860 395 894 462 ἢ
937 388 1080 445 κατά
1116 388 1166 442 τί
1207 390 1234 440 ό
1268 387 1400 449 Θεὸς
1446 383 1797 448 ὲλαττοῦταις
1842 381 1912 437 Ὦ

2022 402 2118 455 une
2159 387 2315 443 malis
2359 388 2572 458 plenum
2614 392 2812 446 misere
2839 393 3054 450 exaruit
3091 411 3105 448 :
3141 405 3198 449 ut
3229 405 3452 466 aspectu
3485 409 3579 459 de-

332 487 667 562 πατροκτόνε
707 489 807 556 τῆς
844 481 1142 542 ἐπιεικείας
1189 477 1292 532 otii
1342 475 1572 546 Λόγισαι
1600 474 1666 544 δὴ
1709 474 1801 529 οὖν
1845 477 1910 528 ἐκ

333 573 537 637 σαυτοῦ
557 577 1018 650 τεκμαιρόμενος,
1040 572 1135 626 καὶ
1151 569 1512 640 ἐνθυμήθητι,
1539 568 1586 620 εί
1608 568 1914 638 ἁμάρτημα

331 671 656 738 εἶναιδοκεῖ,
679 671 740 724 τὸ
761 671 818 722 έν
845 662 1069 738 Χριστῷ
1093 664 1350 734 παρεῖναι
1372 661 1461 713 τὸν
1488 659 1641 712 Θεόν.
1676 659 1914 722 Ἐκεῖνος

332 766 436 840 μὲν
466 754 562 821 οὖν
602 761 816 818 κατεῖδε
846 760 946 832 τὴν
978 757 1204 827 ἀτιμίαν
1233 754 1329 808 τοῦ
1360 753 1546 822 λόγου⁸
1567 753 1660 806 καὶ
1698 751 1796 823 τὴν
1829 767 1913 804 τι·

247 879 263 894 ί
335 857 550 930 μωρίαν
577 855 640 908 οὐ
675 852 918 924 βραδέως
944 849 1216 917 ἐπήγαγε.
1255 845 1438 918 Χωρὶς
1473 843 1530 896 δὲ
1559 842 1764 897 τούτων
1792 841 1912 895 καθ’

333 944 572 1018 ἑκάστην
596 943 868 1016 δήπουθεν
889 940 1106 1012 ἡμέραν
1132 937 1510 1008 ἁμαρτήματα
1539 937 1596 988 ἐν
1621 935 1701 1006 τῷ
1723 934 1915 1004 κόσμῳ

333 1043 564 1110 γίνεται’
597 1039 692 1091 καὶ
715 1037 864 1106 ὅμως
895 1035 923 1086 ὁ
950 1030 1082 1094 Θεὸς
1112 1030 1375 1100 πάρεστι,
1404 1028 1498 1081 καὶ
1529 1026 1598 1080 τά
1625 1026 1725 1094 τῆς
1757 1024 1914 1093 δίκης

333 1131 434 1200 οὐχ
475 1126 769 1198 ὑστερίζει.
805 1124 870 1176 Τί
899 1121 992 1176 οῦν
1023 1121 1166 1174 κατὰ
1205 1117 1365 1172 τοῦτο
1397 1115 1824 1216 ἐλαττοῦταιυείς
1855 1115 1916 1168 τὸ

338 1219 570 1293 μέγεθος
599 1218 700 1286 τῆς
729 1211 895 1269 αὐτοῦ
922 1211 1246 1306 δυνάμεως..
1280 1209 1328 1262 εί
1349 1207 1434 1306 .τά
1466 1205 1744 1306 πανταχοῦ
1776 1205 1916 1306 δια-ι-

337 1313 624 1375 σθάνεται;
649 1306 838 1371 Οὐδὲν,
863 1299 1041 1374 οἶμαι.
1085 1302 1146 1355 Ὀ
1173 1300 1272 1372 μὲν
1302 1299 1410 1371 γὰρ
1436 1297 1528 1351 τοῦ
1555 1299 1762 1368 κόσμου
1793 1297 1917 1360 νοῦς

333 1404 422 1459 διὰ
445 1403 539 1457 τοῦ
558 1397 717 1455 Θεοῦ·
743 1387 810 1452 δι’
835 1394 1003 1451 αὑτοῦ
1033 1395 1184 1447 πᾶσα
1206 1387 1458 1463 διαμονὴ,
1485 1390 1552 1444 δι’
1575 1387 1740 1444 αὐτοῦ
1768 1389 1916 1440 πᾶσα

335 1497 462 1568 δίκη
486 1514 498 1525 ·
534 1498 569 1566 ἡ
603 1494 661 1548 δὲ
697 1476 794 1546 τοῦ
837 1475 1077 1562 Χριστοῦ
1118 1487 1302 1548 πίστις
1344 1485 1595 1556 ἀνάρχως
1627 1481 1688 1550 ἐξ
1726 1478 1914 1534 αὐτοῦ.

337 1589 517 1651 Ὅλως
543 1587 598 1639 δὲ
627 1583 762 1638 Θεοῦ
793 1583 956 1652 νόμος
980 1579 1096 1634 ἐστὶ
1117 1577 1376 1648 Χριστὸς,
1397 1575 1466 1628 δι’
1491 1572 1657 1628 αὐτοῦ
1678 1572 1738 1626 τὸ
1759 1573 1918 1627 ἄπει-

339 1698 434 1753 ρον
465 1683 580 1750 ἃμα
612 1678 708 1732 καὶ
744 1673 1104 1743 ἀτελεύτητον
1143 1669 1302 1742 ἔχων.
1349 1666 1512 1720 Ἀλλὰ
1538 1666 1649 1736 γὰρ
1683 1666 1747 1718 σὺ
1775 1665 1915 1718 κατά

337 1738 566 1826 σεαυτὸν
589 1767 784 1822 ὲννοῶν
811 1738 1014 1838 φαίνῃξ
1043 1764 1107 1816 Ὢ
1129 1738 1229 1834 της
1261 1761 1458 1832 μανίας
1483 1759 1606 1812 λίαν
1627 1758 1642 1810 l
1667 1755 1918 1826 περίτρε-
1949 1738 1990 1793 Β

335 1855 438 1935 ᾦον
479 1861 576 1916 νῦν
607 1861 689 1923 είς
728 1861 828 1930 τὴν
879 1837 1082 1911 σαυτοῦ
1127 1851 1406 1908 ἀπώλειαν
1443 1851 1504 1904 τὸ
1547 1837 1642 1903 τοῦ
1670 1847 1918 1952 διαϐόλου

335 1956 512 2028 ξίφος.
577 1953 772 2024 Ὁρᾶτε
823 1950 909 2020 δὴ,
962 1949 1126 2020 ὁρᾶτε
1171 1945 1410 2007 πάντες,
1467 1941 1542 2004 ὡς
1569 1940 1768 2012 γοερὰς
1819 1939 1918 2008 ἢδη

339 2045 662 2118 προΐσχεται
693 2042 877 2110 φωνὰς
896 2079 912 2105 ,
951 2038 1028 2108 τῷ
1055 2037 1151 2090 τοῦ
1187 2034 1357 2106 ἔχεως
1383 2031 1748 2102 ὲνεσγημένος
1784 2029 1920 2106 δήγ-

342 2152 500 2208 ματι*
526 2136 602 2198 ὡς
623 2135 678 2188 αἱ
697 2131 892 2201 φλέϐες
917 2127 1082 2184 αὐτοῦ
1112 2129 1208 2182 καὶ
1236 2128 1440 2227 σάρκες
1466 2125 1543 2195 τῷ
1665 2127 1919 2227 ξκγιατει-

337 2228 404 2299 λη
414 2227 643 2298 μμὲναι,
667 2224 845 2287 δεινὰς
868 2220 1296 2294 ἀναμιγνύουσιν
1325 2217 1539 2279 ὀδύνας·
1561 2215 1638 2279 ὼς
1665 2215 1920 2286 διερρύη-

341 2336 436 2372 κεν
461 2317 622 2372 αὑτοῦ
647 2317 708 2370 τὸ
743 2316 903 2385 σῶμα
929 2315 1060 2378 πᾶν,
1094 2309 1308 2382 αύχμοῦ
1335 2327 1393 2362 τε
1427 2310 1519 2364 καὶ
1553 2309 1787 2382 θρήνων,
1829 2309 1922 2362 καὶ

338 2410 691 2481 ὠχριάσεως,
720 2405 819 2460 καὶ
852 2405 1090 2476 φρίκης,
1125 2402 1222 2456 καὶ
1258 2400 1470 2470 μυρίων
1512 2399 1676 2468 γέμει
1712 2399 1918 2464 κακῶν,

340 2503 436 2558 καὶ
468 2502 660 2567 δεινῶς
691 2499 1066 2569 κατέσκληκεν
1087 2513 1101 2527 ·
1136 2495 1212 2559 ὡς
1245 2492 1484 2563 εἰδεχθὲς
1516 2492 1612 2546 καὶ
1639 2493 1920 2564 κατάρρυ-

340 2611 442 2648 πον
493 2594 555 2646 τὸ
609 2593 708 2662 τῆς
757 2591 935 2661 κόμης
978 2588 1175 2651 δάσος,
1211 2585 1286 2647 ὡς
1335 2583 1452 2646 ὅλος
1504 2580 1780 2652 ἡμιθνὴς,
1825 2580 1922 2633 καὶ

339 2674 776 2755 ἑξασθενῶνήδη
809 2685 870 2737 τὸ
895 2682 1132 2753 βλέμμα·
1165 2679 1238 2742 ὠς
1269 2677 1498 2748 ἄναιμον
1519 2676 1582 2729 τὸ
1606 2675 1917 2746 πρόσωπον,

337 2781 436 2832 καὶ
467 2778 572 2830 ὑπὸ
603 2776 877 2846 μερίμνης
905 2771 1196 2842 ὲκτετηκός
1217 2788 1228 2800 ·
1248 2771 1322 2834 ὡς
1347 2767 1484 2840 ὁμοῦ
1514 2767 1693 2822 πάντα
1717 2769 1797 2830 εἰς
1821 2766 1919 2818 αύ-

339 2869 433 2920 τὸν
465 2865 856 2936 συνδραμόντα,
883 2862 1119 2935 οἶστρος,
1157 2861 1324 2932 μανία
1370 2878 1430 2915 τε
1460 2859 1557 2916 καὶ
1590 2861 1920 2932 ματαιότης,

339 2954 431 3012 διὰ
456 2959 516 3010 τὸ
541 2957 756 3028 χρόνιον
782 2956 876 3010 τοῦ
907 2955 1136 3018 πάθους,
1169 2953 1362 3025 ἄγριόν
1381 2971 1441 3007 τε
1471 2951 1568 3007 καὶ
1589 2951 1832 3022 θηριώδη
1861 2967 1919 3002 σε

2009 479 2221 545 ferinis,
2257 490 2312 534 et
2354 481 2534 536 illuvie
2568 483 2784 538 sordida
2810 483 3124 556 capillorum
3160 489 3318 557 silva,
3356 501 3415 546 ut
3439 501 3582 550 totus

2013 569 2396 624 semimortuus
2417 610 2432 634 ,
2478 580 2532 626 et
2563 581 2780 641 aspectu
2810 573 2930 644 ipso
2967 575 3077 645 jam
3114 576 3365 648 languido
3386 621 3402 648 ,
3433 583 3580 636 vultu

2015 663 2274 732 exsangui
2301 671 2357 716 et
2385 665 2533 718 euris
2574 664 2860 735 absumpto
2897 683 2911 720 :
2955 677 3012 722 ut
3041 669 3202 723 simul
3241 675 3424 728 omnia
3463 689 3584 744 quae

2014 763 2431 816 concurrerunt,
2471 751 2647 819 furor,
2673 753 2903 822 insania,
2935 759 3171 826 vanitas,
3205 772 3427 832 propter
3454 768 3582 820 mali

2014 843 2426 898 diuturnitatem
2456 855 2727 915 agrestem
2773 858 2828 903 et
2871 848 3043 905 ferum
3093 853 3462 912 reddiderunt.
3507 857 3584 914 Ne

2014 937 2180 990 sentit
2217 936 2438 1005 quidem
2467 938 2668 1008 quibus
2710 941 2784 994 sit
2816 941 2870 994 in
2901 941 3076 998 malis.
3112 943 3342 1012 Eﬂ‘eror,
3383 949 3580 1018 inquit,
3641 991 3671 996 .-

2014 1041 2126 1096 pra:
2175 1027 2471 1095 voluptate,
2519 1039 2573 1082 et
2627 1030 2884 1098 tripudio,
2933 1033 3182 1103 saltuque
3217 1037 3444 1094 lascivio
3477 1057 3588 1111 pra:

2016 1115 2248 1186 gaudio,
2300 1126 2356 1171 et
2405 1117 2636 1172 exsulto.
2685 1119 2754 1174 Et
2807 1137 3020 1177 rursum
3055 1124 3206 1180 valde
3227 1127 3585 1196 iuveniliter:

2019 1206 2154 1272 lleu,
2181 1207 2374 1276 inquit.
2396 1209 2677 1278 periimus.
2704 1209 2818 1266 Hoc
2844 1215 3062 1282 quidem
3086 1229 3234 1273 certe
3254 1234 3441 1276 verum
3461 1233 3587 1280 est:

2019 1298 2114 1352 tibi
2149 1299 2295 1352 enim
2328 1300 2429 1354 soli
2463 1300 2672 1357 malitia
2702 1302 2926 1373 largiter
2965 1307 3142 1362 studia
3173 1318 3228 1364 et
3263 1326 3478 1370 amores
3506 1317 3590 1372 sui

2016 1390 2424 1458 suppeditavit:
2471 1395 2726 1464 quodque
2759 1410 2952 1468 magno
2998 1403 3174 1468 pretio
3202 1417 3448 1472 emerat,
3492 1409 3587 1464 tibi

2021 1478 2274 1537 facillime
2306 1481 2554 1548 donarit.
2579 1485 2694 1555 Age
2726 1499 2854 1542 vero
2893 1487 3008 1557 jam
3049 1493 3136 1548 die
3159 1535 3173 1561 ,
3207 1496 3296 1552 ubi
3328 1499 3589 1568 prazclara

2020 1569 2108 1624 illa
2137 1580 2224 1625 tua
2257 1572 2496 1626 monita?
2524 1572 2696 1630 Ablue
2718 1577 2948 1646 teipsum
2978 1577 3119 1648 Nilo,
3159 1584 3202 1636 si
3233 1585 3350 1642 ﬁeri
3385 1599 3591 1656 potest,

2020 1663 2181 1718 homo
2217 1664 2439 1718 absurdi
2475 1665 2716 1734 stuporis
2745 1667 3059 1736 plenissime
3097 1691 3110 1726 :
3143 1675 3344 1746 quippe
3374 1680 3592 1736 univerv

2021 1768 2138 1807 sum
2165 1751 2354 1808 orbem
2387 1763 2651 1809 terrarum
2683 1755 2904 1827 ﬂagitiis
2948 1761 3054 1815 tuis
3089 1767 3412 1831 perturbare
3441 1770 3592 1824 omni

2021 1845 2200 1902 studio
2241 1847 2586 1902 contendisti.
2615 1847 2807 1906 Nonne
2837 1850 3096 1925 intelligis
3137 1859 3280 1927 quod
3309 1874 3412 1931 ego
3437 1862 3546 1930 iam
3568 1905 3590 1933 ,

2020 1937 2110 2004 qui
2145 1934 2239 1990 Dei
2270 1939 2430 1992 homo
2464 1953 2606 2006 sum,
2638 1939 2818 1995 omnia
2852 1943 3062 1999 sciam?
3099 1947 3169 2001 At
3195 1963 3322 2004 vero
3347 1949 3461 2020 jam
3491 1953 3591 2008 du-

2023 2029 2134 2085 bito
2163 2039 2342 2084 utrum
2384 2044 2606 2087 manere
2631 2047 2698 2088 an
2729 2035 2882 2090 abire
2925 2047 3210 2108 oporteat;
3248 2058 3421 2112 neque
3445 2045 3589 2100 enim

2020 2120 2198 2175 adhuc
2223 2122 2339 2176 visu
2365 2132 2570 2176 tantum
2601 2127 2930 2183 contendere
2956 2144 3196 2198 possmn,
3226 2143 3278 2188 et
3311 2137 3587 2202 peccatum

2020 2213 2304 2278 erubesco,
2340 2227 2374 2268 0
2402 2213 2494 2266 Ari
2535 2231 2549 2268 :
2599 2229 2698 2270 nos
2747 2217 2798 2270 in
2839 2218 2957 2274 luce
2991 2222 3307 2290 collocasti,
3357 2226 3591 2294 teipsum

2023 2317 2150 2355 vero
2192 2303 2247 2357 in
2283 2305 2530 2360 tenebras
2561 2307 2864 2378 conjecisti,
2895 2311 3097 2378 miser;
3124 2313 3212 2368 hic
3250 2315 3396 2370 enim
3443 2319 3593 2374 visus

2019 2405 2101 2448 est
2131 2394 2374 2451 laborum
2403 2405 2617 2453 tttorum
2644 2400 2844 2455 exitus.
2881 2401 2988 2458 Sed
3020 2403 3144 2460 illuc
3181 2407 3376 2462 iterum
3409 2411 3596 2467 redeo.

2021 2486 2418 2544 Multitudinem
2443 2491 2720 2546 hominum
2747 2493 2894 2549 circa
2921 2505 2972 2550 te
3001 2501 3312 2567 vagantium
3339 2517 3460 2558 esse
3490 2503 3588 2557 ais.

2019 2577 2126 2632 Par
2169 2590 2275 2645 est,
2322 2581 2518 2651 opinor
2551 2601 2565 2636 :
2599 2593 2654 2637 et
2691 2586 2873 2656 recipe
2919 2602 3035 2652 eos,
3081 2591 3281 2660 recipe,
3317 2593 3538 2663 inquam
3574 2614 3589 2650 :

2021 2686 2143 2724 nam
2183 2670 2319 2738 lupis
2369 2681 2424 2727 et
2477 2673 2725 2730 leonibus
2768 2691 2889 2732 sese
2942 2681 3284 2737 devorandos
3342 2685 3593 2754 praebue-

2021 2773 2164 2816 runt.
2192 2761 2555 2821 Verumetiam
2597 2767 2790 2823 horum
2856 2774 3224 2843 unusquisque
3257 2775 3370 2847 (3‘2)
3405 2777 3591 2833 decem

2020 2855 2253 2924 capitum
2319 2860 2662 2925 accessione,
2720 2871 2776 2917 et
2834 2864 3028 2919 horum
3085 2881 3302 2938 sumptu
3371 2887 3594 2941 oppres-

2021 2963 2112 3002 sus
2169 2949 2430 3006 continuo
2489 2965 2680 3020 poenas
2732 2955 2901 3020 dabit,
2937 2957 3040 3011 nisi
3093 2974 3256 3028 quam
3313 2961 3598 3019 celerrime

341 3050 736 3118 πεποιήκασιν.
798 3048 1010 3103 Αὐτίκα
1061 3047 1182 3100 οὐδὲ
1231 3044 1699 3115 ἐπαισθανόμενος
1745 3037 1807 3097 οὗ
1855 3043 1919 3112 δὴ

2025 3040 2091 3095 ad
2113 3041 2406 3096 salutarem
2433 3043 2730 3100 Ecclesiam
2765 3061 3075 3114 recurrens,
3097 3050 3382 3107 charitatis
3405 3071 3594 3124 pacem

342 3138 516 3194 κακοῦ
543 3141 800 3210 τυγχάνει
823 3131 920 3204 ῶν,
953 3138 1208 3208 Λίρομαι,
1241 3135 1428 3206 φησὶν,
1461 3137 1546 3202 ὑφ’
1573 3133 1786 3205 ἡδονῆς,
1827 3132 1921 3186 καὶ

341 3231 498 3302 πηδῶ
541 3247 604 3299 γε
643 3230 883 3302 σκιρτῶν
916 3229 1034 3284 ὑπὸ·
1064 3229 1273 3299 χαρᾶς,
1312 3227 1407 3280 καὶ
1441 3224 1770 3296 πτεροῦμαι.
1811 3223 1920 3278 Καὶ

345 3324 506 3378 πάλιν
539 3321 804 3384 νεανικῶς
843 3337 908 3389 γε
957 3319 1098 3384 λίαν,
1131 3314 1254 3372 Εἶεν
1279 3358 1294 3382 ,
1341 3315 1528 3387 φησὶν,
1564 3312 1916 3384 ἀπωλόμεθα.

345 3414 514 3468 Τοῦτο
547 3415 646 3486 μέν
665 3431 728 3482 γε
755 3413 850 3466 καὶ
874 3411 1074 3481 ἀληθές
1107 3412 1242 3463 ἐστι·
1275 3410 1360 3462 σοὶ
1379 3409 1487 3478 γὰρ
1519 3407 1664 3477 μόνῳ
1691 3407 1724 3476 ἡ
1752 3405 1920 3458 κακία

343 3507 444 3564 τὶς
479 3507 604 3576 παρ’
631 3504 832 3574 ἑαυτῆς
868 3503 1103 3566 σπουδὰς
1131 3500 1369 3570 δαψιλῶς
1405 3501 1752 3570 κεχορήγηκε
1773 3511 1786 3525 ·
1827 3497 1920 3549 καὶ

343 3600 374 3653 ὃ
403 3597 600 3667 πολλῆς
635 3598 840 3665 ἐώνητο
869 3594 1058 3666 τιμῆς,
1091 3593 1246 3646 τοῦτό
1279 3609 1362 3645 σοι
1389 3593 1563 3663 ῥᾷστα
1599 3589 1917 3656 δεδώρηται.

343 3691 482 3761 Φέρε
516 3690 580 3760 δὴ
613 3690 704 3742 νῦν
741 3687 883 3750 είπὲ,
916 3685 1019 3738 ποῦ
1069 3686 1135 3739 τὰ
1177 3685 1351 3754 σεμνά
1394 3681 1486 3734 σού
1543 3685 1658 3733 ἐστι
1705 3696 1922 3750 παραγ..

345 3782 622 3850 γέλματα;
656 3779 918 3848 ἀπό-νίψαι
945 3777 1010 3848 δὴ
1057 3775 1248 3830 σαυτὸν
1279 3773 1356 3844 τῷ
1381 3773 1578 3842 Νείλῳ,
1611 3774 1660 3824 εἰ
1687 3765 1798 3823 οἷόν
1829 3787 1886 3823 τε
1905 3809 1919 3834 ,

343 3869 391 3928 ῶ
425 3874 626 3927 ἀτόπου
655 3875 842 3942 γέμων
865 3871 1118 3941 ἄνθρωπε
1143 3865 1524 3934 ἀναισθησίας
1551 3865 1740 3918 καίτοι
1772 3862 1834 3916 σύ
1859 3880 1921 3930 γε

342 3965 445 4034 τὴν
473 3964 799 4035 οἰκουμένην
849 3965 1067 4016 ἃπασαν
1102 3963 1214 4022 τοῖς
1248 3957 1412 4012 αὐτοῦ
1453 3956 1764 4026 ἀσεϐήμασι
1807 3954 1920 4006 δια-

344 4055 582 4127 ταράξαι
633 4053 996 4115 ἐσπούδακας.
1043 4046 1190 4123 Ἀρά
1233 4067 1296 4118 γε
1345 4049 1529 4118 συνίης
1580 4049 1656 4111 ὡς
1709 4047 1924 4101 ἅπαντα

345 4147 451 4216 ἤδη
497 4147 525 4198 ὁ
563 4145 657 4198 τοῦ
701 4145 836 4196 Θεοῦ
881 4144 1168 4214 ἄνθρωπος
1221 4141 1331 4210 ἐγὼ
1379 4141 1716 4210 ὲπίσταμαι;
1766 4138 1924 4192 Ἀλλά

342 4239 456 4309 γὰρ
499 4238 688 4308 ἀπορεῖ)
711 4237 999 4306 ,,πότερον
1057 4236 1237 4302 μένειν
1259 4275 1272 4297 ,
1313 4234 1346 4306 ἢ
1390 4233 1611 4286 ἀπιέναι
1648 4232 1766 4284 δεῖ·
1799 4229 1924 4284 οὔτε

341 4334 455 4402 γὰρ
494 4331 710 4400 βλέπειν
734 4331 814 4392 είς
835 4329 1089 4381 τοσοῦτον
1119 4329 1197 4380 ἔτι
1223 4326 1480 4395 δύναμαι,
1509 4325 1604 4376 καὶ
1624 4323 1721 4393 τὴν
1743 4324 1922 4394 ἁμαρο

2023 3147 2207 3186 amore
2251 3148 2315 3188 ac
2346 3135 2524 3189 studio
2565 3139 2874 3193 concordia:
2911 3140 3192 3209 suscipiat.
3229 3142 3346 3200 Non
3387 3149 3532 3200 enim
3565 3167 3594 3202 a

2025 3233 2075 3277 te
2099 3223 2440 3294 decipiuntur
2461 3227 2690 3296 amplius
2713 3229 2778 3284 de
2797 3231 2935 3284 iitala
2964 3234 3294 3291 conscientia
3320 3239 3593 3296 dantnati:

2024 3329 2198 3383 neque
2242 3313 2485 3372 funditus
2531 3321 2710 3388 perire
2761 3323 3103 3380 sustinebunt
3157 3327 3448 3384 sceleratis
3493 3333 3598 3386 tuis

2023 3407 2414 3475 (tuaestionibus
2467 3410 2726 3481 implicati
2777 3429 2792 3465 :
2832 3413 3116 3470 manifesta
3165 3419 3310 3472 enim
3365 3431 3420 3474 et
3469 3433 3596 3476 nota

2023 3511 2181 3556 erunt
2215 3503 2272 3558 in
2299 3515 2572 3572 posterum
2617 3507 2950 3576 sophismata
2986 3519 3074 3564 tua
3108 3529 3123 3566 :
3160 3527 3260 3569 nec
3291 3514 3406 3584 ipse
3441 3519 3598 3586 quid-

2022 3610 2184 3664 quam
2215 3598 2489 3665 proficies,
2519 3599 2720 3654 frustra
2751 3599 2944 3672 ﬁnges,
2967 3605 3276 3674 aequitatem
3309 3619 3363 3665 et
3390 3627 3599 3668 sermo-

2025 3700 2150 3737 num
2183 3683 2460 3742 lenitatem
2495 3688 2791 3756 simulans,
2824 3703 2878 3748 et
2904 3696 3288 3764 simplicitatis,
3327 3711 3386 3754 ut
3414 3703 3484 3758 ita
3521 3706 3600 3758 di-

2025 3791 2168 3841 cam,
2211 3792 2498 3846 personam
2540 3782 2880 3839 extrinsecus
2925 3785 3172 3842 indueus.
3235 3789 3442 3846 Vanum
3493 3797 3601 3850 erit

2025 3881 2188 3920 omne
2218 3869 2508 3922 artiﬁcium
2559 3878 2710 3924 tuum
2753 3889 2768 3925 :
2807 3873 2918 3928 cito
2955 3877 3100 3928 enim
3139 3885 3191 3930 te
3237 3880 3437 3935 veritas
3484 3884 3598 3952 ipsa

2025 3958 2403 4013 circutnstabit
2437 3975 2450 4012 :
2485 3959 2594 4014 cito
2626 3959 2872 4016 ﬂammas
2908 3972 3028 4018 tuas
3075 3966 3272 4022 divinae
3305 3973 3597 4037 potentitn,

2028 4058 2083 4101 ut
2112 4049 2195 4102 sic
2225 4049 2419 4114 dicam,
2461 4051 2634 4106 imber
2670 4053 2990 4123 restinguet.
3015 4055 3175 4125 Atqui
3207 4059 3385 4114 socios
3409 4070 3464 4118 et
3488 4063 3600 4117 sul—

2027 4135 2330 4203 {rogatores
2355 4146 2493 4201 tuos,
2523 4138 2614 4206 qui
2640 4153 2696 4192 se
2713 4138 2824 4208 jam
2843 4142 3108 4199 obnoxios
3131 4145 3299 4200 curiae
3325 4149 3596 4217 fecerunt,

2027 4226 2359 4295 publicorum
2429 4229 2852 4284 ministeriorum
2915 4247 3060 4290 curre
3124 4239 3438 4308 excipient,
3494 4243 3598 4296 nisi

2029 4334 2190 4388 quam
2223 4320 2486 4376 citissime
2521 4320 2786 4392 fugientes
2813 4338 3162 4394 congressum
3195 4337 3366 4396 tuum,
3411 4331 3598 4386 incor-

341 4393 466 4477 τίαν
494 4393 937 4492 έπαισχύνομαι,
971 4412 1016 4471 ὦ
1061 4417 1278 4486 Ἀρειεῐ
1323 4393 1504 4486 Ἦμᾶς
1541 4415 1638 4484 μὲν
1687 4415 1766 4477 εἰς
1807 4393 1920 4481 φῶς

2032 4421 2244 4480 ruptam
2280 4410 2437 4466 ﬁdem
2468 4412 2702 4480 amplexi
2734 4393 2954 4468 fuerint.
2981 4413 3061 4469 Tu
3096 4431 3256 4481 vero,
3282 4420 3364 4472 vir
3400 4419 3598 4486 [ιιι-ιρι),

343 4519 727 4586 κατέστησας,
777 4515 974 4568 σαυτὸν
1021 4513 1077 4566 δὲ
1127 4513 1204 4574 είς
1245 4511 1472 4576 σκότος,
1509 4503 1554 4564 ὧ
1583 4507 1920 4578 ταλαίπωρε,

343 4608 662 4670 κατέϐαλες.
712 4605 881 4659 Τοῦτό
911 4623 991 4658 σοι
1031 4605 1138 4658 τῶν
1177 4605 1354 4656 πόνων
1386 4602 1595 4672 πέφηνε
1641 4599 1700 4653 τὸ
1745 4600 1922 4660 τέλος.

356 4700 498 4752 Ἀλλ’
528 4701 705 4751 ἐκεῖσε
748 4697 908 4750 πάλιν
939 4697 1218 4764 ἐπάνειμι.
1253 4693 1462 4762 Πλῆθος
1491 4689 1630 4745 εἶναι
1666 4694 1790 4762 φὴς,
1816 4690 1923 4742 τῶν

236 4792 257 4810 ‘
343 4793 474 4860 περὶ
499 4790 556 4842 σὲ
585 4789 881 4858 ἀλωμένων
917 4787 1052 4857 (51).
1101 4786 1282 4848 Εἰκὸς,
1325 4781 1476 4855 οἶμαι
1499 4825 1512 4844 ,
1549 4785 1642 4837 καὶ
1673 4784 1830 4852 δέχου
1861 4799 1924 4850 γε

339 4883 585 4946 τούτους,
615 4881 768 4952 δέχου
794 4919 810 4944 ,
849 4880 1020 4950 φημί·
1055 4878 1238 4940 λύκοις
1274 4879 1381 4944 γὰρ
1408 4877 1502 4930 καὶ
1535 4876 1745 4929 λέουσιν
1789 4876 1919 4928 ἐαυ-

339 4975 469 5034 τοῦς
534 4972 990 5042 βρωθησομένους
1048 4965 1397 5022 ἐκδεδώκασι.
1453 4965 1598 5036 Πλὴν
1643 4963 1778 5018 ἀλλά
1826 4963 1922 5016 καὶ

339 5061 552 5116 τούτων
601 5060 833 5125 ἕκαστος
872 5059 1161 5133 προσθήκῃ
1209 5057 1461 5127 κεφαλῶν
1502 5055 1658 5117 δέκα,
1689 5057 1784 5108 καὶ
1831 5071 1922 5104 τε·

342 5156 582 5225 λέσμασι
618 5152 822 5206 τούτων
863 5151 1128 5215 πιεσθεὶς,
1179 5150 1377 5202 αὐτίκα
1409 5146 1474 5217 δὴ
1505 5147 1650 5216 μάλα
1689 5144 1925 5215 ἱδρώσει,

341 5245 442 5298 ἐὰν
480 5244 556 5316 μὴ
587 5245 684 5314 τὴν
715 5245 975 5314 ταχίστην
1006 5243 1098 5294 ἐπὶ
1127 5241 1224 5310 τὴν
1252 5242 1518 5310 σωτήριον
1547 5237 1771 5308 δραμὼν
1811 5237 1930 5289 Ἐκο

341 5339 602 5408 κλησίαν,
647 5337 744 5407 τὴν
801 5337 900 5406 τῆς
937 5336 1156 5403 ἀγάπης
1205 5333 1426 5404 εἰρήνην
1469 5330 1546 5400 τῷ
1583 5329 1792 5400 φίλτρῳ
1833 5332 1932 5398 τῆς

2029 4502 2093 4556 da
2123 4501 2255 4555 mihi
2283 4501 2499 4572 aliquod
2525 4505 2800 4573 specimen
2845 4507 3108 4575 propositi
3148 4510 3247 4573 tui,
3280 4511 3326 4565 si
3368 4511 3462 4566 tibi
3495 4513 3598 4582 ipsi

2029 4594 2170 4658 ﬁdis,
2200 4602 2257 4648 et
2290 4595 2413 4652 ﬁdei
2454 4596 2708 4652 ﬁrmitate
2739 4599 2914 4654 fretus
2950 4615 3030 4664 es,
3065 4615 3128 4656 ac
3153 4617 3340 4670 puram
3373 4605 3594 4658 onmiuo

2029 4685 2198 4741 habes
2227 4689 2634 4743 conscientiam.
2673 4687 2806 4744 Veni
2847 4691 2914 4744 ad
2942 4707 3048 4754 me,
3080 4691 3224 4757 veni,
3255 4693 3496 4762 inquam,
3531 4695 3598 4747 ad

2031 4778 2123 4833 Dei
2169 4781 2440 4835 hominem
2476 4799 2489 4834 :
2527 4781 2689 4836 crede
2720 4785 2862 4851 quod
2902 4783 3424 4852 interrogationibus
3465 4788 3599 4841 meis

2025 4871 2206 4926 cordis
2247 4872 2320 4926 tui
2357 4873 2538 4928 abdita
2573 4875 2864 4930 scrutabor
2895 4893 2908 4928 :
2939 4885 2996 4930 et
3038 4877 3082 4930 si
3116 4877 3246 4944 quid
3281 4878 3507 4932 insania:
3544 4879 3597 4932 in

2025 4975 2074 5016 tc
2101 4963 2339 5018 residere
2375 4964 2642 5027 videatur,
2671 4965 2909 5020 divinam
2941 4967 3172 5036 gratiam
3205 4970 3530 5038 implorans.
3567 4986 3596 5021 ιι

2029 5068 2210 5108 morsu
2243 5060 2295 5106 te
2324 5053 2514 5108 melius
2553 5049 2798 5110 curabo:
2831 5057 2875 5112 si
2913 5072 3041 5112 vero
3084 5069 3262 5113 mente
3303 5075 3430 5112 sana
3481 5073 3600 5112 esse

2027 5146 2316 5210 videberis,
2343 5147 2560 5212 cognito
2583 5147 2635 5199 in
2658 5154 2716 5201 te
2741 5149 2985 5203 veritatis
3014 5149 3237 5213 lumine,
3269 5151 3374 5204 Deo
3397 5151 3601 5218 gratius

2031 5253 2210 5306 again,
2237 5247 2290 5289 et
2317 5237 2446 5290 mihi
2481 5238 2580 5304 ipsi
2623 5239 2840 5306 pietatis
2872 5255 3036 5294 causa
3061 5242 3502 5310 eongratulabor.
3531 5241 3601 5294 Et

2035 5329 2142 5380 alia
2173 5342 2331 5380 manu
2365 5341 2381 5378 :
2414 5326 2552 5382 Deus
2578 5343 2673 5382 vos
2695 5331 2982 5395 custodiat,
3013 5332 3342 5387 charissimi.

339 5429 599 5498 ὁμονοίας
649 5428 1004 5497 ἐπανέληται.
1063 5427 1136 5477 Οὐ
1192 5425 1299 5494 γὰρ
1341 5422 1406 5493 δὴ
1450 5422 1554 5474 ὑπὸ
1605 5420 1696 5474 σοῦ
1741 5420 1927 5474 λοιπὸν
1983 5418 2488 5490 ἐξαπατηθήσονται
2553 5419 2648 5474 ἐπὶ
2689 5422 2903 5492 πονηρᾷ
2951 5422 3258 5492 συνειδήσει
3325 5441 3603 5494 κατεγνωα

420 5608 533 5677 (31)
583 5607 637 5659 In
671 5621 773 5658 ms.
809 5614 997 5657 nostro
1027 5642 1041 5666 ,
1073 5601 1390 5682 ἁλωμένων.
1431 5599 1606 5682 Ηξιιι).
1649 5671 1660 5682 ι

417 5671 532 5751 (52)
564 5676 680 5731 Hoc
717 5685 797 5728 est
823 5712 838 5736 ,
873 5685 1067 5742 praeter
1106 5671 1444 5724 tributariam
1497 5671 1824 5726 iunctionem
1873 5678 1928 5724 et

676 5767 946 5828 PATROL.
990 5767 1104 5825 Gn.
1145 5765 1402 5825 LXXXV
1413 5808 1432 5824 .

2039 5598 2419 5661 (mutationem
2453 5613 2636 5672 Δειιιιιιι
2684 5613 2781 5672 pro
2835 5597 3022 5672 decem
3069 5599 3289 5670 insuper
3337 5603 3604 5672 capitibus

2039 5675 2295 5721 HiiMilUlll
2333 5667 2560 5740 pendent
2592 5668 2806 5736 singuli.
2849 5669 3020 5726 litat».

3217 5762 3287 5822 43
