4038 6148
532 280 680 347 1355
1128 298 1133 303 λ
1804 279 2108 350 GELASII
2147 286 2495 353 CYZICENI
3662 294 3803 367 1356

533 402 743 473 σμένοι,
766 404 874 458 οὐδ’
897 398 1178 473 ἀνέξονται
1197 405 1378 459 τέλεον
1400 400 1718 471 ἀπολέσθαι,
1738 407 1857 467 ταῖς
1882 408 2109 476 μιαραῖς
2147 424 2238 461 σου
2297 407 2590 479 ζητήσεσιν
2651 410 3046 481 ἐμπλακέντες.
3070 414 3223 485 Σαφῆ
3247 414 3342 470 καὶ
3364 415 3623 489 γνώριμα
3645 423 3799 481 πᾶσι.

533 496 669 566 πρὸς
707 496 837 565 γοῦν
868 496 958 551 τὸν
984 499 1111 569 ἑξῆς
1142 496 1331 568 χρόνον
1352 539 1366 550 .
1395 497 1465 550 τά
1495 497 1566 551 σά
1605 501 1716 552 ἐστι
1751 498 2063 568 σοφίσματα
2086 515 2098 529 ο
2142 500 2235 552 καὶ
2272 499 2378 570 μὴν
2407 500 2529 554 οὐδὲ
2568 502 2730 566 αὐτὸς
2800 503 2996 557 ἀνῦσαί
3054 524 3106 558 τι
3170 506 3411 581 δυνήσῃ,
3436 510 3585 564 ἀλλὰ
3622 513 3803 584 μάτην

533 588 845 678 σχηματικῇ
869 626 909 678 ,_
943 586 1255 678 ἐπιείκειαν
1298 603 1358 639 τε
1397 586 1493 642 καὶ
1557 589 1844 678 πραότητα
1903 588 2078 657 λόγων
2137 588 2701 667 καθυποκρινόμενος,
2736 597 2831 649 καὶ
2903 598 3236 669 ἁπλότητος,
3271 601 3346 665 ὼς
3383 603 3594 669 εἰπεῖν,
3629 622 3801 678 προσ-

529 679 730 730 ωπεῖον
782 675 982 742 ἔξωθεν
1010 675 1448 746 περιτιθέμενος.
1471 677 1719 732 Μάταιον
1779 677 1933 731 ἔσται
1957 694 2054 730 σου
2078 681 2137 731 τὸ
2173 680 2294 732 ὅλον
2322 681 2623 754 τέχνασμα⁸
2654 686 2853 740 αὐτίκα
2879 688 2988 759 γάρ
3021 706 3079 742 σε
3109 692 3141 761 ή
3207 692 3438 762 ἀλήθεια
3464 675 3801 767 περιστήσει-

527 784 616 821 ται
639 785 650 798 ·
679 766 878 821 αὐτίκα
912 783 1006 820 σου
1039 766 1138 831 τάς
1168 767 1374 837 φλόγας
1402 771 1431 823 6
1477 769 1576 839 τῆς
1623 769 1773 833 Θείας
1835 770 2139 839 δυνάμεως,
2181 772 2257 835 ὡς
2288 773 2484 839 εἰπεῖν,
2516 773 2722 847 ὄμϐρος
2786 778 3101 834 ἀποσϐέσει.
3142 783 3252 837 Καὶ
3285 786 3387 852 μέν
3420 802 3504 839 τοι
3537 787 3631 840 καὶ
3672 766 3800 852 τοὺς

458 916 479 927 α
527 859 777 931 ἑταίρους
802 860 894 912 καὶ
919 857 1312 930 ὁμογνώμονας
1339 877 1435 913 σου
1457 861 1673 930 ἐνόχους
1690 856 1830 914 εἶναι
1848 863 1914 932 τῇ
1941 859 2105 932 βουλῇ
2144 862 2486 932 γενομένους,
2547 867 2600 918 αί
2624 866 2733 922 τῶν
2796 868 3074 940 δημοσίων
3102 870 3586 942 λειτουργημάτων
3628 893 3800 930 κατα-

528 953 790 1022 λήψονται
821 953 1131 1023 φροντίδες,
1159 954 1255 1008 ἐάν
1282 970 1348 1022 γε
1388 955 1462 1026 μὴ
1503 954 1604 1025 τὴν
1675 956 1939 1026 ταχίστην
1977 957 2351 1026 ἀποφυγόντες
2378 959 2479 1030 τὴν
2514 960 2648 1030 πρὸς
2714 963 2775 1016 σὲ
2817 964 3140 1032 συνουσίαν,
3171 965 3272 1038 τὴν
3297 966 3628 1040 ἀδιάφθορον
3667 972 3801 1025 ἀντ-

520 1043 860 1108 αλλάξωνται
918 1043 1121 1097 πίστιν.
1175 1044 1247 1097 Σὺ
1302 1043 1396 1107 δὲ,
1438 1046 1467 1097 6
1511 1044 1854 1115 σιδηρόφρων
1907 1047 2068 1118 ἀνὴρ,
2137 1045 2339 1118 δεῖγμά
2406 1066 2497 1119 μοι
2563 1051 2654 1116 δὸς
2691 1052 2791 1123 τῆς
2822 1054 2922 1125 σῆς
2954 1058 3358 1129 προαιρέσεως,
3392 1061 3439 1114 εί
3478 1062 3664 1133 σαυτῷ
3704 1081 3801 1116 πι-

524 1134 772 1226 στεύεις,
804 1134 898 1187 καὶ
938 1134 1183 1226 ἔρρωσαι
1236 1133 1316 1205 τῷ
1366 1133 1569 1206 βεϐαίῳ
1606 1137 1707 1206 τῆς
1748 1137 2007 1203 πίστεως,
2073 1141 2168 1194 καὶ
2208 1140 2457 1214 καθαρὰν
2509 1143 2644 1209 ὅλως
2702 1146 2846 1217 ἔχεις
2893 1149 3221 1220 συνείδησιν.
3279 1146 3421 1208 Ἦκε
3467 1155 3604 1226 πρὸς
3661 1156 3799 1226 ἐμὲ,

522 1222 647 1300 ἧκε,
677 1227 845 1297 φημὶ,
879 1225 1015 1297 πρὸς
1040 1224 1178 1279 Θεοῦ
1206 1226 1495 1318 ἄνθρωπον
1513 1241 1528 1256 ⁸
1559 1227 1853 1282 πίστευσον
1880 1229 1957 1293 ὡς
1986 1233 2107 1294 ταῖς
2148 1232 2385 1302 ἐμαυτοῦ
2446 1233 2673 1288 πεύσεσι
2700 1235 3118 1311 διερευνήσομαί
3167 1259 3258 1295 σου
3284 1244 3351 1297 τὰ
3380 1222 3672 1316 ἀπόρρητα
3695 1222 3799 1318 τῆς

522 1318 771 1391 καρδίαςο
803 1318 907 1372 κᾶν
943 1319 1043 1387 μέν
1071 1335 1123 1370 τι
1152 1317 1379 1389 μανικὸν
1405 1321 1605 1374 ἐνεῖναι
1665 1318 1793 1394 δόξῃ
1815 1360 1829 1385 ,
1854 1321 1956 1392 τὴν
2015 1321 2165 1377 θείαν
2203 1325 2675 1395 ἐπικαλεσάμενος
2726 1329 2887 1398 χάριν
2912 1369 2926 1393 ,
2978 1331 3408 1404 παραδήγματός
3468 1352 3528 1388 σε
3577 1336 3799 1390 κάλλιον

527 1413 770 1482 ἰάσομαι.
811 1410 938 1462 Ἐὰν
968 1408 1025 1462 δὲ
1048 1409 1309 1479 ὑγιαίνων
1339 1410 1409 1463 τὰ
1437 1411 1579 1465 κατὰ
1603 1410 1782 1482 ψυχὴν
1808 1415 2005 1484 φανῇς,
2040 1411 2101 1466 τὸ
2137 1414 2237 1485 τῆς
2261 1414 2520 1486 ἀληθείας
2578 1418 2695 1487 φῶς
2756 1420 3038 1487 ἐπιγνοὺς,
3069 1423 3127 1475 ἐν
3157 1424 3240 1474 σοὶ
3261 1424 3356 1477 καὶ
3381 1423 3459 1493 τῷ
3486 1423 3612 1494 Θεῷ
3634 1427 3798 1496 χάριν

524 1505 778 1573 εἵσομαι,
822 1503 918 1556 καὶ
951 1501 1176 1573 ἐμαυτῷ
1240 1501 1342 1571 τῆς
1385 1502 1669 1567 εὐσεϐείας
1736 1504 2170 1576 συνησθήσομαι.
2211 1504 2321 1559 Καὶ
2367 1506 2529 1576 ἄλλῃ
2566 1510 2737 1578 χειρί.
2798 1509 2855 1562 '0
2904 1510 3036 1574 Θεὸς
3077 1510 3223 1581 ὑμᾶς
3260 1513 3603 1583 διαφυλάξοι,
3655 1519 3796 1583 ἀγα·

523 1598 704 1669 πητοί.

528 1724 533 1727 τ
600 1686 700 1741 Per
730 1685 1065 1756 Syncletium
1089 1694 1145 1740 et
1164 1683 1532 1740 Gaudentium
1568 1685 1949 1755 magistrianos
1975 1700 2089 1756 per-

2274 1687 2373 1742 Διά
2436 1688 2771 1762 Συγκλητίου
2831 1693 2924 1745 καὶ
2986 1691 3307 1746 Γαυδεντίου
3378 1699 3795 1769 μαγιστριανῶν

522 1784 629 1836 lnla
664 1792 790 1837 sunt
834 1782 969 1845 haec,
994 1796 1118 1835 cum
1149 1780 1399 1835 Paterios
1442 1779 1727 1848 praefectus
1765 1786 1910 1835 esset
1936 1775 2102 1851 Εεν-

519 1875 623 1944 pti,
661 1885 716 1929 et
744 1873 881 1927 lecta
912 1881 1039 1928 sunt
1068 1873 1119 1926 in
1148 1872 1371 1943 palatio.

804 2008 1004 2064 Contra
1050 2007 1333 2062 Eusebium
1375 2018 1422 2063 et
1472 2006 1514 2062 Τ
1516 2008 1817 2079 heagm’um.

521 2129 897 2187 Constantinus
932 2126 1526 2248 Augustuzcatholicw
1555 2124 1806 2181 Ecclesia
1854 2122 2102 2197 Nicome-

1217 2212 1459 2248 renatum.

1217 2212 1459 2250 renatum.

592 2339 704 2409 (33)
727 2337 927 2394 Omnes
958 2335 1127 2407 probe
1148 2336 1342 2401 nostis,
1373 2333 1572 2389 fratres
1602 2332 1967 2399 dilectissimi,
1994 2330 2096 2387 Do-

520 2434 722 2487 minum
762 2431 927 2484 Deum
969 2429 1177 2484 scilicet
1207 2436 1262 2482 et
1305 2426 1643 2482 Salvatorem
1668 2423 1947 2480 Christum
1991 2423 2096 2478 Pa-

521 2536 658 2580 trem
697 2531 752 2577 et
776 2520 972 2574 Filium
1004 2533 1126 2575 esse
1159 2536 1173 2573 :
1204 2516 1421 2572 Patrem
1466 2518 1610 2580 dico.
1640 2515 1758 2571 sine
1805 2515 2093 2586 principio,

516 2617 634 2673 sine
665 2614 790 2679 line,
817 2623 1093 2682 parentem
1129 2610 1308 2667 saeculi
1343 2609 1542 2680 ipsius;
1572 2606 1767 2664 Filium
1815 2622 1967 2675 vero,
1996 2609 2096 2662 hoc

517 2719 599 2765 est
622 2707 803 2762 Patris
837 2705 1194 2769 voluntatem,
1222 2717 1342 2774 quae
1372 2702 1591 2772 quidem
1621 2714 1797 2770 neque
1825 2714 1919 2769 per
1949 2698 2095 2769 cogi-

518 2802 779 2856 tationem
809 2799 1047 2868 aliquam
1080 2804 1355 2866 assumpta
1400 2802 1503 2858 est,
1546 2806 1722 2864 neque
1762 2794 1829 2846 ad
1869 2805 2094 2860 operum

517 2908 738 2951 suorum
785 2890 1174 2963 perfectionem
1217 2903 1315 2958 per
1343 2886 1705 2943 substantiam
1752 2885 2096 2939 extrinsecus

515 2987 797 3057 quaesitam
828 2993 1071 3055 accepta.
1095 2982 1198 3049 Qui
1226 2981 1371 3037 enim
1408 2981 1512 3035 hoc
1550 2977 1833 3050 intelliget,
1866 2979 1956 3034 hic
2000 2979 2097 3033 ha-

2204 1781 2471 1852 ἐκομίσθη
2509 1783 2602 1835 καὶ
2642 1783 2840 1849 ταῦτα,
2869 1783 2959 1836 ὅτε
2997 1783 3265 1856 Πατέριος
3306 1781 3375 1856 ἦν
3415 1786 3661 1859 ἔπαρχος
3702 1792 3796 1843 Ai-

2203 1871 2436 1940 γύπτου,
2463 1873 2558 1927 καὶ
2588 1874 2904 1947 ἀνεγνώσθη
2933 1877 2991 1928 ὲν
3019 1876 3096 1947 τῷ
3127 1877 3399 1948 παλατίῳ.

2522 2010 2685 2064 Κατὰ
2709 2012 3007 2068 Εὐσεϐίου
3026 2013 3124 2066 καὶ
3156 2015 3460 2084 ϐεργκ-(ου.

2202 2123 2658 2190 Κωνσταντῖνος
2682 2124 2982 2191 Σεϐαστὸς
3026 2122 3101 2194 τῇ
3126 2123 3422 2193 καθολικῇ
3455 2126 3786 2195 Ἐκκλησία
3837 2147 3841 2150 ν

2791 2196 3194 2265 Νικομηδέων.

2276 2328 2378 2380 Τὸν
2418 2327 2696 2399 Δεσπότην
2742 2327 2876 2381 Θεὸν
2904 2327 3105 2400 δηλαδὴ
3143 2329 3237 2384 καὶ
3277 2301 3507 2402 Σωτῆρα
3552 2332 3785 2404 Χριστὸν

2198 2419 2444 2492 ἀκριϐῶς
2484 2419 2725 2484 ἅπαντες
2771 2421 2921 2487 ίστε,
2954 2421 3232 2493 ἀγαπητοὶ
3278 2422 3527 2493 ἀδελφοὶ,
3567 2425 3781 2496 Πατέρα

2194 2526 2255 2563 τε
2287 2510 2381 2562 καὶ⁹
2408 2509 2537 2564 Υίὸν
2566 2506 2727 2564 εἶναι.
2765 2511 2987 2581 Πατέρα
3012 2513 3175 2583 φημὶ,
3220 2512 3460 2585 ἄναρχον
3480 2557 3493 2581 ,
3529 2517 3658 2569 ἄνευ
3696 2517 3779 2569 τέ-

2196 2600 2344 2664 λους,
2369 2601 2532 2669 γονέα
2557 2600 2649 2654 τοῦ
2681 2601 2877 2665 αίῶνος
2899 2602 3087 2655 αὐτοῦ’
3121 2603 3250 2657 Υἰὸν
3271 2603 3348 2669 δὲ,
3373 2604 3523 2659 τοῦτ’
3544 2607 3661 2662 ἐστι
3685 2609 3781 2679 τὴν

2196 2691 2290 2744 τοῦ
2318 2693 2529 2762 [ἰατρὸς
2559 2692 2833 2764 βούλησιν,
2863 2694 2986 2764 ἥτις
3010 2692 3133 2747 οὔτε
3161 2694 3229 2748 δι’
3255 2695 3611 2768 ὲνθυμήσεώς
3639 2716 3777 2763 τινος

2199 2782 2541 2853 ἀνείληπται,
2575 2783 2700 2837 οὔτε
2743 2785 2880 2856 πρὸς
2919 2784 3021 2856 τὴν
3053 2786 3165 2839 τῶν
3197 2785 3380 2857 ἔργων
3422 2789 3588 2843 αὐτοῦ
3628 2790 3771 2844 τελε-

2202 2875 2486 2946 σιουργίαν
2509 2875 2598 2930 διά
2622 2892 2768 2939 τινος
2794 2875 3199 2949 ἐξεζήτημένης
3224 2879 3415 2943 οὐσίας
3440 2879 3767 2952 κατελήφθηε

2208 2967 2304 3029 Ὃς
2332 2967 2441 3042 γαρ
2467 2966 2622 3021 τοῦτο
2652 2968 2749 3020 καὶ
2779 2970 2893 3021 νοεῖ
2922 2968 3019 3020 καὶ
3056 2970 3273 3040 νοήσει,
3303 2964 3458 3035 οὗτος
3500 2972 3603 3036 ἔξει
3633 2972 3761 3042 πρὸς

517 3079 663 3135 Ιιιιὺὶι
697 3078 763 3131 ad
802 3089 965 3132 omne
991 3073 1238 3145 supplicii
1268 3086 1439 3141 genus
1478 3070 1810 3127 indefessam
1851 3070 2089 3126 toleran—

2200 3057 2346 3111 ἅπαν
2377 3060 2651 3130 τιμωρίας
2674 3060 2830 3129 γένος
2851 3061 3135 3132 ἀκάματον
3157 3063 3450 3135 ὑπομονήν.
3487 3062 3635 3116 Ἀλλὰ
3656 3066 3767 3134 γὰρ

518 3175 669 3227 llum.
711 3169 817 3226 Sed
861 3169 955 3225 Dei
1001 3167 1171 3223 Filios
1212 3164 1464 3221 Christus
1493 3164 1735 3218 omnium
1767 3163 1993 3233 opifex,
2044 3173 2097 3216 et

518 3261 943 3319 immortalitatis
979 3259 1147 3329 ipsius
1174 3256 1401 3327 largitor
1435 3255 1650 3326 genitos
1680 3264 1797 3319 est,
1830 3263 2094 3324 quantum

515 3359 583 3409 ad
620 3355 778 3410 [idem
804 3360 1017 3422 spectat
1045 3363 1165 3405 eam
1196 3362 1303 3417 quo
1334 3343 1667 3401 credidimus
1702 3360 1717 3399 :
1752 3344 1964 3413 genitus
1991 3354 2092 3407 est,

518 3446 625 3500 into
656 3460 784 3499 vero
811 3454 1132 3512 progressus
1151 3448 1235 3493 est
1265 3437 1400 3507 ipse,
1430 3449 1556 3489 cum
1586 3434 1809 3489 omnino
1837 3435 1891 3488 in
1932 3432 2095 3489 Patre

517 3545 687 3599 esset,
718 3531 783 3585 ad
825 3543 1014 3584 eorum
1045 3540 1169 3595 quae
1202 3525 1270 3578 ab
1326 3525 1443 3592 ipso
1500 3521 1641 3577 facta
1684 3529 1845 3587 sunt,
1882 3520 2098 3576 ordina-

515 3625 739 3678 tionem.
801 3618 1029 3675 Genitos
1101 3617 1264 3685 igitur
1317 3613 1595 3668 individuo
1667 3614 1901 3685 quodam
1970 3628 2095 3684 pro-

512 3730 690 3771 cesso.
729 3710 987 3766 Voluntas
1012 3709 1154 3764 enim
1202 3707 1365 3762 simul
1406 3715 1570 3775 atque
1598 3704 1876 3761 domicilio
1925 3705 2093 3775 ipsius

517 3806 679 3861 inﬁxa
715 3813 840 3865 est,
905 3812 969 3855 ea
1024 3813 1146 3869 quae
1204 3798 1419 3853 diversa
1474 3796 1721 3867 indigent
1780 3810 1950 3862 cura,
2003 3810 2093 3851 se-

515 3899 747 3953 cundum
807 3891 1232 3962 uniuscujusque
1301 3887 1617 3960 qualitatem
1678 3896 1875 3943 tractat
1932 3898 2092 3957 atque

513 3981 1075 4050 adtninistrat.-Qoid
1127 3981 1290 4052 igitur
1345 3978 1468 4034 est?
1514 3979 1643 4047 quid
1714 3978 1858 4034 inter
1918 3977 2088 4035 Deum

509 4080 727 4137 Patrem
792 4087 849 4134 et
917 4075 1113 4132 Filium
1203 4071 1513 4128 medium?
1580 4070 1716 4126 nihil
1781 4070 1992 4126 scilicet
2072 4088 2086 4125 :

513 4176 625 4243 ipsa
672 4171 818 4225 enim
891 4183 1073 4223 rerum
1141 4164 1434 4235 completio
1501 4162 1811 4230 cognitione
1883 4160 2090 4230 accepit

512 4261 808 4318 voluntatis
875 4260 1160 4331 imperium
1192 4290 1211 4325 ν
1259 4272 1363 4313 non
1437 4256 1653 4326 quidem
1715 4264 1967 4324 separata
2019 4267 2085 4307 ex

511 4355 689 4410 l’atris
731 4353 969 4409 essentia
1019 4350 1354 4407 voluntatem
1398 4349 1689 4417 separavit.
1745 4344 1900 4413 Quod
1957 4360 2085 4401 vero

2201 3151 2229 3202 6
2248 3149 2343 3202 τοῦ
2372 3150 2507 3204 Θεοῦ
2534 3151 2661 3215 Υἱὸς
2682 3153 2918 3224 Χριστὸς
2946 3156 2975 3207 6
2995 3153 3104 3207 τῶν
3140 3155 3400 3209 ἁπάντων
3423 3156 3769 3227 δημιουργὸς,

2200 3240 2423 3311 καὶτῆς
2463 3241 2762 3307 ἀθανασίας
2808 3245 2976 3316 αὐτῆς
3022 3246 3293 3318 χορηγὸς,
3342 3248 3608 3318 ἐγεννήθη
3649 3249 3771 3302 ὅσον

2200 3333 2338 3405 πρὸς
2372 3333 2471 3406 τὴν
2522 3335 2710 3390 πίστιν
2762 3338 2964 3408 ἀνῆκεν
3084 3339 3577 3410 πεπιστεύκαμεν·
3628 3341 3775 3409 ὲγεν-

2200 3428 2358 3497 νήθη,
2389 3426 2590 3497 μᾶλλον
2618 3427 2674 3482 δὲ
2709 3429 2977 3500 προῆλθεν
3002 3430 3183 3495 αὐτὸς,
3217 3433 3311 3485 καὶ
3351 3433 3584 3486 πάντοτε
3613 3435 3670 3486 ὲν
3703 3433 3776 3503 τῷ

2200 3519 2375 3590 Πατρὶ
2409 3519 2505 3585 ὢν,
2538 3522 2629 3574 ἐπὶ
2653 3521 2751 3593 τὴν
2784 3522 2893 3576 τῶν
2922 3523 3015 3576 ὑπ’
3040 3522 3207 3577 αὑτοῦ
3237 3525 3629 3596 γεγενημένων
3665 3526 3775 3580 διαί

2198 3613 2490 3685 κόσμησιν.
2536 3614 2832 3687 Ἐγεννήθη
2859 3615 3038 3669 τοίνυν
3060 3615 3340 3686 ἀμερίστῳ
3371 3617 3718 3687 προελεύσει·
3743 3620 3777 3690 ή

2197 3706 2307 3776 γὰρ
2345 3704 2599 3776 βούλησις
2633 3705 2768 3776 ὁμοῦ
2800 3707 2895 3760 καὶ
2932 3706 3011 3778 τῷ
3045 3706 3339 3779 οίκητηρίῳ
3380 3707 3558 3777 αὐτῆς
3596 3709 3781 3778 ἐμπέ·

2198 3814 2341 3867 πηγε
2363 3836 2377 3863 ,
2412 3798 2509 3851 καὶ
2535 3796 2691 3851 ταῦθ’
2736 3796 2879 3870 ἅπερ
2927 3798 3183 3871 διαφόρου
3215 3797 3389 3850 δέεται
3423 3797 3774 3867 ἐπιμελείας,

2196 3889 2338 3942 κατά
2374 3889 2475 3961 τὴν
2504 3888 2735 3943 ἑκάστου
2772 3890 3033 3961 ποιότητα
3059 3891 3282 3961 πράττει
3319 3905 3377 3943 τε
3417 3890 3513 3943 καὶ
3550 3889 3770 3948 διοικεῖ.

2196 3979 2260 4031 Τί
2286 3974 2379 4033 οὖν
2417 3981 2563 4045 sort;
2589 3978 2642 4031 τί
2679 3979 2883 4049 μεταξὺ
2912 3978 3007 4033 τοῦ
3035 3978 3171 4033 Θεοῦ
3200 3977 3293 4032 τοῦ
3312 3977 3527 4048 Πατρὸς
3561 3979 3657 4032 καὶ⁵
3681 3980 3774 4033 τοῦ

2196 4070 2359 4136 Υἱοῦς
2388 4071 2552 4125 Οὐδὲν
2599 4070 2819 4143 δηλαδή·
2862 4069 2999 4142 αὕτη
3041 4071 3150 4142 γὰρ
3192 4072 3224 4142 ἡ
3271 4069 3380 4124 τῶν
3428 4071 3772 4142 πραγμάτων

2195 4163 2586 4233 συμπλήρωσις
2616 4162 2865 4233 αίσθὴσει
2898 4162 3202 4233 παρείληφε
3233 4162 3294 4216 τὸ
3329 4163 3429 4233 τῆς
3467 4162 3770 4234 βουλήσεως

2192 4255 2545 4324 πρόσταγμα,
2589 4254 2710 4324 οὐχ).
2743 4254 2800 4307 δὲ
2846 4254 3165 4325 μερισθεῖσα
3199 4256 3263 4307 ὲκ
3303 4254 3404 4326 τῆς
3438 4254 3533 4308 τοῦ
3562 4255 3768 4327 Πατρός

2201 4346 2389 4403 οὐσίας
2420 4349 2519 4417 τὴν
2564 4344 2820 4418 βούλησιν
2848 4346 3149 4418 διέστησεν.
3190 4348 3256 4399 ’0
3285 4347 3342 4400 δὲ
3396 4347 3611 4411 τούτοις
3640 4349 3766 4401 ἒπε-

513 4450 578 4500 :ul
647 4447 750 4499 ista
794 4444 1063 4513 sequitur,
1101 4442 1223 4512 quis
1275 4448 1357 4497 est
1413 4439 1505 4510 qui
1566 4437 1852 4494 Dominum
1901 4451 2078 4491 meum

2195 4452 2308 4502 ται,
2342 4438 2426 4501 τίς
2454 4441 2623 4503 ἐστιν,
2659 4438 2718 4502 ὃς
2749 4438 2843 4492 τοῦ
2881 4437 3123 4509 Χριστοῦ
3161 4437 3252 4491 τοῦ
3309 4437 3447 4510 ἐμοῦ
3500 4440 3768 4495 Δεσπότου

510 4542 789 4596 Christum
849 4537 1019 4593 ﬁlium
1090 4532 1394 4590 reverentia
1446 4529 1620 4599 magis
1675 4529 1871 4584 doctus
1923 4543 2083 4598 quam

508 4632 737 4689 stultitia
816 4627 1058 4685 metuit?
1132 4624 1272 4680 Nom
1358 4624 1544 4693 itaque
1620 4621 1820 4691 patitur
1905 4619 2087 4675 Deus?

510 4732 796 4791 postquam
839 4715 1052 4787 augusti
1107 4714 1354 4785 corporis
1409 4711 1672 4766 habitatio
1719 4709 1786 4765 ad
1834 4709 2082 4764 notitiam

508 4814 740 4882 propritc
783 4809 1087 4865 sanctitatis
1118 4812 1413 4876 properat:
1446 4818 1513 4857 an
1547 4801 1692 4857 cadit
1742 4801 1844 4855 sub
1880 4809 2082 4855 tactum

508 4907 656 4958 illum
692 4904 835 4973 quod
888 4908 1201 4969 separatum
1233 4907 1318 4952 est
1348 4911 1378 4950 a
1430 4895 1700 4965 corpore?
1731 4893 1869 4948 Num
1920 4893 2085 4965 igitur

506 4994 780 5066 separavit
810 4993 913 5047 hoc
950 4991 1094 5061 quod
1143 5004 1173 5043 a
1217 4990 1462 5058 corporis
1489 4988 1797 5044 humilitate
1844 4987 2081 5043 ablatum

506 5087 623 5141 est?
658 5101 784 5140 nom
831 5097 960 5138 vero
997 5082 1250 5145 vivimus,
1304 5081 1433 5134 licet
1480 5081 1545 5133 ad
1593 5088 1842 5144 mortem,
1891 5082 2083 5133 animm

505 5177 673 5246 gloria
705 5189 905 5244 corpus
952 5170 1418 5237 asciverit?Quid
1451 5169 1615 5240 igitur
1656 5171 1742 5225 hic
1778 5171 1996 5224 innoxia
2029 5181 2082 5225 et

506 5272 721 5324 sincera
764 5268 899 5323 lides
944 5265 1282 5322 dubitatione
1324 5264 1545 5332 dignum
1592 5261 1855 5317 oll'endit?
1903 5279 2081 5317 nonne

508 5361 656 5415 vides
705 5359 871 5413 Deum
922 5356 1207 5427 augustius
1260 5370 1459 5426 corpus
1509 5356 1763 5425 elegisse,
1800 5371 1906 5426 quo
1956 5356 2076 5409 ﬁdei

503 5446 706 5501 indicia
755 5455 808 5500 et
857 5445 1075 5501 virtutis
1124 5460 1237 5500 sua:
1290 5446 1613 5500 documenta
1678 5447 1840 5499 voluit
1891 5454 2076 5501 osten-

578 5621 693 5687 (53)
741 5622 916 5677 Aliam
959 5623 1264 5678 versionem
1319 5632 1552 5676 veterem
1588 5621 1751 5690 hujus
1794 5621 2070 5690 Episloim,

506 5691 717 5757 qualem
747 5691 1088 5749 Jostiniunus
1126 5694 1339 5749 misisse
1380 5696 1445 5747 ad
1494 5693 1742 5762 \‘igilium
1781 5707 1973 5762 papam
2019 5697 2070 5748 in

2194 4530 2384 4593 παιδὸς
2435 4530 2501 4582 δι’
2536 4530 2668 4587 αἰδῶ
2697 4531 2894 4601 μᾶλλον
2946 4531 2979 4602 ἢ
3018 4531 3230 4602 μωρίαν
3274 4532 3485 4599 δέδιεν;
3526 4529 3652 4604 ’Ἆρ’
3679 4529 3768 4588 οὖν

2192 4624 2391 4694 πάσχει
2446 4624 2505 4677 τὸ
2561 4624 2748 4693 Θεῖον;
2785 4625 3004 4677 ἐπειδὰν
3056 4626 3091 4696 ή
3148 4625 3242 4679 τοῦ
3308 4625 3511 4697 σεμνοῦ
3581 4625 3768 4698 σώμα-

2190 4733 2279 4779 τος
2333 4718 2546 4785 οίκησις
2595 4716 2732 4788 πρὸς
2780 4717 3073 4786 ἐπίγνωσιν
3130 4719 3230 4788 τῆς
3292 4718 3429 4782 ίδίας
3488 4720 3770 4790 ἁγιότητος

2190 4810 2356 4879 ὁρμᾷ,
2389 4808 2421 4878 ἢ
2461 4810 2758 4862 ὑποπίπτει
2793 4808 2930 4874 θίξει
2960 4809 3021 4862 τὸ
3058 4810 3153 4864 τοῦ
3185 4809 3439 4882 σώματος
3471 4815 3772 4884 ὲκκεχωρι-

2191 4903 2420 4971 σμένον;
2457 4895 2583 4970 Ἆρ’
2615 4900 2735 4971 οὐχὶ
2767 4900 3019 4974 διέστηκε
3050 4901 3197 4955 τοῦθ’
3244 4904 3384 4975 ὅπερ
3431 4906 3497 4957 ὲκ
3531 4905 3633 4974 τῆς
3679 4903 3772 4957 τοῦ

2191 4992 2442 5063 σώματος
2488 4993 2767 5064 ἀφῄρηται
2814 4995 3240 5065 ταπεινότητος;
3298 4996 3418 5067 οὐχὶ
3469 4997 3525 5049 δὲ
3567 4998 3774 5068 ζῶμεν,

2190 5086 2294 5139 κᾶν
2344 5085 2481 5156 πρὸς
2527 5085 2755 5140 θάνατον
2801 5087 2834 5157 η
2871 5087 2971 5155 τῆς
3023 5088 3201 5158 ψυχῆς
3239 5086 3464 5141 εὔκλεια
3514 5088 3577 5141 τὺ
3614 5089 3773 5160 σῶμα

2190 5176 2656 5248 προσκαλέσηται;
2704 5176 2770 5229 Τί
2814 5178 2997 5232 τοίνυν
3037 5178 3273 5233 ἐνταῦθα
3326 5180 3360 5251 ή
3413 5179 3665 5252 ἀϐλαϐής
3713 5199 3772 5234 τε

2188 5270 2282 5322 καὶ
2314 5269 2612 5340 εἰλικρινὴς
2654 5268 2837 5335 πίστις
2866 5271 3015 5338 ἄξιον
3050 5272 3381 5343 ἀμφιϐολίας
3410 5275 3771 5345 κατείληφενς

2187 5360 2220 5431 ἢ
2256 5362 2352 5431 οὐχ
2388 5364 2520 5432 ὁρᾷς
2554 5365 2637 5416 ὅτι
2676 5364 3002 5435 σεμνότερον
3050 5344 3211 5436 σῶμα
3241 5368 3269 5419 6
3299 5365 3433 5430 Θεὸς
3464 5344 3773 5435 ἐξελέξατο.

2185 5451 2253 5506 δι’
2283 5447 2342 5505 οὗ
2374 5455 2440 5506 τὰ
2468 5454 2565 5523 τῆς
2602 5455 2838 5520 πίστεως
2881 5457 3161 5527 τεκμήρια
3197 5457 3291 5511 καὶ
3316 5459 3387 5510 τὰ
3427 5458 3530 5529 τῆς
3566 5460 3773 5521 οίκείενς

2184 5627 2340 5750 “Iulo
2364 5628 2581 5699 dicitur,
2604 5630 2871 5691 Duronius
2894 5636 3113 5691 exhibet
3141 5637 3206 5692 ad
3231 5654 3322 5691 an.
3345 5637 3472 5705 539,
3498 5654 3650 5693 num.
3679 5639 3765 5693 12.

2232 5713 2353 5750 Alli).

2232 5713 2353 5752 Αιιυ.
