4038 6148
294 296 427 361 1357

1186 290 1554 354 HISTORIA
1595 292 1933 352 CONClLlI
1974 288 2281 351 ΝΙΕΔΕΝΙ.
2319 315 2390 330 -ο
2433 293 2580 352 LIB.
2620 293 2705 355 II.

3414 291 3436 355 1
3448 293 3554 357 353

287 405 490 476 ἀρετῆς
531 391 908 474 ὑποδείγματα
954 402 1180 474 ἔμελλεν
1218 402 1577 473 ὲμφανίζεινς
1630 401 1726 455 καὶ
1773 402 1873 471 τὴν

1975 403 2144 457 dere?
2173 412 2224 457 et
2245 402 2356 472 jam
2400 400 2684 457 confusum
2714 416 2744 455 a
2776 401 2994 459 diabolo
3025 415 3291 469 errorem,
3330 401 3553 457 humani

282 498 391 568 ⁷ήδη
425 494 840 566 συγκεχυμένην
878 494 1109 565 ὀλεθρίῳ
1148 494 1357 563 πλάνην
1383 493 1478 546 τοῦ
1527 492 1868 563 ἀνθρωπίνου

287 591 480 656 γένους
525 585 804 641 ἀπώλειαν
835 585 1225 651 ἀποσείεσθαι,
1264 584 1460 656 καινήν
1484 601 1543 637 τε
1573 582 1872 656 θρησκείας

287 680 492 733 διδόναι
536 677 890 733 διδασκαλίαν
934 676 1014 748 τῷ
1057 677 1157 746 τῆς
1206 675 1430 744 ἀγνοίας
1474 672 1870 743 ὑποδείγματι,

286 772 387 834 τὰς
424 771 651 836 ἀναξίας
694 771 791 825 τοῦ
828 770 923 824 νοῦ
963 769 1195 840 πράξεις
1232 765 1541 838 καθαίρειν,
1587 764 1783 819 ἔπειτα
1815 764 1872 818 δὲ

287 865 389 932 τὴν
419 863 517 934 μὲν
539 862 631 915 τοῦ
660 863 891 917 θανάτου
920 861 1153 933 βάσανον
1176 860 1412 923 ἐκλύειν,
1436 858 1506 912 τὰ
1527 858 1583 912 δὲ
1611 858 1710 927 τῆς
1742 857 1876 911 ἀθα-

290 955 481 1017 νασίας
514 953 723 1007 ἔπαθλα
762 954 1196 1026 προαναφωνεῖν.
1242 950 1383 1003 Ἀλλ’
1410 951 1569 1020 ὑμεῖς
1592 989 1608 1012 ,
1640 948 1733 1012 οὓς
1764 949 1874 1002 λοι-

291 1046 398 1099 πὸν
440 1044 705 1114 ἀδελφοὺς
735 1044 769 1114 ή
812 1044 913 1113 τῆς
947 1042 1174 1112 ἀγάπης
1207 1042 1465 1096 κοινωνία
1500 1041 1733 1104 εἰκότως
1779 1041 1872 1092 ὐπ’

290 1133 428 1205 ἐμοῦ
463 1131 968 1206 προσαγορεύεσθαι
1012 1133 1188 1196 ποιεῖ,
1233 1131 1334 1184 οὐκ
1371 1129 1617 1198 ἀγνοεῖτέ
1664 1146 1730 1199 με
1779 1129 1873 1182 τὸν

290 1225 557 1294 ὑμέτερον
587 1220 996 1291 συνθεράποντα
1018 1258 1034 1285 ,
1069 1220 1169 1273 οὐκ
1208 1220 1451 1288 ἀγνοεῖτε
1498 1218 1558 1272 τὸ
1593 1218 1694 1289 τῆς
1739 1218 1876 1288 ὐμε-

291 1312 459 1381 τέρας
496 1310 768 1382 σωτηρίας
792 1308 1076 1381 ὀχύρωμα,
1110 1301 1172 1362 οὗ
1211 1309 1313 1379 τὴν
1348 1309 1604 1379 φροντίδα
1635 1309 1874 1379 γνησίως

292 1403 651 1473 ἐπανῄρημαι
676 1443 689 1463 ,
725 1400 821 1455 καὶ
870 1400 939 1454 δι’
974 1394 1038 1454 οὗ
1081 1399 1190 1455 τῶν
1230 1401 1515 1471 ἡμετέρων
1561 1400 1773 1470 ἐχθρῶν
1810 1401 1873 1453 οὐ

296 1494 457 1564 μόνον
493 1496 561 1546 τά
606 1493 748 1546 ὅπλα
790 1491 1315 1563 κατεμαχεσάμεθα,
1363 1490 1500 1544 ἀλλά
1539 1492 1633 1544 καὶ
1664 1491 1875 1555 ζῶντας

289 1586 372 1639 ἔτι
404 1586 503 1657 τὴν
552 1585 732 1656 ψυχὴν
772 1582 1246 1656 συγκατείρξαμεν
1288 1583 1425 1654 πρὸς
1459 1582 1520 1636 τὸ
1551 1585 1651 1655 τῆς
1682 1583 1875 1652 φιλαν-

289 1678 541 1747 θρωπίας
581 1677 760 1748 ἀληθῆ
791 1677 973 1729 πίστιν
1009 1676 1262 1743 ὲκφάναι.
1315 1674 1455 1727 Ἀλλ’
1490 1674 1603 1745 ἐγὼ
1634 1677 1727 1728 ἐπὶ
1762 1676 1875 1739 τοῖς

284 1769 524 1836 ἀγαθοῖς
580 1768 793 1831 τούτοις
843 1768 932 1820 διά
966 1767 1064 1839 τὴν
1108 1768 1208 1837 τῆς
1258 1766 1588 1837 οἰκουμένης
1639 1766 1874 1837 μάλιστα

292 1860 592 1914 ἀνανέωσιν
626 1859 866 1929 ἔχαιρον.
897 1858 1008 1910 Καὶ
1035 1857 1144 1928 γάρ
1173 1856 1453 1927 θαύματος
1474 1852 1543 1927 ἦν
1564 1856 1715 1923 ἀξιον
1744 1857 1876 1928 ἀλη-

284 1950 404 2013 θῶς
454 1949 582 2020 ἔθνη
629 1948 865 2002 τοσαῦτα
912 1950 993 2011 εἰς
1037 1948 1289 2018 ὁμόνοιαν
1339 1950 1665 2016 ἐπαγαγεῖν,
1691 1947 1728 2001 ἃ.
1770 1948 1876 2019 πρὸ

294 2038 525 2109 βραχέος
566 2037 785 2106 ἐλέγετο
819 2037 909 2090 τὸν
944 2037 1078 2090 Θεὸν
1114 2038 1353 2105 ἀγνοεῖν.
1405 2037 1551 2108 Πλὴν
1581 2037 1634 2089 τί
1682 2036 1875 2108 ἔμελλε

288 2128 584 2198 ’γινώσκειν
626 2128 695 2182 τά
742 2129 871 2199 ἔθνη
916 2128 1121 2196 ταῦτα,
1165 2127 1202 2182 ἀ
1235 2129 1492 2199 οὐδεμίαν
1543 2128 1875 2198 φιλονεικίας

289 2219 637 2292 ἐπανῄρηντο
667 2220 961 2291 φροντίδας
997 2220 1060 2273 Τί
1101 2215 1192 2274 οὖν
1223 2224 1398 2275 νοεῖτε
1423 2260 1438 2284 ,
1479 2220 1703 2290 ἀδελφοὶ
1732 2221 1874 2289 ἀγαο

293 2322 476 2390 πητοὶ,
504 2320 581 2382 ὡς
612 2322 758 2391 ἡμᾶς
798 2320 995 2382 αὐτοὺς
1027 2320 1322 2390 αἰτιῶμαι;
1356 2321 1672 2390 Χριστιανοί
1708 2321 1876 2390 ἐσμεν

289 2412 392 2465 καὶ
422 2413 616 2483 οἰκτρᾷ
653 2410 890 2466 διαθέσει
925 2410 1295 2481 διχονοοῦμεν.
1332 2410 1481 2481 Δύτη
1518 2410 1626 2481 ἄρα
1659 2412 1807 2463 ἐστὶν
1840 2412 1874 2481 ἡ

292 2501 540 2570 ἡμετέρα
577 2502 801 2565 πίστις;
836 2499 976 2571 αῦτη
1008 2503 1039 2568 ἠ
1069 2498 1162 2552 τοῦ
1196 2499 1505 2567 ἀγιωτάτου
1536 2500 1701 2570 νόμου
1733 2499 1878 2552 διδα-

296 2592 526 2656 σκαλία;
552 2592 691 2647 ἀλλά
716 2593 797 2656 τίς
841 2594 988 2644 ἐστιν
1014 2590 1185 2655 αἰτία,
1215 2590 1282 2643 δι’
1327 2590 1393 2661 ἢν
1425 2592 1453 2643 ό
1479 2590 1574 2644 τοῦ
1609 2591 1876 2661 παρόντος

290 2685 466 2739 κακοῦ
494 2684 715 2754 ὄλεθρος
746 2685 1137 2755 ὲξεγήγερται;
1172 2684 1237 2736 ’Ὠ
1262 2684 1360 2753 τῆς
1404 2683 1635 2746 ἀτοπίας
1659 2683 1673 2736 1
1701 2681 1746 2734 ὣ
1783 2682 1874 2752 μί-

292 2795 422 2842 σους
455 2776 754 2846 ὑπερϐολὴ,
787 2776 967 2845 πάσης
996 2774 1426 2844 ἀγανακτήσεως
1451 2772 1677 2843 μέγεθος
1703 2773 1872 2842 ὐπερ-

291 2869 567 2922 παίουσαι
601 2867 697 2930 Τίς
731 2869 766 2938 ἡ
798 2866 894 2919 τοῦ
939 2865 1236 2937 λῃστηρίου
1270 2865 1462 2917 τούτου
1495 2862 1873 2931 ἀναπέφανται

288 2961 571 3030 δεινότης;
600 2956 635 3031 ἦ
666 2960 756 3013 τὸν
783 2959 875 3011 τοῦ
903 2958 1038 3011 Θεοῦ
1064 2958 1193 3009 Υίὸν
1216 2959 1460 3026 ἀρνεῖται
1489 2955 1548 3021 ἐξ
1576 2953 1873 3025 ἀμερίστου

288 3050 387 3103 τοῦ
419 3051 633 3120 Πατρὶς
664 3051 850 3112 οὐσίας
893 3048 1361 3121 προεληλυθέναι;
1392 3043 1522 3118 'Ap'
1566 3047 1688 3117 οὐχί
1734 3062 1874 3099 παν-

1976 494 2190 563 gcneris
2241 493 2538 564 perniciem
2592 501 2869 561 excutere,
2913 508 3220 564 novamque
3271 493 3554 565 religionis

1975 585 2280 638 doctrinam
2336 585 2468 640 dare
2516 585 2840 655 ignorantia:
2884 588 3250 650 documento,
3301 586 3556 657 indignas

1977 676 2179 730 mentis
2224 676 2584 747 cogitationes
2633 690 2888 749 purgare,
2940 677 3139 732 deinde
3188 690 3318 733 vero
3363 680 3556 734 mortis

1974 768 2251 823 cruciatus
2306 768 2638 837 retundere,
2713 784 2779 826 ac
2850 767 3276 825 immortalitatis
3334 772 3553 840 praemia

1974 856 2134 929 longe
2180 866 2308 912 ante
2348 842 2669 926 praedicere.
2722 857 2826 913 Sed
2879 872 2998 923 vos,
3035 873 3172 928 quos
3204 869 3263 914 ut
3302 860 3556 930 deinceps
3602 872 3641 880 “’

1976 946 2177 1004 fratres
2221 947 2509 1018 appellem,
2559 946 2849 1002 charitatis
2894 948 3206 1003 communio
3242 945 3375 1002 facit
3423 946 3553 1018 (non

1975 1040 2237 1110 ignoratis
2261 1054 2347 1094 me
2374 1054 2698 1095 conservum
2728 1039 2991 1108 vestrum)
3027 1054 3132 1095 non
3162 1041 3424 1110 ignoratis
3458 1055 3554 1096 ve-

1974 1140 2103 1186 strae
2140 1130 2331 1186 salutis
2361 1130 2695 1200 praesidium,
2731 1130 2887 1200 cujus
2930 1145 3118 1185 curam
3152 1131 3384 1201 ingenue
3427 1146 3555 1187 sus-

1975 1222 2116 1292 cepi,
2177 1229 2233 1277 et
2283 1237 2379 1291 per
2406 1222 2550 1290 quod
2595 1236 2700 1276 non
2744 1221 2918 1277 solum
2955 1232 3196 1278 armatos
3228 1223 3416 1279 hostes
3456 1239 3557 1280 no—

1975 1323 2121 1369 stros
2145 1313 2474 1380 devicimus,
2507 1328 2690 1368 verum
2714 1313 2876 1368 etiam
2908 1315 3152 1370 viventes
3174 1314 3353 1371 adhuc
3372 1316 3556 1386 coegi-

1976 1419 2097 1461 mus
2133 1405 2494 1459 humanitatis
2539 1418 2724 1459 veram
2772 1404 2935 1459 ﬁdem
2966 1404 3232 1474 proliteri.
3265 1404 3379 1474 Ego
3427 1421 3556 1461 vero

1976 1498 2031 1553 in
2061 1496 2147 1552 his
2180 1496 2336 1552 bonis
2361 1506 2586 1565 propter
2619 1495 3069 1550 instaurationem
3107 1495 3256 1550 orbis
3283 1504 3556 1551 terrarum

1974 1588 2210 1644 maxime
2236 1590 2563 1659 gaudebam.
2612 1588 2828 1644 Etenim
2872 1589 3234 1644 admiratione
3262 1588 3423 1658 plane
3459 1587 3557 1643 di-

1974 1697 2137 1753 gnum
2171 1682 2272 1736 l'uit
2304 1690 2382 1736 tot
2407 1692 2595 1750 gentes
2631 1682 2695 1735 ad
2719 1681 3069 1737 concordiam
3116 1695 3557 1750 consensumque

1906 1792 1946 1847 Β
1977 1772 2290 1838 adduxisse,
2323 1787 2446 1842 quae
2475 1772 2635 1840 paulo
2675 1782 2801 1826 ante
2832 1772 3152 1827 dicebantur
3190 1773 3360 1829 Deum
3399 1775 3555 1843 ignos-

1979 1877 2124 1917 rare.
2161 1861 2361 1917 Verum
2395 1862 2667 1930 quomodo
2696 1862 2995 1932 cognituram
3035 1872 3188 1916 erant
3234 1872 3426 1932 gentes
3465 1881 3552 1931 ea,

1978 1969 2101 2024 quae
2131 1952 2280 2008 nullo
2310 1952 2679 2008 contentionis
2707 1953 2889 2007 studio
2924 1952 3227 2023 intelligere
3258 1957 3555 2011 curarent?

1977 2045 2116 2112 Quid
2153 2044 2321 2116 igitur
2348 2044 2624 2114 cogitatis,
2656 2042 2856 2098 fratres
2882 2043 3218 2110 charissimi,
3248 2049 3393 2115 quod
3427 2062 3555 2102 nos-

1979 2137 2126 2206 ipsos
2150 2134 2390 2192 accuso?
2411 2135 2712 2190 Christiani
2749 2151 2955 2203 sumus,
2994 2146 3050 2191 et
3082 2136 3387 2194 miserabili
3422 2140 3555 2195 alie-

1978 2239 2069 2283 ctu
2113 2227 2490 2284 dissentimus.
2534 2227 2659 2281 Haec
2695 2227 2858 2296 igitur
2890 2229 3005 2297 ipsa
3041 2239 3126 2283 est
3154 2229 3287 2284 lides
3333 2229 3557 2286 nostra?

1980 2320 2094 2375 haec
2128 2319 2489 2374 sanctissimae
2524 2318 2656 2386 legis
2694 2317 2984 2372 doctrina?
3034 2318 3141 2373 Sed
3169 2334 3291 2387 quae
3337 2322 3553 2376 tandem

1976 2418 2060 2466 est
2101 2424 2285 2475 causa,
2316 2411 2386 2463 ob
2418 2423 2580 2478 quam
2610 2409 2891 2478 praesentis
2930 2409 3056 2463 mali
3091 2411 3366 2480 pernicies
3405 2414 3557 2468 exci-

1979 2513 2088 2558 tata
2113 2500 2229 2557 est?
2250 2500 2294 2557 Ο
2318 2517 2430 2555 rem
2464 2494 2786 2557 absurdaml
2822 2516 2855 2556 ο
2876 2516 3148 2557 summum
3178 2503 3386 2569 odium,
3412 2508 3555 2574 quod

1976 2595 2156 2649 omnis
2212 2592 2603 2663 indignationis
2654 2592 3084 2662 magnitudinem
3129 2595 3374 2649 excedit!
3425 2600 3557 2663 Quae

1978 2686 2193 2739 tandem
2242 2684 2356 2738 visa
2398 2691 2484 2738 est
2527 2681 2689 2751 hujus
2737 2678 3039 2740 atrocitas?
3071 2682 3208 2739 Num
3242 2685 3336 2739 Dei
3359 2685 3554 2741 Filium

1978 2785 2131 2846 negat
2157 2790 2222 2829 ex
2250 2774 2522 2829 individua
2550 2775 2639 2827 Dei
2664 2774 2967 2829 substantia
2996 2777 3372 2847 processisse?
3403 2778 3558 2835 Anne

1977 2869 2119 2922 Deus
2149 2867 2350 2936 ubique
2392 2866 2516 2921 est?
2542 2867 2692 2937 atqui
2723 2866 2868 2922 hunc
2906 2882 3123 2938 semper
3165 2870 3358 2926 adesse
3401 2872 3556 2926 nobis

1977 2959 2266 3013 sentimus.
2295 2957 2452 3012 Anne
2480 2957 2637 3028 hujus
2666 2960 2906 3027 potentia
2935 2960 3303 3016 universitatis
3325 2972 3558 3018 ornatus

1976 3050 2200 3116 coaluit,
2254 3060 2417 3118 atque
2466 3049 2830 3119 separationis
2877 3050 3105 3105 dissidio
3133 3052 3379 3120 privatus
3431 3054 3558 3109 est?

290 3141 458 3212 ταχοῦ
492 3142 641 3193 ἐστιν
668 3142 696 3192 ὁ
725 3141 889 3207 Θεός;
927 3139 1105 3193 καίτοι
1137 3156 1201 3207 γε
1252 3139 1442 3192 τοῦτον
1471 3138 1702 3190 πάντοτε
1737 3153 1876 3209 παρ-

1978 3141 2057 3197 Ne
2085 3142 2214 3211 quid
2247 3142 2413 3211 igitur
2438 3156 2466 3193 a
2494 3143 2649 3197 nobis
2669 3152 2852 3196 actum
2883 3142 2976 3207 sit,
3008 3141 3203 3197 fratres
3222 3143 3553 3212 charissimi,

288 3239 432 3289 εῖναι
488 3237 622 3306 ἡμῖν
679 3234 1077 3305 αἰσθανόμεθα.
1121 3230 1250 3305 Ἆρ’
1283 3232 1402 3303 οὐχὶ
1432 3232 1522 3285 διὰ
1553 3233 1654 3302 τῆς
1677 3230 1871 3284 τούτου

286 3328 579 3397 δυνάμεως
612 3329 646 3398 ἡ
679 3327 788 3381 τῶν
823 3328 962 3381 ὅλων
996 3326 1331 3396 συνέστηκεν
1366 3323 1660 3394 εὐκοσμίας
1694 3323 1872 3376 καίτοι

292 3435 359 3486 γε
391 3419 491 3489 τῆς
516 3419 608 3472 τοῦ
640 3418 923 3491 χωρισμοῦ
950 3417 1285 3480 διαστάσεως
1314 3415 1628 3487 ἐστέρηται.
1663 3414 1756 3484 Μὴ
1779 3408 1872 3467 οῦν

290 3512 429 3580 ἡμῖν
454 3528 504 3564 τι
536 3511 870 3579 πέπρακται,
894 3503 939 3564 ὧ
960 3510 1235 3580 ἀγαπητοὶ
1261 3507 1502 3576 ἀδελφοὶ,
1521 3505 1870 3577 καταμάθετε

1978 3234 2268 3294 attendite.
2320 3247 2524 3301 quaeso,
2564 3233 2851 3303 praesentis
2900 3232 3108 3288 doloris
3152 3234 3552 3303 probationem.

1980 3324 2087 3379 Vos
2128 3325 2274 3379 illius
2313 3323 2661 3380 confessores
2694 3325 2812 3380 fore
2855 3326 3204 3395 promisistis,
3232 3339 3390 3395 quem
3436 3344 3556 3385 esse

1979 3417 2212 3488 negatis,
2244 3430 2366 3471 cum
2399 3417 2555 3473 vobis
2583 3417 2730 3473 istud
2758 3416 3057 3474 exitiabilis
3087 3417 3178 3474 ille
3210 3420 3400 3476 doctor
3425 3436 3554 3492 per-

1976 3507 2225 3560 suaserit.

291 3602 413 3667 νῦν,
463 3603 618 3668 ἀξιῶ,
652 3605 752 3669 τὰς
788 3605 1055 3676 βασάνους
1087 3605 1186 3676 τῆς
1232 3603 1515 3675 παρούσης
1586 3602 1897 3673 ἀλγηδόνος.
1951 3601 2322 3673 Ὀμολογητὰς
2369 3603 2514 3674 ὑμᾶς
2590 3599 2729 3657 εἶναι
2784 3604 2976 3659 τούτου
3022 3606 3449 3678 ἐπαγγέλλεσθε,
3499 3607 3559 3661 ὃν

291 3688 433 3746 εἶναι
462 3694 734 3767 ἀρνεῖσθε,
767 3696 909 3764 ὑμᾶς
938 3694 1032 3747 τοῦ
1068 3693 1349 3756 πανώλους
1392 3691 1713 3747 διδασκάλου
1743 3690 2041 3755 πείθοντος.

288 3876 401 3944 (Ab
442 3876 544 3929 hoc
577 3874 697 3928 loco
735 3872 992 3929 describit
1035 3871 1299 3941 reliquam
1354 3864 2094 4005 Epistolar£|l:1'}:t¥)£§t'letucs.
2240 3885 2282 4011 ι),
2320 3869 2461 3924 Hist.
2499 3871 2670 3937 Eccl.,
2713 3887 2761 3927 c.
2813 3874 2906 3940 20,
2964 3876 3191 3945 hujusce
3234 3879 3556 3951 Patrologia!

387 4080 651 4148 Νικητὴς
689 4077 1141 4145 Κωνσταντῖνος
1170 4076 1466 4141 Σεϐαστὸς
1495 4073 1776 4141 Θεοδότῳ.

367 4213 509 4284 Ὀση
540 4213 640 4283 τῆς
669 4213 818 4274 θείας
845 4212 1013 4281 ὀργῆς
1047 4211 1081 4280 ἡ
1130 4210 1281 4281 ἰσχὺς
1309 4209 1542 4278 πέφυκε,
1592 4208 1686 4262 καὶ
1718 4208 1778 4271 ἐξ
1802 4203 1877 4262 ὧν

293 4304 559 4366 Εὐσέόιός
583 4320 641 4356 τε
667 4304 760 4356 καὶ
785 4304 1041 4371 Θεόγνιος
1060 4302 1415 4366 πεπόνθασιν,
1450 4302 1674 4371 εὐχερὲς
1696 4301 1789 4353 καὶ
1818 4302 1877 4353 σὲ

296 4393 513 4462 μαθεῖν·
559 4394 609 4446 οἳ
664 4395 745 4457 εἰς
791 4396 891 4463 τὴν
939 4394 1251 4463 ἀγιωτάτην
1305 4393 1694 4466 παροινοῦντες
1743 4393 1875 4464 θρη-

295 4485 510 4549 σκείαν,
546 4485 608 4539 τὸ
634 4484 730 4538 τοῦ
763 4487 1016 4556 Σωτῆρος
1061 4486 1199 4539 Θεοῦ
1232 4486 1402 4555 ὄνομα
1441 4486 1519 4554 τῴ
1558 4486 1870 4555 συστήματι

293 4576 389 4630 τοῦ
438 4578 642 4630 οἰκείου
673 4577 967 4650 λῃστηρίου
997 4579 1091 4631 καὶ
1126 4578 1263 4648 μετά
1307 4577 1368 4629 τὸ
1400 4579 1582 4647 τυχεῖν
1623 4574 1867 4644 συγγνώ-

296 4683 405 4736 μης
429 4668 679 4736 ἐμίαναν.
716 4671 844 4721 Ὅτε
877 4669 986 4739 γὰρ
1022 4670 1252 4740 μάλιστα
1284 4668 1422 4737 μετά
1458 4667 1555 4735 τὴν
1607 4670 1703 4737 τῆς
1742 4684 1866 4718 συν-

287 4759 413 4810 όδου
448 4759 808 4829 ὁμογνώμονα
850 4761 1164 4830 συμφωνίαν
1217 4759 1387 4831 ἐχρῆν
1455 4759 1551 4830 τὴν
1596 4757 1868 4828 προτέραν

288 4850 778 4921 ἐπανορθώσασθαι
806 4853 1037 4923 πλάνην,
1068 4852 1187 4905 τότε
1220 4855 1329 4915 τοῖς
1364 4852 1546 4913 αὐτοῖς
1579 4851 1866 4921 ἀτοπήμα-

290 4958 379 4994 σιν
430 4943 761 5012 ἐμμένοντες
815 4944 1079 4999 ἑάλωσαν.
1135 4946 1229 4997 Διά
1278 4942 1437 4995 τοῦτο
1482 4944 1612 5008 γοῦν
1658 4942 1691 5010 ἠ
1749 4939 1871 4993 θεία

289 5031 529 5101 Πρόνοια
577 5034 774 5097 αὐτοὺς
822 5035 916 5087 τοῦ
950 5035 1146 5105 ἑαυτῆς
1188 5032 1449 5087 ἀπώσατο
1484 5030 1634 5084 λαοῦ·
1685 5030 1870 5099 ἐπειδὴ

289 5124 431 5194 μηδὲ
459 5124 618 5195 ἔφερε
653 5128 751 5188 τὰς
774 5130 1013 5189 ἀκάκους
1045 5126 1223 5196 ψυχὰς
1252 5124 1431 5192 ὀλίγον
1465 5123 1692 5192 ἀπονοίᾳ.
1718 5122 1870 5189 φθειο

288 5216 533 5286 ρομένας
559 5217 833 5288 καθορᾷν·
887 5218 980 5270 καὶ
1022 5218 1119 5270 νῦν
1165 5216 1264 5287 μὲν
1313 5215 1471 5281 ἀξίαν
1512 5213 1643 5284 παρ’
1691 5212 1870 5265 αὐτῶν

284 5309 459 5377 ᾔτησε
482 5307 660 5377 δίκην,
695 5308 916 5378 μείζονα
944 5310 1000 5361 δὲ
1032 5310 1119 5361 καῖ
1151 5311 1234 5371 εἰς
1255 5307 1315 5359 τὸ
1347 5307 1471 5376 ἑξῆς
1500 5306 1588 5358 διὰ
1616 5304 1708 5357 τοῦ
1739 5322 1865 5356 παν-

283 5399 379 5459 τὸς
410 5398 606 5461 αἰῶνος
641 5397 892 5469 λήψεται.
928 5401 1106 5470 Ὅπερ
1137 5401 1204 5469 τῇ
1241 5400 1304 5468 σῇ
1340 5397 1589 5466 ἀγχινοίᾳ
1627 5394 1870 5464 δηλωθῆ-

283 5506 378 5541 ναι
417 5489 530 5541 δεῖν
575 5491 897 5562 ἡγησάμην,
933 5492 998 5544 ἵν’
1030 5492 1183 5553 εἴτις
1219 5490 1362 5552 κακὴ
1399 5487 1721 5559 παραίνεσις
1759 5485 1869 5537 τῶν

364 5664 473 5728 (54)
518 5665 825 5719 Landiceno
868 5667 1121 5733 episcopo
1151 5667 1365 5719 Arianis
1406 5661 1614 5719 occulte
1644 5662 1865 5733 (aventi.

284 5732 429 5796 Vide
453 5735 861 5802 'l‘heodorctum
895 5736 989 5790 lib.
1020 5732 1215 5790 Hii-it.
1262 5734 1449 5789 eccles.
1498 5746 1618 5800 cap.
1653 5732 1743 5797 21,
1779 5732 1868 5785 ubi

2071 4073 2251 4127 Victor
2297 4074 2676 4130 Constantinus
2711 4077 3007 4146 Augustus:
3037 4078 3303 4135 Theodoto
3328 4083 3484 4155 (5i).

2045 4210 2256 4277 Quanta
2286 4212 2366 4265 vis
2395 4210 2592 4266 divina:
2632 4212 2726 4267 irae
2768 4212 3001 4280 exstitit,
3029 4214 3192 4270 etiam
3230 4232 3296 4273 ex
3339 4220 3402 4275 iis
3437 4236 3555 4290 qua:

1975 4300 2214 4357 Eusebio
2254 4310 2308 4356 et
2353 4301 2637 4370 Thcognio
2692 4304 3031 4374 acciderunt,
3087 4308 3245 4363 facile
3298 4308 3425 4367 licet
3461 4312 3553 4368 tibi

1977 4395 2279 4465 intelligere
2312 4415 2324 4450 :
2354 4395 2446 4464 qui
2486 4395 2538 4448 in
2578 4396 2986 4451 sanctissimam
3014 4398 3331 4469 religionem
3356 4401 3551 4457 debac—

1978 4486 2227 4551 chantes,
2266 4484 2358 4540 Dei
2398 4484 2699 4541 Salvatoris
2740 4500 2934 4541 nomen
2979 4487 3092 4558 ipsa
3125 4503 3301 4544 turma
3339 4491 3553 4561 praedo-

1978 4589 2108 4628 num
2162 4588 2383 4629 suorum
2430 4575 2595 4631 etiam
2636 4585 2760 4645 post
2801 4575 3144 4646 impetratam
3191 4579 3400 4635 veniam
3439 4582 3552 4651 pol-

1976 4663 2216 4721 luerunt.
2254 4664 2389 4720 Nam
2422 4675 2534 4720 tum
2570 4668 2805 4721 maxime
2826 4668 3042 4737 quando
3068 4678 3192 4738 post
3227 4673 3550 4727 concordem

1975 4759 2169 4828 synodi
2211 4759 2649 4825 consensionem,
2694 4759 2930 4828 priorem
2975 4776 3220 4817 errorem
3263 4776 3356 4817 eos
3386 4761 3552 4817 corri-

1975 4864 2101 4917 gere
2148 4852 2428 4918 oportuit,
2484 4851 2737 4905 absurdis
2771 4851 2889 4906 istis
2920 4851 3266 4921 0pinionibus
3310 4856 3551 4909 adhmre-

1975 4954 2129 4995 scere
2158 4940 2481 5011 deprehensi
2514 4951 2659 4994 sunt.
2687 4941 2767 4997 0b
2801 4943 2902 4997 hoc
2933 4943 3098 5014 igitur
3132 4945 3313 4999 divina
3342 4946 3538 5000 Provi-

1981 5031 2157 5085 dentia
2194 5045 2257 5085 ex
2291 5031 2470 5100 populi
2516 5035 2595 5086 sui
2631 5048 2857 5088 numero
2900 5049 2995 5090 eos
3028 5035 3368 5101 exturbavit;
3413 5051 3548 5105 quo-

1979 5121 2122 5174 niam
2154 5137 2327 5191 nequc
2351 5122 2472 5177 tulit
2496 5123 2718 5178 minime
2748 5125 2918 5180 malas
2958 5136 3167 5183 mentes
3195 5128 3430 5181 amentia
3461 5129 3547 5181 illa

1972 5224 2255 5284 corruptas
2309 5216 2539 5270 videre:
2582 5227 2638 5271 et
2679 5232 2822 5271 nunc
2877 5218 3087 5273 debitas
3139 5220 3208 5271 ab
3256 5218 3321 5272 iis
3359 5234 3548 5288 poenas

1973 5305 2237 5374 exposcit,
2285 5305 2519 5373 majores
2559 5308 2722 5361 etiam
2766 5307 3023 5375 deinceps
3063 5308 3116 5361 in
3156 5308 3301 5362 omni
3349 5308 3547 5363 saeculo

1974 5405 2313 5463 sumpturus.
2347 5396 2500 5462 Quod
2535 5397 2834 5466 prudentiae
2886 5407 2990 5450 ture
3023 5397 3265 5451 indicare
3294 5407 3548 5464 oportere

1974 5486 2253 5553 putabam,
2302 5496 2360 5539 ut
2416 5487 2458 5540 si
2518 5501 2624 5554 qua
2666 5502 2921 5556 perversa
2970 5487 3263 5542 admonitio
3321 5489 3544 5543 istorum

1977 5661 2292 5737 interfuisse
2334 5663 2682 5737 Antiochense
2715 5664 2919 5737 synodo
2949 5665 3168 5734 dicitur,
3212 5668 3268 5723 in
3304 5681 3409 5737 qua
3439 5664 3549 5723 Eud-

1978 5733 2212 5788 statliius
2246 5746 2275 5787 e
2303 5734 2431 5788 sede
2455 5733 2640 5805 pulsus
2670 5745 2769 5788 est.
2803 5732 2978 5790 lltnn.
