  <div class='ocr_page' id='page_1' title='image "/cluster/home/n/w/nwhite01/storage/ocr_20150623/85/mdp.39015032042783/687.png"; bbox 0 0 4038 6148; ppageno 0'>
   <div class='ocr_carea' id='block_1_1' title="bbox 572 254 716 322">
    <p class='ocr_par' dir='ltr' id='par_1_1' title="bbox 572 254 716 322">
     <span class='ocr_line' id='line_1_1' title="bbox 572 254 716 322; baseline -0.021 0"><span class='ocrx_word' id='word_1_1' title='bbox 572 254 716 322; x_wconf 71' lang='lat'><strong>1359</strong></span> 
     </span>
    </p>
   </div>
   <div class='ocr_carea' id='block_1_2' title="bbox 556 816 2142 882">
    <p class='ocr_par' dir='ltr' id='par_1_2' title="bbox 556 816 2142 882">
     <span class='ocr_line' id='line_1_2' title="bbox 556 816 2142 882; baseline -0.002 -4"><span class='ocrx_word' id='word_1_2' title='bbox 556 816 755 878; x_wconf 82' lang='lat' dir='ltr'><strong>haberi</strong></span> <span class='ocrx_word' id='word_1_3' title='bbox 792 820 1152 877; x_wconf 87' lang='lat' dir='ltr'><strong>constituerit.</strong></span> <span class='ocrx_word' id='word_1_4' title='bbox 1180 822 1319 875; x_wconf 89' lang='lat' dir='ltr'><strong>Deus</strong></span> <span class='ocrx_word' id='word_1_5' title='bbox 1353 828 1406 875; x_wconf 93' lang='lat' dir='ltr'><strong>te</strong></span> <span class='ocrx_word' id='word_1_6' title='bbox 1432 820 1908 882; x_wconf 88' lang='lat' dir='ltr'><strong>custodiat,frater</strong></span> <span class='ocrx_word' id='word_1_7' title='bbox 1929 820 2142 875; x_wconf 81' lang='lat' dir='ltr'><strong>dilecte.</strong></span> 
     </span>
    </p>
   </div>
   <div class='ocr_carea' id='block_1_3' title="bbox 1292 246 3026 313">
    <p class='ocr_par' dir='ltr' id='par_1_3' title="bbox 1292 246 3026 313">
     <span class='ocr_line' id='line_1_3' title="bbox 1292 246 3026 313; baseline -0.001 -1"><span class='ocrx_word' id='word_1_8' title='bbox 1292 253 1662 313; x_wconf 86' lang='lat' dir='ltr'><strong>THEOTIMI</strong></span> <span class='ocrx_word' id='word_1_9' title='bbox 1705 250 2075 311; x_wconf 77' lang='lat' dir='ltr'><strong>TOMITANI</strong></span> <span class='ocrx_word' id='word_1_10' title='bbox 2108 254 2346 312; x_wconf 86' lang='lat' dir='ltr'><strong>EPIST.</strong></span> <span class='ocrx_word' id='word_1_11' title='bbox 2388 254 2487 313; x_wconf 86' lang='lat' dir='ltr'><strong>AD</strong></span> <span class='ocrx_word' id='word_1_12' title='bbox 2520 246 2827 313; x_wconf 73' lang='lat' dir='ltr'><strong>LEONEM</strong></span> <span class='ocrx_word' id='word_1_13' title='bbox 2869 253 3026 312; x_wconf 86' lang='lat' dir='ltr'><strong>IMP.</strong></span> 
     </span>
    </p>
   </div>
   <div class='ocr_carea' id='block_1_4' title="bbox 578 357 2131 442">
    <p class='ocr_par' dir='ltr' id='par_1_4' title="bbox 578 362 2131 442">
     <span class='ocr_line' id='line_1_4' title="bbox 578 362 2131 442; baseline -0.006 -19"><span class='ocrx_word' id='word_1_14' title='bbox 578 370 743 442; x_wconf 79' lang='lat' dir='ltr'><strong>(quod</strong></span> <span class='ocrx_word' id='word_1_15' title='bbox 792 380 896 422; x_wconf 90' lang='lat' dir='ltr'><strong>non</strong></span> <span class='ocrx_word' id='word_1_16' title='bbox 954 363 1225 431; x_wconf 76' lang='lat' dir='ltr'><strong>existimo)</strong></span> <span class='ocrx_word' id='word_1_17' title='bbox 1281 373 1373 415; x_wconf 84' lang='lat' dir='ltr'><strong>tuo</strong></span> <span class='ocrx_word' id='word_1_18' title='bbox 1426 362 1660 417; x_wconf 89' lang='lat' dir='ltr'><strong>insideat</strong></span> <span class='ocrx_word' id='word_1_19' title='bbox 1711 364 1917 429; x_wconf 90' lang='lat' dir='ltr'><strong>animo,</strong></span> <span class='ocrx_word' id='word_1_20' title='bbox 1972 377 2034 417; x_wconf 89' lang='lat' dir='ltr'><strong>ea</strong></span> <span class='ocrx_word' id='word_1_21' title='bbox 2083 376 2131 415; x_wconf 80' lang='lat' dir='ltr'><strong>Cl</strong></span> 
     </span>
    </p>
   </div>
   <div class='ocr_carea' id='block_1_5' title="bbox 2240 357 3806 442">
    <p class='ocr_par' dir='ltr' id='par_1_5' title="bbox 2255 357 3806 435">
     <span class='ocr_line' id='line_1_5' title="bbox 2255 357 3806 435; baseline 0.002 -20"><span class='ocrx_word' id='word_1_22' title='bbox 2255 365 2535 427; x_wconf 65' lang='grc' dir='ltr'>τοιούτων,</span> <span class='ocrx_word' id='word_1_23' title='bbox 2579 363 2653 425; x_wconf 84' lang='grc' dir='ltr'><strong>ὡς</strong></span> <span class='ocrx_word' id='word_1_24' title='bbox 2695 362 2868 430; x_wconf 74' lang='grc' dir='ltr'><strong>ἔγωγε</strong></span> <span class='ocrx_word' id='word_1_25' title='bbox 2918 364 3019 415; x_wconf 74' lang='grc' dir='ltr'>οὐκ</span> <span class='ocrx_word' id='word_1_26' title='bbox 3052 357 3203 432; x_wconf 76' lang='grc' dir='ltr'>οἶμαι</span> <span class='ocrx_word' id='word_1_27' title='bbox 3229 402 3246 429; x_wconf 88' lang='lat'><strong>,</strong></span> <span class='ocrx_word' id='word_1_28' title='bbox 3290 366 3355 434; x_wconf 79' lang='grc' dir='ltr'><strong>τῇ</strong></span> <span class='ocrx_word' id='word_1_29' title='bbox 3403 365 3472 435; x_wconf 73' lang='grc' dir='ltr'><strong>σῇ</strong></span> <span class='ocrx_word' id='word_1_30' title='bbox 3504 363 3806 418; x_wconf 69' lang='grc' dir='ltr'><strong>ἒνεκαθὲπυ</strong></span> 
     </span>
    </p>
   </div>
   <div class='ocr_carea' id='block_1_6' title="bbox 576 454 2145 524">
    <p class='ocr_par' dir='ltr' id='par_1_6' title="bbox 576 454 2145 524">
     <span class='ocr_line' id='line_1_6' title="bbox 576 454 2145 524; baseline -0.005 -9"><span class='ocrx_word' id='word_1_31' title='bbox 576 462 759 515; x_wconf 88' lang='lat' dir='ltr'><strong>animo</strong></span> <span class='ocrx_word' id='word_1_32' title='bbox 791 458 987 519; x_wconf 84' lang='lat' dir='ltr'><strong>deleta,</strong></span> <span class='ocrx_word' id='word_1_33' title='bbox 1027 469 1215 523; x_wconf 90' lang='lat' dir='ltr'><strong>puram</strong></span> <span class='ocrx_word' id='word_1_34' title='bbox 1246 463 1302 507; x_wconf 93' lang='lat' dir='ltr'><strong>ut</strong></span> <span class='ocrx_word' id='word_1_35' title='bbox 1334 455 1506 520; x_wconf 89' lang='lat' dir='ltr'><strong>decet,</strong></span> <span class='ocrx_word' id='word_1_36' title='bbox 1532 454 1938 524; x_wconf 81' lang='lat' dir='ltr'><strong>cogitationem,</strong></span> <span class='ocrx_word' id='word_1_37' title='bbox 1966 468 2145 508; x_wconf 84' lang='lat' dir='ltr'><strong>veram</strong></span> 
     </span>
    </p>
   </div>
   <div class='ocr_carea' id='block_1_7' title="bbox 578 546 2148 613">
    <p class='ocr_par' dir='ltr' id='par_1_7' title="bbox 578 546 2148 613">
     <span class='ocr_line' id='line_1_7' title="bbox 578 546 2148 613; baseline -0.004 -6"><span class='ocrx_word' id='word_1_38' title='bbox 578 551 1089 613; x_wconf 82' lang='lat' dir='ltr'><strong>sanetiiicationem,</strong></span> <span class='ocrx_word' id='word_1_39' title='bbox 1120 547 1496 600; x_wconf 85' lang='lat' dir='ltr'><strong>intemeratam</strong></span> <span class='ocrx_word' id='word_1_40' title='bbox 1532 548 1689 600; x_wconf 83' lang='lat' dir='ltr'><strong>tidem</strong></span> <span class='ocrx_word' id='word_1_41' title='bbox 1726 547 1997 601; x_wconf 82' lang='lat' dir='ltr'><strong>servatori</strong></span> <span class='ocrx_word' id='word_1_42' title='bbox 2038 546 2148 601; x_wconf 90' lang='lat' dir='ltr'><strong>Deo</strong></span> 
     </span>
    </p>
   </div>
   <div class='ocr_carea' id='block_1_8' title="bbox 497 637 2148 715">
    <p class='ocr_par' dir='ltr' id='par_1_8' title="bbox 497 637 2148 715">
     <span class='ocr_line' id='line_1_8' title="bbox 497 637 2148 715; baseline 0 -20"><span class='ocrx_word' id='word_1_43' title='bbox 497 696 521 715; x_wconf 40' lang='lat' dir='ltr'><em>I</em></span> <span class='ocrx_word' id='word_1_44' title='bbox 554 643 815 713; x_wconf 76' lang='lat' dir='ltr'><strong>.przubere</strong></span> <span class='ocrx_word' id='word_1_45' title='bbox 843 639 1087 694; x_wconf 80' lang='lat' dir='ltr'><strong>studeas.</strong></span> <span class='ocrx_word' id='word_1_46' title='bbox 1121 637 1332 691; x_wconf 85' lang='lat' dir='ltr'><strong>Etenim</strong></span> <span class='ocrx_word' id='word_1_47' title='bbox 1372 648 1799 693; x_wconf 86' lang='lat' dir='ltr'><strong>consentaneum</strong></span> <span class='ocrx_word' id='word_1_48' title='bbox 1840 646 1923 693; x_wconf 90' lang='lat' dir='ltr'><strong>est</strong></span> <span class='ocrx_word' id='word_1_49' title='bbox 1951 640 2055 694; x_wconf 89' lang='lat' dir='ltr'><strong>hoc</strong></span> <span class='ocrx_word' id='word_1_50' title='bbox 2081 641 2148 695; x_wconf 89' lang='lat' dir='ltr'><strong>ab</strong></span> 
     </span>
    </p>
   </div>
   <div class='ocr_carea' id='block_1_9' title="bbox 573 718 2145 800">
    <p class='ocr_par' dir='ltr' id='par_1_9' title="bbox 573 718 2145 800">
     <span class='ocr_line' id='line_1_9' title="bbox 573 718 2145 800; baseline -0.001 -14"><span class='ocrx_word' id='word_1_51' title='bbox 573 748 638 786; x_wconf 91' lang='lat' dir='ltr'><strong>eo</strong></span> <span class='ocrx_word' id='word_1_52' title='bbox 666 719 805 799; x_wconf 80' lang='lat' dir='ltr'><strong>fieri,</strong></span> <span class='ocrx_word' id='word_1_53' title='bbox 829 731 918 800; x_wconf 90' lang='lat' dir='ltr'><strong>qui</strong></span> <span class='ocrx_word' id='word_1_54' title='bbox 938 718 1281 798; x_wconf 79' lang='lat' dir='ltr'><strong>incorruptis</strong></span> <span class='ocrx_word' id='word_1_55' title='bbox 1309 739 1523 784; x_wconf 76' lang='lat' dir='ltr'><strong>mterna:</strong></span> <span class='ocrx_word' id='word_1_56' title='bbox 1557 731 1679 784; x_wconf 79' lang='lat' dir='ltr'><strong>vita:</strong></span> <span class='ocrx_word' id='word_1_57' title='bbox 1702 731 1937 798; x_wconf 63' lang='lat' dir='ltr'><strong>praemiis</strong></span> <span class='ocrx_word' id='word_1_58' title='bbox 1954 730 2145 799; x_wconf 78' lang='lat' dir='ltr'><strong>dignus</strong></span> 
     </span>
    </p>
   </div>
   <div class='ocr_carea' id='block_1_10' title="bbox 3709 254 3844 320">
    <p class='ocr_par' dir='ltr' id='par_1_10' title="bbox 3709 254 3844 320">
     <span class='ocr_line' id='line_1_10' title="bbox 3709 254 3844 320; baseline 0.037 -5"><span class='ocrx_word' id='word_1_59' title='bbox 3709 254 3844 320; x_wconf 63' lang='grc' dir='ltr'><strong>11ῗεῦ</strong></span> 
     </span>
    </p>
   </div>
   <div class='ocr_carea' id='block_1_11' title="bbox 2258 454 3843 527">
    <p class='ocr_par' dir='ltr' id='par_1_11' title="bbox 2258 454 3843 527">
     <span class='ocr_line' id='line_1_11' title="bbox 2258 454 3843 527; baseline 0.001 -19"><span class='ocrx_word' id='word_1_60' title='bbox 2258 455 2610 526; x_wconf 77' lang='grc' dir='ltr'>προαιρέσει,</span> <span class='ocrx_word' id='word_1_61' title='bbox 2649 454 2854 523; x_wconf 81' lang='grc' dir='ltr'><strong>ταύτην</strong></span> <span class='ocrx_word' id='word_1_62' title='bbox 2884 454 2986 524; x_wconf 84' lang='grc' dir='ltr'><strong>τῆς</strong></span> <span class='ocrx_word' id='word_1_63' title='bbox 3012 454 3191 525; x_wconf 69' lang='grc' dir='ltr'>ψυχῆς</span> <span class='ocrx_word' id='word_1_64' title='bbox 3220 456 3557 525; x_wconf 74' lang='grc' dir='ltr'><strong>ἀφελόμενος</strong></span> <span class='ocrx_word' id='word_1_65' title='bbox 3589 455 3843 527; x_wconf 74' lang='grc' dir='ltr'><strong>καθαρὰν</strong></span> 
     </span>
    </p>
   </div>
   <div class='ocr_carea' id='block_1_12' title="bbox 2255 544 3839 617">
    <p class='ocr_par' dir='ltr' id='par_1_12' title="bbox 2255 544 3839 617">
     <span class='ocr_line' id='line_1_12' title="bbox 2255 544 3839 617; baseline 0.001 -19"><span class='ocrx_word' id='word_1_66' title='bbox 2255 548 2330 609; x_wconf 82' lang='grc' dir='ltr'><strong>ὡς</strong></span> <span class='ocrx_word' id='word_1_67' title='bbox 2362 549 2607 616; x_wconf 81' lang='grc' dir='ltr'>προσῆκε</span> <span class='ocrx_word' id='word_1_68' title='bbox 2644 545 2741 615; x_wconf 84' lang='grc' dir='ltr'><strong>τὴν</strong></span> <span class='ocrx_word' id='word_1_69' title='bbox 2787 544 3048 613; x_wconf 79' lang='grc' dir='ltr'>διάνοιαν,</span> <span class='ocrx_word' id='word_1_70' title='bbox 3092 546 3359 617; x_wconf 84' lang='grc' dir='ltr'>εἰλικρινῆ</span> <span class='ocrx_word' id='word_1_71' title='bbox 3388 563 3449 600; x_wconf 81' lang='grc' dir='ltr'><strong>τε</strong></span> <span class='ocrx_word' id='word_1_72' title='bbox 3482 546 3839 612; x_wconf 75' lang='grc' dir='ltr'><strong>καθοσξωσιν,</strong></span> 
     </span>
    </p>
   </div>
   <div class='ocr_carea' id='block_1_13' title="bbox 2255 634 3840 706">
    <p class='ocr_par' dir='ltr' id='par_1_13' title="bbox 2255 634 3840 706">
     <span class='ocr_line' id='line_1_13' title="bbox 2255 634 3840 706; baseline 0.001 -18"><span class='ocrx_word' id='word_1_73' title='bbox 2255 635 2350 689; x_wconf 69' lang='grc' dir='ltr'><strong>καὶ</strong></span> <span class='ocrx_word' id='word_1_74' title='bbox 2380 636 2646 706; x_wconf 77' lang='grc' dir='ltr'><strong>ἄχραντον</strong></span> <span class='ocrx_word' id='word_1_75' title='bbox 2687 635 2865 688; x_wconf 77' lang='grc' dir='ltr'><strong>πίστιν</strong></span> <span class='ocrx_word' id='word_1_76' title='bbox 2902 634 2981 705; x_wconf 84' lang='grc' dir='ltr'><strong>τῷ</strong></span> <span class='ocrx_word' id='word_1_77' title='bbox 3025 636 3237 706; x_wconf 83' lang='grc' dir='ltr'><strong>Σωτῆρι</strong></span> <span class='ocrx_word' id='word_1_78' title='bbox 3281 634 3402 705; x_wconf 83' lang='grc' dir='ltr'><strong>Θεῷ</strong></span> <span class='ocrx_word' id='word_1_79' title='bbox 3458 635 3840 706; x_wconf 67' lang='grc' dir='ltr'><strong>παρασχέσθαι</strong></span> 
     </span>
    </p>
   </div>
   <div class='ocr_carea' id='block_1_14' title="bbox 2254 726 3841 799">
    <p class='ocr_par' dir='ltr' id='par_1_14' title="bbox 2254 726 3841 799">
     <span class='ocr_line' id='line_1_14' title="bbox 2254 726 3841 799; baseline 0 -20"><span class='ocrx_word' id='word_1_80' title='bbox 2254 727 2634 799; x_wconf 74' lang='grc' dir='ltr'><strong>προθυμηθῇς.</strong></span> <span class='ocrx_word' id='word_1_81' title='bbox 2692 727 2800 779; x_wconf 72' lang='grc' dir='ltr'><strong>Καὶ</strong></span> <span class='ocrx_word' id='word_1_82' title='bbox 2841 727 2951 797; x_wconf 80' lang='grc' dir='ltr'><strong>γὰρ</strong></span> <span class='ocrx_word' id='word_1_83' title='bbox 3004 726 3159 780; x_wconf 78' lang='grc' dir='ltr'>τοῦτο</span> <span class='ocrx_word' id='word_1_84' title='bbox 3210 728 3489 799; x_wconf 79' lang='grc' dir='ltr'><strong>προσῆκόν</strong></span> <span class='ocrx_word' id='word_1_85' title='bbox 3537 730 3687 781; x_wconf 75' lang='grc' dir='ltr'>ἐστιν</span> <span class='ocrx_word' id='word_1_86' title='bbox 3735 727 3841 780; x_wconf 71' lang='grc' dir='ltr'><strong>ὑπὸ</strong></span> 
     </span>
    </p>
   </div>
   <div class='ocr_carea' id='block_1_15' title="bbox 2251 818 3839 890">
    <p class='ocr_par' dir='ltr' id='par_1_15' title="bbox 2251 818 3839 890">
     <span class='ocr_line' id='line_1_15' title="bbox 2251 818 3839 890; baseline 0 -19"><span class='ocrx_word' id='word_1_87' title='bbox 2251 819 2444 872; x_wconf 76' lang='grc' dir='ltr'>τούτου</span> <span class='ocrx_word' id='word_1_88' title='bbox 2473 818 2834 889; x_wconf 72' lang='grc' dir='ltr'><strong>πράττεσθαι,</strong></span> <span class='ocrx_word' id='word_1_89' title='bbox 2865 819 2922 881; x_wconf 77' lang='grc' dir='ltr'><strong>ὃς</strong></span> <span class='ocrx_word' id='word_1_90' title='bbox 2949 818 2992 871; x_wconf 82' lang='grc' dir='ltr'><strong>δ’</strong></span> <span class='ocrx_word' id='word_1_91' title='bbox 3019 818 3085 872; x_wconf 84' lang='grc' dir='ltr'><strong>ἂν</strong></span> <span class='ocrx_word' id='word_1_92' title='bbox 3124 819 3403 890; x_wconf 80' lang='grc' dir='ltr'><strong>ἀκεραίων</strong></span> <span class='ocrx_word' id='word_1_93' title='bbox 3434 819 3545 872; x_wconf 85' lang='grc' dir='ltr'><strong>τῶν</strong></span> <span class='ocrx_word' id='word_1_94' title='bbox 3570 819 3670 890; x_wconf 77' lang='grc' dir='ltr'><strong>τῆς</strong></span> <span class='ocrx_word' id='word_1_95' title='bbox 3710 820 3839 871; x_wconf 79' lang='grc' dir='ltr'><strong>αἰω-</strong></span> 
     </span>
    </p>
   </div>
   <div class='ocr_carea' id='block_1_16' title="bbox 570 912 3138 985">
    <p class='ocr_par' dir='ltr' id='par_1_16' title="bbox 570 912 3138 985">
     <span class='ocr_line' id='line_1_16' title="bbox 570 912 3138 985; baseline 0 -18"><span class='ocrx_word' id='word_1_96' title='bbox 570 912 681 968; x_wconf 83' lang='grc' dir='ltr'>νίου</span> <span class='ocrx_word' id='word_1_97' title='bbox 717 915 863 985; x_wconf 78' lang='grc' dir='ltr'><strong>ζωῆς</strong></span> <span class='ocrx_word' id='word_1_98' title='bbox 896 914 1145 968; x_wconf 75' lang='grc' dir='ltr'><strong>ἐπάθλων</strong></span> <span class='ocrx_word' id='word_1_99' title='bbox 1186 914 1466 979; x_wconf 72' lang='grc' dir='ltr'>ἀξιοῦσθαι</span> <span class='ocrx_word' id='word_1_100' title='bbox 1504 914 1847 985; x_wconf 73' lang='grc' dir='ltr'><strong>βουλεύηται.</strong></span> <span class='ocrx_word' id='word_1_101' title='bbox 1908 915 1966 967; x_wconf 88' lang='lat'><strong>&#39;0</strong></span> <span class='ocrx_word' id='word_1_102' title='bbox 2016 914 2145 977; x_wconf 77' lang='grc' dir='ltr'><strong>Θεός</strong></span> <span class='ocrx_word' id='word_1_103' title='bbox 2170 932 2227 968; x_wconf 85' lang='grc' dir='ltr'><strong>σε</strong></span> <span class='ocrx_word' id='word_1_104' title='bbox 2259 914 2597 983; x_wconf 65' lang='grc' dir='ltr'>διαφυλάξοι,</span> <span class='ocrx_word' id='word_1_105' title='bbox 2633 913 2831 983; x_wconf 75' lang='grc' dir='ltr'><strong>ἀδελφὲ</strong></span> <span class='ocrx_word' id='word_1_106' title='bbox 2862 912 3138 984; x_wconf 81' lang='grc' dir='ltr'><strong>ἀγαπητέ.</strong></span> 
     </span>
    </p>
   </div>
   <div class='ocr_carea' id='block_1_17' title="bbox 571 1052 3825 1098">
    <p class='ocr_par' dir='ltr' id='par_1_17' title="bbox 571 1052 3825 1098">
     <span class='ocr_line' id='line_1_17' title="bbox 571 1052 3825 1098; baseline -0.002 -1"><span class='ocrx_word' id='word_1_107' title='bbox 571 1052 3825 1098; x_wconf 72' lang='lat' dir='ltr'>W</span> 
     </span>
    </p>
   </div>
   <div class='ocr_carea' id='block_1_18' title="bbox 1873 1225 2537 1271">
    <p class='ocr_par' dir='ltr' id='par_1_18' title="bbox 1873 1225 2537 1271">
     <span class='ocr_line' id='line_1_18' title="bbox 1873 1225 2537 1271; baseline -0.008 0"><span class='ocrx_word' id='word_1_108' title='bbox 1873 1228 2044 1271; x_wconf 73' lang='lat' dir='ltr'><strong>ANNO</strong></span> <span class='ocrx_word' id='word_1_109' title='bbox 2088 1225 2311 1269; x_wconf 78' lang='lat' dir='ltr'><strong>DOMINI</strong></span> <span class='ocrx_word' id='word_1_110' title='bbox 2352 1225 2537 1269; x_wconf 78' lang='lat' dir='ltr'><strong>DLVII.</strong></span> 
     </span>
    </p>
   </div>
   <div class='ocr_carea' id='block_1_19' title="bbox 1093 1404 3288 1592">
    <p class='ocr_par' dir='ltr' id='par_1_19' title="bbox 1093 1404 3288 1592">
     <span class='ocr_line' id='line_1_19' title="bbox 1093 1404 3288 1592; baseline -0.004 -4"><span class='ocrx_word' id='word_1_111' title='bbox 1093 1408 2371 1592; x_wconf 84' lang='lat' dir='ltr'><strong>THEOTIMUS</strong></span> <span class='ocrx_word' id='word_1_112' title='bbox 2503 1410 2607 1585; x_wconf 88' lang='lat' dir='ltr'><strong>J</strong></span> <span class='ocrx_word' id='word_1_113' title='bbox 2624 1408 2908 1586; x_wconf 89' lang='lat' dir='ltr'><strong>UN</strong></span> <span class='ocrx_word' id='word_1_114' title='bbox 2918 1404 3288 1587; x_wconf 83' lang='grc' dir='ltr'><strong>ΙοΒ</strong></span> 
     </span>
    </p>
   </div>
   <div class='ocr_carea' id='block_1_20' title="bbox 1760 1704 2665 1768">
    <p class='ocr_par' dir='ltr' id='par_1_20' title="bbox 1760 1704 2665 1768">
     <span class='ocr_line' id='line_1_20' title="bbox 1760 1704 2665 1768; baseline -0.007 0"><span class='ocrx_word' id='word_1_115' title='bbox 1760 1704 2203 1768; x_wconf 86' lang='lat' dir='ltr'><strong>TOMITANUS</strong></span> <span class='ocrx_word' id='word_1_116' title='bbox 2235 1704 2665 1766; x_wconf 84' lang='lat' dir='ltr'><strong>EPISCOPUS.</strong></span> 
     </span>
    </p>
   </div>
   <div class='ocr_carea' id='block_1_21' title="bbox 1778 2004 2619 2118">
    <p class='ocr_par' dir='ltr' id='par_1_21' title="bbox 1778 2004 2619 2118">
     <span class='ocr_line' id='line_1_21' title="bbox 1778 2004 2619 2118; baseline -0.007 0"><span class='ocrx_word' id='word_1_117' title='bbox 1778 2004 2619 2118; x_wconf 73' lang='lat' dir='ltr'><strong>NOTITIA-</strong></span> 
     </span>
    </p>
   </div>
   <div class='ocr_carea' id='block_1_22' title="bbox 1450 2206 2843 2284">
    <p class='ocr_par' dir='ltr' id='par_1_22' title="bbox 1450 2206 2843 2284">
     <span class='ocr_line' id='line_1_22' title="bbox 1450 2206 2843 2284; baseline -0.009 -12"><span class='ocrx_word' id='word_1_118' title='bbox 1450 2206 1458 2221; x_wconf 92' lang='lat'>&#39;</span> <span class='ocrx_word' id='word_1_119' title='bbox 1554 2220 1722 2284; x_wconf 75' lang='lat' dir='ltr'><strong>(Mich.</strong></span> <span class='ocrx_word' id='word_1_120' title='bbox 1751 2219 2015 2280; x_wconf 89' lang='lat' dir='ltr'><strong>Lequien.,</strong></span> <span class='ocrx_word' id='word_1_121' title='bbox 2052 2213 2222 2266; x_wconf 79' lang='lat' dir='ltr'><strong>Oriens</strong></span> <span class='ocrx_word' id='word_1_122' title='bbox 2258 2212 2433 2264; x_wconf 73' lang='lat' dir='ltr'><strong>Christ.</strong></span> <span class='ocrx_word' id='word_1_123' title='bbox 2475 2212 2843 2275; x_wconf 66' lang='lat' dir='ltr'><strong>l.l,p.1215.‘)</strong></span> 
     </span>
    </p>
   </div>
   <div class='ocr_carea' id='block_1_23' title="bbox 565 2353 3821 2455">
    <p class='ocr_par' dir='ltr' id='par_1_23' title="bbox 565 2353 3821 2455">
     <span class='ocr_line' id='line_1_23' title="bbox 565 2353 3821 2455; baseline -0.007 -14"><span class='ocrx_word' id='word_1_124' title='bbox 565 2370 694 2441; x_wconf 72' lang='lat' dir='ltr'><strong>Leo</strong></span> <span class='ocrx_word' id='word_1_125' title='bbox 731 2380 1048 2455; x_wconf 81' lang='lat' dir='ltr'><strong>Augustus</strong></span> <span class='ocrx_word' id='word_1_126' title='bbox 1091 2372 1169 2434; x_wconf 89' lang='lat' dir='ltr'><strong>de</strong></span> <span class='ocrx_word' id='word_1_127' title='bbox 1213 2362 1476 2455; x_wconf 72' lang='lat' dir='ltr'><strong>Proterii</strong></span> <span class='ocrx_word' id='word_1_128' title='bbox 1507 2366 1911 2455; x_wconf 75' lang='lat' dir='ltr'><strong>Alexandrini</strong></span> <span class='ocrx_word' id='word_1_129' title='bbox 1920 2362 2376 2455; x_wconf 54' lang='lat' dir='ltr'><strong>_necgcunctjs</strong></span> <span class='ocrx_word' id='word_1_130' title='bbox 2396 2359 2672 2455; x_wconf 75' lang='lat' dir='ltr'><strong>Qrientis</strong></span> <span class='ocrx_word' id='word_1_131' title='bbox 2702 2353 3121 2455; x_wconf 74' lang='lat' dir='ltr'><strong>moirOpolitis</strong></span> <span class='ocrx_word' id='word_1_132' title='bbox 3153 2357 3426 2455; x_wconf 66' lang='lat' dir='ltr'><strong>scripsit,</strong></span> <span class='ocrx_word' id='word_1_133' title='bbox 3452 2357 3821 2455; x_wconf 54' lang='lat' dir='ltr'><strong>atqueedeo</strong></span> 
     </span>
    </p>
   </div>
   <div class='ocr_carea' id='block_1_24' title="bbox 654 2436 3822 2524">
    <p class='ocr_par' dir='ltr' id='par_1_24' title="bbox 654 2436 3822 2524">
     <span class='ocr_line' id='line_1_24' title="bbox 654 2436 3822 2524; baseline -0.006 -7"><span class='ocrx_word' id='word_1_134' title='bbox 654 2436 995 2517; x_wconf 53' lang='lat' dir='ltr'><strong>Th&#39;ébz‘iiho</strong></span> <span class='ocrx_word' id='word_1_135' title='bbox 1029 2450 1534 2513; x_wconf 75' lang='lat' dir='ltr'><strong>reverentissimo</strong></span> <span class='ocrx_word' id='word_1_136' title='bbox 1593 2448 1878 2524; x_wconf 80' lang='lat' dir='ltr'><strong>episcopo</strong></span> <span class='ocrx_word' id='word_1_137' title='bbox 1918 2444 2270 2504; x_wconf 81' lang='lat' dir='ltr'><strong>Tomitana.</strong></span> <span class='ocrx_word' id='word_1_138' title='bbox 2303 2442 2487 2521; x_wconf 84' lang='lat' dir='ltr'><strong>Cujus</strong></span> <span class='ocrx_word' id='word_1_139' title='bbox 2526 2444 2723 2500; x_wconf 80' lang='lat' dir='ltr'><strong>exstat</strong></span> <span class='ocrx_word' id='word_1_140' title='bbox 2758 2436 3162 2518; x_wconf 72' lang='lat' dir='ltr'><strong>responsoria</strong></span> <span class='ocrx_word' id='word_1_141' title='bbox 3203 2436 3298 2499; x_wconf 37' lang='lat' dir='ltr'><strong>ad—</strong></span> <span class='ocrx_word' id='word_1_142' title='bbox 3339 2436 3517 2500; x_wconf 85' lang='lat' dir='ltr'><strong>illum</strong></span> <span class='ocrx_word' id='word_1_143' title='bbox 3539 2436 3822 2517; x_wconf 28' lang='lat' dir='ltr'><strong>“Epistula</strong></span> 
     </span>
    </p>
   </div>
   <div class='ocr_carea' id='block_1_25' title="bbox 641 2526 2063 2612">
    <p class='ocr_par' dir='ltr' id='par_1_25' title="bbox 641 2526 2063 2612">
     <span class='ocr_line' id='line_1_25' title="bbox 641 2526 2063 2612; baseline -0.012 -15"><span class='ocrx_word' id='word_1_144' title='bbox 641 2536 759 2597; x_wconf 80' lang='lat' dir='ltr'><strong>hac</strong></span> <span class='ocrx_word' id='word_1_145' title='bbox 794 2532 1210 2612; x_wconf 85' lang='lat' dir='ltr'><strong>inscriptione</strong></span> <span class='ocrx_word' id='word_1_146' title='bbox 1245 2546 1258 2589; x_wconf 91' lang='lat'>:</span> <span class='ocrx_word' id='word_1_147' title='bbox 1300 2527 1564 2588; x_wconf 80' lang='lat' dir='ltr'><strong>Domino</strong></span> <span class='ocrx_word' id='word_1_148' title='bbox 1592 2526 1901 2604; x_wconf 81' lang='lat' dir='ltr'><strong>piissimo,</strong></span> <span class='ocrx_word' id='word_1_149' title='bbox 1943 2528 2063 2584; x_wconf 89' lang='lat' dir='ltr'><strong>etc.</strong></span> 
     </span>
    </p>
   </div>
   <div class='ocr_carea' id='block_1_26' title="bbox 581 2708 3791 2747">
    <p class='ocr_par' dir='ltr' id='par_1_26' title="bbox 581 2708 3791 2747">
     <span class='ocr_line' id='line_1_26' title="bbox 581 2708 3791 2747; baseline 0 -17"><span class='ocrx_word' id='word_1_150' title='bbox 581 2708 3791 2747; x_wconf 56' lang='lat' dir='ltr'>ww</span> 
     </span>
    </p>
   </div>
   <div class='ocr_carea' id='block_1_27' title="bbox 990 2873 3393 2997">
    <p class='ocr_par' dir='ltr' id='par_1_27' title="bbox 990 2873 3393 2997">
     <span class='ocr_line' id='line_1_27' title="bbox 990 2873 3393 2997; baseline -0.007 0"><span class='ocrx_word' id='word_1_151' title='bbox 990 2902 1596 2997; x_wconf 83' lang='lat' dir='ltr'><strong>THEOTIMI</strong></span> <span class='ocrx_word' id='word_1_152' title='bbox 1676 2873 2257 2987; x_wconf 19' lang='lat' dir='ltr'><strong>EPISTO‘LA</strong></span> <span class='ocrx_word' id='word_1_153' title='bbox 2328 2891 2477 2981; x_wconf 84' lang='lat' dir='ltr'><strong>AD</strong></span> <span class='ocrx_word' id='word_1_154' title='bbox 2553 2889 3039 2983; x_wconf 86' lang='lat' dir='ltr'><strong>LEONEM</strong></span> <span class='ocrx_word' id='word_1_155' title='bbox 3137 2890 3393 2981; x_wconf 87' lang='lat' dir='ltr'><strong>IMP.</strong></span> 
     </span>
    </p>
   </div>
   <div class='ocr_carea' id='block_1_28' title="bbox 1838 3084 2567 3149">
    <p class='ocr_par' dir='ltr' id='par_1_28' title="bbox 1838 3084 2567 3149">
     <span class='ocr_line' id='line_1_28' title="bbox 1838 3084 2567 3149; baseline -0.008 -11"><span class='ocrx_word' id='word_1_156' title='bbox 1838 3086 2016 3149; x_wconf 77' lang='lat' dir='ltr'><strong>Mmtsi,</strong></span> <span class='ocrx_word' id='word_1_157' title='bbox 2041 3089 2207 3147; x_wconf 64' lang='lat' dir='ltr'><strong>Cana,</strong></span> <span class='ocrx_word' id='word_1_158' title='bbox 2235 3091 2273 3136; x_wconf 86' lang='lat' dir='ltr'><strong>t.</strong></span> <span class='ocrx_word' id='word_1_159' title='bbox 2300 3084 2406 3147; x_wconf 77' lang='lat' dir='ltr'><strong>VII,</strong></span> <span class='ocrx_word' id='word_1_160' title='bbox 2433 3084 2567 3148; x_wconf 66' lang='grc'><strong>545.)</strong></span> 
     </span>
    </p>
   </div>
   <div class='ocr_carea' id='block_1_29' title="bbox 564 3352 2138 3436">
    <p class='ocr_par' dir='ltr' id='par_1_29' title="bbox 564 3352 2138 3436">
     <span class='ocr_line' id='line_1_29' title="bbox 564 3352 2138 3436; baseline -0.005 -13"><span class='ocrx_word' id='word_1_161' title='bbox 564 3356 791 3423; x_wconf 85' lang='lat' dir='ltr'><strong>Domino</strong></span> <span class='ocrx_word' id='word_1_162' title='bbox 828 3366 1090 3436; x_wconf 76' lang='lat' dir='ltr'><strong>piissimo,</strong></span> <span class='ocrx_word' id='word_1_163' title='bbox 1125 3373 1171 3417; x_wconf 87' lang='lat' dir='ltr'><strong>et</strong></span> <span class='ocrx_word' id='word_1_164' title='bbox 1202 3352 1661 3417; x_wconf 76' lang='lat' dir='ltr'><strong>Christianissimo</strong></span> <span class='ocrx_word' id='word_1_165' title='bbox 1696 3364 2003 3431; x_wconf 83' lang='lat' dir='ltr'><strong>imperatori</strong></span> <span class='ocrx_word' id='word_1_166' title='bbox 2044 3374 2138 3415; x_wconf 83' lang='lat' dir='ltr'><strong>no-</strong></span> 
     </span>
    </p>
   </div>
   <div class='ocr_carea' id='block_1_30' title="bbox 629 3451 2139 3523">
    <p class='ocr_par' dir='ltr' id='par_1_30' title="bbox 629 3451 2139 3523">
     <span class='ocr_line' id='line_1_30' title="bbox 629 3451 2139 3523; baseline -0.005 -11"><span class='ocrx_word' id='word_1_167' title='bbox 629 3470 739 3514; x_wconf 80' lang='lat' dir='ltr'><strong>stro</strong></span> <span class='ocrx_word' id='word_1_168' title='bbox 779 3456 966 3523; x_wconf 87' lang='lat' dir='ltr'><strong>Leoni,</strong></span> <span class='ocrx_word' id='word_1_169' title='bbox 1023 3453 1323 3507; x_wconf 80' lang='lat' dir='ltr'><strong>Theotimus</strong></span> <span class='ocrx_word' id='word_1_170' title='bbox 1376 3452 1590 3506; x_wconf 82' lang='lat' dir='ltr'><strong>humilis</strong></span> <span class='ocrx_word' id='word_1_171' title='bbox 1638 3451 1868 3523; x_wconf 78' lang='lat' dir='ltr'><strong>Scythia:</strong></span> <span class='ocrx_word' id='word_1_172' title='bbox 1913 3454 2139 3523; x_wconf 81' lang='lat' dir='ltr'><strong>regionis</strong></span> 
     </span>
    </p>
   </div>
   <div class='ocr_carea' id='block_1_31' title="bbox 628 3556 917 3623">
    <p class='ocr_par' dir='ltr' id='par_1_31' title="bbox 628 3556 917 3623">
     <span class='ocr_line' id='line_1_31' title="bbox 628 3556 917 3623; baseline -0.01 -15"><span class='ocrx_word' id='word_1_173' title='bbox 628 3556 917 3623; x_wconf 78' lang='lat' dir='ltr'><strong>episcopus.</strong></span> 
     </span>
    </p>
   </div>
   <div class='ocr_carea' id='block_1_32' title="bbox 631 3700 2131 3776">
    <p class='ocr_par' dir='ltr' id='par_1_32' title="bbox 631 3700 2131 3776">
     <span class='ocr_line' id='line_1_32' title="bbox 631 3700 2131 3776; baseline 0 -15"><span class='ocrx_word' id='word_1_174' title='bbox 631 3700 798 3763; x_wconf 82' lang='lat' dir='ltr'><strong>Decet</strong></span> <span class='ocrx_word' id='word_1_175' title='bbox 829 3715 974 3761; x_wconf 87' lang='lat' dir='ltr'><strong>tuam</strong></span> <span class='ocrx_word' id='word_1_176' title='bbox 1012 3704 1292 3776; x_wconf 82' lang='lat' dir='ltr'><strong>pietatem,</strong></span> <span class='ocrx_word' id='word_1_177' title='bbox 1334 3702 1661 3760; x_wconf 83' lang='lat' dir='ltr'><strong>venerabilis</strong></span> <span class='ocrx_word' id='word_1_178' title='bbox 1694 3707 1988 3773; x_wconf 84' lang='lat' dir='ltr'><strong>imperator</strong></span> <span class='ocrx_word' id='word_1_179' title='bbox 2017 3706 2131 3761; x_wconf 84' lang='lat' dir='ltr'><strong>Au-</strong></span> 
     </span>
    </p>
   </div>
   <div class='ocr_carea' id='block_1_33' title="bbox 558 3794 2133 3868">
    <p class='ocr_par' dir='ltr' id='par_1_33' title="bbox 558 3794 2133 3868">
     <span class='ocr_line' id='line_1_33' title="bbox 558 3794 2133 3868; baseline -0.001 -14"><span class='ocrx_word' id='word_1_180' title='bbox 558 3808 743 3868; x_wconf 68' lang='lat' dir='ltr'><strong>guste,</strong></span> <span class='ocrx_word' id='word_1_181' title='bbox 777 3797 1141 3853; x_wconf 91' lang='lat' dir='ltr'><strong>Ecclesiarum</strong></span> <span class='ocrx_word' id='word_1_182' title='bbox 1175 3794 1567 3865; x_wconf 84' lang='lat' dir='ltr'><strong>tranquillitate</strong></span> <span class='ocrx_word' id='word_1_183' title='bbox 1588 3796 1842 3867; x_wconf 71' lang='lat' dir='ltr'><strong>gaudere,</strong></span> <span class='ocrx_word' id='word_1_184' title='bbox 1866 3806 1921 3852; x_wconf 88' lang='lat' dir='ltr'><strong>et</strong></span> <span class='ocrx_word' id='word_1_185' title='bbox 1966 3800 2133 3853; x_wconf 92' lang='lat' dir='ltr'><strong>tribu-</strong></span> 
     </span>
    </p>
   </div>
   <div class='ocr_carea' id='block_1_34' title="bbox 558 3890 2132 3961">
    <p class='ocr_par' dir='ltr' id='par_1_34' title="bbox 558 3890 2132 3961">
     <span class='ocr_line' id='line_1_34' title="bbox 558 3890 2132 3961; baseline -0.001 -15"><span class='ocrx_word' id='word_1_186' title='bbox 558 3895 790 3948; x_wconf 85' lang='lat' dir='ltr'><strong>latioues</strong></span> <span class='ocrx_word' id='word_1_187' title='bbox 828 3891 1008 3961; x_wconf 87' lang='lat' dir='ltr'><strong>populi</strong></span> <span class='ocrx_word' id='word_1_188' title='bbox 1041 3890 1354 3946; x_wconf 73' lang='lat' dir='ltr'><strong>conturbati</strong></span> <span class='ocrx_word' id='word_1_189' title='bbox 1388 3895 1446 3944; x_wconf 90' lang='lat' dir='ltr'><strong>et</strong></span> <span class='ocrx_word' id='word_1_190' title='bbox 1479 3897 1824 3958; x_wconf 81' lang='lat' dir='ltr'><strong>tempestates</strong></span> <span class='ocrx_word' id='word_1_191' title='bbox 1865 3893 2132 3961; x_wconf 80' lang='lat' dir='ltr'><strong>tranquil-</strong></span> 
     </span>
    </p>
   </div>
   <div class='ocr_carea' id='block_1_35' title="bbox 561 3981 2132 4053">
    <p class='ocr_par' dir='ltr' id='par_1_35' title="bbox 561 3981 2132 4053">
     <span class='ocr_line' id='line_1_35' title="bbox 561 3981 2132 4053; baseline 0 -15"><span class='ocrx_word' id='word_1_192' title='bbox 561 3986 786 4041; x_wconf 88' lang='lat' dir='ltr'><strong>lissimis</strong></span> <span class='ocrx_word' id='word_1_193' title='bbox 824 3984 1021 4039; x_wconf 75' lang='lat' dir='ltr'><strong>vestris</strong></span> <span class='ocrx_word' id='word_1_194' title='bbox 1055 3981 1471 4037; x_wconf 90' lang='lat' dir='ltr'><strong>allocutionibus</strong></span> <span class='ocrx_word' id='word_1_195' title='bbox 1503 3985 1570 4037; x_wconf 91' lang='lat' dir='ltr'><strong>ad</strong></span> <span class='ocrx_word' id='word_1_196' title='bbox 1602 3983 1751 4052; x_wconf 82' lang='lat' dir='ltr'><strong>pacis</strong></span> <span class='ocrx_word' id='word_1_197' title='bbox 1786 3983 1912 4053; x_wconf 87' lang='lat' dir='ltr'><strong>jura</strong></span> <span class='ocrx_word' id='word_1_198' title='bbox 1954 3995 2132 4039; x_wconf 82' lang='lat' dir='ltr'><strong>trans-</strong></span> 
     </span>
    </p>
   </div>
   <div class='ocr_carea' id='block_1_36' title="bbox 558 4072 2132 4142">
    <p class='ocr_par' dir='ltr' id='par_1_36' title="bbox 558 4072 2132 4142">
     <span class='ocr_line' id='line_1_36' title="bbox 558 4072 2132 4142; baseline -0.001 -11"><span class='ocrx_word' id='word_1_199' title='bbox 558 4078 721 4132; x_wconf 89' lang='lat' dir='ltr'><strong>ferre.</strong></span> <span class='ocrx_word' id='word_1_200' title='bbox 755 4074 1050 4142; x_wconf 86' lang='lat' dir='ltr'><strong>Propterea</strong></span> <span class='ocrx_word' id='word_1_201' title='bbox 1089 4072 1358 4142; x_wconf 88' lang='lat' dir='ltr'><strong>siquidem</strong></span> <span class='ocrx_word' id='word_1_202' title='bbox 1399 4087 1496 4128; x_wconf 83' lang='lat' dir='ltr'><strong>vos</strong></span> <span class='ocrx_word' id='word_1_203' title='bbox 1525 4073 1668 4128; x_wconf 88' lang='lat' dir='ltr'><strong>Dens</strong></span> <span class='ocrx_word' id='word_1_204' title='bbox 1695 4074 1910 4130; x_wconf 66' lang='lat' dir='ltr'><strong>caelitus</strong></span> <span class='ocrx_word' id='word_1_205' title='bbox 1951 4076 2132 4130; x_wconf 89' lang='lat' dir='ltr'><strong>divino</strong></span> 
     </span>
    </p>
   </div>
   <div class='ocr_carea' id='block_1_37' title="bbox 558 4162 2128 4234">
    <p class='ocr_par' dir='ltr' id='par_1_37' title="bbox 558 4162 2128 4234">
     <span class='ocr_line' id='line_1_37' title="bbox 558 4162 2128 4234; baseline -0.001 -15"><span class='ocrx_word' id='word_1_206' title='bbox 558 4174 690 4219; x_wconf 92' lang='lat' dir='ltr'><strong>nutu</strong></span> <span class='ocrx_word' id='word_1_207' title='bbox 740 4178 838 4217; x_wconf 91' lang='lat' dir='ltr'><strong>suo</strong></span> <span class='ocrx_word' id='word_1_208' title='bbox 886 4164 1139 4229; x_wconf 82' lang='lat' dir='ltr'><strong>munivit,</strong></span> <span class='ocrx_word' id='word_1_209' title='bbox 1184 4169 1245 4216; x_wconf 89' lang='lat' dir='ltr'><strong>ut</strong></span> <span class='ocrx_word' id='word_1_210' title='bbox 1283 4176 1348 4217; x_wconf 90' lang='lat' dir='ltr'><strong>ea</strong></span> <span class='ocrx_word' id='word_1_211' title='bbox 1390 4162 1606 4234; x_wconf 88' lang='lat' dir='ltr'><strong>quidem</strong></span> <span class='ocrx_word' id='word_1_212' title='bbox 1639 4177 1759 4233; x_wconf 69' lang='lat' dir='ltr'><strong>quas</strong></span> <span class='ocrx_word' id='word_1_213' title='bbox 1806 4178 1937 4219; x_wconf 83' lang='lat' dir='ltr'><strong>sana</strong></span> <span class='ocrx_word' id='word_1_214' title='bbox 1983 4176 2128 4231; x_wconf 89' lang='lat' dir='ltr'><strong>sunt,</strong></span> 
     </span>
    </p>
   </div>
   <div class='ocr_carea' id='block_1_38' title="bbox 558 4254 2132 4326">
    <p class='ocr_par' dir='ltr' id='par_1_38' title="bbox 558 4254 2132 4326">
     <span class='ocr_line' id='line_1_38' title="bbox 558 4254 2132 4326; baseline 0.002 -17"><span class='ocrx_word' id='word_1_215' title='bbox 558 4255 825 4325; x_wconf 82' lang='lat' dir='ltr'><strong>imperiali</strong></span> <span class='ocrx_word' id='word_1_216' title='bbox 859 4263 1127 4324; x_wconf 87' lang='lat' dir='ltr'><strong>potestate</strong></span> <span class='ocrx_word' id='word_1_217' title='bbox 1158 4254 1365 4326; x_wconf 83' lang='lat' dir='ltr'><strong>integra</strong></span> <span class='ocrx_word' id='word_1_218' title='bbox 1400 4268 1617 4325; x_wconf 82' lang='lat' dir='ltr'><strong>semper</strong></span> <span class='ocrx_word' id='word_1_219' title='bbox 1649 4256 1904 4324; x_wconf 83' lang='lat' dir='ltr'><strong>salvaque</strong></span> <span class='ocrx_word' id='word_1_220' title='bbox 1933 4268 2132 4313; x_wconf 87' lang='lat' dir='ltr'><strong>custo-</strong></span> 
     </span>
    </p>
   </div>
   <div class='ocr_carea' id='block_1_39' title="bbox 558 4345 2130 4418">
    <p class='ocr_par' dir='ltr' id='par_1_39' title="bbox 558 4345 2130 4418">
     <span class='ocr_line' id='line_1_39' title="bbox 558 4345 2130 4418; baseline 0.003 -19"><span class='ocrx_word' id='word_1_221' title='bbox 558 4345 754 4412; x_wconf 87' lang='lat' dir='ltr'><strong>diatis;</strong></span> <span class='ocrx_word' id='word_1_222' title='bbox 783 4360 904 4415; x_wconf 70' lang='lat' dir='ltr'><strong>quae</strong></span> <span class='ocrx_word' id='word_1_223' title='bbox 950 4359 1081 4401; x_wconf 87' lang='lat' dir='ltr'><strong>vero</strong></span> <span class='ocrx_word' id='word_1_224' title='bbox 1115 4352 1307 4400; x_wconf 80' lang='lat' dir='ltr'><strong>vexata</strong></span> <span class='ocrx_word' id='word_1_225' title='bbox 1345 4354 1471 4400; x_wconf 92' lang='lat' dir='ltr'><strong>sunt</strong></span> <span class='ocrx_word' id='word_1_226' title='bbox 1504 4353 1668 4416; x_wconf 86' lang='lat' dir='ltr'><strong>atque</strong></span> <span class='ocrx_word' id='word_1_227' title='bbox 1708 4357 1990 4418; x_wconf 88' lang='lat' dir='ltr'><strong>corrupta,</strong></span> <span class='ocrx_word' id='word_1_228' title='bbox 2040 4367 2130 4403; x_wconf 85' lang='lat' dir='ltr'><strong>ve-</strong></span> 
     </span>
    </p>
   </div>
   <div class='ocr_carea' id='block_1_40' title="bbox 557 4434 2130 4507">
    <p class='ocr_par' dir='ltr' id='par_1_40' title="bbox 557 4434 2130 4507">
     <span class='ocr_line' id='line_1_40' title="bbox 557 4434 2130 4507; baseline 0.004 -18"><span class='ocrx_word' id='word_1_229' title='bbox 557 4445 686 4489; x_wconf 84' lang='lat' dir='ltr'><strong>strae</strong></span> <span class='ocrx_word' id='word_1_230' title='bbox 730 4434 948 4503; x_wconf 90' lang='lat' dir='ltr'><strong>pietatis</strong></span> <span class='ocrx_word' id='word_1_231' title='bbox 1001 4434 1267 4489; x_wconf 89' lang='lat' dir='ltr'><strong>medicina</strong></span> <span class='ocrx_word' id='word_1_232' title='bbox 1333 4435 1557 4499; x_wconf 82' lang='lat' dir='ltr'><strong>curetis,</strong></span> <span class='ocrx_word' id='word_1_233' title='bbox 1610 4436 1743 4491; x_wconf 90' lang='lat' dir='ltr'><strong>nihil</strong></span> <span class='ocrx_word' id='word_1_234' title='bbox 1794 4439 1991 4507; x_wconf 72' lang='lat' dir='ltr'><strong>itaque</strong></span> <span class='ocrx_word' id='word_1_235' title='bbox 2021 4441 2130 4495; x_wconf 88' lang='lat' dir='ltr'><strong>Deo</strong></span> 
     </span>
    </p>
   </div>
   <div class='ocr_carea' id='block_1_41' title="bbox 558 4523 2129 4595">
    <p class='ocr_par' dir='ltr' id='par_1_41' title="bbox 558 4523 2129 4595">
     <span class='ocr_line' id='line_1_41' title="bbox 558 4523 2129 4595; baseline 0.004 -16"><span class='ocrx_word' id='word_1_236' title='bbox 558 4525 845 4580; x_wconf 77' lang='lat' dir='ltr'><strong>amabilius</strong></span> <span class='ocrx_word' id='word_1_237' title='bbox 891 4534 993 4588; x_wconf 91' lang='lat' dir='ltr'><strong>est,</strong></span> <span class='ocrx_word' id='word_1_238' title='bbox 1050 4523 1185 4577; x_wconf 87' lang='lat' dir='ltr'><strong>nihil</strong></span> <span class='ocrx_word' id='word_1_239' title='bbox 1241 4525 1540 4594; x_wconf 88' lang='lat' dir='ltr'><strong>acceptius,</strong></span> <span class='ocrx_word' id='word_1_240' title='bbox 1583 4542 1744 4595; x_wconf 91' lang='lat' dir='ltr'><strong>quam</strong></span> <span class='ocrx_word' id='word_1_241' title='bbox 1791 4538 1849 4582; x_wconf 92' lang='lat' dir='ltr'><strong>ut</strong></span> <span class='ocrx_word' id='word_1_242' title='bbox 1894 4530 1981 4583; x_wconf 88' lang='lat' dir='ltr'><strong>illa</strong></span> <span class='ocrx_word' id='word_1_243' title='bbox 2036 4548 2129 4586; x_wconf 86' lang='lat' dir='ltr'><strong>vos</strong></span> 
     </span>
    </p>
   </div>
   <div class='ocr_carea' id='block_1_42' title="bbox 557 4613 2132 4688">
    <p class='ocr_par' dir='ltr' id='par_1_42' title="bbox 557 4613 2132 4688">
     <span class='ocr_line' id='line_1_42' title="bbox 557 4613 2132 4688; baseline 0.005 -18"><span class='ocrx_word' id='word_1_244' title='bbox 557 4616 804 4686; x_wconf 78' lang='lat' dir='ltr'><strong>sapiatls,</strong></span> <span class='ocrx_word' id='word_1_245' title='bbox 838 4628 956 4685; x_wconf 75' lang='lat' dir='ltr'><strong>qua:</strong></span> <span class='ocrx_word' id='word_1_246' title='bbox 1003 4629 1033 4669; x_wconf 89' lang='lat' dir='ltr'><strong>a</strong></span> <span class='ocrx_word' id='word_1_247' title='bbox 1075 4613 1168 4669; x_wconf 87' lang='lat' dir='ltr'><strong>Dei</strong></span> <span class='ocrx_word' id='word_1_248' title='bbox 1200 4615 1379 4673; x_wconf 89' lang='lat' dir='ltr'><strong>Patris</strong></span> <span class='ocrx_word' id='word_1_249' title='bbox 1430 4619 1696 4688; x_wconf 84' lang='lat' dir='ltr'><strong>sapientia</strong></span> <span class='ocrx_word' id='word_1_250' title='bbox 1744 4620 2042 4685; x_wconf 88' lang='lat' dir='ltr'><strong>didicistis;</strong></span> <span class='ocrx_word' id='word_1_251' title='bbox 2075 4634 2132 4678; x_wconf 89' lang='lat' dir='ltr'><strong>et</strong></span> 
     </span>
    </p>
   </div>
   <div class='ocr_carea' id='block_1_43' title="bbox 558 4707 2128 4777">
    <p class='ocr_par' dir='ltr' id='par_1_43' title="bbox 558 4707 2128 4777">
     <span class='ocr_line' id='line_1_43' title="bbox 558 4707 2128 4777; baseline 0.003 -15"><span class='ocrx_word' id='word_1_252' title='bbox 558 4708 648 4763; x_wconf 83' lang='lat' dir='ltr'><strong>illa</strong></span> <span class='ocrx_word' id='word_1_253' title='bbox 696 4709 955 4773; x_wconf 84' lang='lat' dir='ltr'><strong>doceatis,</strong></span> <span class='ocrx_word' id='word_1_254' title='bbox 991 4722 1109 4777; x_wconf 75' lang='lat' dir='ltr'><strong>qua:</strong></span> <span class='ocrx_word' id='word_1_255' title='bbox 1137 4707 1205 4762; x_wconf 91' lang='lat' dir='ltr'><strong>ab</strong></span> <span class='ocrx_word' id='word_1_256' title='bbox 1239 4707 1373 4777; x_wconf 89' lang='lat' dir='ltr'><strong>ipsis</strong></span> <span class='ocrx_word' id='word_1_257' title='bbox 1402 4709 1524 4763; x_wconf 82' lang='lat' dir='ltr'><strong>lidei</strong></span> <span class='ocrx_word' id='word_1_258' title='bbox 1568 4722 1761 4765; x_wconf 76' lang='lat' dir='ltr'><strong>vestra:</strong></span> <span class='ocrx_word' id='word_1_259' title='bbox 1790 4711 2128 4768; x_wconf 85' lang='lat' dir='ltr'><strong>incunabulis</strong></span> 
     </span>
    </p>
   </div>
   <div class='ocr_carea' id='block_1_44' title="bbox 2247 3348 3815 3426">
    <p class='ocr_par' dir='ltr' id='par_1_44' title="bbox 2247 3348 3815 3426">
     <span class='ocr_line' id='line_1_44' title="bbox 2247 3348 3815 3426; baseline 0.002 -16"><span class='ocrx_word' id='word_1_260' title='bbox 2247 3356 2384 3410; x_wconf 88' lang='lat' dir='ltr'><strong>ultra</strong></span> <span class='ocrx_word' id='word_1_261' title='bbox 2418 3368 2632 3425; x_wconf 81' lang='lat' dir='ltr'><strong>sapere,</strong></span> <span class='ocrx_word' id='word_1_262' title='bbox 2679 3366 2841 3425; x_wconf 87' lang='lat' dir='ltr'><strong>quam</strong></span> <span class='ocrx_word' id='word_1_263' title='bbox 2891 3370 2954 3411; x_wconf 88' lang='lat' dir='ltr'><strong>ea</strong></span> <span class='ocrx_word' id='word_1_264' title='bbox 3004 3370 3123 3426; x_wconf 80' lang='lat' dir='ltr'><strong>qua:</strong></span> <span class='ocrx_word' id='word_1_265' title='bbox 3157 3364 3426 3411; x_wconf 83' lang='lat' dir='ltr'><strong>lautorum</strong></span> <span class='ocrx_word' id='word_1_266' title='bbox 3456 3348 3675 3412; x_wconf 79' lang='lat' dir='ltr'><strong>Patrum</strong></span> <span class='ocrx_word' id='word_1_267' title='bbox 3710 3367 3815 3413; x_wconf 84' lang='lat' dir='ltr'><strong>ter-</strong></span> 
     </span>
    </p>
   </div>
   <div class='ocr_carea' id='block_1_45' title="bbox 2245 3444 3815 3515">
    <p class='ocr_par' dir='ltr' id='par_1_45' title="bbox 2245 3444 3815 3515">
     <span class='ocr_line' id='line_1_45' title="bbox 2245 3444 3815 3515; baseline 0.001 -15"><span class='ocrx_word' id='word_1_268' title='bbox 2245 3446 2391 3500; x_wconf 89' lang='lat' dir='ltr'><strong>mino</strong></span> <span class='ocrx_word' id='word_1_269' title='bbox 2427 3455 2646 3500; x_wconf 87' lang='lat' dir='ltr'><strong>sanctus</strong></span> <span class='ocrx_word' id='word_1_270' title='bbox 2696 3445 2934 3515; x_wconf 87' lang='lat' dir='ltr'><strong>Spiritus</strong></span> <span class='ocrx_word' id='word_1_271' title='bbox 2982 3447 3237 3501; x_wconf 79' lang='lat' dir='ltr'><strong>erudivit.</strong></span> <span class='ocrx_word' id='word_1_272' title='bbox 3292 3444 3471 3515; x_wconf 91' lang='lat' dir='ltr'><strong>Unde,</strong></span> <span class='ocrx_word' id='word_1_273' title='bbox 3498 3449 3815 3502; x_wconf 87' lang='lat' dir='ltr'><strong>mansuetis-</strong></span> 
     </span>
    </p>
   </div>
   <div class='ocr_carea' id='block_1_46' title="bbox 2240 3537 3815 3608">
    <p class='ocr_par' dir='ltr' id='par_1_46' title="bbox 2240 3537 3815 3608">
     <span class='ocr_line' id='line_1_46' title="bbox 2240 3537 3815 3608; baseline -0.001 -15"><span class='ocrx_word' id='word_1_274' title='bbox 2240 3538 2378 3593; x_wconf 85' lang='lat' dir='ltr'><strong>sime</strong></span> <span class='ocrx_word' id='word_1_275' title='bbox 2413 3537 2733 3606; x_wconf 86' lang='lat' dir='ltr'><strong>imperator,</strong></span> <span class='ocrx_word' id='word_1_276' title='bbox 2777 3547 2833 3590; x_wconf 91' lang='lat' dir='ltr'><strong>et</strong></span> <span class='ocrx_word' id='word_1_277' title='bbox 2872 3552 2994 3608; x_wconf 77' lang='lat' dir='ltr'><strong>ego,</strong></span> <span class='ocrx_word' id='word_1_278' title='bbox 3039 3548 3093 3592; x_wconf 90' lang='lat' dir='ltr'><strong>et</strong></span> <span class='ocrx_word' id='word_1_279' title='bbox 3119 3538 3294 3593; x_wconf 91' lang='lat' dir='ltr'><strong>omnis</strong></span> <span class='ocrx_word' id='word_1_280' title='bbox 3320 3538 3563 3593; x_wconf 83' lang='lat' dir='ltr'><strong>Ecclesia</strong></span> <span class='ocrx_word' id='word_1_281' title='bbox 3605 3541 3695 3594; x_wconf 81' lang='lat' dir='ltr'><strong>Dei</strong></span> <span class='ocrx_word' id='word_1_282' title='bbox 3740 3539 3815 3593; x_wconf 91' lang='lat' dir='ltr'><strong>sic</strong></span> 
     </span>
    </p>
   </div>
   <div class='ocr_carea' id='block_1_47' title="bbox 2242 3628 3816 3700">
    <p class='ocr_par' dir='ltr' id='par_1_47' title="bbox 2242 3628 3816 3700">
     <span class='ocr_line' id='line_1_47' title="bbox 2242 3628 3816 3700; baseline -0.003 -16"><span class='ocrx_word' id='word_1_283' title='bbox 2242 3630 2505 3700; x_wconf 80' lang='lat' dir='ltr'><strong>Sapimus,</strong></span> <span class='ocrx_word' id='word_1_284' title='bbox 2535 3636 2589 3682; x_wconf 90' lang='lat' dir='ltr'><strong>ct</strong></span> <span class='ocrx_word' id='word_1_285' title='bbox 2622 3628 2675 3682; x_wconf 89' lang='lat' dir='ltr'><strong>in</strong></span> <span class='ocrx_word' id='word_1_286' title='bbox 2725 3642 2992 3683; x_wconf 87' lang='lat' dir='ltr'><strong>consensu</strong></span> <span class='ocrx_word' id='word_1_287' title='bbox 3028 3639 3210 3683; x_wconf 88' lang='lat' dir='ltr'><strong>nostro</strong></span> <span class='ocrx_word' id='word_1_288' title='bbox 3248 3637 3560 3684; x_wconf 84' lang='lat' dir='ltr'><strong>sanctorum</strong></span> <span class='ocrx_word' id='word_1_289' title='bbox 3596 3629 3816 3683; x_wconf 83' lang='lat' dir='ltr'><strong>Patrum</strong></span> 
     </span>
    </p>
   </div>
   <div class='ocr_carea' id='block_1_48' title="bbox 2241 3719 3816 3777">
    <p class='ocr_par' dir='ltr' id='par_1_48' title="bbox 2241 3719 3816 3777">
     <span class='ocr_line' id='line_1_48' title="bbox 2241 3719 3816 3777; baseline -0.001 0"><span class='ocrx_word' id='word_1_290' title='bbox 2241 3721 2590 3777; x_wconf 81' lang='lat' dir='ltr'><strong>deﬁnitiones</strong></span> <span class='ocrx_word' id='word_1_291' title='bbox 2640 3719 2744 3773; x_wconf 82' lang='lat' dir='ltr'><strong>fide</strong></span> <span class='ocrx_word' id='word_1_292' title='bbox 2775 3729 2828 3774; x_wconf 91' lang='lat' dir='ltr'><strong>et</strong></span> <span class='ocrx_word' id='word_1_293' title='bbox 2878 3719 3076 3775; x_wconf 90' lang='lat' dir='ltr'><strong>devota</strong></span> <span class='ocrx_word' id='word_1_294' title='bbox 3125 3719 3455 3776; x_wconf 86' lang='lat' dir='ltr'><strong>confessione</strong></span> <span class='ocrx_word' id='word_1_295' title='bbox 3505 3720 3816 3775; x_wconf 81' lang='lat' dir='ltr'><strong>firmamus.</strong></span> 
     </span>
    </p>
   </div>
   <div class='ocr_carea' id='block_1_49' title="bbox 2245 3810 3818 3880">
    <p class='ocr_par' dir='ltr' id='par_1_49' title="bbox 2245 3810 3818 3880">
     <span class='ocr_line' id='line_1_49' title="bbox 2245 3810 3818 3880; baseline -0.003 -13"><span class='ocrx_word' id='word_1_296' title='bbox 2245 3815 2318 3869; x_wconf 87' lang='lat' dir='ltr'><strong>De</strong></span> <span class='ocrx_word' id='word_1_297' title='bbox 2347 3811 2631 3868; x_wconf 88' lang='lat' dir='ltr'><strong>Timotheo</strong></span> <span class='ocrx_word' id='word_1_298' title='bbox 2659 3826 2789 3866; x_wconf 87' lang='lat' dir='ltr'><strong>vero</strong></span> <span class='ocrx_word' id='word_1_299' title='bbox 2812 3812 2893 3865; x_wconf 90' lang='lat' dir='ltr'><strong>sic</strong></span> <span class='ocrx_word' id='word_1_300' title='bbox 2922 3811 3196 3880; x_wconf 87' lang='lat' dir='ltr'><strong>sapimus:</strong></span> <span class='ocrx_word' id='word_1_301' title='bbox 3225 3810 3477 3880; x_wconf 87' lang='lat' dir='ltr'><strong>quoniam</strong></span> <span class='ocrx_word' id='word_1_302' title='bbox 3506 3813 3818 3864; x_wconf 85' lang='lat' dir='ltr'><strong>secundum</strong></span> 
     </span>
    </p>
   </div>
   <div class='ocr_carea' id='block_1_50' title="bbox 2240 3898 3814 3972">
    <p class='ocr_par' dir='ltr' id='par_1_50' title="bbox 2240 3898 3814 3972">
     <span class='ocr_line' id='line_1_50' title="bbox 2240 3898 3814 3972; baseline -0.003 -15"><span class='ocrx_word' id='word_1_303' title='bbox 2240 3908 2498 3958; x_wconf 80' lang='lat' dir='ltr'><strong>virtutem</strong></span> <span class='ocrx_word' id='word_1_304' title='bbox 2538 3917 2762 3972; x_wconf 91' lang='lat' dir='ltr'><strong>precum</strong></span> <span class='ocrx_word' id='word_1_305' title='bbox 2805 3903 2980 3957; x_wconf 85' lang='lat' dir='ltr'><strong>adhuc</strong></span> <span class='ocrx_word' id='word_1_306' title='bbox 3024 3905 3146 3958; x_wconf 85' lang='lat' dir='ltr'><strong>vivo</strong></span> <span class='ocrx_word' id='word_1_307' title='bbox 3190 3903 3486 3957; x_wconf 76' lang='lat' dir='ltr'><strong>exsistente</strong></span> <span class='ocrx_word' id='word_1_308' title='bbox 3533 3898 3814 3972; x_wconf 82' lang='lat' dir='ltr'><strong>episcOpo,</strong></span> 
     </span>
    </p>
   </div>
   <div class='ocr_carea' id='block_1_51' title="bbox 2240 3993 3816 4063">
    <p class='ocr_par' dir='ltr' id='par_1_51' title="bbox 2240 3993 3816 4063">
     <span class='ocr_line' id='line_1_51' title="bbox 2240 3993 3816 4063; baseline -0.002 -13"><span class='ocrx_word' id='word_1_309' title='bbox 2240 3994 2537 4063; x_wconf 89' lang='lat' dir='ltr'><strong>impudenti</strong></span> <span class='ocrx_word' id='word_1_310' title='bbox 2583 3993 2883 4048; x_wconf 89' lang='lat' dir='ltr'><strong>intentione</strong></span> <span class='ocrx_word' id='word_1_311' title='bbox 2926 3994 2993 4049; x_wconf 90' lang='lat' dir='ltr'><strong>ab</strong></span> <span class='ocrx_word' id='word_1_312' title='bbox 3022 3995 3510 4050; x_wconf 83' lang='lat' dir='ltr'><strong>excommunicatis</strong></span> <span class='ocrx_word' id='word_1_313' title='bbox 3552 4003 3638 4050; x_wconf 86' lang='lat' dir='ltr'><strong>est</strong></span> <span class='ocrx_word' id='word_1_314' title='bbox 3669 3997 3816 4050; x_wconf 87' lang='lat' dir='ltr'><strong>ordi-</strong></span> 
     </span>
    </p>
   </div>
   <div class='ocr_carea' id='block_1_52' title="bbox 2238 4084 3809 4155">
    <p class='ocr_par' dir='ltr' id='par_1_52' title="bbox 2238 4084 3809 4155">
     <span class='ocr_line' id='line_1_52' title="bbox 2238 4084 3809 4155; baseline -0.001 -16"><span class='ocrx_word' id='word_1_315' title='bbox 2238 4095 2400 4141; x_wconf 91' lang='lat' dir='ltr'><strong>natus</strong></span> <span class='ocrx_word' id='word_1_316' title='bbox 2469 4094 2523 4139; x_wconf 87' lang='lat' dir='ltr'><strong>et</strong></span> <span class='ocrx_word' id='word_1_317' title='bbox 2590 4085 3117 4139; x_wconf 82' lang='lat' dir='ltr'><strong>excommunicatum</strong></span> <span class='ocrx_word' id='word_1_318' title='bbox 3184 4084 3553 4141; x_wconf 84' lang='lat' dir='ltr'><strong>ecclesiastica</strong></span> <span class='ocrx_word' id='word_1_319' title='bbox 3631 4086 3809 4155; x_wconf 74' lang='lat' dir='ltr'><strong>regula</strong></span> 
     </span>
    </p>
   </div>
   <div class='ocr_carea' id='block_1_53' title="bbox 2236 4176 3809 4248">
    <p class='ocr_par' dir='ltr' id='par_1_53' title="bbox 2236 4176 3809 4248">
     <span class='ocr_line' id='line_1_53' title="bbox 2236 4176 3809 4248; baseline -0.003 -16"><span class='ocrx_word' id='word_1_320' title='bbox 2236 4193 2361 4232; x_wconf 90' lang='lat' dir='ltr'><strong>eum</strong></span> <span class='ocrx_word' id='word_1_321' title='bbox 2422 4189 2542 4231; x_wconf 86' lang='lat' dir='ltr'><strong>esse</strong></span> <span class='ocrx_word' id='word_1_322' title='bbox 2591 4176 2891 4231; x_wconf 87' lang='lat' dir='ltr'><strong>decernit:</strong></span> <span class='ocrx_word' id='word_1_323' title='bbox 2934 4192 3112 4248; x_wconf 89' lang='lat' dir='ltr'><strong>neque</strong></span> <span class='ocrx_word' id='word_1_324' title='bbox 3164 4192 3357 4232; x_wconf 81' lang='lat' dir='ltr'><strong>ntanus</strong></span> <span class='ocrx_word' id='word_1_325' title='bbox 3417 4177 3809 4248; x_wconf 86' lang='lat' dir='ltr'><strong>impositionem</strong></span> 
     </span>
    </p>
   </div>
   <div class='ocr_carea' id='block_1_54' title="bbox 2239 4266 3813 4337">
    <p class='ocr_par' dir='ltr' id='par_1_54' title="bbox 2239 4266 3813 4337">
     <span class='ocr_line' id='line_1_54' title="bbox 2239 4266 3813 4337; baseline -0.003 -14"><span class='ocrx_word' id='word_1_326' title='bbox 2239 4269 2449 4323; x_wconf 90' lang='lat' dir='ltr'><strong>illorum</strong></span> <span class='ocrx_word' id='word_1_327' title='bbox 2508 4266 2887 4336; x_wconf 79' lang='lat' dir='ltr'><strong>episcoporum</strong></span> <span class='ocrx_word' id='word_1_328' title='bbox 2936 4268 2989 4320; x_wconf 89' lang='lat' dir='ltr'><strong>in</strong></span> <span class='ocrx_word' id='word_1_329' title='bbox 3023 4278 3209 4322; x_wconf 87' lang='lat' dir='ltr'><strong>sancta</strong></span> <span class='ocrx_word' id='word_1_330' title='bbox 3255 4267 3498 4323; x_wconf 86' lang='lat' dir='ltr'><strong>Ecclesia</strong></span> <span class='ocrx_word' id='word_1_331' title='bbox 3553 4267 3813 4337; x_wconf 85' lang='lat' dir='ltr'><strong>permittit</strong></span> 
     </span>
    </p>
   </div>
   <div class='ocr_carea' id='block_1_55' title="bbox 2236 4355 3809 4427">
    <p class='ocr_par' dir='ltr' id='par_1_55' title="bbox 2236 4355 3809 4427">
     <span class='ocr_line' id='line_1_55' title="bbox 2236 4355 3809 4427; baseline -0.001 -16"><span class='ocrx_word' id='word_1_332' title='bbox 2236 4358 2523 4427; x_wconf 81' lang='lat' dir='ltr'><strong>quamdam</strong></span> <span class='ocrx_word' id='word_1_333' title='bbox 2567 4356 2767 4410; x_wconf 82' lang='lat' dir='ltr'><strong>habere</strong></span> <span class='ocrx_word' id='word_1_334' title='bbox 2797 4356 3071 4422; x_wconf 77' lang='lat' dir='ltr'><strong>virtutem,</strong></span> <span class='ocrx_word' id='word_1_335' title='bbox 3117 4355 3207 4425; x_wconf 89' lang='lat' dir='ltr'><strong>qui</strong></span> <span class='ocrx_word' id='word_1_336' title='bbox 3246 4355 3445 4411; x_wconf 86' lang='lat' dir='ltr'><strong>Christi</strong></span> <span class='ocrx_word' id='word_1_337' title='bbox 3491 4355 3652 4411; x_wconf 75' lang='lat' dir='ltr'><strong>ﬁdem</strong></span> <span class='ocrx_word' id='word_1_338' title='bbox 3700 4356 3809 4409; x_wconf 87' lang='lat' dir='ltr'><strong>vio—</strong></span> 
     </span>
    </p>
   </div>
   <div class='ocr_carea' id='block_1_56' title="bbox 2236 4445 3804 4516">
    <p class='ocr_par' dir='ltr' id='par_1_56' title="bbox 2236 4445 3804 4516">
     <span class='ocr_line' id='line_1_56' title="bbox 2236 4445 3804 4516; baseline -0.003 -14"><span class='ocrx_word' id='word_1_339' title='bbox 2236 4450 2433 4512; x_wconf 84' lang='lat' dir='ltr'><strong>lantes,</strong></span> <span class='ocrx_word' id='word_1_340' title='bbox 2464 4445 2865 4501; x_wconf 87' lang='lat' dir='ltr'><strong>ordinationem</strong></span> <span class='ocrx_word' id='word_1_341' title='bbox 2897 4447 3208 4516; x_wconf 90' lang='lat' dir='ltr'><strong>impositam</strong></span> <span class='ocrx_word' id='word_1_342' title='bbox 3237 4447 3460 4502; x_wconf 90' lang='lat' dir='ltr'><strong>sibimet</strong></span> <span class='ocrx_word' id='word_1_343' title='bbox 3495 4448 3804 4502; x_wconf 85' lang='lat' dir='ltr'><strong>amiserunt.</strong></span> 
     </span>
    </p>
   </div>
   <div class='ocr_carea' id='block_1_57' title="bbox 2238 4537 3808 4606">
    <p class='ocr_par' dir='ltr' id='par_1_57' title="bbox 2238 4537 3808 4606">
     <span class='ocr_line' id='line_1_57' title="bbox 2238 4537 3808 4606; baseline -0.003 -14"><span class='ocrx_word' id='word_1_344' title='bbox 2238 4538 2391 4593; x_wconf 82' lang='lat' dir='ltr'><strong>Nunc</strong></span> <span class='ocrx_word' id='word_1_345' title='bbox 2427 4538 2591 4606; x_wconf 71' lang='lat' dir='ltr'><strong>igitur</strong></span> <span class='ocrx_word' id='word_1_346' title='bbox 2634 4549 2830 4593; x_wconf 71' lang='lat' dir='ltr'><strong>nostrae</strong></span> <span class='ocrx_word' id='word_1_347' title='bbox 2871 4537 3232 4593; x_wconf 81' lang='lat' dir='ltr'><strong>confessionis</strong></span> <span class='ocrx_word' id='word_1_348' title='bbox 3277 4538 3504 4593; x_wconf 84' lang='lat' dir='ltr'><strong>verbum</strong></span> <span class='ocrx_word' id='word_1_349' title='bbox 3553 4538 3808 4592; x_wconf 80' lang='lat' dir='ltr'><strong>facientes</strong></span> 
     </span>
    </p>
   </div>
   <div class='ocr_carea' id='block_1_58' title="bbox 2236 4628 3808 4698">
    <p class='ocr_par' dir='ltr' id='par_1_58' title="bbox 2236 4628 3808 4698">
     <span class='ocr_line' id='line_1_58' title="bbox 2236 4628 3808 4698; baseline -0.003 -15"><span class='ocrx_word' id='word_1_350' title='bbox 2236 4630 2613 4684; x_wconf 85' lang='lat' dir='ltr'><strong>saluberrimis</strong></span> <span class='ocrx_word' id='word_1_351' title='bbox 2645 4630 2838 4684; x_wconf 87' lang='lat' dir='ltr'><strong>vestris</strong></span> <span class='ocrx_word' id='word_1_352' title='bbox 2881 4629 3108 4683; x_wconf 86' lang='lat' dir='ltr'><strong>auribus</strong></span> <span class='ocrx_word' id='word_1_353' title='bbox 3152 4629 3526 4694; x_wconf 83' lang='lat' dir='ltr'><strong>manifestum,</strong></span> <span class='ocrx_word' id='word_1_354' title='bbox 3563 4628 3808 4698; x_wconf 83' lang='lat' dir='ltr'><strong>deposci-</strong></span> 
     </span>
    </p>
   </div>
   <div class='ocr_carea' id='block_1_59' title="bbox 2235 4716 3810 4780">
    <p class='ocr_par' dir='ltr' id='par_1_59' title="bbox 2235 4716 3810 4780">
     <span class='ocr_line' id='line_1_59' title="bbox 2235 4716 3810 4780; baseline -0.003 -5"><span class='ocrx_word' id='word_1_355' title='bbox 2235 4735 2357 4775; x_wconf 87' lang='lat' dir='ltr'><strong>mus</strong></span> <span class='ocrx_word' id='word_1_356' title='bbox 2406 4716 2692 4774; x_wconf 84' lang='lat' dir='ltr'><strong>Dominunt</strong></span> <span class='ocrx_word' id='word_1_357' title='bbox 2744 4729 2987 4773; x_wconf 90' lang='lat' dir='ltr'><strong>nostrum</strong></span> <span class='ocrx_word' id='word_1_358' title='bbox 3035 4719 3216 4774; x_wconf 80' lang='lat' dir='ltr'><strong>Jesum</strong></span> <span class='ocrx_word' id='word_1_359' title='bbox 3248 4721 3562 4780; x_wconf 78' lang='lat' dir='ltr'><strong>Christum.</strong></span> <span class='ocrx_word' id='word_1_360' title='bbox 3613 4729 3673 4773; x_wconf 90' lang='lat' dir='ltr'><strong>ut</strong></span> <span class='ocrx_word' id='word_1_361' title='bbox 3720 4732 3810 4771; x_wconf 84' lang='lat' dir='ltr'><strong>vc-</strong></span> 
     </span>
    </p>
   </div>
   <div class='ocr_carea' id='block_1_60' title="bbox 556 4794 3805 4887">
    <p class='ocr_par' dir='ltr' id='par_1_60' title="bbox 556 4794 3805 4887">
     <span class='ocr_line' id='line_1_60' title="bbox 556 4794 3805 4887; baseline 0.002 -33"><span class='ocrx_word' id='word_1_362' title='bbox 556 4794 912 4854; x_wconf 84' lang='lat' dir='ltr'><strong>saluberrime</strong></span> <span class='ocrx_word' id='word_1_363' title='bbox 936 4800 1067 4854; x_wconf 83' lang='lat' dir='ltr'><strong>estis</strong></span> <span class='ocrx_word' id='word_1_364' title='bbox 1098 4800 1318 4856; x_wconf 88' lang='lat' dir='ltr'><strong>eruditi.</strong></span> <span class='ocrx_word' id='word_1_365' title='bbox 1350 4801 1419 4855; x_wconf 88' lang='lat' dir='ltr'><strong>Et</strong></span> <span class='ocrx_word' id='word_1_366' title='bbox 1449 4801 1705 4872; x_wconf 91' lang='lat' dir='ltr'><strong>quoniam</strong></span> <span class='ocrx_word' id='word_1_367' title='bbox 1745 4804 2127 4861; x_wconf 87' lang='lat' dir='ltr'><strong>sacratissimis</strong></span> <span class='ocrx_word' id='word_1_368' title='bbox 2163 4833 2203 4887; x_wconf 73' lang='lat' dir='ltr'><strong>B</strong></span> <span class='ocrx_word' id='word_1_369' title='bbox 2234 4820 2404 4865; x_wconf 88' lang='lat' dir='ltr'><strong>strum</strong></span> <span class='ocrx_word' id='word_1_370' title='bbox 2430 4809 2717 4880; x_wconf 87' lang='lat' dir='ltr'><strong>imperium</strong></span> <span class='ocrx_word' id='word_1_371' title='bbox 2741 4812 3019 4866; x_wconf 71' lang='lat' dir='ltr'><strong>catholica:</strong></span> <span class='ocrx_word' id='word_1_372' title='bbox 3047 4812 3167 4865; x_wconf 89' lang='lat' dir='ltr'><strong>lidei</strong></span> <span class='ocrx_word' id='word_1_373' title='bbox 3196 4811 3392 4865; x_wconf 90' lang='lat' dir='ltr'><strong>robore</strong></span> <span class='ocrx_word' id='word_1_374' title='bbox 3420 4810 3805 4871; x_wconf 79' lang='lat' dir='ltr'><strong>confortatuut,</strong></span> 
     </span>
    </p>
   </div>
   <div class='ocr_carea' id='block_1_61' title="bbox 556 4893 2129 4968">
    <p class='ocr_par' dir='ltr' id='par_1_61' title="bbox 556 4893 2129 4968">
     <span class='ocr_line' id='line_1_61' title="bbox 556 4893 2129 4968; baseline 0.006 -26"><span class='ocrx_word' id='word_1_375' title='bbox 556 4894 754 4947; x_wconf 80' lang='lat' dir='ltr'><strong>vestris</strong></span> <span class='ocrx_word' id='word_1_376' title='bbox 805 4893 1029 4963; x_wconf 78' lang='lat' dir='ltr'><strong>syllabis</strong></span> <span class='ocrx_word' id='word_1_377' title='bbox 1071 4894 1449 4960; x_wconf 86' lang='lat' dir='ltr'><strong>admonuistis,</strong></span> <span class='ocrx_word' id='word_1_378' title='bbox 1500 4904 1560 4951; x_wconf 92' lang='lat' dir='ltr'><strong>ut</strong></span> <span class='ocrx_word' id='word_1_379' title='bbox 1600 4912 1720 4966; x_wconf 63' lang='lat' dir='ltr'><strong>quae</strong></span> <span class='ocrx_word' id='word_1_380' title='bbox 1770 4898 2011 4968; x_wconf 88' lang='lat' dir='ltr'><strong>sapimus</strong></span> <span class='ocrx_word' id='word_1_381' title='bbox 2060 4898 2129 4953; x_wconf 90' lang='lat' dir='ltr'><strong>de</strong></span> 
     </span>
    </p>
   </div>
   <div class='ocr_carea' id='block_1_62' title="bbox 556 4980 2124 5049">
    <p class='ocr_par' dir='ltr' id='par_1_62' title="bbox 556 4980 2124 5049">
     <span class='ocr_line' id='line_1_62' title="bbox 556 4980 2124 5049; baseline 0.002 -13"><span class='ocrx_word' id='word_1_382' title='bbox 556 4989 748 5037; x_wconf 80' lang='lat' dir='ltr'><strong>sancto</strong></span> <span class='ocrx_word' id='word_1_383' title='bbox 775 4980 1199 5038; x_wconf 86' lang='lat' dir='ltr'><strong>Chalcedonensi</strong></span> <span class='ocrx_word' id='word_1_384' title='bbox 1228 4984 1483 5049; x_wconf 91' lang='lat' dir='ltr'><strong>concilio,</strong></span> <span class='ocrx_word' id='word_1_385' title='bbox 1527 4985 1729 5039; x_wconf 89' lang='lat' dir='ltr'><strong>nostris</strong></span> <span class='ocrx_word' id='word_1_386' title='bbox 1758 4983 1952 5040; x_wconf 88' lang='lat' dir='ltr'><strong>litteris</strong></span> <span class='ocrx_word' id='word_1_387' title='bbox 1980 4984 2124 5039; x_wconf 86' lang='lat' dir='ltr'><strong>refe-</strong></span> 
     </span>
    </p>
   </div>
   <div class='ocr_carea' id='block_1_63' title="bbox 558 5066 2113 5144">
    <p class='ocr_par' dir='ltr' id='par_1_63' title="bbox 558 5066 2113 5144">
     <span class='ocr_line' id='line_1_63' title="bbox 558 5066 2113 5144; baseline 0.005 -21"><span class='ocrx_word' id='word_1_388' title='bbox 558 5086 743 5125; x_wconf 81' lang='lat' dir='ltr'><strong>ramus</strong></span> <span class='ocrx_word' id='word_1_389' title='bbox 785 5073 851 5126; x_wconf 90' lang='lat' dir='ltr'><strong>ad</strong></span> <span class='ocrx_word' id='word_1_390' title='bbox 889 5080 1079 5126; x_wconf 61' lang='lat' dir='ltr'><strong>vestrae</strong></span> <span class='ocrx_word' id='word_1_391' title='bbox 1110 5066 1357 5128; x_wconf 85' lang='lat' dir='ltr'><strong>notitiam</strong></span> <span class='ocrx_word' id='word_1_392' title='bbox 1396 5074 1646 5143; x_wconf 88' lang='lat' dir='ltr'><strong>pietatis;</strong></span> <span class='ocrx_word' id='word_1_393' title='bbox 1678 5085 1971 5144; x_wconf 80' lang='lat' dir='ltr'><strong>cognoscat</strong></span> <span class='ocrx_word' id='word_1_394' title='bbox 2003 5075 2113 5130; x_wconf 82' lang='lat' dir='ltr'><strong>Ve-</strong></span> 
     </span>
    </p>
   </div>
   <div class='ocr_carea' id='block_1_64' title="bbox 555 5158 2121 5235">
    <p class='ocr_par' dir='ltr' id='par_1_64' title="bbox 555 5158 2121 5235">
     <span class='ocr_line' id='line_1_64' title="bbox 555 5158 2121 5235; baseline 0.004 -21"><span class='ocrx_word' id='word_1_395' title='bbox 555 5170 665 5215; x_wconf 88' lang='lat' dir='ltr'><strong>stra</strong></span> <span class='ocrx_word' id='word_1_396' title='bbox 693 5161 986 5225; x_wconf 87' lang='lat' dir='ltr'><strong>Serenitas.</strong></span> <span class='ocrx_word' id='word_1_397' title='bbox 1019 5164 1279 5232; x_wconf 88' lang='lat' dir='ltr'><strong>quoniam</strong></span> <span class='ocrx_word' id='word_1_398' title='bbox 1317 5162 1448 5218; x_wconf 86' lang='lat' dir='ltr'><strong>nihil</strong></span> <span class='ocrx_word' id='word_1_399' title='bbox 1471 5165 1722 5235; x_wconf 91' lang='lat' dir='ltr'><strong>amplius,</strong></span> <span class='ocrx_word' id='word_1_400' title='bbox 1756 5166 1890 5222; x_wconf 85' lang='lat' dir='ltr'><strong>nihil</strong></span> <span class='ocrx_word' id='word_1_401' title='bbox 1922 5158 2121 5233; x_wconf 82' lang='lat' dir='ltr'><strong>minus,</strong></span> 
     </span>
    </p>
   </div>
   <div class='ocr_carea' id='block_1_65' title="bbox 554 5253 2126 5326">
    <p class='ocr_par' dir='ltr' id='par_1_65' title="bbox 554 5253 2126 5326">
     <span class='ocr_line' id='line_1_65' title="bbox 554 5253 2126 5326; baseline 0.006 -22"><span class='ocrx_word' id='word_1_402' title='bbox 554 5262 716 5318; x_wconf 89' lang='lat' dir='ltr'><strong>quam</strong></span> <span class='ocrx_word' id='word_1_403' title='bbox 755 5267 875 5321; x_wconf 73' lang='lat' dir='ltr'><strong>qua:</strong></span> <span class='ocrx_word' id='word_1_404' title='bbox 919 5253 973 5305; x_wconf 92' lang='lat' dir='ltr'><strong>in</strong></span> <span class='ocrx_word' id='word_1_405' title='bbox 1023 5253 1445 5309; x_wconf 87' lang='lat' dir='ltr'><strong>Chalcedonensi</strong></span> <span class='ocrx_word' id='word_1_406' title='bbox 1472 5254 1551 5326; x_wconf 77' lang='grc'><strong>(1)</strong></span> <span class='ocrx_word' id='word_1_407' title='bbox 1579 5257 1812 5312; x_wconf 88' lang='lat' dir='ltr'><strong>concilio</strong></span> <span class='ocrx_word' id='word_1_408' title='bbox 1845 5272 1875 5312; x_wconf 91' lang='lat' dir='ltr'><strong>a</strong></span> <span class='ocrx_word' id='word_1_409' title='bbox 1921 5260 2126 5313; x_wconf 89' lang='lat' dir='ltr'><strong>sanctis</strong></span> 
     </span>
    </p>
   </div>
   <div class='ocr_carea' id='block_1_66' title="bbox 555 5338 2124 5415">
    <p class='ocr_par' dir='ltr' id='par_1_66' title="bbox 555 5338 2124 5415">
     <span class='ocr_line' id='line_1_66' title="bbox 555 5338 2124 5415; baseline 0.008 -23"><span class='ocrx_word' id='word_1_410' title='bbox 555 5338 807 5396; x_wconf 83' lang='lat' dir='ltr'><strong>Patribus</strong></span> <span class='ocrx_word' id='word_1_411' title='bbox 835 5343 1043 5411; x_wconf 80' lang='lat' dir='ltr'><strong>integre</strong></span> <span class='ocrx_word' id='word_1_412' title='bbox 1090 5351 1252 5412; x_wconf 88' lang='lat' dir='ltr'><strong>atque</strong></span> <span class='ocrx_word' id='word_1_413' title='bbox 1284 5344 1521 5414; x_wconf 83' lang='lat' dir='ltr'><strong>perfecte</strong></span> <span class='ocrx_word' id='word_1_414' title='bbox 1550 5343 1771 5402; x_wconf 83' lang='lat' dir='ltr'><strong>definita</strong></span> <span class='ocrx_word' id='word_1_415' title='bbox 1820 5357 1965 5415; x_wconf 90' lang='lat' dir='ltr'><strong>sunt,</strong></span> <span class='ocrx_word' id='word_1_416' title='bbox 2000 5364 2124 5405; x_wconf 84' lang='lat' dir='ltr'><strong>cre-</strong></span> 
     </span>
    </p>
   </div>
   <div class='ocr_carea' id='block_1_67' title="bbox 554 5429 2120 5506">
    <p class='ocr_par' dir='ltr' id='par_1_67' title="bbox 554 5429 2120 5506">
     <span class='ocr_line' id='line_1_67' title="bbox 554 5429 2120 5506; baseline 0.012 -26"><span class='ocrx_word' id='word_1_417' title='bbox 554 5429 753 5495; x_wconf 86' lang='lat' dir='ltr'><strong>dimus,</strong></span> <span class='ocrx_word' id='word_1_418' title='bbox 811 5440 904 5484; x_wconf 93' lang='lat' dir='ltr'><strong>aut</strong></span> <span class='ocrx_word' id='word_1_419' title='bbox 952 5435 1342 5489; x_wconf 83' lang='lat' dir='ltr'><strong>consentimus.</strong></span> <span class='ocrx_word' id='word_1_420' title='bbox 1392 5433 1577 5506; x_wconf 84' lang='lat' dir='ltr'><strong>Neque</strong></span> <span class='ocrx_word' id='word_1_421' title='bbox 1623 5437 1766 5492; x_wconf 87' lang='lat' dir='ltr'><strong>enim</strong></span> <span class='ocrx_word' id='word_1_422' title='bbox 1822 5437 1967 5494; x_wconf 93' lang='lat' dir='ltr'><strong>aliud</strong></span> <span class='ocrx_word' id='word_1_423' title='bbox 2023 5457 2120 5499; x_wconf 90' lang='lat' dir='ltr'><strong>nos</strong></span> 
     </span>
    </p>
   </div>
   <div class='ocr_carea' id='block_1_68' title="bbox 627 5606 1857 5686">
    <p class='ocr_par' dir='ltr' id='par_1_68' title="bbox 627 5606 1857 5686">
     <span class='ocr_line' id='line_1_68' title="bbox 627 5606 1857 5686; baseline 0.009 -27"><span class='ocrx_word' id='word_1_424' title='bbox 627 5606 702 5672; x_wconf 70' lang='grc' dir='ltr'>Π)</span> <span class='ocrx_word' id='word_1_425' title='bbox 744 5606 966 5664; x_wconf 80' lang='lat' dir='ltr'><strong>Veteres</strong></span> <span class='ocrx_word' id='word_1_426' title='bbox 992 5609 1136 5679; x_wconf 79' lang='lat' dir='ltr'><strong>libri,</strong></span> <span class='ocrx_word' id='word_1_427' title='bbox 1169 5629 1325 5683; x_wconf 86' lang='lat' dir='ltr'><strong>quam</strong></span> <span class='ocrx_word' id='word_1_428' title='bbox 1348 5630 1464 5683; x_wconf 62' lang='lat' dir='ltr'><strong>qua</strong></span> <span class='ocrx_word' id='word_1_429' title='bbox 1493 5616 1546 5668; x_wconf 87' lang='lat' dir='ltr'><strong>in</strong></span> <span class='ocrx_word' id='word_1_430' title='bbox 1576 5616 1857 5686; x_wconf 78' lang='lat' dir='ltr'><strong>Ephesino.</strong></span> 
     </span>
    </p>
   </div>
   <div class='ocr_carea' id='block_1_69' title="bbox 2233 4901 3810 4973">
    <p class='ocr_par' dir='ltr' id='par_1_69' title="bbox 2233 4901 3810 4973">
     <span class='ocr_line' id='line_1_69' title="bbox 2233 4901 3810 4973; baseline -0.002 -16"><span class='ocrx_word' id='word_1_431' title='bbox 2233 4909 2288 4957; x_wconf 88' lang='lat' dir='ltr'><strong>et</strong></span> <span class='ocrx_word' id='word_1_432' title='bbox 2331 4901 2507 4956; x_wconf 88' lang='lat' dir='ltr'><strong>crucis</strong></span> <span class='ocrx_word' id='word_1_433' title='bbox 2569 4903 2768 4957; x_wconf 80' lang='lat' dir='ltr'><strong>virtute</strong></span> <span class='ocrx_word' id='word_1_434' title='bbox 2812 4902 3097 4966; x_wconf 85' lang='lat' dir='ltr'><strong>munitum,</strong></span> <span class='ocrx_word' id='word_1_435' title='bbox 3156 4902 3225 4956; x_wconf 89' lang='lat' dir='ltr'><strong>ab</strong></span> <span class='ocrx_word' id='word_1_436' title='bbox 3271 4904 3417 4957; x_wconf 91' lang='lat' dir='ltr'><strong>omni</strong></span> <span class='ocrx_word' id='word_1_437' title='bbox 3469 4903 3810 4973; x_wconf 80' lang='lat' dir='ltr'><strong>suspectione</strong></span> 
     </span>
    </p>
   </div>
   <div class='ocr_carea' id='block_1_70' title="bbox 2235 4992 3810 5065">
    <p class='ocr_par' dir='ltr' id='par_1_70' title="bbox 2235 4992 3810 5065">
     <span class='ocr_line' id='line_1_70' title="bbox 2235 4992 3810 5065; baseline 0.001 -17"><span class='ocrx_word' id='word_1_438' title='bbox 2235 4992 2497 5048; x_wconf 87' lang='lat' dir='ltr'><strong>bellorum</strong></span> <span class='ocrx_word' id='word_1_439' title='bbox 2523 4993 2787 5049; x_wconf 89' lang='lat' dir='ltr'><strong>intactum</strong></span> <span class='ocrx_word' id='word_1_440' title='bbox 2812 5006 3029 5063; x_wconf 85' lang='lat' dir='ltr'><strong>semper</strong></span> <span class='ocrx_word' id='word_1_441' title='bbox 3049 4996 3328 5051; x_wconf 88' lang='lat' dir='ltr'><strong>custodire</strong></span> <span class='ocrx_word' id='word_1_442' title='bbox 3347 4995 3625 5065; x_wconf 77' lang='lat' dir='ltr'><strong>dignetur.</strong></span> <span class='ocrx_word' id='word_1_443' title='bbox 3649 4993 3810 5064; x_wconf 84' lang='lat' dir='ltr'><strong>Opta-</strong></span> 
     </span>
    </p>
   </div>
   <div class='ocr_carea' id='block_1_71' title="bbox 2234 5085 3808 5156">
    <p class='ocr_par' dir='ltr' id='par_1_71' title="bbox 2234 5085 3808 5156">
     <span class='ocr_line' id='line_1_71' title="bbox 2234 5085 3808 5156; baseline -0.001 -17"><span class='ocrx_word' id='word_1_444' title='bbox 2234 5100 2353 5140; x_wconf 85' lang='lat' dir='ltr'><strong>mus</strong></span> <span class='ocrx_word' id='word_1_445' title='bbox 2388 5096 2621 5139; x_wconf 86' lang='lat' dir='ltr'><strong>vestram</strong></span> <span class='ocrx_word' id='word_1_446' title='bbox 2655 5086 3106 5156; x_wconf 83' lang='lat' dir='ltr'><strong>tranquillitatem</strong></span> <span class='ocrx_word' id='word_1_447' title='bbox 3146 5086 3327 5140; x_wconf 90' lang='lat' dir='ltr'><strong>divina</strong></span> <span class='ocrx_word' id='word_1_448' title='bbox 3359 5087 3712 5143; x_wconf 85' lang='lat' dir='ltr'><strong>Providentia</strong></span> <span class='ocrx_word' id='word_1_449' title='bbox 3735 5085 3808 5154; x_wconf 65' lang='lat' dir='ltr'><strong>ti)</strong></span> 
     </span>
    </p>
   </div>
   <div class='ocr_carea' id='block_1_72' title="bbox 2228 5175 3810 5246">
    <p class='ocr_par' dir='ltr' id='par_1_72' title="bbox 2228 5175 3810 5246">
     <span class='ocr_line' id='line_1_72' title="bbox 2228 5175 3810 5246; baseline -0.001 -17"><span class='ocrx_word' id='word_1_450' title='bbox 2228 5189 2443 5242; x_wconf 88' lang='lat' dir='ltr'><strong>semper</strong></span> <span class='ocrx_word' id='word_1_451' title='bbox 2476 5175 2822 5240; x_wconf 86' lang='lat' dir='ltr'><strong>incolumem,</strong></span> <span class='ocrx_word' id='word_1_452' title='bbox 2851 5187 2905 5231; x_wconf 90' lang='lat' dir='ltr'><strong>et</strong></span> <span class='ocrx_word' id='word_1_453' title='bbox 2933 5191 3192 5231; x_wconf 86' lang='lat' dir='ltr'><strong>coronam</strong></span> <span class='ocrx_word' id='word_1_454' title='bbox 3226 5177 3444 5246; x_wconf 88' lang='lat' dir='ltr'><strong>imperii</strong></span> <span class='ocrx_word' id='word_1_455' title='bbox 3469 5178 3641 5232; x_wconf 80' lang='lat' dir='ltr'><strong>vestri</strong></span> <span class='ocrx_word' id='word_1_456' title='bbox 3680 5176 3810 5230; x_wconf 88' lang='lat' dir='ltr'><strong>inte-</strong></span> 
     </span>
    </p>
   </div>
   <div class='ocr_carea' id='block_1_73' title="bbox 2229 5266 3796 5337">
    <p class='ocr_par' dir='ltr' id='par_1_73' title="bbox 2229 5266 3796 5337">
     <span class='ocr_line' id='line_1_73' title="bbox 2229 5266 3796 5337; baseline 0 -18"><span class='ocrx_word' id='word_1_457' title='bbox 2229 5275 2487 5321; x_wconf 86' lang='lat' dir='ltr'><strong>meratam</strong></span> <span class='ocrx_word' id='word_1_458' title='bbox 2532 5276 2585 5321; x_wconf 91' lang='lat' dir='ltr'><strong>et</strong></span> <span class='ocrx_word' id='word_1_459' title='bbox 2629 5267 2964 5337; x_wconf 87' lang='lat' dir='ltr'><strong>impollutam</strong></span> <span class='ocrx_word' id='word_1_460' title='bbox 2997 5269 3179 5324; x_wconf 88' lang='lat' dir='ltr'><strong>multis</strong></span> <span class='ocrx_word' id='word_1_461' title='bbox 3212 5270 3373 5325; x_wconf 88' lang='lat' dir='ltr'><strong>annis</strong></span> <span class='ocrx_word' id='word_1_462' title='bbox 3418 5270 3579 5326; x_wconf 88' lang='lat' dir='ltr'><strong>nobis</strong></span> <span class='ocrx_word' id='word_1_463' title='bbox 3608 5266 3796 5325; x_wconf 63' lang='lat' dir='ltr'><strong>divini»</strong></span> 
     </span>
    </p>
   </div>
   <div class='ocr_carea' id='block_1_74' title="bbox 2230 5357 3810 5426">
    <p class='ocr_par' dir='ltr' id='par_1_74' title="bbox 2230 5357 3810 5426">
     <span class='ocr_line' id='line_1_74' title="bbox 2230 5357 3810 5426; baseline 0.001 -17"><span class='ocrx_word' id='word_1_464' title='bbox 2230 5364 2315 5410; x_wconf 89' lang='lat' dir='ltr'><strong>tas</strong></span> <span class='ocrx_word' id='word_1_465' title='bbox 2341 5357 2545 5412; x_wconf 89' lang='lat' dir='ltr'><strong>donare</strong></span> <span class='ocrx_word' id='word_1_466' title='bbox 2575 5357 2850 5426; x_wconf 79' lang='lat' dir='ltr'><strong>dignetur,</strong></span> <span class='ocrx_word' id='word_1_467' title='bbox 2884 5358 3107 5413; x_wconf 89' lang='lat' dir='ltr'><strong>Domine</strong></span> <span class='ocrx_word' id='word_1_468' title='bbox 3150 5360 3534 5416; x_wconf 89' lang='lat' dir='ltr'><strong>sacratissime</strong></span> <span class='ocrx_word' id='word_1_469' title='bbox 3572 5368 3628 5416; x_wconf 90' lang='lat' dir='ltr'><strong>et</strong></span> <span class='ocrx_word' id='word_1_470' title='bbox 3658 5371 3810 5413; x_wconf 82' lang='lat' dir='ltr'><strong>vene-</strong></span> 
     </span>
    </p>
   </div>
   <div class='ocr_carea' id='block_1_75' title="bbox 2236 5447 2781 5518">
    <p class='ocr_par' dir='ltr' id='par_1_75' title="bbox 2236 5447 2781 5518">
     <span class='ocr_line' id='line_1_75' title="bbox 2236 5447 2781 5518; baseline 0.002 -18"><span class='ocrx_word' id='word_1_471' title='bbox 2236 5447 2424 5502; x_wconf 88' lang='lat' dir='ltr'><strong>rabilis</strong></span> <span class='ocrx_word' id='word_1_472' title='bbox 2466 5449 2781 5518; x_wconf 86' lang='lat' dir='ltr'><strong>imperator.</strong></span> 
     </span>
    </p>
   </div>
   <div class='ocr_carea' id='block_1_76' title="bbox 2249 5623 3311 5697">
    <p class='ocr_par' dir='ltr' id='par_1_76' title="bbox 2249 5623 3311 5697">
     <span class='ocr_line' id='line_1_76' title="bbox 2249 5623 3311 5697; baseline 0.006 -20"><span class='ocrx_word' id='word_1_473' title='bbox 2249 5624 2325 5695; x_wconf 63' lang='grc' dir='ltr'><strong>(Ξ)</strong></span> <span class='ocrx_word' id='word_1_474' title='bbox 2367 5623 2588 5682; x_wconf 78' lang='lat' dir='ltr'><strong>Veteres</strong></span> <span class='ocrx_word' id='word_1_475' title='bbox 2615 5626 2732 5682; x_wconf 89' lang='lat' dir='ltr'><strong>libri</strong></span> <span class='ocrx_word' id='word_1_476' title='bbox 2770 5634 2820 5681; x_wconf 89' lang='lat' dir='ltr'><strong>et</strong></span> <span class='ocrx_word' id='word_1_477' title='bbox 2848 5626 2977 5682; x_wconf 89' lang='lat' dir='ltr'><strong>edit.</strong></span> <span class='ocrx_word' id='word_1_478' title='bbox 3005 5628 3311 5697; x_wconf 80' lang='lat' dir='ltr'><strong>prudentia.</strong></span> 
     </span>
    </p>
   </div>
  </div>
