4038 6148
395 318 534 389 13ὒῦ

1470 321 1934 383 FRAGMENTA
1961 319 2044 380 1N
2089 320 2507 380 DANIELEM.

3522 322 3624 381 ῗῖἕίδ

384 436 638 489 οὐδέποτε
686 435 942 504 ἐπίψογος
996 434 1153 502 λόγος
1216 433 1415 506 ἐρρέθη
1470 437 1601 505 περὶ
1650 436 1953 505 Σωσάννην.

2081 445 2202 489 rent
2225 476 2239 501 ,
2286 449 2561 505 nunquam
2616 431 2952 502 vituperandi
2987 430 3163 486 locum
3195 428 3407 486 dedisse
3434 429 3637 485 Susan-

458 632 477 665 ι
524 613 845 667 Ἐκὲλευσαν
880 612 1332 682 ἀποκαλυφθῆναι
1355 614 1545 674 αὑτήν,
1584 631 1601 664 ι

454 707 517 760 Εἰ
547 705 747 776 συνέϐη
770 705 867 776 τὴν
884 706 1171 759 Σωσάνναν
1190 704 1501 769 ἀποθανεῖν,
1527 706 1647 759 οὑδὲ
1674 705 1848 771 οὑτως
1875 702 1961 760 εἷ-

382 812 477 866 χον
514 794 829 847 παύσασθαι
860 793 962 863 τῆς
997 793 1315 865 ἐπιθυμίας,
1353 795 1823 858 εἰδωλοποιοῦντες
1861 797 1958 851 αὑ-

380 885 481 956 τὴν
501 886 559 936 ὲν
589 886 800 949 ἑαυτοῖς
828 899 842 915 °
870 885 1003 938 ὅπου
1040 901 1103 953 γε
1136 884 1203 956 ἢν
1233 884 1459 954 ἔμελλον
1487 884 1737 939 ἐκδοῦναι
1763 889 1841 950 είς
1866 888 1960 941 θά-

382 993 563 1041 νατον,
602 976 704 1028 οὑκ
748 975 1176 1045 ἀπεστρέφοντο,
1226 975 1364 1029 ἀλλά
1400 977 1494 1029 καὶ
1527 976 1699 1030 πλείω
1730 977 1962 1047 ἐπεμαί-

383 1082 537 1119 νοντο
565 1067 624 1118 ιν
649 1066 810 1136 αὑτῇ.
838 1096 905 1107 --
937 1063 1191 1136 Ἐθάῤῥει
1220 1066 1301 1128 είς
1324 1064 1416 1117 τὸν
1437 1064 1590 1131 Θεὸν,
1614 1064 1690 1128 ὡς
1727 1065 1959 1129 συνειδὸς

384 1154 588 1224 ἔχουσα
631 1153 906 1225 καθαρόν·
954 1153 1139 1209 ἔκλαιε
1178 1154 1237 1208 δὲ
1295 1153 1549 1209 δειλιῶσα
1587 1156 1677 1209 τὸν
1707 1155 1958 1220 θάνατον,

383 1246 489 1302 κᾶν
513 1248 812 1318 μαρτυρίου
836 1246 1133 1315 στεφάνους
1154 1246 1287 1317 αὑτῇ
1317 1246 1599 1318 προὺξένει
1622 1246 1683 1299 τὸ
1704 1248 1956 1316 πρᾶγμα.

381 1366 452 1376 —
480 1335 665 1399 Οὕτως
696 1336 817 1401 ἔθος
847 1341 959 1401 τοῖς
990 1337 1400 1408 ψευδομάρτυσι
1424 1339 1492 1408 τῇ
1515 1336 1745 1406 ἀληθείᾳ
1766 1336 1960 1407 ψεῦδος

383 1427 776 1496 ἀναμιγνύειν·
817 1428 919 1497 τῆς
967 1428 1287 1492 ἀκολουθίας
1333 1428 1668 1499 ἀπαιτούσης
1715 1429 1808 1485 ἰπὶ
1850 1427 1960 1481 τῶν

382 1514 643 1568 τοιούτων
674 1518 999 1585 σχημάτων,
1045 1518 1181 1586 μήτε
1220 1519 1333 1580 τοῖς
1361 1519 1418 1571 ὲν
1453 1518 1681 1588 ἀληθείᾳ
1721 1516 1958 1586 λεχθεῖσι

384 1604 671 1675 προσέχειν
696 1606 786 1659 τὸν
815 1605 1098 1676 δικαστὴν,
1128 1605 1265 1660 ἀλλά
1294 1608 1472 1661 πάντα
1493 1608 1566 1669 ὼς
1590 1606 1761 1677 ψευδῆ
1790 1607 1955 1677 ἔχειν.

379 1723 452 1738 -
480 1696 541 1747 El
573 1696 668 1748 καὶ
704 1696 779 1767 μὴ
814 1695 1069 1750 δύνανται
1098 1696 1331 1767 Χριστὸν
1368 1698 1416 1751 oi
1460 1699 1730 1769 αίρετικοὶ
1767 1698 1958 1751 συλλα-

2143 617 2307 672 Vsus.
2340 615 2430 671 52.
2469 633 2488 668 ι
2520 613 2806 671 Iusserunt
2830 621 2887 667 ut
2915 611 3392 682 discooperiretur.
3437 630 3456 664 ι

2145 706 2201 761 Si
2237 705 2487 762 Susanna
2527 705 2609 759 vel
2639 711 2866 759 mortem
2898 703 3144 767 obiisset,
3182 716 3248 755 ne
3288 702 3369 757 sic
3416 703 3636 771 quidem

2064 811 2251 852 eorum
2275 795 2444 850 libido
2460 795 2722 849 exstincta
2747 792 2961 854 fuisset,
2984 792 3183 861 quippe
3216 791 3307 859 qui
3338 805 3455 845 eam
3485 791 3637 844 cultu

2066 876 2403 946 idololatriéo
2443 895 2853 942 venerarentur.
2907 884 3043 939 Cum
3096 884 3242 937 enim
3297 881 3455 937 morti
3514 898 3636 936 eam

2071 981 2287 1036 tradere
2320 988 2665 1044 conarentur,
2695 993 2801 1033 nou
2831 975 3001 1032 solum
3030 989 3136 1028 non
3157 972 3329 1028 aversi
3365 982 3510 1035 sunt,
3537 973 3637 1031 sed,

2061 1074 2220 1126 etiam
2250 1071 2436 1139 majori
2481 1070 2535 1124 in
2565 1084 2683 1124 eam
2706 1068 2940 1123 libidinis
2973 1077 3141 1121 (nstro
3165 1063 3459 1133 perciti.-——
3480 1061 3636 1116 Fidu-

2061 1164 2198 1219 ciam
2240 1165 2472 1232 ponebat
2500 1162 2554 1216 in
2586 1160 2715 1228 Deo,
2763 1168 2822 1215 ut
2848 1174 2968 1228 quae
3015 1170 3205 1227 puram
3250 1155 3472 1209 haberet
3504 1170 3636 1208 con-

2060 1254 2377 1316 scientiam;
2411 1251 2573 1307 flebat
2625 1260 2826 1315 autem,
2859 1257 2917 1303 ut
2940 1262 3061 1318 qua:
3108 1254 3335 1299 mortem
3386 1243 3632 1303 timeret,

2059 1342 2304 1414 quamvis
2333 1343 2448 1398 haec
2490 1357 2654 1412 causa
2698 1339 2945 1411 martyrii
2987 1352 3246 1395 coronam
3283 1336 3332 1390 ei
3371 1350 3632 1404 procura-

2062 1442 2162 1488 ret.
2186 1462 2257 1472 —
2277 1430 2366 1487 Sic
2389 1431 2567 1487 solent
2596 1430 2714 1485 falsi
2741 1437 2903 1485 testes
2951 1425 3162 1482 veritati
3191 1424 3522 1479 mendacium
3547 1424 3633 1476 ad-

2061 1527 2291 1581 miscere
2314 1565 2328 1590 ,
2371 1524 2511 1579 unde
2544 1523 2885 1586 necessario,
2915 1520 3003 1575 ubi
3036 1530 3123 1573 res
3160 1518 3233 1572 ita
3264 1530 3382 1572 sese
3409 1515 3630 1579 habent,

2060 1616 2326 1685 sequitur,
2356 1626 2414 1670 ut
2435 1615 2597 1685 judex
2633 1628 2703 1669 ne
2730 1627 2921 1669 eorum
2946 1611 3159 1680 quidem
3188 1624 3308 1678 quae
3330 1607 3627 1663 secundum

2062 1704 2340 1761 veritatem
2373 1704 2579 1775 prolata
2607 1712 2755 1767 sunt,
2797 1701 3064 1757 rationem
3115 1698 3332 1761 habeat,
3381 1696 3476 1749 sed
3510 1708 3627 1748 om-

380 1787 517 1853 δεῖν,
542 1786 678 1841 ἀλλά
698 1789 822 1849 τοὺς
840 1790 1064 1851 πιστοὺς
1087 1789 1281 1859 ἄνδρας
1296 1790 1636 1861 κατέχοντες,
1664 1789 1755 1861 βία
1782 1808 1953 1862 παρα-

2060 1795 2151 1850 nia
2182 1805 2243 1850 ut
2276 1772 2557 1850 mendacia
2584 1793 2808 1863 judicet.
2837 1821 2909 1833 —
2940 1790 3216 1846 Christum
3251 1784 3471 1869 quidem
3528 1798 3628 1837 ne-

379 1879 615 1933 διδόασιν
646 1879 726 1942 εἰς
758 1877 1005 1935 θάνατον.

456 2072 474 2104 ι
527 2053 877 2107 Ἐπίστευσεν
912 2055 1157 2127 αὑτοῖςή
1195 2058 1507 2131 συναγωγή.
1545 2079 1564 2112 ι

463 2141 581 2192 Ἐπὶ
624 2142 733 2195 τῶν
782 2144 1209 2215 τοιουτοτρόπων
1260 2146 1318 2198 τὸ
1366 2148 1460 2200 τοῦ
1505 2148 1633 2203 λαοῦ
1685 2152 1854 2221 κρῖμα
1905 2151 1956 2204 ol

381 2232 674 2302 ἡγούμενοι
708 2234 1095 2305 ὑποφέρουσιν·
1137 2237 1266 2291 ἔνθα
1300 2239 1535 2308 μάλιστά
1560 2241 1676 2294 ἐστι
1707 2260 1955 2313 κεκρυμ-

382 2322 517 2390 μένα
551 2324 829 2396 μυστήρια
858 2324 953 2377 καὶ
983 2324 1173 2394 βαθέα,
1206 2328 1346 2398 ἆπερ
1367 2332 1394 2382 6
1416 2330 1668 2395 ἀγελαῖος
1702 2333 1801 2387 οὑκ
1832 2334 1955 2386 ἐπί-

383 2426 572 2464 σταται
596 2410 721 2476 λαός
742 2430 755 2443 ο
785 2411 957 2479 οὕτως
987 2415 1034 2468 οί
1061 2416 1222 2489 ίερεῖς
1255 2416 1481 2472 ἔπεισαν
1508 2421 1598 2474 τὸν
1624 2421 1749 2477 λαὸν
1786 2440 1954 2477 σταυ-

383 2502 554 2572 ρῶσαι
582 2503 671 2557 τὸν
714 2504 921 2574 Ἰησοῦν
963 2507 1061 2577 τῆς
1094 2507 1253 2579 δόξης
1282 2509 1504 2579 Κύριον,
1540 2512 1808 2580 λέγοντες,
1835 2515 1950 2567 Οὑκ

380 2593 525 2646 ἔστιν
550 2590 704 2659 οὗτος
726 2598 751 2648 ό
774 2596 1005 2666 Χριστὸς
1028 2600 1054 2649 ό
1078 2599 1548 2671 προσδοκώμενος,
1578 2602 1693 2654 ἀλλ’
1718 2604 1775 2655 ὲν
1796 2602 1955 2656 Βεελ-

382 2686 573 2750 ζεϐοὺλ
608 2689 860 2741 ἐκϐάλλει
889 2691 955 2743 τὰ
986 2691 1237 2763 δαιμόνια
1258 2711 1273 2726 ⁸
1306 2694 1399 2748 καὶ
1429 2696 1505 2758 ὡς
1543 2697 1741 2751 εἰδόσιν
1772 2700 1953 2763 αὑτοῖς

381 2779 622 2849 ἀκριϐῶς
651 2779 748 2842 τὰς
780 2781 999 2849 Γραφάς
1020 2785 1271 2851 ,πεισθεὶς
1297 2787 1563 2858 ἥμαρτεν.

456 2972 474 3005 ι
527 2956 836 3028 Ἐξήγειρεν
876 2961 903 3013 6
934 2960 1082 3025 Θεός.
1120 2981 1137 3014 ι

2060 1892 2262 1956 queunt
2310 1898 2506 1953 capere
2537 1882 2800 1948 haeretici,
2834 1880 2929 1937 sed
2960 1880 3078 1950 pios
3108 1878 3252 1940 viros
3278 1871 3630 1943 compreheu--

2061 1990 2153 2032 sos
2177 1976 2225 2030 vi
2252 1975 2318 2029 ad
2346 1983 2575 2031 mortem
2606 1973 2851 2044 adigunt.

2130 2066 2296 2122 Vens.
2328 2067 2417 2122 6|.
2461 2083 2481 2118 ι
2518 2064 2707 2120 Fidem
2743 2062 2937 2119 habuit
2964 2061 3043 2118 eis
3072 2072 3363 2131 synagoga.
3406 2074 3425 2109 ι

2129 2158 2242 2213 Tali
2295 2157 2454 2212 modo
2488 2155 2672 2226 populi
2695 2154 2958 2225 judicium
2981 2150 3350 2219 corrumpitur
3374 2161 3402 2200 a
3426 2144 3629 2215 princi-

2059 2244 2238 2314 pibus,
2273 2242 2526 2313 inprimis
2565 2241 2654 2297 ubi
2688 2241 2865 2312 agitur
2900 2241 2967 2295 de
2997 2237 3276 2309 mysteriis
3305 2234 3532 2291 occultis
3576 2242 3632 2286 et

2056 2334 2340 2406 profundis
2377 2347 2496 2405 quae
2550 2331 2911 2387 multitudinis
2937 2339 3155 2398 captum
3200 2326 3485 2382 excedunt.
3534 2322 3630 2378 Sic

2055 2427 2362 2484 sacerdotes
2403 2423 2599 2494 popqu
2648 2426 3069 2493 persuaserunt,
3112 2426 3172 2472 ut
3218 2414 3401 2471 Jesum
3443 2414 3631 2483 glorias

2057 2518 2344 2575 Dominum
2394 2515 2539 2572 cruci
2595 2513 2868 2584 alligeret,
2920 2513 3164 2567 dicentes
3202 2526 3215 2563 :
3262 2506 3361 2561 llic
3399 2521 3505 2560 non
3549 2513 3632 2558 est

2054 2609 2302 2666 Christus
2329 2622 2487 2678 quem
2520 2615 2918 2675 exspectamus,
2951 2603 3045 2658 sed
3081 2602 3131 2656 in
3173 2598 3454 2655 Beelzebul
3482 2596 3631 2667 ejicit

2055 2701 2359 2768 daemonia;
2392 2714 2513 2768 quo
2534 2697 2676 2751 facto
2709 2696 2935 2765 populus
2966 2693 3096 2758 illis,
3148 2700 3208 2745 ιιι
3245 2689 3337 2760 qui
3378 2695 3627 2742 accurata

2056 2790 2349 2862 Scriptura:
2386 2788 2611 2845 scientia
2656 2786 2847 2843 imbuti
2876 2793 3078 2849 essent,
3130 2783 3289 2843 tidem
3331 2780 3539 2844 habuit,
3576 2787 3635 2839 et

2055 2883 2315 2954 peccavit.

2128 2974 2297 3029 Vsus.
2332 2971 2425 3028 45.
2465 2989 2483 3022 ι
2530 2967 2798 3024 Excitavit
2820 2966 2986 3022 Deus.
3025 2984 3043 3016 ι

453 3047 674 3117 Πνεῦμα
696 3045 762 3120 ἦν
782 3050 933 3118 ἆγιον
957 3053 1014 3104 ἐν
1043 3052 1119 3122 τῷ
1147 3054 1364 3126 Δανιὴλ,
1391 3057 1526 3129 ὅπερ
1552 3057 1773 3128 κινηθὲν
1802 3059 1948 3131 αὑτῷ

2131 3061 2367 3132 Spiritus
2395 3070 2617 3116 sanctus
2663 3068 2782 3114 erat.
2813 3057 2865 3111 in
2900 3054 3142 3116 Daniele,
3173 3066 3406 3123 eumque
3442 3051 3509 3105 ad
3544 3048 3624 3103 lo-

380 3137 789 3206 παρεσκεύασεν
815 3142 977 3194 αὑτόν
1005 3142 1259 3212 λαλῆσαι·
1295 3147 1356 3197 τὸ
1379 3148 1669 3217 ἀποκρῖναι
1698 3149 1794 3219 τὴν
1827 3152 1949 3221 κρί-

2053 3154 2327 3224 quendum
2365 3150 2653 3221 permovit,
2697 3160 2755 3203 ut
2787 3147 3110 3203 sententiam
3155 3141 3443 3212 rejicerent
3469 3151 3628 3209 atque

382 3243 484 3291 σιν,
517 3228 608 3280 καὶ
636 3230 830 3300 στῆσαι
864 3233 1048 3302 σχῆμα
1077 3234 1428 3306 δικαστηρίου
1450 3276 1464 3302 ,
1493 3236 1586 3289 τοῦ
1619 3238 1842 3293 καθίσαι
1866 3240 1946 3294 δι-

2057 3245 2309 3313 iudieium
2343 3244 2622 3304 sisterent,
2652 3249 2818 3310 utque
2850 3240 3016 3311 judex
3052 3238 3287 3300 sederet,
3334 3245 3391 3291 et
3436 3250 3555 3303 qua:
3599 3249 3628 3285 τι

381 3322 586 3391 καστὴν
628 3322 723 3375 καὶ
752 3325 935 3393 κρῖναι
974 3324 1160 3391 σαφῶς
1210 3324 1277 3378 τά
1318 3326 1471 3397 παρά
1505 3327 1611 3380 τῶν
1654 3329 1950 3404 μαρτύρων

380 3411 669 3482 λεγόμενα,
700 3415 792 3467 καὶ
828 3416 900 3484 μὴ
931 3416 1118 3481 ἁπλῶς
1150 3415 1431 3472 πείθεσθαι
1456 3423 1568 3483 τοῖς
1598 3420 1911 3492 λεγομένοις
1933 3442 1945 3455 ·

2054 3340 2276 3394 testibus
2317 3335 2525 3405 prolata
2571 3340 2779 3395 essent,
2832 3331 3104 3400 sapienter
3149 3326 3490 3398 diiudicaret,
3527 3339 3631 3381 nec

2050 3428 2369 3499 simpliciter
2412 3425 2570 3482 dictis
2604 3423 2870 3479 crederet.
2901 3423 3069 3475 Antea
3098 3419 3248 3474 enim
3281 3416 3495 3470 fuerant
3524 3416 3624 3485 ipsi

382 3502 440 3553 ἐν
469 3501 575 3571 γὰρ
602 3503 712 3563 τοῖς
736 3503 1098 3572 προλαϐοῦσιν
1127 3504 1282 3557 αὑτοὶ
1306 3508 1491 3574 κριταὶ
1509 3501 1651 3577 ἦσαν
1683 3509 1775 3561 καὶ
1806 3509 1950 3581 μάρ-

2057 3527 2103 3574 et
2143 3527 2307 3574 testes
2340 3526 2395 3571 et
2427 3513 2639 3585 judices
2663 3550 2679 3577 ,
2725 3517 2780 3565 et
2816 3506 3145 3562 multitudini
3199 3501 3387 3571 judicii
3422 3502 3623 3571 ignarae

379 3607 562 3662 τυρεςο
592 3592 685 3645 καὶ
717 3592 877 3661 δῆθεν
905 3595 968 3647 τὸ
994 3595 1307 3665 ἀδιάκριτον
1338 3596 1541 3667 πλῆθος
1570 3597 1805 3668 ἔστησαν
1829 3618 1950 3670 κρι-

382 3683 510 3745 τάςο
549 3685 639 3736 καὶ
673 3686 826 3737 αὑτοὶ
853 3685 949 3754 τὴν
980 3685 1089 3739 τῶν
1121 3685 1413 3756 μαρτύρων
1454 3683 1730 3749 ὲξετέλουν
1760 3688 1910 3753 τάξιν
1932 3706 1945 3721 ·

383 3773 556 3837 οὑτως
587 3776 681 3829 καὶ
716 3776 766 3827 οί
804 3777 933 3846 περὶ
966 3776 1217 3844 Καϊάφαν
1252 3777 1403 3828 αὑτοὶ
1438 3782 1623 3847 κριταὶ
1660 3778 1811 3841 ὄντες
1856 3781 1952 3834 καὶ

387 3867 661 3936 μάρτυρες
699 3868 904 3935 ἔλεγον,
946 3868 1010 3920 Τί
1059 3868 1137 3920 ἔτι
1163 3868 1348 3938 χρείαν
1382 3867 1576 3938 ἔχομεν
1618 3869 1949 3939 μαρτύρων;

384 3960 544 4011 Αὐτοὶ
573 3960 666 4012 καὶ
696 3962 877 4030 ἡμεῖς,
911 3960 1094 4030 φησιν,
1142 3960 1431 4020 ἀκούοντες
1452 3999 1466 4021 ,
1504 3961 1597 4012 καὶ
1640 3964 1951 4031 μαρτυροῦ-

386 4068 483 4119 μεν
511 4051 589 4102 ὅτι
625 4051 933 4122 βλασφημεῖ
963 4054 990 4105 ὁ
1026 4050 1230 4120 Ἰησοῦς
1260 4050 1428 4119 λέγων
1459 4052 1648 4104 ἑαυτὸν
1676 4053 1828 4108 Θεόν.

460 4163 477 4195 ι
516 4143 611 4206 Τίς
642 4146 669 4197 6
703 4144 860 4211 λόγος
888 4138 1077 4208 οὖτος;
1118 4162 1136 4195 ι

465 4234 551 4297 Ὠς
585 4233 643 4299 ἐξ
685 4232 853 4287 ὕπνου
888 4234 1122 4296 ἀναστὰς
1150 4234 1177 4284 6
1204 4232 1330 4295 λαὸς
1363 4233 1585 4286 ἐλάλουν
1614 4233 1788 4287 ταῦτα
1820 4234 1952 4304 πρὸς

379 4325 473 4378 τὸν
511 4326 729 4396 Δανιήλ.
768 4355 836 4364 —
867 4326 1115 4378 Διδάσκει
1144 4324 1218 4388 ὡς
1248 4327 1531 4394 προφήτης
1575 4329 1603 4378 6
1648 4326 1845 4397 Δανιὴλ
1878 4328 1951 4397 μὴ

2046 3610 2245 3680 judicis
2312 3615 2492 3681 partes
2545 3601 2954 3663 commiserant,
2990 3598 3115 3653 dum
3168 3596 3268 3664 ipsi
3296 3592 3511 3648 testium
3543 3592 3624 3643 vi-

2052 3704 2203 3758 cibus
2241 3700 2619 3769 fungebantur.
2654 3694 2747 3749 Sic
2772 3696 2933 3747 etiam
2959 3689 3097 3757 apud
3126 3687 3403 3757 Cuipham,
3437 3693 3495 3739 ut
3533 3684 3625 3752 ju-

2052 3793 2200 3847 dices
2234 3789 2391 3844 simul
2424 3796 2584 3856 atque
2613 3795 2797 3848 testes,
2830 3785 3085 3837 dixerunt
3118 3796 3133 3833 :
3165 3780 3301 3845 Quid
3334 3777 3489 3832 nobis
3530 3776 3623 3828 ad-

2054 3885 2156 3937 huc
2204 3895 2338 3947 opus
2391 3885 2474 3932 est
2510 3875 2769 3931 testibus?
2812 3874 2921 3925 Nos
2955 3871 3051 3939 ipsi
3089 3870 3391 3922 audivimus
3442 3875 3497 3919 et
3540 3874 3621 3917 te-

2053 3983 2293 4035 stamur,
2365 3965 2548 4021 Jesum
2622 3964 2996 4033 hlasphemare
3058 3960 3321 4013 dicentem
3388 3956 3623 4022 scipsum

2056 4064 2243 4114 Deum.

2128 4150 2293 4205 Vsus.
2328 4147 2417 4200 67.
2458 4164 2476 4196 ι
2518 4144 2652 4212 Quis
2680 4152 2761 4198 est
2801 4143 2888 4196 hic
2916 4139 3144 4195 sermo?
3174 4158 3192 4191 ι

2122 4240 2279 4297 Velut
2316 4253 2346 4293 e
2379 4250 2575 4293 somno
2625 4233 2891 4288 excitatus
2924 4232 3038 4284 haec
3071 4229 3299 4297 populus
3328 4229 3393 4283 ad
3430 4226 3625 4281 Danie-

2055 4336 2157 4390 lem
2190 4332 2339 4386 dicit.
2375 4356 2445 4367 --
2469 4324 2653 4379 Daniel
2685 4332 2743 4379 ut
2781 4322 3039 4393 propheta
3066 4319 3244 4383 docet,
3284 4321 3427 4374 hand
3462 4334 3623 4389 opor-

380 4417 460 4486 τῷ
485 4416 633 4485 αὐτῷ
651 4417 943 4469 ὑποπεσεῖν
968 4415 1323 4485 ὑποδείγματι
1350 4416 1441 4469 καὶ
1459 4417 1547 4467 ἐπὶ
1567 4414 1661 4468 τοῦ
1689 4418 1949 4486 Χριστοῦ,

2061 4439 2171 4482 tere
2211 4425 2397 4480 eodem
2440 4416 2763 4494 procedendi
2814 4413 2971 4467 modo
3020 4411 3093 4465 uti
3150 4427 3274 4481 erga
3312 4411 3622 4474 Christum,

383 4509 476 4564 καὶ
504 4508 828 4579 ἀδιακρίτως
852 4507 1138 4575 πεισθῆναι
1164 4507 1272 4569 τοῖς
1300 4505 1639 4575 ἡγουμένοις,
1666 4507 1759 4558 καί
1779 4520 1947 4558 κατα-

382 4600 563 4667 κρῖναι
589 4599 677 4651 τὸν
706 4598 909 4669 Κύριον
939 4598 1017 4659 είς
1047 4596 1295 4650 θάνατον·
1344 4595 1456 4648 ἀλλ’
1486 4597 1726 4665 ἀκριϐῶς
1768 4598 1948 4666 ζητεῖν

382 4691 488 4743 ἀπὸ
516 4689 624 4744 τῶν
653 4690 883 4762 Γραφῶν
924 4689 1018 4742 καὶ
1065 4688 1172 4742 ἀπὸ
1200 4687 1307 4741 τῶν
1353 4687 1657 4755 γεγονότων
1704 4688 1750 4739 εἰ
1787 4689 1947 4751 αὑτός

383 4785 530 4834 ἐστιν
561 4784 589 4835 6
616 4782 849 4852 Χριστὸς
884 4781 912 4834 6
946 4778 1421 4848 προσδοκώμενος,
1455 4779 1546 4831 καὶ
1573 4778 1863 4848 ζητοῦντες
1903 4781 1950 4832 εἰ

385 4874 734 4942 συμψωνοῦσι
767 4875 880 4935 τοῖς
912 4872 1093 4942 ἔργοις
1130 4872 1179 4923 οἱ
1212 4871 1381 4937 λόγοι.

460 4981 477 5012 ι
514 4962 602 5013 Σοὶ
624 4961 820 5013 ἔδωκεν
839 4963 865 5013 ὁ
891 4962 1021 5024 Θεὸς
1048 4961 1109 5012 τὸ
1139 4960 1441 5028 πρεσϐεῖον.
1479 4978 1496 5009 ι

459 5052 517 5102 El
559 5053 653 5103 καὶ
689 5052 1102 5121 εἰρωνευόμενοι
1130 5052 1286 5103 τοῦτο
1315 5046 1466 5102 εἷπον
1497 5053 1544 5102 οί
1570 5053 1949 5124 ἰἰρεσίῖύτεροιι

384 5142 460 5203 ὡς
498 5141 706 5195 παιδίον
737 5142 898 5195 αὐτὸν
926 5141 1271 5210 διασύροντες
1297 5182 1309 5198 ,
1352 5140 1465 5194 ἀλλ’
1492 5140 1584 5192 οὑν
1617 5140 1787 5203 οὕτως
1811 5137 1953 5210 εἶχεν

384 5235 416 5303 ἠ
448 5233 692 5304 ἀλήθεια.
729 5235 867 5286 κατὰ
894 5234 951 5285 τὸ
980 5233 1188 5301 λεχθὲν,
1228 5231 1378 5284 Ἀντί
1404 5231 1520 5282 τῶν
1542 5232 1808 5297 πατέρων
1838 5248 1952 5284 σου

384 5323 804 5390 ἐγεννήθησιὶν
830 5342 925 5377 σοι
958 5324 1091 5376 υίοί’
1129 5323 1202 5384 ὡς
1238 5324 1329 5373 καὶ
1380 5324 1403 5374 6
1436 5321 1638 5391 Κύριος
1684 5320 1802 5373 εἷπε
1844 5326 1953 5386 τοῖς

396 5414 694 5479 Ἰουδαίοις,
744 5418 825 5468 ὅτι
862 5417 911 5467 οἱ
944 5414 1059 5467 Υἱοὶ
1104 5412 1269 5482 ὑμῶν
1300 5414 1354 5465 οἱ
1393 5414 1828 5478 πιστεύσαντες
1870 5417 1956 5478 εἰς

383 5502 519 5571 ἐμὲ,
555 5504 795 5556 ἔσονται
836 5503 1002 5572 ὑμῶν
1050 5501 1260 5570 κριταί.
1308 5533 1380 5542 --
1417 5501 1474 5553 ’0
1503 5501 1710 5564 δίκαιος
1749 5502 1952 5572 Κριτὴς

384 5593 558 5656 οὕτως
586 5593 798 5663 δέχεται
828 5596 955 5656 τοὺς
984 5594 1076 5647 δύο
1111 5594 1414 5664 μάρτυρας,
1446 5593 1543 5662 οὑχ
1574 5593 1689 5661 ἅμα
1713 5594 1838 5656 τοὺς
1864 5594 1955 5647 δύο

385 5686 703 5749 λαλοῦντας,
736 5688 870 5756 ὅπερ
904 5687 1166 5753 ἐποίησαν
1203 5686 1251 5736 οἱ
1285 5684 1643 5754 πρεσϐύτεροι
1666 5725 1679 5747 ,
1722 5686 1782 5735 ἐκ
1818 5702 1956 5754 συμ-

389 5781 594 5851 ιξωνίσις
629 5782 722 5837 ’ἐνα
752 5783 842 5838 καὶ
873 5784 959 5835 τὸν
996 5781 1152 5836 αὑτὸν
1184 5781 1423 5842 εἰπόντες
1460 5781 1634 5847 λόγον.
1668 5811 1731 5818 --
1764 5782 1820 5831 ΟΞ
1849 5782 1953 5849 γὰρ

2053 4530 2153 4570 nec
2180 4530 2322 4570 caeco
2348 4516 2551 4584 impetu
2594 4505 2865 4579 principes
2893 4501 3044 4571 sequi
3066 4511 3121 4555 et
3147 4502 3339 4571 capitis
3370 4502 3624 4556 condem-

2053 4623 2181 4664 nare
2211 4610 2522 4673 Domiuum,
2555 4594 2667 4659 sed
2694 4599 2985 4656 secundum
3017 4595 3347 4665 Scripturam
3378 4607 3430 4651 et
3486 4597 3623 4651 facta

2057 4700 2335 4779 diligenter
2363 4698 2664 4769 inquirere,
2725 4707 2852 4745 num
2888 4688 3003 4757 ipse
3038 4689 3109 4743 sit
3145 4688 3394 4744 Christus
3430 4704 3623 4757 exspe-

2058 4797 2257 4854 ctatus,
2291 4796 2451 4856 atque
2484 4785 2685 4843 videre,
2727 4797 2852 4835 num
2884 4783 3035 4840 factis
3063 4780 3220 4834 verba
3264 4779 3621 4834 consentiant.

2131 4961 2289 5015 Vsus.
2314 4960 2398 5016 50.
2426 4978 2445 5011 ι
2479 4959 2596 5014 Tibi
2630 4959 2776 5014 dedit
2810 4961 2947 5014 Deus
2970 4960 3226 5013 honorem
3253 4958 3568 5012 senectutis.
3597 4977 3615 5007 ι

2124 5051 2348 5105 Etiamsi
2397 5050 2604 5105 ironice
2662 5051 2764 5104 hoc
2806 5051 3057 5107 dicebant
3107 5050 3428 5121 presbyteri,
3470 5049 3516 5102 ei
3564 5059 3617 5101 ut

2054 5141 2378 5197 adolescenti
2405 5142 2723 5203 irridentes,
2764 5150 2942 5196 tamen
2984 5159 3073 5197 res
3105 5157 3229 5196 vere
3249 5143 3328 5196 sic
3355 5156 3415 5194 se
3452 5141 3621 5193 habe-

2054 5234 2167 5297 bat,
2200 5233 2275 5287 uti
2309 5233 2507 5286 dictum
2532 5239 2615 5285 est
2646 5249 2661 5285 :
2696 5229 2803 5284 Pro
2824 5233 3062 5299 patribus
3084 5232 3178 5285 tibi
3200 5233 3313 5285 nali
3333 5242 3460 5285 sunt
3487 5231 3618 5293 ﬁlii,

2057 5336 2110 5381 et
2140 5326 2213 5379 uti
2264 5324 2519 5377 Dominus
2544 5323 2683 5376 dixit
2710 5321 2909 5377 Iudaeis
2946 5340 2958 5376 :
2997 5321 3125 5376 Filii
3153 5323 3307 5377 vestri
3338 5324 3426 5391 qui
3454 5324 3622 5376 (redi-

2057 5418 2224 5471 dcrint
2250 5416 2303 5467 in
2339 5430 2438 5478 me,
2462 5415 2617 5467 vestri
2638 5414 2840 5484 judices
2868 5420 3038 5467 ertmt.
3059 5411 3518 5482 —Justusjudex
3550 5414 3621 5466 ita

2058 5504 2248 5573 recipit
2279 5504 2414 5557 duos
2451 5511 2651 5568 testes,
2693 5518 2795 5555 non
2847 5513 2904 5555 ut
2933 5502 3039 5555 duo
3082 5502 3270 5556 simul
3296 5503 3616 5572 loquantur,

2058 5598 2199 5665 quod
2234 5593 2476 5647 fecerunt
2531 5593 2829 5663 presbyteri
2878 5593 3007 5660 qui,
3069 5594 3224 5647 sicuti
3268 5604 3616 5653 convenerat.

2067 5703 2227 5741 unum
2268 5686 2515 5752 idemque
2557 5685 2829 5739 dixerunt.
2879 5715 2943 5721 ——
2995 5687 3093 5749 Qui
3142 5688 3285 5741 enim
3331 5689 3381 5740 in
3429 5698 3618 5738 sancto

2064 5780 2225 5849 gradu
2263 5777 2543 5831 (OllSlilttll
2572 5786 2717 5844 sunt,
2758 5777 2987 5845 primum
3021 5781 3355 5836 dissecantur
3387 5780 3459 5843 in_
3482 5777 3637 5847 duas
