4038 6148
455 296 585 357 Ῑῖῦτ

1618 289 1953 355 ΑΜΜυΝίΙ
1992 288 2523 352 ALEXANDRINI

3564 285 3701 353 1368

445 420 632 479 partes
657 416 712 463 et
740 408 1006 481 dignitate
1034 416 1328 472 exunntur,
1369 404 1569 460 deinde
1598 415 1776 459 autem
1816 403 1897 457 uti
1918 403 2014 456 in-

2128 404 2183 457 ἐν
2224 404 2351 476 ἀξία
2391 406 2711 477 ίεροπρεπεῖ
2757 404 3164 478 διχοτομοῦνται
3211 403 3430 477 πρῶτον
3474 402 3570 458 καὶ
3601 421 3701 474 10-.

449 502 634 557 ﬁdeles
656 504 708 555 in
736 502 1038 572 gehennam
1073 500 1456 564 detruduntur,
1481 513 1549 553 ne
1576 498 1748 566 gratia
1782 495 2017 566 Spiritus

451 591 623 645 sancti
655 589 981 647 contumelia
1014 588 1149 643 aﬂici
1186 588 1438 643 videatur
1465 602 1562 657 per
1603 599 1701 642 eos
1731 586 1829 655 qui
1877 585 2020 639 dono

444 683 626 739 divino
651 682 900 751 indignos
948 695 1069 735 sese
1101 680 1484 734 exhibuerunt.
1526 677 1604 731 Ita
1638 677 1804 732 etiam
1837 676 2020 731 Domi-

443 788 545 827 nus
594 772 645 826 in
675 771 983 843 Evangeliis
1030 772 1207 826 dixit:
1241 771 1333 826 Sic
1372 771 1538 827 etiam
1572 771 1623 826 in
1658 767 2020 826 tribunalibus

443 865 735 921 mundanis
776 864 893 920 ﬁeri
936 864 1091 920 solet.
1128 895 1200 906 --
1232 864 1604 921 Verecundius
1634 878 1798 932 quam
1846 862 2021 930 impu~

444 956 632 1010 dentes
683 963 738 1008 et
772 955 1019 1009 crudeles
1064 954 1378 1009 sacerdotes
1433 953 1643 1008 locutus
1676 960 1761 1008 est
1790 952 1972 1007 Daniel
2001 969 2016 1017 ;

344 1052 353 1058 '
382 1074 392 1098 .
442 1060 564 1101 enm
597 1045 742 1101 enim
776 1044 851 1099 illi
882 1046 1145 1101 dixissent
1172 1062 1187 1100 :
1230 1062 1249 1097 ι
1280 1045 1581 1100 Coneubuit
1610 1060 1730 1099 cum
1763 1059 1850 1109 ea,
1880 1063 1898 1096 ι
1932 1045 2021 1099 hic

442 1152 555 1193 rem
588 1137 874 1208 appellavit
903 1137 1375 1193 conversationem
1398 1178 1414 1202 ,
1455 1151 1574 1206 qua:
1622 1151 1728 1191 vox
1757 1137 1810 1190 in
1860 1150 2021 1191 auras

441 1229 574 1285 abit.
607 1228 719 1284 Hoc
751 1230 900 1283 dicto
926 1240 1106 1284 autem
1132 1228 1453 1284 mendacem
1480 1238 1535 1283 et
1569 1228 1873 1284 instabilem
1897 1243 2019 1284 esse

440 1323 765 1395 injttstorutn
797 1323 1102 1378 orationem
1133 1322 1329 1377 innuit.

511 1500 681 1555 Vsns.
720 1500 808 1555 55.
844 1519 863 1552 ι
910 1498 1165 1554 Mentitus
1197 1512 1277 1554 es.
1319 1517 1339 1551 ι

511 1590 783 1661 Propheta
824 1592 1042 1661 quidem
1078 1590 1229 1644 illum
1265 1589 1551 1645 mentitum
1592 1603 1715 1645 esse
1738 1586 1894 1651 dixit,
1925 1603 2015 1657 po-

452 1682 641 1752 puium
689 1692 869 1737 autem
902 1683 1018 1737 bare
1068 1697 1156 1737 res
1184 1681 1359 1737 latuit.
1407 1680 1701 1735 Multitudo
1724 1679 1870 1735 enim
1912 1694 2016 1732 non

2123 497 2380 566 μνοῦνται
2403 498 2500 568 τῆς
2528 499 2703 565 ἀξίας.
2739 500 2833 552 καὶ
2854 499 2975 551 τότε
3006 498 3081 562 ὡς
3104 497 3323 551 ἄπιστοι
3347 495 3494 566 ψιλοὶ
3524 514 3696 567 παρα-

2118 588 2346 643 δίδονται
2384 592 2449 660 τῇ
2478 589 2696 662 γεέννῃ,
2742 590 2830 645 ἵνα
2877 589 2954 660 μὴ
2993 590 3125 658 δοκῇ
3171 591 3205 658 ἠ
3241 587 3337 641 τοῦ
3385 586 3699 655 Ιινεύματος

2119 682 2281 752 χάρις
2313 681 2730 753 συνυϐρίζεσθαι
2766 684 2879 746 τοῖς
2910 680 3152 747 ἀναξίοις
3181 679 3409 742 ἑαυτοὺς
3444 677 3699 748 ποιήσασι

2120 777 2219 844 τῆς
2250 774 2346 828 τοῦ
2384 775 2518 829 Θεοῦ
2548 775 2777 847 δωρεᾶς·
2808 774 2953 828 οὕτω
2993 772 3089 827 καὶ
3123 772 3152 830 6
3182 770 3391 842 Κύριος
3425 771 3482 822 ὲν
3521 767 3699 838 Εὐαγ-

2120 866 2322 934 γελίοις
2350 864 2523 921 εἶπεν
2557 866 2702 921 οὕτω
2743 867 2838 921 καὶ
2881 866 2972 919 ἐπὶ
3008 864 3118 920 τῶν
3163 862 3462 917 πολιτικῶν
3495 862 3699 931 γίνεται

2119 958 2592 1030 δικαστηρίων.-
2615 956 2947 1028 Σεμνότερον
2967 959 2996 1010 6
3024 955 3225 1027 Δανιὴλ
3254 953 3409 1007 λαλεῖ
3438 954 3547 1007 τῶν
3577 955 3700 1006 αἱσ-

2121 1052 2270 1123 χρῶν
2337 1052 2433 1105 καὶ
2489 1052 2791 1123 μιαιφόνων
2837 1049 3269 1131 πρεσϐυτέρων
3326 1045 3550 1101 ἐκείνων
3593 1044 3702 1115 γὰρ

2123 1142 2386 1199 εἰπόντων
2438 1142 2672 1197 ἀνέπεσε
2731 1142 2849 1212 μετ’
2906 1130 3110 1211 αὐτῆς,
3172 1130 3329 1201 οὗτος
3379 1136 3596 1205 ὁμιλίαν
3640 1136 3702 1189 τὸ

2125 1236 2357 1306 πρᾶγμα
2382 1235 2662 1298 ἐκάλεσεν,
2688 1235 2717 1287 ὅ
2742 1235 2859 1285 ἐστι
2881 1232 3038 1300 λόγος
3061 1231 3143 1293 είς
3168 1230 3307 1300 ἀέρα
3328 1228 3698 1297 διαλυόμενοςο

2120 1326 2278 1380 τοῦτο
2302 1326 2358 1378 δὲ
2394 1322 2548 1379 εἶπεν
2583 1323 2974 1393 ὑποσημαίνων
3008 1322 3092 1374 ὅτι
3116 1319 3317 1390 ψευδὴς
3344 1319 3439 1372 καὶ
3468 1316 3702 1371 ἀσύσταρ

2120 1434 2212 1481 τος
2242 1420 2270 1471 6
2296 1416 2403 1471 τῶν
2436 1415 2769 1487 παρανόμων
2797 1414 2975 1483 λόγος.

2194 1530 2214 1562 σ
2258 1510 2547 1580 Ἐψευσαι.
2599 1527 2619 1561 ι

2205 1602 2265 1655 ’0
2296 1602 2397 1673 μὲν
2424 1601 2706 1672 προφήτης
2748 1593 2936 1661 εἶπεν,
2967 1598 3049 1651 ὅτι
3083 1593 3383 1666 ὲψεύσατν
3420 1591 3614 1663 ἂδηλον
3643 1591 3701 1645 δὲ

2119 1690 2187 1764 ἦν
2218 1693 2378 1746 τοῦτο
2412 1692 2552 1754 τέως
2585 1695 2696 1755 τοῖς
2736 1689 2905 1754 λαοῖς
2936 1686 3113 1751 οὕτως
3143 1687 3251 1759 γάρ
3283 1688 3423 1741 εἰσιν
3450 1686 3704 1753 ἄγνωστα

441 1774 856 1843 comprehendit
883 1773 1042 1829 etl‘ata
1070 1772 1409 1843 prophetica,
1440 1773 1758 1843 priusquam
1797 1770 2014 1827 videant

2122 1788 2231 1851 τοῖς
2268 1784 2483 1848 πολλοῖς
2515 1784 2584 1837 τὰ
2613 1782 2927 1856 προφητικὰ
2948 1824 2961 1846 ,
2990 1780 3094 1844 ἕως
3126 1780 3278 1834 ἴδωσι
3307 1778 3410 1841 τὰς
3445 1776 3703 1840 ἐκϐάσεις

444 1879 531 1921 res
552 1875 747 1921 eventu
785 1866 1202 1934 comprobatas;
1231 1872 1357 1917 tunc
1388 1874 1568 1917 autem
1605 1877 1725 1932 quae
1757 1862 2012 1933 praedicta

443 1958 684 2025 fuerunt,
724 1961 929 2029 optime
956 1958 1283 2029 intelligunt.
1312 1987 1385 1999 —-
1419 1956 1589 2013 Israel
1612 1954 1881 2025 signiﬁcat
1921 1955 2018 2011 de~

440 2065 557 2105 cem
589 2050 793 2115 tribus,
830 2057 1040 2118 gentem
1074 2052 1141 2103 ad
1172 2048 1531 2103 idololatriam
1567 2046 1883 2117 proclivem,
1925 2043 2020 2100 Ju-

440 2143 537 2197 das
568 2150 748 2197 autem
770 2142 947 2196 tribus
969 2138 1123 2195 ludas
1148 2149 1204 2195 et
1228 2139 1531 2211 Beniamin,
1558 2139 1614 2194 in
1635 2140 1835 2209 quibus
1859 2147 2019 2192 erant

440 2230 699 2299 templum
733 2238 788 2285 et
837 2229 1017 2285 cultus
1066 2229 1257 2299 legalis
1307 2243 1428 2299 quae
1458 2227 1843 2297 praeﬁgurabat
1876 2226 2016 2281 bona

440 2321 642 2386 futura,
672 2332 725 2376 et
753 2322 948 2376 civitas
972 2320 1040 2375 ad
1071 2321 1204 2389 legis
1227 2335 1474 2376 normam
1499 2319 1795 2375 constituta
1826 2326 1882 2373 et
1909 2318 2017 2371 vita

438 2423 609 2478 casta,
646 2421 701 2468 et
745 2428 919 2484 ptenze
975 2412 1235 2468 adversus
1287 2422 1719 2483 transgressores
1777 2418 2014 2491 statutaz.

438 2504 569 2559 Inde
596 2505 857 2575 orlginetn
884 2505 1147 2560 Susanna:
1185 2506 1424 2561 deducit.
1447 2537 1518 2551 —
1543 2504 1617 2561 Ut
1654 2516 1833 2559 ratum
1865 2505 2020 2559 ﬁeret

441 2597 569 2652 illud
603 2598 805 2653 dictum
841 2616 856 2653 :
895 2598 999 2666 Qui
1030 2598 1233 2667 foveam
1266 2598 1396 2667 {odit
1418 2600 1659 2668 proximo
1684 2613 1799 2662 suo,
1824 2600 1878 2653 in
1904 2613 2018 2651 eam

437 2692 960 2765 incidet.——Sempcr
986 2694 1154 2766 igitur
1176 2695 1457 2751 advertere
1476 2696 1733 2751 debemus
1751 2695 2013 2756 animum,

443 2781 750 2838 charisslml
779 2824 794 2849 ,
841 2793 1098 2840 caventes
1164 2799 1232 2839 ne
1274 2786 1395 2854 quis
1444 2794 1664 2855 peccato
1725 2784 2018 2839 obstrictus

439 2875 635 2929 anima:
673 2890 783 2930 sua:
811 2874 1079 2945 iacturam
1117 2874 1305 2944 faciat,
1335 2885 1389 2931 et
1435 2889 1728 2939 memores,
1761 2873 1928 2930 Deum
1959 2884 2018 2928 ut

436 2967 527 3035 qui
554 2976 695 3038 totus
721 2968 790 3022 sit
828 2968 1018 3024 oculus
1049 2971 1114 3023 de
1163 2970 1413 3023 omnibus
1438 2980 1560 3022 esse
1591 2968 1914 3022 sententiam
1941 2966 2019 3020 la-

440 3067 641 3111 turum.
680 3056 821 3112 Nihil
848 3060 989 3115 enim
1018 3075 1206 3115 eorum
1240 3075 1358 3130 quae
1396 3059 1447 3113 in
1477 3060 1677 3115 mundo
1708 3060 1861 3122 ﬁunt,
1889 3075 2011 3113 eum

437 3147 589 3202 latet.
626 3147 963 3222 Quapropter
1004 3166 1218 3220 semper
1249 3152 1431 3206 animo
1464 3152 1751 3220 vigilantes
1781 3162 1829 3203 et
1865 3164 2014 3205 caste

441 3240 685 3296 viventes
720 3240 983 3298 Susannm
1014 3244 1319 3314 exemplum
1353 3258 1662 3312 sequamur.
1695 3242 1897 3297 Ututse
1923 3245 2017 3296 lia-

436 3328 530 3383 bet
559 3330 784 3387 historia
814 3333 975 3401 (nam
1010 3334 1216 3403 tropice
1242 3347 1458 3404 quoque
1507 3333 1806 3402 Scriptura:
1853 3338 2013 3389 verba

436 3419 784 3490 interpretari
810 3423 992 3494 licet),
1011 3423 1261 3479 Cltelcias
1290 3423 1580 3494 signiﬁcat,
1607 3425 1875 3478 conversio
1900 3423 2012 3488 Dei,

436 3516 529 3575 aut
557 3511 794 3565 laudatio
832 3514 962 3579 Dei;
1000 3512 1283 3581 Susanna,
1332 3514 1522 3567 Ιιειὶιὶα
1561 3532 1771 3581 eorum,
1815 3524 1907 3569 aut
1947 3516 2015 3567 li-

435 3600 563 3653 lium
601 3601 989 3670 apostolicum;
1033 3601 1269 3669 Joacint,
1325 3603 1538 3659 Domini
1565 3607 1875 3671 inclinatio,
1924 3617 2017 3659 aut

440 3690 650 3745 Domini
675 3692 942 3755 laudatio,
971 3694 1177 3760 Daniel,
1200 3697 1467 3766 judicium
1490 3698 1591 3753 Dei
1619 3741 1633 3766 ,
1661 3699 1742 3753 vel
1757 3701 2013 3767 judicans

438 3780 898 3851 Deum—Quando
938 3787 1101 3856 igitur
1128 3787 1311 3844 ltetitia
1328 3789 1630 3845 animarum
1657 3793 1907 3847 virtutem
1932 3807 2014 3846 se-

438 3873 701 3942 ctantium
727 3872 1002 3943 Ecclesiae,
1032 3892 1151 3947 qua:
1176 3890 1261 3935 est
1298 3879 1468 3934 lilium
1510 3882 1883 3952 apostolicum,
1915 3880 2015 3936 ﬂos

439 3965 576 4017 bene
611 3962 783 4030 olims,
807 3964 1100 4036 fragrantia
1127 3968 1447 4037 spiritualis,
1469 3969 1578 4025 ﬁlia
1615 3970 1870 4034 Chelciae,
1894 3986 2015 4039 qua:

436 4052 627 4110 didicit
655 4072 685 4109 a
713 4056 827 4111 suis
863 4056 1160 4127 majoribus
1189 4060 1351 4113 vitam
1396 4060 1680 4117 instituere
1714 4062 2011 4117 secundum

437 4147 824 4215 prepltetarum
852 4148 1221 4216 traditionem,
1250 4165 1371 4222 qua:
1392 4160 1476 4206 est
1498 4152 1785 4207 conversio
1818 4163 1876 4208 et
1894 4167 2015 4208 sors

437 4238 673 4302 lsraelis,
704 4238 1051 4309 coniungitur
1084 4230 1352 4309 Spirituali
1399 4241 1612 4312 Sponso
1643 4242 1884 4306 Christo,
1919 4246 2009 4313 qui

447 4340 531 4385 cst
558 4329 788 4398 Joacim,
814 4333 1111 4401 spiritualis
1138 4333 1398 4388 Ecclesia:
1432 4349 1683 4403 sponsus,
1717 4335 1808 4406 qui
1844 4335 2013 4388 ﬁdeli-

2119 1878 2229 1933 τῶν
2254 1878 2594 1949 πραγμάτων
2622 1876 2671 1929 oi
2694 1875 2992 1946 ἄνθρωποι,
3018 1872 3113 1927 καὶ
3142 1873 3266 1927 τότε
3305 1869 3486 1925 νοοῦσι
3516 1869 3702 1938 σαφῶς

2120 1973 2189 2027 τὰ
2217 1971 2682 2044 προφητευθέντα.
2706 1970 2849 2023 --Ὀ
2881 1966 3100 2038 Ἰσραὴλ
3119 1967 3256 2020 εἰσὶν
3280 1965 3338 2019 αί
3359 1963 3491 2017 δέκα
3514 1962 3700 2032 φυλαὶ,

2118 2060 2179 2112 τδ
2211 2060 2366 2128 γένος
2394 2058 2455 2111 τδ
2481 2057 2755 2110 εὐόλισθον
2782 2058 2861 2119 είς
2891 2054 3340 2124 είδωλολατρείαν
3358 2069 3373 2085 ·
3418 2051 3620 2115 Ἰούδας
3645 2052 3701 2107 δὲ

2120 2153 2152 2221 ὴ
2184 2149 2323 2220 φυλὴ
2363 2147 2530 2201 Ἰούδα
2555 2146 2651 2199 καὶ
2673 2146 2954 2215 Βενιαμὶν,
2987 2144 3121 2198 ὅπου
3148 2146 3177 2197 6
3196 2142 3323 2206 ναὸς
3346 2143 3442 2196 καὶ
3472 2143 3527 2195 αί
3560 2139 3703 2195 κατά

2119 2241 2284 2312 νόμον
2306 2240 2552 2309 λατρεῖαι
2578 2236 2736 2292 σκιὰν
2758 2237 2976 2307 ἔχουσαι
3001 2235 3108 2288 τῶν
3130 2234 3433 2305 μελλόντων
3456 2232 3698 2301 ἀγαθῶν,

2119 2334 2213 2385 καὶ
2238 2329 2463 2402 εὖνομος
2484 2328 2750 2393 πολιτεία,
2780 2328 2872 2381 καὶ
2898 2329 2925 2380 6
2944 2326 3175 2396 σώφρων
3203 2324 3339 2395 βίος,
3371 2326 3467 2377 καὶ
3488 2325 3541 2377 αί
3563 2326 3701 2377 κατά

2119 2423 2226 2476 τῶν
2255 2423 2589 2493 παραθατῶν
2616 2421 2905 2492 τιμωρίαι,
2934 2418 2993 2484 ἐξ
3023 2411 3097 2472 ὧν
3125 2417 3445 2486 γενεαλογεῖ
3463 2417 3561 2488 τὴν
3583 2417 3698 2469 Σω-

2121 2513 2339 2566 σανναν.
2364 2544 2425 2553 -
2464 2513 2581 2565 Ἵνα
2608 2511 2868 2582 πληρωθῇ
2895 2509 2955 2562 τὸ
2979 2508 3292 2581 εἰρημένον,
3330 2506 3394 2561 '0
3419 2508 3701 2575 ὀρύσσων

2113 2603 2341 2668 ,βόθρον
2367 2599 2446 2666 τῷ
2474 2600 2745 2667 πλησίον
2773 2599 2981 2660 αὑτοῦ,
3005 2601 3092 2664 εἰς
3119 2596 3309 2651 αὑτὸν
3328 2595 3694 2665 ἐμπεσεῖται.

2118 2723 2186 2733 -
2216 2692 2512 2762 Προσέχειν
2550 2686 2643 2743 οὖν
2682 2688 2970 2759 ὀφείλομεν
3006 2689 3175 2742 πᾶσιν
3200 2729 3215 2755 ,
3246 2686 3556 2758 ἀγαπητοὶ,
3601 2701 3697 2754 φο-

2120 2783 2376 2852 ϐούμενοι
2429 2783 2501 2853 μή
2541 2798 2627 2844 τις
2660 2780 2716 2833 ἕν
2748 2797 2853 2833 τινι
2904 2778 3316 2850 παραπτώματι
3370 2774 3691 2847 κρατηθεὶς,

2119 2873 2279 2937 αὐτὸς
2314 2873 2411 2941 τῆς
2440 2871 2606 2925 αὑτοῦ
2638 2872 2813 2941 ψυχῆς
2846 2870 3027 2940 ἔνοχος
3055 2869 3306 2939 γένηται’
3338 2867 3693 2936 γινώσκοντες

2117 2966 2197 3019 ὅτι
2247 2964 2459 3028 ἔκδικος
2493 2966 2520 3017 6
2555 2963 2684 3027 Θεὸς
2724 2963 2854 3034 περὶ
2885 2963 3103 3016 πάντων
3132 2961 3377 3029 γίνεται,
3428 2956 3587 3019 αὐτὸς
3613 2953 3684 3006 ῶν

2119 3058 2238 3120 ὅλος
2278 3056 2575 3127 ὀφθαλμός.
2617 3054 2885 3108 Λανθὰνει
2927 3054 2984 3106 δὲ
3023 3053 3215 3106 τοῦτον
3258 3050 3368 3104 τῶν
3412 3051 3468 3103 ἐν
3500 3047 3682 3115 κόσμῳ

2121 3149 2505 3219 πραττομένων
2539 3148 2693 3201 οὐδέν
2714 3164 2727 3176 ·
2755 3147 2836 3201 διὸ
2869 3146 2958 3200 ἀεὶ
3002 3147 3298 3218 ὲγρήγοροι
3327 3142 3565 3214 καρδίαις
3590 3138 3683 3192 καὶ

2120 3241 2412 3310 σωφρόνως
2446 3239 2687 3310 βιοῦντες
2718 3239 2818 3308 τὴν
2851 3238 3141 3292 Σωσάνναν
3175 3232 3554 3308 μιμησὼμεθα.

2189 3332 2341 3402 Ἔχει
2372 3332 2469 3401 μὲν
2492 3331 2566 3395 ὡς
2593 3330 2706 3401 ἔχει
2733 3330 2800 3384 τὰ
2829 3333 2929 3401 τῆς
2959 3330 3204 3401 ἱστορίας
3226 3345 3241 3360 ν
3271 3326 3489 3381 δυνατὸν
3508 3323 3567 3377 δὲ
3589 3322 3689 3376 καὶ

2116 3421 2589 3492 τροπολογηθῆναι
2648 3421 2747 3491 τὴν
2813 3421 3108 3490 διασκευὴν
3175 3419 3269 3473 τοῦ
3323 3417 3688 3489 γράμματος³

2116 3513 2479 3585 ἑρμηνεύεται
2513 3509 2606 3566 οὖν
2638 3513 2872 3575 Χελκίας
2909 3512 3247 3581 διαστροφὴ
3281 3510 3452 3570 Θεοῦ,
3478 3509 3510 3580 ἢ
3533 3507 3692 3561 αἴνε-

2115 3625 2215 3675 σις
2241 3608 2408 3663 Θεοῦ
2433 3609 2711 3667 Σωσάννα,
2738 3608 2888 3675 χαρὰ
2907 3606 3125 3671 αὐτῶν,
3153 3606 3185 3676 ἢ
3209 3605 3419 3672 κρίνον
3437 3603 3694 3656 ἀποστο-

2113 3703 2309 3755 λικόν·
2349 3700 2606 3770 Ἰωακεὶμ
2637 3699 2856 3766 Κυρίου
2884 3696 3258 3767 ἐτοιμασμὸς,
3288 3694 3568 3764 ῆΚυρίου
3598 3690 3692 3744 αι-

2113 3811 2302 3862 νεσις·
2319 3793 2516 3866 Δανιὴλ
2537 3794 2732 3863 κρίσις
2751 3792 2920 3847 Θεοῦ,
2940 3794 2972 3863 ἦ
2991 3792 3204 3861 κρίνων
3226 3787 3387 3853 Θεός.
3412 3787 3582 3839 Ὅταν
3598 3779 3694 3838 οὖν

2117 3889 2149 3955 ἡ
2185 3886 2331 3957 χαρὰ
2359 3885 2468 3939 τῶν
2496 3884 2768 3955 ὲναρέτων
2794 3882 2982 3952 ψυχῶν
3013 3883 3111 3951 τῆς
3151 3877 3479 3949 Ἑκκλησίας
3510 3875 3546 3945 ἦ
3576 3877 3693 3928 ἐστι

2114 3983 2174 4032 τὸ
2199 3977 2382 4047 κρίνον
2408 3977 2466 4030 τὸ
2497 3974 2877 4039 ἀποστολικδν,
2909 3974 2971 4026 τὸ
3002 3972 3203 4035 εὐῶδες
3241 3969 3421 4033 ἄνθος.
3459 3970 3493 4037 ἡ
3530 3984 3694 4021 πνευ-

2119 4069 2320 4141 ματικὴ
2354 4069 2551 4121 εὐωδία
2577 4106 2591 4132 ,
2632 4069 2666 4136 ή
2709 4066 2960 4139 θυγάτηρ
3003 4066 3097 4119 τοῦ
3142 4064 3397 4129 Χελκίου,
3447 4058 3689 4131 μαθοῦσα

2117 4164 2268 4233 παρὰ
2293 4161 2402 4215 τῶν
2439 4161 2584 4215 ἰδίων
2612 4161 2862 4229 πατέρων
2892 4157 3272 4213 πολιτεύεσθαι
3296 4155 3438 4210 κατὰ
3464 4153 3563 4225 τὴν
3583 4152 3689 4205 τῶν

2117 4254 2413 4327 προφητῶν
2444 4252 2768 4323 παράδοσιν,
2797 4255 2933 4323 ὅπερ
2963 4253 3081 4305 ἐστὶ
3122 4249 3331 4321 στροφὴ
3366 4247 3459 4300 καὶ
3490 4245 3689 4314 κλῆρος

2114 4348 2207 4400 τοῦ
2249 4345 2483 4419 Ἰσραὴλ,
2525 4345 2769 4415 συναφθῇ
2800 4344 2878 4414 τῷ
2914 4340 3269 4413 πνευματικῷ
3308 4336 3526 4408 νυμφίῳ
3556 4336 3690 4404 Χρι-

437 4425 540 4479 bus
570 4422 733 4477 futuri
763 4423 945 4481 saeculi
972 4424 1110 4489 bona
1133 4425 1478 4494 praeparavit,
1504 4440 1726 4494 regnum
1749 4425 2009 4479 caelorum

2120 4438 2251 4508 στῷ,
2281 4439 2309 4491 ὃ
2344 4441 2493 4491 ἐστιν
2535 4436 2810 4506 Ἱωακελμ,
2842 4437 2870 4488 6
2909 4431 3282 4504 πνευματικὸς
3313 4430 3413 4501 τῆς
3466 4425 3691 4493 Ἐκκλη-

440 4515 817 4579 annuntiavit,
847 4525 902 4570 et
942 4516 1178 4585 Spiritus
1224 4518 1399 4571 sancti
1450 4518 1740 4586 participes
1776 4519 2009 4572 reddidit

436 4608 651 4673 ﬁdeles,
704 4608 1001 4665 laudandus
1053 4607 1107 4661 in
1141 4606 1336 4665 saecula
1362 4646 1378 4674 ,
1408 4623 1565 4664 amen
1600 4626 1613 4662 :
1650 4619 1777 4662 tunc
1822 4623 2012 4679 aggre-

433 4700 654 4759 diuntur
674 4720 792 4760 eam
825 4698 1055 4777 improbi
1096 4707 1263 4775 plebis
1293 4706 1532 4776 iudices,
1578 4716 1633 4761 et
1662 4718 1705 4762 st
1738 4720 1860 4778 ejus
1891 4707 2011 4761 ani-

436 4808 576 4848 mam
618 4810 714 4866 per
753 4808 917 4866 prava
976 4797 1227 4868 dogmata
1277 4810 1628 4867 corrumpere
1674 4806 1727 4853 et
1779 4812 2012 4853 enecare

437 4900 708 4958 nequeunt
734 4891 886 4960 (haec
925 4892 1070 4946 enim
1106 4902 1189 4948 cst
1223 4908 1369 4948 mors
1397 4893 1661 4965 animm),
1690 4903 1821 4951 tunc
1849 4895 2012 4951 stulto

436 4981 765 5048 acjudicare
810 4983 992 5037 nescio
1035 4984 1230 5055 populo
1273 4986 1491 5039 tradunt
1535 5002 1732 5055 corpus
1768 4988 1834 5043 ad
1883 5003 2009 5055 sup-

437 5073 680 5143 plicium.
701 5074 758 5128 Si
781 5074 919 5128 Deus
938 5075 1221 5151 permittit,
1247 5086 1305 5129 ut
1330 5092 1527 5146 sponsa
1546 5087 1770 5135 mortem
1799 5080 2011 5143 subeat,

437 5164 682 5236 martyrii
711 5180 910 5222 corona
941 5180 1060 5220 cam
1104 5176 1299 5237 ornat;
1332 5167 1379 5224 si
1411 5184 1537 5234 vero
1570 5184 1601 5225 e
1632 5172 1886 5230 manibus
1920 5173 2013 5226 ini-

442 5256 709 5313 micorum
738 5258 921 5333 eripit,
954 5274 1119 5329 prope
1158 5274 1216 5315 se
1243 5262 1414 5329 ipsum
1447 5263 1675 5319 collocat
1704 5280 1822 5321 eam
1856 5276 1908 5320 et
1936 5267 2013 5320 sic

437 5349 640 5404 ltunore
658 5351 840 5405 allicit.
862 5350 939 5406 llli
960 5361 1137 5406 autem
1156 5354 1483 5409 meditantur
1500 5357 1659 5411 etiam
1690 5357 1895 5427 justum
1919 5358 2010 5413 Dei

432 5440 694 5511 judicium
719 5487 732 5510 ,
761 5446 905 5513 quod
936 5445 1061 5511 fecit
1088 5447 1270 5501 Daniel
1291 5488 1305 5513 ,
1333 5448 1487 5517 cujus
1512 5464 1704 5503 nomen
1735 5451 2007 5520 signiﬁcat

435 5534 693 5597 iudicium
724 5536 838 5591 Dei.
907 5536 1215 5608 Presbyteri
1248 5547 1427 5595 autem
1458 5542 1676 5598 nomine
1708 5552 1919 5606 carent,
1956 5552 2013 5598 ut

438 5625 588 5678 dives
625 5627 674 5680 in
708 5626 864 5681 Lucae
919 5627 1250 5696 Evangelio,
1294 5629 1382 5699 qui
1425 5628 1691 5684 Lazarum
1734 5632 2011 5687 ulceribus

439 5714 692 5777 obrutum
732 5719 1202 5772 commiseratione
1237 5735 1338 5771 non
1372 5719 1623 5792 dignatus
1655 5732 1761 5789 est.

2121 4530 2241 4591 σίας
2275 4530 2535 4599 νυμφίος,
2569 4530 2597 4580 ὁ
2627 4529 2923 4599 ἑτοιμάσας
2957 4526 3026 4579 τὰ
3055 4525 3148 4578 τοῦ
3182 4523 3467 4595 μέλλοντος
3498 4518 3691 4579 αἰῶνος

2119 4622 2299 4690 ἀγαθὰ
2324 4623 2435 4683 τοῖς
2461 4622 2689 4681 πιστοῖς,
2720 4621 2813 4672 καὶ
2845 4618 3089 4691 κηρύξας
3119 4614 3398 4686 βασιλείαν
3425 4609 3689 4682 οὐρανῶν,

2119 4714 2214 4767 καὶ
2236 4714 2375 4767 Πνεύ
2386 4731 2551 4783 ματος
2575 4713 2731 4781 ἁγίου
2757 4713 2986 4781 ποιήσας
3008 4707 3262 4777 γενέσθαι
3289 4703 3551 4775 μετόχους
3574 4698 3695 4759 τοὺς

2122 4809 2366 4872 πιστοὺς,
2401 4808 2430 4858 ὁ
2467 4805 2542 4859 ὣν
2579 4805 2787 4866 diva-.6;
2818 4806 2897 4866 εἰς
2922 4803 3047 4865 τοὺς
3067 4801 3289 4863 αἰῶνας.
3325 4797 3533 4867 Ἀμήν·
3577 4791 3695 4845 τότε

2120 4900 2440 4970 ἐπέρχονται
2464 4899 2599 4968 αὐτῇ
2632 4898 2682 4951 οἱ
2721 4897 3027 4965 παράνομοι
3072 4893 3164 4946 τοῦ
3197 4889 3326 4945 λαοῦ
3361 4885 3567 4959 κριταὶ,
3605 4883 3698 4936 καὶ

2119 4994 2213 5044 ἐὰν
2244 4991 2317 5061 μὴ
2343 4990 2613 5061 δυνηθῶσι
2635 4990 2944 5060 διαφθεῖραι
2974 4986 3140 5061 αὐτῆς
3171 4985 3270 5054 τὴν
3296 4980 3478 5051 ψυχὴν
3501 4980 3559 5030 ὲν
3586 4979 3698 5040 τοῖς

2119 5080 2836 5155 ἀπηγορευμένοιξδόγμασι
2874 5082 2965 5135 καὶ
2994 5059 3301 5141 θανατῶσαι
3329 5075 3497 5143 αὐτὴν
3523 5071 3701 5142 (τοῦτο

2118 5173 2228 5243 γὰρ
2257 5175 2435 5245 ψυχῆς
2464 5174 2753 5243 θάνατος),
2786 5173 2908 5226 τότε
2943 5172 3004 5223 τὸ
3040 5171 3199 5240 σῶμα
3232 5160 3703 5241 παραδιδόασιιτῷ

2119 5266 2297 5338 ἀλόγῳ
2327 5267 2419 5320 καὶ
2446 5265 2744 5337 ἀδιακρίτῳ
2777 5263 2969 5334 πλήθει
2999 5265 3076 5327 εἰς
3105 5262 3320 5330 σφαγήν
3339 5275 3353 5289 ·
3396 5257 3491 5311 καὶ
3522 5257 3571 5309 εἰ
3605 5254 3704 5325 μὲν

2123 5359 2400 5430 συγχωρεῖ
2443 5358 2471 5409 ὁ
2521 5356 2655 5423 Θεδς
2691 5355 2885 5408 παθεῖν
2930 5355 3028 5425 τὴν
3062 5352 3312 5423 νύμφην,
3359 5346 3705 5417 περιτίθησιν

2122 5450 2255 5520 αὐτῇ
2284 5450 2371 5501 τὸν
2399 5450 2492 5501 τοῦ
2528 5449 2829 5521 μαρτυρίου
2863 5448 3145 5514 στέφανον’
3179 5446 3227 5497 εἰ
3257 5442 3313 5497 δὲ
3346 5442 3442 5495 καὶ
3477 5438 3706 5510 ῥύσεται

2120 5543 2288 5610 αὐτὴν
2319 5545 2381 5594 ὲκ
2413 5542 2595 5613 χειρὸς
2624 5524 2855 5613 ἔχθρῶν,
2890 5540 2982 5593 καὶ
3007 5539 3170 5592 πάλιν
3198 5536 3335 5607 τιμᾷ
3366 5534 3534 5599 αὐτὴν
3564 5529 3705 5599 ἔχων

2121 5634 2346 5702 πλησίον
2391 5633 2576 5687 αὑτοῦ·
2616 5636 2662 5686 οἱ
2701 5635 2756 5687 δὲ
2787 5630 3230 5685 ὲπιϐουλεύονται
3259 5629 3353 5682 καὶ
3381 5626 3471 5680 διὰ
3497 5624 3595 5694 τῆς
3627 5623 3705 5675 δι·

2124 5728 2284 5791 καίας
2322 5724 2411 5778 τοῦ
2446 5725 2580 5779 Θεοῦ
2614 5726 2879 5796 κρίσεως,
2918 5725 3054 5793 ὅπερ
3090 5723 3393 5802 πεποίηκεν
3426 5721 3455 5773 ὁ
3483 5713 3707 5799 Δανιὴλ,
