4038 6148
410 351 548 416 1369
1529 363 1996 425 FRAGMENTA

2078 367 2119 426 Ν
2159 369 2574 434 DANlELEM.
2629 441 2642 450 ,
3537 375 3673 442 1370

401 461 460 525 ὃς
485 459 848 533 ἑρμηνεύεται
874 463 1071 533 κρίσις
1095 465 1262 520 Θεοῦ·
1289 467 1337 521 οἱ
1367 467 1424 522 δὲ
1451 469 1812 545 πρεσϐύτεροι
1870 470 2144 543 ἀνώνυμοί
2197 477 2354 543 εἰσιν,
2390 479 2464 543 ὡς
2497 482 2526 533 ὁ
2553 480 2808 547 πλούσιος
2849 483 2878 536 ὁ
2924 483 3074 556 παρὰ
3112 485 3189 558 τῷ
3241 489 3446 558 Λουκᾷ,
3489 487 3530 562 κὁ
3583 489 3672 543 τὸν

401 554 716 626 ἡλκωμένον
745 555 991 644 Λάζαρον
1021 557 1098 630 μὴ
1128 561 1484 631 κατελεήσας.

1002 654 1258 708 ΚΕΦΑΛ.
1300 657 1380 712 Α’.
2015 666 2060 720 Δ

2015 666 2060 720 Α
2613 667 2844 726 CAPUT
2899 671 3192 730 PRIMUM.

477 761 494 794 t
533 747 733 818 Δανιὴλ
760 748 992 818 συνῆκεν
1021 748 1078 801 ἐν
1108 747 1255 828 πάσῃ
1286 750 1474 820 ὁράσει
1500 750 1596 805 καὶ
1632 752 1922 816 ἐνυπνίοις.
1958 769 1978 803 t

2156 759 2322 814 Vsus.
2365 761 2447 815 l7.
2494 783 2514 814 ι
2553 763 2738 820 Daniel
2774 774 2953 822 autem
2979 767 3246 824 intellexit
3281 784 3470 825 omnes
3501 771 3666 826 visiu~

2085 865 2184 906 nes
2207 864 2262 908 Cl
2290 864 2522 908 somnia.
2559 872 2580 906 ι

472 915 951 986 Προαναφωνεῖται
998 920 1374 993 ἀποκαλύψεις
1423 925 1524 989 τὰς
1575 926 1726 985 θείας
1781 929 1876 985 καὶ
1912 928 1980 983 τὰ

2155 941 2418 1000 Eunntiat
2444 943 2803 1005 revelationes
2827 949 3041 1006 divinas
3075 960 3130 1006 et
3161 951 3368 1006 somnia
3391 966 3512 1021 quae
3535 953 3666 1005 vidit

401 1007 629 1061 ἐνύπνια
665 1008 701 1062 ἃ
741 1007 849 1064 εἶδε
879 1013 976 1068 καὶ
1018 1014 1378 1086 ἀπεγράψατο
1415 1017 1493 1082 ὡς
1539 1021 1846 1092 προφήτης·
1884 1023 1980 1081 καὶ

2082 1040 2138 1085 et
2191 1031 2387 1088 litteris
2436 1037 2720 1092 mandavit
2771 1051 2829 1096 ut
2880 1040 3164 1110 propheta,
3205 1058 3382 1110 neque
3429 1043 3663 1098 occultat

402 1099 477 1169 μὴ
509 1100 742 1170 κρύπτει
769 1102 837 1155 τὰ
873 1103 993 1158 θεῖα
1034 1106 1382 1178 χαρίσματα,
1415 1109 1558 1163 κατὰ
1600 1111 1691 1164 τὸν
1721 1113 1976 1184 καταχὼσ

2082 1121 2278 1179 divina:
2313 1127 2502 1194 gratia:
2522 1143 2770 1197 munera,
2808 1099 2950 1200 quod
2982 1099 3115 1187 iecit
3153 1132 3242 1187 ille
3270 1133 3362 1204 qui
3398 1133 3659 1189 talentum

402 1207 572 1246 σαντα
596 1192 658 1246 τὸ
689 1193 1008 1250 δεσποτικὸν
1039 1197 1321 1254 τάλαντον.

2081 1215 2281 1268 domini
2311 1192 2392 1270 sui
2429 1218 2481 1272 in
2513 1227 2658 1276 tcrra
2692 1192 3055 1280 abscondidit.

473 1298 494 1333 ι
545 1281 814 1350 Ἐγένετο,
840 1300 895 1339 κ.
924 1301 975 1338 τ.
1007 1284 1057 1338 λ.
1107 1303 1126 1337 ι
1452 1345 1474 1376 ι

1452 1345 1474 1376 λ
2154 1302 2322 1366 Vsus.
2351 1307 2443 1362 ‘21.
2491 1328 2508 1360 ι
2542 1310 2688 1378 Fuit,
2721 1333 2738 1363 ›
2775 1322 2881 1370 etc.

476 1371 757 1427 Ἐντεῦθεν
804 1375 976 1455 δηλοῖ⁸
997 1377 1080 1431 ὅτι
1115 1379 1245 1448 περὶ
1285 1378 1346 1433 τδ
1378 1371 1532 1444 τέλος
1571 1383 1664 1436 τοῦ
1697 1383 1826 1438 ἰδίου
1857 1384 1974 1456 βίου

2149 1395 2247 1453 llic
2291 1402 2526 1456 ostendit
2560 1371 2770 1472 Daniel,
2813 1422 2874 1463 se
2901 1406 3046 1462 hunc
3081 1409 3452 1478 propheticum
3496 1419 3658 1482 atque

393 1465 734 1536 συνέγραψεν
779 1469 810 1520 ὁ
856 1469 1056 1542 Δανιὴλ
1100 1471 1200 1542 τὴν
1247 1474 1595 1546 προφητικὴν
1637 1475 1841 1549 ταύτην
1881 1477 1974 1536 καὶ

389 1555 671 1626 tempus»
710 1556 910 1626 βεσλον.
1629 1550 1642 1565 '

1948 1477 1974 1532 πὶ
2078 1487 2398 1546 historicum
2437 1491 2634 1550 librum
2677 1497 2778 1552 sub
2808 1497 2967 1555 ﬁnem
2991 1500 3116 1556 vitae
3139 1502 3543 1573 conscripsisse.

416 1571 671 1626 στορικην
710 1571 910 1626 βιῡλον.

987 1651 1240 1709 ΚΕΦΑΛ.
1289 1655 1366 1710 B'.

2736 1675 2886 1733 CAP.
2926 1677 2987 1734 ll.

464 1755 486 1788 ι
533 1737 659 1792 Ἐὰν
695 1742 768 1811 μὴ
801 1744 1108 1816 γνωρίσητέ
1151 1765 1261 1816 μοι.
1304 1767 1324 1800 ι

2145 1761 2310 1817 Vsus.
2349 1762 2402 1818 5.
2458 1783 2478 1817 ι
2511 1763 2624 1821 Nisi
2663 1767 3032 1826 indicaveritis
3065 1772 3218 1828 mihi.
3255 1791 3274 1825 ι

451 1831 672 1902 Φυσικῷ
735 1832 981 1906 λογισμῷ
1035 1833 1157 1890 εἷπε
1208 1839 1403 1905 τοῦτο,
1459 1843 1509 1896 εξ
1561 1845 1656 1899 καὶ
1698 1846 1852 1918 παρὰ
1903 1847 1964 1900 τὺ

2127 1851 2282 1909 Justa
2331 1857 2701 1921 conclusione.
2753 1863 3002 1930 quamvis
3052 1871 3250 1932 praeter
3296 1866 3641 1922 consuetudi-

385 1921 634 1994 σύνηθες·
681 1926 764 1986 ὅτι
800 1929 828 1980 ὁ
876 1928 950 2000 μὴ
984 1930 1282 2000 δυνάμενος
1320 1935 1558 2002 εἰδέναι,
1591 1939 1643 1990 τι
1687 1933 1796 1992 εἶδε
1841 1940 1960 1993 κατ’

2066 1959 2214 2007 nem.
2257 1946 2395 2000 dixit
2437 1963 2561 2003 eum
2593 1951 2682 2020 qui
2731 1951 2938 2010 nesciat
2975 1953 3101 2021 quid
3135 1953 3330 2016 viderit.
3375 1969 3471 2023 per
3499 1971 3645 2009 som-

381 2014 533 2082 ιναρ,
558 2015 680 2090 ούτε
711 2019 806 2072 ἐὰν
844 2021 1052 2094 ἀκούσῃ
1082 2023 1142 2076 τὺ
1181 2024 1315 2097 ὄναρ
1341 2027 1564 2082 δύναται
1597 2029 1728 2082 αύτδ
1773 2029 1955 2087 λῦσαι.

2069 2036 2238 2097 nium,
2275 2052 2450 2107 neque
2475 2039 2686 2098 solvere
2725 2057 2902 2110 posse,
2945 2044 2990 2099 si
3021 2043 3104 2100 vel
3151 2047 3422 2102 somnium
3459 2047 3648 2100 audie-

391 2103 521 2161 Ἰδοὺ
553 2111 657 2180 γὰρ
701 2111 758 2164 ὲν
781 2115 844 2184 τῇ
887 2115 1110 2186 πέμπτῃ
1139 2117 1330 2186 ὁράσει
1362 2115 1515 2172 εἶπεν
1546 2122 1730 2187 αὐτοῖς
1775 2128 1835 2175 τὸ
1875 2125 1962 2179 ἐν·-

2071 2128 2156 2182 rit.
2215 2127 2380 2184 Ecce‘
2419 2131 2564 2185 enim
2622 2133 2673 2187 in
2733 2137 2922 2204 quinta
2972 2137 3179 2194 visione
3236 2138 3319 2194 eis
3374 2139 3640 2194 somnium

379 2197 567 2253 ύπνιον
594 2203 686 2256 τοῦ
707 2204 947 2276 δένδρου,
998 2209 1093 2261 καὶ
1118 2209 1218 2262 οὐκ
1241 2211 1576 2283 ἐδυνήθησαν
1620 2214 1753 2269 αὐτὸ
1780 2214 1960 2271 λῦσαι.

1641 2214 1753 2269 me
1780 2214 1960 2271 λῦσαι.
2066 2219 2372 2286 enarravit;
2407 2235 2505 2274 nec
2535 2231 2760 2290 potuere
2792 2226 2918 2281 illud
2946 2229 3236 2298 explicare.

455 2313 475 2344 ι
506 2295 614 2348 Καὶ
641 2296 910 2366 λέγουσιν,
943 2300 1056 2353 Οὐκ
1099 2300 1247 2354 ἔστιν
1271 2303 1575 2374 ἅνθρωπος.
1617 2325 1636 2358 ι

2128 2309 2291 2364 Vsus.
2329 2309 2415 2366 l0.
2462 2329 2482 2362 ι
2516 2312 2578 2366 Ει
2606 2312 2794 2368 dicunt
2829 2334 2842 2369 :
2879 2315 2996 2370 Non
3019 2295 3110 2372 est
3143 2319 3322 2373 homo.
3357 2337 3373 2370 ι

447 2385 610 2441 Ὅσον
640 2390 746 2442 ἀπὸ
781 2389 873 2443 τοῦ
914 2392 1208 2462 προχείρου
1255 2395 1557 2465 ἐψεύσαντο
1594 2400 1642 2452 οἱ
1683 2399 1850 2470 μάγοι
1874 2417 1888 2432 ·
1929 2402 1956 2456 ό

2135 2399 2348 2456 Μεηιίτί
2381 2402 2553 2472 magis
2582 2403 2634 2457 in
2671 2415 2924 2474 promptu
2953 2418 3092 2468 erat.
3126 2407 3317 2464 Daniel
3351 2409 3517 2474 enim,
3551 2415 3639 2478 qui

371 2478 481 2550 γὰρ
505 2481 702 2553 Δανιὴλ
734 2481 1022 2552 ἄνθρωπος
1054 2485 1149 2536 καὶ
1171 2485 1264 2538 ἐπὶ
1287 2487 1390 2556 γῆς
1417 2487 1492 2542 ὢν
1531 2488 1672 2558 ἔγνω
1701 2489 1880 2556 τοῦτο,
1905 2493 1953 2545 εἰ

2059 2499 2113 2546 ct
2139 2493 2308 2547 homo
2341 2502 2395 2548 et
2439 2494 2492 2548 in
2524 2503 2668 2550 terra
2717 2507 2856 2563 erat,
2891 2498 2994 2555 hoc
3044 2501 3216 2568 novit,
3253 2503 3500 2574 quamvis
3528 2503 3576 2558 ei
3611 2519 3639 2558 a

372 2574 463 2624 καὶ
488 2573 637 2642 παρὰ
665 2575 759 2626 τοῦ
791 2575 924 2628 Θεοῦ
961 2576 1318 2650 ἀπεκαλύφθη
1356 2579 1524 2649 αὐτῷ.

1112 2577 1318 2650 αλύφθη
1356 2579 1524 2649 αὐτῷ.
2059 2585 2169 2640 Deo
2197 2584 2491 2640 revelatum
2520 2585 2707 2643 tulerit.

449 2685 468 2716 ι
514 2666 628 2728 Πᾶς
664 2665 914 2736 βασιλεὺς
966 2668 1060 2721 καὶ
1099 2668 1284 2740 ἄρχων
1333 2671 1394 2724 τὸ
1450 2673 1605 2742 ῥῆμα
1652 2671 1812 2728 τοῦτο
1850 2675 1951 2730 οῦκ

2131 2695 2152 2730 ι
2203 2675 2392 2736 Nullus
2453 2696 2546 2736 rex
2615 2681 2699 2740 vel
2757 2681 3014 2754 princeps
3079 2685 3146 2742 de
3212 2687 3520 2758 huiusmodi
3582 2703 3637 2744 rc

367 2758 640 2829 ἐπερωτᾷ.
686 2778 704 2811 ι

1999 2778 2028 2803 ι
2052 2771 2266 2837 qmcrit.
2313 2790 2332 2824 ι
3323 2845 3342 2854 _

442 2851 613 2903 Ὅπου
645 2851 782 2904 εἰσὶν
820 2853 868 2905 ot
906 2851 1144 2922 βασιλεῖς
1169 2855 1263 2906 καὶ
1293 2857 1342 2908 οἱ
1371 2854 1634 2926 ἄρχοντες
1657 2900 1669 2917 ,
1716 2858 1946 2929 εὐνομία

2125 2862 2227 2918 Ubi
2267 2879 2423 2935 reges
2459 2875 2584 2922 sunt
2629 2875 2684 2921 et
2727 2867 3023 2937 principes,
3061 2867 3207 2938 leges
3249 2851 3386 2926 bene
3425 2873 3633 2928 consti-

363 2941 516 2992 ἐστίν
536 2955 550 2970 ·
579 2941 712 2994 ὅπου
743 2941 1018 3012 τύραννοι,
1051 2943 1140 3014 βία
1167 2949 1362 3016 κρατεῖ
1390 2947 1484 3001 καὶ
1513 2947 1574 3000 τὸ
1601 2949 1805 3002 ἄδικον·
1851 2951 1945 3003 καὶ

2051 2962 2180 3011 tutae
2240 2956 2470 3024 ﬂorent;
2525 2959 2616 3014 ubi
2669 2961 2902 3031 tyranni,
2951 2961 3206 3017 violentia
3258 2976 3314 3018 et
3369 2965 3628 3034 iniustitia

361 3032 420 3083 οὖ
469 3031 549 3084 δεῖ
592 3033 652 3085 σὲ
703 3032 930 3102 βασιλέα
983 3033 1114 3088 ὄντα
1157 3036 1250 3088 τὸν
1297 3035 1481 3091 ἄδικον
1523 3037 1716 3091 τοῦτον
1767 3040 1943 3094 εἰπεῖν

2048 3047 2412 3110 dominantur.
2441 3049 2619 3116 Quare
2643 3061 2722 3118 tu,
2761 3067 2882 3107 cum
2927 3067 3018 3107 rex
3050 3055 3148 3120 sis,
3188 3069 3292 3110 non
3324 3055 3486 3112 debes
3514 3067 3621 3112 tam

361 3125 547 3193 λόγον.

2047 3139 2243 3209 injuste
2273 3155 2536 3208 qmerere.

437 3241 455 3272 ι
503 3221 804 3288 Ἐπαοιδδν,
837 3221 1033 3292 μάγον.
1070 3225 1164 3278 καὶ
1193 3225 1482 3280 Χαλδαῖον.
1523 3244 1543 3276 ι

2119 3249 2137 3281 ι
2176 3231 2591 3300 lncantatorem,
2624 3247 2862 3304 magum,
2901 3245 2953 3287 et
2985 3233 3318 3292 Chaldteum.
3349 3255 3367 3288 ι

442 3313 720 3377 Ἐπαοιδός
757 3314 904 3366 ἐστιν
929 3316 956 3367 ό
979 3313 1067 3369 διὰ
1088 3315 1433 3386 ψιθυρισμῶν
1464 3316 1638 3385 λέγων
1666 3317 1790 3371 τινὰ
1815 3335 1937 3372 ποι·
1965 3354 2008 3412 C

2113 3320 2426 3378 lncantator
2471 3334 2557 3379 est
2601 3325 2692 3396 qui
2733 3341 2830 3394 per
2880 3326 3245 3382 sibilationem
3304 3329 3504 3400 aliquid
3555 3348 3613 3388 se

355 3407 458 3468 εῖν,
499 3400 602 3457 οἷοὶ
633 3406 771 3458 εἰσιν
799 3405 850 3456 oi
893 3403 1000 3457 τῶν
1037 3405 1215 3474 ὄφεων
1255 3407 1528 3461 ὲπαοιδοί·
1573 3407 1738 3478 μάγοι
1771 3409 1820 3461 ot
1849 3409 1936 3462 διὰ

2041 3415 2310 3469 facturum
2341 3416 2650 3486 proﬁtetur,
2688 3417 2877 3488 quales
2909 3427 3038 3473 sunt
3067 3421 3404 3488 serpentium
3435 3422 3621 3476 incau~

357 3495 635 3566 σοφισμῶν
659 3513 820 3550 τινων
862 3496 1141 3567 ἀπατῆσαι
1171 3497 1478 3568 δυνάμενοι·
1508 3500 1763 3554 Χαλδαῖοι
1791 3501 1840 3554 oi
1868 3499 1934 3552 δι’

2038 3516 2295 3575 tatores;.
2327 3507 2506 3578 magi,
2560 3509 2652 3578 qui
2711 3525 2810 3579 per
2851 3511 3113 3578 quasdam
3167 3511 3617 3567 ratiocinationes

352 3585 716 3656 ἀστρονομίας
745 3585 1206 3657 ἐπαγγελλόμενοι
1240 3587 1420 3655 λέγειν
1455 3589 1655 3654 πάντα,
1694 3589 1932 3660 μάλιστα

2036 3598 2315 3667 imponere
2367 3601 2580 3664 valent;
2627 3599 2889 3667 Chaldaei,
2939 3600 3028 3669 qni
3081 3615 3177 3670 per
3227 3603 3616 3658 astronomiam

348 3679 408 3731 δὲ
437 3677 503 3730 τὰ
531 3678 783 3746 ἐσόμενα.

2033 3689 2240 3752 omnia,
2277 3689 2551 3758 praecipue
2584 3700 2764 3746 autem
2800 3689 3003 3756 futura,
3039 3707 3098 3746 se
3121 3691 3264 3748 scire
3293 3691 3519 3760 iactant.

428 3785 448 3818 ι
499 3767 760 3832 Ὴξίωσεν
789 3769 938 3832 ὅπως
965 3769 1154 3840 χρόνον
1187 3768 1282 3838 δῷ.
1319 3787 1339 3820 ι

2110 3775 2274 3830 Vens.
2305 3779 2392 3832 16.
2422 3798 2440 3830 ι
2477 3779 2730 3849 Rogavit,
2762 3792 2823 3834 ut
2855 3782 2956 3836 sibi
2989 3791 3200 3854 tempus
3230 3788 3569 3841 concederet.
3594 3807 3610 3837 ι

431 3857 519 3920 Ὠς
557 3859 746 3922 πιστὸς
793 3859 1068 3928 ὑπέσχετο
1118 3859 1265 3913 λύειν
1314 3860 1374 3912 τὸ
1421 3860 1589 3930 ὄναρ,
1633 3861 1928 3932 λαμϐάνων

2107 3868 2178 3924 Ut
2197 3868 2677 3936 ﬁdelis,somnium
2702 3887 2759 3926 se
2780 3874 3172 3942 explicaturum
3194 3889 3316 3930 esse
3341 3878 3611 3944 promisit,

346 3951 497 4020 παρὰ
519 3949 611 4002 τοῦ
645 3949 779 4004 Θεοῦ
805 3951 904 4022 τὴν
932 3951 1023 4004 διὰ
1043 3951 1354 4022 προσευχῆς
1376 3953 1469 4004 καὶ
1502 3952 1712 4014 ἱκεσίας
1743 3954 1923 4024 χάριν.

2030 3959 2202 4028 gratia
2236 3958 2418 4012 divina
2450 3974 2548 4030 per
2578 3976 2765 4029 preces
2796 3971 2851 4016 et
2902 3964 3328 4030 supplicationes
3365 3978 3607 4034 accepta.

425 4061 441 4090 σ
485 4041 709 4114 Εὖρηκα
743 4043 912 4113 ἄνδρα
942 4046 1008 4096 ὲκ
1032 4043 1140 4095 τῶν
1173 4043 1305 4096 υἱῶν
1331 4043 1432 4114 τῆς
1465 4045 1868 4114 αἰχμαλωσίας.
1900 4066 1920 4097 ο
1986 4097 1992 4110 ,

2114 4045 2279 4100 Vsus.
2313 4046 2405 4100 25.
2455 4065 2474 4099 ι
2507 4047 2692 4102 Inveni
2722 4050 2894 4103 virum
2947 4065 3012 4106 ex
3050 4051 3174 4112 ﬁliis
3205 4053 3552 4131 Captivitatis.
3587 4077 3603 4108 ι

430 4135 671 4198 Ἐκεῖνος
729 4136 829 4204 μὲν
873 4135 949 4199 ὡς
993 4133 1350 4203 ἐξευτελίζων
1391 4135 1484 4188 τὸν
1529 4135 1761 4208 Δανιὴλ,
1807 4139 1928 4207 αἰχ·

2108 4135 2204 4192 llle
2249 4138 2491 4208 quidem,
2546 4149 2604 4194 ut
2655 4141 2860 4195 Danieli
2912 4141 3282 4210 detracturus,
3337 4147 3607 4214 captivqu

347 4223 599 4294 μάλωτον
622 4226 782 4278 αὐτὸν
808 4226 1110 4294 ὠνόμασεν
1133 4227 1182 4282 si
1207 4227 1266 4282 δὲ
1289 4227 1336 4280 ol
1357 4227 1486 4297 παρ’
1535 4227 1806 4300 Ἐϐραίων
1837 4245 1925 4281 πι-

2026 4239 2146 4279 οιιιη
2178 4227 2489 4296 appellavit.
2515 4227 2636 4284 lam
2666 4231 2708 4285 si
2739 4230 2923 4287 ﬁdeles
2951 4233 3090 4286 inter
3108 4233 3321 4292 Iudaeos
3353 4238 3607 4308 mysteria

340 4313 458 4366 στοὶ
487 4314 795 4383 τηλικοῦτοι
839 4312 981 4386 ἦσαν
1011 4313 1089 4378 ὡς
1133 4314 1578 4385 καταλαμϐάνειν
1616 4318 1918 4388 μυστήρια,

2025 4320 2488 4388 comprehendere
2522 4329 2832 4389 potuerunt,
2869 4323 3118 4391 quamvis
3145 4323 3278 4380 viles
3301 4327 3440 4396 apud
3469 4343 3601 4396 gen-

339 4403 446 4456 κᾶν
489 4405 727 4472 εὐτελεῖς
763 4407 982 4461 ἐδόκουν
1013 4401 1156 4458 εἶναι
1204 4405 1353 4476 παρὰ
1397 4408 1511 4470 τοῖς
1556 4407 1826 4471 ἐθνικοῖς,
1871 4409 1924 4462 τί

2027 4409 2148 4464 tiles
2193 4410 2566 4478 haberentur,
2623 4414 2750 4484 quid
2805 4415 3172 4488 cogitabimns
3221 4417 3290 4474 de
3339 4419 3603 4478 illustrio-

340 4501 446 4572 χρὴ
487 4503 684 4554 ἐννοεῖν
719 4500 848 4570 περὶ
877 4499 986 4552 τῶν
1017 4497 1434 4570 ἐπισημοτέρων
1475 4499 1772 4574 προφητῶν
1799 4518 1814 4567 ;

933 4499 986 4552 ὒν
1017 4497 1434 4570 ἐπισημοτέρων
1475 4499 1772 4574 προφητῶν
1799 4518 1814 4567 ;
2029 4503 2178 4569 ribus
2211 4503 2528 4572 prophetis?

418 4612 435 4643 ι
476 4593 634 4646 Ἐστι
661 4591 794 4655 Θεὸς
823 4593 879 4643 ὲν
919 4589 1151 4663 οὐρανῷ.
1192 4608 1210 4641 ι

2073 4594 2260 4654 'Vsus.
2291 4595 2382 4649 28.
2428 4613 2447 4646 ι
2484 4594 2580 4652 Est
2613 4595 2756 4652 Dens
2783 4595 2836 4650 in
2863 4597 3020 4652 coelo.
3053 4616 3073 4651 ›

417 4683 634 4749 ’Ᾱνάγει
663 4682 754 4734 τὸν
784 4681 907 4734 νοῦν
933 4681 1028 4734 τοῦ
1061 4680 1322 4752 βασιλέως
1368 4683 1396 4734 ὀ
1439 4681 1638 4752 Δανιὴλ
1669 4682 1776 4736 ἀπὸ
1809 4681 1920 4736 τῶν
1955 4688 1997 4742 D

2097 4686 2288 4740 Daniel
2322 4687 2464 4758 regis
2515 4699 2752 4743 incutem
2787 4704 2814 4740 a
2855 4689 3015 4744 rebus
3061 4691 3294 4747 terrenis
3341 4693 3408 4748 ad
3438 4693 3602 4753 ecule-

331 4775 536 4843 γηΐνων
579 4772 674 4825 ἐπὶ
720 4773 784 4825 τὰ
829 4772 1092 4842 οὐράνια,
1146 4773 1280 4844 πρὸς
1323 4773 1499 4844 ἀληθῆ
1535 4773 1698 4828 αὐτὸν
1743 4773 1919 4828 ἕλκων

2023 4777 2122 4830 stia
2154 4779 2439 4845 convertit,
2469 4787 2528 4832 ut
2565 4779 2631 4833 ad
2665 4794 2844 4833 veram
2871 4779 2964 4833 Dei
2993 4783 3280 4836 scientiam
3313 4797 3436 4837 eum
3469 4800 3599 4841 eve-

331 4864 680 4929 Οεογνωσιαν,
717 4863 744 4916 ὃ
767 4863 861 4916 καὶ
893 4863 1082 4932 γέγονε
1109 4864 1246 4933 πρὸς
1278 4865 1488 4934 καιρόν.

2023 4871 2202 4932 heret,
2239 4871 2382 4940 quod
2413 4872 2574 4926 etiam
2609 4887 2706 4940 per
2743 4880 2955 4944 tempus
2979 4871 3182 4927 factum
3213 4884 3316 4928 est.

405 4975 422 5007 ι
463 4955 691 5008 Ἕνεκεν
722 4955 815 5007 τοῦ
863 4956 961 5024 τὴν
1005 4955 1294 5026 σύγκρισιν
1337 4956 1414 5027 τῷ
1461 4955 1677 5028 βασιλεῖ
1714 4957 1917 5028 γνωρί-

2095 4959 2259 5015 V'eus.
2311 4961 2403 5016 30.
2463 4979 2482 5012 ι
2519 4959 2592 5016 Ut
2635 4961 3144 5032 interpretationem
3185 4966 3311 5036 .rcgi
3369 4967 3597 5022 manifew

331 5062 446 5098 σαι.
491 5063 510 5096 ι

2017 5061 2157 5104 stam
2191 5052 2448 5107 facerent.
2480 5073 2497 5104 ι

399 5137 648 5192 Διδάσκει
672 5137 700 5190 ό
722 5139 920 5210 Δανιὴλ
937 5139 1016 5192 ὅτι
1035 5138 1123 5192 διὰ
1145 5137 1206 5191 τὸ
1228 5139 1556 5208 κοινωφελὲς
1578 5139 1670 5192 τοῦ
1701 5139 1910 5209 κόσμου

2087 5143 2334 5198 Ostendit
2377 5143 2563 5200 Daniel
2596 5145 3180 5203 Nabuchodonosorem
3231 5149 3300 5204 ob
3349 5165 3594 5204 commu—

325 5232 422 5286 καὶ
455 5234 482 5284 ό
511 5231 984 5302 Ναϐουχοδονόσορ
1016 5230 1120 5284 εἶδε
1150 5231 1208 5282 τὸ
1233 5230 1505 5296 ἐνύπνιον,
1537 5233 1631 5284 καὶ
1655 5235 1682 5284 ὁ
1709 5231 1908 5301 Δανιὴλ

2021 5249 2142 5289 nem
2183 5235 2366 5289 mundi
2414 5237 2701 5291 utilitatem
2733 5239 2934 5294 vidisse
2975 5243 3270 5303 somnium,
3315 5250 3366 5294 et
3398 5239 3592 5296 Danies

323 5324 468 5389 ἔγνω
509 5323 608 5393 τὴν
638 5323 884 5376 ἐπίλυσιν
919 5321 1108 5378 αὐτοῦ.
1151 5322 1306 5375 Οὕτω
1335 5322 1524 5391 γέγονε
1561 5325 1654 5376 καὶ
1688 5325 1780 5376 ἐπὶ
1813 5323 1906 5376 τοῦ

2018 5325 2121 5380 lem
2163 5326 2282 5396 ejus
2329 5328 2658 5383 solutionem
2700 5329 2938 5384 novisse.
2971 5329 3063 5385 Sic
3107 5337 3164 5384 et
3195 5329 3496 5388 Pharaonis
3539 5343 3593 5391 et

323 5413 523 5487 Φαραὼ
551 5416 646 5468 καὶ
671 5415 765 5468 τοῦ
807 5416 1026 5486 Ἰωσήφ.
1055 5416 1194 5468 Ὅσα
1228 5411 1322 5468 οῦν
1357 5415 1428 5484 μή
1472 5416 1620 5468 ἐστιν
1651 5417 1904 5485 ἐπωφεὶῆ

2013 5417 2234 5486 .Iosephi
2290 5419 2623 5489 temporibus
2657 5423 2856 5475 evenit.
2895 5421 3024 5487 Quae
3063 5422 3227 5492 igitur
3267 5439 3371 5478 non
3411 5423 3591 5478 inser-«-

321 5505 434 5560 τῶν
467 5506 664 5559 κοινῶν
692 5505 969 5572 ὀνείρατα,
999 5506 1208 5570 τούτοις
1239 5507 1298 5560 οὐ
1331 5507 1413 5558 δεῖ
1439 5510 1752 5578 προσέχειν,
1786 5509 1907 5561 οὐδὲ

2015 5511 2166 5564 viunt
2211 5511 2482 5566 communi
2532 5513 2691 5567 saluti
2737 5513 2968 5578 soumia,
3013 5529 3201 5568 eorum
3241 5529 3414 5584 neque
3457 5531 3589 5576 cura

324 5598 508 5670 ζητεῖν
539 5597 742 5652 τούτων
765 5599 919 5652 λύσιν
944 5599 1093 5668 παρὰ
1125 5599 1456 5653 ἀπατεώνων
1481 5599 1804 5670 ἀνθρώπων·
1839 5603 1906 5655 τὰ

2014 5601 2284 5665 habenda,
2329 5618 2503 5671 neque
2551 5603 2750 5658 solutio
2774 5605 3063 5674 quaerenda
3106 5613 3187 5660 est
3223 5606 3362 5675 apud
3415 5605 3589 5672 humi;

323 5694 430 5764 γὰρ
455 5689 754 5762 ψυχωφελῆ
785 5690 958 5761 μόνων
984 5691 1090 5743 τῶν
1121 5691 1288 5758 άγὶων
1315 5692 1430 5744 ἐστὶ
1455 5691 1621 5746 λύειν.

2013 5706 2108 5744 nes
2139 5693 2532 5748 fraudulentos.
2563 5691 2692 5759 Qure
2721 5696 2862 5748 enim
2897 5696 3092 5749 animae
3116 5702 3362 5764 prosunt,
3399 5710 3587 5758 eorum

2013 5783 2185 5838 sancti
2223 5784 2562 5843 solummodo
2593 5787 2972 5846 solvendorum
2999 5797 3274 5854 compotes
3297 5799 3442 5850 sunt.
