4038 6148
466 273 596 334 1371

537 469 792 537 Quaedam
853 481 883 521 e
935 464 1190 520 cornibus
1242 460 1497 515 amicitia:
1552 461 1782 529 quodam
1831 460 2045 515 vinculo

471 564 612 617 inter
639 576 697 614 se
736 556 1034 626 constringi
1067 553 1340 621 videntur,
1390 551 1483 607 sed
1531 566 1874 622 nequaquam
1910 551 2047 607 bene

474 656 616 709 inter
647 666 707 705 se
736 649 1101 704 consentiunt.

544 742 708 798 Vens.
736 741 828 797 47.
874 758 892 792 ‹
924 739 980 794 In
1012 738 1241 792 veritate
1271 746 1449 791 vester
1482 733 1624 790 Deus
1651 736 1766 805 ipse
1790 746 1872 791 eat
1897 733 2043 791 Deus

472 836 720 889 deorum.
755 851 774 885 ι

545 925 810 992 Quoniam
847 922 1089 978 Ananias
1118 921 1343 991 ejusque
1376 920 1535 975 amici
1579 920 1632 975 in
1673 918 2044 989 spiritualibus

474 1029 597 1070 eum
648 1011 986 1080 adiuverant,
1036 1021 1091 1066 et
1121 1012 1279 1067 simul
1303 1026 1423 1066 cum
1473 1011 1589 1081 ipso
1621 1011 1688 1065 de
1735 1007 1926 1063 somnii
1967 1006 2051 1060 in-

477 1104 866 1175 terpretatione
896 1102 1061 1158 Deum
1114 1102 1517 1166 invocaverant,
1543 1100 1747 1168 justum
1792 1112 1911 1152 esse
1953 1097 2054 1149 Da—

478 1197 581 1252 niel
620 1197 847 1266 putavit,
880 1207 940 1250 ut
982 1197 1064 1250 sui
1098 1195 1316 1250 honoris
1356 1194 1548 1248 fierent
1583 1192 1892 1262 participes,
1945 1205 2050 1245 non

478 1288 606 1358 quia
640 1288 824 1356 gloriae
858 1297 1086 1342 terrente
1129 1286 1428 1350 studerent,
1461 1285 1554 1339 sed
1602 1291 1660 1338 ut
1709 1291 1916 1352 gentes,
1967 1281 2054 1334 ubi

480 1380 599 1448 pios
633 1378 878 1435 homines
911 1393 939 1433 a
971 1379 1080 1432 Deo
1115 1386 1170 1433 et
1215 1378 1431 1446 regibus
1465 1376 1718 1431 humanls
1766 1374 2058 1428 honoratos

484 1471 748 1537 viderent,
779 1471 846 1525 ad
879 1485 1061 1526 veram
1094 1469 1182 1525 Dei
1211 1468 1491 1525 scientiam
1519 1467 1821 1536 instigaret.

1132 1645 1284 1703 CAP.
1325 1644 1411 1700 Ill.

563 1783 582 1814 ‹
616 1765 771 1821 Anno
798 1770 992 1818 octavo
1019 1773 1074 1817 et
1104 1761 1336 1816 decimo.
1373 1782 1392 1813 ι

553 1857 668 1911 lmo
697 1856 935 1912 sedecim
965 1856 1120 1909 annis
1146 1863 1263 1923 post
1290 1854 1557 1908 somnium
1590 1851 1861 1923 imaginis.

558 1947 722 2001 Vens.
763 1947 849 2001 12.
898 1964 916 1997 ι
949 1944 1087 2000 Sunt
1111 1944 1211 1998 viri
1240 1942 1430 1999 Judmi.
1466 1963 1486 1994 ι

560 2038 674 2093 11οο
703 2037 867 2093 etiam
901 2037 955 2092 in
987 2037 1132 2106 ipsos
1165 2035 1460 2089 concitavit
1488 2033 1748 2088 invidiam
1776 2033 1921 2099 quod
1945 2031 2064 2103 puri

488 2140 673 2185 essent
702 2139 756 2185 et
784 2145 895 2200 pra:
921 2130 1174 2184 omnibus
1203 2126 1474 2183 honorati.

562 2219 725 2274 Vens.
755 2219 844 2274 33.
888 2237 908 2271 ι
938 2216 1092 2273 Nunc
1140 2226 1319 2273 autem
1364 2231 1470 2271 non
1509 2215 1637 2272 licet
1667 2215 1821 2273 nobis
1857 2215 2071 2286 aperire

490 2326 550 2364 os
581 2319 850 2364 nostrmn.
884 2327 902 2360 ›

560 2392 869 2470 Propterea'
892 2398 1036 2454 enim
1087 2398 1229 2453 Deus
1282 2412 1380 2454 nos
1423 2398 1565 2468 bene
1613 2411 1776 2465 agere
1802 2395 1974 2467 jubet,
2007 2404 2065 2450 ut

491 2489 658 2542 etiam
695 2490 959 2543 bonorum
986 2486 1327 2542 infandorum
1354 2488 1566 2558 c0piam
1592 2487 1750 2542 nobis
1787 2486 1976 2542 faciat.
2006 2518 2076 2528 —

494 2579 700 2634 Sensus
748 2584 873 2634 est‘:
900 2576 1054 2632 Nulla
1101 2578 1402 2649 gaudemus
1454 2578 1645 2632 fiducia
1690 2577 1761 2633 ob
1807 2578 2073 2634 miracula

495 2668 603 2740 iam
636 2679 888 2741 patrata;
920 2670 1207 2726 calamitas
1249 2671 1394 2726 enim
1456 2669 1709 2725 fiduciam
1758 2670 1810 2724 in
1861 2671 1929 2725 iis
1958 2685 2078 2740 qua:

498 2763 640 2817 facta
669 2770 795 2817 sunt
829 2762 1134 2831 ponendam
1159 2762 1358 2829 aufert,
1391 2768 1722 2831 quapropter
1748 2760 2078 2817 etiam'con-

500 2855 655 2911 viciis
697 2854 849 2926 petiti
893 2855 946 2909 in
995 2853 1213 2910 silentio
1254 2867 1694 2923 perseveramus.
1721 2882 1788 2893 —
1822 2853 1927 2906 Sed
1959 2863 2082 2922 post

502 2961 689 3014 pmnas
723 2944 982 3011 inﬂictas,
1013 2946 1212 3016 inquit,
1261 2944 1500 3001 concede
1528 2943 1980 2999 misericordiam.
2011 2975 2082 2987 -

1621 265 1957 325 AMMONU
1994 266 2534 335 ALEXANDRINI

544 381 700 435 Vsus.
730 377 819 432 45.
867 393 886 428 ι
918 373 1070 442 Quod
1123 371 1301 425 vidisti
1353 370 1554 425 ferrum
1601 371 1968 425 commistum.
2008 388 2024 420 ι
2070 377 2107 428 Α

2214 392 2232 423 σ
2282 373 2405 426 ’Ότι
2440 368 2578 434 εἶδες
2610 372 2702 425 τὸν
2732 371 2950 442 σίδηρον
2982 371 3456 442 ἀναμεμιγμένον.
3499 390 3518 423 ι

2218 464 2445 517 Δοκοῦσι
2472 464 2592 518 τινα
2620 465 2717 534 μὲν
2746 464 2858 517 τῶν
2894 465 3139 534 κεράτων
3168 464 3312 535 ἔχειν
3346 465 3481 537 προς
3507 466 3769 529 ἑαυτοὺς

2151 555 2352 624 φιλίαν,
2380 554 2497 607 ἀλλ’
2527 549 2620 608 οῦν
2648 554 2748 608 οὐκ
2780 552 3056 608 εὐνοοῦσιν
3082 553 3208 607 οὐτε
3244 554 3384 625 πρὸς
3413 555 3670 618 ἑαυτούς.

2229 752 2248 785 ι
2318 734 2434 787 Ἐπ’
2477 734 2733 806 ἀληθείας
2775 735 2804 788 ὁ
2853 731 2985 795 Θεὸς
3039 729 3193 803 ὑμῶν
3229 730 3395 795 αὐτός
3437 733 3555 784 ἐστι
3607 729 3767 796 Θεὸς

2154 824 2313 880 θεῶν.
2344 844 2364 878 ι

2236 917 2460 989 Ἐπειδὴ
2499 915 2865 989 ἐκοινώνησαν
2900 914 3049 986 αὐτῷ
3090 917 3146 968 ἐν
3180 917 3292 975 τοῖς
3325 916 3763 984 πνευματικοῖς,

2157 1010 2272 1081 ἃμα
2292 1011 2383 1063 τὸν
2409 1009 2543 1063 Θεδν
2568 1008 3049 1079 παρακαλέσαντες
3081 1008 3209 1077 περὶ
3232 1007 3333 1077 τῆς
3360 1006 3457 1059 τοῦ
3487 1006 3764 1058 ἐνυπνίου

2156 1101 2410 1170 γνώσεως
2431 1142 2446 1166 ,
2476 1101 2687 1156 δίκαιον
2714 1099 2930 1172 ἔκρινεν
2961 1100 2988 1152 ὁ
3027 1099 3226 1168 Δανιὴλ
3276 1098 3566 1162 κοινωνοὺς
3600 1097 3767 1166 αὐτῷ

2158 1193 2413 1261 γενέσθαι
2464 1193 2565 1261 τῆς
2613 1192 2778 1262 τιμῆς
2828 1192 2957 1254 τούς
2995 1191 3122 1263 περὶ
3180 1190 3471 1244 Ἀνανίαν·
3519 1190 3626 1259 οὐχ
3677 1190 3768 1251 ὡς

2159 1282 2644 1352 ἀντιποιουμένους
2668 1281 2768 1351 τῆς
2792 1280 3066 1352 κοσμικῆς
3090 1280 3273 1351 δόξης,
3302 1280 3417 1332 ἀλλ’
3446 1280 3535 1333 ίνα
3562 1296 3763 1348 παρα-

2161 1376 2380 1449 ζηλώσῃ
2411 1377 2479 1430 τὰ
2512 1376 2641 1446 ἔθνη
2675 1377 2756 1439 εἰς
2786 1375 2885 1446 τὴν
2925 1374 3099 1445 ἀληθῆ
3130 1375 3467 1437 θεοσέϐειαν,
3499 1376 3763 1443 ὁρῶντας

2161 1469 2223 1523 τὸ
2251 1468 2501 1531 θεοσεϐὲς
2525 1468 2681 1537 γένος
2709 1467 2857 1540 παρὰ
2875 1466 3010 1520 Θεοῦ
3032 1468 3125 1522 καὶ
3150 1466 3456 1538 ἀνθρώπων
3482 1466 3763 1537 βασιλέων

2163 1559 2497 1632 τιμώμενον.
3188 1624 3193 1629 ‘

2769 1652 3023 1706 ΚΕΦΑΛ.
3066 1650 3142 1708 Γ.

2241 1783 2260 1817 ι
2299 1765 2496 1829 Ἔτους
2528 1764 3025 1821 ὀκτωκαιδεκάτου.
3072 1783 3090 1814 ι

2237 1855 2455 1910 Μᾶλλον
2487 1855 2627 1926 μετά
2656 1861 2730 1919 ις’
2759 1854 2853 1924 ἐτη
2882 1854 2978 1907 τοῦ
3006 1854 3268 1908 ἐνυπνίου
3296 1854 3397 1926 τῆς
3420 1853 3652 1918 εἰκόνος.

2244 1968 2263 2000 ι
2296 1949 2447 2001 Είσίν
2470 1948 2661 2019 ἄνδρες
2703 1948 2968 2002 Ἰουδαῖοι.
3004 1964 3023 1997 ι
3490 2011 3500 2021 .

2239 2040 2410 2093 Τοῦτο
2439 2040 2532 2093 καὶ
2554 2039 2813 2110 ἐποίησεν
2838 2040 3022 2101 αὐτοῖς
3047 2038 3137 2091 τὸν
3165 2037 3384 2108 φθόνον,
3414 2039 3497 2094 ὅτι
3525 2037 3759 2110 καθαροὶ

2170 2130 2320 2195 ὄντες
2356 2132 2414 2184 ἐν
2443 2130 2689 2201 δοκίμοις
2717 2131 2859 2201 ὑπὲρ
2889 2130 3017 2192 τούς
3042 2128 3260 2191 ἄλλους.

2247 2243 2265 2276 ι
2300 2224 2408 2278 Καὶ
2426 2222 2525 2277 νῦν
2542 2223 2643 2277 οὐκ
2667 2221 2817 2276 ἔστιν
2841 2224 2973 2293 ἡμῖν
3005 2219 3213 2285 ἀνοῖξαι
3236 2219 3297 2273 τὸ
3320 2219 3499 2291 στόμα
3525 2220 3702 2297 ἡμῶν.
3734 2239 3752 2272 ι

2245 2404 2342 2458 Διά
2362 2405 2470 2475 γὰρ
2489 2403 2647 2458 τοῦτο
2664 2405 2691 2457 ὁ
2714 2403 2846 2467 Θεὸς
2870 2401 3245 2475 παραγγέλλει
3269 2402 3404 2472 ἡμῖν
3427 2401 3759 2465 καλοποιεῖν,

2177 2496 2263 2549 ἴνα
2316 2495 2547 2549 καὶτῶν
2588 2492 2981 2565 ἀνεκφράστων
3026 2493 3175 2563 ἡμᾶς
3212 2491 3426 2565 ἀξιώσῃ
3456 2492 3658 2546 καλῶν.
3697 2520 3762 2533 --

2177 2585 2488 2650 Τουτέστιν,
2515 2585 2576 2638 οὐ
2604 2583 2882 2656 δυνάμεθα
2900 2580 3388 2655 παρρησιάσασθαι
3416 2582 3510 2634 ἐπὶ
3525 2584 3639 2645 τοῖς
3666 2581 3763 2652 ἤδη

2178 2678 2571 2749 γεγενημένοις
2600 2676 2876 2747 θαύμασιν
2897 2694 2910 2707 ’
2944 2677 2978 2746 ἡ
3018 2674 3128 2745 γὰρ
3160 2674 3421 2745 συμφορά
3452 2676 3765 2744 ἀφαιρεῖται

2180 2771 2278 2841 τὴν
2297 2771 2389 2823 ἐπὶ
2412 2772 2523 2833 τοῖς
2553 2768 2945 2841 γεγενημένοις
2972 2768 3311 2839 παρρησίαν·
3345 2767 3428 2819 διὸ
3457 2768 3553 2821 καὶ
3577 2766 3764 2818 ὀνειδι-

2183 2864 2398 2933 ζόμενοι
2437 2863 2641 2931 ἄφωνοι
2667 2861 3020 2932 διαμένομεν.
3054 2891 3125 2900 -
3162 2860 3305 2913 Ἀλλ’
3332 2858 3764 2929 εἰσπραξάμενος
3842 2908 3859 2915 -

2185 2957 2354 3027 ἡμᾶς,
2373 2955 2530 3025 φησὶ,
2553 2954 2730 3019 δίκας,
2754 2955 3038 3024 παράσχου
3066 2952 3235 3007 ἔλεον.
3251 2982 3321 2991 —-
3338 2952 3402 3004 Ei
3422 2954 3532 3022 γὰρ
3554 2951 3645 3004 καὶ
3667 2949 3764 3000 αὐ-

502 3038 636 3094 Nam
688 3040 901 3094 etiamsi
951 3054 1049 3094 nos
1097 3039 1221 3107 ipsi,
1266 3037 1462 3107 inquit,
1509 3053 1616 3093 non
1671 3037 1818 3106 digni
1871 3053 2079 3104 suums,

2194 3047 2285 3111 τοὶ,
2310 3045 2494 3115 φησὶν,
2519 3043 2619 3097 οὐκ
2640 3041 2781 3107 ἄξιοι
2804 3045 2987 3112 τυχεῖν
3006 3043 3106 3113 τῆς
3131 3041 3287 3112 παρά
3310 3042 3402 3095 σοῦ
3425 3040 3770 3119 κηδεμονίας,

505 3138 701 3207 quibus
732 3133 1056 3205 prosriicias,
1097 3142 1300 3197 tamen,
1354 3134 1424 3188 ob
1454 3134 1873 3203 promissionem
1911 3134 2080 3202 patri-

507 3231 606 3284 hus
656 3230 874 3294 factam,
928 3236 1189 3281 converte
1231 3225 1369 3280 mala
1424 3240 1547 3294 quae
1588 3239 1687 3280 nos
1750 3224 2082 3295 opprimunt.

509 3318 754 3388 Namque
798 3318 965 3388 Probe
1014 3317 1195 3373 sciens
1238 3329 1357 3384 quae
1389 3313 1571 3370 futura
1624 3322 1828 3379 essent,
1873 3314 2086 3369 illorum

510 3419 755 3482 posteros
789 3410 856 3465 ad
899 3423 1182 3464 numerum
1220 3407 1503 3463 stellarum
1545 3414 1599 3460 et
1644 3422 1827 3462 arente
1870 3407 2091 3461 marinae

512 3514 566 3557 te
592 3510 909 3557 eveclurum
940 3515 1062 3555 esse
1098 3499 1413 3570 promisisti.
1445 3529 1513 3540 -—
1540 3500 1760 3563 Omnia,
1805 3498 2000 3570 inquit,
2036 3501 2089 3555 in

516 3591 851 3647 contrarium
887 3592 1046 3647 nobis
1086 3600 1412 3647 cesserunt:
1446 3606 1550 3645 non
1600 3591 1865 3646 habemus
1909 3608 2091 3662 regem

520 3683 818 3738 secundum
851 3682 1096 3737 ordinem
1128 3698 1156 3737 a
1194 3692 1245 3738 te
1280 3682 1673 3748 constitutum;
1702 3698 1860 3738 nemo
1891 3683 2091 3754 Spiritu

520 3774 757 3845 repletus
788 3775 928 3830 inter
970 3788 1071 3830 nos
1104 3783 1354 3830 versatur
1383 3774 1474 3844 qui
1504 3772 1681 3829 futura
1713 3775 2046 3843 praenuntiet
2074 3793 2088 3839 ;

517 3881 677 3923 nemo
705 3868 795 3937 qui
850 3867 1235 3939 rempublicam
1269 3867 1648 3932 administrat;
1685 3868 1866 3923 nullus
1908 3882 2093 3923 sacer-

517 3961 614 4015 dos
659 3959 749 4030 qui
798 3960 1128 4017 holocaustis
1174 3963 1596 4019 dominationem
1654 3964 1889 4031 iudicet;
1939 3978 2097 4018 nemo

516 4048 608 4120 qui
667 4064 767 4120 pro
812 4052 1047 4120 peccatis
1106 4050 1297 4107 offerat
1345 4054 1598 4109 victimas
1643 4054 1725 4110 vel
1778 4055 1899 4109 aliis
1946 4055 2101 4109 donis

520 4137 736 4209 (Deum)
770 4140 1032 4208 honoret;
1065 4156 1224 4198 nemo
1250 4142 1340 4213 (ᾐιὶ
1392 4143 1702 4215 fragrantic
1733 4144 1974 4201 debitum
2000 4145 2099 4201 ho-

523 4242 705 4285 norem
743 4231 952 4285 reddat.

593 4320 759 4379 νεεδ.
793 4310 899 4378 Η.
931 4341 950 4375 ι
976 4320 1132 4380 Nunc
1184 4326 1463 4397 sequimur
1502 4336 1557 4382 et
1590 4327 1883 4398 quaerimus
1909 4325 2098 4383 faciem

524 4421 697 4468 tuam.
728 4431 747 4466 Ο

594 4504 732 4559 Cum
784 4506 1003 4572 dixerit,
1052 4509 1338 4577 sequimur,
1369 4508 1480 4575 jam
1532 4507 1688 4563 faciei
1731 4508 1938 4578 optimo
1982 4508 2104 4579 jure

532 4598 863 4652 mentionem
908 4597 1089 4653 facit:
1125 4612 1248 4653 nam
1294 4599 1384 4667 qui
1433 4599 1600 4666 probe
1648 4608 1867 4656 secutus
1910 4598 2102 4665 fuerit,

530 4690 694 4743 ctiam
730 4698 957 4758 aspectu
991 4691 1185 4761 dignus
1214 4690 1523 4747 habebitur.
1552 4721 1623 4732 —
1656 4690 1936 4761 Extemplo
1961 4692 2104 4747 cnim

529 4789 782 4849 aspectus
826 4779 982 4836 faciei
1034 4790 1139 4836 tuae
1181 4795 1369 4836 eorum
1422 4782 1516 4850 qui
1562 4790 1615 4838 te
1664 4781 1851 4837 vident
1899 4782 2102 4839 vultqu

529 4871 820 4941 exhilarat,
877 4889 1054 4944 neque
1105 4877 1310 4945 pudore
1352 4874 1634 4932 suffundit.
1661 4907 1733 4919 -—
1755 4876 2002 4933 Sensus:
2033 4877 2108 4933 Ne

531 4967 848 5023 excidamus
899 4984 995 5038 spe
1042 4970 1096 5024 in
1150 4983 1202 5025 te
1248 4972 1449 5039 posita,
1502 4972 1594 5026 sed
1643 4987 1741 5041 pro
1775 4972 2109 5028 humanitate

535 5068 623 5123 tua
657 5075 687 5113 c
721 5061 982 5129 periculis
1027 5077 1126 5116 nos
1167 5063 1405 5128 vindica,
1447 5078 1511 5119 ac
1545 5065 1771 5121 mirifice
1804 5067 1961 5122 malis
1990 5083 2110 5138 qua:

535 5163 788 5225 promunt
816 5170 917 5212 nos
948 5155 1140 5223 libera,
1183 5156 1256 5211 ita
1297 5164 1355 5210 ut
1399 5157 1582 5213 cuncti
1618 5159 1865 5214 laudibus
1898 5171 1948 5215 Ie
1989 5159 2111 5215 olfe-

538 5252 681 5311 rant,
717 5256 1003 5315 propterea
1040 5249 1182 5317 quod
1226 5263 1324 5303 cos
1371 5248 1462 5318 qui
1514 5249 1609 5305 tibi
1660 5250 1959 5313 confidunt,
2012 5265 2109 5305 ne-

541 5348 813 5407 quaquam
851 5339 1093 5396 deseras.
1122 5374 1191 5384 -
1224 5342 1263 5396 E
1296 5344 1600 5410 contrario,
1638 5345 1832 5414 inquit,
1867 5345 1987 5400 illos
2015 5347 2108 5414 qui

545 5429 889 5495 calamitates
930 5434 1087 5489 nobis
1131 5433 1399 5505 infligunt,
1432 5436 1683 5492 excidere
1715 5435 1800 5490 fac
1830 5436 2021 5490 ﬁducia
2058 5437 2108 5491 in

543 5523 855 5584 hominibus
901 5527 1186 5596 collocata,
1222 5527 1294 5583 ita
1344 5538 1403 5584 ut
1435 5542 1628 5582 vanam
1676 5543 1797 5585 csse
1823 5530 2112 5599 potentiam

544 5612 835 5684 humanam
871 5628 1150 5688 appareat.

618 5707 787 5764 Yens.
822 5710 908 5765 5).
960 5732 976 5764 ι
1011 5712 1173 5776 Quasi
1209 5724 1424 5771 ventum
1457 5714 1595 5770 roris
1623 5714 1859 5768 flantem.
1896 5731 1912 5764 ι

2189 3140 2306 3193 ἀλλ’
2345 3134 2438 3192 οὖν
2485 3137 2573 3192 διὰ
2619 3138 2719 3207 τὴν
2765 3136 2902 3208 πρὸς
2947 3136 3073 3199 τοὺς
3121 3136 3362 3205 πατέρας
3407 3131 3767 3200 ἐπαγγελίαν,

2192 3229 2499 3302 μεταϐολὴν
2517 3229 2801 3300 παράσχου
2819 3227 2926 3281 τῶν
2948 3226 3287 3297 κατεχόντων
3304 3224 3504 3278 δεινῶνο
3521 3221 3767 3294 ἀκριϐῶς

2189 3323 2297 3392 γὰρ
2334 3321 2699 3391 ἐπιστάμενος
2739 3319 2811 3374 τὰ
2855 3318 2994 3389 μετά
3039 3317 3251 3383 ταῦτα,
3299 3314 3613 3386 ἰσαρίθμους
3651 3317 3772 3376 τοῖς

2191 3414 2412 3484 ἄστροις
2446 3412 2544 3467 καὶ
2578 3415 2642 3484 τῇ
2679 3413 2925 3485 παραλίᾳ
2952 3412 3125 3483 ἄμμῳ
3156 3411 3284 3474 τοὺς
3316 3409 3537 3463 ἐκείνων
3567 3408 3777 3476 ἀπογάο

2191 3523 2315 3570 νους
2348 3506 2584 3577 ὑπέσχου
2618 3507 2958 3576 ποιήσειν.-
2977 3502 3164 3557 Πάντα
3195 3504 3348 3573 ημῖν,
3380 3501 3568 3571 φησιν,
3606 3502 3685 3562 εἰς
3719 3501 3780 3551 τὸ

2194 3596 2433 3651 ἐναντίον
2464 3596 2884 3667 μεταϐέϐληται·
2924 3594 3019 3647 καὶ
3052 3591 3176 3646 οὐτε
3215 3592 3359 3644 κατά
3391 3593 3490 3661 τὴν
3523 3590 3632 3643 ὑπὸ
3683 3589 3777 3641 σοῦ

2193 3691 2506 3762 ὁρισθεῖσαν
2533 3690 2687 3756 τάξιν
2718 3688 2915 3759 ἔχομεν
2948 3687 3203 3758 βασιλέα·
3235 3684 3296 3737 οὐ
3328 3680 3781 3752 πνευματοφόρος

2197 3784 2325 3853 παρ’
2350 3783 2481 3852 ἡμῖν
2502 3782 2564 3834 τὸ
2595 3779 2785 3850 μέλλον
2813 3779 3012 3845 λέγων*
3045 3778 3105 3831 οὐ
3130 3774 3235 3829 τῶν
3263 3772 3615 3843 πραγμάτων
3640 3771 3781 3841 ἔχων

2196 3876 2294 3946 τὴν
2326 3874 2596 3946 διοίκησιν
2617 3888 2632 3903 ο
2669 3873 2766 3943 οὐχ
2821 3872 3002 3942 ἱερεὺς
3037 3872 3152 3933 τοῖς
3187 3863 3605 3935 ὁλοκαυτώμασι
3645 3880 3780 3930 γνω-

2202 3968 2364 4038 ρίζων
2392 3964 2489 4035 τὴν
2522 3962 2841 4017 δεσποτείαν
2863 3977 2877 3992 ·
2900 3962 2999 4031 οὐχ
3032 3960 3174 4029 ὑπὲρ
3203 3955 3621 4029 ἁμαρτημάτων
3642 3969 3775 4021 προ-

2201 4057 2385 4127 φέρων
2411 4055 2632 4117 θυσίας,
2670 4053 2732 4106 οὐ
2774 4051 3053 4123 γεραίρων
3083 4049 3294 4121 ἑτέροις
3325 4048 3438 4101 τισὶ
3464 4045 3676 4115 δώροις,
3714 4043 3773 4095 οὐ

2199 4152 2266 4220 τῇ
2296 4147 2493 4217 εὐωδίᾳ
2516 4146 2614 4216 τὴν
2637 4144 2995 4215 ὀφειλομένην
3022 4141 3366 4212 ἀναπέμπων
3398 4138 3588 4209 τιμήν.

2283 4348 2302 4381 ι
2341 4325 2456 4381 Νῦν
2491 4322 2955 4394 ἐξοκολουθοῦιζιεν
2986 4321 3080 4376 καὶ
3107 4318 3381 4393 ζητοῦμεν
3409 4316 3471 4370 τὸ
3496 4311 3774 4386 πρόσωπόν

2211 4440 2326 4475 σου.
2371 4438 2390 4472 1

2288 4512 2508 4581 Ἐπειδὴ
2534 4511 2645 4583 γὰρ
2671 4505 3086 4565 κατακολουθῶν
3113 4502 3287 4569 εἶπεν,
3321 4503 3549 4567 εἰκότως
3574 4500 3663 4556 καὶ
3686 4496 3777 4550 νῦν

2207 4604 2502 4678 προσώπου
2540 4604 2835 4675 μέμνηται’
2873 4604 2901 4655 ὁ
2934 4602 3043 4670 γάρ
3078 4598 3260 4662 καλῶς
3287 4593 3776 4662 κατακολουθήσας.

2208 4698 2303 4753 καὶ
2336 4695 2628 4770 προσώπου
2673 4695 2942 4762 ἀξιοῦται.
2976 4723 3047 4734 -
3081 4692 3303 4755 Εὐθέως
3349 4689 3460 4760 γὰρ
3491 4689 3524 4758 ἡ
3563 4686 3659 4739 θέα
3691 4680 3779 4734 τοῦ

2211 4788 2304 4841 σοῦ
2366 4786 2661 4857 προσώπου
2721 4785 3004 4856 εὐφραίνει
3055 4784 3126 4838 τὰ
3191 4780 3463 4853 πρόσωπα
3519 4777 3625 4830 τῶν
3683 4772 3783 4824 σῶν

2210 4877 2440 4943 θεατῶν,
2472 4876 2588 4930 ἀλλ’
2628 4877 2690 4930 οὐ
2727 4876 3103 4946 καταισχύνει.
3154 4903 3210 4914 -
3246 4871 3530 4933 Ἰόυτέστι,
3560 4866 3633 4936 μὴ
3675 4864 3786 4917 δια-

2215 4971 2513 5041 μάρτωμεν
2537 4969 2634 5039 τῆς
2662 4970 2740 5032 εἰς
2773 4967 2833 5020 σὲ
2861 4967 3098 5030 ἐλπίδος,
3123 4964 3258 5019 ἀλλά
3291 4961 3543 5032 συνήθως
3571 4961 3636 5029 τῇ
3670 4971 3788 5008 σαυ-

2212 5062 2303 5117 τοῦ
2333 5059 2717 5131 φιλανθρωπίᾳ
2734 5057 2841 5111 τῶν
2857 5056 3120 5113 κινδύνων
3149 5056 3480 5127 ἐξάρπασον,
3508 5051 3602 5104 καὶ
3622 5064 3692 5101 πα
3701 5063 3790 5117 ρα-

2210 5157 2380 5223 δόξως
2421 5156 2787 5226 ἐλευθέρωσον
2832 5154 2940 5207 τῶν
2987 5151 3330 5221 κατεχόντων
3392 5147 3604 5209 δεινῶν,
3657 5142 3790 5195 ὥστε

2216 5249 2464 5312 ἅπαντας
2495 5251 2576 5312 εἰς
2614 5245 2893 5317 εὐφημίαν
2926 5242 3200 5315 χωρῆσαι,
3235 5241 3311 5305 ὡς
3345 5240 3444 5293 οὐκ
3477 5237 3705 5307 ἀφέντος
3738 5232 3793 5281 ἐν

2216 5342 2409 5407 δεινοῖς
2434 5344 2559 5405 τοὺς
2582 5340 2674 5395 ἐπὶ
2700 5341 2784 5393 σοὶ
2808 5337 3156 5399 πεποιθότας.
3189 5365 3258 5375 —
3302 5334 3399 5386 Ἐκ
3424 5332 3481 5385 δὲ
3506 5331 3616 5383 τῶν
3644 5331 3796 5380 ἐναν-

2218 5433 2369 5498 τίων,
2395 5433 2700 5504 φησὶ,τούς
2740 5428 3124 5500 ἐπιτρίϐοντας
3166 5427 3298 5495 ἡμῖν
3341 5422 3442 5487 τὲις
3492 5414 3795 5491 συμφορὰς,

2219 5528 2540 5597 διαμαρτεῖν
2567 5526 2662 5595 τῆς
2686 5525 2743 5577 ἐν
2766 5521 3071 5593 ἀνθρώποις
3099 5516 3417 5588 παρρησίας
3438 5512 3684 5582 ποίησον,
3708 5506 3800 5573 κα)

2230 5621 2446 5691 μάταιοι
2477 5620 2534 5671 ἐν
2562 5620 2627 5687 τῇ
2657 5617 2906 5686 παρούσῃ
2936 5609 3219 5681 δυναστεία
3244 5607 3486 5677 ὀφθεῖεν.

2302 5731 2319 5765 ι
2368 5712 2452 5779 Ὠς
2480 5710 2692 5777 πνεῦμα
2723 5709 2933 5775 δρόσου.
2966 5724 2982 5756 ι
