4038 6148
427 313 563 381 1373

423 541 527 591 καυ
536 526 718 578 στικὸν
750 527 1054 598 ὲκοίμισεν.

499 633 519 664 ι
553 617 1058 685 Εὑλογεῖτειπάντα
1086 619 1156 673 τὰ
1184 619 1321 691 ἔργα
1350 621 1577 694 Κυρίου,
1604 623 1698 677 τὸν
1723 625 1949 698 Κύριον.
1985 646 2004 679 ι

496 796 657 859 Ἴσως
685 796 783 850 ὲάν
823 814 907 860 τις
947 797 1057 851 τῶν
1090 799 1358 870 ἀμυήτων
1401 798 1643 864 ἀκούσας
1670 800 1877 872 ταύτης
1911 803 2009 873 τῆς

420 887 730 955 δοξολογίας
758 928 773 952 ,
822 888 1044 956 γελάσει
1084 889 1211 952 τοὺς
1252 889 1446 958 ἁγίους
1478 892 1703 956 τούτους
1750 893 1847 946 καὶ
1893 892 2012 947 θεο-

421 979 714 1042 πνεύστους
743 979 1081 1051 ἀνθρώπους,
1111 980 1306 1049 λέγων,
1338 983 1420 1036 ὅτι
1452 982 1518 1036 τὸ
1550 984 1650 1052 μὲν
1682 986 1879 1049 είπεῖν,
1909 987 2012 1040 Εὐ-

420 1073 622 1138 λογεῖτε
660 1070 880 1139 ἄγγελοι
905 1072 1110 1144 Κυρίου
1143 1113 1157 1135 ,
1193 1074 1286 1127 καὶ
1315 1073 1580 1144 δυνάμεις
1611 1077 1819 1146 Κυρίου
1851 1114 1866 1137 ,
1912 1077 2009 1129 καὶ

421 1162 526 1217 olet
549 1160 655 1215 τῶν
690 1161 1015 1233 ἀνθρώπων,
1078 1165 1171 1218 καὶ
1222 1165 1388 1237 ἱερεῖς
1418 1166 1626 1237 Κυρίου
1660 1207 1675 1233 ,
1703 1168 1802 1221 καὶ
1835 1167 2010 1221 δοῦλοι

419 1253 644 1324 Κυρίου,
678 1254 773 1306 καὶ
809 1255 1118 1326 πνεύματα,
1150 1257 1245 1310 καὶ
1272 1256 1438 1328 ψυχαὶ
1460 1258 1706 1325 δικαίων,
1736 1259 1830 1312 καὶ
1848 1259 2006 1323 ὅσιοι,

421 1347 512 1397 καὶ
563 1345 809 1398 ταπεινοὶ
858 1348 925 1417 τῇ
981 1347 1185 1418 καρδίᾳ
1236 1348 1330 1402 τὸν
1388 1350 1630 1421 Κύριον,
1693 1351 2006 1406 ἀκόλουθον·

416 1435 477 1487 τδ
521 1434 577 1489 δὲ
621 1437 828 1498 εἰπεῖν,
871 1434 1180 1504 Εὐλογείτε,
1227 1439 1451 1511 οὐρανοὶ
1510 1442 1605 1494 καὶ
1642 1440 1714 1510 γῆ
1742 1442 1837 1494 καὶ
1882 1441 2010 1496 ὓδα-

414 1542 516 1588 τα,
556 1527 650 1582 καὶ
697 1525 767 1578 τὰ
798 1527 856 1578 ἐν
905 1527 1122 1594 αὐτοῖς,
1170 1528 1498 1596 ἀλλόκοτον,
1534 1524 1647 1583 οἷον
1690 1531 1844 1602 ἥλιος
1869 1574 1883 1599 ,
1940 1534 2007 1588 ἄ-

416 1633 558 1688 στρα
578 1659 591 1681 ,
631 1618 825 1690 δένδρα
844 1636 857 1651 ·
891 1619 1061 1688 ἄλογα
1088 1619 1196 1691 γάρ
1241 1623 1355 1675 ἐστι
1387 1621 1561 1675 ταῦτα
1585 1624 1679 1678 καὶ
1700 1623 1883 1694 ἄψυχα
1912 1626 2008 1680 καὶ

415 1711 741 1782 ἀναίσθητα.
770 1713 844 1766 Οὐ
878 1712 988 1782 γὰρ
1016 1712 1099 1765 δεῖ
1116 1702 1412 1768 ’πείθεσθαι
1448 1719 1562 1777 τοῖς
1594 1715 1845 1784 λέγουσιν
1868 1712 2007 1770 εἶναι

1551 331 2008 394 FRAGMENTA
2060 334 2149 395 IN
2187 338 2595 404 DANIELEM.

490 431 564 486 Τὸ
595 433 924 501 φωτιστικδν
963 436 1129 502 ἐάσας
1161 438 1257 492 τοῦ
1296 440 1463 513 πυρὸς
1498 441 1600 512 τῆς
1645 445 1914 514 καμίνου,
1955 446 2015 498 τὸ
2044 449 2092 506 Α

3565 350 3702 415 13η

2196 451 2310 507 Vim
2349 455 2485 526 ignis
2509 457 2777 512 lucentem
2808 457 2860 512 in
2892 455 3109 514 fornace
3136 475 3239 516 non
3272 461 3510 523 sustulit.
3541 481 3698 520 cum-

2125 549 2404 601 burentem
2438 549 2666 605 sedavit.

2193 638 2354 695 Vens.
2390 642 2480 697 57.
2531 661 2550 695 ι
2584 643 2844 699 Laudate.
2895 642 3073 698 omnia
3108 641 3319 700 Domini
3373 662 3561 718 opera,
3590 647 3694 704 Do-

2121 731 2345 785 minum.
2384 750 2404 785 ι

2195 821 2455 878 Fortasse
2481 823 2831 892 profanorum
2873 827 3014 895 quis,
3042 828 3223 882 audita
3257 829 3359 883 hac
3385 830 3691 900 doxologia,

2121 916 2326 972 sanctis
2376 916 2460 973 his
2508 917 2724 987 Deoque
2773 918 3053 987 inspiratis
3095 919 3407 976 hominibus
3441 922 3697 989 irriserit,

2120 1007 2325 1073 dicens,
2364 1008 2456 1064 illa
2488 1009 2705 1079 quidem
2747 1011 2933 1076 verba,
2971 1010 3211 1066 Laudate
3246 1012 3553 1080 Dominum,
3600 1030 3696 1068 an-

2120 1097 2225 1165 geli
2276 1096 2511 1164 Domini,
2562 1106 2619 1153 et
2677 1106 2976 1167 potestates
3006 1098 3242 1164 Domini,
3277 1111 3329 1156 et
3383 1101 3476 1156 lilii
3523 1104 3696 1157 homi-

2119 1203 2273 1253 num,
2312 1197 2369 1243 et
2428 1189 2737 1245 sacerdotes
2780 1187 3015 1255 Domini,
3068 1195 3124 1243 et
3166 1189 3309 1245 servi
3352 1192 3586 1256 Domini,
3638 1205 3694 1247 et

2117 1279 2360 1349 spiritus,
2402 1288 2458 1335 et
2481 1281 2673 1337 animae
2691 1282 2986 1352 justorum,
3031 1289 3081 1336 et
3135 1282 3333 1345 sancti,
3372 1293 3427 1338 et
3464 1285 3697 1340 humiles

2117 1373 2300 1439 corde,
2339 1372 2480 1428 bene
2504 1374 2782 1429 cohaerere
2807 1388 2870 1429 ac
2900 1378 3232 1444 procedere;
3260 1375 3349 1430 illa
3376 1390 3526 1441 vero,
3554 1376 3696 1431 Lan-

2117 1468 2261 1533 date,
2300 1466 2420 1523 cteli
2462 1476 2518 1523 et
2562 1477 2705 1523 terra
2755 1477 2813 1523 et
2856 1484 3029 1538 aquae,
3074 1480 3128 1525 et
3161 1485 3496 1541 quaecunque
3534 1472 3588 1526 in
3630 1473 3693 1525 iis

2116 1568 2262 1625 sunt,
2295 1574 2346 1613 ν.
2376 1575 2458 1630 g.,
2502 1559 2605 1623 sol,
2636 1560 2841 1625 sidera,
2874 1560 3118 1629 arbores,
3167 1562 3345 1618 minus
3383 1563 3518 1617 bene
3548 1563 3691 1617 dicta

2115 1661 2274 1712 esse,
2338 1648 2605 1716 siquidem
2659 1649 2773 1705 haec
2826 1658 3007 1706 mente
3064 1659 3119 1706 et
3170 1652 3351 1706 anima
3410 1662 3463 1706 et
3520 1668 3686 1707 sensu

2115 1748 2325 1796 carent.
2376 1739 2534 1797 Haud
2567 1742 2710 1797 enim
2752 1741 2911 1795 tidem
2941 1740 3139 1796 addere
3175 1742 3434 1799 debemus
3463 1744 3690 1799 dicenti-

412 1802 480 1856 τὰ
506 1807 743 1873 στοιχεῖα
778 1802 1000 1873 ἔμψυχα
1027 1805 1121 1857 καὶ
1153 1805 1371 1874 λογικὰ,
1396 1805 1500 1860 κᾶν
1522 1807 1600 1870 ὼς
1627 1807 1766 1875 πρὸς
1787 1808 1999 1880 ἔμψυχα

2115 1832 2234 1896 bus,
2269 1830 2539 1885 elementa
2567 1829 2674 1884 vita
2701 1839 2755 1885 et
2784 1830 2993 1882 ratione
3013 1828 3236 1897 praedita
3258 1843 3401 1890 esse,
3433 1829 3682 1897 quamvis

411 1894 503 1946 τὸν
532 1895 670 1966 προς
697 1894 842 1947 αὐτὰ
867 1893 1025 1962 λόγον
1048 1896 1449 1966 ἐποιήσαντο,οί
1474 1898 1780 1969 προφῆται·
1804 1901 2003 1965 κοινῶς

411 1985 521 2056 γὰρ
542 1984 678 2056 πρὸς
711 1986 779 2040 τὰ
798 1986 991 2056 λογικὰ
1023 1988 1115 2040 καὶ
1144 1988 1214 2041 τὰ
1247 1988 1414 2054 ἄλογα
1430 1988 1790 2059 διαλέγονται,
1819 1990 2005 2060 λέγον-

409 2093 520 2139 τες,
557 2076 866 2146 Εὑλογεϊτε,
891 2079 1133 2150 οὐρανοὶ,
1160 2080 1254 2133 καὶ
1274 2080 1569 2156 εὐλογεῖτε,
1592 2081 1838 2150 ἄγγελον
1868 2083 2004 2154 πρὸς

410 2168 439 2220 ὃ
472 2169 722 2235 λεκτέον,
755 2172 814 2223 ὲν
843 2173 954 2241 ὅσῳ
997 2172 1096 2241 τὴν
1127 2172 1265 2225 ίδίαν
1293 2173 1447 2237 τάξιν
1483 2174 1753 2243 φυλάσσει
1783 2175 1850 2228 τὰ
1889 2176 2007 2229 κτίο

414 2276 617 2328 σματα,
655 2259 900 2328 εὐλογεῖν
928 2261 1146 2329 λέγεται
1170 2261 1263 2315 τὸν
1288 2262 1451 2316 Θεόν·
1479 2264 1575 2317 ἐὰν
1603 2264 1660 2318 δὲ
1694 2266 2002 2339 παρεξελθῃ

409 2352 502 2404 τὸν
534 2351 746 2405 ἑαυτῶν
797 2353 961 2423 ὅρον,
1005 2352 1155 2406 δοκεῖ
1208 2370 1325 2417 πως
1378 2354 1551 2426 ὀργὴν
1598 2357 2003 2426 ὑποσημαίνειν

412 2441 568 2497 Θεοῦ.
609 2444 798 2508 Οὕτως
824 2445 923 2498 καὶ
952 2445 1048 2497 νῦν
1079 2446 1143 2499 τὸ
1176 2445 1286 2518 πῦρ
1320 2448 1419 2500 οὐκ
1451 2447 1581 2518 ἔστη
1614 2449 1707 2502 ἐπὶ
1734 2448 1847 2519 τῆς
1868 2450 2002 2515 ίδίας

409 2534 639 2600 τάξεως,
671 2535 758 2589 διὰ
783 2536 883 2606 τὴν
910 2537 1053 2590 κατὰ
1077 2538 1185 2591 τῶν
1213 2538 1575 2593 Βαϐυλωνίων
1604 2541 1796 2613 ὀργήν·
1826 2545 1874 2595 εί
1906 2544 2002 2598 καὶ

412 2624 505 2674 ἐπὶ
529 2624 775 2694 σωτηρίᾳ
794 2624 988 2693 γέγονε
1011 2626 1118 2679 τῶν
1149 2626 1323 2704 τριῶν,
1343 2627 1515 2697 ἁγίων
1541 2630 1771 2683 παίδων·
1796 2631 2000 2701 ὁμοίως

413 2715 509 2768 καὶ⁸
535 2714 629 2766 ἐπὶ
660 2716 754 2768 τοῦ
803 2718 1054 2788 Σαμουὴλ
1079 2720 1134 2771 ἐν
1162 2720 1342 2792 καιρῷ
1385 2720 1599 2792 θέρους,
1630 2723 1784 2777 ὑετὸν
1814 2725 1871 2781 αἱ
1914 2743 2000 2778 νε-

412 2809 572 2878 φέλαι
594 2810 741 2882 παρὰ
761 2812 860 2881 τὴν
890 2813 1025 2866 ίδίαν
1059 2815 1344 2886 συνήθειαν
1362 2819 1767 2887 καταγαγοῦσαι
1786 2822 1882 2892 ssi;
1894 2840 1996 2891 μα-

415 2917 513 2953 ναν
550 2904 648 2971 τὴν
692 2904 1047 2976 ἐπικειμένην
1084 2907 1224 2960 κατὰ
1268 2907 1364 2961 τοῦ
1408 2909 1629 2981 Ἰσραὴλ
1662 2913 1866 2983 ὀργήν’
1902 2914 1998 2966 καὶ

411 2991 615 3061 ὁμοίως
646 2994 776 3047 ὅταν
810 3012 862 3048 τι
894 2997 1075 3069 συμϐῇ
1117 2998 1382 3068 τοιοῦτον,
1409 3000 1682 3056 δειλιῶσιν
1710 3004 1758 3056 οἱ
1787 3004 1997 3075 ἄνθρω-

412 3102 503 3137 ποι
531 3085 605 3149 ὡς
625 3086 797 3157 ὀργῆς
823 3088 1203 3160 ἐπικειμένης.
1244 3093 1601 3164 Ἐπεύχονται
1639 3091 1732 3149 οὖν
1760 3098 1808 3149 oi
1849 3096 1995 3165 ἅγιοι

413 3176 608 3241 σώζειν
634 3178 761 3242 τοὺς
790 3179 951 3244 ίδίους
980 3183 1213 3247 κανόνας
1240 3184 1307 3237 τὰ
1335 3188 1595 3255 στοιχεῖα·
1625 3187 1713 3239 διὰ
1738 3187 1846 3257 γὰρ
1871 3189 1964 3241 τού

410 3285 504 3321 του
538 3269 880 3339 μανθάνομεν
906 3273 987 3326 ὅτι
1016 3274 1043 3325 6
1067 3273 1200 3336 Θεὸς
1228 3275 1527 3330 εὐῖλατεύει
1549 3279 1701 3347 ἡμῖν.
1725 3279 1799 3331 Οὐ
1832 3279 1993 3349 μόνον

409 3354 466 3412 δὲ
500 3358 593 3409 ἐπὶ
625 3359 732 3410 τῶν
763 3359 973 3428 ἀλόγων
1001 3362 1161 3416 τοῦτο
1193 3363 1413 3419 λεκτέον
1434 3406 1448 3430 ,
1484 3367 1622 3420 ἀλλὰ
1652 3368 1745 3421 καὶ
1773 3370 1865 3421 ἐπὶ
1894 3373 1995 3438 τῆς

411 3445 632 3518 λογικῆς
655 3449 1085 3513 κτίσεως.”οταν
1113 3456 1220 3527 γὰρ
1242 3457 1269 3508 6
1295 3456 1582 3527 ἄνθρωπος
1618 3457 1868 3532 φυλάσσῃ
1898 3461 1995 3530 τὴν

409 3538 617 3593 οἰκείαν
642 3540 793 3607 τάξιν
816 3584 830 3608 ,
861 3542 922 3596 τὸ
958 3544 1186 3613 ἄκακον,
1231 3546 1292 3599 τὸ
1325 3547 1481 3612 εὐθὲς
1502 3590 1515 3614 ,
1557 3549 1694 3621 ὅπερ
1739 3549 1899 3620 ἔσχεν
1929 3553 1994 3605 ἐκ

411 3628 635 3701 πρώτης
667 3632 1047 3705 δημιουργίας,
1086 3637 1182 3689 καὶ
1219 3638 1319 3707 τὴν
1352 3637 1447 3691 τοῦ
1486 3639 1644 3707 ἁγίου
1676 3640 1992 3712 Πνεύματος

409 3723 591 3794 χάριν,
623 3725 804 3790 καλῶς
832 3729 924 3781 καὶ
954 3728 1169 3797 εὐλογεῖ
1193 3729 1283 3782 τὸν
1313 3730 1447 3785 Θεόν
1466 3747 1480 3762 ·
1503 3732 1705 3802 ὁμοίως
1732 3734 1788 3786 δὲ
1815 3736 1909 3787 καὶ
1941 3736 1991 3787 οί

306 3866 310 3871 ,
409 3815 661 3883 ἄγγελοι·
695 3819 790 3873 ἐὰν
825 3821 881 3872 δὲ
911 3822 1315 3891 παρατραπῶσι
1351 3823 1445 3876 τοῦ
1484 3824 1672 3888 καλοῦ,
1707 3825 1768 3878 οὐ
1799 3826 1990 3880 δοκοῦ-

410 3923 495 3959 σιν
528 3909 773 3976 εὐλογεῖν
802 3911 897 3963 τὸν
940 3911 1094 3964 Θεόν·
1128 3912 1207 3966 διδ
1239 3914 1331 3966 καὶ
1375 3915 1403 3966 6
1435 3914 1638 3982 Κύριος
1669 3914 1853 3983 λέγει,
1906 3919 2023 3983 Οὐ,

406 3996 527 4065 πᾶς
558 4004 589 4053 d
617 4002 813 4071 λέγων
837 4020 959 4071 μοι,
997 4006 1192 4072 Κύριε,
1224 4005 1424 4073 Κύριε,
1460 4008 1873 4061 είσελεύσεται
1902 4012 1988 4075 είς

406 4090 521 4157 τὴν
543 4091 893 4156 βασιλείαν,
930 4095 1068 4149 ἀλλ’
1098 4098 1131 4148 ό
1161 4093 1348 4148 ποιῶν
1382 4096 1449 4148 τὸ
1479 4098 1710 4167 θέλημα
1739 4098 1845 4151 τοῦ
1871 4101 1989 4151 Πα-

404 4181 542 4247 τρός
566 4199 708 4249 μου*
739 4184 938 4260 ὁμοίως
972 4184 1067 4236 καὶ
1095 4186 1143 4237 οί
1181 4186 1624 4257 μετατραπὲντες
1652 4187 1875 4257 ἄγγελοι
1908 4190 1989 4254 εἰς

403 4273 625 4340 κακίαν,
659 4274 752 4328 καὶ
783 4275 1067 4343 γεγονότες
1095 4276 1372 4347 δαίμονες,
1404 4277 1504 4331 οὐκ
1541 4279 1824 4333 ἐπαινέται
1856 4282 1985 4347 εἰσὶ,

402 4364 508 4417 κᾶν
538 4366 921 4437 προσπίπτωσι
953 4367 1030 4439 τῷ
1068 4368 1243 4439 Ἰησοῦ
1274 4369 1349 4432 ὼς
1378 4368 1518 4440 Θεῷ,
1551 4373 1646 4424 καὶ
1678 4371 1805 4426 Υίὸν
1827 4375 1989 4429 αὑτὸν

401 4457 604 4527 λέγωσι
644 4460 738 4514 τοῦ
773 4461 932 4516 Θεοῦ.
969 4462 1069 4515 Διὰ
1109 4463 1219 4534 γὰρ
1266 4465 1366 4534 τὴν
1405 4462 1527 4517 καθ’
1560 4465 1767 4519 ἑαυτῶν
1816 4466 1988 4539 ὀργὴν

402 4548 590 4618 ἔλεγον
620 4550 813 4604 ταῦτα·
853 4551 1235 4618 ἐϐασανίζοντο
1281 4556 1389 4626 γὰρ
1442 4556 1718 4625 ἀοράτως·
1767 4560 1849 4614 διὸ
1895 4565 1988 4616 καὶ

401 4640 609 4709 ἔλεγον,
637 4639 863 4709 Ἦλϐες
904 4646 1018 4713 πρὸ
1050 4647 1256 4713 καίροῦ
1286 4648 1631 4711 βασανίσαι
1660 4650 1837 4720 ἡμᾶς.

2112 1925 2179 1977 ad
2213 1937 2301 1988 ea,
2341 1923 2496 1993 quasi
2525 1923 2689 1977 vitam
2717 1922 3001 1989 haberent,
3029 1923 3305 1992 prophetae
3341 1921 3499 1975 verba
3538 1918 3692 1974 fccc-

2114 2015 2256 2081 rint;
2282 2015 2625 2071 rationahilia
2660 2017 2804 2071 enim
2835 2026 2890 2070 et
2930 2014 3323 2072 irrationabilia
3365 2012 3525 2067 simul
3556 2012 3687 2066 allo-

2111 2116 2373 2177 quuntur,
2426 2108 2519 2163 ubi
2579 2107 3097 2175 dicuntzLaudate,
3140 2106 3286 2171 caeli,
3349 2114 3403 2160 et
3453 2105 3689 2168 laudate,

2112 2201 2308 2271 angeli.
2352 2201 2432 2256 Ad
2461 2205 2576 2257 ha'c
2607 2203 3052 2271 respondebimus
3079 2220 3095 2257 :
3120 2200 3365 2267 Quamliu
3425 2207 3691 2253 creaturae

2109 2296 2356 2349 ordinem
2392 2293 2524 2363 ipsis
2551 2294 2904 2348 constitutum
2934 2302 3255 2362 sequuntur,
3268 2292 3442 2345 Deum
3471 2291 3692 2344 laudare

2109 2387 2394 2451 dicuntur;
2428 2383 2647 2452 quando
2674 2392 2853 2438 autem
2885 2383 3075 2438 ordine
3101 2382 3191 2436 illo
3224 2382 3515 2444 excedunt,
3550 2381 3686 2434 iram

2109 2478 2347 2532 divinam
2386 2475 2614 2530 innuere
2644 2474 2913 2529 videntur.
2963 2472 3055 2528 Sic
3099 2487 3243 2528 nunc
3287 2487 3506 2543 quoque
3551 2473 3690 2541 ignis

2109 2569 2161 2623 in
2195 2568 2384 2624 ordine
2408 2581 2506 2621 suo
2539 2581 2643 2621 non
2672 2565 2936 2629 constitit,
2970 2566 3040 2618 ob
3065 2563 3201 2617 iram
3226 2574 3411 2620 contra
3453 2563 3682 2634 Babylo-

2108 2662 2229 2715 nios
2252 2668 2581 2729 susceptam,
2614 2657 2743 2713 licet
2775 2659 2877 2713 hoc
2907 2658 3066 2714 saluti
3095 2658 3254 2713 fuerit
3283 2657 3453 2712 tribus
3484 2657 3687 2712 sanctis

2113 2752 2320 2823 pueris.
2350 2751 2474 2805 Pari
2523 2751 2682 2805 modo
2729 2749 3000 2806 Samuelis
3052 2760 3292 2821 tempore
3326 2751 3515 2813 nubes,
3562 2764 3683 2816 qua:

2108 2850 2309 2910 praeter.
2338 2839 2785 2896 consuetudinem
2830 2853 2926 2909 per
2953 2848 3197 2894 aestatem
3239 2840 3441 2893 imbres
3487 2838 3687 2892 demit-

2107 2933 2316 2997 tehant,
2344 2932 2479 2987 iram
2517 2930 2780 2986 adversus
2807 2929 3075 2985 Israelitas
3103 2932 3444 3000 ingruentem
3476 2929 3683 2982 indica-

2104 3033 2251 3079 runt.
2283 3023 2349 3078 Et
2398 3023 2498 3089 sic,
2526 3022 2617 3077 ubi
2663 3023 2771 3077 tale
2812 3021 2942 3093 quid
2990 3020 3270 3084 acciderit,
3316 3019 3565 3074 homines
3614 3019 3683 3072 ti-

2111 3123 2258 3169 ment
2298 3113 2454 3182 quasi
2505 3114 2582 3168 ira
2612 3113 2745 3182 ipsis
2785 3113 3122 3167 imminente.
3162 3109 3310 3165 Hanc
3346 3110 3417 3165 ob
3457 3124 3679 3165 causam

2102 3205 2273 3259 sancti
2309 3219 2497 3273 preces
2524 3203 2759 3258 fundunt
2796 3212 2857 3258 ut
2887 3203 3155 3259 elementa
3193 3202 3336 3257 intra
3370 3201 3502 3257 lines
3549 3217 3682 3256 suos

2107 3310 2166 3350 se
2212 3295 2548 3361 contineant,
2604 3295 2862 3364 quoniam
2914 3295 3040 3350 hinc
3091 3294 3257 3348 Deum
3297 3293 3453 3360 nobis
3488 3293 3670 3363 propi-

2102 3388 2234 3442 tium
2269 3401 2391 3443 esse
2425 3386 2818 3457 cognoscimus.
2849 3384 3032 3453 Neque
3066 3400 3199 3439 vero
3229 3385 3296 3440 de
3331 3384 3679 3439 irrationabis

2112 3479 2249 3535 libus
2276 3479 2472 3543 solum,
2512 3478 2605 3533 sed
2640 3477 2802 3532 etiam
2836 3477 2905 3531 de
2935 3477 3198 3539 creaturis
3229 3484 3409 3530 mente
3439 3476 3679 3545 praeditis

2103 3572 2205 3626 hoc
2247 3570 2533 3626 dicendum
2579 3569 2702 3624 erit.
2739 3567 2876 3623 Dum
2922 3569 3069 3625 enim
3111 3570 3269 3623 homo
3315 3567 3475 3622 ﬁnem
3522 3583 3676 3623 suum

2102 3667 2424 3725 conservat,
2475 3661 2730 3715 nimirum
2782 3660 3111 3730 probitatem
3166 3667 3224 3716 et
3275 3659 3676 3731 integritatem,

2103 3754 2246 3822 quali
2275 3768 2303 3805 a
2335 3752 2506 3822 prima
2537 3753 2815 3807 creatione
2837 3754 3129 3822 gaudebat,
3187 3765 3397 3807 necnon
3446 3751 3680 3820 Spiritus

2101 3845 2274 3898 sancti
2308 3844 2561 3913 gratiam,
2611 3845 2814 3913 optime
2841 3843 3006 3896 etiam
3034 3842 3222 3895 laudat
3247 3843 3451 3911 Deum;
3500 3854 3554 3896 et
3600 3844 3678 3896 si—

2102 3934 2212 3987 mili
2250 3932 2457 3985 ratione
2487 3931 2649 3986 etiam
2683 3930 2890 3999 angeli;
2938 3930 3153 3998 quando
3195 3937 3378 3983 autem
3420 3945 3450 3982 a
3477 3933 3679 3983 virtute

2098 4038 2219 4081 sese
2245 4021 2562 4087 averterint,
2588 4021 2752 4074 Deum
2783 4019 3003 4073 laudare
3034 4019 3307 4072 desinunt.
3334 4018 3671 4086 Quapropter

2098 4113 2360 4171 Dominus
2388 4112 2554 4166 dicit:
2587 4108 2711 4164 Non
2744 4110 2978 4179 quisquis
3006 4108 3133 4162 mihi
3168 4109 3384 4173 dixerit,
3424 4108 3666 4175 Domine,

2098 4205 2340 4268 Domine,
2381 4204 2436 4256 in
2477 4217 2692 4270 regnum
2732 4201 3079 4271 ingredietur,
3121 4201 3210 4254 sed
3259 4201 3349 4270 qui
3374 4200 3554 4269 fecerit
3588 4218 3669 4253 vo-

2099 4295 2355 4349 luntatem
2404 4290 2584 4344 Patris
2632 4292 2794 4344 mei'.
2840 4287 2950 4345 Nec
2997 4290 3166 4359 magis
3208 4292 3429 4360 angelos
3461 4293 3550 4359 qui
3602 4292 3668 4343 ad

2098 4382 2497 4453 improbitatem
2546 4380 2859 4437 defecerunt
2891 4388 2945 4434 et
2994 4379 3267 4434 daemones
3320 4380 3440 4432 facti
3501 4391 3663 4451 sunt,

2095 4476 2409 4530 laudatores
2462 4486 2584 4529 esse
2633 4471 2873 4536 dixeris,
2927 4471 3175 4540 quamvis
3225 4473 3468 4540 gentibus
3516 4469 3685 4534 ﬂexis,

2096 4566 2275 4623 Jesum
2311 4552 2565 4636 tanquam
2602 4565 2770 4620 Deum
2809 4562 3033 4618 adorent
3079 4579 3311 4632 emnqne
3336 4562 3530 4616 Filium
3574 4564 3685 4615 Dei.

2094 4655 2406 4727 appellent;
2447 4655 2703 4711 dixerunt
2755 4653 2896 4707 enim
2948 4653 3063 4709 haec
3093 4666 3312 4723 propter
3354 4654 3488 4707 iram
3539 4652 3668 4716 ipsis

408 4735 773 4803 ingruentem.
803 4738 1153 4793 t'nvisihiliter
1180 4741 1324 4794 enim
1374 4743 1786 4813 torquebantur,
1831 4753 1990 4815 unde,
2033 4750 2257 4815 Venisti,
2289 4749 2566 4818 inquiunt,
2603 4754 2726 4799 ante
2756 4756 2955 4814 tempus
2987 4762 3079 4798 nos
3113 4755 3351 4807 torquere
3371 4745 3411 4796 '.

478 4849 495 4881 ι
541 4831 871 4900 Συνάγονται
904 4836 953 4886 οἱ
982 4835 1282 4906 σατράπαι.
1327 4854 1344 4887 ι

482 4921 570 4985 Ὠς
602 4923 836 4992 ὁρῶντες
860 4925 1043 4993 θαῦμα
1074 4927 1377 4996 παράδοξον
1413 4930 1737 5002 συνέτρεχον
1760 4950 1771 4961 ·
1803 4937 1987 5006 σχεδὸν

2163 4846 2328 4900 Vens.
2359 4844 2448 4899 94.
2482 4861 2501 4894 ι
2533 4840 2947 4911 Congregantur
2978 4847 3222 4909 satrapae.
3260 4857 3278 4889 ι

2162 4938 2228 4994 Ut
2252 4937 2498 4993 viderent
2547 4933 2868 4989 miraculum
2908 4931 3238 4994 incredibile,
3272 4942 3670 5006 convenerunt.

394 5009 507 5081 γὰρ
545 5011 705 5064 τοῦτο
743 5013 926 5082 μεῖζον
951 5009 1017 5083 ἦν
1050 5013 1145 5065 τοῦ
1177 5015 1240 5066 ὲκ
1264 5016 1476 5086 νεκρῶν
1508 5018 1846 5090 ἀναστῆναι·
1875 5022 1989 5076 ἐδό-

2105 5028 2481 5098 δνορθηιοάυιη
2534 5025 2678 5081 enim
2717 5024 2817 5078 hoc
2861 5022 2980 5092 plus
3030 5020 3241 5074 valebat
3297 5035 3457 5090 quam
3499 5021 3543 5076 si
3592 5037 3663 5093 ea;

397 5120 529 5155 κουν
561 5103 667 5173 γὰρ
699 5105 794 5156 καὶ
828 5104 991 5157 αὑτοῦ
1018 5104 1109 5157 τοῦ
1145 5107 1376 5160 Θανάτου
1406 5112 1983 5183 κατακεκρατηκέναι,

396 5194 473 5255 ὡς
508 5196 566 5246 ἐν
601 5193 894 5258 ἀθανάτοις
925 5195 1074 5260 ὄντες
1105 5195 1322 5267 σώμασι
1351 5200 1447 5251 καὶ
1483 5200 1804 5273 ἀφθάρτους,
1845 5205 1982 5274 ὅπερ

2092 5120 2320 5175 mortuis
2351 5116 2798 5181 resurrexissent,
2851 5112 3114 5182 siquidem
3144 5119 3370 5164 mortem
3405 5109 3667 5179 eﬂ‘ugisso.

2089 5211 2428 5276 videbantur,
2465 5209 2612 5264 velut
2649 5205 3049 5262 immortalibus
3090 5200 3662 5270 etincorruptibilihus

395 5286 496 5337 οὐκ
528 5282 595 5356 ἦν
625 5301 638 5317 ·
685 5289 742 5340 ὲν
772 5287 881 5358 γὰρ
925 5287 1139 5358 θνητοῖς
1170 5288 1321 5352 ὄντες
1354 5290 1604 5359 σώμασιν
1652 5293 1849 5362 ἔφυγον
1882 5295 1983 5368 τὴν

2106 5299 2254 5353 nduti
2323 5298 2659 5368 corporibus.
2697 5297 2766 5349 At
2795 5311 2880 5350 res
2912 5308 3016 5347 non
3042 5293 3112 5345 ita
3162 5306 3218 5345 se
3250 5293 3436 5347 habuit
3465 5311 3477 5345 :
3512 5308 3663 5355 mor-1

395 5376 714 5448 διαφθορὰν,
750 5380 825 5452 μὴ
850 5381 1203 5452 πειραθέντες
1232 5381 1292 5435 τὸ
1316 5383 1532 5436 συνόλον
1567 5384 1665 5454 τῆς
1687 5386 1779 5438 τοῦ
1810 5388 1982 5458 πυρὸς

396 5468 631 5540 θέρμης.

476 5581 494 5612 σ
541 5564 712 5633 Ὀσμὴ
740 5566 932 5635 πυρός.
974 5586 990 5617 ι

468 5654 548 5706 Τὰ
576 5655 780 5723 σημεῖα
810 5657 1138 5726 ἐπαγωγικά
1173 5661 1288 5711 ἐστι
1311 5675 1323 5687 '
1356 5659 1435 5712 διὸ
1468 5661 1526 5712 οὐ
1563 5662 1712 5714 δοκεῖ
1751 5664 1971 5733 γνήσιος

392 5741 533 5797 εἶναι
577 5744 766 5809 πιστὸς
796 5748 822 5797 6
866 5749 929 5799 ἐκ
961 5748 1203 5817 σημείων
1246 5749 1490 5813 πεισθείς
1514 5770 1526 5781 ·
1564 5752 1685 5805 ὅθεν
1716 5756 1741 5807 ὁ
1768 5755 1970 5826 Κύριος

466 5861 482 5890 ¹
518 5857 708 5919 Matth.
745 5879 836 5932 vn,
861 5865 923 5917 2i
1006 5864 1236 5920 ’Malth.
1288 5882 1403 5930 γιιι,
1440 5869 1491 5925 9.

2083 5391 2278 5446 talibus
2303 5390 2443 5445 enim
2465 5388 2784 5458 corporibus
2803 5387 3008 5457 praediti
3034 5385 3306 5439 interitum
3329 5383 3661 5463 effugerunt,

2082 5481 2337 5550 quoniam
2399 5496 2503 5535 non
2547 5489 2716 5534 totum
2768 5478 2906 5546 ignis
2951 5477 3198 5532 ardorem
3235 5477 3443 5546 experti
3475 5487 3657 5548 erant.

2158 5569 2321 5625 Vnus.
2361 5570 2450 5626 95.
2487 5589 2505 5621 ι
2543 5571 2691 5626 Odor
2725 5570 2884 5638 ignis.
2920 5588 2938 5621 ι

2142 5663 2305 5733 Signa
2339 5663 2695 5732 persuadendi
2754 5664 2861 5715 vim
2912 5662 3131 5728 habent,
3179 5670 3507 5731 quapropter
3541 5678 3644 5714 nun

2072 5772 2198 5812 vere
2223 5756 2394 5811 litlclis
2419 5756 2676 5810 aestimari
2701 5755 2961 5825 tlebetqui
2987 5757 3054 5809 ob
3078 5755 3226 5823 signa
3258 5754 3413 5808 iidem
3443 5754 3601 5808 habet
3626 5770 3641 5820 ;
