4038 6148
475 323 625 387 1375

1624 317 1960 382 AMMONII
2000 312 2531 373 ALEXANDRINI

3584 305 3722 370 1376

469 429 611 485 unde
632 427 834 485 factum
869 433 953 482 est
980 433 1036 480 ut
1068 425 1329 481 Dominus
1351 424 1630 494 discipulis
1659 427 1857 482 dixerit
1891 444 1905 478 :
1945 424 2029 477 Vi-

2141 418 2294 487 ἔλεγε
2323 421 2436 482 τοῖς
2466 418 2757 489 μαθηταῐ;’
2803 417 2993 488 Ὑμεῖς
3023 416 3307 488 ἑωράκατε
3340 414 3437 470 καὶ
3463 414 3720 469 ἐπιστεύ-

467 518 622 574 distis
642 528 695 573 et
716 517 1022 573 credidistis
1045 534 1058 570 :
1084 517 1224 571 beati
1243 518 1333 585 qui
1354 532 1456 571 non
1478 517 1658 571 vident
1679 527 1734 572 et
1749 517 1975 571 credunt
1998 518 2039 569 '.

1095 606 1248 660 CAP.
1281 603 1373 661 ιν.

536 696 703 750 Vens.
749 696 807 750 6.
847 714 865 747 ι
902 694 1147 750 Baltasar
1182 697 1580 752 incantatorum
1618 699 1884 768 princeps.
1911 717 1930 749 ι

537 787 1036 842 Nabuchodonosor
1090 790 1436 857 reprehendit
1484 798 1673 859 magos
1707 800 1766 843 ut
1820 789 1912 858 qui
1968 789 2041 843 nil

465 879 638 933 sciant
667 878 838 947 deque
861 879 1075 933 somnio
1104 878 1355 949 imaginis
1375 881 1653 936 mendacia
1676 881 1836 936 verba
1855 889 2042 950 protu-

465 969 648 1036 lerint,
686 970 927 1025 dicentes
953 988 966 1024 :
994 971 1106 1025 Rea:
1137 972 1281 1026 dicat
1327 974 1588 1028 somnium
1620 974 1784 1028 servis
1837 974 1967 1038 suis,
1990 983 2040 1027 et

464 1063 947 1129 interpretationem
1000 1067 1114 1135 ejus
1147 1068 1543 1133 indicabimus;
1592 1083 1719 1122 ecce
1771 1069 1914 1123 enim
1960 1067 2042 1122 vel

458 1164 753 1232 postquam
786 1156 1068 1209 audierant
1102 1157 1398 1221 somnium,
1427 1172 1530 1212 non
1569 1158 1969 1225 explicuerunt.

539 1326 706 1387 Vens.
732 1329 788 1384 9.
828 1347 848 1381 ι
881 1328 1112 1387 Fructus
1145 1331 1266 1400 eius
1292 1334 1515 1399 nimius,
1558 1353 1577 1386 ι

535 1417 689 1474 Licet
722 1420 945 1485 nimius,
1003 1437 1108 1475 non
1168 1432 1345 1478 tamen
1392 1436 1513 1480 erat
1564 1427 1754 1492 dulcis,
1821 1439 2042 1497 propter

467 1519 802 1577 grassantem
837 1510 1197 1576 idulolatriam
1227 1531 1241 1566 :
1276 1529 1449 1583 neque
1490 1516 1634 1577 enim
1668 1518 1924 1573 virtutem
1961 1521 2043 1574 in-

467 1603 621 1666 didit,
654 1616 825 1670 neque
870 1613 1100 1660 mentem
1124 1604 1276 1668 aluit,
1310 1608 1403 1662 sed
1441 1592 1813 1667 tauiuntmodo
1834 1626 1927 1667 eos
1949 1613 2041 1682 qui

466 1693 761 1747 bestiarum
789 1710 936 1750 more
962 1696 1224 1751 viverent.
1248 1696 1530 1766 Ejusmodi
1548 1701 1691 1755 enim
1721 1711 1802 1758 est
1815 1714 2038 1759 externa

2146 523 2276 559 σατε
2293 522 2306 536 ·
2343 508 2603 579 μακάριοι
2631 508 2681 560 οἱ
2713 508 2788 577 μὴ
2816 507 3014 569 ἰδόντες
3042 507 3139 559 καὶ
3163 502 3593 568 πιστεύσαντεςέ

2758 600 3011 654 ΚΕΦΔΛ.
3040 602 3113 653 Δ’.

2221 708 2241 741 ι
2279 684 2569 760 Βαλτάσαρ
2597 693 2625 745 ὁ
2656 690 2842 762 ἄρχων
2868 690 2978 743 τῶν
3006 690 3296 744 ἐπαοιδῶν.
3341 708 3360 741 ι

2229 779 2468 850 Ἐλέγχει
2499 783 2628 845 τοὺς
2658 782 2867 852 μάγους
2886 784 2915 836 ὁ
2938 781 3417 852 Ναϐουχοδονόσορ
3452 782 3618 853 μηδὲν
3641 786 3721 835 εἰ·

2141 871 2300 935 δότας
2317 911 2334 936 ,
2365 873 2459 926 καὶ
2485 874 2580 927 ἐπὶ
2608 873 2702 926 τοῦ
2739 873 2950 944 ὀνείρου
2975 873 3075 943 τῆς
3106 873 3316 936 εἰκόνος
3342 873 3560 942 ψευδεῖς
3590 890 3726 945 πρε-

2145 960 2510 1030 σαλλομένους
2546 961 2759 1028 λόγους,
2791 964 2851 1014 ὲν
2872 960 2952 1033 τῷ
2981 959 3180 1030 λέγειν,
3213 962 3277 1016 '0
3304 962 3609 1027 βασιλεὺς
3636 965 3716 1016 εὶ·

2142 1050 2309 1105 πάτω
2338 1052 2403 1104 τὸ
2443 1050 2737 1105 ἐνύπνιον
2778 1049 2904 1117 τοῖς
2944 1051 3161 1104 παισὶν
3197 1051 3419 1117 αὐτοῦ,
3474 1053 3573 1108 καί
3606 1053 3723 1120 τὴν

2144 1142 2467 1210 σύγκρισιν
2514 1140 2966 1211 ἀναγγελοῦμεν
3013 1142 3224 1196 αὐτοῦ.
3269 1141 3403 1195 Ἰδοὺ
3463 1141 3571 1214 γὰρ
3626 1143 3722 1197 νῦν

2143 1233 2468 1296 ἀκούσοντες
2500 1231 2562 1285 τὸ
2583 1232 2739 1304 ὄναρ,
2765 1233 2867 1286 οὐκ
2892 1232 3091 1293 ἔλυσαν
3119 1234 3272 1289 αὐτό.

2219 1343 2237 1376 ι
2274 1325 2506 1397 Καρπὺς
2535 1322 2703 1379 αὐτοῦ
2729 1323 2917 1389 πολύς.
2957 1344 2977 1378 ι

2211 1419 2313 1471 Διὰ
2359 1416 2461 1487 τὴν
2498 1416 2948 1488 ἐπικρατήσασαν
2997 1416 3471 1488 είδωλολατρείαν,
3531 1417 3582 1479 εἰ
3628 1419 3724 1470 καὶ

2144 1507 2331 1573 πολὺς,
2361 1507 2475 1561 ἀλλ’
2503 1508 2564 1560 οὐ
2597 1507 2819 1576 γλυκύς.
2845 1508 2923 1562 Οὐ
2947 1508 3056 1578 γὰρ
3076 1504 3221 1577 εἶχεν
3251 1508 3590 1580 εὐπρέπειαν
3622 1509 3723 1583 μὲν

2143 1600 2476 1669 ἐμποιοῦντα
2503 1640 2519 1665 ,
2560 1599 2623 1654 οὑ
2654 1600 2926 1672 τρέφοντα
2950 1600 3010 1654 δὲ
3051 1601 3115 1655 τὸ
3155 1601 3395 1671 λογικὸν,
3429 1601 3569 1655 ἀλλὰ
3595 1602 3722 1665 τοῦς

2144 1692 2613 1764 κτηνωδεστέρους
2640 1710 2652 1723 ·
2686 1692 2911 1763 τοιαύτη
2943 1693 3052 1766 γὰρ
3072 1695 3106 1765 ἡ
3135 1694 3241 1761 ἔξω
3277 1695 3500 1749 παιδεία
3519 1735 3535 1761 ,
3575 1694 3721 1746 εὐει-

463 1784 708 1848 scientia,
738 1798 858 1854 quae
886 1796 1103 1853 aspectu
1131 1788 1346 1856 quidem
1371 1789 1610 1859 jucunda
1646 1793 1738 1857 sit,
1784 1797 1849 1851 ad
1888 1809 2029 1849 men-

2140 1783 2236 1855 δὴς
2256 1784 2395 1838 κατὰ
2409 1784 2470 1837 τὸ
2488 1786 2813 1855 φαινόμενον
2839 1785 3090 1852 δοκοῦσα,
3119 1786 3260 1841 κατὰ
3283 1786 3341 1841 δὲ
3356 1787 3418 1840 τὸ
3432 1786 3720 1856 νοούμενον

463 1884 571 1927 tem
614 1890 742 1930 vero
773 1876 905 1929 nihil
956 1878 1205 1933 utilitatis
1238 1879 1445 1934 alferat.
1492 1882 1643 1938 Hinc.
1673 1884 2043 1943 irrationabile

463 1966 741 2020 hominum
772 1983 942 2038 genus
976 1969 1210 2023 ferarum
1254 1981 1308 2025 et
1335 1973 1629 2028 heStiarum
1678 1976 1868 2040 instar,
1904 1979 1956 2031 in
1977 1995 2040 2033 ea

463 2058 753 2126 acquievit,
782 2073 878 2115 nec
908 2076 1035 2116 vero
1051 2061 1341 2134 lsrael,qtti
1373 2075 1454 2121 est
1474 2080 1623 2123 mens
1644 2069 1830 2126 videns
1853 2070 2039 2140 Deum,

465 2163 569 2202 non
604 2150 956 2218 corporalem.

528 2238 691 2294 Vsus.
728 2241 819 2317 22.
851 2262 868 2293 ι
913 2243 1127 2312 Septem
1167 2246 1293 2300 anni
1325 2259 1732 2305 convertentur.
1771 2270 1791 2304 ι

535 2330 669 2385 Tres
697 2334 824 2386 anui
861 2343 914 2388 et
967 2350 1059 2391 sex
1102 2348 1333 2394 menses.
1379 2338 1557 2397 Persa:
1587 2344 1729 2398 enim
1773 2360 1942 2415 usque
1971 2348 2038 2401 ad

467 2422 606 2474 hunc
640 2422 780 2475 diem
831 2423 882 2499 in
924 2427 1056 2480 duas
1109 2427 1397 2483 dillinduut
1451 2441 1652 2499 partes,
1707 2434 1938 2491 hiemem
1986 2448 2040 2493 et

462 2520 726 2579 aestatem,
761 2514 923 2569 hiemi
961 2532 1073 2581 ver,
1113 2521 1289 2575 aestati
1345 2531 1660 2583 autumnum
1707 2526 2037 2598 conjungeu-

465 2613 563 2659 tes.
607 2605 799 2667 Vocem
834 2609 910 2662 εἰν
940 2611 1155 2679 quidam
1199 2614 1461 2684 angelum,
1498 2617 1589 2671 alii
1621 2619 1824 2688 vigilem
1868 2622 2037 2678 inter-

462 2700 655 2766 prelali
687 2711 832 2758 sunt.

537 2787 692 2844 Vens.
721 2790 810 2845 25.
852 2812 869 2843 ι
903 2791 1143 2863 Regnum
1171 2796 1263 2852 tibi
1298 2810 1495 2855 manet.
1538 2821 1555 2854 ι

544 2876 656 2931 Mos
700 2890 779 2935 est
811 2885 1214 2950 prophetarum,
1247 2899 1302 2941 ut
1335 2889 1497 2944 libera
1532 2891 1712 2946 dicant
1744 2910 1862 2964 qua:
1883 2910 2037 2952 even-

463 2976 579 3029 tura
629 2970 736 3024 sint
777 2971 938 3037 dura,
986 2977 1145 3030 simul
1179 2987 1356 3033 autem
1400 2982 1535 3037 bene
1572 2998 1791 3052 sperare
1814 2986 2038 3056 jubeant

2142 1872 2424 1944 ἀνωφελής
2450 1890 2464 1904 ·
2496 1873 2578 1927 διὸ
2609 1874 2677 1926 τὰ
2709 1874 2880 1943 ἄλογα
2907 1875 3003 1929 καὶ
3031 1875 3202 1945 ἄγρια
3223 1877 3321 1929 καὶ
3347 1874 3589 1945 θηριώδη
3612 1875 3719 1930 τῶν

2142 1962 2445 2033 ἀνθρώπων
2474 1964 2605 2034 γένη
2660 1965 3039 2021 ἐπανεπαύετο
3058 1983 3073 1998 ’
3107 1967 3167 2020 οὐ
3206 1968 3315 2037 μὴν
3342 1969 3370 2020 ὁ
3408 1968 3629 2040 Ἰσραὴλ
3660 1969 3719 2033 ὃς

2142 2055 2256 2109 ἐστι
2284 2055 2429 2120 νοῦς
2451 2055 2608 2124 ὀρῶν
2635 2058 2804 2123 Θεὸν,
2832 2058 2948 2113 ἀλλ’
2973 2059 3033 2112 οὐ
3065 2060 3353 2131 σαρκικόν.

2216 2253 2236 2287 ι
2280 2235 2451 2290 Ἑπτὰ
2482 2238 2664 2309 καιροὶ
2691 2238 3110 2310 ἀλλαγήσονται.
3146 2258 3166 2291 ι

2209 2328 2348 2398 Τρία
2376 2329 2547 2399 ἥμισυ
2583 2330 2679 2401 ἔτη
2699 2348 2712 2362 ·
2743 2332 2793 2383 oi
2823 2330 2933 2401 γὰρ
2977 2332 3185 2402 Πέρσαι
3212 2331 3320 2395 ἕως
3345 2330 3448 2401 τῆς
3482 2330 3578 2385 νῦν
3619 2330 3712 2385 τὸν

2139 2421 2383 2475 ἐνιαυτὸν
2412 2425 2492 2485 εἰς
2516 2421 2610 2477 δύο
2641 2423 2964 2496 διαιροῦσιν,
2996 2429 3077 2488 εἰς
3108 2425 3354 2496 χειμῶνα
3387 2425 3489 2479 καὶ
3513 2425 3672 2496 Θέρος
3692 2443 3708 2459 ο

2137 2513 2213 2590 τὸῴ
2226 2513 2325 2585 ἔαρ
2351 2516 2580 2586 χειμῶνι
2611 2517 3021 2585 συζευγνύντες,
3078 2520 3174 2572 καὶ
3203 2518 3280 2589 τῷ
3312 2518 3464 2590 θέρει
3496 2519 3560 2572 τὸ
3586 2535 3714 2590 μετα

2138 2586 2371 2675 ότῖωρον.
2400 2634 2469 2645 —-
2493 2608 2636 2660 Ἀντί
2657 2609 2749 2661 τοῦ
2771 2608 2867 2680 ἔαρ
2896 2609 2946 2663 oi
2971 2612 3025 2663 0'
3053 2586 3311 2678 ἄγγελον
3338 2586 3712 2681 ἡρμήνευσαν,

2138 2697 2185 2747 οἰ
2218 2695 2273 2751 δὲ
2307 2696 2504 2763 λοιποὶ,
2545 2698 2892 2767 ἐγτρήγορον.

2214 2805 2232 2838 ι
2281 2787 2343 2839 Ἡ
2383 2787 2629 2857 βασιλεία
2663 2808 2745 2843 σοι
2778 2791 2949 2861 μένει.
2990 2812 3008 2843 ι

2210 2877 2370 2941 Ἐθος
2406 2881 2743 2950 προφητικὸν
2765 2881 2945 2946 τοῦτο,
2979 2883 3273 2953 ἀποτόμως
3307 2884 3404 2953 μὲν
3430 2883 3611 2953 λέγειν
3643 2883 3707 2936 τὰ

2139 2967 2531 3040 συμϐησόμενα
2574 2971 2745 3039 δεινὰ,
2774 2975 3019 3044 χρηστὰς
3043 2975 3101 3027 δὲ
3132 2974 3358 3038 ἐλπίδας
3389 2975 3702 3044 ὑποφαίνειν

460 3074 555 3113 eos
606 3062 695 3129 qui
749 3065 1120 3132 pmnitrntiam
1160 3081 1346 3140 agunt,
1382 3074 1643 3144 siquidem
1691 3088 1917 3136 eventus
1953 3091 2029 3138 est

2136 3059 2249 3121 τοῖς
2288 3059 2637 3128 μετανοοῦσιν
2656 3103 2671 3128 ,
2699 3063 2775 3126 ὡς
2818 3067 2876 3118 ἐν
2910 3064 3128 3134 ἐξουσία
3172 3065 3435 3137 κειμένης
3464 3066 3570 3119 τῶν
3601 3068 3697 3120 ἀν-

2138 3149 2165 3169 Λ
2184 3167 2198 3169 -
2214 3149 2237 3169 γ’
2258 3167 2307 3169 -Α
2328 3168 2331 3169 ,
2434 3153 2459 3163 η
2537 3155 2549 3169 ο
2605 3156 2634 3169 υ
2653 3154 2663 3167 ρ

461 3147 517 3203 ἱιι
544 3149 822 3206 hominum
858 3154 1136 3211 facultate.

1089 3247 1241 3302 CAP.
1300 3249 1406 3306 VII.

528 3332 687 3391 Vens.
714 3334 801 3390 26.
861 3355 881 3387 ι
922 3336 1236 3397 luterimere
1269 3357 1440 3412 usque
1487 3346 1552 3400 ad
1589 3346 1769 3404 linem.
1807 3369 1826 3402 ι

527 3425 670 3481 lilico
693 3428 835 3483 enim
870 3442 990 3498 post
1017 3433 1408 3490 Antichristutn
1435 3438 1540 3492 erit
1574 3438 1713 3495 linis.
1736 3440 1803 3496 Et
1834 3442 2029 3499 frustra

452 3513 620 3571 Judaei
660 3520 985 3588 fabulantur,
1027 3539 1146 3578 cum
1180 3526 1363 3582 dicunt
1401 3545 1499 3596 per
1540 3533 1684 3585 mille
1712 3549 1882 3590 annos
1912 3552 2033 3593 sese

454 3624 574 3661 cum
610 3608 945 3670 Antichristo
987 3627 1321 3684 regnaturus,
1379 3622 1640 3691 siquidem
1678 3625 1765 3682 ille
1819 3632 2028 3686 nonnisi

456 3703 566 3748 tres
599 3710 770 3759 annos
806 3699 1160 3756 etdiutiditnn
1196 3709 1459 3775 regnabit.

1079 3792 1233 3867 CAP.
1266 3797 1399 3865 vut.

522 3877 686 3947 Vens.
712 3881 764 3936 3.
806 3900 825 3934 t
850 3882 1039 3945 Unum
1069 3885 1228 3943 altius
1258 3888 1447 3946 altero.
1482 3911 1503 3946 ι

526 3968 660 4038 Quia
699 3973 875 4030 Persa:
907 3974 1075 4042 Medis
1101 3978 1361 4049 dignitate
1393 3987 1742 4052 praestabant.

1094 4151 1250 4209 CAP.
1283 4154 1375 4211 IX.

510 4234 674 4299 Vens.
708 4237 797 4293 2!.
840 4257 867 4295 ι,
906 4241 970 4295 Ει
997 4257 1122 4299 ecce
1143 4245 1221 4300 vir
1243 4247 1457 4304 Gabriel
1490 4252 1693 4308 volans.
1725 4271 1744 4311 ι

512 4327 646 4382 Cum
678 4330 927 4393 Christus
979 4343 1237 4395 venturus
1272 4350 1418 4396 esset
1466 4343 1668 4399 ultimis
1695 4345 1905 4413 diebus,
1965 4358 2024 4404 ut

2138 3149 2371 3220 θρώπων
2400 3153 2499 3223 τῆς
2532 3154 2837 3219 ὲκὸἀσεως.

2724 3248 2975 3302 ΚΕΦΑΛ.
3024 3246 3100 3303 Ζ’.

2222 3353 2241 3385 ι
2291 3334 2581 3389 ’Δπολέσαι
2609 3337 2713 3401 ἓως
2738 3338 2911 3402 τέλος.
2954 3357 2973 3391 ι

2209 3423 2385 3488 Εὐθὺς
2414 3425 2520 3497 γὰρ
2561 3428 2701 3496 μετὰ
2732 3429 2824 3482 τὸν
2876 3429 3250 3501 Ἀντίχριστον
3284 3429 3342 3482 τὸ
3385 3429 3568 3492 τέλος’
3605 3429 3704 3489 καὶ

2139 3514 2314 3585 μάτην
2334 3516 2647 3571 πλανῶνται
2676 3519 2727 3571 οἱ
2761 3519 3004 3573 Ἰουδαῖοι
3037 3520 3310 3589 λέγοντες,
3339 3522 3418 3574 ὄτι
3452 3521 3704 3591 μέλλουσι

2131 3604 2279 3673 χίλια
2310 3607 2407 3678 ἔτη
2442 3612 2662 3679 κρατεῖν
2708 3612 2803 3664 σὺν
2843 3610 2922 3681 τῷ
2959 3611 3309 3683 Ἀντιχρίστῳ
3332 3630 3343 3642 ·
3376 3613 3503 3683 τρία
3531 3613 3703 3683 manu

2137 3695 2296 3765 μόνον
2325 3696 2420 3768 ἔτη
2456 3699 2744 3768 μέλλοντος
2768 3701 2938 3754 αὑτοῦ
2968 3704 3272 3772 κατασχεῖν.

2730 3791 2983 3845 ΚΕΦΑΛ.
3020 3791 3100 3845 Η’.

2207 3896 2227 3929 ι
2264 3879 2337 3932 Τὸ
2367 3879 2425 3937 ἓν
2449 3880 2781 3954 ὑψηλότερον
2819 3881 2912 3935 τοῦ
2943 3883 3156 3954 ἑτέρου.
3192 3899 3212 3933 ι

2201 3968 2301 4022 Διὰ
2332 3970 2426 4023 τοῦ
2468 3971 2685 4042 μείζους
2725 3967 2862 4026 εἶναι
2905 3975 2964 4028 ὲν
3010 3972 3138 4044 ἀξία
3181 3973 3310 4036 τοὺς
3330 3971 3562 4044 Πέρσας
3600 3973 3705 4039 τιῖιν

2128 4059 2348 4130 Μήδων.

2735 4157 2989 4211 ΚΕΦΑΛ.
3020 4158 3094 4212 Θ’.

2204 4260 2223 4295 ι
2258 4244 2368 4296 Καὶ
2402 4243 2512 4301 ίδοὺ
2545 4246 2684 4317 ἀνὴρ
2709 4247 2951 4320 Γαϐριὴλ
2983 4249 3306 4319 πετόμενος.
3342 4267 3361 4301 ι

2211 4334 2429 4404 Ἐπειδὴ
2476 4335 2563 4389 ἐπ’
2612 4338 2855 4408 ἐσχάτων
2912 4339 3136 4410 ἡμερῶν
3184 4341 3409 4411 ἔμελλεν
3452 4340 3625 4394 ἐλθεῖν
3674 4342 3701 4391 δ

450 4418 602 4480 ﬁeret
631 4421 845 4475 victima
884 4439 981 4493 pro
1012 4426 1184 4481 salute
1212 4431 1415 4494 mundi,
1442 4433 1565 4498 jure
1596 4436 1899 4507 meritoque
1937 4440 2023 4495 illa

2132 4426 2385 4497 Χριστὸς,
2422 4427 2510 4481 ἵνα
2538 4427 2764 4499 γένηται
2792 4431 2824 4499 ή
2853 4430 2994 4500 ὑπὲρ
3019 4430 3119 4501 τῆς
3142 4431 3238 4484 τοῦ
3282 4432 3493 4501 κόσμου
3529 4448 3699 4501 σωτη-

448 4510 580 4564 hora
630 4511 830 4581 Danieli
882 4518 1133 4585 apparuit
1177 4519 1340 4573 etiam
1404 4522 1656 4592 Gabriel,
1705 4529 2025 4586 inhumana-

447 4600 608 4661 tionis
636 4601 791 4658 Verbi
824 4610 1042 4662 nuntius
1061 4622 1123 4662 ac
1148 4622 1343 4677 praeco.

500 4772 667 4829 Vens.
694 4776 787 4831 ει.
820 4797 838 4830 ι
869 4781 1164 4852 Obsiguarc
1200 4798 1439 4855 peccata.
1481 4809 1502 4843 ι

525 4867 742 4924 Christo
797 4874 1121 4932 adventante
1180 4892 1458 4946 peccatum
1515 4887 1696 4941 mundi
1767 4889 2015 4948 solvitur.

440 4959 574 5019 Cum
614 4962 757 5016 enim
789 4963 1037 5021 Christus
1058 4970 1354 5036 advenerit,
1391 4989 1494 5028 non
1533 4978 1767 5047 amplius
1818 4996 2016 5045 εοειιιιε-

440 5050 568 5106 dum
593 5052 761 5123 legem
812 5070 877 5109 ac
926 5060 1216 5127 prophetas
1244 5065 1632 5136 ambulabunt;
1690 5070 1812 5126 linis
1871 5077 2013 5128 enim

443 5142 577 5209 lt-gis
621 5154 705 5196 est
742 5143 995 5208 Christus
1029 5148 1049 5179 ⁸
1083 5150 1146 5203 ad
1176 5151 1461 5220 justitiam.
1498 5156 1602 5219 Per
1649 5163 1873 5228 Spil'illls
1919 5166 2016 5217 ad—

441 5243 659 5287 ventum
709 5235 1002 5293 Christiani
1038 5241 1390 5312 obsignantur
1423 5257 1476 5302 et
1500 5251 1564 5302 ad
1599 5251 1882 5323 itnagiuettt
1909 5254 2014 5323 (di-

441 5325 644 5395 vinam)
684 5340 1029 5387 renovantur.
1082 5332 1185 5387 Per
1238 5350 1431 5405 aquam
1473 5342 1754 5410 mysticam
1793 5356 2009 5412 peccata

435 5415 747 5479 abluuntur.
808 5420 912 5475 Per
991 5425 1360 5492 pteuitentiam
1421 5433 1790 5489 reconciliatio
1846 5446 2008 5505 atque

436 5507 594 5560 venia
625 5520 969 5576 peccatorum
995 5528 1362 5585 recuperatur,
1398 5522 1559 5588 etqtti
1597 5524 1730 5594 legis
1757 5528 2013 5594 Operihtts

439 5595 722 5669 iustiﬁcari
789 5618 893 5657 non
944 5609 1132 5674 potuit,
1166 5608 1275 5674 jam
1320 5626 1417 5680 per
1456 5614 1610 5669 iidem
1655 5617 2006 5686 justiﬁeatur.

514 5711 532 5743 ³
552 5710 707 5774 Joan.
740 5731 828 5777 xx.
854 5717 942 5776 29.
1014 5721 1034 5751 ⁸
1056 5720 1212 5784 Rom.
1241 5740 1292 5787 Χ,
1322 5724 1373 5785 xi.

2129 4518 2250 4587 ρίας
2289 4516 2450 4570 θυσία
2475 4557 2489 4581 ,
2525 4518 2755 4583 εἰκότως
2806 4518 2901 4574 καὶ
2941 4522 2969 4574 ὁ
3013 4521 3255 4594 Γαϐριὴλ
3304 4521 3531 4593 τοιαύτῃ
3583 4520 3697 4592 ὥρα

2126 4609 2281 4680 ὤφθη
2316 4610 2391 4682 τῷ
2416 4612 2639 4680 Δανιὴλ,
2667 4614 2695 4664 ὁ
2723 4613 2823 4683 τῆς
2850 4613 2941 4667 τοῦ
2976 4614 3150 4684 Λόγου
3183 4598 3518 4687 σαρκώσεως
3538 4615 3698 4683 εὐαγ-

2123 4701 2381 4773 γελιστὴς
2419 4705 2514 4757 καὶ
2545 4704 2741 4775 κήρυξ.

2200 4814 2219 4846 ι
2255 4794 2565 4864 Σφραγίσαι
2599 4796 2896 4868 ἁμαρτίας.
2936 4815 2955 4849 ι

2191 4886 2429 4957 Χριστοῦ
2466 4889 2905 4960 παραγινομένου
2931 4888 3121 4943 λύεται
3155 4891 3189 4960 ἡ
3220 4888 3469 4961 ἁμαρτία
3495 4887 3587 4943 τοῦ
3607 4887 3695 4941 κόν

2125 4996 2288 5049 σμου.
2320 5010 2390 5022 -
2430 4979 2670 5050 Χριστοῦ
2705 4980 2814 5050 γὰρ
2861 4981 3111 5047 ἐλθόντος
3157 4981 3343 5043 οὐκέτι
3374 4981 3525 5051 νόμῳ
3554 4996 3696 5039 στοι-

2120 5072 2280 5141 χοῦσι
2312 5074 2408 5125 καὶ
2439 5073 2724 5144 προφήτῃο
2775 5073 2932 5137 τέλος
2968 5074 3078 5144 γὰρ
3126 5073 3294 5144 νόμου
3336 5072 3573 5144 Χριστὸς
3616 5073 3694 5135 εἰς

2118 5164 2490 5235 δικαιοσύνην.
2522 5194 2592 5204 —-
2640 5165 2741 5219 Διὰ
2786 5166 2887 5235 τῆς
2916 5166 3011 5219 τοῦ
3044 5167 3366 5238 Πνεῦματος
3408 5166 3694 5237 ἐπιφοιτή-

2120 5274 2256 5317 σεως
2298 5258 2691 5327 σφραγίζονται
2736 5260 2785 5311 οἱ
2828 5261 3182 5330 Χριστιανοὶ,
3216 5259 3693 5330 ἀνακαινιζὸμενοι

2118 5349 2198 5409 εἰς
2245 5348 2304 5401 τὸ
2349 5349 2468 5401 κατ’
2523 5350 2731 5413 εἰκόνα,
2779 5380 2846 5389 -
2894 5351 2995 5405 Διὰ
3043 5352 3137 5406 τοῦ
3197 5350 3463 5423 μυστικοῦ
3504 5352 3695 5414 ὕδατος

2118 5439 2510 5508 ἁπαλείφονται
2550 5442 2606 5494 αἱ
2639 5442 2926 5513 ἁμαρτίαι.
2946 5474 3017 5484 -
3037 5443 3135 5497 Διὰ
3161 5445 3449 5514 μετανοίας
3471 5442 3694 5511 ίλασμὸς

2119 5534 2214 5583 καὶ
2253 5535 2602 5602 συγχώρησις
2631 5534 2842 5601 γίνεται
2890 5534 3178 5606 ἁμαρτιῶν
3205 5576 3219 5600 ,
3254 5536 3352 5590 καὶ
3379 5534 3685 5590 δικαιοῦται

2117 5642 2199 5686 τις
2228 5626 2291 5677 ἐκ
2331 5624 2565 5686 πίστεως
2593 5625 2620 5676 ὁ
2653 5623 2727 5693 μὴ
2750 5624 3000 5694 δυνηθεὶς
3029 5624 3088 5690 ἐξ
3118 5625 3293 5696 ἔργων
3336 5614 3692 5698 δικαιωθῆναι
