4038 6148
398 261 528 327 13ῖ7

1483 267 1946 329 FRAGMENTA
1983 271 2067 332 IN
2110 273 2526 340 DANIELEM.

3497 279 3632 344 1373

395 375 582 442 νόμου.
611 369 828 442 Ἀγιος,
868 370 1022 440 ἅγιος
1047 371 1078 424 6
1101 364 1362 440 Χριστὸς,
1383 369 1672 442 χριόμενος
1690 371 1966 441 οίκονομι·

2080 375 2326 443 Sanctus,
2381 389 2602 436 sanctus
2648 381 2894 437 Christus
2947 382 3062 452 qui,
3114 381 3275 438 homo
3309 381 3503 449 factus,
3531 400 3622 440 se-
3683 367 3691 372 ’

393 464 506 528 κῶς
533 462 624 517 διὰ
647 462 747 534 τὴν
775 464 978 536 σάρκα.

469 574 490 607 ι
539 555 1086 628 Ἐξολοθρευθήσεται
1111 555 1342 626 χρίσμα.
1377 571 1398 606 ι

461 649 648 703 Ταῦτα
681 650 761 712 εἰς
796 647 889 703 τδν
925 647 1299 718 Ἀντίχριστον
1323 647 1447 717 ὁρᾷ,
1477 645 1537 709 ὃς
1571 645 1712 716 μετὰ
1743 645 1842 716 τὴν
1874 645 1968 700 τοῦ

392 739 631 810 Χριστοῦ
663 740 990 812 παρουσίαν,
1034 739 1121 792 ἐπ’
1156 737 1394 807 ἐσχάτην
1422 736 1532 791 τῶν
1569 735 1816 808 ἡμερῶν,
1840 737 1971 790 οὑκ-

395 831 476 885 έτι
501 833 568 903 ἐᾷ
590 831 916 903 Χριστιανὸν
952 830 1178 900 ποιῆσαι
1201 827 1509 899 βάπτισμα.

469 941 489 975 ι
538 924 627 976 Ἐν
655 921 1046 992 κατακλυσμῷ.
1099 939 1120 974 ι

469 1013 874 1084 Κατακλυσμδν
893 1013 1041 1080 λέγει
1069 1011 1131 1065 τὸ
1155 1009 1360 1082 πλῆθος
1381 1010 1475 1065 τοῦ
1493 1011 1646 1074 δντος
1675 1011 1804 1064 λαοῦ
1835 1011 1972 1082 μετὰ

402 1107 496 1160 τοῦ
545 1105 937 1175 ’Δντιχρίστου,
967 1101 1077 1156 τῶν
1114 1101 1494 1173 πολεμούντων
1520 1104 1633 1166 τοῖς
1657 1101 1833 1172 ἁγίοις
1867 1103 1972 1166 ἓως

399 1196 500 1266 τῆς
523 1194 856 1256 συντελείας.

497 1289 849 1358 «Δυναμὼσει
875 1281 1137 1354 διαθήκην
1173 1281 1388 1348 πολλοῖς
1422 1282 1656 1354 ἑϐδομὰς
1687 1283 1804 1354 μία.
1842 1300 1862 1334 ι

467 1463 636 1518 Τοῦτο
675 1462 824 1532 λέγει
855 1462 941 1515 ὅτι
973 1460 1201 1524 πολλοὺς
1251 1460 1358 1514 τῶν
1405 1459 1678 1514 Ἰουδαίων
1723 1460 1820 1514 καὶ
1864 1459 1970 1512 τῶν

404 1555 606 1610 πιστῶν
637 1554 854 1625 ἔχουσιν
877 1553 929 1606 οἱ
960 1552 1090 1622 περὶ
1127 1549 1316 1620 Ἑνὼχ.
1353 1553 1540 1604 πεῖσαι
1575 1549 1652 1622 μὴ
1678 1549 1970 1620 πεισθῆναι

397 1649 476 1715 τῳ
517 1643 728 1712 πλάνῳ,
785 1641 922 1695 ἀλλὰ
968 1639 1358 1710 δυναμωθῆναι
1413 1641 1494 1702 είς
1536 1638 1596 1692 τὸ
1651 1639 1969 1709 ἀντιστῆναι

2071 467 2305 522 cundum
2327 485 2524 540 corpus
2547 483 2745 528 unctus
2774 483 2877 528 est.

2137 557 2306 614 Vsus.
2327 561 2418 616 26.
2451 579 2471 614 ι
2509 562 2872 632 AbrOgabitur
2897 563 3100 618 unctio.
3137 583 3158 616 ι

2134 646 2259 704 llzec
2287 651 2353 704 ad
2396 651 2788 706 Antichristum
2835 663 3098 722 spectant,
3138 655 3228 720 qui
3263 662 3384 722 post
3432 655 3636 712 Christi

2076 737 2390 806 adventum,
2423 742 2524 796 sub
2557 742 2713 798 ﬁnem
2742 743 2972 811 dierum,
3007 745 3148 800 haud
3177 747 3408 816 amplius
3469 749 3640 818 bapti-

2071 832 2182 883 zari
2209 833 2492 898 quemdam
2524 834 2776 902 patietur.

2136 938 2155 970 ι
2198 923 2254 975 In
2277 921 2493 977 diluvio.
2526 941 2546 976 ι

2127 1011 2394 1067 Diluvium
2421 1015 2554 1070 dicit
2610 1017 3002 1074 multitudinem
3033 1017 3202 1086 plebis
3235 1034 3357 1089 qute
3385 1018 3490 1074 erit
3513 1034 3636 1074 cum

2073 1103 2424 1170 Anticliristo,
2455 1117 2507 1160 et
2537 1123 2657 1178 qua.-
2700 1107 2896 1163 bellum
2928 1117 3080 1178 geret
3111 1109 3372 1164 adversus
3420 1121 3637 1166 sanctos

2076 1195 2340 1258 usquead
2394 1199 2938 1252 consumtuatiOnem.

2129 1279 2292 1336 VFRS.
2329 1283 2419 1338 27.
2457 1302 2476 1334 ι
2517 1283 2812 1340 Roborabit
2876 1285 3052 1342 ftedns
3107 1287 3291 1343 multis
3339 1289 3640 1358 septimana

2074 1385 2198 1424 una.
2241 1389 2260 1423 ι

2123 1463 2236 1516 lloc
2259 1465 2389 1517 dicit
2431 1466 2570 1533 quod
2601 1464 2784 1521 Enoch
2830 1467 3013 1522 turritis
3058 1465 3258 1522 Judrcis
3300 1479 3355 1522 et
3397 1467 3645 1525 ﬁdelibus
3689 1474 3709 1482 '

2075 1553 2440 1621 persuadebit,
2483 1565 2634 1610 utne
2673 1557 2946 1625 deceptori
2993 1559 3383 1628 obsequantur,
3425 1560 3518 1614 sed
3573 1564 3640 1612 ad

2076 1643 2431 1699 resistendum
2457 1646 2506 1700 ei
2549 1661 2671 1701 sese
2705 1651 3006 1720 aCCingant.
3071 1648 3438 1719 septimanam
3476 1665 3638 1703 unam

398 1734 568 1806 αὐτῷ.
609 1765 678 1776 -
718 1731 1025 1804 Ἐὄδομάδα
1063 1730 1192 1802 μίαν
1229 1730 1376 1799 λέγει
1404 1731 1472 1784 τὰ
1520 1729 1662 1784 ἑπτὰ
1690 1729 1808 1802 ἐτη,
1847 1725 1969 1804 ἐνῇ

2080 1733 2203 1788 dicit
2240 1743 2442 1802 septem
2468 1751 2660 1803 annos,
2691 1719 2906 1807 quando
2945 1739 3088 1794 Elias
3114 1749 3170 1794 et
3202 1739 3382 1794 Euoch
3417 1741 3635 1794 venient

411 1827 597 1890 Ἠλίας
627 1826 722 1880 καὶ
761 1822 932 1894 Ἐνὼχ
958 1821 1226 1894 ἔρχονται,
1261 1822 1354 1874 καὶ
1381 1809 1604 1892 μενοῦσι
1641 1822 1768 1892 τρία
1793 1823 1967 1892 ἣμισυ

399 1918 494 1990 ἐτη
509 1933 524 1946 ·
543 1919 638 1971 καὶ
657 1915 873 1987 ἔρχεται
893 1915 922 1966 6
955 1912 1318 1982 Ἀντίχριστος
1342 1913 1436 1964 καὶ
1458 1911 1710 1981 φονεύσει
1733 1910 1930 1974 αὐτούς
1948 1926 1964 1944 ο

400 2009 499 2064 καὶ
535 2009 687 2079 μένει
723 2006 818 2060 καὶ
847 2005 1011 2067 αὐτὸς
1045 2003 1180 2058 ἄλλα
1211 2003 1339 2074 τρία
1366 2003 1538 2074 ἥμισυ
1569 2002 1664 2073 ἔτη
1685 2021 1698 2033 ·
1732 2002 1827 2056 καὶ
1847 2003 1970 2055 τότε

399 2101 520 2172 ἥξει
553 2100 582 2152 6
611 2097 845 2168 Χριστὸς
870 2133 885 2159 ,
925 2095 1080 2158 τέλος
1126 2093 1492 2164 λαμϐάνοντος
1517 2093 1612 2147 τοῦ
1639 2091 1854 2156 αἰῶνος.
1901 2123 1970 2132 -

401 2189 502 2245 Διὰ
541 2191 726 2244 Ἠλίαν
759 2189 904 2256 λέγει
939 2185 1034 2241 καὶ
1077 2185 1281 2256 Ἑνὼχ,
1311 2184 1441 2254 περὶ
1471 2177 1543 2238 ὧν
1571 2185 1665 2239 καὶ
1721 2185 1970 2254 Ἰωάννης

401 2279 554 2336 εἶπεν
597 2284 655 2334 ὲν
709 2283 774 2352 τῇ
821 2276 1223 2346 Ἀποκαλύψει,
1283 2275 1396 2330 Καὶ
1447 2273 1618 2330 δώσω
1653 2275 1778 2342 τοῖς
1827 2275 1972 2330 δυσί

394 2374 662 2444 μάρτυσι
682 2389 802 2442 μου
822 2388 836 2402 ⁸
869 2369 968 2424 καί
993 2369 1488 2440 προφητειζσουσι
1525 2367 1752 2438 ἡμέρας
1771 2368 1972 2436 χιλίας

402 2466 497 2530 σε’
531 2461 1016 2534 περιϐεϐλημένοι
1047 2458 1338 2524 σάκκους.

1019 2551 1272 2604 ΚΕΦΑΛ.
1301 2550 1356 2605 Ῑ’.

480 2665 499 2697 ι
543 2645 745 2715 Ἀρτον
773 2641 874 2696 οὐκ
910 2640 1136 2708 ἔφαγον.
1175 2657 1194 2690 ι

481 2738 734 2790 Διδάσκει
765 2737 793 2788 ὁ
823 2735 1111 2806 προφήτης
1137 2731 1219 2785 ὅτι
1243 2728 1453 2824 μεγάλη
1484 2729 1653 2824 ἁρετὴ
1690 2729 1972 2824 η-νηστεία

403 2831 496 2883 καὶ
521 2831 554 2899 ή
589 2824 928 2880 κακοπάθεια
964 2825 1061 2877 σὺν
1089 2823 1394 2892 προσευχῇ,
1425 2821 1491 2874 δι’
1517 2814 1590 2876 ὧν
1615 2814 1970 2886 τις’ἀξιοῦται

403 2922 497 2974 καὶ
528 2917 802 2972 ὀπτασιῶν
833 2915 944 2968 ἐσθ’
970 2916 1081 2968 ὅτε.

481 3032 501 3064 ι
560 3011 722 3081 Ἀνὴρ
743 3005 821 3072 εἷς
849 3005 1200 3076 ἐνδεδυμένος
1229 3005 1428 3076 βαδδίν.
1467 3023 1486 3056 ι

2074 1833 2128 1878 et
2153 1827 2445 1880 manebunt
2475 1835 2583 1881 tres
2608 1842 2777 1883 annos
2807 1837 2861 1882 et
2889 1831 3167 1884 dimidium
3191 1847 3206 1896 ;
3239 1840 3293 1884 et
3322 1829 3498 1885 veniet
3527 1831 3643 1884 An-

2079 1912 2374 1980 tichristus,
2405 1931 2606 1985 eosque
2640 1917 2942 1984 interﬁciet,
2993 1935 3058 1973 ac
3086 1920 3324 1975 manebit
3363 1921 3478 1990 ipse
3511 1935 3644 1989 quo-

2075 2000 2180 2071 que
2207 2010 2315 2058 tres
2343 2020 2516 2060 annos
2541 2017 2594 2061 et
2620 2005 2902 2062 dimidium
2936 2024 2951 2073 ;
2977 2007 3212 2078 denique
3238 2023 3364 2064 vero
3395 2009 3643 2064 adveniet

2075 2093 2349 2160 Christus,
2379 2103 2540 2166 atque
2587 2107 2715 2153 tunc
2739 2098 2993 2153 saeculum
3019 2098 3086 2154 ad
3133 2099 3296 2153 ﬁnem
3329 2108 3531 2168 verget.
3562 2096 3644 2153 Ob

2077 2181 2244 2238 Eliam
2292 2193 2345 2238 et
2381 2183 2562 2240 Enocli
2595 2186 2711 2242 haec
2758 2188 2909 2254 dicit,
2959 2189 3024 2242 de
3052 2190 3246 2258 quibus
3291 2189 3453 2242 etiam
3480 2185 3646 2241 Joan-

2077 2288 2172 2328 nes
2205 2275 2256 2327 in
2287 2274 2628 2346 Apocalypsi,
2647 2276 2714 2330 Et
2744 2277 2901 2341 dabo,
2939 2279 3133 2348 inquit,
3163 2277 3362 2331 duobus
3399 2277 3646 2346 martyri-

2077 2366 2171 2419 bus
2198 2365 2347 2430 meis,
2379 2375 2429 2419 et
2457 2367 2836 2433 prophetabunt
2862 2369 2974 2423 die:
3009 2369 3152 2422 mille
3194 2369 3442 2422 ducentos
3492 2381 3646 2421 sexa-

2075 2453 2238 2522 ginta,
2269 2454 2432 2508 sacct's
2462 2455 2628 2508 induti
2645 2455 2688 2511 ⁸.
3080 2460 3084 2461 ⁷

2245 2559 2249 2563 ‘
2739 2546 2891 2602 CAP.
2921 2549 2991 2604 X.

2131 2637 2294 2692 Vsus.
2323 2638 2378 2692 3.
2415 2655 2434 2689 ι
2469 2636 2668 2693 Panem
2701 2654 2804 2695 non
2835 2641 3203 2698 comederunt.
3237 2662 3256 2694 ι

2149 2727 2414 2800 Propheta
2431 2729 2591 2786 docet
2626 2745 2872 2803 magnam
2893 2747 3012 2788 esse
3037 2734 3286 2790 virtutem
3313 2737 3571 2808 jejunium
3591 2753 3646 2798 et

2079 2820 2340 2873 malorum
2371 2819 2682 2890 patientiam
2735 2823 2986 2892 precibus
3029 2825 3392 2895 coniunctam,
3449 2832 3646 2902 quibus

2082 2920 2468 2980 nonnunquam
2505 2911 2702 2980 aliquis
2739 2912 3034 2968 visionibus
3063 2915 3258 2980 dignus
3291 2918 3538 2977 habetur.

2151 2999 2312 3056 Vens.
2349 3001 2402 3056 5.
2445 3019 2463 3053 ι
2504 3000 2599 3056 Vir
2625 3017 2763 3058 unus
2785 3004 3001 3060 indutus
3029 3005 3248 3062 baddin.
3295 3027 3314 3060 ι

476 3105 548 3157 Τὸ
581 3063 805 3166 βαδδέν
837 3099 1080 3152 ποικίλον
1118 3097 1377 3168 σημαίνει
1409 3097 1612 3168 χιτῶνα
1635 3135 1650 3161 ,
1681 3092 1784 3152 οἶοί
1831 3099 1969 3150 εἰσιν

2145 3089 2358 3146 Baddin
2397 3093 2668 3163 signiﬁcat
2703 3104 2907 3149 vestem
2939 3096 3098 3161 ,varie
3152 3097 3483 3170 distinctam,
3512 3116 3646 3173 qua-

402 3202 449 3253 oi
485 3196 670 3250 πιστοὶ
700 3195 750 3248 oi
781 3195 839 3246 ὲν
876 3189 956 3262 τῷ
999 3189 1226 3260 ποικίλῳ
1255 3189 1364 3242 τῶν
1401 3189 1611 3260 ἀρετῶν
1641 3189 1971 3260 διαπρέπον-

403 3306 514 3353 τες,
546 3285 639 3348 οὓς
673 3285 701 3336 6
729 3280 962 3354 Χριστὸς
989 3282 1146 3350 φορεῖ
1172 3278 1246 3341 ὡς
1277 3279 1512 3348 ἱμάτιον.
1537 3302 1606 3318 -ι-
1647 3278 1974 3350 Ἐνδυσάμε-

405 3399 492 3441 νος
530 3379 656 3440 τοὺς
695 3374 918 3436 πιστοὺς
967 3374 994 3426 ὁ
1030 3371 1202 3436 Θεὸς,
1251 3371 1608 3442 περισφίγγει
1655 3371 1854 3434 αὐτοὺς
1895 3370 1972 3442 τῷ

407 3468 722 3538 Εὖαγγελίω
751 3466 826 3536 τῷ
859 3465 1028 3534 τιμίῳ
1075 3463 1170 3518 καὶ
1215 3460 1469 3535 καθαρῷ,
1512 3461 1652 3515 ὥστε
1687 3463 1973 3517 πιστεῦσαι

407 3561 486 3624 εἰς
515 3560 611 3629 τὴν
643 3557 968 3612 ἀνάστασιν·
995 3551 1138 3622 ὀφὰζ
1167 3553 1275 3624 γὰρ
1297 3551 1662 3624 ἑρμηνεύεται
1692 3555 1972 3623 καθαρόν.

485 3671 504 3704 ι
539 3649 614 3702 Τὸ
645 3648 936 3720 πρόσωπον
963 3644 1128 3698 αὐτοῦ
1159 3643 1290 3696 ὡσεὶ
1314 3645 1504 3714 ὅρασις
1529 3645 1838 3714 ἀστραπῆς.
1879 3663 1898 3696 ι

489 3743 578 3804 Ὠς
611 3737 798 3810 κριτοῦ
825 3736 1093 3806 αὐστηρόν
1120 3737 1236 3788 ἐστι
1261 3733 1322 3787 τὸ
1348 3734 1640 3806 πρόσωπον
1669 3734 1763 3786 καὶ
1793 3732 1976 3804 πυρῶ-

406 3838 494 3900 δες
515 3853 526 3864 ·
555 3832 701 3886 κατὰ
732 3831 838 3900 γὰρ
875 3827 968 3880 τοῦ
1015 3825 1392 3894 ἀντικειμένου
1447 3823 1742 3878 καυστικδν
1770 3827 1904 3896 ὁρᾷ·
1940 3824 1974 3896 ἢ

407 3929 490 3979 ὅτι
535 3925 749 3995 πλήρης
795 3919 868 3973 ὣν
922 3915 1236 3986 Πνεύματος
1287 3915 1441 3984 ἁγίου
1473 3953 1487 3979 ,
1537 3915 1606 3968 τὰ
1659 3915 1718 3967 ὲν
1769 3915 1973 3989 καρδίᾳ

411 4017 580 4090 ἑώρα.
607 4043 676 4055 -—
707 4014 771 4066 υἱ
799 4009 1076 4081 βραχίονες
1102 4006 1172 4058 τὰ
1200 4005 1312 4060 ἄνω
1338 4007 1478 4076 μέρη
1509 4004 1782 4074 δηλοῦσιν,
1809 4007 1838 4060 ὃ
1861 4007 1976 4059 ὲστι

409 4111 536 4173 τοὺς
569 4105 920 4178 προπάτορας
953 4116 968 4133 δ
997 4099 1066 4152 τὰ
1105 4098 1162 4150 δὲ
1199 4097 1364 4166 σκέλη
1389 4136 1404 4160 ,
1433 4098 1558 4160 τοὺς
1585 4096 1680 4150 νῦν
1720 4097 1940 4160 πιστούς
1959 4113 1973 4129 ·

414 4203 512 4274 μία
539 4201 649 4272 γὰρ
673 4201 708 4270 ἡ
735 4197 844 4250 τῶν
867 4191 1225 4266 προπατόρων
1256 4189 1404 4259 καὶὴ
1437 4187 1544 4240 τῶν
1577 4185 1671 4241 νῦν
1697 4187 1869 4254 τάξις.

489 4393 509 4428 ι
558 4367 918 4438 ’Υπελενίφθην
950 4366 1130 4437 μόνος.
1173 4382 1189 4415 ι

485 4471 546 4522 Οί
583 4467 692 4536 γὰρ
720 4463 938 4518 ἄπιστοι
979 4459 1038 4512 οὐ
1087 4455 1388 4526 γνώσονται
1429 4454 1521 4506 τὸν
1559 4451 1812 4523 Χριστὸν,
1848 4450 1982 4506 ἀλλὰ

416 4560 703 4632 φεύξονται
727 4573 740 4586 ·
771 4555 820 4608 οἱ
849 4553 905 4606 δὲ
933 4549 1114 4602 πιστοὶ
1141 4549 1364 4617 ὄψονται
1397 4545 1580 4609 αὑτὸν,
1623 4541 1982 4613 φωτιζόμενοι

416 4651 506 4706 ὑπ’
539 4648 726 4714 αὑτοῦ,
757 4645 832 4708 ὡς
869 4645 961 4696 καὶ
992 4644 1020 4693 6
1044 4639 1236 4702 πιστὸς
1267 4634 1487 4706 Δανιήλ.

489 4763 507 4794 ι
550 4742 680 4795 Ἰδοὺ
711 4739 831 4808 χεὶρ
860 4732 1144 4802 ἁπτομένη
1171 4747 1293 4800 μου.
1331 4747 1350 4779 ι

495 4835 555 4888 ῚΙ
584 4835 704 4904 χεὶρ
737 4827 992 4900 σημαίνει
1023 4825 1120 4892 τὴν
1155 4826 1218 4875 ἐκ
1261 4821 1461 4892 μέρους
1491 4815 1694 4887 γνῶσιν
1724 4817 1823 4886 τῆς
1848 4817 1983 4888 ἁλη-

415 4927 563 4988 Οείας
584 4929 682 4994 τὴν
697 4913 1354 4988 εὐαγγελικήν.-Αὐτὸς
1371 4911 1481 4982 γάρ
1513 4912 1659 4964 ἐστιν
1685 4913 1714 4964 6
1739 4909 1976 4980 Χριστὸς

409 5023 438 5073 6
477 5017 684 5088 μέλλων
733 5009 1036 5078 ἀναστῆσαι
1071 5007 1179 5058 πᾶν
1217 5005 1276 5056 τ’)
1302 5003 1410 5056 τῶν
1453 5001 1756 5076 ἀνθρώπων
1796 5002 1976 5070 γένος.

492 5127 510 5159 ι
560 5103 939 5171 Ἦκούσθησαν
969 5101 1018 5152 οἱ
1049 5097 1198 5164 λόγοι
1239 5112 1355 5148 σου.
1395 5112 1414 5144 ι

499 5197 718 5264 Ἐπειδὴ
739 5191 982 5263 ἠκούσθη
1016 5191 1050 5258 ἡ
1077 5185 1260 5252 δέησίς
1291 5203 1407 5251 σου,
1443 5184 1584 5238 ὥστε
1611 5182 1980 5252 ἀποσταλῆναι

415 5293 508 5347 τὸν
552 5288 712 5352 λαὸν,
755 5283 918 5354 βουλὴ
947 5281 1164 5349 ἐγένετο
1213 5279 1341 5348 περὶ
1371 5276 1561 5329 τούτου
1583 5291 1596 5304 ο
1629 5275 1724 5328 καὶ
1763 5275 1981 5328 πάντων

419 5383 704 5450 λεγόντων,
729 5377 821 5446 Μὴ
854 5371 1130 5441 ἀποσταλῇ
1159 5368 1349 5434 ὁλαὸς,
1378 5368 1538 5437 μόνος
1559 5369 1584 5420 ὁ
1605 5364 1822 5436 Μιχαὴλ
1855 5366 1982 5420 ἀντ-

418 5477 573 5542 έστη,
603 5471 662 5533 ὃς
690 5467 857 5540 ἦρχεν
879 5465 1031 5536 ὑμῶν
1060 5468 1116 5518 ὲν
1145 5464 1214 5533 γῇ
1247 5461 1546 5532 Αἰγύπτου.

490 5671 513 5700 ⁵
546 5671 712 5734 Apoc.
749 5679 822 5718 tu.
855 5665 898 5715 3.

2077 3181 2152 3236 les
2171 3193 2300 3236 sunt
2332 3183 2505 3238 sancti
2537 3184 2703 3240 variis
2732 3186 3020 3241 virtutibus
3059 3188 3456 3260 prrefulgentes,
3506 3209 3642 3264 quos

2074 3271 2320 3328 Christus
2371 3273 2675 3329 vestimenti
2728 3273 2904 3331 instar
2945 3288 3144 3346 gestat.
3179 3277 3322 3335 Deus
3350 3281 3534 3338 ﬁdeles
3564 3285 3648 3338 in-

2074 3360 2256 3428 dutus,
2305 3362 2678 3418 circumvolvit
2711 3379 2804 3420 eos
2836 3369 3142 3423 venerando
3194 3385 3435 3440 puroque
3467 3375 3644 3429 Evan—

2074 3449 2231 3518 gelio,
2265 3461 2322 3506 ut
2371 3453 2426 3506 in
2465 3454 2919 3510 resurrectionem
2972 3457 3214 3514 credant.
3264 3459 3450 3525 Ophaz
3497 3466 3642 3518 enim

2076 3539 2342 3609 signiﬁcat
2371 3558 2584 3610 purum.

2157 3625 2316 3678 Vsus.
2355 3627 2406 3682 6.
2445 3645 2464 3678 ι
2507 3624 2695 3685 Facies
2724 3629 2842 3700 ejus
2865 3631 3010 3688 velut
3040 3646 3294 3706 aspectus
3335 3639 3578 3711 fulguris.
3621 3662 3642 3696 ι

2147 3715 2395 3784 Utjudex
2439 3733 2685 3775 severam
2718 3723 2877 3778 habet
2910 3735 2965 3780 et
3005 3729 3160 3796 quasi
3217 3729 3530 3788 fulmineam
3571 3735 3648 3790 fa-

2076 3805 2212 3859 ciem
2245 3823 2261 3872 ;
2289 3822 2412 3860 nam
2435 3819 2622 3864 contra
2647 3811 3015 3868 adversarium
3032 3817 3217 3886 igneos
3236 3823 3500 3876 convertit
3519 3839 3650 3878 ocu.

2077 3893 2156 3949 los
2181 3911 2196 3961 ;
2221 3899 2460 3966 autquia
2488 3897 2690 3968 Spiritu
2713 3913 2904 3957 sancto
2946 3905 3180 3972 repletus
3246 3909 3390 3964 videt
3434 3925 3554 3981 qua:
3595 3915 3647 3968 in

2077 3987 2242 4042 corde
2271 3997 2415 4042 sunt.
2447 3985 2675 4044 Brachia
2727 3991 3034 4062 signiﬁcant
3065 3997 3308 4051 membra
3339 4002 3643 4068 superiora,

2079 4078 2132 4133 id
2165 4089 2268 4143 est,
2311 4078 2564 4150 majores,
2616 4083 2820 4137 femora
2867 4092 3048 4139 autetn
3091 4100 3187 4142 eos
3237 4089 3328 4158 qui
3389 4107 3532 4148 nunc
3567 4095 3645 4148 vi-

2081 4181 2250 4224 vnnt:
2281 4170 2541 4239 majorum
2567 4175 2709 4228 enim
2748 4184 2802 4230 et
2832 4191 2976 4231 nunc
2999 4176 3292 4237 viventium
3323 4197 3460 4242 unus
3481 4185 3648 4242 idem-

2081 4275 2184 4328 que
2213 4271 2298 4317 est
2325 4262 2478 4316 ordo.

2155 4349 2320 4407 Vsus.
2350 4351 2403 4408 8.
2442 4371 2462 4404 ι
2505 4351 2742 4410 Relictus
2769 4371 2884 4411 sum
2913 4353 3077 4414 solus.
3122 4379 3141 4413 ι

2156 4441 2407 4500 lnﬁdeles
2458 4445 2602 4499 enim
2645 4447 2919 4504 Christum
2977 4465 3080 4506 non
3153 4464 3501 4523 cognoscent,
3551 4459 3644 4512 sed

2085 4539 2394 4609 aulugient;
2430 4540 2616 4596 ﬁdeles
2649 4557 2794 4610 vero,
2828 4545 3130 4601 collustrati
3160 4547 3227 4601 ab
3255 4561 3342 4612 eo,
3371 4549 3447 4604 uti
3481 4549 3645 4604 etiam

2085 4629 2270 4688 Daniel
2299 4634 2490 4701 ﬁdelis,
2520 4651 2644 4691 eum
2667 4638 2947 4694 videbunt.

2155 4719 2320 4779 Vsus.
2353 4725 2440 4781 10.
2475 4747 2494 4779 ι
2529 4725 2670 4783 Ecce
2693 4745 2884 4784 manus
2915 4745 3031 4784 mea
3071 4739 3314 4800 tangens.
3353 4751 3373 4783 ι

2153 4817 2342 4872 Manus
2381 4819 2585 4874 indicat
2651 4821 3011 4889 evangelicam
3077 4836 3194 4890 quae
3249 4837 3314 4876 ex
3363 4831 3516 4891 parte
3571 4823 3650 4884 ﬁt,

2081 4907 2329 4960 veritatis
2387 4907 2768 4976 cognitionem.
2818 4905 2936 4978 Ipse
2997 4909 3138 4964 enim
3195 4909 3446 4966 Christus
3493 4925 3652 4966 outne

2083 4996 2358 5052 hominum
2389 5012 2556 5066 genus
2585 4999 2948 5054 resuscitabit.

2148 5085 2313 5142 Vens.
2350 5087 2438 5140 12.
2471 5104 2490 5138 ι
2527 5087 2722 5142 Audita
2756 5097 2882 5142 sunt
2906 5088 3068 5142 verba
3094 5097 3205 5143 tua.
3242 5108 3261 5140 δ

2157 5173 2366 5232 Auditis
2393 5177 2646 5246 precibus
2681 5192 2816 5246 quas
2859 5193 2957 5248 pro
2988 5179 3304 5235 dimittendo
3347 5180 3544 5250 populo
3573 5179 3642 5234 fc-

2091 5269 2234 5332 tristi,
2275 5267 2556 5323 consilium
2589 5270 2688 5322 hac
2725 5268 2792 5324 de
2818 5285 2876 5322 re
2907 5270 3148 5322 habitum
3173 5279 3276 5335 est,
3304 5281 3500 5325 etcum
3535 5285 3655 5323 om-

2091 5373 2207 5422 ues,
2234 5359 2313 5416 Nc
2334 5355 2634 5411 dimittatur
2654 5357 2904 5426 populus,
2936 5357 3220 5424 dixissent,
3251 5358 3397 5412 solus
3423 5355 3652 5411 Michael

2090 5448 2142 5503 in
2169 5448 2496 5502 contrariam
2521 5447 2650 5502 abiit
2673 5447 3018 5516 sententiam,
3049 5449 3138 5516 qui
3165 5447 3314 5502 vobis
3341 5445 3576 5516 praefecit
3598 5445 3653 5500 itt

2093 5539 2338 5606 ZEgypto.
