4038 6148
441 273 577 337 1379

508 383 674 438 Vens.
710 376 798 432 ιθ.
835 393 854 427 ι
894 371 967 430 Ut
993 365 1285 427 similitudo
1312 365 1432 419 Filii
1464 361 1716 416 hominis.
1760 375 1782 412 ι

510 471 774 527 Ριοαινὶιιει
804 463 1304 521 inhumanationem
1353 452 1655 525 Untgeniti,
1692 458 1748 504 et
1782 446 2015 517 appellat

1595 234 1933 311 AMMoNu
1971 226 2502 302 ALEXANDle

1952 414 1959 419 _
2043 357 2087 412 Α
2192 371 2210 404 t
2266 353 2355 416 Ὠς
2381 352 2641 422 ὁμοίωσις
2674 349 2800 404 Υἱοῠ
2828 334 3142 422 ἀνθρῶπου.
3176 358 3198 402 't

3572 240 3716 309 i330

2191 444 2509 516 Προθεωρεί
2549 444 2647 514 τὴν
2680 445 2960 510 σάρκωσιν
3007 441 3529 508 τοῦιΜονογενοῦς,
3574 440 3706 498 Υιὸν

438 569 634 622 Filium
654 560 909 621 hominis,
929 557 1019 626 qui
1038 570 1068 609 e
1089 560 1275 607 saneta
1304 549 1470 603 Maria
1487 544 1795 600 nasciturus
1816 548 1871 595 et
1891 551 2013 593 sese

2131 535 2405 607 Ξινορώπου
2436 536 2721 607 ὀνομάζων
2745 537 2839 589 τὸν
2874 537 3137 607 μέλλοντα
3158 535 3418 606 γενέσθαι
3446 537 3576 590 Υἱδν
3605 539 3704 609 τῆς

436 656 712 710 hominem
740 649 980 702 facturus
1006 651 1147 697 erat.

516 765 534 796 ι
571 742 842 799 Conversa
870 744 996 791 sunt
1024 734 1234 788 viscera
1261 745 1398 784 mea.
1438 744 1460 779 δ

510 830 954 904 Quandoquidem
980 827 1088 882 vita
1133 822 1433 894 comparari
1475 819 1612 874 solet
1661 824 1813 878 rotae,
1850 815 2015 868 homo

2117 628 2281 695 ἁγίας
2310 628 2532 699 Μαρίας
2560 629 2656 681 καὶ
2685 627 3132 699 ὲνανθρωπῆσαι.

2192 740 2210 771 ι
2255 721 2535 790 Ἐστράφη
2563 720 2633 773 τὰ
2655 720 2807 783 ἐντός
2836 736 2961 790 μου.
3004 738 3023 771 ι

2200 814 2422 884 Ἐπειδὴ
2461 812 2641 883 τροχῷ
2686 811 3055 883 παρείκασται
3091 814 3120 866 6
3166 810 3281 881 βίος
3305 855 3321 877 ,
3356 806 3441 865 δεῖ
3473 811 3567 865 τὸν
3593 811 3702 865 ἔσω

439 931 530 1001 qui
560 930 611 982 in
649 924 854 981 sanctis
880 929 1151 984 versatur,
1188 919 1289 971 hoc
1317 925 1424 980 est,
1458 912 1640 967 anima
1662 910 1717 964 in
1750 909 1857 963 vita
1886 923 2016 963 con-

2131 905 2222 958 τῶν
2258 904 2428 991 ἀγίων
2461 904 2771 975 ἄνθρωπον,
2805 903 3052 955 τουτέστι
3083 901 3183 972 τὴν
3206 902 3387 973 ψυχὴν
3430 903 3533 973 τὴν
3565 904 3699 956 ἀνα-

440 1036 593 1077 versa
624 1017 784 1072 debet
814 1014 953 1069 mala
993 1012 1310 1079 relinquere
1340 1007 1394 1061 in
1433 1016 1601 1067 terra,
1633 1002 1777 1056 bona
1806 1007 2011 1063 autem,

2117 986 2496 1067 στρεφομένην
2520 998 2579 1047 ὲν
2609 993 2689 1064 τῷ
2716 993 2837 1064 βιῳ,
2866 993 2935 1046 τὰ
2962 993 3060 1062 μὲν
3093 994 3239 1046 κακά
3287 995 3384 1064 ὲᾷν
3421 993 3592 1059 κάτω,
3632 993 3703 1046 τὰ

442 1112 694 1166 nimirum
728 1110 900 1165 bonas
933 1075 1197 1167 actiones,
1234 1116 1263 1155 a
1298 1096 1530 1153 terrenis
1564 1093 1632 1149 ad
1668 1091 1920 1150 sublimia
1952 1098 2007 1144 et

2131 1089 2169 1141 ἰὲ
2201 1088 2342 1142 καλά
2367 1087 2402 1141 ἆ
2421 1089 2538 1140 ἐστι
2567 1075 2667 1149 τὰς
2693 1083 2935 1156 χρηστὰς
2960 1083 3208 1154 πράξεις,
3243 1085 3355 1138 ἀπὸ
3370 1085 3479 1137 τῶν
3499 1082 3700 1154 γηῒνων

440 1203 682 1259 caelestia
711 1199 979 1255 attollere.

508 1293 674 1347 Vsus.
698 1290 786 1344 l9.
816 1308 836 1343 ι
878 1286 1036 1341 Vires
1064 1283 1267 1353 recepi.
1317 1300 1336 1332 ι

512 1384 647 1439 Cmn
676 1382 818 1439 enim
855 1380 979 1434 vitae
1010 1384 1205 1430 nostrae
1233 1373 1376 1427 vires
1406 1368 1686 1432 deﬁciunt,
1714 1375 1771 1422 et
1796 1381 2012 1421 omnem

437 1476 667 1546 gloriam
727 1483 991 1526 terrenam
1041 1464 1388 1535 reliquimus,
1422 1463 1495 1517 ita
1543 1467 1601 1513 ut
1634 1458 1705 1514 nd
1735 1457 1867 1512 nihil
1898 1472 2015 1510 ama

2117 1181 2345 1248 ἀνάγειν
2378 1178 2472 1232 ἐπὶ
2498 1178 2565 1232 τά
2599 1176 2780 1249 ὑψηλά
2822 1176 2915 1231 καὶ
2946 1175 3201 1245 οὐράνια.

2197 1287 2214 1318 ι
2257 1269 2504 1338 ’Ίσχυσα.
2548 1287 2567 1320 ι

2191 1362 2360 1414 Ὅταν
2394 1362 2505 1430 γὰρ
2533 1358 2820 1430 παραλυθῇ
2849 1359 2882 1429 ἡ
2917 1357 3013 1411 τοῦ
3052 1357 3168 1429 βίου
3199 1356 3360 1427 ἡμῶν
3392 1356 3567 1427 ἰσχὺς,
3605 1356 3700 1408 καὶ

2117 1452 2301 1505 πᾶσαν
2333 1449 2491 1515 δόξαν
2521 1449 2768 1517 ἐπίγειον
2793 1446 3210 1517 καταλίπωμεν,
3252 1444 3452 1516 μηκέτι
3488 1444 3700 1513 ἰσχύονὲ

443 1569 586 1639 ptius
617 1581 680 1621 ea
716 1563 872 1618 nobis
899 1559 1091 1629 prosit,
1146 1569 1274 1612 tunc
1311 1555 1456 1611 vires
1513 1552 1669 1608 nobis
1701 1549 2012 1620 suppeditat

2131 1560 2209 1606 τες
2237 1546 2297 1597 ὲν
2324 1543 2490 1612 αὐτῇ,
2522 1541 2645 1594 τότε
2673 1540 2771 1611 τὴν
2798 1540 3034 1621 δύναμιν
3064 1538 3165 1608 τὴν
3194 1539 3345 1607 παρὰ
3385 1537 3523 1590 Θεοῦ
3559 1536 3701 1607 λαμ-

446 1664 606 1725 lleus,
635 1666 689 1712 et
735 1654 988 1710 Christus
1031 1651 1186 1705 nobis
1226 1662 1442 1702 manum
1494 1644 1724 1715 porrigit
1772 1643 2007 1697 dicens:

440 1750 761 1807 Confortare
793 1757 847 1801 et
872 1753 988 1800 esto
1022 1743 1303 1797 robustus.
1620 1806 1623 1807 ν

513 1842 678 1897 Vnus.
711 1839 803 1894 ‘20.
844 1856 865 1888 ι
896 1836 997 1902 Qui
1024 1833 1232 1888 Graecis
1259 1837 1509 1900 praeerat.
1555 1847 1574 1881 ι

515 1935 702 2001 Quitis
744 1930 971 1998 populus
1019 1923 1210 1980 habuit
1247 1922 1492 1991 angelum
1531 1918 1850 1985 tutelarem,
1881 1932 2017 1988 quo-

449 2027 625 2080 minus
661 2039 689 2076 a
714 2020 1046 2078 daemonibus
1097 2012 1403 2069 detrimenti
1445 2010 1571 2080 quid
1614 2017 1891 2077 caperent,
1925 2021 2014 2061 se-

443 2118 679 2173 cundum
714 2112 847 2168 illud
884 2130 896 2165 :
931 2107 1218 2165 Constituit
1243 2106 1372 2176 ﬁnes
1392 2104 1707 2173 populorum
1728 2100 2015 2155 secundum

445 2220 720 2260 numerum
752 2200 1056 2272 angelorum
1088 2197 1182 2251 Dei
1205 2196 1248 2249 ⁸.
1281 2193 1468 2247 Adfuit
1497 2193 1668 2262 igitur
1696 2205 1877 2245 coram
1905 2188 2015 2242 Deo

448 2300 610 2353 etiam
643 2294 868 2365 angelus
902 2291 1236 2353 Graecorum,
1271 2295 1330 2341 ut
1359 2293 1414 2340 et
1446 2284 1561 2354 ipse
1588 2282 1802 2337 audiret
1832 2281 2023 2335 vatici-

449 2394 535 2443 nia
563 2392 883 2458 proferenda
913 2385 979 2438 de
1002 2382 1309 2436 Alexandro
1328 2376 1554 2447 ejusque
1582 2371 2015 2438 successoribus,

448 2485 536 2553 qui
580 2479 729 2536 orbis
761 2487 1026 2533 terrarum
1059 2472 1286 2541 imperio
1315 2478 1501 2524 essent
1526 2466 1771 2536 potituri.

1085 2563 1236 2621 CAP.
1278 2561 1370 2617 XI.

522 2666 682 2722 Vens.
722 2661 778 2718 Ω.
813 2657 841 2713 ι’
873 2650 1168 2715 Veritatem
1192 2654 1529 2711 annuntiabo
1569 2651 1684 2706 tibi.
1724 2667 1744 2702 ι

518 2756 577 2811 Id
612 2765 713 2822 est,
758 2769 877 2825 qua:
918 2750 1138 2806 deﬁnita
1187 2757 1314 2804 sunt
1342 2762 1372 2802 a
1405 2746 1534 2811 Deo,
1558 2742 1652 2798 tibi
1684 2740 1936 2812 praedico,
1962 2746 2022 2792 ut

446 2832 737 2899 litteris'ea
767 2841 1024 2907 mandes,
1053 2837 1319 2908 siquidem
1353 2849 1480 2891 vere
1512 2833 1657 2888 exitu
1690 2829 2017 2899 comproba-

450 2945 668 2991 .mutur.

1078 3019 1228 3078 CAP.
1271 3017 1387 3075 XII.

519 3113 686 3169 Vens.
720 3114 776 3168 2.
812 3131 831 3164 ι
870 3111 1175 3180 Resurgent
1218 3110 1272 3164 hi
1305 3110 1369 3162 ad
1406 3107 1571 3161 vitam
1604 3114 1886 3162 aeternam.
1925 3119 1944 3155 δ

523 3208 657 3262 Cum
693 3217 982 3274 utrumque
1016 3202 1214 3258 dixerit
1259 3200 1377 3254 fore
1405 3207 1693 3263 internum,
1747 3209 2020 3262 nunquam

452 3299 740 3368 impiorum
766 3309 981 3366 pmuam
1009 3293 1218 3348 ﬁnitum
1275 3288 1340 3344 iri
1395 3286 1819 3350 demonstravit;
1853 3299 2024 3353 neque

453 3392 618 3461 igitur
652 3388 719 3443 ad
754 3397 966 3456 tempus
1012 3385 1170 3438 modo
1199 3380 1562 3449 restringitur,
1589 3379 1664 3431 uti
1690 3377 1905 3447 quidam
1937 3373 2021 3429 fa-

452 3478 724 3535 bulantur’.
764 3479 821 3533 Si
850 3475 993 3532 enim
1025 3474 1167 3544 quod
1213 3483 1476 3526 aaternum
1509 3468 1737 3532 dicitur,
1782 3474 2023 3534 tempore

454 3571 994 3627 circumscriberetur
1026 3565 1231 3630 ,etiam
1293 3560 1511 3632 prsemia
1565 3566 1871 3614 sanctorum
1926 3557 2025 3610 ali-

364 3673 367 3676 '
451 3663 670 3734 quando
708 3661 775 3716 ad
807 3658 967 3714 ﬁnem
994 3657 1387 3728 pertingerent,
1421 3652 1563 3723 quod
1598 3666 1667 3706 ne
1698 3650 1773 3704 illi
1804 3649 2022 3720 quidem

454 3757 541 3828 qui
584 3755 724 3809 male
754 3753 819 3807 de
852 3746 1347 3822 judiciostatuunt,
1386 3746 1565 3802 dicere
1592 3743 1809 3797 audent.

525 3845 684 3899 Vnus.
711 3843 765 3899 5.
800 3859 819 3893 t
867 3840 942 3895 Ex
970 3839 1135 3910 justis
1167 3836 1371 3891 multis.
1421 3853 1441 3888 ι

530 3933 917 3988 Animadverte
953 3928 1179 4000 gloriam
1213 3938 1525 3980 sanctorum
1558 3938 1681 3980 esse
1727 3921 2021 3987 diversam,

453 4041 625 4096 quare
655 4026 815 4080 etiam
857 4021 1167 4076 mansiones
1197 4018 1430 4074 diversae
1454 4057 1469 4082 ,
1505 4015 1773 4085 siquidem
1835 4028 2025 4069 omnes

451 4132 503 4173 tn
532 4132 752 4189 regnum
773 4118 1066 4170 introeunt.

524 4204 775 4267 γειιδζι.
805 4226 823 4258 ι
859 4204 1236 4274 Multiplicetur
1265 4200 1515 4256 scientia.
1568 4216 1587 4250 ι

521 4302 826 4370 Antequam
851 4298 1099 4353 Christus
1121 4294 1429 4349 advenisset
1450 4304 1504 4347 et
1541 4290 1790 4347 homines
1811 4289 2027 4346 docuis-

2118 1634 2393 1707 ὁάνομεν,
2437 1632 2682 1703 Χριστοῦ
2731 1631 3022 1703 ὀρέγοντος
3064 1630 3161 1702 τὴν
3216 1632 3378 1702 χεῖρα
3420 1630 3575 1700 ἡμῖν,
3609 1628 3702 1681 καὶ

2045 1701 2091 1757 Β
2118 1728 2390 1803 λέγοντος,
2442 1724 2723 1796 Ἀνδρὶζου
2752 1726 2847 1778 καὶ
2881 1723 3057 1793 ἴσχυε.

2199 1839 2217 1871 ι
2269 1820 2328 1873 '0
2359 1819 2544 1891 ἄρχων
2572 1819 2682 1872 τῶν
2723 1816 3018 1888 Ἑλλήνων.
3059 1833 3078 1867 ι

2193 1914 2462 1968 Ἐκαστον
2485 1912 2636 1976 ἔθνος
2665 1911 2779 1983 ἔχει
2809 1910 3039 1979 ἄγγελον
3064 1907 3478 1981 προστατοῦντα
3500 1903 3702 1970 αὐτῶν,

2118 2007 2207 2061 ἵνα
2235 2006 2311 2080 μὴ
2343 2007 2448 2060 ὑπὸ
2470 2006 2742 2077 δαιμόνων
2782 1996 3023 2073 βλαῦῶσι
3046 2017 3059 2032 ⁸
3097 2003 3239 2056 κατά
3263 2001 3324 2054 τὺ
3344 2042 3359 2065 ,
3395 2001 3706 2066 Ἔστησε-ν

2120 2099 2253 2169 ὅρια
2277 2099 2471 2155 ἐθνῶν
2510 2098 2662 2151 κατὰ
2695 2095 2959 2166 ἀριθμῶν
2986 2094 3261 2164 ἀγγέλων
3305 2091 3490 2146 Θεοῦ·
3524 2090 3705 2160 παρῆν

2121 2193 2216 2246 οὖν
2246 2190 2479 2246 ἐνώπιον
2508 2189 2603 2244 τοῦ
2652 2189 2789 2242 Θεοῦ
2818 2188 2912 2241 καὶ
2952 2190 2981 2241 6
3019 2189 3206 2259 ἄρχων
3233 2185 3343 2239 τῶν
3405 2183 3701 2254 Ἑλλήνων,

2121 2284 2209 2339 ἵνα
2243 2285 2337 2338 καὶ
2370 2283 2532 2346 αὐτὸς
2560 2282 2769 2352 ἀκούσῃ
2804 2280 2902 2344 τὰς
2931 2279 3315 2351 ρηθησομένας
3364 2275 3706 2346 προφητείας

2120 2378 2250 2449 περὶ
2291 2375 2640 2445 Ἀλεξάνδρου
2676 2374 2768 2427 καὶ
2799 2371 2908 2424 τῶν
2940 2372 3058 2439 μετ’
3086 2369 3270 2437 αὑτὸν,
3293 2368 3493 2431 οἵτινες
3540 2366 3707 2437 ἔμελὅ

2119 2469 2211 2524 λον
2246 2468 2521 2541 κρατῆσαι
2554 2467 2654 2537 τῆς
2687 2462 3040 2533 οἰκουμένης.

2742 2557 2902 2610 ΚΕΦ.
2936 2552 3038 2609 IA'.

2200 2671 2219 2704 ι
2269 2649 2554 2722 Ἀλήθειαν
2586 2646 2874 2717 ἀναγγελῶ
2906 2663 3010 2699 σοι.
3053 2663 3073 2697 ι

2206 2744 2353 2798 Ἀντὶ
2381 2742 2500 2808 τοῦ,
2528 2741 2597 2795 τὰ
2618 2738 2907 2811 ὁρισθέντα
2933 2737 3086 2809 παρά
3117 2733 3254 2789 Θεοῦ
3287 2733 3542 2806 προλέγω
3585 2749 3666 2785 σοι
3690 2764 3705 2793 .

2120 2836 2158 2893 ἃ
2192 2836 2287 2890 καὶ
2320 2835 2435 2906 ἔχει
2461 2836 2525 2887 ἐκ
2563 2832 2656 2886 σοῦ
2693 2831 2994 2904 γραφῆναι,
3027 2830 3120 2884 καὶ
3140 2827 3357 2898 ἀληθῶς
3385 2825 3499 2896 ἔχει
3533 2825 3709 2879 πάντα

2123 2927 2421 2999 ἀποϐῆναι.

2761 3012 2923 3068 ΚΕΦ.
2959 3011 3064 3066 IB’.

2207 3130 2226 3163 ι
2276 3108 2762 3181 Ἐξεγερθήσονται
2789 3098 2940 3160 οὗτοι
2975 3105 3056 3167 εἰς
3078 3102 3225 3172 ζωὴν
3250 3100 3490 3154 αἰώνιον.
3537 3116 3556 3148 ι

2196 3201 2381 3256 Εἰπὼν
2428 3201 2524 3254 ἐπὶ
2555 3201 2886 3270 ἀμῲοτέρων
2923 3196 2984 3250 τὸ
3033 3194 3281 3258 αἰώνιον,
3331 3188 3566 3255 ἐδίδαξεν
3613 3188 3697 3239 ὅτι

2129 3294 2553 3355 ἀκατάπαυστος
2582 3293 2615 3361 ή
2643 3290 2786 3344 κατὰ
2817 3289 2928 3343 τῶν
2958 3284 3174 3342 ἀσεϐῶν
3203 3280 3434 3353 τιμωρία
3455 3292 3470 3307 ’
3501 3278 3560 3328 οὐ
3586 3276 3693 3345 μὴν

2132 3384 2489 3456 πρόσκαιρος,
2507 3383 2584 3447 ὡς
2619 3378 2978 3453 μυθολογοῦσί
3004 3394 3171 3440 τινες.
3199 3377 3260 3429 Εἰ
3278 3372 3382 3444 γὰρ
3395 3370 3456 3424 τδ
3479 3366 3697 3422 αἰώνιον

2132 3478 2494 3547 πρόσκαιρον,
2534 3472 2735 3527 οὐκοῦν
2779 3472 2875 3526 καὶ
2921 3473 2980 3524 αἱ
3028 3468 3361 3530 ἀπολαύσεις
3394 3463 3502 3518 τῶν
3531 3460 3705 3528 ἁγίων

2131 3568 2459 3638 πρόσκαιροι
2481 3581 2497 3598 ο
2525 3566 2662 3634 ὅπερ
2690 3561 2814 3616 οὔτε
2845 3561 3000 3615 αὐτοὶ
3019 3563 3068 3614 οἱ
3097 3558 3282 3622 κακῶς
3303 3556 3555 3620 δόξαντες
3579 3550 3709 3621 περὶ

2130 3661 2230 3730 τῆς
2270 3658 2506 3731 κρίσεως
2533 3656 2760 3710 εἴποιεν.

2209 3856 2228 3887 ι
2281 3834 2413 3888 Ἀπὸ
2435 3833 2545 3887 τῶν
2576 3831 2801 3885 δικαίων
2826 3829 2935 3883 τῶν
2961 3827 3193 3884 πολλῶν.
3224 3838 3244 3880 t

2203 3926 2522 3999 Σημείωσαι
2562 3923 2644 3978 ὅτι
2687 3921 2947 3993 διάφορος
2988 3924 3020 3992 ή
3060 3920 3167 3974 τῶν
3212 3916 3385 3986 ἀγὶων
3431 3913 3597 3981 δόξα·
3630 3902 3712 3967 διδ

2133 4020 2229 4074 καὶ
2258 4019 2452 4072 πολλαὶ
2470 4016 2568 4072 καὶ
2590 4015 2840 4086 διάφοροι
2862 4015 2919 4068 αἱ
2951 4013 3134 4085 μοναὶ,
3162 4011 3211 4064 εἰ
3233 4008 3328 4065 καὶ
3354 4008 3556 4070 πάντες
3584 4006 3712 4059 εἴσω

2135 4112 2379 4180 γίνονται
2409 4111 2518 4165 τῶν
2558 4107 2870 4179 βασιλειῶν.

2211 4225 2227 4256 t
2273 4201 2561 4273 Πληθυνθῇ
2588 4202 2622 4271 ἡ
2643 4199 2865 4269 γνῶσις.
2899 4216 2918 4250 ι

2212 4297 2358 4357 Ἕως
2388 4293 2735 4362 ἐπεδήμησεν
2756 4291 2785 4342 6
2809 4287 3067 4361 Χριστὸς,
3100 4280 3197 4341 καὶ
3223 4284 3519 4355 ὲσαφήνισε
3540 4280 3705 4337 ταῦτα

452 4407 532 4450 set
565 4397 698 4458 hare,
739 4391 933 4462 populo
975 4399 1132 4446 erant
1157 4387 1389 4454 occulta,
1421 4394 1476 4441 et
1506 4400 1569 4440 ex
1601 4394 1751 4455 parte
1782 4382 2024 4439 fortassis

2136 4390 2249 4450 τοῖς
2277 4386 2373 4439 ὀινο
2384 4385 2606 4456 ρώποις,
2641 4381 2814 4452 ἄδηλα
2848 4376 2918 4451 ἦν
2938 4381 3052 4443 τοῖς
3076 4377 3292 4440 πολλοῖς
3311 4392 3326 4408 ·
3358 4375 3500 4445 τάχα
3520 4373 3577 4427 δέ
3597 4382 3710 4425 τινα

384 4518 387 4521 λ
453 4488 536 4542 vel
561 4487 856 4557 prophetis.

524 4578 693 4633 Vens.
726 4579 778 4633 7.
809 4596 827 4628 ι
856 4576 913 4632 In
939 4588 1139 4629 annum
1166 4578 1219 4626 et
1245 4584 1415 4625 annos
1435 4577 1489 4622 et
1511 4567 1791 4623 dimidium
1821 4567 1972 4621 anni.
2004 4585 2022 4618 ι

526 4671 584 4725 In
618 4670 817 4725 Enochi
847 4667 991 4724 enim
1023 4667 1253 4719 adventu
1276 4704 1290 4727 ,
1327 4661 1416 4732 qui
1443 4660 1550 4714 erit
1576 4659 1736 4715 trium
1765 4648 2029 4712 annorum

454 4776 507 4820 et
532 4763 763 4829 dimidii,
795 4761 947 4815 inulti
978 4774 1041 4814 ex
1063 4756 1261 4812 Judzeis
1294 4753 1602 4809 inﬁdelibus
1623 4749 1904 4807 veriratem
1935 4763 2027 4803 co-

459 4864 720 4928 gnoscent
744 4865 799 4910 et
821 4853 1077 4908 resistent
1100 4848 1439 4904 Antichristo
1466 4845 1555 4916 qui
1581 4859 1677 4900 eos
1711 4841 2025 4898 interﬁciet.

530 5038 693 5092 Vens.
722 5034 809 5089 l0.
851 5049 870 5083 t
915 5026 1342 5084 Sanctiﬁcentur
1371 5025 1544 5080 multi.
1586 5043 1604 5077 ι

527 5131 641 5184 Νοιι
678 5128 849 5188 dixit,
886 5134 1105 5182 mnnes,
1145 5118 1236 5172 sed
1275 5116 1427 5170 mulli
1459 5131 1477 5168 :
1514 5130 1687 5185 neque
1727 5114 1871 5169 enim
1907 5129 2013 5169 om~

463 5241 558 5283 tres
588 5220 845 5292 baptizati
878 5217 1181 5281 albescunt,
1211 5212 1309 5268 sed
1343 5211 1434 5282 qui
1472 5221 1615 5266 recte
1644 5213 1887 5266 credunt.

528 5318 694 5373 Vens.
726 5313 813 5368 ll.
854 5328 872 5362 t
905 5308 1129 5363 Dabitur
1167 5303 1498 5360 abominatio
1526 5297 1892 5358 desolationis.
1935 5322 1954 5356 ι

530 5404 876 5464 Abominatio
905 5397 1257 5456 desolationis
1287 5397 1342 5451 in
1387 5396 1698 5450 universum
1746 5404 1833 5451 est
1876 5396 2029 5450 Anti-
2096 5450 2101 5453 μ

459 5503 716 5562 ehristns,
752 5513 818 5553 ex
871 5507 1026 5565 parte
1056 5507 1234 5551 autem
1261 5491 1596 5556 Antiochus,
1627 5502 1734 5557 quo
1771 5497 2029 5555 regnante

461 5598 625 5648 etiam
660 5592 951 5648 Machabtei
984 5591 1301 5659 martyrium
1333 5584 1570 5648 subiere,
1591 5579 1854 5648 multique
1884 5577 1971 5630 alii
1997 5590 2027 5631 e

531 5690 714 5777 {Dent
763 5739 935 5784 usu.
967 5737 1075 5778 see.
1108 5719 1269 5774 LXX.

2139 4482 2234 4535 καὶ
2264 4479 2449 4540 αὐτοῖς
2476 4477 2588 4539 τοῖς
2616 4474 2949 4545 προφήταις.

2216 4590 2232 4620 ι
2275 4569 2366 4630 Εἰς
2399 4567 2591 4635 καιρὸν
2627 4565 2721 4617 καὶ
2753 4563 2982 4633 καιροὺς
3013 4561 3109 4615 καὶ
3130 4560 3212 4623 εἰς
3234 4560 3408 4631 ἥμισυ
3438 4554 3651 4628 καιροῦ.
3687 4568 3705 4604 t

2223 4662 2312 4714 Ἐν
2334 4659 2443 4730 γὰρ
2472 4660 2539 4729 τῇ
2569 4655 2848 4727 παρουσία
2881 4655 2991 4707 τῶν
3018 4652 3149 4724 περὶ
3183 4650 3377 4722 Ἑνὼχ,
3406 4652 3530 4722 ἥτις
3559 4648 3708 4701 ἔσται

2135 4756 2193 4806 ὲν
2218 4753 2397 4823 τρισὶν
2422 4751 2593 4822 ἥμισυ
2625 4749 2913 4811 ἐνιαυτοῖς,
2946 4744 3133 4798 πολλοὶ
3158 4743 3269 4798 τῶν
3293 4739 3711 4812 ἀπιστησάντων

2150 4843 2396 4896 Ἰουδαῖοι
2445 4839 2746 4909 γνώσονται
2790 4836 2854 4894 τὸ
2889 4834 3122 4905 ἀληθὲς,
3162 4834 3258 4887 καὶ
3298 4832 3710 4901 ἀντιστήσονται

2138 4935 2217 5007 τῷ
2255 4932 2630 5003 Ἀντιχρίστῳ,
2666 4929 2758 4993 οὓς
2787 4929 2881 4982 καὶ
2908 4928 3224 4982 ἀποκτενεῖ.

2220 5045 2238 5077 ι
2286 5021 2621 5093 Ἀγιασθῶσι
2652 5020 2860 5074 πολλοι.
2913 5035 2931 5068 ι

2213 5114 2326 5168 Οὐκ
2345 5109 2488 5176 εἷπε,
2513 5112 2735 5174 πάντες,
2767 5109 2904 5161 ἁλλά
2927 5105 3170 5161 πολλοίο
3196 5104 3256 5157 οὐ
3285 5102 3395 5174 γὰρ
3425 5099 3625 5159 πάντες
3662 5094 3709 5147 οἱ

2140 5205 2524 5279 βαπτιζόμενοι
2540 5202 2939 5262 λευκαίνονται,
2953 5199 3129 5253 ἀλλ’οἱ
3146 5195 3323 5267 ὀρθῶς
3346 5190 3707 5249 πιστεύοντες.

2219 5314 2237 5346 ι
2271 5295 2571 5365 Δοθὴσεται
2604 5292 2664 5345 τὸ
2686 5291 2964 5362 βδέλυγμα
3002 5289 3101 5358 τῆς
3132 5285 3487 5358 ἐρημώσεως.
3532 5299 3550 5332 ι

2211 5383 2514 5438 Καθολικὸν
2545 5381 2823 5452 βδέλυγμα
2851 5378 2954 5448 τῆς
2996 5374 3338 5448 ἐρημώσεως
3370 5375 3398 5424 6
3464 5366 3706 5436 Αντιχρι-

2140 5496 2284 5542 στος,
2322 5474 2550 5546 μερικδν
2595 5473 2650 5526 δὲ
2681 5474 2709 5525 6
2746 5470 3043 5539 Ἀντίοχος,
3076 5468 3163 5537 ἐφ’
3192 5461 3254 5520 οὖ
3278 5464 3392 5518 ’καὶ
3416 5464 3465 5516 οἱ
3486 5461 3704 5515 Mantu-

2137 5571 2278 5624 6αἷοι
2313 5567 2724 5640 ἐμαρτύρησαν,
2765 5565 2861 5618 καὶ
2898 5564 3048 5620 ἄλλοι
3075 5560 3260 5614 πολλοὶ
3289 5558 3400 5612 τῶν
3447 5550 3706 5607 Ἰουδαίων
