4038 6148
381 217 510 283 1381
1394 239 1856 302 FRAGMENTA
1892 245 1975 306 IN
2014 248 2071 307 S.
2117 251 2592 320 MATTIL'EUM.
3476 277 3613 346 1382

370 333 738 403 ἀνῃρέθησαν,
765 337 860 390 καὶ
885 338 1241 415 ἐκωλύθησαν
1269 345 1509 413 γίνεσθαι
1538 350 1595 401 αἱ
1623 353 1762 404 κατὰ
1789 353 1951 423 νόμον

371 419 610 459 λτινηςτινι

2018 412 2019 421 χ
2052 356 2251 459 ἶΙιιιιτξεὶε
2277 366 2527 420 trucidati
2552 376 2697 434 sunt,
2744 370 3009 436 siquidem
3036 390 3064 430 a
3101 379 3244 435 cultu
3283 382 3441 454 legali
3486 407 3613 459 pru-

371 419 634 488 λατρεῖαι.
1853 419 1863 423 ⁷

1853 419 1863 423 1
1981 419 2019 423 ἡ
2050 449 2389 506 hibebantur.

444 528 463 562 ι
503 515 609 567 Καὶ
643 517 947 590 ἀναστήσῃ.
986 539 1004 573 ι

2126 540 2286 596 Vsus.
2319 544 2405 597 15.
2451 563 2471 596 ι
2506 544 2574 599 Et
2599 552 2963 606 resuscitabit.
3002 573 3020 606 ι

439 602 604 656 Ὥστε
634 607 728 660 οὖν
774 610 863 662 ἐπ’
909 612 1155 682 ἐσχάτων
1184 616 1292 669 τῶν
1356 620 1579 689 ἡμερῶν
1610 621 1763 676 ἔσται
1808 625 1944 679 ἀνάδ

439 710 556 727 amp
580 698 731 727 ινα-...1.
787 702 904 727 ..-ἢν
939 700 1009 727 .7.-.
1040 707 1156 727 .-λὶς
1180 725 1192 727 _
1263 716 1276 727 .
1389 712 1401 727 ι
1422 711 1439 727 κ
1491 713 1502 727 .
1651 716 1672 725 η

2116 632 2433 688 Communis
2473 635 2634 701 igitur
2659 639 2711 692 in
2743 638 2855 697 line
2885 645 3093 701 dierum
3122 651 3226 705 erit
3262 661 3608 727 resurrectio,

367 709 556 758 στασις
580 698 754 770 κοινὴ.
784 702 904 770 μεθ’
934 700 1010 758 ὧν
1036 707 1219 777 μέλλει
1249 711 1449 781 Δανιὴλ
1479 713 1795 786 ἀναστῆναι.

1686 733 1795 770 ναι.
2046 733 2096 776 et
2125 732 2252 778 tunc
2280 724 2467 781 Daniel
2496 743 2709 798 quoque
2741 747 3146 797 resurrecturus
3178 751 3280 799 est.

1145 926 3589 977 ._____________.__________________

1118 1080 1834 1173 FRAGMENTA
1910 1090 2036 1178 1N
2111 1094 2868 1194 MATTHZEUM.

1418 1300 1512 1363 (Ex
1549 1308 1724 1353 catena
1754 1303 1959 1368 Nicetes,
1985 1310 2258 1372 interprete
2289 1313 2552 1381 Corderio.)
2658 1298 2667 1305 ~

921 1593 1171 1649 ΚΕΦΑΛ.
1219 1595 1336 1662 ις’.
1951 1572 1997 1672 λ
2133 1568 2151 1581 κ

1951 1572 1997 1672 λ
2133 1568 2151 1581 χ
2651 1616 2805 1674 CAP.
2840 1618 2978 1677 XVI.

427 1742 444 1775 ι
494 1724 586 1787 ’ος
622 1724 730 1796 γὰρ
764 1726 828 1781 ἂν
861 1727 989 1798 θέλῃ
1008 1729 1108 1798 τὴν
1141 1729 1319 1800 ψυχὴν
1338 1730 1502 1784 αὐτοῦ
1538 1732 1732 1801 σῶσαι,
1772 1737 1913 1789 ἀποδ
1946 1752 1947 1757 ‘

2095 1744 2260 1801 Vens.
2295 1748 2385 1802 ΞΒ.
2435 1766 2453 1799 ι
2475 1748 2576 1815 Qui
2615 1753 2756 1808 enim
2791 1759 3276 1817 volneritanimam
3310 1744 3464 1822 suam
3496 1772 3592 1823 sal-

345 1814 491 1868 λέσει
530 1817 735 1887 αὐτήνο
789 1817 849 1880 ὃς
893 1817 950 1870 δὲ
989 1818 1055 1873 ἂν
1105 1820 1348 1895 ἀπολέσῃ
1394 1824 1493 1894 τὴν
1529 1824 1707 1896 ψυχὴν
1750 1828 1916 1883 αὐτοῦ

2018 1851 2137 1890 vam
2170 1839 2367 1905 facere,
2408 1814 2596 1909 perdet
2617 1858 2774 1909 eam;
2811 1846 2900 1916 qui
2926 1858 3104 1905 autem
3140 1855 3439 1921 perdiderit
3467 1861 3587 1915 ani-

344 1906 531 1960 ἕνεκεν
561 1908 716 1977 ἐμοῦ,
750 1910 974 1980 εὑρήσει
1003 1912 1193 1982 αὑτήν.
1237 1931 1255 1963 ι

2016 1941 2156 1979 mam
2182 1942 2336 1982 suam
2363 1940 2581 1999 propter
2605 1948 2710 1999 me,
2738 1935 2976 1992 inveniet
3000 1955 3142 1996 cam.
3175 1961 3194 1995 ι

417 1998 515 2065 Εῐη
546 2001 590 2052 δ’
636 2002 702 2054 ἂν
747 2001 920 2067 οὕτως
965 2004 1267 2074 μακάριος,
1309 2006 1338 2058 6
1376 2009 1486 2070 τοῖς
1519 2003 1668 2063 οὖσιν
1712 2011 1913 2067 ἅπασιν

2085 2015 2160 2068 lia
2187 1998 2374 2072 beatus
2402 1998 2523 2075 esse
2567 2023 2761 2091 possit,
2815 2027 2905 2094 qui
2932 2030 3185 2085 omnibus
3218 2033 3377 2088 rebus
3413 2036 3588 2092 lamia-

340 2093 640 2156 ἐπαινετῶς
677 2094 999 2161 ἀποθανὼν,
1032 2099 1145 2160 τοῖς
1185 2098 1283 2167 μὲν
1312 2098 1590 2169 αἰσθητοῖς
1619 2142 1634 2169 ,
1676 2106 1742 2175 τῇ
1775 2106 1910 2158 ἀπο-

2012 2106 2193 2160 biliter
2218 2108 2470 2176 moritur,
2499 2126 2564 2164 ac
2592 2113 2807 2180 quidem
2834 2093 3203 2188 sensibilibus,
3239 2123 3578 2193 depasitione

339 2184 485 2236 θέσει
511 2185 609 2255 τῆς
639 2184 760 2239 κατ’
796 2187 1054 2256 αἴσθησιν
1083 2189 1364 2259 ἐνεργείας
1390 2206 1403 2221 ’
1435 2195 1548 2255 τοῖς
1580 2194 1639 2246 δέ
1672 2200 1903 2266 νοητοῖς,

2007 2198 2338 2265 operationis
2388 2201 2718 2269 sensilibus,
2787 2205 2906 2262 aliis
2973 2221 3151 2264 autem
3187 2184 3584 2283 vspiritualibns

335 2277 399 2345 τῇ
426 2275 524 2344 τῆς
563 2277 685 2329 κατ’
713 2276 966 2347 αἴσθησιν
997 2277 1296 2331 ἀπολαύσει
1325 2282 1596 2350 κινήσεως
1622 2298 1636 2312 ο
1668 2283 1761 2337 νοῦ
1796 2286 1905 2357 γὰρ

2006 2285 2264 2343 fruitioue
2320 2291 2594 2347 sensibilis
2651 2304 2858 2363 motus;
2912 2301 3109 2355 mentis
3170 2275 3315 2357 enim
3369 2305 3581 2361 laudata

333 2366 561 2426 θάνατος
592 2367 1003 2440 ἐπαινούμενος,
1033 2371 1067 2439 ἡ
1112 2371 1252 2442 πρὸς
1282 2371 1461 2425 πάντα
1496 2374 1565 2427 τά
1601 2373 1731 2429 ὅντα
1760 2394 1904 2446 γνωι

2006 2393 2150 2433 mors
2178 2389 2283 2446 est,
2338 2380 2407 2435 ad
2464 2383 2645 2437 omnia
2696 2398 2815 2454 qua:
2857 2399 2985 2444 sunt
3032 2393 3280 2448 mentalis
3330 2397 3582 2453 nativitas

333 2458 469 2527 μικὴ
523 2460 871 2528 ἀπογένεσις,
918 2464 1039 2531 μεθ’
1070 2462 1148 2547 ιῆν
1176 2461 1277 2531 τὴν
1326 2461 1477 2517 θείαν
1528 2465 1712 2537 χάριτι
1756 2468 1901 2539 ζωὴν

2000 2484 2161 2538 quam
2193 2471 2371 2525 divina
2408 2488 2502 2541 per
2535 2475 2766 2542 gratiam
2790 2477 2899 2532 vita
2939 2481 3079 2535 solet
3124 2485 3415 2553 excipere,
3462 2489 3580 2545 loco

328 2551 687 2620 ὑποδέχεσθαι
716 2551 984 2619 πέφυκεν,
1012 2537 1133 2603 ἀντὶ
1157 2551 1266 2605 τῶν
1282 2550 1452 2606 ὄντων
1474 2554 1564 2606 τὸν
1586 2555 1760 2611 αίτιον
1789 2559 1900 2611 τῶν

2000 2563 2260 2626 omnium,
2286 2564 2526 2617 omnium
2560 2581 2778 2621 causam
2811 2569 2930 2624 sine
2973 2575 3405 2634 consideratione
3426 2595 3570 2635 assu-

324 2641 491 2694 ὖντων
526 2643 861 2713 ἁνεννοήτως
915 2641 1233 2707 ἀποϐαλὼν,
1279 2644 1467 2715 ἐπειδὴ
1511 2643 1667 2702 εἶπεν
1707 2650 1736 2701 6
1784 2649 1894 2702 Κύ-

2000 2665 2172 2717 mens,
2203 2653 2329 2720 quia
2375 2655 2509 2710 dixit
2563 2657 2842 2728 Dominus,
2903 2661 3010 2727 Qui
3060 2664 3278 2720 voluerit
3347 2671 3575 2726 animant

325 2749 441 2801 ριος
466 2749 480 2762 ·
545 2733 606 2786 '0
653 2733 847 2786 θέλων
892 2731 1089 2787 σῶσαι
1150 2733 1265 2803 τὴν
1319 2735 1553 2804 ψυχὴν,
1607 2737 1896 2793 ἀπολέσει

1995 2758 2146 2796 suam
2180 2744 2380 2798 salvam
2419 2747 2614 2816 facere,
2650 2752 2828 2817 perdet
2859 2768 3009 2807 eam:
3035 2756 3126 2825 qui
3154 2772 3274 2813 vero
3328 2763 3573 2829 perdide—

320 2825 535 2894 αὑτήν·
568 2827 635 2894 ὃς
656 2827 709 2880 δ’
736 2828 812 2882 ἂν
837 2829 1137 2901 ἀπολέσῃ,
1158 2827 1366 2883 σώσει.
1408 2832 1589 2885 Κάκεῖ
1617 2834 1892 2904 σωτηρίαν

1995 2834 2080 2898 rit,
2118 2837 2501 2906 servabiteam,
2535 2850 2587 2895 et
2611 2841 2680 2896 ibi
2718 2842 2945 2898 salutem
3004 2856 3060 2900 et
3110 2825 3489 2918 perditionem,
3523 2864 3572 2909 el

318 2919 416 2970 καὶ
457 2917 756 2982 ἀπώλειαν,
790 2921 885 2973 καὶ
914 2919 1151 2973 ἐνταῦθα
1187 2922 1463 2991 σωτηρίαν
1489 2922 1584 2975 καὶ
1612 2923 1890 2979 ἀπώλειαν

1995 2925 2082 2979 hic
2113 2927 2342 2983 salutem
2377 2940 2431 2984 et
2459 2932 2811 2998 perditionem
2848 2937 3024 3003 posuit
3062 2951 3077 2988 ι
3107 2954 3173 2994 ne
3207 2947 3348 2995 enim
3404 2917 3578 3012 aequa-

313 3008 585 3063 τέθεικεν.
624 3012 741 3063 ’Ίνα
770 3011 880 3082 γὰρ
920 3011 992 3082 μὴ
1039 3011 1239 3083 νομίσῃ
1279 2984 1386 3079 τίς,
1433 3013 1554 3084 ἴσην
1599 3010 1740 3069 εἶναι
1787 3017 1887 3088 τὴν

2459 2984 2472 2998 ,
2505 2984 2515 2986 ν
2564 2984 2573 2985 ,
2848 2984 3023 3003 τῇ---
3063 2984 3074 2988 -
3107 2984 3171 2994 -.-
3404 2984 3554 3012 ων...

1989 3012 2093 3071 lem
2125 3020 2263 3075 hanc
2287 3031 2341 3076 et
2369 3022 2510 3077 illam
2537 3026 2890 3092 perditionem
2914 3039 2969 3084 et
2998 3032 3222 3085 salutem
3253 3035 3372 3102 quis
3393 3038 3578 3091 existi-

313 3101 593 3156 ἀπώλειαν
623 3103 827 3174 ταύτην
859 3105 1142 3175 κάκείνην,
1181 3105 1277 3159 καὶ
1301 3105 1397 3176 τὴν
1429 3107 1724 3177 σωτηρίαν,
1750 3109 1886 3163 ἀλλά

1990 3120 2115 3172 ruet,
2138 3112 2230 3165 sed
2272 3114 2418 3167 clare
2449 3115 2708 3187 intelligat
2744 3126 2948 3172 tantum
2997 3121 3154 3191 hujus
3185 3132 3239 3178 et
3272 3101 3423 3180 illius
3455 3143 3565 3184 esse

314 3191 462 3263 μάθῃ
496 3192 685 3260 σαφῶς
713 3193 796 3245 ὅτι
818 3192 1073 3246 τοσοῦτον
1102 3194 1321 3265 ἐκείνης
1348 3196 1449 3265 τῆς
1485 3197 1763 3269 σωτηρίας
1791 3201 1883 3253 καὶ

1985 3200 2271 3255 discrimen
2299 3240 2314 3266 ,
2347 3214 2603 3272 quantum
2646 3208 2962 3276 perditionis
2987 3219 3040 3265 et
3080 3213 3296 3280 salutis,
3324 3228 3563 3288 propter

309 3283 514 3352 ταύτης
546 3284 607 3336 τὸ
645 3285 831 3354 μέσον,
860 3286 985 3339 ὅσον
1012 3285 1288 3348 ἀπωλείας
1334 3287 1428 3339 καὶ
1455 3289 1729 3357 σωτηρίας
1748 3306 1761 3321 ·
1793 3291 1879 3344 διὰ

1847 3292 1879 3344 ὰ
1981 3305 2044 3344 ea
2075 3292 2299 3348 subdit:
2347 3312 2365 3347 ι
2400 3294 2543 3363 Quid
2577 3300 2720 3354 enim
2757 3303 2980 3371 prodest
3005 3304 3239 3375 homini,
3276 3324 3297 3361 ι
3325 3283 3435 3366 etc;

308 3376 464 3430 τοῦτο
481 3376 697 3446 ἐπάγει·
727 3376 822 3429 «Τί
843 3377 951 3447 γὰρ
977 3377 1268 3446 ὠφελεῖται
1291 3377 1598 3450 ἄνθρωπος,
1632 3399 1651 3431 ι
1683 3397 1802 3436 κ.τ.
1825 3381 1874 3435 λ.

883 3489 1140 3545 ΚΕΦΔΛ.
1179 3489 1310 3544 KA'.

2594 3494 2747 3555 CAP.
2799 3488 2943 3552 XXI.

383 3622 401 3655 ι
440 3606 549 3657 Καὶ
598 3605 719 3658 ίδὼν
764 3606 937 3677 συκῆν
974 3605 1103 3675 μίαν
1152 3604 1248 3656 ἐπὶ
1280 3604 1378 3671 τῆς
1402 3603 1547 3669 ὀδοῦ,
1579 3602 1740 3677 ἦλθεν
1783 3609 1870 3660 ἐπ’

2048 3603 2207 3661 νεεδ.
2241 3604 2327 3661 16.
2383 3609 2697 3666 ιΕινίᾱεηε
2741 3612 2827 3668 ﬁci
2877 3616 3132 3670 arborem
3185 3633 3346 3673 unam
3402 3634 3560 3677 secus

299 3696 467 3767 αὐτὴν
504 3698 596 3751 καὶ
623 3698 774 3751 οὐδὲν
805 3691 961 3768 εὗρεν
995 3699 1053 3749 ἐν
1101 3697 1238 3767 αὐτῇ
1283 3696 1333 3749 εί
1379 3694 1454 3766 μὴ
1484 3696 1656 3764 φύλλα
1691 3697 1866 3765 μόνον.

1973 3694 2112 3749 viam
2145 3697 2377 3751 venitad
2417 3713 2570 3754 eam:
2608 3712 2663 3755 et
2695 3702 2829 3756 nihil
2859 3705 3062 3761 invenit
3107 3709 3158 3761 in
3190 3724 3252 3763 ea
3284 3710 3385 3765 nisi
3427 3711 3553 3767 folia

298 3790 409 3842 Καὶ
447 3788 593 3856 λέγει
623 3790 783 3860 αὐτῇ,
816 3787 1029 3857 Μηκέτι
1067 3788 1131 3840 ἐκ
1163 3786 1257 3839 σοῦ
1283 3787 1495 3858 καρπὸς
1532 3788 1758 3857 γένηται
1789 3790 1869 3851 είς

1972 3794 2177 3839 tantum
2210 3796 2264 3839 et
2292 3787 2367 3840 ait
2398 3787 2509 3841 illi:
2542 3788 2826 3859 Nunquam
2867 3808 2933 3847 ex
2957 3803 3009 3849 te
3042 3795 3251 3852 fructus
3299 3813 3554 3857 nascatur

292 3879 384 3931 τὸν
411 3878 583 3930 αἰῶνα
603 3894 616 3907 ο
649 3879 743 3930 καὶ
770 3875 1042 3948 ἐξηράνθη
1074 3877 1414 3947 παραχρῆμα
1439 3877 1470 3945 ἡ
1501 3876 1662 3945 συκῆ.
1701 3895 1721 3929 ι

1970 3876 2022 3929 in
2046 3875 2454 3944 sempiternum.
2484 3878 2553 3933 Et
2576 3880 2812 3935 arefacta
2843 3891 2927 3937 est
2963 3885 3222 3941 continuo
3246 3889 3495 3946 ﬁculnea.
3523 3911 3543 3945 ι

364 3972 531 4025 Σκιὰν
565 3967 711 4040 εἶχεν
759 3973 787 4024 6
840 3970 1003 4038 νόμος
1038 3969 1139 4038 τῆς
1191 3967 1468 4040 ἀληθείας.
1521 3967 1579 4021 '0
1607 3967 1663 4020 δὲ
1694 3966 1866 4035 Λόγος

2038 3967 2295 4023 Umbram
2329 3969 2514 4023 habuit
2547 3970 2630 4026 lex
2655 3972 2922 4039 veritatis,
2944 3972 3181 4029 Verbum
3200 3988 3380 4034 autem
3415 3997 3542 4036 caro

289 4064 581 4134 γενόμενος
608 4064 763 4135 σὰρξ,
802 4063 896 4117 καὶ
940 4062 1074 4132 πρὸς
1107 4052 1207 4133 τὴν
1229 4063 1284 4115 ἐν
1307 4061 1577 4131 πνεύματι
1608 4061 1864 4132 λατρείαν

1968 4059 2187 4125 factum,
2225 4070 2281 4116 et
2309 4062 2375 4115 ad
2406 4062 2740 4130 spiritualem
2770 4065 2972 4120 cultum
3005 4076 3255 4121 naturam
3305 4070 3530 4137 ducens,

286 4157 382 4226 τὴν
430 4155 591 4223 φύσιν
631 4154 991 4226 μεταγαγὼν,
1024 4155 1125 4208 οὐκ
1174 4153 1427 4207 ἐϐούλετο
1471 4152 1571 4221 τῆς
1590 4152 1862 4259 ’ἀληθείας

1963 4151 2137 4206 noluit
2168 4167 2290 4205 cum
2316 4152 2519 4206 veritas
2544 4154 2885 4220 apparuisset
2930 4154 3179 4211 umbram
3214 4159 3417 4216 habere
3442 4177 3535 4232 po-

286 4248 544 4319 φανείσης
575 4248 672 4319 τὴν
704 4248 862 4300 σκιὰν
905 4246 1051 4316 ἔχειν
1080 4245 1179 4316 τὴν
1208 4243 1547 4308 δυναστείαν,
1586 4238 1655 4315 ἦς
1688 4242 1860 4309 τύπος

1965 4252 2237 4307 testatem,
2277 4241 2427 4309 cujus
2473 4252 2632 4313 typus
2672 4244 2806 4300 ﬁcus
2866 4248 3112 4303 exstitit:
3172 4251 3401 4318 idcirco,
3451 4255 3526 4309 in-

284 4339 528 4408 ύπῆρχεν
578 4341 613 4408 ἡ
666 4338 827 4407 συκῆ.
877 4337 978 4390 Διὰ
1026 4336 1228 4401 τοῦτο,
1269 4334 1455 4405 φησὶν,
1504 4333 1744 4388 ἐπανιὼν
1790 4335 1855 4390 ἐκ

1927 4339 1930 4359 ’
1958 4336 2098 4406 quit,
2130 4335 2432 4389 ascendens
2457 4348 2524 4389 ex
2546 4334 2809 4391 Bethania
2837 4335 3251 4408 Jerosolymam,
3310 4345 3362 4398 id
3417 4357 3522 4412 est,

282 4429 553 4498 Βηθανίας
584 4431 640 4490 ἐς
683 4427 1028 4499 Ἰεροσόλυμα
1049 4465 1063 4489 ,
1095 4426 1341 4479 τουτέστι
1374 4424 1513 4493 μετά
1551 4425 1650 4496 τὴν
1688 4441 1851 4477 τυπι-

1953 4435 2076 4495 post
2107 4424 2391 4496 ﬁguratam
2427 4424 2595 4492 illius,
2632 4441 2697 4481 ac
2732 4428 3073 4485 umbratilem
3107 4431 3160 4485 in
3211 4432 3327 4500 lege
3357 4434 3535 4490 laten-

280 4524 382 4593 κὴν
424 4524 518 4576 καὶ
549 4522 750 4594 σκιώδη
787 4522 930 4576 κατά
958 4521 1051 4574 τὸν
1080 4520 1242 4591 νόμον
1286 4517 1655 4572 λανθάνουσαν
1682 4517 1848 4572 αὑτοῦ

1956 4526 2060 4570 tem
2091 4517 2457 4585 praesentiam,
2495 4517 2692 4573 iterum
2722 4517 2789 4573 ad
2840 4519 3115 4574 hominum
3145 4518 3391 4577 naturam
3440 4540 3535 4594 per

279 4614 610 4685 παρουσίαν,
645 4611 802 4677 αὖθις
835 4616 903 4684 τῇ
934 4612 1094 4682 φύσει
1119 4612 1227 4663 τῶν
1259 4607 1564 4679 ἀνθρώπων
1593 4608 1684 4662 διὰ
1719 4626 1849 4679 cap-

1951 4621 2169 4660 carnem
2195 4608 2403 4662 accedit
2420 4608 2515 4680 (ita
2534 4610 2676 4662 enim
2697 4609 3071 4678 accipiendum
3086 4621 3169 4666 est
3193 4612 3326 4667 illud
3341 4630 3528 4669 ascen-

276 4706 369 4767 κὸς
417 4704 703 4774 ἐπιδημῶν
743 4702 921 4773 (οὕτω
981 4701 1092 4771 γὰρ
1132 4699 1369 4769 ληπτέον
1411 4696 1474 4750 τὸ
1521 4695 1783 4751 ἐπανιὼν
1805 4698 1842 4763 ),

1949 4698 2122 4768 deus),
2162 4699 2294 4754 vidit
2319 4699 2482 4754 licum
2542 4699 2593 4752 in
2645 4699 2730 4752 via
2760 4699 2887 4753 l'olia
2939 4708 3147 4754 tantum
3199 4702 3523 4768 habentem;

273 4792 378 4847 εἶδε
417 4796 589 4865 συκῆν
621 4796 680 4847 ἐν
710 4797 776 4865 τῇ
806 4793 911 4864 ὁδῷ
960 4791 1136 4860 φύλλα
1168 4790 1329 4861 μόνον
1373 4789 1626 4858 ἔχουσαν,
1656 4786 1742 4840 διὰ
1782 4787 1845 4839 τὸ

1949 4802 2170 4862 propter
2202 4793 2486 4847 transitum
2513 4792 2756 4857 brevem,
2784 4806 2848 4847 ac
2872 4792 3316 4847 instabilitatem:
3364 4809 3525 4863 quam

273 4849 565 4955 παροδικόν
588 4902 649 4936 τε
682 4849 777 4937 xuii
807 4884 1061 4937 ἄστατον.
1103 4881 1207 4934 Ἦν
1253 4878 1376 4932 ἰδὼν
1418 4880 1445 4931 6
1475 4877 1840 4945 Aéyogxsxo-

1950 4849 2070 4935 eum
2105 4880 2574 4937 vidissetVerbum
2590 4849 2863 4947 ornatam,
2897 4890 3149 4953 tanquam
3174 4882 3316 4937 foliis
3342 4849 3524 4949 ﬁcum,

272 4976 558 5046 σμημένην
587 4975 842 5045 καθάπερ
872 4972 1090 5042 φύλλοις
1122 4968 1298 5038 συκῆν
1345 4971 1456 5032 τοῖς
1487 4967 1662 5076 ἐκτὸς,
1684 4982 1837 5071 περι-

1947 4972 2314 5028 exterioribus
2337 4987 2722 5042 corporearum
2754 4972 2886 5043 legis
2938 4973 3382 5028 obserVationum
3441 4977 3524 5029 in-

267 5070 506 5137 ϐλήμασι
541 5067 649 5121 τῶν
685 5065 1014 5137 σωματικῶν
1054 5064 1148 5118 τοῦ
1187 5063 1350 5133 νόμου
1380 5059 1835 5131 παρατηρήσεών,

1943 5063 2235 5127 «lamentis,
2277 5073 2332 5118 et
2379 5080 2485 5119 non
2530 5064 2822 5119 invenisset
2869 5064 3127 5129 fructum,
3179 5066 3389 5120 scilicet
3433 5065 3521 5134 ju-

264 5119 464 5229 xaitutil]
493 5119 742 5228 εὑρηκὼς
768 5119 1003 5228 καρπὸν,
1020 5119 1266 5226 δηλονότί
1296 5119 1678 5217 δικαιοσύνης,
1705 5165 1839 5257 κατῗ

1941 5153 2126 5217 stitiae,
2158 5153 2540 5209 maledictione
2585 5155 2835 5224 perculit,
2890 5156 3000 5211 imo
3048 5171 3176 5210 vero
3208 5157 3402 5210 statuit
3453 5174 3522 5212 ue

260 5252 543 5322 ηράσατο,
589 5250 789 5319 μᾶλλον
837 5248 896 5301 δὲ
952 5246 1256 5318 προσέταξε
1303 5243 1500 5315 μηκέτι
1545 5244 1658 5304 τοῖς
1697 5241 1839 5294 κατά

1941 5242 2174 5312 amplius
2208 5243 2397 5313 ﬁguris
2420 5244 2683 5314 legalibus
2716 5245 2989 5300 subditam
3018 5246 3352 5316 opprimeret
3378 5249 3518 5299 veri-

267 5295 543 5322 'tt""""v
589 5295 782 5319 ι-ν--···-’
841 5295 894 5301 ν-
960 5295 1252 5318 "t"‘—""I'
1303 5295 1376 5315 Γ]
1639 5295 1654 5304 -

262 5345 427 5414 νόμον
451 5343 642 5407 τύποις
670 5342 1138 5412 δυναστευομένην
1171 5336 1545 5393 καλύπτεσθαι
1569 5336 1669 5405 τὴν
1702 5334 1836 5405 ἀλή-

1943 5295 2105 5391 talem
2130 5357 2142 5391 :
2172 5295 2314 5406 quin]
2339 5295 2527 5408 utiqu’e
2543 5338 2674 5406 ipsis
2690 5338 2946 5407 operibus
2970 5337 3171 5391 factum
3196 5351 3316 5390 esse
3337 5344 3516 5393 osten-

264 5436 416 5488 θειαν
437 5450 450 5462 ·
478 5435 506 5486 ὃ
543 5434 608 5506 δὴ
643 5434 853 5505 προὸἀν
887 5433 1100 5502 ἐδείχθη
1134 5432 1221 5484 διὰ
1246 5431 1354 5483 τῶν
1387 5428 1582 5500 ἔργων.
1624 5426 1737 5478 Οὐκ
1766 5420 1835 5494 ἦν

1939 5444 2058 5483 sum
2094 5439 2194 5483 est.
2256 5425 2372 5482 Non
2403 5437 2521 5482 erat
2549 5437 2752 5493 autem,
2777 5427 2971 5495 inquit,
3015 5437 3228 5495 tempus
3276 5427 3509 5481 ﬁcuum:

262 5528 336 5589 δὲ,
373 5528 530 5597 φησὶ,
559 5528 751 5597 καιρὸς
774 5526 976 5579 σύκωνο
1017 5525 1320 5587 τουτέστιν,
1352 5522 1380 5574 6
1405 5520 1595 5591 χρόνος
1623 5517 1744 5615 καθ’
1776 5517 1834 5568 ὃν

1941 5519 1990 5572 id
2021 5526 2124 5583 est,
2161 5528 2394 5587 tempus,
2423 5532 2529 5585 quo
2560 5516 2859 5585 imperabat
2885 5516 3133 5569 humana:
3159 5524 3366 5568 natura:
3401 5514 3506 5578 lex,

263 5569 336 5589 *τι
375 5569 530 5597 τίννν
560 5569 748 5597 ’ν’-τηινγ
777 5569 951 5579 -νηνσι
1028 5569 1320 5587 --ν-τ---νν
1358 5569 1375 5574 ν
1405 5569 1496 5591 Ατ-
1519 5569 1526 5571 -
1549 5569 1593 5581 ί-

262 5620 482 5688 ἐκράτει
512 5621 611 5687 τῆς
631 5617 974 5689 ἀνθρωπίνης
1017 5617 1233 5686 φύσεως
1276 5617 1303 5668 6
1334 5615 1497 5685 νόμος
1527 5612 1624 5664 οὐκ
1666 5608 1732 5682 ἦν
1763 5611 1835 5664 δι-

1940 5625 2043 5664 uou
2098 5617 2216 5662 erat
2258 5569 2490 5663 fi'uctum
2539 5607 2779 5676 jnstitim,
2838 5604 2932 5661 sed
3008 5604 3408 5672 adumbratrix,
3457 5617 3510 5659 et
