  <div class='ocr_page' id='page_1' title='image "/cluster/home/n/w/nwhite01/storage/ocr_20150623/85/mdp.39015032042783/699.png"; bbox 0 0 4038 6148; ppageno 0'>
   <div class='ocr_carea' id='block_1_1' title="bbox 497 198 714 322">
    <p class='ocr_par' dir='ltr' id='par_1_1' title="bbox 497 198 714 322">
     <span class='ocr_line' id='line_1_1' title="bbox 497 198 714 322; baseline -0.023 0"><span class='ocrx_word' id='word_1_1' title='bbox 497 227 643 322; x_wconf 72' lang='lat'><strong>1383</strong></span> <span class='ocrx_word' id='word_1_2' title='bbox 710 198 714 211; x_wconf 51' lang='grc'><em>’</em></span> 
     </span>
    </p>
   </div>
   <div class='ocr_carea' id='block_1_2' title="bbox 503 358 2158 444">
    <p class='ocr_par' dir='ltr' id='par_1_2' title="bbox 503 358 2158 444">
     <span class='ocr_line' id='line_1_2' title="bbox 503 358 2158 444; baseline -0.008 -23"><span class='ocrx_word' id='word_1_3' title='bbox 503 367 659 438; x_wconf 81' lang='lat' dir='ltr'><strong>quasi</strong></span> <span class='ocrx_word' id='word_1_4' title='bbox 694 362 882 419; x_wconf 75' lang='lat' dir='ltr'><strong>futura:</strong></span> <span class='ocrx_word' id='word_1_5' title='bbox 913 362 1102 432; x_wconf 72' lang='lat' dir='ltr'><strong>gratiae</strong></span> <span class='ocrx_word' id='word_1_6' title='bbox 1123 360 1308 425; x_wconf 76' lang='lat' dir='ltr'><strong>index,</strong></span> <span class='ocrx_word' id='word_1_7' title='bbox 1341 358 1408 414; x_wconf 86' lang='lat' dir='ltr'><strong>ad</strong></span> <span class='ocrx_word' id='word_1_8' title='bbox 1432 372 1596 427; x_wconf 86' lang='lat' dir='ltr'><strong>quam</strong></span> <span class='ocrx_word' id='word_1_9' title='bbox 1627 359 1889 426; x_wconf 87' lang='lat' dir='ltr'><strong>antiquus</strong></span> <span class='ocrx_word' id='word_1_10' title='bbox 1913 372 2082 426; x_wconf 80' lang='lat' dir='ltr'><strong>pepu-</strong></span> <span class='ocrx_word' id='word_1_11' title='bbox 2111 387 2158 444; x_wconf 59' lang='grc' dir='ltr'>Α</span> 
     </span>
    </p>
   </div>
   <div class='ocr_carea' id='block_1_3' title="bbox 504 448 2078 526">
    <p class='ocr_par' dir='ltr' id='par_1_3' title="bbox 504 448 2078 526">
     <span class='ocr_line' id='line_1_3' title="bbox 504 448 2078 526; baseline -0.01 -11"><span class='ocrx_word' id='word_1_12' title='bbox 504 461 591 515; x_wconf 90' lang='lat' dir='ltr'><strong>lus</strong></span> <span class='ocrx_word' id='word_1_13' title='bbox 618 474 723 513; x_wconf 88' lang='lat' dir='ltr'><strong>non</strong></span> <span class='ocrx_word' id='word_1_14' title='bbox 762 453 1283 526; x_wconf 85' lang='lat' dir='ltr'><strong>perveniens,periit</strong></span> <span class='ocrx_word' id='word_1_15' title='bbox 1309 451 1644 505; x_wconf 80' lang='lat' dir='ltr'><strong>inﬁdelitate.</strong></span> <span class='ocrx_word' id='word_1_16' title='bbox 1677 448 1847 504; x_wconf 72' lang='lat' dir='ltr'><strong>Israel</strong></span> <span class='ocrx_word' id='word_1_17' title='bbox 1874 451 2012 502; x_wconf 82' lang='lat' dir='ltr'><strong>enim</strong></span> <span class='ocrx_word' id='word_1_18' title='bbox 2064 486 2078 509; x_wconf 90' lang='lat'><strong>,</strong></span> 
     </span>
    </p>
   </div>
   <div class='ocr_carea' id='block_1_4' title="bbox 501 542 2083 614">
    <p class='ocr_par' dir='ltr' id='par_1_4' title="bbox 501 542 2083 614">
     <span class='ocr_line' id='line_1_4' title="bbox 501 542 2083 614; baseline -0.007 -10"><span class='ocrx_word' id='word_1_19' title='bbox 501 551 577 605; x_wconf 88' lang='lat' dir='ltr'><strong>ait</strong></span> <span class='ocrx_word' id='word_1_20' title='bbox 607 551 817 604; x_wconf 87' lang='lat' dir='ltr'><strong>divinus</strong></span> <span class='ocrx_word' id='word_1_21' title='bbox 846 545 1092 600; x_wconf 81' lang='lat' dir='ltr'><strong>uctando</strong></span> <span class='ocrx_word' id='word_1_22' title='bbox 1125 544 1286 614; x_wconf 77' lang='lat' dir='ltr'><strong>legem</strong></span> <span class='ocrx_word' id='word_1_23' title='bbox 1305 543 1557 613; x_wconf 72' lang='lat' dir='ltr'><strong>jmtitiw,</strong></span> <span class='ocrx_word' id='word_1_24' title='bbox 1581 557 1701 597; x_wconf 86' lang='lat' dir='ltr'><strong>eam</strong></span> <span class='ocrx_word' id='word_1_25' title='bbox 1726 542 1939 597; x_wconf 89' lang='lat' dir='ltr'><strong>scilicet</strong></span> <span class='ocrx_word' id='word_1_26' title='bbox 1964 555 2083 610; x_wconf 80' lang='lat' dir='ltr'><strong>qua:</strong></span> 
     </span>
    </p>
   </div>
   <div class='ocr_carea' id='block_1_5' title="bbox 502 628 2077 705">
    <p class='ocr_par' dir='ltr' id='par_1_5' title="bbox 502 628 2077 705">
     <span class='ocr_line' id='line_1_5' title="bbox 502 628 2077 705; baseline -0.006 -9"><span class='ocrx_word' id='word_1_27' title='bbox 502 644 557 696; x_wconf 85' lang='lat' dir='ltr'><strong>in</strong></span> <span class='ocrx_word' id='word_1_28' title='bbox 595 640 782 694; x_wconf 83' lang='lat' dir='ltr'><strong>umbra</strong></span> <span class='ocrx_word' id='word_1_29' title='bbox 808 644 953 702; x_wconf 88' lang='lat' dir='ltr'><strong>erat,</strong></span> <span class='ocrx_word' id='word_1_30' title='bbox 979 651 1041 691; x_wconf 87' lang='lat' dir='ltr'><strong>ac</strong></span> <span class='ocrx_word' id='word_1_31' title='bbox 1083 635 1289 705; x_wconf 84' lang='lat' dir='ltr'><strong>figuris,</strong></span> <span class='ocrx_word' id='word_1_32' title='bbox 1319 628 1387 688; x_wconf 80' lang='lat' dir='ltr'><strong>ad</strong></span> <span class='ocrx_word' id='word_1_33' title='bbox 1409 635 1572 705; x_wconf 81' lang='lat' dir='ltr'><strong>legem</strong></span> <span class='ocrx_word' id='word_1_34' title='bbox 1592 635 1811 702; x_wconf 68' lang='lat' dir='ltr'><strong>iustitia</strong></span> <span class='ocrx_word' id='word_1_35' title='bbox 1831 650 1935 688; x_wconf 77' lang='lat' dir='ltr'><strong>non</strong></span> <span class='ocrx_word' id='word_1_36' title='bbox 1960 651 2077 704; x_wconf 85' lang='lat' dir='ltr'><strong>pcr-</strong></span> 
     </span>
    </p>
   </div>
   <div class='ocr_carea' id='block_1_6' title="bbox 500 725 2085 797">
    <p class='ocr_par' dir='ltr' id='par_1_6' title="bbox 500 725 2085 797">
     <span class='ocr_line' id='line_1_6' title="bbox 500 725 2085 797; baseline -0.003 -13"><span class='ocrx_word' id='word_1_37' title='bbox 500 732 638 786; x_wconf 81' lang='lat' dir='ltr'><strong>ccm’t</strong></span> <span class='ocrx_word' id='word_1_38' title='bbox 665 728 705 794; x_wconf 89' lang='grc'>¹,</span> <span class='ocrx_word' id='word_1_39' title='bbox 750 729 801 782; x_wconf 92' lang='lat' dir='ltr'><strong>in</strong></span> <span class='ocrx_word' id='word_1_40' title='bbox 831 727 1022 797; x_wconf 72' lang='lat' dir='ltr'><strong>Spiritu</strong></span> <span class='ocrx_word' id='word_1_41' title='bbox 1058 726 1267 780; x_wconf 90' lang='lat' dir='ltr'><strong>scilicet</strong></span> <span class='ocrx_word' id='word_1_42' title='bbox 1298 726 1595 781; x_wconf 86' lang='lat' dir='ltr'><strong>secundum</strong></span> <span class='ocrx_word' id='word_1_43' title='bbox 1654 725 1932 781; x_wconf 86' lang='lat' dir='ltr'><strong>Christum</strong></span> <span class='ocrx_word' id='word_1_44' title='bbox 1965 740 2085 796; x_wconf 86' lang='lat' dir='ltr'><strong>per-</strong></span> 
     </span>
    </p>
   </div>
   <div class='ocr_carea' id='block_1_7' title="bbox 502 815 2084 884">
    <p class='ocr_par' dir='ltr' id='par_1_7' title="bbox 502 815 2084 884">
     <span class='ocr_line' id='line_1_7' title="bbox 502 815 2084 884; baseline -0.001 -10"><span class='ocrx_word' id='word_1_45' title='bbox 502 820 724 884; x_wconf 74' lang='lat' dir='ltr'><strong>fectam,</strong></span> <span class='ocrx_word' id='word_1_46' title='bbox 774 828 866 872; x_wconf 83' lang='lat' dir='ltr'><strong>aut</strong></span> <span class='ocrx_word' id='word_1_47' title='bbox 898 816 1039 873; x_wconf 88' lang='lat' dir='ltr'><strong>forte</strong></span> <span class='ocrx_word' id='word_1_48' title='bbox 1070 817 1203 871; x_wconf 85' lang='lat' dir='ltr'><strong>ficus</strong></span> <span class='ocrx_word' id='word_1_49' title='bbox 1258 816 1590 872; x_wconf 76' lang='lat' dir='ltr'><strong>infructuosa</strong></span> <span class='ocrx_word' id='word_1_50' title='bbox 1645 815 1962 874; x_wconf 81' lang='lat' dir='ltr'><strong>Scribarum</strong></span> <span class='ocrx_word' id='word_1_51' title='bbox 2019 832 2084 873; x_wconf 75' lang='lat' dir='ltr'><strong>ac</strong></span> 
     </span>
    </p>
   </div>
   <div class='ocr_carea' id='block_1_8' title="bbox 503 908 2082 980">
    <p class='ocr_par' dir='ltr' id='par_1_8' title="bbox 503 908 2082 980">
     <span class='ocr_line' id='line_1_8' title="bbox 503 908 2082 980; baseline -0.004 -13"><span class='ocrx_word' id='word_1_52' title='bbox 503 914 899 968; x_wconf 64' lang='lat' dir='ltr'><strong>Pharisaeorum</strong></span> <span class='ocrx_word' id='word_1_53' title='bbox 934 911 1121 980; x_wconf 91' lang='lat' dir='ltr'><strong>opinio</strong></span> <span class='ocrx_word' id='word_1_54' title='bbox 1145 917 1225 964; x_wconf 87' lang='lat' dir='ltr'><strong>est</strong></span> <span class='ocrx_word' id='word_1_55' title='bbox 1254 927 1267 964; x_wconf 88' lang='lat'><strong>:</strong></span> <span class='ocrx_word' id='word_1_56' title='bbox 1301 923 1462 979; x_wconf 81' lang='lat' dir='ltr'><strong>quam</strong></span> <span class='ocrx_word' id='word_1_57' title='bbox 1494 910 1703 963; x_wconf 78' lang='lat' dir='ltr'><strong>aridam</strong></span> <span class='ocrx_word' id='word_1_58' title='bbox 1732 909 1926 973; x_wconf 79' lang='lat' dir='ltr'><strong>reddit,</strong></span> <span class='ocrx_word' id='word_1_59' title='bbox 1958 908 2082 962; x_wconf 83' lang='lat' dir='ltr'><strong>illu-</strong></span> 
     </span>
    </p>
   </div>
   <div class='ocr_carea' id='block_1_9' title="bbox 499 998 2079 1068">
    <p class='ocr_par' dir='ltr' id='par_1_9' title="bbox 499 998 2079 1068">
     <span class='ocr_line' id='line_1_9' title="bbox 499 998 2079 1068; baseline -0.004 -11"><span class='ocrx_word' id='word_1_60' title='bbox 499 1019 620 1057; x_wconf 89' lang='lat' dir='ltr'><strong>rum</strong></span> <span class='ocrx_word' id='word_1_61' title='bbox 648 1002 897 1056; x_wconf 78' lang='lat' dir='ltr'><strong>esuriens</strong></span> <span class='ocrx_word' id='word_1_62' title='bbox 948 999 1374 1065; x_wconf 85' lang='lat' dir='ltr'><strong>deilicationem,</strong></span> <span class='ocrx_word' id='word_1_63' title='bbox 1431 1009 1643 1055; x_wconf 84' lang='lat' dir='ltr'><strong>utesse</strong></span> <span class='ocrx_word' id='word_1_64' title='bbox 1682 998 1815 1068; x_wconf 81' lang='lat' dir='ltr'><strong>justi</strong></span> <span class='ocrx_word' id='word_1_65' title='bbox 1869 999 2079 1063; x_wconf 84' lang='lat' dir='ltr'><strong>ntalinl,</strong></span> 
     </span>
    </p>
   </div>
   <div class='ocr_carea' id='block_1_10' title="bbox 499 1090 2081 1163">
    <p class='ocr_par' dir='ltr' id='par_1_10' title="bbox 499 1090 2081 1163">
     <span class='ocr_line' id='line_1_10' title="bbox 499 1090 2081 1163; baseline -0.001 -20"><span class='ocrx_word' id='word_1_66' title='bbox 499 1108 662 1163; x_wconf 89' lang='lat' dir='ltr'><strong>quam</strong></span> <span class='ocrx_word' id='word_1_67' title='bbox 692 1093 887 1159; x_wconf 86' lang='lat' dir='ltr'><strong>videri,</strong></span> <span class='ocrx_word' id='word_1_68' title='bbox 938 1091 1324 1161; x_wconf 83' lang='lat' dir='ltr'><strong>hypocriticam</strong></span> <span class='ocrx_word' id='word_1_69' title='bbox 1359 1091 1577 1160; x_wconf 76' lang='lat' dir='ltr'><strong>quidem</strong></span> <span class='ocrx_word' id='word_1_70' title='bbox 1627 1090 1849 1144; x_wconf 81' lang='lat' dir='ltr'><strong>moralis</strong></span> <span class='ocrx_word' id='word_1_71' title='bbox 1894 1099 2081 1145; x_wconf 76' lang='lat' dir='ltr'><strong>osten-</strong></span> 
     </span>
    </p>
   </div>
   <div class='ocr_carea' id='block_1_11' title="bbox 501 1181 2082 1253">
    <p class='ocr_par' dir='ltr' id='par_1_11' title="bbox 501 1181 2082 1253">
     <span class='ocr_line' id='line_1_11' title="bbox 501 1181 2082 1253; baseline -0.005 -13"><span class='ocrx_word' id='word_1_72' title='bbox 501 1184 671 1240; x_wconf 81' lang='lat' dir='ltr'><strong>sionis</strong></span> <span class='ocrx_word' id='word_1_73' title='bbox 698 1194 876 1253; x_wconf 81' lang='lat' dir='ltr'><strong>togam</strong></span> <span class='ocrx_word' id='word_1_74' title='bbox 925 1192 1211 1244; x_wconf 73' lang='lat' dir='ltr'><strong>exuentes,</strong></span> <span class='ocrx_word' id='word_1_75' title='bbox 1242 1196 1369 1237; x_wconf 80' lang='lat' dir='ltr'><strong>vere</strong></span> <span class='ocrx_word' id='word_1_76' title='bbox 1418 1193 1597 1235; x_wconf 89' lang='lat' dir='ltr'><strong>autem</strong></span> <span class='ocrx_word' id='word_1_77' title='bbox 1647 1183 1944 1235; x_wconf 78' lang='lat' dir='ltr'><strong>viituosam</strong></span> <span class='ocrx_word' id='word_1_78' title='bbox 1998 1181 2082 1233; x_wconf 89' lang='lat' dir='ltr'><strong>in-</strong></span> 
     </span>
    </p>
   </div>
   <div class='ocr_carea' id='block_1_12' title="bbox 499 1272 2080 1343">
    <p class='ocr_par' dir='ltr' id='par_1_12' title="bbox 499 1272 2080 1343">
     <span class='ocr_line' id='line_1_12' title="bbox 499 1272 2080 1343; baseline -0.004 -13"><span class='ocrx_word' id='word_1_79' title='bbox 499 1277 751 1340; x_wconf 84' lang='lat' dir='ltr'><strong>duentes,</strong></span> <span class='ocrx_word' id='word_1_80' title='bbox 777 1275 918 1343; x_wconf 83' lang='lat' dir='ltr'><strong>piam</strong></span> <span class='ocrx_word' id='word_1_81' title='bbox 978 1274 1142 1326; x_wconf 84' lang='lat' dir='ltr'><strong>vitam</strong></span> <span class='ocrx_word' id='word_1_82' title='bbox 1180 1274 1286 1327; x_wconf 86' lang='lat' dir='ltr'><strong>Deo</strong></span> <span class='ocrx_word' id='word_1_83' title='bbox 1325 1272 1578 1336; x_wconf 78' lang='lat' dir='ltr'><strong>oll‘erant,</strong></span> <span class='ocrx_word' id='word_1_84' title='bbox 1624 1287 1682 1327; x_wconf 89' lang='lat' dir='ltr'><strong>re</strong></span> <span class='ocrx_word' id='word_1_85' title='bbox 1711 1272 1889 1342; x_wconf 84' lang='lat' dir='ltr'><strong>potius</strong></span> <span class='ocrx_word' id='word_1_86' title='bbox 1912 1272 2080 1325; x_wconf 88' lang='lat' dir='ltr'><strong>animi</strong></span> 
     </span>
    </p>
   </div>
   <div class='ocr_carea' id='block_1_13' title="bbox 498 1362 2082 1437">
    <p class='ocr_par' dir='ltr' id='par_1_13' title="bbox 498 1362 2082 1437">
     <span class='ocr_line' id='line_1_13' title="bbox 498 1362 2082 1437; baseline -0.004 -14"><span class='ocrx_word' id='word_1_87' title='bbox 498 1368 781 1432; x_wconf 76' lang='lat' dir='ltr'><strong>aﬂectum,</strong></span> <span class='ocrx_word' id='word_1_88' title='bbox 823 1382 986 1437; x_wconf 85' lang='lat' dir='ltr'><strong>quam</strong></span> <span class='ocrx_word' id='word_1_89' title='bbox 1036 1367 1367 1420; x_wconf 76' lang='lat' dir='ltr'><strong>exteriorem</strong></span> <span class='ocrx_word' id='word_1_90' title='bbox 1413 1379 1627 1419; x_wconf 89' lang='lat' dir='ltr'><strong>morum</strong></span> <span class='ocrx_word' id='word_1_91' title='bbox 1684 1366 1909 1434; x_wconf 80' lang='lat' dir='ltr'><strong>tiguram</strong></span> <span class='ocrx_word' id='word_1_92' title='bbox 1968 1362 2082 1416; x_wconf 90' lang='lat' dir='ltr'><strong>Deo</strong></span> 
     </span>
    </p>
   </div>
   <div class='ocr_carea' id='block_1_14' title="bbox 500 1455 2082 1524">
    <p class='ocr_par' dir='ltr' id='par_1_14' title="bbox 500 1455 2082 1524">
     <span class='ocr_line' id='line_1_14' title="bbox 500 1455 2082 1524; baseline -0.005 -9"><span class='ocrx_word' id='word_1_93' title='bbox 500 1460 813 1515; x_wconf 80' lang='lat' dir='ltr'><strong>exhibeant.</strong></span> <span class='ocrx_word' id='word_1_94' title='bbox 860 1459 957 1512; x_wconf 83' lang='lat' dir='ltr'><strong>Sin</strong></span> <span class='ocrx_word' id='word_1_95' title='bbox 983 1467 1162 1511; x_wconf 81' lang='lat' dir='ltr'><strong>autent</strong></span> <span class='ocrx_word' id='word_1_96' title='bbox 1193 1456 1629 1511; x_wconf 74' lang='lat' dir='ltr'><strong>Christianorum</strong></span> <span class='ocrx_word' id='word_1_97' title='bbox 1677 1455 1895 1524; x_wconf 89' lang='lat' dir='ltr'><strong>quidam</strong></span> <span class='ocrx_word' id='word_1_98' title='bbox 1946 1455 2082 1507; x_wconf 72' lang='lat' dir='ltr'><strong>tales</strong></span> 
     </span>
    </p>
   </div>
   <div class='ocr_carea' id='block_1_15' title="bbox 501 1539 2082 1612">
    <p class='ocr_par' dir='ltr' id='par_1_15' title="bbox 501 1539 2082 1612">
     <span class='ocr_line' id='line_1_15' title="bbox 501 1539 2082 1612; baseline -0.008 -8"><span class='ocrx_word' id='word_1_99' title='bbox 501 1563 723 1604; x_wconf 89' lang='lat' dir='ltr'><strong>sumus:</strong></span> <span class='ocrx_word' id='word_1_100' title='bbox 763 1562 975 1603; x_wconf 91' lang='lat' dir='ltr'><strong>morum</strong></span> <span class='ocrx_word' id='word_1_101' title='bbox 1009 1546 1367 1600; x_wconf 84' lang='lat' dir='ltr'><strong>reverentiam</strong></span> <span class='ocrx_word' id='word_1_102' title='bbox 1400 1545 1522 1599; x_wconf 87' lang='lat' dir='ltr'><strong>sine</strong></span> <span class='ocrx_word' id='word_1_103' title='bbox 1556 1542 1811 1612; x_wconf 80' lang='lat' dir='ltr'><strong>Operibus</strong></span> <span class='ocrx_word' id='word_1_104' title='bbox 1858 1539 2082 1608; x_wconf 76' lang='lat' dir='ltr'><strong>justitia:</strong></span> 
     </span>
    </p>
   </div>
   <div class='ocr_carea' id='block_1_16' title="bbox 503 1628 2075 1707">
    <p class='ocr_par' dir='ltr' id='par_1_16' title="bbox 503 1628 2075 1707">
     <span class='ocr_line' id='line_1_16' title="bbox 503 1628 2075 1707; baseline -0.007 -16"><span class='ocrx_word' id='word_1_105' title='bbox 503 1636 887 1707; x_wconf 75' lang='lat' dir='ltr'><strong>praeferentes,</strong></span> <span class='ocrx_word' id='word_1_106' title='bbox 962 1635 1292 1703; x_wconf 86' lang='lat' dir='ltr'><strong>suscipimus</strong></span> <span class='ocrx_word' id='word_1_107' title='bbox 1356 1628 1592 1688; x_wconf 75' lang='lat' dir='ltr'><strong>Verbum</strong></span> <span class='ocrx_word' id='word_1_108' title='bbox 1654 1642 1713 1683; x_wconf 90' lang='lat' dir='ltr'><strong>ut</strong></span> <span class='ocrx_word' id='word_1_109' title='bbox 1783 1630 2075 1699; x_wconf 84' lang='lat' dir='ltr'><strong>benignum</strong></span> 
     </span>
    </p>
   </div>
   <div class='ocr_carea' id='block_1_17' title="bbox 1667 238 2574 305">
    <p class='ocr_par' dir='ltr' id='par_1_17' title="bbox 1667 238 2574 305">
     <span class='ocr_line' id='line_1_17' title="bbox 1667 238 2574 305; baseline -0.007 -2"><span class='ocrx_word' id='word_1_110' title='bbox 1667 242 2004 305; x_wconf 78' lang='grc' dir='ltr'><strong>ΑΜΜΟΝΙΙ</strong></span> <span class='ocrx_word' id='word_1_111' title='bbox 2044 238 2574 299; x_wconf 55' lang='grc' dir='ltr'><strong>ΑΙιΕΧΑΝῡΡιιΝῐ</strong></span> 
     </span>
    </p>
   </div>
   <div class='ocr_carea' id='block_1_18' title="bbox 3635 234 3773 299">
    <p class='ocr_par' dir='ltr' id='par_1_18' title="bbox 3635 234 3773 299">
     <span class='ocr_line' id='line_1_18' title="bbox 3635 234 3773 299; baseline 0.007 -2"><span class='ocrx_word' id='word_1_112' title='bbox 3635 234 3773 299; x_wconf 63' lang='grc' dir='ltr'><strong>Ιδῦί</strong></span> 
     </span>
    </p>
   </div>
   <div class='ocr_carea' id='block_1_19' title="bbox 2186 345 3773 425">
    <p class='ocr_par' dir='ltr' id='par_1_19' title="bbox 2186 345 3773 425">
     <span class='ocr_line' id='line_1_19' title="bbox 2186 345 3773 425; baseline -0.003 -18"><span class='ocrx_word' id='word_1_113' title='bbox 2186 352 2483 422; x_wconf 85' lang='grc' dir='ltr'>καιοσύνης</span> <span class='ocrx_word' id='word_1_114' title='bbox 2537 350 2790 422; x_wconf 87' lang='grc' dir='ltr'>καρπῶν,</span> <span class='ocrx_word' id='word_1_115' title='bbox 2827 350 2945 405; x_wconf 82' lang='grc' dir='ltr'>ἀλλ’</span> <span class='ocrx_word' id='word_1_116' title='bbox 2988 349 3316 420; x_wconf 82' lang='grc' dir='ltr'>εἰκονιστὴς,</span> <span class='ocrx_word' id='word_1_117' title='bbox 3363 348 3464 425; x_wconf 76' lang='grc' dir='ltr'>καὶ</span> <span class='ocrx_word' id='word_1_118' title='bbox 3507 345 3622 405; x_wconf 75' lang='grc' dir='ltr'>οἷον</span> <span class='ocrx_word' id='word_1_119' title='bbox 3668 350 3773 420; x_wconf 78' lang='grc' dir='ltr'>τῆς</span> 
     </span>
    </p>
   </div>
   <div class='ocr_carea' id='block_1_20' title="bbox 2189 441 3771 515">
    <p class='ocr_par' dir='ltr' id='par_1_20' title="bbox 2189 441 3771 515">
     <span class='ocr_line' id='line_1_20' title="bbox 2189 441 3771 515; baseline 0 -18"><span class='ocrx_word' id='word_1_120' title='bbox 2189 444 2495 515; x_wconf 81' lang='grc' dir='ltr'><strong>μελλούσης</strong></span> <span class='ocrx_word' id='word_1_121' title='bbox 2523 444 2749 514; x_wconf 85' lang='grc' dir='ltr'>χάριτος</span> <span class='ocrx_word' id='word_1_122' title='bbox 2779 441 3077 514; x_wconf 86' lang='grc' dir='ltr'>μηνυτικὸς</span> <span class='ocrx_word' id='word_1_123' title='bbox 3099 483 3113 506; x_wconf 83' lang='grc'><strong>,</strong></span> <span class='ocrx_word' id='word_1_124' title='bbox 3160 444 3239 506; x_wconf 80' lang='grc' dir='ltr'><strong>είς</strong></span> <span class='ocrx_word' id='word_1_125' title='bbox 3271 443 3340 513; x_wconf 80' lang='grc' dir='ltr'>ἣν</span> <span class='ocrx_word' id='word_1_126' title='bbox 3375 443 3451 515; x_wconf 86' lang='grc' dir='ltr'><strong>μὴ</strong></span> <span class='ocrx_word' id='word_1_127' title='bbox 3496 442 3713 512; x_wconf 80' lang='grc' dir='ltr'><strong>φθάσας</strong></span> <span class='ocrx_word' id='word_1_128' title='bbox 3742 444 3771 496; x_wconf 82' lang='grc' dir='ltr'><strong><em>ὁ</em></strong></span> 
     </span>
    </p>
   </div>
   <div class='ocr_carea' id='block_1_21' title="bbox 2187 532 3769 603">
    <p class='ocr_par' dir='ltr' id='par_1_21' title="bbox 2187 532 3769 603">
     <span class='ocr_line' id='line_1_21' title="bbox 2187 532 3769 603; baseline -0.001 -14"><span class='ocrx_word' id='word_1_129' title='bbox 2187 536 2417 599; x_wconf 82' lang='grc' dir='ltr'>παλαιὸς</span> <span class='ocrx_word' id='word_1_130' title='bbox 2464 535 2554 589; x_wconf 75' lang='grc' dir='ltr'>διὰ</span> <span class='ocrx_word' id='word_1_131' title='bbox 2598 535 2698 603; x_wconf 84' lang='grc' dir='ltr'>τῆς</span> <span class='ocrx_word' id='word_1_132' title='bbox 2742 535 3000 596; x_wconf 83' lang='grc' dir='ltr'><strong>ἀπιστίας</strong></span> <span class='ocrx_word' id='word_1_133' title='bbox 3033 532 3284 588; x_wconf 82' lang='grc' dir='ltr'><strong>ἀπώλετο</strong></span> <span class='ocrx_word' id='word_1_134' title='bbox 3316 534 3467 598; x_wconf 84' lang='grc' dir='ltr'>λαός.</span> <span class='ocrx_word' id='word_1_135' title='bbox 3519 533 3769 600; x_wconf 58' lang='grc' dir='ltr'>Ἰσραὴλ</span> 
     </span>
    </p>
   </div>
   <div class='ocr_carea' id='block_1_22' title="bbox 2184 626 3766 701">
    <p class='ocr_par' dir='ltr' id='par_1_22' title="bbox 2184 626 3766 701">
     <span class='ocr_line' id='line_1_22' title="bbox 2184 626 3766 701; baseline -0.001 -18"><span class='ocrx_word' id='word_1_136' title='bbox 2184 629 2316 701; x_wconf 66' lang='grc' dir='ltr'>γὰρ,</span> <span class='ocrx_word' id='word_1_137' title='bbox 2354 630 2519 698; x_wconf 70' lang='grc' dir='ltr'>φησιν</span> <span class='ocrx_word' id='word_1_138' title='bbox 2558 630 2589 681; x_wconf 86' lang='grc' dir='ltr'><strong><em>ὁ</em></strong></span> <span class='ocrx_word' id='word_1_139' title='bbox 2620 627 2765 691; x_wconf 87' lang='grc' dir='ltr'>θεῖος</span> <span class='ocrx_word' id='word_1_140' title='bbox 2806 628 3163 693; x_wconf 80' lang='grc' dir='ltr'>’Δπόστολος,</span> <span class='ocrx_word' id='word_1_141' title='bbox 3200 626 3433 681; x_wconf 72' lang='grc' dir='ltr'>διώκων</span> <span class='ocrx_word' id='word_1_142' title='bbox 3459 627 3766 681; x_wconf 78' lang='grc' dir='ltr'>δικαιοσύ-</span> 
     </span>
    </p>
   </div>
   <div class='ocr_carea' id='block_1_23' title="bbox 2184 720 3766 792">
    <p class='ocr_par' dir='ltr' id='par_1_23' title="bbox 2184 720 3766 792">
     <span class='ocr_line' id='line_1_23' title="bbox 2184 720 3766 792; baseline -0.001 -17"><span class='ocrx_word' id='word_1_143' title='bbox 2184 738 2298 788; x_wconf 81' lang='grc' dir='ltr'>νης</span> <span class='ocrx_word' id='word_1_144' title='bbox 2342 722 2551 791; x_wconf 77' lang='grc' dir='ltr'>νόμον,</span> <span class='ocrx_word' id='word_1_145' title='bbox 2583 721 2678 775; x_wconf 79' lang='grc' dir='ltr'>τὸν</span> <span class='ocrx_word' id='word_1_146' title='bbox 2723 722 2780 774; x_wconf 74' lang='grc' dir='ltr'>ὲν</span> <span class='ocrx_word' id='word_1_147' title='bbox 2815 722 2946 792; x_wconf 80' lang='grc' dir='ltr'>σκιᾷ</span> <span class='ocrx_word' id='word_1_148' title='bbox 2972 720 3219 791; x_wconf 89' lang='grc' dir='ltr'>δηλονότι</span> <span class='ocrx_word' id='word_1_149' title='bbox 3268 720 3363 773; x_wconf 82' lang='grc' dir='ltr'>καὶ</span> <span class='ocrx_word' id='word_1_150' title='bbox 3408 720 3639 784; x_wconf 85' lang='grc' dir='ltr'>τύποις,</span> <span class='ocrx_word' id='word_1_151' title='bbox 3679 723 3766 786; x_wconf 73' lang='grc' dir='ltr'><strong>είς</strong></span> 
     </span>
    </p>
   </div>
   <div class='ocr_carea' id='block_1_24' title="bbox 2183 810 3763 883">
    <p class='ocr_par' dir='ltr' id='par_1_24' title="bbox 2183 810 3763 883">
     <span class='ocr_line' id='line_1_24' title="bbox 2183 810 3763 883; baseline -0.001 -18"><span class='ocrx_word' id='word_1_152' title='bbox 2183 815 2374 881; x_wconf 81' lang='grc' dir='ltr'>νόμον</span> <span class='ocrx_word' id='word_1_153' title='bbox 2404 812 2805 881; x_wconf 80' lang='grc' dir='ltr'><strong>δικαιοσύνης</strong></span> <span class='ocrx_word' id='word_1_154' title='bbox 2838 814 2951 867; x_wconf 83' lang='grc' dir='ltr'>οὐκ</span> <span class='ocrx_word' id='word_1_155' title='bbox 2980 810 3234 881; x_wconf 62' lang='grc' dir='ltr'>ἔφθασε,</span> <span class='ocrx_word' id='word_1_156' title='bbox 3256 811 3348 864; x_wconf 88' lang='grc' dir='ltr'>τὸν</span> <span class='ocrx_word' id='word_1_157' title='bbox 3377 814 3435 865; x_wconf 83' lang='grc' dir='ltr'>ὲν</span> <span class='ocrx_word' id='word_1_158' title='bbox 3466 811 3763 883; x_wconf 83' lang='grc' dir='ltr'>πνεύματι,</span> 
     </span>
    </p>
   </div>
   <div class='ocr_carea' id='block_1_25' title="bbox 2183 902 3763 973">
    <p class='ocr_par' dir='ltr' id='par_1_25' title="bbox 2183 902 3763 973">
     <span class='ocr_line' id='line_1_25' title="bbox 2183 902 3763 973; baseline 0 -18"><span class='ocrx_word' id='word_1_159' title='bbox 2183 902 2387 972; x_wconf 86' lang='grc' dir='ltr'>δηλαδὴ</span> <span class='ocrx_word' id='word_1_160' title='bbox 2446 902 2590 956; x_wconf 82' lang='grc' dir='ltr'>κατά</span> <span class='ocrx_word' id='word_1_161' title='bbox 2627 903 2866 973; x_wconf 65' lang='grc' dir='ltr'>Χριστὸν</span> <span class='ocrx_word' id='word_1_162' title='bbox 2911 902 3330 973; x_wconf 68' lang='grc' dir='ltr'>τελειούμενονε</span> <span class='ocrx_word' id='word_1_163' title='bbox 3380 902 3585 973; x_wconf 82' lang='grc' dir='ltr'>ἥτάχα</span> <span class='ocrx_word' id='word_1_164' title='bbox 3626 903 3763 973; x_wconf 78' lang='grc' dir='ltr'>συκῆ</span> 
     </span>
    </p>
   </div>
   <div class='ocr_carea' id='block_1_26' title="bbox 2184 992 3765 1064">
    <p class='ocr_par' dir='ltr' id='par_1_26' title="bbox 2184 992 3765 1064">
     <span class='ocr_line' id='line_1_26' title="bbox 2184 992 3765 1064; baseline -0.001 -17"><span class='ocrx_word' id='word_1_165' title='bbox 2184 992 2436 1064; x_wconf 82' lang='grc' dir='ltr'>ἄκαρπος</span> <span class='ocrx_word' id='word_1_166' title='bbox 2477 995 2510 1064; x_wconf 83' lang='grc' dir='ltr'><strong>ὴ</strong></span> <span class='ocrx_word' id='word_1_167' title='bbox 2572 992 2682 1045; x_wconf 78' lang='grc' dir='ltr'><strong>τῶν</strong></span> <span class='ocrx_word' id='word_1_168' title='bbox 2716 993 3100 1063; x_wconf 84' lang='grc' dir='ltr'>Γραμματὲων</span> <span class='ocrx_word' id='word_1_169' title='bbox 3135 992 3233 1046; x_wconf 74' lang='grc' dir='ltr'>καὶ</span> <span class='ocrx_word' id='word_1_170' title='bbox 3259 992 3572 1063; x_wconf 74' lang='grc' dir='ltr'><strong>Φαρισαίων</strong></span> <span class='ocrx_word' id='word_1_171' title='bbox 3616 994 3765 1046; x_wconf 79' lang='grc' dir='ltr'>ἐστὶν</span> 
     </span>
    </p>
   </div>
   <div class='ocr_carea' id='block_1_27' title="bbox 2182 1079 3762 1155">
    <p class='ocr_par' dir='ltr' id='par_1_27' title="bbox 2182 1079 3762 1155">
     <span class='ocr_line' id='line_1_27' title="bbox 2182 1079 3762 1155; baseline -0.001 -18"><span class='ocrx_word' id='word_1_172' title='bbox 2182 1084 2380 1155; x_wconf 79' lang='grc' dir='ltr'>οἴησις,</span> <span class='ocrx_word' id='word_1_173' title='bbox 2428 1079 2497 1155; x_wconf 74' lang='grc' dir='ltr'>ῆν</span> <span class='ocrx_word' id='word_1_174' title='bbox 2533 1084 2778 1155; x_wconf 76' lang='grc' dir='ltr'><strong>ξηραίνει</strong></span> <span class='ocrx_word' id='word_1_175' title='bbox 2824 1087 2853 1137; x_wconf 87' lang='grc' dir='ltr'>ὁ</span> <span class='ocrx_word' id='word_1_176' title='bbox 2884 1084 3088 1139; x_wconf 83' lang='grc' dir='ltr'>πεινῶν</span> <span class='ocrx_word' id='word_1_177' title='bbox 3115 1084 3298 1137; x_wconf 84' lang='grc' dir='ltr'>αὐτῶν</span> <span class='ocrx_word' id='word_1_178' title='bbox 3334 1086 3434 1155; x_wconf 80' lang='grc' dir='ltr'><strong>τὴν</strong></span> <span class='ocrx_word' id='word_1_179' title='bbox 3473 1085 3762 1149; x_wconf 80' lang='grc' dir='ltr'>ὲκθέωσιν,</span> 
     </span>
    </p>
   </div>
   <div class='ocr_carea' id='block_1_28' title="bbox 2182 1171 3767 1248">
    <p class='ocr_par' dir='ltr' id='par_1_28' title="bbox 2182 1171 3767 1248">
     <span class='ocr_line' id='line_1_28' title="bbox 2182 1171 3767 1248; baseline -0.001 -19"><span class='ocrx_word' id='word_1_180' title='bbox 2182 1176 2332 1239; x_wconf 82' lang='grc' dir='ltr'>ὅπως</span> <span class='ocrx_word' id='word_1_181' title='bbox 2356 1175 2451 1228; x_wconf 77' lang='grc' dir='ltr'>τοῦ</span> <span class='ocrx_word' id='word_1_182' title='bbox 2489 1171 2667 1231; x_wconf 85' lang='grc' dir='ltr'><strong>δοκεῖν</strong></span> <span class='ocrx_word' id='word_1_183' title='bbox 2697 1172 2839 1229; x_wconf 79' lang='grc' dir='ltr'>εἶναι</span> <span class='ocrx_word' id='word_1_184' title='bbox 2869 1176 3091 1243; x_wconf 84' lang='grc' dir='ltr'>δίκαιοι,</span> <span class='ocrx_word' id='word_1_185' title='bbox 3120 1176 3183 1229; x_wconf 83' lang='grc' dir='ltr'>τὸ</span> <span class='ocrx_word' id='word_1_186' title='bbox 3223 1173 3365 1229; x_wconf 76' lang='grc' dir='ltr'>εἶναι</span> <span class='ocrx_word' id='word_1_187' title='bbox 3399 1177 3598 1246; x_wconf 81' lang='grc' dir='ltr'>μᾶλλον</span> <span class='ocrx_word' id='word_1_188' title='bbox 3632 1193 3767 1248; x_wconf 86' lang='grc' dir='ltr'>προ-</span> 
     </span>
    </p>
   </div>
   <div class='ocr_carea' id='block_1_29' title="bbox 2185 1266 3762 1339">
    <p class='ocr_par' dir='ltr' id='par_1_29' title="bbox 2185 1266 3762 1339">
     <span class='ocr_line' id='line_1_29' title="bbox 2185 1266 3762 1339; baseline -0.001 -19"><span class='ocrx_word' id='word_1_189' title='bbox 2185 1266 2494 1337; x_wconf 80' lang='grc' dir='ltr'><strong>κρίνοντες,</strong></span> <span class='ocrx_word' id='word_1_190' title='bbox 2527 1269 2622 1320; x_wconf 75' lang='grc' dir='ltr'><strong>τὸν</strong></span> <span class='ocrx_word' id='word_1_191' title='bbox 2675 1267 2773 1338; x_wconf 85' lang='grc' dir='ltr'>μὲν</span> <span class='ocrx_word' id='word_1_192' title='bbox 2801 1267 2926 1320; x_wconf 84' lang='grc' dir='ltr'>καθ’</span> <span class='ocrx_word' id='word_1_193' title='bbox 2961 1267 3254 1339; x_wconf 83' lang='grc' dir='ltr'>ὑπόκρισιν</span> <span class='ocrx_word' id='word_1_194' title='bbox 3288 1271 3387 1337; x_wconf 86' lang='grc' dir='ltr'>τῆς</span> <span class='ocrx_word' id='word_1_195' title='bbox 3416 1267 3617 1337; x_wconf 75' lang='grc' dir='ltr'>ἠθικῆς</span> <span class='ocrx_word' id='word_1_196' title='bbox 3644 1269 3762 1319; x_wconf 67' lang='grc' dir='ltr'>ἐπιδ</span> 
     </span>
    </p>
   </div>
   <div class='ocr_carea' id='block_1_30' title="bbox 2181 1356 3762 1429">
    <p class='ocr_par' dir='ltr' id='par_1_30' title="bbox 2181 1356 3762 1429">
     <span class='ocr_line' id='line_1_30' title="bbox 2181 1356 3762 1429; baseline -0.001 -19"><span class='ocrx_word' id='word_1_197' title='bbox 2181 1357 2397 1421; x_wconf 73' lang='grc' dir='ltr'>δείξεως</span> <span class='ocrx_word' id='word_1_198' title='bbox 2424 1357 2781 1429; x_wconf 78' lang='grc' dir='ltr'>ἐκδυσάμενοι</span> <span class='ocrx_word' id='word_1_199' title='bbox 2806 1358 3027 1428; x_wconf 87' lang='grc' dir='ltr'>χιτῶνα,</span> <span class='ocrx_word' id='word_1_200' title='bbox 3058 1358 3152 1411; x_wconf 82' lang='grc' dir='ltr'>τὸν</span> <span class='ocrx_word' id='word_1_201' title='bbox 3181 1360 3437 1427; x_wconf 78' lang='grc' dir='ltr'>ἐνάρετον</span> <span class='ocrx_word' id='word_1_202' title='bbox 3463 1357 3519 1410; x_wconf 87' lang='grc' dir='ltr'>δὲ</span> <span class='ocrx_word' id='word_1_203' title='bbox 3547 1356 3762 1426; x_wconf 78' lang='grc' dir='ltr'>άληθῶς</span> 
     </span>
    </p>
   </div>
   <div class='ocr_carea' id='block_1_31' title="bbox 2186 1448 3764 1522">
    <p class='ocr_par' dir='ltr' id='par_1_31' title="bbox 2186 1448 3764 1522">
     <span class='ocr_line' id='line_1_31' title="bbox 2186 1448 3764 1522; baseline -0.001 -20"><span class='ocrx_word' id='word_1_204' title='bbox 2186 1451 2574 1522; x_wconf 70' lang='grc' dir='ltr'><strong>μετελθόντες,</strong></span> <span class='ocrx_word' id='word_1_205' title='bbox 2610 1450 2854 1514; x_wconf 73' lang='grc' dir='ltr'>εὐσεϐῶς</span> <span class='ocrx_word' id='word_1_206' title='bbox 2893 1452 2995 1520; x_wconf 87' lang='grc' dir='ltr'><strong>τὴν</strong></span> <span class='ocrx_word' id='word_1_207' title='bbox 3048 1448 3193 1520; x_wconf 76' lang='grc' dir='ltr'>ζωὴν</span> <span class='ocrx_word' id='word_1_208' title='bbox 3234 1449 3609 1518; x_wconf 82' lang='grc' dir='ltr'>μετενέγκωσι</span> <span class='ocrx_word' id='word_1_209' title='bbox 3641 1448 3764 1519; x_wconf 78' lang='grc' dir='ltr'><strong>Θεῷ</strong></span> 
     </span>
    </p>
   </div>
   <div class='ocr_carea' id='block_1_32' title="bbox 2186 1540 3762 1612">
    <p class='ocr_par' dir='ltr' id='par_1_32' title="bbox 2186 1540 3762 1612">
     <span class='ocr_line' id='line_1_32' title="bbox 2186 1540 3762 1612; baseline -0.002 -17"><span class='ocrx_word' id='word_1_210' title='bbox 2186 1542 2390 1611; x_wconf 80' lang='grc' dir='ltr'>μᾶλλον</span> <span class='ocrx_word' id='word_1_211' title='bbox 2416 1541 2518 1612; x_wconf 80' lang='grc' dir='ltr'>τῆς</span> <span class='ocrx_word' id='word_1_212' title='bbox 2542 1541 2724 1612; x_wconf 77' lang='grc' dir='ltr'>ψυχῆς</span> <span class='ocrx_word' id='word_1_213' title='bbox 2749 1541 2850 1611; x_wconf 85' lang='grc' dir='ltr'><strong>τὴν</strong></span> <span class='ocrx_word' id='word_1_214' title='bbox 2895 1540 3160 1603; x_wconf 85' lang='grc' dir='ltr'>διάθεσιν,</span> <span class='ocrx_word' id='word_1_215' title='bbox 3191 1540 3224 1610; x_wconf 86' lang='grc' dir='ltr'>ἢ</span> <span class='ocrx_word' id='word_1_216' title='bbox 3252 1540 3357 1597; x_wconf 33' lang='grc' dir='ltr'>,τὸν</span> <span class='ocrx_word' id='word_1_217' title='bbox 3381 1541 3539 1604; x_wconf 76' lang='grc' dir='ltr'>ἐκτὸς</span> <span class='ocrx_word' id='word_1_218' title='bbox 3569 1541 3762 1594; x_wconf 76' lang='grc' dir='ltr'>ἐπιδει-</span> 
     </span>
    </p>
   </div>
   <div class='ocr_carea' id='block_1_33' title="bbox 2183 1633 3762 1708">
    <p class='ocr_par' dir='ltr' id='par_1_33' title="bbox 2183 1633 3762 1708">
     <span class='ocr_line' id='line_1_33' title="bbox 2183 1633 3762 1708; baseline -0.003 -19"><span class='ocrx_word' id='word_1_219' title='bbox 2183 1636 2445 1706; x_wconf 85' lang='grc' dir='ltr'>κνύμενοι</span> <span class='ocrx_word' id='word_1_220' title='bbox 2489 1636 2620 1708; x_wconf 78' lang='grc' dir='ltr'>περὶ</span> <span class='ocrx_word' id='word_1_221' title='bbox 2664 1635 2734 1688; x_wconf 85' lang='grc' dir='ltr'>τὰ</span> <span class='ocrx_word' id='word_1_222' title='bbox 2758 1635 2866 1704; x_wconf 70' lang='grc' dir='ltr'>ἤθη</span> <span class='ocrx_word' id='word_1_223' title='bbox 2898 1634 3298 1705; x_wconf 83' lang='grc' dir='ltr'>σχηματισμόν.</span> <span class='ocrx_word' id='word_1_224' title='bbox 3340 1635 3403 1687; x_wconf 79' lang='grc' dir='ltr'><strong>Εἰ</strong></span> <span class='ocrx_word' id='word_1_225' title='bbox 3430 1633 3490 1687; x_wconf 85' lang='grc' dir='ltr'>δὲ</span> <span class='ocrx_word' id='word_1_226' title='bbox 3526 1635 3623 1687; x_wconf 71' lang='grc' dir='ltr'>καὶ</span> <span class='ocrx_word' id='word_1_227' title='bbox 3654 1633 3762 1687; x_wconf 88' lang='grc' dir='ltr'><strong>τῶν</strong></span> 
     </span>
    </p>
   </div>
   <div class='ocr_carea' id='block_1_34' title="bbox 413 1722 2083 1805">
    <p class='ocr_par' dir='ltr' id='par_1_34' title="bbox 413 1722 2078 1789">
     <span class='ocr_line' id='line_1_34' title="bbox 413 1722 2078 1789; baseline -0.007 -6"><span class='ocrx_word' id='word_1_228' title='bbox 413 1779 422 1783; x_wconf 82' lang='grc'>.</span> <span class='ocrx_word' id='word_1_229' title='bbox 502 1740 703 1784; x_wconf 76' lang='lat' dir='ltr'><strong>nostra:</strong></span> <span class='ocrx_word' id='word_1_230' title='bbox 757 1727 953 1784; x_wconf 90' lang='lat' dir='ltr'><strong>salutis</strong></span> <span class='ocrx_word' id='word_1_231' title='bbox 973 1726 1326 1788; x_wconf 88' lang='lat' dir='ltr'><strong>esuritorem,</strong></span> <span class='ocrx_word' id='word_1_232' title='bbox 1380 1722 1842 1789; x_wconf 67' lang='lat' dir='ltr'><strong>exarefacicutem</strong></span> <span class='ocrx_word' id='word_1_233' title='bbox 1891 1736 2078 1776; x_wconf 86' lang='lat' dir='ltr'><strong>semen</strong></span> 
     </span>
    </p>
   </div>
   <div class='ocr_carea' id='block_1_35' title="bbox 2185 1722 3762 1805">
    <p class='ocr_par' dir='ltr' id='par_1_35' title="bbox 2185 1725 3762 1800">
     <span class='ocr_line' id='line_1_35' title="bbox 2185 1725 3762 1800; baseline -0.002 -18"><span class='ocrx_word' id='word_1_234' title='bbox 2185 1725 2527 1800; x_wconf 82' lang='grc' dir='ltr'>Χριστιανῶν</span> <span class='ocrx_word' id='word_1_235' title='bbox 2557 1727 2724 1798; x_wconf 78' lang='grc' dir='ltr'>ἐσμέν</span> <span class='ocrx_word' id='word_1_236' title='bbox 2764 1744 2909 1790; x_wconf 81' lang='grc' dir='ltr'>τινες</span> <span class='ocrx_word' id='word_1_237' title='bbox 2934 1725 3167 1779; x_wconf 81' lang='grc' dir='ltr'>τοιοῦτοι</span> <span class='ocrx_word' id='word_1_238' title='bbox 3191 1740 3205 1756; x_wconf 85' lang='grc'>⁶</span> <span class='ocrx_word' id='word_1_239' title='bbox 3236 1726 3337 1798; x_wconf 85' lang='grc' dir='ltr'><strong>τὴν</strong></span> <span class='ocrx_word' id='word_1_240' title='bbox 3363 1726 3655 1780; x_wconf 74' lang='grc' dir='ltr'>εὐλάϐειαν</span> <span class='ocrx_word' id='word_1_241' title='bbox 3674 1726 3762 1779; x_wconf 70' lang='grc' dir='ltr'><strong>διὰ</strong></span> 
     </span>
    </p>
   </div>
   <div class='ocr_carea' id='block_1_36' title="bbox 504 1815 2078 1884">
    <p class='ocr_par' dir='ltr' id='par_1_36' title="bbox 504 1815 2078 1884">
     <span class='ocr_line' id='line_1_36' title="bbox 504 1815 2078 1884; baseline -0.006 -9"><span class='ocrx_word' id='word_1_242' title='bbox 504 1821 725 1875; x_wconf 74' lang='lat' dir='ltr'><strong>malitiae</strong></span> <span class='ocrx_word' id='word_1_243' title='bbox 748 1820 964 1884; x_wconf 67' lang='lat' dir='ltr'><strong>animae,</strong></span> <span class='ocrx_word' id='word_1_244' title='bbox 998 1819 1213 1872; x_wconf 82' lang='lat' dir='ltr'><strong>inanem</strong></span> <span class='ocrx_word' id='word_1_245' title='bbox 1246 1816 1460 1871; x_wconf 84' lang='lat' dir='ltr'><strong>scilicet</strong></span> <span class='ocrx_word' id='word_1_246' title='bbox 1496 1815 1833 1884; x_wconf 84' lang='lat' dir='ltr'><strong>Opinionem,</strong></span> <span class='ocrx_word' id='word_1_247' title='bbox 1880 1824 1939 1867; x_wconf 88' lang='lat' dir='ltr'><strong>ut</strong></span> <span class='ocrx_word' id='word_1_248' title='bbox 1974 1830 2078 1867; x_wconf 83' lang='lat' dir='ltr'><strong>non</strong></span> 
     </span>
    </p>
   </div>
   <div class='ocr_carea' id='block_1_37' title="bbox 501 1902 2081 1981">
    <p class='ocr_par' dir='ltr' id='par_1_37' title="bbox 501 1902 2081 1981">
     <span class='ocr_line' id='line_1_37' title="bbox 501 1902 2081 1981; baseline -0.004 -16"><span class='ocrx_word' id='word_1_249' title='bbox 501 1912 735 1981; x_wconf 76' lang='lat' dir='ltr'><strong>amplius</strong></span> <span class='ocrx_word' id='word_1_250' title='bbox 769 1910 1010 1964; x_wconf 85' lang='lat' dir='ltr'><strong>fructum</strong></span> <span class='ocrx_word' id='word_1_251' title='bbox 1041 1908 1183 1962; x_wconf 84' lang='lat' dir='ltr'><strong>ferat</strong></span> <span class='ocrx_word' id='word_1_252' title='bbox 1220 1904 1616 1976; x_wconf 86' lang='lat' dir='ltr'><strong>corruptionis,</strong></span> <span class='ocrx_word' id='word_1_253' title='bbox 1673 1902 1913 1959; x_wconf 86' lang='lat' dir='ltr'><strong>studium</strong></span> <span class='ocrx_word' id='word_1_254' title='bbox 1965 1905 2081 1975; x_wconf 86' lang='lat' dir='ltr'><strong>pla-</strong></span> 
     </span>
    </p>
   </div>
   <div class='ocr_carea' id='block_1_38' title="bbox 501 1997 1028 2054">
    <p class='ocr_par' dir='ltr' id='par_1_38' title="bbox 501 1997 1028 2054">
     <span class='ocr_line' id='line_1_38' title="bbox 501 1997 1028 2054; baseline -0.004 -1"><span class='ocrx_word' id='word_1_255' title='bbox 501 1999 656 2054; x_wconf 88' lang='lat' dir='ltr'><strong>cendi</strong></span> <span class='ocrx_word' id='word_1_256' title='bbox 697 1997 1028 2054; x_wconf 78' lang='lat' dir='ltr'><strong>hominibus.</strong></span> 
     </span>
    </p>
   </div>
   <div class='ocr_carea' id='block_1_39' title="bbox 572 2276 2073 2370">
    <p class='ocr_par' dir='ltr' id='par_1_39' title="bbox 572 2276 2073 2370">
     <span class='ocr_line' id='line_1_39' title="bbox 572 2276 2073 2370; baseline 0 -15"><span class='ocrx_word' id='word_1_257' title='bbox 572 2299 858 2357; x_wconf 72' lang='lat' dir='ltr'><strong>Vens.2l.</strong></span> <span class='ocrx_word' id='word_1_258' title='bbox 923 2299 1309 2370; x_wconf 68' lang='lat' dir='ltr'><strong>«Respondent;</strong></span> <span class='ocrx_word' id='word_1_259' title='bbox 1375 2310 1559 2356; x_wconf 87' lang='lat' dir='ltr'><strong>autem</strong></span> <span class='ocrx_word' id='word_1_260' title='bbox 1602 2297 1759 2359; x_wconf 76' lang='lat' dir='ltr'><strong>Iesus</strong></span> <span class='ocrx_word' id='word_1_261' title='bbox 1810 2303 1886 2355; x_wconf 85' lang='lat' dir='ltr'><strong>ait</strong></span> <span class='ocrx_word' id='word_1_262' title='bbox 1946 2276 2073 2357; x_wconf 56' lang='lat' dir='ltr'><strong>eis;</strong></span> 
     </span>
    </p>
   </div>
   <div class='ocr_carea' id='block_1_40' title="bbox 500 2393 2080 2463">
    <p class='ocr_par' dir='ltr' id='par_1_40' title="bbox 500 2393 2080 2463">
     <span class='ocr_line' id='line_1_40' title="bbox 500 2393 2080 2463; baseline -0.001 -13"><span class='ocrx_word' id='word_1_263' title='bbox 500 2396 672 2450; x_wconf 82' lang='lat' dir='ltr'><strong>Amen</strong></span> <span class='ocrx_word' id='word_1_264' title='bbox 689 2394 812 2450; x_wconf 87' lang='lat' dir='ltr'><strong>dico</strong></span> <span class='ocrx_word' id='word_1_265' title='bbox 839 2394 1013 2459; x_wconf 81' lang='lat' dir='ltr'><strong>vobis,</strong></span> <span class='ocrx_word' id='word_1_266' title='bbox 1039 2395 1084 2449; x_wconf 84' lang='lat' dir='ltr'><strong>si</strong></span> <span class='ocrx_word' id='word_1_267' title='bbox 1104 2393 1404 2449; x_wconf 85' lang='lat' dir='ltr'><strong>habueritis</strong></span> <span class='ocrx_word' id='word_1_268' title='bbox 1434 2396 1614 2459; x_wconf 86' lang='lat' dir='ltr'><strong>iidem,</strong></span> <span class='ocrx_word' id='word_1_269' title='bbox 1644 2409 1747 2449; x_wconf 90' lang='lat' dir='ltr'><strong>non</strong></span> <span class='ocrx_word' id='word_1_270' title='bbox 1766 2394 2080 2463; x_wconf 88' lang='lat' dir='ltr'><strong>solutnillud</strong></span> 
     </span>
    </p>
   </div>
   <div class='ocr_carea' id='block_1_41' title="bbox 502 2484 2078 2552">
    <p class='ocr_par' dir='ltr' id='par_1_41' title="bbox 502 2484 2078 2552">
     <span class='ocr_line' id='line_1_41' title="bbox 502 2484 2078 2552; baseline 0.001 -13"><span class='ocrx_word' id='word_1_271' title='bbox 502 2490 568 2540; x_wconf 84' lang='lat' dir='ltr'><strong>de</strong></span> <span class='ocrx_word' id='word_1_272' title='bbox 605 2485 834 2540; x_wconf 89' lang='lat' dir='ltr'><strong>ticulnea</strong></span> <span class='ocrx_word' id='word_1_273' title='bbox 860 2484 1089 2552; x_wconf 80' lang='lat' dir='ltr'><strong>facietis,</strong></span> <span class='ocrx_word' id='word_1_274' title='bbox 1130 2486 1224 2542; x_wconf 92' lang='lat' dir='ltr'><strong>sed</strong></span> <span class='ocrx_word' id='word_1_275' title='bbox 1253 2486 1352 2540; x_wconf 80' lang='lat' dir='ltr'><strong>etsi</strong></span> <span class='ocrx_word' id='word_1_276' title='bbox 1401 2487 1570 2540; x_wconf 91' lang='lat' dir='ltr'><strong>monti</strong></span> <span class='ocrx_word' id='word_1_277' title='bbox 1628 2486 1754 2541; x_wconf 90' lang='lat' dir='ltr'><strong>huic</strong></span> <span class='ocrx_word' id='word_1_278' title='bbox 1791 2486 2078 2542; x_wconf 78' lang='lat' dir='ltr'><strong>dixeritis:</strong></span> 
     </span>
    </p>
   </div>
   <div class='ocr_carea' id='block_1_42' title="bbox 478 2576 1552 2653">
    <p class='ocr_par' dir='ltr' id='par_1_42' title="bbox 478 2576 1552 2653">
     <span class='ocr_line' id='line_1_42' title="bbox 478 2576 1552 2653; baseline -0.004 -20"><span class='ocrx_word' id='word_1_279' title='bbox 478 2578 738 2653; x_wconf 24' lang='lat' dir='ltr'><strong>‘Tullere,</strong></span> <span class='ocrx_word' id='word_1_280' title='bbox 777 2586 831 2633; x_wconf 90' lang='lat' dir='ltr'><strong>et</strong></span> <span class='ocrx_word' id='word_1_281' title='bbox 862 2577 1019 2633; x_wconf 84' lang='lat' dir='ltr'><strong>mitte</strong></span> <span class='ocrx_word' id='word_1_282' title='bbox 1045 2586 1097 2633; x_wconf 90' lang='lat' dir='ltr'><strong>te</strong></span> <span class='ocrx_word' id='word_1_283' title='bbox 1120 2579 1174 2633; x_wconf 92' lang='lat' dir='ltr'><strong>in</strong></span> <span class='ocrx_word' id='word_1_284' title='bbox 1202 2591 1375 2643; x_wconf 88' lang='lat' dir='ltr'><strong>mare,</strong></span> <span class='ocrx_word' id='word_1_285' title='bbox 1406 2576 1552 2633; x_wconf 61' lang='lat' dir='ltr'><strong>fiet.»</strong></span> 
     </span>
    </p>
   </div>
   <div class='ocr_carea' id='block_1_43' title="bbox 575 2766 2080 2840">
    <p class='ocr_par' dir='ltr' id='par_1_43' title="bbox 575 2766 2080 2840">
     <span class='ocr_line' id='line_1_43' title="bbox 575 2766 2080 2840; baseline 0.001 -16"><span class='ocrx_word' id='word_1_286' title='bbox 575 2771 736 2826; x_wconf 72' lang='lat' dir='ltr'><strong>Vsus.</strong></span> <span class='ocrx_word' id='word_1_287' title='bbox 772 2769 863 2826; x_wconf 71' lang='lat'><strong>22.</strong></span> <span class='ocrx_word' id='word_1_288' title='bbox 903 2770 1000 2824; x_wconf 65' lang='lat' dir='ltr'><strong>«Et</strong></span> <span class='ocrx_word' id='word_1_289' title='bbox 1053 2770 1237 2825; x_wconf 84' lang='lat' dir='ltr'><strong>omnia</strong></span> <span class='ocrx_word' id='word_1_290' title='bbox 1298 2783 1638 2840; x_wconf 62' lang='lat' dir='ltr'><strong>quiscunque</strong></span> <span class='ocrx_word' id='word_1_291' title='bbox 1689 2766 1961 2839; x_wconf 86' lang='lat' dir='ltr'><strong>petieritis</strong></span> <span class='ocrx_word' id='word_1_292' title='bbox 2026 2770 2080 2825; x_wconf 92' lang='lat' dir='ltr'><strong>in</strong></span> 
     </span>
    </p>
   </div>
   <div class='ocr_carea' id='block_1_44' title="bbox 500 2850 1977 2930">
    <p class='ocr_par' dir='ltr' id='par_1_44' title="bbox 500 2850 1977 2930">
     <span class='ocr_line' id='line_1_44' title="bbox 500 2850 1977 2930; baseline -0.006 -10"><span class='ocrx_word' id='word_1_293' title='bbox 500 2866 744 2921; x_wconf 81' lang='lat' dir='ltr'><strong>oratione</strong></span> <span class='ocrx_word' id='word_1_294' title='bbox 773 2864 1077 2929; x_wconf 89' lang='lat' dir='ltr'><strong>credentes,</strong></span> <span class='ocrx_word' id='word_1_295' title='bbox 1102 2863 1436 2930; x_wconf 68' lang='lat' dir='ltr'><strong>accipietis.»</strong></span> <span class='ocrx_word' id='word_1_296' title='bbox 1969 2850 1977 2861; x_wconf 84' lang='grc'><strong>’</strong></span> 
     </span>
    </p>
   </div>
   <div class='ocr_carea' id='block_1_45' title="bbox 575 2973 2083 3047">
    <p class='ocr_par' dir='ltr' id='par_1_45' title="bbox 575 2973 2083 3047">
     <span class='ocr_line' id='line_1_45' title="bbox 575 2973 2083 3047; baseline 0.005 -20"><span class='ocrx_word' id='word_1_297' title='bbox 575 2975 674 3041; x_wconf 89' lang='lat' dir='ltr'><strong>Qui</strong></span> <span class='ocrx_word' id='word_1_298' title='bbox 703 2990 807 3028; x_wconf 92' lang='lat' dir='ltr'><strong>non</strong></span> <span class='ocrx_word' id='word_1_299' title='bbox 834 2973 1158 3029; x_wconf 82' lang='lat' dir='ltr'><strong>discreverit</strong></span> <span class='ocrx_word' id='word_1_300' title='bbox 1187 2974 1240 3028; x_wconf 95' lang='lat' dir='ltr'><strong>in</strong></span> <span class='ocrx_word' id='word_1_301' title='bbox 1281 2974 1445 3030; x_wconf 87' lang='lat' dir='ltr'><strong>corde</strong></span> <span class='ocrx_word' id='word_1_302' title='bbox 1472 2990 1593 3041; x_wconf 91' lang='lat' dir='ltr'><strong>suo,</strong></span> <span class='ocrx_word' id='word_1_303' title='bbox 1646 2976 1701 3032; x_wconf 88' lang='lat' dir='ltr'><strong>id</strong></span> <span class='ocrx_word' id='word_1_304' title='bbox 1737 2988 1843 3047; x_wconf 88' lang='lat' dir='ltr'><strong>est,</strong></span> <span class='ocrx_word' id='word_1_305' title='bbox 1900 2989 2083 3035; x_wconf 88' lang='lat' dir='ltr'><strong>mente</strong></span> 
     </span>
    </p>
   </div>
   <div class='ocr_carea' id='block_1_46' title="bbox 2180 1818 3761 1892">
    <p class='ocr_par' dir='ltr' id='par_1_46' title="bbox 2180 1818 3761 1892">
     <span class='ocr_line' id='line_1_46' title="bbox 2180 1818 3761 1892; baseline -0.001 -17"><span class='ocrx_word' id='word_1_306' title='bbox 2180 1822 2290 1875; x_wconf 85' lang='grc' dir='ltr'><strong>τῶν</strong></span> <span class='ocrx_word' id='word_1_307' title='bbox 2320 1822 2539 1892; x_wconf 84' lang='grc' dir='ltr'>τρόπων</span> <span class='ocrx_word' id='word_1_308' title='bbox 2568 1818 3031 1890; x_wconf 76' lang='grc' dir='ltr'>σχηματιζόμενοι</span> <span class='ocrx_word' id='word_1_309' title='bbox 3061 1819 3182 1889; x_wconf 89' lang='grc' dir='ltr'>δίχα</span> <span class='ocrx_word' id='word_1_310' title='bbox 3210 1820 3309 1889; x_wconf 82' lang='grc' dir='ltr'>τῆς</span> <span class='ocrx_word' id='word_1_311' title='bbox 3343 1818 3527 1889; x_wconf 76' lang='grc' dir='ltr'>ἔργοις</span> <span class='ocrx_word' id='word_1_312' title='bbox 3557 1818 3761 1873; x_wconf 86' lang='grc' dir='ltr'>δικαιο-</span> 
     </span>
    </p>
   </div>
   <div class='ocr_carea' id='block_1_47' title="bbox 2184 1911 3758 1982">
    <p class='ocr_par' dir='ltr' id='par_1_47' title="bbox 2184 1911 3758 1982">
     <span class='ocr_line' id='line_1_47' title="bbox 2184 1911 3758 1982; baseline -0.002 -16"><span class='ocrx_word' id='word_1_313' title='bbox 2184 1912 2373 1982; x_wconf 84' lang='grc' dir='ltr'>σύνης,</span> <span class='ocrx_word' id='word_1_314' title='bbox 2398 1911 2730 1981; x_wconf 83' lang='grc' dir='ltr'>ὲκδεξόμεθα</span> <span class='ocrx_word' id='word_1_315' title='bbox 2764 1912 2855 1964; x_wconf 78' lang='grc' dir='ltr'>τὸν</span> <span class='ocrx_word' id='word_1_316' title='bbox 2887 1911 3044 1980; x_wconf 87' lang='grc' dir='ltr'>λόγον</span> <span class='ocrx_word' id='word_1_317' title='bbox 3070 1912 3147 1975; x_wconf 85' lang='grc' dir='ltr'>ὡς</span> <span class='ocrx_word' id='word_1_318' title='bbox 3185 1911 3572 1982; x_wconf 81' lang='grc' dir='ltr'>φιλάνθρωπον</span> <span class='ocrx_word' id='word_1_319' title='bbox 3602 1911 3758 1981; x_wconf 81' lang='grc' dir='ltr'>ἡμῶν</span> 
     </span>
    </p>
   </div>
   <div class='ocr_carea' id='block_1_48' title="bbox 2183 2001 3760 2073">
    <p class='ocr_par' dir='ltr' id='par_1_48' title="bbox 2183 2001 3760 2073">
     <span class='ocr_line' id='line_1_48' title="bbox 2183 2001 3760 2073; baseline -0.002 -15"><span class='ocrx_word' id='word_1_320' title='bbox 2183 2004 2459 2058; x_wconf 79' lang='grc' dir='ltr'>πεινῶντα</span> <span class='ocrx_word' id='word_1_321' title='bbox 2503 2003 2800 2073; x_wconf 84' lang='grc' dir='ltr'>σωτηρίαν,</span> <span class='ocrx_word' id='word_1_322' title='bbox 2847 2001 3288 2073; x_wconf 78' lang='grc' dir='ltr'>ἁποξηραίνοντα</span> <span class='ocrx_word' id='word_1_323' title='bbox 3340 2004 3442 2072; x_wconf 79' lang='grc' dir='ltr'>τῆς</span> <span class='ocrx_word' id='word_1_324' title='bbox 3482 2002 3660 2073; x_wconf 81' lang='grc' dir='ltr'>ψυχῆς</span> <span class='ocrx_word' id='word_1_325' title='bbox 3700 2003 3760 2055; x_wconf 78' lang='grc' dir='ltr'>τὸ</span> 
     </span>
    </p>
   </div>
   <div class='ocr_carea' id='block_1_49' title="bbox 2182 2094 3760 2169">
    <p class='ocr_par' dir='ltr' id='par_1_49' title="bbox 2182 2094 3760 2169">
     <span class='ocr_line' id='line_1_49' title="bbox 2182 2094 3760 2169; baseline 0 -19"><span class='ocrx_word' id='word_1_326' title='bbox 2182 2098 2283 2167; x_wconf 79' lang='grc' dir='ltr'>τῆς</span> <span class='ocrx_word' id='word_1_327' title='bbox 2327 2096 2526 2160; x_wconf 86' lang='grc' dir='ltr'>κακίας</span> <span class='ocrx_word' id='word_1_328' title='bbox 2559 2096 2782 2169; x_wconf 81' lang='grc' dir='ltr'>σπέρμα</span> <span class='ocrx_word' id='word_1_329' title='bbox 2813 2095 2914 2166; x_wconf 85' lang='grc' dir='ltr'><strong>τὴν</strong></span> <span class='ocrx_word' id='word_1_330' title='bbox 2946 2094 3147 2164; x_wconf 74' lang='grc' dir='ltr'>οἴησιν,</span> <span class='ocrx_word' id='word_1_331' title='bbox 3190 2095 3277 2149; x_wconf 79' lang='grc' dir='ltr'>ἵνα</span> <span class='ocrx_word' id='word_1_332' title='bbox 3313 2096 3515 2166; x_wconf 80' lang='grc' dir='ltr'>μηκέτι</span> <span class='ocrx_word' id='word_1_333' title='bbox 3551 2095 3760 2167; x_wconf 71' lang='grc' dir='ltr'>καρπὸν</span> 
     </span>
    </p>
   </div>
   <div class='ocr_carea' id='block_1_50' title="bbox 2184 2186 3289 2259">
    <p class='ocr_par' dir='ltr' id='par_1_50' title="bbox 2184 2186 3289 2259">
     <span class='ocr_line' id='line_1_50' title="bbox 2184 2186 3289 2259; baseline -0.001 -17"><span class='ocrx_word' id='word_1_334' title='bbox 2184 2188 2390 2259; x_wconf 74' lang='grc' dir='ltr'>φθορᾶς</span> <span class='ocrx_word' id='word_1_335' title='bbox 2418 2188 2581 2259; x_wconf 77' lang='grc' dir='ltr'>φέρῃ,</span> <span class='ocrx_word' id='word_1_336' title='bbox 2612 2186 2712 2259; x_wconf 85' lang='grc' dir='ltr'><strong>τὴν</strong></span> <span class='ocrx_word' id='word_1_337' title='bbox 2733 2186 3289 2258; x_wconf 77' lang='grc' dir='ltr'>άνθρωπαρέσκειαν.</span> 
     </span>
    </p>
   </div>
   <div class='ocr_carea' id='block_1_51' title="bbox 2261 2295 3760 2372">
    <p class='ocr_par' dir='ltr' id='par_1_51' title="bbox 2261 2295 3760 2372">
     <span class='ocr_line' id='line_1_51' title="bbox 2261 2295 3760 2372; baseline -0.001 -18"><span class='ocrx_word' id='word_1_338' title='bbox 2261 2321 2282 2354; x_wconf 81' lang='grc' dir='ltr'><strong>ι</strong></span> <span class='ocrx_word' id='word_1_339' title='bbox 2332 2300 2679 2372; x_wconf 79' lang='grc' dir='ltr'>Ἀποκριθεὶς</span> <span class='ocrx_word' id='word_1_340' title='bbox 2719 2300 2777 2354; x_wconf 74' lang='grc' dir='ltr'>δὲ</span> <span class='ocrx_word' id='word_1_341' title='bbox 2803 2303 2831 2354; x_wconf 87' lang='grc' dir='ltr'>ὁ</span> <span class='ocrx_word' id='word_1_342' title='bbox 2879 2300 3107 2371; x_wconf 82' lang='grc' dir='ltr'>Ἰησοῦς,</span> <span class='ocrx_word' id='word_1_343' title='bbox 3138 2295 3292 2353; x_wconf 82' lang='grc' dir='ltr'>εἶπεν</span> <span class='ocrx_word' id='word_1_344' title='bbox 3324 2300 3510 2364; x_wconf 83' lang='grc' dir='ltr'>αὐτοῖς</span> <span class='ocrx_word' id='word_1_345' title='bbox 3531 2317 3544 2330; x_wconf 91' lang='grc'>·</span> <span class='ocrx_word' id='word_1_346' title='bbox 3591 2301 3760 2370; x_wconf 72' lang='grc' dir='ltr'>’Δμὴν</span> 
     </span>
    </p>
   </div>
   <div class='ocr_carea' id='block_1_52' title="bbox 2182 2392 3757 2464">
    <p class='ocr_par' dir='ltr' id='par_1_52' title="bbox 2182 2392 3757 2464">
     <span class='ocr_line' id='line_1_52' title="bbox 2182 2392 3757 2464; baseline 0 -19"><span class='ocrx_word' id='word_1_347' title='bbox 2182 2392 2325 2461; x_wconf 84' lang='grc' dir='ltr'>λέγω</span> <span class='ocrx_word' id='word_1_348' title='bbox 2353 2394 2503 2463; x_wconf 81' lang='grc' dir='ltr'>ὑμῖν,</span> <span class='ocrx_word' id='word_1_349' title='bbox 2535 2392 2630 2445; x_wconf 76' lang='grc' dir='ltr'><strong>ἐὰν</strong></span> <span class='ocrx_word' id='word_1_350' title='bbox 2675 2394 2835 2464; x_wconf 74' lang='grc' dir='ltr'>ἔχητε</span> <span class='ocrx_word' id='word_1_351' title='bbox 2867 2393 3070 2457; x_wconf 79' lang='grc' dir='ltr'>πίστιν,</span> <span class='ocrx_word' id='word_1_352' title='bbox 3102 2393 3199 2446; x_wconf 77' lang='grc' dir='ltr'>καὶ</span> <span class='ocrx_word' id='word_1_353' title='bbox 3233 2392 3308 2464; x_wconf 87' lang='grc' dir='ltr'><strong>μὴ</strong></span> <span class='ocrx_word' id='word_1_354' title='bbox 3328 2392 3667 2463; x_wconf 84' lang='grc' dir='ltr'>διακριθῆτε,</span> <span class='ocrx_word' id='word_1_355' title='bbox 3699 2393 3757 2447; x_wconf 78' lang='grc' dir='ltr'><strong>ού</strong></span> 
     </span>
    </p>
   </div>
   <div class='ocr_carea' id='block_1_53' title="bbox 2186 2481 3762 2554">
    <p class='ocr_par' dir='ltr' id='par_1_53' title="bbox 2186 2481 3762 2554">
     <span class='ocr_line' id='line_1_53' title="bbox 2186 2481 3762 2554; baseline -0.001 -18"><span class='ocrx_word' id='word_1_356' title='bbox 2186 2485 2346 2550; x_wconf 86' lang='grc' dir='ltr'>μόνον</span> <span class='ocrx_word' id='word_1_357' title='bbox 2366 2483 2425 2536; x_wconf 82' lang='grc' dir='ltr'>τὸ</span> <span class='ocrx_word' id='word_1_358' title='bbox 2449 2484 2546 2554; x_wconf 82' lang='grc' dir='ltr'>τῆς</span> <span class='ocrx_word' id='word_1_359' title='bbox 2573 2485 2741 2545; x_wconf 78' lang='grc' dir='ltr'>συκῆς</span> <span class='ocrx_word' id='word_1_360' title='bbox 2770 2484 3045 2553; x_wconf 84' lang='grc' dir='ltr'>ποιήσετε,</span> <span class='ocrx_word' id='word_1_361' title='bbox 3069 2481 3206 2535; x_wconf 80' lang='grc' dir='ltr'>ἀλλὰ</span> <span class='ocrx_word' id='word_1_362' title='bbox 3229 2482 3335 2535; x_wconf 64' lang='grc' dir='ltr'><strong>κᾶν</strong></span> <span class='ocrx_word' id='word_1_363' title='bbox 3366 2481 3446 2552; x_wconf 83' lang='grc' dir='ltr'>τῷ</span> <span class='ocrx_word' id='word_1_364' title='bbox 3481 2482 3599 2552; x_wconf 83' lang='grc' dir='ltr'>ὄρει</span> <span class='ocrx_word' id='word_1_365' title='bbox 3641 2481 3762 2534; x_wconf 81' lang='grc' dir='ltr'>τού-</span> 
     </span>
    </p>
   </div>
   <div class='ocr_carea' id='block_1_54' title="bbox 2181 2564 3756 2645">
    <p class='ocr_par' dir='ltr' id='par_1_54' title="bbox 2181 2564 3756 2645">
     <span class='ocr_line' id='line_1_54' title="bbox 2181 2564 3756 2645; baseline 0 -19"><span class='ocrx_word' id='word_1_366' title='bbox 2181 2591 2260 2645; x_wconf 85' lang='grc' dir='ltr'>τῳ</span> <span class='ocrx_word' id='word_1_367' title='bbox 2289 2574 2480 2645; x_wconf 71' lang='grc' dir='ltr'>εἴπητε</span> <span class='ocrx_word' id='word_1_368' title='bbox 2500 2615 2513 2640; x_wconf 87' lang='grc'><strong>,</strong></span> <span class='ocrx_word' id='word_1_369' title='bbox 2547 2574 2801 2644; x_wconf 81' lang='grc' dir='ltr'>Ἀρθητι,</span> <span class='ocrx_word' id='word_1_370' title='bbox 2841 2575 2936 2627; x_wconf 73' lang='grc' dir='ltr'>καὶ</span> <span class='ocrx_word' id='word_1_371' title='bbox 2966 2564 3194 2645; x_wconf 79' lang='grc' dir='ltr'><strong>βλήθητι</strong></span> <span class='ocrx_word' id='word_1_372' title='bbox 3220 2577 3300 2639; x_wconf 87' lang='grc' dir='ltr'><strong>είς</strong></span> <span class='ocrx_word' id='word_1_373' title='bbox 3340 2574 3440 2645; x_wconf 84' lang='grc' dir='ltr'><strong>τὴν</strong></span> <span class='ocrx_word' id='word_1_374' title='bbox 3463 2574 3756 2639; x_wconf 82' lang='grc' dir='ltr'>θάλασσαν,</span> 
     </span>
    </p>
   </div>
   <div class='ocr_carea' id='block_1_55' title="bbox 2184 2667 2558 2736">
    <p class='ocr_par' dir='ltr' id='par_1_55' title="bbox 2184 2667 2558 2736">
     <span class='ocr_line' id='line_1_55' title="bbox 2184 2667 2558 2736; baseline -0.003 -18"><span class='ocrx_word' id='word_1_375' title='bbox 2184 2667 2496 2736; x_wconf 78' lang='grc' dir='ltr'>γενήσεται.</span> <span class='ocrx_word' id='word_1_376' title='bbox 2539 2686 2558 2717; x_wconf 72' lang='grc' dir='ltr'><strong>ι</strong></span> 
     </span>
    </p>
   </div>
   <div class='ocr_carea' id='block_1_56' title="bbox 2261 2775 3757 2852">
    <p class='ocr_par' dir='ltr' id='par_1_56' title="bbox 2261 2775 3757 2852">
     <span class='ocr_line' id='line_1_56' title="bbox 2261 2775 3757 2852; baseline 0.005 -26"><span class='ocrx_word' id='word_1_377' title='bbox 2261 2794 2279 2826; x_wconf 84' lang='grc' dir='ltr'><strong>ι</strong></span> <span class='ocrx_word' id='word_1_378' title='bbox 2323 2776 2434 2828; x_wconf 57' lang='grc' dir='ltr'><strong>Καὶ⁸</strong></span> <span class='ocrx_word' id='word_1_379' title='bbox 2478 2775 2659 2831; x_wconf 81' lang='grc' dir='ltr'>πάντα</span> <span class='ocrx_word' id='word_1_380' title='bbox 2688 2778 2787 2830; x_wconf 86' lang='grc' dir='ltr'>ὅσα</span> <span class='ocrx_word' id='word_1_381' title='bbox 2821 2777 2887 2831; x_wconf 84' lang='grc' dir='ltr'>ἂν</span> <span class='ocrx_word' id='word_1_382' title='bbox 2938 2779 3199 2850; x_wconf 75' lang='grc' dir='ltr'>αἰτήσητε</span> <span class='ocrx_word' id='word_1_383' title='bbox 3243 2779 3302 2832; x_wconf 79' lang='grc' dir='ltr'>ἐν</span> <span class='ocrx_word' id='word_1_384' title='bbox 3351 2782 3632 2852; x_wconf 78' lang='grc' dir='ltr'>προσευχῇ</span> <span class='ocrx_word' id='word_1_385' title='bbox 3670 2796 3757 2832; x_wconf 83' lang='grc' dir='ltr'>πι-</span> 
     </span>
    </p>
   </div>
   <div class='ocr_carea' id='block_1_57' title="bbox 2185 2866 2792 2940">
    <p class='ocr_par' dir='ltr' id='par_1_57' title="bbox 2185 2866 2792 2940">
     <span class='ocr_line' id='line_1_57' title="bbox 2185 2866 2792 2940; baseline 0.005 -20"><span class='ocrx_word' id='word_1_386' title='bbox 2185 2878 2274 2920; x_wconf 86' lang='grc' dir='ltr'><strong>στε</strong></span> <span class='ocrx_word' id='word_1_387' title='bbox 2285 2866 2467 2932; x_wconf 85' lang='grc' dir='ltr'>ύοντες</span> <span class='ocrx_word' id='word_1_388' title='bbox 2486 2867 2738 2940; x_wconf 72' lang='grc' dir='ltr'>λήψεσθε.</span> <span class='ocrx_word' id='word_1_389' title='bbox 2772 2889 2792 2923; x_wconf 72' lang='grc' dir='ltr'><strong>ι</strong></span> 
     </span>
    </p>
   </div>
   <div class='ocr_carea' id='block_1_58' title="bbox 2265 2978 3755 3057">
    <p class='ocr_par' dir='ltr' id='par_1_58' title="bbox 2265 2978 3755 3057">
     <span class='ocr_line' id='line_1_58' title="bbox 2265 2978 3755 3057; baseline 0.004 -23"><span class='ocrx_word' id='word_1_390' title='bbox 2265 2978 2324 3034; x_wconf 83' lang='lat'><strong>&#39;0</strong></span> <span class='ocrx_word' id='word_1_391' title='bbox 2359 2980 2434 3052; x_wconf 84' lang='grc' dir='ltr'><strong>μὴ</strong></span> <span class='ocrx_word' id='word_1_392' title='bbox 2471 2982 2772 3055; x_wconf 73' lang='grc' dir='ltr'>διακριθεὶς</span> <span class='ocrx_word' id='word_1_393' title='bbox 2819 2985 2877 3038; x_wconf 80' lang='grc' dir='ltr'>ὲν</span> <span class='ocrx_word' id='word_1_394' title='bbox 2913 2986 2978 3056; x_wconf 83' lang='grc' dir='ltr'>τῇ</span> <span class='ocrx_word' id='word_1_395' title='bbox 3027 2984 3229 3057; x_wconf 77' lang='grc' dir='ltr'>καρδὶᾳ</span> <span class='ocrx_word' id='word_1_396' title='bbox 3263 2985 3453 3053; x_wconf 78' lang='grc' dir='ltr'>αὐτοῦ,</span> <span class='ocrx_word' id='word_1_397' title='bbox 3484 2986 3755 3040; x_wconf 77' lang='grc' dir='ltr'>τουτέστιν</span> 
     </span>
    </p>
   </div>
   <div class='ocr_carea' id='block_1_59' title="bbox 501 3066 2083 3160">
    <p class='ocr_par' dir='ltr' id='par_1_59' title="bbox 501 3066 2077 3139">
     <span class='ocr_line' id='line_1_59' title="bbox 501 3066 2077 3139; baseline 0.004 -18"><span class='ocrx_word' id='word_1_398' title='bbox 501 3082 609 3121; x_wconf 90' lang='lat' dir='ltr'><strong>non</strong></span> <span class='ocrx_word' id='word_1_399' title='bbox 641 3067 974 3136; x_wconf 85' lang='lat' dir='ltr'><strong>dijudicarit,</strong></span> <span class='ocrx_word' id='word_1_400' title='bbox 1001 3067 1118 3121; x_wconf 81' lang='lat' dir='ltr'><strong>sive</strong></span> <span class='ocrx_word' id='word_1_401' title='bbox 1144 3066 1396 3123; x_wconf 86' lang='lat' dir='ltr'><strong>diviserit</strong></span> <span class='ocrx_word' id='word_1_402' title='bbox 1422 3068 1736 3125; x_wconf 89' lang='lat' dir='ltr'><strong>immediate</strong></span> <span class='ocrx_word' id='word_1_403' title='bbox 1787 3087 1882 3139; x_wconf 91' lang='lat' dir='ltr'><strong>per</strong></span> <span class='ocrx_word' id='word_1_404' title='bbox 1918 3072 2077 3128; x_wconf 88' lang='lat' dir='ltr'><strong>iidem</strong></span> 
     </span>
    </p>
   </div>
   <div class='ocr_carea' id='block_1_60' title="bbox 2185 3066 3759 3160">
    <p class='ocr_par' dir='ltr' id='par_1_60' title="bbox 2185 3069 3759 3148">
     <span class='ocr_line' id='line_1_60' title="bbox 2185 3069 3759 3148; baseline 0.003 -23"><span class='ocrx_word' id='word_1_405' title='bbox 2185 3073 2242 3125; x_wconf 81' lang='grc' dir='ltr'>ὲν</span> <span class='ocrx_word' id='word_1_406' title='bbox 2270 3072 2348 3141; x_wconf 77' lang='grc' dir='ltr'><strong>τῷ</strong></span> <span class='ocrx_word' id='word_1_407' title='bbox 2378 3069 2458 3126; x_wconf 76' lang='grc' dir='ltr'><strong>νοῒ</strong></span> <span class='ocrx_word' id='word_1_408' title='bbox 2488 3074 2562 3145; x_wconf 85' lang='grc' dir='ltr'><strong>μὴ</strong></span> <span class='ocrx_word' id='word_1_409' title='bbox 2592 3074 2896 3144; x_wconf 83' lang='grc' dir='ltr'>διακρίνας,</span> <span class='ocrx_word' id='word_1_410' title='bbox 2920 3076 3089 3145; x_wconf 82' lang='grc' dir='ltr'>ἦγουν</span> <span class='ocrx_word' id='word_1_411' title='bbox 3121 3077 3400 3148; x_wconf 82' lang='grc' dir='ltr'>διατεμὼν</span> <span class='ocrx_word' id='word_1_412' title='bbox 3424 3077 3523 3148; x_wconf 84' lang='grc' dir='ltr'><strong>τὴν</strong></span> <span class='ocrx_word' id='word_1_413' title='bbox 3547 3077 3633 3129; x_wconf 73' lang='grc' dir='ltr'>διὰ</span> <span class='ocrx_word' id='word_1_414' title='bbox 3663 3078 3759 3143; x_wconf 77' lang='grc' dir='ltr'>τῆς</span> 
     </span>
    </p>
   </div>
   <div class='ocr_carea' id='block_1_61' title="bbox 503 3154 2079 3225">
    <p class='ocr_par' dir='ltr' id='par_1_61' title="bbox 503 3154 2079 3225">
     <span class='ocr_line' id='line_1_61' title="bbox 503 3154 2079 3225; baseline 0.004 -15"><span class='ocrx_word' id='word_1_415' title='bbox 503 3158 569 3210; x_wconf 90' lang='lat' dir='ltr'><strong>ad</strong></span> <span class='ocrx_word' id='word_1_416' title='bbox 596 3156 761 3211; x_wconf 90' lang='lat' dir='ltr'><strong>Deum</strong></span> <span class='ocrx_word' id='word_1_417' title='bbox 790 3154 990 3211; x_wconf 85' lang='lat' dir='ltr'><strong>factam</strong></span> <span class='ocrx_word' id='word_1_418' title='bbox 1016 3156 1297 3222; x_wconf 90' lang='lat' dir='ltr'><strong>unionem,</strong></span> <span class='ocrx_word' id='word_1_419' title='bbox 1328 3158 1471 3212; x_wconf 88' lang='lat' dir='ltr'><strong>dicet</strong></span> <span class='ocrx_word' id='word_1_420' title='bbox 1499 3161 1666 3212; x_wconf 89' lang='lat' dir='ltr'><strong>monti</strong></span> <span class='ocrx_word' id='word_1_421' title='bbox 1699 3161 1845 3225; x_wconf 82' lang='lat' dir='ltr'><strong>huic,</strong></span> <span class='ocrx_word' id='word_1_422' title='bbox 1874 3158 2079 3218; x_wconf 84' lang='lat' dir='ltr'><strong>Trans-</strong></span> 
     </span>
    </p>
   </div>
   <div class='ocr_carea' id='block_1_62' title="bbox 503 3248 2085 3319">
    <p class='ocr_par' dir='ltr' id='par_1_62' title="bbox 503 3248 2085 3319">
     <span class='ocr_line' id='line_1_62' title="bbox 503 3248 2085 3319; baseline 0.004 -17"><span class='ocrx_word' id='word_1_423' title='bbox 503 3251 668 3314; x_wconf 86' lang='lat' dir='ltr'><strong>l&#39;erre,</strong></span> <span class='ocrx_word' id='word_1_424' title='bbox 691 3257 745 3302; x_wconf 85' lang='lat' dir='ltr'><strong>et</strong></span> <span class='ocrx_word' id='word_1_425' title='bbox 768 3249 1153 3312; x_wconf 82' lang='lat' dir='ltr'><strong>transferetur,</strong></span> <span class='ocrx_word' id='word_1_426' title='bbox 1183 3248 1416 3303; x_wconf 90' lang='lat' dir='ltr'><strong>dicendo</strong></span> <span class='ocrx_word' id='word_1_427' title='bbox 1442 3249 1885 3319; x_wconf 84' lang='lat' dir='ltr'><strong>demonstrative,</strong></span> <span class='ocrx_word' id='word_1_428' title='bbox 1918 3255 2085 3308; x_wconf 84' lang='lat' dir='ltr'><strong>monti</strong></span> 
     </span>
    </p>
   </div>
   <div class='ocr_carea' id='block_1_63' title="bbox 502 3341 2084 3417">
    <p class='ocr_par' dir='ltr' id='par_1_63' title="bbox 502 3341 2084 3417">
     <span class='ocr_line' id='line_1_63' title="bbox 502 3341 2084 3417; baseline 0.004 -23"><span class='ocrx_word' id='word_1_429' title='bbox 502 3342 644 3410; x_wconf 85' lang='lat' dir='ltr'><strong>huic,</strong></span> <span class='ocrx_word' id='word_1_430' title='bbox 671 3357 890 3397; x_wconf 87' lang='lat' dir='ltr'><strong>sensum</strong></span> <span class='ocrx_word' id='word_1_431' title='bbox 922 3341 1183 3406; x_wconf 85' lang='lat' dir='ltr'><strong>declarat,</strong></span> <span class='ocrx_word' id='word_1_432' title='bbox 1216 3341 1498 3411; x_wconf 79' lang='lat' dir='ltr'><strong>legemque</strong></span> <span class='ocrx_word' id='word_1_433' title='bbox 1551 3344 1733 3398; x_wconf 86' lang='lat' dir='ltr'><strong>carnis</strong></span> <span class='ocrx_word' id='word_1_434' title='bbox 1783 3359 1913 3400; x_wconf 90' lang='lat' dir='ltr'><strong>vere</strong></span> <span class='ocrx_word' id='word_1_435' title='bbox 1956 3362 2084 3417; x_wconf 87' lang='lat' dir='ltr'><strong>gra-</strong></span> 
     </span>
    </p>
   </div>
   <div class='ocr_carea' id='block_1_64' title="bbox 502 3433 2080 3502">
    <p class='ocr_par' dir='ltr' id='par_1_64' title="bbox 502 3433 2080 3502">
     <span class='ocr_line' id='line_1_64' title="bbox 502 3433 2080 3502; baseline 0.004 -15"><span class='ocrx_word' id='word_1_436' title='bbox 502 3451 647 3502; x_wconf 89' lang='lat' dir='ltr'><strong>vem,</strong></span> <span class='ocrx_word' id='word_1_437' title='bbox 678 3452 742 3490; x_wconf 90' lang='lat' dir='ltr'><strong>ac</strong></span> <span class='ocrx_word' id='word_1_438' title='bbox 775 3433 1064 3490; x_wconf 81' lang='lat' dir='ltr'><strong>difﬁculter</strong></span> <span class='ocrx_word' id='word_1_439' title='bbox 1088 3435 1363 3501; x_wconf 87' lang='lat' dir='ltr'><strong>mobilem,</strong></span> <span class='ocrx_word' id='word_1_440' title='bbox 1398 3435 1677 3490; x_wconf 87' lang='lat' dir='ltr'><strong>autetiam</strong></span> <span class='ocrx_word' id='word_1_441' title='bbox 1711 3438 2080 3494; x_wconf 89' lang='lat' dir='ltr'><strong>immobilem:</strong></span> 
     </span>
    </p>
   </div>
   <div class='ocr_carea' id='block_1_65' title="bbox 507 3527 2086 3601">
    <p class='ocr_par' dir='ltr' id='par_1_65' title="bbox 507 3527 2086 3601">
     <span class='ocr_line' id='line_1_65' title="bbox 507 3527 2086 3601; baseline 0.003 -20"><span class='ocrx_word' id='word_1_442' title='bbox 507 3537 685 3581; x_wconf 85' lang='lat' dir='ltr'><strong>tantas</strong></span> <span class='ocrx_word' id='word_1_443' title='bbox 713 3528 857 3581; x_wconf 88' lang='lat' dir='ltr'><strong>enim</strong></span> <span class='ocrx_word' id='word_1_444' title='bbox 880 3527 959 3580; x_wconf 90' lang='lat' dir='ltr'><strong>vis</strong></span> <span class='ocrx_word' id='word_1_445' title='bbox 988 3527 1326 3580; x_wconf 86' lang='lat' dir='ltr'><strong>irrationalis</strong></span> <span class='ocrx_word' id='word_1_446' title='bbox 1357 3527 1409 3580; x_wconf 92' lang='lat' dir='ltr'><strong>in</strong></span> <span class='ocrx_word' id='word_1_447' title='bbox 1448 3527 1730 3583; x_wconf 89' lang='lat' dir='ltr'><strong>hominum</strong></span> <span class='ocrx_word' id='word_1_448' title='bbox 1757 3540 1949 3584; x_wconf 83' lang='lat' dir='ltr'><strong>natura</strong></span> <span class='ocrx_word' id='word_1_449' title='bbox 1972 3532 2086 3601; x_wconf 89' lang='lat' dir='ltr'><strong>egit</strong></span> 
     </span>
    </p>
   </div>
   <div class='ocr_carea' id='block_1_66' title="bbox 504 3617 2081 3690">
    <p class='ocr_par' dir='ltr' id='par_1_66' title="bbox 504 3617 2081 3690">
     <span class='ocr_line' id='line_1_66' title="bbox 504 3617 2081 3690; baseline 0.004 -19"><span class='ocrx_word' id='word_1_450' title='bbox 504 3619 739 3682; x_wconf 82' lang='lat' dir='ltr'><strong>radices,</strong></span> <span class='ocrx_word' id='word_1_451' title='bbox 767 3617 1134 3671; x_wconf 71' lang='lat' dir='ltr'><strong>utmulti’non</strong></span> <span class='ocrx_word' id='word_1_452' title='bbox 1162 3618 1306 3672; x_wconf 80' lang='lat' dir='ltr'><strong>aliud</strong></span> <span class='ocrx_word' id='word_1_453' title='bbox 1330 3621 1460 3688; x_wconf 90' lang='lat' dir='ltr'><strong>quid</strong></span> <span class='ocrx_word' id='word_1_454' title='bbox 1501 3629 1693 3690; x_wconf 89' lang='lat' dir='ltr'><strong>putent</strong></span> <span class='ocrx_word' id='word_1_455' title='bbox 1731 3635 1855 3677; x_wconf 89' lang='lat' dir='ltr'><strong>esse</strong></span> <span class='ocrx_word' id='word_1_456' title='bbox 1902 3624 2081 3679; x_wconf 90' lang='lat' dir='ltr'><strong>homi-</strong></span> 
     </span>
    </p>
   </div>
   <div class='ocr_carea' id='block_1_67' title="bbox 507 3708 2085 3782">
    <p class='ocr_par' dir='ltr' id='par_1_67' title="bbox 507 3708 2085 3782">
     <span class='ocr_line' id='line_1_67' title="bbox 507 3708 2085 3782; baseline 0.004 -21"><span class='ocrx_word' id='word_1_457' title='bbox 507 3723 650 3772; x_wconf 89' lang='lat' dir='ltr'><strong>nem,</strong></span> <span class='ocrx_word' id='word_1_458' title='bbox 684 3708 785 3762; x_wconf 91' lang='lat' dir='ltr'><strong>nisi</strong></span> <span class='ocrx_word' id='word_1_459' title='bbox 828 3721 1073 3772; x_wconf 88' lang='lat' dir='ltr'><strong>carnem,</strong></span> <span class='ocrx_word' id='word_1_460' title='bbox 1114 3723 1177 3763; x_wconf 89' lang='lat' dir='ltr'><strong>ac</strong></span> <span class='ocrx_word' id='word_1_461' title='bbox 1214 3710 1323 3763; x_wconf 88' lang='lat' dir='ltr'><strong>vim</strong></span> <span class='ocrx_word' id='word_1_462' title='bbox 1344 3712 1636 3780; x_wconf 86' lang='lat' dir='ltr'><strong>quamdam</strong></span> <span class='ocrx_word' id='word_1_463' title='bbox 1665 3713 1731 3768; x_wconf 91' lang='lat' dir='ltr'><strong>ad</strong></span> <span class='ocrx_word' id='word_1_464' title='bbox 1755 3713 1914 3782; x_wconf 87' lang='lat' dir='ltr'><strong>hujus</strong></span> <span class='ocrx_word' id='word_1_465' title='bbox 1964 3716 2085 3768; x_wconf 80' lang='lat' dir='ltr'><strong>vita:</strong></span> 
     </span>
    </p>
   </div>
   <div class='ocr_carea' id='block_1_68' title="bbox 506 3800 2082 3875">
    <p class='ocr_par' dir='ltr' id='par_1_68' title="bbox 506 3800 2082 3875">
     <span class='ocr_line' id='line_1_68' title="bbox 506 3800 2082 3875; baseline 0.005 -23"><span class='ocrx_word' id='word_1_466' title='bbox 506 3800 818 3855; x_wconf 90' lang='lat' dir='ltr'><strong>fruitiouem</strong></span> <span class='ocrx_word' id='word_1_467' title='bbox 849 3814 1012 3855; x_wconf 88' lang='lat' dir='ltr'><strong>sensu</strong></span> <span class='ocrx_word' id='word_1_468' title='bbox 1058 3801 1365 3857; x_wconf 86' lang='lat' dir='ltr'><strong>valentem:</strong></span> <span class='ocrx_word' id='word_1_469' title='bbox 1397 3804 1579 3857; x_wconf 85' lang='lat' dir='ltr'><strong>omnia</strong></span> <span class='ocrx_word' id='word_1_470' title='bbox 1611 3806 1755 3859; x_wconf 90' lang='lat' dir='ltr'><strong>enim</strong></span> <span class='ocrx_word' id='word_1_471' title='bbox 1802 3807 2082 3875; x_wconf 85' lang='lat' dir='ltr'><strong>possibilia</strong></span> 
     </span>
    </p>
   </div>
   <div class='ocr_carea' id='block_1_69' title="bbox 505 3887 2082 3960">
    <p class='ocr_par' dir='ltr' id='par_1_69' title="bbox 505 3887 2082 3960">
     <span class='ocr_line' id='line_1_69' title="bbox 505 3887 2082 3960; baseline 0.003 -12"><span class='ocrx_word' id='word_1_472' title='bbox 505 3904 633 3948; x_wconf 89' lang='lat' dir='ltr'><strong>sunt</strong></span> <span class='ocrx_word' id='word_1_473' title='bbox 658 3892 922 3960; x_wconf 87' lang='lat' dir='ltr'><strong>credenti,</strong></span> <span class='ocrx_word' id='word_1_474' title='bbox 961 3887 1016 3947; x_wconf 77' lang='lat' dir='ltr'><strong>et</strong></span> <span class='ocrx_word' id='word_1_475' title='bbox 1070 3901 1252 3947; x_wconf 91' lang='lat' dir='ltr'><strong>mente</strong></span> <span class='ocrx_word' id='word_1_476' title='bbox 1295 3908 1401 3950; x_wconf 91' lang='lat' dir='ltr'><strong>non</strong></span> <span class='ocrx_word' id='word_1_477' title='bbox 1437 3895 1770 3951; x_wconf 86' lang='lat' dir='ltr'><strong>discernenti</strong></span> <span class='ocrx_word' id='word_1_478' title='bbox 1825 3900 2082 3953; x_wconf 89' lang='lat' dir='ltr'><strong>unionem</strong></span> 
     </span>
    </p>
   </div>
   <div class='ocr_carea' id='block_1_70' title="bbox 505 3980 2082 4055">
    <p class='ocr_par' dir='ltr' id='par_1_70' title="bbox 505 3980 2082 4055">
     <span class='ocr_line' id='line_1_70' title="bbox 505 3980 2082 4055; baseline 0.003 -18"><span class='ocrx_word' id='word_1_479' title='bbox 505 3998 626 4037; x_wconf 90' lang='lat' dir='ltr'><strong>cum</strong></span> <span class='ocrx_word' id='word_1_480' title='bbox 661 3982 770 4038; x_wconf 90' lang='lat' dir='ltr'><strong>Deo</strong></span> <span class='ocrx_word' id='word_1_481' title='bbox 791 3982 891 4037; x_wconf 89' lang='lat' dir='ltr'><strong>sibi</strong></span> <span class='ocrx_word' id='word_1_482' title='bbox 923 3980 1122 4037; x_wconf 87' lang='lat' dir='ltr'><strong>factam</strong></span> <span class='ocrx_word' id='word_1_483' title='bbox 1140 3996 1236 4052; x_wconf 87' lang='lat' dir='ltr'><strong>per</strong></span> <span class='ocrx_word' id='word_1_484' title='bbox 1254 3982 1436 4051; x_wconf 82' lang='lat' dir='ltr'><strong>fidem,</strong></span> <span class='ocrx_word' id='word_1_485' title='bbox 1459 3993 1681 4055; x_wconf 88' lang='lat' dir='ltr'><strong>propter</strong></span> <span class='ocrx_word' id='word_1_486' title='bbox 1691 3984 1938 4040; x_wconf 78' lang='lat' dir='ltr'><strong>atfectum</strong></span> <span class='ocrx_word' id='word_1_487' title='bbox 1956 4002 2082 4042; x_wconf 90' lang='lat' dir='ltr'><strong>sen-</strong></span> 
     </span>
    </p>
   </div>
   <div class='ocr_carea' id='block_1_71' title="bbox 507 4074 2079 4148">
    <p class='ocr_par' dir='ltr' id='par_1_71' title="bbox 507 4074 2079 4148">
     <span class='ocr_line' id='line_1_71' title="bbox 507 4074 2079 4148; baseline 0.003 -20"><span class='ocrx_word' id='word_1_488' title='bbox 507 4075 711 4129; x_wconf 77' lang='lat' dir='ltr'><strong>sualem</strong></span> <span class='ocrx_word' id='word_1_489' title='bbox 742 4074 938 4128; x_wconf 74' lang='lat' dir='ltr'><strong>attitnae</strong></span> <span class='ocrx_word' id='word_1_490' title='bbox 966 4089 1089 4129; x_wconf 91' lang='lat' dir='ltr'><strong>cum</strong></span> <span class='ocrx_word' id='word_1_491' title='bbox 1120 4089 1369 4143; x_wconf 89' lang='lat' dir='ltr'><strong>corpore.</strong></span> <span class='ocrx_word' id='word_1_492' title='bbox 1432 4075 1622 4130; x_wconf 87' lang='lat' dir='ltr'><strong>Omnia</strong></span> <span class='ocrx_word' id='word_1_493' title='bbox 1655 4087 1860 4143; x_wconf 85' lang='lat' dir='ltr'><strong>autem,</strong></span> <span class='ocrx_word' id='word_1_494' title='bbox 1886 4081 2079 4148; x_wconf 87' lang='lat' dir='ltr'><strong>inquit,</strong></span> 
     </span>
    </p>
   </div>
   <div class='ocr_carea' id='block_1_72' title="bbox 509 4166 2078 4236">
    <p class='ocr_par' dir='ltr' id='par_1_72' title="bbox 509 4166 2078 4236">
     <span class='ocr_line' id='line_1_72' title="bbox 509 4166 2078 4236; baseline 0.001 -17"><span class='ocrx_word' id='word_1_495' title='bbox 509 4166 1135 4234; x_wconf 66' lang='lat' dir='ltr'><strong>quaecunqueamundo</strong></span> <span class='ocrx_word' id='word_1_496' title='bbox 1184 4175 1240 4220; x_wconf 90' lang='lat' dir='ltr'><strong>et</strong></span> <span class='ocrx_word' id='word_1_497' title='bbox 1298 4181 1465 4222; x_wconf 91' lang='lat' dir='ltr'><strong>carne</strong></span> <span class='ocrx_word' id='word_1_498' title='bbox 1518 4178 1753 4223; x_wconf 88' lang='lat' dir='ltr'><strong>mentem</strong></span> <span class='ocrx_word' id='word_1_499' title='bbox 1815 4169 2078 4236; x_wconf 83' lang='lat' dir='ltr'><strong>alienant,</strong></span> 
     </span>
    </p>
   </div>
   <div class='ocr_carea' id='block_1_73' title="bbox 508 4248 2081 4329">
    <p class='ocr_par' dir='ltr' id='par_1_73' title="bbox 508 4248 2081 4329">
     <span class='ocr_line' id='line_1_73' title="bbox 508 4248 2081 4329; baseline 0.003 -17"><span class='ocrx_word' id='word_1_500' title='bbox 508 4273 631 4312; x_wconf 92' lang='lat' dir='ltr'><strong>cum</strong></span> <span class='ocrx_word' id='word_1_501' title='bbox 657 4256 767 4310; x_wconf 82' lang='lat' dir='ltr'><strong>Deo</strong></span> <span class='ocrx_word' id='word_1_502' title='bbox 787 4270 917 4309; x_wconf 83' lang='lat' dir='ltr'><strong>vero</strong></span> <span class='ocrx_word' id='word_1_503' title='bbox 948 4257 1221 4325; x_wconf 86' lang='lat' dir='ltr'><strong>perfectos</strong></span> <span class='ocrx_word' id='word_1_504' title='bbox 1255 4248 1548 4313; x_wconf 74' lang='lat' dir='ltr'><strong>viriutibus</strong></span> <span class='ocrx_word' id='word_1_505' title='bbox 1574 4258 1927 4329; x_wconf 86' lang='lat' dir='ltr'><strong>conjungunt,</strong></span> <span class='ocrx_word' id='word_1_506' title='bbox 1966 4262 2081 4317; x_wconf 62' lang='lat' dir='ltr'><strong>haec</strong></span> 
     </span>
    </p>
   </div>
   <div class='ocr_carea' id='block_1_74' title="bbox 507 4347 2081 4419">
    <p class='ocr_par' dir='ltr' id='par_1_74' title="bbox 507 4347 2081 4419">
     <span class='ocr_line' id='line_1_74' title="bbox 507 4347 2081 4419; baseline 0.004 -18"><span class='ocrx_word' id='word_1_507' title='bbox 507 4348 651 4402; x_wconf 87' lang='lat' dir='ltr'><strong>enim</strong></span> <span class='ocrx_word' id='word_1_508' title='bbox 677 4347 955 4415; x_wconf 86' lang='lat' dir='ltr'><strong>possibilia</strong></span> <span class='ocrx_word' id='word_1_509' title='bbox 979 4358 1106 4402; x_wconf 85' lang='lat' dir='ltr'><strong>sunt</strong></span> <span class='ocrx_word' id='word_1_510' title='bbox 1134 4349 1395 4403; x_wconf 87' lang='lat' dir='ltr'><strong>credenti.</strong></span> <span class='ocrx_word' id='word_1_511' title='bbox 1429 4350 1635 4419; x_wconf 85' lang='lat' dir='ltr'><strong>Ecquid</strong></span> <span class='ocrx_word' id='word_1_512' title='bbox 1672 4366 1799 4406; x_wconf 89' lang='lat' dir='ltr'><strong>vero</strong></span> <span class='ocrx_word' id='word_1_513' title='bbox 1820 4352 1947 4408; x_wconf 92' lang='lat' dir='ltr'><strong>illud</strong></span> <span class='ocrx_word' id='word_1_514' title='bbox 1982 4353 2081 4409; x_wconf 90' lang='lat' dir='ltr'><strong>ite-</strong></span> 
     </span>
    </p>
   </div>
   <div class='ocr_carea' id='block_1_75' title="bbox 2188 3165 3751 3240">
    <p class='ocr_par' dir='ltr' id='par_1_75' title="bbox 2188 3165 3751 3240">
     <span class='ocr_line' id='line_1_75' title="bbox 2188 3165 3751 3240; baseline 0.001 -23"><span class='ocrx_word' id='word_1_515' title='bbox 2188 3165 2430 3229; x_wconf 84' lang='grc' dir='ltr'>πίστεως</span> <span class='ocrx_word' id='word_1_516' title='bbox 2455 3167 2591 3232; x_wconf 77' lang='grc' dir='ltr'>πρὸς</span> <span class='ocrx_word' id='word_1_517' title='bbox 2620 3168 2710 3220; x_wconf 76' lang='grc' dir='ltr'>τὸν</span> <span class='ocrx_word' id='word_1_518' title='bbox 2742 3166 2874 3220; x_wconf 80' lang='grc' dir='ltr'>Θεὸν</span> <span class='ocrx_word' id='word_1_519' title='bbox 2898 3168 3278 3240; x_wconf 79' lang='grc' dir='ltr'>γεγενημένην</span> <span class='ocrx_word' id='word_1_520' title='bbox 3306 3168 3509 3239; x_wconf 82' lang='grc' dir='ltr'>ἄμεσον</span> <span class='ocrx_word' id='word_1_521' title='bbox 3537 3168 3751 3228; x_wconf 77' lang='grc' dir='ltr'>ἕνωσιν,</span> 
     </span>
    </p>
   </div>
   <div class='ocr_carea' id='block_1_76' title="bbox 2187 3245 3748 3330">
    <p class='ocr_par' dir='ltr' id='par_1_76' title="bbox 2187 3245 3748 3330">
     <span class='ocr_line' id='line_1_76' title="bbox 2187 3245 3748 3330; baseline -0.001 -22"><span class='ocrx_word' id='word_1_522' title='bbox 2187 3257 2304 3327; x_wconf 78' lang='grc' dir='ltr'>ἐρεῖ</span> <span class='ocrx_word' id='word_1_523' title='bbox 2340 3255 2415 3326; x_wconf 74' lang='grc' dir='ltr'>τῷ</span> <span class='ocrx_word' id='word_1_524' title='bbox 2447 3255 2563 3326; x_wconf 72' lang='grc' dir='ltr'>ὄρει</span> <span class='ocrx_word' id='word_1_525' title='bbox 2588 3245 2785 3328; x_wconf 71' lang='grc' dir='ltr'>τούτῳ,</span> <span class='ocrx_word' id='word_1_526' title='bbox 2803 3258 3103 3329; x_wconf 79' lang='grc' dir='ltr'>Μετάϐηθι,</span> <span class='ocrx_word' id='word_1_527' title='bbox 3129 3259 3227 3313; x_wconf 70' lang='grc' dir='ltr'>καὶ</span> <span class='ocrx_word' id='word_1_528' title='bbox 3258 3260 3635 3330; x_wconf 78' lang='grc' dir='ltr'>μεταϐήσεται.</span> <span class='ocrx_word' id='word_1_529' title='bbox 3661 3259 3748 3309; x_wconf 79' lang='grc' dir='ltr'>Ἑν</span> 
     </span>
    </p>
   </div>
   <div class='ocr_carea' id='block_1_77' title="bbox 2185 3345 3751 3420">
    <p class='ocr_par' dir='ltr' id='par_1_77' title="bbox 2185 3345 3751 3420">
     <span class='ocr_line' id='line_1_77' title="bbox 2185 3345 3751 3420; baseline 0.006 -21"><span class='ocrx_word' id='word_1_530' title='bbox 2185 3345 2263 3417; x_wconf 81' lang='grc' dir='ltr'>τῷ</span> <span class='ocrx_word' id='word_1_531' title='bbox 2294 3347 2461 3415; x_wconf 76' lang='grc' dir='ltr'>φάναι</span> <span class='ocrx_word' id='word_1_532' title='bbox 2493 3347 2786 3413; x_wconf 81' lang='grc' dir='ltr'>δεικτικῶς</span> <span class='ocrx_word' id='word_1_533' title='bbox 2810 3349 2889 3414; x_wconf 83' lang='grc' dir='ltr'>τῷ</span> <span class='ocrx_word' id='word_1_534' title='bbox 2910 3350 3033 3419; x_wconf 78' lang='grc' dir='ltr'>ὄρει</span> <span class='ocrx_word' id='word_1_535' title='bbox 3061 3352 3271 3416; x_wconf 82' lang='grc' dir='ltr'>τούτῳ,</span> <span class='ocrx_word' id='word_1_536' title='bbox 3299 3350 3354 3403; x_wconf 77' lang='grc' dir='ltr'><strong>τὸ</strong></span> <span class='ocrx_word' id='word_1_537' title='bbox 3383 3349 3633 3420; x_wconf 59' lang='grc' dir='ltr'>φρόνημα</span> <span class='ocrx_word' id='word_1_538' title='bbox 3654 3348 3751 3419; x_wconf 78' lang='grc' dir='ltr'>δη-</span> 
     </span>
    </p>
   </div>
   <div class='ocr_carea' id='block_1_78' title="bbox 2184 3437 3757 3512">
    <p class='ocr_par' dir='ltr' id='par_1_78' title="bbox 2184 3437 3757 3512">
     <span class='ocr_line' id='line_1_78' title="bbox 2184 3437 3757 3512; baseline 0.001 -22"><span class='ocrx_word' id='word_1_539' title='bbox 2184 3437 2268 3491; x_wconf 85' lang='grc' dir='ltr'><strong>λοῖ</strong></span> <span class='ocrx_word' id='word_1_540' title='bbox 2290 3439 2383 3490; x_wconf 72' lang='grc' dir='ltr'>καὶ</span> <span class='ocrx_word' id='word_1_541' title='bbox 2409 3439 2497 3492; x_wconf 86' lang='grc' dir='ltr'>τὸν</span> <span class='ocrx_word' id='word_1_542' title='bbox 2535 3439 2699 3510; x_wconf 77' lang='grc' dir='ltr'>νόμον</span> <span class='ocrx_word' id='word_1_543' title='bbox 2737 3440 2836 3510; x_wconf 80' lang='grc' dir='ltr'>τῆς</span> <span class='ocrx_word' id='word_1_544' title='bbox 2871 3440 3075 3511; x_wconf 81' lang='grc' dir='ltr'>σαρκὸς</span> <span class='ocrx_word' id='word_1_545' title='bbox 3100 3483 3115 3506; x_wconf 91' lang='grc'><strong>,</strong></span> <span class='ocrx_word' id='word_1_546' title='bbox 3142 3442 3236 3494; x_wconf 77' lang='grc' dir='ltr'>τὸν</span> <span class='ocrx_word' id='word_1_547' title='bbox 3270 3441 3438 3512; x_wconf 73' lang='grc' dir='ltr'>βαρὺν</span> <span class='ocrx_word' id='word_1_548' title='bbox 3467 3439 3636 3504; x_wconf 69' lang='grc' dir='ltr'>ὅντως</span> <span class='ocrx_word' id='word_1_549' title='bbox 3665 3440 3757 3494; x_wconf 71' lang='grc' dir='ltr'>καὶ</span> 
     </span>
    </p>
   </div>
   <div class='ocr_carea' id='block_1_79' title="bbox 2191 3526 3761 3603">
    <p class='ocr_par' dir='ltr' id='par_1_79' title="bbox 2191 3526 3761 3603">
     <span class='ocr_line' id='line_1_79' title="bbox 2191 3526 3761 3603; baseline 0.003 -25"><span class='ocrx_word' id='word_1_550' title='bbox 2191 3526 2681 3599; x_wconf 81' lang='grc' dir='ltr'>δυσμετακίνητον.</span> <span class='ocrx_word' id='word_1_551' title='bbox 2726 3527 2994 3583; x_wconf 79' lang='grc' dir='ltr'>Τοσοῦτον</span> <span class='ocrx_word' id='word_1_552' title='bbox 3033 3528 3143 3599; x_wconf 87' lang='grc' dir='ltr'>γὰρ</span> <span class='ocrx_word' id='word_1_553' title='bbox 3168 3530 3464 3603; x_wconf 70' lang='grc' dir='ltr'>ἐρρίζωται</span> <span class='ocrx_word' id='word_1_554' title='bbox 3505 3533 3572 3600; x_wconf 77' lang='grc' dir='ltr'><strong>τῇ</strong></span> <span class='ocrx_word' id='word_1_555' title='bbox 3604 3531 3761 3600; x_wconf 71' lang='grc' dir='ltr'>φύσει</span> 
     </span>
    </p>
   </div>
   <div class='ocr_carea' id='block_1_80' title="bbox 2184 3617 3760 3691">
    <p class='ocr_par' dir='ltr' id='par_1_80' title="bbox 2184 3617 3760 3691">
     <span class='ocr_line' id='line_1_80' title="bbox 2184 3617 3760 3691; baseline 0.009 -21"><span class='ocrx_word' id='word_1_556' title='bbox 2184 3617 2291 3670; x_wconf 88' lang='grc' dir='ltr'><strong>τῶν</strong></span> <span class='ocrx_word' id='word_1_557' title='bbox 2334 3618 2638 3688; x_wconf 84' lang='grc' dir='ltr'>ἀνθρώπων</span> <span class='ocrx_word' id='word_1_558' title='bbox 2671 3618 2760 3673; x_wconf 81' lang='grc' dir='ltr'>διὰ</span> <span class='ocrx_word' id='word_1_559' title='bbox 2805 3620 2904 3690; x_wconf 80' lang='grc' dir='ltr'>τῆς</span> <span class='ocrx_word' id='word_1_560' title='bbox 2957 3621 3264 3691; x_wconf 82' lang='grc' dir='ltr'>αἰσθήσεως</span> <span class='ocrx_word' id='word_1_561' title='bbox 3312 3622 3413 3690; x_wconf 86' lang='grc' dir='ltr'><strong>τῆς</strong></span> <span class='ocrx_word' id='word_1_562' title='bbox 3455 3621 3681 3688; x_wconf 75' lang='grc' dir='ltr'>ἀλογίας</span> <span class='ocrx_word' id='word_1_563' title='bbox 3727 3623 3760 3690; x_wconf 77' lang='grc' dir='ltr'><strong>ἡ</strong></span> 
     </span>
    </p>
   </div>
   <div class='ocr_carea' id='block_1_81' title="bbox 2184 3707 3762 3782">
    <p class='ocr_par' dir='ltr' id='par_1_81' title="bbox 2184 3707 3762 3782">
     <span class='ocr_line' id='line_1_81' title="bbox 2184 3707 3762 3782; baseline 0.002 -21"><span class='ocrx_word' id='word_1_564' title='bbox 2184 3707 2411 3777; x_wconf 80' lang='grc' dir='ltr'>δύναμις</span> <span class='ocrx_word' id='word_1_565' title='bbox 2434 3748 2448 3771; x_wconf 92' lang='grc'><strong>,</strong></span> <span class='ocrx_word' id='word_1_566' title='bbox 2480 3707 2622 3762; x_wconf 81' lang='grc' dir='ltr'>ὥστε</span> <span class='ocrx_word' id='word_1_567' title='bbox 2654 3710 2780 3773; x_wconf 78' lang='grc' dir='ltr'>τοὺς</span> <span class='ocrx_word' id='word_1_568' title='bbox 2814 3712 3042 3774; x_wconf 77' lang='grc' dir='ltr'>πολλοὺς</span> <span class='ocrx_word' id='word_1_569' title='bbox 3087 3711 3208 3782; x_wconf 82' lang='grc' dir='ltr'>μηδ’</span> <span class='ocrx_word' id='word_1_570' title='bbox 3253 3710 3380 3764; x_wconf 80' lang='grc' dir='ltr'>ἄλλο</span> <span class='ocrx_word' id='word_1_571' title='bbox 3410 3728 3463 3764; x_wconf 90' lang='grc' dir='ltr'><strong>τι</strong></span> <span class='ocrx_word' id='word_1_572' title='bbox 3515 3712 3762 3781; x_wconf 72' lang='grc' dir='ltr'>νομίζειν</span> 
     </span>
    </p>
   </div>
   <div class='ocr_carea' id='block_1_82' title="bbox 2186 3792 3761 3874">
    <p class='ocr_par' dir='ltr' id='par_1_82' title="bbox 2186 3792 3761 3874">
     <span class='ocr_line' id='line_1_82' title="bbox 2186 3792 3761 3874; baseline 0.004 -24"><span class='ocrx_word' id='word_1_573' title='bbox 2186 3792 2325 3851; x_wconf 83' lang='grc' dir='ltr'>εἶναι</span> <span class='ocrx_word' id='word_1_574' title='bbox 2356 3798 2446 3853; x_wconf 83' lang='grc' dir='ltr'>τὸν</span> <span class='ocrx_word' id='word_1_575' title='bbox 2474 3800 2760 3870; x_wconf 81' lang='grc' dir='ltr'>ἄνθρωπον</span> <span class='ocrx_word' id='word_1_576' title='bbox 2798 3801 2831 3873; x_wconf 82' lang='grc' dir='ltr'>ἦ</span> <span class='ocrx_word' id='word_1_577' title='bbox 2863 3804 3043 3874; x_wconf 85' lang='grc' dir='ltr'>σάρκα</span> <span class='ocrx_word' id='word_1_578' title='bbox 3094 3804 3186 3856; x_wconf 75' lang='grc' dir='ltr'>καὶ</span> <span class='ocrx_word' id='word_1_579' title='bbox 3218 3801 3465 3871; x_wconf 88' lang='grc' dir='ltr'>δύναμιν,</span> <span class='ocrx_word' id='word_1_580' title='bbox 3499 3804 3641 3874; x_wconf 76' lang='grc' dir='ltr'>πρὸς</span> <span class='ocrx_word' id='word_1_581' title='bbox 3666 3805 3761 3873; x_wconf 80' lang='grc' dir='ltr'><strong>τὴν</strong></span> 
     </span>
    </p>
   </div>
   <div class='ocr_carea' id='block_1_83' title="bbox 2185 3892 3757 3967">
    <p class='ocr_par' dir='ltr' id='par_1_83' title="bbox 2185 3892 3757 3967">
     <span class='ocr_line' id='line_1_83' title="bbox 2185 3892 3757 3967; baseline 0.003 -23"><span class='ocrx_word' id='word_1_582' title='bbox 2185 3892 2485 3945; x_wconf 78' lang='grc' dir='ltr'>ἀπόλαυσιν</span> <span class='ocrx_word' id='word_1_583' title='bbox 2521 3894 2618 3963; x_wconf 80' lang='grc' dir='ltr'>τῆς</span> <span class='ocrx_word' id='word_1_584' title='bbox 2660 3895 2945 3965; x_wconf 82' lang='grc' dir='ltr'>παρούσης</span> <span class='ocrx_word' id='word_1_585' title='bbox 2978 3895 3126 3965; x_wconf 80' lang='grc' dir='ltr'>ζωῆς</span> <span class='ocrx_word' id='word_1_586' title='bbox 3164 3895 3261 3966; x_wconf 86' lang='grc' dir='ltr'><strong>τὴν</strong></span> <span class='ocrx_word' id='word_1_587' title='bbox 3292 3895 3551 3967; x_wconf 75' lang='grc' dir='ltr'>αἴσθησιν</span> <span class='ocrx_word' id='word_1_588' title='bbox 3606 3896 3757 3966; x_wconf 76' lang='grc' dir='ltr'>ἔχου-</span> 
     </span>
    </p>
   </div>
   <div class='ocr_carea' id='block_1_84' title="bbox 2189 3982 3759 4059">
    <p class='ocr_par' dir='ltr' id='par_1_84' title="bbox 2189 3982 3759 4059">
     <span class='ocr_line' id='line_1_84' title="bbox 2189 3982 3759 4059; baseline 0.004 -25"><span class='ocrx_word' id='word_1_589' title='bbox 2189 3997 2311 4037; x_wconf 87' lang='grc' dir='ltr'>σαν.</span> <span class='ocrx_word' id='word_1_590' title='bbox 2337 3983 2522 4037; x_wconf 87' lang='grc' dir='ltr'>Πάντα</span> <span class='ocrx_word' id='word_1_591' title='bbox 2549 3982 2682 4051; x_wconf 82' lang='grc' dir='ltr'>γοῦν</span> <span class='ocrx_word' id='word_1_592' title='bbox 2705 3985 2910 4040; x_wconf 78' lang='grc' dir='ltr'>δυνατὰ</span> <span class='ocrx_word' id='word_1_593' title='bbox 2937 3986 3016 4056; x_wconf 79' lang='grc' dir='ltr'>τῷ</span> <span class='ocrx_word' id='word_1_594' title='bbox 3047 3988 3382 4054; x_wconf 78' lang='grc' dir='ltr'>πιστεύοντι,</span> <span class='ocrx_word' id='word_1_595' title='bbox 3416 3989 3512 4041; x_wconf 79' lang='grc' dir='ltr'>καὶ</span> <span class='ocrx_word' id='word_1_596' title='bbox 3545 3989 3621 4059; x_wconf 91' lang='grc' dir='ltr'><strong>μὴ</strong></span> <span class='ocrx_word' id='word_1_597' title='bbox 3646 3992 3759 4041; x_wconf 84' lang='grc' dir='ltr'>δια-</span> 
     </span>
    </p>
   </div>
   <div class='ocr_carea' id='block_1_85' title="bbox 2185 4076 3759 4150">
    <p class='ocr_par' dir='ltr' id='par_1_85' title="bbox 2185 4076 3759 4150">
     <span class='ocr_line' id='line_1_85' title="bbox 2185 4076 3759 4150; baseline 0.006 -25"><span class='ocrx_word' id='word_1_598' title='bbox 2185 4076 2517 4145; x_wconf 81' lang='grc' dir='ltr'>κρινομένῳ,</span> <span class='ocrx_word' id='word_1_599' title='bbox 2553 4077 2654 4146; x_wconf 80' lang='grc' dir='ltr'>τῆς</span> <span class='ocrx_word' id='word_1_600' title='bbox 2682 4077 2826 4130; x_wconf 85' lang='grc' dir='ltr'>κατὰ</span> <span class='ocrx_word' id='word_1_601' title='bbox 2851 4079 2974 4132; x_wconf 82' lang='grc' dir='ltr'>νοῦν</span> <span class='ocrx_word' id='word_1_602' title='bbox 3007 4079 3097 4133; x_wconf 73' lang='grc' dir='ltr'>διὰ</span> <span class='ocrx_word' id='word_1_603' title='bbox 3126 4080 3229 4150; x_wconf 75' lang='grc' dir='ltr'>τῆς</span> <span class='ocrx_word' id='word_1_604' title='bbox 3272 4081 3510 4145; x_wconf 86' lang='grc' dir='ltr'>πίστεως</span> <span class='ocrx_word' id='word_1_605' title='bbox 3538 4098 3759 4150; x_wconf 66' lang='grc' dir='ltr'>γεγενηι</span> 
     </span>
    </p>
   </div>
   <div class='ocr_carea' id='block_1_86' title="bbox 2187 4167 3753 4244">
    <p class='ocr_par' dir='ltr' id='par_1_86' title="bbox 2187 4167 3753 4244">
     <span class='ocr_line' id='line_1_86' title="bbox 2187 4167 3753 4244; baseline 0.005 -27"><span class='ocrx_word' id='word_1_606' title='bbox 2187 4167 2357 4237; x_wconf 79' lang='grc' dir='ltr'>μένης</span> <span class='ocrx_word' id='word_1_607' title='bbox 2388 4168 2539 4240; x_wconf 78' lang='grc' dir='ltr'>αὐτῷ</span> <span class='ocrx_word' id='word_1_608' title='bbox 2586 4170 2725 4240; x_wconf 64' lang='grc' dir='ltr'>πρὸς</span> <span class='ocrx_word' id='word_1_609' title='bbox 2765 4171 2856 4224; x_wconf 84' lang='grc' dir='ltr'>τὸν</span> <span class='ocrx_word' id='word_1_610' title='bbox 2897 4171 3029 4226; x_wconf 82' lang='grc' dir='ltr'>Θεὸν</span> <span class='ocrx_word' id='word_1_611' title='bbox 3060 4171 3441 4237; x_wconf 75' lang='grc' dir='ltr'>ὲνώσεως,διά</span> <span class='ocrx_word' id='word_1_612' title='bbox 3488 4173 3585 4244; x_wconf 85' lang='grc' dir='ltr'><strong>τὴν</strong></span> <span class='ocrx_word' id='word_1_613' title='bbox 3624 4172 3753 4243; x_wconf 83' lang='grc' dir='ltr'>πρὸς</span> 
     </span>
    </p>
   </div>
   <div class='ocr_carea' id='block_1_87' title="bbox 2183 4260 3751 4336">
    <p class='ocr_par' dir='ltr' id='par_1_87' title="bbox 2183 4260 3751 4336">
     <span class='ocr_line' id='line_1_87' title="bbox 2183 4260 3751 4336; baseline 0.004 -25"><span class='ocrx_word' id='word_1_614' title='bbox 2183 4260 2244 4312; x_wconf 86' lang='grc' dir='ltr'>τὸ</span> <span class='ocrx_word' id='word_1_615' title='bbox 2291 4261 2454 4330; x_wconf 88' lang='grc' dir='ltr'>σῶμα</span> <span class='ocrx_word' id='word_1_616' title='bbox 2515 4262 2613 4331; x_wconf 81' lang='grc' dir='ltr'>τῆς</span> <span class='ocrx_word' id='word_1_617' title='bbox 2666 4262 2844 4333; x_wconf 81' lang='grc' dir='ltr'>ψυχῆς</span> <span class='ocrx_word' id='word_1_618' title='bbox 2900 4264 3045 4318; x_wconf 80' lang='grc' dir='ltr'>κατὰ</span> <span class='ocrx_word' id='word_1_619' title='bbox 3082 4265 3180 4335; x_wconf 89' lang='grc' dir='ltr'><strong>τὴν</strong></span> <span class='ocrx_word' id='word_1_620' title='bbox 3234 4265 3493 4335; x_wconf 79' lang='grc' dir='ltr'>αἴσθησιν</span> <span class='ocrx_word' id='word_1_621' title='bbox 3554 4265 3751 4336; x_wconf 80' lang='grc' dir='ltr'>σχέσιν.</span> 
     </span>
    </p>
   </div>
   <div class='ocr_carea' id='block_1_88' title="bbox 2186 4352 3754 4428">
    <p class='ocr_par' dir='ltr' id='par_1_88' title="bbox 2186 4352 3754 4428">
     <span class='ocr_line' id='line_1_88' title="bbox 2186 4352 3754 4428; baseline -0.001 -24"><span class='ocrx_word' id='word_1_622' title='bbox 2186 4352 2372 4405; x_wconf 87' lang='grc' dir='ltr'>Πάντα</span> <span class='ocrx_word' id='word_1_623' title='bbox 2409 4353 2485 4417; x_wconf 77' lang='grc' dir='ltr'>δὲ,</span> <span class='ocrx_word' id='word_1_624' title='bbox 2520 4354 2687 4423; x_wconf 70' lang='grc' dir='ltr'>φημὶ,</span> <span class='ocrx_word' id='word_1_625' title='bbox 2725 4356 2829 4409; x_wconf 82' lang='grc' dir='ltr'>ὅσα</span> <span class='ocrx_word' id='word_1_626' title='bbox 2874 4357 3085 4426; x_wconf 78' lang='grc' dir='ltr'>κόσμου</span> <span class='ocrx_word' id='word_1_627' title='bbox 3133 4357 3228 4410; x_wconf 72' lang='grc' dir='ltr'>καὶ</span> <span class='ocrx_word' id='word_1_628' title='bbox 3272 4358 3477 4428; x_wconf 83' lang='grc' dir='ltr'>σαρκὸς</span> <span class='ocrx_word' id='word_1_629' title='bbox 3510 4357 3604 4410; x_wconf 84' lang='grc' dir='ltr'>τὸν</span> <span class='ocrx_word' id='word_1_630' title='bbox 3637 4354 3754 4407; x_wconf 71' lang='grc' dir='ltr'>νοῦν</span> 
     </span>
    </p>
   </div>
   <div class='ocr_carea' id='block_1_89' title="bbox 509 4431 2083 4519">
    <p class='ocr_par' dir='ltr' id='par_1_89' title="bbox 509 4431 2083 4504">
     <span class='ocr_line' id='line_1_89' title="bbox 509 4431 2083 4504; baseline 0.006 -18"><span class='ocrx_word' id='word_1_631' title='bbox 509 4446 630 4487; x_wconf 87' lang='lat' dir='ltr'><strong>rum</strong></span> <span class='ocrx_word' id='word_1_632' title='bbox 662 4442 764 4498; x_wconf 83' lang='lat' dir='ltr'><strong>est,</strong></span> <span class='ocrx_word' id='word_1_633' title='bbox 801 4431 993 4487; x_wconf 82' lang='lat' dir='ltr'><strong>Omnia</strong></span> <span class='ocrx_word' id='word_1_634' title='bbox 1016 4450 1341 4503; x_wconf 69' lang='lat' dir='ltr'><strong>quwcunque</strong></span> <span class='ocrx_word' id='word_1_635' title='bbox 1359 4438 1614 4504; x_wconf 73' lang='lat' dir='ltr'><strong>petieritis</strong></span> <span class='ocrx_word' id='word_1_636' title='bbox 1637 4438 1692 4490; x_wconf 85' lang='lat' dir='ltr'><strong>in</strong></span> <span class='ocrx_word' id='word_1_637' title='bbox 1715 4442 1952 4500; x_wconf 80' lang='lat' dir='ltr'><strong>oratione</strong></span> <span class='ocrx_word' id='word_1_638' title='bbox 1976 4460 2083 4497; x_wconf 87' lang='lat' dir='ltr'><strong>cre-</strong></span> 
     </span>
    </p>
   </div>
   <div class='ocr_carea' id='block_1_90' title="bbox 2185 4431 3754 4519">
    <p class='ocr_par' dir='ltr' id='par_1_90' title="bbox 2185 4444 3754 4519">
     <span class='ocr_line' id='line_1_90' title="bbox 2185 4444 3754 4519; baseline 0.001 -21"><span class='ocrx_word' id='word_1_639' title='bbox 2185 4444 2489 4515; x_wconf 83' lang='grc' dir='ltr'>άλλοτριοῖ,</span> <span class='ocrx_word' id='word_1_640' title='bbox 2542 4444 2663 4516; x_wconf 86' lang='grc' dir='ltr'><strong>Θεῴ</strong></span> <span class='ocrx_word' id='word_1_641' title='bbox 2711 4446 2769 4499; x_wconf 80' lang='grc' dir='ltr'>δὲ</span> <span class='ocrx_word' id='word_1_642' title='bbox 2817 4450 3158 4518; x_wconf 86' lang='grc' dir='ltr'>προσοικειοῖ</span> <span class='ocrx_word' id='word_1_643' title='bbox 3195 4447 3621 4519; x_wconf 77' lang='grc' dir='ltr'>τετελειωμένον</span> <span class='ocrx_word' id='word_1_644' title='bbox 3651 4451 3754 4508; x_wconf 85' lang='grc' dir='ltr'>τοῖς</span> 
     </span>
    </p>
   </div>
   <div class='ocr_carea' id='block_1_91' title="bbox 506 4525 2079 4596">
    <p class='ocr_par' dir='ltr' id='par_1_91' title="bbox 506 4525 2079 4596">
     <span class='ocr_line' id='line_1_91' title="bbox 506 4525 2079 4596; baseline 0.006 -18"><span class='ocrx_word' id='word_1_645' title='bbox 506 4525 707 4591; x_wconf 72' lang='lat' dir='ltr'><strong>dentes,</strong></span> <span class='ocrx_word' id='word_1_646' title='bbox 735 4526 1048 4596; x_wconf 69' lang='lat' dir='ltr'><strong>accipietis?</strong></span> <span class='ocrx_word' id='word_1_647' title='bbox 1118 4527 1275 4581; x_wconf 86' lang='lat' dir='ltr'><strong>Clare</strong></span> <span class='ocrx_word' id='word_1_648' title='bbox 1326 4530 1565 4583; x_wconf 88' lang='lat' dir='ltr'><strong>ostendit</strong></span> <span class='ocrx_word' id='word_1_649' title='bbox 1610 4531 1781 4584; x_wconf 90' lang='lat' dir='ltr'><strong>solam</strong></span> <span class='ocrx_word' id='word_1_650' title='bbox 1824 4534 2079 4589; x_wconf 87' lang='lat' dir='ltr'><strong>unionem</strong></span> 
     </span>
    </p>
   </div>
   <div class='ocr_carea' id='block_1_92' title="bbox 505 4615 2082 4693">
    <p class='ocr_par' dir='ltr' id='par_1_92' title="bbox 505 4615 2082 4693">
     <span class='ocr_line' id='line_1_92' title="bbox 505 4615 2082 4693; baseline 0.009 -29"><span class='ocrx_word' id='word_1_651' title='bbox 505 4615 851 4681; x_wconf 76' lang='lat' dir='ltr'><strong>qua-rendam</strong></span> <span class='ocrx_word' id='word_1_652' title='bbox 887 4627 1010 4669; x_wconf 84' lang='lat' dir='ltr'><strong>esse</strong></span> <span class='ocrx_word' id='word_1_653' title='bbox 1035 4616 1400 4681; x_wconf 81' lang='lat' dir='ltr'><strong>credentibus,</strong></span> <span class='ocrx_word' id='word_1_654' title='bbox 1427 4631 1656 4686; x_wconf 89' lang='lat' dir='ltr'><strong>eamque</strong></span> <span class='ocrx_word' id='word_1_655' title='bbox 1686 4619 1936 4675; x_wconf 88' lang='lat' dir='ltr'><strong>virtutem</strong></span> <span class='ocrx_word' id='word_1_656' title='bbox 1961 4638 2082 4693; x_wconf 70' lang='lat' dir='ltr'><strong>quae</strong></span> 
     </span>
    </p>
   </div>
   <div class='ocr_carea' id='block_1_93' title="bbox 506 4703 2082 4776">
    <p class='ocr_par' dir='ltr' id='par_1_93' title="bbox 506 4703 2082 4776">
     <span class='ocr_line' id='line_1_93' title="bbox 506 4703 2082 4776; baseline 0.008 -20"><span class='ocrx_word' id='word_1_657' title='bbox 506 4703 649 4757; x_wconf 86' lang='lat' dir='ltr'><strong>hanc</strong></span> <span class='ocrx_word' id='word_1_658' title='bbox 671 4704 927 4772; x_wconf 88' lang='lat' dir='ltr'><strong>operibus</strong></span> <span class='ocrx_word' id='word_1_659' title='bbox 971 4716 1151 4759; x_wconf 85' lang='lat' dir='ltr'><strong>ornat.</strong></span> <span class='ocrx_word' id='word_1_660' title='bbox 1204 4704 1647 4776; x_wconf 84' lang='lat' dir='ltr'><strong>Quandoquidem</strong></span> <span class='ocrx_word' id='word_1_661' title='bbox 1696 4709 1838 4764; x_wconf 91' lang='lat' dir='ltr'><strong>enim</strong></span> <span class='ocrx_word' id='word_1_662' title='bbox 1898 4715 2082 4768; x_wconf 86' lang='lat' dir='ltr'><strong>omnia</strong></span> 
     </span>
    </p>
   </div>
   <div class='ocr_carea' id='block_1_94' title="bbox 506 4795 2084 4871">
    <p class='ocr_par' dir='ltr' id='par_1_94' title="bbox 506 4795 2084 4871">
     <span class='ocr_line' id='line_1_94' title="bbox 506 4795 2084 4871; baseline 0.01 -24"><span class='ocrx_word' id='word_1_663' title='bbox 506 4795 613 4848; x_wconf 88' lang='lat' dir='ltr'><strong>sint</strong></span> <span class='ocrx_word' id='word_1_664' title='bbox 638 4795 703 4848; x_wconf 86' lang='lat' dir='ltr'><strong>ad</strong></span> <span class='ocrx_word' id='word_1_665' title='bbox 747 4795 1111 4865; x_wconf 82' lang='lat' dir='ltr'><strong>cognitionem</strong></span> <span class='ocrx_word' id='word_1_666' title='bbox 1142 4796 1232 4852; x_wconf 90' lang='lat' dir='ltr'><strong>Dei</strong></span> <span class='ocrx_word' id='word_1_667' title='bbox 1255 4813 1317 4853; x_wconf 89' lang='lat' dir='ltr'><strong>ac</strong></span> <span class='ocrx_word' id='word_1_668' title='bbox 1349 4799 1624 4864; x_wconf 89' lang='lat' dir='ltr'><strong>virtutem,</strong></span> <span class='ocrx_word' id='word_1_669' title='bbox 1659 4816 1779 4871; x_wconf 81' lang='lat' dir='ltr'><strong>quae</strong></span> <span class='ocrx_word' id='word_1_670' title='bbox 1801 4806 2084 4862; x_wconf 83' lang='lat' dir='ltr'><strong>credentes</strong></span> 
     </span>
    </p>
   </div>
   <div class='ocr_carea' id='block_1_95' title="bbox 508 4887 2079 4957">
    <p class='ocr_par' dir='ltr' id='par_1_95' title="bbox 508 4887 2079 4957">
     <span class='ocr_line' id='line_1_95' title="bbox 508 4887 2079 4957; baseline 0.011 -20"><span class='ocrx_word' id='word_1_671' title='bbox 508 4898 781 4954; x_wconf 65' lang='lat' dir='ltr'><strong>quierunt,</strong></span> <span class='ocrx_word' id='word_1_672' title='bbox 812 4887 1059 4942; x_wconf 88' lang='lat' dir='ltr'><strong>Iiberatio</strong></span> <span class='ocrx_word' id='word_1_673' title='bbox 1091 4890 1425 4957; x_wconf 88' lang='lat' dir='ltr'><strong>passionum,</strong></span> <span class='ocrx_word' id='word_1_674' title='bbox 1458 4895 1814 4951; x_wconf 88' lang='lat' dir='ltr'><strong>tentationum</strong></span> <span class='ocrx_word' id='word_1_675' title='bbox 1848 4900 2079 4953; x_wconf 88' lang='lat' dir='ltr'><strong>toleran-</strong></span> 
     </span>
    </p>
   </div>
   <div class='ocr_carea' id='block_1_96' title="bbox 514 4980 2086 5054">
    <p class='ocr_par' dir='ltr' id='par_1_96' title="bbox 514 4980 2086 5054">
     <span class='ocr_line' id='line_1_96' title="bbox 514 4980 2086 5054; baseline 0.012 -23"><span class='ocrx_word' id='word_1_676' title='bbox 514 4980 608 5044; x_wconf 90' lang='lat' dir='ltr'><strong>tia,</strong></span> <span class='ocrx_word' id='word_1_677' title='bbox 641 4981 878 5034; x_wconf 87' lang='lat' dir='ltr'><strong>rationes</strong></span> <span class='ocrx_word' id='word_1_678' title='bbox 905 4981 1181 5043; x_wconf 71' lang='lat' dir='ltr'><strong>virtutum,</strong></span> <span class='ocrx_word' id='word_1_679' title='bbox 1236 4983 1378 5036; x_wconf 84' lang='lat' dir='ltr'><strong>modi</strong></span> <span class='ocrx_word' id='word_1_680' title='bbox 1404 4989 1803 5054; x_wconf 85' lang='lat' dir='ltr'><strong>operationnm,</strong></span> <span class='ocrx_word' id='word_1_681' title='bbox 1864 4994 2086 5049; x_wconf 87' lang='lat' dir='ltr'><strong>abdica-</strong></span> 
     </span>
    </p>
   </div>
   <div class='ocr_carea' id='block_1_97' title="bbox 513 5072 2085 5146">
    <p class='ocr_par' dir='ltr' id='par_1_97' title="bbox 513 5072 2085 5146">
     <span class='ocr_line' id='line_1_97' title="bbox 513 5072 2085 5146; baseline 0.01 -20"><span class='ocrx_word' id='word_1_682' title='bbox 513 5072 587 5126; x_wconf 91' lang='lat' dir='ltr'><strong>tio</strong></span> <span class='ocrx_word' id='word_1_683' title='bbox 606 5072 829 5126; x_wconf 74' lang='lat' dir='ltr'><strong>ati‘ectus</strong></span> <span class='ocrx_word' id='word_1_684' title='bbox 844 5073 1153 5142; x_wconf 87' lang='lat' dir='ltr'><strong>passionum</strong></span> <span class='ocrx_word' id='word_1_685' title='bbox 1182 5089 1307 5145; x_wconf 84' lang='lat' dir='ltr'><strong>erga</strong></span> <span class='ocrx_word' id='word_1_686' title='bbox 1336 5092 1578 5146; x_wconf 89' lang='lat' dir='ltr'><strong>carnem,</strong></span> <span class='ocrx_word' id='word_1_687' title='bbox 1604 5082 1931 5141; x_wconf 85' lang='lat' dir='ltr'><strong>abalienatio</strong></span> <span class='ocrx_word' id='word_1_688' title='bbox 1960 5102 2085 5144; x_wconf 88' lang='lat' dir='ltr'><strong>sen-</strong></span> 
     </span>
    </p>
   </div>
   <div class='ocr_carea' id='block_1_98' title="bbox 511 5162 2083 5237">
    <p class='ocr_par' dir='ltr' id='par_1_98' title="bbox 511 5162 2083 5237">
     <span class='ocr_line' id='line_1_98' title="bbox 511 5162 2083 5237; baseline 0.011 -20"><span class='ocrx_word' id='word_1_689' title='bbox 511 5178 605 5218; x_wconf 82' lang='lat' dir='ltr'><strong>sus</strong></span> <span class='ocrx_word' id='word_1_690' title='bbox 638 5162 706 5217; x_wconf 87' lang='lat' dir='ltr'><strong>ab</strong></span> <span class='ocrx_word' id='word_1_691' title='bbox 739 5164 808 5218; x_wconf 86' lang='lat' dir='ltr'><strong>iis</strong></span> <span class='ocrx_word' id='word_1_692' title='bbox 834 5180 952 5234; x_wconf 81' lang='lat' dir='ltr'><strong>qua:</strong></span> <span class='ocrx_word' id='word_1_693' title='bbox 977 5166 1249 5221; x_wconf 85' lang='lat' dir='ltr'><strong>sensibilia</strong></span> <span class='ocrx_word' id='word_1_694' title='bbox 1297 5169 1425 5237; x_wconf 90' lang='lat' dir='ltr'><strong>sint,</strong></span> <span class='ocrx_word' id='word_1_695' title='bbox 1454 5186 1698 5230; x_wconf 87' lang='lat' dir='ltr'><strong>secessus</strong></span> <span class='ocrx_word' id='word_1_696' title='bbox 1742 5178 2083 5235; x_wconf 91' lang='lat' dir='ltr'><strong>omnimodus</strong></span> 
     </span>
    </p>
   </div>
   <div class='ocr_carea' id='block_1_99' title="bbox 510 5254 2082 5339">
    <p class='ocr_par' dir='ltr' id='par_1_99' title="bbox 510 5254 2082 5339">
     <span class='ocr_line' id='line_1_99' title="bbox 510 5254 2082 5339; baseline 0.01 -30"><span class='ocrx_word' id='word_1_697' title='bbox 510 5255 710 5309; x_wconf 85' lang='lat' dir='ltr'><strong>mentis</strong></span> <span class='ocrx_word' id='word_1_698' title='bbox 732 5256 799 5309; x_wconf 85' lang='lat' dir='ltr'><strong>ab</strong></span> <span class='ocrx_word' id='word_1_699' title='bbox 821 5254 1073 5311; x_wconf 90' lang='lat' dir='ltr'><strong>omnibus</strong></span> <span class='ocrx_word' id='word_1_700' title='bbox 1101 5271 1218 5326; x_wconf 59' lang='lat' dir='ltr'><strong>quae</strong></span> <span class='ocrx_word' id='word_1_701' title='bbox 1251 5271 1433 5314; x_wconf 86' lang='lat' dir='ltr'><strong>creata</strong></span> <span class='ocrx_word' id='word_1_702' title='bbox 1464 5272 1610 5331; x_wconf 87' lang='lat' dir='ltr'><strong>sunt,</strong></span> <span class='ocrx_word' id='word_1_703' title='bbox 1646 5279 1709 5319; x_wconf 91' lang='lat' dir='ltr'><strong>ac</strong></span> <span class='ocrx_word' id='word_1_704' title='bbox 1749 5282 2082 5339; x_wconf 61' lang='lat' dir='ltr'><strong>quaecunque</strong></span> 
     </span>
    </p>
   </div>
   <div class='ocr_carea' id='block_1_100' title="bbox 510 5345 2081 5418">
    <p class='ocr_par' dir='ltr' id='par_1_100' title="bbox 510 5345 2081 5418">
     <span class='ocr_line' id='line_1_100' title="bbox 510 5345 2081 5418; baseline 0.011 -20"><span class='ocrx_word' id='word_1_705' title='bbox 510 5345 829 5415; x_wconf 85' lang='lat' dir='ltr'><strong>simpliciter</strong></span> <span class='ocrx_word' id='word_1_706' title='bbox 856 5347 960 5401; x_wconf 88' lang='lat' dir='ltr'><strong>alia</strong></span> <span class='ocrx_word' id='word_1_707' title='bbox 991 5349 1204 5418; x_wconf 88' lang='lat' dir='ltr'><strong>propria</strong></span> <span class='ocrx_word' id='word_1_708' title='bbox 1241 5360 1365 5404; x_wconf 84' lang='lat' dir='ltr'><strong>sum</strong></span> <span class='ocrx_word' id='word_1_709' title='bbox 1400 5352 1465 5406; x_wconf 90' lang='lat' dir='ltr'><strong>ad</strong></span> <span class='ocrx_word' id='word_1_710' title='bbox 1487 5355 1834 5411; x_wconf 85' lang='lat' dir='ltr'><strong>abolitionem</strong></span> <span class='ocrx_word' id='word_1_711' title='bbox 1863 5360 2081 5416; x_wconf 72' lang='lat' dir='ltr'><strong>malitiae</strong></span> 
     </span>
    </p>
   </div>
   <div class='ocr_carea' id='block_1_101' title="bbox 511 5438 2082 5523">
    <p class='ocr_par' dir='ltr' id='par_1_101' title="bbox 511 5438 2082 5523">
     <span class='ocr_line' id='line_1_101' title="bbox 511 5438 2082 5523; baseline 0.013 -31"><span class='ocrx_word' id='word_1_712' title='bbox 511 5454 574 5493; x_wconf 86' lang='lat' dir='ltr'><strong>ac</strong></span> <span class='ocrx_word' id='word_1_713' title='bbox 597 5438 937 5509; x_wconf 80' lang='lat' dir='ltr'><strong>ignorantiae,</strong></span> <span class='ocrx_word' id='word_1_714' title='bbox 979 5443 1412 5501; x_wconf 88' lang='lat' dir='ltr'><strong>emendationem</strong></span> <span class='ocrx_word' id='word_1_715' title='bbox 1445 5455 1623 5506; x_wconf 88' lang='lat' dir='ltr'><strong>autem</strong></span> <span class='ocrx_word' id='word_1_716' title='bbox 1656 5453 1986 5523; x_wconf 88' lang='lat' dir='ltr'><strong>cognitionis</strong></span> <span class='ocrx_word' id='word_1_717' title='bbox 2021 5468 2082 5513; x_wconf 88' lang='lat' dir='ltr'><strong>ac</strong></span> 
     </span>
    </p>
   </div>
   <div class='ocr_carea' id='block_1_102' title="bbox 576 5610 1025 5689">
    <p class='ocr_par' dir='ltr' id='par_1_102' title="bbox 576 5610 1025 5689">
     <span class='ocr_line' id='line_1_102' title="bbox 576 5610 1025 5689; baseline 0.016 -19"><span class='ocrx_word' id='word_1_718' title='bbox 576 5610 615 5661; x_wconf 78' lang='grc' dir='ltr'><strong>ὀ</strong></span> <span class='ocrx_word' id='word_1_719' title='bbox 640 5618 795 5673; x_wconf 72' lang='lat' dir='ltr'><strong>Rom.</strong></span> <span class='ocrx_word' id='word_1_720' title='bbox 832 5636 907 5689; x_wconf 69' lang='grc' dir='ltr'>ιχ,</span> <span class='ocrx_word' id='word_1_721' title='bbox 936 5622 1025 5679; x_wconf 80' lang='lat' dir='ltr'><strong>3i.</strong></span> 
     </span>
    </p>
   </div>
   <div class='ocr_carea' id='block_1_103' title="bbox 2184 4533 3754 4607">
    <p class='ocr_par' dir='ltr' id='par_1_103' title="bbox 2184 4533 3754 4607">
     <span class='ocr_line' id='line_1_103' title="bbox 2184 4533 3754 4607; baseline 0 -20"><span class='ocrx_word' id='word_1_722' title='bbox 2184 4533 2605 4605; x_wconf 79' lang='grc' dir='ltr'>κατορθώμασι·</span> <span class='ocrx_word' id='word_1_723' title='bbox 2648 4533 2820 4588; x_wconf 82' lang='grc' dir='ltr'>ταῦτα</span> <span class='ocrx_word' id='word_1_724' title='bbox 2865 4536 2973 4607; x_wconf 84' lang='grc' dir='ltr'><strong>γάρ</strong></span> <span class='ocrx_word' id='word_1_725' title='bbox 3025 4537 3133 4590; x_wconf 82' lang='grc' dir='ltr'>είσι</span> <span class='ocrx_word' id='word_1_726' title='bbox 3189 4540 3259 4591; x_wconf 76' lang='grc' dir='ltr'>τὰ</span> <span class='ocrx_word' id='word_1_727' title='bbox 3307 4537 3508 4591; x_wconf 85' lang='grc' dir='ltr'>δυνατὰ</span> <span class='ocrx_word' id='word_1_728' title='bbox 3537 4538 3614 4607; x_wconf 80' lang='grc' dir='ltr'><strong>τῷ</strong></span> <span class='ocrx_word' id='word_1_729' title='bbox 3668 4554 3754 4588; x_wconf 79' lang='grc' dir='ltr'>πι-</span> 
     </span>
    </p>
   </div>
   <div class='ocr_carea' id='block_1_104' title="bbox 2187 4626 3754 4698">
    <p class='ocr_par' dir='ltr' id='par_1_104' title="bbox 2187 4626 3754 4698">
     <span class='ocr_line' id='line_1_104' title="bbox 2187 4626 3754 4698; baseline 0.002 -21"><span class='ocrx_word' id='word_1_730' title='bbox 2187 4626 2451 4680; x_wconf 88' lang='grc' dir='ltr'>στεύοντι.</span> <span class='ocrx_word' id='word_1_731' title='bbox 2473 4628 2537 4680; x_wconf 88' lang='grc' dir='ltr'>Τί</span> <span class='ocrx_word' id='word_1_732' title='bbox 2552 4626 2612 4680; x_wconf 86' lang='grc' dir='ltr'>δὲ</span> <span class='ocrx_word' id='word_1_733' title='bbox 2629 4627 2790 4681; x_wconf 86' lang='grc' dir='ltr'>πάλιν</span> <span class='ocrx_word' id='word_1_734' title='bbox 2813 4629 2930 4681; x_wconf 76' lang='grc' dir='ltr'>ἐστὶ</span> <span class='ocrx_word' id='word_1_735' title='bbox 2951 4628 3032 4694; x_wconf 81' lang='grc' dir='ltr'>τὸ,</span> <span class='ocrx_word' id='word_1_736' title='bbox 3048 4628 3247 4683; x_wconf 77' lang='grc' dir='ltr'>Πάντα</span> <span class='ocrx_word' id='word_1_737' title='bbox 3272 4630 3391 4683; x_wconf 85' lang='grc' dir='ltr'>ὅσα</span> <span class='ocrx_word' id='word_1_738' title='bbox 3417 4628 3495 4683; x_wconf 81' lang='grc' dir='ltr'><strong>ἂν</strong></span> <span class='ocrx_word' id='word_1_739' title='bbox 3513 4628 3754 4698; x_wconf 77' lang='grc' dir='ltr'>αἰτῆσθε</span> 
     </span>
    </p>
   </div>
   <div class='ocr_carea' id='block_1_105' title="bbox 2187 4721 3754 4791">
    <p class='ocr_par' dir='ltr' id='par_1_105' title="bbox 2187 4721 3754 4791">
     <span class='ocr_line' id='line_1_105' title="bbox 2187 4721 3754 4791; baseline 0.001 -20"><span class='ocrx_word' id='word_1_740' title='bbox 2187 4721 2687 4788; x_wconf 78' lang='grc' dir='ltr'>προσευχόμενοι,</span> <span class='ocrx_word' id='word_1_741' title='bbox 2735 4722 3130 4787; x_wconf 78' lang='grc' dir='ltr'>πιστεύοντες</span> <span class='ocrx_word' id='word_1_742' title='bbox 3190 4722 3505 4790; x_wconf 41' lang='lat' dir='ltr'><strong>ludentis;</strong></span> <span class='ocrx_word' id='word_1_743' title='bbox 3570 4723 3754 4791; x_wconf 74' lang='grc' dir='ltr'>Σαφῶς</span> 
     </span>
    </p>
   </div>
   <div class='ocr_carea' id='block_1_106' title="bbox 2186 4811 3756 4886">
    <p class='ocr_par' dir='ltr' id='par_1_106' title="bbox 2186 4811 3756 4886">
     <span class='ocr_line' id='line_1_106' title="bbox 2186 4811 3756 4886; baseline 0.003 -23"><span class='ocrx_word' id='word_1_744' title='bbox 2186 4811 2356 4875; x_wconf 76' lang='grc' dir='ltr'>ἔδειξε</span> <span class='ocrx_word' id='word_1_745' title='bbox 2391 4812 2520 4883; x_wconf 78' lang='grc' dir='ltr'>περὶ</span> <span class='ocrx_word' id='word_1_746' title='bbox 2543 4812 2708 4882; x_wconf 87' lang='grc' dir='ltr'>μόνης</span> <span class='ocrx_word' id='word_1_747' title='bbox 2734 4811 2979 4877; x_wconf 82' lang='grc' dir='ltr'>ὲνώσεως</span> <span class='ocrx_word' id='word_1_748' title='bbox 3000 4813 3082 4867; x_wconf 85' lang='grc' dir='ltr'>δεῖ</span> <span class='ocrx_word' id='word_1_749' title='bbox 3103 4815 3288 4886; x_wconf 75' lang='grc' dir='ltr'>ζητεῖν</span> <span class='ocrx_word' id='word_1_750' title='bbox 3316 4817 3443 4878; x_wconf 79' lang='grc' dir='ltr'>τοὺς</span> <span class='ocrx_word' id='word_1_751' title='bbox 3475 4815 3756 4868; x_wconf 83' lang='grc' dir='ltr'>πιστεύον·</span> 
     </span>
    </p>
   </div>
   <div class='ocr_carea' id='block_1_107' title="bbox 2188 4904 3754 4976">
    <p class='ocr_par' dir='ltr' id='par_1_107' title="bbox 2188 4904 3754 4976">
     <span class='ocr_line' id='line_1_107' title="bbox 2188 4904 3754 4976; baseline 0.003 -20"><span class='ocrx_word' id='word_1_752' title='bbox 2188 4921 2309 4969; x_wconf 85' lang='grc' dir='ltr'>τας,</span> <span class='ocrx_word' id='word_1_753' title='bbox 2342 4905 2435 4957; x_wconf 79' lang='grc' dir='ltr'>καὶ</span> <span class='ocrx_word' id='word_1_754' title='bbox 2468 4904 2568 4974; x_wconf 84' lang='grc' dir='ltr'>τῆς</span> <span class='ocrx_word' id='word_1_755' title='bbox 2600 4904 2771 4975; x_wconf 80' lang='grc' dir='ltr'>αὐτὴν</span> <span class='ocrx_word' id='word_1_756' title='bbox 2810 4905 3125 4976; x_wconf 79' lang='grc' dir='ltr'>κοσμούσης</span> <span class='ocrx_word' id='word_1_757' title='bbox 3154 4907 3246 4960; x_wconf 82' lang='grc' dir='ltr'><strong>διὰ</strong></span> <span class='ocrx_word' id='word_1_758' title='bbox 3277 4907 3389 4960; x_wconf 87' lang='grc' dir='ltr'><strong>τῶν</strong></span> <span class='ocrx_word' id='word_1_759' title='bbox 3413 4907 3594 4976; x_wconf 79' lang='grc' dir='ltr'>ἔργων</span> <span class='ocrx_word' id='word_1_760' title='bbox 3629 4907 3754 4976; x_wconf 82' lang='grc' dir='ltr'>ἁρε-</span> 
     </span>
    </p>
   </div>
   <div class='ocr_carea' id='block_1_108' title="bbox 2190 4997 3756 5072">
    <p class='ocr_par' dir='ltr' id='par_1_108' title="bbox 2190 4997 3756 5072">
     <span class='ocr_line' id='line_1_108' title="bbox 2190 4997 3756 5072; baseline 0.001 -22"><span class='ocrx_word' id='word_1_761' title='bbox 2190 5000 2307 5068; x_wconf 83' lang='grc' dir='ltr'><strong>τῆς.</strong></span> <span class='ocrx_word' id='word_1_762' title='bbox 2355 4997 2575 5069; x_wconf 80' lang='grc' dir='ltr'>Ἐπειδὴ</span> <span class='ocrx_word' id='word_1_763' title='bbox 2614 4997 2745 5066; x_wconf 86' lang='grc' dir='ltr'>γοῦν</span> <span class='ocrx_word' id='word_1_764' title='bbox 2781 4998 2954 5051; x_wconf 82' lang='grc' dir='ltr'>πολλὰ</span> <span class='ocrx_word' id='word_1_765' title='bbox 2997 5000 3257 5070; x_wconf 83' lang='grc' dir='ltr'>τυγχάνει</span> <span class='ocrx_word' id='word_1_766' title='bbox 3287 5001 3359 5053; x_wconf 77' lang='grc' dir='ltr'><strong>τά</strong></span> <span class='ocrx_word' id='word_1_767' title='bbox 3392 5003 3532 5072; x_wconf 75' lang='grc' dir='ltr'>πρὸς</span> <span class='ocrx_word' id='word_1_768' title='bbox 3562 5002 3756 5069; x_wconf 84' lang='grc' dir='ltr'>γνῶσιν</span> 
     </span>
    </p>
   </div>
   <div class='ocr_carea' id='block_1_109' title="bbox 2190 5090 3755 5164">
    <p class='ocr_par' dir='ltr' id='par_1_109' title="bbox 2190 5090 3755 5164">
     <span class='ocr_line' id='line_1_109' title="bbox 2190 5090 3755 5164; baseline 0.003 -21"><span class='ocrx_word' id='word_1_769' title='bbox 2190 5090 2325 5144; x_wconf 73' lang='grc' dir='ltr'>Θεοῦ</span> <span class='ocrx_word' id='word_1_770' title='bbox 2360 5093 2455 5145; x_wconf 71' lang='grc' dir='ltr'>καὶ</span> <span class='ocrx_word' id='word_1_771' title='bbox 2484 5092 2686 5164; x_wconf 85' lang='grc' dir='ltr'>ἀρετὴν</span> <span class='ocrx_word' id='word_1_772' title='bbox 2712 5093 3025 5163; x_wconf 76' lang='grc' dir='ltr'>ζητούμενα</span> <span class='ocrx_word' id='word_1_773' title='bbox 3045 5097 3160 5156; x_wconf 85' lang='grc' dir='ltr'>τοῖς</span> <span class='ocrx_word' id='word_1_774' title='bbox 3181 5093 3557 5162; x_wconf 83' lang='grc' dir='ltr'>πιστεύουσιν,</span> <span class='ocrx_word' id='word_1_775' title='bbox 3581 5092 3755 5148; x_wconf 82' lang='grc' dir='ltr'>ἀπαλ-</span> 
     </span>
    </p>
   </div>
   <div class='ocr_carea' id='block_1_110' title="bbox 2191 5184 3754 5257">
    <p class='ocr_par' dir='ltr' id='par_1_110' title="bbox 2191 5184 3754 5257">
     <span class='ocr_line' id='line_1_110' title="bbox 2191 5184 3754 5257; baseline 0.001 -20"><span class='ocrx_word' id='word_1_776' title='bbox 2191 5184 2335 5256; x_wconf 75' lang='grc' dir='ltr'>λαγὴ</span> <span class='ocrx_word' id='word_1_777' title='bbox 2363 5185 2579 5250; x_wconf 87' lang='grc' dir='ltr'>παθῶν,</span> <span class='ocrx_word' id='word_1_778' title='bbox 2626 5184 2877 5255; x_wconf 81' lang='grc' dir='ltr'>ὑπομονὴ</span> <span class='ocrx_word' id='word_1_779' title='bbox 2920 5186 3269 5256; x_wconf 82' lang='grc' dir='ltr'>πειρασμῶν,</span> <span class='ocrx_word' id='word_1_780' title='bbox 3315 5188 3532 5257; x_wconf 82' lang='grc' dir='ltr'>ἀρετῶν</span> <span class='ocrx_word' id='word_1_781' title='bbox 3572 5187 3754 5256; x_wconf 86' lang='grc' dir='ltr'>λόγοι,</span> 
     </span>
    </p>
   </div>
   <div class='ocr_carea' id='block_1_111' title="bbox 2187 5275 3759 5351">
    <p class='ocr_par' dir='ltr' id='par_1_111' title="bbox 2187 5275 3759 5351">
     <span class='ocr_line' id='line_1_111' title="bbox 2187 5275 3759 5351; baseline 0.001 -23"><span class='ocrx_word' id='word_1_782' title='bbox 2187 5278 2379 5346; x_wconf 79' lang='grc' dir='ltr'>τρόποι</span> <span class='ocrx_word' id='word_1_783' title='bbox 2411 5275 2725 5347; x_wconf 74' lang='grc' dir='ltr'>ἐνεργειῶν,</span> <span class='ocrx_word' id='word_1_784' title='bbox 2771 5275 3040 5345; x_wconf 81' lang='grc' dir='ltr'>ὲξήλωσις</span> <span class='ocrx_word' id='word_1_785' title='bbox 3072 5276 3174 5347; x_wconf 79' lang='grc' dir='ltr'>τῆς</span> <span class='ocrx_word' id='word_1_786' title='bbox 3205 5278 3343 5347; x_wconf 81' lang='grc' dir='ltr'>πρὸς</span> <span class='ocrx_word' id='word_1_787' title='bbox 3375 5280 3559 5349; x_wconf 85' lang='grc' dir='ltr'>σάρκα</span> <span class='ocrx_word' id='word_1_788' title='bbox 3581 5282 3759 5351; x_wconf 73' lang='grc' dir='ltr'>ἐμπα-</span> 
     </span>
    </p>
   </div>
   <div class='ocr_carea' id='block_1_112' title="bbox 2190 5366 3761 5440">
    <p class='ocr_par' dir='ltr' id='par_1_112' title="bbox 2190 5366 3761 5440">
     <span class='ocr_line' id='line_1_112' title="bbox 2190 5366 3761 5440; baseline -0.001 -20"><span class='ocrx_word' id='word_1_789' title='bbox 2190 5367 2317 5430; x_wconf 76' lang='grc' dir='ltr'>θοῦς</span> <span class='ocrx_word' id='word_1_790' title='bbox 2365 5367 2662 5431; x_wconf 80' lang='grc' dir='ltr'>διαθέσεως</span> <span class='ocrx_word' id='word_1_791' title='bbox 2690 5407 2705 5431; x_wconf 92' lang='grc'><strong>,</strong></span> <span class='ocrx_word' id='word_1_792' title='bbox 2735 5366 3070 5434; x_wconf 77' lang='grc' dir='ltr'>ἀποξένωσις</span> <span class='ocrx_word' id='word_1_793' title='bbox 3094 5369 3191 5438; x_wconf 81' lang='grc' dir='ltr'>τῆς</span> <span class='ocrx_word' id='word_1_794' title='bbox 3234 5370 3371 5440; x_wconf 71' lang='grc' dir='ltr'>πρὸς</span> <span class='ocrx_word' id='word_1_795' title='bbox 3412 5370 3486 5423; x_wconf 83' lang='grc' dir='ltr'>τὰ</span> <span class='ocrx_word' id='word_1_796' title='bbox 3532 5367 3761 5439; x_wconf 78' lang='grc' dir='ltr'>αἰσθητά</span> 
     </span>
    </p>
   </div>
   <div class='ocr_carea' id='block_1_113' title="bbox 2189 5457 3760 5533">
    <p class='ocr_par' dir='ltr' id='par_1_113' title="bbox 2189 5457 3760 5533">
     <span class='ocr_line' id='line_1_113' title="bbox 2189 5457 3760 5533; baseline 0.001 -24"><span class='ocrx_word' id='word_1_797' title='bbox 2189 5459 2287 5529; x_wconf 75' lang='grc' dir='ltr'>τῆς</span> <span class='ocrx_word' id='word_1_798' title='bbox 2349 5458 2691 5528; x_wconf 72' lang='grc' dir='ltr'>αἰσθήσεως,</span> <span class='ocrx_word' id='word_1_799' title='bbox 2743 5457 2982 5528; x_wconf 75' lang='grc' dir='ltr'>σχέσεως</span> <span class='ocrx_word' id='word_1_800' title='bbox 3037 5457 3134 5511; x_wconf 83' lang='grc' dir='ltr'><strong>τού</strong></span> <span class='ocrx_word' id='word_1_801' title='bbox 3190 5459 3285 5514; x_wconf 80' lang='grc' dir='ltr'>νοῦ</span> <span class='ocrx_word' id='word_1_802' title='bbox 3327 5461 3604 5533; x_wconf 75' lang='grc' dir='ltr'>παντελὴς</span> <span class='ocrx_word' id='word_1_803' title='bbox 3656 5457 3760 5515; x_wconf 69' lang='grc' dir='ltr'>ἀπὸ</span> 
     </span>
    </p>
   </div>
  </div>
