4038 6148
868 167 901 197 Ι

481 290 580 354 337

1605 279 1939 339 AMMONII
1982 279 2510 340 ALEXANDRINI

3565 280 3710 350 1383
3768 302 3775 307 “

447 405 617 478 gratia
653 401 921 472 particeps
955 397 1033 463 ﬁt,
1060 413 1123 455 ac
1149 398 1267 452 aliis
1320 397 1438 452 sine
1470 395 1668 450 invidia
1718 394 2024 450 communi-

2135 388 2200 447 ὧν
2230 395 2457 466 μετέσχε
2486 411 2565 458 τις
2596 394 2734 448 κατᾶ
2768 393 2904 447 Θεοῦ
2936 394 3094 465 χάριν
3127 395 3369 463 ἀγαθῶν,
3403 395 3499 449 καὶ
3531 397 3709 461 ἄλλοις

360 542 370 551 .
448 514 575 554 care
603 495 782 551 debet.
837 490 1013 545 Gratis
1039 491 1205 557 enim,
1258 488 1451 557 inquit,
1518 488 1816 556 accepistis,
1854 487 2019 555 gratis

446 595 587 647 date.
619 588 722 656 Qui
756 599 885 640 Vero
908 583 1010 638 sub
1036 591 1179 638 terra
1203 580 1488 636 abscondit
1510 579 1769 633 talentum
1802 593 1899 632 seu
1925 579 2021 632 do-

447 699 601 748 num,
639 691 892 747 tanquam
922 684 1147 741 sortem,
1172 672 1536 729 calumniatur
1566 670 1869 736 Dominum,
1896 685 2021 741 par-

447 777 629 845 citque
658 770 837 834 carni,
868 768 1126 823 virtutem
1164 765 1560 822 exterminans.

1031 964 1186 1022 CAP.
1218 963 1406 1019 XXVI.

518 1084 682 1139 Vsus.
715 1082 809 1135 ΞΟ.
862 1099 881 1133 ι
912 1078 1154 1149 Vespere
1198 1086 1381 1131 autem
1436 1074 1602 1141 facto,
1656 1073 2025 1128 discumbebat

443 1191 567 1232 eum
600 1172 883 1243 discipulis
906 1172 1072 1227 suis.»

518 1264 687 1320 Vens.
732 1264 826 1318 2i.
860 1261 968 1321 ,ιΕι
1020 1260 1304 1316 edentibus
1333 1257 1440 1313 illis
1464 1256 1637 1311 dixit:
1706 1255 1875 1309 Amen
1904 1255 2025 1309 dico

443 1359 618 1421 vobis,
646 1357 773 1426 quia
796 1367 934 1409 unus
963 1362 1203 1407 vestrum
1230 1364 1315 1404 me
1352 1348 1649 1403 traditurus
1675 1356 1810 1400 est.»

525 1449 860 1520 Praeparatio
895 1446 1138 1520 quidem
1191 1441 1470 1496 Paschalis
1512 1439 1654 1495 facta
1702 1447 1806 1502 est,
1867 1450 2023 1492 cmna

447 1518 760 1606 autemest,
793 1546 848 1594 et
894 1518 1134 1591 nondum
1186 1531 1474 1588 Paschalis
1526 1530 1817 1585 comestio:
1854 1543 2027 1596 neque

447 1632 589 1688 enim
608 1631 822 1684 habitus
852 1637 935 1681 est
958 1626 1163 1680 Pascha
1189 1624 1610 1687 contedentium,
1637 1622 1732 1675 sed
1765 1620 2027 1674 recubue-

448 1732 574 1776 runt
598 1727 901 1776 ccenautes.
929 1717 1211 1784 Quomodo
1237 1725 1441 1777 autem,
1469 1715 1513 1768 si
1552 1713 1759 1767 Pascha
1784 1711 2027 1765 comede-

446 1821 597 1875 runt,
625 1819 811 1866 contra
838 1810 1009 1879 legem
1043 1806 1430 1861 comederunt?
1463 1803 1592 1877 (non
1623 1806 1768 1858 enim
1805 1804 1886 1858 fas
1909 1814 2028 1857 erat

446 1904 732 1960 comedere
756 1897 1241 1968 recutnbentibus.)
1284 1896 1552 1963 Quidnam
1620 1897 1784 1965 igitur
1837 1895 2027 1950 dicen-

448 1996 610 2052 dum?
667 1995 812 2066 quod
868 2000 1151 2063 postquam
1225 1990 1599 2052 comederunt,
1665 1989 2030 2043 recubuerunt

449 2089 706 2157 deinceps
754 2085 845 2154 qui
877 2083 1245 2139 comederaut.
1302 2080 1454 2134 Alius
1493 2089 1671 2134 autem
1696 2078 2027 2148 evangelista

449 2180 604 2244 dicit,
637 2179 703 2232 ad
733 2191 1012 2246 vesperam
1045 2174 1191 2227 illam
1221 2188 1325 2228 non
1352 2172 1653 2226 comedisse
1706 2171 1877 2224 solum
1920 2170 2024 2222 Pa-

451 2271 606 2333 seha,
656 2269 750 2322 sed
803 2275 857 2321 et
920 2265 1127 2319 dixisse
1192 2284 1206 2318 :
1258 2263 1529 2317 Desiderio
1584 2262 1879 2316 desideravi
1934 2261 2028 2313 hoc

452 2357 664 2413 Pascha
692 2357 1013 2411 manducare
1073 2355 1338 2408 vobiscum
1364 2352 1412 2419 ⁸,
1442 2352 1495 2406 id
1541 2361 1647 2418 est,
1706 2354 1807 2406 hoc
1865 2364 2029 2404 anno.

452 2451 563 2505 Cur
588 2447 991 2516 tandenﬂquia
1022 2455 1134 2500 tum
1182 2445 1359 2499 latura
1408 2456 1529 2499 erat
1559 2444 1709 2498 orbis
1764 2453 2031 2498 terrarum

454 2542 719 2621 salvatio,
761 2555 825 2594 ae
902 2539 1286 2609 mysteriorqu
1377 2536 1625 2601 traditio,
1686 2536 2032 2603 tristiumque

454 2650 553 2706 per
597 2642 831 2689 mortem
881 2631 1101 2697 solutio,
1146 2631 1217 2684 ita
1249 2630 1321 2684 illi
1345 2644 1477 2684 crux
1505 2638 1625 2683 erat
1650 2639 1826 2698 grata.

531 2727 692 2782 Vens.
716 2726 806 2781 29.
839 2743 857 2776 ι
901 2722 1029 2778 Dico
1049 2732 1229 2777 autem
1263 2722 1413 2776 vobis
1443 2719 1597 2775 :Non
1630 2722 1810 2776 bibant
1837 2721 2029 2775 amodo

448 2823 523 2877 de
546 2821 651 2875 hoc
678 2818 951 2890 genimiue
982 2816 1130 2879 vitis,
1162 2829 1334 2882 usque
1356 2813 1409 2868 in
1468 2814 1611 2869 diem
1669 2813 1841 2878 illum,
1906 2828 2030 2866 cum

448 2913 588 2968 illud
622 2912 805 2968 bibant
838 2924 1033 2964 novum
1068 2907 1346 2963 vobiscum
1380 2906 1432 2961 in
1472 2921 1639 2977 regno
1662 2905 1840 2962 Patris
1867 2905 2025 2960 mei.»

526 3089 654 3145 Vini
684 3095 843 3158 polus
875 3101 983 3142 non
1013 3095 1219 3141 tantum
1272 3086 1650 3142 necessitatem
1686 3086 1887 3157 explet,
1942 3101 2031 3141 ve-
2059 3120 2101 3178 ε

458 3197 579 3237 rum
604 3181 769 3236 etiam
796 3178 1170 3235 omnimodam
1207 3179 1364 3234 all'ert
1422 3180 1605 3236 sensui
1674 3179 2030 3248 voluptatem.

458 3278 589 3333 Post
614 3272 1069 3331 resurrectionem
1093 3283 1270 3329 autem
1303 3289 1331 3327 a
1363 3273 1611 3339 mortuis,
1640 3273 1884 3326 abstersa
1934 3271 2035 3324 bu-

462 3380 745 3424 mauorum
771 3379 1056 3435 corporum
1090 3366 1459 3435 corruptione,
1485 3367 1597 3434 ipsa
1615 3377 1829 3433 quoque
1852 3376 2032 3414 rerum

460 3456 655 3515 natura
690 3458 759 3513 ad
807 3457 1099 3512 novitatem
1134 3457 1531 3521 transferetur;
1561 3456 1695 3509 adeo
1747 3462 1805 3506 ut
1834 3460 1888 3506 et
1920 3452 2031 3520 ipsa

459 3559 649 3606 nostra
680 3548 863 3602 lmtitia
905 3562 1042 3601 nova
1075 3547 1148 3601 sit
1172 3545 1374 3599 futura.
1406 3543 1631 3596 Laetitiae
1664 3551 1846 3596 autem
1895 3554 2036 3609 sym-

460 3642 644 3697 bolum
695 3646 781 3694 est
833 3638 941 3692 vini
973 3638 1224 3699 haustus,
1253 3648 1412 3702 quem
1446 3646 1642 3685 novum
1670 3645 1885 3700 quOQue
1920 3630 2033 3682 lieri

459 3732 556 3797 ait,
580 3730 871 3786 secundum
894 3730 1034 3798 quod
1065 3742 1131 3783 ex
1155 3742 1220 3782 eo
1245 3724 1525 3793 contingit,
1557 3723 1607 3777 id
1630 3733 1735 3788 est,
1754 3721 1992 3776 laetitiam
2019 3738 2035 3787 ;

462 3823 680 3878 secedet
726 3820 868 3876 enim
926 3827 1048 3888 post
1069 3816 1523 3872 resurrectionem
1579 3814 1813 3868 humana
1846 3824 2034 3867 natura

461 3914 530 3968 ab
557 3920 773 3968 assueta
801 3910 903 3966 sibi
958 3918 1286 3974 terrenaque
1338 3904 1721 3969 delectatione,
1782 3904 2037 3958 transibit

462 4013 643 4060 autem
676 4002 743 4057 ad
789 3998 1104 4055 deliciarum
1177 3995 1498 4059 novitatem,
1572 3994 1745 4063 ipsius
1784 3993 2037 4048 videlicet

458 4095 702 4149 omnium
724 4097 967 4145 nostrum
994 4085 1309 4141 Servatoris
1335 4083 1563 4148 Christi,
1596 4083 1812 4137 insitam
1848 4097 1913 4137 ac
1939 4097 2035 4150 ge-

461 4189 682 4240 nuinam
734 4178 973 4234 laetitiam
998 4176 1286 4232 animabus
1333 4191 1519 4232 eorum
1574 4175 1666 4245 qui
1696 4178 1782 4242 pie
1817 4189 1880 4226 ac
1909 4173 2037 4227 reli-

458 4280 614 4349 giose
670 4286 795 4327 eum
854 4270 1039 4325 colunt
1093 4270 1457 4333 immitteutis,
1519 4282 1585 4323 ac
1645 4265 2035 4321 convenienter

461 4364 734 4425 mensuris
759 4359 1183 4431 uniuscujusque
1224 4356 1648 4422 distribuentis;
1686 4353 1801 4410 fore
1851 4362 2031 4407 autem

2125 485 2374 554 ἀφθόνως
2418 484 2740 555 μεταδοῦναι
2787 485 3069 557 χρεώστης
3112 486 3249 539 ἐστί.
3287 487 3522 553 Δωρεὰν
3565 486 3708 556 γάρ,

2126 581 2312 650 φησὶν,
2340 579 2605 645 ἐλάϐετε,
2638 580 2867 647 δωρεὰν
2911 577 3067 632 δότε.
3113 578 3171 630 '0
3198 578 3255 630 δὲ
3295 579 3403 630 ὑπό
3430 580 3532 649 γῆν
3569 578 3707 648 κρύ-

2126 689 2273 724 πτων
2309 671 2370 724 τὸ
2415 671 2697 737 τάλαντον,
2742 673 2911 742 ἧγουν
2941 670 3041 739 τὴν
3097 670 3332 740 δωρεὰν,
3361 669 3436 733 ὡς
3483 671 3709 741 κληρδν,

2124 759 2399 813 διαθάλλει
2430 761 2521 813 τὸν
2563 760 2767 832 Κύριον
2796 761 2970 830 φειδοῖ
3001 761 3101 831 τῆς
3134 759 3341 831 σαρκὸς
3379 759 3481 829 τὴν
3508 759 3708 828 ἀρετὴν

2126 850 2323 921 ὲξομνύ
2334 870 2512 921 μενος.

2693 965 2942 1018 ΚΕΦΛΛ.
2988 966 3133 1032 Kq'.

2202 1099 2222 1131 ι
2297 1080 2485 1163 Ὀψίας
2530 1078 2588 1131 δὲ
2630 1079 2933 1149 γενομένης
2979 1078 3230 1132 ἀνέκειτο
3279 1077 3423 1149 μετὰ
3458 1077 3566 1131 τῶν
3604 1077 3709 1131 δὼ-

2127 1171 2281 1224 δέκα.
2320 1189 2340 1222 ›

2205 1284 2222 1315 ι
2265 1264 2375 1316 Καὶ
2399 1261 2686 1316 ἐσθιόντων
2725 1259 2927 1323 αὐτῶν,
2954 1254 3130 1313 εἰπενο
3175 1259 3352 1329 Ἀμὴν
3381 1259 3525 1327 λέγω
3548 1262 3708 1329 ὑμῖν,

2126 1359 2211 1411 ὅτι
2236 1352 2314 1420 εἷς
2343 1356 2401 1421 ἐξ
2426 1356 2581 1424 ὑμῶν
2607 1353 2933 1424 παραδώσει
2972 1370 3063 1423 με.
3101 1371 3118 1402 ι

2205 1449 2276 1501 *Η
2311 1450 2408 1518 μὲν
2452 1446 2739 1517 ὲτοιμασία
2776 1445 2969 1513 γέγονε
3012 1443 3106 1497 τοῦ
3151 1428 3364 1513 Πάσχα·
3409 1443 3624 1496 δεῖπνον
3653 1443 3711 1495 δέ

2132 1542 2273 1604 ἐστι,
2311 1540 2408 1593 καὶ
2433 1538 2587 1592 οὔπω
2615 1537 2710 1590 τοῦ
2744 1537 2935 1608 Πάσχα
2964 1536 3188 1607 βρῶσις.
3220 1535 3357 1587 Οὐδὲ
3379 1535 3492 1604 γὰρ
3521 1535 3713 1603 σχῆμα

2126 1633 2187 1685 τὸ
2208 1631 2397 1700 Πάσχα
2413 1630 2720 1688 ἐσθιόντων,
2747 1628 2865 1681 ἀλλ’
2890 1628 3170 1681 ἀνέκειντο
3189 1626 3553 1689 δειπνοῦντες.
3590 1626 3715 1688 Πῶς

2128 1722 2185 1774 δὲ
2213 1724 2263 1774 εἰ
2292 1721 2354 1774 τὸ
2375 1720 2566 1789 Πάσχα
2604 1718 2791 1790 ἤσθιον
2822 1718 3161 1789 παρανόμως
3189 1717 3418 1787 ἧσθιον;
3461 1716 3574 1785 (Οὐ
3605 1717 3717 1786 γὰρ

2130 1812 2519 1883 ἀνακειμένους
2547 1810 2657 1862 ἔδει
2689 1807 2942 1879 φαγεῖν.)
2977 1808 3041 1860 Τί
3079 1802 3173 1859 οὖν
3204 1805 3353 1858 ἔστιν
3384 1807 3599 1869 εἰπεῖν;
3631 1806 3718 1858 ὅτι

2134 1906 2271 1975 μετά
2297 1905 2357 1958 τὸ
2381 1906 2573 1973 φαγεῖν
2600 1901 2880 1977 ἀνέκειντο
2901 1898 3087 1952 λοιπὸν
3125 1898 3452 1966 ἐσθιόμενοι.
3487 1897 3719 1967 Ἕτερος

2128 1998 2185 2050 δὲ
2215 1995 2612 2065 εὐαγγελιστής
2643 2010 2830 2063 φησιν,
2867 1992 2947 2045 ὅτι
2984 1991 3127 2045 κατὰ
3163 1991 3264 2060 τὴν
3291 1990 3535 2058 ἑσπέραν
3571 1988 3721 2041 ἐκεί-

2131 2105 2229 2158 νην
2251 2087 2350 2140 οὐκ
2385 2086 2539 2157 ἤσθιε
2583 2084 2746 2155 μόνον
2785 2084 2847 2136 τὸ
2885 2083 3100 2151 Πάσχα,
3151 2081 3273 2135 ἀλλ’
3300 2080 3509 2148 ἔλεγεν
3555 2081 3719 2132 Ἐπι-

2135 2178 2313 2246 (hut/gi
2344 2176 2693 2244 ἐπεθύμησα
2738 2173 2805 2228 τὸ
2862 2174 3080 2243 Πάσχα
3132 2171 3308 2227 τοῦτο
3347 2170 3559 2240 φαγεῖν
3583 2172 3719 2238 μευ*

2133 2267 2321 2338 ὑμῶν,
2370 2269 2614 2321 τουτέστι
2651 2267 2795 2320 κατὰ
2820 2266 2913 2322 τὸν
2959 2265 3205 2318 ὲνιαυτδν
3248 2264 3458 2317 τοῦτον.
3506 2261 3571 2315 Τί
3620 2262 3719 2331 δή-

2133 2380 2260 2415 ποτε
2291 2380 2306 2429 ;
2332 2362 2416 2415 ὅτι
2444 2362 2565 2414 τότε
2596 2360 2789 2431 ἔμελλε
2811 2359 2912 2428 τῆς
2941 2357 3272 2428 οἰκουμένης
3294 2360 3327 2428 ἡ
3362 2356 3605 2427 σωτηρία
3636 2355 3719 2423 γί-

2132 2454 2340 2515 νεσθαι,
2375 2454 2469 2505 καί
2507 2452 2574 2505 τὰ
2603 2451 2877 2522 μυστήρια
2910 2448 3335 2521 παραδίδοσθαι,
3379 2453 3474 2501 καὶ
3514 2447 3584 2500 τὰ
3625 2447 3725 2499 λυ·-

2134 2546 2286 2616 πηρά
2315 2543 2540 2597 λύεσθαι
2570 2543 2659 2598 διὰ
2689 2541 2783 2597 τοῦ
2832 2542 3086 2595 θανάτου.
3119 2540 3278 2595 Οὕτω
3308 2541 3450 2594 κατά
3492 2537 3722 2609 γνώμην

2132 2636 2283 2706 αὐτῷ
2316 2636 2344 2688 ὁ
2372 2634 2604 2706 σταυρὸς
2636 2630 2726 2705 ἦν.

2210 2745 2229 2779 ι
2265 2726 2428 2795 Λέγω
2460 2726 2517 2779 δὲ
2552 2726 2708 2796 ὑμῖν,
2740 2726 2823 2779 ὅτι
2854 2724 2928 2779 Οὐ
2963 2724 3039 2795 μὴ
3073 2724 3182 2777 πίω
3210 2724 3305 2779 ἀπ’
3345 2718 3469 2793 ἄρτι
3498 2726 3563 2776 ὲκ
3596 2721 3721 2776 τούς

2132 2837 2225 2874 του
2257 2817 2351 2871 τοῦ
2394 2817 2730 2887 γεννήματος
2771 2816 2870 2887 τῆς
2900 2814 3175 2891 ἀμπέλου,
3216 2815 3323 2877 ἓως
3368 2814 3468 2886 τῆς
3504 2814 3719 2884 ἡμέρας

2133 2910 2371 2981 ἐκείνης,
2403 2910 2530 2963 ὅταν
2562 2908 2692 2961 αὐτὸ
2724 2908 2865 2960 πίνω
2893 2905 3011 2977 μεθ’
3036 2905 3188 2977 ὑμῶν
3216 2906 3400 2959 καινὸν
3435 2907 3493 2959 ὲν
3521 2908 3585 2976 τῇ
3618 2904 3715 2973 βι-

2135 3003 2310 3075 σιλείᾳ
2336 3001 2430 3056 τοῦ
2459 3001 2673 3072 Πατρός
2715 3016 2838 3070 μου.
2875 3018 2893 3050 ι

2216 3098 2284 3151 Ἡ
2318 3095 2411 3149 τοῦ
2460 3096 2606 3150 οἴνου
2656 3094 2814 3157 πόσις
2849 3093 2911 3146 οὐ
2948 3092 3140 3164 χρείαν
3179 3090 3495 3163 ἀποπληροῖ
3532 3092 3714 3161 μόνον,

2135 3188 2272 3243 ἀλλά
2294 3190 2387 3242 καὶ
2414 3185 2783 3257 παμποίκιλον
2808 3184 2999 3256 ἡδονὴν
3020 3187 3087 3255 τῇ
3116 3183 3366 3254 αἰσθήσει
3391 3183 3710 3253 προσφέρει·

2139 3279 2276 3351 μετὰ
2319 3279 2377 3331 δὲ
2413 3277 2512 3349 τὴν
2549 3278 2614 3329 ὲκ
2657 3276 2870 3347 νεκρῶν
2906 3277 3228 3338 ἀνάστασιν,
3259 3271 3707 3342 ἀποτιναχθείσης

2133 3374 2231 3442 τῆς
2277 3369 2484 3438 φθορᾶς
2526 3368 2634 3421 τῶν
2683 3365 3041 3438 ἀνθρωπίνων
3092 3365 3376 3435 σωμάτων,
3427 3362 3522 3415 καὶ
3566 3360 3712 3431 αὑτὴ

2133 3462 2244 3515 τῶν
2275 3460 2616 3531 πραγμάτων
2639 3461 2672 3529 ή
2705 3458 2868 3527 φύσις
2894 3456 3030 3528 πρὸς
3050 3457 3342 3525 καινότητα
3370 3450 3719 3525 μετοικισθή-

2138 3569 2312 3615 σεται,
2348 3551 2489 3604 ὥστε
2523 3551 2618 3604 καὶ
2653 3549 2822 3620 αὐτὴν
2862 3548 3021 3619 ἡμῶν
3059 3547 3159 3618 τὴν
3189 3547 3531 3616 εὐφροσύνην
3578 3538 3719 3597 εἶναι

2137 3646 2351 3714 καινήν.
2385 3640 2736 3714 Εὑφροσύνης
2762 3640 2819 3692 δὲ
2849 3640 3114 3710 σύμϐολον
3141 3638 3201 3691 τὸ
3229 3637 3290 3701 ἐξ
3316 3637 3462 3690 οἴνου
3496 3637 3710 3706 κρᾶμα,

2138 3737 2167 3789 ὃ
2218 3737 2313 3789 καὶ
2364 3732 2691 3804 γεγενῆσθαί
2739 3749 2874 3802 φησι
2922 3731 3105 3798 καινὸν
3143 3729 3278 3783 κατά
3333 3729 3396 3781 τὸ
3440 3728 3501 3791 ἐξ
3551 3729 3722 3782 αὐτοῦ

2138 3826 2456 3895 συμϐαῖνον,
2504 3824 2752 3877 τουτέστι
2814 3823 2913 3894 τὴν
2960 3820 3316 3894 εὐφροσύνην·
3365 3821 3723 3890 ἀναχωρήσει

2135 3915 2246 3984 γὰρ
2277 3912 2415 3984 μετά
2445 3914 2543 3983 τὴν
2571 3912 2867 3966 ἀνάστασιν
2899 3913 2932 3981 ἠ
2959 3910 3052 3964 τοῦ
3078 3908 3367 3982 ἀνθρώπου
3394 3908 3557 3977 φύσις
3575 3949 3589 3972 ,
3620 3908 3723 3977 τῆς

2135 4005 2271 4076 αὑτῇ
2299 4004 2565 4076 συνήθους
2589 4004 2685 4058 καὶ
2710 4004 2908 4075 γηῖνης
2935 4003 3212 4074 τέρψεως,
3245 4004 3628 4074 μεταχωρήσει
3661 4002 3721 4054 δὲ

2135 4096 2273 4168 πρὸς
2316 4096 2611 4167 καινότητα
2635 4096 2849 4167 τρυφῆς
2868 4136 2883 4161 ,
2910 4094 3075 4148 αὐτοῦ
3103 4094 3346 4165 δηλονότι
3373 4094 3468 4147 τοῦ
3504 4096 3719 4147 πάντων

2136 4188 2293 4259 ἡμῶν
2335 4188 2584 4258 Σωτῆρος
2623 4186 2862 4257 Χριστοῦ
2900 4188 3002 4258 τὴν
3044 4187 3288 4258 ἔμφυτον
3320 4186 3413 4240 καὶ
3462 4186 3599 4239 ἰδίαν
3626 4185 3721 4236 εὑ·-

2138 4278 2413 4349 φροσύνην
2435 4283 2554 4341 ταῖς
2577 4277 2686 4330 τῶν
2710 4277 3019 4349 σεϐομένων
3044 4280 3208 4334 αὑτὸν
3237 4280 3474 4341 ὲνιέντος
3496 4278 3715 4348 ψυχαῖς,

2136 4369 2233 4424 καὶ
2258 4369 2538 4441 ἀναλόγως
2568 4372 2679 4433 τοῖς
2705 4370 2936 4423 ἑκάστου
2968 4372 3195 4440 μέτροις
3234 4370 3600 4440 διανέμοντος·
3638 4368 3721 4420 ὅτι

462 4474 561 4515 uos
591 4458 647 4511 in
675 4451 1050 4524 spiritualibus
1073 4450 1299 4514 laetitiis,
1325 4448 1541 4502 divinus
1574 4456 1724 4499 vates
1750 4443 1920 4497 David
1954 4457 2032 4497 se-

2136 4460 2193 4513 δὲ
2223 4461 2280 4512 ὲν
2312 4459 2675 4530 εὐφροσύναις
2696 4461 2931 4531 ἐσόμεθα
2965 4463 3183 4531 νοηταῖς
3212 4463 3241 4514 ὁ
3266 4461 3408 4524 θεῖος
3436 4462 3585 4529 ἡμᾶς
3615 4462 3720 4511 Δα-

462 4565 592 4604 eure
620 4543 890 4617 promittit
913 4542 1102 4597 dicens
1145 4554 1162 4593 :
1200 4538 1615 4592 lnebriabuntur
1672 4535 1737 4588 ab
1796 4534 2033 4587 ubertate

463 4643 651 4697 domus
677 4648 807 4703 tum,
835 4645 883 4691 et
916 4643 1147 4689 torrente
1193 4631 1474 4700 voluptatis
1499 4639 1603 4683 tua:
1642 4628 1847 4697 potabis
1873 4626 2034 4692 eos‘;

466 4731 740 4803 Sapientia
771 4742 899 4784 vero
952 4739 1139 4779 rursus
1198 4724 1381 4778 vinum
1413 4724 1467 4777 in
1514 4722 1681 4778 calice
1707 4721 1939 4775 miscens
1981 4730 2036 4773 et

462 4835 769 4892 proponens
796 4831 960 4888 panes
1005 4833 1020 4870 :
1081 4812 1276 4880 Venite,
1302 4814 1540 4885 inquit',
1572 4813 1822 4868 comedite
1846 4827 2034 4881 panem

462 4928 655 4976 meum,
688 4922 733 4966 et
772 4911 928 4964 bibite
957 4908 1131 4961 vinum
1157 4908 1297 4977 quod
1325 4907 1513 4961 miscui
1536 4905 1703 4960 vobis.

540 5089 705 5145 Vens.
723 5087 813 5143 54.
833 5086 1143 5153 «Quomodo
1173 5100 1301 5155 ergo
1332 5084 1696 5153 implebantur
1718 5082 2032 5151 Scripturae,

465 5182 590 5251 quia
621 5182 701 5236 sic
738 5186 952 5249 oportet
983 5177 1136 5232 ﬁeri?
1172 5196 1191 5229 ι

539 5274 712 5329 Divini
742 5272 944 5327 amoris
974 5270 1192 5326 stimulo
1252 5267 1469 5337 quidem
1497 5268 1711 5324 incitati
1787 5268 2036 5337 discipuli

466 5363 671 5433 gladios
699 5363 1005 5416 eduxerunt
1047 5358 1304 5413 insultum
1332 5356 1680 5426 repellentes:
1712 5357 1827 5413 ﬁeri
1856 5367 2038 5412 autem

466 5454 830 5509 hochri‘stus
872 5466 979 5506 non
1010 5450 1296 5520 permittit.
1368 5447 1529 5503 Dedit
1554 5460 1734 5505 autem
1787 5465 1883 5519 per
1938 5453 2039 5505 hoc

464 5537 630 5601 etiam
666 5544 823 5599 nobis
883 5553 1088 5614 typum,
1145 5541 1544 5612 quodammodo
1606 5544 2040 5613 cbaritatemip-

538 5700 560 5731 ³
590 5696 719 5752 Luc.
754 5714 887 5763 χχιι,
924 5698 1011 5752 15.
1088 5698 1106 5729 ’⁸
1139 5696 1280 5752 Psal.
1311 5711 1472 5759 xxxv,
1501 5696 1551 5749 9.
1631 5700 1649 5729 ⁵
1683 5698 1841 5751 Prov.
1873 5714 1946 5765 Ix,
1980 5698 2032 5753 5.

2143 4549 2228 4602 ϐἰδ
2285 4548 2691 4620 πληροφορήσει
2764 4550 2970 4619 λέγων*
3032 4549 3532 4616 Μεθυονθήσονται
3596 4549 3718 4602 ἀπὸ

2146 4641 2428 4707 πιότητος
2452 4641 2623 4694 οῖκου
2649 4655 2786 4707 σου,
2815 4643 2912 4695 καί
2940 4640 3048 4694 τὸν
3067 4641 3428 4710 χειμάρῤουν
3456 4638 3725 4708 τῆς“τρυ-

2146 4729 2268 4800 φῆς
2298 4746 2415 4784 σου
2447 4731 2669 4796 ποτιεῖς
2701 4732 2946 4797 αὐτούς.
2988 4732 3054 4785 Ἠ
3105 4731 3267 4800 σοφία
3309 4730 3368 4783 δὲ
3413 4729 3597 4792 πάλιν,
3629 4728 3725 4780 τὸν

2146 4822 2343 4891 ἑαυτῆς
2363 4817 2504 4874 οἶνον
2527 4822 2807 4892 κεράσασα
2831 4823 2911 4885 εἰς
2928 4822 3180 4893 κρατῆρα
3197 4822 3291 4876 καὶ
3314 4820 3580 4890 προθεῖσα
3594 4820 3725 4883 τοὺς

2147 4912 2364 4982 ἄρτους·
2414 4913 2674 4976 Ἕλθετε,
2710 4913 2882 4982 φησι,
2920 4914 3136 4983 φάγετε
3178 4914 3285 4967 τὸν
3330 4912 3479 4982 ἐμὸν
3517 4912 3726 4982 ἄρτον,

2148 5007 2243 5057 καὶ
2274 5004 2439 5057 alere
2469 5000 2655 5068 οἶνον,
2692 5006 2764 5058 ὃν
2801 5007 3097 5073 κεκέρακα
3127 5001 3289 5073 ὑμῖν.
3342 5018 3353 5035 ‘

2223 5111 2241 5142 ι
2293 5092 2417 5155 Πῶς
2456 5089 2550 5146 οὖν
2582 5093 2944 5165 πληρωθῶσιν
2978 5095 3035 5147 αἰ
3065 5094 3303 5164 Γραφαί,
3352 5092 3436 5146 ὅτι
3476 5091 3620 5146 οὕτω
3646 5090 3734 5144 δεῖ

2148 5181 2401 5251 γενέσθαι
2426 5199 2441 5247 ;
2483 5202 2500 5234 ι
3036 5229 3046 5237 .

2219 5272 2309 5342 Τῷ
2355 5274 2540 5343 μέντοι
2604 5273 2878 5341 φιλοθετας
2951 5275 3164 5345 κέντρῳ
3221 5272 3632 5343 διανυττόμενοι
3679 5274 3732 5326 οῖ

2151 5367 2412 5435 μακάριοι
2458 5365 2575 5435 μαθ.
2606 5366 2701 5419 ταὶ
2751 5366 3027 5435 μαχαίρας
3064 5367 3475 5420 ἐπανετείνοντο
3523 5369 3734 5419 ἀποσο-

2148 5457 2370 5520 ϐοῦντες
2398 5458 2494 5528 τὴν
2521 5458 2578 5527 ἐς
2619 5459 2725 5513 δον.
2759 5458 2877 5512 Οὐκ
2904 5459 2970 5528 ὲᾷ
3009 5458 3067 5511 δὲ
3100 5457 3260 5511 τοῦτο
3295 5458 3555 5525 γενέσθαι
3589 5459 3735 5527 Χρι-

2150 5548 2291 5610 στός.
2325 5547 2584 5603 Δέδωκεᾶ
2656 5551 2756 5605 καὶ
2788 5550 2920 5617 ἡμῖν
2968 5550 3153 5612 αὐτοῖς
3188 5549 3359 5603 τύπον
3391 5548 3481 5604 διὰ
3527 5549 3729 5602 τούτου
