4038 6148
408 266 544 332 1389

1680 258 1759 319 IN
1801 257 1860 316 S.
1904 252 2372 313 MATTH/‘EUM.

3535 249 3669 315 1390

404 380 528 433 τινὰ
568 379 632 449 δὴ
660 379 861 450 τρόπον
896 378 995 448 τῆς
1032 377 1195 430 αὐτοῦ
1240 375 1461 444 ἀγάπης
1496 371 1846 442 ἀντέχεσθαι,
1899 367 1992 422 καὶ

2102 368 2213 421 sius
2237 363 2580 437 praeferendi,
2606 373 2659 419 et
2683 380 2963 435 quousque
2990 366 3283 422 extendere
3311 379 3558 434 oporteat
3587 371 3670 424 in-

411 470 574 541 μέχρι
608 472 752 535 τινος
781 470 1117 525 έκτείνεσοαι
1151 469 1233 522 δεῖ
1269 469 1360 522 τὸν
1399 465 1541 536 ὑπὲρ
1575 465 1674 534 τῆς
1707 464 1787 526 εἰς
1827 462 1991 516 αὐτὸν

409 563 690 627 εὐσεϐείας
720 563 1093 632 ἀναπτόμενον
1121 562 1315 632 ζῆλονο
1343 560 1403 611 οὐ
1437 559 1545 626 γάρ
1581 573 1663 608 τοι
1694 554 1992 625 μαχαίραις

410 654 879 726 ἡμᾶς’κεχρῆσθαι
906 653 1176 725 βούλεται,
1206 650 1392 718 εὐνοία
1418 649 1474 700 δὲ
1511 646 1714 716 μᾶλλον
1741 646 1834 698 καὶ
1865 661 1992 696 συν-

410 742 524 796 έσει
562 744 881 815 χρωμένους
910 741 1261 798 ἀποσείεσθαι
1291 736 1560 808 γεννικῶς
1586 736 1713 799 τοὺς
1737 735 1806 788 δι’
1839 734 1994 786 ἐναν-

408 832 580 894 τίους.

979 947 1226 999 ΚΕΦΑΛ.
1270 944 1400 999 ΚΖ’.

486 1078 504 1109 ‹
543 1060 615 1111 Τὸ
640 1059 686 1111 δ’
715 1060 844 1113 αὐτὸ
871 1060 965 1112 καὶ
994 1059 1188 1131 λῃσταὶ⁸
1219 1061 1269 1113 οἱ
1301 1057 1778 1130 συσταυρωθέντες
1814 1053 1984 1124 αὐτῷ,

410 1151 684 1214 ὠνείδιζον
709 1151 874 1222 αὐτῷ.
915 1170 933 1203 ι

485 1244 643 1296 Ἐστι
671 1243 874 1313 λῃστὴς
905 1241 1226 1312 εὐγνώμων,
1258 1244 1286 1295 6
1313 1241 1416 1295 κᾶν
1446 1242 1535 1294 ἐπ’
1566 1241 1698 1294 αὐτὸ
1731 1240 1791 1293 τὺ
1818 1241 1992 1311 πέρας

411 1335 509 1405 τῆς
540 1334 821 1405 παρούσης
850 1336 1140 1405 γενόμενος
1172 1334 1318 1404 ζωῆς
1341 1375 1356 1399 ,
1390 1333 1560 1388 ἐλθὼν
1591 1337 1670 1397 εἰς
1701 1334 1993 1403 συναίσθη-

414 1442 497 1479 σιν
520 1426 627 1478 τῶν
662 1425 1172 1497 πλημμεληθέντων
1199 1424 1348 1495 αὐτῷ
1374 1424 1542 1479 αἰτῶν
1578 1425 1905 1494 συγγνώμην
1928 1426 1993 1478 ἐκ

412 1517 608 1588 βάθους
632 1518 807 1587 ψυχῆς
828 1512 901 1571 ὧν
917 1519 1185 1591 ἥμαρτεν.
1221 1517 1516 1588 Ἀγνώμων
1537 1517 1593 1569 δὲ
1615 1517 1819 1587 λῃστής
1845 1518 1992 1568 ἐστιν

417 1610 445 1660 6
478 1609 598 1661 κατ’
630 1609 759 1662 αὐτὸ
785 1608 846 1661 τὸ
880 1609 1054 1678 πέρας
1080 1610 1177 1678 τῆς
1207 1607 1380 1678 ζωῆς,
1407 1608 1499 1661 τὸν
1522 1608 1663 1660 κατὰ
1688 1607 1869 1677 ψῆφον
1901 1623 1989 1658 τε.

413 1698 573 1752 θέντα
589 1699 712 1770 ὅρον
732 1698 824 1751 τοῦ
848 1698 1118 1768 μερισμοῦ
1149 1701 1244 1768 τῆς
1269 1698 1450 1769 ψυχῆς
1470 1697 1578 1750 ἀπὸ
1598 1696 1691 1750 τοῦ
1718 1696 1990 1766 σώματος,
2024 1724 2067 1778 Β

412 1787 485 1851 ὡς
526 1788 600 1860 μὴ
649 1789 832 1852 καλῶς
875 1789 1098 1842 δοθέντα
1143 1790 1232 1842 διὰ
1275 1788 1574 1857 φιλοζωΐαν
1613 1788 1989 1858 μεμφόμενος.

414 1881 524 1933 Καὶ
550 1878 707 1944 αὖθις
741 1880 943 1952 λῃστής
970 1883 1116 1934 ἐστιν
1143 1879 1463 1951 εὐγνώμων,
1490 1882 1518 1933 6
1556 1880 1643 1933 διὰ
1672 1880 1771 1948 τῆς
1793 1896 1994 1932 παντε-

413 1971 538 2033 λοῦς
561 1971 668 2024 τῶν
704 1971 893 2024 παθῶν
930 1971 1248 2041 νεκρώσεως
1279 1970 1642 2035 καταξιωθεὶς
1674 1985 1995 2039 συσταυρω-

406 2061 573 2127 θῆναι
617 2062 867 2133 Χριστῷ,
910 2063 1160 2115 τουτέστι
1215 2063 1353 2132 μετὰ
1399 2062 1560 2130 λόγου
1599 2060 1695 2114 καὶ
1741 2058 1994 2128 γνώσεως

416 2159 594 2208 πᾶσαν
623 2155 835 2220 διεξιὼν
886 2155 1109 2225 ἀρετήν’
1147 2153 1417 2224 ἀγνώμων
1453 2154 1510 2207 δὲ
1550 2155 1578 2206 6
1616 2152 1866 2214 ὑπούλως
1901 2151 1993 2204 τὸν

416 2250 536 2301 κατ’
598 2248 799 2318 ἀρετὴν
858 2248 971 2316 βίον
1015 2247 1475 2317 ὑποκρινόμενος,
1533 2244 1743 2308 σκολιὸς
1792 2244 1849 2297 δὲ
1897 2243 1995 2313 τὴν

416 2341 639 2410 γνώμην
662 2340 755 2395 ὧν.
789 2342 884 2393 Ὃν
911 2339 993 2391 δεῖ
1009 2337 1407 2408 ἐπιστομίζειν·
1435 2335 1567 2400 ἴσως
1588 2337 1699 2405 γὰρ
1726 2335 1994 2389 παύσεται

418 2432 509 2485 τού
531 2432 838 2486 διαϐάλλειν
870 2430 959 2484 διὰ
985 2430 1085 2498 τῆς
1124 2428 1331 2492 οἰκείας
1355 2429 1700 2498 ἀναστροφῆς
1723 2427 1813 2480 τὸν
1841 2427 1996 2495 λόγον

417 2524 484 2593 τῇ
521 2523 841 2593 παραινέσει
870 2521 965 2574 τοῦ
1005 2520 1450 2589 ἐπιπλήττοντος.
1500 2518 1658 2570 Ἔστι
1684 2516 1741 2569 δὲ
1783 2518 1840 2571 ὲν
1866 2519 1996 2587 ἡμῖν

420 2613 581 2667 πάλιν
600 2613 674 2676 ὼς
693 2613 791 2684 μὲν
820 2611 1022 2686 λῃστὴς
1046 2610 1315 2681 ἀγνώμων
1334 2613 1362 2663 6
1388 2610 1487 2680 τῆς
1514 2609 1716 2680 σαρκὸς
1736 2610 1899 2679 νόμος
1919 2608 1997 2679 τῷ

417 2704 562 2774 λόγῳ
596 2708 694 2775 τῆς
733 2706 932 2775 ἀρετῆς
960 2703 1321 2757 ἀντιπίπτωνο
1348 2701 1425 2765 ὡς
1461 2701 1666 2774 λῃστὴς
1690 2701 1750 2781 δὲ
1795 2701 1998 2769 εὐγνώ-

423 2813 540 2866 μων
564 2798 592 2849 ὁ
619 2796 715 2849 τοῦ
743 2796 1055 2865 πνεύματος
1091 2797 1252 2865 νόμος
1276 2834 1291 2857 ,
1317 2795 1409 2848 τὸν
1436 2795 1666 2866 Σωτῆρα
1708 2794 1867 2863 λόγον
1909 2794 1998 2847 διὰ

418 2886 530 2957 τῶν
550 2886 691 2940 κατά
713 2886 812 2957 τὴν
835 2888 1144 2958 πρακτικὴν
1187 2886 1405 2957 τρόπων
1428 2886 1551 2957 (κᾶν
1574 2887 1820 2940 ὲπίπονοι
1841 2879 1996 2953 ῶσιν)

419 2976 836 3048 ἀποδεχόμενος,
878 2971 923 3046 ᾦ
955 2977 1365 3049 συνεισέρχεται
1390 2975 1642 3048 γεγηθὼς
1682 2979 1760 3040 είς
1787 2976 1876 3029 τὸν
1902 2976 2000 3046 τῆς

419 3067 654 3137 εὐωχίας
680 3068 863 3136 τόπον,
894 3070 984 3122 τὸν
1013 3070 1194 3138 πάσης
1237 3068 1521 3138 κατάκμον
1548 3066 1802 3134 γνώσεως

420 3159 563 3212 κατά
612 3159 791 3230 σάρκα
839 3162 1188 3230 φρονήματος
1229 3158 1510 3221 παντελῶς
1556 3155 1994 3228 ἀπηλλαγμένος.

420 3249 822 3319 Σπουδάσωμεν
842 3249 934 3303 οὖν
952 3249 1057 3314 ἓως
1082 3249 1320 3303 ἐνταῦθά
1341 3251 1527 3319 ἐσμεν,
1545 3249 1637 3302 τὸν
1661 3264 1865 3300 συσταυ
1875 3246 1998 3316 ρούς

424 3355 585 3409 μενον
611 3340 744 3410 ἡμῖν
778 3337 1101 3393 ἱλεώσασθαι
1143 3339 1338 3407 Λόγον,
1358 3338 1525 3415 εἴπερ
1555 3340 1588 3409 ἡ
1630 3337 1874 3408 σήμερον
1899 3334 1999 3406 τὴν
2044 3373 2056 3386 .

420 3430 725 3484 ἐνεστῶσαν
767 3428 956 3483 τούτου
1005 3430 1100 3484 τοῦ
1149 3429 1344 3493 αίῶνος
1386 3428 1603 3501 ἡμέραν
1644 3428 1995 3482 ἐνδείκνυται.

429 3540 449 3573 ι
493 3522 740 3593 Σήμερον
771 3520 901 3592 γὰρ,
947 3521 1104 3591 φησι,
1136 3520 1254 3591 μετ’
1281 3519 1418 3590 ἐμοῦ
1454 3519 1555 3591 ἔσῃ
1594 3519 1652 3571 ὲν
1694 3517 1772 3587 τῷ
1815 3534 1997 3588 παρα-

419 3613 601 3685 δείσῳ.
652 3631 672 3666 ι
715 3614 781 3666 Ἦ
820 3614 875 3666 δὲ
907 3612 1116 3683 αὐριον,
1152 3613 1251 3684 τὴν
1293 3612 1388 3665 τοῦ
1440 3611 1727 3681 μέλλοντος
1764 3609 1888 3662 καθ’
1932 3609 1998 3678 ἢν

422 3704 676 3774 οὐδεμίαν
701 3705 892 3771 ἄφεσιν
920 3703 1341 3772 ἁμαρτημάτων
1366 3700 1678 3771 ἐνδέχεσθαι
1705 3701 1835 3768 χρή.

498 3817 517 3847 ι
567 3796 706 3857 Ἠλὶ,
747 3795 886 3859 Ἠλὶ,
910 3793 1393 3864 λαμασαὸαχθανὶ,
1424 3790 1837 3854 τουτέστι,Θεός
1869 3807 1994 3861 μου,

424 3887 557 3951 Θεός
589 3904 712 3957 μου,
749 3888 834 3940 ῖνα
863 3887 916 3939 τί
951 3903 1018 3955 με
1050 3883 1440 3953 ἑγκατέλιπες;
1484 3900 1503 3931 ι

493 3976 769 4048 Τέσσαρές
801 3977 906 4029 εἰσι
952 3976 1159 4044 γενικοὶ
1193 3970 1632 4041 ἐγκαταλείψεως
1674 3968 1889 4038 τρόποι.
1935 3968 1999 4021 Ἠ

428 4068 527 4137 μὲν
563 4068 904 4138 οἰκονομικὴ,
963 4066 1038 4129 ὡς
1070 4064 1164 4117 ἐπὶ
1222 4063 1314 4117 τοῦ
1358 4061 1604 4132 Κυρίου,
1654 4060 1743 4113 ἵνα
1767 4060 1856 4113 διὰ
1898 4060 2001 4129 τῆς

421 4158 686 4230 δοκούσης
716 4156 1153 4226 ἐγκαταλείψεως
1210 4157 1260 4207 oi
1295 4151 1860 4222 ἐγκαταλελειμμένα
1889 4168 1998 4205 σω-

424 4250 590 4305 θῶσιν
618 4269 631 4282 ’
674 4253 708 4321 ή
730 4250 785 4303 δὲ
808 4250 944 4321 πρὸς
970 4248 1218 4319 δοκιμὴν,
1241 4247 1316 4310 ώς
1350 4247 1442 4298 ἐπὶ
1475 4245 1568 4298 τοῦ
1608 4243 1753 4309 Ἰὼϐ,
1774 4245 1870 4297 καὶ
1900 4242 1996 4296 τοῦ

436 4341 656 4411 Ἰωσὴφ,
683 4342 770 4395 ῖνα
800 4344 827 4395 6
852 4342 951 4411 μὲν
976 4339 1245 4411 ἀνδρείας,
1280 4341 1308 4391 6
1341 4336 1399 4390 δὲ
1439 4336 1793 4407 σωφροσύνης
1824 4335 1998 4405 στήλη

2093 473 2314 512 censum
2345 458 2397 510 in
2430 472 2556 511 eum
2607 456 2824 525 pietatis
2886 456 3057 513 zelum
3089 474 3103 520 ;
3157 472 3262 512 non
3302 458 3445 512 enim
3478 458 3670 529 gladiis

2095 545 2169 600 uti
2205 560 2302 601 nos
2331 546 2466 611 vult,
2496 546 2589 601 sed
2617 558 2795 601 mente
2826 550 3006 618 potius
3028 563 3094 603 ac
3120 549 3397 604 intellectu
3432 558 3671 618 utentes,

2095 647 2349 694 excutere
2383 640 2683 709 generatim
2712 655 2805 695 eos
2841 642 2931 711 qui
2974 643 3234 697 contrarii
3262 653 3410 699 sunt.

2675 924 2829 980 CAP.
2858 926 3072 981 XXVII.

2167 1035 2330 1092 Vens.
2354 1038 2444 1091 Μ.
2480 1058 2497 1088 ι
2537 1037 2771 1106 Idipsnm
2807 1049 3057 1095 autemet
3080 1043 3342 1109 latrones,
3370 1048 3461 1116 qui
3492 1051 3673 1103 cruci-

2097 1128 2188 1182 fixi
2217 1138 2374 1183 erant
2404 1144 2525 1183 cum
2553 1144 2639 1196 eo,
2675 1131 3121 1200 improperabaut
3146 1136 3250 1190 εἰ.»

2166 1217 2330 1271 Bonae
2358 1219 2555 1273 mentis
2590 1220 2730 1274 latro
2759 1230 2863 1285 est,
2895 1222 3007 1289 qui,
3036 1223 3160 1278 licet
3185 1226 3238 1279 in
3271 1228 3371 1281 hoc
3402 1228 3520 1296 ipso
3550 1229 3675 1284 vita:

2095 1309 2383 1373 praesentis
2427 1310 2659 1363 termino
2698 1313 3043 1380 constitutus,
3068 1329 3190 1368 cum
3220 1318 3286 1371 ad
3336 1333 3555 1373 sensum
3584 1336 3676 1373 ve-

2097 1397 2241 1452 nerit
2274 1411 2495 1451 suorum
2524 1408 2892 1468 peccatorum,
2924 1417 3114 1457 eorum
3142 1419 3263 1474 qua:
3295 1420 3574 1475 peccaral,
3607 1426 3671 1464 ex

2095 1487 2287 1541 intimo
2315 1488 2481 1541 corde
2512 1488 2747 1557 postulat
2778 1490 3189 1553 remissionem;
3223 1494 3470 1563 ingratus
3491 1507 3675 1550 autem

2096 1578 2236 1633 latro
2257 1586 2341 1633 est
2367 1578 2459 1649 qui
2492 1580 2595 1635 hoc
2625 1580 2742 1648 ipso
2779 1581 2901 1636 vita:
2937 1584 3190 1652 termino,
3223 1589 3572 1654 pronuntiata
3590 1589 3677 1642 di-

2095 1671 2317 1726 visionis
2345 1671 2539 1726 animze
2563 1687 2592 1726 a
2628 1688 2858 1741 corpore
2898 1677 3194 1742 sententia,
3232 1677 3377 1732 illam
3417 1687 3673 1750 tanquam

2096 1776 2203 1817 non
2226 1772 2374 1819 recte
2399 1763 2578 1817 datam
2635 1766 2704 1819 ob
2732 1766 2854 1820 vitae
2878 1782 3118 1823 amorem
3154 1779 3393 1824 accusat.
3441 1772 3520 1826 Ac
3549 1789 3674 1827 rur-

2095 1867 2189 1910 sus
2224 1855 2376 1911 bona:
2427 1856 2623 1912 mentis
2670 1857 2807 1913 latro
2854 1868 2959 1926 est,
3011 1862 3103 1931 qui
3160 1877 3257 1931 per
3306 1866 3677 1923 outuimodam

2096 1947 2410 2016 passionum
2444 1948 2949 2015 mortificationem,
2989 1954 3182 2020 dignus
3211 1966 3295 2010 est
3317 1957 3531 2013 habitus
3583 1964 3677 2028 qui

2096 2054 2217 2092 cum
2252 2037 2471 2094 Christo
2496 2042 2645 2094 cruci
2698 2042 3033 2112 adigeretur,
3091 2046 3143 2099 id
3194 2056 3280 2101 est
3310 2061 3434 2102 cum
3466 2049 3680 2104 ratione

2097 2146 2162 2188 ac
2182 2134 2491 2203 cognitione
2535 2150 2751 2191 omnem
2790 2148 3074 2194 exerceret.
3108 2142 3403 2211 virtutem;
3434 2145 3677 2213 ingratus

2098 2232 2304 2290 autem,
2340 2226 2431 2293 qui
2459 2225 2646 2282 dolose
2677 2230 2846 2282 vitam
2896 2231 3199 2287 virtuosam
3245 2234 3529 2301 simulans,
3558 2252 3682 2306 per-

2097 2331 2256 2371 versa
2295 2326 2476 2372 mente
2524 2320 2759 2374 exsistit.
2812 2319 2908 2374 Cui
2965 2337 3027 2376 os
3078 2324 3371 2381 obstruere
3416 2338 3675 2399 oportet;

2098 2408 2328 2464 fortasse
2356 2410 2501 2463 enim
2531 2412 2767 2466 cessabit
2796 2428 2891 2481 per
2917 2428 3070 2469 suam
3103 2419 3518 2475 conversionem
3544 2437 3673 2490 per-

2097 2503 2365 2571 stringere
2382 2503 2643 2556 rationem
2666 2507 2996 2574 increpantis
3019 2523 3078 2562 se
3101 2524 3198 2578 per
3218 2510 3675 2572 adhortationem.

2099 2593 2294 2647 lterum
2321 2609 2449 2648 vero
2480 2596 2531 2648 in
2563 2596 2721 2652 nobis
2752 2607 2857 2661 est,
2889 2608 3146 2668 tanquam
3178 2602 3323 2658 latro
3347 2606 3566 2674 quidem
3595 2609 3677 2661 iu-

2110 2695 2299 2756 gratus
2329 2687 2513 2743 carnis
2542 2687 2648 2753 lex,
2678 2689 2897 2744 virtutis
2920 2692 3119 2749 rationi
3139 2695 3438 2751 reluctans:
3463 2708 3539 2765 at,
3571 2702 3683 2754 vel-

2109 2789 2168 2833 ut
2222 2778 2360 2834 latro
2397 2778 2551 2834 honre
2581 2781 2777 2835 mentis
2807 2782 3031 2850 spiritus
3060 2784 3166 2851 lex,
3209 2785 3442 2841 Verbum
3477 2789 3680 2843 Serva-

2104 2882 2273 2927 toretn
2296 2873 2424 2927 vita:
2454 2874 2645 2928 activae
2665 2874 2908 2929 moribus
2938 2876 3085 2946 (licet
3107 2876 3366 2933 laboriosi
3393 2880 3524 2951 sint)
3552 2897 3678 2936 sus—

2103 2962 2331 3031 cipiens,
2375 2963 2466 3033 qui
2509 2977 2630 3018 cum
2686 2965 2924 3020 introeat
2974 2969 3415 3037 appropinquans
3467 2972 3534 3025 ad
3581 2987 3681 3026 nu-

1852 3106 1866 3129 ,
1903 3066 1997 3120 τοῦ
2025 3084 2069 3145 c
2107 3060 2565 3127 ptiarumlocum,
2604 3061 2932 3128 cognitionis
2992 3062 3171 3117 omnis
3212 3062 3603 3131 habitaculum,
3647 3080 3677 3117 a

2103 3152 2391 3219 prudentia
2422 3154 2605 3208 carnis
2627 3153 2852 3208 omnino
2878 3153 3157 3209 liberatus.
3213 3153 3541 3210 Studeamus
3574 3156 3676 3225 igi-

2105 3252 2208 3307 tur,
2233 3245 2361 3298 dum
2387 3244 2474 3300 hic
2501 3259 2710 3310 sumus,
2737 3246 3021 3300 nobiscum
3049 3247 3198 3301 cruci
3228 3245 3442 3302 aﬂixum
3465 3249 3680 3316 placare

2108 3333 2363 3401 Verbum,
2398 3335 2443 3391 si
2474 3334 2587 3391 fors
2613 3336 2909 3411 instantem
2936 3339 3099 3392 hodie
3139 3341 3297 3410 hujus
3321 3342 3503 3395 szeculi
3532 3343 3677 3397 diem

2101 3428 2381 3481 exhibeat.
2417 3446 2435 3479 ι
2464 3427 2638 3483 Hodie
2667 3430 2834 3496 enim,
2868 3431 3067 3500 inquit,
3108 3448 3317 3486 meequ
3349 3432 3459 3488 eris
3509 3435 3561 3489 in
3587 3450 3682 3503 pa-

2101 3518 2340 3574 radiso.»
2394 3518 2531 3576 Cras
2554 3536 2683 3576 vero
2714 3521 2884 3581 futuri
2918 3525 3187 3593 temporis
3206 3533 3315 3589 est,
3338 3540 3447 3595 quo
3476 3525 3676 3580 nullam

2102 3622 2451 3681 peccatorum
2478 3614 2860 3670 remissionem
2893 3617 3154 3686 consequi
3180 3617 3320 3673 licet.

2174 3787 2338 3844 Vens.
2379 3789 2469 3846 46.
2517 3809 2537 3842 ι
2566 3791 2670 3857 Eli,
2704 3791 2806 3857 Eli,
2832 3792 3328 3847 lau'tasabachthani
3372 3811 3387 3848 :
3423 3797 3525 3849 hoc
3575 3807 3678 3861 est,

2104 3881 2244 3935 Deus
2276 3896 2449 3948 meus,
2481 3882 2625 3937 Deus
2650 3898 2826 3946 meus,
2851 3885 3037 3951 utquid
3065 3884 3400 3952 dereliquisti
3422 3886 3558 3940 'me?
3587 3907 3606 3937 ι

2172 3973 2419 4038 Quatuor
2447 3982 2577 4026 sunt
2608 3972 2896 4042 generales
2930 3973 3302 4028 derelictionis
3332 3976 3476 4028 modi
3501 3992 3517 4029 :
3547 3991 3684 4030 unus

2102 4063 2320 4132 quidem
2352 4063 2780 4133 dispensativus,
2811 4073 2870 4118 ut
2904 4064 2993 4118 ille
3025 4064 3264 4129 Domini,
3296 4074 3355 4119 ut
3393 4081 3489 4136 per
3514 4081 3682 4136 appa-

2107 4163 2313 4207 rentem
2343 4154 2778 4221 derelictionem,
2808 4156 2843 4209 ii
2870 4156 2961 4224 qui
3015 4155 3255 4211 derelicti
3290 4167 3438 4223 sunt,
3466 4173 3685 4213 serven-

2107 4254 2227 4311 tur;
2277 4245 2417 4300 alter
2463 4262 2592 4302 vero
2645 4247 2713 4301 ad
2747 4247 3147 4317 probationem,
3198 4259 3258 4304 ut
3293 4250 3386 4306 ille
3424 4249 3566 4316 Jobi,
3619 4266 3685 4304 ac

2102 4335 2343 4405 Josephi,
2374 4348 2434 4393 ut
2480 4338 2567 4395 ille
2596 4340 2815 4410 quidem
2847 4339 3202 4407 fortitudinis,
3247 4342 3338 4397 hic
3364 4358 3496 4398 vero
3538 4355 3679 4397 tem-

424 4437 713 4505 ἀναφανῇ·
765 4436 799 4504 ἡ
832 4434 889 4487 δὲ
939 4433 1074 4503 πρὸς
1126 4431 1408 4485 παίδευσιν
1459 4429 1758 4500 πατρικὴν,
1797 4430 1873 4492 ὡς
1902 4428 1997 4480 ἐπὶ

2106 4432 2367 4497 perantia:
2410 4432 2659 4505 columna
2701 4443 2995 4503 appareat;
3027 4433 3168 4489 alius
3227 4449 3358 4489 vero
3405 4436 3471 4488 ad
3504 4444 3686 4504 pater-

422 4527 519 4580 τοῦ
561 4527 904 4590 Ἀποστόλου,
946 4527 1034 4580 ἵνα
1072 4521 1517 4595 ταπεινοφρονῶν
1556 4522 1653 4593 τὴν
1691 4521 1998 4591 ὑπερϐολὴν

425 4618 638 4688 φυλάξῃ
665 4620 762 4688 τῆς
804 4618 1028 4687 χάριτος
1054 4634 1066 4648 ’
1109 4618 1143 4687 ἡ
1179 4616 1236 4668 δὲ
1294 4615 1435 4669 κατά
1489 4615 1866 4687 ἀποστροφὴν,
1923 4615 1999 4678 ὡς

423 4708 520 4759 ἐπὶ
551 4707 661 4759 τῶν
695 4706 987 4771 Ἰουδαίων,
1017 4706 1102 4759 ἵνα
1140 4705 1497 4775 κολαζόμενοι
1538 4706 1677 4777 πρὸς
1710 4705 2001 4776 μετάνοιαν

424 4798 911 4868 καταπεμφθῶσιν.
946 4799 1207 4868 Σωτήριοι
1230 4798 1286 4850 δὲ
1308 4799 1502 4861 πάντες
1525 4799 1572 4851 οἱ
1598 4800 1788 4867 τρόποι
1815 4798 1998 4868 ύπάρο

423 4907 604 4961 χουσι,
633 4892 729 4945 καὶ
755 4891 854 4961 τῆς
886 4889 1036 4954 θείας
1066 4888 1401 4961 ἀγαθότητος
1443 4891 1536 4942 καὶ
1565 4888 1990 4959 φιλανθρωπίας

424 4984 746 5054 ἀνάμεστοι.

1001 5098 1250 5163 ΚΕΦΑΛ.
1293 5099 1425 5151 KH'.

506 5225 526 5259 ί
567 5208 922 5271 Διδάσκοντες
961 5209 1157 5272 αὐτοὺς
1207 5211 1395 5279 τηρεῖν
1425 5208 1602 5262 πάντα
1640 5209 1741 5263 ὅσα
1794 5210 2001 5263 ἐνετεικ

424 5299 609 5372 λὰμην
630 5301 778 5369 ὑμῖν.
820 5320 838 5352 ι

500 5389 688 5452 Πάντα
714 5391 816 5443 ὅσα
863 5389 892 5440 6
937 5391 1173 5461 Χριστὸς
1217 5391 1520 5445 ἐνετείλατο
1558 5392 1639 5443 δεῖ
1676 5393 1886 5462 τηρεῖν,
1916 5392 2007 5445 τὸν

427 5483 509 5545 είς
535 5481 745 5552 Τριάδα
786 5482 1174 5552 βαπτισθέντα.
1210 5484 1415 5537 Τούτου
1448 5484 1555 5554 γὰρ
1589 5484 1750 5555 χάριν
1769 5487 1836 5553 τῇ
1868 5484 2002 5555 ὀρθῇ

427 5570 615 5624 πίστει
652 5570 753 5639 τὴν
801 5570 990 5624 πασῶν
1038 5572 1268 5627 ἐντολῶν
1296 5575 1323 5626 6
1355 5572 1558 5644 Κύριος
1594 5573 1878 5637 συνέζευξε
1907 5570 2008 5643 τήὲ

430 5677 594 5736 φησιν
622 5677 636 5692 ·
676 5661 750 5723 tu;
803 5659 958 5723 εἰδὼς
981 5664 1060 5715 ὅτι
1091 5665 1229 5717 πάνυ
1261 5665 1542 5734 ἀμήχανον
1572 5665 1670 5735 τὴν
1724 5664 1852 5733 μίαν
1888 5665 2004 5717 6:1-

2107 4537 2230 4576 uam
2274 4523 2657 4591 eruditionem,
2710 4536 2768 4578 ut
2818 4525 2871 4579 in
2916 4525 3176 4594 Apostolo
3220 4524 3422 4581 factum
3473 4537 3576 4591 est,
3629 4540 3687 4581 ιιι

2107 4613 2343 4669 demisse
2391 4617 2611 4684 sapiens
2672 4618 3192 4686 supereminentiam
3251 4618 3440 4688 gratiae
3500 4632 3687 4674 custo-

2110 4706 2434 4773 diat;alius
2484 4707 3059 4774 iterumaversionis,
3108 4719 3164 4764 ut
3211 4710 3302 4766 ille
3342 4710 3683 4776 Judaeorum,

2109 4806 2166 4851 ut
2192 4799 2364 4864 puniti
2397 4799 2463 4851 ad
2492 4801 2872 4868 pmnitentiam
2911 4802 3136 4857 redeant
3168 4819 3181 4856 :
3208 4801 3475 4858 salutares
3502 4811 3685 4859 autem

2107 4905 2296 4945 omnes
2323 4891 2468 4946 modi
2497 4901 2643 4955 sunt,
2674 4905 2739 4946 ac
2773 4891 2967 4948 divinae
3002 4894 3265 4950 bonitatis
3304 4905 3361 4951 et
3383 4897 3686 4968 benignita-

2110 4982 2177 5035 tis
2214 4983 2380 5051 pleni.

2626 5068 2631 5074 ’
2689 5098 2838 5154 CAP.
2878 5099 3120 5157 xxvut.

2182 5212 2348 5267 Vens.
2388 5213 2480 5268 20.
2529 5233 2546 5266 ι
2583 5215 2847 5269 Doeentes
2894 5231 2988 5270 eos
3036 5232 3257 5271 servare
3309 5219 3489 5272 omnia
3540 5234 3687 5288 quae-

2112 5319 2325 5373 cunque
2352 5306 2600 5360 tuandavi
2629 5308 2804 5364 vobis.
2840 5326 2859 5358 ι

2184 5392 2378 5448 Omnia
2411 5411 2748 5468 quaecunque
2779 5399 3031 5453 Christus
3064 5402 3688 5473 pra'cepit/observanda

2115 5494 2243 5538 sunt
2271 5486 2319 5538 ei
2369 5487 2458 5554 qui
2494 5488 2544 5539 iu
2572 5487 2839 5543 Trinitate
2872 5490 3175 5557 baptizatus
3201 5504 3283 5547 est
3309 5511 3322 5547 :
3353 5493 3513 5561 hujus
3544 5495 3688 5549 enim
3733 5550 3739 5557 Α

2114 5576 2287 5648 gratia
2338 5588 2498 5632 rectae
2548 5578 2669 5633 fidei
2721 5581 3096 5635 mandatorum
3139 5586 3378 5639 onmium
3426 5585 3687 5640 Dominus

2116 5669 2397 5739 conjunxit
2434 5672 2867 5727 observationem
2923 5692 2933 5727 :
2986 5683 3173 5745 utpote
3204 5680 3292 5747 qui
3338 5680 3523 5749 sciret,
3571 5680 3688 5734 tieri
