4038 6148
363 345 506 445 ι’δρῖι

393 540 397 545 .
439 514 461 551 ι
501 490 672 565 Οὗτος
704 494 772 571 ἦν
805 501 863 553 ἐν
888 502 1031 573 ἀρχῇ
1068 502 1200 565 πρὸς
1228 502 1320 555 τὸν
1345 501 1497 554 Θεόν.
1544 520 1562 551 ι

446 592 599 646 Ἀντὶ
646 594 741 646 τοῦ
803 594 1072 658 συναῖδιος
1137 590 1205 666 ἦν
1256 593 1334 664 τῷ
1391 592 1594 664 Πατρὶ,
1646 594 1703 645 ἐν
1754 597 1820 665 τῇ
1851 593 1946 646 τοῦ

363 684 582 754 Πατρδς
625 685 890 756 ὑπάρχων
943 686 1127 757 φύσει,
1176 687 1316 755 ἔχων
1367 684 1536 737 τόπον
1585 684 1949 754 ἀρχαιότατον

361 776 463 844 τὴν
493 777 588 829 τοῦ
609 778 979 849 Γεννήσαντος
1012 778 1196 847 φύσιν.
1236 777 1301 830 Ἡ
1350 774 1462 848 γὰρ
1492 775 1638 846 ἀρχὴ
1670 777 1949 846 ὑπερανα-

363 868 540 921 6αίνει
568 869 696 931 τοὺς
720 870 944 933 αἰῶνας.
996 869 1163 939 Ἀρχὴ
1189 870 1299 939 γὰρ
1324 868 1546 936 λέγεται
1574 868 1602 919 6
1634 868 1824 939 Πατὴρ
1853 869 1948 923 τοῦ

363 960 498 1013 Υἱοῦ
530 961 672 1013 κατὰ
729 961 891 1031 μόνον
935 962 1031 1015 τοῦ
1051 961 1121 1025 -ὲξ
1142 955 1206 1015 οὗ
1226 981 1241 994 ι
1271 963 1339 1031 τῇ
1372 962 1482 1031 γὰρ
1512 959 1666 1031 αἰτίᾳ
1701 962 1729 1013 6
1759 961 1948 1034 Πατὴρ

362 1050 459 1103 τοῦ
502 1050 632 1103 Υἱοῢ
692 1053 1238 1122 προεπινοηθήσεται,
1287 1051 1351 1105 οὐ
1413 1055 1521 1123 μὴν
1577 1058 1643 1127 τῇ
1711 1056 1949 1128 ὑπάρξει

366 1143 906 1214 προθεωρηθήσεται.
932 1144 1215 1216 Πανταχοῦ
1242 1145 1300 1199 δὲ
1331 1144 1573 1217 ἐντίθησι
1612 1146 1675 1200 τὸ
1701 1141 1803 1217 ἦν,
1845 1164 1953 1200 πα-

299 1250 307 1271 ι
371 1234 674 1303 ραπέμπων
714 1234 809 1288 τὸν
840 1235 966 1288 Υἰὸν
999 1237 1091 1288 ἐπὶ
1118 1237 1211 1289 τὸν
1243 1239 1505 1307 ἄναρχον.
1534 1238 1608 1291 Οὐ
1634 1236 1743 1310 γὰρ
1767 1233 1946 1304 εἶπεν,

339 1323 580 1396 ,Ἀρχὴν
610 1326 788 1396 ἔσχεν,
820 1325 934 1379 ἀλλ’
973 1326 1074 1380 Ἐν
1102 1325 1263 1397 ἀρχῇ
1299 1323 1399 1397 ἦν.

446 1525 464 1557 ι
504 1508 689 1560 Πάντα
729 1508 797 1561 δι’
823 1506 988 1561 αὐτοῦ
1026 1509 1265 1577 ἐγένετο,
1299 1509 1396 1562 καὶ
1431 1510 1601 1580 χωρὶς
1631 1507 1799 1565 αὐτοῦ
1826 1510 1953 1578 ὲγὲι

368 1615 490 1652 veto
519 1599 641 1652 οὐδὲ
683 1598 740 1650 ἓν
774 1598 800 1651 ὃ
838 1600 1082 1667 ἐγένετο.
1124 1620 1142 1652 ι

447 1688 648 1756 ’Ἄλλην
700 1689 953 1743 ἐκϐάλλει
992 1693 1226 1763 αἵρεσιν,
1278 1692 1546 1747 διδάσκων
1594 1693 1677 1746 ὄτι
1721 1694 1808 1749 διὰ
1861 1694 1955 1749 τοῦ

372 1778 505 1832 Υῖοῦ
545 1780 768 1851 ἐκτίσθη
804 1782 979 1836 πάντα
1014 1783 1084 1836 τὰ
1112 1784 1335 1854 γενητὰ,
1374 1784 1435 1837 οὐ
1473 1784 1580 1854 μὴν
1612 1784 1677 1838 δι’
1705 1785 1957 1853 ἀγγέλων

375 1872 559 1925 κακῶν
612 1874 644 1943 ἦ
682 1874 882 1940 καλῶν,
915 1875 990 1939 ὼς
1019 1876 1203 1939 κακῶς
1233 1894 1374 1939 τινες
1409 1876 1701 1941 ὑπέλαϐον,
1729 1869 1805 1933 ὧν
1848 1880 1958 1933 εἰσὶ
1990 1857 2030 1910 Β

376 1964 622 2024 Πλάτων,
651 1965 855 2034 Σίμων,
908 1966 1217 2037 Βασιλίδης,
1257 1968 1578 2034 Νικόλαιος,
1619 1969 1955 2042 Μένανδρος,

376 2056 757 2127 Βορϐοριανοὶ,
803 2060 1173 2130 Σατορνεῖνος,
1221 2061 1512 2133 Κέρινθος.
1566 2064 1659 2116 Διὸ
1717 2065 1813 2118 καὶ
1865 2066 1959 2117 τὸν

374 2148 550 2217 γάμον
572 2150 715 2213 τινὲς
747 2152 1179 2223 ἀπαγορεύουσι,
1209 2155 1303 2207 καὶ
1337 2154 1399 2208 τὺ
1425 2158 1647 2227 γεννᾷν,
1670 2158 1958 2228 Σατορνεῖ-

374 2258 461 2303 νος
497 2244 593 2295 καὶ
623 2244 671 2295 οἱ
704 2242 1071 2301 ἀποστολικοί.

450 2422 727 2491 Ἐμφασιν
752 2422 863 2494 ἔχει
896 2424 925 2475 ὁ
952 2425 1128 2492 λόγος,
1158 2426 1239 2480 ὄτι
1270 2427 1333 2480 οὐ
1373 2426 1530 2497 μόνος
1559 2427 1589 2479 6
1624 2427 1750 2487 Υἱὸς
1777 2426 1959 2480 ἔκτισε

377 2510 444 2564 τὰ
475 2514 671 2578 πάντα,
728 2515 863 2568 ἀλλὰ
895 2516 992 2570 καὶ
1020 2520 1047 2570 6
1092 2518 1278 2588 Πατὴρ
1304 2520 1398 2570 καὶ
1432 2519 1490 2572 τὸ
1525 2519 1773 2588 Πνεῦμα.
1817 2520 1961 2572 Ὅσα

377 2606 490 2676 γὰρ
526 2610 673 2659 ποιεῖ
704 2608 732 2660 6
765 2610 973 2679 Πατὴρ,
999 2610 1087 2663 διὰ
1116 2612 1211 2663 τοῦ
1240 2612 1371 2665 Υἱοῦ
1407 2614 1465 2665 ὲν
1502 2614 1785 2683 Πνεύματι
1811 2614 1958 2684 ἁγίῳ

380 2697 695 2764 ἐργάζεται·
719 2700 812 2752 καὶ
833 2700 966 2753 ὅπου
990 2701 1085 2769 μία
1106 2703 1215 2754 τῶν
1235 2703 1336 2772 τῆς
1360 2703 1590 2775 Τριάδος
1609 2704 1962 2757 ὑποστάσεων

377 2788 598 2855 λέγεται
652 2793 848 2853 ποιεῖν,
902 2794 1346 2848 συνεπικιοοῦνται
1378 2796 1474 2849 καὶ
1522 2798 1580 2850 αἱ
1627 2797 1814 2851 λοιπαὶ
1858 2798 1961 2870 τῆς

385 2880 517 2946 μιᾶς
544 2878 728 2942 οὐσίας
756 2879 1109 2946 ὑποστάσεις.

459 3070 477 3101 ‹
538 3052 627 3103 Ἑν
666 3053 818 3123 αὐτῷ
860 3054 972 3125 ζωὴ
998 3051 1217 3126 ἧνμκαὶ
1251 3059 1282 3128 ἡ
1318 3059 1430 3130 ζωὴ
1488 3055 1557 3131 ἦν
1599 3060 1660 3114 τὸ
1703 3061 1822 3133 φῶς
1855 3062 1967 3118 τῶν

380 3140 705 3212 ἀνθρώπων.
758 3164 776 3197 ι

454 3235 637 3287 Πάντα
679 3237 778 3288 ὅσα
820 3238 1077 3308 ἐποίησεν
1115 3242 1141 3292 6
1179 3239 1364 3312 Πατὴρ
1398 3242 1465 3317 ᾷι’
1502 3242 1653 3309 Υἱοῦ,
1690 3240 1749 3307 ἐξ
1793 3240 1961 3297 αὐτοῦ

384 3326 742 3397 ἑζωοποιήοη.
786 3330 891 3381 Καὶ
930 3329 1116 3392 πάλιν,
1149 3332 1249 3384 οὔκ
1280 3334 1339 3385 ἐν
1370 3320 1646 3405 ἀνθρώπῳ
1676 3336 1902 3403 γέγονεν
1935 3337 1965 3389 6

384 3416 577 3484 Λόγος,
611 3419 747 3472 ἀλλὰ
796 3421 998 3492 τρόπον
1038 3421 1159 3475 τινὰ
1204 3423 1367 3486 αὐτὸς
1398 3423 1485 3476 διὰ
1519 3424 1612 3477 τοῦ
1642 3425 1964 3496 Πνεύματος

385 3509 674 3578 ὲνισχύσας
704 3511 802 3578 τὴν
827 3512 1123 3581 Παρθένον,
1156 3513 1250 3565 καὶ
1281 3515 1574 3584 ἐνοικήσας
1600 3517 1656 3567 ὲν
1678 3519 1745 3587 τῇ
1781 3520 1965 3587 μήτρᾳ

384 3601 557 3667 αὐτῆς
582 3641 597 3665 ,
629 3602 879 3672 Οεμέλιος
914 3605 1153 3673 ἐγένετο,
1189 3608 1282 3659 καὶ
1322 3609 1380 3661 ὲν
1413 3609 1562 3678 αὐτῷ
1611 3609 1965 3681 ᾠκοδόμησεν

385 3692 483 3761 τὴν
516 3694 578 3744 ἐκ
602 3696 819 3762 Magia;
844 3695 1138 3749 ἐνωθεῖσαν
1164 3697 1312 3767 αὑτῷ
1340 3699 1523 3768 σάρκα
1548 3699 1791 3771 ἔμψυχον
1813 3702 1965 3769 λογι-

385 3784 508 3856 κὴν,
545 3786 680 3855 ὅπερ
711 3788 828 3839 ἐστὶ
861 3787 995 3857 ζωή.
1040 3789 1126 3850 Ὠς
1168 3790 1276 3860 γὰρ
1311 3790 1472 3852 αὑτός
1496 3793 1611 3844 ἐστι
1642 3791 1790 3865 ζωὴ,
1824 3795 1969 3848 οὕτω

386 3878 479 3930 καὶ
508 3878 541 3948 ἡ
587 3879 848 3931 ὲνωθεῖσα
896 3879 1044 3948 αὺτῴ
1085 3881 1221 3949 σὰρξ
1243 3922 1257 3946 ,
1289 3876 1355 3952 ἧς
1384 3882 1433 3933 οἱ
1479 3884 1796 3955 μετέχοντες
1827 3885 1968 3950 ζωο-

386 3966 691 4032 ποιοῦνται,
728 3969 821 4021 τοῦ
857 3969 1089 4023 Ποινὰτον
1127 3970 1341 4039 καὶτῆς
1376 3970 1585 4042 φθορᾶς
1619 3973 1972 4028 ἀπαλλασσό-

390 4074 577 4126 μενοι,
624 4060 717 4110 κα¹ι
764 4063 841 4123 εἰς
889 4061 987 4130 τὴν
1036 4060 1337 4114 ἀπόλαυσιν
1375 4061 1486 4113 τῶν
1514 4063 1627 4116 ’τοῦ
1677 4065 1969 4134 μέλλοντος

386 4145 580 4207 αἰῶνος
633 4147 853 4214 ἀγαθῶν
917 4149 1023 4201 τῶν
1081 4150 1525 4207 ἀκαταπαύστων
1584 4157 1970 4226 πεμπόμενοι,

388 4237 527 4306 ὅπερ
552 4239 700 4289 ἐστὶν
720 4242 752 4308 ἡ
782 4239 999 4309 ἁληοῶς
1032 4242 1168 4311 ζωή.

473 4328 536 4381 Ἢ
589 4328 862 4398 σάρκωσις
920 4332 1014 4384 τοῦ
1069 4335 1410 4403 Μονογενοῢς
1464 4340 1795 4406 φωταγωγεί
1846 4339 1973 4403 τοὺς

389 4421 712 4490 ἀνθρώπους
758 4425 895 4492 πρὸς
929 4423 1029 4494 τὴν
1075 4424 1250 4496 ἀληθῆ
1292 4426 1645 4495 Θεογνωσίαν,
1697 4431 1793 4483 καὶ
1836 4434 1973 4503 πρὸς

1708 392 1787 450 ΙΝ
1828 392 1886 452 S.
1928 393 2304 457 JOANNEM.

1975 506 2021 559 A
2115 503 2281 557 Vens.
2328 503 2386 558 2.
2434 519 2453 554 ι
2491 498 2604 555 Hoc
2635 506 2752 555 eral
2799 497 2851 554 in
2890 496 3156 566 principio
3203 496 3343 563 apud
3389 497 3576 550 Deum.
3611 515 3629 546 ι

3500 376 3636 443 1394

2124 592 2395 659 Quoniam
2444 601 2753 647 coaeternus
2795 600 2915 645 erat
2950 588 3118 651 Patri,
3162 590 3212 641 in
3251 586 3428 651 Patris
3469 586 3632 647 etiam

2054 693 2251 738 natura
2299 682 2626 747 exsistebat,
2675 680 2881 735 habens
2913 696 3011 750 pro
3049 680 3168 734 loco
3199 678 3634 746 antiquissimam

2053 773 2331 830 Geuitoris
2357 784 2629 830 naturam.
2662 771 2779 829 Hoc
2809 787 3042 841 namque
3077 769 3403 841 principium
3445 780 3636 836 comta

2055 866 2250 921 saecula
2305 866 2578 936 praecedit.
2630 864 2966 936 Principium
3016 864 3161 919 enim
3218 864 3417 918 dicitur
3478 862 3639 919 Pater

2054 954 2179 1011 Filii
2227 966 2438 1011 tantum
2472 972 2541 1012 ex
2570 972 2675 1026 quo
2707 974 2720 1011 :
2755 956 2970 1025 origine
3008 955 3274 1024 siquidem
3308 951 3470 1021 Pater
3502 950 3639 1007 Filio

2056 1049 2209 1118 prior
2251 1049 2591 1117 intelligitur,
2627 1063 2733 1102 non
2773 1057 2952 1102 tamen
2982 1048 3306 1103 exsisteutia
3338 1061 3464 1103 esse
3491 1044 3641 1116 prior

2008 1144 2025 1151 ’
2056 1140 2426 1209 cognoscitur.
2470 1139 2681 1210 Ubique
2713 1150 2895 1194 autem
2933 1141 3155 1195 verbum
3188 1148 3302 1197 erat
3334 1137 3637 1200 interserit,

2057 1229 2251 1285 Filium
2297 1230 2362 1285 ad
2413 1229 2627 1284 Patrem
2688 1230 2959 1299 principio
3004 1238 3280 1284 carentem
3334 1227 3637 1287 referendo.

2055 1319 2171 1374 Non
2210 1321 2353 1376 enim
2395 1321 2552 1388 dixit,
2589 1319 2927 1392 Principium
2954 1321 3162 1385 habuit,
3198 1320 3316 1385 sed,
3342 1317 3410 1373 In
3445 1318 3640 1389 princi-

2055 1410 2142 1479 pio
2166 1419 2300 1466 erat.
2350 1478 2357 1483 ι

2128 1501 2292 1557 Vens.
2323 1505 2375 1557 3.
2426 1521 2443 1557 ι
2484 1501 2678 1561 Omnia
2709 1518 2805 1573 per
2853 1504 3028 1573 ipsum
3058 1502 3199 1557 facta
3236 1508 3384 1566 sunt,
3419 1507 3476 1557 et
3520 1497 3641 1556 sine

2057 1592 2176 1662 ipso
2201 1593 2404 1649 factum
2438 1603 2521 1649 est
2547 1593 2682 1648 nihil
2719 1595 2864 1663 quod
2895 1594 3092 1651 factum
3121 1601 3222 1648 est.
3258 1611 3277 1644 ι

2126 1686 2305 1741 Aliam
2334 1686 2587 1743 haeresim
2644 1686 2863 1753 refellit,
2910 1702 3035 1745 cum
3069 1687 3249 1753 docet,
3297 1685 3479 1743 omnia
3521 1698 3641 1753 quas

2059 1776 2205 1833 facta
2247 1785 2398 1842 sunt,
2429 1792 2526 1846 per
2547 1774 2746 1831 Filium
2783 1788 2967 1833 creata
3008 1793 3150 1846 esse,
3192 1793 3301 1835 non
3328 1784 3509 1832 autem
3545 1791 3641 1846 per

2061 1871 2281 1941 angelos
2321 1872 2436 1927 sive
2470 1875 2640 1931 bonos
2680 1876 2798 1929 sive
2835 1875 3032 1939 malos,
3083 1884 3143 1929 ut
3178 1886 3462 1943 perperam
3509 1884 3644 1937 non-

2063 1963 2192 2016 nulli
2226 1964 2433 2032 Opinati
2472 1977 2622 2032 sunt,
2658 1966 2803 2025 inter
2836 1982 2974 2036 quos
3002 1965 3175 2031 Plato,
3208 1965 3421 2029 Simon,
3451 1961 3645 2016 Basili-

2062 2056 2179 2119 des,
2213 2054 2493 2123 Nicolaus,
2529 2058 2845 2127 Menander,
2890 2058 3239 2124 Borhoriani,
3282 2055 3635 2118 Saturninus,

2060 2144 2374 2204 Cerinthus.
2423 2149 2538 2216 Qua
2572 2154 2859 2207 occasione
2891 2153 3059 2207 etiam
3101 2151 3270 2219 aliqui
3322 2164 3534 2214 eorum,
3586 2156 3646 2202 ut

2063 2236 2392 2295 Saturninus
2431 2250 2486 2296 et
2529 2241 2833 2310 apostolici,
2872 2242 3086 2312 nuptias
3137 2250 3194 2296 et
3230 2238 3638 2309 generationem

2048 2329 2188 2408 indu
2200 2339 2418 2385 xerunt.
2462 2361 2475 2371 ο

2136 2419 2234 2473 llic
2264 2436 2445 2475 serum
2482 2421 2649 2503 etiam
2700 2421 2846 2477 illam
2897 2422 3006 2479 vim
3047 2422 3233 2486 habet,
3288 2430 3351 2478 ut
3395 2420 3649 2481 ostendat

2064 2526 2169 2565 non
2195 2510 2365 2565 solum
2396 2511 2597 2567 Filium
2636 2528 2852 2570 creasse
2873 2514 3086 2579 omnia,
3122 2515 3217 2570 sed
3250 2523 3305 2568 et
3338 2513 3551 2573 Patrem
3586 2528 3651 2566 ac

2068 2602 2337 2670 Spiritum
2388 2614 2663 2660 sanctum.
2698 2604 2972 2675 Quidquid
3016 2605 3160 2660 enim
3210 2605 3338 2660 facit
3370 2605 3552 2669 Pater,
3588 2605 3643 2658 id

2065 2708 2161 2762 per
2198 2694 2399 2749 Filium
2446 2697 2499 2751 in
2546 2696 2753 2767 Spiritu
2788 2707 2979 2751 sancto
3014 2707 3316 2767 operatur:
3345 2705 3399 2753 ct
3435 2694 3655 2767 quando

2065 2801 2172 2840 una
2217 2784 2318 2841 SS.
2346 2785 2633 2843 Trinitatis
2678 2805 2911 2858 persona
2945 2791 3217 2860 quidpiam
3253 2789 3431 2844 facere
3471 2786 3654 2855 perbi-

2064 2878 2245 2945 betur,
2285 2880 2339 2936 id
2386 2879 2563 2947 ipsum
2611 2879 2774 2936 etiam
2817 2882 3060 2951 reliqum,
3100 2880 3298 2952 quibus
3336 2881 3525 2935 eadem
3567 2887 3652 2934 est

2065 2979 2303 3036 naturaF
2323 2984 2567 3038 persona:
2597 2972 2859 3040 perlicere
2897 2972 3292 3042 intelliguntur.

2140 3059 2308 3115 Vens.
2346 3062 2401 3115 4.
2454 3080 2473 3112 ι
2504 3060 2562 3115 lu
2617 3063 2736 3131 ipso
2782 3063 2893 3117 vita
2941 3072 3090 3128 erat,
3138 3073 3193 3117 et
3243 3060 3350 3115 vita
3393 3070 3514 3116 erat
3561 3059 3657 3115 lux

2070 3152 2372 3207 hominum.
2402 3172 2424 3205 ι

2137 3244 2483 3316 Quaecunque
2521 3244 2686 3305 Pater
2726 3262 2821 3318 per
2845 3247 3042 3303 Filium
3082 3248 3310 3313 creavit,
3349 3262 3416 3303 ex
3461 3247 3652 3302 eodem

2065 3336 2232 3391 vitam
2262 3337 2584 3394 hauserunt.
2619 3339 2685 3395 Et
2719 3356 2929 3403 rursus.
2969 3354 3072 3393 non
3112 3340 3163 3393 in
3198 3339 3415 3395 homine
3448 3338 3651 3393 factum

2063 3436 2149 3484 est
2183 3428 2441 3496 Verbum,
2479 3430 2574 3485 sed
2619 3431 2794 3498 ipsum
2826 3430 3222 3499 quodammodo
3249 3444 3345 3496 per
3386 3427 3651 3497 Spiritum

2066 3530 2313 3574 sanctum
2348 3521 2626 3597 Virginem
2669 3522 2954 3589 invadens,
3001 3531 3051 3576 et
3098 3521 3151 3579 in
3192 3520 3493 3577 visceribus
3536 3520 3655 3590 ejus

2066 3613 2402 3678 inhabitans,
2462 3614 2875 3670 fundamentum
2925 3614 3159 3680 exstitit,
3200 3612 3414 3683 ipsique
3464 3626 3656 3681 super-

2067 3703 2265 3756 suuxit
2317 3704 2522 3757 unitam
2569 3704 2669 3758 sibi
2716 3719 2785 3758 ex
2833 3703 3004 3759 Maria
3063 3718 3287 3759 carnem
3350 3702 3651 3761 animatam

2068 3791 2431 3858 rationalem,
2475 3792 2621 3862 quod
2670 3803 2754 3846 est
2808 3793 2939 3849 vita.
2984 3792 3451 3858 Quemadmodum
3508 3794 3652 3855 enim

2069 3879 2245 3951 ipsqu
2280 3880 2387 3937 vita
2415 3890 2521 3945 est,
2564 3881 2636 3934 ita
2674 3881 2838 3937 etiam
2870 3880 3019 3934 unita
3053 3880 3151 3947 ipsi
3189 3894 3339 3947 caro,
3374 3881 3527 3950 cujus
3559 3884 3652 3951 qui

2068 3970 2364 4041 participes
2386 3979 2535 4036 sunt,
2562 3970 2928 4035 viviﬁcantur,
2956 3982 2985 4022 a
3012 3976 3186 4025 morte
3214 3983 3278 4023 ac
3304 3970 3655 4038 corruptione

2071 4061 2305 4127 liberati,
2347 4072 2402 4119 et
2440 4064 2506 4119 ad
2549 4062 3006 4133 sempiternorum
3040 4061 3207 4125 futuri
3260 4059 3441 4123 saeculi
3490 4060 3655 4117 bene-

2074 4168 2192 4207 rum
2228 4153 2539 4210 t'ruitionem
2569 4154 2815 4218 admissi,
2850 4153 2902 4207 in
2941 4167 3047 4221 qua
3075 4166 3203 4211 vera
3230 4154 3338 4215 vita
3380 4151 3651 4211 consistit.

2145 4332 2455 4395 lncarnatio
2498 4330 2773 4401 Unigeniti
2818 4329 3074 4405 prmlueet
3117 4329 3431 4393 hominibus
3480 4328 3653 4387 facem

2072 4425 2139 4479 ad
2182 4439 2365 4479 veram
2410 4422 2503 4477 Dei
2532 4422 2920 4497 cognitionem,
2952 4435 3221 4491 omneque
3264 4436 3436 4493 genus
3480 4419 3655 4477 virtu-

389 4516 499 4567 πᾶν
547 4509 685 4578 εἶδος
721 4515 923 4585 ἀρετῆς
950 4556 964 4581 ,
997 4516 1063 4569 δι’
1111 4511 1185 4571 ὧν
1217 4519 1249 4589 ἡ
1300 4518 1629 4590 ζωοποίησις
1659 4520 1910 4590 γίνεται,
1944 4525 1964 4578 Ε

2080 4528 2216 4583 tum,
2256 4519 2454 4587 quibus
2478 4518 2593 4588 ipsa
2626 4516 2946 4586 vivificatio,
2977 4517 3082 4572 hoc
3123 4524 3201 4571 est
3243 4516 3507 4577 bonorum
3536 4530 3655 4569 om-

387 4609 505 4659 ἐστι
536 4607 643 4661 τῶν
667 4608 887 4676 ἀγαυῶν
914 4610 946 4679 ή
980 4608 1298 4674 ἀπόλαυσις.

474 4719 491 4751 ι
532 4699 640 4752 Καὶ
670 4699 730 4752 τὸ
764 4700 879 4768 φῶς
910 4702 966 4754 ὲν
997 4704 1062 4772 τῇ
1097 4702 1287 4773 σκοτίᾳ
1317 4703 1499 4772 φαίνει
1520 4747 1534 4773 ,
1567 4708 1663 4759 καὶ
1696 4706 1731 4776 ἡ
1786 4705 1978 4761 σκοτία

391 4790 524 4843 αὐτὸ
555 4791 617 4842 οὐ
650 4791 970 4845 κατέλαϐεν.
1015 4812 1033 4838 ι

464 4883 666 4935 Σκοτὶα
696 4884 811 4935 ἐστὶ
863 4887 971 4946 πᾶς
1022 4886 1050 4937 6
1092 4888 1297 4956 κόσμος
1324 4925 1338 4951 ,
1374 4886 1510 4958 πρὸς
1543 4888 1832 4959 σύγκρισιν
1878 4888 1974 4942 τοῦ

390 4977 768 5044 ἀνεκφράστου
800 4979 892 5030 καὶ
915 4979 1206 5049 ἀπροσίτου
1230 4982 1426 5049 φωτός.
1468 4981 1614 5051 Πλὴν
1651 4981 1742 5036 καὶ
1778 4981 1807 5033 6
1849 4982 1976 5045 Υἱὸς

392 5068 622 5137 φωτίζει
679 5067 767 5120 τὸν
799 5068 920 5121 νοῦν
966 5070 1102 5141 πρὸς
1146 5072 1214 5123 τὰ
1252 5072 1532 5140 πρακτέα,
1567 5075 1661 5125 καὶ
1694 5074 1784 5126 ἀεὶ
1816 5092 1975 5145 περι-

393 5162 590 5230 κρατεῖ
622 5161 655 5225 ἡ
685 5160 932 5230 ἀλήθεια,
954 5162 1013 5214 οὐ
1046 5162 1153 5232 μὴν
1183 5163 1240 5214 τὸ
1272 5162 1466 5231 ψεῦδος
1508 5160 1974 5236 περιγίνεταίτῆς

391 5251 674 5321 ἀληθείας.
714 5252 804 5304 Διὸ
828 5253 921 5305 καὶ
952 5254 1113 5315 αὐτὸς
1140 5248 1294 5305 εἶπεν
1321 5271 1333 5283 ·
1367 5253 1514 5322 Ἐγὼ
1536 5256 1830 5325 νενίκηκα
1868 5262 1975 5313 τὸν

394 5343 664 5410 κόσμον·
705 5344 828 5397 am
878 5343 973 5396 τοῦ
1004 5383 1019 5408 ,
1071 5345 1255 5397 Πᾶσαν
1301 5345 1727 5416 πεπλανημένην
1756 5348 1972 5419 αἵρεσιν

394 5434 601 5506 ἣλεγξα
627 5477 640 5500 ,
673 5437 767 5488 καὶ
812 5437 1031 5489 πάντων
1078 5437 1411 5508 περιγέγονα
1451 5438 1559 5490 τῶν
1602 5438 1813 5502 παθῶν,
1870 5441 1972 5494 ὅσα

397 5528 550 5580 ἐστὶν
602 5529 908 5579 ἐπείσακτα
960 5530 1047 5598 (οὐ
1112 5530 1218 5599 μὴν
1273 5531 1480 5597 φυσικὰ
1529 5531 1620 5582 καὶ
1658 5530 1972 5598 ἀναγκαῖα,

396 5620 543 5689 ἅπερ
575 5618 719 5672 ἑκὼν
749 5617 984 5688 ὑπέστη,
1020 5620 1107 5672 ἵνα
1137 5620 1285 5691 δείξῃ
1316 5621 1377 5674 τὸ
1402 5621 1598 5692 ἀληθὲς
1627 5623 1725 5695 τῆς
1758 5623 1969 5695 σαρκώ-

478 5797 496 5828 ⁹
526 5794 686 5851 Juan.
728 5806 839 5857 xu,
865 5792 954 5845 35.

2076 4611 2225 4665 nium
2264 4608 2470 4676 fruitio,
2499 4609 2823 4678 acquiritur.

2149 4700 2314 4757 Vens.
2343 4701 2398 4755 5.
2449 4720 2468 4754 ι
2504 4699 2571 4755 Et
2603 4701 2693 4755 lux
2736 4702 2787 4755 iu
2827 4700 3066 4758 tenebris
3101 4697 3264 4763 lucet,
3314 4706 3371 4752 et
3418 4696 3658 4753 tenebrae

2074 4805 2193 4845 eam
2224 4806 2330 4844 non
2366 4791 2920 4859 comprehemlerunt.
2957 4808 2975 4840 ι
3488 4852 3495 4859 Ι

2145 4879 2412 4939 Tenebrae
2457 4892 2585 4941 sunt
2620 4882 2913 4934 universus
2946 4880 3202 4949 mundus,
3236 4892 3355 4937 cum
3396 4876 3656 4931 inclfabili

2083 4984 2139 5028 et
2165 4973 2441 5031 inacceSSa
2493 4971 2582 5027 illa
2612 4971 2733 5027 lucc
2768 4981 3137 5044 comparatus.
3172 4972 3463 5040 Cancrum,
3489 4972 3658 5028 Filius

2080 5065 2373 5135 illuminat.
2402 5076 2636 5121 mentem
2677 5065 2823 5121 circa
2867 5081 2955 5121 res
3005 5065 3306 5130 faciendas,
3346 5075 3401 5118 et
3442 5079 3660 5132 semper

2082 5158 2338 5230 praevalet
2376 5159 2600 5223 veritas,
2640 5174 3004 5226 nec-unquam
3051 5174 3080 5212 a
3125 5159 3415 5239 mendacio
3434 5172 3660 5227 supcra-

2084 5263 2195 5306 tur.
2243 5252 2505 5317 Quocirca
2549 5254 2711 5307 etiam
2759 5253 3009 5307 Christus
3055 5251 3167 5306 ait:
3201 5249 3315 5321 Ego
3367 5254 3463 5306 vici
3504 5269 3659 5307 mun-

2081 5347 2275 5413 dum”;
2323 5347 2374 5400 id
2418 5356 2518 5413 est,
2563 5350 2791 5402 Omnem
2837 5360 3122 5399 erroneam
3176 5345 3425 5401 haeresim
3462 5345 3657 5401 confu-

2084 5437 2222 5503 lavi,
2261 5446 2423 5506 atque
2467 5453 2657 5494 omnes
2697 5437 2977 5508 passiones
3021 5437 3154 5490 mihi
3194 5436 3372 5497 illatas
3403 5439 3660 5507 superavi

2080 5530 2208 5599 (nou
2239 5530 2359 5585 dico
2384 5531 2653 5586 naturales
2686 5547 2747 5584 ac
2779 5530 3116 5586 necessarias
3141 5546 3277 5601 quas
3304 5541 3496 5601 sponte
3528 5547 3655 5588 sus«

2081 5622 2261 5687 tinuit,
2302 5630 2358 5676 ut
2391 5623 2568 5679 carnis
2612 5638 2724 5678 sure
2760 5621 3044 5678 veritatem
3086 5623 3424 5693 ostenderet,
3456 5639 3665 5698 easque
