4038 6148
438 408 579 474 1395

1582 389 1920 455 ΑΜΜΟΝῘΙ
1960 386 2491 449 ALEXANDRINI

3576 376 3716 443 1396

438 536 558 593 quae
583 506 859 574 naturales
894 528 958 569 ae
994 506 1313 568 necessariae
1341 510 1487 569 sunt,
1525 498 1749 554 minime
1801 498 2025 553 vitiosas

2154 512 2268 556 rem:
2289 536 2303 559 ,
2336 497 2431 561 καὶ
2460 496 2542 548 ὅτι
2574 495 2633 547 οὐ
2687 491 2866 563 φαῦλα
2901 494 2970 546 τὰ
3024 491 3231 564 φυσικὰ
3283 491 3381 546 καὶ¹
3410 491 3714 558 ἀναγκαῖα·

440 588 561 669 esse
603 614 1079 667 commonstraret.
1116 600 1325 658 Idcirco
1371 594 1519 652 enim
1568 595 1686 648 ista:
1730 590 1882 645 carni
1931 588 2021 643 Dei

443 703 604 759 Verbi
649 701 983 762 acciderunt,
1028 710 1133 751 non
1167 701 1225 747 ιιι
1261 692 1677 749 roborarentur,
1714 682 1810 737 sed
1856 690 1913 734 ut
1968 678 2039 734 in'

441 795 562 863 ipso
601 786 1049 862 perimerentur).
1099 783 1419 838 lndeeentes
1468 789 1704 844 namque
1745 770 2025 843 passiones

442 862 511 941 ne
536 883 753 954 quidem
782 879 1176 949 imaginatione
1211 862 1495 929 sustinuit.

514 976 679 1033 Vens.
712 975 767 1029 ϐ.
813 993 832 1025 ι
860 971 986 1028 Fuit
1031 972 1191 1025 homo
1226 967 1425 1021 missus
1469 979 1497 1017 a
1539 962 1670 1023 Deo,
1702 958 1786 1012 cui
1829 967 2027 1009 nomen

446 1078 563 1125 erat
584 1066 849 1123 Joannes.
889 1083 908 1116 ι

514 1159 712 1215 Missus
761 1167 846 1213 est
886 1154 1121 1212 Joannes
1160 1160 1416 1219 tanquam
1458 1160 1488 1199 a
1535 1145 1751 1199 deserto
1803 1140 2029 1194 descen-

445 1256 580 1309 dens
619 1255 674 1307 in
709 1249 989 1322 regionem
1038 1246 1364 1306 habitatam,
1414 1248 1473 1293 ιιι
1498 1236 1715 1308 populis
1747 1232 2029 1288 Christum

447 1345 789 1414 praedicaret.
849 1340 972 1411 Ipse
1027 1340 1192 1394 etiam
1258 1334 1520 1391 Dominus
1577 1328 1884 1400 appellatus
1948 1331 2034 1379 est

450 1440 673 1504 missus,
729 1452 837 1492 non
884 1432 1039 1505 quasi
1096 1432 1163 1485 de
1209 1429 1332 1483 loco
1374 1427 1427 1481 in
1476 1424 1655 1479 locum
1711 1416 2034 1486 commigret

450 1528 619 1602 (Deus
650 1527 794 1584 enim
824 1521 1118 1581 immobilis
1155 1518 1297 1583 est);
1338 1516 1433 1572 sed
1464 1522 1524 1569 ut
1556 1512 1649 1583 qui
1673 1512 1740 1566 de
1770 1508 1890 1564 sinu
1919 1506 2033 1559 Pa-

451 1624 554 1677 tris
592 1617 995 1691 quodammodo
1040 1620 1303 1677 semotus,
1349 1609 1419 1691 ad~
1459 1617 1700 1662 nostram
1746 1606 2034 1671 pauperta-

451 1724 563 1771 tem
596 1686 717 1771 sese
756 1709 1058 1773 demiserit,
1080 1706 1231 1761 unde
1258 1711 1313 1758 et
1336 1686 1684 1768 semetipsum
1719 1692 2037 1749 humiliasse

453 1802 653 1859 dicitur
674 1801 743 1856 ιο.
774 1797 1006 1869 Quando
1035 1799 1227 1865 itaque
1250 1791 1534 1860 Scriptura
1560 1787 1729 1841 utitur
1755 1783 1938 1838 verbis
1968 1781 2036 1834 ad

2127 588 2227 642 Διὰ
2263 588 2372 657 γὰρ
2400 586 2560 641 τοῦτο
2591 586 2927 656 προσήγγιζε
2949 588 3013 657 τῇ
3044 585 3138 638 τοῦ
3156 576 3294 637 Θεοῦ
3327 583 3501 651 Λόγου
3529 581 3711 652 σαρκὶ,

2127 679 2227 747 οὐχ
2254 680 2341 731 ἶνα
2372 676 2675 749 κρατυνθῇ,
2709 676 2825 732 ἀλλ’
2858 677 2945 729 ἵνα
2978 679 3038 729 ἐν
3070 674 3218 746 αὑτῷ
3258 672 3590 745 ἀναιρεθῇ
3624 669 3709 724 Τὰ

2127 769 2237 840 γὰρ
2269 769 2482 839 ἄσεμνα
2507 768 2655 838 πάθη
2711 768 2833 822 οὐδὲ
2863 769 3006 822 κατά
3035 767 3346 838 φαντασίαν
3383 766 3615 834 ὑπέστη.

2209 966 2229 998 ‹
2279 946 2525 1014 Ἐγένετο
2555 945 2845 1017 ἄνθρωπος
2889 944 3309 1014 ἀπεσταλμένος
3351 942 3508 1013 παρὰ
3551 939 3717 1005 Θεοῦ,

2130 1040 2303 1106 ὄνομα
2326 1032 2490 1109 αὑτῷ
2533 1037 2806 1108 Ἰωάννης.
2845 1057 2862 1089 ι
3748 1070 3758 1109 ί

2215 1129 2653 1201 Ἀπεσταλμένος
2674 1130 2824 1183 ἐστὶν
2851 1131 2881 1183 ὁ
2924 1131 3182 1201 Ἰωάννης
3207 1128 3284 1192 ὡς
3317 1126 3427 1181 ἀπὸ
3462 1125 3560 1196 τῆς
3586 1125 3724 1195 ὲρή-
3750 1115 3757 1121 ’

2139 1242 2243 1295 μου
2278 1223 2523 1294 μεταϐὰς
2557 1225 2639 1286 είς
2660 1224 2760 1293 τὴν
2786 1223 3112 1293 οἰκουμένην
3145 1219 3356 1292 χώραν,
3382 1218 3472 1270 ἵνα
3502 1216 3723 1287 κηρύξῃ

2132 1314 2224 1368 τὸν
2253 1313 2489 1383 Χριστὸν
2534 1313 2647 1375 τοῖς
2675 1310 2843 1375 λαοῖς.
2888 1311 2947 1363 Ὀ
2997 1311 3056 1365 δὲ
3102 1309 3309 1379 Κύριος
3339 1305 3544 1376 ἐκλήθη
3574 1346 3589 1368 ,
3622 1303 3725 1358 καὶ

2136 1401 2302 1465 αὐτὸς
2331 1400 2770 1472 ἀπεσταλμένος,
2799 1401 2901 1472 οὐχ
2938 1400 3015 1465 ὡς
3045 1400 3154 1453 ἀπὸ
3193 1398 3378 1452 τόπων
3405 1398 3486 1459 εἰς
3517 1396 3727 1459 τόπους

2140 1492 2382 1563 μεταϐὰς
2411 1492 2689 1563 (ἀκίνητον
2716 1492 2827 1563 γὰρ
2846 1492 2908 1546 τό
2931 1492 3129 1557 Θεῖον),
3162 1489 3278 1544 ἀλλ’
3305 1490 3382 1553 ὡς
3407 1491 3473 1542 ἐκ
3498 1487 3612 1541 τῶν
3627 1484 3725 1539 τοῦ

2138 1585 2353 1657 Πατρδς
2391 1585 2610 1639 κόλπων
2662 1584 2828 1638 οἱονεί
2867 1601 2986 1648 πως
3017 1583 3281 1653 κινηθεὶς,
3318 1582 3414 1635 καὶ
3458 1580 3596 1650 πρὸς
3624 1578 3729 1647 τὴν

2137 1679 2415 1749 ἡμετέραν
2445 1675 2619 1731 ἐλθὼν
2648 1676 2944 1744 πτωχείαν,
2975 1676 3044 1729 δι’
3070 1677 3138 1746 ἣν
3161 1675 3255 1729 καὶ
3283 1673 3504 1742 λέγεται
3532 1669 3728 1723 ἑαυτὸν

2139 1769 2496 1824 ταπεινῶσαι.
2538 1769 2710 1822 Ὅταν
2738 1764 2833 1822 οῦν
2863 1767 2993 1839 εἴπῃ
3025 1769 3058 1838 ἡ
3096 1765 3291 1836 Γραφὴ
3321 1764 3391 1817 τὰ
3425 1765 3491 1834 τῇ
3523 1764 3731 1815 οἰκονο-

454 1896 695 1951 divinam
740 1891 1202 1964 dispensationem
1243 1880 1693 1947 accommodatis,
1727 1879 1773 1935 si
1819 1877 2035 1949 quidem

2154 1861 2243 1931 si;
2269 1861 2556 1931 πρέποντα
2592 1858 2838 1932 ῥήματα,
2871 1861 2920 1912 εἰ
2959 1860 3058 1930 μὲν
3092 1858 3246 1928 εἴπῃ,
3280 1857 3364 1909 ὅτι
3388 1854 3578 1909 ἑαυτὸν
3606 1853 3731 1906 ἐκέ-

456 1983 602 2038 dicat
653 1983 909 2053 quoniam
956 1979 1309 2048 semetipsum
1362 1971 1752 2036 exinanivit“,
1793 1968 2040 2025 domina-

457 2075 659 2130 tionem
720 2073 889 2143 ipsius
932 2085 997 2126 ac
1044 2069 1248 2141 regiam
1308 2062 1647 2133 majestatem
1699 2071 1894 2133 sponte
1940 2072 2039 2113 sua

376 2240 383 2245 _
454 2177 677 2220 carnem
719 2162 1085 2232 assumpsisse
1114 2159 1406 2232 signiﬁcat.
1448 2153 1504 2210 Si
1542 2170 1674 2211 Vero
1702 2155 1927 2209 missum
1964 2150 2041 2229 di-

404 2324 407 2331 .
457 2264 567 2322 cat,
606 2256 766 2312 docet
792 2255 968 2326 ipsum
1002 2269 1105 2309 non
1136 2254 1256 2309 sine
1282 2253 1462 2308 Patris
1499 2249 1779 2305 voluntate
1816 2256 2038 2301 carnem

456 2347 723 2403 induisse.
760 2343 888 2402 Haec
919 2353 1101 2402 autem
1136 2346 1381 2401 humano
1431 2358 1584 2398 more
1620 2340 1854 2397 dicimus
1886 2354 1901 2391 :
1934 2348 2037 2389 una

456 2436 726 2507 siquidem
767 2437 1065 2505 eademque
1116 2434 1298 2490 Patris
1348 2451 1414 2490 ac
1460 2433 1589 2488 Filii
1639 2429 1893 2485 voluntas
1934 2434 2039 2487 est,

460 2528 673 2587 tametsi
699 2527 945 2600 eiusdem
973 2528 1139 2583 unius
1176 2527 1489 2582 Divinitatis
1518 2532 1683 2594 atque
1721 2517 2044 2577 substantia:

457 2637 814 2691 personarum
855 2621 1218 2677 differentiam
1259 2631 1644 2690 agnoscamus.
1677 2612 1864 2668 Solum
1895 2609 2041 2664 enim

458 2710 679 2776 Filium,
724 2726 832 2767 non
864 2720 1044 2765 autem
1068 2708 1311 2771 Patrem,
1346 2719 1439 2762 aut
1470 2704 1735 2777 Spiritum
1769 2707 2042 2761 sanctum,

462 2806 803 2860 incarnatum
840 2817 962 2859 esse
987 2803 1330 2873 proﬁtemur.

532 2893 698 2951 Vnus.
728 2894 780 2951 7.
828 2912 850 2947 ι
882 2894 982 2950 Hic
1028 2893 1180 2949 venit
1228 2892 1283 2946 in
1330 2890 1728 2949 testimonium,
1784 2893 1844 2937 ut
1894 2881 2047 2936 testi-

462 2988 709 3042 monium
739 2987 1051 3057 perhiberet
1088 2986 1153 3041 de
1184 2984 1410 3049 lumine,
1439 2988 1499 3036 ut
1528 2993 1719 3035 omnes
1760 2976 2049 3031 crederent

462 3089 565 3147 per
593 3075 764 3131 illum.
805 3095 824 3127 ι

540 3167 656 3224 Hoc
684 3166 926 3224 Joannes
978 3167 1151 3236 major
1179 3175 1263 3221 est
1301 3166 1514 3221 caeteris
1552 3160 1851 3232 prophetis,
1905 3156 2049 3225 quod

467 3260 563 3316 alii
589 3261 810 3331 quidem
842 3257 1263 3329 praedicaverint
1288 3256 1435 3310 illum
1472 3254 1562 3323 qui
1590 3247 2046 3321 exspectabatur;

470 3353 590 3422 ipse
622 3366 775 3417 vero,
810 3366 933 3407 cum
959 3350 1187 3407 vidisset
1216 3363 1364 3417 eum,
1396 3356 1450 3402 et
1479 3353 1704 3417 propter
1738 3341 2055 3412 signaque-

475 3443 621 3496 niam
653 3441 770 3512 ipse
807 3451 913 3505 est,
950 3441 1294 3504 credidisset,
1324 3438 1497 3498 venit,
1525 3451 1589 3489 ex
1626 3435 1694 3489 iis
1722 3445 1842 3502 quae
1874 3437 1929 3484 et
1960 3445 2057 3482 au-

472 3537 685 3592 diverat
722 3544 777 3590 et
805 3536 1044 3598 viderat,
1077 3530 1450 3587 testimonium
1482 3526 1791 3598 perhibere.

549 3628 717 3683 Vens.
751 3628 805 3683 8.
852 3643 871 3678 ι
899 3624 1019 3680 Non
1050 3634 1169 3680 erat
1209 3622 1299 3677 ille
1323 3623 1438 3686 lux,
1477 3621 1569 3676 sed
1602 3628 1661 3674 ut
1687 3616 2056 3675 testimonium

474 3717 790 3789 perhiberet
813 3717 881 3772 de
905 3714 1130 3771 lumine.
1167 3734 1187 3768 ι

550 3809 790 3866 Tametsi
823 3823 1041 3879 quoque
1073 3806 1312 3863 Joannes
1365 3815 1420 3861 et
1466 3807 1643 3860 sancti
1683 3804 1771 3859 lux
1816 3803 1945 3872 sint,
1978 3813 2061 3858 ta-

481 3919 606 3961 men
634 3918 742 3960 non
769 3911 898 3959 sunt
937 3902 1048 3966 illa,
1084 3902 1150 3957 de
1181 3915 1284 3971 qua
1316 3900 1406 3954 hic
1438 3897 1749 3968 Theologus
1773 3897 1907 3966 agit,
1939 3911 2062 3967 quae

477 4005 563 4053 est
587 3995 861 4060 Christus,
894 3993 985 4048 lux
1020 4007 1117 4062 per
1160 4000 1446 4058 naturam;
1482 3990 1657 4046 sancti
1700 4003 1940 4055 namque
1968 4001 2064 4056 per

480 4089 715 4160 gratiam
767 4086 945 4141 lucem
1003 4092 1357 4155 acceperunt,
1394 4083 1668 4154 quocirca
1725 4082 1792 4137 de
1840 4080 2062 4136 Christo

481 4181 617 4237 dicit
641 4198 656 4235 :
682 4179 814 4233 Erat
838 4177 933 4232 lux
959 4194 1097 4233 vera.

553 4268 721 4327 Vsus.
755 4270 810 4325 9.
857 4288 875 4321 ι
907 4270 1037 4325 Erat
1065 4270 1154 4324 lux
1192 4284 1343 4335 vera,
1390 4283 1511 4340 qua:
1545 4268 1817 4324 illuminat
1845 4280 2063 4323 omnem

481 4360 759 4418 hominem
790 4360 1099 4417 venientem
1133 4361 1187 4416 in
1215 4361 1361 4415 hunc
1402 4360 1687 4415 mundum.
1724 4377 1743 4410 ι

555 4451 818 4508 Dominus
859 4450 1161 4507 rationales
1204 4466 1333 4505 suas
1380 4459 1665 4505 creaturas
1727 4445 2068 4502 naturalibus

2139 1969 2342 2017 νωσεν,
2377 1952 2636 2022 σημαίνει
2664 1952 2724 2004 τὸ
2754 1950 3157 2005 αὑτοδέσποτον
3176 1949 3270 2001 καὶ
3304 1945 3609 2019 βασιλικὸν,
3642 1945 3729 1998 ὅτι

2142 2046 2287 2100 ἑκὼν
2317 2045 2633 2117 ὲσαρκώοη.
2671 2046 2734 2097 Ei
2765 2044 2824 2097 δὲ
2848 2044 3002 2114 εῐπῃ,
3034 2043 3120 2096 ὃτι
3155 2039 3458 2109 ἀπεστάλη,
3484 2036 3730 2091 διδάσκει

2141 2138 2227 2191 ὅτι
2274 2138 2374 2191 οὐκ
2410 2136 2539 2191 ἄνευ
2568 2134 2665 2188 τοῦ
2713 2135 2929 2206 Πατρὸς
2964 2120 3280 2205 ὲσαρκώθη.
3332 2130 3521 2185 Ταῦτα
3550 2130 3609 2183 δὲ
3637 2129 3732 2183 λα-

2140 2229 2339 2301 λοῦμεν
2372 2229 2448 2293 ὡς
2476 2229 2754 2300 ἄνθρωποι
2779 2243 2795 2258 ·
2832 2228 2930 2299 μία
2973 2227 3082 2297 γὰρ
3121 2224 3216 2279 τοῦ
3257 2224 3475 2296 Πατρὸς
3509 2224 3608 2275 καὶ
3636 2221 3731 2275 τοῦ

2144 2308 2275 2378 Ῠὶοῦ
2311 2321 2567 2395 βούλησις
2586 2363 2601 2388 ,
2631 2322 2736 2376 κᾶν
2764 2322 2826 2376 τὸ
2862 2321 3124 2392 διάφορον
3149 2317 3444 2388 ἐννοοῦμεν
3483 2316 3593 2368 τῶν
3626 2315 3724 2383 τῆς

2148 2417 2278 2486 μιᾶς
2324 2415 2579 2484 θεότητος
2616 2414 2713 2467 καὶ⁵
2763 2412 2952 2475 οὐσίας
2993 2408 3373 2464 ὑποστάσεων.
3421 2405 3580 2460 Οὕτω
3620 2404 3729 2473 γὰρ

2144 2509 2396 2578 λέγομεν,
2424 2509 2508 2561 ὅτι
2542 2507 2703 2578 μόνος
2730 2508 2759 2560 ό
2777 2506 2909 2569 Υἱὸς
2934 2504 3305 2575 σεσάρκωται,
3333 2500 3433 2569 οὐχ
3455 2500 3482 2552 ό
3515 2496 3723 2567 Πατὴρ,

2145 2603 2205 2654 οὐ
2236 2601 2298 2654 τὸ
2325 2598 2571 2669 Πνεῦμα.

2228 2915 2246 2947 ι
2284 2886 2451 2956 Οὗτος
2476 2886 2641 2961 ἦλθεν
2668 2887 2748 2950 εἰς
2774 2880 3103 2957 μαρτυρίαν,
3135 2879 3223 2932 ἵνα
3254 2875 3586 2950 μαρτυρήσῃ
3609 2870 3729 2945 περὶ

2148 2987 2243 3042 τοῦ
2277 2984 2473 3055 φωτὸς,
2504 2981 2593 3034 ἵνα
2621 2977 2821 3039 πάντες
2857 2973 3190 3027 πιστεύσωσι
3218 2968 3287 3022 δι’
3312 2966 3503 3022 αὐτοῦ.
3544 2985 3563 3017 ι

2224 3164 2325 3217 Διὰ
2353 3160 2514 3215 τοῦτο
2570 3155 2775 3230 μείζων
2804 3153 2914 3207 τῶν
2947 3151 3124 3206 ἄλλων
3157 3147 3456 3220 προφητῶν
3483 3148 3511 3199 ό
3550 3141 3729 3197 Ἰωάνε

2153 3274 2275 3327 νης,
2308 3255 2390 3307 ὅτι
2422 3253 2620 3305 ἐκεῖνοι
2655 3249 2755 3319 μὲν
2783 3244 3060 3315 ἐκήρυξαν
3100 3240 3196 3294 τὸν
3243 3233 3720 3310 προσδοκώμενον·

2155 3324 2310 3412 οὗτος
2337 3347 2396 3400 δὲ
2426 3341 2689 3414 ἑωρακὼς
2720 3339 2905 3405 αὐτὸν,
2933 3337 3026 3391 καὶ
3052 3333 3352 3394 πιστευθεὶς
3372 3330 3457 3382 διὰ
3482 3324 3718 3398 σημείων

2156 3443 2239 3495 ὅτι
2285 3438 2447 3500 αὑτός
2481 3438 2629 3489 ἐστιν
2664 3446 2690 3475 α
2713 3473 2728 3498 ,
2757 3427 2923 3504 ἦλθεν
2959 3425 3254 3500 μαρτυρῶν
3282 3422 3341 3488 ἐξ
3382 3414 3455 3475 ὧν
3492 3419 3728 3489 ﬁmus-sv

2158 3531 2255 3587 zeal.
2284 3525 2447 3582 εἶδεν.

2237 3641 2255 3673 ι
2304 3621 2421 3675 Οὐκ
2452 3614 2521 3689 ἦν
2563 3618 2769 3678 ἐκεῖνος
2813 3613 2875 3667 τὸ
2936 3610 3094 3681 φῶς,
3128 3608 3244 3663 ἀλλ’
3286 3606 3373 3659 ἵνα
3417 3600 3740 3674 μαρτυρήσῃ

2160 3713 2290 3783 περὶ
2316 3710 2411 3764 τοῦ
2439 3710 2635 3778 φωτός.
2674 3724 2693 3757 ι

2236 3782 2302 3860 Ei
2342 3803 2438 3858 καὶ
2477 3801 2595 3872 φῶς
2635 3800 2664 3851 ὁ
2706 3797 2961 3867 Ἰωάννης
2985 3835 2999 3857 ,
3033 3793 3131 3848 καὶ
3172 3792 3220 3844 οἱ
3270 3788 3437 3858 ἆγιοι,
3473 3783 3594 3840 ἀλλ’
3644 3782 3745 3835 οὒκ

2163 3899 2364 3952 ἐκεῖνοι
2397 3893 2457 3948 τὸ
2492 3887 2751 3958 θεολογού
2762 3903 2923 3959 μενον
2968 3885 3029 3948 ὃς
3056 3884 3173 3936 ἐστι
3208 3876 3451 3950 ,Χριστὸς
3473 3916 3488 3936 ,
3513 3874 3545 3928 ὃ
3584 3872 3745 3942 φύσει

2165 3990 2312 4061 φῶς*
2351 3989 2401 4041 οἱ
2429 3985 2537 4055 γὰρ
2592 3982 2740 4051 ἆίιοι
2785 3979 2969 4051 χάριτι
3006 3977 3166 4047 ἔσχον
3195 3972 3286 4026 τὸν
3312 3967 3596 4039 φωτισμὸν
3622 4004 3636 4027 ,
3667 3961 3747 4016 διδ

2164 4056 2260 4138 καὶ
2292 4080 2422 4150 περὶ
2474 4076 2568 4131 τοῦ
2606 4070 2846 4146 Χριστοῦ
2874 4085 3038 4139 φησιν
3067 4083 3081 4098 ·
3114 4061 3228 4121 Ἦν
3250 4063 3319 4116 τὸ
3362 4059 3488 4131 φῶς
3511 4056 3580 4111 τὸ
3604 4056 3748 4120 (Lin—

2167 4167 2358 4223 θινόν.

2238 4258 2349 4312 Ἦν
2389 4255 2449 4308 τὸ
2475 4238 2609 4322 ’φῶς
2655 4251 2714 4304 τὸ
2744 4246 3018 4318 ἀληθινὸν,
3064 4244 3093 4298 ὃ
3153 4239 3382 4312 φωτίζει
3427 4234 3621 4303 πάνταλ
3653 4228 3744 4284 ἄν·

2169 4351 2388 4423 θρωπον
2418 4344 2712 4417 ἐρχόμενον
2743 4342 2821 4402 είς
2859 4339 2953 4392 τὸν
2986 4335 3213 4405 κόσμον.
3254 4349 3272 4382 ι

2251 4442 2312 4495 '0
2340 4409 2646 4510 Keéio'eea
2666 4431 2860 4501 λογικὰ
2881 4427 3047 4484 αὑτοῦ
3070 4424 3349 4493 κτίσματα
3370 4418 3481 4473 ἀπ’)
3508 4409 3751 4510 φυσικῶν

484 4543 841 4599 instinctibus
869 4542 1160 4608 illuminat,
1195 4542 1263 4597 ad
1290 4540 1619 4597 credendum
1676 4540 1911 4610 aliquem
1941 4552 2044 4594 esst

2172 4530 2391 4589 ἐννοιῶν
2420 4500 2644 4596 qam-riter.
2671 4564 2687 4589 ,
2726 4500 2807 4585 είς
2839 4520 2901 4574 τὸ
2939 4515 3234 4585 πεισθῆναι
3259 4551 3276 4576 ,
3309 4510 3394 4563 ὅτι
3421 4508 3539 4606 ἐστι
3576 4500 3710 4610 Θεός
3731 4513 3749 4529 ·

485 4633 656 4688 Deum
692 4632 1030 4703 :colligendu
1078 4633 1335 4687 nimirum
1376 4646 1443 4687 ex
1485 4632 1722 4701 ipsarum
1765 4629 2067 4701 pulchritu-

487 4723 637 4789 dine,
689 4732 854 4794 atque
897 4722 1093 4779 ordine
1136 4732 1533 4787 creaturarum,
1582 4721 1904 4791 immensam
1947 4717 2065 4789 ejus

486 4826 836 4890 potestatem.

558 4908 729 4967 Vitas.
757 4911 844 4966 i0.
892 4928 910 4963 ‹
942 4910 1001 4964 in
1036 4912 1238 4966 mundo
1259 4920 1400 4979 erat,
1426 4919 1481 4967 et
1508 4907 1743 4965 mundus
1767 4922 1865 4979 per
1889 4907 2066 4976 ipsum

489 5001 670 5058 factus
685 5010 789 5069 est,
817 5009 874 5058 et
901 5002 1134 5055 mundus
1162 5015 1286 5055 eum
1324 5017 1428 5056 non
1459 5002 1730 5071 coguOvit.
1769 5017 1787 5050 ι

561 5092 706 5150 Deus
730 5102 847 5150 erat
887 5092 952 5146 in-
982 5090 1206 5159 mundo,
1236 5095 1531 5146 secundum
1563 5093 1947 5157 substantiam,
1974 5089 2069 5146 sed

492 5203 599 5243 non
661 5186 960 5243 secundum
1019 5185 1517 5255 praecognitionem.
1578 5186 1815 5243 Rursum
1876 5183 2074 5240 refellit

496 5280 746 5335 haeresim
794 5278 1092 5334 dicentium
1152 5279 1423 5345 homines,
1474 5281 1548 5334 uti
1598 5290 1654 5335 et
1701 5294 1790 5334 res
1829 5286 2074 5342 caeteras,

498 5389 607 5429 non
635 5387 759 5430 esse
791 5370 890 5428 Dei
920 5380 1223 5428 creaturas.

567 5465 826 5522 Mundum
891 5464 980 5519 hic
1025 5475 1182 5519 vocat
1236 5466 1517 5532 homines,
1574 5463 1653 5520 sic
1701 5478 1729 5517 a
1784 5471 1935 5531 parte
1980 5473 2078 5515 sua

571 5630 615 5663 ιο
643 5627 874 5697 Philipp.
906 5626 1047 5689 n.6,
1076 5626 1130 5679 τί.
1209 5626 1250 5655 ιι
1282 5624 1410 5679 ibid.
1450 5592 1455 5599 “

573 5771 599 5800 ⁸
629 5754 799 5820 Οὗτος
832 5758 896 5825 δὴ
922 5752 1052 5826 ἦ).οε
1089 5776 1252 5829 μαρτ.
1288 5758 1380 5813 Cr.
1456 5756 1483 5795 ι)
1509 5754 1597 5806 Cr.
1630 5747 2078 5822 στοχαζομένους.
2159 5756 2179 5784 ε
2219 5744 2308 5801 Cr.
2344 5740 2416 5795 Οὐ
2454 5754 2557 5791 κατ

505 5825 532 5869 ί
562 5830 653 5885 Cr.
682 5829 896 5897 μόνους.

2177 4619 2551 4693 στοχαζόμενα
2581 4616 2610 4655 ι)
2639 4617 2704 4666 ὲκ
2741 4613 2843 4681 τῆς
2868 4610 2978 4663 τῶν
3005 4604 3325 4675 κτισμάτων
3356 4596 3524 4652 αὑτοῦ
3558 4590 3754 4648 καλλο-

2174 4680 2427 4786 νῆςϋκαί
2463 4706 2725 4775 εὐταξίας
2748 4745 2763 4770 ,
2790 4680 2850 4756 τὸ
2890 4698 3229 4771 ὑπερανέχον
3275 4693 3375 4762 τῆς
3408 4685 3574 4744 αὐτοῦ
3604 4680 3759 4737 δυνά·

2182 4824 2351 4879 μεως.

2258 4917 2277 4949 ι
2308 4861 2421 4948 ’Ἐν
2450 4892 2529 4961 τῷ
2563 4891 2757 4958 κόσμῳ
2801 4880 2869 4957 ἦν
2893 4926 2905 4949 ,
2936 4883 3033 4936 καὶ
3061 4881 3090 4932 ὁ
3116 4876 3320 4947 κόσμος
3358 4869 3425 4925 δι’
3455 4865 3623 4923 αὐτοῦ
3651 4861 3764 4933 ὲγέ·

2180 5006 2321 5053 νετο,
2355 4986 2452 5038 καὶ
2483 4985 2512 5037 ό
2545 4982 2750 5048 κόσμος
2780 4977 2943 5031 αὐτὸν
2971 4973 3072 5026 οὐκ
3098 4969 3259 5037 ἔγνω.
3302 4984 3322 5017 ι

2260 5043 2319 5132 ‘(J
2353 5076 2487 5139 Θεὸς
2521 5070 2588 5143 ἦν
2633 5043 2690 5124 έν
2731 5068 2812 5139 τῷ
2845 5067 3037 5135 κόσμῳ
3064 5105 3079 5128 ,
3116 5057 3236 5114 κατ’
3277 5054 3491 5117 οὐσίαν,
3537 5045 3677 5103 ἀλλὰ
3704 5043 3764 5096 οὐ

2178 5181 2319 5236 κατὰ
2360 5177 2423 5232 τὸ
2462 5170 2826 5246 προνοητικόν
2847 5179 2895 5221 ο.
2948 5163 3117 5217 Πάλιν
3148 5153 3504 5225 ἁνασειρόιζει
3542 5146 3672 5246 τῖλνὴ
3688 5143 3770 5243 ai:

2184 5290 2333 5346 ρεσιν
2374 5270 2483 5322 τῶν
2540 5266 2843 5334 λεγόντων,
2880 5261 2953 5329 μὴ
2999 5253 3139 5309 εἶναι
3183 5248 3466 5318 κτίσματα
3507 5239 3603 5294 τοῦ
3633 5231 3768 5291 Θεοῦ

2180 5345 2307 5428 τοὺς
2333 5359 2675 5432 ἀνῡρώπονς,
2712 5354 2808 5408 καὶ
2851 5351 2919 5404 τὰ
2944 5345 3133 5400 λοιπά.

2249 5416 2378 5508 ᾖδε
2429 5416 2649 5521 κόσμον⁷
2663 5416 2795 5507 τοὺς
2822 5442 2848 5481 ἀ
2874 5440 2970 5495 ἀνθ
2983 5435 3198 5508 ρώπους
3223 5430 3398 5499 λέγει,
3428 5423 3539 5478 ἀπὸ
3573 5417 3772 5491 μέρους
3804 5416 3811 5421 ’

2562 5734 2574 5751 ⁸
2603 5733 2812 5797 οὐσίαν,
2850 5727 2987 5782 ἀλλὰ
3022 5725 3160 5780 κατὰ
3186 5720 3246 5775 τὸ
3274 5714 3656 5789 προνοητικόν.
