4038 6148
460 373 596 437 I399
670 408 691 425 ι

1590 369 1859 430 ΑΜΜΟΝ
1869 372 1927 429 ΙΙ
1965 372 2497 434 ALEXANDRINI

3589 359 3752 433 1400‘

452 505 598 544 esse.
637 486 818 557 Neque
844 486 1009 540 etiam
1039 499 1104 538 ex
1138 482 1313 538 Verbo
1339 496 1555 537 carnem
1592 483 1788 537 factam
1849 484 2031 550 tradit,

2150 488 2296 541 τοῦδε
2326 490 2406 553 είς
2432 489 2571 543 τόδε.
2620 489 2682 542 Ἡ
2715 489 2812 560 μὲν
2838 484 2933 541 οὗν
2961 483 3117 557 σὰρξ,
3156 482 3250 537 καὶ
3282 482 3446 551 σῶμα
3471 466 3751 550 λέγεται

452 594 522 634 ue
553 578 717 647 aliqui
752 592 814 631 ex
841 576 943 631 hoc
971 576 1026 630 in
1053 573 1180 628 illud
1212 586 1535 628 conversum
1574 582 1849 643 spargant.
1895 571 2024 627 Om.

453 671 539 725 nis
573 664 749 724 autem
791 682 938 733 caro,
999 667 1163 721 etiam
1208 679 1405 734 corpus
1456 664 1693 729 dicitur;
1745 680 1849 719 non
1897 680 2026 720 vero

451 777 612 817 omne
638 775 853 828 corpus,
881 773 1010 814 caro
1045 759 1375 812 nominatur.
1418 755 1683 822 Quocirca
1724 757 1885 810 etiam
1921 757 2025 811 Do-

449 855 665 908 minus:
723 852 826 918 Qui
870 851 1115 916 comedit,
1166 851 1363 921 inquit,
1402 865 1570 902 meam
1604 865 1817 903 carnem
1845 850 1906 903 ¹¹.
1961 848 2027 902 Ει

448 944 573 1001 alibi
600 963 613 998 :
646 943 872 1013 Palpate
899 961 997 1008 me,
1030 953 1075 997 et
1112 943 1295 1004 videte,
1328 943 1450 1013 quia
1481 942 1695 1009 spiritus
1719 957 1930 994 carnem
1980 951 2027 993 et

448 1054 564 1091 ossa
594 1054 695 1091 non
723 1036 898 1102 habet,
934 1038 1070 1090 sicut
1104 1040 1185 1089 me
1211 1034 1392 1089 videtis
1427 1032 1616 1086 habere
1639 1032 1703 1087 ¹³.

520 1129 808 1185 γωΑδ.
875 1148 892 1180 ι
930 1129 994 1184 Et
1046 1129 1278 1182 vidimus
1326 1125 1551 1194 gloriam
1606 1125 1745 1194 ejus,
1800 1125 2029 1194 gloriam

449 1223 603 1292 quasi
664 1221 940 1293 Unigeniti
994 1236 1022 1274 a
1071 1219 1250 1285 Patre,
1307 1218 1526 1290 plenum
1584 1217 1774 1290 gratiae
1823 1225 1877 1272 et
1941 1231 2030 1271 ve-

410 1376 413 1379 ν
452 1316 652 1369 ritatis.
686 1334 704 1367 ι

521 1406 802 1475 Quomodo
841 1421 959 1461 eam
1008 1404 1283 1459 vidimus?
1329 1403 1432 1458 Per
1480 1403 1689 1458 stellam
1728 1402 2029 1473 Magorum,

449 1512 548 1566 per
580 1497 839 1568 angelos,
893 1511 991 1566 per
1023 1507 1292 1566 pastores,
1356 1510 1451 1564 per
1503 1495 1740 1558 Annam,
1794 1508 1889 1563 per
1941 1491 2034 1558 Sy-

451 1603 727 1655 meonem,
761 1603 856 1658 per
882 1586 1211 1651 Galirielem,
1262 1600 1357 1656 per
1405 1584 1689 1655 Deiparam
1725 1584 2025 1652 Virginem,

452 1696 550 1750 per
579 1695 765 1734 vocem
794 1676 971 1735 Patris
1008 1680 1109 1749 ipsi
1145 1679 1510 1734 testimonium
1544 1675 1898 1746 perhibentis,
1931 1688 2030 1744 per

2134 578 2196 631 οὐ
2227 578 2443 643 πάντως
2470 580 2527 633 δὲ
2574 581 2670 635 καὶ
2709 581 2772 634 τὸ
2798 579 2984 651 σῶμα,
3025 577 3183 649 σάρξ.
3213 575 3304 630 Διὸ
3332 576 3430 629 καὶ
3462 578 3490 629 6
3521 562 3750 647 Κύριος

2136 671 2322 742 ἔλεγεν
2341 690 2354 703 ·
2402 674 2456 726 '0
2492 673 2728 743 τρώγων
2748 690 2871 742 μου
2901 672 3017 740 τὴν
3044 670 3265 738 σάρκα.
3313 668 3423 722 Καὶ
3458 666 3748 740 ἀλλαχοῦῇ

2139 766 2553 835 Ψηλαρήσατέ
2591 784 2687 836 με,
2738 767 2837 820 καί
2890 766 3066 829 ἴδετε,
3116 766 3205 818 ὅτι
3260 762 3497 839 πνεῦμα
3530 762 3733 830 σάρκα

2137 858 2233 911 καὶ
2280 856 2464 912 ὀστέα
2496 860 2609 913 οὐκ
2642 859 2788 928 ἕχει,
2821 858 3016 923 καθὼς
3039 855 3145 926 ἐμὲ
3176 854 3452 924 θεωρεῖτε
3482 844 3747 923 ἔχοντας

2219 1145 2237 1178 ι
2274 1127 2383 1181 Καὶ
2411 1126 2761 1196 ἐθεασάμεθα
2790 1125 2889 1195 τὴν
2927 1124 3084 1189 δόξαν
3108 1119 3296 1185 αὐτοῦ,
3332 1119 3489 1184 δόξαν
3517 1120 3593 1183 ὡς
3615 1120 3737 1173 Μο-

2141 1219 2393 1286 νογενοῦς
2441 1218 2591 1290 παρὰ
2639 1218 2873 1288 Πατρδς,
2917 1215 3133 1284 πλήρης
3182 1213 3405 1285 χάριτος
3447 1212 3542 1264 καὶ
3592 1211 3735 1281 ἁλη-

2141 1310 2308 1373 θείας.
2347 1330 2369 1362 ι

2212 1401 2339 1465 Πῶς
2386 1400 2764 1472 ὲθεασάμεθα;
2815 1397 2914 1451 Διὰ
2945 1396 3038 1450 τοῦ
3074 1397 3304 1464 ἀστέρος
3349 1392 3462 1445 τῶν
3495 1392 3733 1460 Μάγων,

2138 1494 2247 1548 τῶν
2293 1494 2562 1563 ἀγγέλων,
2589 1494 2696 1547 τῶν
2739 1491 3040 1562 ποιμένων,
3078 1488 3178 1553 τῆς
3211 1486 3433 1549 Ἀννας,
3478 1484 3575 1537 τοῦ
3614 1484 3736 1536 οΣυ-

2141 1584 2310 1656 μεὼν,
2356 1585 2454 1639 τοῦ
2500 1585 2761 1657 Γαϐριὴλ,
2791 1583 2888 1637 τοῦ
2918 1583 3078 1636 τόκου
3127 1580 3226 1650 τῆς
3271 1576 3575 1649 Παρθένου,
3635 1576 3739 1645 τῆς

2137 1678 2325 1748 φωνῆς
2367 1677 2462 1732 τοῦ
2506 1677 2723 1748 Πατρὸς
2761 1677 2862 1746 τῆς
2897 1672 3288 1747 μαρτυρούσης
3317 1669 3469 1741 αὑτῷ
3502 1670 3604 1738 τῆς
3648 1666 3734 1720 ἐπ’

454 1771 713 1840 Spiritum
740 1781 990 1827 sanctum
1019 1784 1182 1840 super
1214 1771 1389 1838 ipsum
1420 1768 1864 1833 descendentem,
1896 1763 2026 1819 alia.

2150 1770 2295 1824 ιὺτὺν
2322 1768 2417 1824 τοῦ
2440 1769 2583 1824 ΙΙνεὺ
2594 1787 2762 1840 ματος
2796 1769 3223 1841 ἑπιφοιτήσεως,
3243 1765 3339 1819 καὶ
3364 1763 3476 1817 τῶν
3509 1761 3724 1835 μυρίων

453 1879 560 1935 que
592 1865 880 1919 innumera
918 1864 1069 1932 signa
1100 1871 1153 1915 et
1181 1861 1509 1916 curationes.

525 1955 582 2011 Si
612 1968 729 2012 erat
762 1956 950 2027 plenus
978 1954 1152 2026 gratia
1183 1968 1246 2008 ac
1292 1953 1541 2019 veritate,
1601 1949 1871 2021 quomodo
1918 1957 2035 2003 tan-

458 2048 579 2102 dem
622 2045 915 2117 profecerit
951 2043 1271 2114 plenitudo?
1321 2042 1404 2097 vel
1439 2041 1598 2111 quale
1625 2041 1848 2096 omnino
1878 2054 2031 2095 sum-

456 2141 628 2210 pserit
658 2139 1072 2201 incrementum,
1107 2136 1195 2191 cui
1229 2144 1514 2205 supererat
1556 2133 1732 2188 nihil?
1781 2131 1899 2187 Non
1936 2131 2036 2202 igi-

460 2240 546 2284 tur
582 2227 818 2284 Verbum
853 2227 937 2283 vel
974 2228 1113 2283 Deus
1169 2227 1310 2296 apud
1360 2234 1605 2281 sanctam
1654 2223 1855 2279 Lucam
1909 2222 2037 2294 pro;

459 2321 625 2378 licere
653 2306 995 2392 perhibetur,
1030 2320 1126 2375 sed
1175 2327 1391 2389 propter
1422 2316 1681 2373 miracula
1714 2324 1878 2386 atque
1913 2330 2037 2385 pro-

396 2434 403 2443 σ
459 2414 624 2484 digia,
663 2413 730 2468 iis
764 2414 855 2483 qui
888 2412 1066 2481 ipsum
1096 2412 1415 2474 cernebant,
1470 2410 1522 2463 in
1576 2408 1692 2463 dies
1734 2407 1906 2477 magis
1948 2405 2038 2461 ad-

461 2503 759 2567 mirandus,
797 2504 1079 2574 magisque
1107 2509 1295 2573 gratus
1341 2501 1604 2556 accidisse
1651 2498 2032 2570 signiﬁcatur:

459 2595 778 2666 proﬁciente
824 2596 1079 2651 nimirum
1129 2595 1312 2649 verius
1359 2593 1458 2664 (uti
1507 2593 1685 2663 potius
1748 2592 2035 2649 dicendum

461 2690 564 2759 est)
613 2688 997 2742 admirantium
1052 2684 1343 2741 affectione
1402 2684 1469 2739 ad
1521 2684 1769 2759 habitum
1827 2684 2033 2755 gratiae,

458 2793 623 2849 quam
658 2778 774 2850 ipso
797 2778 909 2849 jam
956 2778 1218 2847 perfecto,
1270 2786 1460 2847 utpote
1508 2774 1641 2843 Deo,
1685 2777 1808 2849 ejus
1857 2776 2037 2832 incre-

460 2878 706 2922 mentum
740 2875 1010 2922 sumente.

530 2957 697 3013 Vens.
729 2958 814 3013 16.
858 2978 877 3011 ι
902 2959 971 3014 Et
993 2960 1057 3014 de
1091 2958 1428 3029 plenitudine
1454 2957 1572 3028 ejus
1601 2972 1699 3013 nos
1726 2972 1916 3014 omnes
1945 2972 2040 3012 ac-

462 3052 730 3120 cepimus,
754 3060 809 3104 et
832 3051 1061 3122 gratiam
1095 3066 1193 3119 pro
1226 3051 1419 3123 gratia.
1451 3070 1470 3102 ι

533 3140 812 3211 Tanquam
863 3143 1015 3197 radix
1062 3142 1339 3208 nimirum,
1384 3151 1440 3198 et
1479 3141 1598 3198 fons
1627 3143 1889 3198 bonorum
1921 3157 2039 3198 om-
2065 3124 2107 3182 (ἶ

463 3234 609 3288 nium
643 3233 875 3299 exsistit,
921 3234 1013 3303 qui
1056 3232 1318 3304 plurimos
1347 3233 1605 3290 bonitatis
1636 3249 1748 3289 sua:
1800 3233 2036 3304 partici-

462 3338 558 3392 pes
589 3321 847 3391 eﬂiciens,
882 3322 1104 3378 minime
1144 3322 1524 3379 imminuitur:
1571 3339 1639 3379 ex
1683 3323 1881 3394 quibus
1921 3322 2042 3392 qui-

462 3416 582 3471 dem
626 3415 739 3485 ipse
787 3415 1034 3486 largitur,
1071 3418 1179 3472 sed
1229 3417 1427 3486 accipit
1468 3423 1739 3480 creatura,
1791 3412 2043 3468 Christus

464 3521 658 3577 nempe
685 3509 845 3563 Deus.

526 3597 703 3671 .Vsns.
735 3598 822 3654 l7.
873 3618 891 3652 σ
918 3600 1051 3668 Quia
1094 3600 1178 3654 lex
1215 3612 1310 3667 per
1335 3596 1552 3668 Moysen
1582 3595 1706 3650 data
1735 3603 1838 3662 est,
1866 3598 2041 3668 gratia

464 3700 519 3745 et
546 3690 747 3745 veritas
774 3706 870 3759 per
899 3691 1081 3748 Jesum
1111 3690 1386 3747 Christdm
1413 3688 1557 3744 facta
1599 3697 1701 3743 est.
1734 3706 1754 3741 ι

533 3783 639 3839 Pro
692 3787 865 3856 gratia
907 3789 1065 3841 nobis
1117 3786 1173 3840 in
1225 3784 1434 3838 Adamo
1479 3793 1804 3854 praeparata,
1855 3800 1883 3839 a
1937 3800 2041 3855 qua

463 3876 783 3945 excidimus,
818 3878 1070 3935 Christus
1105 3893 1202 3948 per
1230 3876 1554 3948 baptismum
1579 3877 1737 3934 nobis
1776 3875 2041 3950 Spiritum

466 3979 717 4024 sanctum
751 3969 983 4024 incolam
1019 3970 1191 4024 dedit.

535 4055 700 4111 Vens.
738 4056 823 4112 18.
871 4075 889 4108 ι
923 4058 1087 4111 Deum
1128 4073 1285 4112 nemo
1311 4057 1447 4113 vidit
1500 4074 1781 4129 unquam:
1850 4061 2041 4132 unige-

464 4145 610 4202 nitus
631 4145 820 4211 Filius,
846 4151 935 4216 qui
965 4149 1125 4204 estin
1159 4149 1279 4204 sinu
1308 4148 1503 4217 Patris,
1552 4151 1665 4220 ipse
1688 4153 1981 4208 enarravit.
2016 4172 2035 4204 ι

535 4302 652 4358 Νοη
703 4302 849 4359 solus
896 4303 1055 4360 Pater
1102 4306 1269 4363 videri
1319 4310 1523 4379 nequit,
1574 4310 1670 4365 sed
1708 4324 1809 4364 nec
1851 4310 2038 4365 Filius.

461 4397 578 4453 Etsi
609 4395 753 4453 enim
787 4398 839 4452 in
873 4415 1039 4456 carne
1068 4404 1399 4473 apparuerit,
1460 4417 1563 4457 non
1616 4413 1798 4460 tamen
1844 4418 2042 4460 secun-

462 4492 589 4546 dum
615 4492 998 4556 substantiam,
1036 4509 1199 4564 quam
1246 4509 1347 4549 nec
1382 4493 1598 4563 ipsimet
1645 4495 1844 4563 angeli,
1891 4505 1951 4551 ut
1982 4497 2037 4552 in

460 4598 522 4638 se
573 4593 680 4651 est,
742 4596 997 4640 cernunt.
1060 4584 1211 4639 Multi
1271 4585 1534 4654 siquidem
1596 4586 1764 4640 Deum
1813 4570 2038 4656 norunt,

462 4686 834 4730 verumtamen
872 4676 992 4746 ejus
1022 4664 1377 4732 substantiam
1425 4691 1584 4732 nemo
1633 4677 1847 4747 penitus
1876 4679 2032 4735 vidit.

461 4765 670 4836 Corpus
692 4768 909 4836 aliquod
939 4770 1314 4824 absconditum
1352 4784 1456 4831 non
1502 4769 1702 4825 dicitur
1736 4770 2044 4842 inaspecta-

464 4859 571 4914 hile
598 4876 613 4927 ;
646 4860 738 4914 sed
771 4860 912 4927 quod
944 4859 1016 4913 ita
1051 4859 1427 4929 incorporeum
1460 4871 1561 4928 est,
1595 4872 1654 4916 ut
1683 4862 1848 4918 etiam
1883 4880 2039 4921 men-

464 4954 534 5007 tis
569 4954 741 5006 aciem
776 4950 1016 5020 cﬂ'ugiat.
1446 4948 1460 4959 “

534 5044 992 5099 Sublimlssimam
1022 5042 1162 5097 hanc
1185 5046 1239 5098 et
1271 5042 1551 5115 plusquam
1597 5046 1887 5104 humanam
1944 5050 2042 5106 do-

463 5132 720 5197 ctrinam,
761 5131 830 5186 ab
879 5130 1204 5186 auctoritate
1237 5146 1481 5202 personae
1546 5134 1649 5191 ﬂde
1711 5137 2043 5206 dignissimas

464 5224 776 5279 conﬁrmat.
819 5222 951 5290 Quis
978 5224 1124 5279 enim
1171 5239 1235 5280 ea
1290 5240 1410 5295 qua:
1440 5226 1533 5282 Dei
1569 5243 1633 5283 ac
1680 5228 1861 5286 Patris
1895 5241 2040 5300 sunt,

462 5315 572 5371 ullo
597 5318 757 5371 modo
781 5317 961 5372 valeat
984 5330 1265 5386 enarrare,
1308 5319 1410 5374 nisi
1464 5321 1556 5389 qui
1605 5336 1669 5376 ex
1728 5324 1842 5393 ipso
1886 5331 2043 5381 natus

410 5453 417 5460 .
460 5416 545 5464 est
575 5406 766 5474 Filius,
804 5418 856 5465 et
887 5409 1121 5480 Spiritus
1148 5421 1387 5477 sanctus,
1438 5413 1527 5481 qui
1561 5414 1724 5468 etiam
1774 5415 2040 5485 profunda

463 5508 520 5554 et
553 5517 753 5557 arcana
792 5502 883 5558 Dei
920 5512 1117 5558 cuncta
1142 5503 1444 5574 cognovit?

534 5586 669 5646 Cum
700 5592 881 5661 itaque
910 5593 1024 5648 hac
1050 5595 1297 5649 testando
1335 5595 1671 5663 protulisset,
1709 5596 1893 5654 Jesum
1948 5600 2027 5656 vi-

478 5704 489 5715 ,
535 5745 583 5780 ¹⁸
604 5744 763 5803 Joan.
790 5762 861 5813 vi,
893 5746 981 5803 55.
1062 5749 1103 5781 υ
1135 5749 1266 5807 Luc.
1301 5764 1451 5814 xx".
1481 5750 1570 5805 39.

2096 1908 2101 1913 .
2137 1862 2474 1933 θεοσημείων
2527 1862 2620 1916 κού⁸
2657 1861 2874 1915 ίάσεων.

2208 1956 2271 2009 Εί
2305 1956 2522 2026 πλήρης
2554 1954 2777 2033 χάριτος
2809 1951 2905 2006 καὶ
2939 1950 3220 2021 ἀληθείας,
3255 1948 3483 2002 ποίποτε
3524 1945 3732 2018 προκόο

2135 2049 2226 2119 ψει
2254 2047 2316 2101 τὸ
2346 2042 2555 2118 πλῆρες
2573 2086 2588 2111 ,
2614 2047 2646 2117 ἢ
2679 2046 2840 2099 ποίαν
2863 2045 3002 2107 ὅλως
3032 2044 3347 2114 ἐπιδείξηται
3376 2040 3725 2113 προσθήκην,

2136 2133 2197 2195 οὗ
2231 2140 2490 2194 ἐπέκεινα
2550 2139 2750 2209 μηδὲν;
2807 2135 3017 2191 Οὐκοῦν
3077 2136 3200 2207 οὐχὶ
3250 2136 3426 2204 Λόγος
3470 2134 3587 2187 ἐστὶ
3634 2133 3729 2187 καὶ

2136 2232 2291 2296 Θεὸς,
2348 2231 2408 2295 ὃς
2461 2231 2797 2301 προκόπτειν
2862 2231 3082 2301 εἴρηται
3139 2227 3294 2296 παρὰ
3339 2227 3419 2297 τῷ
3472 2224 3729 2297 μακαρίῳ

2138 2324 2342 2395 Λουκᾷ,
2381 2322 2497 2376 ἀλλ’
2553 2323 2636 2376 ὅτι
2690 2321 2955 2392 μειζόνως
3000 2320 3088 2374 ἀεὶ
3138 2316 3581 2390 θαυμαζόμενος,
3632 2314 3728 2369 καὶ

2139 2418 2490 2489 χαριέστερος
2518 2415 2672 2484 παρὰ
2702 2417 2820 2479 τοῖς
2869 2410 3038 2485 ὁρῶσι
3070 2410 3158 2466 διὰ
3204 2411 3314 2465 τῶν
3349 2402 3728 2478 ἀποτελεσμά-

2136 2504 2255 2565 των
2301 2509 2664 2572 ἀνεδείκνυτο,
2716 2504 3173 2579 προσκοπτούσης
3229 2505 3327 2569 (ὡς
3363 2502 3483 2556 ἔστι
3526 2501 3722 2571 μᾶλλον

2139 2599 2332 2669 εἰπεῖν)
2372 2598 2738 2669 ἀληθέστερον
2789 2596 2886 2666 τῆς
2934 2594 3047 2648 τῶν
3098 2592 3490 2663 θαυμαζόντων
3536 2590 3721 2656 ἕξεως,

2139 2692 2285 2763 ἥπερ
2316 2689 2484 2745 αὐτοῦ
2506 2688 2602 2742 τοῦ
2634 2688 2838 2742 τελείου
2873 2687 3010 2758 πρὸς
3033 2685 3217 2757 χάριν,
3244 2683 3320 2747 ὡς
3356 2683 3517 2740 Θεοῦ.

2218 2976 2236 3008 ι
2271 2955 2379 3009 Kal.
2401 2956 2466 3007 ὲκ
2486 2952 2578 3007 τοῦ
2611 2948 2978 3023 πληρώματος
3001 2944 3168 3002 αὑτοῦ
3193 2947 3356 3017 ἡμεῖς
3380 2945 3587 3007 πάντες
3607 2941 3719 2998 ἑλά-

2141 3049 2333 3119 6ομεν,
2366 3048 2457 3101 καὶ
2486 3047 2645 3118 χάριν
2679 3045 2800 3099 ἀντὶ
2830 3043 3075 3113 χάριτος.
3122 3058 3142 3093 ι

2221 3139 2308 3204 Ὠς
2344 3140 2469 3211 ῥίζα
2499 3138 2718 3192 πάντων
2754 3135 2864 3190 τῶν
2898 3133 3121 3202 ἀγαθῶν
3164 3132 3262 3187 καὶ
3303 3130 3475 3200 πηγὴ,
3508 3127 3717 3189 πολλοῖς

2148 3231 2463 3303 μεταδιδοὺς
2488 3229 2595 3283 τῶν
2625 3228 2772 3282 ἰδίων
2795 3226 3039 3297 ἀγαθῶν,
3063 3225 3166 3279 οὐκ
3188 3220 3562 3293 ἀπομειοῦται·
3578 3216 3710 3285 πλὴν

2144 3319 2203 3384 ἐξ
2241 3312 2316 3373 ὧν
2353 3320 2381 3371 ὁ
2416 3320 2512 3389 μὲν
2555 3319 2805 3390 χορηγεῖ,
2848 3316 2882 3386 ὴ
2910 3316 2968 3369 δὲ
3005 3313 3187 3379 κτίσις
3215 3312 3439 3383 δέχεται,
3472 3305 3703 3379 δηλονότι

2144 3411 2277 3474 Θεὸς
2306 3412 2334 3464 6
2360 3411 2617 3482 Χριστός.
3517 3402 3527 3419 “

2221 3628 2239 3659 ί
2276 3608 2397 3662 Ὅτι
2431 3610 2459 3661 6
2492 3610 2654 3678 νόμος
2682 3608 2769 3661 διὰ
2797 3608 3075 3671 Μωῦσέως
3123 3604 3301 3676 ὲδόθη,
3348 3606 3382 3676 ἡ
3433 3604 3592 3676 χάρις
3629 3601 3723 3655 καὶ

2146 3700 2179 3769 ἡ
2215 3698 2441 3769 ἀλήθεια
2474 3698 2561 3752 διὰ
2597 3697 2773 3768 Ἰησοῦ
2802 3696 3042 3768 Χριστοῦ
3074 3696 3312 3766 ἐγένετο.
3354 3714 3375 3747 ι

2228 3791 2374 3845 ‘Avrl
2424 3791 2522 3861 τῆς
2564 3788 2836 3859 ἐν”Αδὰμ
2883 3789 3125 3858 χάριτος,
3183 3782 3251 3859 ἦς
3303 3784 3652 3855 ἐξεπέσομεν,
3697 3783 3726 3836 6

2146 3880 2380 3951 Χριστὸς
2416 3880 2506 3934 διὰ
2544 3878 2640 3934 τοῦ
2679 3878 2908 3951 λουτροῦ
2938 3878 3173 3933 δέδωκεν
3221 3879 3357 3949 ἡμῖν
3413 3875 3727 3947 Πνεύματος

2143 3973 2302 4044 ἁγίου
2335 3972 2627 4043 ἐνοίκησιν.

2223 4084 2241 4117 ι
2270 4065 2403 4119 Θεὸν
2439 4048 2612 4129 οὐδεὶς
2659 4064 2874 4137 ἑώρακε
2907 4064 3128 4119 πώποτε
3149 4078 3164 4094 ⁸
3190 4066 3220 4117 6
3252 4064 3558 4135 μονογενὴς
3580 4062 3724 4124 Υἱὸς,

2144 4157 2174 4209 6
2218 4154 2293 4209 ὢν
2334 4156 2413 4219 είς
2459 4154 2550 4209 τὸν
2594 4155 2793 4210 κόλπον
2843 4154 2940 4209 τοῦ
2982 4153 3219 4226 Πατρὸς,
3270 4156 3480 4217 ἐκεῖνος
3532 4152 3726 4222 senm-

2148 4264 2295 4301 σατο.
2334 4266 2353 4299 ι
2828 4244 2833 4251 ’

2217 4341 2292 4393 Οὐ
2344 4340 2505 4410 μόνος
2532 4343 2562 4395 6
2608 4340 2801 4411 Πατὴρ
2833 4340 3084 4411 ἀόρατος,
3118 4338 3257 4393 ἀλλὰ
3289 4339 3383 4393 καὶ
3410 4340 3439 4392 6
3469 4337 3620 4403 Υἱός.
3670 4335 3726 4390 Ei

2145 4430 2255 4502 γὰρ
2275 4431 2369 4485 καὶ
2403 4430 2562 4502 ὤφθη
2596 4433 2654 4485 ὲν
2684 4432 2869 4503 σαρκὶ,
2901 4431 3017 4484 ὰλλῖ
3048 4431 3108 4484 οὗ
3139 4430 3283 4484 κατὰ
3304 4429 3404 4500 τὴν
3427 4430 3645 4496 οὐσίαν,
3666 4427 3729 4498 ην

2145 4523 2267 4576 οὔτε
2299 4523 2522 4591 ἄγγελοι
2573 4523 2875 4594 θεωροῦσιν
2913 4523 2988 4586 ὡς
3021 4522 3157 4578 εστι.
3212 4521 3409 4577 Πολλοὶ
3465 4521 3569 4592 μὲν
3626 4520 3729 4591 γὰρ

2151 4615 2296 4668 ἴσασι
2337 4615 2491 4680 Θεὸν,
2537 4615 2636 4687 τὴν
2676 4615 2734 4668 δὲ
2774 4616 2963 4668 οὐσίαν
2994 4615 3169 4678 οὐδεὶς
3203 4609 3367 4668 εἶδεν.
3399 4615 3475 4668 Οῦ
3505 4613 3569 4666 τὸ
3602 4628 3730 4683 κρυ·

2146 4707 2414 4777 πτόμενον
2458 4706 2620 4777 σῶμα
2681 4706 2842 4760 τοῦτο
2893 4707 3143 4760 καλεῖται
3186 4705 3457 4775 ἀόρατον,
3493 4705 3636 4760 ἀλλὰ
3674 4702 3731 4756 τὺ

2143 4798 2435 4868 ἀσώματον
2466 4798 2527 4851 τὸ
2561 4797 2632 4869 μὴ
2667 4800 2911 4869 πεφυκὸς
2934 4798 3169 4871 ὁρᾶσθαι
3201 4801 3340 4870 μήτε
3367 4797 3468 4869 νῷ.

2211 5065 2311 5120 Διὰ
2337 5065 2431 5119 τοῦ
2459 5062 2772 5131 ἀξιοπίστου
2797 5065 2891 5120 τοῦ
2934 5066 3228 5136 προσώπου
3256 5064 3317 5118 τὺ
3340 5061 3549 5133 ὑψηλὸν
3569 5058 3728 5115 τοῦτο

2141 5157 2317 5228 δόγμα
2356 5159 2449 5211 καὶ
2479 5158 2619 5229 ὑπὲρ
2650 5157 2940 5229 ἄνθρωπον
2971 5158 3272 5227 συνίστησι.
3313 5156 3408 5219 Tit;
3448 5157 3559 5225 γὰρ
3591 5150 3731 5207 οἶδεν

2141 5247 2212 5300 τὰ
2239 5246 2332 5299 τοῦ
2366 5247 2502 5299 Θεοῦ
2552 5249 2647 5301 καὶ
2693 5246 2908 5319 Πατρδς
2945 5248 3143 5311 εἰπεῖν,
3195 5247 3244 5298 εί
3290 5244 3365 5316 μὴ
3405 5247 3435 5298 6
3468 5243 3529 5309 ἐξ
3559 5239 3727 5299 αὐτοῦ

2145 5338 2426 5410 γεννηθεὶς
2457 5338 2607 5405 Υἱὸς,
2653 5340 2751 5395 καὶ
2792 5339 2853 5393 τὸ
2882 5338 3036 5407 ἅγιον
3068 5337 3234 5392 αὐτοῦ
3264 5335 3515 5409 Πνεῦμα,
3545 5336 3609 5391 τδ
3637 5333 3729 5390 καὶ

2142 5430 2208 5484 τὰ
2233 5430 2371 5502 βάθη
2406 5430 2501 5484 τοῦ
2527 5429 2664 5485 Θεοῦ
2690 5429 3054 5500 ἐπιστάμενον
3077 5447 3091 5496 ;

2221 5605 2364 5660 ’Δντὶ
2394 5605 2487 5661 τοῦ
2527 5607 2698 5662 ταῦτα
2738 5606 2966 5677 ἐλάλησε
3017 5602 3338 5678 μαρτυρῶν,
3384 5600 3466 5658 ὅτι
3514 5600 3722 5674 Ἰησοῦς
