4038 6148
261 361 416 439 ’1401

1622 368 1706 430 IN
1745 369 1808 430 s.
1842 369 2218 435 JOANNEM.
3019 333 3024 338 ’
3073 411 3088 440 .

3405 362 3545 430 1402

281 485 402 538 ἐστι
441 480 700 553 Χριστὸς,
730 479 789 536 οὐ
833 478 942 552 μὴν
969 477 1130 542 αὐτὸς
1163 477 1194 530 ὀ
1237 474 1509 546 Ἰωάννης,
1556 474 1634 538 ὡς
1675 472 1862 536 κακῶς

1969 479 2161 534 delicet
2189 493 2310 535 esse
2355 477 2653 541 Christum,
2705 483 2893 530 etnon
2935 473 3110 544 ipsum
3154 470 3436 538 Joannem,
3465 475 3543 529 uti

279 573 644 628 ὑπώπτευσαν
665 589 808 636 τινες
838 571 968 642 περὶ
999 567 1187 631 αὐτοῦ,
1213 566 1373 622 τοῦτο
1427 567 1680 637 ὑπήγαγε
1701 575 1718 594 ⁶
1750 566 1862 620 Kai

281 665 433 733 αὕτη
477 663 652 718 ἐστίν
675 663 715 730 ἠ
753 662 1049 732 μαρτυρία
1091 659 1198 713 τοῦ
1263 657 1563 720 Ἰωάννου,
1607 656 1708 710 ὅτε
1754 657 1866 710 ἀπ-

280 757 564 812 έστειλαν
599 758 652 810 οἱ
697 755 960 809 Ἰουδαῖοι
981 753 1047 818 ἐξ
1086 749 1513 820 Ἱεροσολύμων
1550 747 1729 816 ἱερεῖς
1765 746 1864 800 καί

270 848 551 915 Λευίτας,
592 846 692 898 ἵνα
721 844 1108 912 ἐρωτήσωσιν
1133 841 1350 896 αὐτόν’
1383 842 1468 895 Σὺ
1495 843 1586 908 τίς
1611 838 1700 904 ei;

354 955 373 989 (
414 937 524 989 Καὶ
557 937 606 988 οἱ
637 935 1044 1006 ἀπεσταλμένοι
1072 929 1212 1005 ἦσαν
1240 935 1306 987 ὲκ
1330 933 1439 988 τῶν
1463 935 1805 1006 Φαρισαίων.
1835 955 1857 990 δ

361 1117 450 1178 Ὡς
500 1115 882 1186 ἀκριϐέστεροι
923 1115 1052 1184 περί⁴
1101 1115 1202 1184 τὴν
1242 1113 1448 1183 γνῶσιν
1481 1113 1592 1167 τῶν
1627 1115 1862 1188 Γραφῶν

278 1201 442 1276 ἦλθον
464 1200 628 1269 οὗτοι,
659 1203 752 1268 οὓς
784 1207 813 1258 ὁ
846 1205 1093 1275 Ἰωάννης
1123 1205 1305 1276 ἠρέμα
1335 1205 1562 1276 ἤλεγξεν
1593 1207 1860 1262 ἀπαιδεύ-

277 1315 406 1361 τους
450 1292 590 1350 εἷναι
636 1298 732 1351 καὶ
765 1298 1051 1366 ἀνοήτους,
1095 1297 1170 1361 ὡς
1218 1295 1312 1350 τοῦ
1365 1297 1862 1369 κατημαξευμένου

279 1391 410 1459 παρ’
428 1391 609 1454 αὐτοῖς
631 1391 934 1459 προφήτου,
965 1389 1066 1460 τὴν
1097 1387 1424 1461 περικοπὴν,
1443 1389 1544 1460 τὴν
1575 1392 1707 1462 περὶ
1731 1395 1860 1446 ἑαυ-

279 1478 374 1531 τοῦ
406 1479 727 1548 εἰρημένην,
755 1479 990 1546 ἀγνοεῖν.

354 1589 378 1623 σ
413 1572 525 1625 Καὶ
547 1571 840 1642 ἠρώτησαν
871 1570 1056 1635 αὑτὸν,
1089 1572 1184 1626 καὶ
1231 1567 1387 1627 εἷπον
1432 1573 1614 1645 αὐτῷ’
1661 1575 1728 1628 Τί
1769 1571 1864 1629 οῦν

275 1663 586 1734 βαπτίζεις.
613 1667 662 1716 εἰ
685 1664 749 1718 σὺ
774 1665 874 1718 οὐκ
902 1661 954 1718 εἶ
975 1665 1005 1718 6
1034 1665 1292 1736 Χριστὸς.
1325 1665 1450 1720 οὔτε
1485 1667 1694 1733 Ἠλίας,
1727 1667 1855 1722 οὔτε

279 1758 310 1810 ὁ
339 1762 658 1828 προφήτης
699 1775 718 1810 ι

1963 583 2246 638 perperam
2277 569 2518 624 nonnulli
2547 570 2614 623 de
2641 567 2733 622 illo
2757 565 3194 634 suspicabantur,
3223 563 3539 634 subiunxit:

1963 659 2032 714 Et
2073 663 2170 716 hac
2207 671 2282 715 est
2327 661 2682 716 testimonium
2733 659 2981 720 Joannis,
3029 658 3244 725 quando
3287 658 3543 711 miserunt

1961 753 2144 806 Judaei
2168 753 2232 806 ab
2258 752 2606 822 Jerosolymis
2655 752 2950 806 sacerdotes
2982 761 3029 802 et
3065 748 3280 802 Levites
3305 748 3374 800 ad
3399 763 3538 816 cum,

1961 857 2022 901 ut
2050 849 2432 916 interrogarent
2463 863 2580 900 eum
2608 865 2622 900 :
2669 844 2746 900 Tu
2769 846 2886 915 quis
2916 861 2968 898 es
2989 845 3016 898 ?

2033 939 2198 996 Vitas.
2231 941 2322 995 24.
2369 957 2388 992 ι
2417 941 2483 1000 Ει
2508 939 2599 1010 qui
2647 939 2798 994 missi
2830 937 3064 1000 fuerant,
3103 941 3264 990 erant
3297 949 3360 988 ex
3397 932 3544 987 Pha-

1971 1029 2168 1084 rismis.
2215 1047 2235 1082 ι

2036 1119 2100 1174 Hi
2143 1132 2396 1189 tanquam
2449 1119 2502 1172 in
2551 1116 2848 1186 Scripturis
2899 1113 3264 1184 intelligendis
3318 1123 3546 1166 accura-

1965 1213 2133 1268 tiores
2164 1219 2513 1266 accesserunt
2539 1227 2558 1277 ;
2609 1223 2744 1276 quos
2791 1207 3026 1260 Joannes
3055 1206 3300 1260 modeste
3329 1217 3460 1256 sane
3491 1209 3546 1255 et

1964 1305 2182 1374 ignaros
2210 1317 2266 1358 et
2307 1303 2466 1356 rudes
2497 1314 2617 1354 esse
2643 1297 2838 1364 arguit,
2867 1304 2929 1352 ut
2954 1296 3045 1366 qui
3075 1295 3376 1364 pervolgati
3403 1293 3536 1364 ipsis

1961 1395 2246 1466 Prophetze
2279 1392 2606 1449 decisiouem
2633 1405 2666 1444 a
2701 1403 2759 1444 se
2789 1389 2967 1443 datam
2999 1387 3329 1457 ignorarent.

2029 1574 2192 1630 Vens.
2224 1573 2318 1626 25.
2363 1589 2383 1624 ι
2420 1571 2487 1626 Et
2508 1570 2978 1638 interrogaverunt
3025 1578 3172 1629 eum,
3208 1569 3263 1616 et
3291 1559 3546 1615 dixerunt

1965 1669 2013 1723 ei
2045 1685 2058 1722 :
2095 1665 2232 1732 Quid
2260 1677 2390 1730 ergo
2419 1662 2688 1728 haptizas,
2717 1657 2761 1712 si
2813 1665 2867 1710 tu
2895 1669 3004 1708 non
3033 1669 3092 1708 es
3124 1651 3396 1716 Christus,
3443 1664 3542 1704 ne-

1967 1776 2072 1832 que
2102 1759 2266 1821 Elias,
2304 1769 2478 1822 neque
2504 1747 2815 1820 Propheta?

353 1821 846 1911 Μᾶλλον-τοιαύτας
873 1845 1017 1918 εἶχον
1042 1847 1194 1918 παρὰ
1223 1847 1334 1900 τῶν
1365 1847 1705 1902 διδασκάλων
1728 1851 1860 1902 ἐαυ-

1982 1821 1999 1832 ’
2037 1849 2292 1916 Quinimo
2343 1821 2736 1912 praeceptorum
2795 1851 3020 1892 suorum
3077 1822 3351 1888 relatione
3413 1829 3544 1898 quid

279 1937 390 1991 τῶν
426 1939 771 2008 παραδόσεις,
805 1939 880 2002 ὡς
921 1939 1106 2008 μόνοις
1147 1930 1376 2003 ἐκείνοις
1413 1939 1540 2011 ἐξῆν
1577 1937 1862 2009 βαπτίζειν

279 2027 359 2100 τῷ
387 2029 629 2099 Χριστῷ,
662 2030 694 2100 ἢ
743 2030 919 2102 Ἠλίᾳ,
951 2031 984 2101 ἦ
1014 2029 1092 2101 τῷ
1122 2033 1401 2106 προφήτῃ.

357 2139 376 2172 ι
423 2119 563 2190 Ἐγὼ
598 2121 844 2191 βαπτίζω
869 2125 926 2174 ὲν
953 2121 1122 2177 ὕδατι.
1167 2141 1187 2174 ι
1217 2169 1240 2184 ,

349 2209 522 2273 Αὐτὸς
567 2212 595 2263 ὁ
645 2210 895 2280 Ἰωάννης
943 2211 1256 2277 ἀξιόπιστός
1313 2214 1432 2268 ἐστι
1497 2218 1607 2273 τῶν
1665 2215 1862 2273 ἑαυτοῦ

285 2299 524 2372 μάρτυς·
547 2302 746 2367 ὃπουγε
776 2301 932 2354 οὐδὲν
966 2301 1109 2371 μέγα
1140 2302 1269 2372 περὶ
1305 2303 1506 2358 ἑαυτοῦ
1537 2307 1860 2375 ἐφθέγξατο,

281 2389 420 2444 ἀλλὰ
445 2392 540 2446 καὶ
579 2391 712 2446 πολὺ
753 2391 1033 2456 ταπεινὸν,
1070 2391 1228 2461 ψιλὸν
1259 2392 1404 2467 ὕδωρ
1432 2397 1780 2462 ἀποκαλέσας
1805 2397 1865 2452 τὸ

278 2482 377 2536 τοῦ
405 2483 536 2536 ἰδίου
573 2483 978 2553 βαπτίσματος.

357 2592 376 2626 ‹
417 2575 597 2638 Μέσος
625 2575 682 2628 δὲ
714 2577 868 2644 ὑμῶν
895 2575 1150 2645 ἔστηκεν.
1196 2594 1215 2628 ι

355 2665 502 2728 Ἕως
540 2665 635 2718 τοῦ
687 2667 880 2736 καιροῦ
915 2669 1014 2737 τῆς
1045 2667 1387 2738 οἰκονομίας,
1420 2671 1450 2723 ὁ
1488 2670 1728 2740 Χριστὸς
1758 2685 1866 2724 πα-

283 2753 393 2826 ρὼν
416 2759 472 2808 ὲν
502 2757 652 2828 μέσῳ
686 2759 908 2813 πάντων
945 2763 1210 2832 ἠγνοεῖτο.
1245 2763 1428 2816 Μέσον
1468 2765 1524 2818 δὲ
1578 2766 1866 2836 ἱστάμενον

283 2847 380 2901 καὶ
405 2847 768 2918 ἀγνοούμενον
807 2850 954 2933 λέγει
983 2852 1074 2907 τὸν
1103 2855 1338 2924 Χριστὸν
1361 2856 1450 2910 διὰ
1485 2856 1582 2927 τὴν
1609 2859 1707 2928 τῆς
1735 2873 1867 2925 σαρ-

280 2939 376 3000 κὸς
408 2939 724 3011 περιϐολήν.
771 2943 786 2963 ’

360 3049 379 3083 ι
418 3032 495 3102 Τῇ
529 3033 794 3104 ἐπαύριον
824 3035 1012 3104 βλέπει
1040 3039 1068 3090 ὁ
1105 3039 1360 3108 Ἰωάννης
1397 3039 1488 3092 τὸν
1522 3037 1732 3104 Ἰησοῦν
1771 3039 1864 3110 ἑρ-

281 3121 513 3192 χόμενον
553 3126 689 3194 πρὸς
733 3127 918 3190 αὑτὸν,
959 3131 1053 3182 καὶ
1090 3130 1260 3198 λέγει·
1300 3131 1407 3182 Ἴδε
1455 3133 1482 3184 ὁ
1521 3131 1726 3201 Ἀμνὸς
1772 3129 1864 3184 τοῦ

279 3212 415 3266 Θεοῦ
447 3213 476 3265 ὁ
504 3215 674 3284 αἴρων
702 3215 800 3286 τὴν
827 3217 1105 3286 ἁμαρτίαν
1144 3219 1236 3272 τοῦ
1271 3219 1502 3289 κόσμου.
1552 3237 1571 3270 ›

363 3305 560 3375 Ἀμνός
598 3309 763 3373 ἐστιν,
805 3307 882 3370 ὡς
919 3309 1196 3378 διδόμενος
1236 3310 1376 3379 ὑπὲρ
1411 3309 1661 3378 ἀφέσεως
1687 3310 1864 3382 ἁμαρ-

277 3395 416 3450 τιῶν
450 3396 1072 3468 τῶνκάναγεννωμένων
1120 3399 1206 3453 διὰ
1256 3399 1486 3470 λουτροῦ
1535 3401 1864 3468 παλιγγενε-

281 3485 429 3579 σίας.
449 3489 642 3557 Αῖρων
673 3489 730 3541 δὲ
758 3489 950 3556 εἰπὼν,
983 3489 1259 3545 δείκνυσιν
1289 3492 1370 3544 ὅτι
1396 3490 1486 3544 ἀεὶ
1513 3491 1682 3562 αἴρει.

361 3683 381 3720 ι
416 3660 583 3730 Οὗτός
617 3669 730 3720 ἐστι
760 3668 888 3740 περὶ
918 3661 979 3720 οὗ
1023 3666 1136 3735 ἐγὼ
1161 3661 1336 3731 εἷπον,
1379 3667 1587 3720 Ὀπίσω
1627 3684 1730 3738 μου
1769 3667 1862 3736 ἔρ-

279 3773 436 3828 χεται
468 3756 604 3828 ἀνὴρ
630 3757 687 3821 ὃς
743 3757 1054 3828 ἔμπροσθέν
1097 3773 1200 3826 μου
1233 3755 1457 3823 γέγονεν
1481 3771 1496 3786 ⁸
1529 3757 1612 3808 ὅτι
1649 3755 1865 3825 πρῶτός

283 3859 388 3916 μου
411 3840 500 3914 ἦν,
541 3865 560 3897 ι

359 3937 710 4007 Ἐμπροσοεν
751 3936 973 4004 γέγονεν
1009 3939 1037 3990 ὁ
1080 3936 1316 4007 Χριστὸς
1346 3935 1438 3989 τοῦ
1480 3935 1755 3998 Ἰωάννου,
1788 3936 1866 3997 ὡς

279 4027 424 4082 λύων
466 4031 562 4099 τὴν
615 4029 891 4100 ἁμαρτίαν
939 4029 1030 4082 τοῦ
1083 4029 1316 4098 κόσμου,
1348 4028 1445 4082 καὶ
1497 4029 1553 4080 ὲν
1585 4027 1865 4098 Πνεύματι

281 4119 427 4190 ἁγίῳ
469 4121 764 4190 βαπτίζων,
797 4121 872 4185 ὡς
905 4120 1065 4190 ψιλοῦ
1104 4121 1256 4183 ὄντος
1310 4119 1502 4182 ὓδατος
1539 4119 1634 4172 τοῦ
1669 4118 1864 4188 βαπτί-

283 4225 494 4282 σματος
541 4214 811 4267 Ἰωάννου.
851 4213 1013 4284 Ἀνὴρ
1051 4213 1106 4265 δὲ
1139 4213 1409 4276 καλεῖται,
1455 4211 1529 4276 ὡς
1568 4213 1632 4266 ὲκ
1677 4228 1866 4280 γυναι-

281 4303 378 4364 κὸς
412 4302 626 4372 τεχθεὶς
655 4303 720 4356 τδ
745 4303 886 4356 κατὰ
915 4303 1114 4373 σάρκα,
1151 4302 1184 4372 ἦ
1216 4303 1298 4355 ὅτι
1327 4302 1532 4363 τέλειος
1570 4299 1638 4374 ἦν
1668 4305 1724 4354 ὲν
1750 4301 1868 4372 ἠλι-

283 4395 380 4464 κίᾳ
409 4398 835 4466 τριακονταετής
879 4411 982 4447 που
1025 4394 1320 4463 ὑπάρχων·
1358 4395 1391 4465 ἢ
1443 4396 1526 4448 ὅτι
1555 4395 1764 4456 τέλειος
1798 4391 1866 4466 ἦν

1965 1942 2225 2012 ejusmodi
2256 1945 2598 2004 acceperant,
2640 1931 2795 2002 quasi
2833 1929 2930 1984 soli
2983 1928 3224 1992 Christo,
3260 1924 3345 1980 vel
3385 1923 3540 1986 Elia},

1963 2035 2049 2090 vel
2087 2034 2381 2103 prophetze,
2420 2030 2501 2082 fas
2528 2035 2674 2080 esset
2703 2023 3006 2090 baptizare.

2037 2125 2202 2180 Vens.
2233 2120 2324 2175 '26.
2373 2139 2393 2172 ι
2431 2119 2544 2187 Ege
2577 2115 2786 2185 baptiao
2819 2115 2870 2166 in
2921 2124 3082 2180 aqua.
3123 2125 3144 2161 ι

2029 2216 2264 2272 Joannes
2321 2212 2505 2278 utique
2549 2209 2652 2260 lide
2701 2207 2896 2273 dignus
2942 2203 3201 2270 suiipsius
3251 2195 3406 2252 testis
3437 2201 3543 2258 est,

1965 2309 2220 2378 quoniam
2248 2302 2380 2357 nihil
2406 2299 2689 2370 magniﬁce
2731 2299 2798 2350 de
2836 2311 2894 2351 se
2921 2297 3134 2350 locutus
3163 2300 3268 2354 est,
3301 2287 3393 2342 sed
3420 2284 3546 2340 sub-

1967 2401 2132 2454 misse
2179 2395 2382 2462 omnia,
2435 2400 2495 2448 ut
2539 2391 2631 2460 qui
2660 2403 2719 2444 se
2768 2387 2882 2444 sola
2931 2400 3069 2454 aqua
3095 2381 3374 2452 baptizare
3403 2389 3533 2447 pro-

1968 2489 2244 2544 ﬁtebatur.

2045 2599 2062 2633 ι
2097 2580 2303 2635 Medius
2338 2584 2517 2632 autem
2548 2582 2786 2630 vestrum
2817 2568 2984 2623 stetit.
3017 2585 3036 2618 ι

2035 2673 2218 2743 Usque
2251 2671 2316 2726 ad
2349 2679 2560 2737 tempus
2589 2667 2776 2735 gratiae
2807 2663 3080 2722 Christus,
3127 2669 3248 2709 cum
3281 2653 3336 2705 in
3366 2649 3546 2705 medio

1967 2765 2218 2822 omnibus
2289 2762 2524 2824 adesset,
2593 2766 2774 2812 tamen
2859 2749 3224 2822 ignorabatur.
3310 2743 3545 2797 Medium

1969 2866 2172 2920 autem,
2223 2854 2336 2908 sive
2385 2853 2438 2905 in
2493 2850 2668 2904 medio
2725 2845 3078 2900 constitutum
3111 2849 3272 2908 atque
3301 2836 3544 2905 ignotum

1969 2949 2119 3014 dicit,
2171 2953 2389 3016 propter
2422 2944 2604 2997 carnis
2637 2941 3033 2993 indumentum.

2035 3037 2210 3092 νεεδ.
2237 3035 2328 3089 29.
2374 3051 2394 3086 ι
2422 3032 2605 3086 Altera
2653 3029 2742 3084 die
2779 3026 2912 3080 vidit
2953 3023 3195 3078 Joannes
3240 3017 3424 3073 Jesnm
3456 3026 3548 3067 ve-

1973 3129 2210 3183 nientem
2256 3126 2322 3178 ad
2350 3140 2430 3186 se,
2477 3131 2533 3176 et
2581 3121 2700 3174 ait:
2759 3116 2901 3170 Ecce
2929 3113 3117 3181 Agnus
3152 3108 3266 3172 Dei,
3299 3120 3426 3161 ecce
3451 3101 3546 3172 qui

1969 3219 2107 3274 tollit
2139 3223 2415 3284 peccatum
2446 3209 2652 3264 mundi.
2688 3226 2709 3260 ι

2031 3308 2213 3376 Agnus
2241 3311 2344 3368 est,
2380 3301 2432 3355 iu
2465 3308 2726 3369 quantum
2762 3295 2920 3350 datus
2942 3305 3044 3361 pro
3080 3287 3394 3342 dimissione
3419 3297 3545 3353 pec-

1963 3408 2206 3454 catorum
2237 3406 2426 3448 eorum
2460 3391 2550 3458 qui
2584 3387 2760 3442 renati
2794 3393 2922 3438 stmt
2949 3397 3042 3451 per
3077 3381 3354 3432 lavacrum
3385 3387 3542 3443 rege-

1965 3487 2284 3544 nerationis.
2343 3483 2480 3538 Cum
2511 3489 2691 3534 autem
2730 3477 2889 3544 dixit,
2944 3474 3048 3540 Qui
3081 3471 3243 3534 tollit,
3286 3467 3542 3538 quoniam

1964 3594 2178 3647 semper
2209 3576 2358 3630 tollat
2383 3579 2741 3628 demonstrat.

2033 3668 2202 3723 Vens.
2231 3667 2322 3720 50.
2367 3683 2386 3716 ι
2420 3663 2520 3718 ilic
2545 3673 2624 3716 est
2653 3663 2718 3716 (ie
2745 3675 2851 3730 quo
2895 3657 3006 3714 dixi
3035 3673 3048 3710 :
3098 3656 3229 3710 Post
3264 3667 3348 3708 me
3387 3649 3534 3705 venit

1965 3761 2049 3814 vir
2075 3760 2165 3828 qui
2223 3765 2352 3811 ante
2379 3769 2465 3808 me
2496 3753 2669 3807 iactus
2713 3761 2840 3806 est:
2879 3749 3004 3820 quia
3046 3749 3196 3816 prior
3235 3761 3321 3800 me
3347 3751 3486 3798 erat.
3519 3758 3540 3793 ι

2036 3939 2173 3989 Ante
2201 3929 2464 3986 Joannem
2492 3925 2670 3979 fartus
2712 3930 2795 3978 est
2825 3921 3100 3981 Christus,
3161 3927 3344 3985 utpote
3401 3915 3545 3984 quod

1966 4025 2138 4082 solvat
2169 4029 2452 4092 peccatum
2483 4013 2691 4078 mundi,
2725 4019 2778 4066 dt
2825 4013 2876 4064 iu
2911 4010 3118 4078 Spiritu
3149 4017 3338 4060 sancto
3367 4006 3542 4072 bapti-

1967 4128 2074 4182 zet,
2106 4132 2227 4171 cum
2252 4113 2496 4167 Joannes
2521 4117 2728 4162 tantum
2764 4105 2816 4157 in
2852 4101 2990 4155 nuda
3035 4115 3174 4168 aqua
3219 4099 3540 4166 baptizaret.

1969 4212 2064 4264 Vir
2094 4218 2272 4261 autem
2306 4208 2669 4268 nuncupatur,
2711 4197 2763 4250 in
2797 4203 3059 4264 quantum
3089 4206 3158 4244 ex
3189 4191 3414 4244 muliere
3449 4203 3544 4240 na-

1971 4313 2053 4355 tus
2083 4311 2164 4355 est
2192 4296 2490 4352 secundum
2522 4303 2777 4352 carnem;
2827 4284 2908 4338 vel
2936 4285 3058 4352 quia
3087 4293 3247 4336 aetate
3277 4282 3546 4351 perfectus

1969 4404 2105 4460 erat,
2138 4391 2251 4460 jam
2293 4390 2566 4444 exsistens
2615 4381 2978 4440 tricenarius;
3014 4379 3092 4430 vel
3123 4379 3244 4445 quia
3299 4377 3350 4428 in
3397 4373 3542 4428 omni

281 4487 343 4540 ὲν
375 4487 526 4557 πάσῃ
573 4487 740 4556 ἀρετῇ
775 4488 1052 4556 πρακτικῇ
1081 4503 1140 4538 τε
1171 4486 1266 4538 καὶ
1301 4483 1612 4556 θεωρητικῇ
1635 4503 1648 4516 ·
1700 4486 1732 4557 ἢ
1784 4487 1865 4540 ὅτι

1969 4487 2166 4540 virtute
2199 4494 2306 4536 tam
2343 4479 2580 4552 practica
2626 4493 2784 4546 quant
2823 4473 3156 4544 speculativa
3190 4479 3538 4524 consumtna-
3569 4513 3576 4538 ι

283 4579 470 4648 πάσης
497 4579 593 4645 τῆς
627 4577 855 4646 λογικῆς
888 4577 1124 4646 φύσεως,
1158 4577 1186 4628 ὅ
1217 4577 1332 4629 ἐστι
1373 4577 1472 4646 τῆς
1519 4577 1864 4648 Ἐκκλησίας,

283 4672 522 4742 νυμφίος
556 4671 728 4737 ἐστὶν,
759 4671 832 4734 ὡς
863 4673 962 4742 τῆς
1004 4669 1327 4738 Ἐκκλησίας
1353 4671 1609 4740 γυναικὸς
1639 4673 1868 4743 ἐχούσης

285 4767 602 4834 πρόσωπον,
634 4766 662 4817 ὁ
684 4765 916 4836 Χριστὸς
947 4764 1086 4836 ἀνὴρ
1119 4765 1382 4828 καλεῖται,
1411 4765 1486 4827 ὡς
1515 4766 1868 4834 νυμφευόμε-

283 4871 378 4918 νος
411 4857 510 4918 τὰς
544 4855 652 4908 τῶν
691 4857 898 4908 πιστῶν
945 4857 1144 4926 ψυχάς.
1197 4857 1520 4926 Οἰκονομίας
1572 4856 1630 4908 δὲ
1683 4857 1869 4926 τρόπῳ

286 4947 508 5016 εἴρηται
530 4946 720 4998 τοῦτο’
754 4946 1057 5016 ἀχώριστον
1088 4949 1196 5018 γάρ
1229 4948 1344 4999 ἐστι
1379 4947 1473 5000 τοῦ
1497 4947 1650 5004 Υξοῦ.
1679 4948 1753 5009 ὡς
1777 4948 1869 4999 καὶ

286 5035 384 5089 τοῦ
414 5037 646 5106 Πατρός.
683 5039 964 5108 Αίσϐητῶς
983 5039 1090 5109 γάρ
1124 5057 1176 5091 τι
1215 5042 1324 5090 τῶν
1349 5040 1448 5108 τῆς
1481 5039 1712 5110 Τριάδος
1744 5039 1871 5092 ἰδεῖν

285 5125 574 5182 ἀδύνατον.
613 5129 948 5184 ’Λνύποπτον
983 5129 1216 5182 ἐνταῦθα
1239 5129 1336 5200 τὴν
1372 5130 1676 5200 μαρτυρίαν
1700 5129 1867 5201 ἐργά-

291 5218 468 5282 ζεται,
497 5220 710 5284 δεικνὺς
749 5221 916 5292 αὐτὴν
941 5221 1045 5295 οὐκ,
1079 5221 1426 5291 ἀνθρωπίνης
1459 5221 1628 5274 οὖσαν
1660 5221 1866 5290 φιλίας,

289 5311 408 5365 ἀλλ’
447 5311 506 5377 ἐξ
537 5314 932 5384 ἀποκαλύψεως
979 5315 1130 5377 θείας
1171 5317 1572 5386 γεγενημένην,
1643 5315 1730 5370 ἵνα
1765 5334 1868 5386 φα-

287 5405 504 5477 νερωθῇ
542 5407 620 5477 τῷ
663 5407 902 5478 Ἰσραὴλ,
947 5407 1036 5460 διὰ
1080 5407 1240 5460 τοῦτο
1279 5403 1442 5478 ἦλθον
1492 5407 1769 5477 βαπτίζων
1811 5409 1868 5460 ὲν

293 5493 470 5547 ὕδατι.
509 5495 584 5548 Οὐ
608 5497 788 5549 τοίνυν
815 5495 976 5558 αὐτὸς
1003 5495 1374 5568 βαπτίσματος
1409 5497 1596 5560 ἐδεῖτο,
1629 5497 1751 5550 οὐδὲ
1777 5497 1870 5548 άλ-

291 5585 392 5655 λην
425 5585 546 5637 τινὰ
593 5586 772 5638 αἰτίαν
797 5583 942 5657 εἶχεν
973 5589 1148 5640 ἐκεῖνο
1181 5589 1242 5640 τὸ
1290 5589 1533 5658 λουτρὸν,
1567 5587 1599 5660 ἢ
1645 5586 1867 5658 προοδο-

295 5677 522 5744 ποιῆσαι
551 5674 648 5743 τὴν
673 5675 766 5726 τοῦ
790 5677 1024 5745 Χριστοῦ
1057 5679 1240 5730 πίστιν
1283 5681 1394 5740 τοῖς
1429 5678 1606 5742 ἄλλοις
1640 5679 1862 5734 ἅπασιν.

299 5763 373 5816 Οὐ
427 5763 533 5837 γὰρ
583 5759 758 5831 εἶπεν,
789 5765 904 5818 Ἵνα
956 5766 1180 5836 καοάρω
1227 5767 1352 5828 τοὺς
1405 5767 1862 5836 βαπτιζομένους,

1971 4588 2094 4643 tus;
2131 4577 2210 4629 vel
2237 4575 2468 4642 denique
2493 4572 2634 4641 quod
2666 4573 2932 4624 univcrte
2980 4576 3188 4620 natur-.e
3234 4558 3541 4620 rationalis,

1972 4671 2022 4724 id
2051 4679 2132 4724 est
2164 4668 2437 4730 Ecclesiae,
2469 4680 2702 4732 sponsus
2728 4663 2820 4726 sit,
2859 4661 3098 4715 Ecclesia
3132 4657 3384 4732 nimirum
3421 4667 3542 4704 mu-

1971 4762 2121 4816 lieris
2157 4774 2440 4828 personata
2473 4755 2762 4818 referente,
2799 4753 2953 4820 cuius
3001 4753 3115 4820 ipse
3167 4729 3418 4802 Chris‘tus
3447 4741 3544 4797 Vir

1969 4853 2288 4922 appelletur,
2322 4859 2381 4901 ut
2425 4848 2515 4916 qui
2571 4847 2806 4898 lidelium
2868 4845 3081 4896 animas
3115 4840 3214 4894 sibi
3249 4841 3546 4904 desponsae

1973 4947 2188 4999 haheat.
2233 4940 2652 5010 Dispensatiouis
2681 4949 2858 4992 autem
2912 4937 3121 4990 ratione
3175 4933 3276 4985 hoc
3323 4930 3542 4982 dicitur.

1972 5038 2101 5092 Tam
2126 5039 2268 5089 enim
2296 5035 2550 5102 quidquid
2575 5031 2796 5094 Filium,
2820 5045 2980 5100 quam
3005 5029 3146 5096 quod
3171 5026 3384 5078 Patrem
3415 5033 3548 5074 con-

1971 5129 2162 5194 cernit,
2203 5126 2707 5192 iucompreheusutn
2738 5132 2842 5176 est.
2889 5119 3034 5174 Nihil
3081 5131 3314 5184 namque
3347 5112 3544 5166 Trini-

1973 5217 2099 5271 tatis
2132 5216 2331 5286 percipi
2355 5229 2519 5268 sensu
2575 5221 2772 5281 potest.
2808 5211 2986 5280 Atque
3011 5209 3134 5262 hinc
3171 5202 3540 5260 testimonium

1969 5325 2126 5362 suum
2177 5309 2326 5363 omni
2371 5307 2588 5376 penitus
2624 5303 2934 5372 suspicione
2988 5301 3198 5363 liberat,
3249 5298 3374 5350 dum
3413 5293 3544 5348 illud

1971 5417 2078 5456 non
2110 5401 2356 5454 humanae
2381 5397 2635 5452 amicitia:
2659 5411 2818 5451 causa
2848 5396 3056 5455 datum,
3107 5390 3198 5444 sed
3243 5387 3424 5442 divina
3459 5398 3546 5440 re-

1969 5493 2237 5546 velatione
2285 5501 2563 5558 acceptum
2619 5489 2893 5552 ostendit,
2949 5494 3008 5540 ιιι
3058 5491 3242 5538 notum
3289 5479 3360 5534 sit
3415 5477 3543 5532 ﬁliis

1969 5580 2135 5636 Israel
2167 5580 2340 5649 ipsum
2377 5579 2580 5633 idcirco
2612 5578 2822 5632 venisse
2847 5589 2984 5645 aqua
3020 5571 3372 5641 baptizatum.
3422 5563 3540 5620 Non

1970 5673 2153 5734 itaque
2206 5670 2306 5739 ipsi
2357 5669 2686 5739 baptismate
2713 5683 2846 5736 opus
2877 5676 3018 5731 erat,
3065 5677 3240 5732 neque
3268 5661 3373 5714 alia
3403 5657 3542 5712 lava-

1969 5767 2044 5822 cri
2077 5765 2218 5822 illius
2240 5781 2400 5821 causa
2419 5765 2740 5826 exsistebat,
2775 5775 2935 5832 qutun
2969 5768 3023 5814 ut
3051 5757 3262 5815 caeteris
3287 5752 3540 5812 omnibus
