4038 6148
536 356 673 422 1403

1658 340 1996 402 ΑΜΜΟΝΙΙ
2036 335 2565 400 ALEXANDBINI

3655 331 3802 400 1604

530 474 599 530 ad
632 466 830 528 Christi
874 463 1031 518 (idem
1070 460 1206 513 viam
1252 458 1542 511 sterneret:
1590 451 1707 507 Non
1739 454 1882 511 enim
1936 448 2095 517 dixit,
2125 457 2154 512 Α

2263 448 2331 512 δ’,
2351 449 2473 504 Ἵνα
2501 444 2801 511 ἀπαλλάξω
2823 443 3263 518 ἁμαρτημάτων,
3286 442 3429 511 ἀλλ’,
3454 443 3591 503 Ἵνα
3611 464 3800 516 spars-

536 563 607 621 Ut
633 559 883 617 mandem
913 550 1235 620 baptizatos,
1267 546 1372 610 vel,
1400 544 1469 600 Ut
1507 544 1735 599 liberem
1764 559 1793 597 a
1838 544 2097 614 peccatis,

535 654 649 718 sed,
680 651 749 705 Ut
778 644 1142 714 manifestatur
1175 641 1229 693 in
1258 638 1446 692 Israel.

605 741 757 809 Quod
802 745 980 791 autem
1011 748 1039 787 a
1073 731 1242 801 prima
1293 738 1451 783 aetate
1498 727 1550 781 in
1597 727 1814 781 deserto
1857 733 2103 778 versatus

536 834 629 898 sit,
671 832 773 885 hoc
817 826 935 896 ejus
984 820 1354 878 testimonium
1399 819 1467 874 ab
1506 818 1650 873 omni
1686 816 1994 885 suspicione
2030 814 2101 869 li-

516 896 746 982 lberum,
778 925 833 973 et
859 930 928 972 ex
957 913 1286 969 revelatione
1316 910 1565 964 haustum
1591 908 1853 965 ostendit.

602 1010 771 1068 Vens.
798 1007 887 1062 54.
924 1025 942 1058 ι
967 1005 1033 1059 Ει
1057 1017 1155 1075 ego
1178 1002 1321 1055 vidi:
1356 1009 1410 1055 et
1437 999 1805 1055 testimonium
1834 996 2106 1069 perhibui,

539 1103 665 1173 quia
695 1101 784 1156 hic
807 1107 891 1154 est
917 1096 1087 1151 Filius
1123 1094 1240 1149 Dei.
1271 1112 1292 1143 ι

608 1192 846 1249 Joannes
872 1189 1137 1257 siquidem
1164 1184 1463 1254 baptizavit
1510 1193 1571 1238 ut
1616 1181 1893 1240 Christum
1921 1180 2115 1253 prazdi-

543 1294 716 1346 caret,
748 1297 811 1336 ac
834 1279 1030 1349 populo
1061 1289 1245 1333 notum
1281 1278 1503 1330 laceret.

614 1375 781 1430 Vens.
817 1372 909 1427 55.
953 1368 1168 1424 «Altera
1201 1368 1287 1422 die
1324 1368 1520 1421 iterum
1556 1367 1734 1421 stabat
1772 1365 2032 1431 Joannes,
2063 1372 2119 1418 et

545 1482 610 1522 ex
641 1462 917 1532 discipulis
942 1461 1060 1531 ejus
1091 1462 1252 1519 duo.»

621 1555 807 1609 Tertia
843 1555 957 1607 haec
1007 1550 1277 1620 reperitur
1322 1549 1461 1611 dies,
1489 1564 1553 1603 ex
1607 1563 1710 1617 qua
1736 1547 1990 1601 Phariszei
2053 1546 2119 1599 ad

2197 534 2364 605 ρωθῇ
2396 534 2477 601 τῷ
2520 530 2779 603 Ἰσραήλ.

2291 732 2376 795 Ὠς
2413 732 2476 784 ἐκ
2501 707 2726 803 πρώτης
2758 731 2977 802 ἡλικίας
2997 733 3056 786 ἐν
3080 732 3202 795 ταῖς
3232 731 3462 801 ἐρήμοις
3487 731 3720 799 διάγων,
3740 734 3800 786 τδ

2211 823 2522 878 ἀνύποπτον
2551 822 2650 892 τῆς
2698 822 3003 894 μαρτυρίας
3045 823 3398 893 συνέστησεν,
3449 823 3528 886 ὡς
3564 824 3639 876 δι’
3668 828 3802 881 ἀπο-

2214 916 2499 986 καλύψεως
2534 914 2721 985 μαθὼν
2752 916 2936 969 αὐτόν.
3154 906 3173 913 ’

2291 1026 2310 1059 ι
2343 1007 2515 1075 Κάγὼ
2540 1007 2781 1078 ἑώρακα,
2805 1008 2901 1061 καὶ
2927 1007 3332 1080 μεμαρτύρηκα
3359 1008 3443 1061 ὅτι
3462 999 3622 1071 οὗτός
3655 1010 3802 1061 ἐστιν

2215 1101 2245 1153 6
2278 1099 2405 1162 Υίδς
2429 1096 2523 1151 τοῦ
2552 1097 2711 1152 Θεοῦ.
2741 1116 2761 1149 ι

2290 1189 2516 1242 Ἕνεκεν
2553 1187 2649 1241 τοῦ
2671 1186 2906 1259 κηρύξαι
2938 1188 3031 1243 τὸν
3070 1190 3328 1260 Χριστὸν,
3359 1190 3454 1243 καὶ
3485 1190 3802 1260 κατάδηλον

2221 1279 2446 1349 ποιῆσαι
2466 1278 2543 1350 τῷ
2570 1278 2705 1349 λαῷ,
2739 1278 3036 1333 ἐϐάπτισεν
3065 1281 3094 1332 6
3135 1280 3415 1352 Ἰωάννης.

2298 1388 2316 1421 ι
2357 1370 2437 1438 Τῇ
2472 1370 2739 1441 ἐπαύριον
2771 1370 2933 1424 πάλιν
2963 1372 3211 1443 εἱστήκει
3236 1375 3265 1425 6
3305 1373 3589 1444 Ἰωάννης,
3618 1374 3718 1426 καὶ
3745 1376 3805 1426 ὲκ

2224 1463 2330 1516 τῶν
2359 1462 2619 1533 μαθητῶν
2646 1460 2814 1515 αὐτοῦ
2844 1461 2958 1515 δύο.
3000 1480 3019 1514 ι

2296 1553 2466 1623 Τρίτη
2491 1551 2629 1622 αῦτη
2653 1550 2968 1619 εὑρίσκεται
2997 1550 3204 1621 ἡμέρα,
3234 1553 3326 1620 ἀφ’
3355 1546 3417 1606 οῦ
3448 1554 3808 1622 ποιήσαντοδ,

548 1645 811 1702 Joannem
844 1650 1210 1707 accesserant,
1275 1640 1674 1709 interrogantes
1708 1654 1829 1692 cum
1871 1640 2119 1707 quisnam

2260 1647 2275 1697 l.
2308 1645 2593 1715 Φαρισαῖοι
2617 1642 2716 1713 τὴν
2750 1642 2887 1712 πρὸς
2910 1642 3001 1696 τὸν
3037 1642 3293 1713 Ἰωάννην
3324 1644 3647 1714 συντυχίαν,
3682 1639 3800 1715 ἑνῇ

550 1745 718 1794 esset.
734 1781 742 1789 .

2229 1736 2585 1791 ἐπυνθάνοντο
2618 1734 2782 1787 αὑτοῦ
2812 1734 2898 1797 τίς
2931 1735 3102 1788 ἐστιν.

627 1827 792 1883 Vens.
819 1826 910 1881 36.
978 1843 998 1877 ι
1038 1824 1106 1879 Ει
1159 1825 1460 1894 respiciens
1511 1821 1695 1879 Jcsum
1730 1823 2124 1889 ambulantem,

2303 1849 2321 1883 ι
2364 1832 2475 1884 Καὶ
2513 1828 2787 1900 ἐμϐλέψας
2823 1827 2903 1899 τῷ
2946 1827 3123 1899 Ἰησοῦ
3158 1825 3596 1898 περιπατοῦντι,
3636 1826 3806 1894 λέγει’

554 1919 721 1975 dicit:
754 1917 895 1973 Ecce
916 1919 1103 1985 Agnus
1134 1914 1283 1971 Dei.»

627 2011 855 2079 Propter
884 2008 1148 2065 desidiam
1181 2007 1489 2063 auditorum
1548 2005 1735 2062 iisdem
1792 2008 1976 2062 verbis
2004 2024 2133 2064 usus

2235 1921 2340 1974 Ἴδε
2372 1923 2401 1973 ὁ
2431 1919 2602 1989 ἀμνὸς
2627 1919 2720 1972 τοῦ
2756 1919 2914 1975 Θεοῦ.
2958 1937 2978 1971 ι

2303 2012 2403 2065 Διὰ
2429 2011 2490 2064 τὸ
2518 2011 2760 2082 ῥᾴθυμον
2786 2009 2896 2063 τῶν
2927 2008 3215 2080 ἀκροατῶν
3242 2009 3357 2072 τοῖς
3387 2008 3575 2070 αὐτοῖς
3603 2006 3805 2078 κέχρηο

558 2112 665 2159 est.
721 2102 909 2156 Virtus
937 2112 1132 2167 nempe
1154 2108 1241 2153 est
1262 2098 1523 2163 doctoris,
1558 2099 1603 2154 si
1637 2099 1909 2153 interdum
1944 2099 2133 2153 eadem

2260 2120 2325 2156 rat.
2368 2102 2568 2171 λόγοις.
2616 2101 2814 2171 Ἀρετὴ
2841 2100 3166 2154 διδασκάλου
3188 2139 3213 2165 ,
3234 2101 3348 2162 τοῖς
3392 2099 3582 2161 αὐτοῖς
3614 2097 3815 2168 κεχρῆο

560 2200 793 2263 repetat,
845 2204 953 2261 quo
1018 2188 1213 2244 animis
1271 2188 1602 2244 audientium
1678 2189 1890 2244 ﬁrmius
1948 2189 2138 2257 impri-

562 2298 685 2340 man
694 2290 801 2337 tur.

631 2372 797 2430 Vens.
831 2372 922 2428 38.
947 2390 967 2425 ι
987 2370 1296 2428 Conversus
1321 2382 1503 2426 autem
1531 2370 1712 2436 Jesus,
1742 2381 1799 2426 et
1836 2372 2027 2427 videns
2047 2386 2141 2427 eos

565 2476 857 2536 sequentes
880 2481 964 2531 se,
991 2464 1121 2519 dicit
1150 2466 1266 2519 eis:
1310 2462 1455 2529 Quid
1488 2464 1732 2533 quaeritis
1764 2464 1788 2519 ?
1842 2464 1946 2531 Qui
1991 2465 2139 2519 dixe-

570 2563 697 2610 runt
727 2555 779 2610 ei
826 2574 840 2610 :
879 2554 1051 2609 Rahbi
1088 2554 1253 2626 (quod
1285 2552 1484 2609 dicitur
1511 2553 1942 2624 interpretatum,
1978 2554 2145 2625 Magi-

573 2645 708 2716 ster)
722 2687 736 2711 ,
768 2646 858 2700 ubi
890 2646 1141 2701 habitas?
1166 2665 1184 2696 ι

640 2739 777 2794 Cum
814 2738 875 2803 ii,
918 2739 1007 2807 qui
1064 2747 1365 2808 sequuntur
1426 2738 1729 2801 Christum,
1779 2751 1886 2790 non
1939 2735 2149 2803 possint

2238 2194 2395 2259 σθαι,
2427 2192 2564 2262 πρὸς
2592 2193 2657 2246 τὸ
2686 2192 3008 2263 ἐμπαγῆναι
3049 2193 3178 2254 τοὺς
3207 2191 3404 2259 λόγους
3450 2191 3510 2242 ἐν
3547 2193 3671 2254 ταῖς
3711 2189 3815 2242 τῶν

2238 2285 2308 2338 άκ
2317 2284 2522 2357 ροατῶν
2551 2283 2774 2354 ψυχαῖς.
3436 2295 3443 2302 '

2316 2394 2336 2427 ι
2381 2376 2650 2444 Στραφεὶς
2678 2375 2735 2427 δὲ
2764 2376 2792 2427 6
2829 2373 3036 2444 Ἰησοῦς
3056 2412 3071 2437 ,
3106 2373 3201 2426 καὶ
3230 2372 3574 2441 θεασάμενος
3624 2370 3815 2431 αὐτοὺς

2228 2446 2691 2529 άκολουθοῦντας,
2717 2466 2865 2534 λέγει
2892 2466 3097 2529 αὐτοῖς·
3120 2465 3187 2519 Τί
3209 2463 3425 2534 ζητεῖτε
3446 2479 3461 2524 ;
3495 2465 3559 2516 Οἱ
3587 2462 3645 2515 δὲ
3666 2456 3818 2514 εἷπον

2243 2558 2413 2629 αὐτῷ·
2450 2556 2641 2612 Ῥα66ὶ
2672 2557 2721 2628 (ὃ
2752 2556 2968 2626 λέγεται
2994 2555 3454 2626 ἑρμηνευόμενον,
3478 2552 3815 2619 Διδάσκαλε),

2246 2648 2350 2704 ποῦ
2380 2648 2563 2719 μένεις
2580 2666 2596 2715 ;
2634 2665 2653 2699 ι

2329 2741 2546 2812 Ἐπειδὴ
2567 2742 2615 2793 οἱ
2645 2739 3067 2803 ἀκολουθοῦντες
3100 2738 3323 2811 Χριστῷ
3351 2739 3413 2791 οῦ
3443 2738 3699 2791 δύνανται
3724 2737 3819 2788 αὐ-

572 2830 746 2900 ipsum
783 2831 1028 2897 assequi,
1056 2844 1119 2882 ex
1157 2830 1484 2900 indulgentia
1526 2827 1760 2899 quadam
1809 2826 2150 2881 convertitur

2260 2833 2339 2887 τὸν
2360 2833 2584 2903 φθάσαι,
2609 2830 3097 2901 συγκατασατικῶς
3118 2831 3413 2902 στρέφεται
3444 2833 3582 2902 πρὸς
3608 2830 3820 2893 αὐτοὺς,

574 2922 641 2975 ad
668 2935 781 2983 eos,
816 2919 1008 2974 faciem
1033 2935 1184 2974 suam
1218 2921 1326 2976 illis
1380 2922 1662 2983 exhibens,
1722 2926 1781 2972 ut
1822 2928 2152 2988 cognoscant

2260 2925 2464 2987 5εικνὺς
2492 2924 2675 2986 αὐτοῖς
2706 2924 2768 2977 τὸ
2798 2922 2993 2976 ἑαυτοῦ
3025 2921 3350 2993 πρόσωπον,
3373 2921 3465 2974 ῐνα
3495 2920 3715 2989 γνῶσιν,
3739 2920 3819 2971 ὅτι

577 3012 750 3081 ipsum
800 3025 920 3065 esse
950 3011 1042 3080 qui
1076 3011 1245 3081 legem
1297 3012 1538 3083 impleat,
1591 3013 1889 3080 doceatque
1921 3025 2043 3080 quae
2095 3011 2148 3065 in

2260 3016 2414 3079 αὐτός
2440 3015 2589 3068 ἐστιν
2613 3015 2642 3067 6
2672 3014 2777 3084 πλη
2788 3012 2896 3085 ρῶν
2919 3013 3011 3068 τὸν
3037 3014 3224 3084 νόμον,
3257 3012 3352 3066 καὶ
3381 3012 3650 3065 διδάσκων
3680 3011 3746 3062 τὰ
3769 3011 3827 3062 ἐν

583 3100 669 3155 illa
692 3102 1055 3157 continentur.

2255 3108 2422 3180 αὐτῷ.

650 3192 772 3249 Non
806 3202 986 3248 autem
1013 3208 1079 3249 eo
1110 3196 1252 3263 quod
1305 3196 1537 3267 ignoret,
1592 3197 1914 3265 interrogat,
1970 3194 2068 3249 sed
2095 3203 2154 3248 ut

2327 3168 2438 3251 οξεκ
2470 3198 2681 3267 ἀγνοῶν
2711 3197 2769 3250 δὲ
2808 3196 3010 3268 ἐρωτᾷ,
3047 3196 3165 3249 ἀλλ’
3196 3194 3588 3265 ἐκκαλούμενος
3621 3192 3831 3255 αὐτοὺς

584 3285 704 3341 illos
737 3284 838 3340 sibi
870 3284 1167 3340 familiares
1195 3288 1404 3341 reddat.

652 3377 812 3433 Vens.
854 3376 945 3432 46.
998 3376 1097 3431 «Et
1135 3376 1271 3431 dixit
1316 3378 1365 3432 ei
1424 3377 1763 3435 Natbanael:
1800 3380 1845 3433 A
1886 3379 2157 3435 Nazareth

581 3477 760 3539 potest
782 3468 986 3537 aliquid
1009 3467 1137 3523 boni
1180 3467 1346 3522 esse?
1392 3466 1531 3522 Dicit
1573 3468 1624 3523 ei
1661 3468 1971 3538 Philippus:
2028 3470 2157 3525 Veni

583 3567 639 3612 et
668 3559 838 3613 vide.»

657 3648 829 3715 Quem
882 3649 1035 3714 mihi,
1093 3650 1287 3719 inquit,
1324 3650 1637 3719 annuntias,
1674 3651 1764 3721 qui
1818 3653 1986 3721 possit
2043 3668 2163 3707 esse

584 3740 836 3796 Christus
868 3754 931 3794 ex
950 3739 1240 3813 Nazaretlt,
1267 3757 1388 3797 cum
1424 3740 1698 3811 Scriptura
1736 3740 1883 3795 illum
1907 3758 1968 3795 ex
2001 3741 2162 3796 Beth-

586 3831 722 3886 leem
763 3832 1103 3901 proditurum
1140 3834 1320 3889 dicat?
1365 3832 1753 3889 Verumtamen
1801 3835 1852 3886 in
1886 3832 2163 3887 Bethleem

588 3922 804 3993 quidem
841 3923 930 3979 ille
960 3934 1117 3979 natus
1145 3924 1263 3990 fuit,
1295 3927 1386 3981 sed
1415 3931 1472 3981 et
1504 3924 1767 3980 Nazarcth
1797 3925 1913 3991 ejus
1948 3940 2165 3993 quoque

590 4012 763 4082 patria
811 4023 1082 4076 censetur,
1113 4015 1235 4083 quia
1267 4016 1521 4069 nimirum
1561 4016 1632 4069 ibi
1658 4015 1835 4070 fuerat
1878 4015 2163 4081 educatus,

588 4110 644 4157 et
669 4104 736 4156 ad
773 4102 1066 4173 perlectam
1094 4121 1266 4175 usque
1294 4117 1508 4161 aetatem
1542 4116 1929 4162 commoratus.

656 4193 822 4248 Vens.
852 4195 939 4248 47.
986 4214 1005 4247 ι
1040 4196 1186 4251 Vidit
1216 4196 1374 4254 Jesus
1407 4198 1713 4253 Nathanael
1757 4200 2063 4252 venientem
2098 4199 2165 4252 ad

592 4296 672 4348 se,
700 4292 756 4338 et
779 4283 917 4339 dixit
949 4288 1013 4342 de
1042 4302 1106 4342 eo
1151 4307 1163 4342 :
1215 4289 1356 4345 Ecce
1389 4305 1513 4346 vere
1563 4290 1825 4354 Israelita,
1859 4290 1913 4344 in
1938 4304 2043 4358 quo
2072 4290 2165 4345 do-

594 4372 680 4426 lus
703 4388 809 4427 non
826 4385 959 4429 est»

664 4462 849 4533 Magna
878 4466 1120 4535 profecto
1149 4469 1289 4533 laus,
1326 4486 1628 4541 magnaque
1681 4473 1846 4543 gloria
1903 4481 2012 4539 est,
2090 4473 2159 4527 ab

598 4552 823 4622 ipsamet
852 4556 1107 4622 Veritate,
1149 4574 1267 4628 qua:
1300 4560 1550 4615 Christus
1580 4575 1681 4627 est,
1708 4564 1826 4631 puri
1858 4564 2039 4618 cordis
2078 4570 2163 4617 te-

2256 3291 2335 3351 εἱς
2358 3288 2596 3357 ὁμιλίαν.

2334 3398 2355 3432 ι
2381 3379 2492 3431 Καὶ
2510 3375 2662 3432 εἶπεν
2690 3377 2839 3448 αὑτῷ
2859 3377 3170 3448 Ναθαναήλ’
3211 3378 3305 3430 Ἐκ
3320 3374 3567 3445 Ναζαρὲτ
3596 3372 3833 3426 δύναταί

2257 3488 2310 3524 τι
2348 3468 2553 3539 ἀγαθὸν
2579 3466 2752 3535 εἶναι,
2782 3468 2947 3538 Λέγει
2988 3468 3138 3539 αὐτῷ
3165 3468 3426 3529 Φίλιππος
3446 3482 3460 3495 ·
3496 3466 3702 3535 Ἔρχου
3738 3464 3836 3516 xui.

2261 3562 2358 3617 ἴδε.
2395 3578 2414 3613 ι
2636 3556 2648 3575 ³

2337 3653 2434 3706 Ὃν
2469 3652 2847 3727 εὐαγὶγελίζεις
2879 3671 3009 3723 μοι,
3051 3653 3249 3723 φησὶν,
3286 3651 3402 3713 πῶς
3431 3648 3657 3703 δυνατὸν
3696 3644 3834 3699 εἶναι

2261 3742 2352 3797 τὸν
2390 3743 2627 3814 Χριστὸν
2657 3744 2721 3797 ἐκ
2751 3743 3025 3815 Ναζαρὲτ,
3056 3742 3118 3796 ὃν
3146 3740 3300 3796 εἶπεν
3329 3744 3362 3810 ἡ
3395 3739 3590 3811 Γραφὴ
3629 3741 3694 3791 ἐκ
3732 3739 3836 3808 Βη-

2265 3834 2432 3905 θλεὲμ
2453 3834 2727 3906 ἔρχεσθαι;
2745 3836 2884 3888 Ἀλλ’
2912 3838 3117 3899 ἐκεῖνος
3141 3835 3237 3904 μὲν
3261 3836 3318 3886 ἐν
3346 3833 3599 3904 Βηθλεέμ
3616 3829 3830 3899 ἐτέχθη,

2264 3927 2362 3997 τὴν
2406 3927 2462 3980 δὲ
2495 3927 2748 3997 Ναζαρὲτ
2782 3926 3123 3998 ἐπεγράφετο
3162 3925 3430 3995 πατρίδα,
3458 3925 3535 3987 ὡς
3566 3926 3682 3978 ἐκεῖ
3704 3939 3833 3993 τρα-

2266 4019 2409 4089 φεὶς,
2441 4018 2537 4071 καὶ
2569 4018 2773 4087 διάγων
2808 4021 2970 4089 μέχρι
2999 4018 3214 4081 τελείας
3247 4016 3490 4087 ἡλικίας.

2341 4219 2361 4251 ι
2407 4194 2564 4252 Εἷδεν
2604 4198 2634 4250 6
2684 4195 2893 4267 Ἰησοῦς
2924 4196 3014 4249 τὸν
3039 4192 3337 4263 Ναθαναὴλ
3378 4192 3676 4262 ἐρχόμενον
3707 4186 3835 4255 πρὸς

2264 4286 2448 4351 αὐτὸν,
2481 4284 2577 4338 καὶ
2615 4283 2764 4352 λέγει
2793 4285 2925 4354 περὶ
2954 4281 3140 4336 αὐτοῦ’
3177 4280 3285 4334 Ἴδε
3313 4279 3534 4350 άληθῶς
3576 4275 3834 4348 Ἰσραηλί-

2265 4395 2383 4448 τηε,
2408 4378 2465 4428 ἐν
2486 4370 2529 4444 ᾧ
2554 4375 2704 4438 δόλος
2724 4376 2825 4428 οὐκ
2851 4374 2987 4427 ἐστι.
3023 4393 3042 4425 ι

2339 4465 2562 4537 Μεγάλη
2596 4466 2721 4532 δόξα
2749 4465 2844 4517 καὶ
2875 4463 3155 4535 καύχημα,
3182 4462 3244 4515 τὸ
3268 4459 3327 4526 ἐξ
3360 4460 3532 4530 αὐτῆς
3553 4460 3651 4530 τῆς
3690 4457 3838 4526 Ἀλη-

2278 4558 2463 4621 θείας,
2509 4558 2539 4610 ὄ
2579 4557 2697 4611 ἐστι
2733 4556 3005 4626 Χριστὸς,
3042 4552 3353 4625 μαρτυρίαν
3394 4551 3543 4620 ἔχειν
3605 4548 3839 4618 καθαρᾶς

596 4646 913 4702 stimonium
941 4652 1223 4719 accipere,
1275 4653 1419 4722 quod
1473 4654 1727 4709 nimirum
1776 4655 1946 4711 Deum
1998 4666 2154 4712 mente

2277 4648 2526 4721 καρδίας,
2557 4648 2681 4718 ἥτις
2711 4648 2816 4718 ὁρᾷ
2851 4646 2982 4699 Θεὸν
3008 4645 3085 4715 τῷ
3108 4644 3211 4715 νῷ,
3246 4644 3339 4697 καὶ
3366 4642 3687 4712 ποδηγεῖται
3715 4639 3841 4708 πρὸς

498 4794 507 4819 ί
599 4740 1016 4809 contempletur,
1047 4742 1314 4813 [idemque
1342 4746 1635 4829 salutarem
1666 4756 2030 4816 consectetur,
2056 4749 2174 4803 sine

600 4828 725 4884 dolo
747 4831 811 4885 ad
832 4830 1107 4888 Christum
1132 4850 1449 4903 accurrens,
1491 4828 1595 4893 non
1644 4839 2021 4906 rituludaico,
2071 4840 2177 4895 vel-

602 4927 663 4972 ut
730 4919 988 4988 Herodes,
1035 4925 1261 4982 insidias
1325 4943 1621 4999 necemque
1697 4929 1915 4985 Christo
1972 4930 2177 4985 machi-

605 5011 802 5067 nando.

686 5102 849 5158 Vens.
905 5104 993 5159 £9.
1030 5124 1049 5156 ‹
1094 5104 1396 5175 Respondit
1455 5111 1503 5165 ei
1564 5109 1890 5175 Nathanael,
1949 5122 2003 5167 et
2055 5110 2170 5165 ait:

610 5192 804 5259 Rabbi,
834 5203 890 5248 tu
919 5209 978 5249 es
1002 5195 1169 5252 Filius
1203 5197 1316 5264 Dei,
1348 5211 1404 5253 tu
1427 5215 1487 5255 es
1522 5201 1635 5257 Rex
1672 5201 1891 5257 Israel.»

665 5285 836 5340 Totus
865 5298 1143 5354 promptus
1177 5299 1293 5344 erat
1326 5288 1647 5359 Natltanacl,
1678 5296 1814 5349 adeo
1836 5292 1995 5347 utvel
2017 5292 2175 5347 unico

609 5376 873 5429 duntaxat
908 5378 1133 5433 verbulo
1180 5395 1491 5450 persuasus,
1539 5384 1712 5453 ipsum
1746 5383 2018 5453 extemplo
2044 5398 2172 5436 cnu-

609 5463 855 5520 literetur
878 5480 998 5523 esse
1028 5469 1321 5539 Christum,
1353 5474 1444 5542 qui
1491 5490 1615 5529 vere
1646 5485 1837 5529 natura
1881 5475 1951 5530 sit
2007 5472 2171 5529 Filius

616 5553 734 5620 Dei,
760 5569 823 5610 ac
856 5555 1092 5611 ﬁdelium
1129 5559 1263 5616 Rex.
1313 5562 1518 5633 Quippe
1558 5576 1817 5634 tanquam
1864 5564 2038 5620 adhuc
2068 5566 2166 5619 int-

683 5713 711 5753 ῒι
743 5714 835 5767 Cr.
867 5716 1213 5779 ἐποιήσαντο.

2274 4740 2373 4812 τὴν
2401 4740 2666 4811 σωτήριον
2690 4737 2895 4802 πίστιν,
2914 4738 3116 4800 ἀδόλως
3140 4734 3493 4806 προστρέχων
3516 4734 3595 4803 τῷ
3611 4731 3840 4802 Χριστῷ,

2275 4835 2395 4904 οὐχὶ
2440 4830 2763 4894 Ἰουδαϊκῶς,
2796 4830 2829 4901 ἢ
2858 4830 2933 4893 ὡς
2971 4828 3236 4899 Ἡρώδης,
3273 4830 3320 4881 οἱ
3351 4825 3725 4896 δεδολωμένοι,
3756 4820 3845 4875 καὶ

2277 4925 2548 4994 φονῶντες
2572 4922 2713 4977 κατὰ
2740 4921 2834 4975 τοῦ
2858 4920 3114 4992 Χριστοῦ.

2353 5122 2371 5155 ι
2424 5100 2719 5172 Ἀπεκρίθη
2760 5096 3074 5170 Ναθαναὴλ,
3110 5098 3208 5151 καὶ
3237 5097 3383 5164 λέγει
3408 5094 3593 5165 αὐτῷ·
3638 5090 3845 5154 Ῥαὸὃὶ,

2282 5192 2345 5245 σὺ
2370 5185 2463 5243 εἷὸ
2487 5189 2615 5252 Υἱὸς
2640 5185 2737 5241 τοῦ
2757 5184 2918 5253 Θεοῦ,
2943 5187 3007 5238 σὺ
3031 5180 3081 5237 εἷ
3101 5186 3129 5238 6
3150 5182 3402 5254 βασιλεὺς
3425 5179 3522 5234 τοῦ
3563 5176 3801 5247 Ἰσραήλ.
3827 5193 3845 5225 ι

2356 5282 2516 5344 Ὃλος
2547 5282 2762 5351 ἕτοιμος
2802 5274 2871 5349 ἦν
2901 5280 2931 5331 6
2959 5275 3254 5347 Ναθαναὴλ
3274 5318 3289 5343 ,
3331 5274 3412 5327 διὸ
3446 5274 3512 5326 ἐκ
3549 5271 3714 5341 μόνου
3761 5266 3850 5320 τοῦ

2279 5375 2436 5446 ψιλοῦ
2474 5374 2664 5428 τούτου
2716 5373 2963 5444 ῥήματος
3000 5370 3265 5431 πεισθεὶς,
3297 5365 3655 5438 ὡμολόγησεν
3695 5359 3852 5414 αὑτὸν

2280 5464 2420 5521 εἶναι
2449 5466 2541 5520 τὸν
2566 5463 2824 5536 Χριστὸν,
2850 5463 2909 5527 ὃς
2940 5463 3087 5514 ἐστιν
3120 5459 3249 5523 Υἱὸς
3279 5458 3373 5512 τοῦ
3401 5457 3537 5511 Θεοῦ
3570 5455 3730 5525 φύσει
3763 5449 3854 5504 καὶ

2275 5559 2527 5632 ἀληθείᾳ,
2554 5559 2647 5613 καὶ
2674 5556 2925 5629 βασιλεὺς
2948 5554 3055 5610 τῶν
3078 5552 3244 5617 ὅντως
3269 5549 3498 5605 πιστῶν.
3540 5548 3627 5610 Ὠς
3652 5547 3731 5599 ἔτι
3751 5541 3855 5613 γάρ
