4038 6148
271 370 415 442 14ὒ5

1632 378 1715 438 1N
1756 378 1816 438 S.
1857 376 2237 438 JOANNEM.

3416 378 3557 457 tios

272 485 472 557 ἀτελὴς
508 483 609 540 οὐκ
655 479 810 539 εἶπεν
836 484 1001 540 αὐτὸν
1034 485 1259 549 βασιλέα
1302 486 1405 556 τῆς
1435 488 1693 553 κτίσεως,
1727 486 1868 542 ἀλλὰ
1896 541 1900 549 ,

2009 489 2276 555 erfectus,
2310 504 2415 545 non
2475 490 2611 547 dixit
2644 492 2820 563 ipsum
2868 490 3033 549 totius
3073 506 3255 549 rerum
3296 494 3559 550 universi-

276 577 441 650 μόνον
470 577 575 650 τοᾷ
609 577 842 650 Ἰσραὴλ,
869 580 1010 634 κατὰ
1034 579 1095 631 τὸ
1124 579 1443 650 είρημένοψ
1473 579 1586 634 Καὶ
1610 580 1864 650 ἐγενήθη

270 670 447 739 μερὶς
464 670 683 737 Κυρίου
709 669 859 735 λαὸς
891 668 1080 724 αὐτοῦ
1122 671 1335 726 Ἰακὼϐ
1357 672 1690 741 σχοίνισμα
1716 673 1868 737 κλη-

270 760 571 828 ρονομίας
600 760 787 815 αὐτοῦ
826 760 1087 829 Ἰσραήλ.

363 850 583 920 Ἐπειδὴ
627 852 791 920 μόνου
817 851 912 904 τοῦ
958 851 1176 923 Ἰσραὴλ
1201 853 1490 925 ὠνόμασεν
1518 856 1547 908 6
1576 854 1871 929 Ναθαναὴλ

164 954 175 961 ’
278 940 373 995 τὸν
403 941 639 1009 Χριστὸν
681 940 929 1012 βασιλέα,
960 943 1205 996 παιδεύει
1233 946 1395 999 αὐτὸν
1421 946 1509 1000 διὰ
1538 947 1752 1014 τούτου,
1788 948 1873 1001 ὅτι

283 1034 388 1086 οὐκ
421 1028 489 1104 ἦν
516 1032 669 1103 ψιλὸς
704 1034 993 1103 ἄνθρωπος
1021 1036 1050 1089 6
1078 1036 1335 1107 Χριστὸς,
1381 1037 1506 1090 ἐπεί
1547 1055 1664 1102 πως
1708 1038 1873 1092 αὐτὸν

289 1126 654 1197 ὑπηρετοῦσιν
682 1125 931 1195 ἄγγελοι.

359 1219 607 1272 Δείκνυσι
640 1219 728 1272 διὰ
754 1218 970 1285 τούτου,
1004 1221 1089 1274 ὅτι
1124 1220 1185 1274 οὐ
1234 1220 1474 1293 δοκήσει.
1506 1222 1621 1275 ἀλλ’
1645 1221 1875 1294 ἀληθείᾳ

288 1309 518 1379 γέγονεν
552 1310 860 1380 ἄνθρωπος,
900 1312 965 1364 ὲκ
995 1312 1217 1381 Μαρίας
1255 1312 1583 1383 σαρκωθεὶς,
1621 1314 1681 1377 ὃς
1714 1314 1877 1384 μόνος

290 1399 675 1470 ἀναμάρτητος
705 1398 802 1464 ὣν,
840 1399 1042 1464 ἔσωζεν
1110 1400 1170 1453 ὲν
1204 1400 1385 1471 ἐαυτῷ
1417 1401 1478 1454 τὸ
1520 1402 1644 1454 κατ’
1669 1402 1877 1465 εἰκόνα,

290 1492 431 1560 ὅπερ
457 1491 673 1563 πρῶτος
702 1491 798 1545 ἄνθ
809 1508 988 1562 ρωπος
1015 1486 1185 1562 εἶχεν,
1216 1492 1246 1544 6
1271 1494 1394 1546 κατ’
1423 1492 1610 1548 εἰκόνα
1634 1492 1729 1547 καὶ
1753 1489 1879 1547 καθ’

289 1581 552 1652 ὁμοίωσιν
581 1581 718 1635 Θεοῦ
753 1580 1014 1649 γεγονώς.

892 1783 1141 1841 ΚΕΦΑΛ.
1200 1786 1278 1841 B'.

374 1919 398 1956 α
439 1895 623 1955 Ἦσαν
648 1899 707 1954 δὲ
743 1899 862 1953 ἐκεῖ
894 1897 1072 1970 ὑδρίαι
1104 1896 1306 1952 λίθιναι
1335 1896 1395 1964 ἓξ
1445 1897 1696 1968 κείμεναι
1736 1896 1884 1952 κατὰ

291 1992 389 2047 τὸν
417 1990 762 2064 καθαρισμὸν
800 1989 912 2057 τῶν
961 1989 1268 2055 Ἰουδαίων,
1307 1987 1586 2061 χωροῦσαι
1630 1990 1738 2044 ἀνὰ
1781 2005 1883 2062 με-

293 2083 502 2156 τρητὰς
524 2084 617 2138 δύο
642 2083 675 2154 ἢ
700 2085 869 2156 τρεῖς.
900 2100 921 2135 s

376 2176 439 2230 '0
476 2175 750 2246 μετρητὴς
776 2174 924 2226 ποιεῖ
958 2171 1157 2238 ξέστας
1187 2173 1385 2227 ἑκατὸν
1415 2173 1758 2244 πεντήκοντα
1782 2172 1882 2244 (3).

1975 580 2106 636 tatis
2157 580 2479 651 principem,
2521 584 2615 639 sed
2681 585 2850 639 solius
2888 584 3127 651 lsraelis,
3177 586 3331 655 juxta
3390 585 3555 640 illud:

1971 670 2107 725 Pars
2141 680 2315 726 autem
2343 671 2560 728 Domini
2614 675 2840 744 populus
2865 678 2980 743 eius
3021 674 3188 728 Jacob
3223 688 3242 728 :
3288 676 3557 735 funiculus

1972 761 2298 816 Itazreditatis
2324 763 2439 831 ejus
2465 762 2639 817 Israel
2664 765 2730 817 ".

2044 852 2337 922 Postquam
2397 853 2695 909 Nathanael
2745 854 3025 912 Christum
3086 855 3255 911 solius
3339 855 3556 911 lsraelis

1974 941 2177 1013 Regem
2221 944 2615 1014 appellaverat,
2649 947 2889 1002 ostendit
2944 948 3165 1016 insuper
3217 948 3393 1016 ipsum
3450 962 3558 1000 non

1974 1048 2097 1089 esse
2128 1050 2319 1105 purum
2353 1036 2651 1103 hominem,
2689 1053 2813 1093 cum
2860 1039 2912 1094 ei
2960 1038 3123 1093 etiam
3154 1038 3334 1107 angeli
3403 1037 3565 1091 mini—

1976 1132 2173 1178 strcnt.

2048 1214 2164 1270 Hoc
2185 1216 2372 1286 utique
2398 1214 2591 1285 probat
2646 1215 2923 1272 Christum
2950 1231 3057 1272 non
3087 1226 3311 1272 externa
3357 1225 3563 1272 tantum

1979 1307 2179 1376 specie,
2209 1310 2304 1362 sed
2337 1322 2548 1373 revera,
2587 1323 2651 1362 ex
2704 1308 2869 1363 Maria
2902 1324 3066 1365 carne
3118 1318 3419 1379 assumpta,
3459 1311 3562 1363 lto-

1983 1398 2182 1452 minem
2214 1399 2510 1453 exstitisse.
2576 1398 2677 1465 Qui
2721 1414 2843 1454 cum
2890 1409 3037 1456 esset
3083 1416 3278 1471 expers
3330 1400 3560 1469 peccati,

1981 1489 2113 1544 illud
2144 1490 2285 1560 quod
2316 1489 2524 1560 primus
2557 1491 2743 1556 homo,
2772 1489 2838 1545 ad
2866 1491 3155 1562 imaginem
3180 1491 3382 1560 Deique
3413 1490 3566 1545 simi-

1982 1582 2270 1637 litudinem
2324 1581 2661 1650 elIormatus,
2737 1591 3048 1654 acceperat,
3110 1584 3164 1638 in
3224 1592 3398 1639 semet
3455 1583 3571 1652 ipse

1985 1671 2247 1728 servavit.

2654 1785 2809 1842 CAP.
2845 1785 2911 1842 11.

2077 1899 2238 1956 Vens.
2269 1899 2323 1955 6.
2357 1917 2377 1953 ι
2412 1900 2587 1956 Erant
2619 1909 2802 1956 autem
2830 1900 2903 1956 ibi
2941 1898 3165 1971 lapidea:
3213 1898 3418 1970 hydria:
3473 1912 3570 1953 sex

1984 1994 2177 2063 positae
2222 1997 2521 2047 secundum
2577 1994 3016 2063 purificationem
3081 1993 3414 2055 Judmorum,
3473 2004 3568 2044 ca—

1987 2087 2203 2157 pientes
2237 2085 2465 2156 singulze
2497 2095 2758 2143 metretas
2786 2089 2944 2144 binas
2974 2086 3055 2141 vel
3098 2094 3299 2140 ternas.
3336 2102 3357 2136 ι

2064 2171 2326 2228 Metretes
2390 2176 2613 2230 metitur
2671 2187 2894 2233 centum
2930 2174 3322 2247 quinquaginta
3378 2170 3579 2225 sestia-

295 2266 396 2321 Διὰ
424 2266 480 2320 δὲ
503 2264 599 2319 τοῦ
632 2265 707 2338 μὴ
733 2266 910 2319 εἰπεῖν
938 2281 1113 2329 τινας,
1141 2265 1225 2318 ὅτι
1249 2264 1554 2335 μεθυόντων
1578 2263 1887 2335 ἀνθρώπων

2007 2264 2128 2320 rios.
2161 2263 2239 2321 Ne
2268 2265 2695 2335 quidamdicant,
2727 2270 2897 2323 ebriis
2931 2268 3265 2329 hominibus,
3283 2279 3501 2321 sensum
3525 2272 3581 2319 et

294 2356 330 2410 6
369 2357 627 2425 σύλλογος
655 2353 747 2427 ἦν,
796 2356 891 2410 καὶ
924 2357 958 2427 ἡ
1006 2356 1261 2427 αἴσθησις
1298 2356 1478 2409 αὐτῶν
1506 2356 1878 2427 διεφθαρμένη

2007 2369 2209 2425 gustum
2237 2367 2556 2428 corruptum
2588 2373 2697 2413 non
2728 2374 2888 2427 posse
2912 2359 3228 2413 discernere
3262 2364 3441 2410 utrum
3484 2368 3582 2423 po-

296 2449 393 2504 καὶ
421 2450 519 2519 ούχ
549 2448 708 2519 ἱκανὴ
736 2449 1012 2519 διακρῖναι
1041 2447 1275 2517 πότερον
1315 2446 1459 2518 ὕδωρ
1496 2446 1528 2517 ἢ
1565 2442 1707 2510 οἶνος
1735 2442 1881 2501 εἶναι

2007 2465 2076 2503 ns
2107 2464 2247 2518 aqua
2290 2460 2437 2505 esset
2476 2451 2559 2505 vel
2583 2449 2791 2516 vinum,
2828 2449 3031 2503 idcirco
3083 2446 3235 2516 jubet
3267 2459 3464 2512 aquam
3495 2443 3580 2497 vi-

296 2540 363 2593 τδ
390 2540 574 2607 ποτὸν,
597 2539 688 2594 διὰ
715 2539 876 2593 τοῦτο
898 2539 1113 2593 κελεύει
1140 2538 1221 2607 τῷ
1248 2536 1638 2609 ἀρχιτρικλίνῳ
1663 2536 1884 2607 δοθῆναι

2007 2554 2120 2591 ium
2169 2538 2364 2593 factam
2393 2539 2511 2594 dari
2573 2538 2757 2594 sobrio
2815 2535 3222 2593 architriclino.
3270 2533 3401 2589 Tale
3434 2532 3581 2587 enim

298 2630 381 2699 τῷ
409 2633 654 2701 νήφοντι·
687 2632 783 2684 καὶ
810 2629 919 2701 γὰρ
948 2633 995 2683 oi
1034 2629 1295 2699 τοιαύτην
1326 2627 1625 2691 διακονίαν,
1655 2628 1730 2690 ὡς
1763 2626 1892 2681 ἐπί-

2007 2629 2229 2684 )Πὶοὶυιη
2260 2631 2627 2696 committunt,
2662 2638 2720 2684 ut
2747 2630 2920 2693 scitis,
2979 2626 3287 2696 praesertim
3347 2624 3575 2688 sobriis,

303 2722 527 2786 στασθε,
567 2721 1016 2790 πεπιστευμένοι,
1060 2720 1300 2791 μάλιστά
1351 2720 1490 2771 εἰσιν
1526 2719 1574 2770 οἱ
1605 2718 1890 2788 νήφοντες,

2002 2729 2064 2774 ut
2094 2723 2277 2775 omnia
2306 2722 2518 2792 possint
2538 2721 2694 2792 juxta
2725 2720 2974 2775 ordinem
3008 2720 3321 2789 disponere.

301 2815 446 2871 ὥστε
474 2817 531 2870 ὲν
556 2817 747 2887 κόσμῳ
777 2817 872 2870 καὶ
901 2815 1053 2881 τάξει
1082 2816 1261 2869 πάντα
1288 2813 1620 2868 διατίθεσθαι
1656 2813 1853 2876 αὐτούς
1885 2812 2139 2886 [Cum].

382 2930 402 2963 ι
440 2910 552 2963 Καὶ
581 2910 733 2977 λέγει
773 2910 983 2972 αὐτοῖς·
1027 2909 1364 2978 Ἀντλήσατε
1394 2908 1491 2959 νῦν
1515 2946 1529 2971 ,
1565 2909 1659 2961 καὶ
1695 2907 1894 2981 φέρετε

304 3001 385 3073 τῷ
415 3000 839 3072 ἀρχιτρικλίνῳ·
877 3001 973 3053 καλ⁹
1001 3001 1263 3071 ἤνεγκαν.
1315 3018 1334 3051 ι

2078 2910 2245 2965 Vens.
2278 2910 2333 2965 8.
2379 2929 2399 2962 ι
2430 2909 2498 2964 Ει
2526 2911 2658 2966 dicit
2686 2910 2768 2966 eis
2798 2907 2955 2964 Jesus
3002 2921 3020 2960 :
3068 2904 3293 2961 liuurite
3327 2921 3491 2970 nunc,
3530 2915 3588 2960 et

2007 3000 2144 3056 ferte
2169 3000 2538 3057 architriclino
2575 3019 2590 3055 :
2615 3011 2668 3057 et
2695 3001 2954 3056 tulerunt.
2981 3020 2999 3053 ι

391 3092 449 3145 '0
470 3092 537 3145 δι’
563 3090 757 3154 ὓδατος
784 3091 1022 3155 ποτίζων
1052 3090 1150 3161 τὴν
1180 3091 1448 3162 ἄμπελον,
1477 3091 1574 3145 καὶ
1601 3089 1772 3145 ποιῶν
1799 3090 1898 3143 αύ-

2070 3090 2173 3156 Qni
2205 3091 2364 3159 aquis
2384 3090 2600 3146 vineam
2637 3098 2810 3159 potat,
2833 3105 3063 3161 eamque
3088 3093 3371 3148 vinil‘eram
3407 3088 3589 3154 efﬁcit,

304 3184 407 3254 τὴν
432 3184 628 3254 γεννᾷν
651 3182 743 3235 τὸν
771 3178 935 3248 οἶνον,
961 3181 1121 3245 αὐτός
1146 3184 1317 3245 ἐστιν,
1343 3182 1371 3233 6
1398 3181 1495 3236 καὶ
1512 3180 1609 3235 νῦν
1660 3180 1902 3253 μεταδα-

308 3273 419 3330 ’λὲν
456 3275 537 3338 είς
571 3269 715 3327 οἶνον
751 3271 811 3324 τὸ
844 3271 1009 3342 ὕδωρ.

392 3383 412 3416 ι
452 3363 671 3433 Ταύτην
704 3362 929 3432 ἐποίησε
959 3360 1057 3431 τὴν
1092 3361 1271 3432 ἀρχὴν
1299 3361 1408 3414 τῶν
1446 3360 1692 3431 σημείων
1720 3361 1749 3414 6
1796 3360 1906 3431 ’1η-

314 3457 442 3521 σοῢς
490 3458 549 3509 ὲν
592 3456 753 3526 Κανᾷ
795 3456 892 3525 τῆς
939 3453 1266 3517 Γαλιλαίας,
1304 3456 1400 3506 καὶ
1455 3452 1770 3524 ὲφανέρωσε
1808 3452 1908 3523 τὴν

313 3545 475 3610 δόξαν
505 3543 673 3597 αὐτοῦ
694 3558 710 3573 ·
743 3542 841 3596 καὶ
881 3543 1213 3596 ἐπίστευσαν
1257 3545 1337 3605 είς
1375 3543 1541 3597 αὑτὸν
1566 3544 1617 3597 οἱ
1668 3542 1909 3615 μαθηταὶ¹

316 3636 513 3693 αὑτοῦ.
556 3655 574 3687 ι

390 3729 551 3791 Τινὲς
579 3727 799 3799 πρῶτον
834 3727 899 3779 ἐκ
924 3726 1081 3796 Κανᾷ
1119 3725 1341 3793 λέγουσι
1367 3722 1526 3776 τοῦτο
1563 3722 1623 3775 τὸ
1656 3725 1907 3793 σημεῖον,

319 3819 437 3875 ἀλλ’
486 3819 549 3871 οὐ
592 3818 811 3887 πρῶτον
846 3816 1084 3869 πάντων.
1125 3814 1466 3884 Παρήνοιγεν
1507 3814 1564 3866 δὲ
1594 3813 1779 3876 αὐτοῖς
1808 3813 1911 3884 τὴν

320 3910 499 3982 θύραν
550 3909 652 3979 τῆς
701 3909 974 3969 πίστεως,
1028 3905 1117 3958 διὰ
1167 3904 1279 3958 τῶν
1328 3904 1667 3976 θεοσημείων
1718 3905 1912 3959 ἑαυτὸν

321 4001 770 4061 ἀποκαλύπτων,
804 3999 926 4068 ἦτοι
958 3997 1058 4068 τὴν
1106 3996 1272 4051 αὐτοῦ
1324 3995 1483 4061 δόξαν
1519 3998 1615 4051 καὶ
1662 3994 1910 4073 δύναμιν.

326 4094 473 4160 Πῶς,
499 4094 593 4147 καὶ
619 4093 725 4147 τίνι
750 4092 971 4162 τρόπῳς
1016 4090 1137 4142 οὐδὲ
1163 4090 1275 4160 γάρ
1305 4089 1492 4142 πολλοὶ
1521 4088 1807 4159 προσεῖχον
1835 4085 1914 4157 τῷ

327 4186 623 4256 γινομένῳ,
660 4182 777 4239 ἀλλ’
813 4183 862 4235 οἱ
898 4180 1134 4239 διάκονοι
1165 4182 1259 4233 καὶ
1296 4182 1324 4233 6
1353 4177 1791 4250 ἀρχιτρίκλινος,
1820 4176 1915 4229 καὶ

328 4277 360 4329 6
402 4275 659 4345 νυμφίος.
702 4274 827 4335 Πῶς
863 4267 957 4325 οὖν
1011 4271 1327 4342 ὲφανέρωσε
1369 4271 1466 4340 τὴν
1507 4269 1665 4334 δόξαν
1704 4267 1912 4335 αὑτοῦ;

332 4367 459 4422 Ὅτι
487 4369 566 4431 είς
610 4366 686 4437 μὴ
719 4366 840 4419 τότε
864 4406 879 4430 ,
913 4364 1026 4418 ἀλλ’
1057 4363 1305 4434 ὓστερον,
1359 4362 1584 4433 ἔμελλον
1631 4361 1691 4414 τὸ
1730 4360 1917 4431 θαῦμα

2008 3180 2055 3236 is
2127 3182 2243 3250 ipse
2306 3189 2389 3235 est
2430 3182 2519 3250 qui
2556 3182 2715 3236 modo
2754 3195 2949 3250 aquam
2977 3182 3029 3236 in
3059 3182 3241 3236 vinum
3269 3182 3448 3236 vertit.

2082 3359 2246 3417 Vsus.
2274 3359 2361 3414 ll.
2392 3359 2536 3415 «Hoc
2567 3361 2694 3415 fecit
2748 3360 2962 3415 initium
3000 3362 3279 3429 signorum
3324 3359 3486 3415 Jesus
3533 3356 3590 3413 in

2008 3452 2155 3508 Cana
2187 3450 2421 3507 Galilaeam
2475 3470 2488 3504 :
2538 3459 2594 3506 et
2634 3450 2998 3505 manilestavit
3024 3452 3252 3521 gloriam
3302 3465 3478 3516 suam,
3535 3457 3592 3505 et

2009 3543 2364 3598 crediderunt
2389 3541 2444 3595 in
2474 3556 2599 3597 eum
2630 3542 2881 3611 discipuli
2914 3543 3086 3613 ejus.»

2087 3720 2339 3773 Nonnulli
2366 3720 2585 3787 quidem
2640 3719 2875 3787 primum
2904 3718 2955 3773 id
2985 3718 3219 3785 signum,
3273 3732 3380 3772 non
3416 3724 3593 3767 tamen

2014 3808 2265 3864 absolute
2297 3808 2563 3871 omnium,
2596 3806 2689 3860 sed
2731 3808 2784 3859 in
2831 3805 2980 3860 Cana
3025 3806 3320 3867 editorum,
3378 3804 3592 3857 dicunt.

2016 3900 2131 3955 Hoc
2194 3908 2375 3952 autem
2429 3898 2551 3952 lidei
2602 3896 2668 3949 iis
2698 3896 2923 3965 januam
2977 3895 3210 3961 aperuit,
3246 3895 3371 3947 dum
3401 3893 3597 3947 divina:

2016 4006 2128 4047 sua:
2169 3990 2375 4060 gloria',
2411 3987 2741 4056 virtutisque
2785 3987 2939 4056 signa
2974 3987 3145 4039 dedit.
3216 3984 3398 4053 Atqui
3442 3984 3594 4047 illud,

2017 4092 2071 4138 et
2117 4097 2353 4151 quanam
2395 4079 2645 4134 ratione?
2708 4095 2832 4134 cum
2867 4078 3021 4148 pauci
3058 4078 3133 4132 rei
3188 4086 3353 4147 gestae
3389 4074 3595 4129 conscii

2018 4174 2243 4237 fuerint,
2283 4172 2519 4227 ministri
2566 4170 2774 4226 scilicet
2800 4170 2920 4236 soli,
2965 4185 3090 4224 cum
3120 4166 3515 4231 architriclino,
3544 4172 3599 4217 et

2018 4280 2243 4335 sponso.
2329 4265 2612 4330 Quomodo
2685 4261 2851 4331 igitur
2937 4260 3304 4315 manifestavit
3372 4254 3603 4327 gloriam’

2019 4356 2213 4411 suam?
2244 4356 2378 4422 Quia
2415 4354 2678 4407 nimirum
2713 4368 2817 4407 non
2857 4351 3077 4421 quidem
3113 4360 3262 4413 tunc,
3295 4349 3388 4402 sed
3438 4354 3588 4414 post-

329 4458 663 4513 ἀκούσεσθαι
696 4457 954 4519 ἅπαντες.
1001 4457 1125 4509 Ὅτι
1164 4456 1272 4526 γὰρ
1305 4458 1362 4509 ὲν
1409 4455 1593 4526 ἐκείνῃ
1623 4456 1689 4524 τῇ
1728 4453 1900 4524 ἡμέρῃ

2020 4466 2109 4516 ea,
2161 4463 2353 4505 omnes
2412 4446 2735 4501 miraculum
2770 4446 2872 4500 hoc
2927 4442 3161 4497 audituri
3200 4449 3379 4494 erant.
3449 4438 3651 4508 Quod;~

328 4548 394 4601 οὐ
430 4547 636 4609 πάντες
668 4546 890 4617 ᾔδεσαν,
941 4546 1048 4598 ἀπὸ
1077 4544 1187 4597 τῶν
1218 4544 1582 4615 ἐπαγομένων
1610 4544 1791 4612 δῆλον.
1827 4544 1919 4595 El-

332 4638 452 4694 πὼν
476 4640 607 4709 γὰρ,
637 4639 747 4692 Kal
769 4637 1109 4706 ἐφανέρωσε
1131 4635 1246 4706 τὴν
1265 4635 1451 4700 δόξαν
1472 4635 1676 4701 αὑτοῦ,
1708 4634 1919 4703 ἐπήγα-

333 4748 455 4805 γεν,
482 4733 589 4787 Καί
611 4732 984 4786 ἐπίστευσαν
1011 4731 1098 4795 είς
1129 4728 1317 4782 αὑτὸν
1345 4730 1399 4780 οἱ
1426 4725 1681 4796 μαθηταὶ
1709 4724 1917 4779 αὑτοῦ.

417 4934 435 4965 ι
472 4913 586 4968 Καὶ
624 4914 859 4980 ποιήσας
911 4906 1237 4979 φραγέλλιον
1278 4906 1342 4958 ὲκ
1383 4901 1662 4974 σχοινίων,
1714 4901 1922 4963 πάντας

340 5004 595 5070 ἐξέϐαλεν
622 5005 686 5055 ἐκ
712 5002 807 5056 τοῦ
838 5000 1006 5072 ἱεροῦ,
1029 4999 1101 5052 τά
1122 5016 1182 5050 τε
1205 4997 1472 5067 πρόϐατα,
1503 4993 1742 5055 καὶτοὺς
1773 4991 1921 5062 βόας,

342 5099 440 5151 mi.
464 5096 573 5150 τῶν
605 5092 971 5149 κολλυϐιστῶν
997 5091 1183 5161 ἐξέχεε
1210 5089 1272 5141 τὸ
1300 5089 1485 5159 κέρμα
1504 5126 1519 5152 ,
1544 5088 1640 5140 καὶ
1664 5085 1766 5147 τὰς
1794 5101 1927 5153 τρα-

345 5188 515 5252 πέζας
549 5185 869 5257 ἀνέστρεψε.
910 5204 928 5236 ι

432 5280 682 5345 Ἐξέϐαλε
714 5280 782 5332 τὰ
817 5278 959 5331 κατὰ
994 5276 1158 5345 νόμον
1202 5272 1650 5343 σφαγιαζόμενα,
1699 5271 1787 5325 ἴνα
1829 5270 1930 5333 τὰς

2028 4555 2261 4610 namque
2291 4541 2393 4594 ista
2424 4539 2513 4594 die
2540 4553 2647 4593 non
2685 4536 3035 4592 omnesillius
3054 4532 3256 4588 conscii
3288 4530 3510 4593 fuerint,
3537 4544 3600 4582 ex

2026 4630 2379 4701 sequentibus
2412 4627 2755 4683 manifestum
2820 4627 2896 4680 lit.
2956 4626 3090 4681 Cum
3138 4625 3283 4677 enim
3314 4622 3481 4675 dixit:
3537 4618 3604 4671 Et

2029 4722 2382 4791 manifestavit
2419 4719 2645 4789 gloriam
2674 4733 2826 4771 suam
2847 4755 2863 4781 ,
2918 4714 3203 4783 subiunxit
3232 4730 3245 4766 :
3280 4712 3349 4765 Et
3371 4712 3609 4764 credide-

2030 4821 2149 4863 runt
2191 4811 2244 4863 in
2276 4825 2395 4862 eum
2427 4806 2673 4875 discipuli
2702 4805 2835 4869 ejus.

2107 4900 2271 4954 Vrsas.
2311 4898 2398 4953 l5.
2433 4916 2451 4949 ι
2489 4898 2555 4969 [ﬁt
2591 4912 2728 4959 cum
2784 4895 3004 4950 fecisset
3044 4892 3195 4964 quasi
3246 4889 3510 4961 ﬂagellum
3545 4888 3611 4940 de

2032 4992 2308 5057 funiculis,
2357 5005 2545 5046 omnes
2601 4988 2763 5057 ejocit
2789 4991 2855 5043 de
2886 4987 3105 5055 templo,
3151 5001 3278 5041 oves
3309 4994 3526 5052 quoque
3556 4991 3612 5032 et

2033 5087 2219 5147 boves,
2256 5090 2312 5137 et
2356 5080 2845 5137 nummulariorum
2901 5078 3088 5135 elludit
3135 5092 3231 5143 aes,
3284 5085 3339 5129 et
3395 5085 3611 5126 mensas

2033 5176 2322 5231 subvertit.
2338 5195 2357 5227 ι

2100 5269 2273 5337 Ejecit
2309 5268 2555 5322 victimas
2592 5266 2814 5338 legales,
2844 5273 2904 5320 ut
2931 5279 3030 5335 pro
3058 5263 3124 5317 iis
3171 5260 3473 5331 spiritalem
3500 5256 3613 5310 cnl-

348 5372 725 5445 πνευματικὰς
765 5370 1061 5440 άντεισάγῃ
1110 5369 1388 5440 λατρείας.
1438 5366 1658 5437 Πατέρα
1702 5364 1759 5417 δὲ
1800 5363 1899 5416 ἴδιο

2038 5374 2152 5419 tum
2215 5360 2611 5415 introduceret.
2667 5358 2837 5413 Deum
2895 5370 3025 5410 vero
3085 5353 3346 5407 Christus
3398 5348 3607 5402 Patrem

424 5549 472 5582 ιδ
498 5548 656 5604 Deut.
687 5562 857 5612 xxx",
886 5546 940 5601 9.

427 5709 510 5776 (‘5)
537 5704 669 5776 Cod.
701 5702 852 5756 Bodl.
899 5703 1012 5756 bace
1055 5698 1431 5776 Chrysostomi
1487 5713 1627 5772 esse
1658 5696 1809 5753 dicit.
1847 5697 1929 5753 Cl.
1973 5698 2287 5773 “(Iltrysost.
2324 5695 2461 5766 Opp.
2508 5694 2642 5762 VIII,
2688 5711 2738 5764 p.
2777 5695 2901 5760 155,
2949 5694 3035 5749 ubi
3070 5691 3315 5762 quaedam
3352 5688 3480 5756 fere,
3521 5685 3614 5739 scd

352 5771 465 5837 noti
491 5771 718 5832 btnuitto
761 5775 947 5826 cadent
985 5771 1239 5835 reperies.
