4038 6148
295 287 434 354 1409

1637 275 1720 334 IN
1763 275 1824 335 S.
1863 273 2240 336 JOANNEM.

3421 275 3558 342 1410

291 393 474 464 ταφῆς
499 387 596 444 καὶ
615 386 989 452 ἀναστάσεως,
1015 383 1097 440 διδ
1131 385 1225 440 καὶ
1243 380 1562 450 ἀναγκαίως
1588 378 1881 451 παραλαμ-

1983 381 2508 452 resurrectionisque
2563 381 2867 452 symbolum
2935 379 3173 448 exsistit,
3225 393 3557 452 quapropter

291 487 540 541 ϐἀνεται.
577 483 738 554 Τρεῖς
781 481 840 534 δὲ
886 478 1215 540 καταδύσεις
1255 476 1533 546 γίνονται,
1587 472 1684 526 καὶ
1731 471 1880 542 τρεῖς

292 576 618 636 ἀναδόσεις,
673 573 760 626 ἵνα
795 571 1049 642 γνῶμεν,
1101 571 1183 624 ὅτι
1231 567 1460 638 δυνάμει
1495 564 1730 634 Πατρδς,
1786 562 1880 616 καὶ

293 667 448 734 Υίοῦ,
474 667 570 720 καὶ
593 663 744 732 ἁγίου
765 663 906 717 11νεύ
915 679 1083 733 ματος
1110 659 1181 714 τὰ
1207 659 1384 713 πάντα
1405 653 1736 728 πληροῦται.

369 865 388 898 ι
430 845 500 899 T6
530 843 930 914 γεγεννημένον
965 843 1029 896 ἑκ
1059 841 1160 912 τῆς
1192 838 1415 908 σαρκὸς,
1449 836 1589 908 σάρξ
1614 835 1752 888 ἐστι·
1785 834 1882 888 καὶ

291 937 354 992 τὸ
387 935 788 1005 γεγεννημένον
823 935 890 986 ὲκ
922 933 1016 986 τοῦ
1059 931 1400 1002 Πνεὺματος,
1433 927 1652 998 πνεῦμά
1680 927 1818 982 ἐστι.
1856 943 1876 978 ι

367 1031 431 1082 Ei
455 1026 596 1097 σάρξ
618 1030 770 1079 ἐστιν
792 1029 824 1098 ἡ
852 1025 1040 1096 Μαρία
1063 1023 1305 1094 ἔμψυχος
1337 1022 1550 1092 λογικὴ,
1583 1021 1676 1074 καὶ
1698 1022 1726 1072 6
1745 1034 1882 1089 καρ-

295 1118 397 1182 πὸς
426 1118 620 1187 αὐτῆς,
656 1115 945 1185 ὁμοούσιος
979 1116 1176 1184 αὐτῆς,
1211 1113 1349 1185 σὰρξ
1381 1111 1626 1184 ἔμψυχος
1663 1111 1878 1182 λογικὴ,

294 1211 392 1264 καὶ
441 1211 502 1262 οὑ
553 1210 880 1278 φάντασμα,
931 1209 964 1279 ἢ
1018 1207 1147 1262 ἄλλο
1189 1224 1244 1258 τι
1277 1205 1428 1275 παρὰ
1475 1206 1575 1275 τὴν
1614 1203 1882 1256 τεκοῦσαν

297 1303 497 1373 σάρκα,
526 1301 624 1372 τὴν
651 1299 743 1353 τοῦ
771 1301 950 1368 Λόγου
976 1299 1179 1368 σάρκα,
1202 1301 1302 1369 τὴν
1328 1297 1508 1369 ψυχὴν
1534 1296 1767 1366 ἔχουσαν
1791 1295 1880 1348 λο-

293 1397 455 1462 γικὴν
475 1434 490 1459 ,
522 1393 579 1444 ἐν
697 1389 934 1462 κατῴκει
964 1393 1072 1444 πᾶν
1099 1391 1163 1444 τὸ
1191 1390 1469 1461 πλήρωμα
1499 1389 1596 1458 τῆς
1629 1387 1882 1459 θεότητος

295 1483 648 1555 σωματιθκῦς.

375 1679 394 1712 ι
431 1659 506 1712 Τὸ
538 1659 755 1729 πνεῦμα
789 1659 923 1712 ὅπου
956 1658 1102 1714 θέλει
1133 1661 1276 1724 πνεῖ,
1321 1659 1418 1713 καὶ
1444 1658 1544 1730 τὴν
1574 1659 1754 1732 φωνὴν
1783 1660 1880 1714 αὑι-
1923 1730 1926 1732 γ

1979 473 2144 530 etiam
2195 476 2502 531 necessario
2547 476 2854 531 adhibenda
2888 484 2992 529 est.
3041 472 3174 528 Tres
3217 483 3398 528 autem
3449 475 3554 530 im-

1979 567 2282 623 mersiones
2313 569 2642 636 totidemque
2671 567 3005 621 emersiones
3049 564 3410 630 celebrantur,
3449 580 3557 636 quo

1980 662 2097 714 lucc
2125 662 2306 714 omnia
2335 659 2512 714 Patris
2539 667 2592 714 et
2619 658 2738 712 Filii
2765 669 2820 713 et
2848 657 3080 726 Spiritus
3129 657 3302 711 sancti
3355 657 3559 713 virtute

1980 749 2162 818 peragi
2197 749 2582 818 intelligamus.

2047 838 2209 891 Vens.
2247 839 2299 892 6.
2348 857 2368 890 ι
2398 839 2551 906 Quod
2582 849 2767 892 natum
2798 845 2885 893 est
2919 852 2986 893 ex
3017 853 3200 904 carne,
3255 853 3386 895 caro
3437 848 3554 896 est:

1979 937 2036 984 et
2069 932 2216 998 quod
2248 939 2432 985 natqu
2467 942 2553 986 est
2575 946 2642 984 ex
2671 930 2906 1000 Spiritu,
2941 931 3164 1000 spiritus
3186 941 3289 987 est.
3319 949 3340 984 ι

2046 1018 2103 1074 Si
2137 1021 2304 1075 Maria
2331 1036 2461 1076 caro
2491 1023 2569 1078 sit
2609 1023 2865 1086 animata,
2915 1028 2971 1076 et
3011 1023 3235 1078 rationis
3265 1024 3556 1095 particeps,

1981 1113 2169 1181 utique
2197 1125 2252 1168 et
2285 1115 2490 1170 {ructus
2511 1115 2630 1184 ejus
2664 1113 2763 1183 ipsi
2794 1112 3010 1178 similis,
3039 1128 3166 1169 caro
3199 1131 3416 1185 quoque
3441 1117 3559 1172 aui-

1983 1218 2066 1255 ma
2098 1205 2414 1272 rationeque
2445 1207 2666 1276 pra-dita
2715 1209 2988 1276 exsistet;
3025 1223 3130 1262 non
3171 1217 3350 1262 autem
3385 1209 3558 1278 phan-

1985 1301 2180 1361 tasma,
2215 1295 2296 1350 vel
2323 1297 2466 1350 aliud
2500 1298 2778 1368 quidpiam
2807 1315 2836 1353 a
2869 1299 3162 1356 Genitricis
3191 1315 3354 1355 carne
3385 1300 3564 1356 diver-

1979 1399 2123 1452 sum,
2177 1387 2336 1442 Verbi
2379 1404 2510 1444 caro
2553 1389 2734 1453 fuerit,
2783 1401 2968 1462 utpote
3014 1392 3194 1448 anima
3241 1393 3562 1462 rationeque

1976 1475 2212 1543 pollens,
2249 1476 2302 1531 in
2335 1493 2440 1547 qua
2472 1478 2733 1532 habitavit
2763 1478 2942 1536 omnis
2985 1477 3266 1550 plenitudo
3303 1479 3559 1534 divinita-

1983 1567 2050 1621 tis
2081 1569 2437 1636 corporaliter
2460 1569 2526 1622 “.

2053 1656 2216 1714 Vsus.
2251 1659 2304 1714 8.
2335 1677 2354 1710 ι
2386 1661 2624 1730 Spiritus
2655 1661 2742 1715 ubi
2775 1661 2883 1714 vult
2903 1662 3073 1729 spirat
3100 1679 3113 1714 :
3141 1667 3197 1714 et
3224 1673 3412 1714 vocem
3443 1657 3562 1728 ejus

292 1751 390 1806 τοῦ
425 1750 667 1813 ἀκούεις,
703 1750 818 1804 ἀλλ’
851 1751 953 1804 οὐκ
981 1747 1127 1815 οἶδας
1160 1751 1324 1805 πόθεν
1361 1751 1620 1822 ἔρχεται,
1651 1753 1747 1804 καὶ
1775 1753 1878 1806 ποῦ

1982 1753 2161 1816 audis,
2193 1754 2284 1808 sed
2316 1755 2494 1809 nescis
2523 1756 2663 1808 unde
2689 1757 2885 1818 veniat,
2929 1763 3023 1807 aut
3061 1768 3168 1822 quo
3198 1751 3360 1806 vadat
3407 1767 3422 1805 :
3483 1750 3564 1806 sic

295 1845 519 1911 ὑπάγειο
545 1840 714 1906 οὕτως
741 1843 860 1897 ἐστὶ
884 1845 991 1907 πᾶς
1013 1845 1043 1896 6
1069 1843 1464 1914 γεγεννημένος
1496 1843 1562 1896 ἐκ
1589 1843 1682 1898 τοῦ
1711 1844 1881 1898 Ilvati-

1980 1852 2065 1896 εει
2095 1845 2271 1899 onustis
2295 1846 2388 1913 qui
2417 1847 2660 1900 nascitur
2689 1861 2756 1900 ετ
2792 1846 3021 1914 Spiritu.
3056 1863 3076 1897 ι

299 1950 495 2003 ματος.
533 1951 552 1984 ι

368 2025 592 2096 Πνεῦμα
630 2029 658 2080 6
684 2025 872 2097 Πατὴρ
904 2024 976 2088 ὡς
1019 2024 1172 2092 Θεὸς,
1217 2024 1436 2096 πνεῦμα
1469 2026 1562 2079 καὶ
1596 2027 1624 2078 ὁ
1653 2025 1776 2090 Υἱὸς
1805 2025 1884 2088 ὡς

297 2117 450 2181 Θεὸς·
494 2115 574 2170 διὸ
619 2118 680 2171 τὸ
715 2117 970 2188 Πνεῦμα,
1005 2117 1032 2170 ὅ
1065 2119 1213 2170 ἐστιν
1262 2118 1292 2170 6
1329 2118 1464 2180 Θεὸς
1501 2119 1597 2172 καὶ
1645 2117 1878 2188 Πατὴρ,

297 2209 518 2280 πνεῦμα
541 2211 735 2274 τίκτει,
767 2211 794 2264 ὃ
815 2212 930 2262 ἐστι
967 2209 1057 2260 τὴν
1082 2209 1210 2262 Υίὸν
1241 2213 1334 2263 καὶ
1357 2209 1511 2264 Θεόν.
1561 2210 1882 2280 Ὀμοοὺσιος

297 2297 394 2356 οὖν
435 2305 463 2355 ὁ
513 2303 752 2372 Χριστὸς
795 2300 873 2372 τῷ
928 2301 1105 2371 Πατρὶ
1143 2301 1285 2354 κατὰ
1329 2301 1425 2370 τὴν
1478 2301 1708 2372 θεότητα
1733 2341 1748 2366 ,
1787 2301 1883 2354 καὶ

299 2393 586 2463 ὁμοούσιος
623 2397 686 2464 τῇ
723 2393 908 2463 Μητρὶ
942 2393 1084 2444 κατὰ
1131 2393 1232 2462 τὴν
1269 2393 1466 2462 σάρκα,
1503 2395 1551 2446 εί
1582 2395 1674 2446 καὶ
1713 2387 1794 2456 εἷς
1823 2393 1884 2458 ἐξ

301 2487 505 2555 ἀμφοῖν
547 2486 576 2537 6
616 2484 871 2554 Χριστὸς,
906 2482 1192 2552 ἀτρέπτως
1221 2482 1317 2534 καὶ
1362 2481 1709 2552 ἀσυγχύτως,
1741 2483 1883 2534 κατὰ

300 2579 356 2631 δὲ
400 2580 490 2630 τὸν
533 2577 830 2639 κανονικῶς
863 2576 1150 2630 ἐκτεθέντα
1197 2575 1294 2626 νῦν
1346 2575 1500 2646 παρὰ
1541 2573 1636 2627 τοῦ
1679 2575 1882 2645 Κυρίου

299 2669 494 2736 λόγον,
545 2669 632 2720 διὰ
667 2667 906 2737 Χριστοῦ
947 2665 1454 2736 ἀναμορφούμεθα,
1499 2665 1601 2734 τῆς
1647 2663 1886 2728 διανοίας

301 2760 460 2831 ἡμῶν
490 2761 568 2821 είς
599 2759 971 2828 πνευματικὴν
995 2758 1255 2828 ποιότητα
1282 2756 1774 2826 ’διαπλαττομένηᾳ

381 2957 400 2988 ‹
445 2937 508 2990 Εἰ
554 2937 624 2991 τὰ
659 2935 878 3004 ἐπίγεια
920 2931 1074 2988 εἷπον
1120 2891 1282 3004 ὑμῖν,
1333 2933 1428 2986 καὶ
1459 2934 1521 2986 οὑ
1565 2933 1882 3001 πιστεύετε,

301 3028 444 3096 πῶς,
473 3028 569 3080 ἐὰν
601 3029 740 3080 εἴπω
767 3029 896 3096 ὑμῖν
918 3027 993 3090 τα
1011 3026 1331 3096 ἐπουράνια,
1365 3025 1720 3090 πιστεύσετε;
1755 3043 1775 3077 ι

387 3119 660 3185 Ἐπίγειον
693 3119 850 3170 καλεῖ
881 3117 940 3170 τὸ
977 3116 1279 3186 βάπτισμα,
1318 3117 1462 3169 θεῖον
1489 3113 1549 3168 ὃν
1583 3115 1679 3168 καὶ
1717 3131 1882 3168 πνευ-

305 3209 563 3280 ματικὸν,
603 3209 789 3276 ἐπειδὴ
828 3209 921 3260 ἐπὶ
965 3210 1070 3278 γῆς
1115 3207 1374 3272 τελεῖται,
1422 3207 1560 3278 πρὸς
1611 3205 1883 3276 ἀγιααμὺν

301 3302 414 3354 τῶν
443 3303 534 3354 ἐπὶ
568 3299 672 3370 γῆς
701 3299 872 3352 ὄντων
901 3297 1226 3368 ἀνθρώπων.

384 3410 404 3442 ι
443 3393 550 3443 Καὶ
583 3391 756 3454 οὐδεὶς
785 3391 1132 3459 ἀναϐέϐηκεν
1161 3393 1239 3453 είς
1269 3389 1362 3444 τὸν
1393 3389 1645 3460 οὐρανὸν,
1675 3391 1725 3442 εἰ
1753 3389 1828 3460 μὴ
1855 3390 1884 3442 6

303 3483 372 3534 ὲκ
406 3481 498 3534 τοῦ
549 3481 781 3552 οὐρανοῦ
829 3481 1106 3546 καταϐὰς,
1137 3483 1166 3534 6
1211 3481 1338 3546 Υἱὸς
1366 3480 1462 3534 τοῦ
1508 3479 1818 3554 ἀνθρώπου,
1853 3481 1883 3533 6

301 3573 378 3626 ὢν
412 3576 468 3625 ὲν
497 3573 574 3641 τῷ
601 3571 838 3642 οὐρανῷ.
881 3591 900 3624 ι

376 3665 530 3718 Μετὰ
565 3666 664 3734 τὴν
702 3663 822 3716 καθ’
861 3665 1160 3717 ὑπόστασιν
1193 3663 1425 3730 ἕνωσιν,
1477 3663 1775 3716 κοινοποιεί
1815 3661 1883 3716 τὰ

299 3757 404 3827 τῆς
437 3757 662 3826 σαρκὸς,
689 3758 782 3809 καὶ
801 3757 899 3826 τῆς
922 3757 1174 3825 θεότητος
1201 3755 1342 3808 κατὰ
1369 3754 1466 3816 τὰς
1489 3753 1790 3822 ἐνεργείας,
1821 3755 1883 3806 οὑ

301 3848 448 3904 κατὰ
481 3849 781 3920 μεταϐολὴν
812 3849 922 3901 τῶν
947 3848 1007 3910 ἐξ
1030 3841 1104 3900 ὦν
1123 3849 1149 3898 6
1177 3845 1436 3916 Χριστός.
1487 3845 1798 3915 Ἐνεργείας
1827 3844 1884 3898 δὲ

303 3942 402 3995 καὶ
431 3942 464 4012 ὴ
492 3941 793 4004 κατάϐασις
825 3941 918 3994 καὶ
949 3941 982 4010 ή
1023 3939 1306 4001 ἀνάϐασις.

376 4123 494 4178 Οὐκ
523 4123 640 4176 ἔστι
671 4123 727 4176 δὲ
755 4123 1005 4191 οὐράνιον
1029 4119 1090 4173 τὸ
1119 4118 1212 4173 τοῦ
1241 4119 1450 4189 Κυρίου
1477 4115 1658 4186 σῶμα,
1687 4114 1886 4169 πάθεσι

303 4216 416 4286 γὰρ
446 4217 752 4269 ὑπόκειται.
791 4214 877 4276 Ὠς
903 4213 958 4266 δὲ
985 4207 1064 4275 εἷς
1088 4210 1164 4264 ὢν
1193 4212 1209 4252 ί
1242 4209 1380 4279 μετὰ
1407 4209 1607 4280 σαρκὸς
1627 4249 1641 4273 ,
1667 4207 1888 4276 λέγεται

304 4309 434 4371 Υἱὸς
463 4307 771 4378 ἀνθρώπου,
789 4306 896 4359 ἀπὸ
917 4305 1015 4375 τῆς
1037 4305 1316 4366 ἐλάττονος
1345 4303 1531 4364 οὐσίας
1550 4300 1670 4354 ὅλον
1697 4299 1886 4352 ἑαυτὸν

304 4399 578 4468 ὀνομάσας
613 4399 628 4446 i
663 4437 677 4452 .

383 4506 404 4536 ι
465 4491 573 4542 Καὶ
638 4487 819 4550 καθὼς
875 4487 1117 4556 Μωῦσῆς
1175 4485 1359 4555 {iui/mos
1409 4486 1502 4540 τὸν
1548 4485 1673 4555 ὅφιν
1723 4485 1782 4537 ὲν
1816 4487 1882 4554 τῇ

302 4583 528 4650 ἐρήμῳ,
558 4579 730 4644 οὕτως
787 4579 1068 4650 ὑψωθῆναι
1111 4579 1192 4632 δεῖ
1233 4579 1324 4632 τὸν
1371 4579 1500 4632 Υἰὺν
1539 4578 1634 4632 τοῦ
1674 4577 1885 4649 ἀνθρώ-

302 4689 432 4726 που.
469 4691 487 4724 ι

382 4763 596 4833 ’Ὠσπερ
628 4765 656 4816 6
685 4762 918 4833 χαλκοῦς
945 4764 1067 4832 ὄφις
1105 4763 1204 4829 ei):
1235 4759 1302 4834 ἦν
1331 4763 1394 4816 τὸ
1423 4763 1628 4816 ἰοϐόλον
1657 4761 1882 4832 θηρίον,

301 4854 425 4908 ἀλλ’
471 4856 726 4935 ὁμοίωμα
767 4853 811 4892 ι·
843 4855 1014 4917 οὕτως
1069 4853 1086 4892 ι
1125 4855 1217 4908 καὶ
1251 4859 1283 4925 ἡ
1321 4853 1458 4926 σὰρξ
1503 4854 1597 4907 τοῦ
1652 4855 1882 4925 Κυρίου,

304 4947 448 5018 σὰρξ
487 4948 582 5016 μὲν
623 4944 691 5016 ἦν
722 4949 840 4998 κατ’
874 4947 1152 5014 ἀλήθειαν,
1183 4947 1244 5000 οὑ
1279 4947 1385 5016 μὴν
1415 4945 1558 5017 σὰρξ
1591 4946 1886 5016 ἁμαρτίας,

301 5041 420 5094 ἀλλ’
455 5039 711 5107 ὁμοίωμα
751 5038 952 5109 σαρκὸς
983 5037 1281 5108 ἁμαρτίας.

377 5127 452 5184 Τὸ
497 5129 781 5198 ὑψωθῆναι
829 5130 980 5200 δηλοῖ
1011 5131 1072 5182 τὸ
1119 5131 1426 5200 ὲμφανῆναι
1471 5130 1570 5182 καὶ
1615 5127 1888 5200 ἐπίσημον

299 5223 560 5295 γενέσθαι
585 5222 676 5276 τὸν
703 5221 958 5294 Χριστόν.
991 5220 1296 5294 {Culum}

379 5334 399 5368 ι
434 5313 621 5378 Οὕτως
655 5315 765 5382 γὰρ
796 5316 1084 5386 ἠγάπησεν
1111 5317 1140 5368 ὁ
1179 5315 1310 5379 Θεὸς
1341 5316 1432 5370 τὸν
1462 5315 1700 5387 κόσμον,
1743 5315 1883 5368 ὥστε

286 5470 292 5474 ’
377 5461 420 5494 ’⁵
440 5461 653 5516 Coloss.
681 5478 743 5528 tt,
774 5462 828 5516 9.

377 5603 408 5676 ξ
437 5601 686 5676 Cr._adtl.
722 5604 834 5657 καί.
913 5601 927 5653 i
969 5603 1062 5659 Cr.
1089 5600 1241 5656 atldil
1273 5617 1286 5654 :
1319 5598 1509 5670 ὥσπερ
1534 5602 1626 5654 καὶ
1651 5601 1758 5656 ἀπὸ
1787 5601 1884 5672 τῆς

1980 5605 2171 5676 ότητος
2203 5603 2326 5658 ὅλον
2362 5605 2558 5659 ἑαυτὸν
2591 5603 2770 5661 καλεῖ.

307 5667 322 5714 Ι
369 5670 464 5724 Cr.
495 5668 662 5724 οὕτω.

2057 2027 2290 2098 Spiritus
2319 2014 2492 2083 Patet:
2503 2013 2592 2083 est
2627 2037 2688 2082 ut
2732 2027 2896 2093 Deus,
2947 2026 3186 2096 Spiritus
3213 2041 3431 2097 quoque
3462 2025 3560 2082 Fi-

1985 2121 2087 2176 lius
2115 2130 2198 2176 est
2247 2128 2308 2174 ut
2356 2120 2498 2175 Deus
2547 2139 2560 2174 :
2613 2121 2870 2190 quocirca
2921 2117 3178 2186 Spiritus,
3212 2117 3306 2188 qui
3339 2119 3479 2174 Deus
3507 2127 3566 2175 et

1983 2211 2150 2266 Pater
2175 2220 2280 2278 est,
2313 2210 2574 2281 Spiritum
2602 2212 2792 2280 gignit,
2844 2211 2897 2264 id
2935 2219 3021 2266 est
3067 2209 3260 2264 Filium
3294 2220 3348 2264 et
3376 2210 3564 2265 Deum.

1985 2303 2242 2374 Ejusdem
2276 2301 2443 2373 igitur
2467 2303 2718 2358 Chrisms
2761 2318 2888 2356 cum
2936 2301 3098 2358 Patre
3133 2304 3448 2358 substantiae
3481 2313 3566 2360 est

1985 2394 2281 2448 secundum
2313 2393 2668 2458 divinitatem,
2707 2393 2901 2447 similis
2931 2407 3148 2462 quoque
3187 2392 3339 2446 Matri
3366 2408 3566 2448 secun-

1985 2489 2110 2541 dum
2141 2499 2381 2548 carnem,
2408 2485 2622 2540 tametsi
2649 2501 2716 2540 ex
2741 2485 2985 2554 utrisque
3031 2487 3103 2540 sit
3149 2502 3286 2538 unus
3313 2485 3565 2542 Christus

1985 2578 2100 2631 sine
2128 2577 2502 2631 immutatione
2556 2587 2610 2631 et
2644 2579 2848 2646 absque
2877 2577 2981 2630 ulla
3009 2577 3379 2647 permistione.
3401 2575 3566 2632 Juxta

1988 2669 2196 2723 Domini
2224 2679 2404 2722 autem
2434 2668 2546 2738 jam
2577 2670 2882 2738 expositum
2913 2685 3243 2735 sermonem,
3280 2685 3378 2738 per
3404 2668 3565 2724 Chri-

1985 2768 2126 2812 stum
2191 2759 2574 2822 reiormamur,
2645 2772 2826 2815 mente
2883 2771 3070 2816 nostra
3134 2761 3190 2815 in
3263 2760 3563 2830 spiritalem

1986 2851 2277 2918 quamdam
2303 2853 2624 2920 qualitatem
2656 2852 3067 2908 transformata.

2056 2938 2220 2994 Vsus.
2254 2939 2339 2994 12.
2379 2960 2398 2992 ι
2429 2941 2484 2994 Si
2525 2951 2734 2994 terrena
2783 2940 2892 2993 dixi
2927 2940 3101 3000 vobis,
3149 2948 3204 2992 et
3237 2954 3342 2992 non
3382 2935 3560 2992 credi-

1992 3033 2086 3092 tis.“
2109 3035 2401 3104 quomodo,
2441 3033 2484 3087 si
2516 3033 2706 3088 dixero
2737 3031 2890 3086 vobis
2925 3030 3191 3095 cmlestia,
3232 3028 3509 3083 credetis?
3533 3045 3556 3080 υ

1911 3085 1954 3144 C
2059 3085 2357 3177 Terrenum
2403 3123 2668 3190 baptisma
2723 3126 2903 3186 vocat,
2965 3133 3086 3172 cum
3121 3118 3360 3172 divinum
3407 3117 3564 3172 sitat

1984 3213 2248 3280 spiritale,
2279 3217 2406 3282 quia
2438 3213 2692 3266 nimirum
2744 3211 2834 3265 hie
2869 3212 2922 3265 in
2979 3222 3120 3265 terra
3163 3209 3460 3275 confertur,
3495 3209 3563 3264 ad

1980 3305 2252 3370 homines,
2279 3305 2372 3372 qui
2406 3313 2609 3358 terram
2639 3305 2905 3366 incolunt,
2939 3301 3380 3358 sa-nctiiicandos.

2055 3395 2220 3452 Vens.
2255 3397 2344 3452 15.
2391 3396 2486 3449 «Et
2517 3411 2676 3449 nemo
2699 3397 2940 3449 ascendit
2977 3395 3028 3447 in
3057 3393 3276 3455 uelum,
3321 3391 3424 3446 nisi
3471 3391 3562 3461 qui

1985 3489 2264 3545 descendit
2317 3489 2383 3543 de
2437 3488 2596 3554 creto,
2659 3487 2828 3542 Filius
2887 3487 3160 3551 hominis,
3217 3485 3310 3554 qui
3364 3493 3450 3539 est
3507 3483 3563 3539 in

1983 3583 2144 3634 caelo.
2172 3598 2191 3632 ι

2054 3671 2282 3740 Propter
2311 3668 2622 3742 hypostasis
2655 3667 2932 3735 unionem,
2975 3656 3044 3722 ‘ea
3077 3682 3197 3736 quze
3225 3675 3352 3721 sunt
3382 3653 3564 3722 carnis

1986 3761 2395 3828 divinitatisque
2424 3761 2475 3812 in
2509 3757 2750 3822 Christo,
2785 3773 2890 3811 non
2920 3757 3136 3826 quidem
3171 3771 3271 3824 per
3320 3757 3482 3810 unius
3509 3755 3564 3810 in

1989 3851 2218 3906 alterum
2251 3850 2683 3908 conversionem,
2717 3853 2810 3904 sed
2839 3850 3135 3902 secundum
3165 3848 3560 3916 operationem,

1988 3941 2090 3996 sibi
2124 3941 2352 3993 invicem
2381 3940 2808 3993 connuunicant.
2841 3937 2921 3990 Ad
2961 3938 3330 4004 operationem
3383 3947 3561 3992 autem

1988 4041 2096 4086 tam
2125 4045 2381 4086 ascensus
2409 4012 2568 4098 quam
2604 4029 2896 4082 descensus
2929 4035 3197 4095 spectant.

2058 4122 2178 4178 Non
2229 4133 2410 4177 autem
2453 4136 2649 4191 corpus
2697 4119 2909 4173 Domini
2958 4119 3178 4174 caeleste
3231 4129 3336 4186 est,
3382 4126 3567 4188 utpote

1987 4217 2334 4285 passionibus
2387 4214 2714 4281 subjectum.
2777 4213 3042 4279 Quoniam
3103 4227 3232 4266 vero
3288 4227 3426 4266 unus
3483 4219 3570 4265 est

1991 4325 2110 4363 cum
2167 4322 2354 4371 carne,
2411 4307 2549 4360 ﬁlius
2600 4305 2834 4360 hominis
2882 4311 3244 4371 nuncupatur,
3303 4319 3332 4356 a
3388 4303 3568 4358 viliori

1919 4416 1964 4473 ι)
1993 4400 2250 4454 nimirum
2289 4399 2608 4454 sitbstantia:
2651 4397 2900 4467 portione
2939 4409 3000 4450 se
3048 4403 3218 4448 totum
3258 4397 3564 4450 nominans.

2066 4491 2230 4548 Vsus.
2265 4490 2356 4548 14.
2408 4508 2427 4542 ι
2461 4491 2530 4545 Ει
2557 4491 2698 4545 sicut
2729 4488 2938 4560 Moyses
2971 4487 3226 4542 exultavit
3260 4497 3566 4556 serpentem

1991 4585 2046 4640 in
2075 4587 2307 4650 deserto,
2340 4585 2414 4639 ita
2443 4583 2670 4638 exaltari
2699 4591 2912 4652 oportet
2937 4579 3132 4636 Filium
3163 4580 3417 4636 hominis.
3446 4598 3468 4632 ι

2066 4761 2534 4829 Quemadmodum
2577 4775 2803 4829 serpens
2830 4773 3013 4814 aeneus
3045 4761 3153 4814 neu
3183 4767 3302 4813 erat
3333 4771 3568 4812 venena-

1995 4864 2081 4909 tus
2105 4897 2122 4920 ,
2149 4855 2242 4908 sed
2282 4863 2560 4907 venenata:
2586 4852 2716 4906 ferte
2758 4849 3141 4913 simulam-um:
3179 4851 3249 4904 ita
3280 4865 3407 4904 caro
3433 4863 3566 4918 quo-

1993 4962 2098 5016 que
2123 4945 2339 5000 Domini
2366 4961 2492 4998 vera
2527 4943 2745 5013 quidem
2777 4953 2898 4998 erat
2923 4958 3074 5008 caro,
3104 4958 3210 4998 non
3240 4953 3414 4997 tamen
3441 4957 3566 4998 caro

1993 5039 2226 5108 peccati,
2259 5038 2352 5093 sed
2378 5036 2675 5092 similitudo
2699 5038 2883 5092 carnis
2912 5037 3140 5107 peccati.

2064 5131 2341 5185 Christum
2373 5140 2551 5186 autem
2579 5130 2801 5200 elevari,
2835 5129 2976 5186 idem
3003 5140 3088 5186 est
3110 5144 3175 5186 ac
3215 5127 3566 5199 conspicuum

1991 5233 2046 5279 et
2076 5223 2336 5278 illustrem
2367 5223 2506 5278 fieri.
3497 5237 3503 5243 '

2067 5313 2232 5370 Vsus.
2267 5315 2356 5370 46.
2407 5333 2426 5368 ι
2458 5313 2550 5371 Sic
2593 5315 2740 5372 enim
2775 5315 2929 5372 Deus
2965 5313 3152 5370 dilexit
3179 5311 3460 5379 mundum,
3507 5319 3567 5368 ut

2863 5601 2891 5642 ¹ι
2921 5602 3017 5660 Cr.
3042 5601 3170 5659 add.
3198 5597 3294 5654 τοῦ
3325 5593 3562 5656 ίοσόλου.
