4038 6148
548 244 679 308 1411

1669 247 2005 308 AMMONII
2044 242 2581 307 ALEXANDRINI

3683 243 3830 312 1412

544 360 737 416 Filium
793 344 948 414 suum
999 358 1335 429 unigenitum
1410 357 1604 413 daret:
1682 369 1743 414 ut
1796 358 1976 414 omnis
2033 357 2123 427 qui

2231 357 2322 411 τὸν
2352 357 2482 410 Υίδν
2511 354 2679 412 αὐτοῦ
2710 356 2801 410 τὸν
2840 358 3105 427 μονογενῆ
3133 356 3353 411 ἔδωκεν
3390 355 3480 409 ῑνα
3518 355 3633 420 πᾶς
3673 358 3705 411 ό
3734 374 3834 412 πι-

546 450 719 506 credit
776 450 829 504 in
874 466 1020 516 eum,
1090 465 1195 504 non
1260 456 1470 516 pereat,
1534 450 1630 505 sed
1695 450 1892 508 habeat
1958 450 2124 504 vitam

546 551 827 598 eternam.
861 559 881 591 ι

620 634 810 690 Omnia
840 635 929 689 hic
948 636 1145 691 iterum
1172 642 1485 695 communia
1512 638 1677 705 facit,
1704 645 1827 705 post
1848 635 2127 702 unionem,

549 725 749 780 nullam
777 740 1079 795 agnoscens
1101 727 1445 784 divisionem.
1467 728 1644 784 Carne
1666 725 1934 796 siquidem
1965 725 2129 779 morti

548 821 789 885 exposita
823 831 919 886 pro
952 819 1138 872 sazculi
1167 820 1300 885 vita,
1338 821 1569 889 ipsemet
1611 819 1781 873 Filius
1818 817 1978 872 morti
2013 826 2128 870 tra-

549 907 693 961 ditus
741 907 960 973 dicitur,
1014 911 1265 979 quamvis
1320 920 1381 965 ut
1430 911 1571 965 Deus
1621 909 1890 980 passionis
1935 920 2131 975 expers

546 999 930 1065 permanserit,
980 1001 1092 1054 sola
1128 1015 1320 1066 carne,
1366 1016 1487 1071 quae
1533 1001 1633 1071 ipsi
1679 1001 1898 1071 propria
1950 1008 2126 1062 erant,

546 1091 868 1154 sustinente,
906 1096 1124 1160 quando
1154 1095 1409 1148 nimirum
1441 1104 1496 1149 et
1522 1103 1785 1165 quantum
1819 1092 2033 1148 volebat
2065 1106 2131 1146 ac

548 1185 895 1252 permittebat
929 1184 1094 1241 Deus.
1716 1203 1721 1207 '

618 1276 805 1329 Ariani
864 1277 1066 1331 idcirco
1119 1278 1296 1342 aiunt,
1326 1278 1511 1333 vocari
1546 1277 1740 1332 Filium
1770 1278 2131 1348 unigenitum,

545 1367 688 1433 quod
721 1366 868 1421 solus
908 1383 977 1422 ex
1029 1369 1136 1422 Deo
1186 1380 1345 1423 natus
1389 1373 1482 1424 sit.
1536 1367 1618 1421 Ad
1652 1382 1787 1436 quos
1821 1366 2127 1429 dicendum,

548 1457 716 1512 solem
753 1460 915 1511 etiam
960 1474 989 1512 a
1022 1461 1342 1529 quibusdam
1395 1460 1730 1530 unigenitum
1764 1460 1969 1525 vocari,
2003 1458 2130 1527 quia

547 1548 693 1603 solus
724 1559 847 1615 est;
885 1566 1228 1621 nequaquam
1268 1562 1452 1606 tamen
1491 1552 1634 1606 ﬁlius
1665 1559 1772 1606 est.

2233 448 2438 501 στεύων
2489 448 2570 511 εἰς
2621 446 2812 513 αὐτόν,
2874 446 2950 518 μὴ
2987 448 3291 520 ἀπόληται,
3347 446 3464 500 ἀλλ’
3523 446 3627 519 ἔχῃ
3676 446 3829 521 ζωὴν

2229 538 2468 593 αἰώνιον.
2506 558 2525 591 ι

2300 624 2429 683 Ὧδε
2455 630 2620 685 πάλιν
2651 634 2947 685 κοινοποιεῖ
2969 631 3032 685 τὸ
3063 632 3192 696 πᾶν,
3225 631 3328 685 οὒκ
3354 630 3509 695 εἰδὼς
3541 633 3828 702 χωρισμὸν

2234 721 2375 792 μετά
2400 720 2499 792 τὴν
2532 721 2749 776 ἕνωσινο
2774 724 2874 794 τῆς
2903 723 3012 794 γὰρ
3044 723 3246 795 σαρκὸς
3272 722 3528 794 τεθείσης
3557 724 3704 794 ὑπὲρ
3725 724 3828 793 τῆς

2230 812 2325 867 τοῦ
2354 812 2566 884 κόσμου
2597 812 2745 885 ζωῆς
2763 855 2778 881 ,
2816 815 2912 868 καὶ
2939 814 3186 885 δοθείσης
3215 816 3296 879 είς
3324 814 3591 881 θάνατον,
3625 817 3660 867 ὁ
3701 816 3827 880 Υἱὸς

2231 898 2451 972 λέγεται
2501 904 2746 960 δεδόσθαι
2788 907 2869 970 εἰς
2915 906 3007 960 τὸν
3053 906 3307 974 θάνατον,
3351 906 3560 978 καίπερ
3603 908 3824 977 ἀπαθὴς

2234 996 2426 1067 μείνας
2445 995 2522 1060 ὡς
2551 996 2704 1061 Θεὸς,
2737 998 2837 1068 τῆς
2864 997 3033 1051 αὐτοῦ
3062 999 3233 1069 μόνης
3263 1000 3587 1069 πασχούσης
3614 999 3687 1053 τὰ
3720 1000 3827 1053 ἴδια

2233 1087 2457 1160 σαρκὸς,
2493 1089 2583 1141 ὅτε
2614 1090 2915 1160 συνεχώρει
2948 1092 3044 1145 καὶ
3078 1091 3297 1162 ἢθελεν.
3339 1088 3566 1164 [Chal]

2303 1268 2368 1319 Οἱ
2424 1267 2694 1339 Ἀρειανοὶ
2735 1266 2984 1336 λέγουσιν
3006 1307 3022 1333 ,
3073 1269 3157 1323 ὅτι
3187 1267 3278 1322 διὰ
3315 1267 3475 1322 τοῦτο
3507 1267 3764 1321 καλεῖται
3797 1270 3826 1321 ὁ

2234 1358 2362 1422 Υἱὸς
2402 1360 2717 1430 μονογενὴς,
2753 1359 2835 1412 ὅτι
2877 1360 3036 1431 μόνος
3060 1361 3124 1413 ὲκ
3151 1358 3289 1413 Θεοῦ
3320 1360 3535 1428 γέγονεο
3565 1361 3709 1432 πρὸς
3732 1360 3824 1423 οὓς

2232 1450 2452 1503 λεκτέον
2472 1490 2487 1515 ,
2518 1451 2600 1503 ὅτι
2634 1452 2730 1504 καὶ
2770 1451 2862 1506 τὸν
2902 1452 3054 1523 ἥλιόν
3094 1469 3243 1516 τινες
3273 1451 3493 1521 λέγουσι
3526 1453 3819 1523 μονογενῆ.

2233 1542 2370 1595 καθὸ
2406 1543 2558 1614 ἥλιος
2580 1542 2740 1615 μόνος
2764 1545 2910 1599 ἐστίν
2930 1564 2945 1578 ·
2989 1545 3103 1599 ἀλλ’
3130 1547 3314 1599 οὐκέτι
3344 1548 3439 1599 καὶ
3467 1546 3600 1609 Υἱός
3643 1548 3811 1601 ἐστιν.

2236 1632 2472 1707 [αλιι]

618 1729 673 1785 Si
720 1732 973 1787 Christus
1021 1733 1263 1787 venisset
1294 1744 1353 1787 ut
1387 1733 1644 1787 mundum
1675 1729 1969 1797 judicnret,
2010 1745 2123 1785 om-

2238 1696 2259 1706 -
2307 1729 2370 1781 Ei
2403 1696 2495 1782 ἐπὶ
2526 1729 2588 1782 τὸ
2617 1731 2801 1800 κρῖναι
2831 1728 2923 1782 τὸν
2958 1729 3165 1800 κόσμον
3199 1728 3452 1799 ἐληλύθει
3488 1730 3518 1782 ό
3558 1730 3820 1800 Χριστὸς,

544 1839 644 1879 nes
675 1824 862 1893 utique
891 1816 1279 1879 condemnaret
1318 1843 1331 1877 :
1391 1825 1484 1878 sed
1535 1825 1806 1895 praecipue
1851 1824 2020 1887 venit,
2072 1832 2123 1877 ut

2233 1821 2443 1884 πάντας
2464 1822 2810 1893 κατέκρινενο
2835 1821 2973 1875 ἀλλὰ
2999 1820 3428 1892 προηγουμένως
3447 1816 3619 1892 ἦλθεν
3646 1823 3742 1874 ἐπὶ
3764 1822 3822 1876 τὸ

546 1916 750 1971 salvum
785 1916 950 1970 faciat
978 1916 1257 1971 mundum.
1304 1914 1554 1971 [nﬁdeles
1601 1927 1781 1970 autem
1840 1930 1936 1984 per
1978 1914 2127 1969 acci-

545 2009 679 2062 dens
705 2008 933 2075 judicat.
974 2007 1090 2063 Non
1121 2009 1269 2063 venit
1300 2010 1442 2063 sicut
1474 2009 1563 2064 lex
1606 2007 1847 2063 Mosaica
1872 2017 1931 2062 ut
1966 2022 2127 2062 mun-

543 2099 670 2152 dum
694 2098 923 2166 judicet,
950 2099 1042 2153 sed
1070 2108 1128 2153 ut
1158 2099 1366 2154 salvum
1400 2098 1587 2155 faciat.

616 2190 778 2244 Vens.
808 2188 897 2243 18.
955 2207 974 2241 ι
1000 2189 1100 2256 Qui
1156 2191 1333 2245 credit
1373 2191 1427 2244 in
1478 2206 1626 2255 eum,
1663 2206 1768 2247 non
1811 2190 2125 2262 judicatur:

543 2280 637 2349 qui
666 2288 843 2334 autem
893 2295 999 2336 non
1028 2281 1220 2347 credit,
1265 2282 1377 2351 jam
1418 2281 1692 2349 judicatus
1720 2294 1826 2347 est,
1867 2283 1995 2353 quia
2020 2296 2128 2337 non

545 2370 723 2424 credit
759 2370 810 2423 in
841 2371 1062 2426 nomine
1093 2371 1353 2442 unigeniti
1378 2371 1501 2426 Filii
1533 2372 1649 2428 Dei.
1686 2392 1706 2426 ι

620 2461 925 2518 Uuiversim
982 2464 1163 2534 itaque
1222 2465 1512 2519 tenendum
1587 2481 1827 2535 omnem,
1873 2469 1965 2538 qui
2020 2483 2124 2523 non

542 2554 714 2609 credit
761 2555 811 2609 in
865 2554 1171 2620 Christum,
1223 2556 1665 2622 condemnatum,
1717 2559 1982 2629 supplicio
2013 2570 2127 2614 tra-

545 2644 783 2699 dendum
809 2659 951 2700 esse.
985 2644 1075 2698 Isti
1112 2646 1276 2715 igitur
1312 2661 1656 2717 nequaquam
1681 2648 1733 2703 in
1755 2647 2016 2717 judicium
2041 2649 2129 2703 ad-

545 2736 797 2801 ducendi,
826 2744 1008 2806 utpote
1042 2734 1154 2805 jam
1190 2737 1562 2793 condemnati.
1605 2737 1750 2793 Idem
1798 2741 1868 2795 de
1914 2740 2128 2796 diabolo

545 2827 927 2883 sentiendum:
970 2828 1225 2897 quoniam
1290 2830 1549 2899 princeps
1590 2830 1749 2901 hujus
1785 2831 1969 2886 mundi
2013 2831 2125 2901 jam

546 2920 835 2973 damnatus
898 2929 1003 2983 est,
1061 2935 1165 2974 non
1222 2920 1397 2975 solum
1442 2923 1588 2990 quod
1644 2937 1750 2976 non
1809 2924 2124 2991 crediderit,

2232 1912 2405 1967 σῶσαι
2442 1914 2538 1966 τὸν
2577 1915 2803 1984 κόσμον.
2849 1914 3044 1985 Κρίνει
3088 1914 3146 1967 δὲ
3195 1914 3340 1966 κατὰ
3374 1912 3436 1965 τὸ
3469 1914 3823 1985 συμϐεϐηκὸς

2227 2004 2356 2066 τοὺς
2389 2004 2822 2075 άπιστήσαντας.
2851 2007 2966 2074 Οὐχ
2996 2005 3072 2068 ὡς
3099 2004 3128 2057 ό
3160 2003 3447 2067 Μωῦσέως
3484 2004 3649 2074 νόμος
3691 2000 3820 2076 ἦλθε

2230 2097 2557 2165 κατακρῖναι
2586 2095 2682 2149 τὸν
2708 2095 2941 2165 κόσμον,
2962 2095 3101 2149 ἀλλὰ
3137 2095 3337 2148 σῶσαι.
3371 2094 3608 2168 [Cum]

2307 2205 2326 2239 ι
2390 2187 2450 2240 'U
2497 2187 2770 2241 πιστεύων
2814 2190 2893 2249 είς
2930 2189 3126 2255 αὐτὸν,
3163 2188 3226 2242 οὐ
3263 2189 3533 2260 κρίνεται’
3570 2191 3601 2242 ὁ
3644 2189 3706 2243 δὲ
3746 2189 3818 2260 μὴ

2231 2277 2527 2344 πιστεύων,
2557 2278 2661 2349 ἤδη
2704 2280 2981 2352 κέκριται,
3016 2280 3100 2333 ὅτι
3136 2279 3210 2350 μὴ
3241 2280 3616 2334 πεπίστευκεν
3642 2282 3724 2345 είς
3761 2281 3818 2335 τὸ

2227 2370 2400 2441 ὅνομα
2424 2370 2519 2424 τοῦ
2553 2372 2877 2441 μονογενοῦς
2912 2371 3040 2425 1⁸ἱοῦ
3078 2372 3171 2425 τοῦ
3198 2371 3357 2427 Θεοῦ,
3398 2392 3419 2425 ι
3450 2382 3453 2385 ’
3730 2380 3738 2387 ’

2300 2465 2374 2534 Ση
2385 2463 2643 2534 μειωτέω
2673 2458 2765 2517 οὖν
2799 2462 3050 2534 [Cramer
3076 2462 3182 2534 ὅτι]
3200 2462 3533 2528 καθολικῶς,
3567 2466 3679 2527 πᾶς
3697 2466 3726 2517 ὁ
3744 2464 3813 2535 μὴ

2229 2556 2508 2609 πιστεύων
2526 2557 2606 2619 εἰς
2626 2555 2717 2621 τὸν
2739 2555 2978 2626 Χριστὸν
2998 2555 3330 2627 κατάκριτός
3353 2557 3478 2610 ἐστι
3499 2559 3568 2627 τῇ
3596 2557 3813 2610 κολάσει

2228 2647 2721 2718 άποδοθησόμενος.
2760 2646 2971 2700 Οὐκοῦν
2994 2645 3119 2700 οὔτε
3153 2649 3380 2714 ἄγονται
3413 2642 3567 2701 οὗτοι
3593 2649 3674 2711 εἰς
3698 2646 3810 2716 κρί-

2231 2755 2336 2804 σιν,
2371 2738 2448 2801 ὼς
2481 2737 2582 2807 ἥδη
2617 2736 3066 2806 κατακριθέντες.
3111 2736 3269 2791 Οὕτω
3310 2738 3407 2791 καὶ
3432 2738 3531 2791 ἐπὶ
3567 2738 3663 2792 τοῦ
3702 2738 3812 2791 δια-

2228 2827 2388 2881 6όλου
2414 2825 2653 2897 νοητέον⁶
2686 2826 2770 2879 ὅτι
2798 2827 2824 2878 ό
2844 2825 3031 2897 ἄρχων
3053 2826 3147 2880 τοῦ
3171 2826 3379 2899 κόσμου
3410 2826 3606 2881 τούτου
3631 2829 3812 2897 κέκρι·

2227 2936 2354 2985 ται,
2385 2918 2446 2971 οὐ
2483 2918 2645 2988 μόνον
2674 2917 2758 2971 ὅτι
2796 2911 2953 2982 οὗτος
3000 2918 3103 2973 οὐκ
3144 2920 3475 2973 ἐπίστευσεν
3496 2960 3511 2984 ,
3545 2918 3682 2974 ἀλλά
3723 2920 3812 2971 καὶ

545 3017 733 3057 verum
775 3005 940 3059 etiam
999 3006 1293 3075 ipsummet
1340 3008 1627 3064 Dominum
1680 3014 1919 3078 tentarit,
1966 3023 2023 3069 et
2070 3015 2123 3068 in

2231 3012 2493 3084 ἐπείρασε
2526 3010 2621 3065 τὸν
2656 3011 2899 3082 Κύριον,
2938 3012 3034 3065 καὶ
3064 3012 3145 3075 είς
3177 3011 3270 3067 τὸν
3311 3013 3518 3067 Ἰούδαν
3542 3011 3811 3082 εἰσῆλθεν,

545 3091 739 3148 Judam
772 3096 1050 3162 ingressus
1084 3099 1179 3163 sit,
1221 3108 1278 3152 ut
1307 3113 1430 3153 eum
1461 3103 1618 3156 morti
1656 3106 1909 3158 traderet.

630 3204 649 3236 ι
680 3186 783 3252 Qui
816 3203 923 3241 non
963 3189 1136 3243 credit
1169 3189 1281 3259 jam
1305 3192 1583 3261 judicatus
1614 3203 1718 3249 est.
1758 3214 1778 3246 ι
1805 3195 2127 3261 Quomodo?

544 3279 673 3349 quia
721 3281 835 3349 ipsa
879 3281 1171 3335 inﬁdelitas
1204 3284 1414 3351 punitio
1462 3294 1568 3339 est.
1618 3286 1752 3340 Esse
1793 3288 1938 3341 enim
1972 3299 2125 3343 extra

544 3370 719 3424 lucem
750 3370 1042 3424 maximam
1080 3371 1240 3426 habet
1271 3386 1487 3440 poenam
1508 3412 1523 3437 ,
1557 3369 1641 3426 vel
1665 3371 1849 3427 futura
1875 3388 2127 3443 praenun-

546 3463 665 3517 tiat.
711 3462 1178 3528 Quemadmodum
1226 3465 1430 3518 etenim
1486 3464 1578 3531 qui
1624 3464 1858 3535 aliquem
1901 3467 2123 3533 occidit,

544 3550 651 3606 etsi
684 3550 827 3603 nulla
868 3550 1070 3619 judicis
1099 3553 1367 3606 sententia
1405 3554 1799 3610 condemnatus
1828 3555 2010 3620 fuerit,
2040 3557 2124 3611 fa-

544 3640 731 3694 cinore
787 3641 907 3709 ipso
954 3640 1064 3709 jam
1119 3642 1550 3711 condemnatur,
1614 3646 1698 3700 sic
1754 3656 1809 3701 et
1862 3648 2120 3704 inﬁdelis.

542 3730 785 3786 Adamus
817 3745 923 3801 qua
965 3733 1056 3787 die
1077 3732 1145 3787 de
1173 3732 1317 3803 ligno
1352 3735 1608 3800 comedit,
1651 3748 1895 3793 mortuus
1931 3752 2037 3804 esu,
2071 3750 2126 3794 et

544 3823 795 3892 quamvis
838 3824 1016 3879 adhuc
1061 3825 1169 3879 vita
1202 3825 1497 3894 frueretur,
1533 3831 1799 3884 sententia
1850 3841 2030 3886 tamen
2069 3841 2124 3886 et

543 3925 739 3971 natura
768 3917 844 3971 rei
871 3928 991 3971 erat
1021 3930 1289 3973 mortuus.
1320 3916 1547 3975 Omnem
1577 3920 1684 3976 illis
1714 3922 1852 3976 tollit
1885 3937 2121 3977 excusa-

545 4009 747 4064 tionem
785 4011 970 4066 dicens
1001 4029 1015 4066 :
1046 4010 1185 4077 Quia
1234 4011 1328 4066 tua:
1355 4013 1491 4066 venit
1536 3998 1600 4066 in.
1644 4016 1920 4080 mundum,
1970 4026 2017 4068 et
2042 4015 2123 4069 di-

540 4099 780 4154 lexerant
814 4100 1045 4155 homines
1071 4103 1241 4172 magis
1267 4104 1508 4157 tenebras
1535 4120 1693 4173 quam
1727 4104 1915 4159 lucem.
1949 4105 2119 4172 Quem

540 4194 687 4245 enim
729 4193 982 4247 misereat
1026 4194 1260 4264 nolentis
1298 4210 1331 4250 e
1374 4196 1611 4251 tenebris
1662 4198 1728 4251 ad
1765 4197 1938 4253 lucem
1993 4213 2120 4254 eve-

542 4284 696 4339 nire?

2235 3105 2323 3159 ἶνα
2355 3104 2584 3176 παραδῷ
2610 3104 2774 3158 αὐτὸν
2804 3104 2884 3167 είς
2917 3103 3168 3160 θάνατον.

2307 3212 2327 3247 ι
2356 3196 2415 3249 '0
2439 3195 2496 3249 δὲ
2525 3195 2601 3267 μὴ
2633 3194 2904 3249 πιστεύων
2937 3194 3041 3266 ἢδη
3068 3196 3342 3268 κέκριται.
3373 3214 3394 3247 ι
3418 3195 3495 3266 (4)
3529 3195 3690 3261 Πῶς;
3728 3197 3814 3250 ὅτι

2231 3285 2367 3339 αὐτὸ
2384 3284 2446 3337 τὸ
2470 3285 2722 3338 άπιστεῖν
2745 3284 2969 3348 κόλασίς
2989 3285 3129 3337 ἐστι·
3152 3285 3214 3337 τὸ
3240 3286 3342 3354 γὰρ
3363 3284 3518 3345 ὲκτδς
3536 3279 3676 3336 εἶναι
3705 3282 3806 3335 τοῦ

2233 3375 2431 3446 φωτὸς,
2462 3376 2556 3429 καὶ
2590 3376 2734 3430 κατὰ
2760 3375 2920 3429 τοῦτο
2952 3376 3215 3447 μεγίστην
3241 3374 3349 3446 ἔχει
3372 3374 3474 3445 τὴν
3499 3375 3809 3444 τιμωρίαν

2230 3468 2264 3538 ἢ
2293 3468 2350 3520 τὸ
2380 3467 2575 3538 μέλλον
2604 3470 3008 3540 προαναφωνεῖ’
3039 3469 3290 3538 καθάπερ
3315 3466 3424 3537 γὰρ
3447 3467 3478 3519 ὁ
3512 3466 3812 3537 φονεύσας,

2230 3559 2335 3613 κᾶν
2372 3558 2447 3631 μὴ
2477 3562 2542 3631 τῇ
2574 3561 2739 3631 ψήφῳ
2764 3561 2859 3615 τοῦ
2890 3561 3169 3633 κρίνοντος
3195 3558 3589 3638 κμταδικασθῇ,
3622 3563 3690 3632 τῇ
3716 3560 3809 3612 τοῦ

2231 3653 2558 3724 πράγματος
2629 3653 3086 3710 καταδεδίκασται
3157 3655 3355 3724 φύσει,
3422 3653 3566 3707 οὓτω
3635 3654 3730 3707 καὶ
3781 3654 3812 3706 ό

2229 3745 2480 3811 ἄπιστος.
2512 3749 2624 3801 Καὶ
2660 3750 2689 3801 ὁ
2734 3748 2905 3820 Ἀδάμ
2937 3750 2995 3803 δὲ
3100 3751 3288 3823 ἡμέρᾳ
3329 3748 3534 3819 ἔφαγεν
3565 3749 3673 3802 ἀπὸ
3717 3748 3810 3801 τοῦ

2229 3837 2421 3905 ξύλου,
2468 3839 2729 3906 ἀπέθανε,
2760 3841 2937 3894 καίτοι
2978 3858 3043 3910 γε
3092 3841 3213 3912 ἔζη,
3260 3841 3397 3896 ἀλλὰ
3435 3844 3504 3912 τῇ
3542 3840 3810 3910 ἀποφάσει

2229 3929 2323 3982 καὶ
2369 3931 2436 4000 τῇ
2470 3929 2564 3983 τοῦ
2602 3932 2929 4003 πράγματος
2964 3932 3124 4001 φύσει
3172 3932 3455 4004 τεθνηκὼς
3503 3930 3595 4005 ἦν.
3649 3934 3806 3986 Ἀπο-

2231 4024 2415 4092 στερεῖ
2429 4022 2487 4075 δὲ
2509 4022 2709 4086 αὐτοὺς
2734 4025 2829 4078 καὶ
2848 4025 3150 4093 ἀπολογίας
3171 4026 3354 4096 πάσης
3377 4025 3468 4079 διὰ
3492 4025 3586 4079 τοῦ
3614 4028 3800 4089 εἰπεῖν,

2230 4115 2361 4167 Ὅτι
2388 4112 2540 4185 ἦλθε
2563 4116 2627 4169 τὸ
2659 4114 2786 4185 φῶς
2808 4120 2904 4184 εις
2932 4119 3041 4173 τὸν
3069 4120 3323 4190 κόσμον,
3347 4121 3448 4174 καὶ
3480 4119 3799 4191 ἠγάπησαν

2227 4210 2281 4261 οἱ
2303 4206 2600 4275 ἄνθρωποι
2620 4207 2867 4278 μᾶλλον
2890 4211 2956 4263 τὸ
2982 4211 3328 4277 σκότος.Τίς
3351 4211 3449 4265 οὖν
3469 4211 3564 4265 τὸν
3584 4212 3657 4283 μὴ
3682 4212 3800 4281 βου-

2226 4297 2454 4366 λόμενον
2479 4298 2587 4352 ἀπὸ
2615 4300 2842 4364 σκότους
2867 4302 3006 4370 φωτὶ
3034 4302 3360 4373 προσελθεῖν
3386 4303 3483 4369 άν;
3517 4302 3734 4375 [Clum]

614 4375 777 4431 Vens.
808 4377 895 4433 19.
947 4398 966 4431 ι
995 4379 1108 4434 lloc
1140 4390 1224 4436 est
1266 4391 1445 4435 autem
1492 4381 1797 4450 judicium:
1848 4358 1975 4453 quia
2025 4386 2115 4441 lux

2292 4358 2324 4440 ἰ
2366 4389 2515 4460 Αὕτη
2551 4390 2608 4442 δέ
2635 4392 2783 4445 ἐστιν
2879 4358 3191 4464 κρίσις’.ὃτι
3219 4396 3279 4449 τὸ
3304 4396 3423 4464 φῶς
3448 4358 3799 4468 έλῆλυθενλεῐς

542 4472 689 4526 venit
720 4472 774 4526 in
806 4474 1086 4537 mundum,
1121 4483 1175 4525 et
1208 4472 1511 4526 dilexerunt
1548 4474 1796 4529 homines
1836 4477 2008 4546 magis
2040 4487 2118 4533 te-

540 4563 737 4617 nebras
792 4578 954 4632 quam
1007 4563 1182 4618 lucem
1241 4582 1256 4618 :
1315 4574 1473 4618 erant
1524 4566 1668 4619 enim
1729 4581 1918 4622 corum
1976 4571 2117 4626 mala

539 4668 725 4725 opera.
758 4672 778 4706 ι

611 4746 726 4800 Lux
762 4757 953 4816 sponte
992 4761 1091 4803 sua
1143 4749 1312 4816 venit,
1360 4758 1422 4804 ut
1477 4751 1596 4805 sine
1650 4732 1835 4807 labore
1889 4754 2118 4823 reperiri

539 4837 698 4893 facile
744 4843 998 4908 pomerii.
1054 4841 1234 4908 Quare
1293 4842 1440 4898 omni
1492 4853 1683 4899 carent
1740 4849 2112 4914 excusatione,

538 4938 804 4999 quotquot
829 4947 937 5001 prae.
969 4932 1089 4989 luce
1111 4933 1360 4989 tenebras
1386 4944 1677 5001 amarunt;
1707 4935 1972 5006 siquidem
2004 4952 2113 4991 non

540 5036 603 5076 ex
636 5022 935 5093 ignorantia
962 5023 1167 5080 Christi
1196 5025 1353 5082 ﬁdem
1384 5036 1671 5097 respuunt,
1705 5029 1800 5084 sed
1832 5030 1956 5098 quia
1987 5044 2114 5098 per-

539 5128 697 5170 verse
721 5130 884 5186 agere
910 5124 1241 5182 statuerunt,
1271 5119 1417 5189 quod
1455 5118 1659 5173 Christi
1697 5120 1981 5187 disciplina
2019 5120 2121 5174 mi-

540 5206 686 5263 nime
716 5207 1011 5278 permittit.’
1030 5206 1167 5264 Cum
1224 5208 1391 5279 igitur
1443 5223 1538 5266 eos
1584 5224 1692 5267 non
1726 5212 1965 5281 potuisse
1995 5226 2118 5267 cre-

538 5298 668 5354 dere
695 5300 1079 5363 audiverimus,
1133 5299 1553 5370 haudquaquam
1611 5311 1819 5358 naturae
1875 5303 2121 5359 defectus

539 5390 758 5462 aliquis,
807 5404 900 5449 aut
950 5391 1268 5465 impotentia
1297 5394 1583 5463 cogitanda
1610 5404 1718 5461 est,
1756 5397 1852 5452 sed
1904 5397 2122 5467 ipsimet

2220 4480 2313 4532 τὸν
2348 4479 2585 4551 κόσμον,
2621 4482 2719 4534 καὶ
2756 4482 3056 4553 ἠγάπησαν
3101 4486 3149 4537 οἱ
3187 4485 3470 4557 ἄνθρωποι
3514 4488 3711 4558 μᾶλλον
3743 4487 3798 4539 τὸ

2224 4572 2434 4638 σκότος,
2469 4572 2503 4642 ἢ
2538 4571 2597 4625 τὸ
2636 4572 2771 4642 φῶςο
2805 4569 2873 4644 ἦν
2895 4575 3006 4646 γὰρ
3036 4578 3250 4647 πονηρά
3270 4579 3452 4632 αὐτῶν
3480 4580 3549 4632 τά
3583 4580 3738 4649 ἔργα.
3774 4596 3793 4628 ι

2293 4752 2367 4807 Τὸ
2396 4752 2511 4823 φῶς
2543 4755 2635 4821 ἀφ’
2664 4753 2857 4807 ἑαυτοῦ
2884 4749 3068 4824 ἦλθεν,
3105 4755 3335 4826 μηδενὸς
3366 4759 3708 4828 πονήσαντος
3728 4759 3799 4819 εἰς

2218 4843 2282 4896 τὸ
2318 4844 2503 4914 εὑρεῖν
2538 4845 2691 4901 αὑτό.
2752 4846 3178 4917 Ἀναπολόγητοι
3233 4848 3343 4902 οὖν’
3371 4851 3515 4903 εἰσιν
3567 4852 3617 4903 οἱ
3670 4853 3795 4918 ἁγα-

2222 4934 2499 5005 πήσαντες
2526 4934 2587 4988 τὸ
2618 4935 2810 5000 σκότος
2839 4937 2978 5009 ὑπὲρ
3005 4938 3066 4991 τὸ
3096 4938 3230 5008 φῶς·
3262 4940 3325 4993 οὑ
3348 4940 3459 5012 γὰρ
3487 4939 3556 4993 δι’
3584 4943 3797 5010 ἄγνοιαν

2220 5026 2281 5078 οὐ
2309 5026 2628 5079 πιστεύουσι
2653 5027 2733 5099 τῷ
2759 5030 2983 5100 Χριστῷ
3000 5024 3021 5094 ,ί
3045 5031 3182 5085 ἀλλὰ
3208 5032 3299 5084 διὰ
3325 5032 3389 5085 τὸ
3419 5034 3600 5087 θέλειν
3628 5033 3797 5103 φαῦλα

2222 5116 2513 5187 πράσσειν,
2542 5116 2688 5188 ἅπερ
2712 5121 2745 5189 ἡ
2777 5119 2871 5172 τοῦ
2900 5121 3140 5192 Χριστοῦ
3165 5122 3491 5178 διδασκαλία
3518 5126 3582 5177 ού
3626 5141 3797 5193 παρα·

2219 5206 2453 5278 δέχεται.
2499 5209 2670 5263 Ὅταν
2727 5206 2820 5265 οὖν
2865 5212 3229 5284 ἀκούσωμεν,
3266 5215 3352 5267 ὅτι
3395 5215 3498 5268 οὐκ
3542 5218 3798 5287 ἠδύναντο

2220 5301 2521 5366 πιστεύειν,
2561 5305 2637 5374 μὴ
2667 5304 2886 5373 φύσεως
2916 5307 3261 5377 ἐννοήσωμεν
3293 5307 3551 5377 δύναμιν,
3585 5310 3619 5380 ἢ
3647 5308 3809 5363 ἄλλω

2221 5396 2367 5461 τινος
2400 5398 2782 5470 ἐπικράτειαν,
2812 5398 2949 5454 ἀλλὰ
2980 5400 3042 5453 τὺ
3070 5401 3204 5455 αὐτὸ
3231 5401 3494 5455 δέσποτον
3523 5400 3795 5473 λογισμὸν.

740 5567 871 5634 Qua:
913 5579 1213 5641 sequuntur
1280 5570 1406 5627 cod.
1453 5570 1609 5629 Bodl.
1667 5570 2061 5642 Chrysostomo
2109 5542 2337 5644 tribuit,
2384 5578 2480 5634 sed
2566 5594 2674 5635 non
2733 5579 3037 5638 invenimus
3082 5581 3134 5636 in
3172 5582 3310 5655 Opp.
3358 5582 3650 5655 Chrysost.
3694 5581 3798 5653 jam

538 5634 726 5692 editis.
