4038 6148
251 250 412 340 .1613

1618 280 1700 342 IN
1741 281 1802 342 S.
1848 283 2223 349 .IOANNEM.

3399 289 3536 356 1414

268 387 360 440 τὸν
398 387 885 444 καταδουλώσαντα
915 389 1108 446 ἑαυτὸν
1133 393 1242 456 τοῖς
1293 389 1490 445 πάθεσι
1530 393 1645 455 τοῖς
1693 391 1846 463 ἀσέμ·

1961 394 2184 452 arbitrio
2220 397 2447 454 rationis
2499 398 2890 470 imputandum,
2946 401 3087 470 quod
3131 413 3252 456 sese
3283 403 3530 458 servituti

269 494 404 542 νοις,
449 481 546 534 καὶ
579 480 656 552 μὴ
703 481 928 537 Θέλοντα
961 485 1062 556 τῆς
1085 483 1355 554 κακίστης
1385 483 1692 553 ἀποστῆναι
1723 493 1848 535 συν-

267 566 480 635 ηθείας.
507 562 669 623 Οὗτοι
693 570 804 642 γὰρ
832 571 1255 641 ἐπιγινώσκουσι
1282 573 1343 626 τὸ
1366 572 1504 643 φῶς,
1535 571 1637 626 οὐκ
1663 572 1850 645 ἔρχον-

267 675 361 712 ται
389 660 446 713 δὲ
476 661 611 732 πρὸς
641 663 792 730 αὐτὸ,
827 664 912 718 ἵνα
947 664 1023 736 μὴ
1045 664 1339 736 ἐλέγχηται
1363 667 1396 734 ή
1429 663 1725 736 ὑπόκρισις
1753 665 1850 718 αὐ-

267 750 381 804 τῶν
427 747 537 806 τῶν
580 753 850 822 λεγόντων
889 755 1088 810 εἰδέναι
1143 755 1314 820 Θεὸν,
1355 755 1539 827 ἔργοις
1577 755 1635 808 δὲ
1683 754 1850 810 αὐτὸν

269 842 305 893 ἁ
313 859 442 910 ρνου
450 843 646 912 μένων.

347 950 365 981 ι
400 933 554 986 Μετὰ
578 934 752 988 ταῦτα
777 929 942 1006 ἦλθεν
969 937 997 990 6
1031 935 1265 1008 Ἰησοῦς,
1293 938 1388 992 καὶ
1413 940 1461 991 οί
1491 934 1729 1010 μαθηταὶ
1749 937 1850 1000 ade
1886 975 1892 983 ι

268 1022 363 1074 τοῦ
391 1025 472 1086 εἰς
494 1024 594 1096 τὴν
629 1026 888 1081 Ἰουδαίαν
921 1029 1028 1098 γῆν
1048 1046 1060 1058 ·
1091 1031 1187 1083 καὶ
1213 1031 1332 1084 ἐκεῖ
1353 1029 1590 1102 διέτρισε
1620 1032 1736 1100 μετ’
1761 1029 1853 1083 αὑ·

270 1115 399 1180 τῶν,
431 1116 525 1168 καὶ
544 1117 860 1171 ἐϐάπτισεν.
905 1138 924 1170 ι
1101 1134 1107 1140 ·

343 1207 456 1258 Ούκ
507 1207 669 1271 αὐτὸς
722 1209 1031 1275 ὲϐάπτίζεν,
1088 1211 1204 1264 ἀλλ’
1252 1213 1299 1264 oi
1357 1211 1600 1283 μαθηταὶ
1649 1211 1843 1266 αὑτοῦ·

270 1295 502 1366 ἐπείπερ
533 1297 694 1361 αὐτὸς
727 1298 786 1351 ὲν
822 1299 1102 1369 Πνεύματι
1140 1299 1426 1364 ὲὸάπτιςε.
1461 1301 1572 1354 Καὶ
1601 1299 1758 1354 ούπω
1779 1301 1848 1373 ἦν

270 1389 462 1460 καερὸς
489 1389 587 1461 τῆς
609 1391 702 1444 τοῦ
732 1392 1051 1462 Πνεύματος
1095 1392 1315 1456 δόσεως,
1362 1393 1468 1464 πρὸ
1490 1392 1586 1446 τοῦ
1618 1393 1850 1458 πάθους.

269 1479 343 1531 Τὸ
370 1481 739 1548 Εύαγγελικδν
779 1481 966 1536 λοιπὸν
1027 1469 1320 1556 παρεδίδου
1361 1483 1667 1557 βάπτισμα,
1714 1487 1852 1558 ὅπερ

267 1570 473 1641 πολλὴν
517 1568 664 1642 εἶχεν
709 1573 976 1644 διαφοράν
1039 1575 1176 1646 πρὸς
1215 1577 1277 1629 τὸ
1319 1576 1588 1631 Ἰωάννου.
1637 1578 1694 1630 Ὀ
1739 1578 1850 1652 γὰρ

265 1665 506 1734 Χριστὸς
534 1664 622 1718 διά
683 1667 780 1734 τῆς
809 1665 918 1719 τῶν
970 1667 1284 1722 ἀποστόλων
1318 1669 1502 1740 χειρὸς
1533 1669 1846 1738 ἐϐάπτιζεν,

265 1755 343 1816 ὼς
371 1757 562 1824 σαφῶς
583 1758 653 1834 ⁵ἐν
683 1758 793 1819 τοῖς
822 1755 949 1828 ἑξῆς
977 1757 1144 1826 λέγει.

345 1866 364 1898 ι
413 1847 660 1914 Ἐγένετο
691 1849 784 1902 οὖν
819 1849 1046 1920 ζήτησις
1073 1851 1139 1902 ὲκ
1161 1849 1268 1904 τῶν
1304 1851 1562 1923 μαθητῶν
1599 1854 1849 1909 Ἰωάννου

262 1937 412 2008 μετὰ
453 1937 717 1992 Ἰουδαίων
751 1939 876 2010 περὶ
904 1939 1276 2011 καθαρισμοῦ.
1321 1961 1341 1994 ι

343 2028 480 2082 Οὔτε
505 2030 566 2082 τὸ
596 2030 844 2084 Ἰωάννου
871 2030 1178 2102 βάπτισμα,
1203 2030 1327 2085 οὔτε
1353 2031 1414 2086 τὸ
1433 2032 1542 2087 τῶν
1565 2033 1847 2105 μαθητῶν,

266 2121 497 2189 παρεῖχε
515 2118 740 2188 Πνεῦμα
773 2121 948 2188 ἅγιον·
984 2120 1100 2174 ἀλλ’
1128 2121 1214 2176 ἵνα
1251 2122 1324 2196 μὴ
1358 2113 1450 2177 τὸν
1467 2123 1591 2178 καθ’
1617 2123 1850 2179 ἕκαστον

265 2208 594 2276 περιιόντες,
622 2206 904 2280 κηρύξωσι
931 2209 1022 2264 τὸν
1039 2210 1300 2282 Χριστὸν,
1334 2213 1734 2284 συνεστήσαντο
1749 2213 1849 2284 βά-

267 2316 502 2369 πτισμα,
535 2301 660 2364 τοὺς
705 2303 1142 2374 προστρέχοντας
1185 2303 1382 2374 ὄχλους
1426 2304 1677 2375 ἀγάγωσι
1711 2306 1850 2378 πρὸς

264 2389 358 2443 τὸν
384 2391 636 2462 Χριστόν.

341 2499 361 2532 ι
393 2482 501 2536 Καὶ
539 2479 703 2554 ἦλθον
736 2483 874 2555 πρὸς
905 2483 996 2537 τὸν
1036 2484 1312 2557 Ἰωάννην,
1339 2486 1434 2540 καὶ
1477 2483 1632 2542 εἶπον
1661 2488 1844 2559 αύτῷ·

277 2570 492 2640 Ῥα66ὶ,
521 2574 580 2638 ὃς
608 2571 676 2646 ἦν
707 2575 846 2646 μετὰ
887 2575 982 2629 σοῦ
1015 2576 1192 2648 πέραν
1224 2575 1321 2630 τοῦ
1361 2577 1654 2650 Ἰορδάνου,
1693 2573 1738 2648 ᾧ
1783 2579 1846 2633 σὺ

268 2666 722 2738 μεμαρτύρηκας,
757 2667 837 2722 ίδε
867 2663 1023 2733 οὗτος
1057 2669 1330 2740 βαπτίζει,
1380 2673 1477 2728 καὶ
1510 2672 1712 2738 πάντες
1756 2671 1848 2744 ἔρ-

264 2773 454 2826 χονται
485 2759 622 2830 πρὸς
650 2761 832 2815 αὐτόν.
877 2781 896 2815 ›

339 2847 413 2900 Τὸ
441 2847 584 2920 ὕδωρ
608 2849 699 2902 τοῦ
733 2852 1032 2922 ῥαντισμοῦ
1059 2852 1121 2906 τὸ
1147 2852 1268 2924 ἔχον
1307 2853 1501 2909 σποδὸν
1529 2854 1633 2926 τῆς
1673 2853 1850 2926 δαμά-

263 2937 426 3004 λεως,
472 2939 812 3011 καοαρισμὸν
868 2929 1046 2996 ἐποίει
1095 2943 1367 2998 ἀκουσίων
1407 2945 1842 3016 ἁμαρτημάτων,

263 3029 360 3082 καὶ
390 3031 519 3094 τοὺς
561 3031 670 3086 ἀπὸ
706 3033 848 3104 ἁφῆς
876 3035 1083 3106 νεκρῶν
1107 3035 1376 3106 ἐκάθηρε·
1405 3037 1466 3090 τὸ
1499 3037 1556 3090 δὲ
1594 3037 1840 3090 Ἰωάννου

267 3120 550 3192 βάπτισμα
581 3127 694 3189 τοῖς
725 3125 964 3195 γνησίως
988 3126 1306 3196 μετανοοῦσι
1326 3127 1421 3181 καὶ
1446 3127 1555 3180 τῶν
1577 3127 1841 3181 ἑκουσίων

265 3215 526 3284 παρεῖχεν
573 3217 788 3284 ἄφεσιν.
825 3217 899 3270 Τὸ
935 3216 992 3270 δὲ
1021 3217 1116 3270 τοῦ
1163 3217 1426 3289 Χριστοῦ,
1465 3219 1684 3274 πάντων
1735 3219 1844 3273 τῶν

265 3306 702 3376 ἁμαρτημάτων,
729 3309 825 3361 καὶ
860 3307 1082 3378 Πνεῦμα
1131 3307 1286 3378 άγιον
1325 3311 1574 3381 παρεῖχε,
1605 3309 1703 3363 καὶ
1732 3311 1844 3363 uio-

265 3401 452 3464 θεσίας
479 3399 653 3464 ἀξίαν.

335 3492 705 3561 Οἰκονομικῶς
725 3492 783 3546 δὲ
819 3489 1049 3563 ζήτησις
1071 3492 1317 3562 γέγονεν,
1348 3491 1428 3548 ἔτι
1447 3491 1843 3558 ζῶντοςἸωάν-

263 3600 384 3634 νου·
431 3582 516 3636 ἵνα
564 3584 652 3637 διὰ
684 3585 783 3654 τῆς
816 3583 999 3654 φωνῆς
1046 3583 1210 3636 αὐτοῦ
1247 3587 1279 3655 ἡ
1311 3585 1422 3639 τῶν
1453 3583 1842 3655 βαπτισμάτων

261 3671 500 3741 διαφορὰ
525 3675 691 3744 φανῇ.

341 3783 360 3814 ι
409 3764 468 3817 '0
495 3763 634 3834 ἔχων
661 3764 760 3833 τὴν
792 3763 1031 3833 νύμφην,
1061 3761 1292 3831 νυμφίος
1323 3760 1503 3814 ἐστίν’
1543 3761 1572 3812 6
1609 3761 1665 3813 δὲ
1693 3761 1841 3828 φίλος

260 3849 357 3906 τοῦ
397 3851 653 3921 νυμφίου,
697 3853 726 3904 6
761 3849 1030 3921 ἑστηκὼς,
1079 3851 1174 3902 καὶ
1206 3847 1422 3901 ἀκούων
1463 3847 1652 3914 αὑτοῦ,
1697 3851 1842 3920 χαρᾷ

261 3945 446 4015 χαίρει
475 3944 563 3998 διὰ
583 3947 682 4017 τὴν
717 3945 902 4015 φωνὴν
929 3943 1022 3997 τοῦ
1055 3942 1314 4012 νυμφίου.
1347 3941 1498 4011 Αὕτη
1527 3938 1620 3996 οὖν
1645 3945 1677 4014 ἡ
1698 3943 1841 4014 χαρὰ

261 4036 298 4106 ἡ
333 4035 438 4105 ὲμὴ
469 4035 850 4106 πεπλήρωται.
900 4053 920 4086 ι
1007 4035 1017 4043 ”

335 4126 434 4179 Διὰ
448 4125 542 4178 τοῦ
562 4125 942 4196 βαπτίσματος
962 4123 1296 4195 νυμφεύεται
1313 4124 1342 4176 6
1361 4122 1595 4202 ριστὸς
1613 4121 1712 4194 τὴν
1727 4122 1838 4176 Ἐκ-

265 4214 492 4286 κλησίαν
515 4215 975 4284 ἁναγεννηοεῖσαν
995 4227 1013 4246 ⁸
1049 4215 1080 4283 ἡ
1115 4212 1172 4266 δὲ
1195 4211 1426 4281 συζυγία
1455 4212 1593 4284 αὕτη
1615 4215 1649 4283 ἡ
1677 4230 1842 4266 πνευ-

265 4307 474 4378 ματικὴ
513 4307 602 4360 διὰ
631 4305 722 4360 τοῦ
758 4302 1139 4360 διδασκαλικοῦ
1192 4304 1352 4373 λόγου
1403 4305 1665 4358 συνάπτει
1697 4304 1836 4375 Θεῷ.

263 4400 539 4470 Παρθένος
559 4400 604 4452 δ’
630 4399 768 4463 ἐστὶ,
797 4398 891 4452 καὶ
937 4397 1098 4468 ἁγνὴ,
1135 4397 1231 4450 καὶ
1261 4394 1450 4466 νύμφη
1503 4395 1591 4448 διὰ
1611 4395 1712 4466 τὴν
1729 4394 1836 4450 τῶν
1871 4427 1916 4482 υ

260 4490 548 4560 δογμάτων
573 4485 1052 4560 ὀρθότητα,ἡαύτὴ
1071 4484 1166 4538 καὶ
1179 4484 1316 4554 γυνή
1335 4485 1452 4537 ἐστι
1468 4484 1835 4555 τοῦΧριστοῦ,

260 4584 339 4644 ὼς
370 4579 581 4650 ἀγαθὰς
609 4577 859 4648 γεννῶσα
893 4576 1140 4648 πράξεις,
1170 4576 1271 4628 οὐκ
1300 4575 1394 4645 ἀφ’
1445 4575 1666 4645 ἑαυτῆς,
1700 4576 1840 4630 ἀλλὰ

258 4673 348 4726 διὰ
367 4670 462 4724 τοῦ
488 4669 865 4741 ὲνσπείροντος
888 4671 945 4722 ὲν
969 4667 1108 4738 αὐτῇ
1133 4663 1394 4738 Χριστοῦ,
1427 4661 1496 4738 ἧς
1525 4667 1700 4734 οὐδεὶς
1729 4668 1838 4722 τῶν

258 4763 535 4834 γεννητῶν
565 4762 786 4816 δύναται
816 4755 957 4814 εἶναι
1000 4759 1256 4830 νυμφίος,
1287 4760 1516 4831 ἐπείπερ
1561 4759 1840 4832 πρωτοτύ-

259 4873 378 4918 πως
401 4851 769 4926 ι’πρωτοτύπῳ
792 4849 951 4922 Cod.]
977 4851 1152 4914 οὐδεὶς
1177 4849 1356 4904 αὐτῶν
1379 4853 1498 4904 ὲστι
1517 4851 1680 4922 δοτὴρ
1709 4852 1838 4920 άγα-

259 4944 393 5000 θῶν.
435 4945 596 4998 Πᾶσα
627 4937 721 4997 οῦν
750 4939 942 5012 λογικὴ
981 4939 1144 5010 φύσις
1196 4939 1446 5009 ἀγγέλων
1485 4955 1546 4992 τε
1597 4939 1695 4992 καὶ
1744 4940 1838 4992 άν-

259 5036 500 5106 ορὼπων
528 5034 713 5104 νύμφη
745 5034 910 5086 ἐστίν.
944 5030 1164 5104 (ϐιιΑΙ.)

332 5128 581 5198 Νυμφίος
605 5127 752 5180 ἐστὶν
774 5129 802 5179 6
831 5124 1066 5196 Χριστὸς
1093 5125 1188 5178 καὶ
1213 5125 1246 5194 ἡ
1289 5123 1590 5193 Ἐκκλησία
1623 5123 1834 5194 νύμφη,

258 5221 357 5275 καὶ
391 5222 419 5273 6
448 5237 508 5274 νυ
519 5218 674 5289 μφὼν
697 5219 725 5270 6
749 5217 912 5280 τόπος
936 5215 1030 5270 τοῦ
1054 5205 1448 5286 βαπτίσματος,
1476 5213 1606 5268 ἔνθα
1629 5214 1836 5282 γίνεται

257 5315 293 5384 ἡ
328 5309 674 5379 πνευματικὴ
720 5307 1006 5376 συνάφεια,
1059 5305 1248 5376 ἐπειδὴ
1275 5307 1450 5361 πάντα
1492 5305 1698 5378 φαιδρὰ
1740 5307 1838 5360 καὶ

259 5403 436 5475 χαρᾶς
469 5402 750 5470 ἀνάμεστα
779 5399 874 5453 καὶ
908 5399 1271 5470 εὐφροσύνης.
1306 5397 1372 5450 Τί
1408 5397 1518 5469 γάρ
1555 5395 1838 5472 μακαριώ-

258 5509 418 5562 τερον
455 5492 550 5544 τοῦ
591 5489 988 5561 καθαρισθῆναι
1023 5489 1311 5560 ἁμαρτιῶν
1357 5489 1454 5542 καὶ
1507 5488 1836 5558 κολληθῆναι

258 5583 401 5656 Θεῷ,
443 5583 540 5636 καὶ
584 5581 838 5636 κοινωνὸν
871 5579 1124 5650 γενέσθαι
1168 5579 1318 5644 Θείας
1362 5579 1696 5663 φύσεωςχδιὰ
1737 5582 1836 5650 τῆς

257 5676 352 5734 τοῦ
390 5675 548 5748 ἁγίου
587 5673 904 5744 Πνεύματος
962 5670 1502 5744 μετουσίας;Ταῦτα
1531 5673 1640 5744 γὰρ
1671 5673 1698 5725 6
1737 5673 1836 5744 ἀρ-

1953 487 2188 555 turpium
2226 489 2404 543 tradat
2455 490 2792 558 passionum,
2836 489 3077 560 nolitque
3113 492 3401 559 pessimam
3439 493 3534 545 ab.

1955 588 2207 644 rumpere
2233 579 2702 633 consuetudinem.
2736 577 2839 645 Qui
2871 579 3004 633 tales
3033 587 3180 645 sunt,
3222 581 3408 650 utique
3453 581 3532 638 Iu-

1951 679 2066 722 cem
2101 677 2322 735 norunt,
2368 671 2464 726 sed
2493 671 2562 725 ad
2589 686 2708 726 eam
2751 671 2935 726 venire
2969 681 3222 738 renuunt,
3271 687 3340 726 ne
3369 674 3535 743 hypo-

1950 759 2112 814 crisis
2165 773 2350 816 eorum
2411 764 2788 832 redarguatur,
2855 761 2949 831 qui
3005 760 3193 816 dicunt
3257 775 3318 816 se
3367 775 3528 818 nosse

1952 849 2144 915 Deum,
2185 849 2347 906 factis
2377 859 2558 906 autem
2586 861 2808 922 negant.

2011 937 2180 995 Vsus.
2218 939 2310 994 22.
2345 959 2364 992 ι
2386 939 2515 996 Post
2548 940 2664 996 hac
2689 941 2836 994 venit
2859 937 3035 1005 Jesus,
3067 949 3122 994 et
3151 937 3394 1009 discipuli
3417 937 3534 1008 ejus

1949 1027 2004 1082 in
2036 1034 2237 1082 terram
2264 1025 2546 1083 Judaaam:
2575 1035 2631 1084 et
2651 1027 2763 1083 illic
2794 1028 3181 1084 demorabatur
3207 1042 3327 1081 cum
3357 1027 3534 1092 eis,et

1952 1118 2282 1187 baptizabat.
2315 1138 2335 1170 ι

2013 1209 2130 1266 Νοιι
2163 1213 2280 1282 ipse
2303 1213 2622 1282 baptizavit,
2644 1213 2738 1268 sed
2755 1213 3000 1282 discipuli
3023 1213 3173 1283 ejus:
3213 1212 3330 1284 ipse
3350 1222 3531 1270 autem

1954 1301 2010 1356 in
2060 1303 2268 1372 Spiritu
2313 1304 2638 1374 baptizavit.
2694 1303 2847 1360 Tunc
2901 1315 3107 1370 autem,
3167 1314 3352 1376 utpote
3407 1314 3533 1360 ante

1951 1393 2284 1460 passionem,
2315 1394 2552 1449 nondum
2586 1403 2702 1450 erat
2733 1401 2944 1465 tempus
2973 1396 3208 1451 donandi
3245 1393 3528 1464 Spiritum.

1953 1482 2248 1551 Caeterum,
2313 1486 2577 1556 baptisma
2634 1485 3015 1556 Evangelicum
3075 1487 3338 1552 tradebat,
3388 1485 3532 1554 quod

1951 1575 2181 1632 multum
2215 1585 2385 1632 erata
2415 1575 2642 1632 Joannis
2665 1577 2991 1646 baptismate
3015 1579 3310 1653 diversum.
3369 1575 3530 1630 Chri-

1953 1677 2072 1723 stus
2105 1681 2202 1738 per
2225 1682 2418 1722 manus
2448 1668 2832 1736 Apostolorum
2856 1669 3190 1739 baptizabat,
3235 1667 3313 1722 uti
3341 1681 3405 1722 ex
3433 1682 3526 1722 se-

1785 1785 1788 1796 -
1871 1764 1924 1820 Β
1953 1757 2243 1828 quentibus
2267 1755 2470 1810 clarum
2510 1757 2587 1811 ﬁt.

2019 1849 2188 1907 Vens.
2215 1849 2306 1902 25.
2345 1867 2364 1900 ι
2397 1846 2562 1903 Facta
2587 1854 2669 1902 est
2697 1857 2874 1902 autem
2911 1849 3134 1917 quaestio
3162 1862 3226 1902 ex
3252 1847 3529 1916 discipulis

1949 1941 2173 1996 Joannis
2197 1955 2322 1995 cum
2345 1939 2546 1995 Judaeis
2578 1940 2643 1995 de
2675 1940 3048 2009 puriﬁcatione
3077 1979 3091 1993 .
3119 1958 3139 1991 ι
3333 1939 3338 1942 ’

2011 2030 2198 2099 Neque
2251 2029 2500 2096 Joannis,
2553 2045 2728 2101 neque
2777 2029 3165 2100 discipulorum
3228 2029 3530 2100 baptismus

1951 2119 2213 2192 Spiritum
2239 2130 2488 2176 sanctum
2522 2120 2870 2176 conferebat:
2899 2121 2992 2177 sed
3030 2137 3096 2176 ne
3131 2121 3404 2190 sigillatim
3428 2119 3527 2176 ob-

1950 2212 2150 2277 eundo,
2195 2212 2428 2283 singulis
2457 2212 2684 2268 seorsim
2713 2213 2991 2268 Christum
3015 2214 3392 2284 praedicarent,
3435 2212 3530 2268 ba-

1949 2304 2204 2374 ptismum
2231 2303 2732 2369 constittteruntmt
2755 2304 2821 2358 ad
2855 2319 2978 2360 eum
3012 2304 3301 2360 confertim
3329 2319 3523 2361 accur-

1949 2403 2130 2450 rentes
2174 2393 2360 2450 turbas
2395 2395 2461 2448 ad
2489 2393 2767 2450 Christum
2792 2393 3146 2450 adducerent.

2017 2485 2182 2541 Vens.
2215 2487 2308 2542 26.
2345 2505 2364 2538 ι
2389 2486 2457 2542 Ει
2485 2496 2754 2542 venerunt
2778 2486 2845 2541 ad
2877 2485 3160 2552 Joannem,
3186 2496 3242 2543 et
3271 2485 3526 2542 dixerunt

1948 2579 2032 2633 ei:
2093 2577 2288 2646 Rabbi,
2310 2579 2401 2648 qui
2434 2586 2554 2632 erat
2583 2586 2760 2633 tecum
2797 2587 2950 2634 trans
3007 2577 3321 2645 Jordanem,
3354 2577 3440 2633 cui
3469 2586 3526 2632 tu

1951 2670 2317 2727 testimonium
2345 2671 2690 2742 perhibuisti,
2714 2684 2846 2727 ecce
2913 2671 3002 2728 hic
3032 2671 3290 2742 baptizat,
3333 2678 3386 2726 et
3410 2685 3526 2727 om-

1949 2775 2045 2817 nes
2068 2761 2291 2817 veniunt
2317 2761 2384 2816 ad
2412 2774 2536 2816 eum
2563 2797 2578 2814 .
2606 2779 2625 2812 ι

2012 2850 2168 2922 Aqua
2202 2849 2565 2918 lustrationis;
2595 2851 2684 2906 cui
2729 2849 2940 2920 aspersi
2987 2856 3146 2905 erant
3193 2849 3412 2904 cineres
3438 2846 3518 2900 vi-

1948 2942 2093 3006 tulae,
2129 2942 2486 2998 involuntaria
2533 2950 2756 3012 peccata
2796 2939 3130 3018 perpurgaba
3145 2947 3184 3005 ι,
3231 2949 3339 2995 eta
3375 2951 3526 2991 mor-

1949 3034 2102 3090 ticini
2146 3042 2398 3090 contactu
2431 3021 2762 3087 emundabat
2807 3049 2822 3086 :
2858 3031 3084 3086 Joannis
3129 3037 3309 3084 autem
3349 3027 3524 3097 bapti-

1957 3135 2109 3177 smus
2131 3135 2258 3176 rere
2284 3120 2673 3189 paenitentibus
2687 3119 2846 3173 etiam
2865 3127 3082 3189 peccata
3110 3117 3414 3173 voluntaria
3442 3117 3524 3172 di-

1947 3210 2218 3267 mittebat.
2266 3209 2472 3265 Christi
2505 3222 2636 3264 vero
2701 3209 3008 3278 baptisutus
3055 3207 3296 3262 omnium
3357 3207 3517 3276 plane

1947 3309 2296 3372 peccatorum
2373 3299 2858 3365 condonationem,
2917 3299 3202 3368 ipsumque
3251 3297 3518 3366 Spiritum

1944 3401 2196 3449 sanctum
2222 3389 2556 3461 conferebat,
2586 3399 2749 3460 atque
2771 3390 3082 3460 adoptionis
3115 3388 3455 3457 dignitatem.

2012 3484 2256 3553 QumStio
2283 3491 2466 3538 autem
2508 3483 2610 3538 ista
2641 3496 2738 3551 per
2766 3481 3253 3551 dispensationem,
3305 3477 3520 3534 Joanne

1943 3575 2120 3629 adhuc
2139 3573 2454 3645 superstite,
2511 3573 2762 3644 contigit,
2793 3583 2853 3628 ut
2875 3573 2960 3628 vel
3002 3572 3121 3642 ipso
3160 3579 3305 3626 teste
3344 3570 3520 3640 bapti-

1945 3675 2181 3719 smatum
2219 3663 2527 3720 differentia
2555 3675 2854 3720 constaret.

2008 3752 2173 3808 Vsus.
2209 3755 2298 3810 29.
2334 3774 2352 3806 ι
2375 3755 2478 3820 Qui
2509 3755 2673 3810 habet
2696 3767 3222 3824 sponsam,sponsus
3239 3761 3360 3808 est:
3387 3750 3518 3805 ami-

1942 3857 2043 3914 cus
2073 3853 2252 3896 autem
2291 3843 2502 3910 sponsi,
2553 3841 2646 3910 qui
2699 3851 2831 3904 stat,
2867 3850 2922 3894 et
2961 3841 3114 3893 audit
3141 3854 3286 3902 eum,
3321 3837 3516 3909 gaudio

1943 3929 2146 4000 gaudet
2177 3937 2400 3996 propter
2427 3942 2617 3983 vocem
2649 3927 2856 3998 sponsi.
2927 3925 3042 3982 Hoc
3087 3941 3220 3996 ergo
3261 3927 3514 3996 gaudium

1943 4032 2124 4075 meum
2153 4015 2430 4086 impletum
2453 4025 2569 4072 est.
2599 4033 2618 4067 ι
3188 4019 3196 4026 ‘

2015 4107 2266 4161 Christus
2294 4119 2389 4176 per
2415 4105 2688 4173 baptisma
2749 4113 3128 4178 regeneratam
3159 4101 3262 4158 sibi
3285 4103 3516 4172 despon-

1943 4203 2028 4250 sat
2055 4194 2378 4250 Ecclesiam.
2433 4195 2548 4250 Hoc
2577 4204 2758 4250 autem
2787 4193 3098 4264 conjugium
3139 4193 3386 4263 spiritale
3419 4206 3516 4262 per

1945 4287 2169 4342 verbum
2201 4285 2467 4342 doctrinae
2485 4286 2766 4356 conjungit
2799 4285 2942 4342 Deo.
2993 4285 3207 4354 Sponsa
3243 4298 3392 4352 vero,
3461 4291 3516 4338 et

1943 4379 2096 4448 virgo
2122 4385 2224 4443 est,
2252 4387 2306 4432 et
2326 4386 2499 4443 casta,
2537 4387 2758 4446 propter
2779 4377 3090 4448 dogmatum
3109 4375 3514 4430 sinceritatem:

1945 4485 2064 4540 quae
2079 4471 2132 4524 et'
2161 4471 2277 4539 ipsa
2309 4483 2446 4524 uxor
2477 4479 2562 4524 est
2590 4469 2816 4534 Christi,
2846 4468 3024 4538 quoad
3045 4465 3242 4538 probas
3271 4467 3516 4520 actiones

1939 4562 2104 4631 parit,
2139 4577 2245 4617 non
2274 4563 2488 4632 quidem
2514 4576 2543 4615 a
2595 4560 2910 4632 semetipsa,
2939 4561 3034 4616 sed
3080 4574 3146 4616 ex
3198 4557 3399 4612 Christi
3433 4559 3514 4612 in-

1942 4653 2266 4723 spiratione.
2319 4653 2417 4710 Cui
2459 4653 2636 4709 nullus
2665 4653 2834 4722 possit
2871 4666 2994 4706 esse
3015 4659 3230 4706 creatus
3260 4663 3511 4720 sponsus.

1939 4758 2064 4799 eum
2090 4744 2248 4800 nullae
2267 4755 2531 4800 creaturae
2551 4751 2846 4814 competat,
2877 4738 3215 4812 primitivum
3263 4757 3388 4797 esse
3417 4743 3514 4796 bo-

1941 4851 2134 4891 norum
2167 4835 2502 4904 largitorem.
2566 4835 2759 4892 Omnis
2819 4835 3002 4904 itaque
3042 4844 3230 4887 natura
3289 4831 3510 4903 praedita

1942 4927 2178 4992 ratione,
2233 4925 2350 4980 sive
2394 4925 2710 4995 angelorum
2773 4924 2889 4980 sive
2949 4924 3250 4990 hominum,
3313 4935 3510 4994 sponsa

1940 5024 2047 5070 est.

2008 5121 2259 5178 Christus
2308 5107 2450 5178 νει-θ’
2492 5136 2724 5192 sponsus
2755 5141 2768 5177 :
2798 5131 2853 5178 et
2900 5137 3098 5192 sponsa
3149 5137 3364 5192 quoque
3408 5111 3529 5176 Ec?

1939 5212 2124 5278 clesia,
2162 5212 2544 5284 thalamusque
2574 5215 2864 5284 nuptialis,
2913 5213 3168 5284 baptismi
3214 5213 3384 5279 locus,
3421 5213 3510 5269 ubi

1938 5308 2201 5377 spiritalis
2259 5308 2358 5362 ista
2384 5308 2695 5378 conjunctio
2727 5308 3024 5378 perﬁcitur,
3073 5305 3510 5377 quandoquidem

1940 5401 2014 5455 ibi
2039 5402 2220 5455 omnia
2247 5400 2479 5455 illustria
2533 5401 2665 5465 sint,
2701 5409 2755 5454 et
2783 5399 2980 5469 gaudio
3005 5399 3300 5468 laetitiaque
3325 5399 3507 5469 plena.

1939 5496 2078 5564 Quid
2105 5497 2250 5549 enim
2283 5495 2491 5550 beatius
2533 5511 2696 5564 quam
2729 5510 2757 5548 a
2793 5493 3029 5563 peccatis
3053 5491 3510 5558 emundari,Deo-

1939 5602 2044 5656 que
2073 5585 2348 5653 conjungi,
2396 5596 2556 5654 atque
2591 5586 2824 5650 Spiritus
2855 5585 3030 5639 sancti
3073 5583 3508 5654 participatione,

1941 5675 2132 5732 divinae
2159 5685 2368 5730 natura:
2426 5685 2729 5731 consortem
2805 5676 3112 5732 exsistere?
3165 5673 3290 5731 Haec
3317 5674 3510 5746 pignus
