4038 6148
323 400 455 468 1417

1374 381 1835 451 FRAGMENTA
1873 382 1955 445 IN
1996 384 2037 446 S
2090 378 2446 447 JOANNEM

3398 368 3560 434 :1418

320 522 469 589 ἅγιοι
492 514 581 569 διὰ
613 511 820 574 ἱκεσίας
850 505 1066 562 ποιοῦσι
1091 503 1182 558 τὸν
1213 500 1450 572 Χριστὸν
1469 496 1538 553 δι’
1568 495 1745 554 αὐτῶν
1770 497 1892 549 ἐπι·
1919 528 1931 558 λ

2032 509 2069 562 3,
2096 493 2238 550 sicut
2263 504 2534 557 creatura,
2568 497 2896 562 quapropter
2930 487 3045 557 ipse
3073 497 3285 557 quoque
3313 497 3434 537 eum
3457 485 3558 537 do-

320 608 624 692 χορηγῆσαι
646 604 706 658 τὸ
731 599 975 672 Πνεῦμα.
1005 592 1223 671 [εἶμι]

401 796 420 828 ι
468 773 529 829 '0
570 776 762 843 Πατήρ
795 768 984 840 ἁγαπᾷ
1009 766 1100 820 τὸν
1130 763 1276 820 Υίόν.
1310 781 1331 815 ι

397 862 460 917 Et
504 863 599 918 καὶ
626 861 816 930 ἀγαπᾷ
859 857 950 913 τὸν
981 857 1185 925 κόσμον
1216 854 1246 907 6
1276 851 1464 923 Πατὴρ
1485 890 1500 917 ,
1531 849 1646 905 ἀλλ’
1686 850 1786 921 οὑχ
1820 849 1895 914 ὡς

1995 598 2110 642 nat.
2162 585 2348 642 Sancti
2379 595 2558 640 autem
2594 597 2689 652 per
2720 594 2910 650 preces
2963 592 3091 633 suas
3138 577 3190 631 id
3219 573 3474 643 elliciuut,
3504 583 3563 628 ut

1995 676 2245 731 Christus
2276 688 2464 730 eorum
2499 672 2675 745 gratia
2705 668 2964 742 Spiritum
2994 668 3259 739 largiatur

2066 767 2235 823 Vsus.
2268 767 2358 823 35.
2417 783 2437 819 ι
2472 766 2630 820 Pater
2678 763 2854 834 diligit
2917 760 3137 815 Filium.
3165 777 3185 810 ι

2052 857 2293 915 Tametsi
2349 858 2607 912 mundum
2660 869 2875 925 quoque
2931 853 3095 908 Pater
3152 856 3316 914 amet,
3349 862 3455 901 non
3480 858 3569 902 ,ιιι-

336 954 418 1009 ιδν
459 953 609 1016 Υἱδν,
636 951 695 1004 ὃν
742 947 1155 1019 ὑπερδαλόντως
1195 944 1387 1014 ἀγαπᾷ
1412 941 1501 996 διὰ
1530 941 1631 1013 τὴν
1663 940 1898 1012 φυσικὴν

2032 967 2122 1007 ten
2193 961 2252 1006 ut
2282 948 2498 1013 Filium,
2529 962 2687 1016 quem
2733 954 2957 1015 propter
3001 938 3304 996 naturalem
3352 953 3580 1006 genera-

337 1047 603 1116 γέννησιν,
648 1041 725 1104 ὡς
770 1041 901 1095 ἴδιον
940 1039 1132 1106 Λόγον,
1180 1036 1275 1089 καὶ
1318 1033 1532 1103 σοφίαν,
1580 1034 1673 1087 καὶ
1718 1029 1899 1089 ἀπαύ-

339 1151 539 1207 γασμα.

408 1246 428 1281 ι
467 1227 573 1279 Καὶ
599 1224 777 1279 πάντα
800 1221 1028 1275 δέδωκεν
1051 1220 1110 1272 ἐν
1139 1220 1205 1289 τῇ
1232 1216 1377 1288 χειρὶ
1404 1213 1592 1270 αὐτοῦ.
1632 1233 1652 1266 ι

402 1319 538 1372 Τότε
562 1314 861 1387 πληροῦται
883 1311 1041 1365 τοῦτο
1063 1348 1078 1375 ,
1107 1310 1196 1362 ὅτε
1220 1307 1361 1362 κατά
1394 1307 1485 1360 τὸν
1517 1305 1616 1376 τῆς
1643 1302 1902 1374 δευτέρας

335 1407 631 1481 παρουσίας
668 1403 880 1475 καιρὸν,
924 1402 1032 1456 πᾶν
1071 1399 1202 1469 γόνυ
1243 1396 1394 1468 αὐτῷ
1430 1396 1718 1481 κάμπτει,
1766 1395 1904 1448 ἀπο-

2001 1043 2224 1106 tionem,
2259 1048 2516 1109 tanquam
2544 1038 2821 1107 proprium
2857 1034 3195 1098 Verbutn,‘et
3220 1029 3567 1098 sapientiam,

2000 1145 2066 1188 ac
2107 1131 2472 1202 splendorem,
2494 1128 2754 1199 singulari
2778 1140 3002 1195 prorsus
3031 1122 3191 1179 modo
3225 1122 3422 1194 diligit.

2062 1240 2081 1273 ι
2111 1220 2176 1276 Et
2206 1219 2386 1275 omnia
2411 1218 2557 1273 dedit
2587 1218 2640 1271 in
2669 1231 2830 1271 manu
2879 1215 3016 1285 ejus.
3045 1233 3066 1267 ι

2052 1310 2207 1369 Tunc
2240 1313 2342 1366 hoc
2384 1309 2717 1380 implebitur,
2775 1307 2991 1378 quando
3052 1314 3292 1375 tempore
3349 1304 3571 1360 secundi

2006 1405 2271 1461 adventus
2331 1415 2491 1456 omne
2528 1414 2670 1470 genu
2733 1398 2833 1468 ipsi
2865 1395 3199 1460 curvabitur,
3254 1395 3403 1450 omni
3460 1393 3572 1461 iam

335 1479 604 1551 ϐαλόντων
641 1494 710 1566 ἢν
748 1494 929 1563 ἔχουσι
970 1489 1191 1544 κακίαν.
1222 1488 1395 1557 Χεῖρα
1420 1479 1523 1539 ὧδε
1550 1483 1648 1555 τὴν
1676 1483 1908 1554 δύναμιν

2032 1490 2215 1551 ualitia
2239 1493 2472 1550 sublata.
2506 1490 2720 1545 Manum
2744 1490 2832 1544 hic
2860 1488 3087 1558 appellat
3108 1488 3384 1551 virtutem,
3412 1501 3573 1555 quam

335 1590 506 1653 καλεῖ,
530 1587 597 1657 ἢν
632 1586 743 1655 ἔχει
771 1585 800 1636 6
834 1581 960 1645 Υἱδς
984 1579 1228 1650 φυσικῶς
1247 1616 1263 1641 ,
1294 1576 1391 1631 καὶ
1412 1576 1473 1629 οὺ
1502 1573 1863 1647 μεταληπτῶς
1888 1612 1904 1640 ,

2010 1586 2182 1642 Filius
2205 1592 2398 1640 natura
2428 1598 2548 1645 sua.
2582 1598 2689 1638 non
2731 1590 2910 1637 autem
2937 1578 3345 1650 participatione
3373 1579 3532 1653 habet
3558 1595 3574 1642 ;

336 1683 412 1744 ὼς
439 1679 532 1733 τοῦ
562 1675 767 1747 ἀγαθοῦ
798 1674 998 1739 παντὸς
1037 1669 1313 1733 οὺσιωδῶς
1334 1667 1485 1730 ὄντος
1512 1667 1570 1720 ἐν
1597 1665 1791 1736 Πατρὶ,
1819 1662 1912 1716 καὶ

2032 1677 2445 1733 Patrenimirum
2476 1688 2637 1731 omne
2697 1672 2897 1728 bonum
2954 1670 3387 1727 substantialiter
3443 1685 3577 1725 con-

340 1774 399 1825 ἐν
425 1770 647 1838 δυνάμει
692 1766 982 1837 νοουμένου
1011 1762 1105 1817 τοῦ
1132 1760 1288 1815 Υἱοῦ.
1317 1757 1602 1841 Λαμδάνει
1626 1756 1682 1810 δὲ
1709 1755 1801 1809 καὶ
1835 1753 1911 1816 ὡς

2014 1768 2241 1832 tinente,
2280 1764 2526 1835 Filioque
2550 1779 2644 1834 per
2678 1763 2936 1819 virtutem
2986 1760 3286 1817 intellecto.
3366 1760 3579 1834 Accipit

343 1863 624 1935 ἄνθρωπος
662 1861 728 1930 ἣν
772 1854 920 1929 εἶχεν
975 1855 1250 1922 ἐξουσίαν,
1282 1853 1377 1907 καὶ
1411 1850 1518 1922 πρὸ
1565 1848 1665 1918 τῆς
1704 1844 1919 1925 σαρκώη

2032 1869 2194 1916 tutem
2218 1866 2277 1915 ut
2306 1862 2468 1915 homo
2493 1866 2841 1929 potestatem,
2907 1871 3069 1928 quam
3103 1858 3268 1912 etiam
3319 1865 3446 1912 ante
3498 1858 3583 1911 in-

345 1966 483 2012 σεως
512 1948 587 2011 ὠς
612 1947 764 2010 Θεός.

420 2059 439 2093 ι
484 2039 550 2093 Ἦ
578 2038 717 2108 ὀργὴ
744 2035 837 2091 τοῦ
867 2034 1003 2090 Θεοῦ
1033 2033 1186 2106 μένει
1214 2034 1301 2086 ἐπ’
1344 2029 1526 2086 αὑτόν.
1561 2046 1581 2081 ι

424 2129 593 2200 Ὀργὴ
627 2128 683 2181 δὲ
721 2126 856 2181 Θεοῦ
898 2127 959 2180 τὸ
1002 2129 1062 2179 ἐν
1111 2123 1362 2195 βασάνοις
1402 2116 1543 2175 εἷναι
1590 2118 1915 2191 διηνεκέσιν,

346 2222 484 2292 ὅπερ
509 2220 627 2274 ἐστὶ
650 2219 850 2283 παντὸς
881 2217 1114 2272 θανάτου
1138 2212 1543 2286 χαλεπώτερον.

937 2352 1188 2408 ΚΕΦΑΛ.
1226 2352 1302 2405 Δ⁹.

427 2512 446 2548 ι
488 2495 578 2558 Ὠς
598 2488 694 2548 οὖν
717 2489 857 2560 ἔγνω
877 2489 906 2541 6
938 2484 1143 2557 Κύριος
1166 2485 1246 2535 ὅτι
1271 2483 1513 2552 ἥκουσαν
1534 2479 1584 2531 oi
1610 2477 1916 2546 Φαρισαῖοι,

349 2585 431 2638 ὅτι
476 2582 683 2653 Ἰησοῦς
730 2577 981 2639 πλείονας
1020 2572 1267 2645 μαθητάς
1309 2571 1475 2630 ποιεῖ,
1504 2568 1598 2620 καὶ
1633 2564 1920 2636 βαπτίζει,

351 2680 384 2749 ἢ
442 2676 690 2744 Ἰωάννης
724 2689 740 2706 ο
782 2670 1027 2737 καίτοιγε
1067 2663 1271 2737 Ἰησοῦς
1295 2663 1456 2725 αὐτὸς
1484 2662 1583 2713 οὐκ
1607 2655 1919 2724 ἐϐάπτιζεν,

351 2746 466 2820 ἀλλ’
504 2766 555 2816 οί
600 2760 838 2833 μαθηταὶ
898 2754 1097 2811 αὐτοῦ’
1141 2751 1324 2822 ἀφῆκε
1380 2751 1478 2822 τὴν
1522 2747 1803 2816 Ἰουδαίαν,
1830 2746 1925 2801 καὶ

352 2854 562 2926 ἀπῆλθε
588 2851 753 2907 πάλιν
781 2851 862 2913 είς
885 2848 984 2918 τὴν
1005 2843 1320 2900 Γαλιλαίανι
1358 2860 1378 2894 ι

424 2943 626 2999 ’Ἦλθεν
658 2943 844 2996 ἐκεῖνα
869 2937 976 3009 πρὸ
1004 2934 1098 2990 τοῦ
1130 2934 1338 2997 πάθους
1362 2929 1640 3002 ὠφελῆσαι
1671 2929 1921 2995 τούτους,

353 3039 446 3093 διὰ
463 3036 559 3092 τοῦ
583 3029 941 3104 εὐαγγελικοῦ
966 3027 1341 3100 κηρύγματος.

424 3130 492 3185 Et
525 3129 621 3183 καὶ
648 3124 787 3181 οἶδεν
819 3124 998 3178 πάντα
1025 3120 1100 3185 ὡς
1139 3119 1292 3184 Θεὸς,
1341 3115 1477 3171 ἀλλὰ
1502 3113 1596 3168 καὶ
1621 3111 1781 3167 τοῦτο
1808 3113 1927 3166 θεο-

2018 1952 2387 2008 carnationem
2449 1950 2641 2006 habuit
2670 1958 2731 2005 ut
2755 1949 2922 2005 Deus.

2081 2040 2247 2099 Vsus.
2276 2042 2368 2097 36.
2404 2060 2424 2094 ι
2466 2042 2547 2097 lra
2583 2041 2675 2097 Dei
2710 2049 2892 2095 manet
2910 2054 3074 2110 super
3095 2054 3241 2093 eum.
3278 2054 3301 2092 ι

2078 2134 2162 2189 lra
2185 2141 2364 2188 autem
2391 2132 2484 2187 Dei
2542 2141 2645 2197 est,
2691 2131 2745 2186 in
2800 2132 3074 2202 perpetuis
3124 2129 3411 2186 tormentis
3460 2144 3583 2187 ver-

2019 2224 2152 2290 sari,
2197 2224 2340 2293 quod
2369 2222 2609 2294 qualibet
2637 2228 2810 2277 morte
2840 2222 3063 2293 gravius
3091 2230 3201 2277 est.

2664 2353 2817 2410 CAP.
2854 2354 2938 2410 IV.

2096 2490 2259 2547 Vsus.
2301 2491 2413 2546 1-5.
2458 2509 2477 2542 ι
2504 2490 2575 2545 Ut
2609 2504 2737 2560 ergo
2769 2489 3017 2560 cognovit
3039 2486 3199 2545 Jesus
3236 2488 3360 2558 quia
3400 2488 3588 2543 audie-

2025 2594 2151 2638 runt
2201 2583 2458 2639 Pharisaei
2506 2586 2647 2653 quod
2694 2582 2854 2638 Jesus
2885 2582 3068 2653 plures
3093 2580 3394 2652 discipulos
3430 2584 3587 2645 lacit,

2024 2688 2078 2730 et
2109 2675 2370 2743 baptizat,
2402 2689 2564 2744 quam
2618 2674 2875 2741 Joannes,
2943 2687 3250 2744 quanquam
3294 2671 3452 2728 Jesus
3484 2690 3589 2728 non

2024 2767 2347 2836 baptizaret,
2381 2769 2477 2823 sed
2509 2768 2755 2839 discipuli
2797 2767 2937 2838 ejus,
2971 2765 3189 2837 reliquit
3226 2762 3490 2836 Judznaut,
3537 2774 3595 2820 et

2026 2859 2159 2914 abiit
2188 2858 2385 2914 iterum
2418 2858 2472 2913 in
2502 2856 2806 2913 Galilaeam.
2836 2874 2862 2908 ι

2094 2949 2254 3007 Venit
2273 2964 2360 3015 eo,
2396 2960 2455 3005 ut
2481 2949 2792 3019 evangelica
2820 2947 3204 3018 praedicatione
3231 2955 3356 3003 ante
3377 2946 3593 3017 passio-

2028 3054 2147 3096 nem
2175 3055 2328 3097 suam
2355 3041 2421 3097 iis
2453 3041 2751 3110 prodesset.

2099 3132 2213 3187 Etsi
2259 3133 2439 3189 omnia
2473 3129 2678 3187 sciebat
2711 3139 2771 3183 ut
2795 3127 2959 3193 Deus,
3002 3135 3238 3183 attamen
3262 3125 3366 3181 hoc
3396 3127 3594 3182 divinae

352 3220 599 3293 πρεποῦς
644 3215 955 3286 οἰκονομίας
979 3251 995 3278 ,
1026 3210 1088 3265 τὸ
1127 3209 1268 3263 κατὰ
1312 3206 1502 3277 καιρὸν
1532 3205 1705 3258 ποιεῖν
1730 3220 1803 3270 τι,
1833 3202 1928 3256 καὶ

2032 3223 2418 3293 dispensationi
2469 3233 2597 3291 erat
2632 3230 3079 3286 consentaneum,
3146 3230 3205 3274 ut
3266 3230 3596 3290 opportune,

354 3313 475 3368 τότε
512 3311 687 3365 δοκεῖν
718 3305 1031 3378 μανθάνειν,
1075 3303 1165 3354 ὅτε
1193 3299 1351 3370 χρεία
1386 3295 1554 3349 ἐστίν.

426 3402 567 3454 Ὀσα
597 3399 653 3451 δὲ
676 3396 821 3450 κατὰ
857 3392 1162 3447 συναίνεσιν
1186 3387 1294 3440 τῶν
1332 3385 1648 3453 ἡγουμένων
1683 3379 1929 3434 ποιοῦσιν

355 3495 407 3547 οἱ
439 3492 693 3562 ὑπήκοοι,
734 3485 914 3541 αὐτῶν
955 3483 1214 3555 ὁρόντων,
1266 3476 1363 3530 καὶ
1404 3476 1479 3545 μὴ
1517 3472 1930 3540 ἀντιλεγόντων,

356 3585 392 3657 ἢ
417 3582 733 3638 κωλυόντων
771 3581 819 3632 οἱ
857 3576 1149 3647 ἡγούμενοι
1191 3562 1439 3637 λέγονται
1479 3567 1674 3657 ποιεῖν.
1705 3562 1931 3634 Πρῶτον

358 3652 469 3749 γάρ
522 3673 690 3728 εἰπὼν
742 3672 824 3725 ὅτι
887 3665 1092 3739 Ἰησοῦς
1125 3660 1443 3725 ἐϐάπτιζεν,
1493 3652 1598 3712 ὧδε
1637 3656 1804 3724 λέγει,
1848 3655 1933 3706 ὄτι

371 3767 577 3838 Ἰησοῦς
619 3766 719 3818 οὐκ
761 3762 1074 3822 ἐϐάπτιζεν,
1120 3756 1219 3822 τὴν
1263 3750 1370 3803 τῶν
1427 3746 1684 3819 μαθητῶν
1733 3746 1933 3815 πρᾶξιν

361 3835 512 3929 αὐτῷ
535 3855 855 3927 προσνέμων
873 3849 1119 3919 δυνάμει,
1145 3847 1195 3896 εί
1214 3845 1310 3896 καὶ
1337 3840 1411 3911 μὴ
1435 3835 1684 3929 ἐνεργείᾳ
1700 3837 1934 3929 ἐποιεῖτο

365 3925 668 4022 βάπτισμα.
716 3943 974 4015 Ἀρμόζει
1010 3939 1067 3991 δέ
1087 3937 1156 3990 τὰ
1175 3933 1440 4001 λεγόμενα
1462 3930 1539 3992 εἰς
1559 3928 1628 3980 τὰ
1654 3925 1933 4022 γινόμενα,

364 4015 517 4112 παρὰ
537 4015 646 4091 τῶν
672 4030 1153 4100 ἁποστελλομένων
1198 4023 1496 4095 κληρικῶν,
1537 4017 1688 4091 παρὰ
1720 4015 1937 4112 ἐπισκόῗ

365 4147 482 4184 πων
511 4132 589 4193 εἰς
622 4127 894 4188 συνόδους,
928 4122 962 4192 ἢ
996 4115 1278 4179 συνοδικὰς
1322 4108 1695 4181 ἐπιστολάς,ῆ
1726 4104 1939 4178 ἐτεροῖά

364 4240 486 4277 τινα
506 4221 763 4291 ἐχόντων’
798 4216 895 4270 καὶ
923 4214 1030 4282 γάρ
1061 4207 1248 4278 ἐπειδὴ
1279 4207 1329 4258 οἱ
1361 4203 1600 4275 μαθηταὶ
1628 4197 1933 4291 Εὐτυχοῦς,

367 4312 499 4383 περὶ
538 4289 814 4381 καρώσιος
868 4300 1230 4373 ἐφωράθησαν
1280 4296 1418 4366 μετὰ
1459 4294 1557 4365 τὴν
1610 4294 1667 4345 ἐν
1728 4289 1938 4383 Ἐφεσῳ

365 4379 632 4470 δευτέραν
654 4396 891 4461 σύνοδον,
935 4391 1094 4445 πάλιν
1124 4386 1530 4458 διεστραμμένα
1574 4382 1819 4450 δόγματα
1843 4379 1940 4430 λα-

2028 3315 2265 3385 quidque
2297 3325 2503 3386 ageret,

2031 3423 2159 3463 usus
2176 3416 2343 3463 GSSEI.

2100 3498 2368 3568 Quidquid
2395 3506 2574 3552 autem
2602 3496 2804 3553 subditi
2837 3495 3210 3566 superioribus
3249 3495 3602 3566 approbanti-

2033 3593 2154 3658 bus,
2189 3591 2431 3659 ipsisque
2458 3589 2832 3654 cernentibus,
2868 3598 2922 3644 et
2949 3603 3052 3643 non
3079 3589 3596 3651 contradicentibus.

2034 3695 2208 3748 neque
2240 3680 2544 3734 vetantibus
2573 3686 2759 3746 agunt,
2797 3678 2850 3732 id
2876 3678 3053 3747 ipsum
3087 3677 3392 3746 superiores
3422 3677 3603 3732 facere

2034 3772 2304 3824 dicuntur.
2362 3769 2497 3824 Cum
2537 3769 2680 3823 enim
2731 3769 2965 3837 primum
2996 3768 3245 3833 dixisset,
3281 3766 3464 3822 Jesum
3502 3771 3602 3822 baa

2035 3860 2309 3928 ptizasse;
2343 3859 2428 3912 hic
2451 3861 2550 3923 ait,
2590 3856 2773 3912 .lesum
2806 3856 3029 3911 minime
3057 3857 3383 3925 baptizasse,
3441 3857 3604 3912 disci-

2035 3951 2285 4021 pulorum
2314 3964 2452 4017 opus
2502 3950 2673 4018 ipsius
2700 3948 2983 4004 ascribens
3037 3948 3248 4014 virtuti,
3276 3948 3378 4002 etsi
3423 3951 3601 4018 feipsa

2036 4041 2470 4110 itonbaptizarit.
2504 4042 2926 4095 Accommodare
2952 4038 3117 4093 liceat
3170 4040 3285 4094 haec
3321 4041 3462 4094 dicta
3522 4040 3599 4091 la-

2037 4132 2138 4187 ctis
2165 4131 2509 4195 clericorum,
2533 4132 2599 4185 ab
2627 4131 2895 4200 episcopis
2925 4131 2991 4185 ad
3015 4129 3264 4196 concilia,
3290 4130 3604 4185 missiones-

2039 4237 2104 4275 vc
2165 4221 2451 4292 synodales
2498 4220 2581 4275 vel
2634 4221 2769 4275 alias
2815 4220 3081 4290 quaslibet
3153 4221 3603 4290 congregationes

2041 4312 2425 4381 delegatorum.
2495 4311 2700 4364 Etenim
2753 4325 2876 4366 cum
2957 4311 3204 4380 discipuli
3258 4309 3600 4380 Eutychetis.

2041 4413 2159 4472 post
2192 4406 2487 4458 secundum
2518 4402 2811 4459 concilium
2844 4402 3171 4471 Ephesinum
3205 4417 3434 4459 erronea
3481 4419 3604 4456 rur-

2577 3325 2798 3383 tumque
2855 3314 3066 3370 discere
3122 3312 3421 3379 videretur,
3471 3328 3595 3367 cum

366 4493 583 4555 λοῦντες
622 4487 930 4559 Εὐτυχοῦς,
983 4481 1218 4550 εὐλόγως
1260 4477 1503 4547 Εὑτυχὴς
1549 4472 1931 4543 ἁναθεματίζε·

2043 4507 2159 4545 sum
2216 4492 2528 4561 Eutychetis
2593 4494 2866 4562 dogmata,
2914 4506 3025 4562 prae
3077 4491 3241 4553 nimia
3298 4492 3607 4550 temulentia

368 4600 498 4648 ται,
557 4580 660 4635 κᾶν
719 4578 879 4640 αὐτὸς
933 4574 1109 4644 ἐφάνη
1162 4570 1312 4624 οὐδὲν
1379 4565 1616 4620 τοιοῦτον
1664 4562 1937 4632 λαλήσας,

366 4675 441 4738 ὼς
478 4672 692 4727 ἁκούων
728 4671 837 4724 τῶν
879 4665 1043 4722 αὑτοῦ
1093 4661 1350 4736 μαθητῶν
1387 4657 1690 4713 λαλούντων
1743 4653 1812 4708 τά
1866 4652 1941 4724 μὴ

368 4768 524 4838 ὀρθὰ,
561 4768 654 4819 καὶ
700 4763 942 4818 σιωπῶν.
973 4758 1055 4812 Τὰ
1084 4758 1193 4827 γὰρ
1220 4758 1284 4808 ἐκ
1309 4753 1415 4807 τῶν
1451 4747 1712 4821 μαθητῶν
1747 4745 1942 4838 λαλού-

371 4837 507 4931 μενα
527 4898 543 4923 ,
575 4859 609 4928 ἢ
636 4858 931 4927 γινόμενα,
973 4854 1054 4915 είς
1094 4849 1156 4902 τὸ
1177 4846 1271 4901 τοῦ
1301 4840 1622 4898 διδασκάλου
1650 4837 1942 4910 πρόσωπον

368 4928 681 5023 άνατρὲχει.
713 4949 898 5011 Οὕτως
927 4949 955 5000 6
996 4944 1114 4996 Ἠλὶ
1145 4936 1433 5012 ἐμέμφθη,
1463 4932 1793 5006 ἀνεχόμενος
1834 4928 1943 4981 τῶν

370 5042 568 5097 ἑαυτοῦ
605 5040 735 5092 υἱῶν
768 5035 1095 5098 πταιόντων,
1128 5030 1204 5094 ὡς
1232 5024 1580 5098 ἁμαρτήσας.

453 5261 469 5293 ι
511 5241 660 5292 Ἔδει
691 5237 746 5290 δὲ
784 5232 945 5291 αὐτὸν
985 5224 1293 5300 διέρχεσθαι
1339 5222 1425 5278 διὰ
1465 5218 1565 5290 τῆς
1609 5217 1939 5287 Σαμαρείας.

378 5334 640 5402 Ἔρχεται
676 5327 769 5381 οῦν
815 5326 895 5387 εἰς
948 5322 1100 5375 πόλιν
1146 5320 1242 5387 τῆς
1292 5312 1604 5402 Σαμαρείας
1650 5307 1945 5402 λεγομένην

377 5394 570 5492 Σιχὰρ,
606 5417 830 5487 πλησίον
863 5411 958 5465 τοῦ
993 5408 1191 5481 χωρίου
1229 5405 1257 5457 ὃ
1289 5403 1488 5457 ἔδωκεν
1535 5394 1725 5452 Ἰακὼὸ
1755 5394 1947 5464 Ἰωσὴφ

376 5514 453 5581 τί)
482 5510 585 5580 υἱῷ
617 5507 799 5562 αὑτοῦ.
835 5524 854 5558 ο

451 5575 683 5669 Ὅμοροι
716 5596 854 5666 ἦσαν
896 5593 1006 5645 τῶν
1061 5588 1330 5643 Ἰουδαίων
1371 5583 1418 5638 οἱ
1457 5579 1829 5652 Σαμαρεῖται,
1869 5575 1950 5630 διὸ

382 5693 473 5743 καὶ
502 5689 611 5741 άπὸ
641 5686 739 5754 τῆς
771 5682 952 5752 πηγῆς
980 5680 1223 5732 ἐπίνοντο
1249 5675 1342 5728 τοῦ
1377 5672 1589 5727 Ἰακώϐ.
1617 5672 1948 5739 Σαμαρεῖται

385 5784 438 5834 δὲ
469 5785 533 5833 ἐκ
565 5777 751 5846 γένους
790 5773 941 5834 ὄντες
977 5770 1070 5823 τοῦ
1113 5769 1313 5837 Μήδων
1347 5765 1440 5817 καὶ
1472 5760 1698 5833 Περσῶν
1734 5760 1948 5822 ἔθνους,

704 5870 971 5931 Parum"
1013 5867 1128 5927 Gn.
1167 5863 1456 5925 LXXXV.

2041 4581 2253 4637 cmttire
2276 4584 2540 4652 comperti
2593 4583 2723 4648 sint,
2754 4582 2878 4650 jure
2935 4584 3289 4638 meritissimo
3334 4584 3608 4655 Eutychus

2040 4671 2385 4726 anathemate
2442 4670 2657 4735 feritur,
2713 4671 2927 4726 tametsi
2978 4672 3110 4726 nihil
3150 4673 3266 4740 ipse
3315 4673 3490 4726 simile
3529 4674 3611 4727 di-

2045 4763 2187 4816 xisse
2217 4763 2366 4816 visus
2397 4762 2489 4826 sit,
2545 4773 2728 4831 utpote
2761 4762 2873 4831 qui,
2935 4777 3058 4817 eum
3119 4762 3414 4830 discipulos
3481 4778 3609 4819 suos

2045 4867 2150 4905 non
2179 4864 2322 4908 recta
2360 4852 2504 4921 loqui
2553 4854 2871 4919 audivisset,
2898 4853 3160 4908 siluisset.
3215 4858 3344 4921 Quae
3386 4857 3530 4909 enim
3577 4875 3608 4911 ιι

1990 4990 2002 5001 .
2045 4942 2322 5010 discipulis
2376 4944 2628 4997 dicuntur
2662 4944 2740 4998 vel
2783 4947 2915 4998 tiunt
2941 4984 2957 5011 ,
3000 4945 3051 4998 in
3102 4947 3446 5014 prxceptoris
3490 4962 3612 5013 per-

2045 5044 2232 5083 sonam
2264 5030 2587 5086 redundant.
2616 5030 2705 5085 Sic
2732 5043 2784 5085 et
2808 5031 2950 5096 lleli,
3000 5033 3139 5087 tilios
3163 5049 3292 5089 suos
3323 5047 3611 5103 peccantes

2048 5121 2268 5176 minime
2295 5136 2573 5188 coercens,
2600 5124 2844 5178 criminis
2876 5126 3139 5192 arguitur.

2119 5210 2281 5266 Vens.
2306 5213 2360 5278 Δ,
2391 5213 2445 5267 5.
2490 5231 2507 5265 ι
2543 5212 2843 5284 Oportebat
2877 5225 3058 5269 autem
3111 5230 3232 5268 eum
3263 5215 3494 5269 transire
3516 5229 3612 5286 per

2050 5304 2375 5360 Samariam.
2441 5302 2594 5359 Venit
2621 5319 2751 5371 ergo
2785 5306 2838 5358 in
2881 5304 3154 5359 civitatem
3195 5303 3454 5359 Samaria:
3493 5322 3613 5376 qius

2050 5396 2244 5449 dicitur
2273 5394 2501 5448 Sichar:
2545 5394 2697 5461 juxta
2759 5394 3016 5463 praedium
3048 5394 3189 5463 quod
3239 5396 3384 5449 dedit
3444 5394 3611 5449 Jacob

2048 5483 2245 5554 .loseph
2275 5485 2384 5538 tilio
2412 5500 2528 5538 suo.
2559 5501 2581 5536 ν

2121 5573 2455 5627 Contermini
2495 5582 2650 5626 erant
2698 5570 2898 5626 Judznis
2928 5571 3232 5634 Samaritae,
3286 5580 3613 5639 quapropter

2052 5666 2214 5719 etiam
2246 5663 2502 5719 bibebant
2536 5666 2599 5718 de
2634 5661 2783 5717 fonte
2806 5662 2996 5716 Jacob.
3053 5662 3380 5715 Samaritani
3411 5674 3613 5724 auzem,

2053 5774 2174 5813 cum
2209 5772 2270 5811 ex
2309 5767 2465 5827 gente
2495 5754 2769 5812 Medorum
2810 5767 2969 5826 atque
2990 5755 3273 5811 Persarum
3310 5769 3478 5823 genus
3510 5754 3613 5805 da-

3149 5850 3221 5902 Ιιῖι
