4038 6148
466 293 600 358 1419

1583 287 1918 348 ΑΜΜΟΝΙΙ
1958 287 2482 350 ALEXANDRINI

3569 292 3706 360 ΜΞο

464 419 673 473 cerent,
702 423 800 479 pro
848 405 1031 461 Jacobi
1063 403 1185 456 filiis
1237 416 1295 454 se
1348 400 1716 454 venditabant.
1757 399 1928 465 Quam
1957 399 2027 453 ob

2146 403 2469 472 ἐπεφήμιζον
2511 393 2738 466 ἑαυτοὺς
2784 403 2878 457 τοῦ
2950 405 3140 459 Ἰακὼϐ
3179 400 3276 477 (5).
3312 407 3472 472 Τίνος
3521 410 3710 466 ἕνεκεν

470 518 581 557 rem
635 513 766 553 vero
815 494 1140 564 evangelista
1207 501 1312 545 tam
1367 501 1611 544 exactam
1659 491 1756 543 loci
1800 490 2028 543 ruentiu-

467 609 588 648 nem
636 589 794 645 facit?
853 587 922 641 Ut
963 584 1244 646 videlicet,
1295 596 1415 635 cum
1469 580 1706 634 mulieris
1759 580 2032 634 mulierem

467 684 779 737 dicentem:
815 675 979 730 Iacob
1022 681 1171 741 pater
1213 681 1387 726 noster
1449 671 1590 723 dedit
1650 670 1795 723 nobis
1841 669 2035 738 fontem

467 780 625 838 hunc,
672 781 1011 838 nequaquam
1072 763 1448 834 peregrineris.
1515 761 1562 814 Is
1603 774 1832 829 namque
1889 758 2036 813 locus

467 870 606 926 erat,
637 858 730 912 ubi
778 856 925 910 Dina!
952 868 1117 909 causa
1146 849 1530 921 indiguahundi
1585 848 1783 902 fratres
1817 847 2033 902 Simeon

466 969 516 1007 rt
541 952 667 1006 Levi
705 958 984 1006 cruentam
1013 947 1157 1000 illam
1184 945 1387 999 eadem
1419 950 1823 1012 perpetrarunt.

540 1041 705 1096 Vens.
749 1039 803 1092 6.
849 1055 870 1091 ι
897 1037 1026 1092 Erat
1050 1044 1227 1088 autem
1259 1033 1330 1086 ibi
1367 1030 1690 1086 fons‘Jacob.
1725 1029 1882 1084 Iesus
1907 1043 2037 1098 ergo

471 1131 718 1200 fatigatus
739 1144 804 1182 ex
836 1129 1049 1188 itinere,
1083 1124 1306 1177 sedebat
1331 1124 1408 1175 sic
1433 1137 1591 1190 supra
1631 1120 1851 1173 fontem.
1894 1118 2035 1173 Hora

470 1232 582 1274 erat
607 1219 760 1289 quasi
797 1227 971 1272 sexta.
1009 1234 1028 1266 ι

532 1312 758 1368 Fontem
801 1309 885 1362 hic
919 1315 1074 1360 vocat
1109 1315 1348 1375 puteum,
1382 1317 1458 1356 eo
1484 1301 1627 1372 quod
1676 1301 1728 1354 in
1757 1299 1864 1355 “illo
1900 1313 2038 1370 aqua

469 1403 694 1457 ebulliat
720 1410 879 1468 atque
906 1397 1183 1451 scaturiat.
1238 1393 1461 1448 Puteum
1491 1400 1670 1446 autem
1705 1390 1891 1458 fuisse,
1939 1392 2037 1445 de-

469 1494 638 1546 clarat
665 1492 891 1559 ipsamet
931 1484 1293 1543 Samaritana,
1356 1481 1630 1536 Christum
1683 1480 1830 1533 hisce
1862 1479 2039 1534 verbis

471 1584 776 1650 alloquens:
824 1578 1004 1646 Neque
1053 1578 1107 1628 in
1154 1591 1254 1644 quo
1297 1573 1513 1626 haurias
1545 1571 1722 1633 habes,
1760 1580 1808 1623 et
1855 1579 2038 1638 puteus

472 1681 612 1726 altus
641 1681 740 1724 est.
798 1668 950 1721 llunc
988 1674 1164 1718 autem
1213 1662 1470 1718 eﬂ’oderat
1518 1661 1707 1715 Jacob.
1765 1656 1882 1713 Huc
1937 1658 2038 1711 ita-

2133 489 2566 558 ἁκριόολογεῖται
2587 487 2625 543 ’ό
2678 491 3069 563 εὐαγγελιστὴς
3094 494 3227 565 περὶ
3252 493 3346 549 τοῦ
3375 491 3575 564 τ’όπου;
3609 501 3706 553 Ἰν*

2132 580 2259 632 ὅταν
2313 577 2553 649 ἀκούσῃς
2599 581 2698 650 τῆς
2750 583 3011 649 γυναικὸς
3031 582 3344 654 λεγούσης,
3416 587 3628 642 Ἰακὼϐ
3673 592 3710 642 δ

2134 668 2328 738 πατὴρ
2355 669 2523 738 ἡμῶν
2546 669 2770 725 ἔδωκεν
2798 671 2916 739 τὴν
2948 673 3153 744 πηγὴν
3183 678 3428 744 ταύτην,
3461 679 3538 750 μὴ
3569 677 3708 743 ξενι-

2137 759 2289 830 σθῇς.
2332 761 2391 812 '0
2420 760 2527 830 γὰρ
2558 761 2721 826 τόπος
2752 763 2958 828 ἐκεῖνος
2985 759 3073 835 ἦν,
3103 765 3233 820 ἔνθα
3260 768 3388 838 περὶ
3415 769 3517 839 τῆς
3549 771 3709 834 Δίνας

2134 849 2184 900 οἱ
2222 848 2448 914 ἀδελφοὶ
2497 848 2628 902 Λευῒ
2673 851 2768 904 καὶ
2817 852 3041 922 Συμεὼν
3089 856 3560 924 ἀγανακτοῦντες,
3617 859 3710 913 τὸν

2135 941 2367 1010 χαλεπὸν
2395 942 2602 995 ἐκεῖνον
2629 942 2958 1014 εἰργάσαντο
2988 944 3168 1012 φόνον.

2213 1052 2232 1086 ι
2269 1027 2378 1086 Ἦν
2408 1034 2463 1086 δὲ
2501 1036 2616 1087 ἐκεῖ
2645 1035 2794 1104 πηγὴ
2835 1034 2929 1088 τοῦ
2983 1033 3198 1090 Ἰακώϐ.
3245 1035 3304 1088 '0
3344 1029 3440 1091 οὖν
3498 1038 3710 1110 Ἰησοῦς

2138 1125 2484 1187 κεκοπιακὼς
2511 1125 2575 1177 ὲκ
2602 1124 2702 1193 τῆς
2739 1124 3064 1195 ὁδοιπορίας,
3097 1124 3394 1191 ἐκαθέζετο
3414 1126 3587 1193 οὕτως
3613 1131 3713 1182 ἐπὶ

2135 1219 2202 1286 τῇ
2241 1219 2412 1286 πηγῇ.
2457 1217 2599 1286 Ὥρα
2622 1212 2688 1287 ἦν
2713 1215 2844 1268 ὡσεὶ
2872 1217 3027 1286 ἕκτη.
3065 1235 3085 1268 ›

2208 1309 2396 1379 Πηγὴν
2422 1308 2479 1361 δὲ
2508 1308 2568 1361 τὸ
2600 1309 2775 1379 φρέαρ
2813 1310 2946 1378 φησὶ
2967 1308 3056 1361 διὰ
3082 1309 3142 1361 τὸ
3155 1298 3371 1380 βρύειν,
3395 1311 3499 1365 ’καὶ
3528 1314 3711 1384 πηγά-

2139 1401 2252 1464 ζειν
2276 1401 2333 1452 ὲν
2366 1400 2514 1470 αὐτῷ
2546 1400 2607 1453 τὸ
2636 1399 2798 1471 ὕδωρ.
2835 1402 2955 1454 ’Ὁτι
2987 1399 3095 1470 γὰρ
3125 1402 3303 1474 φρέαρ
3328 1398 3416 1473 ἧν,
3444 1403 3595 1474 δηλοῖ
3622 1405 3715 1458 λέ-

2138 1501 2309 1560 γουσα
2359 1491 2393 1560 ἡ
2447 1491 2776 1560 Σαμαρεῖτις
2821 1489 2897 1560 τῷ
2943 1491 3185 1561 Χριστῷ
3239 1492 3386 1546 Οὔτε
3429 1494 3717 1565 ἄντλημα

2139 1581 2318 1648 ἔχεις,
2346 1581 2441 1634 καί
2474 1581 2540 1634 τὸ
2566 1580 2753 1649 φρέαρ
2777 1581 2909 1634 ἐστὶ
2934 1582 3121 1645 βαθύ.
3157 1580 3329 1635 Τοῦτο
3361 1583 3417 1636 δὲ
3446 1583 3652 1654 ὤρυξεν
3684 1587 3714 1638 6

2154 1672 2369 1726 Ἰακώϐ.
2442 1673 2706 1726 Ἐνταῦθα
2750 1673 2930 1726 τοίνυν
2980 1675 3009 1725 6
3065 1673 3301 1744 Χριστὸς
3353 1677 3714 1746 παρεγίνετο·

471 1777 578 1830 que
613 1759 863 1814 Christus
891 1755 1149 1817 accessit,
1195 1753 1432 1806 desidem
1475 1750 1688 1819 quidem
1743 1763 1803 1802 ac
1829 1747 2039 1802 mollem

2146 1764 2231 1817 τὸν
2277 1765 2373 1834 μὲν
2418 1763 2684 1834 βάναυσον
2719 1764 2815 1817 καὶ.
2857 1764 3023 1836 ὑγρὸν
3061 1741 3338 1819 ἐκϐάλλων
3367 1741 3626 1835 βίονξτδν
3656 1769 3717 1822 δὲ

475 1851 690 1906 γίνεηῶ
716 1849 978 1904 rationem
1006 1844 1399 1908 exterminans,
1439 1840 1758 1895 laboriosam
1791 1854 1922 1894 vero
1976 1853 2040 1894 ac

472 1944 768 1998 studiosam
793 1940 1076 1993 inducens.
1129 1933 1245 1988 Non
1299 1933 1441 1987 enim
1479 1931 1739 2000 iumentis
1765 1945 1891 1984 usus
1937 1938 2039 1996 est,

472 2039 564 2092 sed
597 2036 798 2091 incedit
840 2042 988 2087 tanta
1023 2027 1387 2092 contentione,
1432 2035 1579 2081 utex
1605 2026 1800 2080 itinere
1852 2022 2043 2078 defatio

481 2134 701 2196 garetur
737 2139 750 2176 :
779 2122 978 2190 ubique
1002 2119 1266 2188 siquidem
1295 2115 1499 2172 laboris
1517 2116 1754 2170 studium
1783 2122 1837 2169 et
1858 2127 2044 2183 super-

475 2217 626 2272 vacui
654 2214 857 2283 fugam,
889 2210 1351 2280 frugalitatemque
1383 2206 1744 2269 commendat,
1781 2213 1840 2258 ut
1879 2203 2042 2258 etiam

496 2325 674 2363 rerum
713 2305 1138 2360 necessariarum
1169 2299 1396 2370 plurima
1421 2312 1749 2353 resecemus.

523 2395 962 2467 Quandoquidem
997 2391 1230 2447 Verbum
1266 2404 1394 2444 caro
1449 2387 1649 2442 factum
1680 2395 1819 2450 erat,
1855 2398 2046 2439 conse-

474 2501 702 2564 quenter
745 2504 811 2543 ex
857 2487 1082 2552 itinere,
1125 2483 1268 2553 quod
1318 2481 1541 2535 meridie
1584 2478 1926 2540 "conﬁciebat,
1969 2476 2046 2529 fa-

477 2563 766 2652 tigabatur.
802 2574 1054 2630 Meridies
1104 2580 1307 2635 autem,
1362 2577 1445 2624 est
1490 2567 1876 2622 lucidissimnm
1918 2563 2045 2617 illud

478 2683 685 2741 tempus
713 2663 1066 2740 apparitionis
1121 2660 1372 2717 Christi:
1433 2658 1619 2713 habuit
1645 2657 1787 2711 enim
1851 2668 2046 2722 corpus

477 2774 662 2820 nostro
716 2759 910 2823 simile,
979 2756 1170 2810 iisdem
1223 2753 1419 2822 quibus
1470 2759 1712 2804 nostrum
1770 2756 2043 2809 constans,

476 2860 702 2920 excepto
732 2847 833 2902 viri
870 2858 1184 2915 congressu.
1236 2839 1596 2906 Quamobrem
1628 2852 1733 2890 non
1766 2833 2045 2901 defatiga-

480 2943 612 2998 tioni
650 2941 846 3002 solum,
875 2951 1062 2991 verum
1108 2933 1274 2988 etiam
1307 2931 1396 2986 siti
1433 2928 1856 2995 vulneribusque
1880 2925 2048 2978 obno-

479 3032 628 3086 xium
655 3028 778 3091 fuit,
812 3023 1244 3095 quandoquidem
1274 3036 1470 3091 corpus
1499 3020 1641 3074 intra
1674 3019 1921 3070 humana:
1951 3029 2047 3067 na-

483 3134 618 3177 tura:
683 3118 944 3174 terminos
1008 3115 1344 3179 continebat,
1403 3127 1474 3167 ne
1527 3111 1848 3181 phantasma
1887 3107 2040 3160 vide-

482 3224 600 3270 retu
609 3228 652 3267 l'.

533 3306 806 3368 Christus,
837 3315 956 3355 cum
984 3307 1102 3370 post
1138 3295 1566 3354 incarnationem
1605 3302 1856 3360 tanquam
1914 3306 2052 3344 unus

484 3415 547 3452 ex
588 3397 746 3452 nobis
796 3403 963 3456 esset.
1031 3402 1234 3446 natura:
1282 3393 1531 3443 humana:
1588 3384 1900 3438 affectiones
1951 3381 2051 3436 sibi

487 3489 733 3557 proprias
779 3486 929 3549 fecit,
984 3481 1197 3536 tametsi
1247 3489 1310 3532 ut
1367 3480 1505 3532 Deus
1560 3484 1802 3530 maneret
1855 3488 2050 3544 expers

492 3576 778 3646 passionis.

560 3666 723 3721 Vens.
758 3663 811 3717 ’1.
869 3681 888 3715 ι
923 3662 1084 3718 Venit
1146 3659 1337 3714 mulier
1393 3657 1460 3714 de
1529 3656 1772 3712 Samaria
1840 3653 2056 3709 haurire

490 3773 704 3826 aquam.
759 3753 899 3809 Dicit
930 3753 978 3808 ei
1003 3751 1197 3806 Iesus:
1267 3749 1342 3804 Ba
1375 3749 1510 3803 mihi
1548 3747 1753 3801 bibere.
1789 3765 1808 3798 ι

542 3847 939 3902 Samaritanam
983 3843 1280 3909 interrogat
1326 3840 1394 3895 de
1423 3839 1556 3910 legis
1613 3838 1824 3901 uiubra,
1888 3843 1945 3888 ut
1979 3834 2056 3889 illi

491 3953 684 4009 aquam
726 3937 903 3990 vivam
967 3934 1227 4004 prmbeat.
1298 3928 1392 3985 Sic
1441 3930 1601 3984 etiam
1647 3929 1849 3996 ubique
1899 3927 2056 3980 ﬁdem

490 4031 678 4098 exigit,
709 4037 769 4082 ut
797 4033 1014 4096 prtcstet
1046 4036 1110 4078 ea
1154 4035 1276 4091 quat
1299 4028 1556 4090 superant
1600 4019 1890 4072 rationem.
1954 4015 2057 4070 Per

493 4131 590 4174 hoc
613 4121 776 4174 etiam
803 4115 1059 4170 Judaicas
1097 4111 1448 4168 caaremonias
1481 4124 1585 4164 non
1630 4107 1806 4176 magni
1858 4105 2058 4160 facien-

491 4218 585 4266 das
611 4217 786 4275 docet,
825 4210 1135 4270 ostendens,
1185 4208 1244 4277 id
1286 4206 1429 4276 quod
1465 4205 1516 4258 in
1539 4218 1604 4258 os
1653 4203 1840 4264 intrat,
1881 4201 2058 4256 homi-

494 4308 612 4358 ne'm
645 4316 750 4356 non
786 4301 1088 4371 inquinare.

2141 1856 2397 1908 ἐπίπονον
2429 1855 2685 1923 είσάγων,
2720 1858 2816 1908 καὶ
2845 1857 3296 1927 συνεσταλμένον.
3336 1857 3412 1910 Οὐ
3446 1855 3555 1929 γὰρ
3582 1859 3715 1912 ὑποο

2143 1946 2351 2013 ζυγίοις
2383 1946 2670 2018 κέχρηται,
2712 1946 2828 1999 ἀλλ’
2865 1946 3127 2010 ὡσαύτως
3163 1946 3369 2017 βαδίζει
3414 1951 3712 2017 συντόνως,

2143 2038 2216 2100 ὡς
2247 2038 2341 2091 καὶ
2375 2041 2638 2091 κοπιᾶσαι
2668 2039 2732 2090 ὲκ
2773 2039 2871 2108 τῆς
2908 2039 3237 2110 ὁδοιπορίας.
3284 2042 3395 2094 Καὶ
3421 2040 3580 2094 τοῦτο
3607 2042 3715 2110 γὰρ

2144 2125 2416 2196 πανταχοῦ
2451 2125 2692 2179 παιδεύει
2713 2127 2774 2178 τὸ
2797 2126 3118 2198 αὐτουργὸν,
3147 2128 3240 2181 καὶ
3268 2130 3576 2199 ἀπέριττον,
3620 2133 3717 2184 καὶ

2146 2217 2221 2289 μὴ
2245 2217 2454 2270 πολλῶν
2486 2209 2732 2284 δεῖσθαι,
2775 2217 2850 2282 ὡς
2903 2220 2999 2273 καὶ
3027 2219 3207 2273 αὐτῶν
3247 2220 3358 2275 τῶν
3401 2221 3717 2290 ἀναγκαίων

2145 2308 2313 2361 πολλὰ
2342 2307 2716 2380 περικόπτειν.

2227 2400 2444 2470 Ἐπειδὴ
2466 2400 2496 2453 6
2520 2399 2694 2468 Λόγος
2719 2399 2912 2470 γέγονε
2939 2400 3098 2473 σὰρξ,
3124 2404 3437 2472 ἀκολούθως
3461 2405 3716 2461 κεκοπία-

2145 2507 2241 2544 κεν
2269 2491 2335 2544 ὲκ
2361 2491 2462 2561 τῆς
2510 2491 2762 2544 συντόνου
2806 2491 3114 2562 ὁδοιπορίας
3157 2495 3259 2566 τῆς
3305 2499 3364 2551 ὲν
3399 2499 3719 2570 μεσημϐρίᾳ

2143 2581 2450 2652 γεγονυίας.
2488 2583 2821 2656 Μεσημϐρία
2850 2585 2908 2638 δέ
2948 2587 3096 2640 ἐστιν
3127 2589 3156 2640 6
3183 2589 3439 2656 φωτεινὸς
3472 2590 3569 2660 τῆς
3599 2593 3721 2644 ἐπι-

2147 2675 2372 2744 φανείας
2400 2675 2610 2746 καιρός.
2647 2673 2807 2748 Εἷχεν
2842 2680 2952 2748 γὰρ
2987 2678 3148 2748 σῶμα
3179 2679 3255 2741 ὡς
3290 2681 3351 2733 τὸ
3399 2682 3579 2751 ἡμῶν,
3623 2682 3718 2736 καὶ

2148 2765 2351 2818 συστὰν
2380 2765 2437 2831 ἐξ
2471 2759 2545 2819 ὧν
2577 2767 2671 2820 καὶ
2697 2767 2767 2820 τὰ
2806 2768 2984 2838 ἡμῶν,
3019 2769 3140 2839 δίχα
3164 2769 3342 2841 μόνης
3375 2771 3565 2842 ἀνδρὸς
3598 2775 3720 2840 614t-

2144 2855 2282 2919 λίας.
2317 2858 2409 2910 Διὸ
2438 2858 2497 2910 οὐ
2529 2859 2684 2928 μόνον
2705 2859 2913 2923 κόποις,
2941 2859 3077 2913 ἀλλὰ
3105 2863 3200 2913 καὶ
3230 2861 3362 2934 δίψῃ
3385 2862 3481 2915 καὶ
3511 2861 3716 2933 τρώσεο

2148 2965 2231 3000 σιν
2261 2947 2544 3013 ὑπέκειτο,
2579 2949 2809 3019 ἐπείπερ
2836 2950 2983 3003 εἴασε
3013 2950 3073 3003 τὸ
3127 2951 3285 3022 σῶμα
3327 2955 3506 3023 μεῖναι
3527 2955 3583 3006 ἐν
3606 2956 3717 3016 τοῖς

2074 3071 2116 3128 c
2151 3043 2398 3128 φυσικοῖς
2429 3042 2572 3111 ὅροις
2606 3041 2707 3112 τῆς
2738 3040 3174 3114 ἀνθρωπότητος,
3210 3043 3298 3097 ἵνα
3323 3044 3405 3116 μὴ
3437 3044 3562 3117 δόξῃ
3585 3046 3718 3115 φάν-

2151 3147 2331 3200 τασμα
2355 3126 2516 3184 εἶναι.

2233 3307 2321 3369 Ὧς
2344 3300 2424 3370 εἷς
2450 3305 2526 3359 ὢν
2557 3306 2710 3378 ἡμῶν
2731 3308 2759 3360 6
2781 3302 3020 3379 ’Χριστὸς
3043 3309 3180 3380 μετὰ
3203 3312 3297 3380 τῆς
3323 3309 3457 3373 ιδίας
3484 3307 3709 3378 σαρκὸς,

2153 3396 2558 3450 οίκειοποιεῖται
2593 3395 2662 3449 τὰ
2694 3396 2795 3466 τῆς
2825 3399 3238 3471 ἀνθρωπὸτητος
3270 3397 3414 3468 πάθη
3435 3437 3452 3460 .
3502 3397 3712 3469 καίπερ

2157 3487 2344 3559 μείνας
2370 3486 2444 3550 ὡς
2481 3487 2610 3549 Θεὸς
2644 3487 2880 3559 ἀπαθής.

2232 3683 2251 3715 ι
2297 3664 2555 3735 Ἔρχεται
2575 3663 2710 3734 γυνὴ
2732 3666 2796 3717 ὲκ
2816 3664 2912 3734 τῆς
2933 3660 3246 3736 Σαμαρείας
3270 3663 3529 3736 ἀντλῆσαι
3554 3663 3720 3733 ὕδωρ.

2155 3756 2315 3822 Λέγει
2341 3757 2475 3826 αὐτῇ
2504 3758 2532 3808 6
2570 3754 2797 3825 Ἰησοῦς·
2829 3756 2926 3819 Δός
2959 3773 3049 3824 μοι
3078 3759 3241 3809 πιεῖν.
3282 3775 3301 3808 ι

2226 3835 2337 3916 Τὴν
2377 3846 2703 3916 Σαμαρεῖτιν
2737 3847 2878 3900 αἰτεῖ
2907 3845 3006 3916 τὴν
3051 3845 3146 3898 τοῦ
3197 3846 3363 3915 νόμου
3405 3844 3562 3898 σκιὰν
3585 3882 3600 3906 ,
3630 3843 3718 3895 ἵνα

2157 3934 2232 4007 δῷ
2264 3937 2399 4005 αὐτῇ
2427 3937 2487 3988 τὺ
2517 3935 2624 4000 ζῶν
2659 3934 2823 4006 ὕδωρ.
2852 3935 2939 3998 Ὠς
2965 3936 3059 3989 καὶ
3092 3936 3442 4006 παραπαντὸς
3472 3935 3613 3988 αἰτεῖ
3636 3933 3726 3985 πίο

2160 4043 2296 4091 στιν,
2321 4026 2408 4079 ἵνα
2429 4026 2721 4099 χαρίσηται
2751 4027 2819 4081 τὰ
2845 4027 2984 4096 ὑπὲρ
3021 4026 3196 4095 λόγον.
3231 4027 3329 4080 Διὰ
3356 4026 3547 4079 τούτου
3577 4025 3723 4078 διδά-

2160 4135 2277 4170 σκει
2313 4121 2674 4188 καταφρονεῖν
2718 4116 2828 4170 τῶν
2886 4118 3210 4180 Ἰουδαϊκῶν.
3264 4117 3498 4183 δεικνὺς,
3546 4117 3628 4170 ὅτι
3663 4116 3725 4168 τὸ

2159 4207 2536 4278 εἰσερχόμενον
2569 4208 2650 4271 εἰς
2675 4206 2735 4260 τὸ
2765 4207 2956 4278 στόμα,
2986 4207 3045 4260 οὐ
3072 4209 3244 4261 κοινοῖ
3270 4206 3360 4260 τὸν
3385 4205 3688 4277 ἄνθρωπον.

559 4392 725 4448 Vsus.
761 4391 850 4445 10.
885 4409 904 4442 ι
936 4386 1234 4458 Respondit
1260 4385 1437 4449 festis,
1460 4386 1664 4440 etdixit
1699 4383 1781 4439 ei:
1815 4382 1868 4436 Si
1890 4381 2046 4435 scires

2238 4407 2256 4439 ι
2310 4386 2607 4458 Ἀπεκρίθη
2656 4386 2897 4456 Ἰησοῦς,
2946 4387 3037 4440 καὶ
3080 4380 3235 4439 εἶπεν
3278 4385 3436 4455 αὐτῇ·
3475 4385 3541 4438 ΕΞ
3581 4384 3728 4455 ᾔδεις

494 4484 697 4537 donum
725 4480 843 4543 Dei,
868 4489 924 4534 et
952 4479 1075 4547 quis
1103 4477 1300 4543 estqui
1335 4475 1469 4528 dicit
1497 4475 1628 4527 tibi:
1680 4475 1753 4526 Da
1809 4471 1937 4524 mihi
1977 4469 2057 4522 bi~

495 4576 662 4641 bere;
712 4581 766 4626 tu
801 4570 1028 4625 forsitan
1070 4568 1302 4637 petisses
1359 4567 1427 4619 ab
1477 4579 1562 4630 eo,
1586 4573 1640 4619 et
1697 4563 1932 4617 dedisset
1964 4563 2056 4616 tibi

493 4681 688 4735 aquam
718 4665 916 4717 vivam.
945 4681 963 4714 ι

561 4756 724 4812 Potus
747 4751 1192 4814 immortalitatis,
1225 4757 1349 4805 sunt
1370 4748 1584 4819 eloquia
1637 4745 1872 4810 Domini,
1926 4746 2058 4798 vivi-

496 4851 653 4904 ficum
677 4846 914 4918 Spiritus
969 4843 1141 4899 sancti
1176 4841 1401 4903 donum,
1454 4853 1560 4908 quo
1605 4839 1771 4892 vitam
1813 4837 2060 4890 homines

495 4941 784 5009 accipiunt.
842 4937 1079 5007 Spiritus
1112 4943 1290 4988 autem
1321 4932 1495 4987 sancti
1529 4931 1701 4998 gratia
1734 4929 2059 4998 quandoque

495 5032 657 5098 ignis,
713 5040 1103 5096 nonnunquam
1157 5039 1286 5078 vero
1349 5039 1484 5090 aqua
1518 5031 1785 5074 vocatur:
1841 5019 2056 5072 nomina

494 5123 758 5192 siquidem
812 5121 913 5175 ista
961 5132 1066 5172 non
1127 5115 1505 5174 substantiam,
1556 5112 1650 5166 scd
1693 5113 2057 5180 operationem

495 5213 767 5267 denotant.

563 5303 725 5358 Vens.
756 5298 966 5355 ιδριι.
1002 5317 1020 5348 ι
1040 5292 1353 5363 Respondit,
1385 5290 1563 5355 Iesus,
1592 5301 1645 5346 et
1668 5291 1802 5344 dixit
1826 5292 1908 5344 ei:
1937 5289 2061 5343 Om-

496 5395 582 5451 nis
612 5394 702 5463 qui
728 5393 866 5448 bibit
892 5405 957 5445 ex
987 5402 1125 5459 aqua
1145 5387 1268 5449 hac,
1301 5385 1450 5438 sitiet
1476 5384 1706 5437 iterum:
1744 5383 1833 5450 qui
1874 5392 2052 5433 autem

567 5572 644 5641 (5)
688 5570 848 5641 Plura
901 5565 1312 5641 hic_._Ammonio
1341 5559 1821 5641 _tribuit_-C.rameri
1871 5568 2057 5612 catena

499 5630 758 5709 quae'cod.
804 5638 954 5692 Bodl.
987 5635 1354 5706 Cbrysostouii
1377 5645 1498 5688 esse
1527 5630 1683 5699 dicit,
1714 5639 1768 5684 et
1807 5644 1923 5698 qua:
1959 5643 2056 5682 re-

2163 4479 2261 4548 τὴν
2304 4478 2510 4546 δωρεὰν
2561 4478 2655 4532 τοῦ
2698 4476 2868 4540 Θεοῦ,
2901 4478 2997 4531 καὶ
3039 4477 3123 4540 τίς
3167 4479 3316 4530 ἐστιν
3343 4478 3372 4529 6
3408 4475 3582 4544 λέγων
3610 4491 3728 4539 σοι,

2164 4570 2262 4632 Δός
2297 4586 2386 4638 μοι
2421 4571 2582 4622 πιεῖν·
2630 4570 2693 4622 σὺ
2726 4569 2793 4624 ἂν
2820 4568 3030 4641 ᾔτησας
3062 4567 3266 4635 αὐτὸν,ι
3297 4567 3392 4622 καὶ
3431 4567 3630 4620 ἔδωκεν
3663 4566 3731 4620 ἄν

2165 4675 2247 4712 σοι
2277 4658 2422 4730 ὕδωρ
2454 4657 2583 4718 ζῶν.

2235 4749 2403 4812 Πότος
2432 4749 2726 4810 ἀθανασίας
2760 4751 2875 4802 ἐστὶ
2900 4748 2968 4802 τὰ
2991 4747 3082 4802 τοῦ
3113 4747 3320 4818 Κυρίου
3345 4745 3524 4816 λόγια,
3544 4748 3578 4817 ὴ
3596 4747 3733 4811 ζωο-

2167 4841 2316 4902 ποιὸς
2363 4839 2456 4891 τοῦ
2493 4839 2804 4908 Ιινεύματος
2842 4839 3019 4903 δόσις,
3051 4840 3118 4892 δι’
3152 4833 3218 4908 ἧς
3253 4837 3526 4901 ἁναζῶσιν
3556 4839 3606 4891 ot
3640 4837 3734 4890 ἄν·

2163 4931 2389 5002 θρωποι.
2436 4931 2498 4983 Ἢ
2533 4931 2589 4984 δὲ
2623 4930 2718 4982 τοῦ
2761 4931 3076 5000 Πνεύματος
3108 4931 3268 5000 χάρις
3306 4929 3441 4982 ποτε
3485 4928 3732 4982 καλεῖται

2162 5021 2292 5092 πῦρ,
2328 5020 2512 5071 ἄλλοτε
2545 5017 2706 5088 ὓδωρ·
2744 5018 2810 5071 τὰ
2855 5021 2964 5088 γὰρ
3005 5019 3243 5087 ὀνόματα
3285 5017 3494 5085 ταῦτα,
3521 5019 3582 5071 οὐ
3627 5017 3734 5086 τῆς

2159 5113 2346 5173 οὐσίας
2383 5111 2501 5163 ἐστὶ
2537 5110 2941 5179 παραστατικὰ,
2971 5109 3084 5161 ἀλλ’
3112 5108 3407 5179 ἐνεργείας.

2240 5304 2258 5336 ι
2310 5283 2608 5354 Ἀπεκρίθη
2640 5285 2668 5335 6
2730 5282 2970 5351 Ἰησοῦς,
3010 5285 3104 5336 καὶ
3153 5281 3305 5337 εἶπεν
3337 5283 3513 5353 αὐτῇ·
3560 5283 3678 5346 Πᾶς
3709 5286 3738 5336 6

2165 5377 2336 5430 πίνων
2375 5376 2438 5427 ὲκ
2477 5373 2572 5426 τοῦ
2595 5373 2786 5440 ὓδατος
2817 5375 3033 5441 τούτου,
3059 5375 3275 5446 διψήσει
3300 5375 3485 5430 πάλινο
3509 5375 3569 5439 ὃς
3599 5375 3644 5428 δ’
3669 5375 3739 5428 ἂν

2299 5556 2644 5626 reperiuntur
2663 5559 2800 5630 apud
2829 5556 3111 5628 Cbrysost.
3137 5556 3270 5613 edit.
3302 5563 3572 5613 nostraet.
3597 5552 3736 5618 \‘lll,
