4038 6148
430 286 572 354 4421

1461 277 1914 343 FRAFMENTA
1966 280 2044 341 IN
2087 281 2147 341 S.
2183 275 2566 345 JOANNEM.

3549 274 3688 346 1-122

435 404 538 477 ’πίῃ
563 404 627 456 ὲκ
654 399 749 455 τοῦ
770 398 983 463 ὓδατος,
1010 387 1074 451 οῦ
1099 392 1211 465 ἐγὼ
1238 394 1395 448 δώσω
1418 393 1590 465 αὐτῷ,
1622 393 1683 446 οὑ
1713 393 1787 465 μὴ
1810 394 2010 465 διψήσῃ

2128 396 2311 451 iiber-it
2359 411 2426 451 ex
2466 411 2606 466 aqua
2647 410 2808 466 quant
2852 411 2951 466 ego
2990 388 3130 451 dabo
3181 396 3253 460 ei,
3289 409 3396 449 non
3428 394 3576 449 sitiet
3631 397 3684 448 iu

432 499 516 561 είς
545 497 637 550 τδν
673 493 869 547 αἰῶνα.
915 489 1077 544 Ἀλλὰ
1113 488 1175 541 τὺ
1221 486 1365 557 ὕδωρ
1418 486 1446 539 δ
1473 486 1628 539 δώσω
1659 485 1810 557 αὑτῷ
1857 488 2018 557 γενή-

437 606 592 643 σεται
618 589 676 640 ἐν
703 582 854 656 αὑτῷ
880 582 1032 655 πηγὴ
1059 580 1250 644 ὓδατος
1281 578 1572 649 ἁλλομένου
1600 581 1680 642 εἰς
1708 577 1853 650 ζωὴν
1881 577 2014 631 αἰῶ-

436 697 571 735 νιον.
607 696 626 732 ι

519 771 587 825 Ἦ
620 769 830 824 Παλαιὰ
862 767 1052 838 Γραφὴ
1094 764 1270 828 δέεται
1315 763 1416 833 τῆς
1469 761 1830 832 εὐαγγελικῆς
1875 761 2018 814 διδαο

440 861 667 926 σκαλίας
692 861 792 932 τῆς
817 856 1204 928 διαδεχομένης
1234 855 1426 926 αὑτήν.
1466 853 1531 906 Ἠ
1555 854 1665 924 γὰρ
1700 853 1816 906 Νέα
1867 853 2018 906 ἀδιά-

436 954 592 1024 δοχὸς
632 954 801 1014 ἐστιν,
833 951 922 1005 ἀεὶ
953 946 1321 1020 ἐπιρρεούσης
1349 945 1448 1016 τῆς
1489 945 1852 1014 εὑαγγελικῆς
1886 956 2018 996 παι-

436 1046 697 1110 δεύσεως,
729 1044 827 1114 τῆς
858 1038 1298 1108 ἀναὰὸαζοὺσης
1337 1039 1418 1101 εἰς
1455 1037 1602 1108 ζωὴν
1645 1037 1738 1090 τδν
1771 1036 2014 1090 πίνοντα.

449 1132 734 1206 ’Λρραὸὼν
775 1133 832 1186 δέ
879 1133 995 1184 ἔστι
1029 1130 1132 1200 τῆς
1179 1128 1479 1199 μελλούσης
1512 1126 1900 1189 ἀναστάσεως,
1943 1127 2016 1196 μὴ

439 1225 737 1296 συγχωρῶν
763 1225 854 1279 τὸν
877 1223 1172 1276 πεπωκότα
1195 1220 1378 1286 αὑτὸν,
1398 1219 1618 1274 πίπτειν
1643 1218 1722 1281 είς
1745 1217 2018 1288 ἁμαρτίαν

437 1318 569 1385 ἄγου
579 1332 676 1369 σαν
707 1316 787 1379 είς
813 1315 1063 1368 θάνατον.

508 1428 616 1482 Τοῦ
647 1428 967 1498 Πνεὺματος
990 1425 1090 1497 τὴν
1119 1424 1280 1495 χάριν
1307 1424 1339 1494 ἡ
1367 1420 1556 1492 Γραφὴ
1593 1419 1724 1474 ’ν’δεδτὲ
1752 1420 1851 1491 μὲν
1883 1419 2013 1492 πῧΡι

441 1520 571 1571 ποτὲ
597 1518 654 1571 δὲ
682 1517 828 1587 ὕδωρ
866 1515 1054 1578 καλεῖ,
1093 1511 1389 1576 δεικνῦσα,
1425 1512 1506 1564 ὅτι
1537 1511 1638 1563 οὑκ
1673 1509 1860 1573 οὐσίας
1899 1511 2020 1563 ἐστὶ

441 1609 508 1663 τὰ
539 1609 780 1677 ὀνόματα
803 1647 817 1672 ,
849 1605 962 1659 ἀλλ’
1005 1603 1308 1672 ἐνεργείας.
1346 1601 1480 1654 Οὐδὲ
1512 1601 1621 1671 γὰρ
1647 1603 1710 1653 ὲκ
1743 1601 2018 1671 διαφόρων

442 1700 773 1768 συνέστηκεν
797 1696 997 1750 οὐσιῶν
1021 1698 1081 1748 τὸ
1101 1695 1346 1764 Πνεῦμα,
1373 1692 1604 1763 ἀόρατον
1627 1691 1720 1746 καὶ
1749 1692 2018 1762 μονοειδὲς

2115 499 2401 544 mternum.
2463 487 2571 544 Sed
2607 504 2746 559 aqua
2785 504 2945 559 quam
2974 501 3073 559 ego
3105 487 3241 540 dabo
3273 482 3343 550 ei,
3403 484 3493 542 ﬁet
3527 487 3582 542 in
3622 501 3688 543 eo

2117 577 2238 633 fons
2259 595 2412 647 aqua:
2433 579 2677 635 salientis
2708 580 2760 633 in
2786 581 2949 634 vitam
2976 587 3259 634 maternum.
3296 594 3314 630 ι

2186 754 2436 824 Antiquae
2476 755 2773 825 Scripturte
2803 767 2939 826 Opus
2964 755 3168 810 habent
3231 757 3541 823 evangelica
3588 757 3689 812 do-

2119 845 2321 910 ctrina,
2351 863 2472 915 quae
2503 848 2610 902 illis
2643 848 2919 902 succedat.
2969 846 3176 902 Novum
3208 861 3337 901 vero
3375 845 3694 904 Testamen-

2121 947 2234 989 tum
2268 953 2588 993 successore
2618 946 2790 1006 caret,
2854 939 3166 1007 evangeliea
3216 941 3473 994 nimirum
3529 941 3695 998 disci-

2120 1023 2261 1094 plina
2291 1027 2601 1094 perenniter
2644 1027 2863 1091 l'luente,
2907 1031 3100 1098 suique
3137 1041 3437 1097 putatorem
3493 1034 3558 1086 ad
3611 1035 3693 1088 vi-

2123 1120 2228 1160 tam
2249 1109 2568 1167 develtente.
2605 1113 2806 1183 Pignus
2833 1117 3102 1185 siquidem
3129 1131 3210 1172 est
3236 1121 3427 1172 futura:
3451 1136 3695 1176 resurre-

2119 1197 2338 1261 ctionis,
2373 1216 2477 1256 non
2542 1203 2729 1258 sinens
2759 1220 2906 1268 eum,
2931 1207 3023 1276 qtti
3077 1206 3131 1261 id
3167 1208 3382 1273 biberit,
3413 1212 3462 1263 in
3507 1226 3696 1279 pecco-

2118 1300 2230 1344 tnm
2265 1291 2366 1345 labi
2401 1297 2546 1364 quod
2569 1297 2729 1352 ducat
2757 1299 2822 1352 ad
2857 1309 3108 1355 mortem.

2179 1405 2417 1475 Spiritus
2469 1412 2639 1464 sancti
2691 1415 2920 1482 gratiam
2999 1413 3299 1484 Scriptura:
3371 1419 3697 1490 quandoque

2119 1499 2334 1567 quidem
2369 1500 2571 1568 ignem,
2605 1503 2930 1574 quandoque
2984 1517 3112 1560 Vero
3157 1521 3350 1575 aquam
3385 1522 3595 1588 vocant,
3630 1516 3696 1564 ad

2117 1590 2528 1654 ostendendum,
2568 1608 2671 1644 non
2714 1593 3033 1648 substantia:
3070 1595 3203 1658 ista,
3238 1598 3329 1650 sed
3367 1602 3697 1664 operationis

2119 1693 2239 1733 esse
2263 1680 2794 1752 nomina.Siquidem
2825 1684 3046 1740 minime
3078 1687 3303 1742 diversis
3333 1705 3363 1741 e
3392 1691 3548 1743 rebus
3577 1693 3698 1760 Spi-

438 1789 519 1843 δν.
576 1753 684 1841 Καὶ.
739 1790 768 1840 ὁ
819 1787 917 1858 μὲν
979 1753 1460 1853 Ἰωάννηςιταῦτα
1507 1781 1687 1850 λέγει,
1736 1753 1817 1835 δτι
1859 1753 2021 1847 αὑτὸς

2128 1770 2261 1824 ritus
2305 1781 2537 1839 constat,
2569 1790 2690 1828 cum
2729 1776 3132 1843 inaspectabilis
3159 1789 3214 1833 et
3239 1780 3524 1834 uniformis
3553 1784 3697 1837 exsi-

440 1882 588 1950 ἡμᾶς
627 1877 878 1946 βαπτίζει
909 1880 966 1932 ἐν
993 1879 1272 1946 Πνεὺματι
1333 1875 1473 1945 ἁγίῳ
1537 1875 1632 1927 καὶ
1675 1875 1827 1945 πυρί.
1884 1875 1942 1928 Ὀ
1966 1875 2023 1929 δὲ

441 1968 699 2040 Χριστόςο
727 1968 983 2036 Ποταμοῖ
1005 1967 1073 2019 ἐκ
1094 1965 1202 2034 τῆς
1225 1966 1459 2030 κοιλίας
1487 1964 1671 2018 αὐτοῦ
1685 1966 2024 2032 ῥεύσουσιν

443 2059 664 2124 ὕδατος
694 2054 929 2124 ζῶντος.
956 2058 1128 2112 Τοῦτο
1151 2059 1205 2112 δὲ
1232 2059 1378 2128 λέγει
1407 2060 1538 2132 περὶ
1561 2061 1654 2113 τοῦ
1680 2061 2019 2131 Πνεὺματος,

444 2149 630 2218 φησὶν,
676 2139 736 2200 οῦ
765 2147 989 2218 ἔμελλον
1015 2148 1330 2218 λαμῦάνειν.
1356 2148 1512 2202 Οῦτω
1551 2150 1647 2202 καὶ
1689 2152 1755 2220 τῇ
1804 2151 2024 2218 γυναικὶ⁵

440 2239 842 2308 διαλεγόμενος,
868 2239 1048 2291 ἐκάλει
1070 2240 1129 2290 τὸ
1152 2239 1393 2307 Πνεῦμα·
1422 2240 1509 2292 διὰ
1542 2240 1642 2309 μὲν
1667 2241 1761 2309 τῆς
1795 2241 1888 2293 τοῦ
1925 2258 2024 2294 πυ-

418 2330 536 2402 .ρός
579 2331 950 2402 προσηγορίας
985 2330 1046 2382 τὸ
1082 2330 1302 2400 Οερμδν,
1351 2332 1444 2383 καὶ
1469 2331 1892 2402 διεγηγερμένον
1926 2333 2024 2402 τῆς

443 2419 686 2490 χάριτος,
726 2420 820 2472 καὶ
854 2419 1223 2489 δαπανητικὸν
1263 2420 1678 2490 ἁμαρτημάτων
1713 2423 2020 2492 αἰνιττόμε-

446 2529 530 2573 νος
548 2529 560 2540 ·
589 2512 677 2565 διὰ
705 2512 760 2564 δὲ
787 2510 878 2564 τοῦ
913 2510 1099 2574 ὓδατος
1117 2551 1130 2576 ,
1165 2512 1255 2563 τὸν
1285 2511 1569 2582 καθαρμὸν
1597 2511 1687 2564 τὸν
1725 2512 1785 2576 ἐξ
1821 2512 1984 2565 αὑτοῦ
2008 2553 2022 2576 ,

445 2605 540 2656 καὶ
568 2604 666 2674 τὴν
703 2604 904 2674 πολλὴν
937 2602 1266 2674 παραψυχὴν
1313 2603 1412 2672 τῆς

444 2695 678 2756 διανοίας
708 2695 1008 2764 ἐμφαίνων.

522 2824 540 2856 ι
580 2805 742 2873 Λέγει
788 2807 924 2877 αὐτῇ
961 2807 990 2859 ὁ
1054 2807 1283 2877 ἰησοῦςο
1341 2806 1535 2870 Γύναι,
1584 2807 1874 2860 πίστευσόν
1904 2825 2025 2878 μοι,

444 2895 528 2946 ὅτι
558 2894 776 2965 ἔρχεται
806 2896 945 2966 ὥρα,
983 2899 1070 2950 ὅτε
1103 2897 1229 2950 οὔτε
1261 2900 1317 2950 ἐν
1347 2898 1423 2968 τῷ
1455 2899 1568 2968 ὄρει
1600 2898 1793 2969 τούτῳ,
1825 2898 1948 2951 οὔτε
1972 2899 2027 2951 ὲν

458 2986 850 3059 Ἰεροσολύμοις
875 2993 1284 3060 προσκυνήσετε
1318 2990 1395 3060 τῷ
1425 2990 1619 3060 Πατρί.
1660 3008 1678 3041 ι

1469 2603 1863 2673 ὑποδεχομένης
1895 2604 2038 2680 αὑτὸκ

2123 1869 2252 1913 stat.
2305 1862 2380 1915 Ac
2426 1859 2666 1918 Joannes
2695 1866 2911 1933 quidem
2946 1867 3023 1920 ait
3077 1868 3249 1934 ipsum
3291 1885 3387 1924 nos
3426 1870 3701 1940 baptizare

2127 1951 2178 2004 in
2222 1952 2424 2019 Spiritu
2473 1963 2688 2017 sancto,
2717 1964 2772 2009 et
2802 1956 2909 2026 igni
2945 1957 3009 2010 ¹⁶.
3049 1958 3297 2014 Christus
3351 1975 3503 2026 vero,
3561 1962 3698 2016 Flu-

2125 2043 2269 2095 mina
2303 2043 2367 2097 de
2394 2055 2564 2098 ventre
2587 2045 2699 2114 ejus
2723 2048 2887 2114 fluent
2919 2064 3071 2117 aquae
3111 2050 3234 2104 viva:
3260 2052 3326 2106 ".
3357 2050 3468 2108 Hoc
3520 2067 3699 2109 autem

2127 2134 2372 2203 (inquit)
2431 2135 2566 2189 dixit
2595 2138 2661 2190 de
2707 2136 2936 2206 Spiritu,
2985 2156 3147 2209 quem
3195 2145 3468 2212 accepturi
3523 2157 3699 2201 erant.

2126 2225 2205 2278 Eo
2237 2226 2394 2278 modo
2423 2227 2630 2280 mulieri
2669 2227 2920 2295 loquens,
2953 2229 3215 2298 Spiritum
3248 2235 3570 2302 appellavit;
3607 2254 3703 2306 per

2128 2317 2267 2386 ignis
2320 2318 2539 2386 quidem
2593 2319 3030 2387 appellationem,
3065 2323 3254 2390 gratiae
3301 2321 3597 2388 fervorem,
3649 2338 3704 2381 et

2125 2407 2396 2461 excitandi
2429 2410 2556 2474 vim,
2582 2420 2744 2478 atque
2787 2419 3007 2478 peccata
3067 2414 3413 2466 consumendi
3451 2416 3703 2469 virtutem

2130 2497 2444 2562 insinuans;
2478 2515 2631 2566 aquae
2649 2502 2778 2554 'vero
2817 2501 3055 2563 nomine,
3085 2501 3343 2570 purgandi
3370 2501 3702 2570 facultatem,

2127 2598 2185 2641 et
2211 2589 2584 2658 multiplicem,
2605 2607 2766 2660 quam
2792 2593 3207 2662 suscipientium
3236 2595 3506 2649 mentibus
3524 2594 3701 2662 aﬂ'ert,

2129 2682 2555 2736 consolationem
2587 2683 2856 2738 indicans.

2181 2796 2344 2853 Vens.
2373 2798 2466 2853 2|.
2507 2816 2527 2850 ι
2564 2797 2703 2853 Dicit
2734 2798 2781 2852 ei
2815 2793 2969 2853 Iesus
3006 2817 3020 2854 :
3078 2796 3290 2864 Mulier,
3339 2799 3501 2854 crede
3545 2799 3700 2864 mihi,

2128 2887 2256 2957 quia
2291 2889 2439 2942 venit
2464 2888 2620 2952 liora,
2656 2889 2872 2958 quando
2905 2903 3081 2957 neque
3136 2887 3187 2940 in
3222 2897 3405 2941 monte
3439 2889 3560 2955 hoc,
3615 2904 3705 2943 nc-

2128 2990 2234 3044 que
2260 2976 2317 3029 in
2344 2975 2700 3047 Jerosolymis
2725 2976 3020 3029 adorabitis
3051 2973 3285 3028 Patrem.
3316 2991 3337 3027 ι

516 3082 800 3148 Λέγουσιν,
855 3083 936 3136 δτι
992 3084 1051 3135 έν
1097 3083 1174 3153 τῷ
1229 3082 1344 3153 ὄρει
1397 3082 1588 3153 ἐκείνῳ
1646 3083 1946 3153 ἀνήνεγκεν
1996 3085 2021 3136 ὀ

2197 3065 2441 3120 Tradunt
2481 3066 2850 3119 Abraliatnutn
2901 3064 3064 3117 lilium
3127 3079 3283 3118 suum
3340 3064 3576 3118 lsaacutn
3635 3065 3703 3120 ad

457 3167 711 3239 Ἀϐραὰμ
751 3170 840 3222 τὸν
882 3170 1087 3234 Ἰσαὰκ,
1124 3173 1259 3242 ὅπερ
1302 3173 1646 3242 ὑπέδειξενή
1698 3174 2026 3242 Σαμαρεῖτις

443 3257 522 3326 τῷ
555 3259 761 3329 Κυρίῳ·
787 3258 861 3322 ὡς
899 3262 1183 3331 προφήτην
1215 3261 1270 3313 δὲ
1297 3262 1498 3332 ἐρωτᾷ,
1531 3260 1634 3314 ποῦ
1675 3261 1755 3314 δεῖ
1789 3279 2027 3331 προσκυ-

444 3353 575 3404 νεῖν.

524 3465 636 3518 Οὑκ
657 3465 810 3530 ὄντος
831 3469 946 3520 ἐκεῖ
987 3467 1142 3537 μόνον
1165 3466 1260 3519 τοῦ
1288 3467 1422 3520 Θεοῦ
1459 3506 1476 3532 ,
1497 3467 1610 3520 ἀλλ’
1662 3468 1750 3522 ἵνα
1776 3466 1891 3537 ἅμα
1912 3468 2029 3522 ἐκεῖ

449 3557 839 3626 συναγόμενοι,
897 3557 1203 3627 συμφώνως
1254 3559 1469 3611 ποιοῦσι
1507 3559 1604 3622 τὰς
1639 3559 2028 3628 νενομισμένας

446 3649 670 3718 ἑορτὰς,
703 3651 797 3702 καὶ
828 3650 1037 3712 θυσίας.
1056 3717 1078 3722 _

519 3740 694 3810 Ὥραν
741 3740 800 3793 δὲ
842 3741 941 3809 τὴν
984 3740 1178 3792 ἑαυτοῦ
1212 3739 1523 3810 ,ἐπιδημίαν
1567 3741 1753 3804 καλεῖ,
1801 3741 2026 3810 ἐπείπερ

446 3830 666 3900 πνεῦμα
686 3829 762 3884 ὣν
785 3831 813 3882 ὁ
837 3831 990 3894 Θεὸς,
1015 3831 1076 3882 οὐ
1107 3831 1257 3900 τόπῳ
1289 3830 1678 3900 περιορίζεται.
1723 3831 2026 3901 ’Ᾱρμοδίως

447 3921 504 3975 δὲ
532 3922 761 3987 ἕκαστος
799 3925 1098 3994 προσκυνεῖ
1129 3925 1194 3976 ὲκ
1230 3921 1325 3975 τοῦ
1359 3924 1525 3975 τόπου
1557 3923 1740 3978 αὑτοῦ.

525 4054 544 4087 ι
590 4036 779 4107 Ὑμεῖς
842 4037 1200 4106 προσκυνεῖτε
1243 4035 1272 4087 ὃ
1299 4035 1398 4087 οὑκ
1427 4034 1634 4087 οἴδατεο
1668 4035 1826 4104 ἡμεῖς
1859 4042 2028 4104 προσ-

447 4126 716 4197 κυνοῦμεν
757 4127 786 4180 ὃ
827 4128 1072 4198 οἴδαμεν,
1099 4127 1180 4180 ὅτι
1202 4127 1235 4198 ἡ
1260 4124 1503 4196 σωτηρία
1533 4127 1596 4178 ὲκ
1622 4124 1729 4178 τῶν
1761 4123 2027 4177 Ἰουδαίων

446 4216 614 4270 ἐστίν.
658 4236 676 4268 ι

530 4329 820 4398 ’Λπονέμει
857 4330 915 4383 δέ
955 4347 1008 4382 τι
1053 4329 1215 4382 πλέον
1255 4329 1377 4390 ταῖς
1417 4327 1685 4381 Ἰουδαίων
1724 4326 2020 4396 λατρείαις.

2132 3157 2274 3208 hunc
2298 3163 2536 3208 montem
2566 3154 2878 3215 adduxisse,
2905 3153 3044 3219 quod
3071 3151 3421 3207 Samaritana
3454 3155 3554 3208 ista
3601 3155 3702 3208 Do-

2129 3245 2276 3298 mino
2333 3243 2660 3311 insinuavit;
2701 3253 2765 3298 ut
2827 3244 3144 3313 pmplietatn
3198 3259 3326 3298 vero
3377 3255 3546 3314 rogat,
3608 3246 3698 3301 ubi

2131 3344 2384 3406 oporteat
2411 3335 2665 3391 adorare.

2189 3446 2308 3504 Non
2352 3448 2494 3517 quod
2553 3447 2626 3503 ibi
2682 3448 2856 3502 solum
2891 3446 3031 3503 Deus
3057 3458 3222 3513 esset,
3249 3449 3343 3503 sed
3396 3459 3541 3503 uteu
3583 3448 3701 3505 loco

2126 3553 2318 3594 omnes
2347 3541 2680 3612 congregati,
2707 3549 2938 3597 statutas
2965 3541 3169 3610 pariter
3219 3541 3565 3606 festivitates,
3611 3542 3660 3596 le
3681 3573 3701 3583 -

2125 3631 2418 3700 gitimaque
2465 3633 2729 3687 sacriﬁcia
2769 3633 3123 3688 celebrarent.

2192 3741 2390 3797 Horam
2425 3755 2608 3798 autem
2635 3745 2921 3799 adventum
2949 3761 3105 3799 suum
3137 3754 3313 3811 vocat,
3354 3746 3697 3816 quandoqui-

2128 3835 2247 3886 dem
2282 3833 2446 3899 Deus,
2482 3847 2603 3889 cum
2648 3837 2718 3889 sit
2742 3837 2984 3904 spiritus,
3015 3836 3130 3890 loco
3170 3837 3394 3891 minime
3420 3837 3704 3892 concluda-

2133 3933 2238 3976 tur.
2292 3923 2689 3978 Conrenicnter
2710 3935 2890 3978 autem
2925 3940 2954 3978 e
2981 3924 3098 3977 loco
3123 3925 3352 3993 quisque
3376 3926 3696 3980 suoadorat.

2190 4016 2358 4074 Vens.
2385 4016 2476 4070 ‘22.
2509 4035 2528 4069 ι
2565 4016 2672 4072 Vos
2713 4018 2952 4072 adoratis
2992 4020 3134 4086 quod
3158 4017 3413 4073 nescitis:
3446 4031 3542 4072 nos
3566 4021 3701 4072 ado-

2136 4124 2317 4166 ramus
2349 4115 2488 4182 quod
2516 4111 2742 4176 scimus,
2773 4111 2900 4179 quia
2938 4109 3083 4164 salus
3107 4124 3174 4164 ex
3198 4107 3398 4166 Iuda-is
3438 4119 3541 4164 est.
3578 4127 3597 4160 ι

2190 4329 2404 4384 Tribuit
2432 4338 2614 4383 autem
2659 4327 2959 4397 plusculum
2989 4327 3160 4383 cultui
3207 4325 3540 4384 Iudaeorum.
3600 4327 3701 4383 Sa-

448 4416 784 4490 Σαμαρεῖται
833 4413 930 4490 μὲν
971 4419 1081 4490 γὰρ
1129 4419 1203 4481 ὡς
1247 4417 1302 4470 έν
1335 4415 1490 4488 ἁπλῷ
1527 4436 1584 4471 τε
1630 4420 1724 4473 καὶ
1769 4420 2021 4491 ἁζητήτῳ

2133 4422 2382 4476 maritani
2419 4421 2684 4490 siquidem
2715 4421 2943 4491 simplici
2977 4420 3136 4490 plane
3196 4430 3360 4488 atque
3417 4422 3693 4475 incondita

445 4498 612 4573 λόγῳ,
649 4505 1012 4576 προσκυνοῦσι
1040 4506 1130 4557 τὸν
1169 4504 1323 4557 Θεὸν.
1371 4505 1608 4560 Ἰουδαῖοι
1639 4503 1696 4560 δὲ
1733 4508 1821 4561 διὰ
1854 4511 2018 4581 νόμου

448 4592 545 4644 καὶ
589 4593 885 4663 προφητῶν
913 4595 1010 4662 τὴν
1039 4592 1132 4645 τοῦ
1161 4590 1310 4654 ὄντος
1347 4594 1547 4660 γνῶσιν
1585 4597 1726 4648 κατὰ
1757 4598 1817 4650 τὺ
1849 4600 2024 4670 ὲγχωο

453 4681 578 4751 ροῦν
611 4683 918 4752 δεχόμενοι,
956 4684 1064 4737 τῶν
1105 4685 1464 4756 Σαμαρειτῶν
1494 4685 1742 4756 ὑπῆρχον
1789 4688 2023 4742 συνετώ-

448 4781 616 4839 τεροι.
667 4773 754 4825 Ἐν
793 4772 850 4824 δὲ
887 4774 999 4835 τοῖς
1038 4774 1438 4842 προσκυνοῦσιν
1468 4774 1660 4826 ἑαυτὸν
1699 4779 2023 4829 κατατάττει

449 4861 612 4914 πάλιν
649 4862 725 4925 ὡς
770 4862 1086 4934 ἄνθρωπος,
1121 4867 1148 4917 ὁ
1186 4865 1324 4934 μετὰ
1369 4865 1461 4917 τοῦ
1491 4865 1624 4917 Θεοῦ
1667 4867 1762 4919 καὶ
1808 4867 2021 4938 Πατρὸς

449 4952 586 5021 πρός
615 4969 671 5004 τε
696 4953 875 5022 ἡμῶν,
906 4955 998 5006 καὶ
1035 4954 1144 5006 τῶν
1183 4955 1355 5022 ἁγίων
1394 4955 1645 5024 ἀγγέλων
1687 4958 2024 5024 προσκυνού-

451 5061 633 5112 μενος.
674 5046 888 5116 Ἐπειδὴ
912 5047 1020 5118 γὰρ
1039 5047 1098 5099 τδ
1136 5047 1404 5100 οἰκετικὸν
1429 5047 1781 5116 περιεϐάλετο
1816 5049 2023 5118 σχῆμα,

448 5135 547 5204 τὴν
590 5136 775 5208 οίκέτῃ
822 5139 1138 5208 πρέπουσαν
1173 5139 1482 5207 ἀποπληροῖ
1525 5138 1885 5208 λειτουργίαν,
1925 5143 2026 5193 οὑκ

450 5228 721 5293 ἀπολέσας
756 5231 817 5282 τὸ
854 5227 988 5284 εἶναι
1019 5232 1180 5295 Θεὸς,
1214 5235 1305 5285 καὶ
1337 5232 1564 5303 Κύριος,
1593 5237 1686 5286 καὶ
1718 5252 2025 5305 προσκυνη-

453 5319 566 5378 τὸς·
602 5321 754 5388 μένει
790 5323 897 5394 γὰρ
936 5324 964 5375 ὁ
1007 5324 1191 5388 αὐτὸς,
1227 5325 1274 5375 εί
1322 5324 1412 5377 καὶ
1452 5325 1677 5392 γέγονεν
1717 5324 2022 5396 ἄνθρωπος.

454 5411 600 5482 Πρὸς
631 5413 726 5482 τὴν
769 5415 1024 5469 ὑπόνοιαν
1067 5411 1158 5468 οῦν
1202 5418 1300 5480 τῆς
1346 5417 1604 5484 γυναικὸς
1643 5414 1797 5469 εἶπεν
1840 5417 2018 5470 τοῦτο·

453 5499 564 5552 τῶν
592 5503 702 5572 γὰρ
728 5507 1214 5575 προσκυνουμένων
1243 5509 1390 5559 ἐστὶν
1420 5508 1496 5570 ὡς
1525 5507 1674 5571 Θεὸς.

525 5673 572 5706 ⁸⁸
600 5675 732 5729 Luc.
767 5695 844 5741 ιιι,
889 5681 969 5732 16.
1055 5682 1094 5710 ¹τ
1130 5680 1280 5734 Jo:.n.
1320 5698 1410 5744 in,

2130 4513 2341 4566 ratione
2367 4512 2532 4566 Deum
2565 4513 2887 4580 adorabant,
2953 4512 3126 4566 Judaei
3152 4527 3280 4568 vero
3325 4527 3421 4582 per
3445 4513 3614 4581 legem
3643 4523 3700 4566 et

2126 4606 2422 4675 prophetas
2473 4605 2585 4658 veri
2619 4605 2732 4668 Dei,
2762 4619 2858 4674 pro
2901 4603 3203 4672 capacitate
3236 4620 3356 4669 sua,
3389 4605 3697 4673 cognitione

2127 4707 2406 4764 percepta,
2430 4695 2792 4750 Samaritanis
2839 4704 2997 4749 erant
3027 4695 3504 4766 intelligentiores.
3552 4695 3694 4750 Rur-

2126 4799 2243 4837 sum
2274 4793 2453 4837 autem
2496 4785 2872 4853 semetipsum.
2907 4793 2962 4837 ut
2990 4786 3178 4852 homo,
3207 4785 3350 4840 inter
3381 4787 3698 4842 adnralnt'cs

2125 4874 2384 4940 collocat,
2411 4889 2534 4928 eum
2569 4890 2674 4927 una
2698 4889 2819 4927 cum
2855 4875 2963 4929 Deo
2983 4890 3047 4929 ac
3076 4874 3261 4940 Patre,
3289 4886 3345 4930 et
3371 4891 3408 4928 α
3441 4876 3596 4932 nobis
3645 4886 3701 4930 et

2127 4981 2154 5018 a
2186 4967 2390 5021 sanctis
2423 4965 2629 5037 angelis
2658 4967 2938 5021 adoretur.
3007 4966 3234 5033 Quando
3267 4967 3412 5022 enim
3440 4968 3695 5022 servilem

2126 5058 2355 5110 fortnam
2387 5058 2701 5126 assumpsit,
2735 5058 3068 5113 conveniens
3105 5074 3323 5128 quoque
3353 5073 3512 5112 servo
3542 5058 3701 5112 mitti-

2128 5150 2353 5201 sterium
2381 5149 2582 5218 explet,
2620 5164 2957 5220 nequaquam
2991 5151 3244 5205 desinens
3276 5164 3395 5204 esse
3439 5150 3600 5212 Dens,
3636 5165 3700 5202 ac

2131 5241 2410 5305 Dominus,
2450 5251 2613 5310 atque
2665 5242 2952 5296 adoratus:
3027 5242 3168 5295 idem
3206 5256 3439 5309 namque
3487 5253 3692 5310 perma-

2133 5341 2242 5393 net,
2279 5334 2492 5386 tametsi
2559 5333 2729 5386 factus
2779 5333 2850 5386 sit
2907 5333 3088 5386 homo.
3158 5330 3342 5401 Itaque
3398 5333 3699 5386 secundum

2136 5424 2380 5479 mulieris
2407 5425 2712 5494 opinionem
2751 5425 2863 5479 haec
2897 5424 3073 5492 dixit;
3132 5439 3252 5478 nam
3286 5438 3411 5479 vere
3442 5425 3700 5479 adoratur

2131 5524 2186 5567 ut
2212 5513 2370 5570 Deus.
