4038 6148
433 291 566 357 1423

1555 291 1893 353 ΑΜΜΟΝΙΙ
1933 286 2467 348 ALEXANDRINI

3561 281 3698 346 1424

500 405 634 470 Quia
672 401 926 456 nimirum
950 415 1014 456 ex
1045 401 1179 470 ipsls
1208 414 1428 455 carnem
1466 399 1560 454 Dei
1591 397 1766 453 Filius
1798 412 2008 452 assum-

2181 394 2279 448 Διά
2305 395 2365 448 τὸ
2389 393 2448 458 ἐξ
2474 391 2655 447 αὐτῶν
2680 389 3068 462 σεσαρκῶσθαι
3089 401 3130 431 ιιι
3158 390 3248 445 τὸν
3274 392 3427 448 Υιόν·
3463 395 3498 468 ἢ
3528 397 3697 476 an}:

429 500 559 570 psit,
613 497 698 552 vel
718 495 845 565 quia
899 493 1038 562 apud
1074 493 1217 561 ipsos
1247 505 1374 546 vera
1425 489 1520 544 Dei
1552 489 1714 544 unius
1764 487 2006 558 cognitio

431 605 499 645 ex
529 588 646 656 lege
666 596 722 642 et
770 583 1046 654 prophetis
1067 582 1209 652 cepit
1238 581 1528 651 originem.

503 701 666 755 Vens.
689 699 781 752 23.
830 715 848 748 ι
889 696 995 751 Sed
1031 697 1184 750 venit
1216 695 1374 759 hora,
1414 704 1468 750 et
1499 709 1643 751 nunc
1663 704 1768 760 est,
1791 698 2006 767 quando

429 795 546 852 veri
575 794 887 849 adoratores
917 791 1222 844 adorabunt
1255 788 1474 842 Patrem
1506 789 1560 843 in
1595 789 1793 858 Spiritu
1819 799 1872 844 et
1911 803 2005 841 ve-

430 885 613 940 ritate.
661 879 798 936 Nam
830 891 882 934 et
917 879 1078 934 Pater
1135 879 1269 932 tales
1325 879 1540 947 quaerit,
1604 880 1695 949 qui
1775 879 2007 933 adorent

430 989 572 1031 eum.
613 991 634 1026 ι

496 1085 623 1142 Veri
657 1085 974 1140 adoratores
1017 1083 1162 1138 omni
1223 1082 1342 1137 loco
1373 1083 1637 1152 spiritalia
1687 1083 1797 1137 Deo
1830 1083 2004 1137 sacri-

428 1176 551 1232 licia
579 1175 838 1241 oﬂ'erunt,
876 1174 1129 1228 virtutem
1173 1175 1424 1226 videlicet
1464 1188 1526 1227 ac
1569 1174 1848 1242 pietatem.
1889 1172 2001 1228 Lex

428 1270 616 1340 itaque
650 1266 931 1336 Evangelii
967 1281 1126 1321 causa
1177 1267 1393 1320 condita
1450 1266 1570 1330 fuit,
1598 1276 1760 1335 atque
1795 1267 2004 1321 umbra

430 1359 762 1432 dispensatio
793 1367 1016 1428 propter
1043 1357 1277 1411 futuram
1297 1371 1552 1411 concessa
1581 1366 1664 1411 est
1698 1357 2004 1412 veritatem.

500 1531 663 1588 Vens.
699 1531 792 1587 24.
836 1551 853 1584 ι
884 1531 1117 1601 Spiritus
1153 1541 1234 1586 est
1277 1533 1419 1587 Deus
1460 1548 1478 1588 :
1529 1539 1583 1586 et
1638 1547 1732 1588 eos
1769 1532 1861 1602 qui
1911 1532 2006 1587 ad-

430 1633 755 1690 orauteum,
787 1625 837 1677 in
861 1624 1053 1692 spiritu
1087 1634 1141 1677 et
1163 1623 1394 1678 veritate
1422 1632 1638 1693 oportet
1665 1626 1912 1679 adorare.
1948 1645 1968 1678 ι

501 1730 728 1804 Quando
758 1737 893 1792 dixit
937 1737 1105 1790 Deum
1161 1748 1284 1790 esse
1322 1735 1612 1804 spiritum,
1672 1735 1806 1789 nihil
1855 1736 2000 1790 aliud
2036 1752 2078 1807 Β

2116 486 2337 542 ἐκείνων
2376 486 2577 556 ἧρξατο
2619 483 2818 538 εἰδέναι
2861 484 2953 537 τὸν
2985 483 3081 537 'éva
3101 481 3240 536 Θεδν
3279 485 3345 538 ἐκ
3382 486 3479 541 τοῦ
3527 490 3696 560 νόμου

2117 577 2211 630 καὶ
2255 575 2363 629 τῶν
2397 576 2719 647 προφητῶν.

2194 713 2212 745 ι
2237 692 2378 745 Ἀλλ’
2406 691 2624 762 ἔρχεται
2646 691 2902 762 ὥραηιαὶ⁵
2932 690 3026 743 νῦν
3054 691 3225 753 ἐστιν,
3254 691 3346 744 ὅτε
3371 690 3422 743 οἱ
3455 690 3700 761 ἀληθινοὶ

2115 782 2492 857 προσκυνηταὶ
2533 783 2976 854 προσκυνήσουσι
3003 781 3081 852 τῷ
3117 782 3294 852 Πατρῖ
3333 782 3394 835 ὲν
3422 781 3699 853 πνεύματι

2114 877 2209 929 καὶ
2233 873 2485 944 ἀληθείᾳ.
2529 873 2639 926 Καὶ
2674 872 2782 942 γάρ
2818 870 2848 924 ό
2880 871 3076 941 Πατὴρ
3117 870 3274 941 ζητεῖ
3298 871 3428 935 τοὺς
3454 887 3701 943 προσκυ-

2113 967 2338 1029 νοῦντας
2363 966 2547 1020 αὐτόν.
2589 983 2609 1016 ι

2190 1076 2256 1132 Oi
2286 1076 2509 1148 ἀληθεῖς
2533 1075 2910 1148 προσκυνηταὶ
2925 1075 2986 1131 ἔν
3008 1075 3172 1131 παντὶ
3189 1076 3340 1148 τόπῳ
3362 1079 3702 1147 προσάγωσι

2115 1170 2192 1242 τῷ
2225 1170 2346 1237 Θεῷ
2374 1171 2473 1233 τὰς
2499 1167 2878 1240 πνευματικὰς
2912 1169 3125 1234 Θυσίας,
3158 1171 3187 1224 ὅ
3220 1171 3372 1223 ἐστιν
3398 1170 3566 1241 ἀρετὴ
3599 1171 3699 1225 καὶ

2115 1263 2419 1318 θεοσέϐεια.
2463 1262 2676 1316 Οὐκοῦν
2715 1262 2808 1315 καὶ
2846 1262 2877 1314 ό
2928 1261 3092 1332 νόμος
3134 1260 3226 1314 διὰ
3265 1261 3329 1314 τὸ
3371 1261 3702 1329 Εὐαγγέλιον

2113 1355 2324 1425 γέγονε,
2355 1355 2450 1408 καὶ
2493 1355 2526 1426 ἡ
2570 1352 2982 1423 συγκαταϐασις
3005 1352 3108 1422 τῆς
3145 1353 3306 1415 σκιᾶς
3343 1351 3700 1423 συνεχωρήθη

2112 1443 2201 1497 διὰ
2220 1443 2319 1513 τὴν
2351 1442 2653 1512 μέλλουσαν
2679 1442 2962 1511 ἀλήθειαν.

2189 1552 2207 1585 ι
2230 1533 2456 1604 Πνεῦμα
2479 1534 2507 1586 ὁ
2531 1532 2686 1598 Θεὸς,
2717 1533 2810 1585 καὶ
2835 1529 2962 1594 τοὺς
2985 1529 3423 1601 προσκυνοῦντας
3448 1529 3704 1596 αὖτδν,ὲν

2115 1626 2386 1696 πνεύματι
2415 1625 2511 1679 καὶ
2536 1623 2766 1694 ἀληθείᾳ
2791 1623 2873 1676 δεῖ
2897 1625 3247 1696 προσκυνεῖν.
3287 1641 3307 1676 ι

2178 1739 2350 1791 Ὅταν
2384 1731 2824 1805 εἷπεν,Πνεῦμα
2849 1737 2882 1790 ὀ
2915 1735 3082 1801 Θεὸς,
3117 1735 3269 1788 οὐδὲν
3299 1734 3431 1788 ἄλλο
3459 1734 3637 1804 δηλοῖ,
3667 1734 3699 1803 ἦ

431 1829 721 1900 signiﬁcat,
750 1841 912 1898 quam
975 1827 1219 1894 corporis
1271 1835 1572 1895 expertem.
1621 1824 1758 1880 Cum
1816 1827 2002 1894 itaque

2123 1831 2168 1886 τὸ
2198 1830 2493 1901 ἀσώματον
2534 1838 2582 1882 η.
2616 1830 2679 1882 Εἰ
2719 1828 2902 1883 τοίνυν
2939 1829 3040 1882 οὐκ
3074 1827 3191 1880 ἐστι
3225 1827 3387 1898 σῶμα
3410 1868 3425 1894 ,
3475 1827 3573 1880 καὶ¹
3604 1827 3703 1897 τὴν

434 1935 542 1975 non
569 1919 639 1974 sit
690 1934 909 1989 corpus,
939 1918 1143 1974 cultum
1177 1932 1392 1986 quoque
1427 1917 1596 1984 ipsius
1624 1917 2004 1986 incorporeum

2123 1929 2364 1998 ιατρείαν
2401 1924 2568 1980 αὑτοῦ
2597 1923 2861 1994 τοιαύτην
2888 1919 3030 1977 εἶναι
3061 1923 3163 1988 δεῖ,
3189 1922 3285 1976 καὶ
3317 1921 3408 1976 διά
3441 1921 3537 1975 τοῦ
3570 1924 3702 1992 ἡμῖν

433 2026 555 2067 esse
584 2012 758 2074 decet,
787 2023 959 2079 eaque
973 2024 1077 2078 qua
1095 2009 1339 2078 corporis
1367 2017 1621 2078 expertes
1647 2023 1833 2063 sumus
1857 2018 2009 2078 parte

433 2103 692 2158 colendus
713 2109 817 2165 est,
852 2102 954 2155 hoc
981 2111 1085 2166 est,
1119 2101 1320 2164 anima,
1344 2115 1441 2169 per
1471 2101 1673 2154 mentis
1693 2100 2004 2169 puritatem.

435 2193 568 2247 Nam
615 2207 735 2247 cum
773 2192 1102 2246 Samaritani
1158 2201 1212 2245 et
1238 2189 1430 2257 Judaei,
1462 2201 1769 2262 contempta
1801 2193 2005 2258 anima,

439 2283 688 2354 corporis
716 2283 1001 2337 tnunditiei
1037 2282 1325 2350 pluritnttm
1357 2283 1658 2348 studerent,
1705 2285 1835 2339 illud
1879 2299 2010 2340 con-

438 2379 588 2430 tinuo
614 2381 938 2444 purgantes;
965 2375 1166 2429 idcirco
1188 2376 1284 2440 ait,
1322 2389 1428 2428 non
1456 2374 1729 2430 ablatione
1751 2390 1843 2430 seu
1866 2375 2008 2430 cultu

434 2469 708 2538 corporis,
768 2467 863 2522 sed
917 2466 1235 2536 incorporea
1297 2467 1471 2522 nostri
1528 2476 1712 2537 parte,
1777 2470 1880 2523 hoc
1928 2475 2012 2522 est

435 2568 636 2624 tuente,
664 2558 853 2624 Deum,
883 2569 1065 2627 utpote
1098 2560 1476 2627 incorporeum
1499 2596 1514 2622 ,
1546 2557 1832 2612 colendum
1870 2573 2010 2614 esse.

438 2651 802 2718 Quamobrem
831 2666 938 2705 non
970 2665 1198 2719 pecora,
1236 2665 1340 2702 non
1371 2649 1569 2705 vitulos
1590 2689 1605 2716 ,
1639 2651 1732 2704 sed
1765 2660 1814 2704 te
1843 2659 2010 2704 totum

435 2743 547 2798 Deo
577 2741 771 2798 oﬂeras
819 2742 1145 2796 sacrilicium
1181 2759 1195 2795 :
1226 2744 1324 2796 hoc
1347 2741 1490 2796 enim
1515 2751 1600 2797 est
1635 2743 2010 2797 holocaustum

437 2845 494 2892 et
541 2835 652 2891 Deo
703 2833 936 2890 hostiam
994 2833 1209 2887 offerre.
1265 2831 1397 2887 Nam
1454 2835 1634 2904 priora
1692 2835 1794 2890 ista
1845 2835 2011 2902 lignra

436 2935 613 2992 erant,
674 2925 881 2980 scilicet
914 2924 1288 2990 circumcisio,
1341 2925 1676 2992 holocausta,
1726 2927 1944 2980 incensa
1995 2944 2010 2980 :

2109 2018 2404 2088 ἀσωμάτου
2439 2015 2888 2086 προσφέρεσθαι,
2931 2013 3181 2068 τουτέστι
3217 2013 3306 2067 διὰ
3336 2013 3440 2084 τῆς
3485 2013 3699 2083 ψυχῆς,

2109 2110 2197 2163 διὰ
2253 2111 2354 2180 τῆς
2410 2105 2506 2159 τοῦ
2557 2104 2651 2158 νοῦ
2701 2104 3098 2175 καθαρότητος.
3163 2102 3386 2173 Ἐπειδὴ
3446 2101 3578 2172 γὰρ,
3611 2103 3704 2154 καὶ

2111 2202 2330 2265 ἐκεῖνοι,
2358 2199 2453 2252 καὶ
2494 2197 2759 2262 Ἰουδαῖοι,
2787 2199 2888 2269 τῆς
2924 2197 3029 2268 μὲν
3061 2195 3241 2267 ψυχῆς
3271 2195 3531 2265 ἠμέλουν,
3583 2195 3708 2248 πολ⁴

2110 2293 2208 2364 λὴν
2259 2291 2317 2345 δὲ
2365 2290 2495 2360 περὶ
2549 2289 2610 2342 τὸ
2653 2287 2814 2358 σῶμα
2869 2285 3107 2357 σπουδὴν
3151 2284 3458 2347 ἐποιοῦντο,
3507 2283 3706 2338 καθαί-

2112 2400 2300 2456 ροντες
2323 2381 2455 2436 αὐτὸ
2483 2377 2864 2442 παντοδαπῶς·
2893 2377 3053 2430 τοῦτό
3085 2393 3274 2446 φησιν,
3311 2377 3394 2429 ὅτι
3421 2374 3482 2428 οὐ
3513 2376 3580 2443 τῇ
3609 2370 3701 2425 τοῦ

2115 2475 2369 2546 σώματος
2415 2473 2790 2543 καθαρότητι,
2825 2469 2961 2524 ἀλλά
2991 2468 3072 2538 τῷ
3119 2469 3177 2521 ὲν
3212 2469 3348 2538 ἡμῖν
3385 2465 3701 2537 ἀσωμάτῳ,

2113 2565 2360 2620 τουτέστι
2397 2563 2511 2635 νῷ,
2547 2565 2576 2617 ό
2621 2562 2916 2633 ἀσώματος
2961 2559 3353 2631 θεραπεύεται.
3399 2557 3492 2628 Μὴ
3527 2559 3704 2611 τοίνυν

2115 2656 2366 2727 πρόϐατα
2391 2655 2569 2718 θύετε,
2594 2654 2688 2707 καὶ
2714 2654 2971 2724 μόσχους,
2996 2651 3114 2705 ἀλλ’
3139 2651 3260 2704 ὅλον
3285 2650 3483 2704 σαυτὸν
3509 2647 3707 2712 suos;

2113 2747 2192 2817 τῷ
2236 2745 2374 2816 Θεῷ,
2405 2745 2502 2800 καὶ
2532 2743 2927 2798 όλοκαύτωσονο
2963 2742 3122 2795 τοῦτο
3150 2741 3261 2812 γάρ
3291 2742 3409 2794 ἐστι
3432 2739 3706 2811 παραστῆο

2118 2857 2210 2892 σαι
2249 2838 2461 2892 θυσίαν.
2494 2833 2677 2901 Τὺπος
2703 2835 2814 2908 γὰρ
2850 2835 2921 2889 τὰ
2949 2835 3212 2907 πρότερα,
3244 2836 3278 2905 ἡ
3308 2834 3604 2904 περιτομὴ,
3636 2830 3704 2883 τὰ

2117 2929 2572 3000 ὁλοκαυτώματα,
2618 2927 2688 2981 τὰ
2739 2927 3096 2998 θυμιάματα·
3145 2926 3266 2980 νυνὶ
3318 2925 3378 2978 δὲ
3429 2923 3532 2979 οὐκ
3588 2923 3701 2976 ἐστι

439 3031 584 3071 nunc
625 3025 823 3082 _autem
875 3030 980 3069 non
1019 3031 1167 3077 caro,
1217 3018 1310 3069 sed
1351 3032 1532 3085 prava:
1563 3018 2014 3074 circumcidenda:

2123 3024 2323 3094 σάρκα,
2353 3021 2493 3076 ἀλλὰ
2525 3018 2800 3090 πονηροὺς
2842 3017 3203 3090 περικόπτειν
3230 3015 3533 3087 λογισμοὺς
3554 3054 3571 3080 ,
3614 3013 3706 3068 καὶ

441 3117 566 3164 sunt
591 3108 973 3176 cogitationes,
1009 3118 1062 3160 et
1100 3109 1462 3177 nosmetipsos
1492 3111 1834 3182 cruciﬁgere,
1854 3120 2014 3182 atque

2123 3092 2396 3185 σταυροῦν
2432 3111 2647 3175 ἑαυτὸν,
2695 3111 2791 3165 καὶ
2822 3111 2921 3174 τὰς
2961 3109 3190 3179 ἀλόγους
3224 3110 3472 3181 ἀναιρεῖν
3513 3104 3700 3160 ἐπιθυ-

441 3200 786 3257 irrationales
808 3198 1024 3253 auferre
1045 3199 1368 3266 cupiditates
1407 3210 1638 3270 oportet.

513 3313 750 3385 Spiritus
791 3321 1022 3368 vocatur
1079 3311 1242 3375 Deus,
1280 3325 1385 3364 non
1441 3311 1594 3380 quasi
1648 3319 1862 3376 ventus,
1922 3312 2014 3366 sed

444 3419 699 3478 tauquam
760 3406 1074 3474 incorporea
1119 3414 1173 3458 et
1213 3404 1420 3458 viviﬁca
1452 3405 1772 3460 substantia.
1823 3405 2022 3471 Quem~

444 3499 732 3553 admodum
791 3497 934 3550 enim
998 3511 1179 3550 aerem
1215 3496 1506 3564 spirantes,
1550 3497 1620 3549 ita
1668 3497 1777 3550 Deo
1806 3510 2022 3566 quoque

447 3590 610 3644 vitam
639 3586 1045 3656 suppeditante,
1078 3585 1332 3638 vivimus.

532 3678 794 3748 Spiritum
843 3685 1003 3730 vocat
1041 3676 1363 3731 rationalem
1406 3676 1644 3732 hominis
1694 3677 2018 3748 portionem,

449 3784 569 3840 quae
595 3767 878 3822 an‘ectione
912 3782 978 3822 ac
1009 3767 1278 3822 desiderio
1315 3782 1499 3823 coram
1563 3770 1674 3822 Deo
1705 3771 2020 3837 constituta,

449 3859 635 3912 adorat
687 3871 831 3920 eum,
892 3855 1064 3910 instar
1095 3853 1430 3924 angelorum,
1467 3869 1569 3908 non
1619 3853 1776 3908 locali
1830 3855 2021 3908 adora-

450 3952 616 4014 tione,
647 3947 741 4002 sed
766 3947 820 4001 in
850 3945 1040 4016 spiritu
1074 3953 1128 3998 et
1168 3944 1412 3998 veritate.

514 4039 680 4094 Vens.
715 4037 806 4092 25.
857 4057 874 4088 ι
913 4037 1054 4090 Dicit
1080 4036 1128 4089 ei
1163 4035 1397 4088 mulier:
1429 4033 1557 4089 Scio
1614 4035 1741 4103 quia
1797 4034 2023 4089 Messias

450 4130 596 4186 venit
647 4129 775 4202 (qui
832 4127 1031 4182 dicitur
1073 4127 1389 4196 Christus).
1439 4125 1573 4180 Cum
1631 4141 1761 4194 ergo
1817 4125 2026 4181 venerit

451 4223 558 4286 ille,
602 4221 757 4274 nobis
791 4218 1133 4272 annuntiabil
1161 4219 1364 4272 omnia.
1401 4237 1420 4270 ι

511 4312 617 4368 Sed
643 4310 783 4364 unde
810 4308 1136 4363 Samaritaui
1171 4311 1457 4361 adventum
1493 4309 1694 4362 Christi
1743 4320 2025 4378 exspecta-

2125 3207 2277 3278 μίας,
2317 3205 2414 3260 καὶ
2448 3203 2880 3274 κατασφάττειν.

2195 3318 2422 3388 Πνεῦμα
2454 3315 2700 3370 καλεῖται
2733 3316 2760 3368 ό
2791 3313 2950 3378 Θεὸς,
2983 3313 3082 3384 οὐχ
3112 3313 3186 3377 ὡς
3229 3313 3442 3381 ἄνεμος,
3478 3308 3594 3362 ἀλλ’
3617 3307 3693 3370 ὡς

2127 3411 2417 3481 ἀσώματος
2447 3409 2542 3462 καὶ
2570 3408 2833 3472 ζωοποιὸς
2865 3407 3044 3460 οὐσία.
3079 3407 3284 3475 Ὥσπερ
3316 3402 3423 3473 γὰρ
3449 3397 3697 3453 εἰσπνεύ-

2107 3496 2286 3570 ’μενοι
2313 3500 2404 3553 τὸν
2434 3499 2575 3570 ἀέρα
2605 3497 2812 3568 ζῶμεν,
2855 3496 2998 3550 οῦτω
3038 3497 3134 3550 καὶ
3177 3496 3270 3550 τοῦ
3301 3492 3435 3548 Θεοῦ
3467 3490 3701 3554 διδόντος

2125 3593 2188 3646 τὸ
2220 3590 2556 3663 παρεκτικδν
2587 3591 2688 3659 τῆς
2719 3590 2888 3659 ζωῆς,
2913 3589 3116 3659 ζῶμεν.

2200 3682 2426 3753 Πνεῦμα
2453 3681 2602 3750 λέγει
2627 3679 2686 3732 τὸ
2716 3680 2908 3750 νοητὸν
2951 3679 3044 3733 τοῦ
3074 3677 3390 3748 ἀνθρώπου,
3421 3677 3559 3749 ὅπερ
3587 3676 3706 3747 σχέ-

2131 3791 2214 3826 σει
2263 3774 2360 3828 atat
2391 3771 2633 3826 διαθέσει
2660 3769 2892 3823 ἐνώπιον
2922 3769 3017 3824 τοῦ
3048 3769 3186 3822 Θεοῦ
3220 3769 3504 3839 γινόμενον
3545 3785 3709 3840 προσ-

2132 3864 2289 3916 κυνεῖ
2336 3861 2429 3916 τὸν
2477 3860 2633 3926 Θεὸν,
2663 3858 2740 3923 ὡς
2785 3860 2881 3914 καὶ
2914 3861 2964 3912 οἱ
3008 3857 3291 3927 ἄγγελλοι,
3323 3859 3423 3928 τῆς
3471 3859 3530 3910 ὲν
3563 3857 3708 3927 τόπῳ

2131 3953 2559 4023 προσκυνήσεως
2585 3951 2688 4002 οὐκ
2713 3947 2904 4020 οῦσης,
2939 3951 2998 4002 ὲν
3031 3949 3304 4018 πνεύματι
3337 3949 3434 4002 καὶ
3461 3947 3704 4018 ἀληθεία.

2207 4058 2227 4092 ι
2263 4041 2429 4109 Λέγει
2475 4038 2626 4109 αὑτῷ
2655 4041 2689 4110 ἡ
2722 4040 2883 4109 γυνή·
2916 4033 3046 4092 Οῐδα
3095 4039 3178 4093 ὃτι
3210 4037 3458 4104 Μεσσίας
3488 4038 3704 4110 ἔρχεται

2131 4132 2202 4203 (ὁ
2233 4132 2527 4202 λεγόμενος
2559 4131 2857 4202 Χριστός).
2891 4132 3061 4186 Ὅταν
3091 4131 3223 4205 ἔλθῃ
3269 4132 3481 4196 ἐκεῖνος
3500 4170 3516 4197 ,
3545 4133 3706 4198 ἀναγ·

2131 4225 2282 4292 γελεῖ
2308 4227 2444 4294 ἡμῖν
2483 4225 2682 4278 πάντα.
2720 4243 2741 4276 s

2207 4315 2378 4368 Πόθεν
2405 4314 2463 4367 δὲ
2495 4317 2868 4386 Σαμαρείταις
2905 4315 2966 4370 τὸ
2999 4317 3306 4388 προσδοκᾷν
3333 4317 3433 4387 τὴν
3463 4315 3556 4370 τοῦ
3581 4318 3708 4385 Χρι-

450 4407 599 4468 hanl,
647 4416 768 4456 cum
818 4401 990 4455 solum
1051 4400 1268 4470 Moysen
1327 4401 1669 4467 reciperent?
1754 4400 1833 4454 Ex
1891 4402 2014 4470 ipsis

2134 4405 2259 4458 στοῦ
2282 4405 2607 4475 παρουσίαν,
2633 4406 2724 4458 τὸν
2751 4405 2992 4460 Μωῦσέα
3010 4404 3328 4476 δεξαμένοις
3355 4405 3550 4475 μόνον;
3590 4403 3706 4457 Ἀπ’

450 4494 618 4564 Moysi
645 4491 884 4561 scriptis.
950 4493 1159 4546 Etenim
1195 4492 1244 4544 in
1272 4491 1536 4559 principio
1579 4490 1773 4545 Filium
1815 4494 2018 4546 revela-

450 4587 546 4640 vit.
609 4585 740 4639 Illud
775 4586 943 4648 enim,
994 4582 1278 4638 Faciamus
1331 4582 1592 4636 hominem
1626 4582 1694 4636 ad
1737 4585 2020 4654 imaginem

451 4686 498 4730 et
528 4677 922 4730 similitudinem
958 4686 1190 4728 nostram
1216 4675 1292 4740 ¹⁸,
1328 4677 1392 4728 ad
1426 4675 1616 4728 Filium
1661 4676 1864 4729 dictum
1916 4686 2020 4730 est.

450 4767 519 4822 Et
554 4767 785 4821 Abrahae
813 4766 864 4819 in
895 4765 1241 4820 tabernaculo
1279 4766 1446 4820 Filius
1476 4767 1732 4835 loquitur.
1767 4765 1832 4819 Et
1857 4765 2025 4821 Jacob

451 4859 517 4912 de
537 4871 604 4912 co
629 4857 1032 4927 prophelizaus,
1067 4858 1204 4910 dixit
1227 4873 1242 4910 ε
1280 4856 1401 4910 Non
1432 4859 1637 4927 deﬁciet
1665 4873 1756 4910 rex
1775 4859 1839 4910 de
1856 4857 2021 4923 Iuda,

397 4963 402 4969 ·
453 4964 616 5017 neque
636 4949 745 5002 dua:
773 4949 837 5000 de
865 4947 1060 5016 femore
1092 4950 1205 5016 ejus
1233 4949 1276 4981 ⁸⁸
1303 4987 1317 5001 .
1350 4949 1489 5014 Quin
1527 4959 1581 5004 et
1631 4949 1857 5018 ipsemet
1906 4951 1980 5002 ait
2007 4967 2020 5002 ;

456 5036 780 5108 Prophetam
818 5038 966 5092 nobis
991 5039 1266 5092 suscitabit
1295 5039 1552 5092 Dominus
1584 5038 1721 5093 Deus
1749 5040 1812 5093 de
1839 5039 2026 5108 fratri-

455 5134 551 5189 bus
584 5136 778 5190 nostris
807 5150 826 5189 :
849 5135 987 5188 sicut
1009 5148 1090 5186 me
1117 5132 1289 5201 ipsum
1313 5133 1538 5186 audietis
1572 5132 1618 5164 '°
1638 5172 1652 5186 .
1693 5129 1761 5185 Et
1787 5147 1907 5202 qua:
1954 5133 2018 5186 de

529 5311 575 5346 ⁸⁸
612 5311 751 5377 Gen,
789 5322 830 5374 ι,
854 5309 946 5366 ‘26.
1023 5309 1066 5342 "
1093 5307 1226 5362 Gen.
1261 5323 1409 5374 xux,
1441 5308 1528 5364 iO.

2127 4495 2307 4549 αὐτῶν
2322 4497 2430 4549 τῶν
2443 4497 3226 4569 Μωῦσέωςγραμμάτων.Καὶ
3247 4496 3354 4568 γὰρ
3377 4497 3472 4550 καὶ
3488 4498 3544 4549 ὲν
3569 4496 3706 4566 ἀρχῇ

2119 4587 2210 4640 τὸν
2237 4587 2364 4642 Υἱδν
2395 4589 2734 4658 ἀπεκάλυψε.
2769 4590 2843 4642 Τὸ
2863 4588 2994 4659 γὰρ,
3022 4588 3378 4658 Ποιήσωμεν
3397 4588 3711 4656 ἄνθρωπον

2123 4681 2250 4732 κατ’
2274 4683 2481 4734 εἰκόνα
2507 4682 2603 4734 καὶ
2633 4682 2920 4749 ὁμοίωσιν
2937 4681 3254 4751 ἡμετέραν,
3291 4680 3430 4750 πρὸς
3460 4680 3550 4733 τὸν
3580 4677 3710 4731 Υίὸν

2124 4770 2364 4841 εἴρηται.
2411 4769 2501 4840 Τῷ
2562 4770 2817 4841 ’Δὸραάμ
2864 4773 2923 4824 ἐν
2972 4773 3040 4841 τῇ
3082 4774 3255 4842 σκηνῇ
3309 4765 3467 4832 οὗτός
3499 4771 3652 4823 ἐστιν
3686 4770 3712 4820 ὁ

2129 4859 2534 4930 διαλεγόμενος.
2583 4861 2696 4915 Kal
2744 4863 2773 4914 ὁ
2841 4860 3037 4914 Ἰακὼὸ
3085 4861 3216 4932 περὶ
3243 4857 3441 4913 ἑαυτοῦ
3495 4875 3712 4929 προφη-

2130 4949 2303 5002 τεύων
2330 4950 2534 5020 ἔλεγεν
2559 4952 2681 5005 Οὐκ
2709 4951 2979 5020 ἐκλείψει
3001 4951 3200 5020 ἅρχων
3219 4951 3288 5015 ἐξ
3320 4949 3538 5014 Ἰούδα,
3571 4947 3714 5002 οὐδὲ

2132 5042 2467 5112 ἡγούμενος
2503 5043 2571 5097 ἐκ
2617 5041 2736 5097 τῶν
2777 5041 2988 5113 μηρῶν
3034 5041 3244 5096 αὑτοῦ.
3293 5042 3402 5094 Καὶ
3453 5038 3620 5115 αὐτὸς
3656 5037 3711 5090 δέ

2127 5148 2280 5215 {mar
2306 5132 2630 5204 Προφήτην
2651 5133 2796 5202 ἡμῖν
2817 5132 3155 5200 ἀναστήσει
3179 5133 3392 5200 Κύριος
3408 5133 3442 5185 ὁ
3460 5127 3626 5195 Θεὸς,
3647 5127 3712 5180 ἐκ

1635 5310 1680 5341 ὀ
1713 5308 1870 5363 Deut.
1897 5322 2051 5366 xvm.
2087 5308 2175 5362 15.

529 5479 569 5542 ξ’
593 5471 683 5525 Cr.
709 5469 1078 5542 έσαρκῶσθαι.
1145 5479 1183 5542 _n
1218 5467 1422 5542 Εἱπῲν,
1459 5484 1479 5518 ι
1521 5465 1738 5542 πνεῦμα
1763 5468 1805 5542 Μὸ
1837 5465 2140 5542 Bacchum
2173 5465 2466 5542 ἀσώματον
2510 5466 2676 5542 λέγει.
2706 5467 2775 5542 Εἰ
2823 5467 3004 5520 τοίνυν
3059 5466 3158 5542 οὐκ
3187 5464 3303 5542 ἐστι
3336 5463 3520 5542 σῶμα,
3557 5457 3711 5542 φηρὶ..

460 5539 558 5593 καὶ
595 5528 981 5610 τὴνᾷλατρείαν
1006 5538 1172 5610 αὑτοῦ
1220 5528 1476 5610 τοιαύτην
1515 5528 1675 5610 εἶναι’
1701 5537 1803 5601 δεῖ,
1828 5536 1936 5610 _xat
1980 5528 2506 5610 νδιὰᾼτοῦῌὲνζὴμῖν-
2527 5528 2818 5610 ἀσωμάτου
2866 5534 3295 5610 προσφέρεσθαι,
3324 5528 3576 5610 τουτέστι
3627 5528 3710 5581 διὰ

460 5611 559 5678 τῆς
587 5599 786 5678 ψυχῆς,
813 5599 901 5678 διὰ
936 5609 1038 5677 τῆς
1074 5608 1166 5660 τοῦ
1197 5607 1288 5662 νοῦ
1319 5599 1693 5678 καθαρότητος
1720 5621 1732 5635 ο
1761 5599 1922 5659 τοῦτο
1944 5605 2052 5675 γὰρ
2083 5605 2262 5676 δηλοῖ,
2300 5599 2391 5660 δτϊ
2413 5624 2432 5658 ι
2463 5606 2601 5670 Τοὺς
2649 5599 3098 5677 ’προσκυνοῦντας
3161 5604 3326 5658 αὐτὸν
3351 5605 3410 5657 ἐν
3439 5599 3714 5669 πνεύματι

461 5673 561 5730 κάι
589 5673 818 5747 ἀληθεία
843 5677 925 5731 δεῖ
951 5673 1296 5745 προσκυνεῖν.
1335 5701 1352 5727 ι
1394 5673 1624 5748 [(Zraun]
