4038 6148
402 354 537 418 1425
612 393 633 403 ~

1436 355 1903 417 FRAGMENTA
1941 354 2024 416 IN
2063 352 2127 414 s.
2163 338 2535 415 JOANNEM.

3524 345 3656 412 1426

396 466 518 521 τῶν
567 464 854 537 ἀδελφῶν
888 467 1060 540 ἡμῶν
1093 468 1173 541 ὡς
1210 464 1349 539 ἐμὲ,
1394 469 1582 523 αὑτοῦ
1610 469 1970 524 ἀκούσεσθε.

2088 475 2352 536 serpente,
2385 475 2443 521 et
2467 464 2614 534 virga
2644 460 2835 534 Moysi,
2861 468 2916 518 et
2949 462 3016 518 de
3042 467 3197 517 Isaac
3219 468 3276 517 et
3295 471 3433 517 ove:
3491 468 3654 527 atque

398 561 508 614 Καὶ
540 559 611 615 τά
649 559 795 616 κατά
826 561 919 616 τὸν
950 561 1096 633 ὅφιν,
1133 561 1229 616 καὶ
1254 559 1323 615 τά
1351 559 1495 614 κατά
1517 561 1618 632 τὴν
1649 560 1848 634 ῥάϐδον
1878 561 1977 632 τὴν

397 651 700 722 Μωῦσέως,
731 652 826 707 καὶ
850 652 918 707 τὰ
939 652 1082 707 κατά
1103 652 1194 706 τὸν
1234 651 1445 719 Ἰσαὰκ,
1475 654 1573 707 καλ⁸
1594 652 1656 707 τὸ
1678 651 1973 726 πρόϐατον,

398 743 493 797 καὶ
532 742 705 799 πολλά
746 743 931 815 ἕτερα,
976 744 1107 815 ὲξῆν
1149 744 1497 816 βουλομένοις
1545 743 1815 813 ἐκλέγειν,
1852 742 1976 822 ’τὴν

398 836 701 906 παρουσίαν
726 836 890 891 αὐτοῦ
922 836 1394 909 ἀνακηρύττοντα.
1437 836 1578 891 Ἀλλ’
1603 836 1704 892 οὐκ
1726 834 1837 890 ἀπὸ
1862 832 1978 888 τού-

397 945 506 981 των
535 927 697 998 ὲνῆγε
724 928 824 1001 τὴν
847 930 1105 997 γυναῖκα,
1136 927 1254 983 ἀλπ
1281 928 1391 983 ἀπὸ
1415 928 1511 981 τοῦ
1537 926 1729 990 ὓδατος
1758 925 1977 998 καὶτῆς

398 1019 774 1090 προαιρέσεως
809 1020 980 1093 αὐτὴν
1020 1021 1353 1086 ἐπισπᾶται,
1384 1020 1480 1074 καὶ
1525 1019 1614 1074 διά
1643 1019 1850 1073 τούτων
1897 1019 1977 1085 εἰς

399 1108 624 1179 μνήμην
669 1108 795 1178 ἀγει
840 1108 939 1163 τοῦ
966 1108 1239 1182 Χριστοῦ,
1273 1109 1369 1164 καὶ
1410 1108 1745 1164 ὲκκαλύπτει
1789 1108 1977 1162 λοιπὸν

397 1200 608 1255 ἑαυτόν.
672 1201 807 1255 ’Λπὺ
849 1201 1119 1266 συνέσεως
1167 1201 1226 1256 δὲ
1267 1202 1427 1256 τοῦτο
1474 1198 1648 1256 εἶπενο
1697 1201 1820 1256 οὐδὲ
1866 1202 1977 1272 γὰρ

395 1289 511 1360 ⁴ᾔδει
544 1288 638 1342 τὸν
667 1290 927 1360 Χριστὸν,
957 1291 1288 1361 Σαμαρεῖτις
1316 1288 1477 1347 οὖσα.

471 1399 491 1433 ι
520 1380 683 1450 Λέγει
713 1380 852 1452 αὐτῇ
882 1382 912 1435 6
960 1381 1185 1453 Ἰησοῦςο
1217 1382 1359 1453 Ἑγὼ
1389 1384 1528 1454 εἰμι,
1563 1384 1593 1438 6
1616 1382 1795 1437 λαλῶν
1826 1400 1927 1439 σοι.
1952 1400 1972 1433 ι

464 1545 644 1625 ’Ὅπερ
679 1554 781 1608 οὐκ
813 1520 1279 1619 εἶπενήἸουδαίοις
1307 1555 1554 1625 ἐρωτῶσι
1596 1555 1737 1626 μετά
1783 1555 1938 1608 δόλου
1958 1593 1978 1618 ,

395 1647 553 1700 τοῦτο
580 1641 734 1699 εἶπεν
774 1648 840 1717 τῇ
872 1646 1094 1713 γυναικὶ
1141 1647 1489 1719 ἁπλουστέρα
1521 1646 1681 1720 ούσῖγ
1732 1648 1827 1700 καί
1851 1646 1977 1701 οὔτε

396 1737 508 1790 ἀπὸ
527 1737 807 1801 Mentissa);
827 1734 987 1793 εἶπέν
1007 1756 1060 1792 τι
1081 1739 1241 1809 αὐτῇ,
1274 1737 1538 1793 συνιστῶν
1557 1740 1626 1793 τὰ
1651 1739 1782 1810 περὶ
1809 1738 1975 1792 αὐτοῦ

395 1832 612 1902 ἀπείρῳ
654 1830 791 1905 οὔσῃ
837 1832 1083 1906 Γραφῆς,
1129 1805 1246 1888 ἀλλ’
1291 1834 1358 1887 ὲκ
1391 1834 1561 1906 μόνης
1602 1833 1706 1907 τῆς
1728 1805 1979 1906 *συνειδήο
2008 1805 2051 1867 Β

398 1937 535 1985 σεως
563 1921 737 1992 αὐτῆς
761 1923 1085 1995 μετέπεισεν
1113 1923 1309 1995 αὑτήν.

476 2013 613 2066 (Καὶ
635 2015 730 2067 ἐπὶ
755 2013 932 2086 τούτῳ
953 2011 1118 2087 ἦλθον
1141 2017 1191 2069 οἰ
1218 2015 1460 2087 μαθηταί
1480 2013 1667 2071 αὐτοῦ’
1690 2016 1786 2072 καὶ
1816 2015 1977 2071 ἐθαύ-

402 2121 580 2176 μασαν
609 2105 692 2160 ὅτι
728 2107 869 2177 μετά
895 2107 1151 2178 γυναικὸς
1190 2109 1392 2164 ἐλάλει.
1419 2127 1439 2161 ›

470 2196 594 2250 Ὀτι
630 2199 751 2268 μετ’
771 2198 1072 2268 ἀλλοφύλου
1096 2199 1302 2263 ἐλάλει,
1325 2200 1386 2254 τὸ
1408 2200 1612 2270 ἄτυφον
1634 2200 1801 2256 αὐτοῦ
1823 2199 1979 2254 ἐθαύ-

401 2289 594 2359 μαζον,
625 2290 722 2343 καὶ
759 2290 841 2343 ὅτι
867 2292 1103 2362 πενιχρᾷ
1127 2291 1482 2362 Σαμαρείτιδι
1512 2291 1692 2346 ἐλάλει
1714 2306 1731 2323 '
1757 2292 1978 2363 ᾔδεισαν

398 2379 528 2448 γάρ,
553 2379 632 2432 ὅτι
659 2379 840 2434 πάντα
864 2382 1012 2434 ποιεῖ
1036 2380 1176 2452 μετά
1208 2382 1544 2453 κεκριμένης
1576 2381 1847 2445 συνέσεως
1884 2380 1979 2434 καὶ

400 2470 709 2538 εὐλαϐείας,
740 2471 776 2526 ἃ
807 2472 999 2526 ἐποίει.

470 2579 491 2613 ι
515 2560 681 2616 Δεῦτε
703 2603 718 2626 ,
754 2563 895 2616 ἴδετε
946 2562 1256 2635 ἄνθρωπον,
1292 2564 1351 2627 ὃς
1393 2558 1515 2619 εἶπέ
1541 2582 1633 2635 μοι
1677 2564 1856 2619 πάντα
1879 2565 1979 2619 ὅσα

399 2651 653 2724 ἐποίησα.
684 2655 832 2725 Μήτι
860 2648 1015 2719 οὗτός
1043 2656 1191 2709 ἐστιν
1219 2656 1247 2708 6
1269 2655 1542 2726 Χριστός;
1581 2674 1599 2708 ι

467 2827 589 2881 Τῶν
632 2829 773 2897 ἄγαν
826 2831 973 2884 ἐστὶν
1018 2831 1260 2898 ἀτόπων,
1312 2833 1374 2886 τὸ
1406 2831 1483 2905 μὴ
1521 2831 1873 2905 δημοσιεύειν
1910 2832 1979 2887 τά

400 2919 728 2991 κοινωφελῆ.
772 2920 919 2992 Αὕτη
975 2922 1033 2977 δὲ
1067 2924 1168 2978 οὐκ
1218 2925 1537 2997 ἀπεφήνατο
1588 2925 1810 2994 σαφῶς,
1854 2924 1978 2979 οὔτε

400 3012 679 3084 ἐσίγησεν⁸
711 3014 962 3069 ἐϐούλετο
988 3016 1119 3087 γὰρ,
1150 3017 1249 3070 οὐκ
1289 3018 1353 3071 ὲκ
1379 3018 1477 3088 τῆς
1506 3018 1716 3083 οἰκείας
1760 3019 1979 3088 ἀποφά-

402 3118 541 3194 σεως
572 3103 817 3194 εἰσάγειν
860 3105 1043 3171 αὐτὸν,
1079 3105 1216 3194 άλλά
1256 3106 1354 3161 καὶ
1396 3106 1597 3170 αὐτοὺς
1646 3107 1750 3180 τῆς
1792 3108 1976 3178 ψήφου
2007 3136 2049 3194 C

397 3190 604 3260 ταύτης
632 3193 950 3259 εἰσαγαγεῖν
979 3193 1291 3259 κοινωνοὺς,
1323 3194 1351 3247 ὃ
1374 3194 1468 3248 καὶ
1505 3194 1707 3265 μᾶλλον
1734 3195 1979 3266 εὐπαρά-

398 3281 588 3336 δεκτον
618 3284 792 3337 ἐποίει
821 3283 912 3337 ’τὸν
941 3283 1118 3352 λόγον.
1149 3286 1258 3338 Καὶ
1287 3286 1390 3339 οὐκ
1421 3281 1597 3352 εἶπεν,
1638 3284 1842 3352 Δεῦτε,
1893 3304 1984 3340 πι-

409 3373 656 3439 στεύετε,
689 3374 862 3441 ἀλλὰ,
895 3376 1096 3439 Δεῦτε,
1142 3375 1320 3430 ίδετεο
1361 3375 1389 3430 ὃ
1421 3376 1623 3448 μᾶλλον
1651 3376 1983 3449 κουφότερον

399 3459 487 3534 ἦν,
519 3465 613 3519 καὶ
646 3466 846 3536 μᾶλλον
872 3467 1069 3532 αὐτοὺς
1101 3469 1402 3537 ἐφείλκετο.
1441 3470 1596 3541 ’ᾙδει
1626 3469 1741 3540 γὰρ
1768 3469 1977 3539 σαφῶς,

399 3554 483 3608 ὅτι
529 3557 860 3628 γευσάμενοι
905 3558 1088 3629 μόνον,
1117 3558 1187 3612 τά
1226 3560 1364 3613 αὑτά
1397 3560 1674 3612 πείσονται
1707 3560 1851 3631 άπερ
1886 3558 1981 3612 καὶ

401 3644 564 3716 αὐτή.

478 3755 497 3789 ι
545 3737 709 3807 Λέγει
751 3734 933 3804 αὐτοῖς
973 3743 1001 3794 6
1056 3741 1297 3810 ’1ησοῦς’
1350 3741 1512 3811 Ἐμὸν
1564 3741 1761 3812 βρῶμά
1806 3741 1979 3806 ἐστιν,

401 3828 490 3882 ἵνα
519 3831 658 3884 ποιῶ
676 3831 737 3884 τὸ
763 3831 975 3903 θέλημα
994 3837 1086 3886 τοῦ
1118 3832 1432 3904 πέμψαντός
1464 3849 1550 3902 με,
1585 3833 1679 3885 καὶ
1710 3830 1983 3886 τελειώσω

401 3920 570 3975 αὑτοῦ
591 3921 653 3975 τὸ
682 3922 865 3993 ἔργον.
903 3941 922 3976 ι

485 4009 572 4075 Ὡς
603 4011 957 4077 διδασκάλους
1004 4014 1103 4083 τῆς
1150 4013 1515 4084 οἰκουμένης,
1567 4013 1808 4067 διδάσκει
1855 4012 1981 4074 τοὺς

407 4098 679 4168 μαθητὰς,
704 4105 975 4174 προτιμᾷν
1000 4104 1100 4173 τῆς
1124 4102 1380 4176 βρώσεως
1395 4104 1456 4156 τὸ
1469 4102 1679 4174 θέλημα
1701 4102 1791 4156 τοῦ
1815 4102 1975 4155 Θεοῦ.

405 4188 605 4262 [Οιιλιι.
638 4192 788 4264 sum]
826 4194 914 4258 Ὠς
943 4195 1203 4265 ἐπιθυμεῖ
1247 4212 1331 4258 τις
1358 4193 1566 4266 τροφῆς
1589 4235 1604 4262 ,
1651 4193 1794 4248 οὕτω
1824 4191 1997 4299 κάγὼῖ

402 4282 502 4349 τῆς
538 4282 815 4351 σωτηρίας
844 4282 952 4337 τῶν
983 4283 1308 4356 ἀνθρώπων.

479 4388 499 4423 ι
535 4371 647 4424 Καὶ
681 4372 709 4424 ὁ
754 4372 1011 4445 θερίζων,
1052 4374 1245 4444 μισθὸν
1288 4375 1578 4445 λαμϐάνει,
1612 4375 1708 4429 καὶ
1757 4375 1979 4443 συνάγει

2078 558 2183 614 alia
2213 557 2379 613 multa
2430 556 2595 612 liceat
2627 553 2886 612 studiosis
2940 551 3221 624 colligere,
3275 565 3399 622 quas
3447 546 3652 606 Christi

2077 650 2366 706 adventum
2392 656 2682 704 testantur.
2732 645 2843 703 Sed
2870 644 3017 702 nulla
3060 645 3289 700 istarum
3317 656 3503 698 rerum
3529 657 3650 698 mu-

2076 742 2264 798 lierem
2296 740 2531 807 induxit,
2581 739 2678 796 sed
2721 753 2875 810 aqua:
2945 737 3210 794 duntaxat
3264 734 3655 806 pollicitatione

2077 842 2239 904 atque
2266 831 2616 907 praedictione
2637 844 2756 886 eam
2781 828 2971 897 allicit,
3000 837 3055 884 et
3085 843 3182 900 per
3222 828 3340 889 haec
3369 827 3423 883 in
3450 826 3651 884 Christi

2079 922 2410 981 mentionem
2437 922 2679 987 adducit,
2708 929 2766 978 et
2805 935 2866 978 se
2891 919 3029 991 jam,
3050 920 3141 993 qui
3170 921 3263 987 sit,
3317 918 3653 977 manifestat.

2078 1016 2124 1071 Δ
2156 1014 2493 1072 conscientia
2527 1012 2714 1084 utique
2762 1013 2867 1070 hoc
2913 1011 3088 1069 dixit:
3145 1028 3258 1070 non
3294 1011 3444 1071 enim
3498 1010 3656 1070 Chri-

2077 1118 2220 1164 stum
2253 1113 2497 1171 noverat,
2533 1105 2685 1177 quod
2705 1112 2852 1166 esset
2887 1103 3252 1165 Samaritana.

2147 1369 2311 1425 Vnus.
2333 1369 2428 1435 26,
2463 1369 2650 1427 (Dicit
2697 1370 2750 1427 ei
2792 1369 2992 1429 Jesus:
3059 1370 3177 1443 Ego
3194 1384 3315 1428 sum
3344 1369 3440 1442 qui
3462 1369 3656 1440 loquor

2080 1471 2280 1518 tecum.
2311 1480 2334 1516 ι

2136 1555 2289 1624 Quod
2329 1570 2434 1611 non
2464 1553 2605 1611 dixit
2656 1551 2861 1610 Iudaeis
2887 1553 3013 1611 dolo
3070 1553 3555 1625 interrogantibus,
3605 1554 3657 1608 id

2080 1647 2291 1702 mulieri
2337 1644 2571 1715 simplici
2634 1645 2950 1703 revelavit:
3008 1653 3063 1701 et
3119 1660 3300 1714 neque
3357 1647 3425 1700 de
3471 1644 3659 1714 Moyse

2079 1738 2369 1811 quidquam
2400 1736 2475 1791 illi
2500 1736 2801 1806 proposuit,
2860 1736 3048 1791 sciens
3080 1750 3203 1792 eam
3239 1735 3487 1806 ignaram
3532 1748 3657 1790 esse

2080 1831 2505 1900 Scripturarum,
2535 1827 2632 1885 sed
2675 1839 2744 1887 ex
2794 1827 2863 1885 iis
2917 1835 3125 1897 tantum
3153 1841 3279 1898 qua:
3310 1832 3538 1883 noverat
3580 1822 3655 1879 illi

2078 1922 2367 1993 persuasit.
2962 1954 2967 1957 -
3483 1970 3495 1982 .

2137 2011 2307 2069 Vens.
2332 2012 2425 2069 27.
2466 2033 2485 2068 ι
2516 2012 2582 2069 Et
2613 2012 2874 2071 continuo
2903 2018 3169 2071 venetum
3195 2007 3441 2078 discipuli
3492 2006 3610 2077 eius
3638 2026 3652 2062 ε

2078 2112 2134 2159 et
2169 2104 2510 2161 mirabantur
2535 2105 2662 2174 quia
2688 2118 2810 2159 cum
2839 2103 3064 2157 muliere
3087 2100 3438 2169 loquebatur.
3471 2117 3492 2152 ι

2141 2196 2294 2263 Quod
2342 2211 2465 2257 cum
2510 2195 2841 2266 alienigena,
2882 2207 3055 2263 eaque
3101 2190 3431 2268 paupercula
3467 2189 3655 2245 Sarna-

2080 2288 2253 2341 ritana
2308 2285 2644 2357 loqueretur,
2705 2285 3116 2344 admirabantur
3172 2301 3187 2339 :
3244 2296 3446 2339 norant
3507 2282 3652 2337 enim

2077 2392 2222 2444 eum,
2256 2376 2516 2449 quidquid
2562 2378 2778 2447 agebat,
2826 2376 3036 2443 occulta
3062 2375 3297 2447 quadam
3341 2373 3653 2445 cognitione

2078 2478 2241 2535 atque
2271 2469 2473 2540 pietate
2499 2484 2778 2540 peragere.

2128 2560 2292 2616 Vrsas.
2328 2560 2419 2616 29.
2462 2578 2483 2614 ‹
2519 2561 2731 2629 Venite,
2761 2570 2816 2617 et
2852 2561 3035 2623 videte
3070 2559 3343 2617 hominem
3373 2555 3471 2627 qui
3514 2554 3656 2611 dixit

2081 2653 2213 2708 mihi
2282 2654 2467 2711 omnia
2532 2668 2868 2727 quaecunque
2914 2654 3038 2713 feci.
3090 2649 3346 2722 Nunquid
3400 2649 3516 2718 ipse
3570 2658 3657 2702 cst

2080 2742 2362 2800 Christus?
2399 2763 2420 2798 ι

2156 2832 2323 2889 Plane
2358 2833 2720 2890 absurdorum
2772 2844 2877 2902 est,
2911 2849 2976 2891 ea
3034 2850 3156 2906 quae
3213 2850 3245 2891 e
3275 2851 3333 2891 re
3377 2836 3657 2893 communi

2082 2933 2210 2982 sunt
2245 2925 2470 2981 minime
2515 2926 2786 2998 evulgare.
2850 2925 2978 2982 Haac
3031 2936 3217 2982 autem
3282 2941 3456 2997 neque
3511 2926 3658 2982 clare

2083 3016 2367 3072 alﬁrmavit
2417 3014 2694 3073 Christum
2736 3031 2885 3083 esse,
2903 3031 3079 3087 neque
3117 3017 3334 3074 reticuit
3382 3034 3397 3074 :
3434 3017 3659 3073 uolebat

2083 3107 2229 3161 enim
2261 3105 2480 3177 propria
2507 3105 2682 3175 ipsum
2709 3106 3036 3162 auctoritate
3060 3106 3338 3171 inducere,
3363 3106 3454 3163 sed
3482 3115 3537 3163 et
3560 3121 3657 3162 eos

2084 3198 2135 3250 iu
2165 3197 2408 3252 eamdem
2449 3210 2633 3253 secum
2685 3197 3017 3255 sententiam
3059 3198 3440 3254 communibus
3463 3196 3658 3254 sull‘ra-

2080 3288 2183 3357 giis
2210 3287 2291 3342 ire
2313 3287 2587 3358 cupiebat,
2623 3302 2730 3357 quo
2753 3302 3060 3349 sermonem
3080 3304 3235 3345 suum
3266 3288 3472 3349 faceret
3496 3289 3655 3359 longe

2082 3378 2522 3447 probabiliorem.
2579 3378 2648 3434 Et
2680 3394 2787 3436 non
2815 3379 2974 3449 dixit,
3004 3378 3217 3447 Venite,
3246 3383 3457 3437 credite
3484 3398 3502 3449 ;
3533 3381 3654 3448 sed,

2091 3468 2296 3535 Venite,
2326 3470 2512 3535 videte,
2542 3470 2684 3541 quod
2710 3479 2767 3526 et
2816 3469 3029 3527 facilius
3059 3480 3202 3539 erat,
3233 3486 3437 3543 eosque
3483 3473 3656 3541 magis

2081 3558 2373 3616 alliciebat.
2433 3559 2653 3617 Sciebat
2676 3559 2917 3633 profecto
2967 3576 3085 3630 eos,
3110 3563 3155 3618 si
3203 3564 3467 3620 duntaxat
3491 3566 3660 3635 degu-

2066 3661 2344 3717 vstassent,
2376 3652 2585 3708 eadem'
2616 3653 2682 3709 de
2710 3668 2798 3720 eo,
2839 3668 2958 3725 quae
2991 3666 3046 3710 et
3071 3655 3209 3725 ipsa,
3241 3670 3524 3712 sensuros.

2134 3743 2301 3799 Vens.
2339 3743 2438 3798 54.
2485 3761 2505 3795 ι
2540 3743 2690 3800 Dicit
2718 3747 2799 3801 eis
2829 3745 3022 3803 Jesus:
3072 3746 3222 3803 Meus
3270 3749 3424 3804 cibus
3461 3759 3566 3811 est,
3596 3756 3658 3802 ut

2089 3830 2285 3886 faciam
2318 3830 2653 3889 voluntatem
2681 3831 2799 3903 ejus
2845 3834 2938 3904 qui
2970 3835 3118 3890 misit
3149 3851 3255 3904 me,
3290 3846 3347 3896 ut
3375 3837 3654 3907 perficiam

2118 3936 2220 3991 pus
2252 3935 2391 3991 ejus.
2423 3940 2444 3974 ι

2145 4010 2426 4081 Tanquam
2472 4009 2620 4067 orbis
2663 4020 3044 4082 praeceptores,
3096 4012 3391 4083 discipulos
3437 4015 3654 4080 erudit,

2082 4101 2218 4156 cibis
2249 4101 2487 4155 divinam
2520 4108 2850 4172 anteponere
2893 4102 3249 4158 voluntatem.
3296 4103 3656 4171 Quemadmo-

2082 4194 2206 4243 dum
2234 4188 2413 4246 cibum
2441 4188 2715 4247 desiderat
2761 4190 2980 4264 aliquis,
3011 4192 3090 4248 sic
3123 4192 3350 4250 salutem
3373 4193 3655 4252 hominum

2082 4280 2349 4337 desidero.

2156 4371 2320 4430 Vsus.
2355 4372 2445 4429 56.
2489 4391 2506 4428 ι
2539 4372 2604 4430 Et
2651 4373 2749 4443 qui
2795 4373 2979 4442 metit,
3008 4374 3312 4432 mercedem
3348 4377 3577 4449 accipit,
3601 4388 3660 4436 et

404 4463 616 4532 καρπὸν
654 4465 736 4529 εἰς
780 4465 926 4537 ζωὴν
958 4467 1194 4522 αἰώνιον·
1242 4469 1330 4521 ἵνα
1363 4470 1457 4525 καὶ
1487 4470 1515 4521 6
1568 4468 1807 4539 σπείρων
1840 4465 1974 4538 ὁμοῦ

2088 4473 2375 4535 congregat
2425 4464 2659 4520 fructum
2705 4465 2759 4521 in
2794 4465 2960 4522 vitam
3003 4474 3260 4523 aeternam
3309 4482 3325 4523 :
3377 4476 3436 4522 ut
3483 4478 3539 4524 et
3565 4471 3658 4540 qui

402 4553 574 4625 χαίρῃ
603 4555 699 4607 καὶ
725 4558 754 4610 6
781 4556 1030 4628 θερίζων.
1066 4576 1085 4610 ι

2088 4556 2321 4610 seminat
2356 4555 2516 4611 simul
2547 4556 2800 4626 gaudeat,
2832 4564 2888 4613 et
2917 4557 3005 4629 qui
3037 4558 3209 4611 metit.
3240 4576 3260 4609 ι

486 4640 548 4696 Ὀ
591 4644 960 4714 πνευματικὸς
992 4644 1250 4715 θερισμὸς
1292 4646 1350 4710 ὅς
1386 4658 1414 4697 Ρ
1445 4649 1591 4707 ἐστιν
1637 4650 1670 4720 ἡ
1718 4649 1977 4719 θεοσεϐὴς

2157 4646 2430 4717 Spiritalis
2470 4650 2684 4716 messis,
2714 4663 2833 4719 quae:
2864 4657 2990 4702 sunt
3021 4663 3182 4718 opera
3216 4648 3322 4718 pia,
3356 4650 3656 4721 depositum

404 4734 658 4805 ἐργασία,
693 4736 792 4804 τὴν
826 4736 924 4807 μὲν
943 4736 1223 4802 ἀπόθεσιν,
1257 4738 1350 4791 καί
1379 4739 1470 4792 τὸν
1490 4739 1978 4812 ἀποθησαυρισμὸν

2088 4738 2300 4806 quidem
2353 4751 2419 4792 ac
2466 4737 2782 4794 thesaurum
2819 4739 2873 4793 in
2915 4737 3070 4793 cmlis
3119 4739 3342 4806 habent,
3393 4740 3448 4795 in
3477 4741 3659 4797 futuro

403 4826 464 4878 ὲν
493 4826 744 4898 οὐρανοῖς
778 4828 913 4898 ἔχει’
946 4829 1004 4883 ὲν
1026 4829 1182 4901 δὲτῷ
1216 4831 1464 4902 μέλλοντι
1495 4831 1652 4893 αἰῶνι
1680 4833 1978 4887 ἀπόλαυσιν

2088 4837 2266 4884 autem
2293 4828 2512 4896 saeculo,
2540 4843 2607 4885 eo
2643 4828 2996 4899 perfruuntur
3017 4829 3390 4898 sempiterno:
3420 4846 3655 4903 praesens

403 4912 785 4987 ἀτελεύτητον·
816 4908 974 4981 οὗτος
1003 4917 1116 4990 γάρ
1144 4920 1291 4974 ἐστιν
1322 4921 1352 4974 6
1386 4922 1581 4993 καιρὸς
1613 4921 1713 4994 τῆς
1741 4923 1981 4977 ἀνταπο-

2088 4917 2232 4972 enim
2259 4925 2471 4987 tempus
2500 4932 2610 4974 nou
2637 4926 2724 4974 est
2760 4916 3163 4977 retributionis.

403 5004 627 5071 δόσεως.
1188 5050 1191 5051 ,

481 5116 500 5149 ι
546 5096 689 5168 Ἐγὼ
716 5098 1014 5157 ἀπέστειλα
1048 5104 1190 5175 ὑμᾶς
1219 5103 1477 5176 θερίζειν,
1511 5105 1541 5160 ὃ
1577 5106 1675 5177 οὐχ
1704 5106 1864 5178 ὑμεῖς
1891 5124 1982 5162 κε·

2150 5097 2319 5154 Vnns.
2346 5096 2438 5154 58.
2483 5113 2504 5149 ¢
2535 5095 2648 5165 Ego
2682 5095 2805 5150 misi
2856 5105 3191 5153 vosmetere
3227 5095 3371 5166 quod
3421 5110 3518 5153 vos
3547 5111 3656 5161 non

404 5186 729 5242 κοπιάκατε·
776 5191 928 5247 ἄλλοι
973 5194 1377 5262 κεκοπιάκασι,
1425 5194 1521 5251 καὶ
1555 5195 1714 5266 ὑμεῖς
1769 5197 1848 5259 είς
1889 5195 1981 5250 τὸν

2088 5190 2411 5246 laborastis:
2464 5190 2555 5245 alii
2610 5189 3017 5261 laboraverunt,
3074 5203 3130 5250 et
3178 5207 3274 5249 vos
3327 5194 3383 5248 in
3441 5192 3658 5250 labores

405 5278 575 5333 κόπον
609 5283 790 5338 αὐτῶν
821 5285 1233 5357 εἰσεληλύθατε.
1270 5307 1290 5341 ι

2088 5297 2274 5338 eorum
2310 5281 2597 5337 introistis.
2630 5300 2650 5336 ι

491 5371 550 5425 ’0
585 5375 829 5446 σπείρων
870 5376 1022 5429 ἐστὶν
1066 5379 1095 5430 6
1147 5379 1382 5450 Χριστὸς
1424 5380 1492 5433 τὰ
1527 5379 1849 5450 σωτηριώδη
1890 5378 1971 5431 δό-

2164 5373 2325 5428 Sator
2356 5373 2609 5430 Christus
2646 5383 2753 5442 est,
2789 5375 2880 5445 qui
2915 5390 3011 5445 per
3063 5378 3351 5447 prophetas
3399 5377 3656 5435 salutaria

406 5481 596 5533 γματα
637 5466 725 5520 διά
753 5466 1048 5538 προφητῶν
1072 5484 1083 5498 ·
1117 5468 1365 5540 θερισταὶ
1394 5471 1451 5525 δὲ
1487 5473 1535 5525 οἰ
1575 5469 1883 5525 ἀπόστολοι.
1917 5469 1980 5521 Oi

2090 5467 2341 5534 dogmata
2373 5464 2686 5532 seminavit,
2737 5481 3005 5522 messores
3045 5483 3173 5523 vero
3220 5470 3469 5540 apostoli.
3522 5469 3657 5525 Pro-

409 5556 689 5628 προφῆται
720 5557 852 5626 γοῦν
886 5557 1017 5612 ὼσελ.
1052 5560 1373 5632 σπείραντες
1405 5562 1569 5618 πολὺν
1601 5560 1759 5632 ἔσχον
1791 5560 1976 5627 κόπον,

2092 5559 2268 5629 pheta:
2316 5556 2497 5628 itaque
2546 5566 2803 5629 tanquam
2843 5558 3198 5619 seminatores
3243 5559 3530 5632 plurimum
3577 5558 3658 5616 la-

485 5742 508 5783 P
531 5735 625 5791 Cr.
