4038 6148
444 333 581 400 1429

1488 331 1954 395 FRAGMENTA
2004 331 2084 393 IN
2127 332 2189 392 S.
2228 331 2600 394 JOANNEM.

3563 332 3696 398 1430

397 438 420 517 ii
515 447 781 516 Ἀγγελος
812 444 1018 500 κατιὼν
1050 445 1112 499 ὲν
1150 442 1231 516 τῷ
1269 442 1456 510 ὕδατι,
1484 444 1581 498 καὶ
1622 445 1910 516 ταράσσων
1950 441 2011 497 τὸ

2182 441 2416 511 Angelus
2450 441 2541 511 qui
2574 441 2625 495 in
2657 453 2850 508 aquam
2879 438 3261 502 descendebat,
3290 454 3526 507 eamque
3562 457 3675 506 per-

444 536 625 607 ὕδωρ,
657 535 874 607 ίατικῆν
920 533 1147 589 ἐνετίθει
1182 534 1370 598 αὐτοῖς
1401 533 1657 605 δύναμιν.
1697 534 1928 606 Ἀδηλον
1961 536 2018 589 δὲ

443 630 509 681 ὲν
534 627 668 700 ποία
695 626 878 699 ἡμέρᾳ
905 626 1096 698 κατῄει
1124 626 1420 696 ὁᾶγγελος.
1460 626 1551 680 Ἐν
1579 629 1648 698 τῇ
1676 627 1818 681 Πεντ
1851 631 2018 699 κοστῇ

444 717 658 790 κατῄει.
714 718 944 788 ’Δδηλον
991 718 1051 772 δὲ
1090 716 1239 788 μένει
1280 716 1411 789 ποίᾳ
1443 718 1584 790 ὥρᾳ.
1617 718 1801 783 Τύπος
1841 719 1902 773 δὲ
1953 715 2021 791 ἦν

445 808 607 864 τοῦτο
637 810 739 880 τῆς
787 810 1018 881 νομικῆς
1068 809 1348 881 λατρείας,
1398 813 1498 882 τῆς
1537 811 1606 866 δι’
1648 812 1900 881 ἀγγέλων
1940 812 2023 866 ἐνὶ

447 898 590 953 ἔθνει
623 899 779 970 μόνιμ
813 899 1082 970 δοθείσης,
1107 899 1204 954 καὶ
1251 901 1308 954 ἑν
1339 901 1420 953 ἑνὶ
1459 901 1608 972 μόνῳ
1639 900 1817 973 καιρῷ
1854 903 1914 955 ὲν
1942 899 2022 971 τῷ

447 993 590 1047 τέλει
617 993 717 1063 τῆς
751 990 966 1063 ἑορτῆς,
1001 991 1031 1045 ὅ
1059 993 1209 1046 ἐστιν
1238 991 1327 1046 ἐπ’
1356 994 1590 1064 ἐσχάτου
1618 994 1850 1065 καιρῶν,
1886 1010 2021 1064 προσ

449 1081 742 1154 ϐαινούσης
764 1084 863 1154 τῆς
890 1083 1108 1149 ἰάσεως,
1127 1084 1224 1137 καὶ
1250 1085 1312 1138 οὺ
1335 1085 1621 1158 χωρούσης
1644 1088 1726 1155 εἰς
1747 1086 1840 1140 τὸν
1870 1084 2019 1159 ἑξῆς.

524 1277 542 1312 ι
577 1255 686 1313 Ἦν
716 1258 775 1313 δέ
805 1274 892 1324 τις
942 1260 1231 1333 ἄνθρωπος
1264 1263 1392 1317 ἐκεῖ
1438 1265 1882 1336 τριακονταοκτὼ
1926 1266 2023 1339 ἐτη

449 1347 589 1416 ἔχων
613 1349 671 1401 ἐν
694 1350 761 1419 τῇ
790 1347 1064 1420 ἀσθενείᾳ.
1104 1367 1124 1401 ι

518 1432 648 1492 Ὧδε
679 1438 1112 1512 πρώιεγράφετο
1151 1442 1215 1496 τὸ
1259 1442 1352 1497 τοῦ
1387 1443 1764 1516 βαπτίσματος
1811 1447 2024 1518 μυστή-

450 1547 588 1601 ριον,
646 1532 704 1583 ὲν
748 1523 792 1600 ᾧ
832 1533 940 1585 πᾶν
996 1525 1136 1596 εἶδος
1190 1533 1605 1605 ἁμαρτημάτων
1630 1534 2019 1607 ἐθεραπεύετο.

463 1620 569 1673 Ἔν
594 1620 838 1686 ταύταις
861 1622 1164 1677 κατέκειτο
1185 1623 1420 1693 πλῆθος
1448 1627 1630 1691 πολὺ,
1664 1627 1844 1680 καὶτὰ
1873 1627 2019 1698 ἑξῆς.

457 1711 807 1782 Ἐκπληκτος
839 1714 875 1783 ἡ
908 1713 1176 1785 καρτερία
1198 1714 1293 1769 τοῦ
1330 1717 1720 1786 παραλυτικοῦ·
1747 1716 1843 1789 ἐτη
1872 1735 2023 1789 τρια-

453 1801 764 1859 κονταοκτὼ
803 1797 939 1873 εἶχε,
974 1805 1068 1858 καὶ
1094 1804 1217 1859 καθ’
1248 1806 1478 1859 ἕκαστον
1507 1806 1749 1861 ἐνιαυτὸν
1779 1809 2024 1863 ἀπαλλα-

451 1889 716 1961 γήσεσθαι
741 1890 835 1943 τοῦ
869 1893 1176 1963 νοσήματος
1216 1895 1530 1964 προσδοκῶν
1562 1895 1898 1964 ἐνηδρεύετο,
1933 1895 2025 1947 καὶ

452 1978 553 2034 οὑκ
594 1981 880 2050 ἀφίστατο·
926 1985 974 2036 εἰ
1011 1984 1118 2052 γὰρ
1146 1984 1213 2038 τὲ
1261 1985 1336 2056 μὴ
1375 1986 1746 2056 παρελθόντα,
1778 1987 1849 2039 τὰ
1892 1985 2026 2057 γοῦν

458 2070 720 2146 μέλλοντα
745 2071 844 2143 (5‘)
873 2072 973 2144 οὐχ
991 2074 1151 2127 ἱκανὰ
1174 2070 1240 2145 ἧν
1273 2075 1437 2130 αὑτὸν
1478 2078 1784 2145 ἀπαγαγεῖν
1812 2076 1904 2130 τοῦ
1935 2077 2026 2130 τόφ

459 2177 583 2226 που,
617 2160 734 2214 ἀλλ’
757 2162 905 2231 ὅμως
929 2164 1030 2216 οὐκ
1061 2164 1325 2219 ἀνέπεσεν
1362 2167 1481 2221 οὐδὲ
1520 2168 1766 2236 ἀπέγνω.
1805 2165 2025 2239 [Citam]

531 2247 952 2321 ι.Θέλεις,ὑγιὴς
986 2250 1280 2319 γενέσθαι;
1319 2272 1341 2307 ι,

525 2337 637 2409 Οὐχ
669 2340 745 2403 ὡς
777 2340 985 2410 ἀγνοῶν
1018 2342 1223 2414 ἐρωτᾷ,
1255 2343 1392 2397 ἀλλὰ
1418 2342 1707 2403 ἇιανιστῶν
1739 2345 1900 2403 αὐτὸν
1949 2348 2027 2409 εἰς

457 2427 755 2501 ζπιθυμξαν
787 2430 881 2485 τοῦ
921 2431 1341 2506 θεραπευθῆναι.
1375 2433 1607 2509 [ϐιωιῷ

533 2560 555 2595 ι
590 2542 649 2597 '0
677 2542 736 2596 δὲ
771 2542 979 2613 Ἰησοῦς
1011 2545 1579 2616 ἀπεκρίνατοηραὺτοῖς-
1610 2549 1889 2621 ’0.Πατήρ
1925 2568 2027 2621 μου

457 2630 563 2696 ἕως
587 2633 712 2703 ἄρτι
740 2634 1053 2705 ἐργάζεται,
1087 2637 1607 2710 κάγὼ.ὲργάζομαι.
1644 2659 1663 2691 ι

543 2723 710 2794 Ἐμοῦ
745 2726 943 2795 μόνουζ
969 2727 1143 2799 φησὶ,
1176 2729 1365 2802 Πατήρ
1399 2730 1552 2797 ἐστι,
1591 2732 1686 2787 καὶ
1717 2733 1817 2788 οὐκ
1845 2734 2026 2790 ἄλλου.

460 2816 540 2868 Δι’
572 2809 646 2869 ὧν
689 2819 1012 2889 συγκρατῶν
1040 2820 1141 2893 τὴν
1170 2822 1371 2889 κτίσιν,
1402 2824 1576 2894 ἥλιον,
1605 2826 1870 2898 οὐρανοὺς
1893 2867 1907 2890 ,
1937 2827 2032 2883 καὶ

462 2906 647 2975 αὔξειν
677 2909 846 2964 ποιῶν
875 2911 945 2965 τὰ
973 2911 1222 2983 σώματα,
1258 2915 1573 2985 ἐργάζεται.

2124 529 2396 594 turbabat,
2448 528 2671 583 curandi
2701 543 2919 598 quoque
2949 528 3057 582 vim
3097 530 3147 583 ei
3180 528 3548 598 imprimebat.
3602 527 3686 580 ln-

2122 627 2328 677 certmn
2365 628 2544 674 autem
2598 633 2706 687 quo
2734 619 2822 674 die
2856 618 3081 687 angelus
3124 617 3505 673 descendebat.
3557 617 3693 672 νεη-

2126 721 2355 767 ιεοοειεε
2381 711 2753 780 probabiliter,
2802 710 2898 766 sed
2948 710 3216 766 incertum
3246 719 3428 763 manet
3459 724 3692 777 quanam

2123 803 2278 857 hora.
2327 800 2592 856 Craterum
2646 801 2698 855 id
2750 800 2920 871 ﬁgura
2971 808 3090 856 erat
3134 799 3311 854 cultus
3362 799 3566 867 legalis,
3602 815 3698 869 per

2121 892 2368 963 angelum
2422 894 2515 947 uni
2548 893 2812 947 duntaxat
2839 893 2985 961 genti
3039 899 3094 945 et
3140 905 3247 945 uno
3305 899 3510 943 tantum
3558 901 3693 943 tem-

2122 997 2271 1052 pore,
2308 983 2468 1052 idque
2499 984 2554 1036 in
2590 983 2695 1036 line
2728 981 3091 1037 solemnitatis
3118 981 3258 1047 dari,
3303 979 3512 1033 ultimis
3543 981 3689 1033 vitiu—

2122 1074 2250 1130 licet
2280 1076 2612 1145 temporibus
2640 1073 2923 1129 curatione
2968 1073 3303 1142 obtingente,
3353 1085 3526 1140 neque
3554 1071 3690 1124 ultra

2122 1182 2245 1224 sese
2277 1167 2629 1223 extendente.

2198 1257 2356 1319 Vens.
2390 1259 2463 1321 5.,
2499 1276 2519 1310 ι
2550 1259 2676 1313 Erat
2711 1265 2892 1312 autem
2920 1254 3139 1326 quidam
3172 1254 3336 1309 homo
3359 1252 3429 1308 ibi
3479 1251 3695 1322 triginta

2123 1361 2178 1408 et
2204 1360 2331 1406 octo
2367 1350 2771 1405 annos-habens
2807 1348 2862 1403 in
2898 1345 3213 1402 infirmitate
3234 1361 3354 1399 sua.
3392 1362 3414 1396 ι

2195 1444 2286 1498 Sic
2318 1441 2749 1512 pnesignabatur
2780 1438 3125 1508 baptismatis
3159 1437 3477 1506 mysterium
3516 1434 3568 1489 in
3593 1448 3699 1503 quo

2122 1534 2298 1588 omnis
2327 1543 2672 1601 peccatorum
2721 1531 2933 1599 species
2977 1538 3223 1583 sanatur.
3268 1526 3336 1582 In
3380 1527 3462 1580 his
3487 1525 3697 1595 jacebat

2124 1623 2405 1679 ntultirudo
2454 1640 2667 1692 magna,
2704 1630 2812 1677 etc.
2863 1618 3216 1675 Admirabilis
3249 1617 3534 1688 paralytici
3576 1631 3701 1670 con-

2126 1714 2347 1771 stantia.
2371 1711 2613 1783 Triginta
2635 1725 2689 1767 et
2716 1720 2838 1766 octo
2864 1723 3036 1765 annos
3080 1708 3335 1773 habebat,
3373 1717 3426 1763 et
3460 1717 3698 1776 quotan-

2127 1807 2210 1862 nis
2253 1819 2478 1874 sperans
2525 1818 2645 1859 sese
2695 1805 2760 1857 ab
2799 1800 3113 1855 inﬁrmitate
3153 1814 3251 1853 sua
3304 1798 3535 1853 solutum
3598 1798 3687 1859 iri.

2127 1896 2577 1952 scdebatetnon
2616 1892 2921 1949 recedebat.
2945 1889 3203 1957 Quamvis
3248 1888 3392 1943 enim
3433 1901 3533 1943 nec
3562 1902 3703 1957 prte-

2129 1989 2310 2052 terita,
2347 2002 2447 2043 nec
2481 1986 2655 2056 igitnr-
2678 1983 2859 2038 futura
2902 1997 3025 2037 eum
3073 1998 3103 2036 a
3147 1981 3266 2037 loco
3298 1981 3574 2036 dimovere
3605 1962 3706 2050 po:

2128 2086 2462 2147 terant,_non
2488 2076 2562 2132 illi
2596 2089 2772 2133 tamen
2803 2072 3000 2129 decidit
3038 2073 3250 2127 animus
3283 2086 3382 2126 nec
3411 2084 3555 2141 spes.

2213 2252 2373 2308 Vens.
2405 2253 2459 2308 6.
2502 2271 2521 2304 ι
2552 2251 2645 2307 Vis
2682 2266 2847 2308 sanus
2874 2251 3035 2306 ﬁeri?
3065 2270 3086 2303 ι

2201 2342 2315 2397 Non
2341 2341 2595 2411 ignorans
2621 2341 2916 2412 interrogat
2944 2340 3038 2397 sed
3070 2350 3129 2395 ut
3162 2339 3338 2411 ipsum
3376 2339 3598 2395 inducat
3641 2341 3694 2393 in

2129 2431 2430 2491 sanationis
2447 2432 2811 2487 desiderium.

2204 2543 2367 2600 Vens.
2399 2544 2489 2598 17.
2555 2543 2761 2600 deses
2810 2553 2990 2599 autem
3042 2542 3319 2613 respondit
3367 2543 3490 2598 eis:
3542 2540 3702 2596 Pater

2131 2652 2282 2693 meus
2312 2651 2483 2707 usque
2514 2637 2672 2692 modo
2703 2644 2977 2706 operatur,
3006 2643 3063 2690 et
3085 2649 3186 2704 ego
3218 2648 3432 2704 operor.
3465 2653 3484 2686 ι
3760 2618 3764 2627 ’

2191 2727 2317 2794 Mei,
2365 2727 2561 2799 inquit,
2610 2727 2778 2782 solius
2827 2725 2990 2782 Pater
3034 2734 3140 2790 est,
3188 2736 3245 2782 et
3295 2741 3402 2781 non
3432 2726 3700 2795 alterius;

2131 2817 2383 2888 quocirca
2446 2817 2751 2873 universam
2812 2817 3094 2872 continens
3148 2824 3477 2881 creaturam,
3533 2817 3700 2873 solem

2132 2910 2464 2981 eteiumque,
2538 2907 2962 2979 corporibusque
3000 2902 3359 2962 incrementa
3419 2906 3702 2977 suppedi-

2135 3000 2320 3069 tando,
2349 3009 2629 3071 operatur.

537 3103 559 3136 ι
593 3086 817 3157 Πατέρα
850 3086 981 3143 ἴδιον
1009 3088 1163 3159 ἔλεγε
1194 3090 1288 3147 τὸν
1314 3091 1467 3160 Θεὸν,
1499 3093 1610 3149 ἴσον
1639 3096 2027 3156 ἑαυτὺνρποιῶν

2205 3091 2374 3149 Vsus.
2408 3090 2498 3146 18.
2540 3106 2560 3142 ι
2590 3088 2808 3144 Patrem
2844 3103 3002 3144 suum
3050 3087 3270 3146 dicebat
3300 3087 3491 3156 Deum,
3519 3102 3706 3159 atqua-

459 3173 540 3245 τῷ
562 3175 700 3246 Θεῷ.
733 3195 756 3230 ι

542 3288 604 3340 σο
634 3288 761 3352 rw;
796 3290 874 3360 τῷ
904 3290 1080 3363 [Ia-cpi.
1105 3292 1193 3346 διὰ
1213 3294 1372 3348 τοῦτο
1396 3297 1630 3367 μάλιστα
1660 3298 1879 3369 λέγεται
1903 3302 2051 3370 ἴσος,

461 3379 538 3442 ὡς
567 3379 872 3450 ὁμοούσιος.
904 3383 995 3436 Διὸ
1024 3385 1418 3453 καταγέλαστοι
1443 3389 1493 3441 oi
1515 3388 1708 3460 ἄνομοι
1746 3392 2035 3462 Ἀρειανοὶ,

463 3471 515 3523 oi
546 3470 629 3548 μὴ
657 3470 903 3541 λέγοντες
933 3474 1047 3529 ἴσον
1078 3476 1169 3529 τὸν
1197 3476 1326 3532 Υἰὸν
1352 3478 1432 3550 τῷ
1468 3481 1664 3553 Πατρί.

544 3660 563 3694 ι
604 3645 714 3698 Καὶ
738 3647 788 3698 οἱ
822 3646 1157 3712 ἀκούσαντες
1186 3651 1467 3721 ζήσονται.
1502 3671 1521 3705 ι

539 3729 602 3784 Ei
631 3733 727 3787 xui.
750 3733 819 3787 τὰ
845 3734 982 3788 ἄλλα
1015 3736 1131 3799 ζῶα
1158 3737 1226 3790 τὰ
1268 3738 1463 3807 λογικά
1491 3741 1684 3796 ἔλαϐον
1721 3744 1889 3816 ζωὴν,
1923 3745 2036 3799 ἀλλ’

466 3821 528 3874 οὐ
572 3821 825 3879 δύνανται
869 3825 1172 3889 ζωοποιεῖν.
1225 3829 1289 3882 Oi
1333 3830 1391 3882 δὲ
1420 3829 1637 3885 ἄπιστοι
1679 3834 1775 3886 καὶ
1818 3833 1906 3889 διὰ
1940 3836 2039 3906 τῆς

467 3914 548 3979 εἰς
577 3916 810 3988 Χριστὸν
843 3917 1101 3985 πίστεως,
1128 3918 1450 3991 καλούμενοι
1480 3924 1558 3988 είς
1586 3923 1753 3995 ζωήν.

547 4133 564 4165 ι
601 4115 713 4168 Καὶ
739 4116 1163 4188 ἐκπορεύσονται
1191 4119 1243 4171 oi
1271 4118 1339 4171 τὰ
1368 4119 1549 4188 ἀγαθὰ
1580 4123 1925 4192 ποιήσαντες,
1957 4127 2039 4189 είς

470 4202 761 4258 ἀνάστασιν
787 4206 954 4278 ζωῆςο
980 4208 1030 4260 oi
1053 4207 1110 4261 δὲ
1140 4208 1208 4261 τὰ
1233 4208 1411 4278 φαῦλα
1442 4209 1765 4282 πράξαντες,
1803 4217 1883 4278 είς
1910 4215 2038 4270 ἀνά-

471 4309 659 4349 στασιν
682 4296 936 4367 κρίσεως.
966 4318 986 4352 ι

2141 3186 2244 3240 lem
2277 3198 2335 3238 se
2359 3180 2571 3237 faciens
2601 3179 2731 3235 Deo.
2765 3198 2783 3232 ι

2205 3292 2388 3348 Filius.
2439 3291 2644 3347 idcirco
2706 3291 2941 3346 maxime
2991 3288 3141 3346 Patri
3193 3292 3417 3361 aequalis
3481 3291 3701 3355 dicitur,

2138 3385 2264 3455 quia
2291 3384 2343 3440 ei
2371 3394 2454 3438 est
2480 3382 2979 3439 consubstantialis.
3007 3383 3349 3452 Quapropter
3370 3384 3695 3438 exsibilandi

2138 3484 2266 3534 sunt
2313 3475 2462 3544 impii
2506 3473 2713 3539 Ariani,
2774 3473 2918 3545 quod
2967 3472 3163 3531 Filium
3218 3473 3364 3529 Patri
3428 3474 3693 3546 aequalem

2141 3575 2355 3636 negent.

2214 3657 2374 3714 Vens.
2401 3657 2495 3715 25.
2533 3676 2552 3710 ι
2588 3657 2654 3712 Et
2679 3656 2775 3728 qui
2811 3656 3101 3723 audierint,
3134 3656 3336 3712 vivent.
3370 3675 3388 3706 ›

2212 3749 2450 3804 Tametsi
2484 3749 2649 3802 etiam
2682 3747 2786 3801 alia
2830 3748 3042 3803 ratione
3084 3748 3304 3817 praedita
3344 3745 3597 3800 animalia
3628 3745 3707 3799 vi-

2142 3848 2248 3892 tam
2281 3840 2611 3907 acceperint,
2672 3837 2944 3892 viviﬁcare
2995 3847 3172 3893 tamen
3224 3837 3450 3893 minimc
3499 3837 3700 3892 valent.

2140 3929 2386 3985 inﬁdeles
2421 3938 2597 3985 autem
2646 3942 2741 3997 per
2794 3928 2953 3982 [idem
3000 3927 3051 3981 in
3105 3928 3383 3982 Christum
3439 3927 3504 3981 ad
3539 3928 3702 3982 vitam

2142 4035 2352 4099 quoque
2390 4030 2731 4075 revocmttur.

2214 4130 2374 4187 Vens.
2405 4128 2497 4186 29.
2556 4149 2575 4182 ί
2606 4132 2667 4192 Et
2704 4134 2994 4201 procedent
3026 4128 3117 4199 qui
3151 4128 3290 4183 bona
3324 4127 3589 4190 iecerunt,
3643 4128 3694 4179 in

2139 4223 2591 4277 resnrrectionem
2638 4223 2798 4277 vitm:
2858 4223 2948 4292 qui
3000 4236 3123 4275 vero
3171 4219 3309 4273 mula
3365 4225 3616 4289 egerunt,
3651 4218 3704 4271 in

2140 4313 2589 4367 resurrectionem
2618 4312 2827 4383 judicii.
2863 4332 2883 4365 ι

540 4384 704 4440 Ὥστε
733 4389 834 4442 οὐκ
864 4391 1026 4461 ἀρκεῖ
1066 4395 1100 4463 ἡ
1133 4393 1314 4458 πίστις
1347 4397 1481 4467 μόνη
1525 4396 1717 4464 σῶσαι,
1751 4399 1800 4451 ει
1837 4399 1911 4470 μὴ
1944 4401 2027 4456 καλ

2218 4403 2309 4459 Sic
2331 4404 2680 4459 non'sut‘licit
2727 4404 2794 4457 ad
2842 4410 3068 4457 salutem
3120 4401 3232 4456 sola
3281 4400 3431 4465 ﬁdes,
3480 4400 3524 4454 si
3563 4400 3705 4455 bona

471 4475 608 4544 ἔργα
634 4495 717 4543 τις
748 4480 860 4551 ἔχει
892 4483 1090 4551 ἀγαθά,
1127 4484 1350 4556 [Clum]

546 4606 565 4640 ι
596 4589 674 4643 Ox)
704 4590 940 4665 δύναμαι
973 4594 1086 4664 ἐγὼ
1136 4600 1308 4655 ποιεῖν
1345 4598 1437 4651 ἀπ’
1470 4598 1604 4669 ἐμοῦ
1618 4601 1797 4654 οὐδέν.
1839 4622 1859 4654 ι

542 4769 954 4837 Συγκαταϐάσει
997 4774 1160 4828 πάλιν
1193 4774 1460 4846 κέχρηται
1493 4777 1582 4830 διὰ
1621 4778 1746 4842 τοὺς
1779 4780 2040 4845 ἀπίστους

470 4860 591 4914 ἀντὶ
628 4862 744 4928 τοῦ,
789 4864 956 4917 Οὐδὲν
999 4866 1225 4932 γίνεται
1252 4868 1381 4938 παρ’
1428 4868 1566 4938 ἐμοῦ
1609 4862 1686 4922 ὦν
1733 4871 1794 4922 οὐ
1832 4872 1974 4926 θέλει
2012 4875 2038 4927 ὁ

470 4950 683 5023 Πατὴρ,
722 4954 908 5024 ἐπειδὴ
928 4956 1028 5010 οὐκ
1061 4956 1207 5011 ἔστιν
1236 4959 1294 5010 ἐν
1328 4962 1393 5029 τῇ
1425 4959 1615 5029 Τριάδι
1636 4959 1763 5015 ἄλλο
1786 4963 1882 5015 καὶ
1912 4962 2038 5017 ἄλλο

469 5041 705 5113 θέλημα,
728 5045 843 5098 ἀλλ’
873 5046 956 5102 ἓν.
993 5047 1304 5101 Ἀσθένειαν
1339 5051 1367 5102 ὁ
1412 5049 1567 5118 λόγος
1609 5051 2037 5121 σγηματίζεται,

470 5132 582 5205 ἔχει
623 5134 680 5188 δὲ
700 5135 798 5207 οὐχ
833 5135 1008 5200 οὕτως
1029 5143 1151 5193 κατ’
1190 5141 1468 5211 ἀλήθειαν,
1504 5144 1735 5214 ἐπείπερ
1778 5146 1890 5208 ἴσος
1925 5148 2040 5201 ἐστὶ

468 5223 546 5292 τῷ
585 5225 797 5296 Πατρὶ,
840 5229 889 5281 εἰ
913 5230 1007 5283 καὶ
1037 5228 1112 5292 ὡς
1145 5230 1429 5301 ἄνθρωπος
1469 5233 1573 5287 ὑπὸ
1602 5235 1766 5305 νόμον
1803 5235 2040 5305 γεγονὼς

469 5315 636 5376 λαλεῖς

548 5441 571 5474 ι
609 5429 799 5502 Ὑμεῖς
825 5433 1201 5492 ἀπεστάλκατε
1227 5436 1363 5507 πρὸς
1403 5438 1676 5510 Ἰωάννην·
1707 5438 1798 5493 καὶ
1826 5455 2038 5510 μεμαρο

474 5516 673 5591 εὕρηκε
702 5525 768 5593 τῇ
795 5522 1039 5597 ἀληθείᾳ.
1078 5543 1096 5577 ι

549 5698 646 5766 (5°)
679 5696 773 5754 iiie
797 5700 938 5757 locus
973 5719 1191 5758 mancus
1223 5722 1337 5761 esse
1367 5706 1592 5761 videtur.

2137 4509 2298 4564 opera
2336 4494 2500 4548 etiam
2541 4509 2643 4548 nou
2679 4494 2855 4551 habet.

2210 4603 2371 4660 Vsus.
2406 4604 2497 4659 50.
2560 4621 2579 4655 ι
2611 4602 2726 4657 Νοιι
2778 4619 2992 4675 possum
3044 4617 3141 4672 ego
3195 4617 3223 4654 a
3275 4599 3478 4668 meipso
3527 4599 3708 4655 facere

2142 4696 2451 4765 quidquam.
2486 4714 2503 4747 ι

2214 4779 2312 4835 llic
2344 4782 2536 4836 iterum
2570 4783 2971 4851 diSpensatione
3000 4796 3128 4837 usus
3157 4789 3239 4836 est
3268 4788 3484 4849 propter
3513 4778 3705 4830 infulc-

2143 4871 2242 4939 les,
2288 4888 2353 4927 ac
2402 4874 2447 4927 si
2495 4875 2635 4929 dicat
2668 4893 2682 4929 τ
2738 4875 2879 4930 Nihil
2917 4876 2976 4931 ﬁt
3008 4891 3037 4929 a
3069 4890 3174 4941 me,
3226 4876 3368 4944 quod
3404 4889 3508 4928 non
3544 4874 3705 4926 etiam

2142 4962 2270 5016 velit
2318 4963 2523 5030 Pater;
2575 4965 3009 5035 quandoquidem
3056 4965 3109 5019 in
3164 4964 3429 5018 Triuitate
3478 4977 3585 5015 non
3638 4964 3707 5015 sit

2141 5054 2243 5107 alia
2281 5063 2442 5123 atque
2473 5056 2574 5111 alia
2608 5057 2874 5122 voluntas,
2903 5059 2996 5112 sed
3031 5057 3212 5112 unica.
3266 5054 3459 5110 Sermo
3488 5054 3705 5124 quidean

2143 5141 2231 5195 ille
2253 5143 2623 5205 inﬁrmitatem
2648 5162 2755 5218 prae
2784 5160 2843 5201 se
2874 5146 2999 5211 fert,
3032 5160 3216 5199 verum
3248 5143 3390 5213 nulla
3423 5142 3471 5197 ei
3503 5143 3704 5204 subest,

2141 5247 2262 5286 cum
2292 5233 2439 5289 Patri
2468 5237 2538 5289 sit
2585 5237 2828 5307 aequalis.
2864 5238 2966 5293 etsi
3011 5238 3264 5307 loquatur
3303 5247 3361 5291 ut
3404 5236 3564 5291 homo
3611 5240 3706 5290 sub

2143 5323 2257 5393 lege
2286 5326 2627 5383 constitutus.

2217 5437 2376 5494 Vens.
2407 5440 2496 5494 53.
2551 5457 2571 5493 ι
2601 5440 2710 5495 Vos
2741 5440 2962 5496 misistis
2989 5440 3055 5496 ad
3093 5443 3356 5499 Joannem
3384 5457 3399 5494 :
3452 5448 3507 5494 et
3559 5436 3706 5491 ιεδιίσ

2150 5534 2386 5589 monium
2422 5534 2693 5607 perhibuit
2722 5535 2955 5593 veritati.
2990 5554 3008 5587 ι
