4038 6148
460 220 587 287 1431

527 337 752 396 Joattnis
773 335 1144 394 teStimonium
1176 335 1319 390 omni
1350 334 1655 404 suspicione
1683 345 1836 391 vacat
1865 354 1879 390 :
1916 351 2021 392 non
2055 338 2095 393 A

457 428 598 484 enim
637 429 748 497 ipse
779 439 840 483 se
865 428 930 482 ad
965 425 1089 482 illud
1119 424 1510 494 perhibendum
1544 424 1789 494 ingessit.

407 567 412 573 .
527 516 693 573 Vens.
721 517 810 572 55.
870 534 891 569 ι
919 515 1010 570 llle
1041 521 1159 569 erat
1190 515 1409 568 lucerna
1440 513 1655 579 ardens,
1709 525 1767 570 et
1793 517 1976 572 lucens
2005 532 2020 571 :

454 624 553 665 vos
593 619 774 664 autem
827 605 1071 662 voluistis
1125 605 1193 660 ad
1243 605 1429 659 horam
1481 605 1757 661 exsultare
1804 607 1857 660 in
1903 606 2024 661 luce

456 699 594 768 ejus.
630 719 650 752 ι

520 791 764 845 Lucerna
793 797 877 846 est
900 788 1135 845 Joanne‘s’
1160 787 1214 844 in
1239 789 1429 844 ordine
1451 791 1515 844 ad
1537 789 1776 859 politiam
1797 789 2020 858 Christi,

454 881 546 949 qui
594 880 675 934 sol
719 888 820 936 est.
857 879 1093 934 Lucebat
1133 881 1350 951 quidem
1379 879 1636 946 Joannes,
1669 883 1905 951 sedprae
1938 883 2019 935 ni-

454 972 564 1026 ntio
597 971 791 1026 solaris
822 970 1036 1041 jubaris
1069 969 1274 1040 fulgore
1321 967 1424 1024 fuit
1455 969 1789 1026 obfuscatus.
1840 971 1931 1026 Sic
1967 971 2020 1025 in

452 1061 865 1129 regeneratione
902 1058 983 1114 sol
1015 1059 1229 1128 quidem
1257 1070 1313 1115 et
1338 1060 1463 1115 luna
1494 1061 1796 1132 fulgebunt,
1835 1076 2020 1116 verum

452 1151 588 1205 adeo
632 1159 944 1207 sanctorum
976 1150 1112 1204 lucis
1141 1150 1309 1220 gloria
1346 1153 1768 1221 superabuntur,
1821 1162 1878 1208 ut
1921 1159 2022 1210 nec

451 1242 674 1296 omnino
705 1241 885 1296 lucere
913 1239 1214 1296 videantur.
1255 1238 1515 1296 Joannem
1543 1251 1720 1297 antem
1749 1243 2020 1299 lucernam

452 1330 771 1395 nominavit,
805 1338 863 1384 ut
906 1329 997 1400 qui
1031 1344 1139 1384 non
1186 1343 1216 1384 a
1261 1343 1341 1395 se,
1389 1331 1484 1385 sed
1514 1345 1544 1384 a
1574 1330 1808 1400 Spiritus
1851 1332 2020 1400 gratia

452 1420 630 1475 lucem
667 1421 886 1486 habeat,
913 1419 1163 1491 quodque
1211 1425 1407 1474 exorto
1451 1419 1583 1485 sole,
1619 1419 1920 1491 superﬂuus
1953 1421 2022 1477 sit

452 1511 689 1566 lucerna:
717 1525 868 1566 usus.

524 1693 688 1748 Vens.
719 1693 811 1750 36.
864 1711 884 1746 ι
910 1690 1084 1762 Opera
1115 1693 1260 1748 enim
1289 1705 1410 1763 quae
1443 1691 1591 1746 dedit
1620 1689 1750 1743 mihi
1782 1689 1959 1743 Pater.
1994 1706 2012 1740 ι

523 1785 701 1841 Patris
729 1784 1147 1854 beneplacitum,
1167 1799 1232 1839 ac
1252 1796 1599 1846 consensum,
1618 1781 1814 1834 donum
1840 1789 2015 1835 vocat.

451 1877 548 1933 Vel
585 1879 688 1932 hoc
716 1877 866 1942 dicit,
900 1884 1118 1947 propter
1148 1875 1374 1945 ﬁguram
1405 1871 1782 1927 humanitatis.

521 1969 687 2024 Vsus.
715 1969 805 2022 58.
849 1986 867 2020 ι
897 1967 965 2022 Et
990 1967 1214 2021 verbum
1247 1963 1363 2032 ejus
1392 1977 1500 2016 non
1536 1961 1748 2016 habetis
1783 1960 1836 2015 in
1865 1959 2018 2016 vobis

450 2075 724 2116 manens:
783 2058 909 2128 quia
967 2071 1128 2128 quem
1185 2055 1336 2110 misit
1392 2053 1504 2118 ille,
1562 2053 1689 2108 huic
1752 2066 1852 2108 vos
1912 2067 2016 2107 non

447 2151 692 2207 creditis.
723 2167 744 2201 ι

521 2243 707 2312 Neque
734 2240 1032 2310 prophetis,
1061 2237 1255 2308 inquit,
1282 2251 1384 2292 nec
1408 2235 1523 2291 voci
1550 2248 1782 2303 superne
1803 2233 2010 2300 delatae,

448 2347 626 2402 neque
676 2330 1057 2386 miraculorum
1105 2327 1397 2398 patrationi
1453 2326 1612 2380 ﬁdem
1671 2324 2012 2379 adhibuistis.

450 2421 808 2490 Simplicioris
847 2429 1030 2476 autem
1061 2419 1263 2474 mentis
1298 2418 1390 2483 sit,
1438 2416 1620 2472 dicere
1645 2415 1905 2485 quosdam
1935 2416 2014 2470 vi-

447 2513 594 2568 disse
642 2512 828 2566 Deum.
865 2509 932 2567 Hi
960 2516 1088 2565 sunt
1119 2507 1214 2579 qui
1247 2522 1421 2576 neque
1460 2506 1696 2578 speciem
1725 2506 1902 2561 Patris
1936 2507 2013 2560 vi-

447 2607 663 2671 derunt,
681 2613 856 2673 neque
884 2615 1070 2656 vocem
1091 2601 1208 2671 ejus
1229 2599 1576 2663 audiverunt,
1602 2611 1776 2667 neque
1795 2596 2014 2652 Christo

444 2697 675 2754 credunt
700 2695 790 2766 qui
815 2701 900 2750 est
922 2691 1161 2748 Verbum
1187 2691 1386 2758 Patris,
1413 2704 1476 2746 ac
1496 2705 1622 2745 vera
1644 2689 1759 2759 eius
1789 2689 2012 2762 efﬁgies.

514 2875 679 2931 Vns.
701 2873 794 2929 40.
830 2890 850 2926 ι
877 2872 947 2928 Et
977 2884 1085 2926 non
1116 2870 1278 2926 vultis
1306 2869 1492 2924 venire
1521 2871 1588 2924 ad
1619 2883 1724 2933 me,
1758 2877 1818 2923 ut
1844 2870 2008 2924 vitam

445 2963 707 3020 habeatis.
739 2981 760 3016 ι

515 3050 753 3106 Tametsi
781 3050 998 3106 Judaeos
1026 3049 1268 3108 doctrina
1311 3066 1408 3107 sua
1435 3049 1688 3108 Christus
1720 3065 2010 3121 persuasos

441 3142 592 3208 velit,
625 3142 972 3198 nihilominus
1002 3144 1222 3198 minime
1251 3144 1398 3211 cogit
1439 3144 1764 3198 libertatem.

517 3231 679 3288 Vens.
709 3232 802 3288 45.
860 3250 880 3284 ι
910 3233 1024 3303 Ego
1069 3235 1191 3288 veni
1239 3233 1293 3288 in
1327 3235 1545 3290 nomine
1589 3232 1768 3287 Patris
1797 3235 1925 3300 mei,
1956 3243 2007 3288 et

445 3340 553 3378 non
598 3323 842 3392 accipitis
873 3338 958 3378 tne
986 3340 1001 3379 :
1051 3325 1098 3382 si
1127 3324 1263 3380 alius
1297 3323 1503 3379 venerit
1538 3325 1591 3379 in
1640 3325 1858 3379 nomine
1886 3339 2012 3390 suo,

443 3417 593 3472 illum
621 3415 918 3486 accipietis.
949 3432 971 3467 ι

512 3509 626 3562 Etsi
659 3509 938 3576 praesciret
969 3507 1036 3560 iis
1066 3521 1167 3560 non
1198 3519 1516 3574 persuasum
1545 3505 1634 3569 in’,
1667 3515 1901 3560 attamen
1951 3515 2008 3560 ut

441 3598 584 3653 Deus
611 3607 794 3666 partes
844 3608 972 3650 suas
1004 3595 1136 3664 agit,
1188 3595 1514 3663 increpando
1565 3607 1620 3649 et
1671 3596 2003 3651 instruendo.

437 3686 806 3745 Antichristus
850 3683 1077 3756 gloriam
1122 3684 1245 3739 vitae
1292 3698 1404 3754 prae
1430 3699 1488 3740 se
1512 3684 1638 3751 fert,
1669 3685 1872 3742 idcirco
1905 3686 2003 3757 ipsi

439 3781 686 3839 creditis.

511 3874 682 3931 Vens.
712 3872 806 3928 45.
862 3891 883 3926 ι
912 3872 1010 3929 Est
1034 3869 1125 3942 qui
1152 3879 1373 3927 accusat
1401 3885 1500 3927 vos
1537 3869 1772 3942 Moyses,
1808 3871 1859 3925 in
1899 3884 2006 3940 quo

437 3983 535 4023 vos
571 3967 821 4037 speratis.
849 3980 873 4017 ι

508 4059 867 4129 Conscriptus
901 4057 1014 4128 jam
1046 4072 1076 4112 a
1097 4055 1279 4130 Moyse
1301 4065 1491 4113 contra
1519 4071 1613 4112 vos
1659 4055 1868 4110 libellus
1910 4069 2004 4110 ac-

438 4150 756 4216 cusationis,
782 4150 896 4218 qui,
937 4149 1082 4220 quod
1132 4151 1271 4220 apud
1304 4163 1398 4204 vos
1441 4149 1598 4203 Iidem
1627 4162 1733 4202 non
1779 4147 2001 4202 invene-

436 4240 530 4306 rit,
562 4255 658 4296 vos
683 4239 977 4297 accusabit.

1072 4373 1224 4430 CAP.
1272 4375 1357 4430 Vl.

512 4507 671 4563 Vens.
721 4508 809 4564 10.
866 4527 887 4562 ι
917 4509 1061 4563 Dixit
1099 4522 1230 4577 ergo
1275 4507 1433 4563 Jesus
1478 4526 1490 4560 :
1537 4504 1718 4562 Facite
1757 4507 2001 4560 homines

435 4601 800 4656 discumbere.
850 4599 981 4655 Erat
1031 4607 1212 4654 autem
1262 4598 1442 4674 fenum
1484 4597 1712 4652 multum
1756 4597 1808 4650 in
1860 4596 2000 4650 loco.

1585 217 1922 276 AMMONII
1961 217 2490 278 ALEXANDRINI

2207 336 2541 401 Ἀνύποπτός
2571 335 2721 389 ἐστὶν
2766 335 2800 406 ἠ
2839 329 3116 405 μαρτυρία
3171 327 3456 384 Ἰωάννουο
3483 328 3548 382 οὗ
3591 332 3696 402 γὰρ

2126 432 2456 502 αὐτόκλητος
2490 428 2833 500 προσέδραμε
2863 427 2931 498 τῇ
2967 421 3261 496 μαρτυρίᾳ.

2201 541 2220 575 ι
2273 523 2510 585 Ἐκεῖνος
2538 517 2608 592 ἦν
2639 521 2669 574 6
2708 519 2902 589 λύχνος
2931 519 2960 570 ὁ
2995 515 3306 586 καιόμενος,
3337 512 3436 567 καὶ
3471 513 3693 583 φαίνων·

2123 616 2284 686 ὑμεῖς
2315 615 2374 668 δὲ
2401 613 2704 685 ἠθελήσατε
2731 607 3158 680 ἀγαλλιασθῆναι
3185 605 3324 677 πρὸς
3349 604 3499 678 ὥραν
3531 605 3594 659 ὲν
3620 605 3697 674 τιῖ»

2123 705 2263 776 φωτὶ
2291 704 2479 760 αὑτοῦ.
2519 722 2539 756 ι
3392 727 3394 729 >

2194 797 2401 867 Λύχνος
2429 797 2579 850 ἐστὶν
2614 795 2869 866 Ἰωάννης
2895 793 3032 863 πρὸς
3060 793 3159 864 τὴν
3188 789 3284 845 τοῦ
3316 788 3560 860 Χριστοῦ
3599 805 3694 842 πο-

2122 884 2349 951 λιτείαν,
2380 886 2438 949 ὃς
2463 885 2610 938 ἑστιν
2642 885 2812 956 ἥλιος.
2841 883 3052 938 Φαίνων
3080 882 3179 953 μὲν
3214 884 3244 936 ό
3281 869 3698 950 Ἰωάννηςίκα-

2122 977 2457 1047 λυπτόμενος
2485 977 2542 1031 δὲ
2569 980 2635 1048 τῇ
2667 977 2940 1048 ύπερόολῇ
2967 975 3072 1046 τῆς
3096 975 3256 1044 δόξης
3278 973 3375 1027 τοῦ
3401 972 3580 1042 φωτὸς
3602 970 3696 1026 τοῦ

2123 1069 2372 1138 ἡλιακοῦ.
2409 1068 2599 1134 Οὕτως
2630 1069 2738 1141 γὰρ
2767 1071 2796 1124 6
2840 1067 2992 1132 ἥλιος
3029 1067 3124 1120 καὶ
3149 1065 3368 1135 σελήνη,
3404 1065 3463 1116 ὲν
3488 1065 3555 1134 τῇ
3586 1079 3695 1117 πα-

2121 1159 2435 1234 λιγγενεσία
2459 1161 2685 1232 φανοῦσι
2715 1160 2834 1230 μὲν,
2869 1157 2976 1212 ὑπὸ
2997 1157 3054 1210 δὲ
3081 1158 3182 1226 τῆς
3203 1156 3361 1226 δόξης
3393 1154 3485 1208 τοῦ
3519 1155 3695 1223 φωτὸς

2121 1252 2228 1305 τῶν
2274 1252 2448 1320 ἁγίων
2494 1250 2750 1304 τοσοῦτον
2799 1247 3305 1319 κατακρατούμενοι
3326 1285 3342 1311 ,
3396 1246 3472 1308 ὡς
3517 1246 3695 1298 δοκεῖν

2125 1346 2263 1416 μήτε
2304 1345 2442 1407 ὅλως
2472 1345 2730 1414 λάμπειν.
2764 1343 2970 1412 Δύχνον
3001 1341 3057 1396 δὲ
3097 1337 3249 1392 εἷπεν
3281 1337 3370 1391 τὸν
3420 1338 3691 1405 Ἰωάννην,

2122 1438 2198 1501 ὡς
2227 1437 2326 1490 οὐκ
2369 1436 2580 1490 οἴκοθεν
2621 1435 2810 1505 ἔχοντα
2848 1434 2910 1487 τὸ
2958 1433 3112 1503 φῶς,
3143 1429 3260 1484 ἀλλ’
3295 1429 3404 1483 ἀπὸ
3449 1428 3550 1499 τῆς
3597 1427 3692 1481 τοῦ

2123 1529 2440 1599 Πνεύματος
2484 1530 2744 1600 χάριτος,
2801 1525 2895 1578 καὶ
2940 1525 3022 1578 δτι
3068 1523 3223 1594 ἡλίου
3273 1521 3689 1582 ἀνατείλαντος,

2051 1640 2093 1698 Β
2123 1620 2350 1691 περιττὴ
2379 1620 2412 1689 ή
2446 1619 2542 1673 τοῦ
2566 1618 2762 1689 λύχνου
2792 1616 2971 1688 χρεία.

2196 1727 2214 1762 ¢
2254 1711 2336 1762 Τὰ
2367 1709 2475 1780 γὰρ
2505 1708 2642 1779 ἔργα
2673 1707 2708 1762 ἃ
2734 1707 2900 1760 ἔδωκέ
2931 1722 3022 1775 μοι
3051 1707 3080 1758 ό
3105 1703 3320 1774 Πατήρ.
3363 1721 3381 1753 t

2189 1801 2302 1871 Τὴν
2343 1801 2437 1854 τοῦ
2479 1799 2692 1869 Πατρδς
2731 1796 3001 1861 εὐδοκίαν,
3029 1795 3123 1849 καὶ
3155 1794 3390 1860 σύνεσιν,
3429 1797 3576 1850 δόσιν
3606 1797 3690 1853 λέ-

2118 1908 2227 1960 γει.
2261 1891 2330 1944 ’Ἡ
2352 1889 2510 1943 τοῦτό
2537 1906 2692 1958 φησι,
2718 1886 2807 1941 διὰ
2829 1886 2892 1939 τὺ
2915 1889 3014 1957 τῆς
3037 1886 3456 1957 ἁνθρωπότητος
3482 1890 3687 1958 σχῆμα.

2195 2002 2214 2037 t
2254 1983 2367 2037 Kal.
2390 1983 2482 2036 τὸν
2507 1981 2665 2049 λόγον
2693 1979 2860 2033 αὐτοῦ
2886 1979 2986 2032 οὐκ
3011 1978 3160 2049 ἔχετε
3193 1979 3423 2048 μένοντα
3460 1979 3518 2032 ὲν
3538 1981 3686 2050 ὑμῖν·

2117 2077 2198 2131 ὅτι
2248 2075 2307 2130 δν
2363 2075 2682 2129 ἀπέστειλεν
2735 2073 2975 2137 ἐκεῖνος,
3037 2070 3211 2142 τούτῳ
3261 2072 3420 2142 ὑμεῖς
3481 2073 3543 2126 ού
3596 2091 3684 2126 πι-

2119 2165 2357 2222 στεύετε.
2396 2183 2415 2217 ι

2188 2253 2326 2307 Οὔτε
2367 2255 2480 2317 τοῖς
2513 2252 2838 2323 προφήταις,
2871 2248 3056 2319 φησὶν,
3086 2247 3210 2302 οὔτε
3239 2251 3305 2319 τῇ
3337 2247 3542 2303 ἄνωθεν
3571 2249 3686 2302 ἐνε-

2117 2343 2304 2414 χθείσῃ
2333 2345 2503 2414 φωνῇ,
2527 2340 2651 2395 οὔτε
2680 2343 2746 2412 τῇ
2774 2339 2884 2393 τῶν
2905 2337 3247 2410 πραγμάτων
3271 2337 3684 2409 θαυματουργία

2117 2433 2493 2488 ἐπιστεύσατε.
2533 2430 2932 2502 Ἀπλουστέρας
2974 2429 3084 2500 γάρ
3112 2430 3228 2482 ἐστι
3257 2427 3486 2500 γνώμης
3509 2429 3571 2482 τδ
3601 2429 3683 2482 λέ-

2117 2542 2255 2593 γειν,
2283 2525 2365 2577 ὃτι
2399 2523 2543 2586 τινες
2575 2521 2852 2593 ἑωράκασι
2879 2520 3033 2574 Θεόν.
3079 2511 3239 2574 Οὗτοί
3268 2520 3428 2582 εἰσιν,
3467 2521 3516 2572 oi
3548 2520 3680 2590 μήτε

2118 2613 2254 2679 εἶδος
2305 2614 2398 2669 τοῦ⁹
2445 2613 2653 2682 [ἰατρὸς
2705 2611 3048 2683 ἑωρακότες,
3097 2613 3235 2682 μήτε
3281 2611 3469 2680 φωνῆς
3518 2611 3679 2664 αὑτοῦ

2116 2707 2434 2777 ἀκηκοότες,
2481 2707 2529 2758 οί
2560 2704 2635 2775 μὴ
2665 2704 3054 2766 πιστεύσαντες
3074 2703 3156 2774 τῷ
3188 2703 3435 2774 Χριστῷ.
3471 2703 3530 2766 ὃς
3561 2704 3673 2757 ἐστι

2116 2797 2288 2865 Λόγος
2315 2796 2410 2849 τοῦ
2443 2794 2673 2866 Πατρὸς,
2706 2795 2799 2847 καὶ
2829 2795 2890 2847 τὸ
2924 2793 3120 2864 ἀληθὲς
3142 2791 3309 2847 αὐτοῦ
3342 2789 3499 2857 εἶδος.

2195 2908 2214 2940 ι
2250 2888 2361 2943 Καὶ
2387 2887 2447 2942 οὐ
2475 2886 2656 2940 θέλετε
2681 2885 2852 2939 ἐλθεῖν
2876 2884 3014 2956 πρός
3042 2901 3131 2956 με,
3161 2884 3252 2938 ἵνα
3279 2885 3426 2956 ζωὴν
3453 2884 3625 2956 ἔχετε.
3652 2901 3670 2934 t

2182 3057 2244 3110 Ei.
2273 3057 2368 3111 καὶ
2398 3056 2542 3111 θέλει
2562 3059 2592 3111 6
2619 3055 2857 3128 Χριστὸς
2879 3055 3172 3125 πεισθῆναι
3198 3057 3265 3126 τῇ
3299 3053 3464 3108 αὑτοῦ
3489 3054 3668 3124 διδαχῇ

2109 3149 2235 3210 τοὺς
2279 3148 2585 3211 Ἰουδαίους,
2616 3149 2730 3203 ἀλλ’
2758 3149 2819 3200 οὐ
2845 3148 3091 3216 βιάζεται
3120 3147 3180 3198 τὸ
3208 3146 3570 3212 αὐτεξούσιον.

2190 3255 2210 3289 ι
2233 3237 2374 3306 Ἐγὼ
2428 3238 2660 3308 ἐλήλυθα
2692 3239 2750 3291 ὲν
2793 3238 2872 3308 τῷ
2918 3239 3140 3308 ὀνόματι
3172 3236 3266 3290 τοῦ
3305 3237 3510 3304 Πατρός
3533 3251 3656 3304 μου,

2109 3333 2203 3385 καὶ
2232 3333 2294 3384 οὐ
2318 3331 2624 3402 λαμϐάνετέ
2655 3349 2742 3401 με·
2789 3334 2883 3385 ἐὰν
2915 3333 3072 3396 ἄλλος
3104 3331 3232 3404 ἔλθῃ
3262 3334 3316 3384 έν
3341 3330 3414 3398 τῷ
3441 3328 3657 3399 ὀνόματι

2112 3422 2188 3493 τῷ
2217 3423 2353 3491 ἰδίῳ,
2385 3425 2590 3477 ἐκεῖνον
2617 3422 2876 3492 λήψεσθε.
2910 3442 2927 3475 ο

2180 3515 2240 3569 El
2280 3516 2375 3568 καὶ
2411 3511 2552 3568 οἶδεν
2599 3515 2681 3567 ὅτι
2724 3515 2786 3567 οὐ
2832 3513 3138 3577 πείθονται,
3173 3513 3285 3566 ἀλλ’
3331 3511 3404 3575 ὡς
3431 3511 3561 3573 Θεὸς
3604 3507 3664 3562 τὸ

2106 3603 2298 3658 ἑαυτοῦ
2340 3606 2483 3656 ποιεῖ
2524 3603 2760 3673 ἐλέγχων
2809 3603 2904 3656 καὶ
2944 3602 3228 3656 νουθετῶν.
3277 3597 3472 3673 [Clum
3506 3597 3666 3670 ADL}

2115 3689 2176 3747 Ὀ
2208 3693 2570 3765 Ἀντίχριστος
2625 3694 2724 3764 τὴν
2754 3693 2849 3747 τοῦ
2897 3693 3011 3763 βίου
3059 3693 3216 3756 δόξαν
3262 3691 3664 3760 ἐπαγγέλλεται,

2107 3785 2202 3839 καὶ
2253 3785 2339 3839 διὰ
2383 3785 2542 3839 τοῦτο
2571 3785 2764 3857 ἐκείνῳ
2793 3785 3098 3838 πιστεύετε.

2182 3897 2200 3930 ι
2230 3879 2418 3932 Ἔστιν
2443 3881 2471 3933 ὁ
2499 3879 2818 3950 κατηγορῶν
2835 3879 3010 3949 ὑμῶν,
3040 3877 3300 3949 Μωῢσῆς,
3329 3877 3409 3940 εἰς
3435 3874 3494 3930 δν
3520 3874 3667 3944 ὑμεῖς

2104 3967 2393 4037 ἠλπίκατε.
2428 3987 2447 4020 ι

2181 4059 2501 4129 Ἕγγραφος
2532 4059 2708 4112 κεῖται
2741 4059 2863 4112 καθ’
2897 4058 3050 4130 ὑμῶν
3076 4057 3382 4129 κατηγορία
3417 4056 3486 4110 τὰ
3513 4055 3669 4110 Monii-

2107 4147 2308 4214 σαῖκὰ,
2352 4148 2411 4212 ὃς
2441 4147 2517 4213 ὡς
2558 4149 2955 4221 ἀπιστούμενος
2999 4149 3058 4214 ἐξ
3091 4148 3268 4220 ὑμῶν,
3309 4149 3668 4218 κατηγορήσει

2105 4238 2134 4291 ὑ
2143 4239 2277 4310 μῶν.

2718 4372 2968 4426 ΚΕΦΑΛ.
3001 4374 3090 4429 C'.

2185 4524 2205 4556 ι
2248 4502 2378 4558 Εἶπε
2409 4503 2466 4556 δὲ
2515 4504 2543 4556 ό
2589 4503 2794 4573 Ἰησοῦς
2823 4519 2838 4534 ο
2891 4503 3160 4575 Ποιήσατε
3193 4506 3319 4570 τοὺς
3351 4506 3668 4578 ἀνθρώπους

2106 4596 2422 4649 ἀναπεσεῖν.
2456 4591 2566 4648 Ἦν
2605 4595 2661 4648 δὲ
2701 4596 2892 4665 χόρτος
2937 4596 3106 4659 πολὺς
3139 4597 3198 4650 ὲν
3221 4596 3298 4667 τῷ
3324 4599 3494 4670 τόπῳ.
3547 4599 3669 4654 Ἀν-

437 4691 842 4747 Discubuerunt
909 4704 1041 4761 ergo
1104 4689 1210 4746 viri
1263 4702 1490 4745 numero
1557 4687 1712 4758 quasi
1764 4688 2003 4758 quinque

2115 4686 2298 4740 ἔπεσον
2337 4683 2429 4740 οὖν
2459 4687 2508 4740 οί
2541 4686 2732 4758 ἄνδρες
2753 4687 2846 4741 τὸν
2870 4686 3102 4759 ἀριθμὸν
3143 4689 3275 4742 ὡσεὶ
3322 4691 3670 4762 πεντακισχί-

436 4783 622 4836 tnillia.
655 4799 676 4833 ι

506 4872 664 4928 Solos
711 4872 858 4926 viros
911 4878 1210 4941 computat,
1251 4874 1407 4939 Juxta
1457 4868 1592 4942 legis
1649 4871 2001 4927 consuetudi-

436 4980 579 5030 nem,
621 4963 712 5034 qui
746 4963 996 5019 videlicet
1036 4962 1171 5018 nihil
1221 4964 1433 5033 puerile
1461 4965 1548 5019 vel
1595 4965 1859 5020 muliebre
1907 4966 2002 5018 ha-

2104 4775 2226 4829 λιοι.
2269 4794 2288 4827 ι

2175 4865 2386 4928 Μόνους
2416 4865 2542 4928 τοὺς
2578 4863 2778 4936 ἄνδρας
2804 4863 3051 4934 ἀριθμεῖ,
3085 4863 3226 4918 κατὰ
3250 4865 3350 4936 τὴν
3379 4863 3474 4919 τοῦ
3503 4865 3670 4936 νόμου

2107 4955 2418 5026 συνήθειαν,
2453 4956 2582 5019 τοὺς
2628 4954 2794 5025 μηδὲν
2818 4955 3084 5026 νηπιῶδες
3110 4955 3386 5026 ἔχονταςῆ
3413 4955 3665 5026 θηλυκὸν.

437 5057 623 5119 beant,
653 5054 751 5122 sed
779 5053 1063 5123 prudentia
1097 5054 1336 5123 vigeant,
1361 5069 1499 5123 quos
1543 5056 1712 5109 nutrit
1738 5071 1877 5125 pane
1909 5069 2002 5108 cor

2115 5046 2238 5100 ἰλλὰ.
2265 5045 2513 5100 νεανικοῦ
2567 5050 2936 5117 φρονήματος,
2973 5045 3066 5109 οὓς
3107 5048 3202 5100 καὶ
3222 5047 3415 5119 τρέφει
3452 5046 3540 5100 διὰ
3572 5043 3665 5099 τοῦ

434 5145 816 5208 conlirmante,
846 5157 911 5198 ac
934 5143 1298 5200 delectatione
1327 5144 1683 5201 rel'ocillante.

517 5318 680 5375 Vens.
719 5320 807 5374 ll.
855 5337 874 5373 ι
908 5319 1132 5389 Accepit
1177 5334 1305 5390 ergo
1334 5319 1491 5375 Jesus
1524 5335 1691 5388 panes
1721 5341 1733 5376 :
1771 5331 1844 5385 et,
1879 5337 1997 5376 cum

437 5413 642 5480 gratias
664 5411 887 5481 egisset,
919 5411 1196 5467 distribuit
1222 5411 1710 5470 discumbentibus.
1750 5431 1767 5464 ι

517 5585 724 5642 Idcirco
751 5599 930 5643 autem
960 5588 1168 5658 gratias
1199 5588 1331 5660 agit,
1373 5602 1442 5643 ne
1469 5589 1577 5663 Deo
1608 5591 1882 5652 adversari
1918 5593 1995 5645 vi-

2103 5136 2444 5207 στηρίζοντος
2461 5135 2689 5206 καρδίαν
2711 5136 2900 5207 ἄρτου,
2926 5136 3018 5189 καὶ
3033 5133 3149 5207 [δι’]
3173 5135 3507 5206 ἒπιτέρψεως
3533 5134 3665 5188 ἀναο

2102 5232 2302 5300 παῆναι
2333 5233 2492 5285 ποιεῖ.

2180 5341 2198 5373 ι
2243 5323 2444 5375 Ἔλαὸε
2473 5323 2531 5376 δὲ
2575 5323 2702 5384 τοὺς
2748 5322 2946 5390 ἄρτους
2973 5323 3001 5375 ὁ
3058 5322 3286 5392 Ἰησοῦς,
3318 5321 3414 5376 καὶ
3446 5320 3663 5390 εὐχαρι-

2105 5413 2311 5483 στήσας
2341 5413 2564 5467 διέδωκε
2620 5411 2778 5483 [τοῖς
2812 5413 3102 5484 μαθηταῖς,
3145 5414 3197 5466 οί
3229 5409 3517 5483 μαθηταὶ]
3550 5410 3662 5470 τοῖς

2102 5505 2502 5575 ἀνακειμένοις.
2551 5525 2568 5558 ι

2174 5595 2270 5652 Διὰ
2303 5596 2459 5650 τοῦτο
2509 5597 2565 5650 δὲ
2623 5597 2964 5667 εὐχαριστεῖ,
2999 5598 3082 5648 ἵνα
3121 5596 3194 5666 μὴ
3239 5594 3364 5666 δόξῃ
3421 5589 3655 5651 ἀντίθεος
