4038 6148
301 292 436 362 1433

298 405 459 474 εἶναι,
479 404 574 460 καλ⁵
589 403 680 460 ἵνα
702 403 889 475 διδάξῃ
910 402 1060 475 ἡμᾶς
1090 400 1150 456 ὲν
1176 399 1257 473 τῷ
1276 398 1478 455 ἐσθίειν
1498 400 1870 471 εὐχαριστεῖν.
1902 434 1950 490 Δ

298 497 445 572 Πλὴν
477 499 575 554 καὶ
624 496 701 562 ὡς
736 496 1025 570 ἄνθρωπος
1068 493 1408 567 εὐχαριστεῖ,
1459 491 1549 547 ἵνα
1596 491 1738 563 λάθῃ
1770 491 1876 556 ἕως

297 590 393 644 τοῦ
424 589 634 654 πάθους
658 588 751 643 τδν
773 587 1011 660 ἄρχοντα
1036 586 1130 643 τοῦ
1159 587 1256 643 νῦν
1286 587 1504 651 αἰῶνος.

376 701 396 736 ι
440 682 756 755 Συνήγαγον
788 675 906 748 οὖν,
941 679 1038 735 καὶ
1074 678 1344 750 ἐγέμισαν
1373 676 1587 733 δώδεκα
1624 674 1882 742 κοφίνους

299 775 665 848 κλασμάτων,
711 773 777 828 ὲκ
809 771 922 827 τῶν
975 771 1140 826 πέντε
1185 770 1368 843 ἄρτων
1398 768 1509 823 τῶν
1536 765 1821 842 κριθίνων,
1847 764 1885 819 ἃ

299 868 662 941 ἐπερίσσευσε
694 867 806 928 τοῖς
841 863 1198 936 βεϐρωκόσιν.
1230 881 1251 915 ι

372 1031 579 1104 Τρέφει
627 1030 757 1095 τοὺς
796 1029 1023 1093 πιστοὺς
1078 1029 1107 1082 6
1164 1026 1399 1101 Χριστος
1434 1023 1524 1080 διά
1550 1023 1663 1080 τῶν
1721 1024 1884 1079 πέντε

301 1124 486 1193 ἄρτων
527 1121 638 1176 τῶν
667 1120 952 1195 κριθίνων,
994 1120 1136 1193 ὅπερ
1169 1120 1373 1175 νοεῖται
1396 1118 1431 1188 ἡ
1465 1115 1757 1189 παχυτέρα
1784 1114 1887 1186 τῆς

305 1212 681 1284 Πεντατεύχου
725 1210 1080 1267 διδασκαλίω
1122 1212 1219 1265 καὶ
1268 1209 1358 1266 διά
1384 1208 1494 1264 τῶν
1521 1207 1617 1262 δύο
1662 1206 1883 1278 ἰχθύων,

305 1309 444 1379 ὅπερ
486 1306 637 1360 ἐστὶν
669 1306 706 1377 ἡ
761 1303 947 1369 ἁπαλὴ
996 1302 1188 1375 διδαχὴ
1235 1301 1332 1357 τοῦ
1384 1297 1750 1371 εὐαγγελικοῦ
1791 1299 1888 1354 καὶ

301 1395 668 1454 ἀποστολικοῦ
707 1394 1091 1468 κηρύγματος.

377 1509 398 1543 ι
435 1492 500 1544 Οί
560 1484 656 1543 οὖν
702 1487 982 1560 ἄνθρωποι
1032 1486 1233 1552 ἰδόντες
1260 1485 1290 1541 ὅ
1319 1487 1546 1559 ὶποίησε
1599 1487 1826 1558 σημεῖον
1857 1486 1887 1539 6

310 1580 543 1651 Ἰησοῦς,
577 1579 767 1648 ἔλεγον
791 1595 806 1610 ο
838 1579 963 1633 Ὅτι
984 1573 1139 1642 οὗτός
1173 1580 1323 1633 ἐστιν
1361 1578 1581 1652 άληθῶς
1614 1581 1643 1634 ό
1668 1578 1885 1651 προφή-

297 1686 397 1739 της
422 1670 451 1721 6
492 1669 790 1740 ἐρχόμενος
818 1668 900 1732 εἰς
930 1666 1025 1721 τὸν
1051 1665 1278 1740 κόσμον.
1311 1686 1332 1719 ι

370 1760 627 1814 Διδάσκει
648 1759 738 1814 διὰ
765 1758 862 1813 τοῦ
898 1757 1129 1829 σημείου
1186 1757 1410 1832 θαρρεῖν
1454 1757 1625 1829 αὐτῷ,
1679 1757 1775 1811 καὶ
1810 1757 1887 1829 μὴ

296 1852 534 1922 ἀθυμεῖν
562 1852 619 1905 ὲν
648 1850 1002 1923 στενοχωρίᾳ,
1037 1851 1156 1921 ἤτοι
1182 1849 1261 1922 μὴ
1281 1850 1484 1922 δειλιᾷν
1508 1850 1646 1922 πρὸς
1672 1849 1885 1920 φιλοξεο

296 1943 444 2009 victv,
479 1940 620 1995 ἀλλὰ
642 1940 779 2013 πρὸς
813 1943 924 1996 πᾶν
959 1940 1163 2010 ἀγαθὸν
1194 1941 1491 2012 εύτόλμους
1516 1936 1681 1995 εἶναι.
1704 1958 1725 1969 “

384 2138 405 2174 ι
448 2118 784 2191 Ἐργάζεσθε
829 2120 907 2192 μὴ
957 2119 1061 2192 τὴν
1105 2119 1312 2191 βρῶσιν
1342 2120 1442 2191 τὴν
1478 2120 1880 2191 ἀπολλυμένην,

297 2214 438 2270 ἀλλὰ
471 2212 569 2284 τὴν
602 2213 809 2283 βρῶσιν
834 2212 935 2284 τὴν
971 2212 1245 2283 μένουσαν
1268 2213 1349 2276 είς
1383 2212 1527 2284 ζωὴν
1551 2212 1791 2279 αἰώνιον,
1816 2214 1885 2284 ἢν

296 2309 326 2359 ὁ
343 2307 471 2368 Υἱὸς
489 2303 582 2358 τοῦ
607 2303 899 2376 ἀνθρώπου
923 2305 1054 2374 ὑμῖν
1079 2302 1266 2359 δώσει.
1287 2303 1490 2359 Τοῦτον
1511 2304 1621 2376 γάρ
1641 2307 1670 2358 ό
1692 2304 1886 2377 Πατὴρ

296 2396 678 2466 ἐσφράγισενὸ
707 2396 860 2460 Θεός.
902 2413 923 2448 ι

371 2488 485 2559 Τὴν
508 2487 708 2560 νοητὴν
746 2484 1004 2559 [τροφὴν]
1045 2488 1142 2540 καὶ
1190 2485 1421 2557 λογικὴν
1451 2488 1549 2541 καὶ
1576 2504 1885 2558 πνευματι-

297 2579 423 2649 κήν.
448 2578 597 2649 Αὕτη
615 2580 722 2652 γὰρ
736 2578 1104 2649 συμϐάλλεται
1118 2579 1199 2643 είς
1214 2579 1277 2632 τὸ
1287 2578 1591 2634 ἀπολαῦσαι
1611 2581 1759 2650 ἡμᾶς
1778 2579 1887 2636 τῶν

301 2666 607 2738 μελλόντων
626 2667 942 2741 ἁγαθῶν,ἧν
969 2669 1004 2740 ἡ
1028 2670 1109 2732 είς
1134 2668 1373 2740 Χριστὸν
1395 2668 1577 2732 πίστις
1615 2667 1885 2740 προξενεῖ.

371 2759 486 2829 Τὴν
532 2759 805 2830 μυστικὴν
855 2759 1162 2832 μετάληψιν
1215 2760 1363 2830 λέγει
1399 2761 1501 2833 τὴν
1551 2759 1888 2830 άγιάζουσαν

297 2853 481 2924 ψυχὴν
529 2853 623 2904 καὶ
660 2850 842 2922 σῶμα,
900 2852 1312 2920 συναναπλέξας
1353 2851 1435 2924 τῷ
1487 2852 1786 2926 θεοπρεπεῖ
1825 2851 1888 2906 τὸ

297 2943 664 3014 ἀνθρώπινον.
717 2941 946 3015 [Cum]

371 3035 447 3089 Ού
502 3034 705 3089 κωλύει
765 3035 829 3089 τὸ
872 3035 1364 3108 ἐργάξεσθαι,ἀλλά
1391 3036 1453 3091 τὸ
1486 3035 1756 3108 μεριμνᾷν
1793 3036 1890 3090 καὶ

298 3123 608 3193 φροντίζειν
634 3126 735 3196 τῆς
753 3122 943 3197 αὔριον
974 3125 1063 3181 ἵνα
1086 3127 1186 3198 τὴν
1210 3126 1531 3199 προαίρεσιν
1557 3127 1888 3200 ἀνασειράσῃ

296 3215 404 3266 τών
425 3214 742 3284 Μανιχαίων
764 3215 879 3270 τῶν
890 3216 968 3288 μὴ
988 3217 1223 3289 ἐγχείρφ
1260 3217 1560 3289 χρωμένων
1581 3217 1707 3272 τινί.

375 3307 654 3361 Τοῦτονν
709 3308 1103 3379 ἐσφράγισεν·
1160 3311 1190 3364 ὅ
1249 3311 1420 3376 ἐστιν,
1472 3309 1694 3381 ἔχρισεν
1743 3309 1886 3381 ἁγίῳ

298 3397 579 3468 Πνεύματι
667 3399 769 3470 τὴν
833 3399 1017 3471 σάρκα
1062 3400 1158 3455 τοῦ
1219 3402 1429 3475 Κυρίου
1492 3403 1593 3474 τὴν
1666 3403 1883 3475 ἀνθρω-

297 3491 481 3561 πίνην,
540 3492 602 3546 οὗ
660 3491 760 3564 τὴν
820 3492 1055 3564 Θεότητα
1089 3510 1104 3526 ·
1159 3493 1343 3550 πάντα
1407 3494 1519 3566 γὰρ
1564 3496 1754 3566 σχεδὸν
1812 3496 1883 3550 τά

294 3584 399 3652 τῆς
428 3584 745 3656 οἰκονομίας
775 3586 1018 3658 ὀνόματα
1042 3587 1173 3658 περὶ
1205 3587 1306 3658 τὴν
1334 3588 1515 3659 σάρκα
1548 3587 1803 3642 λέλεκται
1828 3601 1877 3642 ι.

298 3678 371 3728 ’Ἡ
397 3685 429 3727 γ
464 3676 626 3731 τοῦτο
662 3673 836 3744 εἶπεν,
870 3688 893 3715 ι
920 3680 1006 3733 ὅτι
1067 3681 1431 3751 μεμόρφωται
1459 3680 1707 3749 φυσικῶς
1742 3681 1879 3752 πρὸς

296 3768 388 3823 τὸν
411 3770 650 3842 Πατέρα.
679 3772 838 3825 Ἤτοι
866 3771 1272 3842 Ἐσςρράγισεν
1294 3784 1343 3840 ι,
1361 3773 1529 3826 ταυτὸ
1544 3771 1622 3843 τῷ
1641 3771 1880 3843 ἔχρισεν,

295 3859 329 3929 ἢ
357 3858 713 3925 ὲσεῦαίωσεν,
747 3861 869 3931 ἦτοι
891 3860 1310 3932 άναντιρῤήτως
1360 3858 1693 3932 ἐξεκάλυψεν
1716 3863 1745 3915 6
1765 3862 1883 3916 Πα-

295 3951 403 4023 τὴρ
433 3951 527 4005 τὸν
580 3950 709 4006 Υιδν
742 3950 832 4007 διὰ
885 3954 983 4023 τῆς
1023 3952 1158 4017 ἰδίας
1215 3952 1538 4025 μαρτυρίας·
1582 3954 1883 4023 ἐκμαγεῖον

294 4042 407 4112 γάρ
436 4041 583 4094 ἐστιν
609 4043 637 4095 ό
665 4040 794 4105 Υἱὸς
815 4041 909 4094 καλ⁸
940 4043 1177 4114 σφραγὶς
1195 4042 1295 4112 τῆς
1315 4041 1410 4095 τοῦ
1438 4042 1652 4115 Πατρός
1668 4044 1880 4112 οὐσίας,

293 4129 575 4204 ὁρώμενος
604 4131 1069 4202 ἀπαραλλάκτως,
1097 4131 1173 4195 ὡς
1199 4134 1229 4186 6
1262 4132 1479 4203 Πατήρ.

370 4241 391 4276 ι
434 4224 750 4297 ’Ἀπεκρίθη
784 4227 812 4279 ὁ
877 4226 1108 4296 Ἰησοῦς,
1145 4226 1240 4279 καὶ
1280 4221 1433 4280 εἶπεν
1464 4229 1671 4293 αὐτοῖς’
1701 4231 1876 4286 Τοῦτό

295 4317 417 4370 ἐστι
445 4314 507 4368 τδ
534 4316 697 4386 ἔργον
722 4314 818 4368 τοῦ
864 4315 1021 4383 Θεοῦ,
1069 4317 1157 4371 ἵνα
1196 4317 1531 4391 πιστεύσητε
1569 4323 1651 4386 είς
1678 4321 1739 4375 ὃν
1771 4322 1878 4376 άπ-

296 4410 420 4464 ἐστε
429 4408 540 4462 ιλεν
573 4411 799 4474 ἐκεῖνος.
840 4427 859 4460 ›

367 4500 435 4552 Ei
479 4499 574 4554 καὶ
609 4498 725 4570 ᾔδει
783 4499 1032 4565 ἐκείνους
1089 4501 1260 4571 μηδὲν
1314 4500 1877 4575 ὠφεληθησσμένους,

1360 285 1825 348 FRAGMENTA
1866 286 1949 346 IN
1989 287 2052 348 S.
2092 285 2470 369 JOANNEM.

1912 4418 1963 4478 Ι)

3434 284 3573 351 ιιδι

1979 398 2194 466 deatur,
2247 413 2454 467 nosque
2505 397 2699 452 doceat
2754 395 2905 451 cibos
2957 393 3316 451 benedicendi
3375 397 3567 454 ritum.

1980 487 2183 545 Verum
2227 498 2287 544 ut
2317 490 2478 544 homo
2510 487 2808 553 benedicit,
2848 502 2955 557 quo
2999 486 3053 542 in
3087 486 3358 557 passionis
3403 501 3573 557 usque

1986 589 2221 649 tempus,
2255 578 2554 650 principem
2589 577 2753 647 hujus
2783 576 2969 633 saeculi
2998 574 3217 633 lateret.

2061 674 2229 732 Vens.
2285 674 2374 729 l5.
2421 671 2823 743 «Collegerunt
2872 686 3045 742 ergo,
3102 679 3157 727 et
3215 669 3577 740 impleverunt

1983 767 2273 829 duodecim
2302 766 2570 837 cophinos
2597 764 3059 835 fragmentorum,
3094 777 3160 818 ex
3193 763 3440 833 quinque
3468 776 3564 832 pa-

1983 861 2146 916 nibus
2189 860 2534 927 hordeaceis,
2571 872 2692 929 quas
2736 855 3128 929 superfuerunt
3155 854 3246 910 his
3280 854 3374 925 qui
3415 869 3575 909 man-

1985 953 2346 1009 ducaverant.
2378 969 2399 1003 ι

2054 1039 2309 1095 Christus
2352 1038 2451 1094 alit
2495 1038 2682 1094 ﬁdeles
2729 1051 2860 1095 suos
2896 1037 3139 1107 quinque
3183 1035 3417 1107 panibus
3447 1033 3579 1089 hor-

1985 1131 2223 1198 deaceis,
2262 1130 2466 1201 quibus
2515 1130 2757 1185 crassior
2804 1128 2896 1183 illa
2929 1128 3288 1184 Pentateuchi
3325 1128 3576 1183 doctrina

1985 1223 2364 1294 significatur;
2410 1230 2467 1277 et
2506 1221 2721 1277 duobus
2772 1222 3055 1291 piscibus,
3105 1218 3160 1276 id
3207 1227 3294 1276 est
3339 1219 3574 1290 simplici

1984 1311 2314 1383 evangelicae
2339 1310 2765 1382 apostolicaaque
2801 1311 3208 1383 praedicationis
3246 1310 3576 1393 eruditione.

2045 1479 2224 1542 'Vnns.
2255 1485 2344 1543 ﬂ.
2385 1504 2405 1538 ι
2436 1485 2517 1541 illi
2553 1500 2684 1558 ergo
2709 1486 2958 1542 homines
2990 1500 3112 1541 cum
3141 1483 3408 1540 vidissent
3433 1481 3578 1550 quod

1985 1576 2146 1634 Jcsus
2176 1577 2384 1634 fecerat
2431 1577 2671 1648 signum,
2705 1576 2966 1633 dicebant
2998 1594 3012 1632 :
3042 1574 3179 1642 Quia
3224 1575 3314 1630 hic
3343 1580 3428 1629 est
3451 1585 3579 1627 vere

1989 1669 2251 1738 propheta
2282 1668 2375 1738 qui
2411 1677 2676 1725 venturus
2703 1678 2791 1724 est
2819 1670 2876 1723 in
2908 1668 3196 1724 mundum.
3228 1682 3250 1718 ι

2060 1753 2231 1817 Docet
2254 1760 2358 1817 hoc
2387 1760 2542 1832 signo
2574 1801 2592 1829 ,
2624 1760 2674 1816 ei
2710 1760 3092 1817 conﬁdendum
3120 1772 3265 1823 esse,
3310 1765 3365 1812 et
3395 1756 3449 1811 in
3482 1770 3578 1809 an-

1991 1855 2186 1924 gustiis
2227 1853 2470 1908 animum
2514 1853 2742 1908 minime
2769 1851 3245 1922 despondendum,
3302 1862 3480 1918 neque
3513 1846 3580 1902 de

1914 1929 1959 1984 Β
1992 1945 2232 2015 hospitio
2257 1944 2422 2000 nimis
2453 1944 2701 2011 anxium,
2729 1944 2825 2000 sed
2855 1942 2924 1998 ad
2946 1957 3108 1997 omne
3136 1942 3339 1997 bonum
3365 1938 3580 2010 expedi-

1988 2046 2100 2092 tum
2127 2050 2252 2091 esse
2276 2045 2554 2106 oportere.

2055 2128 2220 2184 Vens.
2247 2128 2341 2183 27.
2385 2146 2405 2181 ι
2435 2127 2753 2198 Operamini
2784 2143 2890 2182 non
2937 2128 3119 2183 cibum
3150 2128 3243 2200 qui
3278 2125 3442 2197 perit,
3481 2119 3577 2176 sed

1986 2220 2080 2291 qui
2137 2230 2422 2290 permanet
2503 2220 2557 2276 in
2618 2220 2786 2274 vitam
2842 2229 3142 2286 aaternam,
3183 2234 3344 2288 quem
3407 2215 3580 2270 Filius

1988 2312 2228 2369 hominis
2282 2311 2433 2369 dabit
2484 2311 2662 2368 vobis.
2711 2310 2871 2366 Hunc
2929 2311 3077 2366 enim
3134 2311 3297 2366 Pater
3345 2304 3581 2378 signavit

1988 2403 2153 2460 Deus.
2194 2422 2214 2456 ι
3075 2390 3079 2395 ’

2058 2490 2479 2551 lntellectualem
2535 2504 2592 2550 et
2639 2495 2979 2566 spiritualem
3033 2496 3217 2552 cibum
3253 2493 3406 2550 dicit.
3451 2490 3580 2546 Haec

1987 2587 2132 2642 enim
2180 2600 2278 2641 nos
2315 2587 2560 2656 perducit
2607 2586 2674 2641 ad
2710 2586 2976 2643 bonorum
3009 2587 3315 2643 futurorum
3354 2583 3579 2640 fruitio-

1990 2691 2136 2732 nem.
2170 2676 2324 2732 Hanc
2351 2676 2559 2746 profert
2589 2676 2722 2733 fides
2756 2677 2810 2732 in
2834 2678 3134 2733 Christum.

2062 2767 2347 2838 Mysticam
2394 2768 2868 2839 participationem
2902 2769 3033 2824 dicit
3074 2782 3195 2838 quae
3231 2767 3473 2821 animam
3521 2771 3577 2819 et

1988 2873 2191 2930 corpus
2218 2859 2552 2927 sanctiﬁcat,
2588 2860 2843 2939 humana_
2861 2859 3061 2942 divinis
3089 2868 3443 2914 conuectens.

2059 3037 2183 3095 Non
2212 3046 2360 3094 vetat
2388 3037 2656 3105 laborem,
2689 3039 2784 3093 sed
2816 3038 3039 3093 nimiam
3071 3035 3491 3091 sollicitudinem
3521 3043 3578 3088 et

1991 3129 2060 3185 de
2098 3129 2345 3186 crastino
2392 3144 2604 3195 curam,
2638 3138 2696 3182 ut
2732 3128 3159 3183 Manichmorum
3210 3124 3424 3180 refellat
3454 3123 3577 3193 opi-

1993 3220 2232 3285 nionem,
2265 3219 2417 3274 nullo
2438 3219 2659 3288 penitus
2684 3217 2920 3273 manuali
2950 3232 3120 3289 opere
3149 3215 3438 3271 utentium.

2065 3308 2226 3365 Hum:
2255 3310 2502 3381 signavit,
2534 3309 2587 3365 id
2627 3318 2713 3364 est
2742 3309 3036 3364 humanam
3082 3308 3292 3362 Domini
3328 3321 3574 3371 carnem,

1991 3414 2099 3456 non
2143 3413 2273 3454 vero
2307 3398 2652 3453 divinitatem
2705 3398 2909 3467 Spiritu
2960 3407 3149 3452 sancto
3196 3395 3399 3449 unxit:
3445 3409 3570 3449 nam

1990 3492 2173 3548 omnia
2209 3490 2323 3546 fere
2373 3482 2802 3567 dispensationis
2845 3489 3064 3543 nomina
3111 3487 3181 3543 de
3220 3501 3386 3542 carne
3428 3486 3575 3541 dicta

1987 3593 2138 3639 sunt.
2164 3581 2264 3639 Vel
2298 3585 2402 3640 hoc
2434 3584 2590 3649 dixit,
2631 3582 2774 3654 quod
2807 3593 2998 3636 natura
3031 3594 3127 3636 sua
3157 3580 3305 3635 Patri
3351 3579 3575 3635 confor-

1988 3675 2092 3730 mis
2114 3675 2207 3729 sit.
2240 3674 2338 3730 Vel
2385 3674 2551 3730 etiam
2597 3674 2824 3745 signavit
2866 3674 3008 3728 idem
3058 3672 3151 3737 sit,
3198 3671 3340 3741 quod
3396 3670 3575 3737 unxit,

1989 3763 2074 3818 vel
2130 3764 2496 3829 confirmavit,
2551 3765 2659 3828 vel,
2713 3764 3073 3834 irrefragahili
3113 3778 3212 3819 suo
3263 3763 3576 3818 testimonio

1988 3854 2148 3909 Pater
2177 3852 2377 3907 Filium
2423 3853 2796 3909 manifestavit
2827 3872 2839 3908 :
2874 3854 3045 3909 Filius
3075 3854 3219 3908 enim
3255 3863 3340 3909 est
3371 3852 3574 3921 efﬁgies

1988 3956 2154 4015 atque
2203 3945 2543 4014 signaculum
2596 3945 2918 3999 substantiae
2964 3943 3188 4008 Patris,
3242 3944 3442 4008 omnis,
3494 3944 3572 3997 uti

1988 4036 2174 4104 Pater,
2206 4050 2405 4106 expers
2430 4034 2768 4092 mutationis.

2064 4234 2228 4290 Vens.
2265 4235 2357 4290 29.
2407 4253 2426 4287 ι
2461 4233 2761 4304 Respondit
2788 4233 2969 4299 Jesus,
3020 4243 3069 4289 el
3124 4233 3260 4288 dixit
3306 4234 3384 4290 eis
3420 4254 3432 4290 :
3462 4232 3575 4290 llnc

1985 4338 2067 4384 est
2094 4343 2234 4399 opus
2264 4328 2382 4414 Dei,
2411 4337 2470 4383 ut
2500 4327 2738 4384 credatis
2774 4327 2826 4382 in
2865 4340 2987 4380 eum
3021 4341 3182 4396 quem
3215 4328 3361 4381 misit
3398 4328 3504 4381 illc.
3545 4347 3565 4380 ι

2057 4505 2381 4577 Quanquam
2415 4507 2551 4562 nihil
2588 4505 2695 4561 illis
2727 4507 3071 4577 profuturum
3107 4506 3409 4576 prmsciret,
3447 4519 3573 4575 pro—

294 4589 437 4647 ἀλλὰ
464 4592 553 4644 διὰ
577 4591 640 4645 τδ
661 4592 974 4662 κοινοφελὲς
1003 4593 1105 4663 τῆς
1128 4594 1352 4664 διδαχῆς
1375 4595 1732 4666 ἀπεκρίνατο.
1767 4598 1879 4668 Ούχ

2004 4607 2106 4653 iter
2162 4615 2505 4655 communem
2556 4610 2736 4654 tamen
2787 4600 3047 4654 doctrina:
3089 4598 3420 4658 utilitatem,
3484 4609 3573 4650 re-

294 4684 325 4735 6
359 4683 483 4746 ταῖς
532 4684 714 4748 σκιαῖς
766 4683 1038 4737 δουλεύων
1098 4683 1194 4738 τοῦ
1247 4684 1438 4755 νόμου,
1500 4687 1650 4739 ποιεῖ
1679 4687 1742 4740 τὸ
1780 4687 1877 4740 τοῦ

2004 4692 2223 4759 ipOlldil.
2256 4690 2372 4745 Non
2416 4691 2509 4761 qui
2545 4690 2753 4745 umbris
2783 4690 3048 4760 legalibus
3096 4688 3289 4752 servit,
3336 4687 3429 4742 Dei
3478 4701 3572 4742 vo-

294 4773 438 4827 Θεοῦ
471 4774 704 4845 θέλημα,
742 4775 859 4829 ἀλλ’
890 4778 919 4828 6
950 4777 1032 4839 είς
1059 4776 1153 4829 τὸν
1185 4776 1422 4846 Χριστὸν
1466 4776 1765 4831 πιστεύων.

2007 4790 2247 4836 ttnlatetn
2288 4780 2443 4848 facit,
2471 4783 2564 4836 sed
2593 4782 2683 4851 qui
2712 4781 2764 4835 in
2795 4780 3068 4835 Christum
3100 4778 3296 4833 credit.

373 4884 394 4916 ι
428 4861 596 4919 Εἶπεν
621 4862 714 4920 οὖν
748 4868 933 4931 αὐτοῖς
955 4868 984 4920 6
1027 4866 1264 4938 Ἰησοῦς*
1325 4866 1521 4938 Ἀμὴν,
1564 4867 1713 4938 ἀμὴν
1737 4866 1884 4936 λέγω

2057 4875 2217 4928 Vens.
2249 4873 2340 4928 52.
2398 4892 2417 4925 ι
2450 4874 2596 4927 Dixit
2627 4887 2759 4942 ergo
2806 4872 2888 4927 eis
2924 4869 3084 4925 Jesus
3118 4886 3132 4924 :
3166 4869 3362 4933 Amen,
3412 4881 3571 4922 amen

295 4960 431 5029 ύμῖν
461 4977 477 4992 ο
517 4961 594 5014 Οὐ
621 4963 867 5031 Μωῦσῆς
896 4962 1132 5016 δέδωκεν
1168 4963 1296 5033 ὑμῖν
1344 4961 1438 5016 τὸν
1487 4962 1656 5034 ἄρτον
1698 4963 1764 5016 ὲκ
1787 4960 1882 5015 τοῦ

2004 4966 2102 5020 lico
2125 4965 2281 5022 vobis
2313 4983 2329 5021 :
2357 4965 2475 5021 Non
2498 4965 2710 5037 Moyses
2733 4965 2883 5019 dedit
2906 4963 3062 5020 vobis
3089 4977 3284 5032 panem
3312 4961 3379 5017 de
3403 4960 3568 5026 caelo,

293 5050 564 5122 ούρανοῦ,
601 5052 718 5105 ἀλλ’
750 5055 779 5106 ό
813 5053 1008 5124 Πατήρ
1044 5070 1146 5124 μου
1180 5053 1397 5108 δίδωσιν
1431 5052 1560 5124 ὑμῖν
1592 5052 1685 5106 τὸν
1718 5051 1882 5123 ἄρτον

2004 5058 2074 5112 ed
2098 5056 2260 5112 Pater
2297 5070 2453 5112 meus
2481 5055 2578 5112 dat
2603 5055 2759 5112 vobis
2804 5068 3003 5124 panem
3028 5054 3110 5126 _de
3137 5051 3277 5110 coelo
3303 5064 3512 5106 verum.
3543 5067 3565 5103 ι

293 5144 362 5195 ἐκ
395 5143 490 5196 τοῦ
521 5143 754 5214 ούρανοῦ
789 5144 881 5198 τὸν
915 5143 1189 5215 ἀληθινόν.
1226 5162 1246 5196 ι

371 5232 489 5303 Οὐχ
518 5234 593 5297 ὡς
613 5233 849 5302 ψεύδους
906 5232 1073 5305 οῠσης
1122 5233 1226 5303 τῆς
1267 5231 1364 5286 τοῦ
1424 5232 1603 5303 μάννα
1648 5231 1876 5302 τροφῆς,

2057 5232 2172 5286 Νοη
2224 5235 2380 5301 quasi
2418 5232 2643 5288 fictilius
2684 5242 2831 5287 esset
2871 5246 3087 5286 manna;
3138 5228 3329 5292 cibus,
3366 5224 3570 5282 idcirco

295 5320 447 5387 εἷπε,
487 5327 598 5379 Τὸν
631 5326 817 5393 ἄρτον
850 5326 920 5380 ἐκ
965 5326 1073 5380 τοῦ
1109 5326 1371 5394 οὐρανοῦ
1421 5326 1528 5380 τὸν
1562 5326 1877 5393 ἀληθινόνο

2004 5323 2140 5388 lixit,
2174 5321 2379 5376 Panem
2408 5323 2471 5376 de
2514 5323 2641 5377 caelo
2685 5338 2894 5387 verum;
2944 5321 3038 5376 sed
3075 5320 3200 5389 quia
3236 5307 3366 5370 illud
3399 5314 3568 5379 figura

290 5413 416 5468 ἀλλ’
455 5413 539 5469 ὅτι
570 5416 749 5469 έκεῖνο
776 5415 948 5479 τύπος
978 5410 1068 5487 ἦν,
1109 5417 1209 5470 οὐκ
1255 5415 1444 5486 αὐτὸή
1498 5414 1754 5486 ἀλήθεια.
1820 5415 1878 5469 '0

2004 5423 2126 5481 :rat,
2161 5414 2264 5470 hoc
2296 5415 2522 5470 veritas.
2553 5415 2807 5471 Christus
2846 5412 3111 5486 siquidem
3147 5424 3346 5465 manna
3374 5415 3479 5474 cst,
3511 5413 3568 5458 ut

371 5622 399 5650 ν
424 5612 517 5699 Ct'.
545 5615 643 5699 τὸν
669 5616 852 5685 ἄρτον.
970 5630 995 5658 ι
1028 5619 1121 5699 Cr.
1150 5618 1428 5691 εἴληπται.
1513 5627 1536 5667 )·
1608 5619 1699 5674 Cr.
1741 5619 1857 5671 sine

2061 5628 2079 5654 ²
2117 5620 2210 5674 Cr.
2255 5620 2381 5674 add.
2414 5618 2471 5687 ἦ.
2547 5629 2576 5662 ι
2607 5619 2700 5676 Cr.
2773 5618 2978 5687 ἔχρισε
3026 5572 3561 5681 κατασᾲραγίζονται

293 5683 410 5759 γὰρ
437 5685 487 5736 οἱ
524 5683 823 5755 χριόμε-ιοι.
