4038 6148
556 295 695 362 1435

1673 295 1942 358 AMMON
1949 297 2008 356 II
2047 295 2576 358 ALEXANDRINI

3666 286 3820 352 1536

553 406 648 475 qui
685 414 873 460 natura
915 419 1009 458 sua
1043 403 1147 458 vita
1177 405 1246 458 sit
1275 403 1457 458 omnia
1503 403 1808 469 viviﬁcans,
1847 405 2111 474 panisque

2243 405 2457 476 (ριστὸς
2479 405 2587 476 γάρ
2611 404 2727 458 ἐστι
2753 401 2814 456 τδ
2845 401 3044 473 μάννα,
3069 400 3144 464 ὼς
3168 398 3329 470 φύσει
3348 397 3466 470 ζωὴ
3487 397 3590 465 ὣν,
3614 403 3713 454 καὶ
3738 406 3812 454 τὸ

556 498 648 564 qui
690 496 920 550 animam
963 509 1264 564 corpusque
1297 495 1521 549 nutriat.
1556 494 1660 548 Pro
1684 494 1866 565 Moyse
1900 496 2117 565 quidem

558 584 748 651 Deum,
772 601 866 653 pro
898 599 1090 638 manna
1122 601 1248 640 vero
1277 587 1510 656 seipsum
1542 587 1739 656 posuit,
1763 587 1888 656 quia
1925 603 2117 658 magna

555 685 673 729 erat
710 676 1012 748 auditorum
1065 676 1428 732 imbecillitas.
1463 677 1686 733 Poterat
1719 679 1865 733 enim
1896 679 2116 734 dicere:

553 762 668 819 Non
696 763 904 834 Moyses
935 766 1046 831 dat,
1079 767 1171 822 sed
1199 782 1320 836 ego.

515 962 518 979 ς
628 934 792 991 Vens.
825 937 914 991 εδ.
967 955 984 988 ι
1019 937 1183 992 Panis
1213 900 1374 993 'enim
1426 939 1520 994 Dei
1577 948 1681 1007 cst,
1728 943 1819 1012 qui
1866 943 1933 998 de
1981 942 2121 998 caelo

552 1026 850 1092 descendit,
882 1035 936 1080 et
966 1027 1058 1081 dat
1090 1029 1254 1082 vitam
1285 1032 1504 1083 mundo.
1542 1050 1560 1080 ι

622 1113 840 1168 Liherat
872 1117 1019 1170 enim
1071 1134 1098 1170 a
1142 1129 1386 1187 peccato,
1417 1131 1472 1174 et
1519 1123 1726 1177 amicos
1770 1124 1876 1178 Deo
1927 1123 2116 1191 elﬁcit,

551 1207 858 1276 divinaeque
901 1221 1180 1265 consortes
1228 1221 1456 1279 naturas,
1493 1229 1524 1268 a
1567 1216 1815 1284 gehenna
1859 1217 2119 1283 vindicat,

551 1309 606 1348 et
639 1299 704 1350 ad
743 1314 964 1370 regnum
1015 1303 1212 1367 evehit,
1246 1314 1512 1373 quotquot
1557 1307 1718 1375 digne
1759 1308 2121 1378 decenterque

549 1390 721 1444 t’ivini
760 1389 916 1446 Verbi
955 1407 1119 1447 carne
1150 1406 1466 1464 pascuntur.
1497 1396 1659 1451 Hisce
1697 1398 1964 1468 siquidem
1999 1400 2120 1453 uni-

557 1495 712 1536 versa
744 1481 1064 1539 immortalis
1097 1486 1292 1540 animae
1319 1487 1426 1541 vita
1451 1487 1714 1556 cibusque
1751 1490 2116 1544 continentur.

624 1649 784 1706 Vens.
822 1652 909 1709 35.
960 1672 979 1706 ι
1010 1655 1155 1711 Dixit
1180 1666 1357 1711 autem
1387 1659 1466 1715 eis
1495 1659 1654 1714 Iesus
1683 1677 1696 1713 :
1727 1660 1840 1730 Ego
1877 1675 1997 1717 sum
2026 1679 2121 1733 pa-

2218 496 2394 548 πάντα
2429 495 2734 564 ζωογονῶν,
2781 494 2840 556 ὃς
2890 495 3036 545 ἐστιν
3083 491 3247 562 άρτος
3277 492 3306 543 6
3358 490 3581 560 τρέφων
3611 489 3807 560 ψυχὴν

2219 585 2309 636 καὶ
2336 585 2493 652 σῶμα
2513 602 2527 617 ο
2561 585 2684 638 ἀντὶ
2731 582 2830 653 μὲν
2883 580 3164 643 Μωῡσέως
3188 580 3280 633 τὸν
3311 578 3446 632 Θεὸν
3467 579 3664 643 εἰπὼν,
3697 583 3805 632 ἀν-

2217 671 2272 724 τὶ
2314 673 2370 725 δὲ
2404 673 2499 726 τοῦ
2545 673 2740 744 μάννα,
2794 672 3007 737 ἑαυτὸν,
3051 671 3140 724 διὰ
3184 669 3283 739 τὴν
3327 667 3438 722 τῶν
3494 670 3811 724 ἀκουόντων

2218 763 2524 820 ἀσθένειαν.
2561 767 2718 836 Ἐνῆν
2741 764 2852 836 γάρ
2870 764 3068 827 είπεῖν,
3100 763 3211 831 Οὐχ
3237 764 3264 814 6
3287 761 3533 832 Μωῦσῆς
3553 761 3803 825 δίδωσιν,

2220 855 2335 908 ἀλλ’
2365 855 2500 924 ἐγώ.

2295 963 2314 996 α
2369 944 2426 999 Ὀ
2453 945 2560 1018 γὰρ
2595 947 2758 1017 ἄρτος
2787 944 2884 998 τοῦ
2917 941 3054 998 Θεοῦ
3087 944 3258 1006 ἐστιν,
3293 941 3324 993 6
3345 941 3700 995 καταϐαίνων
3738 944 3821 996 ἐκ.

2219 1033 2310 1085 τοῦ
2339 1035 2594 1105 οὐρανοῦ,
2630 1034 2726 1088 καὶ
2761 1032 2904 1104 ζωὴν
2924 1033 3098 1095 διδοὺς
3121 1031 3199 1101 τῷ
3223 1031 3433 1102 κόσμῳ.
3468 1049 3490 1081 θ

2302 1121 2667 1175 Ἀπαλλάσσει
2701 1122 2811 1193 γὰρ
2842 1121 3139 1192 ἁμαρτίας,
3168 1119 3264 1174 καῖ
3286 1123 3432 1172 ποιεῖ
3451 1119 3640 1188 φίλους
3659 1121 3824 1192 θεῷμ

2220 1210 2314 1265 καὶ
2348 1209 2497 1271 θείας
2530 1209 2747 1278 φύσεως
2787 1209 3100 1271 κοινωνοὺς,
3141 1207 3234 1260 καὶ
3267 1207 3366 1277 τῆς
3388 1208 3616 1278 γεέννης
3644 1208 3808 1260 ὲλευ-

2220 1298 2387 1369 θεροῖ,
2415 1302 2510 1354 καὶ
2537 1301 2636 1370 τῆς
2685 1299 2961 1369 βασιλείας
3007 1298 3147 1362 ἀξιοῖ
3193 1298 3317 1360 τοὺς
3352 1297 3514 1364 ἀξίως
3604 1302 3701 1351 καὶ
3731 1300 3826 1362 ὡς·

2218 1389 2298 1442 δεῖ
2329 1390 2425 1460 τῆς
2451 1389 2546 1442 τοῦ
2577 1389 2712 1443 Θεοῦ
2760 1389 2936 1457 Λόγου
2975 1389 3178 1459 σαρκὸς
3212 1389 3622 1458 μετασχόντας.
3662 1391 3808 1443 Ὀλα

2219 1479 2327 1548 γάρ
2383 1477 2558 1533 ταῦτα
2608 1479 2721 1549 ζωή
2776 1479 2895 1531 ὲστι
2959 1479 3064 1547 τῆς
3113 1477 3382 1531 ἀθανάτου
3443 1477 3653 1548 ψυχῆς,
3706 1482 3808 1532 καὶ

2219 1567 2420 1636 τροφή.

2300 1675 2319 1707 ι
2361 1651 2497 1708 Elite
2526 1655 2582 1708 δὲ
2625 1654 2809 1717 αὖτοῖς
2839 1657 2867 1706 6
2922 1653 3168 1723 Ἰησοῦς·
3218 1651 3360 1721 Ἐγώ
3404 1655 3524 1722 εἰμι
3555 1655 3584 1706 6
3633 1655 3818 1724 ἄρτος-

559 1742 642 1793 nis
675 1741 956 1811 νείκεεᾳυί
1013 1747 1162 1800 venit
1209 1748 1276 1800 ad
1329 1763 1445 1810 me,
1495 1763 1601 1802 non
1647 1727 1852 1804 esuriet
1881 1768 1896 1805 :
1928 1762 1983 1806 et
2027 1752 2118 1822 qui

2243 1744 2322 1811 τῆς
2361 1744 2546 1814 ζωῆς·
2583 1747 2611 1798 ὁ
2655 1744 2953 1816 ἐρχόμενος
2981 1744 3120 1814 πρός
3155 1761 3244 1814 με.
3294 1744 3356 1796 οὔ
3395 1743 3470 1814 μὴ
3521 1745 3797 1816 “mdo?

556 1831 728 1886 credit
755 1833 806 1885 in
839 1849 949 1902 me,
986 1849 1090 1890 non
1123 1837 1272 1892 sitiet
1304 1855 1562 1907 unquam.
1598 1856 1619 1891 ι

627 1920 786 1977 Panis
818 1933 899 1979 est
943 1926 1087 1991 vitae,
1125 1943 1230 1981 non
1262 1929 1414 1997 quasi
1453 1930 1702 1996 corporis
1738 1931 1936 1988 famem
1980 1933 2124 1988 miti-

559 2021 667 2079 g‘ct,
713 2014 806 2067 sed
843 2022 1010 2068 totum
1048 2030 1112 2068 ex
1149 2017 1361 2087 integro
1401 2020 1601 2073 animal
1647 2026 1712 2074 ad
1743 2023 1908 2076 vitam
1953 2024 2126 2078 refor-

558 2111 688 2164 met,
740 2105 863 2158 dum
907 2106 1090 2162 verbis
1136 2110 1392 2164 nimirum
1439 2111 1558 2182 ejus
1606 2113 1966 2182 spiritalibus,
2006 2130 2124 2184 qure

561 2205 686 2244 vera
719 2194 825 2247 vita
848 2205 992 2259 sunt,
1019 2207 1348 2253 saturamur.

639 2284 798 2338 Vens.
824 2285 916 2340 37.
973 2305 993 2338 ι
1041 2288 1212 2342 Omne
1243 2289 1387 2358 quod
1424 2290 1514 2344 dat
1539 2290 1672 2345 mihi
1704 2289 1886 2353 Pater,
1929 2293 1995 2345 ad
2041 2307 2126 2346 me

564 2375 794 2430 veniet:
835 2384 890 2430 et
939 2390 1061 2432 eum
1115 2379 1202 2446 qui
1260 2379 1404 2435 venit
1456 2381 1524 2435 ad
1575 2397 1700 2447 me,
1754 2397 1861 2437 non
1912 2381 2124 2451 ejiciam

565 2464 730 2518 l'uras.
767 2483 786 2519 ι

601 2551 749 2606 .Non
800 2563 1021 2622 temere,
1071 2557 1269 2627 inquit,
1312 2557 1445 2614 ﬁdes
1487 2558 1540 2612 in
1591 2574 1676 2614 me
1731 2561 1985 2629 obtingit,
2031 2560 2126 2615 sed

565 2658 757 2709 supera
781 2659 918 2714 opus
953 2655 1036 2699 est
1071 2648 1329 2715 motione,
1369 2658 1424 2702 ut
1452 2663 1572 2718 quae
1607 2649 1936 2704 intellectum
1965 2664 2127 2717 supe-

568 2741 711 2796 rant,
745 2747 1060 2802 cognoscas.
1097 2735 1260 2791 Pater
1297 2749 1478 2793 autem
1529 2739 1594 2792 ad
1636 2739 1931 2802 Christum,
1971 2738 2128 2809 quasi

567 2822 633 2875 ad
682 2822 968 2888 medicum,
1005 2825 1255 2881 inﬁrmos
1306 2829 1552 2883 homines
1593 2829 1832 2883 adducit.
1878 2829 2130 2884 Christus

572 2925 698 2965 vero
723 2923 780 2965 nt
811 2914 996 2979 homo,
1024 2930 1120 2983 per
1149 2917 1606 2986 dispensationem
1638 2919 1812 2974 defert
1845 2917 1990 2974 Patri
2014 2935 2131 2988 qua:

569 2999 766 3054 divinae
788 3012 1102 3070 competunt
1135 3017 1364 3074 naturae,
1406 3009 1621 3063 tametsi
1676 3023 1891 3078 quoque
1923 3009 2129 3078 sibiipsi

2227 1838 2321 1890 καὶ
2346 1838 2374 1888 6
2409 1835 2683 1889 πιστεύων
2716 1837 2797 1899 είς
2819 1834 2942 1906 ἐμὲ,
2974 1836 3035 1888 οὑ
3081 1836 3156 1904 μὴ
3189 1835 3391 1904 διψήσῃ
3420 1834 3666 1888 πώποτε.
3699 1853 3719 1884 ι

2301 1928 2365 1977 Ἀ
2377 1942 2500 1995 ρτος
2522 1925 2638 1978 ἐστὶ
2665 1925 2830 1996 ζωῆς,
2867 1926 2964 1995 οὐχ
2994 1926 3069 1987 ὼς
3105 1925 3420 1995 σωματικὸν
3441 1925 3600 1993 λιμὸν
3624 1942 3810 1993 παραο

2231 2015 2592 2086 μυθούμενος,
2633 2016 2750 2069 ἀλλ’
2798 2015 2920 2070 ὅλον
2953 2015 3012 2081 ἐξ
3063 2015 3185 2068 ὅλου
3239 2015 3301 2067 τὸ
3356 2014 3492 2077 ζῶον
3523 2016 3602 2078 είς
3653 2015 3804 2082 ζωὴν

2228 2105 2605 2170 ἀναπλάττων,
2639 2107 2706 2158 δι’
2751 2101 2826 2158 ῶν
2860 2106 2971 2158 τῶν
2997 2105 3171 2173 λόγων
3199 2104 3364 2158 αὐτοῦ
3402 2105 3806 2175 ἐμφορούμεθα

2230 2197 2334 2251 τῶν
2370 2198 2781 2267 πνευματικῶν,
2805 2199 2832 2250 ’ὁ
2863 2199 2979 2250 ἐστι
3009 2197 3127 2266 ζωὴ
3148 2195 3375 2266 ἀληθής.

2305 2305 2324 2339 t
2356 2289 2471 2341 Πᾶν
2499 2288 2527 2340 ὃ
2552 2287 2736 2340 δίδωσί
2772 2305 2864 2356 μοι
2907 2288 2935 2340 6
2967 2289 3178 2357 Πατὴρ,
3216 2287 3352 2357 πρὸς
3405 2285 3507 2354 ἐμὲ
3533 2286 3674 2353 ἥξει,
3706 2288 3827 2339 καὶ-

2230 2380 2318 2431 τὸν
2351 2378 2642 2451 ἐρχόμενον
2679 2379 2813 2450 πρός
2847 2395 2936 2449 με,
2979 2377 3041 2430 οὐ
3073 2379 3148 2449 μὴ
3181 2377 3399 2430 ἐκὸάλω
3421 2377 3543 2440 ἔξω.
3582 2396 3602 2428 ι

2301 2554 2412 2607 Οὐκ
2441 2553 2576 2618 ἔστι,
2605 2552 2760 2622 φησι,
2803 2552 2862 2604 τὸ
2911 2552 3131 2622 τυχὺνή
3162 2553 3244 2615 είς
3298 2552 3400 2621 ἐμὲ
3432 2553 3638 2617 πίστις,
3670 2555 3829 2609 ἀλλὰ·

2230 2646 2327 2715 τῆς
2369 2645 2572 2698 ἀνωθεν
2623 2645 2792 2696 δεῖται
2825 2644 3015 2713 ῥοπῆς,
3051 2644 3138 2696 ἵνα
3167 2642 3314 2713 γνῷς
3354 2643 3428 2696 τά.
3469 2644 3613 2714 ὑπὲρ
3657 2646 3827 2700 νοῦν..

2236 2735 2446 2806 Ὠσπερ
2496 2733 2667 2804 ἰατρῷ
2709 2733 2974 2802 προσάγει
3021 2735 3049 2785 6
3097 2734 3286 2803 Πατὴρ
3319 2733 3652 2804 τῷοΧριστῷ
3678 2736 3806 2797 τοὺς

2233 2824 2477 2888 ἀσθενεῖς
2501 2825 2848 2894 ἀνθρώπους,
2904 2824 3266 2893 οἰκονομικῶς
3305 2825 3364 2878 δὲ
3407 2825 3484 2886 ὡς
3511 2825 3804 2893 ἄνθρωπος

2233 2915 2311 2986 τῷ
2342 2916 2517 2986 Πατρὶ
2544 2916 2611 2969 τὰ
2652 2915 2930 2985 θεοπρεπῆ
2969 2914 3289 2984 ἀνατίθησιν
3317 2931 3334 2944 ο
3363 2916 3488 2968 ἐπεὶ
3524 2915 3698 2985 ἰσχύει
3725 2917 3828 2978 ὠςν

2237 3006 2368 3069 Θεὸς
2397 3008 2425 3058 6
2484 3005 2719 3076 Χριστὸς
2766 3005 2944 3074 ἑαυτῷ
2995 3008 3388 3075 προσαγαγεῖν.
3446 3006 3632 3077 ’Υδωρ
3682 3007 3742 3059 δὲ
3775 3007 3812 3047 ιι

572 3099 630 3144 ut
664 3088 776 3144 Deo
806 3092 894 3145 illa
937 3104 1120 3162 posset
1149 3071 1445 3154 ascribere.
1494 3071 1710 3168 Aquarii
1736 3109 1918 3154 autem
1956 3111 2012 3154 et
2041 3115 2131 3169 po-

2243 3095 2331 3148 ttal.
2364 3071 2655 3147 πότοννῶδε
2683 3095 2851 3162 λέγει,
2887 3071 2927 3164 ἦ
2947 3071 3049 3148 διὰ-
3081 3071 3397 3166 Ιῐνεῦματος
3425 3071 3722 3164 ἁγιασμὸν,
3772 3098 3830 3166 ἦε

576 3191 687 3234 tum
721 3181 812 3236 hic
841 3184 1097 3252 appellat,
1132 3186 1214 3240 vel
1245 3187 1480 3257 Spiritus
1508 3191 2026 3258 sanctiﬁcationem,
2051 3191 2136 3246 vel

575 3273 864 3344 ipsummet
904 3273 1166 3344 Spiritum
1194 3290 1464 3336 sanctum.

649 3363 810 3421 Vens.
842 3365 934 3421 40.
981 3384 1002 3419 ι
1033 3368 1097 3422 Et
1128 3384 1229 3439 ego
1268 3370 1606 3426 resuscitabo
1629 3387 1776 3430 eum.
1815 3391 1835 3425 ι

653 3455 854 3512 Omnes
890 3460 1106 3527 quidem
1156 3462 1401 3516 homines
1445 3472 1751 3532 resurgunt,
1805 3464 1905 3519 soli
1957 3475 2134 3520 tamen

578 3543 764 3598 ﬁdeles
809 3546 966 3601 bonis
995 3547 1294 3614 potiuntur.
1334 3547 1505 3604 Filius
1537 3561 1716 3606 autem
1746 3556 2031 3611 credentes
2060 3557 2138 3611 vi-

581 3634 784 3700 viﬁcat,
813 3644 1003 3690 natura
1035 3653 1131 3691 sua
1161 3639 1419 3696 mortales
1457 3641 1525 3695 ad
1551 3641 2014 3700 immortalitatem
2043 3663 2135 3703 re-

580 3723 842 3779 formans.

655 3815 765 3868 Cnr
805 3825 910 3869 tam
959 3817 1274 3887 frequenter
1325 3825 1779 3880 resurrectionem
1835 3830 2141 3887 memorat?

581 3904 658 3958 Nc
693 3908 1048 3976 praesentibus
1089 3909 1268 3964 solum
1308 3913 1360 3968 in
1407 3915 1571 3970 rebus
1615 3915 1704 3971 Dei
1747 3920 2138 3986 providentiam

579 4005 948 4053 statttantzttt
997 4000 1041 4054 si
1082 4001 1170 4056 hic
1225 4003 1363 4060 bona
1415 4023 1519 4062 non
1567 4010 1850 4079 recipiant,
1902 4027 1970 4068 ne
2019 4014 2142 4072 ideo

579 4089 856 4154 segniores
880 4090 1008 4155 sint,
1045 4089 1142 4145 sed
1169 4091 1349 4148 futura
1377 4109 1600 4166 sperent
1631 4108 1687 4154 et
1708 4100 1868 4155 aliam
1897 4114 2142 4171 spectent

581 4187 763 4229 ὶἸΙέΙΙΙΙ.

651 4265 814 4323 Vens.
856 4269 944 4322 42.
987 4289 1007 4323 ι
1036 4272 1102 4326 Ει
1152 4274 1405 4331 dicebant
1435 4294 1450 4331 :
1478 4276 1668 4333 Nonne
1718 4280 1808 4335 hic
1861 4291 1944 4338 est
1987 4281 2143 4340 Jesus

2236 3186 2368 3240 αὐτὸ
2390 3186 2450 3239 τὸ
2488 3185 2642 3253 ἀγιον
2673 3185 2917 3258 Πνεῦμα.

2312 3407 2330 3438 ι
2360 3387 2470 3440 Καὶ
2499 3390 2790 3460 ἀναστήσω
2818 3389 2978 3444 αὐτὸν
3007 3389 3140 3459 ὲγὼ.
3180 3409 3198 3442 ι

2309 3477 2517 3540 Πάντες
2565 3478 2662 3546 μὲν
2711 3478 2987 3546 ἄνθρωποι
3055 3478 3386 3538 ἀνίστανται,
3431 3475 3590 3545 μόνοι
3651 3475 3713 3529 δὲ
3759 3481 3814 3532 oi

2237 3566 2419 3619 πιστοὶ
2457 3566 2734 3633 ἀξιοῦνται
2763 3567 2871 3621 τῶν
2901 3569 3142 3637 ἀγαθῶν.
3186 3569 3444 3620 Ζωοποιεῖ
3467 3567 3496 3618 6
3521 3566 3655 3630 Υίὺς
3682 3569 3813 3631 τοὺς

2239 3658 2488 3722 πιστοὺς,
2512 3660 2638 3722 τοὺς
2657 3658 2820 3728 φύσει
2845 3659 3120 3729 φθαρτοὺς
3141 3657 3462 3728 ἀνθρώπους
3495 3657 3813 3726 μεταπλὰτ-

2236 3765 2344 3802 των
2365 3751 2446 3813 είς
2472 3748 2770 3802 ἀθανασίαν
2796 3762 2842 3802 ο.
2883 3749 3129 3820 Συνεχῶς
3166 3750 3298 3819 περὶ
3322 3749 3423 3818 τῆς
3458 3748 3814 3812 ἀναστάσεως

2239 3838 2564 3908 διαλέγεται,
2598 3839 2684 3893 ἵνα
2739 3840 2815 3911 μὴ
2847 3842 2964 3904 τοῖς
3009 3839 3244 3910 παροῦσι
3291 3839 3587 3907 πράγμασι
3652 3840 3812 3909 μόνον

2241 3931 2470 4003 κρίνωσι
2499 3931 2596 4001 τὴν
2619 3931 2712 3985 τοῦ
2732 3932 2867 3986 Θεοῦ
2891 3932 3172 4003 πρόνοιαν,
3207 3932 3300 3984 καὶ
3321 3933 3404 3984 ὅτι
3436 3932 3540 3984 κᾶν
3575 3931 3810 3985 ἐνταῦθα

2244 4022 2320 4092 μὴ
2353 4022 2691 4086 ἀπολάϐωσι,
2737 4023 2812 4094 μὴ
2852 4023 2940 4076 διά
2994 4023 3153 4076 τοῦτο
3181 4022 3522 4091 ὑπτιώτερον
3561 4021 3803 4092 γένηται,

2245 4116 2383 4170 ἀλλά
2402 4119 2472 4171 τὰ
2493 4117 2750 4187 μέλλοντα
2778 4117 3134 4187 προσδοκῶσι,
3167 4115 3261 4169 καὶ
3281 4116 3477 4185 ἑτέραν
3508 4115 3657 4184 ζωήν
3701 4112 3803 4182 (6).

2323 4312 2344 4346 ι
2379 4294 2489 4346 Καὶ
2511 4293 2694 4361 ἔλεγον
2718 4309 2732 4323 °
2764 4277 2876 4362 Οὐχ
2893 4284 3047 4355 οὗτός
3077 4293 3226 4345 ἐστιν
3269 4289 3477 4360 Ἰησοῦς
3501 4291 3530 4342 6
3553 4289 3666 4349 υίὸς
3699 4289 3806 4339 Ἰω-

582 4356 723 4409 ﬁlius
757 4357 980 4430 Josepli,
1022 4364 1173 4433 cujus
1212 4380 1311 4421 nos
1358 4368 1606 4424 novimus
1652 4378 1858 4439 patrem
1921 4382 1977 4429 et
2025 4391 2131 4438 ma-

2249 4381 2377 4453 σὴφ,
2408 4375 2471 4435 οῦ
2497 4356 2658 4450 ἡμείς
2684 4356 2902 4449 οἴδαμεν
2928 4381 3018 4432 τὸν
3044 4381 3250 4448 πατέρα
3305 4356 3401 4429 καὶ
3422 4373 3522 4445 τὴν
3561 4374 3804 4444 μητέρα;

582 4447 754 4501 trem?
796 4449 1076 4516 Quomodo
1126 4469 1255 4524 ergo
1283 4455 1418 4511 dicit
1449 4458 1558 4524 hic,
1606 4461 1731 4530 quia
1782 4463 1848 4518 de
1879 4465 2020 4520 caelo
2048 4467 2142 4521 de-

581 4538 802 4592 scendi?
830 4559 848 4592 ι

653 4627 881 4698 Propter
917 4641 1143 4688 matrem
1172 4635 1290 4705 ejus
1319 4639 1612 4694 secundum
1645 4655 1864 4696 carnem
1897 4644 2141 4714 impossi-

581 4718 688 4772 hile
715 4721 1092 4779 existimabant
1128 4726 1302 4794 ipsum
1337 4744 1368 4784 e
1393 4732 1532 4785 coelo
1566 4733 1929 4791 descendisse.
1958 4736 2052 4792 Vel
2089 4739 2140 4794 in

582 4810 816 4864 visihilia
851 4815 1219 4884 respicientes,
1265 4835 1372 4874 non
1406 4822 1734 4879 invisibilem
1781 4827 1950 4895 ipsius
1981 4839 2141 4883 natu-

585 4917 696 4956 ram
725 4908 1104 4974 recogitantes,
1153 4911 1680 4982 scandalizabautnr,
1722 4917 2026 4974 dicentibus
2053 4919 2145 4975 Ju-

583 4992 714 5047 dtcis
744 5010 757 5046 :
787 4993 976 5048 Nonne
1002 4997 1087 5049 hic
1115 5009 1188 5051 est
1215 5001 1361 5067 ﬁlius
1396 5002 1634 5074 Joscpli.’
1661 5014 1765 5059 etc.
1808 5007 1992 5074 Quare
2037 5026 2144 5066 non

586 5085 864 5153 respondit
902 5086 1005 5140 illis
1035 5104 1048 5141 :
1077 5086 1245 5142 Filius
1269 5089 1470 5159 Joseph
1515 5109 1618 5149 non
1671 5111 1810 5152 sum.
1840 5099 1974 5164 Quia
2016 5117 2149 5155 non-

585 5177 710 5230 dum
739 5177 883 5233 illam
919 5178 1290 5236 admirabilem
1333 5182 1449 5250 ejus
1491 5200 1553 5240 ex
1591 5187 1811 5258 Virgine
1846 5195 2149 5261 generatio-

2241 4471 2365 4533 Πῶς
2391 4470 2484 4524 οῦν
2514 4470 2662 4538 λέγει
2690 4466 2864 4534 οὗτος,
2910 4472 2993 4523 ὅτι
3044 4472 3136 4523 Ἐκ
3161 4469 3256 4522 τοῦ
3295 4464 3531 4537 οὐρανοῦ
3576 4465 3806 4519 κατασέο

2240 4563 2413 4633 ὄψιας
2447 4579 2467 4612 ι

2314 4654 2414 4708 Διά
2440 4653 2541 4724 τὴν
2576 4654 2718 4708 κατά
2750 4655 2929 4724 σάρκα
2959 4653 3172 4724 μητέρα
3199 4649 3368 4704 αὐτοῦ
3403 4648 3671 4704 ἀδύνατον
3699 4646 3802 4699 ὲνό-

2244 4746 2397 4816 μιζον
2443 4745 2504 4810 ὲξ
2535 4745 2766 4816 οὐρανοῦ
2814 4743 2978 4798 αὑτὸν
3031 4739 3502 4810 καταϐεϐηκέναι·
3537 4739 3571 4809 ἦ
3629 4740 3712 4801 είς
3753 4739 3808 4789 τὸ

2240 4835 2562 4905 φαινόμενον
2615 4835 2872 4906 ὁρῶντες,
2909 4835 3108 4905 οὐτὴν
3137 4833 3390 4903 ἀόριστον
3434 4829 3608 4884 αὑτοῦ.
3655 4829 3809 4899 φύσιν

2240 4927 2567 4992 ἐννοοῦντες,
2591 4926 3058 4992 ἐσκανδαλίζοντο,
3079 4925 3345 4978 εἰπόντων
3371 4922 3482 4974 τῶν
3518 4921 3808 4974 Ἰουδαίων.

2248 5034 2266 5066 ι
2290 5016 2402 5086 Οὐχ
2425 5013 2576 5079 οὗτός
2607 5019 2754 5071 ἐστιν
2791 5017 2819 5068 6
2849 5016 2963 5079 υίὸς
2999 5015 3231 5084 ἰωσήφ;
3265 5030 3284 5064 ι
3325 5011 3420 5066 καὶ
3443 5011 3512 5064 τά
3541 5009 3693 5078 ἑξῆς.
3722 5011 3819 5060 Δια-

2243 5107 2296 5159 τί
2334 5108 2409 5177 μὴ
2460 5107 2732 5177 ἀπεκρίθη
2765 5109 2971 5171 αὐτοῖς,
3015 5106 3098 5159 ὅτι
3128 5105 3244 5157 υὺκ
3269 5103 3388 5172 εἰμὶ
3411 5101 3527 5164 υἱὸς
3573 5101 3811 5166 Ἰωσήφὶ

2247 5197 2432 5267 ἐπειδὴ
2484 5199 2709 5268 μηδέπω
2765 5197 3041 5268 ἠδύναντοι
3071 5197 3166 5249 τὸν
3222 5192 3538 5264 θαυμαστὸν
3607 5194 3812 5244 ἐκεῖνον

655 5351 684 5391 b
711 5351 800 5406 Cr.
838 5354 1068 5440 sint-.‘B'é.
1146 5365 1169 5395 ο
1210 5356 1301 5440 (ξπ.
1321 5358 1435 5440 τρῖς
1466 5358 1626 5427 φύσει
1652 5363 1910 5435 φθαρτοῖς
1936 5366 2242 5440 ἀνθρώποις
2274 5370 2374 5440 τῆν
2411 5371 2675 5435 ζωοποιὸν
2711 5371 2804 5425 τοῦ
2876 5369 3083 5438 Πατρὸς
3133 5368 3362 5432 ἐντιθεὶς
3428 5367 3665 5437 δύναμιν
3728 5363 3816 5416 καὶ

588 5418 745 5483 ὅλους
779 5425 1172 5493 μεταπλάττων
1202 5427 1280 5492 είς
1311 5418 1464 5482 ἀθαν.

662 5577 910 5664 αὒημιιτε
960 5581 1080 5639 cod.
1134 5566 1286 5640 Bodl.
1335 5585 1704 5656 Chrysostomi
1755 5602 1874 5642 esse
1914 5586 2040 5642 dicit
2087 5599 2137 5644 cl
2177 5593 2353 5663 t'cipsa
2399 5596 2585 5664 paucis
2638 5594 2861 5650 mutatis
2929 5593 3232 5651 invenimus
3287 5594 3340 5648 in
3362 5591 3498 5661 Opp.
3531 5587 3814 5658 Chrysttsh

598 5641 728 5712 VIII,
750 5647 839 5704 25.
