4038 6148
280 273 413 339 1437

1327 282 1791 347 FRAGMENTA
1837 285 1915 349 [Ν
1953 289 2014 351 S.
2055 292 2433 358 JOANNEM.

3403 306 3543 372 M38

275 386 528 477 ἀκοῦσαι.
549 366 729 443 τόκον
765 388 860 445 τὸν
889 390 956 445 ἐκ
1013 390 1310 463 παρθένου.
1344 393 1407 446 El
1457 393 1515 447 δὲ
1564 396 1656 448 τὸν
1708 396 1844 451 κατά

1960 419 2084 459 nem
2145 415 2404 477 poterant
2456 407 2668 466 audire.
2722 406 2782 466 Si
2837 410 3180 468 nativitatem
3236 412 3537 469 secundum

277 480 459 551 σάρκα
494 468 598 536 οὐκ
626 481 893 553 ἠδύναντο
927 484 1117 555 σαφῶς
1144 486 1399 551 ἀκοῦσαι,
1431 487 1613 559 πολλῷ
1646 487 1852 557 μᾶλλον

196 632 199 635 Α
273 571 373 644 τὴν
393 573 634 645 ἄρρητον
672 574 771 647 τὴν
800 574 933 631 ἄνω.
970 574 1194 648 [Cum]

192 655 229 723 ξ
352 684 371 717 ι
405 665 593 731 Οὐδεὶς
622 667 845 722 δύναται
867 665 1039 720 ἐλθεῖν
1070 668 1207 738 πρός
1244 684 1334 739 με,
1368 668 1464 722 ἐὰν
1495 669 1571 741 μὴ
1600 671 1629 723 6
1656 670 1853 743 Πατὴρ

225 781 229 785 ι
273 758 303 809 6
331 757 553 827 πέμψας
583 776 673 830 με,
697 757 903 832 ἑλκύσῃ
923 758 1089 814 αὐτόν
1108 775 1122 789 ⁸
1153 759 1248 812 καὶ
1287 757 1399 829 ἐγὼ
1427 761 1723 833 ἀναστήσω
1753 764 1855 819 αὑ-

273 847 367 902 τὸν
394 852 461 919 τῇ
493 851 697 925 ἐσχάτῃ
725 850 931 922 ἡμέρᾳ.
975 869 996 904 ι
1132 842 1137 849 ’

348 943 490 1006 Τοὺς
544 945 685 998 κατὰ
737 944 1059 1017 προαίρεσιν
1088 943 1323 1013 ἀγαθοὺς
1382 943 1535 999 ἕλκει
1571 948 1600 1000 ὁ
1634 946 1850 1020 Πατὴρ,

274 1037 401 1099 τοὺς
426 1035 485 1088 δὲ
527 1036 835 1106 μοχθηροὺς
884 1039 971 1109 ἐᾷ.
1002 1038 1077 1091 Οὐ
1110 1036 1173 1091 τὺ
1203 1036 1290 1107 ἐφ’
1325 1039 1461 1108 ἡμῖν
1496 1039 1847 1107 αὐτεξούσιον

275 1128 494 1197 ἀναιρεῖ
523 1128 551 1179 6
576 1127 751 1197 λόγος,
783 1129 921 1182 ἀλλά
957 1129 1201 1183 δείκνυσι
1237 1127 1492 1199 βοηθείας
1528 1130 1843 1201 δεομένους.

276 1220 539 1273 Ἐλκεται
598 1219 706 1290 γὰρ
757 1220 858 1274 οὑκ
902 1221 1076 1285 ἄκων,
1131 1219 1269 1275 ἀλλά
1310 1220 1516 1292 πολλῆς
1557 1222 1849 1278 ἀπολαύων

277 1310 615 1381 συμμαχίας.
646 1309 1001 1366 Θεοδίδακτον
1044 1313 1148 1367 δέει
1174 1314 1325 1368 ἐστιν
1356 1315 1586 1385 ἀγαθὸν,
1610 1319 1674 1372 τὸ
1715 1319 1849 1391 περὶ

273 1402 512 1474 Χριστοῦ
548 1403 872 1474 μυστήριον.
1420 1440 1443 1479 κ

352 1514 371 1547 ι
411 1496 570 1549 Ἔστι
611 1494 1005 1565 γεγραμμένον
1072 1497 1134 1550 ὲν
1178 1501 1293 1565 τοῖς
1346 1502 1705 1573 προφήταιςο
1737 1504 1849 1558 Καὶ

272 1586 488 1640 ἔσονται
522 1587 722 1649 πάντες
754 1585 994 1639 διδακτοὶ
1020 1586 1113 1642 τοῦ
1154 1588 1313 1645 Θεοῦ.
1338 1592 1455 1656 Πᾶς
1486 1586 1580 1647 οὖν
1612 1593 1642 1646 6
1682 1593 1848 1648 ἀκού·

275 1696 374 1742 σας
428 1678 580 1749 παρὰ
621 1677 716 1732 τοῦ
761 1678 997 1749 Πατρδς,
1044 1679 1137 1733 καὶ
1187 1681 1395 1752 μαθὼν,
1433 1684 1657 1757 ἔρχεται
1707 1686 1847 1758 πρός

274 1790 365 1844 με.
400 1790 421 1825 ι

346 1862 458 1916 Καὶ
489 1862 578 1916 διὰ
610 1863 712 1932 τῆς
743 1861 851 1915 τῶν
898 1862 1190 1935 προφητῶν
1217 1864 1567 1931 διδασκαλίας
1593 1865 1779 1925 εἷλκεν
1813 1869 1844 1924 6

272 1954 486 2025 Πατὴρ,
520 1952 659 2007 ἀλλὰ
693 1952 862 2026 πολλὴ
888 1956 921 2025 ἡ
950 1954 1185 2025 διαφορά
1216 1970 1230 1985 ⁶
1259 1958 1309 2009 οἱ
1345 1957 1445 2026 μὲν
1478 1957 1590 2028 γὰρ
1634 1960 1844 2031 πρῶτοι

270 2045 617 2102 ἐδιδάσκοντο
647 2045 736 2099 διὰ
765 2045 874 2098 τῶν
901 2046 1221 2116 προφητῶν,
1251 2049 1300 2100 oi
1338 2047 1394 2100 δὲ
1422 2051 1606 2103 πιστοὶ
1631 2049 1719 2105 διὰ
1743 2050 1841 2105 τοῦ

271 2137 428 2201 Υξοῦ,
461 2137 584 2208 ἦτοι
621 2135 716 2189 τοῦ
765 2136 921 2204 ἁγίου
967 2137 1303 2207 Πνεύματος.
1343 2137 1416 2200 τὸ
1468 2137 1698 2192 ἀκοῦσαι
1731 2156 1844 2194 κοι-

269 2228 381 2291 νὸν,
403 2227 464 2279 τὸ
502 2227 561 2281 δὲ
613 2226 807 2298 μαθεῖν
840 2227 1016 2297 μόνων
1047 2226 1155 2280 τῶν
1188 2225 1571 2283 ὲπιδιδούντων
1615 2228 1843 2291 ἑαυτοὺς

267 2322 335 2391 τῇ
365 2320 575 2393 χάριτι.

345 2428 364 2461 t
398 2411 512 2482 Οὐχ
543 2411 624 2464 ὅτι
676 2409 770 2463 τὸν
816 2410 1038 2482 Πατέρα
1092 2427 1176 2473 τις
1208 2408 1477 2481 ἑώρακεν,
1511 2410 1560 2463 εί
1601 2408 1679 2483 μὴ
1702 2411 1731 2462 6
1766 2407 1842 2463 ῶν

269 2501 421 2572 παρὰ
444 2501 537 2556 τοῦ
564 2499 723 2566 Θεοῦ,
763 2491 921 2565 οὗτος
950 2500 1164 2570 ἑώρακε
1193 2503 1285 2553 τὸν
1314 2497 1558 2579 Πατέρα.
1597 2516 1620 2551 ι

350 2593 408 2647 '0
447 2593 606 2664 μόνος
634 2592 866 2663 ἀόρατος
892 2592 1039 2662 μόνῳ
1064 2590 1141 2662 τῷ
1162 2591 1378 2662 ἀοράτῳ
1402 2588 1501 2662 τὴν
1523 2588 1687 2658 φύσιν
1715 2588 1843 2660 φαί-

270 2700 438 2738 ιεται.
468 2685 644 2748 Μόνος
677 2686 780 2754 δρᾷ
816 2686 845 2736 6
877 2683 1006 2747 Υἱὸς
1040 2683 1131 2736 τὸν
1159 2684 1396 2753 Πατέρα,
1424 2682 1502 2747 ὡς
1524 2679 1631 2748 ἔξω
1660 2681 1842 2754 ὑπάρ-

267 2791 381 2845 χων
408 2774 649 2838 πάντων,
682 2775 778 2827 καὶ
827 2775 988 2844 μόνος
1017 2773 1094 2827 ὢν
1139 2776 1206 2828 ὲκ
1232 2774 1331 2844 τῆς
1368 2773 1558 2838 οὐσίας
1602 2772 1695 2827 τοῦ
1726 2773 1842 2829 Πα-

265 2866 416 2937 τρός.
445 2866 585 2929 Τοὺς
623 2865 876 2928 πλείονας
923 2864 997 2929 δὲ,
1026 2866 1147 2937 ἦτοι
1173 2865 1382 2928 πάντας
1419 2866 1548 2930 τοὺς
1575 2864 1841 2938 βουλομέ-

262 2974 413 3020 νους,
447 2955 688 3010 διδάσκει
717 2956 745 3007 6
783 2954 936 3018 Θεός.

344 3061 363 3096 t
415 3043 558 3112 Ἐγώ
586 3046 705 3114 εἰμι
737 3044 948 3113 ὁάρτος
971 3043 1070 3112 τῆς
1105 3044 1273 3114 ζωῆς.
1309 3062 1329 3096 ι

349 3137 435 3200 Ὠς
470 3136 617 3208 ζωὴν
642 3135 859 3190 αἰώνιον
909 3135 1087 3199 διδοὺς
1119 3139 1233 3200 τοῖς
1264 3141 1477 3203 πιστοῖς
1507 3155 1520 3171 ⁸
1551 3140 1586 3209 ἢ
1618 3140 1693 3203 ὡς
1719 3142 1838 3194 δια-

266 3227 484 3298 κρατῶν
515 3226 672 3298 ἡμῶν
700 3227 799 3298 τὴν
833 3226 1002 3297 ζωὴν,
1052 3227 1146 3281 καὶ
1173 3227 1275 3297 τὴν
1302 3227 1418 3293 νῦν,
1452 3229 1548 3283 καὶ
1572 3231 1671 3303 τὴν
1707 3230 1839 3300 μέλ-

264 3323 355 3374 λου
364 3337 479 3374 σαν.

342 3431 360 3463 ι
404 3410 544 3480 Ἐγώ
581 3412 698 3482 εἰμι
741 3413 768 3465 6
826 3410 989 3482 ἄρτος
1024 3413 1051 3465 6
1083 3410 1214 3480 ζῶν,
1265 3413 1294 3466 6
1347 3414 1412 3466 ὲκ
1461 3412 1557 3467 τοῦ
1606 3412 1837 3485 οὐρανοῦ

265 3504 531 3566 καταϐάς.
574 3524 593 3556 ι

343 3616 361 3648 ι
396 3596 525 3649 Ἐάν
554 3613 640 3660 τις
673 3597 821 3668 φάγῃ
853 3596 917 3650 ὲκ
946 3595 1135 3649 τούτου
1168 3596 1262 3649 τοῦ
1288 3597 1475 3667 ἄρτου,
1508 3596 1732 3666 ζήσεται
1760 3598 1838 3661 εἰς

265 3688 357 3740 τὸν
387 3686 557 3741 αἰῶνα
578 3704 590 3716 ·
625 3689 718 3741 καὶ
743 3689 771 3740 6
796 3688 959 3758 ἄρτος
977 3686 1032 3740 δὲ
1057 3686 1115 3739 ὃν
1139 3686 1247 3754 ἐγὼ
1276 3685 1433 3739 δώσω
1451 3728 1467 3751 ,
1491 3687 1525 3755 ἡ
1562 3686 1698 3755 σάρξ
1733 3686 1838 3756 μού

263 3783 415 3833 ἐστιν
448 3780 514 3851 ἦν
549 3778 659 3848 ἐγὼ
687 3778 844 3832 δώσω
875 3779 1018 3849 ὑπὲρ
1042 3779 1144 3847 τῆς
1163 3776 1256 3830 τοῦ
1286 3778 1489 3847 κόσμου
1522 3777 1689 3848 ζωῆς.
1729 3798 1748 3830 ι

349 3872 667 3942 Ἀναγαγὼν
704 3873 763 3926 δὲ
796 3873 998 3935 αὐτοὺς
1040 3872 1181 3925 κατά
1213 3869 1408 3941 μικρὸν
1451 3871 1588 3938 πρὸς
1630 3869 1730 3940 τὴν
1761 3870 1841 3933 είς

263 3965 430 4018 αὐτὸν
487 3964 692 4031 πίστιν,
730 3965 893 4017 πάλιν
949 3964 1104 4033 φησὶ,
1143 3981 1161 4013 σ
1199 3963 1309 4015 Καὶ
1356 3962 1385 4014 6
1425 3961 1590 4026 ἄρτος
1633 3959 1690 4013 ὃν
1730 3958 1843 4028 ἐγὼ

264 4057 501 4128 δώσω,ή
532 4057 667 4129 σάρξ
694 4055 794 4126 μού
830 4056 970 4119 ὲστι,
1001 4073 1019 4104 ι
1047 4054 1145 4107 καὶ
1170 4053 1241 4106 τὰ
1267 4052 1413 4121 ἑξῆς.
1443 4053 1552 4104 Καὶ
1574 4052 1682 4120 γὰρ
1713 4053 1842 4104 ἑαυ-

264 4148 356 4211 τόν
383 4165 515 4218 φησι
535 4148 732 4201 διδόναι
759 4147 876 4215 νῦν,
905 4146 967 4200 οὐ
992 4148 1081 4200 τὸν
1119 4145 1356 4214 Πατέρα.
1391 4142 1615 4214 [Citam]

341 4241 540 4312 Ἄρτον
574 4240 732 4294 καλεῖ
750 4239 850 4311 τὴν
881 4238 1075 4293 ἑαυτοῦ
1114 4237 1316 4309 σάρκας
1347 4236 1434 4289 διὰ
1468 4236 1528 4288 τὸ
1562 4234 1842 4289 ἐσθίεσθαι

267 4332 440 4403 αὐτὴν
468 4334 525 4387 ὲν
552 4334 664 4396 τοῖς
694 4332 998 4402 μυστικοῖς.

1960 511 2184 554 carnem
2226 500 2469 555 nondum
2512 501 2663 559 clare
2695 502 2888 559 audire
2919 514 3198 574 poterant,
3230 504 3401 561 multo
3433 504 3540 562 mi-

1956 604 2058 645 nus
2092 590 2238 645 illam
2274 591 2603 648 ineffabilem
2631 608 2921 665 supernam
2951 595 3381 664 generationem.

2026 683 2190 741 Vsus.
2222 683 2314 739 44.
2358 689 2384 736 ι’
2408 683 2578 740 Nemo
2604 694 2783 755 potest
2821 689 3006 741 venire
3039 687 3107 741 ad
3152 701 3258 753 me,
3290 687 3398 742 nisi
3432 686 3532 757 Pa-

1956 785 2040 832 ter
2068 776 2163 847 qui
2190 776 2341 832 misit
2363 791 2472 842 me,
2511 779 2743 834 traxerit
2769 793 2894 834 eum
2930 795 2947 845 ;
2978 786 3036 835 et
3068 793 3169 850 ego
3198 779 3536 835 resuscitabo

1952 880 2078 922 eum
2104 867 2161 923 in
2187 868 2488 924 novissimo
2510 868 2618 924 die.
2656 888 2677 923 ι

2025 950 2233 1024 Probus
2259 959 2478 1029 quidem
2509 958 2681 1015 libera
2708 975 2807 1015 sua
2846 961 3127 1017 voluntate
3152 961 3323 1017 trahit
3346 962 3532 1028 Pater,

1951 1064 2151 1119 pravus
2193 1058 2378 1105 autem
2423 1050 2530 1106 sibi
2576 1050 2863 1115 relinquit.
2909 1050 3097 1120 Neque
3145 1051 3373 1107 liberum
3432 1068 3534 1107 no-

1950 1150 2122 1197 atrum
2172 1140 2456 1196 arbitrium
2500 1156 2683 1198 sermo
2709 1141 2816 1198 .ille
2851 1140 3013 1209 tollit,
3046 1142 3144 1199 sed
3198 1158 3297 1198 nos
3348 1144 3534 1199 auxilii

1950 1232 2164 1302 indigus
2184 1231 2446 1288 ostendit.
2477 1231 2596 1288 Non
2623 1232 2771 1289 enim
2804 1233 3011 1291 invitus
3034 1235 3287 1303 trahitur,
3313 1237 3408 1290 sed
3434 1237 3526 1305 qui

1951 1339 2204 1396 magnum
2247 1324 2470 1381 adhibet
2524 1335 2801 1382 conatum.
2842 1325 2939 1384 Dei
2983 1337 3165 1384 autem
3203 1329 3400 1383 donum
3447 1337 3532 1384 est

1948 1416 2152 1474 Christi
2181 1418 2335 1476 ﬁdes.

2022 1506 2186 1564 Vens.
2217 1508 2308 1564 45.
2353 1527 2372 1561 ι
2408 1507 2505 1563 Est
2532 1509 2795 1580 scriptum
2826 1508 2880 1564 in
2916 1507 3196 1580 prophetis
3229 1526 3244 1562 :
3273 1507 3340 1563 Et
3368 1517 3533 1563 erunt

1947 1615 2136 1656 omnes
2165 1600 2428 1656 docibiles
2455 1599 2574 1660 Dei.
2605 1599 2799 1658 Omnis
2823 1602 2917 1672 qui
2944 1600 3153 1658 audivit
3190 1616 3221 1654 a
3254 1599 3436 1665 Patre,
3473 1605 3531 1655 et

1949 1692 2159 1760 didicit,
2186 1690 2334 1748 venit
2364 1693 2431 1747 ad
2457 1705 2565 1749 me.
2599 1711 2620 1745 ι

2021 1870 2126 1925 Ρει·
2152 1868 2458 1925 doctrinam
2487 1881 2704 1937 quoque
2731 1867 3116 1937 prophetarum
3143 1866 3307 1921 Pater
3341 1863 3530 1930 traxit,

1948 1963 2044 2018 sed
2075 1963 2233 2017 modo
2261 1961 2420 2031 longe
2447 1960 2666 2016 diverso
2695 1977 2711 2014 :
2744 1958 2875 2014 olim
2907 1957 3179 2028 siquidem
3212 1966 3429 2013 veteres
3453 1955 3529 2010 illi

1949 2071 2047 2126 per
2088 2054 2383 2124 prophetas
2429 2052 2789 2115 docebantur,
2832 2050 2993 2105 modo
3033 2064 3164 2105 vero
3212 2048 3397 2104 lideles
3434 2061 3531 2119 per

1949 2144 2238 2213 ipsummet
2290 2140 2484 2195 Filium
2510 2140 2626 2195 sive
2680 2138 2942 2211 Spiritum
2997 2148 3245 2194 sanctum
3330 2134 3533 2193 Audire

1947 2234 2188 2304 quidem,
2230 2248 2521 2288 commune
2548 2240 2635 2286 est
2659 2232 2943 2297 omnibus;
2986 2233 3081 2284 sed
3115 2229 3431 2300 intelligere,
3467 2229 3531 2283 il-

1951 2326 2129 2381 lorum
2160 2324 2450 2387 duntaxat,
2484 2323 2575 2392 qui
2604 2321 2793 2392 gratiae
2822 2322 3220 2391 obsequuntur.

2025 2417 2192 2473 Vens.
2238 2414 2331 2471 ιε.
2374 2434 2394 2468 ι
2427 2413 2542 2469 Non
2589 2414 2714 2482 quia
2763 2413 2975 2468 Patrem
3026 2411 3166 2466 vidit
3213 2411 3527 2482 quisquam,

1949 2510 2050 2566 nisi
2084 2511 2130 2565 is
2158 2508 2253 2580 qui
2283 2516 2370 2564 est
2397 2522 2428 2562 ε
2451 2506 2584 2571 Deo,
2621 2506 2708 2561 hic
2740 2504 2875 2559 vidit
2919 2501 3160 2559 Patrem.
3198 2522 3218 2555 ι

2017 2602 2118 2670 Qui
2160 2600 2310 2656 solus
2350 2597 2755 2669 inaspectabilis
2806 2606 2910 2663 est,
2958 2611 2988 2648 a
3021 2595 3138 2650 solo
3186 2606 3381 2649 natura
3428 2608 3529 2649 sua

1947 2693 2320 2766 inaspectabili
2371 2692 2636 2748 cernitur.
2681 2688 2845 2745 Solus
2889 2689 3072 2757 itaque
3104 2686 3275 2742 Filius
3313 2686 3528 2741 Patrem

1948 2789 2115 2853 videt,
2145 2797 2203 2842 ut
2233 2786 2324 2856 qui
2355 2785 2536 2838 omnia
2567 2783 2819 2845 excedat,
2855 2779 3108 2849 solusque
3136 2793 3200 2832 ex
3227 2776 3529 2832 substantia

1946 2879 2124 2935 Patris
2152 2878 2400 2933 exsistat.
2427 2874 2697 2929 Plurimos
2724 2883 2932 2939 autem,
2965 2870 3048 2924 νει
3072 2875 3339 2940 quotquot
3363 2867 3529 2920 etiam

1946 2970 2157 3035 volunt,
2197 2968 2340 3024 Deus
2371 2967 2549 3021 docet.

2019 3059 2187 3116 Vens.
2218 3060 2310 3116 48.
2354 3078 2370 3111 ι
2404 3058 2515 3127 Ego
2542 3071 2661 3111 sum
2690 3053 2844 3123 panis
2881 3052 3025 3104 vitae.
3067 3067 3086 3101 ι

2019 3151 2088 3208 Ut
2115 3150 2259 3219 quod
2306 3151 2469 3202 vitam
2527 3155 2788 3199 aeternam
2839 3140 3084 3196 ﬁdelibus
3133 3146 3393 3208 prmstet,
3445 3136 3534 3190 vel
3634 3136 3641 3143 '

1943 3245 2106 3298 vitam
2132 3252 2395 3306 nostram,
2433 3248 2537 3294 tam
2565 3242 2887 3307 praesentem
2916 3247 3078 3303 quam
3113 3230 3373 3295 futuram,
3403 3226 3526 3281 red-

1942 3340 2034 3389 dat
2063 3333 2365 3388 fortiorem.

2012 3426 2177 3480 Vens.
2223 3423 2313 3478 5|.
2357 3439 2375 3473 t
2406 3421 2517 3489 Ego
2558 3434 2679 3474 sunt
2730 3415 2887 3486 panis
2927 3414 3082 3466 vivus
3123 3410 3214 3479 qui
3268 3408 3335 3460 de
3379 3404 3528 3458 conlo

1942 3514 2220 3571 descendi.
2254 3528 2275 3564 ι

2019 3611 2180 3665 Vens.
2209 3609 2295 3663 59..
2345 3627 2363 3658 ι
2397 3607 2452 3660 Si
2496 3606 2616 3675 quis
2662 3599 3068 3658 manducaverit
3105 3610 3168 3649 ex
3219 3593 3322 3647 hoc
3363 3604 3528 3658 pane,

1945 3700 2090 3756 vivet
2119 3701 2173 3753 in
2217 3708 2477 3753 arternum
2512 3714 2527 3749 :
2559 3706 2616 3749 et
2667 3695 2824 3763 panis
2855 3709 3016 3763 quem
3061 3708 3162 3759 ego
3201 3689 3363 3749 dabo,
3394 3699 3526 3737 caro

1944 3807 2061 3846 tinea
2098 3799 2180 3845 est
2208 3804 2302 3859 pro
2328 3787 2510 3841 mundi
2547 3787 2675 3840 vita.
2711 3804 2730 3837 ι

2016 3881 2309 3935 Adduceus
2363 3877 2483 3930 illos
2530 3874 2790 3943 paulatim
2842 3874 2908 3925 ad
2960 3872 3119 3926 iidem
3166 3870 3217 3923 in
3263 3872 3523 3937 seipsnm,

1952 3973 2148 4027 iterum
2198 3969 2328 4023 dicit
2370 3984 2383 4021 :
2418 3966 2489 4018 ΕΦ
2533 3963 2685 4032 panis
2729 3978 2876 4032 quem
2928 3977 3020 4029 ego
3066 3959 3202 4012 dabo
3243 3975 3367 4011 caro
3408 3974 3525 4012 mea

1945 4073 2043 4127 est,
2080 4069 2185 4115 etc.
2216 4057 2414 4127 Reipsa
2448 4041 2754 4110 dicit'nunc
2781 4051 2917 4106 dare
2948 4064 3028 4113 se,
3063 4062 3168 4102 non
3199 4046 3438 4101 Patrem.

2016 4241 2249 4297 Carnem
2297 4252 2452 4291 suam
2500 4242 2658 4288 vocat
2681 4244 2895 4302 panem,
2944 4243 3011 4283 eo
3058 4227 3198 4298 quod
3240 4227 3293 4281 in
3337 4241 3520 4283 mensa

1948 4333 2037 4387 illa
2067 4330 2291 4401 mystica
2323 4326 2656 4383 cumedatur.

345 4444 365 4476 ‹
417 4424 716 4495 Ἐμάχοντο
756 4419 851 4476 οὖν
880 4422 1013 4492 πρὸς
1055 4419 1320 4490 ἀλλήλους
1349 4419 1398 4471 οἱ
1448 4418 1718 4480 Ἰουδαῖοι,
1749 4416 1842 4470 λέ-

2020 4421 2190 4477 Vatts.
2235 4420 2324 4475 b5.
2371 4437 2389 4469 ι
2421 4417 2730 4484 Litigahant
2777 4429 2906 4483 ergo
2933 4409 3099 4466 Judaei
3148 4409 3214 4462 ad
3262 4409 3518 4472 invicem,

266 4532 495 4586 γοντεςο
542 4516 663 4580 Πῶς
688 4515 914 4569 δύναται
950 4505 1106 4576 οὗτος
1135 4514 1267 4583 ἡμῖν
1304 4510 1490 4564 δοῦναι
1531 4510 1628 4581 τὴν
1664 4510 1840 4578 σάρκα

269 4609 468 4677 φαγεῖν
494 4625 508 4671 ;
546 4625 565 4659 ι

353 4699 440 4762 Ὠς
469 4696 623 4768 παρά
644 4696 808 4766 φύσιν
836 4696 988 4758 ὄντος
1013 4692 1108 4747 τοῦ
1139 4694 1464 4766 πράγματος
1491 4692 1836 4759 ἀπιστοῦσιν,

266 4792 344 4855 ὡς
394 4792 616 4861 ψυχικοὶ
650 4791 711 4842 οὐ
751 4788 930 4843 νοοῦσι
969 4787 1032 4841 τὸ
1077 4786 1449 4858 πνευματικὸν
1482 4786 1577 4839 τοῦ
1631 4787 1839 4857 Κυρίου

273 4885 427 4954 ῥῆμα
461 4893 508 4936 ε.
539 4881 615 4953 (7)
650 4882 909 4943 Είπόντες
932 4880 1012 4944 δὲ,
1048 4898 1065 4932 ι
1102 4880 1227 4943 Πῶς
1255 4880 1476 4934 δύναται
1520 4874 1675 4942 οὗτος
1707 4881 1840 4949 ἡμῖν

270 4976 366 5044 τὴν
406 4976 588 5048 σάρκα
615 4975 806 5029 ἑαυτοῦ
833 4973 1016 5029 δοῦναι
1046 4978 1260 5044 φαγεῖν,
1297 4994 1315 5027 ι
1367 4973 1725 5046 δείκνυ[ν]ται
1780 4972 1840 5038 ἐξ

266 5068 529 5132 ἀπιστίας
555 5067 712 5122 τοῦτο
762 5067 1043 5136 λέγοντες·
1093 5069 1222 5121 ὅταν
1251 5068 1360 5139 γὰρ
1407 5071 1438 5139 ἡ
1475 5068 1701 5139 ζήτησις
1745 5065 1840 5118 τοῦ

1949 4514 2199 4570 dicentes
2228 4529 2241 4565 :
2273 4509 2558 4575 Quomodo
2593 4512 2771 4574 potest
2801 4504 2889 4559 hic
2925 4501 3081 4557 nobis
3119 4513 3335 4554 carnem
3367 4513 3521 4553 suam

1948 4607 2079 4661 dare
2116 4603 2182 4657 ad
2216 4596 2686 4656 manducandum?
2733 4614 2753 4649 ι

2019 4674 2298 4763 Tanquam
2345 4705 2456 4746 rem
2505 4697 2716 4743 naturae
2761 4683 3110 4749 contrariam,
3147 4679 3368 4733 minime
3408 4692 3525 4731 cre-

1948 4791 2099 4854 dunt,
2135 4800 2309 4857 neque
2356 4791 2415 4836 ut
2461 4779 2724 4835 animales
2772 4775 3022 4846 spiritale
3062 4771 3263 4828 Christi
3300 4770 3522 4824 verbum

1979 4881 2186 4936 auium.

2053 4897 2186 4933 tum.

1947 4897 2252 5021 caflicendo
2279 4981 2293 5018 :
2322 4961 2598 5028 Quomodo
2627 4965 2794 5028 potest
2824 4958 2910 5010 hic
2950 4956 3096 5010 nobis
3135 4967 3344 5008 carnem
3370 4966 3519 5002 suum

1942 5063 2067 5116 dare
2105 5056 2173 5112 ad
2206 5055 2637 5111 manducandum
2659 5057 2684 5109 γ
2726 5049 3141 5106 Convincuntur
3167 5047 3267 5101 hoc
3297 5059 3365 5097 ex
3398 5044 3521 5095 iuli-

267 5154 386 5218 πῶς
445 5156 687 5227 εἰσέλθῃ,
743 5156 1149 5227 συνεισέρχεται
1194 5158 1293 5211 καὶ
1349 5158 1383 5226 ή
1432 5157 1681 5211 ἀπιστία.
1742 5155 1843 5210 Διά

1954 5154 2158 5209 lelitate
2190 5151 2394 5206 dicere.
2430 5146 2656 5213 Quando
2678 5144 2823 5199 enim
2851 5142 2999 5197 venit
3030 5141 3144 5195 haec
3171 5132 3522 5203 interrogatio

265 5246 424 5300 τοῦτο
455 5247 547 5301 καὶ
602 5247 767 5311 αὐτὸς
815 5246 986 5301 θέλων
1027 5247 1218 5314 δεῖξαι,
1250 5250 1333 5302 ὅτι
1390 5248 1488 5302 οὒκ
1527 5247 1644 5301 ἔστι
1684 5249 1843 5302 τοῦτο

1954 5247 2221 5318 promodo,
2257 5240 2464 5298 accedit
2508 5239 2673 5294 etiam
2722 5235 3035 5291 inﬁdelitas.
3084 5230 3293 5286 Idcirco
3336 5224 3522 5322 volens

267 5334 555 5403 ἀδύνατον,
587 5337 725 5392 ἀλλά
752 5340 842 5391 καὶ
870 5337 1075 5408 σφόδρα
1109 5340 1425 5408 ἀναγκαῖον,
1452 5340 1548 5392 καὶ
1574 5339 1674 5392 οὐκ
1696 5338 1842 5393 ἐστιν

1954 5339 2046 5394 .llis
2067 5334 2356 5394 ostendere
2377 5332 2507 5389 illud
2531 5344 2637 5385 non
2655 5343 2775 5383 esse
2802 5319 3262 5396 impossibile,sed
3288 5319 3523 5372 maxime

337 5491 363 5530 ά
394 5490 484 5546 Cr.
513 5493 630 5546 sine
667 5492 745 5546 δέ.

830 5504 854 5531 ⁸
889 5493 978 5548 Ct‘.
1018 5492 1148 5548 add.
1178 5495 1254 5547 Οὐ
1289 5498 1659 5564 σαρκοφαγεῖν
1686 5496 1860 5564 λέγει,
1897 5494 2035 5549 ἀλλὰ
2061 5494 2123 5548 τὸ
2164 5491 2457 5563 μετασχεῖν
2485 5487 2593 5541 τῶν
2623 5481 2924 5556 μυστικῶν.

343 5626 422 5706 (⁷)
457 5624 1340 5706 'lmcﬁl'rxsos'-_t'a'!-t‘9tl:__llodl.
1368 5647 1381 5696 ἱ
1410 5644 1513 5684 "Oli
1540 5629 1881 5701 reperiuntur
1920 5633 1972 5688 in
2008 5630 2195 5689 bomil.
2227 5627 2388 5684 XLVI
2420 5629 2472 5683 in
2535 5625 2690 5682 Joan.
2735 5626 2821 5683 tibi
2874 5623 2931 5679 S.
2976 5619 3248 5690 Chl'ySttSl.
3318 5613 3385 5671 de
3424 5614 3524 5670 hoc

272 5696 538 5753 Versiculo
567 5696 818 5763 disserit;
850 5701 915 5751 cf,
957 5698 1096 5768 vm,
1123 5702 1249 5755 259.
