4038 6148
572 298 708 363 H39

1697 314 1971 378 ΑΜΜΟΝ
1977 319 2041 379 ΙΙ
2075 321 2601 386 ALEXANDRINI

3681 333 3826 398 1440

574 414 1040 484 necessarium,et
1082 418 1243 476 aliter
1288 422 1457 478 Vitam
1504 425 1754 483 obtinere
1802 445 1908 485 non
1958 448 2115 502 posse

2242 435 2418 501 άλλως
2455 437 2598 509 ἔχειν
2637 437 2803 510 ζωὴν,
2851 438 3034 510 φησιν,
3076 458 3096 493 ι
3143 439 3270 495 Ἐὰν
3312 441 3388 513 μή
3433 455 3517 503 τις
3579 461 3684 512 μου
3712 447 3821 518 τὴν

570 504 741 560 dicit.:
774 505 900 561 Nisi
920 510 1368 569 manducaveritis
1396 531 1608 571 carnem
1636 534 1831 587 meam,
1858 531 1964 576 etc.

644 591 763 649 Non
783 598 1078 668 participes
1103 610 1263 657 erunt
1284 604 1408 659 vitae
1433 613 1654 662 aeternae
1680 610 1771 678 qui
1801 625 1897 682 per
1926 623 2133 685 myste-

568 682 772 738 riorum
806 688 1276 759 participationem
1315 692 1522 762 Jesum,
1565 697 1752 755 veram
1803 716 1870 757 ex
1901 682 2139 762 essentia

569 773 756 839 vitam,
796 790 903 831 non
951 793 1298 850 receperunt.
1350 784 1529 853 Quare
1567 793 1772 849 etenim
1816 812 2033 868 semper
2070 802 2137 857 ad

568 867 1023 925 resurrectionem
1062 874 1240 928 redit?
1264 875 1336 931 Ut
1370 881 1619 936 ostendat
1652 867 1962 944 credentem
1996 891 2050 947 in
2079 906 2138 947 se

565 968 671 1008 non
701 953 755 1009 in
790 965 1054 1016 aternum
1082 966 1430 1026 moriturum.
1467 971 1575 1029 Sed
1609 991 1829 1034 carnem
1862 997 2015 1037 suam
2039 999 2134 1040 ve-

563 1059 682 1099 rum
699 1045 880 1103 cibum
902 1062 1079 1120 vacat,
1111 1063 1167 1111 et
1193 1061 1509 1130 sanguinem
1538 1080 1724 1123 verum
1758 1080 1964 1142 potum,
1992 1077 2135 1145 quod

561 1136 740 1195 salvas
767 1139 975 1198 faciunt
1007 1145 1221 1206 animas
1249 1152 1612 1212 credentium.

630 1313 770 1372 Cum
815 1326 995 1375 autem
1027 1323 1079 1378 id
1107 1324 1227 1381 lleri
1260 1342 1419 1397 posse
1458 1343 1760 1404 negarent,
1809 1352 1913 1394 non
1956 1342 2130 1398 solum

563 1419 668 1460 non
706 1407 820 1463 fieri
856 1425 962 1465 non
994 1426 1185 1482 posse,
1220 1419 1349 1486 quin
1376 1430 1431 1474 et
1469 1436 1730 1493 perquam
1764 1432 2130 1489 necessarium

561 1497 819 1553 ostendit.
852 1499 989 1556 Vitas
1027 1503 1294 1573 siquidem
1321 1516 1539 1568 aeterna:
1567 1512 1737 1572 futuri
1764 1528 1892 1575 sunt
1939 1536 2131 1578 exsor-

565 1594 671 1650 tes,
699 1589 789 1656 qui
818 1589 869 1644 in
905 1606 1060 1647 sacra
1089 1600 1470 1656 communione
1496 1602 1703 1670 Jesum,
1731 1616 1913 1678 utpote
1938 1622 2129 1668 natura

562 1692 659 1730 sua
690 1678 855 1734 vitam
881 1683 1256 1753 exsistentem,
1290 1704 1396 1744 non
1420 1695 1783 1763 susceperint.

631 1766 797 1824 Vens.
832 1771 923 1826 56.
976 1791 995 1825 ι
1022 1773 1164 1830 Caro
1196 1779 1338 1832 enim
1382 1796 1502 1835 mea
1547 1797 1675 1840 vere
1722 1796 1808 1842 est
1851 1790 2044 1847 cibus:
2076 1802 2131 1849 et
2159 1775 2205 1831 Β

559 1857 781 1926 sanguis
811 1873 986 1925 meus,
1014 1877 1140 1918 vere
1164 1873 1248 1919 est
1274 1876 1453 1933 potus.
1482 1888 1502 1921 ι

633 1947 756 2005 llaec
809 1950 968 2016 dixit,
1017 1956 1331 2021 ostendens,
1374 1975 1481 2014 non
1526 1964 1663 2019 meri
1721 1966 1959 2027 hominis
2009 1987 2131 2032 esse

556 2052 802 2109 cautem,
828 2042 922 2095 sed
954 2042 1239 2111 ipsiusmet
1262 2045 1408 2115 Filii,
1443 2059 1553 2107 tota
1591 2053 1880 2114 divinitate
1899 2064 2129 2120 sanctis-

555 2127 709 2181 simae
734 2128 1030 2188 Trinitatis
1056 2135 1289 2202 plenam.

623 2214 788 2273 Vens.
838 2219 928 2276 57.
986 2241 1005 2274 ι
1037 2223 1138 2290 Qui
1185 2228 1480 2286 mandueat
1536 2249 1710 2291 meam
1760 2254 2023 2311 carnem,
2069 2256 2126 2303 et

554 2306 690 2361 bibit
729 2324 908 2365 meum
955 2315 1300 2386 sanguinem,
1346 2320 1402 2376 in
1453 2339 1542 2380 me
1585 2339 1792 2396 manet,
1838 2340 1894 2388 et
1925 2306 2026 2406 ego
2067 2337 2120 2392 in

552 2396 667 2450 illo.
702 2416 722 2450 ι

625 2487 1086 2554 Quemadmodum
1115 2499 1224 2555 cibi
1245 2503 1533 2587 sensibiles
1553 2511 1708 2568 nobis
1729 2510 2122 2587 contemperati

550 2594 751 2650 corpus
777 2593 1110 2654 sustentant,
1151 2591 1231 2646 sic
1271 2602 1328 2648 et
1364 2600 1593 2668 mystica
1619 2606 1927 2661 communio
1970 2619 2125 2664 natu-

550 2669 719 2724 ralem
769 2676 1174 2743 quodammodo
1205 2687 1497 2752 quamdam
1531 2692 1969 2763 coniunctionem
2010 2700 2124 2756 elli-

546 2763 651 2825 cit,
680 2761 957 2831 Christum
993 2785 1115 2825 cum
1143 2772 1286 2829 ﬁdeli
1318 2761 1743 2840 commiscendo.

623 2851 780 2911 Vens.
808 2857 899 2915 58.
943 2878 964 2912 ι
999 2862 1153 2917 Sicut
1191 2866 1341 2924 misit
1382 2884 1468 2926 me
1499 2874 1686 2930 vivens
1728 2877 1906 2945 Pater,
1940 2889 1997 2936 et
2022 2897 2123 2953 ego

551 2944 674 2998 vivo
706 2959 930 3016 prepter
960 2949 1199 3021 Patrem,
1225 2965 1281 3011 et
1314 2960 1408 3028 qui
1446 2966 1742 3020 manducat
1769 2944 1973 3035 me,ret
2006 2944 2120 3042 ipse

549 3032 693 3086 vivet
720 3047 938 3105 prepter
968 3055 1072 3096 me.
1104 3061 1126 3096 ι

619 3120 788 3181 Filius
836 3138 1031 3185 natura
1077 3135 1188 3191 vita
1226 3146 1331 3205 est,
1378 3143 1509 3198 nulli
1544 3145 1701 3202 alteri
1744 3149 1908 3206 vitam
1956 3168 2112 3211 acce-

548 3305 715 3369 igitur
744 3325 938 3368 nomen
984 3317 1235 3376 animalis
1264 3321 1333 3379 de
1366 3324 1498 3394 Deo,
1541 3305 1717 3400 neque
1761 3348 1960 3392 nomen
1991 3339 2112 3395 vitae

546 3394 614 3448 de
639 3408 885 3455 creatura
916 3412 1318 3473 pronuntiatur.

616 3484 777 3541 Vens.
810 3491 899 3544 59.
945 3510 965 3543 ι
998 3494 1097 3549 Hic
1122 3507 1209 3551 est
1237 3502 1391 3566 panis
1419 3505 1511 3572 qui
1536 3505 1603 3560 de
1635 3509 1774 3565 caalo
1808 3512 2108 3576 descendit.

544 3571 663 3626 Non
702 3577 843 3631 sicut
872 3584 1337 3642 manducaverunt
1366 3571 1549 3660 patres
1594 3602 1757 3655 vestri
1794 3618 2011 3675 manna,
2055 3621 2111 3666 et

549 3666 745 3718 mortui
787 3678 931 3724 sunt.
974 3670 1077 3738 Qui
1118 3677 1407 3736 manducat
1450 3684 1595 3740 hunc
1621 3703 1839 3760 panem,
1866 3666 2010 3754 vivet
2054 3701 2109 3757 in

544 3768 824 3818 attentum.
859 3782 880 3816 ι

616 3850 716 3917 Qui
756 3855 927 3909 credit
957 3857 1129 3927 ipsum
1156 3861 1222 3917 de
1253 3865 1391 3921 caelo
1418 3883 1611 3938 panem
1642 3876 1905 3946 praebere,
1936 3888 2109 3943 credit

544 3956 759 4010 quoque
789 3945 961 4014 ipsum
990 3951 1157 4007 vitam
1188 3954 1321 4011 dare
1349 3964 1758 4032 sempiternam.
1791 3945 1898 4038 Qui
1925 3976 2109 4049 itaque

547 4048 744 4089 manna
794 4041 1177 4111 comederunt,
1234 4062 1576 4123 nequaquam
1623 4058 1689 4115 de
1730 4064 1869 4121 coelo
1912 4041 2104 4136 panem

542 4129 937 4186 mamlucarunt
982 4137 1124 4191 unde
1152 4148 1206 4192 et
1233 4144 1432 4198 mortui
1461 4157 1610 4204 sunt.

612 4213 776 4274 Vsus.
807 4220 896 4275 61.
936 4241 956 4276 ι
987 4225 1135 4282 Multi
1190 4246 1321 4301 ergo
1365 4237 1647 4295 audientes
1702 4256 1771 4297 ex
1823 4245 2103 4319 discipulis

540 4302 681 4373 ejus,
715 4308 964 4368 dixerunt
998 4332 1012 4369 :
1052 4316 1227 4375 Durus
1254 4332 1337 4377 est
1363 4322 1451 4380 hic
1481 4340 1694 4400 sermo,
1740 4343 1796 4390 et
1840 4302 1981 4407 quis.

543 4404 647 4449 test
676 4412 799 4454 eum
827 4404 1017 4461 audire
1043 4408 1067 4461 ?
1095 4427 1115 4461 ι
1816 4484 1819 4491 ,

608 4487 722 4545 Non
752 4492 1106 4567 intelligentes
1129 4515 1250 4572 quae
1278 4504 1617 4578 dicebantur,
1654 4529 1723 4569 ne
1773 4487 1989 4586 quidem
2022 4522 2098 4578 in-

539 4588 813 4650 terrogare
854 4600 918 4641 ac
947 4588 1153 4647 discere
1192 4594 1493 4654 voluerunt.
1547 4599 1672 4658 Haec
1694 4605 1946 4665 dicebant
1971 4613 2096 4683 quia

538 4669 759 4726 verbum
784 4674 992 4732 Domini
1026 4679 1259 4738 lmmano
1297 4701 1446 4744 more
1470 4690 1857 4761 intelligebant.

611 4760 771 4818 Vens.
814 4768 907 4825 63.
970 4787 989 4823 ι
1020 4770 1077 4828 Si
1123 4789 1251 4846 ergo
1312 4780 1555 4838 videritis
1608 4760 1803 4844 Filium
1863 4792 2096 4851 hominis

532 4856 937 4929 ascendentem,
970 4866 1057 4919 ubi
1092 4879 1212 4924 erat
1244 4872 1438 4941 prius?
1477 4894 1496 4927 ι

600 4944 742 5003 Deus
770 4949 1103 5024 incarnatus,
1133 4959 1303 5029 ipsius
1340 4956 1424 5019 est
1455 4966 1624 5024 Filius
1658 4972 1910 5030 hominis.
1967 4975 2085 5035 Non

531 5046 711 5092 autem
761 5041 935 5108 ipsum
990 5059 1187 5116 corpus
1233 5063 1455 5110 vocatur
1487 5059 1654 5116 Filius
1695 5065 1950 5134 hominis,
2013 5067 2088 5122 uti

530 5127 671 5183 male
699 5129 897 5189 docens
925 5133 1210 5196 Marcellus
1262 5158 1554 5206 asseverat.
1608 5153 1792 5209 Semet
1844 5157 1976 5226 ipse,
2007 5158 2094 5212 in-

530 5216 669 5286 quit,
701 5234 733 5273 e
762 5222 900 5278 caelo
931 5226 1274 5287 descendisse
1299 5232 1474 5303 docet,
1507 5241 1761 5307 quoniam
1789 5243 1928 5300 Deus
1954 5255 2091 5311 erat,

527 5311 662 5364 etin
695 5327 860 5371 carne
887 5322 1228 5391 cernebatur,
1278 5334 1331 5379 et
1381 5329 1505 5397 quia
1538 5347 1667 5386 caro
1706 5334 1823 5402 ejus
1877 5337 2088 5393 viviﬁca

530 5397 950 5463 demonstratur.

603 5489 765 5546 Vens.
793 5495 884 5552 64.
935 5516 955 5552 ι
986 5500 1217 5573 Spiritus
1251 5518 1333 5564 est
1376 5509 1467 5579 qui
1497 5511 1771 5571 viviﬁcat:
1819 5531 1950 5574 caro
1984 5535 2088 5574 non

2240 529 2419 602 σάρκα
2468 530 2642 605 φάγῃ,
2679 550 2698 585 ι
2758 531 2853 586 καὶ
2903 530 2972 586 τὰ
3027 530 3174 602 ἑξῆς.
3229 528 3456 603 [Clum]
3526 532 3817 605 Ἀμέτοχυι

2237 621 2456 677 ἔσεσθαι
2487 625 2587 695 τῆς
2615 623 2836 679 αίωνίου
2866 622 3014 694 ζωῆς
3033 625 3082 677 0i
3104 624 3178 695 μὴ
3207 624 3295 678 διὰ
3323 623 3427 695 τῆς
3449 626 3817 699 μεταλήψεως

2237 713 2345 766 τῶν
2381 711 2663 784 μυστικῶν
2688 712 3120 784 παραδεξάμενοι
3157 712 3249 767 τὸν
3293 713 3525 785 Ἰησοῦν,
3554 715 3650 769 τὸν
3679 716 3816 771 ὅντα

2236 805 2382 878 ζωὴν
2432 807 2577 861 κατὰ
2624 807 2807 877 φύσιν.
2854 805 2955 860 Διὰ
2976 807 3029 860 τί
3058 805 3117 860 δὲ
3150 807 3389 879 συνεχῶς
3449 808 3680 881 στρέφει
3706 811 3814 880 τὴν

2234 898 2556 964 ἀνάστασινς
2587 897 2708 952 Ἵνα
2741 896 2888 970 δείξῃ
2915 899 2997 951 ὅτι
3019 899 3047 951 6
3082 898 3163 962 είς
3200 898 3364 952 αὐτὸν
3398 901 3673 955 πιστεύων
3707 902 3813 955 οὐκ

2233 986 2584 1042 ἀποθανεῖται
2613 988 2694 1053 είς
2722 987 2875 1053 τέλος
2892 1003 2907 1018 ·
2936 986 3111 1058 άληθῆ
3142 987 3199 1042 δὲ
3242 987 3450 1059 βρῶσιν
3479 988 3581 1062 τὴν
3610 991 3813 1046 ἑαυτοῦ

2235 1081 2417 1154 σάρκα
2455 1078 2654 1149 καλεῖ,
2694 1080 2791 1136 καὶ
2830 1080 2893 1134 τὸ
2922 1078 3061 1151 αἷμα
3093 1080 3259 1135 αὑτοῦ
3293 1081 3472 1154 ἁληθῆ
3507 1084 3692 1152 πόσιν,
3716 1086 3814 1143 διὰ

2233 1173 2295 1227 τὸ
2321 1172 2517 1238 σώζειν
2537 1172 2637 1238 τὰς
2659 1171 2839 1245 ψυχάς
2859 1173 2970 1227 τῶν
2996 1173 3177 1228 πίστει
3218 1174 3562 1245 μετεχόντων
3597 1177 3813 1235 αὐτῶν.

2259 1264 2435 1322 Casu.

2233 1264 2534 1425 [Οῗέξὲίδὴ
2556 1353 2615 1406 δὲ
2644 1353 2829 1423 ελεγον
2854 1353 2936 1408 ὅτι
2964 1352 3225 1410 ἀδύνατον
3242 1352 3401 1410 τοῦτό
3432 1355 3572 1421 ἐστι,
3592 1355 3814 1414 δείκνυ-

2232 1463 2317 1500 σιν
2349 1447 2431 1499 ὄτι
2475 1446 2538 1499 οὐ
2566 1446 2725 1517 μόνον
2756 1446 3039 1513 ἀδύνατον,
3066 1446 3206 1501 ἀλλὰ
3253 1447 3350 1502 καὶ
3393 1448 3602 1519 σφόδρα
3633 1450 3810 1520 om-

2230 1540 2406 1592 καῖον.
2458 1536 2743 1609 Ἀμιίτοχοι
2793 1539 2905 1610 γὰρ
2954 1537 3167 1593 ἔσονται
3205 1539 3305 1611 τῆς
3356 1541 3580 1596 αἰωνίου
3632 1541 3815 1613 ζωῆς,

2228 1632 2277 1684 οί
2320 1630 2394 1701 μὴ
2426 1630 2515 1684 διὰ
2550 1630 2653 1700 τῆς
2688 1630 3064 1702 μεταλήψεως,
3107 1631 3218 1686 τῶν
3261 1633 3545 1704 μυστικῶν
3566 1636 3808 1706 παραδε-

2230 1720 2450 1790 ξάμενοι
2484 1722 2577 1775 τὸν
2614 1720 2843 1793 Ἰησοῦν,
2872 1721 2966 1776 τὸν
2993 1722 3122 1777 δντα
3149 1722 3296 1795 ζωὴν
3319 1725 3464 1780 κατὰ
3488 1726 3680 1796 φύσιν.

2304 1829 2323 1862 ι
2372 1810 2437 1864 Ἦ
2463 1810 2574 1882 γὰρ
2626 1812 2763 1881 σάρξ
2794 1828 2897 1883 μου
2927 1812 3145 1883 ἀληθῶς
3187 1815 3303 1868 ἐστι
3339 1815 3568 1886 βρῶσις,
3606 1819 3708 1873 καὶ
3744 1819 3806 1872 τὸ

2226 1895 2368 1969 αἷμά
2398 1918 2523 1970 μου,
2552 1902 2765 1973 ἀληθῶς
2796 1905 2914 1956 ἐστι
2945 1904 3124 1967 πόσις.
3164 1924 3185 1957 ν

2296 1990 2479 2044 Ταῦτα
2508 1990 2677 2059 λέγει,
2727 1994 2941 2056 δεικνὺς
2969 1993 3051 2046 ὅτι
3079 1994 3182 2046 ούκ
3207 1989 3276 2064 ἦν
3307 1992 3469 2062 ψιλοῦ
3506 1995 3810 2066 ἀνθρώπου.

2225 2079 2259 2148 ἡ
2286 2075 2443 2149 σὰρξ,
2487 2077 2624 2132 ἀλλὰ
2656 2079 2752 2133 τοῦ
2797 2079 2954 2147 Υἱοῦ,
3001 2082 3410 2155 πεπληρωμένη
3433 2081 3454 2122 ι
3488 2085 3676 2156 πάσης
3702 2088 3807 2158 τῆς

2225 2169 2481 2240 θεότητος
2507 2170 2609 2241 τῆς
2632 2170 2884 2241 Τριάδος.

2298 2279 2318 2313 ι
2367 2262 2427 2314 '0
2457 2260 2688 2331 τρώγων
2722 2279 2824 2333 μου
2864 2260 2966 2334 τὴν
2993 2262 3196 2333 σάρκα,
3225 2264 3325 2318 καὶ
3369 2264 3546 2321 πίνων
3598 2284 3703 2338 μου
3735 2269 3807 2322 τὰ

2224 2347 2395 2425 αἷμα,
2419 2354 2479 2408 ὲν
2504 2352 2629 2425 ἐμοὶ
2656 2353 2830 2424 μένει,
2855 2353 3011 2424 κάγὼ
3038 2356 3098 2409 ἐν
3127 2355 3298 2426 αὐτῷ.
3321 2379 3343 2415 s

2294 2530 2507 2600 Ὠσπερ
2530 2529 2587 2582 al
2617 2526 2876 2599 αἰσθηταὶ
2905 2530 3110 2598 τροφαὶ
3156 2529 3292 2599 ἡμῖν
3345 2526 3803 2601 άνακιρνώμεναι

2224 2619 2515 2675 συνιστῶσι
2541 2619 2604 2674 τὸ
2634 2618 2815 2690 σῶμα,
2840 2616 2983 2672 οὕτω
3006 2621 3105 2672 καὶ
3130 2620 3165 2689 ἡ
3203 2620 3445 2691 μυστικὴ
3469 2621 3795 2691 μετάληψις,

2221 2711 2412 2783 ὥσπερ
2438 2710 2561 2765 τινὰ
2613 2709 2851 2781 φυσικὴν
2885 2709 3202 2779 συνάφειαν.
3242 2712 3407 2777 ποιεῖ,
3432 2711 3529 2766 τὸν
3561 2711 3794 2784 Χριστὸν

2225 2800 2362 2873 μετὰ
2392 2801 2487 2855 τοῦ
2516 2800 2709 2856 πιστοῦ
2743 2800 3117 2870 ἀνακιρνῶσα.

2297 2909 2317 2944 ι
2358 2890 2557 2956 Καθὼς
2592 2890 2885 2947 ἀπέστειλὲ
2920 2908 2989 2961 με
3029 2892 3058 2945 6
3096 2890 3207 2956 ζῶν
3260 2892 3477 2965 Πατὴρ,
3516 2893 3674 2963 κάγὼ
3712 2894 3797 2960 ζῶ

2219 2985 2308 3038 διὰ
2339 2985 2431 3039 τὸν
2455 2985 2697 3055 Πατέρα,
2736 2983 2831 3036 καὶ
2858 2984 2887 3036 6
2911 2981 3142 3054 τρώγων
3172 2999 3264 3054 με,
3283 2985 3539 3050 κάκεῖνος
3568 2986 3799 3058 ζήσεται

2141 3095 2184 3154 c
2212 3066 2284 3129 δι’
2320 3075 2441 3144 ἐμέ.
2476 3094 2496 3128 ι

2286 3165 2452 3217 Φύσει
2494 3164 2607 3236 ζωή
2637 3167 2787 3220 ἔστιν
2818 3167 2848 3220 6
2886 3165 3014 3231 Υἱὸς
3030 3166 3079 3233 ε,
3124 3165 3186 3219 οὐ
3221 3166 3353 3237 παρ’
3386 3166 3575 3238 ἑτέρου
3597 3165 3792 3220 λαῦὼν

2217 3252 2277 3304 τὸ
2305 3251 2403 3322 ζῇν
2431 3267 2445 3282 ·
2483 3251 2639 3305 τοῦτο
2673 3253 2780 3325 γὰρ
2809 3252 2948 3319 ζῶον
2986 3254 3255 3310 καλεῖται.
3299 3254 3434 3308 Οὔτε
3459 3255 3553 3309 οὖν
3597 3256 3661 3309 τὸ
3682 3258 3801 3310 τοῦ.

2217 3339 2357 3404 ζὼου
2396 3341 2568 3412 ὄνομα
2592 3343 2846 3399 τάττεται
2876 3345 2970 3400 ἐπὶ
2998 3345 3157 3414 Θεοῦ,
3185 3346 3301 3399 οὔτε
3320 3346 3347 3386 ιι
3372 3345 3471 3415 τῆς
3506 3346 3654 3418 ζωῆς
3682 3349 3793 3402 ἐπὶ

2215 3432 2316 3501 τῆς
2351 3433 2606 3498 κτίσεως.
2715 3472 2722 3479 -

2290 3542 2309 3574 ι
2346 3519 2512 3588 Οὗτός
2542 3527 2691 3581 ἐστιν
2714 3529 2743 3582 6
2772 3527 2958 3599 ἄρτος,
2986 3530 3015 3584 6
3036 3530 3099 3583 ἐκ
3132 3528 3227 3583 τοῦ
3254 3529 3487 3602 οὐρανοῦ
3510 3532 3786 3599 καταϐάς.

2216 3616 2288 3669 Ού
2324 3617 2506 3682 καθὼς
2542 3618 2744 3689 ἔφαγον
2771 3622 2822 3675 οί
2875 3621 3114 3694 πατέρες
3150 3622 3307 3693 ὑμῶν
3350 3624 3412 3677 τδ
3462 3625 3661 3696 μάννα,
3693 3627 3790 3683 καὶ

2215 3710 2502 3765 ἀπέθανον.
2550 3712 2608 3766 '0
2653 3711 2880 3784 τρώγων
2915 3712 3106 3767 τοῦτον
3137 3714 3230 3769 τὸν
3271 3714 3459 3785 ἄρτον,
3516 3716 3673 3789 ζήσει
3703 3719 3789 3786 εἰς

2212 3802 2304 3856 τὸν
2334 3802 2528 3858 αἰῶνα.
2560 3822 2579 3856 ι

2295 3891 2353 3944 'U
2387 3891 2655 3947 πιστεύων
2681 3893 2764 3947 ὅτι
2814 3892 2873 3960 ἐξ
2902 3895 3135 3965 ούρανοῦ
3171 3895 3375 3951 δίδοται
3403 3899 3434 3952 6
3476 3897 3662 3970 ἄρτος,
3691 3915 3783 3951 πι-

2214 3983 2396 4036 στεύει
2425 3984 2506 4038 ὅτι
2534 3986 2628 4038 καὶ
2672 3985 2816 4056 ζωὴν
2871 3986 3091 4041 αἰώνιον
3120 3988 3361 4043 δίδωσιν.
3393 3989 3606 4045 Οὐκοῦν
3643 3991 3695 4044 ot
3719 3989 3791 4044 τὸ.

2214 4074 2391 4144 μάννα
2424 4075 2715 4144 φαγόντες,
2748 4077 2851 4131 οὐκ
2880 4077 3088 4148 ἔφαγον
3120 4079 3212 4133 τὸν
3244 4079 3306 4148 ἐξ
3333 4080 3567 4154 ούρανοῦ
3593 4082 3773 4154 ἄρτον,

2211 4162 2271 4227 ἐξ
2298 4156 2372 4216 ὦν
2398 4164 2693 4218 ἀπέθανον.

2285 4270 2306 4304 ι
2346 4251 2536 4306 Πολλοὶ
2578 4251 2673 4307 οὖν
2701 4255 3031 4327 ἀκούσαντες
3077 4259 3145 4311 ὲκ
3167 4257 3275 4311 τῶν
3317 4258 3580 4331 μαθητῶν
3610 4259 3775 4341 αύτοῦ

2211 4339 2362 4398 εἷπον
2383 4361 2397 4376 ο
2430 4346 2671 4417 Σκληρὸς
2697 4348 2842 4401 ἐστιν
2865 4341 3020 4412 οὗτος
3045 4350 3073 4404 6
3101 4349 3281 4419 λόγος,
3313 4350 3396 4416 τίς
3423 4351 3648 4407 δύναται
3675 4352 3771 4407 αὖ·

2137 4437 2180 4494 D
2210 4434 2302 4488 τοῦ
2334 4437 2586 4503 ἁκούειν;
2629 4456 2648 4488 ι

2276 4527 2367 4598 Μὴ
2394 4526 2637 4593 νοοῦντες
2660 4528 2729 4583 τὰ
2755 4529 3044 4602 λεγόμενα,
3083 4530 3207 4586 οὔτε
3235 4534 3512 4606 ἐρωτῆσαι
3541 4535 3638 4588 καὶ
3668 4552 3770 4606 μα·

2207 4617 2318 4671 θεῖν
2347 4619 2637 4690 ἠνέγχοντο
2668 4621 2709 4672 ί.
2740 4620 2938 4693 [Cum
2974 4622 3125 4695 ADD.]
3157 4624 3329 4679 Τοῦτο
3376 4621 3552 4691 εἶπον,
3590 4625 3779 4694 ἐπειδὴ

2204 4709 2666 4782 ἀνθρωπινότερον
2692 4711 2889 4781 ἤκουον
2923 4713 3013 4767 τὸν
3041 4714 3135 4769 τοῦ
3163 4715 3368 4787 Κυρίου
3402 4716 3584 4784 λόγον.

2278 4818 2298 4851 ι
2350 4799 2472 4854 Ἐὰν
2508 4796 2601 4856 οὖν
2621 4801 2863 4873 θεωρῆτε
2884 4802 2976 4857 τὸν
3013 4803 3140 4858 Υἱὺν
3176 4804 3279 4859 τοῦ.
3307 4805 3601 4878 ἀνθρώπω
3632 4807 3768 4861 ἁνα-

2197 4888 2448 4945 6αίνοντα
2479 4892 2612 4945 ὅπου
2643 4888 2711 4964 ἦν
2744 4894 2802 4946 τὸ
2832 4893 3122 4965 πρότερον.
3160 4914 3181 4947 ι

2279 4975 2341 5031 '0
2375 4978 2674 5050 σαρκωθεὶς
2715 4980 2870 5048 Θεὸς,
2911 4983 3074 5049 αὑτός
3123 4985 3272 5039 ἐστιν
3297 4985 3327 5037 6
3358 4983 3491 5048 Υίδς
3535 4983 3631 5038 τοῦ
3674 4983 3771 5039 άν-
3809 4978 3826 5049 ἲ

2202 5066 2444 5138 θρώπου.
2492 5070 2565 5124 Οὐ
2602 5068 2708 5140 μὴν
2759 5072 2893 5125 αὐτὸ
2929 5072 2991 5127 τὸ
3025 5072 3201 5146 σῶμα.
3228 5072 3477 5128 καλεῖται
3526 5073 3642 5137 υίὸς
3680 5073 3757 5126 ά*
3813 5078 3826 5105 δ

2201 5156 2441 5229 θρώπουν
2489 5159 2566 5225 ὡς
2602 5161 2790 5226 κακῶς
2835 5163 3179 5235 δογματίζων
3230 5163 3552 5235 Μάρκελλός
3595 5179 3733 5234 φησι
3754 5177 3768 5196 ·

2198 5248 2373 5319 λέγων
2433 5251 2623 5306 ἑαυτὸν
2649 5251 2710 5318 ἐξ
2752 5254 2984 5326 οὐρανοῦ
3013 5255 3452 5326 καταὸεδηκέναι
3476 5293 3494 5318 ,
3519 5254 3770 5309 διδάσκει

2198 5339 2281 5394 ὅτι
2311 5340 2443 5405 Θεὸς
2484 5336 2575 5413 ἦν,
2617 5344 2714 5397 καὶ
2759 5344 2817 5397 ὲν
2852 5345 3017 5416 σαρκὶ
3045 5344 3265 5417 ὁρᾶται,
3318 5345 3413 5399 καὶ
3446 5346 3532 5400 δτι
3562 5349 3597 5411 ἡ
3631 5344 3773 5410 σὲςξ

2197 5430 2363 5485 αὐτοῦ
2394 5431 2659 5496 ζωοποιὺς
2694 5435 2889 5505 ὁρᾶται

2272 5540 2290 5575 ι
2323 5523 2396 5577 Τὸ
2415 5522 2640 5603 Πνεῦμα
2652 5524 2771 5578 ἔστι
2797 5525 2860 5580 τὸ
2884 5526 3180 5591 ζωοποιοῦν
3229 5530 3262 5599 ἡ
3288 5525 3420 5597 σὰρξ
3436 5525 3539 5581 οὐκ
3564 5524 3765 5595 ὠφελεί

608 5639 633 5684 ί
664 5642 760 5702 Cr.
788 5649 1247 5728 πεπληρωμένης.
1329 5665 1354 5706 ⁸
1377 5662 1464 5718 Cr.
1497 5666 1751 5736 Χριστός.
1831 5671 1856 5709 ¹²
1892 5671 1982 5727 Cr.
2014 5674 2113 5728 add

2229 5716 2242 5730 .
2335 5681 2350 5718 ί
2393 5677 2481 5732 Cr.
2520 5678 2812 5750 ἠνείχοντο.
