4038 6148
327 282 455 348 1441

1388 289 1855 352 FRAGMENTA
1887 290 1970 351 ΙΝ
2005 291 2066 352 S.
2108 292 2484 355 JOANNEM.

3443 297 3580 366 1442

321 396 492 448 οὐδέν.
540 394 620 447 Τὰ
662 394 880 464 ῥήματα
919 393 954 447 ἃ
998 393 1111 462 ἐγὼ
1135 392 1284 448 λαλῶ
1330 394 1480 464 ὑμῖν,
1512 397 1731 467 πνεῦμά
1763 399 1891 462 ἐστι,

2004 399 2224 467 prodest
2271 401 2590 471 quidquam.
2645 399 2820 458 Verba
2874 417 2996 472 qnte
3043 417 3146 476 ego
3199 402 3410 462 locutus
3447 423 3576 463 sunt

323 489 414 539 καὶ
447 486 559 558 ζωή
593 487 760 541 ἐστιν.
799 505 819 538 ι

393 575 618 647 Πνεῦμά
660 595 823 648 φησιν
853 619 869 646 ,
891 579 1029 650 ξάντὶ
1065 577 1190 644 τοῦ,
1222 579 1568 648 πνευματικά
1596 581 1763 646 ἐστιν,
1800 581 1900 635 οὐκ

322 667 514 738 ἔχοντα
547 669 782 741 φυσικὴν
822 669 1162 736 ἀκολουθίαν,
1208 670 1326 724 ἀλλ’
1359 670 1464 738 ἔξω
1511 671 1630 724 ἐστὶ
1659 675 1758 744 τῆς
1787 690 1900 728 τοι-

320 760 494 831 αὑτης
541 761 807 834 ἀνάγκης.
848 761 1074 834 Πνεῦμα
1103 756 1207 816 ὧδε
1237 761 1394 816 καλεῖ
1426 763 1530 833 τὴν
1570 764 1751 836 σάρκα
1799 784 1900 820 πε-

321 852 691 923 πληρωμένην
730 854 830 922 τῆς
887 852 1156 917 ζωοποιοῦ
1213 854 1534 925 Πνεύματος
1591 857 1892 928 ἐνεργείας.

319 944 489 997 Μένει
525 945 635 1014 γὰρ
663 945 696 1014 ἡ
727 943 863 1016 σὰρξ
897 944 1052 1013 σάρξ.

397 1054 415 1086 ι
475 1035 773 1106 Ἀπεκρίθη
821 1036 1006 1097 αὐτοῖς
1053 1037 1080 1088 6
1136 1035 1381 1108 Ἰησοῦς·
1433 1038 1547 1091 Οὐκ
1592 1039 1703 1106 ἐγὼ
1755 1040 1898 1111 ὑμᾶς

316 1128 443 1189 τοὺς
475 1126 682 1179 δώδεκα
712 1125 1066 1197 ἐξελεξάμην,
1105 1127 1201 1180 καὶ
1245 1127 1304 1192 ἐξ
1338 1129 1495 1199 ὑμῶν
1539 1125 1620 1194 εἷς
1654 1131 1900 1196 διάϐολός

319 1220 464 1270 ἐστιν
485 1233 501 1281 ;
540 1235 560 1267 ι

389 1305 560 1370 Εἰδὼς
601 1306 661 1360 τὸ
698 1307 955 1378 ἐσόμενον
989 1309 1019 1361 6
1071 1309 1304 1379 Ἰησοῦς,
1357 1310 1433 1375 ὡς
1466 1311 1622 1379 Θεὸς,
1668 1317 1814 1367 ποιεῖ
1837 1315 1900 1368 τὸ

317 1397 545 1466 ἀγαθὸν,
577 1399 672 1451 καὶ
718 1399 974 1470 δωρεῖται
1001 1398 1071 1453 τὰ
1095 1399 1425 1470 ἀξιάγαστα.
1457 1403 1606 1474 Πλὴν
1638 1404 1740 1458 οὐκ
1768 1405 1900 1459 dva-

317 1486 506 1557 τρέπει
535 1486 693 1558 ἡμῶν
734 1488 796 1540 τὸ
843 1488 1189 1555 αὐτεξούσιον
1210 1506 1225 1523 ο
1255 1489 1418 1554 αὐτὸς
1462 1491 1569 1564 γὰρ
1607 1493 1667 1547 τὺ
1699 1493 1896 1548 ἑαυτοῦ

318 1580 492 1642 ποιεῖ,
549 1579 607 1630 ἐν
662 1580 796 1648 ἡμῖν
845 1579 902 1632 δέ
934 1581 1049 1633 ὲστι
1092 1579 1155 1634 τὸ
1204 1581 1465 1651 φυλάξαι..
1509 1584 1673 1638 Ὅθεν
1699 1587 1761 1640 οὐ
1803 1588 1897 1642 τὸν

315 1664 452 1720 Θεὸν
505 1667 588 1720 δεῖ
629 1669 908 1722 αἰτιᾶσθαι
965 1670 1051 1739 ἐφ’
1092 1665 1174 1734 οἷς
1223 1671 1524 1743 εὐεργετεῖ,
1579 1675 1716 1730 ἀλλὰ
1766 1679 1895 1742 τοὺς

2005 488 2178 554 vobis,
2211 491 2435 560 spiritus
2461 502 2515 546 et
2545 492 2654 546 vita
2682 503 2829 548 sunt.
2863 513 2880 545 ι

2075 578 2314 649 Spiritus
2364 591 2510 647 sunt,
2559 581 2756 652 inquit,
2797 583 2846 635 id
2896 590 2980 638 est
3009 581 3294 652 spiritalia,
3341 599 3447 640 non
3483 585 3581 640 ha—

2001 669 2184 725 bentia
2227 670 2530 725 naturalem
2581 673 3048 741 consequentiam.
3098 673 3194 728 sed
3247 674 3579 744 ejuscemodi

2018 760 2326 816 necessitati
2385 762 2608 816 minime
2655 763 2918 831 subjecta.
2979 762 3236 833 Spiritum
3291 763 3380 820 hic
3421 777 3581 820 vocat

2002 865 2224 906 carnem
2256 852 2466 908 vivifica
2505 852 2738 924 Spiritus
2767 853 3082 912 emcacitate
3113 854 3396 925 repletam.
3441 855 3582 912 Caro

1999 944 2143 997 enim
2179 958 2307 998 caro
2337 953 2636 1013 permanet.

2071 1035 2236 1090 Vens.
2275 1037 2362 1090 Ἠ.
2401 1055 2419 1087 ι
2451 1035 2749 1106 Respondit
2777 1037 2854 1092 eis
2883 1037 3079 1094 Jesus:
3125 1037 3318 1094 Nonne
3347 1053 3450 1109 ego
3483 1053 3582 1094 vos

2001 1126 2284 1182 duodecim
2314 1127 2450 1197 elegi
2476 1146 2490 1182 :
2537 1138 2592 1184 et
2619 1143 2684 1183 ex
2713 1129 2865 1183 vobis
2897 1144 3034 1183 unus
3063 1128 3308 1185 diabolus
3337 1129 3464 1186 est?
3489 1148 3510 1181 ι

2067 1300 2202 1356 Cum
2231 1298 2390 1358 Jesus
2415 1301 2598 1358 futura
2633 1313 2928 1372 praenosset
2973 1313 3032 1359 ut
3077 1303 3240 1369 Deus,
3283 1303 3578 1370 benefacit,

2001 1401 2056 1447 et
2086 1395 2348 1463 stupenda
2377 1395 2538 1449 etiam
2565 1395 2829 1466 elargitnr
2857 1395 3016 1450 bona.
3046 1394 3243 1450 Verum
3270 1396 3578 1450 libertatem

2003 1482 2156 1537 nobis
2204 1483 2619 1552 haudquaquam
2671 1485 2879 1552 eripit:
2931 1485 3048 1554 ipse
3102 1485 3370 1553 siquidem
3429 1486 3578 1554 quod

2002 1587 2160 1628 suum
2194 1586 2278 1629 eat
2311 1574 2462 1636 facit,
2496 1585 2739 1630 nostrum
2787 1585 2968 1630 autem
3003 1587 3086 1630 est
3113 1575 3242 1629 data
3275 1577 3575 1630 custodire.

2002 1662 2120 1718 Non
2166 1663 2350 1735 itaque
2381 1667 2524 1720 Deus
2553 1669 2696 1734 quod
2728 1667 3032 1721 benefaciat
3085 1667 3444 1730 accusandus,
3481 1668 3578 1722 sed

316 1758 496 1812 ἑκοντὶ
526 1759 898 1822 ἀπολέσαντας
920 1761 988 1814 τὰ
1013 1762 1350 1832 χαρίσματα,
1387 1758 1499 1827 οἷος
1531 1760 1598 1836 ἦν
1625 1768 1653 1819 6
1695 1767 1888 1840 Ἀδὰμ,

2002 1757 2092 1827 qui
2143 1768 2334 1828 sponte
2379 1758 2561 1813 oblata
2613 1751 2770 1813 dona
2809 1759 3179 1827 perdiderunt,
3227 1757 3402 1826 qualis
3459 1768 3578 1812 erat

314 1849 350 1918 ἡ
381 1847 512 1912 Εὕα,
563 1852 590 1902 ὁ
639 1850 860 1913 Ἰούδας,
917 1851 1011 1904 καὶ
1056 1852 1172 1904 ὅσοι
1224 1855 1651 1926 τοιουτότροποι.
1687 1857 1754 1912 El
1800 1861 1896 1915 καὶ

313 1937 458 2004 ἐγὼ,
508 1940 694 2008 φησὶν,
742 1942 887 2010 ὑμᾶς
931 1940 1290 2014 ἐξελεξάμην,
1328 1945 1446 1998 ἀλλ’
1481 1948 1803 2019 αὐθαίρετον
1837 1954 1896 2005 ἐν

312 2027 624 2099 ἀνθρώποις
659 2033 729 2083 τὰ
762 2033 862 2100 τῆς
907 2032 1112 2102 ἀρετῆς
1145 2035 1239 2087 καὶ
1289 2036 1508 2101 κακίας.
1542 2040 1804 2097 Διάϐολον
1836 2043 1893 2097 δὲ

313 2119 472 2172 καλεῖ
495 2119 588 2173 τὸν
613 2120 954 2191 κολλώμενον
975 2122 1055 2194 τῷ
1075 2123 1328 2196 διαὸόλῳ,
1350 2128 1454 2195 καὶ,
1475 2127 1724 2201 ἐξομοιού
1733 2151 1894 2204 μενον

314 2207 498 2278 αὐτῷ,
529 2211 624 2264 καὶ
661 2210 730 2264 τά
768 2212 976 2282 ἀρεστὰ
1005 2213 1157 2284 αὐτῷ
1200 2215 1480 2272 ποιοῦντα.
1528 2219 1614 2284 Ὠς
1650 2222 1892 2275 ἀποθαυο

317 2299 506 2369 μάζων
539 2300 697 2355 τοῦτο
733 2297 887 2357 εἶπεν
929 2305 957 2357 6
999 2303 1438 2380 Εὑαγγελιστὴς,
1471 2310 1552 2364 ὅτι
1576 2313 1832 2366 τοσοῦτον
1866 2316 1894 2367 6

312 2392 560 2457 διάϐολος
606 2395 865 2464 πολεμεῖ,
917 2395 995 2459 ὡς
1040 2396 1336 2468 δυνηθῆναι
1381 2401 1480 2454 ἕνα
1527 2403 1636 2455 τῶν
1688 2404 1895 2458 δώδεκα

313 2486 638 2555 ἀφαρπάσαι
657 2523 673 2549 ,
705 2485 814 2539 τῶν
858 2486 1193 2559 ὲγειράντων
1219 2492 1448 2561 νεκροὺς
1467 2531 1482 2557 ,
1515 2495 1608 2545 καὶ
1634 2493 1894 2564 δαίμονας

313 2576 648 2642 διωξάντων,
683 2579 780 2632 καὶ
811 2578 912 2649 τῆς
947 2579 1214 2644 ζωοποιοῦ
1267 2582 1362 2635 καὶ
1388 2590 1766 2656 πνευματικῆς
1797 2588 1892 2641 τοῦ

315 2667 521 2738 Κυρίου
552 2667 902 2732 διδασκαλίας
927 2669 1378 2726 ἀπολαυσάντων.

913 2848 1168 2905 ΚΕΦΑΛ.
1217 2850 1294 2904 Ζ’.

389 2975 408 3009 t
448 2960 522 3011 Οὐ
557 2959 666 3030 γὰρ
712 2959 906 3032 ἤθελεν
935 2961 994 3014 ὲν
1027 2964 1094 3034 τῇ
1135 2964 1366 3036 Ἰουδαίᾳ
1398 2969 1758 3037 περιπατεῖν
1804 2971 1886 3024 ὅτι

310 3049 539 3121 ἐζήτουν
569 3053 732 3106 αὐτὸν
767 3055 817 3107 οἱ
856 3055 1101 3109 Ἰουδαῖοι
1129 3057 1472 3112 ἀποκτεῖναι.
1515 3078 1534 3111 ι

380 3143 633 3196 Δείκνυσι
662 3145 729 3199 τὰ
753 3146 852 3215 τῆς
878 3146 1319 3219 ἀνθρωπότητος,
1346 3150 1566 3219 φεύγων
1587 3152 1716 3215 τοὺς
1751 3153 1884 3206 Ἰου-

308 3235 526 3300 δαίους,
569 3235 666 3289 καὶ
714 3235 928 3306 ἐλέγχει
974 3237 1283 3309 Μαρκίωνα
1330 3241 1428 3293 καὶ
1468 3241 1707 3307 Παῦλον,
1758 3245 1886 3307 τοὺς

309 3325 623 3396 εἰρηκότας,
657 3326 739 3379 ὅτι
772 3328 833 3381 οὐ
882 3327 1074 3397 γέγονε
1104 3328 1201 3382 τοῦ
1250 3328 1386 3382 Θεοῦ
1421 3330 1550 3395 Υίὸς
1597 3331 1885 3405 ἄνθρωπος

310 3416 433 3470 κατ’
459 3417 740 3488 ἀλήθειαν.

385 3525 404 3558 ι
444 3503 614 3561 Εῐπον
647 3504 742 3562 οὖν
770 3491 906 3580 πρδς
924 3510 1088 3566 αὑτὸν
1117 3511 1167 3565 οἱ
1192 3511 1417 3581 ἀδελφοὶ
1462 3512 1630 3568 αὑτοῦ
1649 3529 1664 3546 ·
1697 3515 1885 3570 Μετά-

308 3598 436 3669 ϐηθι
466 3599 740 3665 ἐντεῦθεν,
774 3602 870 3654 καὶ
897 3603 1077 3671 ὕπαγε
1107 3604 1188 3666 είς
1213 3604 1316 3673 τὴν
1363 3604 1648 3672 Ἰουδαίαν,
1683 3609 1768 3660 ἵνα
1793 3609 1889 3661 καὶ

305 3688 358 3738 οἱ
391 3684 628 3757 μαθηταί
658 3704 750 3740 σου
777 3687 1098 3759 θεωρήσωσι
1120 3689 1189 3742 τὰ
1209 3689 1346 3761 ἔργα
1370 3707 1463 3744 σου
1488 3691 1524 3746 ἆ
1548 3695 1743 3757 ποιεῖς.
1778 3711 1797 3745 ι

391 3777 644 3831 Ἐδὸκουν
682 3780 876 3850 ψέγειν
917 3781 994 3843 ὡς
1040 3780 1236 3844 δειλὸν,
1267 3782 1363 3834 καὶ
1403 3784 1588 3854 κρυφῆ
1626 3785 1886 3840 ποιοῦντα

306 3869 378 3922 τὰ
409 3871 644 3940 σημεῖα,
688 3875 781 3926 καὶ
811 3874 888 3934 ὡς
925 3871 1200 3940 φιλόδοξον
1250 3871 1473 3926 θέλοντα
1511 3875 1570 3927 ἐν
1602 3877 1885 3947 παρρησίᾳ

307 3978 467 4014 ειναι.

386 4078 403 4102 ι
443 4054 516 4104 Οὐ
546 4052 769 4106 δύναται
795 4054 822 4106 ὁ
843 4051 1051 4123 κόσμος
1079 4055 1259 4124 μισεῖν
1295 4054 1461 4124 ὑμᾶς,
1495 4056 1596 4127 ἐμὲ
1618 4055 1672 4110 δὲ
1702 4060 1882 4126 μισεῖ·

306 4145 390 4195 ὅτι
441 4142 553 4211 ἐγὼ
587 4144 851 4216 μαρτυρῶ
896 4146 1028 4216 περὶ
1073 4146 1276 4212 αὐτοῦ,
1315 4148 1396 4200 ὅτι
1436 4148 1507 4200 τὰ
1539 4148 1676 4219 ἔργα
1721 4150 1888 4203 αὑτοῦ

308 4237 522 4306 πονηρά
553 4238 722 4290 ἐστιν.
765 4257 784 4288 ι

379 4331 602 4398 Κόσμον
626 4328 774 4397 λέγει
794 4329 918 4394 τοὺς
942 4329 1237 4399 μισοῦντας
1259 4329 1328 4383 τὰ
1354 4332 1410 4384 ἐν
1433 4332 1646 4403 κόσμῳ.
1672 4333 1889 4404 Πέμπει

1997 1853 2192 1916 Adam,
2251 1851 2381 1914 Eva,
2435 1850 2624 1917 Judas,
2679 1861 2734 1906 et
2779 1852 2872 1921 qui
2924 1852 2988 1905 iis
3023 1851 3266 1906 moribus
3313 1866 3420 1905 non
3450 1858 3580 1904 sunt

1999 1942 2292 1997 absimiles.
2347 1941 2459 1996 Etsi
2504 1958 2624 2011 ego,
2659 1943 2852 2011 inquit,
2891 1957 2986 1997 vos
3012 1942 3286 2012 elegerim,
3313 1940 3580 1996 nihilomi-

2001 2048 2100 2089 nus
2139 2043 2222 2088 εει
2253 2033 2567 2088 hominibus
2596 2033 2844 2096 libertas,
2890 2034 2975 2088 vel
3017 2034 3272 2087 virtutem
3303 2031 3387 2086 vel
3420 2031 3577 2085 mali-

2001 2123 2130 2177 tiam
2163 2124 2545 2193 amplectendi.
2583 2126 2859 2178 Diabolum
2909 2135 3087 2179 antcm
3121 2131 3298 2188 vocat,
3326 2139 3446 2178 eum
3484 2125 3575 2191 qui

1998 2211 2216 2266 diabolo
2247 2211 2510 2278 adhaeret,
2566 2213 2751 2281 illique
2779 2213 2974 2266 similis
3009 2221 3112 2278 est,
3142 2221 3197 2268 et
3227 2227 3348 2280 quae
3378 2213 3425 2265 ei
3459 2213 3577 2281 pla-

1996 2301 2102 2356 cita
2133 2311 2262 2356 sunt
2299 2302 2452 2357 facit.
2496 2303 2838 2373 Evangelisla
2873 2305 2974 2357 hoc
3020 2305 3173 2371 quasi
3222 2304 3577 2358 admirabun-

1996 2393 2096 2448 dus
2128 2393 2287 2459 dixil,
2345 2395 2488 2462 quod
2533 2394 2789 2448 nimirum
2845 2393 3094 2448 diabolus
3145 2401 3353 2447 tantum
3407 2409 3580 2461 oppu-

1995 2487 2212 2554 gnando
2240 2485 2454 2541 eﬂicere
2486 2487 2736 2552 valuerit,
2770 2497 2826 2540 ιιι
2857 2500 2924 2540 ex
2966 2486 3071 2539 illis
3095 2486 3376 2540 duodecim
3408 2502 3577 2541 unum

1994 2576 2324 2630 abstraxerit
2346 2593 2361 2643 ;
2387 2592 2453 2630 ex
2487 2577 2615 2640 illis,
2650 2576 2895 2644 inquam,
2944 2576 3035 2645 qui
3079 2585 3322 2631 mortuos
3344 2579 3572 2631 suscita-

1994 2665 2144 2728 bant,
2196 2665 2468 2721 daemones
2525 2665 2933 2735 prOpulsabattt,
2989 2673 3045 2719 et
3102 2664 3310 2720 viviﬁca
3359 2667 3575 2733 spirita-

1993 2754 2136 2824 lique
2187 2754 2395 2810 Domini
2432 2756 2674 2811 doctrina
2705 2755 3050 2811 fruebantur.

2629 2867 2786 2924 CAP.
2825 2867 2939 2922 VII.

2065 2981 2227 3036 Vsus.
2253 2981 2306 3036 l.
2363 2998 2382 3032 ι
2413 2979 2531 3036 Non
2562 2980 2707 3035 enim
2755 2980 2970 3035 volebat
3005 2981 3056 3035 in
3090 2980 3334 3036 Judmam
3380 2983 3576 3039 ambu-

1917 3090 1958 3146 c
1993 3073 2148 3128 lare:
2183 3073 2308 3143 quia
2342 3073 2663 3142 quaerebant
2690 3085 2812 3125 eum
2845 3068 3012 3125 Judaei
3047 3071 3374 3130 interficere.
3413 3092 3434 3125 ι

2068 3163 2354 3234 Specimen
2385 3165 2476 3218 dat
2504 3162 2858 3217 humanitatis
2889 3177 3021 3226 sum,
3057 3162 3309 3232 fugiendo
3339 3162 3572 3229 Iudaeus,

1995 3265 2050 3309 et
2075 3253 2322 3309 confutat
2353 3253 2686 3308 Marcionem
2722 3267 2785 3306 ac
2818 3251 3061 3320 Paulum,
3099 3254 3189 3324 qui
3221 3254 3316 3309 Dei
3348 3253 3569 3323 Filium,

1996 3357 2181 3398 verum
2209 3342 2485 3398 hominem
2513 3341 2713 3396 factum
2746 3349 2962 3411 negant.

2059 3515 2226 3571 Vens.
2265 3518 2319 3572 5.
2377 3536 2396 3569 ι
2423 3515 2688 3573 Dixerunt
2715 3525 2894 3578 autem
2930 3516 2996 3570 ad
3028 3529 3149 3570 eum
3184 3516 3383 3574 fratres
3410 3519 3566 3588 ejus:

1991 3608 2187 3665 Transi
2221 3610 2368 3677 hinc,
2416 3619 2472 3665 et
2513 3611 2652 3666 vade
2709 3609 2760 3662 in
2814 3606 3080 3673 Judaeam,
3115 3617 3179 3664 ut
3231 3619 3285 3664 et
3322 3612 3571 3682 discipuli

1992 3700 2066 3752 tui
2097 3701 2312 3754 videant
2335 3715 2500 3769 opera
2529 3710 2618 3756 tua
2650 3715 2770 3770 qua:
2803 3701 2956 3754 facis.
2990 3721 3010 3752 ν

2062 3785 2401 3842 Videbantur
2451 3789 2626 3856 ipsum
2666 3798 2923 3854 tanquam
2957 3789 3204 3843 timidum
3231 3807 3477 3862 arguere,
3516 3805 3574 3848 ut

1994 3878 2085 3948 qui
2132 3878 2286 3947 signa
2338 3892 2435 3931 sua
2470 3877 2806 3941 occultaret;
2854 3886 2908 3929 et
2960 3889 3017 3930 ut
3069 3881 3254 3949 gloria:
3293 3886 3570 3952 cupidum,

1993 3967 2083 4038 qui
2112 3981 2172 4020 se
2203 3966 2472 4036 propalari
2507 3967 2686 4022 vellet.

2065 4055 2231 4111 Vens.
2258 4056 2314 4110 7.
2367 4073 2386 4106 ι
2414 4054 2536 4110 Non
2593 4065 2770 4124 potest
2815 4057 3047 4112 mundus
3085 4056 3266 4112 odisse
3296 4071 3431 4114 vos:
3485 4077 3572 4114 me

1991 4155 2170 4203 autem
2204 4148 2316 4202 odit
2344 4162 2358 4200 :
2385 4147 2510 4217 quia
2542 4162 2642 4218 ego
2667 4148 3037 4203 testimonium
3063 4148 3323 4218 perhibeo
3354 4150 3423 4206 de
3452 4151 3568 4218 illo,

1991 4240 2135 4310 quod
2170 4254 2335 4310 opera
2366 4239 2483 4308 ejus
2513 4241 2656 4293 mala
2689 4250 2836 4294 sttnt.
2871 4257 2890 4291 ι

2074 4330 2328 4384 Mnndum
2352 4329 2484 4382 dicit
2506 4343 2602 4383 eos
2632 4329 2721 4398 qui
2753 4329 2943 4383 odiunt
2968 4341 3087 4397 quae
3110 4328 3162 4382 in
3189 4330 3394 4385 mundo
3423 4342 3569 4387 sunt.

303 4420 365 4474 δὲ
417 4420 545 4482 τοὺς
595 4419 863 4490 ἀδελφοὺς
910 4423 991 4484 εἰς
1019 4420 1116 4491 τὴν
1141 4422 1334 4492 ἑορτὴν
1374 4424 1551 4492 λέγων
1577 4440 1591 4454 ’
1635 4443 1654 4476 t
1693 4424 1886 4494 Ὑμεῖς

1996 4425 2154 4480 Mittit
2183 4425 2378 4479 fratres
2410 4424 2476 4476 ad
2503 4424 2641 4477 diem
2669 4422 2862 4476 festum
2885 4463 2902 4489 ,
2926 4421 3110 4476 dicens
3139 4440 3153 4476 :
3188 4440 3206 4474 t
3239 4420 3350 4478 Vos
3383 4441 3572 4478 ascen-

305 4514 546 4584 ἀνάϐητε
595 4513 676 4578 εἰς
714 4514 815 4584 τὴν
857 4512 1050 4585 ἑορτὴν
1093 4513 1319 4582 ταύτην,
1354 4531 1372 4565 ι
1421 4515 1635 4580 δεικνὺς
1667 4517 1751 4570 ὅτι
1788 4519 1888 4570 οὐκ

1996 4519 2105 4570 dite
2136 4516 2201 4568 ad
2231 4515 2371 4569 diem
2413 4513 2610 4570 festum
2637 4513 2803 4578 hunc,
2836 4531 2856 4564 ›
2897 4512 3190 4567 ostendens
3207 4527 3268 4568 se
3301 4515 3570 4568 neminem

301 4604 608 4674 ἀναγκάζει
635 4604 732 4658 σὺν
757 4603 906 4674 αὐτῷ
934 4605 1114 4675 μένειν
1139 4604 1214 4675 μὴ
1246 4604 1626 4676 βουλομένους.
1661 4604 1884 4679 [(ΣιιΑΜ]

1996 4609 2132 4664 velle
2178 4623 2375 4678 cogere
2408 4616 2464 4661 nt
2487 4622 2610 4662 cum
2646 4608 2763 4676 ipso
2797 4615 3039 4660 maneat.

381 4719 401 4750 ι
453 4699 645 4769 Ὑμεῖς
697 4697 938 4768 ἀνάϐητε
996 4697 1094 4761 εἰςξ
1126 4696 1226 4768 τὴν
1273 4698 1470 4768 ἑορτὴν
1517 4698 1744 4768 ταύτην,
1777 4699 1887 4767 ἐγὼ

2049 4697 2216 4754 Vens.
2252 4699 2307 4754 8.
2365 4717 2382 4749 ι
2412 4696 2525 4752 Vos
2558 4696 2832 4750 ascendite
2866 4695 2933 4749 ad
2982 4697 3122 4750 diem
3174 4694 3366 4749 festum
3403 4696 3567 4761 hunc,

302 4791 459 4845 οὔπω
491 4791 770 4845 ἀναϐαίνω
795 4792 875 4856 εἰς
907 4789 1009 4861 τὴν
1041 4789 1233 4862 ἑορτὴν
1259 4791 1489 4860 ταύτην·
1521 4791 1603 4845 ὅτι
1635 4793 1662 4845 ὁ
1693 4794 1887 4864 καιρὸς

1996 4808 2093 4862 ego
2141 4799 2320 4845 autem
2362 4803 2469 4842 non
2519 4790 2752 4842 ascendo
2805 4787 2870 4839 ad
2922 4786 3066 4839 diem
3114 4785 3310 4840 festum
3358 4787 3567 4841 istum:

301 4883 332 4936 ὁ
359 4880 490 4950 ἐμὸς
523 4879 678 4934 οὔπω
704 4881 1088 4951 πεπλήρωται.
1126 4899 1144 4930 ›

386 4975 600 5044 Ὑμεῖς,
632 4972 818 5042 φησὶν,
847 4974 1276 5043 ἀπερισκέπτως
1306 4973 1512 5027 ποιεῖτε
1546 4972 1573 5026 ὃ
1605 4972 1884 5044 βούλεσθε.

321 5065 464 5134 Ἐγὼ
493 5065 550 5118 δὲ
588 5063 674 5130 οὒ,
699 5065 786 5118 διά
816 5065 877 5117 τὸ
906 5065 1211 5133 οἰκονομεῖν
1242 5065 1452 5119 ἕκαστα
1480 5065 1617 5135 πρὸς
1656 5066 1718 5118 τὸ
1747 5083 1888 5136 συμ-

307 5158 493 5226 φέρον.
523 5156 690 5209 Μένω
715 5153 777 5208 τὸ
804 5153 996 5218 πάθος,
1026 5154 1115 5208 ἵνα
1141 5153 1400 5219 ἀναστὰς,
1424 5151 1561 5206 πᾶσι
1584 5153 1887 5224 κατάδηλον

307 5248 519 5319 ποιήσω
549 5249 647 5318 τὴν
676 5247 915 5318 ἐμαυτοῦ
944 5246 1195 5316 δύναμιν.

384 5357 403 5390 ι
459 5339 549 5401 Ὠς
596 5339 652 5391 δὲ
707 5338 983 5408 ἀνέϐησαν
1021 5338 1071 5389 οἱ
1115 5337 1335 5406 ἀδελφοὶ
1384 5335 1587 5402 αὐτοῦ,
1634 5336 1754 5389 τότε
1789 5336 1882 5390 καὶ

307 5432 470 5494 αὐτὸς
499 5431 667 5503 ἀνέϐη
695 5433 775 5494 είς
803 5431 902 5502 τὴν
931 5431 1144 5502 ἑορτὴν,
1177 5431 1238 5483 οὐ
1271 5430 1542 5500 φανερῶς,
1574 5428 1689 5482 ἀλλ’
1722 5429 1795 5493 ὼς
1825 5433 1882 5482 ἐν

308 5540 560 5592 κρυπτῳ.
593 5539 612 5573 ι

1994 4888 2119 4956 quia
2144 4897 2319 4937 meum
2346 4890 2556 4950 tempus
2582 4882 2817 4934 nondum
2847 4877 3125 4947 impletum
3159 4885 3260 4932 est.
3296 4896 3315 4930 ι

2049 4975 2181 5040 Vos,
2235 4973 2431 5042 inquit,
2481 4971 2770 5026 temerarie
2827 4969 2988 5041 agitis
3016 4968 3162 5039 quod
3214 4968 3400 5024 vultis.
3453 4968 3569 5023 Non

1990 5066 2070 5120 sic
2097 5078 2218 5134 ego,
2268 5077 2336 5118 eo
2376 5062 2518 5132 quod
2565 5061 2772 5130 singula
2814 5076 3004 5131 geram
3037 5059 3263 5115 utiliter.
3300 5059 3572 5128 Exspecto

1990 5157 2323 5227 passionem,
2375 5163 2436 5208 ut
2477 5168 2763 5224 resurgens
2792 5153 3046 5208 omnibus
3087 5152 3342 5206 virtutem
3393 5168 3566 5207 meam

1991 5258 2171 5303 notam
2202 5247 2420 5305 faciam.

2053 5337 2221 5392 Vsus.
2259 5338 2348 5394 10.
2390 5355 2410 5390 ι
2443 5337 2516 5393 Ut
2557 5344 2737 5392 autem
2786 5335 3152 5392 ascenderunt
3198 5333 3398 5388 fratres
3428 5332 3566 5404 ejus,

1992 5440 2120 5484 tunc
2152 5439 2209 5484 et
2251 5430 2365 5498 ipse
2409 5429 2655 5484 ascendit
2704 5427 2771 5482 ad
2803 5427 2946 5483 diem
2995 5426 3215 5494 festum,
3261 5441 3366 5481 non
3396 5427 3569 5480 mani-

1991 5522 2148 5586 fesle,
2187 5521 2279 5576 sed
2311 5523 2466 5590 quasi
2499 5521 2553 5575 in
2583 5519 2815 5577 occulto.
2851 5537 2874 5572 ι

379 5676 457 5746 (8)
489 5677 608 5731 llaec
648 5681 771 5734 cod.
817 5678 966 5734 Bodl.
1011 5677 1295 5745 Cltrysost.
1342 5676 1462 5742 dat;
1495 5674 1578 5733 Cf.
1630 5676 1909 5747 Chrysnsl.
1953 5675 2087 5747 Opp.
2114 5677 2250 5743 Vill,
2285 5675 2411 5732 272.
