4038 6148
569 270 707 340 1443

1698 277 2033 340 AMMONII
2074 277 2604 346 ALEXANDRINI

3680 289 3828 358 1444

635 381 754 438 Non
779 389 898 438 erat
937 395 1151 454 aequum
1194 396 1253 439 ut
1291 383 1391 439 sub
1422 383 1633 440 initium
1677 383 1994 442 festivitatis
2041 403 2130 442 as-

2302 391 2415 442 Οὐκ
2442 386 2509 461 ἦν
2537 393 2651 446 ἴσον
2685 393 2742 445 ὲν
2775 394 2918 464 ἀρχῇ
2964 397 3064 466 τῆς
3094 394 3287 468 ἑορτῆς
3318 393 3628 470 ἀναϐῆναιὶ
3667 403 3828 467 {adv-

564 474 841 538 cenderet,
862 470 1063 526 Iudaeis
1083 471 1199 540 ejus
1224 473 1351 528 odio
1381 475 1756 530 aestuantibus.
1783 474 1976 530 Postea
2009 491 2141 530 vero

566 562 674 615 line
699 559 810 628 jam
837 559 1326 630 appropinquante,
1369 578 1708 633 nequaquam
1752 574 1940 618 contra
1977 580 2137 632 quam

566 650 797 716 dixerat,
827 648 976 704 fecit.
1001 646 1117 704 Non
1146 651 1290 705 enim
1319 651 1512 708 festum
1535 655 1907 710 celebraturus
1935 671 2132 710 ascen-

564 740 664 803 dit,
707 742 802 794 sed
849 739 919 794 iis
963 741 1269 796 consultum
1300 743 1505 797 voluit:
1554 755 1888 814 quapropter
1928 747 2142 801 occulte

563 829 734 894 venit,
781 843 887 884 non
935 845 1056 885 cum
1109 846 1174 887 ea
1225 848 1332 903 qua
1379 832 1558 889 festivi
1609 837 2020 892 concionatores
2064 839 2139 894 uti

563 921 738 975 solent
759 920 1052 978 hilaritate.
1078 922 1134 977 ln
1156 926 1382 994 antiqua
1405 941 1534 981 vero
1557 926 1673 997 lege
1695 927 1865 998 Moysi
1895 930 2138 1000 loquens,

567 1011 842 1080 pollicitus
881 1022 998 1068 erat
1031 1029 1090 1069 se
1111 1029 1235 1069 cum
1257 1017 1338 1070 eis
1361 1031 1722 1086 egressurum.

623 1101 787 1157 Vsus.
822 1101 911 1157 16.
964 1119 985 1154 ι
1016 1102 1313 1173 Respondit
1355 1107 1434 1160 eis
1465 1105 1644 1171 Jesus,
1680 1117 1736 1162 et
1784 1107 1924 1162 dixit
1955 1125 1969 1160 :
2026 1107 2138 1163 Mea

561 1192 808 1248 doctrina
842 1208 946 1247 non
974 1202 1058 1249 est
1088 1210 1227 1261 mea,
1254 1195 1348 1251 sed
1374 1196 1492 1264 ejus
1523 1199 1613 1266 qui
1647 1199 1792 1254 misit
1818 1215 1923 1254 me.
1960 1219 1978 1251 ι

628 1282 858 1351 Propter
899 1289 1164 1338 summam
1211 1288 1572 1356 aequalitatem
1624 1305 1778 1342 suam
1835 1291 2138 1345 doctrinam

564 1373 746 1428 Patris
771 1375 922 1438 dicit,
974 1375 1054 1429 vel
1101 1377 1226 1444 quia
1258 1379 1374 1447 ipse
1401 1387 1484 1433 est
1513 1379 1692 1434 Patris
1722 1381 2009 1450 sapientia,
2047 1397 2141 1451 per

563 1477 725 1531 quam
757 1463 938 1517 omnia
974 1461 1133 1518 Pater
1158 1467 1403 1520 etmntiat
1429 1482 1446 1530 ;
1499 1467 1580 1522 vel
1611 1471 1750 1537 quod
1797 1483 1894 1538 per
1923 1470 2138 1523 modum

564 1554 1003 1620 dispensationis,
1055 1563 1310 1624 tanquam
1345 1557 1526 1622 homo,
1559 1556 1704 1612 Patri
1738 1573 1949 1612 omnem
1987 1575 2137 1613 suam

565 1641 742 1696 defert
769 1644 1149 1709 eruditionem,
1183 1658 1402 1716 propter
1427 1646 1736 1702 Judaeorum
1791 1650 2141 1704 incredulitat-

2240 494 2351 531 των
2393 480 2503 532 τῶν
2576 481 2864 538 Ἰουδαίων.
2928 485 3036 536 Καὶ
3095 485 3234 556 μετὰ
3281 485 3460 541 ταῦτα
3513 488 3826 562 μελλούσης

2240 569 2484 635 λύεσθαι,
2521 573 2622 625 οὐκ
2662 574 2878 628 ἐναντία
2925 580 3230 648 πεποίηκεν
3263 569 3341 632 ὧν
3377 568 3557 632 εἷπεν.
3597 581 3673 634 οὐ
3715 580 3828 651 γὰρ

2241 662 2409 732 ἀνέϐη
2451 665 2744 734 ὲορτάσων,
2773 663 2905 719 ἀλλὰ
2928 666 3379 738 συμϐουλεύσων·
3404 668 3486 724 διὸ
3513 669 3613 724 καὶ
3642 669 3826 742 λάθρα

2242 752 2407 823 ἀνέϐη
2427 793 2441 816 ,
2472 754 2531 806 οὐ
2568 755 2705 823 μετὰ
2741 755 3058 828 ἱλαρότητος
3088 754 3121 834 ᾖ
3150 760 3449 831 κέχρηνται
3491 763 3541 816 oi
3570 779 3824 833 πανηγυο

2246 844 2504 915 ρίζοντες.
2543 847 2650 900 Καὶ
2695 849 2752 900 ὲν
2793 849 2856 920 τῇ
2910 851 3120 922 Παλαιᾷ
3166 852 3225 906 δὲ
3258 851 3449 920 εἰπὼν,
3484 854 3561 925 τῷ
3594 856 3826 909 Morini
3874 855 3895 930 ές

2241 935 2511 1006 ὑπέσχετο
2551 939 3050 1009 συνεκπορεύεσθαι
3080 941 3265 1006 αὐτοῖς
3287 942 3335 995 ι.

2294 1125 2342 1169 it
2396 1114 2695 1185 Ἀπεκρίθη
2732 1117 2914 1179 αὐτοῖς
2940 1117 2968 1168 ὁ
2999 1115 3228 1187 Ἰησοῦς,
3260 1116 3354 1171 καὶ
3382 1114 3566 1171 εἶπεν·
3616 1117 3683 1171 Ἦ
3715 1113 3820 1189 ἐμὴ

2239 1204 2428 1276 διδαχὴ
2455 1207 2557 1259 οὐκ
2587 1205 2733 1259 ἐστιν
2763 1208 2893 1278 ὲμὴ,
2924 1208 3060 1261 ἀλλὰ
3088 1208 3183 1262 τοῦ
3211 1209 3524 1280 πέμψαντός
3552 1226 3645 1281 με.
3692 1228 3714 1262 ι

2310 1296 2410 1350 Διὰ
2445 1298 2545 1367 τὴν
2591 1298 2768 1369 ἄκραν
2811 1298 3152 1368 ἐξομοίωσιν,
3199 1302 3296 1372 τὴν
3342 1299 3538 1354 ἑαυτοῦ
3593 1300 3820 1370 διδαχὴν

2240 1385 2336 1438 τοῦ
2387 1387 2601 1456 Πατρὸς
2641 1389 2810 1456 λέγει,
2843 1390 2875 1460 ἢ
2902 1391 2983 1443 ὅτι
3013 1391 3173 1454 αὑτός
3205 1392 3354 1445 ἐστιν
3407 1393 3440 1462 ή
3469 1391 3563 1444 τοῦ
3606 1393 3821 1462 Πατρδς

2243 1476 2423 1545 σοφία,
2465 1476 2531 1530 δι’
2583 1473 2649 1550 ἧς
2695 1482 2873 1532 πάντα
2900 1480 3054 1534 λαλεῖ
3083 1484 3110 1534 ὁ
3140 1477 3330 1552 ’Πατήρ
3351 1499 3364 1512 ·
3399 1482 3431 1551 ἢ
3465 1481 3563 1535 καὶ
3608 1483 3686 1546 ὼς
3731 1483 3820 1536 ἇν-

2241 1569 2457 1639 θρωπος
2503 1572 2860 1642 οἰκονομικῶς
2911 1573 3198 1644 ἀνατίθησι
3254 1573 3333 1644 τῷ
3379 1574 3560 1645 Πατρὶ
3590 1574 3694 1645 τὴν
3741 1575 3820 1627 δι-

2241 1661 2557 1726 δασκαλίαν,
2584 1664 2672 1715 διὰ
2695 1663 2752 1715 τὸ
2783 1664 3011 1716 ἄπιστον
3032 1665 3140 1717 τῶν
3181 1665 3474 1720 ’1ουῗαίων.
3522 1667 3820 1719 Ἀπεστάλο

564 1741 692 1784 tem.
741 1730 965 1785 Missum
1020 1745 1150 1786 vero
1203 1747 1263 1786 se
1319 1733 1473 1800 dicit,
1529 1745 1752 1803 propter
1812 1745 2138 1805 assumptum

2245 1753 2333 1806 θαι
2367 1754 2423 1808 δὲ
2458 1755 2618 1807 αὐτὸν
2647 1754 2795 1821 λέγει
2825 1755 2914 1808 διὰ
2955 1755 3053 1825 τὴν
3100 1757 3309 1827 σάρκα,
3341 1756 3375 1826 ἢ
3427 1757 3505 1820 ὡς
3552 1756 3733 1825 Λόγον
3758 1757 3820 1810 ἐκ

563 1831 805 1882 carnem,
857 1819 938 1873 vel
967 1819 1092 1887 quia
1141 1828 1396 1888 tanquam
1431 1821 1652 1875 verbum
1684 1838 1749 1878 ex
1797 1834 1999 1889 mente,
2047 1835 2139 1878 aut

561 1910 716 1978 quasi
751 1909 1008 1978 splendor
1039 1925 1068 1962 a
1105 1911 1220 1964 sole
1254 1913 1613 1979 promanavit.

633 1998 798 2053 Vsus.
831 1999 919 2053 18.
975 2018 994 2051 ι
1027 2001 1127 2066 Qui
1177 2015 1207 2053 a
1255 2002 1549 2071 semetipso
1598 2003 1858 2072 loquitur,
1913 2005 2136 2073 gloriam

561 2090 836 2159 propriam
870 2091 1081 2157 quaerit.
1110 2107 1129 2139 ι

637 2177 714 2232 De
740 2180 920 2247 seipse
943 2193 1040 2249 per
1063 2178 1547 2249 dispensationem,
1578 2188 1802 2251 propter
1827 2181 2136 2236 .ludaeorum

560 2271 630 2325 ad
697 2270 952 2324 scandala
1010 2270 1433 2339 proclivitatem,
1487 2273 1676 2341 reique
1745 2273 2134 2339 dillicultatem,

563 2372 770 2426 tacens,
806 2361 984 2418 Patris
1032 2361 1116 2416 sui
1166 2363 1391 2432 gloriam
1426 2365 1731 2429 annuntiat,
1767 2365 1926 2418 istum
1980 2365 2140 2436 syllo-

561 2452 794 2522 gismum
825 2450 1050 2516 faciens,
1084 2467 1190 2521 quo
1223 2466 1284 2506 se
1310 2452 1494 2522 gloria:
1537 2467 1876 2524 nequaquam
1930 2457 2140 2512 inhiare

563 2542 952 2613 intelligerent.

637 2633 804 2690 Vnus.
829 2634 922 2689 25.
979 2651 999 2685 t
1035 2634 1092 2688 Si
1130 2635 1593 2691 circumcisionem
1651 2638 1844 2706 accipit
1878 2641 2037 2693 homo
2084 2639 2139 2694 in

562 2725 819 2789 Sabbato,
875 2734 934 2778 ut
987 2742 1093 2780 non
1147 2726 1390 2782 solvatur
1439 2729 1524 2782 lex
1576 2726 1786 2800 Moysi:
1867 2729 1997 2783 mihi
2061 2730 2144 2783 in-

561 2815 859 2885 dignamini
905 2817 1031 2886 quia
1088 2826 1257 2871 totum
1317 2818 1587 2874 hominem
1647 2819 1854 2872 salvum
1914 2818 2016 2875 feci
2077 2823 2129 2875 in

567 2906 849 2961 Sabbato?
883 2925 903 2958 ι

645 2998 826 3062 Quare
867 2999 1306 3054 conturbamini?
1359 3000 1562 3056 Sanum
1620 3001 1797 3058 facere
1843 3001 2139 3070 infirmum,

2240 1843 2354 1909 νοῦ,
2378 1845 2412 1915 ἢ
2437 1846 2513 1907 ὡς
2539 1843 2597 1908 ἐξ
2629 1844 2780 1913 ἡλίου
2812 1843 3175 1914 ἀπαύγασμα.

2317 2039 2336 2070 ι
2392 2021 2450 2073 '0
2499 2020 2592 2087 ἀφ’
2646 2018 2841 2073 ἑαυτοῦ
2899 2019 3095 2084 λαλῶν,
3153 2020 3254 2090 τὴν
3312 2019 3470 2084 δόξαν
3518 2020 3620 2091 τὴν
3678 2021 3816 2075 ἰδίαν

2241 2112 2411 2181 ζητεῖ.
2451 2128 2468 2162 ι

2310 2203 2383 2254 Τὸ
2427 2201 2549 2254 καθ’
2599 2200 2790 2254 ἑαυτὸν
2835 2199 2902 2253 δι’
2953 2202 3267 2271 οἰκονομίαν
3321 2201 3565 2265 σιωπῶν,
3623 2200 3713 2254 διὰ
3758 2200 3816 2252 τὸ

2242 2290 2693 2345 εὐσκανδάλιστον
2723 2290 2832 2342 τῶν
2879 2290 3171 2354 Ἰουδαίων,
3208 2293 3304 2344 καὶ
3333 2292 3394 2344 τὸ
3421 2291 3813 2361 ἀνεπίληπτον,

2240 2383 2340 2453 τὴν
2382 2381 2476 2434 τοῦ
2518 2381 2729 2452 Πατρδς
2761 2381 3071 2448 διαγγέλλει
3114 2381 3291 2446 δόξαν,
3332 2383 3523 2436 τοῦτον
3555 2382 3648 2434 τὸν
3690 2380 3815 2433 συλ-

2241 2471 2498 2543 λογισμὸν
2527 2471 2734 2538 πλέκει,
2765 2473 2851 2525 ἵνα
2877 2472 3082 2541 γνῶσιν
3113 2473 3194 2524 ὅτι
3226 2473 3286 2524 οὐ
3319 2471 3478 2539 δόξης
3512 2471 3745 2539 ἐφίεται.

2317 2669 2336 2702 ι
2379 2651 2440 2702 Εἰ
2471 2647 2773 2720 περιτομὴν
2812 2646 3080 2718 λαμϐάνει
3117 2645 3407 2716 ἄνθρωπος
3439 2646 3498 2698 ὲν
3531 2644 3812 2713 Σαϐϐάτῳ,

2244 2739 2331 2792 ἵνα
2364 2740 2437 2809 μὴ
2462 2738 2594 2809 λυθῇ
2625 2741 2652 2791 ὁ
2683 2740 2844 2809 νόμος
2871 2738 3150 2799 Μωῦσέως
3170 2753 3184 2767 ’
3212 2736 3340 2806 ἐμοὶ
3371 2737 3568 2806 χολᾶτε
3595 2737 3676 2790 ὅτι
3696 2735 3815 2789 ὅλον

2243 2828 2531 2899 ἄνθρωπον
2564 2829 2693 2897 ὑγιῆ
2731 2827 2971 2895 ἐποίησα
3003 2828 3060 2879 ὲν
3089 2825 3389 2896 Σαϐϐάτῳ;
3423 2843 3443 2878 ι

2314 3001 2378 3054 Τί
2411 2999 2776 3072 ταράττεσθε;
2806 2998 2867 3051 οὐ
2905 2998 3013 3067 γὰρ
3041 2997 3102 3050 τὸ
3134 2997 3356 3065 ὑγιάσαι
3384 2997 3474 3050 τὸν
3505 2994 3815 3066 παράλυτοι

564 3101 670 3140 non
701 3087 862 3140 solvit
893 3087 1211 3154 Sabbatum,
1246 3091 1343 3146 sed
1366 3107 1473 3147 non
1500 3109 1717 3149 sanare.
1755 3094 1912 3160 Cum,
1946 3096 2138 3165 inquit.

2248 3092 2424 3147 ἐποίει
2452 3091 2606 3145 λύσιν
2629 3088 2723 3143 τοῦ
2765 3088 3070 3153 Σαϐϐἀτου,
3098 3086 3236 3140 ἀλλὰ
3265 3086 3325 3139 τὸ
3357 3086 3433 3156 μὴ
3454 3084 3816 3156 θεραπεῦσαι.

565 3179 731 3232 homo
757 3176 969 3247 signum
1011 3193 1120 3247 quo
1160 3180 1348 3234 dolore
1372 3182 1606 3236 allicitur
1633 3185 1853 3250 accipit,
1889 3201 2048 3242 nemo
2079 3188 2146 3241 de

564 3270 860 3326 violatione
903 3269 1038 3339 legis
1081 3269 1412 3339 indignatur.
1467 3270 1575 3326 Sed
1625 3288 1749 3327 cum
1790 3283 1936 3329 totus
1983 3277 2144 3332 homo

563 3375 729 3417 sanus
757 3358 980 3416 ell'ecms
1011 3367 1116 3428 est,
1167 3374 1310 3428 aegre
1351 3359 1506 3415 fertis
1532 3363 1597 3416 de
1627 3361 1825 3417 violata
1861 3362 1978 3433 lege
2013 3379 2144 3420 con-

565 3459 884 3522 querentes.

630 3543 762 3596 Cum
795 3541 1052 3596 Dominus
1079 3550 1224 3596 esset
1255 3541 1426 3610 ipsius
1461 3542 1662 3613 bioysis
1696 3557 1761 3597 ac
1813 3541 1967 3613 legis,
2018 3559 2144 3615 pro-

563 3643 681 3702 pter
710 3631 1133 3686 imbecillitatem
1161 3631 1466 3687 Judaeorum
1486 3648 1583 3688 suo
1609 3635 2002 3704 quodammodo
2020 3637 2142 3705 jure

564 3725 789 3789 cedens,
821 3737 852 3775 a
883 3722 1068 3794 Moyse
1095 3723 1266 3792 legem
1297 3726 1562 3779 nominat.
1589 3727 1796 3780 Audire
1825 3727 1970 3782 enim
1995 3730 2141 3782 nullo

564 3816 726 3873 modo
750 3815 1076 3884 potuissent,
1129 3818 1301 3884 ipsum
1325 3830 1445 3870 esse
1474 3826 1667 3871 natura
1725 3818 1916 3884 Deum,
1966 3834 2140 3890 neque

565 3905 804 3979 mysterii
835 3905 1255 3976 profunditatem
1284 3907 1579 3974 cepissent.

635 4001 692 4055 Si
725 3999 846 4054 illos
877 3998 969 4068 qui
1009 3998 1062 4052 in
1103 3997 1343 4053 Sabbato
1372 3999 1784 4066 circumcidunt,
1833 4001 1919 4056 vel
1971 4002 2140 4056 sacri-

564 4089 751 4152 ﬁcant,
804 4086 890 4143 vel
954 4087 1148 4142 bellum
1180 4095 1394 4157 gerunt,
1449 4087 1669 4142 minime
1723 4090 2138 4159 reprehenditis,

564 4195 741 4249 neque
789 4195 875 4233 rue
928 4179 1182 4233 debetis:
1239 4194 1361 4232 nam
1398 4179 1528 4234 illud
1566 4179 1770 4250 alioqui
1808 4180 1943 4235 nihil
1993 4180 2138 4235 aliud

563 4275 668 4327 erit
705 4286 866 4340 quam
901 4273 1143 4340 acceptio
1175 4287 1544 4342 personarum.

632 4361 798 4416 Vnus.
832 4361 922 4417 25.
965 4379 984 4412 ι
1021 4361 1275 4416 Dicebant
1313 4376 1442 4432 ergo
1467 4361 1684 4430 quidam
1720 4375 1789 4416 ex
1825 4360 2140 4433 llierosoly-

563 4453 708 4508 mis:
743 4451 934 4507 Nonne
968 4453 1054 4506 hic
1087 4461 1171 4506 est
1203 4467 1363 4520 quem
1421 4462 1672 4521 quzerunt
1725 4453 2080 4508 interﬁcere?
2110 4472 2126 4506 ι

641 4543 739 4597 llis
785 4543 1050 4598 mendacii
1100 4553 1401 4611 arguuntur
1453 4540 1623 4595 Judaei
1681 4543 1926 4598 volentes
1971 4543 2128 4598 (Ἀπία

564 4645 708 4691 stum
744 4634 1056 4688 interficere
1098 4643 1152 4684 et
1182 4645 1407 4686 manere
1435 4632 1698 4697 nolentes,
1739 4637 1862 4687 dttm
1888 4635 2136 4689 Christus

563 4743 729 4781 verax
758 4725 1083 4780 ostenditur.
1103 4721 1238 4778 Cum
1265 4733 1445 4777 autem
1478 4725 1563 4778 his
1586 4725 1769 4779 verbis
1809 4743 1828 4776 ι
1858 4725 2001 4781 hunc
2033 4729 2136 4780 sci-

563 4833 684 4872 mus
711 4817 853 4872 Unde
885 4815 956 4870 sit
995 4831 1016 4867 ι
1067 4814 1195 4868 illud
1239 4814 1410 4868 solum
1458 4815 1684 4870 iunuere
1729 4815 1912 4870 volunt
1959 4827 2012 4870 et
2043 4832 2133 4870 os-

565 4909 785 4962 tendere
845 4921 1037 4974 nempe
1094 4905 1368 4960 Christum
1417 4906 1483 4959 de
1525 4916 1670 4960 terra
1723 4922 1839 4960 esse
1885 4919 1939 4961 et
1998 4908 2135 4962 fabri

563 4998 755 5062 lilium,
805 4995 1010 5049 idcirco
1048 4995 1168 5048 illos
1215 4995 1269 5046 itt
1302 4994 1498 5048 caelum
1547 4997 1658 5064 egit
1710 4996 1896 5050 dicens
1941 5015 1954 5049 :
2003 5014 2022 5047 ι
2074 4997 2139 5050 Et

567 5106 652 5140 me
687 5085 840 5142 scitis
869 5084 1012 5139 unde
1055 5084 1195 5148 sint;
1234 5092 1290 5137 et
1334 5099 1364 5136 ει
1397 5083 1603 5152 meipso
1650 5101 1753 5137 non
1784 5088 1932 5151 veni,
1975 5108 1993 5138 ο
2030 5097 2136 5140 etc.

565 5176 624 5231 ιιι
663 5189 884 5232 estnon
935 5189 1052 5230 sum
1092 5174 1240 5238 hinc,
1275 5175 1368 5230 scd
1414 5179 1554 5229 unde
1601 5185 1656 5229 et
1704 5178 1795 5245 qui
1841 5179 1986 5232 misit
2034 5195 2139 5246 mc,

560 5278 620 5326 et
659 5285 757 5326 vos
794 5269 947 5324 scitis
981 5282 1069 5323 me
1126 5282 1156 5320 a
1210 5266 1373 5322 Patre
1425 5268 1679 5332 missum,
1747 5270 1992 5338 quamvis
2044 5272 2143 5326 hoc

563 5362 742 5433 palam
797 5363 978 5416 dicere
1030 5375 1138 5416 non
1189 5361 1372 5415 vultis.

2248 3185 2399 3249 Ὅτε,
2437 3182 2592 3251 φησὶ,
2619 3182 2856 3250 σημεῖον,
2871 3178 3143 3249 λαμϐάνει
3178 3177 3460 3248 ἄνθρωπος
3483 3174 3678 3242 ὀδύνην
3707 3175 3822 3242 ἐμ,-

2245 3273 2454 3336 ποιοῦν,
2495 3272 2667 3334 οὐδεὶς
2695 3270 2994 3339 ἀγανακτεῖ
3013 3268 3273 3338 λυομένου
3296 3265 3387 3318 τοῦ
3412 3266 3595 3333 νόμουσ
3619 3257 3726 3315 ὦδε
3753 3264 3818 3314 δὲ

2242 3364 2364 3417 ὅλου
2401 3361 2687 3434 ἀνθρώπου
2720 3360 3094 3430 ὑγιασθέντος,
3120 3355 3487 3429 δυσχεραίνετε
3515 3354 3593 3418 ὡς
3626 3370 3824 3422 παρα-

2242 3455 2437 3526 νομίας
2467 3454 2784 3524 γενομένης.
2817 3451 3044 3524 [Cum]

2315 3546 2519 3617 Κύριος
2547 3546 2622 3598 ὢν
2652 3545 2932 3608 Μωῦσὲως
2965 3545 3060 3598 καὶ
3090 3541 3186 3596 τοῦ
3224 3541 3412 3612 νόμου,
3442 3539 3534 3594 διὰ
3556 3538 3619 3592 τδ
3652 3537 3818 3591 ἀσθε-

2241 3640 2328 3702 νὲς
2369 3638 2478 3691 τῶν
2520 3637 2807 3702 Ἰουδαίων,
2857 3637 3023 3689 οἱονεὶ
3068 3634 3423 3704 ἀπαλλοτριοί
3474 3631 3670 3685 ἑαυτὸν
3720 3629 3816 3682 τοῦ

2241 3729 2429 3798 νόμου,
2482 3727 2761 3789 Μωῦσέως
2803 3725 2966 3778 αὐτὸν
3022 3723 3226 3777 καλῶν.
3278 3721 3352 3775 Οὐ
3406 3720 3517 3789 γὰρ
3554 3717 3817 3788 ἠδύναντο

2240 3820 2473 3872 ἀκοῦσαι
2513 3819 2595 3871 ὅτι
2630 3817 2790 3886 φύσει
2836 3817 2968 3880 Θεὸς
2997 3812 3088 3887 ἦν,
3120 3814 3245 3868 οὔτε
3288 3813 3351 3866 τὸ
3383 3811 3520 3864 ϐαθὺ
3548 3811 3648 3879 τῆς
3675 3809 3816 3861 οίκο-

2239 3910 2429 3981 νομίας
2465 3914 2781 3980 μυστήριον.

2311 4001 2374 4052 Εἰ
2399 4002 2512 4061 τοῖς
2536 4001 2592 4050 ὲν
2623 3999 2882 4068 Σαϐϐάτῳ
2914 3997 3356 4066 περιτέμνουσιν,
3384 3995 3420 4066 ἢ
3444 3992 3806 4056 θυσιαζουσιν,

2239 4093 2276 4164 ἢ
2300 4092 2716 4162 πολεμοῦσιν,οὑ
2742 4089 3045 4160 μέμφεσθε,
3071 4091 3210 4160 μήτε
3237 4087 3395 4158 ἐμοί’
3426 4084 3590 4140 τοῦτο
3613 4079 3808 4154 δηλαδὴ

2241 4184 2393 4237 οὐδὲν
2427 4183 2610 4253 ἕτερον
2641 4185 2788 4234 ἐστιν
2817 4181 2852 4249 ἣ
2883 4178 3337 4252 προσωποληψία.

2317 4382 2334 4413 ι
2382 4359 2606 4427 Ἔλεγον
2633 4354 2727 4412 οὖν
2758 4374 2900 4421 τινες
2931 4358 2995 4411 ὲκ
3023 4355 3134 4410 τῶν
3174 4350 3663 4426 Ἱεροσολυμιτῶν·
3701 4349 3810 4418 οὐκ

2241 4450 2395 4515 οὗτός
2429 4455 2575 4504 ἐστιν
2605 4450 2662 4504 ὃν
2694 4448 2948 4518 ζητοῦσιν
2978 4447 3334 4512 ἀποκτεῖναι;
3371 4462 3392 4498 ι

2326 4541 2643 4610 Ἐλέγχουσι
2685 4538 2897 4600 τούτοις
2945 4537 3200 4598 θέλοντας
3245 4532 3410 4588 αὐτὸν
3462 4533 3805 4594 ἀποκτεῖναι,

2242 4635 2335 4686 καὶ
2389 4631 2756 4702 ἀρνουμένους
2804 4628 3009 4698 μένειν,
3051 4625 3420 4697 ψευδομένους
3467 4623 3556 4686 δὲ,
3609 4622 3702 4675 τὸν
3756 4623 3809 4674 δὲ

2242 4724 2474 4795 Χριστὸν
2521 4720 2854 4793 ἀληθεύοντα
2903 4719 3033 4788 περὶ
3077 4718 3290 4772 τούτου.
3327 4715 3441 4769 Καὶ
3489 4713 3682 4783 ἐπειδὴ
3733 4715 3810 4773 τὸ,

2248 4837 2265 4867 ι
2304 4815 2538 4884 Οἴδαμεν
2556 4812 2742 4866 τοῦτον
2760 4811 2922 4864 πόθεν
2951 4811 3091 4874 ἐστὶ,
3123 4827 3142 4860 δ
3170 4807 3238 4862 δι’
3257 4807 3412 4861 οὐδὲν
3430 4805 3625 4876 ἕτερον
3649 4805 3812 4870 λέγει,

2242 4907 2357 4959 ἀλλ’
2401 4907 2434 4976 ἦ
2480 4907 2561 4958 ὅτι
2603 4906 2666 4956 ὲκ
2698 4904 2796 4974 τῆς
2827 4903 2928 4974 γῆς
2975 4903 3123 4964 ἐστι,
3148 4900 3317 4963 δεῖξαι
3345 4897 3598 4958 θέλοντες
3619 4894 3714 4948 καὶ
3737 4895 3815 4944 ὅτι

2242 4998 2335 5052 τοῦ
2361 4999 2610 5060 τέκτονος
2643 4996 2776 5062 υἱὸς,
2794 4996 2883 5049 διὰ
2906 4995 3065 5048 τοῦτο
3093 4992 3252 5056 αὐτὸς
3277 4991 3480 5060 ἀνῆγεν
3508 4989 3712 5048 αὐτοὺς
3740 4987 3815 5044 εἰς

2241 5088 2332 5140 τὸν
2356 5088 2608 5159 οὐρανὸν,
2637 5086 2832 5155 λέγων,
2853 5105 2871 5137 ι
2903 5086 3013 5138 Καὶ
3039 5083 3140 5154 ἐμὲ
3164 5081 3342 5136 οἴδατε
3373 5079 3538 5132 πόθεν
3564 5077 3704 5147 εἰμὶ,
3726 5076 3818 5128 καὶ

2244 5180 2339 5232 ἀπ’
2362 5177 2600 5248 ἐμαυτοῦ
2627 5178 2728 5230 οὐκ
2752 5175 3008 5248 ἐλήλυθα,
3038 5193 3057 5226 ι
3087 5171 3270 5226 καὶτὰ
3298 5170 3448 5239 ἐξῆςο
3475 5167 3619 5221 τοῦτ’
3650 5167 3815 5224 ἐστιν,

2244 5271 2357 5324 Οὐκ
2399 5269 2650 5323 ἐντεῦθέν
2692 5270 2828 5339 εἰμι,
2865 5267 2982 5322 ἀλλ’
3026 5265 3148 5320 ὅθεν
3175 5265 3202 5315 ὁ
3235 5261 3456 5332 πέμψας
3491 5275 3584 5329 με,
3610 5257 3706 5310 καὶ
3739 5257 3820 5308 ὅτι

2243 5364 2442 5428 οἴδατε,
2470 5365 2550 5416 ὅτι
2595 5362 2746 5432 παρὰ
2773 5361 2868 5414 τοῦ
2914 5357 3124 5428 Πατρὸς
3153 5353 3491 5424 ἀπεστάλην,
3524 5353 3576 5404 εἰ
3621 5349 3715 5402 καὶ
3745 5347 3821 5416 μὴ

2245 5451 2402 5504 τοῦτο
2430 5449 2823 5504 ἐκκαλύπτετε.
2852 5445 3073 5520 [Cum]
3242 5455 3244 5458 '

633 5579 650 5632 i
689 5580 779 5634 Cr.
812 5577 1116 5645 ἀναμεῖναι.
1181 5574 1222 5654 ,ι
1249 5573 1342 5654 ρι’.
1375 5573 1544 5654 εἰπὼν
1573 5575 1650 5648 τῷ
1679 5578 1922 5647 Μωΰσεῖ,
1969 5601 1986 5632 ι
2022 5583 2095 5636 Οὐ
2170 5584 2607 5654 συναναϐἠσομαι
2645 5582 2793 5650 ὑμῖν,
2832 5599 2848 5632 i
2882 5579 3106 5646 bats-.0»;
3134 5571 3549 5643 παρακαλοῦντι
3589 5566 3823 5623 Μωῦσιῖ

568 5650 832 5716 ὑπέσχετο
861 5644 1356 5718 συνεκπορεύεσθαι
1385 5644 1593 5708 αὐτοῖς.
