4038 6148
320 274 389 335 H
403 275 463 339 i5

1369 286 1822 350 FRAGMENTA
1881 290 1961 351 IN
2005 293 2066 353 S.
2105 294 2480 358 JOANNEM.

3424 309 3560 376 1446

385 408 415 441 ι
461 383 626 444 Ἀλλὰ
667 389 856 446 τοῦτον
905 392 1126 464 οἶδαμεν
1173 396 1335 450 πόθεν
1383 399 1560 452 ἐστίν·
1610 400 1724 454 66‘s
1759 403 1860 472 Χρι

1960 443 1968 464 .
2068 403 2231 462 Vens.
2263 408 2355 466 27.
2410 427 2428 461 ι
2458 408 2564 466 Sed
2589 409 2733 467 hunc
2763 411 2967 468 scimus
2993 415 3138 472 unde
3165 415 3274 472 sit:
3307 417 3560 481 Christus

320 481 444 544 στδς
471 481 599 536 ὅταν
626 482 877 555 ἔρχηται,
905 485 1079 550 οὐδεὶς
1109 488 1366 554 γινώσκει
1395 490 1560 545 πόθεν
1582 493 1746 548 ἐστίν.
1789 511 1809 545 ι

385 572 580 639 Καλῶς
622 574 865 644 λέγεται,
907 577 990 630 ὅτι
1020 578 1148 631 ὅταν
1184 579 1314 653 ἔλθῃ
1345 583 1373 634 6
1406 583 1668 653 Χριστὸς,
1711 584 1887 648 οὐδεὶς

237 720 246 741 ⁸
321 660 574 726 γινώσκει
618 663 786 717 πόθεν
834 664 1019 717 ἐστίν·
1069 668 1098 719 6
1140 666 1250 736 γὰρ
1281 669 1534 740 ἀληθινὸς
1565 671 1698 735 Θεὸς
1735 673 1794 739 ἐξ
1821 665 1884 726 οὗ

229 748 240 784 "~
319 748 430 818 εἰμι
460 749 722 821 ἠγνόηται
752 752 901 822 ὑμῖν,
924 753 1020 807 καὶ
1046 755 1196 808 οὐδὲν
1224 757 1453 821 ἀπεικὸς
1479 760 1528 811 sl
1545 761 1791 827 ἀγνοεῖτέ
1815 777 1883 832 με

312 835 392 889 ὅτι
420 836 529 906 ἐγώ
557 839 674 909 εἰμι
707 840 735 893 6
777 840 1048 910 Χριστὸς,
1085 843 1185 897 οὐκ
1209 845 1412 908 εἰδότες
1446 849 1538 900 τὶν
1567 848 1627 914 ἐξ
1655 843 1715 902 οὗ
1743 850 1878 918 εἰμι.

307 918 538 996 {Cn/un]

383 1035 404 1068 ι
457 1016 597 1086 Ἐγὼ
643 1017 701 1071 δὲ
748 1014 865 1073 οῖδα
910 1021 1068 1075 αὐτόν
1087 1062 1102 1077 .
1143 1041 1164 1074 ι

377 1108 686 1176 Τουτέστιν,
705 1110 856 1178 Ἐμοὶ
891 1111 1037 1184 μόνῳ
1059 1112 1248 1178 θεατός
1278 1114 1447 1182 ἐστιν,
1481 1117 1711 1192 ἐπείπερ
1749 1120 1878 1187 Θεός

307 1196 423 1266 εἰμι
457 1197 596 1250 κατὰ
624 1198 806 1267 φύσιν,
834 1202 930 1254 καὶ
956 1202 1017 1254 ού
1048 1203 1147 1273 τῆς
1185 1207 1411 1276 κτιστῆς
1456 1207 1690 1274 φύσεως,
1744 1211 1880 1265 οἵτι-

307 1300 395 1346 νες
423 1285 652 1349 ἐννοίαις
681 1287 840 1356 μόνον
881 1289 1026 1342 κατὰ
1050 1291 1110 1342 τὸ
1141 1291 1364 1346 δυνατὸν
1411 1293 1742 1361 γινώσκουσι
1787 1299 1880 1352 τὸν

303 1375 544 1446 Πατέρα,
585 1376 644 1429 '0
675 1377 732 1430 δὲ
764 1378 892 1432 Υἱὸν
926 1380 1089 1434 αὑτοῦ
1127 1382 1248 1435 ὅλον
1287 1385 1346 1438 ὲν
1374 1385 1550 1456 ἑαυτῷ
1576 1387 1770 1460 θεωρεῖ
1787 1389 1877 1444 τόν

309 1467 674 1538 γεννήσαντα,
720 1470 814 1522 καὶ
845 1470 941 1541 τὴν
966 1472 1059 1525 τοῦ
1085 1473 1332 1539 τέκτονος
1363 1477 1552 1532 οὐσίαν
1588 1481 1646 1533 ὲν
1694 1483 1762 1552 τῇ
1800 1485 1882 1536 οῖ-

310 1557 434 1626 κείᾳ
471 1557 629 1626 φύσει
693 1559 1004 1632 ζωγραφεῖ,
1051 1564 1146 1617 καὶ
1181 1565 1352 1630 οὕτως
1389 1567 1527 1621 οἶδεν
1581 1571 1764 1638 αὑτὸν,
1798 1573 1877 1639 ὡς

296 1645 401 1699 οὐκ
441 1646 589 1701 ἔστιν
620 1651 810 1704 εἰπεῖν.
855 1651 1228 1724 Ἀνέκφραστα
1252 1657 1357 1730 γὰρ
1386 1659 1455 1710 τὰ
1481 1662 1609 1732 περὶ
1641 1661 1800 1718 Θεοῦ.

384 1841 403 1873 t
459 1822 714 1894 Ἐζήτουν
739 1821 832 1880 οὖν
855 1826 1016 1881 αὐτὸν
1042 1830 1256 1897 πιάσαι,
1287 1833 1382 1886 καὶ
1407 1834 1582 1898 οὐδεὶς
1608 1837 1874 1892 ἐπέϐαλεν

303 1913 388 1963 ἐπ’
435 1913 596 1966 αὑτὸν
646 1913 744 1985 τὴν
800 1917 989 1986 χεῖρα,
1053 1919 1138 1972 ὅτι
1185 1917 1338 1974 οὔπω
1385 1922 1636 1995 ἐληλύθει
1683 1929 1716 1998 ἡ
1755 1926 1872 2000 ὥρα

297 2004 488 2059 αὑτοῦ.
534 2023 555 2053 ι

369 2097 467 2149 Διὰ
498 2097 684 2150 τούτου
717 2098 1084 2170 μανθάνομεν,
1116 2103 1198 2155 ὅτι
1229 2102 1370 2156 ἑκὼν
1399 2104 1619 2170 ἔπαθεν,
1645 2109 1741 2163 καὶ
1769 2111 1871 2164 οὐκ

297 2189 362 2240 ὲκ
403 2187 712 2255 πλεονεξίας
757 2191 1058 2262 Ἰουδαϊκῆς
1102 2193 1450 2264 συλληφθείς.
1487 2199 1659 2268 Ὥραν
1687 2200 1744 2254 δὲ
1782 2201 1871 2255 λέ-

296 2294 383 2344 -γει
417 2279 515 2348 τὴν
538 2279 798 2351 εὔκαιρον
825 2283 934 2336 τῶν
956 2285 1300 2356 πραγμάτων
1324 2286 1572 2348 ἑκϐασιν.

370 2388 389 2419 ι
434 2371 712 2424 Ἤκουσαν
752 2375 801 2426 οἱ
850 2375 1137 2445 Φαρισαῖοι
1181 2376 1276 2430 τοῦ
1298 2378 1476 2449 ,ὄχλου
1509 2383 1870 2451 γογγύζοντος

295 2465 424 2533 περὶ
473 2465 637 2518 αὐτοῦ
666 2468 867 2520 ταῦτα’
907 2467 1002 2521 καὶ
1022 2469 1353 2526 ἀπέστειλαν
1384 2473 1433 2525 oi
1460 2475 1743 2546 Φαρισαῖοι
1775 2479 1870 2532 καὶ

293 2555 342 2605 οἱ
399 2554 700 2627 Ἀρχιερεῖς
729 2557 1029 2626 ὑπηρέτας,
1061 2559 1150 2613 ἵνα
1179 2561 1448 2616 πιάσωσιν
1474 2564 1657 2619 αὐτόν.
1705 2585 1724 2619 ι

363 2645 440 2694 Δι’
495 2640 569 2697 ὧν
614 2646 936 2714 ἐγόγγυζον,
1000 2648 1284 2716 φαίνονται
1337 2653 1732 2726 ἀποδεχόμενοι
1775 2658 1867 2711 τὸν

294 2732 551 2800 Χριστὸν,
591 2737 684 2789 καὶ
715 2735 960 2802 θέλοντες
1001 2739 1112 2793 ἀπὸ
1141 2739 1253 2794 τῶν
1280 2743 1604 2813 ἡγουμένων
1639 2746 1867 2818 ἀποσχί-

293 2837 405 2874 σαι.
460 2823 639 2894 Ὅπερ
695 2827 1076 2899 αἰσθανόμενοι
1123 2832 1174 2885 οἱ
1231 2834 1557 2904 ἡγούμενοι,
1612 2836 1865 2910 ἔπεμψαν

293 2910 653 2966 συλλαϐέσθαι
697 2915 878 2981 αὑτὸν,
908 2918 996 2971 διὰ
1037 2920 1195 2976 τοῦτο
1236 2923 1418 2994 μόνον,
1439 2924 1521 2978 ὅτι
1545 2927 1865 2984 ἐπιστεύετο

289 2996 426 3052 εἶναι
454 3004 480 3054 6
503 3003 788 3073 Χριστόςῑ.
1209 3009 1226 3024 ί

1991 505 2170 551 autem
2201 513 2323 552 cum
2352 485 2585 566 venerit,
2619 516 2779 558 nemo
2807 503 2910 559 scit
2942 505 3085 561 unde
3111 507 3204 563 sit.
3241 525 3263 560 ι

2067 585 2212 642 Bene
2258 588 2483 654 dicitur,
2531 603 2656 646 cum
2709 595 2918 650 venerit
2962 595 3231 664 Christus,
3286 602 3555 659 neminem

1987 678 2126 733 scire
2173 683 2316 734 unde
2363 680 2454 747 sit,
2485 698 2607 738 cum
2641 685 2842 741 etenim
2886 702 3075 743 verum
3123 690 3291 747 Deum
3336 709 3404 750 ex
3449 713 3556 766 quo

1984 781 2105 822 sum
2133 770 2382 837 nescitis,
2419 771 2559 828 nihil
2604 776 2802 831 mirum
2839 779 2982 847 quod
3009 779 3272 850 ignoratis
3319 800 3405 842 me
3433 802 3555 843 esse

1981 858 2280 929 Christum,
2314 865 2622 922 nescientes
2654 865 2804 922 illum
2840 883 2908 924 ex
2934 885 3044 941 quo
3069 887 3213 928 sum.

2061 1037 2225 1094 Vens.
2259 1040 2348 1095 29.
2385 1061 2404 1094 ι
2434 1042 2546 1113 Ego
2579 1052 2757 1100 autem
2788 1047 2901 1103 scio
2930 1063 3075 1104 eum.
3109 1070 3130 1103 ι

2061 1127 2116 1182 ω
2166 1140 2248 1184 cst
2277 1149 2288 1184 :
2319 1131 2446 1188 Mihi
2519 1135 2615 1190 soli
2669 1148 2982 1207 perspectus
3032 1150 3138 1209 est,
3185 1157 3303 1197 cum
3360 1153 3550 1202 natura

1981 1233 2099 1273 mea
2135 1219 2273 1276 Deus
2295 1223 2420 1289 sim,
2448 1233 2503 1280 et
2531 1240 2638 1282 non
2668 1237 2877 1284 natura:
2925 1241 3146 1298 creatas,
3205 1234 3290 1288 cui
3321 1245 3548 1301 tantum,

1981 1317 2241 1376 quantum
2290 1314 2578 1382 cogitando
2626 1315 2771 1381 licet,
2829 1317 3044 1373 Patrem
3093 1335 3253 1376 nosse
3308 1321 3392 1377 fas
3438 1336 3544 1380 est.

1981 1395 2148 1453 Filius
2185 1414 2312 1456 vero
2362 1411 2528 1457 totum
2559 1405 2612 1458 in
2646 1407 2933 1475 semetipso
2957 1410 3354 1480 contemplatur
3381 1415 3552 1468 Geni-

1981 1497 2175 1556 torem,
2222 1491 2339 1559 ejus
2385 1493 2622 1563 denique
2673 1498 3027 1554 substantiam
3079 1502 3294 1570 propria
3323 1518 3417 1558 sua
3449 1520 3546 1558 na-

1979 1589 2099 1634 tura
2156 1583 2224 1636 ad
2276 1582 2454 1636 vivum
2485 1585 2761 1654 exprimit,
2804 1596 2966 1656 atque
3013 1603 3100 1654 eo,
3129 1606 3238 1659 quo
3283 1593 3542 1662 explicari

1979 1686 2083 1724 non
2145 1680 2342 1741 potest,
2385 1676 2543 1730 modo
2571 1677 2744 1746 ipsum
2777 1681 2942 1735 novit.
2995 1680 3125 1747 Quae
3153 1684 3297 1738 enim
3335 1685 3540 1754 divina,

1906 1768 1946 1822 Β
1976 1761 2138 1816 etiam
2176 1763 2470 1820 ineffabilia
2504 1775 2653 1821 sunt.

2039 1850 2200 1906 Vsus.
2229 1853 2319 1907 30.
2387 1871 2406 1904 ι
2436 1855 2759 1921 Qutcrehant
2781 1871 2908 1927 ergo
2934 1873 3055 1914 eum
3085 1863 3492 1931 apprehendere
3518 1885 3534 1922 :

1971 1948 2027 1994 et
2055 1955 2208 1996 nemo
2241 1943 2385 1998 misit
2417 1944 2468 1998 in
2500 1946 2646 2000 illum
2680 1963 2894 2018 manus,
2946 1951 3078 2021 quia
3109 1954 3344 2009 nondum
3375 1972 3538 2011 vene-

1973 2041 2056 2086 rat
2089 2033 2220 2088 hora
2247 2034 2383 2105 ejus.
2414 2054 2433 2087 ι

2043 2119 2182 2176 Hinc
2209 2123 2469 2181 discimus
2527 2126 2802 2183 Christum
2843 2141 3036 2201 sponte
3085 2148 3324 2204 passum,
3365 2145 3420 2191 ct
3446 2137 3542 2191 Ju-

1970 2211 2208 2267 dteorum
2240 2213 2443 2270 viribus
2475 2217 2695 2274 minime
2729 2232 3060 2292 superatum.
3109 2225 3306 2280 Horam
3335 2237 3535 2297 autem,

1968 2311 2124 2356 vocat
2148 2311 2504 2372 opportunam
2535 2322 2715 2363 rerum
2751 2313 3176 2368 exsecutionem.

2037 2393 2200 2449 Vens.
2231 2395 2321 2450 52.
2358 2414 2378 2448 ι
2407 2397 2705 2454 Audierunt
2735 2399 2991 2456 Pharisaei
3024 2404 3234 2458 turbam
3294 2420 3529 2459 murmu-

1969 2493 2178 2540 rantem
2207 2486 2273 2541 de
2301 2487 2392 2542 illo
2427 2488 2576 2544 haec:
2624 2499 2680 2544 et
2710 2491 2974 2546 miserunt
3007 2494 3280 2564 principes
3311 2505 3364 2550 et
3395 2498 3530 2564 pha-

1969 2576 2110 2631 risaai
2142 2578 2437 2642 ministros,
2475 2590 2531 2634 ut
2561 2583 3033 2651 apprehenderent
3056 2599 3202 2640 eum.
3239 2603 3256 2636 ι

2045 2665 2179 2730 Quia
2222 2668 2662 2734 murmurabant,
2723 2670 3046 2724 videbantur
3090 2672 3361 2727 Christum
3414 2688 3533 2729 sus-

1965 2757 2191 2822 cepturi,
2220 2766 2272 2811 et
2300 2758 2572 2827 principes
2591 2772 2722 2815 suos
2742 2759 2988 2815 deserere
3009 2760 3165 2815 velle.
3195 2762 3308 2818 Hoc
3336 2765 3520 2834 itaque

1962 2843 2234 2914 principes
2261 2846 2638 2918 intelligentes,
2668 2850 2932 2906 miserunt
2976 2851 3068 2922 qui
3099 2866 3222 2907 eum
3254 2867 3529 2925 caperent,

1962 2935 2046 2991 vel
2077 2937 2278 2994 idcirco
2309 2939 2504 3006 solum,
2534 2942 2678 3012 quod
2702 2938 2952 2998 Christus
3003 2944 3333 3000 crederetur.

363 3111 380 3143 ι
429 3095 517 3146 Ἐν
543 3095 600 3147 δὲ
627 3099 692 3167 τῇ
735 3099 936 3172 ἐσχάτῃ
975 3103 1267 3183 ἡμέρᾳκτῇ
1299 3105 1514 3177 μεγάλῃ
1538 3106 1636 3177 τῆς
1667 3107 1856 3180 ἑορτῆς

2031 3109 2198 3166 Vens.
2226 3112 2314 3166 57.
2356 3130 2376 3165 ι
2406 3113 2463 3168 ln
2492 3114 2789 3170 novissimo
2816 3123 2992 3170 autem
3035 3116 3123 3171 die
3151 3131 3345 3188 magno
3376 3119 3528 3176 festi-

289 3187 528 3254 εἱστήκει
559 3189 586 3239 6
647 3189 881 3260 ἰησοῦς,
937 3195 1033 3246 καὶ
1083 3195 1318 3265 ἐκραξε,
1359 3197 1565 3265 λέγων·
1609 3197 1734 3253 Ἐάν
1774 3219 1859 3266 τις

286 3278 431 3347 διψᾷ,
459 3279 703 3348 ἐρχέσθω
734 3283 869 3352 πρός
895 3301 984 3352 με,
1024 3285 1119 3338 καὶ
1142 3287 1366 3343 πινέτω.
1401 3305 1420 3339 ι

357 3370 485 3421 Ὅτε
527 3371 729 3434 πάντες
773 3374 1119 3446 συνέτρεχον,
1166 3378 1260 3431 καὶ
1297 3379 1523 3450 ἔμελλον
1551 3385 1855 3458 ἀναχωρεῖν

281 3459 484 3524 οἶκαδε,
513 3461 633 3514 τότε
664 3463 927 3530 διδάσκει,
954 3467 1042 3520 ἶνα
1073 3468 1274 3538 σχῶσιν
1301 3471 1512 3539 ἐφόδιον
1537 3476 1663 3541 τοὺς
1688 3478 1852 3531 αὑτοῦ

281 3549 493 3618 λόγους.
536 3552 752 3624 Ἐπειδὴ
785 3554 841 3606 δὲ
884 3556 912 3607 6
940 3556 1101 3626 νόμος
1129 3558 1335 3629 κλητὴν
1386 3563 1545 3631 ἁγίαν
1580 3567 1734 3620 καλεῖ
1755 3569 1853 3640 τὴν

280 3641 515 3712 ἑϐδόμην
559 3642 670 3695 ἔθει
710 3644 956 3715 παλαιῷ,
990 3649 1082 3700 καὶ
1112 3649 1522 3724 Εὑαγγελιστὴς
1557 3657 1852 3730 ἀκολουθή-

282 3749 402 3794 σας,
437 3734 684 3804 μεγάλην
713 3735 883 3806 αὐτὴν
915 3732 1089 3792 εἶπεν.

356 3840 372 3872 ι
418 3823 587 3876 Τοῦτο
622 3825 681 3877 δὲ
711 3823 831 3877 εἶπε
873 3826 1001 3896 περὶ
1027 3827 1120 3880 τοῦ
1163 3828 1496 3899 πνεύματος,
1524 3828 1585 3887 οὗ
1625 3835 1849 3905 ἔμελλον

280 3913 576 3982 λαμϐάνειν
619 3917 668 3968 οἱ
703 3917 1049 3981 πιστεύοντες
1096 3919 1178 3981 εἰς
1221 3921 1407 3976 αὐτόν.
1454 3923 1622 3978 Οὔπω
1645 3927 1752 3998 γὰρ
1779 3923 1848 3998 ἦν

283 4005 503 4074 Πνεῦμα
532 4005 707 4073 ἅγιον,
739 4009 821 4060 ὅτι
857 4009 885 4060 ό
932 4007 1138 4079 Ἰησοῦς
1162 4011 1374 4066 οὐδέπω
1407 4015 1683 4088 ἐδοξάσθη.
1719 4019 1749 4069 ι’

352 4097 466 4149 Οὐκ
500 4099 592 4150 ἐπὶ
631 4099 730 4168 τὴν
763 4100 1060 4153 ὑπόστασιν
1101 4101 1364 4176 ἀναφέρει
1394 4089 1482 4159 τὸν
1517 4107 1694 4176 λόγον,
1731 4109 1846 4164 ἀλλ’

277 4189 370 4240 ὲπί
400 4190 499 4260 τὴν
535 4191 628 4244 τοῦ
663 4192 979 4262 Πνεύματος
1005 4195 1306 4266 ἐνέργειαν,
1330 4199 1452 4269 ἥτις
1490 4185 1679 4270 γέγονε
1709 4205 1847 4275 μετὰ

274 4283 376 4346 τὴν
409 4281 501 4332 τοῦ
528 4283 765 4350 Χριστοῦ
806 4284 1104 4338 ἀνάστασιν
1125 4302 1139 4317 ·
1181 4287 1249 4340 δι’
1273 4283 1346 4342 ὧν
1383 4291 1457 4354 ὡς
1486 4288 1566 4356 εἷς
1601 4293 1660 4358 ἐξ
1687 4295 1843 4366 ἡμῶν

278 4370 441 4434 λύσας
470 4373 538 4424 τὰ
561 4373 734 4443 δεσμὰ
775 4375 870 4427 τοῦ
904 4376 1136 4430 θανάτου
1155 4418 1170 4442 ,
1199 4380 1397 4451 ἀνέστη
1419 4421 1433 4445 ,
1468 4385 1559 4435 καὶ
1582 4384 1840 4457 ἐδοξάσθη

274 4464 534 4532 Χριστος,
577 4466 669 4517 καὶ
709 4468 740 4535 ή
785 4469 934 4520 πᾶσα
986 4469 1372 4542 ἁνθρωπότης,
1420 4475 1494 4538 ὡς
1531 4476 1591 4529 ἐν
1620 4479 1838 4552 ἀπαρχῇ

272 4553 515 4624 Χριστῷ.
547 4555 657 4607 Καὶ
681 4557 808 4609 ὅταν
836 4557 1136 4627 ἐνεφύσησε
1160 4562 1274 4624 τοῖς
1303 4562 1572 4635 μαθηταῖς
1598 4566 1659 4618 τὸ
1688 4567 1842 4636 ἅγιον

276 4643 522 4716 Πνεῦμα,
554 4646 732 4712 ἔδοξεν
757 4649 933 4720 ἀρχὴν
953 4652 986 4720 ή
1011 4651 1173 4722 χάρις
1195 4650 1519 4721 λαμϐάνειν.

349 4835 370 4870 ι
408 4820 590 4874 Ἄλλοι
615 4820 830 4892 ἔλεγονο
862 4819 1029 4888 Οὗτός
1062 4827 1210 4879 ἐστιν
1229 4829 1256 4880 6
1280 4829 1534 4900 Χριστός.
1565 4804 1747 4888 Ἀλεῖοι
1787 4835 1844 4888 δὲ

272 4907 490 4978 ἔλεγον·
546 4912 638 4982 Μὴ
678 4914 788 4984 γὰρ
829 4915 893 4967 ἐκ
933 4916 1034 4985 τῆς
1087 4918 1374 4983 Γαλιλαίας
1414 4923 1441 4974 6
1483 4923 1716 4992 Χριστὸς
1752 4926 1844 4998 ἕρ-

269 5017 422 5070 χεται
442 5018 456 5067 ;
497 5022 516 5053 ι

340 5093 606 5165 Διάφορος
626 5090 694 5167 ἦν
718 5098 751 5166 ἠ
776 5096 991 5168 γνώμη,
1025 5099 1100 5163 ὡς
1122 5101 1180 5153 ὲν
1205 5100 1397 5171 πλήθει
1426 5108 1836 5179 τεταραγμένῳ.

267 5181 405 5234 osse
449 5183 558 5253 γὰρ
594 5185 840 5255 ἀκριϐῶς
873 5191 1160 5258 προσεῖχον
1187 5194 1296 5256 τοῖς
1322 5193 1670 5264 λεγομένοις,
1709 5198 1829 5250 οὐδὲ

264 5271 360 5323 τοῦ
389 5273 579 5342 μαθεῖν
603 5275 782 5331 ἕνεκα.
817 5279 917 5331 Διά
935 5280 1000 5348 δὴ
1021 5280 1180 5334 τοῦτο
1206 5283 1300 5337 καὶ
1322 5285 1473 5339 οὐδὲν
1493 5287 1671 5352 αὐτοῖς
1696 5290 1829 5342 ἁπο-

266 5365 532 5437 κρίνεται.

341 5473 362 5506 ι
405 5457 539 5526 υύχὶ
565 5460 600 5528 ἡ
627 5461 815 5532 Γραφὴ
859 5458 1045 5516 εἶπεν·
1097 5464 1219 5518 Ὀτι
1266 5468 1330 5520 ἐκ
1372 5470 1463 5523 τοῦ
1511 5472 1823 5542 σπέρματος

359 5634 373 5670 ἲ
401 5633 499 5688 Cr.
533 5633 596 5683 ad
622 5633 654 5684 Ι.
691 5632 776 5683 ῐνα
811 5633 969 5687 αὐτὸν
998 5633 1246 5688 ἀνέλωσι.

1959 3201 2144 3256 vitatis
2176 3199 2552 3270 stabatJesus,
2596 3213 2650 3258 et
2677 3204 2966 3272 clamabat,
3011 3205 3199 3264 dicens
3235 3225 3248 3262 :
3300 3208 3357 3265 Si
3409 3213 3530 3281 quis

1963 3290 2098 3355 sitit,
2130 3289 2317 3345 veniat
2347 3291 2415 3345 ad
2444 3305 2554 3357 me,
2593 3302 2648 3348 et
2676 3293 2846 3349 bibat.
2878 3312 2899 3348 ι

2027 3378 2132 3435 Ubi
2173 3394 2365 3436 omnes
2414 3394 2809 3450 convenerant,
2861 3391 2916 3441 et
2958 3382 3177 3441 domum
3232 3387 3526 3446 discessuri

1955 3477 2134 3536 erant,
2183 3479 2310 3526 tunc
2339 3474 2554 3527 demum
2586 3474 2764 3542 docet,
2792 3485 2851 3530 ut
2881 3489 2980 3545 pro
3011 3477 3207 3533 viatico
3255 3478 3373 3548 ejus
3401 3495 3520 3536 ser-

1954 3576 2143 3619 mones
2191 3565 2520 3636 acciperent.
2571 3565 2706 3622 Cum
2739 3575 2918 3622 autem
2946 3566 3030 3623 lex
3064 3569 3205 3623 diem
3235 3571 3524 3640 septimum

1952 3661 2196 3708 sanctum
2225 3663 2472 3711 vocatum
2499 3658 2669 3723 dicat,
2703 3672 2908 3713 morem
2955 3658 3233 3729 antiquum
3283 3661 3522 3719 imitatus

1949 3746 2296 3814 evangelista,
2329 3747 2469 3800 diem
2499 3746 2660 3802 istum
2688 3763 2939 3819 magnum
2967 3759 3142 3804 vocat.

2021 3835 2186 3891 Vens.
2216 3837 2306 3890 '59.
2339 3852 2359 3886 ι
2383 3835 2495 3890 Hoc
2524 3846 2703 3890 autem
2735 3839 2871 3892 dixit
2897 3839 2963 3893 de
2994 3838 3196 3908 Spiritu
3229 3855 3387 3909 quem
3431 3859 3522 3898 ac-

1954 3926 2163 3993 cepturi
2195 3933 2351 3979 erant
2380 3926 2666 3982 credentes
2695 3927 2747 3980 in
2781 3941 2927 3982 eum.
2951 3927 3201 3982 Nondum
3234 3931 3377 3984 enim
3401 3943 3522 3988 erat

1951 4017 2184 4086 Spiritus
2234 4016 2432 4080 datus,
2501 4015 2626 4084 quia
2678 4013 2838 4072 Jesus
2884 4019 3124 4073 nondum
3173 4027 3294 4074 erat
3351 4021 3519 4090 glori-

1946 4109 2156 4163 licatus.
2187 4125 2208 4159 ι

2012 4197 2130 4254 Non
2159 4197 2224 4252 ad
2255 4196 2564 4268 hypostasin
2595 4211 2895 4254 sermonem
2925 4199 3114 4266 refert,
3157 4204 3252 4259 sed
3277 4204 3343 4259 ad
3393 4203 3514 4274 Spi-

1945 4291 2082 4346 ritus
2117 4290 2510 4359 Operationem,
2537 4303 2656 4358 qua:
2681 4297 2802 4359 post
2827 4289 3028 4345 Christi
3063 4295 3511 4350 resurrectionem

1947 4380 2065 4445 fuit,
2099 4381 2316 4450 quando
2374 4389 2628 4448 tanquam
2669 4395 2810 4435 unus
2850 4381 3134 4450 ex;nobis,
3176 4388 3363 4439 mortis
3395 4387 3513 4440 vin-

1948 4473 2070 4527 cula
2101 4471 2404 4527 dissolvens
2431 4471 2750 4538 resurrexit,
2778 4479 2834 4525 et
2860 4470 3191 4541 gloriﬁcatus
3215 4483 3298 4528 est
3350 4476 3510 4531 Chri—

1944 4575 2086 4628 stus,
2123 4565 2253 4619 etin
2284 4563 2401 4633 ipso
2444 4572 2700 4633 tanquam
2745 4564 2798 4616 in
2829 4563 3086 4633 primitiis
3135 4566 3384 4620 universa
3413 4568 3511 4622 ho-

1943 4653 2145 4708 minum
2170 4663 2387 4709 natura.
2411 4653 2477 4708 Et
2499 4653 2715 4722 quando
2736 4653 3018 4723 inspiravit
3043 4655 3320 4723 discipulis
3337 4656 3508 4726 Spirio

1941 4750 2052 4796 tum
2081 4755 2348 4807 sanctum,
2368 4743 2481 4797 visa
2503 4752 2584 4798 est
2616 4743 2790 4812 gratia
2814 4743 2933 4812 ejus
2955 4745 3235 4798 exordium
3277 4748 3505 4816 cepisse.

2013 4835 2176 4890 Vens.
2209 4835 2299 4889 41.
2339 4834 2470 4888 «Alii
2505 4834 2797 4890 dicebant:
2822 4833 2922 4888 Hic
2949 4844 3032 4889 est
3066 4834 3338 4890 Christus.
3375 4836 3508 4901 Qui-

1938 4925 2056 4979 dam
2098 4933 2278 4978 autem
2337 4923 2627 4978 dicebant:
2679 4922 2930 4994 Nunquid
2986 4939 3017 4979 a
3073 4923 3291 4980 Calilaea
3344 4925 3492 4980 venit

1935 5014 2227 5069 Christus?
2259 5032 2279 5066 ι

2008 5105 2229 5160 Diversa
2251 5115 2367 5160 erat
2391 5105 2684 5170 sententia,
2725 5115 2917 5176 utpote
2943 5107 2998 5161 in
3024 5108 3336 5176 perturbata
3370 5109 3506 5162 mul-

1945 5197 2190 5251 titudine.
2233 5196 2416 5268 Neque
2447 5199 2589 5253 enim
2640 5198 2923 5269 diligenter
2977 5197 3159 5253 verbis
3184 5197 3303 5268 ejus
3331 5208 3504 5254 atten-

1936 5290 2154 5355 dehant,
2174 5304 2348 5360 neque
2376 5300 2433 5346 ut
2454 5291 2746 5347 discerent.
2773 5291 3058 5361 Propterea
3081 5294 3245 5347 etiam
3276 5291 3408 5346 nihil
3426 5294 3504 5348 eis

1935 5381 2182 5434 Christus
2221 5381 2518 5450 respondit.

2009 5474 2167 5529 Vens.
2196 5473 2286 5530 ιε.
2329 5491 2347 5526 ι
2379 5472 2571 5530 Nonne
2600 5472 2882 5544 Scriptura
2921 5473 3054 5530 dicit
3080 5487 3094 5526 :
3146 5471 3281 5540 Quia
3312 5487 3380 5531 ex
3410 5486 3499 5530 se-
