4038 6148
539 265 559 334 Ῑ
572 268 675 338 447

1673 271 2012 334 ΔΜΜΟΝΙΙ
2051 271 2584 335 ALEXANDRINI

3654 275 3799 343 1448

533 386 681 440 tuine
707 384 874 442 David
905 394 961 442 et
990 386 1057 443 de
1080 385 1356 443 Bethleem
1413 385 1657 454 castello,
1713 387 1806 443 ubi
1837 398 1955 443 erat
2007 389 2099 443 Da-

2219 388 2381 444 Δασὶδ
2403 391 2498 444 καὶ
2527 387 2637 443 ἀπὸ
2661 387 2912 461 Βηθλεὲμ
2940 390 3040 461 τῆς
3061 388 3275 463 κώμης,
3299 389 3446 444 ὅπου
3463 387 3534 463 ἦν
3553 394 3744 460 Δαόὶδ,
3767 398 3800 447 ό

533 474 643 540 vid,
673 474 821 529 venit
849 474 1143 530 Christus?
1171 494 1191 527 ι

604 565 816 634 Optime
845 566 1059 634 quidem
1088 567 1364 634 dixerunt,
1399 582 1468 625 ex
1509 569 1724 625 semine
1753 567 1919 624 David
1950 575 2003 623 et
2029 582 2095 623 ex

529 653 802 709 Bethleem
817 653 1094 710 Christum
1115 658 1569 725 proditurum,sed
1589 668 1806 729 propter
1818 657 2106 722 Nazareth,

529 741 619 797 ubi
637 741 1112 811 educatust'uerat,
1139 744 1484 814 fallebantur,
1514 749 1724 804 tametsi
1750 748 1805 803 in
1832 747 2104 804 Bethleem

526 847 596 888 ex
622 832 829 903 virgine
855 835 920 890 de
949 836 1119 906 stirpe
1143 837 1309 894 David
1340 849 1502 895 natus
1532 850 1702 896 esset.

1145 1025 1299 1082 CAP.
1339 1026 1474 1082 Vill.

597 1135 766 1192 Vens.
797 1137 887 1192 l2.
924 1153 946 1189 ι
990 1137 1190 1192 iterum
1240 1154 1366 1210 ergo
1402 1142 1614 1196 locutus
1657 1151 1742 1197 est
1775 1141 1966 1207 Jcsus,
2020 1143 2100 1196 di-

526 1240 655 1282 cens
694 1245 707 1280 :
742 1228 852 1298 Ego
894 1242 1014 1282 sum
1046 1229 1137 1283 lux
1176 1232 1358 1285 mundi
1395 1249 1408 1286 :
1439 1233 1528 1301 qui
1557 1235 1804 1302 sequitur
1835 1251 1954 1298 me,
2000 1252 2102 1289 non

527 1315 767 1370 ambulat
799 1315 854 1369 in
891 1317 1157 1384 tenebris,
1191 1319 1284 1374 sed
1311 1319 1528 1376 habebit
1551 1322 1728 1378 lumen
1762 1324 1906 1377 vitm.
1939 1342 1956 1375 ι

597 1487 849 1544 Ostendit
875 1504 934 1544 se
963 1505 1085 1546 eum
1117 1505 1264 1555 esse,
1301 1493 1366 1548 de
1396 1509 1502 1562 quo
1536 1495 1851 1564 prmdictum
1884 1497 2058 1551 fuerat
2087 1515 2100 1551 :

526 1577 666 1633 Ecce
696 1581 847 1648 posui
872 1588 920 1634 te
948 1582 1003 1635 in
1036 1581 1204 1636 lucem
1233 1587 1464 1654 gentium
1491 1587 1558 1650 ⁸⁸,
1595 1601 1762 1654 seque
1795 1602 1900 1640 non
1936 1603 2099 1640 unum

524 1683 593 1722 ex
641 1669 957 1737 pr0phetis,
1002 1672 1098 1725 sed
1147 1673 1384 1740 ipsorum
1416 1672 1705 1728 Dominum
1739 1689 1880 1730 esse.
1918 1675 2101 1745 Neque

523 1758 666 1812 dixit
710 1758 812 1812 :Iu
864 1775 950 1814 me
982 1769 1071 1815 est
1117 1761 1207 1816 lux
1252 1763 1476 1828 mundi,
1522 1765 1650 1829 sed,
1690 1763 1802 1834 Ego
1840 1782 1955 1820 sum
2009 1777 2103 1821 tua:

524 1853 740 1918 mundi,-
773 1868 843 1909 ne
886 1854 1008 1924 quis
1040 1856 1293 1911 videlicet
1360 1857 1638 1912 Christum
1684 1860 1738 1913 in
1780 1859 1915 1914 duos
1965 1861 2102 1914 filios

527 1944 751 2000 dividat.
792 1943 945 2001 Unus
995 1945 1264 2014 siquidem
1323 1946 1577 2002 Christus
1622 1957 1730 2003 tam
1776 1960 1903 2004 ante
1938 1967 2098 2019 quam

525 2044 647 2105 post
691 2051 910 2092 carnem
957 2046 1287 2105 assumptam
1311 2076 1327 2102 ,
1364 2053 1610 2107 unusque
1643 2053 1806 2094 verus
1850 2053 1914 2094 ac
1954 2041 2102 2097 solus

520 2143 587 2183 ex
620 2127 728 2183 Deo
748 2127 910 2184 Patre
935 2127 1122 2186 Filius.
1155 2130 1386 2198 Quando
1407 2130 1572 2184 etiam
1599 2129 1773 2184 factus
1801 2138 1887 2184 est
1911 2130 2096 2195 homo,

523 2235 864 2290 nequaquam
916 2222 1162 2276 mutilata
1209 2220 1310 2276 fuit
1359 2221 1594 2276 hominis
1644 2228 1835 2274 natura
1877 2238 1892 2276 :
1931 2220 2101 2289 ipsius

521 2314 667 2367 enim
701 2312 975 2384 proprium
1005 2328 1206 2384 corpus
1230 2321 1333 2378 est,
1364 2311 1748 2380 Christumque
1771 2321 1892 2383 post
1917 2311 2100 2366 incar-

521 2409 800 2464 nationem
832 2409 1074 2464 dividere
1106 2410 1160 2464 in
1190 2409 1326 2464 duos
1352 2407 1543 2472 Filios,
1577 2407 1662 2463 vel
1695 2408 1828 2463 duas
1853 2415 2098 2475 naturas,

521 2514 675 2569 teque
706 2499 931 2570 impium
966 2509 1048 2555 est
1078 2509 1242 2570 atque
1272 2498 1674 2568 blasphemum.

598 2589 758 2645 Vens.
795 2591 876 2645 14.
907 2610 926 2642 ι
957 2589 1094 2658 Quia
1123 2591 1236 2646 scio
1257 2591 1398 2645 unde
1422 2592 1566 2656 veni,
1592 2601 1646 2646 et
1668 2605 1776 2660 quo
1799 2591 1971 2647 vado:
2003 2605 2098 2646 vos

521 2692 702 2737 autem
735 2683 960 2738 nescitis
990 2683 1133 2737 unde
1165 2683 1346 2748 venio,
1379 2691 1474 2737 aut
1498 2697 1607 2753 quo
1643 2684 1800 2740 vado.
1835 2700 1855 2735 ι

591 2771 650 2827 Si
684 2773 973 2827 scivissent
1011 2773 1182 2843 ipsum
1217 2787 1340 2829 esse
1371 2773 1566 2828 Filium
1619 2773 1748 2838 Dei,
1795 2781 1850 2828 et
1893 2787 1924 2827 e
1959 2771 2097 2827 caelo

2209 478 2446 548 Χριστὸς
2473 479 2694 550 ἔρχεται
2710 497 2726 548 ;
2763 499 2784 533 r

2279 570 2480 633 Καλῶς
2534 571 2633 641 μὲν
2670 572 2880 641 ἔλεγον,
2921 573 3004 626 δτι
3049 572 3135 626 δεῖ
3159 574 3223 626 ὲκ
3266 573 3587 646 σπέρματος
3623 575 3799 629 Δασὶδ

2207 662 2302 713 καὶ
2326 662 2434 715 ἀπὸ
2461 662 2712 734 Βηθλεὲμ
2736 663 2996 734 ἔρχεσθαι
3031 664 3124 718 τὸν
3160 665 3400 736 Χριστόν
3419 681 3433 695 ο
3475 665 3800 721 ἐπλανῶντο

2206 753 2266 806 δὲ
2291 752 2380 806 διὰ
2404 754 2505 824 τὴν
2525 754 2800 826 Ναζαρὲτ,
2825 757 2882 808 ὲν
2959 751 3028 822 ἦν
3054 755 3563 826 ἀνατεθραμμένος,
3587 757 3800 828 καίπερ

2207 844 2559 912 γεννηθέντος
2582 845 2748 899 αὑτοῦ
2777 848 2835 899 ὲν
2873 846 3144 918 Βηθλεὲμ,
3172 847 3236 900 ὲκ
3267 847 3369 918 τῆς
3399 847 3673 918 παρθένου
3696 849 3801 918 τῆς

2208 936 2272 987 ἐκ
2298 935 2485 990 Δαϐἰδ.

2810 1047 3065 1103 ΚΕΦᾹΛ.
3095 1049 3179 1103 H'.

2283 1179 2302 1212 ι
2333 1158 2502 1212 Πάλιν
2525 1157 2618 1213 οὖν
2643 1161 2671 1213 ό
2698 1159 2905 1230 Ἰησοῦς
2934 1160 3120 1225 αὐτοῖς
3139 1159 3392 1232 ὲλάλησε,
3412 1161 3610 1230 λέγων·
3649 1161 3803 1231 Ἐγώ

2206 1250 2319 1319 εἰμι
2352 1251 2412 1303 τὸ
2442 1250 2556 1319 φῶς
2589 1250 2683 1302 τοῦ
2716 1251 2920 1322 κόσμου
2943 1267 2956 1282 ⁸
3006 1253 3034 1304 ὀ
3072 1251 3380 1304 ἀκολουθῶν
3412 1252 3570 1322 ἐμοὶ,
3621 1253 3685 1306 οὑ
3720 1253 3803 1324 μὴ

2211 1344 2560 1412 περιπατήσῃ
2611 1344 2668 1394 ἐν
2706 1345 2772 1412 τῇ
2826 1342 3049 1414 σκοτίᾳ,
3099 1341 3215 1394 ἀλλ’
3265 1340 3377 1405 ἔξει
3420 1342 3484 1395 τὸ
3527 1341 3649 1410 φῶς
3693 1345 3803 1413 τῆς

2206 1433 2372 1502 ζωῆς.
2409 1451 2428 1483 ι

2275 1525 2350 1591 (9)
2369 1523 2650 1577 Δείκνυσιν
2674 1525 2755 1577 ὅτι
2773 1523 2935 1586 αὑτός
2953 1524 3068 1578 ἐστι
3091 1525 3218 1597 περὶ
3241 1515 3303 1579 οὗ
3334 1527 3800 1597 προανεφωνήθη.

2217 1610 2374 1666 Ἰδοὺ
2399 1613 2630 1666 τέθεικά
2660 1631 2734 1667 σε
2761 1617 2848 1679 εἰς
2889 1614 3016 1683 φῶς
3043 1614 3236 1668 ἐθνῶν
3259 1654 3275 1680 ,
3304 1616 3398 1668 καὶ
3439 1615 3542 1685 οὑχ
3576 1612 3659 1679 εἷς
3685 1616 3800 1668 τῶν

2139 1726 2178 1780 Β
2207 1704 2502 1774 προφητῶν
2520 1744 2535 1768 ,
2565 1705 2702 1758 ἀλλὰ
2732 1706 3032 1776 Δεσπότης.
3069 1707 3292 1760 Ἑαυτὸν
3315 1703 3437 1762 εῐπε
3470 1708 3533 1761 τὸ
3554 1709 3673 1777 φῶς
3693 1723 3708 1737 ’
3735 1709 3799 1761 οὗ

2210 1797 2340 1867 μὴν,
2361 1796 2444 1848 ὅτι
2478 1797 2569 1848 Ἐν
2597 1797 2721 1865 ἐμοί
2766 1798 2884 1850 ἐστι
2916 1797 2978 1850 τὸ
3003 1797 3139 1866 φῶςο
3172 1801 3263 1851 ἵνα
3301 1798 3376 1869 μή
3403 1816 3490 1861 τις
3521 1801 3604 1861 εἰς
3628 1799 3800 1853 δυάδα

2207 1886 2338 1940 υἱῶν
2378 1887 2612 1959 διατέμῃ
2653 1888 2742 1942 τὸν
2767 1888 2868 1944 ἕνα
2908 1889 3167 1960 Χριστόν.
3197 1883 3292 1952 Εἷς
3320 1889 3430 1960 γάρ
3449 1890 3638 1944 ἔστινὸ
3660 1891 3801 1958 Χρι-

2210 1975 2370 2040 στὸς,
2407 1977 2501 2030 καὶ
2535 1978 2641 2048 πρὸ
2690 1979 2924 2048 σαρκὸς,
2965 1980 3062 2033 καὶ
3111 1980 3254 2049 μετά
3300 1980 3528 2050 σαρκὸς,
3572 1981 3669 2034 καὶ
3712 1974 3800 2044 εἷς

2206 2063 2303 2118 καὶ
2345 2065 2505 2135 μόνος
2545 2069 2668 2120 κατ’
2714 2068 2976 2138 ἀλήθειαν
3021 2071 3154 2134 Υἱὸς
3186 2073 3215 2125 ό
3255 2073 3321 2125 ἐκ
3365 2071 3505 2126 Θεοῦ
3553 2073 3796 2144 Πατρός.

2206 2157 2315 2210 Καὶ
2356 2157 2446 2210 ὅτε
2474 2157 2701 2226 γέγονεν
2733 2158 3020 2230 ἄνθρωπος
3041 2200 3056 2225 ,
3092 2161 3196 2216 οὑκ
3218 2164 3277 2216 ὲν
3314 2163 3474 2234 μέρει
3500 2162 3798 2234 τιθεμένης

2205 2244 2304 2312 τῆς
2344 2243 2631 2314 ἀνθρώπου
2665 2245 2915 2315 φύσεως·
2957 2248 3123 2302 αὑτοῦ
3173 2249 3282 2320 γὰρ
3314 2251 3445 2305 ἴδιον
3486 2251 3549 2315 τὸ
3594 2253 3794 2322 σῶμα,

2206 2334 2303 2388 καὶ
2338 2335 2400 2388 τὸ
2429 2335 2740 2406 διατέμνειν
2776 2340 2869 2393 τὸν
2911 2340 3148 2412 Χριστὸν
3199 2342 3340 2412 μετά
3382 2343 3483 2414 τὴν
3516 2344 3796 2414 σάρκωσιν

2206 2426 2287 2491 εἰς
2315 2426 2408 2482 δύο
2438 2427 2679 2500 Υ,ἰοὺς.ἧ
2709 2429 2803 2485 δύο
2833 2430 3048 2501 φύσεις,
3078 2433 3279 2486 ταυτόν
3301 2435 3421 2487 ἐστι
3447 2433 3790 2506 βλάσφημον.

2281 2621 2299 2654 ι
2341 2603 2464 2657 Ὀτι
2493 2599 2607 2659 οἶδα
2639 2605 2804 2659 πόθεν
2848 2604 3047 2684 ἦλθον,
3085 2608 3182 2662 καὶ
3225 2608 3332 2664 ποῦ
3365 2609 3603 2680 ὑπάγω⁶
3635 2611 3795 2683 ὑμεῖς

2205 2693 2260 2747 δὲ
2287 2693 2387 2747 οὑκ
2408 2695 2585 2748 οἴδατε
2616 2695 2781 2750 πόθεν
2810 2696 3065 2767 ἔρχομαι,
3096 2697 3194 2752 καὶ
3229 2699 3335 2752 ποῦ
3366 2699 3588 2769 ὑπάγω.
3623 2719 3647 2753 ›

2273 2784 2335 2836 Ei
2369 2784 2589 2855 ᾔδεισαν
2620 2786 2702 2839 ὅτι
2729 2785 2864 2839 Θεοῦ
2889 2789 3037 2840 ἐστιν
3059 2796 3100 2824 ω
3130 2788 3281 2853 Υἱὸς,
3310 2792 3407 2844 καὶ
3431 2791 3528 2846 ἀπ’
3555 2790 3789 2861 οὐρανοῦ

520 2862 905 2928 descendisse,
959 2863 1376 2934 haudquaquam
1422 2878 1556 2919 sane
1604 2872 1828 2933 propter
1865 2876 2093 2932 corpus,

2219 2872 2482 2927 ιατελθὼν
2505 2914 2520 2940 ,
2549 2874 2650 2926 οὑκ
2689 2874 2754 2929 ἂν
2800 2874 2888 2929 διά
2919 2877 2979 2929 τὸ
3015 2876 3350 2947 βλεπόμενον
3387 2880 3554 2950 σῶμα
3590 2883 3791 2934 ἐσκαν-

521 2952 667 3020 quod
698 2954 1016 3019 cernebant,
1043 2954 1391 3008 seandalizati
1421 2953 1670 3009 fuissent.
1704 2953 1870 3020 Deus,
1900 2953 2093 3021 inquit,

2219 2963 2500 3028 ἴαλίζοντο.
2529 2964 2662 3028 Θεός
2680 2967 2818 3036 εἰμι,
2845 2968 3003 3037 φησὶ,
3039 2969 3134 3021 καὶ
3159 2969 3474 3034 ἀξιόπιστος
3494 2971 3732 3042 ἐμαυτοῦ
3760 2980 3789 3008 ιι

521 3056 662 3104 sum,
689 3051 744 3095 et
766 3041 988 3096 idoneus
1013 3043 1116 3097 mei
1147 3043 1317 3112 ipsius
1345 3045 1517 3100 testis.
1547 3044 1655 3100 Vos
1677 3053 1860 3100 autem
1891 3045 2094 3098 idcirco

2219 3056 2408 3126 ιάρτυς
2428 3065 2476 3110 υ.
2514 3055 2702 3127 Ὑμεῖς
2725 3058 2781 3110 δὲ
2803 3057 2892 3111 διὰ
2911 3058 3074 3112 τοῦτό
3095 3077 3163 3130 με
3185 3069 3214 3112 P
3237 3062 3339 3115 οὐκ
3363 3041 3565 3125 οῖδατε,
3593 3062 3791 3134 ἐπειδὴ

521 3142 610 3184 me
653 3143 761 3183 non
801 3130 1163 3199 coguovistis,
1213 3132 1338 3201 quia
1383 3132 1516 3186 nihil
1552 3142 1916 3202 praeterquam
1964 3135 2099 3201 quod

2219 3147 2359 3200 >ὑδὲν
2390 3147 2574 3201 θέλετε
2601 3149 2696 3208 τοῦ
2729 3149 2804 3221 μὴ
2845 3152 3173 3222 φαινομένου
3207 3156 3366 3208 νοεῖν.
3409 3155 3521 3207 Οὑκ
3555 3151 3679 3206 εἷπε
3703 3130 3790 3219 δὲ,

521 3229 748 3292 apparet
797 3219 1096 3290 intelligere
1139 3223 1320 3277 vultis.
1359 3221 1481 3278 Non
1525 3223 1660 3278 dixit
1700 3233 1880 3278 autem
1909 3262 1925 3287 ,
1962 3223 2099 3289 Quia

2219 3238 2287 3289 ἔτι
2311 3237 2444 3300 Θεός
2464 3239 2599 3307 εἰμι,
2629 3219 3284 3314 ἀλλά,11όθενέρχομαι,
3317 3243 3543 3298 ταπεινά
3573 3245 3790 3314 μιγνὺς

521 3312 664 3368 Deus
705 3328 824 3369 sum
851 3352 867 3378 ,
911 3312 1003 3367 sed
1034 3313 1172 3368 unde
1211 3314 1394 3379 venio,
1429 3313 1654 3368 humilia
1688 3313 2099 3369 sublimioribus

2219 3327 2316 3390 τοῖς
2351 3326 2577 3398 ὑψηλοῖς
2606 3338 2656 3382 ιι.

523 3418 780 3458 1111808118.

591 3493 758 3549 Vens.
785 3495 872 3548 l5.
904 3511 924 3546 ‹
958 3494 1068 3548 Vos
1103 3495 1400 3549 secundum
1427 3505 1647 3548 carnem
1675 3491 1930 3562 iudicatis
1959 3511 1973 3549 :
2003 3510 2102 3568 ego

522 3601 628 3638 non
652 3585 841 3652 judico
871 3599 1220 3652 quemquam.
1267 3601 1286 3636 ι

593 3674 808 3743 Corpus
845 3689 1022 3729 meum
1059 3675 1203 3744 quod
1240 3685 1463 3744 apparet
1514 3673 1822 3742 intuentes,
1856 3676 1992 3731 falso
2035 3678 2100 3733 de

522 3779 608 3820 me
634 3765 915 3833 judicatis.
956 3764 1070 3837 Ego
1105 3783 1209 3819 non
1230 3767 1418 3834 judico
1445 3783 1777 3837 quamquam.
1809 3767 1925 3823 Non
1953 3772 2095 3825 enim

521 3860 588 3912 ad
615 3859 716 3913 hoc
740 3859 883 3924 veni,
917 3875 1038 3912 cum
1065 3859 1301 3913 nondum
1333 3859 1406 3914 sit
1431 3861 1870 3930 tempusjndicii.
1910 3863 1966 3917 Si
2000 3878 2095 3916 au-

523 3960 629 4005 tem
649 3947 895 4017 judicare
920 3948 1231 4011 voluissem,
1256 3963 1355 4004 vos
1372 3949 1484 4018 jam
1509 3951 1701 4006 essetis
1726 3950 2093 4007 condemnati.

519 4039 637 4096 Non
672 4041 794 4095 veni
847 4055 992 4096 nunc
1037 4039 1108 4095 ad
1152 4039 1497 4115 iudicandum
1533 4043 1828 4109 mundum,
1885 4046 1979 4099 sed
2027 4047 2094 4099 ad

522 4131 860 4187 salvandum.

2219 4145 2284 4198 ’ὸν
2309 4144 2536 4216 κόσμον,
2559 4147 2677 4200 ἀλλ’
2704 4150 2783 4212 εἰς
2805 4149 2867 4202 τὸ
2893 4150 3085 4205 σῶσαι.

593 4222 759 4274 Vens.
794 4220 881 4274 16.
921 4239 940 4272 σ
971 4219 1240 4282 Judicium
1275 4235 1454 4276 meum
1487 4236 1672 4277 verum
1704 4232 1822 4288 est,
1853 4223 1976 4293 quia
2007 4239 2096 4278 so-

2268 4257 2287 4290 ‹
2349 4241 2416 4292 Ἦ
2453 4239 2702 4314 κρίσιςὴ
2741 4242 2850 4313 ἐμὴ
2893 4243 3100 4314 ἀληθής
3139 4245 3316 4310 ἐστιν,
3368 4245 3453 4297 ὅτι
3490 4244 3653 4313 μόνος
3695 4242 3789 4295 οὑκ

529 4312 611 4366 lus
639 4327 743 4366 non
776 4326 916 4366 sum.
963 4331 982 4364 ι

2219 4331 2336 4401 ;ἱμί.
2372 4349 2392 4383 ι

601 4403 908 4458 Secundum
944 4404 1253 4472 opinionem
1293 4404 1599 4458 auditorum
1638 4403 1899 4472 loquitur.
1942 4403 2020 4457 Ac
2052 4403 2096 4457 si

2255 4392 2267 4401 I
2291 4422 2434 4492 Πρὸς
2476 4423 2573 4494 τὴν
2614 4423 2871 4479 ὑπόνοιαν
2909 4424 3018 4479 τῶν
3061 4426 3369 4479 ἀκουόντων
3417 4424 3589 4493 λέγει.
3626 4423 3791 4476 Τουτο

530 4493 676 4546 dicat
701 4507 715 4544 :
744 4492 1016 4547 Judicium
1043 4508 1219 4548 meum
1277 4493 1454 4547 Patris
1481 4501 1586 4547 est.
1614 4492 1800 4562 Neque
1826 4508 1927 4562 ego
1957 4493 2099 4548 aliter

2219 4511 2394 4564 ἐστιν·
2430 4513 2493 4565 Ἠ
2664 4516 2866 4581 κρίσις,
2899 4516 2994 4569 τοῦ
3030 4517 3242 4588 Πατρός
3278 4518 3416 4569 ἐστι·
3447 4492 3544 4571 καὶ
3572 4516 3673 4569 οὑκ
3699 4515 3790 4570 ἄλ·

524 4581 714 4648 judico
745 4598 905 4652 quam
936 4583 1122 4649 Pater,
1151 4597 1329 4652 neque
1359 4581 1520 4636 Pater
1553 4583 1711 4637 aliter
1734 4599 1891 4652 quam
1923 4584 2090 4638 Filius

2219 4602 2323 4665 λως
2359 4602 2469 4671 ἐγὼ
2499 4581 2653 4675 παρά
2688 4607 2778 4660 τὸν
2812 4609 3032 4678 Πατέρα
3066 4581 3256 4680 κρίνω,
3285 4611 3318 4680 ἢ
3351 4610 3380 4662 ὁ
3425 4609 3618 4681 Πατὴρ
3648 4608 3794 4678 παρὰ

530 4674 647 4730 Non
685 4677 838 4746 quasi
888 4675 1170 4731 imbecillis
1219 4676 1291 4731 sit
1339 4675 1406 4729 ad
1451 4673 1800 4741 iudicandum
1860 4675 1912 4730 id
1949 4676 2079 4730 dicit

2219 4691 2305 4742 τὸν
2334 4692 2482 4745 Υἰόν.
2515 4695 2627 4764 Οὐχ
2664 4695 2738 4759 ὠς
2774 4696 3016 4751 ἀσθενῶν
3045 4699 3176 4769 περὶ
3212 4699 3272 4752 τὸ
3307 4701 3492 4770 κρῖναι
3522 4697 3684 4750 τοῦτο
3721 4685 3792 4748 εἷ·

532 4770 626 4823 sed
665 4767 809 4838 quud
852 4766 1015 4822 Pater
1049 4783 1154 4821 una
1195 4783 1318 4823 cum
1367 4765 1504 4822 Filio
1540 4766 1883 4838 iudicaturus
1921 4767 1992 4822 sit
2020 4782 2099 4824 eos

2219 4796 2337 4844 πεν,
2373 4781 2491 4834 ἀλλ’
2535 4783 2619 4835 ὃτι
2659 4785 2758 4836 σὺν
2791 4784 2868 4855 τῷ
2901 4785 3016 4856 Υιῷ
3047 4788 3075 4840 ὁ
3106 4765 3296 4858 Πατὴρ
3337 4765 3526 4858 μέλλει
3559 4789 3740 4858 κρῖναι
3771 4796 3791 4823 ι

531 4859 622 4928 qui
653 4875 761 4914 non
796 4858 1147 4913 crediderunt
1177 4858 1229 4912 in
1265 4875 1386 4914 eum
1419 4860 1510 4929 qui
1544 4875 1572 4913 a
1599 4875 1657 4914 se
1687 4859 1884 4913 missus
1908 4869 2010 4914 est.

2222 4871 2346 4933 τοὺς
2375 4873 2740 4938 ἀπιστοῦντας
2768 4876 2846 4946 τῷ
2872 4878 3268 4948 ἀπεσταλμένῳ
3297 4879 3356 4942 ὲξ
3382 4877 3574 4934 αὑτοῦ.

613 4949 782 5005 Vnus.
835 4951 916 5005 l9.
965 4969 986 5003 ι
1024 4951 1288 5005 Dicebant
1340 4965 1470 5020 ergo
1513 4951 1563 5004 ei
1612 4963 1628 5003 :
1681 4950 1784 5005 Ubi
1833 4961 1917 5006 est
1961 4950 2099 5005 I‘atc‘

2306 4982 2322 5014 ι
2378 4965 2601 5032 Ἔλεγον
2649 4962 2740 5019 οὖν
2785 4969 2964 5040 αὑτῷ-
3016 4970 3128 5022 Ποῦ
3164 4972 3311 5024 ἐστιν
3355 4973 3384 5024 ό
3427 4970 3622 5039 Πατήρ
3677 4984 3794 5032 σβυς

534 5041 706 5095 tuus?
749 5040 1051 5108 Respondit
1103 5039 1263 5094 Jesus
1308 5056 1325 5093 :
1358 5040 1548 5109 Neque
1587 5055 1674 5096 me
1706 5041 1856 5097 scitis
1880 5079 1896 5107 ,
1944 5057 2099 5112 nequi

2233 5051 2532 5124 Ἀπεκρίθη
2569 5056 2598 5107 ὁ
2640 5057 2880 5128 Ἰησοῦς·
2908 5039 3066 5115 ίοὺτε
3118 5062 3218 5132 ἐμὲ
3263 5063 3476 5125 οἴδατε,
3529 5061 3656 5115 οὔτε
3709 5060 3798 5111 τὸν

533 5133 752 5188 Patrem
800 5147 979 5186 meum
1015 5147 1030 5184 :
1070 5132 1117 5188 si
1153 5146 1240 5187 me
1271 5131 1510 5198 sciretis,
1542 5131 1770 5188 forsitan
1821 5143 1874 5189 et
1905 5131 2098 5190 Patren

2224 5142 2440 5211 Πατέρα
2497 5161 2632 5215 μου·
2675 5149 2723 5200 εἰ
2767 5150 2866 5219 ἐμὲ
2918 5131 3265 5223 ᾔδειτεξκαὶ
3309 5151 3401 5207 τὸν
3433 5151 3659 5222 Πατέρα
3697 5165 3798 5220 μου

534 5239 712 5279 meum
749 5223 985 5279 sciretis.
1024 5242 1042 5276 ι

2225 5233 2402 5302 ᾔδειτε
2445 5236 2531 5289 ἄν.
2571 5257 2591 5290 ι

2278 3526 2296 3557 ι
2343 3506 2534 3578 Ὑμεῖς
2571 3507 2712 3562 κατὰ
2738 3509 2838 3582 τὴν
2867 3510 3046 3582 σάρκα
3086 3509 3334 3585 κρίνετε·
3379 3508 3488 3579 ἑγὼ
3521 3508 3584 3563 οὑ
3615 3507 3794 3582 κρίνω

2199 3597 2417 3650 οὐδένα.
2452 3616 2472 3649 ι

2270 3688 2413 3760 Πρὸς
2441 3691 2500 3742 τὸ
2531 3690 2856 3761 φαινόμενον
2891 3692 3054 3764 σῶμά
3083 3711 3187 3763 μου
3219 3692 3556 3763 ἀφορῶντες,
3582 3693 3790 3761 ἐσφαλ-

2201 3779 2379 3848 μένως
2422 3781 2491 3834 τά
2533 3784 2652 3835 κατ’
2685 3783 2818 3852 ἐμοῦ
2847 3792 2869 3822 ι’
2912 3785 3149 3857 κρίνετε.
3198 3785 3346 3856 Ἐγὼ
3380 3787 3453 3840 οὑ
3479 3786 3666 3854 κρίνω
3688 3788 3791 3840 οὐδ

2197 3868 2365 3924 δένα.
2410 3871 2484 3924 Οὑ
2528 3872 2636 3944 γὰρ
2664 3875 2757 3926 ἐπὶ
2785 3874 2996 3938 τούτοις
3041 3871 3229 3946 ἦλθον,
3267 3876 3502 3946 ἐπείπερ
3541 3877 3642 3930 οὐκ
3674 3875 3791 3928 ἔστι

2197 3961 2386 4032 καιρὸς
2423 3963 2678 4034 κρίσεως.
2723 3964 2787 4017 Εἰ
2833 3967 2941 4037 γὰρ
2984 3967 3176 4037 ἤθελον
3208 3970 3422 4039 κρῖναι,
3469 3967 3629 4038 ὑμεῖς
3665 3966 3773 4020 τῶν

2195 4055 2738 4124 καταδεδικασμένων
2769 4058 2916 4112 ἐστέ.
2943 4060 3058 4113 Οὑκ
3084 4056 3248 4132 ἦλθον
3279 4061 3372 4114 νῦν
3399 4063 3480 4124 εἰς
3508 4060 3573 4113 τὸ
3599 4062 3783 4130 κρῖναι

601 5339 646 5368 ’³
680 5338 783 5391 lsa.
821 5353 970 5401 xm,
1005 5337 1058 5392 9.

606 5464 644 5487 "
674 5455 766 5510 Cr.
803 5451 894 5549 ἦνξ
974 5455 1118 5544 “~Cr.
1145 5455 1444 5549 ξμαυτίξιζο
1664 5459 2024 5549 μαρτυρῶνἎ
2067 5471 2094 5510 P

2251 5463 2400 5547 μέν.-
2450 5478 2475 5516 q
2505 5468 2594 5549 Cr:
2627 5468 2883 5549 utilesin:
2917 5474 3154 5549 8‘s,_656¢
3202 5481 3340 5549 εἰμι,
3377 5478 3536 5544 ἀλλὰ,
3572 5495 3591 5528 t
3625 5472 3794 5549 n60“

537 5525 771 5597 ἔρχομαι
803 5527 898 5578 καὶ
926 5526 1028 5579 ποῦ
1059 5525 1276 5596 ὑπάγω.
1314 5545 1332 5579 ι
1361 5525 1758 5582 Ἐθελοκάικουν
1780 5525 1908 5597 γὰρ,
1939 5532 2035 5584 καὶ
2071 5525 2497 5602 προσεᾶτοιοῦντο
2530 5539 2606 5610 μὴ
2641 5525 2880 5598 εἰδέναιί
2924 5525 2966 5583 "—
2982 5525 3342 5619 Epigr:
3360 5525 3779 5616 aitzttaxEE‘aat

610 5639 690 5711 (9)
730 5640 853 5700 Haec
881 5653 1073 5700 catena
1098 5645 1340 5704 Crameri
1378 5652 1665 5708 Ammonio
1692 5653 1904 5708 tribuit.
