  <div class='ocr_page' id='page_1' title='image "/cluster/home/n/w/nwhite01/storage/ocr_20150623/85/mdp.39015032042783/732.png"; bbox 0 0 4038 6148; ppageno 0'>
   <div class='ocr_carea' id='block_1_1' title="bbox 264 355 417 433">
    <p class='ocr_par' dir='ltr' id='par_1_1' title="bbox 264 355 417 433">
     <span class='ocr_line' id='line_1_1' title="bbox 264 355 417 433; baseline -0.013 -14"><span class='ocrx_word' id='word_1_1' title='bbox 264 355 373 419; x_wconf 67' lang='lat' dir='ltr'><strong>tua</strong></span> <span class='ocrx_word' id='word_1_2' title='bbox 408 422 417 433; x_wconf 47' lang='lat'><strong>,</strong></span> 
     </span>
    </p>
   </div>
   <div class='ocr_carea' id='block_1_2' title="bbox 1285 330 2387 401">
    <p class='ocr_par' dir='ltr' id='par_1_2' title="bbox 1285 330 2387 401">
     <span class='ocr_line' id='line_1_2' title="bbox 1285 330 2387 401; baseline -0.011 1"><span class='ocrx_word' id='word_1_3' title='bbox 1285 338 1745 401; x_wconf 79' lang='lat' dir='ltr'><strong>FRAGMENTA</strong></span> <span class='ocrx_word' id='word_1_4' title='bbox 1793 332 1870 395; x_wconf 73' lang='grc' dir='ltr'><strong>ΙΝ</strong></span> <span class='ocrx_word' id='word_1_5' title='bbox 1917 335 1975 394; x_wconf 90' lang='lat' dir='ltr'><strong>S.</strong></span> <span class='ocrx_word' id='word_1_6' title='bbox 2016 330 2387 393; x_wconf 80' lang='lat' dir='ltr'><strong>JOANNEM.</strong></span> 
     </span>
    </p>
   </div>
   <div class='ocr_carea' id='block_1_3' title="bbox 3354 327 3488 394">
    <p class='ocr_par' dir='ltr' id='par_1_3' title="bbox 3354 327 3488 394">
     <span class='ocr_line' id='line_1_3' title="bbox 3354 327 3488 394; baseline 0.007 -3"><span class='ocrx_word' id='word_1_7' title='bbox 3354 327 3488 394; x_wconf 69' lang='grc'><strong>1450</strong></span> 
     </span>
    </p>
   </div>
   <div class='ocr_carea' id='block_1_4' title="bbox 321 441 1834 538">
    <p class='ocr_par' dir='ltr' id='par_1_4' title="bbox 321 449 1820 538">
     <span class='ocr_line' id='line_1_4' title="bbox 321 449 1820 538; baseline -0.014 -16"><span class='ocrx_word' id='word_1_8' title='bbox 321 469 411 522; x_wconf 80' lang='grc' dir='ltr'>Τὸν</span> <span class='ocrx_word' id='word_1_9' title='bbox 468 464 668 538; x_wconf 77' lang='grc' dir='ltr'>Ἰωσὴφ</span> <span class='ocrx_word' id='word_1_10' title='bbox 705 461 940 533; x_wconf 80' lang='grc' dir='ltr'>οἰόμενοι</span> <span class='ocrx_word' id='word_1_11' title='bbox 973 456 1138 511; x_wconf 75' lang='grc' dir='ltr'>αὐτοῦ</span> <span class='ocrx_word' id='word_1_12' title='bbox 1181 450 1321 508; x_wconf 80' lang='grc' dir='ltr'>εἶναι</span> <span class='ocrx_word' id='word_1_13' title='bbox 1383 452 1591 523; x_wconf 81' lang='grc' dir='ltr'>πατέρα</span> <span class='ocrx_word' id='word_1_14' title='bbox 1615 491 1630 515; x_wconf 86' lang='grc'><strong>,</strong></span> <span class='ocrx_word' id='word_1_15' title='bbox 1665 449 1820 503; x_wconf 75' lang='grc' dir='ltr'>τοῦτο</span> 
     </span>
    </p>
   </div>
   <div class='ocr_carea' id='block_1_5' title="bbox 1934 441 3490 538">
    <p class='ocr_par' dir='ltr' id='par_1_5' title="bbox 1993 441 3490 516">
     <span class='ocr_line' id='line_1_5' title="bbox 1993 441 3490 516; baseline -0.003 -16"><span class='ocrx_word' id='word_1_16' title='bbox 1993 445 2288 516; x_wconf 84' lang='lat' dir='ltr'><strong>Josephum</strong></span> <span class='ocrx_word' id='word_1_17' title='bbox 2334 452 2585 514; x_wconf 88' lang='lat' dir='ltr'><strong>putantes</strong></span> <span class='ocrx_word' id='word_1_18' title='bbox 2631 456 2753 499; x_wconf 87' lang='lat' dir='ltr'><strong>esse</strong></span> <span class='ocrx_word' id='word_1_19' title='bbox 2799 451 3008 513; x_wconf 99' lang='lat' dir='ltr'><strong>patrem</strong></span> <span class='ocrx_word' id='word_1_20' title='bbox 3058 442 3174 512; x_wconf 84' lang='lat' dir='ltr'><strong>ejus</strong></span> <span class='ocrx_word' id='word_1_21' title='bbox 3201 483 3216 509; x_wconf 95' lang='lat'><strong>,</strong></span> <span class='ocrx_word' id='word_1_22' title='bbox 3254 441 3305 495; x_wconf 86' lang='lat' dir='ltr'><strong>id</strong></span> <span class='ocrx_word' id='word_1_23' title='bbox 3340 442 3490 498; x_wconf 81' lang='lat' dir='ltr'><strong>dixe-</strong></span> 
     </span>
    </p>
   </div>
   <div class='ocr_carea' id='block_1_6' title="bbox 265 541 1812 631">
    <p class='ocr_par' dir='ltr' id='par_1_6' title="bbox 265 541 1812 631">
     <span class='ocr_line' id='line_1_6' title="bbox 265 541 1812 631; baseline -0.014 -17"><span class='ocrx_word' id='word_1_24' title='bbox 265 556 393 615; x_wconf 80' lang='grc' dir='ltr'>εἷπον</span> <span class='ocrx_word' id='word_1_25' title='bbox 412 573 425 588; x_wconf 87' lang='grc'>⁶</span> <span class='ocrx_word' id='word_1_26' title='bbox 456 557 489 631; x_wconf 82' lang='grc' dir='ltr'>ἦ</span> <span class='ocrx_word' id='word_1_27' title='bbox 524 555 872 619; x_wconf 71' lang='grc' dir='ltr'><strong>ὀνειδίζουσιν</strong></span> <span class='ocrx_word' id='word_1_28' title='bbox 891 549 1040 620; x_wconf 76' lang='grc' dir='ltr'>αὐτῷ</span> <span class='ocrx_word' id='word_1_29' title='bbox 1067 550 1142 611; x_wconf 81' lang='grc' dir='ltr'>ὡς</span> <span class='ocrx_word' id='word_1_30' title='bbox 1168 548 1232 600; x_wconf 86' lang='grc' dir='ltr'><strong>ἐκ</strong></span> <span class='ocrx_word' id='word_1_31' title='bbox 1259 545 1516 616; x_wconf 78' lang='grc' dir='ltr'><strong>πορνείας</strong></span> <span class='ocrx_word' id='word_1_32' title='bbox 1546 541 1812 613; x_wconf 79' lang='grc' dir='ltr'><strong>τεχθέντι,</strong></span> 
     </span>
    </p>
   </div>
   <div class='ocr_carea' id='block_1_7' title="bbox 265 633 1816 707">
    <p class='ocr_par' dir='ltr' id='par_1_7' title="bbox 265 633 1816 707">
     <span class='ocr_line' id='line_1_7' title="bbox 265 633 1816 707; baseline -0.018 -1"><span class='ocrx_word' id='word_1_33' title='bbox 265 653 344 707; x_wconf 74' lang='grc' dir='ltr'><strong>καὶ</strong></span> <span class='ocrx_word' id='word_1_34' title='bbox 370 651 468 704; x_wconf 82' lang='grc' dir='ltr'><strong>οὐκ</strong></span> <span class='ocrx_word' id='word_1_35' title='bbox 500 648 665 702; x_wconf 75' lang='grc' dir='ltr'>εἰδότι</span> <span class='ocrx_word' id='word_1_36' title='bbox 694 646 786 698; x_wconf 85' lang='grc' dir='ltr'><strong>τὸν</strong></span> <span class='ocrx_word' id='word_1_37' title='bbox 826 643 960 696; x_wconf 80' lang='grc' dir='ltr'>ἴδιον</span> <span class='ocrx_word' id='word_1_38' title='bbox 988 638 1221 707; x_wconf 83' lang='grc' dir='ltr'>πατέρα.</span> <span class='ocrx_word' id='word_1_39' title='bbox 1267 636 1331 688; x_wconf 80' lang='lat' dir='ltr'><strong>El</strong></span> <span class='ocrx_word' id='word_1_40' title='bbox 1368 633 1674 702; x_wconf 82' lang='grc' dir='ltr'>ἄνθρωπον,</span> <span class='ocrx_word' id='word_1_41' title='bbox 1709 647 1816 700; x_wconf 77' lang='grc' dir='ltr'><strong>φη-</strong></span> 
     </span>
    </p>
   </div>
   <div class='ocr_carea' id='block_1_8' title="bbox 268 720 1818 804">
    <p class='ocr_par' dir='ltr' id='par_1_8' title="bbox 268 720 1818 804">
     <span class='ocr_line' id='line_1_8' title="bbox 268 720 1818 804; baseline -0.015 -9"><span class='ocrx_word' id='word_1_42' title='bbox 268 744 337 796; x_wconf 77' lang='grc' dir='ltr'><strong>σὶν</strong></span> <span class='ocrx_word' id='word_1_43' title='bbox 355 742 395 804; x_wconf 68' lang='grc' dir='ltr'><strong>ί,</strong></span> <span class='ocrx_word' id='word_1_44' title='bbox 425 736 756 793; x_wconf 71' lang='grc' dir='ltr'><strong>ὑποπτεύετε</strong></span> <span class='ocrx_word' id='word_1_45' title='bbox 788 729 928 786; x_wconf 81' lang='grc' dir='ltr'>εἶναι</span> <span class='ocrx_word' id='word_1_46' title='bbox 955 731 1045 784; x_wconf 81' lang='grc' dir='ltr'><strong>τὸν</strong></span> <span class='ocrx_word' id='word_1_47' title='bbox 1074 726 1293 797; x_wconf 80' lang='grc' dir='ltr'>Πατέρα</span> <span class='ocrx_word' id='word_1_48' title='bbox 1325 741 1448 794; x_wconf 85' lang='grc' dir='ltr'>μου,</span> <span class='ocrx_word' id='word_1_49' title='bbox 1479 721 1675 777; x_wconf 81' lang='grc' dir='ltr'>οὐκοῦν</span> <span class='ocrx_word' id='word_1_50' title='bbox 1696 720 1818 774; x_wconf 78' lang='grc' dir='ltr'>οὐδὲ</span> 
     </span>
    </p>
   </div>
   <div class='ocr_carea' id='block_1_9' title="bbox 267 810 1816 903">
    <p class='ocr_par' dir='ltr' id='par_1_9' title="bbox 267 810 1816 903">
     <span class='ocr_line' id='line_1_9' title="bbox 267 810 1816 903; baseline -0.014 -17"><span class='ocrx_word' id='word_1_51' title='bbox 267 834 351 903; x_wconf 75' lang='grc' dir='ltr'><strong>ἐμὲ</strong></span> <span class='ocrx_word' id='word_1_52' title='bbox 377 831 574 885; x_wconf 72' lang='grc' dir='ltr'>οἴδατε.</span> <span class='ocrx_word' id='word_1_53' title='bbox 619 827 757 882; x_wconf 85' lang='grc' dir='ltr'>Ἀλλ’</span> <span class='ocrx_word' id='word_1_54' title='bbox 787 824 1019 892; x_wconf 83' lang='grc' dir='ltr'>ἐπείπερ</span> <span class='ocrx_word' id='word_1_55' title='bbox 1042 823 1093 874; x_wconf 77' lang='grc' dir='ltr'><strong>οἱ</strong></span> <span class='ocrx_word' id='word_1_56' title='bbox 1124 817 1446 890; x_wconf 79' lang='grc' dir='ltr'><strong>φιλομαθεῖς</strong></span> <span class='ocrx_word' id='word_1_57' title='bbox 1476 814 1564 868; x_wconf 79' lang='grc' dir='ltr'><strong>δίἁ</strong></span> <span class='ocrx_word' id='word_1_58' title='bbox 1591 814 1691 883; x_wconf 76' lang='grc' dir='ltr'><strong>τῆς</strong></span> <span class='ocrx_word' id='word_1_59' title='bbox 1721 810 1816 866; x_wconf 89' lang='grc' dir='ltr'><strong>τοῦ</strong></span> 
     </span>
    </p>
   </div>
   <div class='ocr_carea' id='block_1_10' title="bbox 268 904 1820 990">
    <p class='ocr_par' dir='ltr' id='par_1_10' title="bbox 268 904 1820 990">
     <span class='ocr_line' id='line_1_10' title="bbox 268 904 1820 990; baseline -0.014 -13"><span class='ocrx_word' id='word_1_60' title='bbox 268 923 378 977; x_wconf 75' lang='grc' dir='ltr'><strong>Υἱοῦ</strong></span> <span class='ocrx_word' id='word_1_61' title='bbox 410 921 663 990; x_wconf 85' lang='grc' dir='ltr'>γνώσεως</span> <span class='ocrx_word' id='word_1_62' title='bbox 699 916 879 971; x_wconf 82' lang='grc' dir='ltr'>νοοῦσι</span> <span class='ocrx_word' id='word_1_63' title='bbox 905 914 996 967; x_wconf 79' lang='grc' dir='ltr'><strong>τὸν</strong></span> <span class='ocrx_word' id='word_1_64' title='bbox 1026 911 1245 982; x_wconf 79' lang='grc' dir='ltr'><strong>Πατέρα</strong></span> <span class='ocrx_word' id='word_1_65' title='bbox 1270 947 1286 972; x_wconf 86' lang='grc'><strong>,</strong></span> <span class='ocrx_word' id='word_1_66' title='bbox 1330 911 1360 963; x_wconf 96' lang='lat'><strong>6</strong></span> <span class='ocrx_word' id='word_1_67' title='bbox 1393 906 1584 977; x_wconf 85' lang='grc' dir='ltr'>Πατὴρ</span> <span class='ocrx_word' id='word_1_68' title='bbox 1619 906 1676 958; x_wconf 84' lang='grc' dir='ltr'><strong>ἐν</strong></span> <span class='ocrx_word' id='word_1_69' title='bbox 1706 904 1820 974; x_wconf 83' lang='grc' dir='ltr'>Υίῷ</span> 
     </span>
    </p>
   </div>
   <div class='ocr_carea' id='block_1_11' title="bbox 269 995 1820 1085">
    <p class='ocr_par' dir='ltr' id='par_1_11' title="bbox 269 995 1820 1085">
     <span class='ocr_line' id='line_1_11' title="bbox 269 995 1820 1085; baseline -0.013 -19"><span class='ocrx_word' id='word_1_70' title='bbox 269 1015 331 1077; x_wconf 80' lang='grc' dir='ltr'>ὡς</span> <span class='ocrx_word' id='word_1_71' title='bbox 357 1014 520 1066; x_wconf 79' lang='grc' dir='ltr'>εἰκόνι</span> <span class='ocrx_word' id='word_1_72' title='bbox 553 1010 659 1081; x_wconf 72' lang='grc' dir='ltr'>ἰδίᾳ</span> <span class='ocrx_word' id='word_1_73' title='bbox 678 1004 1140 1079; x_wconf 73' lang='grc' dir='ltr'><strong>χαρακτηρίζεται</strong></span> <span class='ocrx_word' id='word_1_74' title='bbox 1171 1014 1221 1055; x_wconf 84' lang='grc' dir='ltr'>ιι.</span> <span class='ocrx_word' id='word_1_75' title='bbox 1250 998 1459 1055; x_wconf 84' lang='grc' dir='ltr'>οὐκοῦν</span> <span class='ocrx_word' id='word_1_76' title='bbox 1492 997 1605 1085; x_wconf 59' lang='lat' dir='ltr'><strong>tuo;</strong></span> <span class='ocrx_word' id='word_1_77' title='bbox 1634 999 1662 1050; x_wconf 91' lang='lat'><strong>6</strong></span> <span class='ocrx_word' id='word_1_78' title='bbox 1689 995 1820 1058; x_wconf 74' lang='grc' dir='ltr'>Υἱὸς</span> 
     </span>
    </p>
   </div>
   <div class='ocr_carea' id='block_1_12' title="bbox 268 1090 1817 1175">
    <p class='ocr_par' dir='ltr' id='par_1_12' title="bbox 268 1090 1817 1175">
     <span class='ocr_line' id='line_1_12' title="bbox 268 1090 1817 1175; baseline -0.01 -18"><span class='ocrx_word' id='word_1_79' title='bbox 268 1106 332 1175; x_wconf 77' lang='grc' dir='ltr'><strong>τῷ</strong></span> <span class='ocrx_word' id='word_1_80' title='bbox 358 1105 546 1173; x_wconf 70' lang='grc' dir='ltr'>Πατρὶ,</span> <span class='ocrx_word' id='word_1_81' title='bbox 574 1102 776 1169; x_wconf 70' lang='grc' dir='ltr'>λέγων’</span> <span class='ocrx_word' id='word_1_82' title='bbox 814 1102 896 1154; x_wconf 82' lang='grc' dir='ltr'>ὅτι</span> <span class='ocrx_word' id='word_1_83' title='bbox 947 1096 1247 1167; x_wconf 77' lang='grc' dir='ltr'>Ἀγνοεῒτε·</span> <span class='ocrx_word' id='word_1_84' title='bbox 1270 1095 1380 1148; x_wconf 81' lang='grc' dir='ltr'><strong>τὸν</strong></span> <span class='ocrx_word' id='word_1_85' title='bbox 1416 1090 1647 1175; x_wconf 75' lang='grc' dir='ltr'>Πατέρα</span> <span class='ocrx_word' id='word_1_86' title='bbox 1677 1106 1817 1158; x_wconf 86' lang='grc' dir='ltr'>μου,</span> 
     </span>
    </p>
   </div>
   <div class='ocr_carea' id='block_1_13' title="bbox 267 1173 1818 1263">
    <p class='ocr_par' dir='ltr' id='par_1_13' title="bbox 267 1173 1818 1263">
     <span class='ocr_line' id='line_1_13' title="bbox 267 1173 1818 1263; baseline -0.012 -15"><span class='ocrx_word' id='word_1_87' title='bbox 267 1173 353 1250; x_wconf 70' lang='grc' dir='ltr'><strong>καί</strong></span> <span class='ocrx_word' id='word_1_88' title='bbox 372 1195 491 1263; x_wconf 80' lang='grc' dir='ltr'>ἐμέ·</span> <span class='ocrx_word' id='word_1_89' title='bbox 517 1191 774 1255; x_wconf 79' lang='grc' dir='ltr'>διδάσκει,</span> <span class='ocrx_word' id='word_1_90' title='bbox 805 1192 887 1245; x_wconf 82' lang='grc' dir='ltr'><strong>ὅτι</strong></span> <span class='ocrx_word' id='word_1_91' title='bbox 918 1188 1041 1242; x_wconf 78' lang='grc' dir='ltr'>οὔτε</span> <span class='ocrx_word' id='word_1_92' title='bbox 1067 1186 1160 1240; x_wconf 91' lang='grc' dir='ltr'><strong>τοῦ</strong></span> <span class='ocrx_word' id='word_1_93' title='bbox 1201 1182 1399 1253; x_wconf 82' lang='grc' dir='ltr'>Ἰωσὴφ</span> <span class='ocrx_word' id='word_1_94' title='bbox 1424 1177 1493 1252; x_wconf 80' lang='grc' dir='ltr'>ἦν</span> <span class='ocrx_word' id='word_1_95' title='bbox 1518 1173 1581 1234; x_wconf 70' lang='grc' dir='ltr'><strong>οὗ</strong></span> <span class='ocrx_word' id='word_1_96' title='bbox 1602 1179 1818 1251; x_wconf 66' lang='grc' dir='ltr'><strong>⁴ξὶδεσαν,</strong></span> 
     </span>
    </p>
   </div>
   <div class='ocr_carea' id='block_1_14' title="bbox 267 1272 1818 1353">
    <p class='ocr_par' dir='ltr' id='par_1_14' title="bbox 267 1272 1818 1353">
     <span class='ocr_line' id='line_1_14' title="bbox 267 1272 1818 1353; baseline -0.01 -14"><span class='ocrx_word' id='word_1_97' title='bbox 267 1287 375 1339; x_wconf 77' lang='grc' dir='ltr'>οὔτε</span> <span class='ocrx_word' id='word_1_98' title='bbox 393 1285 481 1338; x_wconf 82' lang='grc' dir='ltr'><strong>τὸν</strong></span> <span class='ocrx_word' id='word_1_99' title='bbox 498 1284 628 1353; x_wconf 72' lang='grc' dir='ltr'>περὶ</span> <span class='ocrx_word' id='word_1_100' title='bbox 651 1284 750 1352; x_wconf 79' lang='grc' dir='ltr'>τῆς</span> <span class='ocrx_word' id='word_1_101' title='bbox 774 1280 1102 1351; x_wconf 80' lang='grc' dir='ltr'>σαρκώσεως</span> <span class='ocrx_word' id='word_1_102' title='bbox 1128 1277 1292 1333; x_wconf 83' lang='grc' dir='ltr'>αὑτοῦ</span> <span class='ocrx_word' id='word_1_103' title='bbox 1316 1277 1616 1347; x_wconf 75' lang='grc' dir='ltr'>ἠπίσταντο</span> <span class='ocrx_word' id='word_1_104' title='bbox 1640 1272 1818 1339; x_wconf 81' lang='grc' dir='ltr'>λόγον.</span> 
     </span>
    </p>
   </div>
   <div class='ocr_carea' id='block_1_15' title="bbox 336 1446 1824 1527">
    <p class='ocr_par' dir='ltr' id='par_1_15' title="bbox 336 1446 1824 1527">
     <span class='ocr_line' id='line_1_15' title="bbox 336 1446 1824 1527; baseline -0.01 -13"><span class='ocrx_word' id='word_1_105' title='bbox 336 1480 353 1514; x_wconf 77' lang='grc' dir='ltr'><strong>ι</strong></span> <span class='ocrx_word' id='word_1_106' title='bbox 403 1459 586 1514; x_wconf 87' lang='grc' dir='ltr'>Ταῦτα</span> <span class='ocrx_word' id='word_1_107' title='bbox 619 1458 687 1512; x_wconf 68' lang='grc' dir='ltr'>τὰ</span> <span class='ocrx_word' id='word_1_108' title='bbox 736 1458 959 1527; x_wconf 78' lang='grc' dir='ltr'>ῥήματα</span> <span class='ocrx_word' id='word_1_109' title='bbox 994 1453 1257 1523; x_wconf 84' lang='grc' dir='ltr'>ἐλάλησεν</span> <span class='ocrx_word' id='word_1_110' title='bbox 1310 1451 1340 1503; x_wconf 87' lang='lat'><strong>6</strong></span> <span class='ocrx_word' id='word_1_111' title='bbox 1397 1447 1605 1521; x_wconf 86' lang='grc' dir='ltr'>Ἰησοῦς</span> <span class='ocrx_word' id='word_1_112' title='bbox 1646 1449 1706 1501; x_wconf 89' lang='grc' dir='ltr'><strong>ἐν</strong></span> <span class='ocrx_word' id='word_1_113' title='bbox 1742 1446 1824 1517; x_wconf 84' lang='grc' dir='ltr'>τῷ</span> 
     </span>
    </p>
   </div>
   <div class='ocr_carea' id='block_1_16' title="bbox 267 1540 1432 1623">
    <p class='ocr_par' dir='ltr' id='par_1_16' title="bbox 267 1540 1432 1623">
     <span class='ocr_line' id='line_1_16' title="bbox 267 1540 1432 1623; baseline -0.01 -19"><span class='ocrx_word' id='word_1_114' title='bbox 267 1550 668 1623; x_wconf 59' lang='grc' dir='ltr'>γαζοφυλακίῳ,</span> <span class='ocrx_word' id='word_1_115' title='bbox 704 1547 972 1601; x_wconf 81' lang='grc' dir='ltr'>διδάσκων</span> <span class='ocrx_word' id='word_1_116' title='bbox 1010 1547 1066 1601; x_wconf 86' lang='grc' dir='ltr'><strong>ἐν</strong></span> <span class='ocrx_word' id='word_1_117' title='bbox 1107 1543 1185 1613; x_wconf 83' lang='grc' dir='ltr'>τῷ</span> <span class='ocrx_word' id='word_1_118' title='bbox 1220 1540 1370 1612; x_wconf 82' lang='grc' dir='ltr'>ἱερῷ.</span> <span class='ocrx_word' id='word_1_119' title='bbox 1412 1560 1432 1592; x_wconf 72' lang='grc' dir='ltr'><strong>ι</strong></span> 
     </span>
    </p>
   </div>
   <div class='ocr_carea' id='block_1_17' title="bbox 342 1627 1823 1711">
    <p class='ocr_par' dir='ltr' id='par_1_17' title="bbox 342 1627 1823 1711">
     <span class='ocr_line' id='line_1_17' title="bbox 342 1627 1823 1711; baseline -0.012 -15"><span class='ocrx_word' id='word_1_120' title='bbox 342 1644 425 1696; x_wconf 88' lang='grc' dir='ltr'>Ἐν</span> <span class='ocrx_word' id='word_1_121' title='bbox 442 1641 519 1711; x_wconf 82' lang='grc' dir='ltr'>τῷ</span> <span class='ocrx_word' id='word_1_122' title='bbox 542 1639 675 1710; x_wconf 81' lang='grc' dir='ltr'>ίερῷ</span> <span class='ocrx_word' id='word_1_123' title='bbox 705 1638 983 1692; x_wconf 85' lang='grc' dir='ltr'>ἐδίδασκεν</span> <span class='ocrx_word' id='word_1_124' title='bbox 1003 1634 1077 1697; x_wconf 85' lang='grc' dir='ltr'>ὡς</span> <span class='ocrx_word' id='word_1_125' title='bbox 1100 1631 1438 1695; x_wconf 81' lang='grc' dir='ltr'>διδάσκαλος,</span> <span class='ocrx_word' id='word_1_126' title='bbox 1466 1630 1602 1699; x_wconf 82' lang='grc' dir='ltr'>ὅπερ</span> <span class='ocrx_word' id='word_1_127' title='bbox 1623 1627 1823 1689; x_wconf 84' lang='grc' dir='ltr'>αὐτοὺς</span> 
     </span>
    </p>
   </div>
   <div class='ocr_carea' id='block_1_18' title="bbox 271 1714 1823 1794">
    <p class='ocr_par' dir='ltr' id='par_1_18' title="bbox 271 1714 1823 1794">
     <span class='ocr_line' id='line_1_18' title="bbox 271 1714 1823 1794; baseline -0.011 -7"><span class='ocrx_word' id='word_1_128' title='bbox 271 1734 396 1787; x_wconf 76' lang='grc' dir='ltr'>πολὺ</span> <span class='ocrx_word' id='word_1_129' title='bbox 423 1733 633 1794; x_wconf 73' lang='grc' dir='ltr'>ἔδακνε,</span> <span class='ocrx_word' id='word_1_130' title='bbox 664 1730 759 1783; x_wconf 73' lang='grc' dir='ltr'><strong>καὶ</strong></span> <span class='ocrx_word' id='word_1_131' title='bbox 797 1727 969 1789; x_wconf 78' lang='grc' dir='ltr'>οὐδεὶς</span> <span class='ocrx_word' id='word_1_132' title='bbox 997 1725 1219 1777; x_wconf 82' lang='grc' dir='ltr'>ἐπίασεν</span> <span class='ocrx_word' id='word_1_133' title='bbox 1253 1721 1435 1786; x_wconf 76' lang='grc' dir='ltr'>αὑτὸν,</span> <span class='ocrx_word' id='word_1_134' title='bbox 1471 1722 1552 1774; x_wconf 83' lang='grc' dir='ltr'><strong>ὅτι</strong></span> <span class='ocrx_word' id='word_1_135' title='bbox 1579 1716 1732 1772; x_wconf 79' lang='grc' dir='ltr'>οὔπω</span> <span class='ocrx_word' id='word_1_136' title='bbox 1752 1714 1823 1788; x_wconf 76' lang='grc' dir='ltr'>ἦν</span> 
     </span>
    </p>
   </div>
   <div class='ocr_carea' id='block_1_19' title="bbox 268 1813 1120 1891">
    <p class='ocr_par' dir='ltr' id='par_1_19' title="bbox 268 1813 1120 1891">
     <span class='ocr_line' id='line_1_19' title="bbox 268 1813 1120 1891; baseline -0.006 -18"><span class='ocrx_word' id='word_1_137' title='bbox 268 1821 467 1891; x_wconf 69' lang='grc' dir='ltr'>καιρὶς,</span> <span class='ocrx_word' id='word_1_138' title='bbox 495 1819 615 1873; x_wconf 88' lang='grc' dir='ltr'>καθ’</span> <span class='ocrx_word' id='word_1_139' title='bbox 638 1818 695 1870; x_wconf 85' lang='grc' dir='ltr'>ὃν</span> <span class='ocrx_word' id='word_1_140' title='bbox 721 1815 879 1887; x_wconf 74' lang='grc' dir='ltr'>ἤθελε</span> <span class='ocrx_word' id='word_1_141' title='bbox 906 1813 1120 1868; x_wconf 83' lang='grc' dir='ltr'>παθεῖν.</span> 
     </span>
    </p>
   </div>
   <div class='ocr_carea' id='block_1_20' title="bbox 340 1898 1824 1975">
    <p class='ocr_par' dir='ltr' id='par_1_20' title="bbox 340 1898 1824 1975">
     <span class='ocr_line' id='line_1_20' title="bbox 340 1898 1824 1975; baseline -0.007 -15"><span class='ocrx_word' id='word_1_142' title='bbox 340 1929 358 1960; x_wconf 75' lang='grc' dir='ltr'><strong>ι</strong></span> <span class='ocrx_word' id='word_1_143' title='bbox 412 1911 587 1963; x_wconf 85' lang='grc' dir='ltr'>Ὅπου</span> <span class='ocrx_word' id='word_1_144' title='bbox 623 1906 734 1975; x_wconf 85' lang='grc' dir='ltr'><strong>ἐγὼ</strong></span> <span class='ocrx_word' id='word_1_145' title='bbox 768 1904 982 1972; x_wconf 79' lang='grc' dir='ltr'>ὑπάγω,</span> <span class='ocrx_word' id='word_1_146' title='bbox 1029 1903 1187 1973; x_wconf 82' lang='grc' dir='ltr'>ὑμεῖς</span> <span class='ocrx_word' id='word_1_147' title='bbox 1216 1902 1277 1955; x_wconf 83' lang='grc' dir='ltr'><strong>οὐ</strong></span> <span class='ocrx_word' id='word_1_148' title='bbox 1310 1899 1538 1953; x_wconf 80' lang='grc' dir='ltr'>δύνασθε</span> <span class='ocrx_word' id='word_1_149' title='bbox 1569 1898 1760 1952; x_wconf 76' lang='grc' dir='ltr'>ἐλθεῖν.</span> <span class='ocrx_word' id='word_1_150' title='bbox 1804 1917 1824 1950; x_wconf 73' lang='grc' dir='ltr'><strong>ι</strong></span> 
     </span>
    </p>
   </div>
   <div class='ocr_carea' id='block_1_21' title="bbox 338 2083 1828 2158">
    <p class='ocr_par' dir='ltr' id='par_1_21' title="bbox 338 2083 1828 2158">
     <span class='ocr_line' id='line_1_21' title="bbox 338 2083 1828 2158; baseline -0.005 -16"><span class='ocrx_word' id='word_1_151' title='bbox 338 2088 479 2154; x_wconf 83' lang='grc' dir='ltr'>Ἕξω</span> <span class='ocrx_word' id='word_1_152' title='bbox 500 2087 606 2142; x_wconf 83' lang='grc' dir='ltr'><strong>τῶν</strong></span> <span class='ocrx_word' id='word_1_153' title='bbox 626 2089 725 2158; x_wconf 81' lang='grc' dir='ltr'>τῆς</span> <span class='ocrx_word' id='word_1_154' title='bbox 749 2085 1030 2158; x_wconf 78' lang='grc' dir='ltr'>βασιλείας</span> <span class='ocrx_word' id='word_1_155' title='bbox 1053 2084 1274 2153; x_wconf 80' lang='grc' dir='ltr'>ἀγαθῶν</span> <span class='ocrx_word' id='word_1_156' title='bbox 1295 2083 1619 2153; x_wconf 85' lang='grc' dir='ltr'>διαμενεῖτε,</span> <span class='ocrx_word' id='word_1_157' title='bbox 1645 2084 1828 2152; x_wconf 76' lang='grc' dir='ltr'>φησὶν,</span> 
     </span>
    </p>
   </div>
   <div class='ocr_carea' id='block_1_22' title="bbox 268 2174 1833 2249">
    <p class='ocr_par' dir='ltr' id='par_1_22' title="bbox 268 2174 1833 2249">
     <span class='ocr_line' id='line_1_22' title="bbox 268 2174 1833 2249; baseline -0.004 -17"><span class='ocrx_word' id='word_1_158' title='bbox 268 2181 325 2233; x_wconf 80' lang='grc' dir='ltr'><strong>οῦ</strong></span> <span class='ocrx_word' id='word_1_159' title='bbox 369 2180 650 2249; x_wconf 83' lang='grc' dir='ltr'>δυνάμενοι</span> <span class='ocrx_word' id='word_1_160' title='bbox 692 2181 773 2240; x_wconf 83' lang='grc' dir='ltr'>εἰς</span> <span class='ocrx_word' id='word_1_161' title='bbox 826 2178 1089 2248; x_wconf 74' lang='grc' dir='ltr'>οὐρανοὺς</span> <span class='ocrx_word' id='word_1_162' title='bbox 1131 2175 1430 2245; x_wconf 81' lang='grc' dir='ltr'>ἁναόἧναι,</span> <span class='ocrx_word' id='word_1_163' title='bbox 1463 2174 1698 2244; x_wconf 84' lang='grc' dir='ltr'>ἐπείπερ</span> <span class='ocrx_word' id='word_1_164' title='bbox 1740 2174 1833 2226; x_wconf 69' lang='grc' dir='ltr'>τὸν</span> 
     </span>
    </p>
   </div>
   <div class='ocr_carea' id='block_1_23' title="bbox 268 2267 1236 2341">
    <p class='ocr_par' dir='ltr' id='par_1_23' title="bbox 268 2267 1236 2341">
     <span class='ocr_line' id='line_1_23' title="bbox 268 2267 1236 2341; baseline -0.006 -15"><span class='ocrx_word' id='word_1_165' title='bbox 268 2271 464 2326; x_wconf 85' lang='grc' dir='ltr'>ἄνωθεν</span> <span class='ocrx_word' id='word_1_166' title='bbox 491 2270 710 2326; x_wconf 80' lang='grc' dir='ltr'>ἐλθόντα</span> <span class='ocrx_word' id='word_1_167' title='bbox 730 2271 790 2323; x_wconf 83' lang='grc' dir='ltr'><strong>οὑ</strong></span> <span class='ocrx_word' id='word_1_168' title='bbox 819 2267 1236 2341; x_wconf 79' lang='grc' dir='ltr'>προσεδέξασθε.</span> 
     </span>
    </p>
   </div>
   <div class='ocr_carea' id='block_1_24' title="bbox 341 2377 1834 2455">
    <p class='ocr_par' dir='ltr' id='par_1_24' title="bbox 341 2377 1834 2455">
     <span class='ocr_line' id='line_1_24' title="bbox 341 2377 1834 2455; baseline -0.005 -19"><span class='ocrx_word' id='word_1_169' title='bbox 341 2404 359 2436; x_wconf 78' lang='grc' dir='ltr'><strong>ι</strong></span> <span class='ocrx_word' id='word_1_170' title='bbox 415 2384 604 2455; x_wconf 84' lang='grc' dir='ltr'>Ὑμεῖς</span> <span class='ocrx_word' id='word_1_171' title='bbox 637 2384 702 2437; x_wconf 86' lang='grc' dir='ltr'><strong>ἐκ</strong></span> <span class='ocrx_word' id='word_1_172' title='bbox 736 2381 830 2435; x_wconf 79' lang='grc' dir='ltr'><strong>τοῦ</strong></span> <span class='ocrx_word' id='word_1_173' title='bbox 873 2383 1078 2452; x_wconf 85' lang='grc' dir='ltr'>κόσμου</span> <span class='ocrx_word' id='word_1_174' title='bbox 1126 2379 1319 2433; x_wconf 82' lang='grc' dir='ltr'>τούτου</span> <span class='ocrx_word' id='word_1_175' title='bbox 1373 2378 1525 2445; x_wconf 84' lang='grc' dir='ltr'>ἐστέ,</span> <span class='ocrx_word' id='word_1_176' title='bbox 1571 2377 1682 2445; x_wconf 86' lang='grc' dir='ltr'><strong>ἐγὼ</strong></span> <span class='ocrx_word' id='word_1_177' title='bbox 1732 2377 1834 2429; x_wconf 85' lang='grc' dir='ltr'><strong>οὐκ</strong></span> 
     </span>
    </p>
   </div>
   <div class='ocr_carea' id='block_1_25' title="bbox 268 2471 1127 2546">
    <p class='ocr_par' dir='ltr' id='par_1_25' title="bbox 268 2471 1127 2546">
     <span class='ocr_line' id='line_1_25' title="bbox 268 2471 1127 2546; baseline -0.005 -19"><span class='ocrx_word' id='word_1_178' title='bbox 268 2477 379 2546; x_wconf 78' lang='grc' dir='ltr'>εἰμὶ</span> <span class='ocrx_word' id='word_1_179' title='bbox 415 2477 478 2528; x_wconf 84' lang='grc' dir='ltr'><strong>ἐκ</strong></span> <span class='ocrx_word' id='word_1_180' title='bbox 503 2474 596 2528; x_wconf 86' lang='grc' dir='ltr'><strong>τοῦ</strong></span> <span class='ocrx_word' id='word_1_181' title='bbox 624 2474 828 2543; x_wconf 78' lang='grc' dir='ltr'>κόσμου</span> <span class='ocrx_word' id='word_1_182' title='bbox 856 2471 1068 2526; x_wconf 82' lang='grc' dir='ltr'>τούτου.</span> <span class='ocrx_word' id='word_1_183' title='bbox 1109 2490 1127 2523; x_wconf 74' lang='grc' dir='ltr'><strong>ι</strong></span> 
     </span>
    </p>
   </div>
   <div class='ocr_carea' id='block_1_26' title="bbox 336 2558 1835 2636">
    <p class='ocr_par' dir='ltr' id='par_1_26' title="bbox 336 2558 1835 2636">
     <span class='ocr_line' id='line_1_26' title="bbox 336 2558 1835 2636; baseline -0.003 -17"><span class='ocrx_word' id='word_1_184' title='bbox 336 2567 553 2636; x_wconf 82' lang='grc' dir='ltr'>Κόσμον</span> <span class='ocrx_word' id='word_1_185' title='bbox 588 2558 689 2617; x_wconf 81' lang='grc' dir='ltr'>ὧδε</span> <span class='ocrx_word' id='word_1_186' title='bbox 718 2565 814 2627; x_wconf 82' lang='grc' dir='ltr'><strong>τὰς</strong></span> <span class='ocrx_word' id='word_1_187' title='bbox 841 2563 1107 2633; x_wconf 82' lang='grc' dir='ltr'>σαρκικὰς</span> <span class='ocrx_word' id='word_1_188' title='bbox 1142 2561 1350 2625; x_wconf 80' lang='grc' dir='ltr'>ἐννοίας</span> <span class='ocrx_word' id='word_1_189' title='bbox 1371 2562 1524 2632; x_wconf 84' lang='grc' dir='ltr'>φησί.</span> <span class='ocrx_word' id='word_1_190' title='bbox 1560 2560 1747 2629; x_wconf 81' lang='grc' dir='ltr'>Λέγων</span> <span class='ocrx_word' id='word_1_191' title='bbox 1775 2559 1835 2614; x_wconf 73' lang='grc' dir='ltr'>δὲ</span> 
     </span>
    </p>
   </div>
   <div class='ocr_carea' id='block_1_27' title="bbox 267 2648 1836 2724">
    <p class='ocr_par' dir='ltr' id='par_1_27' title="bbox 267 2648 1836 2724">
     <span class='ocr_line' id='line_1_27' title="bbox 267 2648 1836 2724; baseline -0.002 -17"><span class='ocrx_word' id='word_1_192' title='bbox 267 2654 426 2707; x_wconf 81' lang='grc' dir='ltr'>αὐτὸν</span> <span class='ocrx_word' id='word_1_193' title='bbox 486 2654 560 2724; x_wconf 82' lang='grc' dir='ltr'>μὴ</span> <span class='ocrx_word' id='word_1_194' title='bbox 608 2648 747 2706; x_wconf 83' lang='grc' dir='ltr'>εἶναι</span> <span class='ocrx_word' id='word_1_195' title='bbox 782 2654 846 2705; x_wconf 86' lang='grc' dir='ltr'><strong>ἐκ</strong></span> <span class='ocrx_word' id='word_1_196' title='bbox 897 2651 991 2704; x_wconf 87' lang='grc' dir='ltr'><strong>τοῦ</strong></span> <span class='ocrx_word' id='word_1_197' title='bbox 1033 2652 1271 2721; x_wconf 88' lang='grc' dir='ltr'>κόσμου,</span> <span class='ocrx_word' id='word_1_198' title='bbox 1324 2651 1386 2703; x_wconf 82' lang='grc' dir='ltr'><strong>οὐ</strong></span> <span class='ocrx_word' id='word_1_199' title='bbox 1441 2649 1501 2702; x_wconf 81' lang='grc' dir='ltr'><strong>τὸ</strong></span> <span class='ocrx_word' id='word_1_200' title='bbox 1546 2650 1619 2722; x_wconf 82' lang='grc' dir='ltr'>μὴ</span> <span class='ocrx_word' id='word_1_201' title='bbox 1657 2649 1836 2720; x_wconf 86' lang='grc' dir='ltr'>σάρκα</span> 
     </span>
    </p>
   </div>
   <div class='ocr_carea' id='block_1_28' title="bbox 269 2737 1837 2816">
    <p class='ocr_par' dir='ltr' id='par_1_28' title="bbox 269 2737 1837 2816">
     <span class='ocr_line' id='line_1_28' title="bbox 269 2737 1837 2816; baseline -0.003 -17"><span class='ocrx_word' id='word_1_202' title='bbox 269 2747 613 2816; x_wconf 75' lang='grc' dir='ltr'>ἀνειληφέναι</span> <span class='ocrx_word' id='word_1_203' title='bbox 642 2746 788 2798; x_wconf 79' lang='grc' dir='ltr'>ἐστὶν</span> <span class='ocrx_word' id='word_1_204' title='bbox 806 2785 820 2808; x_wconf 94' lang='grc'><strong>,</strong></span> <span class='ocrx_word' id='word_1_205' title='bbox 850 2743 986 2796; x_wconf 82' lang='grc' dir='ltr'>ἀλλὰ</span> <span class='ocrx_word' id='word_1_206' title='bbox 1010 2743 1071 2795; x_wconf 76' lang='grc' dir='ltr'>τὸ</span> <span class='ocrx_word' id='word_1_207' title='bbox 1100 2743 1289 2814; x_wconf 72' lang='grc' dir='ltr'>πόρρω</span> <span class='ocrx_word' id='word_1_208' title='bbox 1318 2737 1460 2794; x_wconf 73' lang='grc' dir='ltr'>εἶναι</span> <span class='ocrx_word' id='word_1_209' title='bbox 1488 2745 1585 2813; x_wconf 83' lang='grc' dir='ltr'>τῆς</span> <span class='ocrx_word' id='word_1_210' title='bbox 1611 2742 1837 2795; x_wconf 79' lang='grc' dir='ltr'>ἐκείνων</span> 
     </span>
    </p>
   </div>
   <div class='ocr_carea' id='block_1_29' title="bbox 268 2829 1836 2910">
    <p class='ocr_par' dir='ltr' id='par_1_29' title="bbox 268 2829 1836 2910">
     <span class='ocr_line' id='line_1_29' title="bbox 268 2829 1836 2910; baseline -0.004 -18"><span class='ocrx_word' id='word_1_211' title='bbox 268 2841 556 2910; x_wconf 77' lang='grc' dir='ltr'>πονηρίας.</span> <span class='ocrx_word' id='word_1_212' title='bbox 582 2839 687 2891; x_wconf 74' lang='grc' dir='ltr'><strong>Καὶ</strong></span> <span class='ocrx_word' id='word_1_213' title='bbox 715 2837 824 2906; x_wconf 80' lang='grc' dir='ltr'>γὰρ</span> <span class='ocrx_word' id='word_1_214' title='bbox 847 2837 942 2889; x_wconf 64' lang='grc' dir='ltr'><strong>καὶΙ</strong></span> <span class='ocrx_word' id='word_1_215' title='bbox 965 2836 1090 2896; x_wconf 78' lang='grc' dir='ltr'>τοὺς</span> <span class='ocrx_word' id='word_1_216' title='bbox 1121 2835 1369 2905; x_wconf 84' lang='grc' dir='ltr'>μαθητὰς</span> <span class='ocrx_word' id='word_1_217' title='bbox 1396 2834 1566 2887; x_wconf 84' lang='grc' dir='ltr'>εἰπὼν</span> <span class='ocrx_word' id='word_1_218' title='bbox 1594 2834 1669 2905; x_wconf 79' lang='grc' dir='ltr'>μὴ</span> <span class='ocrx_word' id='word_1_219' title='bbox 1700 2829 1836 2887; x_wconf 86' lang='grc' dir='ltr'>εἷναι</span> 
     </span>
    </p>
   </div>
   <div class='ocr_carea' id='block_1_30' title="bbox 269 2925 1840 2998">
    <p class='ocr_par' dir='ltr' id='par_1_30' title="bbox 269 2925 1840 2998">
     <span class='ocr_line' id='line_1_30' title="bbox 269 2925 1840 2998; baseline -0.002 -17"><span class='ocrx_word' id='word_1_220' title='bbox 269 2932 333 2982; x_wconf 82' lang='grc' dir='ltr'><strong>ἐκ</strong></span> <span class='ocrx_word' id='word_1_221' title='bbox 366 2928 462 2981; x_wconf 86' lang='grc' dir='ltr'><strong>τοῦ</strong></span> <span class='ocrx_word' id='word_1_222' title='bbox 509 2931 712 2998; x_wconf 84' lang='grc' dir='ltr'>κόσμου</span> <span class='ocrx_word' id='word_1_223' title='bbox 754 2928 847 2998; x_wconf 77' lang='grc' dir='ltr'><strong>(ὡς</strong></span> <span class='ocrx_word' id='word_1_224' title='bbox 878 2927 974 2981; x_wconf 73' lang='grc' dir='ltr'>καὶ</span> <span class='ocrx_word' id='word_1_225' title='bbox 998 2927 1208 2990; x_wconf 88' lang='grc' dir='ltr'>Παῦλός</span> <span class='ocrx_word' id='word_1_226' title='bbox 1237 2943 1428 2995; x_wconf 85' lang='grc' dir='ltr'>φησιν·</span> <span class='ocrx_word' id='word_1_227' title='bbox 1464 2927 1583 2981; x_wconf 83' lang='grc' dir='ltr'><strong>Οὐκ</strong></span> <span class='ocrx_word' id='word_1_228' title='bbox 1607 2925 1747 2979; x_wconf 79' lang='grc' dir='ltr'>ἐστὲ</span> <span class='ocrx_word' id='word_1_229' title='bbox 1771 2925 1840 2979; x_wconf 77' lang='grc' dir='ltr'><strong>ὲν</strong></span> 
     </span>
    </p>
   </div>
   <div class='ocr_carea' id='block_1_31' title="bbox 266 3015 1840 3091">
    <p class='ocr_par' dir='ltr' id='par_1_31' title="bbox 266 3015 1840 3091">
     <span class='ocr_line' id='line_1_31' title="bbox 266 3015 1840 3091; baseline -0.001 -18"><span class='ocrx_word' id='word_1_230' title='bbox 266 3022 445 3089; x_wconf 69' lang='grc' dir='ltr'>σαρκὶ</span> <span class='ocrx_word' id='word_1_231' title='bbox 462 3021 506 3091; x_wconf 89' lang='grc'>),</span> <span class='ocrx_word' id='word_1_232' title='bbox 529 3023 627 3074; x_wconf 78' lang='grc' dir='ltr'>οὐκ</span> <span class='ocrx_word' id='word_1_233' title='bbox 653 3020 977 3091; x_wconf 82' lang='grc' dir='ltr'>ἀσωμάτους</span> <span class='ocrx_word' id='word_1_234' title='bbox 1000 3015 1140 3073; x_wconf 86' lang='grc' dir='ltr'><strong>εἷναί</strong></span> <span class='ocrx_word' id='word_1_235' title='bbox 1163 3036 1347 3089; x_wconf 82' lang='grc' dir='ltr'>φησιν,</span> <span class='ocrx_word' id='word_1_236' title='bbox 1369 3018 1503 3073; x_wconf 81' lang='grc' dir='ltr'>ἀλλὰ</span> <span class='ocrx_word' id='word_1_237' title='bbox 1527 3018 1840 3088; x_wconf 73' lang='grc' dir='ltr'>φιλοσοφίαν</span> 
     </span>
    </p>
   </div>
   <div class='ocr_carea' id='block_1_32' title="bbox 265 3113 761 3183">
    <p class='ocr_par' dir='ltr' id='par_1_32' title="bbox 265 3113 761 3183">
     <span class='ocr_line' id='line_1_32' title="bbox 265 3113 761 3183; baseline 0 -18"><span class='ocrx_word' id='word_1_238' title='bbox 265 3113 452 3174; x_wconf 75' lang='grc' dir='ltr'>αὐτοῖς</span> <span class='ocrx_word' id='word_1_239' title='bbox 479 3113 761 3183; x_wconf 86' lang='grc' dir='ltr'>μαρτυρεῖ.</span> 
     </span>
    </p>
   </div>
   <div class='ocr_carea' id='block_1_33' title="bbox 345 3222 1838 3295">
    <p class='ocr_par' dir='ltr' id='par_1_33' title="bbox 345 3222 1838 3295">
     <span class='ocr_line' id='line_1_33' title="bbox 345 3222 1838 3295; baseline 0.001 -20"><span class='ocrx_word' id='word_1_240' title='bbox 345 3243 362 3275; x_wconf 77' lang='grc' dir='ltr'><strong>ι</strong></span> <span class='ocrx_word' id='word_1_241' title='bbox 400 3224 569 3277; x_wconf 82' lang='grc' dir='ltr'>Ὅταν</span> <span class='ocrx_word' id='word_1_242' title='bbox 613 3223 865 3294; x_wconf 69' lang='grc' dir='ltr'>ὑψώσητε</span> <span class='ocrx_word' id='word_1_243' title='bbox 909 3224 1001 3276; x_wconf 77' lang='grc' dir='ltr'>τὸν</span> <span class='ocrx_word' id='word_1_244' title='bbox 1043 3222 1170 3276; x_wconf 82' lang='grc' dir='ltr'>Υἱὸν</span> <span class='ocrx_word' id='word_1_245' title='bbox 1204 3223 1298 3276; x_wconf 90' lang='grc' dir='ltr'><strong>τοῦ</strong></span> <span class='ocrx_word' id='word_1_246' title='bbox 1343 3223 1631 3295; x_wconf 85' lang='grc' dir='ltr'>ἀνθρώπου</span> <span class='ocrx_word' id='word_1_247' title='bbox 1656 3267 1672 3293; x_wconf 91' lang='grc'><strong>,</strong></span> <span class='ocrx_word' id='word_1_248' title='bbox 1717 3224 1838 3278; x_wconf 76' lang='grc' dir='ltr'>τότε</span> 
     </span>
    </p>
   </div>
   <div class='ocr_carea' id='block_1_34' title="bbox 268 3313 1061 3383">
    <p class='ocr_par' dir='ltr' id='par_1_34' title="bbox 268 3313 1061 3383">
     <span class='ocr_line' id='line_1_34' title="bbox 268 3313 1061 3383; baseline 0.001 -18"><span class='ocrx_word' id='word_1_249' title='bbox 268 3313 541 3383; x_wconf 84' lang='grc' dir='ltr'>γνώσεσθε</span> <span class='ocrx_word' id='word_1_250' title='bbox 563 3353 577 3375; x_wconf 94' lang='grc'><strong>,</strong></span> <span class='ocrx_word' id='word_1_251' title='bbox 606 3315 688 3366; x_wconf 83' lang='grc' dir='ltr'><strong>ὅτι</strong></span> <span class='ocrx_word' id='word_1_252' title='bbox 717 3315 828 3382; x_wconf 84' lang='grc' dir='ltr'>ἐγώ</span> <span class='ocrx_word' id='word_1_253' title='bbox 862 3315 999 3383; x_wconf 82' lang='grc' dir='ltr'>εἰμι.</span> <span class='ocrx_word' id='word_1_254' title='bbox 1042 3334 1061 3366; x_wconf 72' lang='grc' dir='ltr'><strong>ι</strong></span> 
     </span>
    </p>
   </div>
   <div class='ocr_carea' id='block_1_35' title="bbox 355 3404 1835 3479">
    <p class='ocr_par' dir='ltr' id='par_1_35' title="bbox 355 3404 1835 3479">
     <span class='ocr_line' id='line_1_35' title="bbox 355 3404 1835 3479; baseline 0.002 -21"><span class='ocrx_word' id='word_1_255' title='bbox 355 3406 487 3458; x_wconf 81' lang='grc' dir='ltr'>Ἀπὸ</span> <span class='ocrx_word' id='word_1_256' title='bbox 508 3405 618 3457; x_wconf 84' lang='grc' dir='ltr'><strong>τῶν</strong></span> <span class='ocrx_word' id='word_1_257' title='bbox 647 3404 890 3474; x_wconf 86' lang='grc' dir='ltr'>σημείων</span> <span class='ocrx_word' id='word_1_258' title='bbox 913 3404 1021 3458; x_wconf 83' lang='grc' dir='ltr'>τῶν</span> <span class='ocrx_word' id='word_1_259' title='bbox 1040 3405 1337 3474; x_wconf 85' lang='grc' dir='ltr'>γεγονότων</span> <span class='ocrx_word' id='word_1_260' title='bbox 1363 3407 1419 3460; x_wconf 88' lang='grc' dir='ltr'><strong>ἐν</strong></span> <span class='ocrx_word' id='word_1_261' title='bbox 1442 3405 1520 3477; x_wconf 80' lang='grc' dir='ltr'><strong>τῷ</strong></span> <span class='ocrx_word' id='word_1_262' title='bbox 1546 3406 1720 3479; x_wconf 85' lang='grc' dir='ltr'>καιρῷ</span> <span class='ocrx_word' id='word_1_263' title='bbox 1743 3407 1835 3461; x_wconf 87' lang='grc' dir='ltr'><strong>τοῦ</strong></span> 
     </span>
    </p>
   </div>
   <div class='ocr_carea' id='block_1_36' title="bbox 270 3491 1835 3568">
    <p class='ocr_par' dir='ltr' id='par_1_36' title="bbox 270 3491 1835 3568">
     <span class='ocr_line' id='line_1_36' title="bbox 270 3491 1835 3568; baseline 0.003 -20"><span class='ocrx_word' id='word_1_264' title='bbox 270 3496 476 3559; x_wconf 79' lang='grc' dir='ltr'>πάθους</span> <span class='ocrx_word' id='word_1_265' title='bbox 498 3534 512 3559; x_wconf 96' lang='grc'><strong>,</strong></span> <span class='ocrx_word' id='word_1_266' title='bbox 543 3496 813 3563; x_wconf 77' lang='grc' dir='ltr'>ἔγνωσαν,</span> <span class='ocrx_word' id='word_1_267' title='bbox 855 3495 935 3548; x_wconf 82' lang='grc' dir='ltr'>ὅτι</span> <span class='ocrx_word' id='word_1_268' title='bbox 968 3496 1127 3558; x_wconf 77' lang='grc' dir='ltr'>αὐτὸς</span> <span class='ocrx_word' id='word_1_269' title='bbox 1173 3491 1241 3566; x_wconf 79' lang='grc' dir='ltr'>ἦν</span> <span class='ocrx_word' id='word_1_270' title='bbox 1272 3497 1300 3548; x_wconf 90' lang='lat'><strong>6</strong></span> <span class='ocrx_word' id='word_1_271' title='bbox 1341 3498 1592 3568; x_wconf 83' lang='grc' dir='ltr'>Χριστός.</span> <span class='ocrx_word' id='word_1_272' title='bbox 1647 3499 1835 3563; x_wconf 86' lang='grc' dir='ltr'>Ὅταν,</span> 
     </span>
    </p>
   </div>
   <div class='ocr_carea' id='block_1_37' title="bbox 271 3584 1837 3659">
    <p class='ocr_par' dir='ltr' id='par_1_37' title="bbox 271 3584 1837 3659">
     <span class='ocr_line' id='line_1_37' title="bbox 271 3584 1837 3659; baseline 0.004 -24"><span class='ocrx_word' id='word_1_273' title='bbox 271 3585 447 3654; x_wconf 72' lang='grc' dir='ltr'>φησὶ,</span> <span class='ocrx_word' id='word_1_274' title='bbox 499 3584 722 3654; x_wconf 74' lang='grc' dir='ltr'>ἀνέλητε</span> <span class='ocrx_word' id='word_1_275' title='bbox 764 3602 863 3655; x_wconf 90' lang='grc' dir='ltr'><strong>με,</strong></span> <span class='ocrx_word' id='word_1_276' title='bbox 917 3586 1013 3639; x_wconf 76' lang='grc' dir='ltr'>καὶ</span> <span class='ocrx_word' id='word_1_277' title='bbox 1048 3585 1235 3655; x_wconf 79' lang='grc' dir='ltr'>δόξητε</span> <span class='ocrx_word' id='word_1_278' title='bbox 1268 3587 1670 3653; x_wconf 80' lang='grc' dir='ltr'>ἁπαλλάξεσθαί</span> <span class='ocrx_word' id='word_1_279' title='bbox 1714 3606 1837 3659; x_wconf 77' lang='grc' dir='ltr'>μου,</span> 
     </span>
    </p>
   </div>
   <div class='ocr_carea' id='block_1_38' title="bbox 266 3676 1837 3749">
    <p class='ocr_par' dir='ltr' id='par_1_38' title="bbox 266 3676 1837 3749">
     <span class='ocr_line' id='line_1_38' title="bbox 266 3676 1837 3749; baseline 0.002 -20"><span class='ocrx_word' id='word_1_280' title='bbox 266 3677 394 3729; x_wconf 77' lang='grc' dir='ltr'>τότε</span> <span class='ocrx_word' id='word_1_281' title='bbox 425 3676 692 3744; x_wconf 83' lang='grc' dir='ltr'>γνώσεσθε</span> <span class='ocrx_word' id='word_1_282' title='bbox 718 3678 798 3730; x_wconf 78' lang='grc' dir='ltr'><strong>ὅτι</strong></span> <span class='ocrx_word' id='word_1_283' title='bbox 825 3678 952 3740; x_wconf 69' lang='grc' dir='ltr'><strong>Υἱὸς</strong></span> <span class='ocrx_word' id='word_1_284' title='bbox 978 3677 1114 3730; x_wconf 84' lang='grc' dir='ltr'>Θεοῦ</span> <span class='ocrx_word' id='word_1_285' title='bbox 1144 3679 1283 3746; x_wconf 88' lang='grc' dir='ltr'>εἰμι,</span> <span class='ocrx_word' id='word_1_286' title='bbox 1311 3677 1420 3731; x_wconf 81' lang='grc' dir='ltr'>ἀπὸ</span> <span class='ocrx_word' id='word_1_287' title='bbox 1441 3677 1549 3731; x_wconf 82' lang='grc' dir='ltr'>τῶν</span> <span class='ocrx_word' id='word_1_288' title='bbox 1574 3680 1837 3749; x_wconf 85' lang='grc' dir='ltr'>σημείων,</span> 
     </span>
    </p>
   </div>
   <div class='ocr_carea' id='block_1_39' title="bbox 266 3767 1654 3839">
    <p class='ocr_par' dir='ltr' id='par_1_39' title="bbox 266 3767 1654 3839">
     <span class='ocr_line' id='line_1_39' title="bbox 266 3767 1654 3839; baseline 0.001 -18"><span class='ocrx_word' id='word_1_289' title='bbox 266 3767 381 3821; x_wconf 81' lang='grc' dir='ltr'><strong>ἀπὸ</strong></span> <span class='ocrx_word' id='word_1_290' title='bbox 405 3769 501 3837; x_wconf 82' lang='grc' dir='ltr'>τῆς</span> <span class='ocrx_word' id='word_1_291' title='bbox 531 3769 902 3836; x_wconf 77' lang='grc' dir='ltr'>ἀναστάσεως,</span> <span class='ocrx_word' id='word_1_292' title='bbox 938 3769 1045 3822; x_wconf 84' lang='grc' dir='ltr'>ἀπὸ</span> <span class='ocrx_word' id='word_1_293' title='bbox 1072 3770 1170 3839; x_wconf 83' lang='grc' dir='ltr'><strong>τῆς</strong></span> <span class='ocrx_word' id='word_1_294' title='bbox 1196 3769 1450 3832; x_wconf 82' lang='grc' dir='ltr'>ἁλώσεως</span> <span class='ocrx_word' id='word_1_295' title='bbox 1479 3770 1654 3839; x_wconf 82' lang='grc' dir='ltr'>ὑμῶν.</span> 
     </span>
    </p>
   </div>
   <div class='ocr_carea' id='block_1_40' title="bbox 345 3881 1841 3953">
    <p class='ocr_par' dir='ltr' id='par_1_40' title="bbox 345 3881 1841 3953">
     <span class='ocr_line' id='line_1_40' title="bbox 345 3881 1841 3953; baseline 0.001 -19"><span class='ocrx_word' id='word_1_296' title='bbox 345 3901 365 3934; x_wconf 70' lang='grc' dir='ltr'><strong>ι</strong></span> <span class='ocrx_word' id='word_1_297' title='bbox 413 3884 522 3936; x_wconf 76' lang='grc' dir='ltr'>Καὶ</span> <span class='ocrx_word' id='word_1_298' title='bbox 562 3884 611 3935; x_wconf 93' lang='lat'>6.</span> <span class='ocrx_word' id='word_1_299' title='bbox 633 3882 852 3952; x_wconf 71' lang='grc' dir='ltr'>πέμψας</span> <span class='ocrx_word' id='word_1_300' title='bbox 893 3900 980 3952; x_wconf 91' lang='grc' dir='ltr'><strong>με,</strong></span> <span class='ocrx_word' id='word_1_301' title='bbox 1019 3882 1137 3951; x_wconf 81' lang='grc' dir='ltr'>μετ’</span> <span class='ocrx_word' id='word_1_302' title='bbox 1164 3881 1299 3952; x_wconf 86' lang='grc' dir='ltr'>ἐμοῦ</span> <span class='ocrx_word' id='word_1_303' title='bbox 1330 3882 1496 3947; x_wconf 86' lang='grc' dir='ltr'>ἐστιν,</span> <span class='ocrx_word' id='word_1_304' title='bbox 1530 3882 1630 3934; x_wconf 84' lang='grc' dir='ltr'><strong>οὐκ</strong></span> <span class='ocrx_word' id='word_1_305' title='bbox 1663 3883 1841 3953; x_wconf 80' lang='grc' dir='ltr'><strong>ἀφῆκέ</strong></span> 
     </span>
    </p>
   </div>
   <div class='ocr_carea' id='block_1_41' title="bbox 267 3972 1876 4045">
    <p class='ocr_par' dir='ltr' id='par_1_41' title="bbox 267 3972 1876 4045">
     <span class='ocr_line' id='line_1_41' title="bbox 267 3972 1876 4045; baseline 0.003 -20"><span class='ocrx_word' id='word_1_306' title='bbox 267 3991 339 4045; x_wconf 87' lang='grc' dir='ltr'><strong>με</strong></span> <span class='ocrx_word' id='word_1_307' title='bbox 374 3973 531 4042; x_wconf 85' lang='grc' dir='ltr'>μόνον</span> <span class='ocrx_word' id='word_1_308' title='bbox 560 3977 588 4028; x_wconf 89' lang='grc' dir='ltr'>ὁ</span> <span class='ocrx_word' id='word_1_309' title='bbox 634 3975 821 4045; x_wconf 82' lang='grc' dir='ltr'>Πατὴρ</span> <span class='ocrx_word' id='word_1_310' title='bbox 845 4013 860 4039; x_wconf 95' lang='grc'><strong>,</strong></span> <span class='ocrx_word' id='word_1_311' title='bbox 892 3975 974 4027; x_wconf 83' lang='grc' dir='ltr'><strong>ὅτι</strong></span> <span class='ocrx_word' id='word_1_312' title='bbox 1007 3972 1116 4042; x_wconf 80' lang='grc' dir='ltr'>ἐγὼ</span> <span class='ocrx_word' id='word_1_313' title='bbox 1161 3973 1229 4026; x_wconf 84' lang='grc' dir='ltr'>τὰ</span> <span class='ocrx_word' id='word_1_314' title='bbox 1273 3973 1481 4044; x_wconf 87' lang='grc' dir='ltr'>ἀρεστὰ</span> <span class='ocrx_word' id='word_1_315' title='bbox 1513 3973 1660 4043; x_wconf 79' lang='grc' dir='ltr'>αὐτῷ</span> <span class='ocrx_word' id='word_1_316' title='bbox 1701 3973 1840 4027; x_wconf 86' lang='grc' dir='ltr'>ποιῶ</span> <span class='ocrx_word' id='word_1_317' title='bbox 1864 4026 1876 4031; x_wconf 82' lang='grc'><strong>-</strong></span> 
     </span>
    </p>
   </div>
   <div class='ocr_carea' id='block_1_42' title="bbox 261 4064 589 4118">
    <p class='ocr_par' dir='ltr' id='par_1_42' title="bbox 261 4064 589 4118">
     <span class='ocr_line' id='line_1_42' title="bbox 261 4064 589 4118; baseline -0.012 0"><span class='ocrx_word' id='word_1_318' title='bbox 261 4064 502 4118; x_wconf 81' lang='grc' dir='ltr'>πάντοτε</span> <span class='ocrx_word' id='word_1_319' title='bbox 514 4105 527 4118; x_wconf 92' lang='grc'><strong>.</strong></span> <span class='ocrx_word' id='word_1_320' title='bbox 572 4083 589 4114; x_wconf 75' lang='grc' dir='ltr'><strong>ι</strong></span> 
     </span>
    </p>
   </div>
   <div class='ocr_carea' id='block_1_43' title="bbox 337 4154 1837 4227">
    <p class='ocr_par' dir='ltr' id='par_1_43' title="bbox 337 4154 1837 4227">
     <span class='ocr_line' id='line_1_43' title="bbox 337 4154 1837 4227; baseline 0.005 -21"><span class='ocrx_word' id='word_1_321' title='bbox 337 4156 439 4208; x_wconf 83' lang='grc' dir='ltr'>Διὰ</span> <span class='ocrx_word' id='word_1_322' title='bbox 468 4155 526 4207; x_wconf 74' lang='grc' dir='ltr'>τὸ</span> <span class='ocrx_word' id='word_1_323' title='bbox 554 4155 781 4218; x_wconf 79' lang='grc' dir='ltr'>ἀσθενὲς</span> <span class='ocrx_word' id='word_1_324' title='bbox 814 4154 924 4208; x_wconf 84' lang='grc' dir='ltr'><strong>τῶν</strong></span> <span class='ocrx_word' id='word_1_325' title='bbox 959 4156 1244 4227; x_wconf 81' lang='grc' dir='ltr'>ἀκροατῶν</span> <span class='ocrx_word' id='word_1_326' title='bbox 1277 4155 1419 4210; x_wconf 76' lang='grc' dir='ltr'>οὕτω</span> <span class='ocrx_word' id='word_1_327' title='bbox 1453 4156 1638 4225; x_wconf 83' lang='grc' dir='ltr'>λαλεῖ,</span> <span class='ocrx_word' id='word_1_328' title='bbox 1679 4176 1837 4213; x_wconf 82' lang='grc' dir='ltr'>τουτ-</span> 
     </span>
    </p>
   </div>
   <div class='ocr_carea' id='block_1_44' title="bbox 261 4248 1841 4321">
    <p class='ocr_par' dir='ltr' id='par_1_44' title="bbox 261 4248 1841 4321">
     <span class='ocr_line' id='line_1_44' title="bbox 261 4248 1841 4321; baseline 0.004 -23"><span class='ocrx_word' id='word_1_329' title='bbox 261 4249 440 4311; x_wconf 84' lang='grc' dir='ltr'>έστιν,</span> <span class='ocrx_word' id='word_1_330' title='bbox 478 4248 590 4300; x_wconf 82' lang='grc' dir='ltr'>Οὐκ</span> <span class='ocrx_word' id='word_1_331' title='bbox 617 4248 732 4317; x_wconf 83' lang='grc' dir='ltr'>είμὶ</span> <span class='ocrx_word' id='word_1_332' title='bbox 778 4248 1018 4310; x_wconf 79' lang='grc' dir='ltr'>ἐναντίος</span> <span class='ocrx_word' id='word_1_333' title='bbox 1054 4248 1130 4318; x_wconf 84' lang='grc' dir='ltr'>τῷ</span> <span class='ocrx_word' id='word_1_334' title='bbox 1183 4249 1377 4321; x_wconf 84' lang='grc' dir='ltr'>Πατρὶ,</span> <span class='ocrx_word' id='word_1_335' title='bbox 1410 4248 1499 4301; x_wconf 77' lang='grc' dir='ltr'>διὰ</span> <span class='ocrx_word' id='word_1_336' title='bbox 1531 4249 1591 4303; x_wconf 82' lang='grc' dir='ltr'><strong>τὸ</strong></span> <span class='ocrx_word' id='word_1_337' title='bbox 1620 4250 1720 4319; x_wconf 83' lang='grc' dir='ltr'><strong>τῆς</strong></span> <span class='ocrx_word' id='word_1_338' title='bbox 1753 4252 1841 4304; x_wconf 74' lang='grc' dir='ltr'>οὐ·</span> 
     </span>
    </p>
   </div>
   <div class='ocr_carea' id='block_1_45' title="bbox 263 4336 1837 4413">
    <p class='ocr_par' dir='ltr' id='par_1_45' title="bbox 263 4336 1837 4413">
     <span class='ocr_line' id='line_1_45' title="bbox 263 4336 1837 4413; baseline 0.004 -26"><span class='ocrx_word' id='word_1_339' title='bbox 263 4336 393 4399; x_wconf 82' lang='grc' dir='ltr'>σίας</span> <span class='ocrx_word' id='word_1_340' title='bbox 424 4338 858 4407; x_wconf 83' lang='grc' dir='ltr'>ἀπαράλλακτον,</span> <span class='ocrx_word' id='word_1_341' title='bbox 879 4338 1065 4409; x_wconf 85' lang='grc' dir='ltr'>ἐπειδὴ</span> <span class='ocrx_word' id='word_1_342' title='bbox 1091 4338 1373 4407; x_wconf 79' lang='grc' dir='ltr'>ὀμοούσιός</span> <span class='ocrx_word' id='word_1_343' title='bbox 1396 4340 1511 4408; x_wconf 82' lang='grc' dir='ltr'>είμι</span> <span class='ocrx_word' id='word_1_344' title='bbox 1537 4338 1613 4410; x_wconf 85' lang='grc' dir='ltr'><strong>τῷ</strong></span> <span class='ocrx_word' id='word_1_345' title='bbox 1643 4342 1837 4413; x_wconf 71' lang='grc' dir='ltr'>Πατρῖ,</span> 
     </span>
    </p>
   </div>
   <div class='ocr_carea' id='block_1_46' title="bbox 1921 534 3488 604">
    <p class='ocr_par' dir='ltr' id='par_1_46' title="bbox 1921 534 3488 604">
     <span class='ocr_line' id='line_1_46' title="bbox 1921 534 3488 604; baseline -0.005 -11"><span class='ocrx_word' id='word_1_346' title='bbox 1921 552 2077 604; x_wconf 87' lang='lat' dir='ltr'><strong>runt;</strong></span> <span class='ocrx_word' id='word_1_347' title='bbox 2118 537 2200 590; x_wconf 66' lang='grc' dir='ltr'><strong>νει</strong></span> <span class='ocrx_word' id='word_1_348' title='bbox 2236 536 2619 591; x_wconf 75' lang='lat' dir='ltr'><strong>contumeliam</strong></span> <span class='ocrx_word' id='word_1_349' title='bbox 2668 534 2743 589; x_wconf 88' lang='lat' dir='ltr'><strong>illi</strong></span> <span class='ocrx_word' id='word_1_350' title='bbox 2794 535 3076 604; x_wconf 83' lang='lat' dir='ltr'><strong>ingerunt,</strong></span> <span class='ocrx_word' id='word_1_351' title='bbox 3122 542 3378 604; x_wconf 84' lang='lat' dir='ltr'><strong>tanquam</strong></span> <span class='ocrx_word' id='word_1_352' title='bbox 3421 547 3488 587; x_wconf 78' lang='lat' dir='ltr'><strong>ex</strong></span> 
     </span>
    </p>
   </div>
   <div class='ocr_carea' id='block_1_47' title="bbox 1920 623 3490 696">
    <p class='ocr_par' dir='ltr' id='par_1_47' title="bbox 1920 623 3490 696">
     <span class='ocr_line' id='line_1_47' title="bbox 1920 623 3490 696; baseline -0.005 -13"><span class='ocrx_word' id='word_1_353' title='bbox 1920 628 2279 684; x_wconf 78' lang='lat' dir='ltr'><strong>fornicatione</strong></span> <span class='ocrx_word' id='word_1_354' title='bbox 2316 627 2501 694; x_wconf 90' lang='lat' dir='ltr'><strong>edito,</strong></span> <span class='ocrx_word' id='word_1_355' title='bbox 2551 634 2604 682; x_wconf 88' lang='lat' dir='ltr'><strong>et</strong></span> <span class='ocrx_word' id='word_1_356' title='bbox 2632 624 2907 696; x_wconf 89' lang='lat' dir='ltr'><strong>proprium</strong></span> <span class='ocrx_word' id='word_1_357' title='bbox 2946 632 3155 693; x_wconf 81' lang='lat' dir='ltr'><strong>patrem</strong></span> <span class='ocrx_word' id='word_1_358' title='bbox 3198 623 3490 693; x_wconf 78' lang='lat' dir='ltr'><strong>ignoranti.</strong></span> 
     </span>
    </p>
   </div>
   <div class='ocr_carea' id='block_1_48' title="bbox 1920 713 3489 788">
    <p class='ocr_par' dir='ltr' id='par_1_48' title="bbox 1920 713 3489 788">
     <span class='ocr_line' id='line_1_48' title="bbox 1920 713 3489 788; baseline -0.004 -12"><span class='ocrx_word' id='word_1_359' title='bbox 1920 719 2072 788; x_wconf 86' lang='lat' dir='ltr'><strong>Quod</strong></span> <span class='ocrx_word' id='word_1_360' title='bbox 2132 719 2179 775; x_wconf 90' lang='lat' dir='ltr'><strong>si</strong></span> <span class='ocrx_word' id='word_1_361' title='bbox 2238 719 2548 784; x_wconf 88' lang='lat' dir='ltr'><strong>hominem,</strong></span> <span class='ocrx_word' id='word_1_362' title='bbox 2607 718 2814 787; x_wconf 87' lang='lat' dir='ltr'><strong>inquit,</strong></span> <span class='ocrx_word' id='word_1_363' title='bbox 2868 716 3215 787; x_wconf 87' lang='lat' dir='ltr'><strong>suspicamini</strong></span> <span class='ocrx_word' id='word_1_364' title='bbox 3272 713 3489 769; x_wconf 84' lang='lat' dir='ltr'><strong>Patrem</strong></span> 
     </span>
    </p>
   </div>
   <div class='ocr_carea' id='block_1_49' title="bbox 1921 804 3492 880">
    <p class='ocr_par' dir='ltr' id='par_1_49' title="bbox 1921 804 3492 880">
     <span class='ocr_line' id='line_1_49' title="bbox 1921 804 3492 880; baseline -0.003 -15"><span class='ocrx_word' id='word_1_365' title='bbox 1921 826 2099 866; x_wconf 91' lang='lat' dir='ltr'><strong>meum</strong></span> <span class='ocrx_word' id='word_1_366' title='bbox 2124 847 2141 875; x_wconf 92' lang='lat'><strong>,</strong></span> <span class='ocrx_word' id='word_1_367' title='bbox 2169 824 2345 880; x_wconf 86' lang='lat' dir='ltr'><strong>neque</strong></span> <span class='ocrx_word' id='word_1_368' title='bbox 2391 824 2478 864; x_wconf 91' lang='lat' dir='ltr'><strong>me</strong></span> <span class='ocrx_word' id='word_1_369' title='bbox 2509 808 2757 864; x_wconf 75' lang='lat' dir='ltr'><strong>novistis.</strong></span> <span class='ocrx_word' id='word_1_370' title='bbox 2805 807 3004 862; x_wconf 76' lang='lat' dir='ltr'><strong>Verum</strong></span> <span class='ocrx_word' id='word_1_371' title='bbox 3036 821 3156 861; x_wconf 90' lang='lat' dir='ltr'><strong>cum</strong></span> <span class='ocrx_word' id='word_1_372' title='bbox 3206 804 3492 875; x_wconf 79' lang='lat' dir='ltr'><strong>diligentes</strong></span> 
     </span>
    </p>
   </div>
   <div class='ocr_carea' id='block_1_50' title="bbox 1920 894 3496 971">
    <p class='ocr_par' dir='ltr' id='par_1_50' title="bbox 1920 894 3496 971">
     <span class='ocr_line' id='line_1_50' title="bbox 1920 894 3496 971; baseline -0.004 -15"><span class='ocrx_word' id='word_1_373' title='bbox 1920 917 1986 956; x_wconf 83' lang='lat' dir='ltr'><strong>ex</strong></span> <span class='ocrx_word' id='word_1_374' title='bbox 2015 901 2325 971; x_wconf 77' lang='lat' dir='ltr'><strong>cognitione</strong></span> <span class='ocrx_word' id='word_1_375' title='bbox 2353 899 2479 955; x_wconf 81' lang='lat' dir='ltr'><strong>Filii</strong></span> <span class='ocrx_word' id='word_1_376' title='bbox 2509 899 2727 954; x_wconf 83' lang='lat' dir='ltr'><strong>Patrem</strong></span> <span class='ocrx_word' id='word_1_377' title='bbox 2761 898 3081 968; x_wconf 82' lang='lat' dir='ltr'><strong>intelligant,</strong></span> <span class='ocrx_word' id='word_1_378' title='bbox 3116 896 3279 951; x_wconf 88' lang='lat' dir='ltr'><strong>Pater</strong></span> <span class='ocrx_word' id='word_1_379' title='bbox 3314 896 3366 950; x_wconf 94' lang='lat' dir='ltr'><strong>in</strong></span> <span class='ocrx_word' id='word_1_380' title='bbox 3399 894 3496 950; x_wconf 87' lang='lat' dir='ltr'><strong>Fi-</strong></span> 
     </span>
    </p>
   </div>
   <div class='ocr_carea' id='block_1_51' title="bbox 1922 976 3493 1062">
    <p class='ocr_par' dir='ltr' id='par_1_51' title="bbox 1922 976 3493 1062">
     <span class='ocr_line' id='line_1_51' title="bbox 1922 976 3493 1062; baseline -0.003 -15"><span class='ocrx_word' id='word_1_381' title='bbox 1922 993 1996 1049; x_wconf 89' lang='lat' dir='ltr'><strong>lio</strong></span> <span class='ocrx_word' id='word_1_382' title='bbox 2016 1003 2286 1062; x_wconf 75' lang='lat' dir='ltr'><strong>tanquam</strong></span> <span class='ocrx_word' id='word_1_383' title='bbox 2329 991 2552 1062; x_wconf 87' lang='lat' dir='ltr'><strong>propria</strong></span> <span class='ocrx_word' id='word_1_384' title='bbox 2587 976 2825 1062; x_wconf 74' lang='lat' dir='ltr'><strong>imagine</strong></span> <span class='ocrx_word' id='word_1_385' title='bbox 2863 989 3204 1059; x_wconf 77' lang='lat' dir='ltr'><strong>exprimitur.</strong></span> <span class='ocrx_word' id='word_1_386' title='bbox 3245 987 3493 1057; x_wconf 69' lang='lat' dir='ltr'><strong>Eqnalis</strong></span> 
     </span>
    </p>
   </div>
   <div class='ocr_carea' id='block_1_52' title="bbox 1923 1077 3493 1152">
    <p class='ocr_par' dir='ltr' id='par_1_52' title="bbox 1923 1077 3493 1152">
     <span class='ocr_line' id='line_1_52' title="bbox 1923 1077 3493 1152; baseline -0.003 -16"><span class='ocrx_word' id='word_1_387' title='bbox 1923 1082 2089 1152; x_wconf 83' lang='lat' dir='ltr'><strong>igitur</strong></span> <span class='ocrx_word' id='word_1_388' title='bbox 2123 1081 2269 1135; x_wconf 84' lang='lat' dir='ltr'><strong>Patri</strong></span> <span class='ocrx_word' id='word_1_389' title='bbox 2320 1080 2513 1145; x_wconf 82' lang='lat' dir='ltr'><strong>Filius,</strong></span> <span class='ocrx_word' id='word_1_390' title='bbox 2561 1095 2685 1136; x_wconf 92' lang='lat' dir='ltr'><strong>cum</strong></span> <span class='ocrx_word' id='word_1_391' title='bbox 2738 1081 2871 1138; x_wconf 82' lang='lat' dir='ltr'><strong>dicit</strong></span> <span class='ocrx_word' id='word_1_392' title='bbox 2909 1093 2934 1152; x_wconf 91' lang='lat'><strong>_:</strong></span> <span class='ocrx_word' id='word_1_393' title='bbox 2994 1077 3224 1133; x_wconf 74' lang='lat' dir='ltr'><strong>Nescitis</strong></span> <span class='ocrx_word' id='word_1_394' title='bbox 3279 1078 3493 1133; x_wconf 77' lang='lat' dir='ltr'><strong>Patrem</strong></span> 
     </span>
    </p>
   </div>
   <div class='ocr_carea' id='block_1_53' title="bbox 1923 1148 3492 1242">
    <p class='ocr_par' dir='ltr' id='par_1_53' title="bbox 1923 1148 3492 1242">
     <span class='ocr_line' id='line_1_53' title="bbox 1923 1148 3492 1242; baseline -0.002 -15"><span class='ocrx_word' id='word_1_395' title='bbox 1923 1148 2116 1239; x_wconf 64' lang='lat' dir='ltr'><strong>meum,</strong></span> <span class='ocrx_word' id='word_1_396' title='bbox 2147 1187 2311 1242; x_wconf 71' lang='lat' dir='ltr'><strong>neque</strong></span> <span class='ocrx_word' id='word_1_397' title='bbox 2336 1189 2438 1239; x_wconf 81' lang='lat' dir='ltr'><strong>me,</strong></span> <span class='ocrx_word' id='word_1_398' title='bbox 2468 1173 2627 1227; x_wconf 80' lang='lat' dir='ltr'><strong>docet</strong></span> <span class='ocrx_word' id='word_1_399' title='bbox 2674 1186 2734 1227; x_wconf 88' lang='lat' dir='ltr'><strong>se</strong></span> <span class='ocrx_word' id='word_1_400' title='bbox 2767 1186 2873 1227; x_wconf 85' lang='lat' dir='ltr'><strong>non</strong></span> <span class='ocrx_word' id='word_1_401' title='bbox 2903 1148 3023 1226; x_wconf 70' lang='lat' dir='ltr'><strong>esse</strong></span> <span class='ocrx_word' id='word_1_402' title='bbox 3052 1169 3267 1240; x_wconf 78' lang='lat' dir='ltr'><strong>Josephi</strong></span> <span class='ocrx_word' id='word_1_403' title='bbox 3299 1170 3492 1234; x_wconf 79' lang='lat' dir='ltr'><strong>tilium,</strong></span> 
     </span>
    </p>
   </div>
   <div class='ocr_carea' id='block_1_54' title="bbox 1924 1264 3498 1335">
    <p class='ocr_par' dir='ltr' id='par_1_54' title="bbox 1924 1264 3498 1335">
     <span class='ocr_line' id='line_1_54' title="bbox 1924 1264 3498 1335; baseline -0.001 -14"><span class='ocrx_word' id='word_1_404' title='bbox 1924 1279 2122 1335; x_wconf 87' lang='lat' dir='ltr'><strong>eosque</strong></span> <span class='ocrx_word' id='word_1_405' title='bbox 2169 1264 2558 1321; x_wconf 82' lang='lat' dir='ltr'><strong>incarnationis</strong></span> <span class='ocrx_word' id='word_1_406' title='bbox 2608 1264 2872 1321; x_wconf 88' lang='lat' dir='ltr'><strong>rationem</strong></span> <span class='ocrx_word' id='word_1_407' title='bbox 2907 1265 3157 1335; x_wconf 85' lang='lat' dir='ltr'><strong>ignorare</strong></span> <span class='ocrx_word' id='word_1_408' title='bbox 3180 1302 3195 1328; x_wconf 89' lang='lat'><strong>,</strong></span> <span class='ocrx_word' id='word_1_409' title='bbox 3239 1279 3339 1321; x_wconf 90' lang='lat' dir='ltr'><strong>nec</strong></span> <span class='ocrx_word' id='word_1_410' title='bbox 3376 1280 3498 1320; x_wconf 83' lang='lat' dir='ltr'><strong>crc-</strong></span> 
     </span>
    </p>
   </div>
   <div class='ocr_carea' id='block_1_55' title="bbox 1924 1357 2658 1411">
    <p class='ocr_par' dir='ltr' id='par_1_55' title="bbox 1924 1357 2658 1411">
     <span class='ocr_line' id='line_1_55' title="bbox 1924 1357 2658 1411; baseline -0.001 0"><span class='ocrx_word' id='word_1_411' title='bbox 1924 1357 2071 1411; x_wconf 89' lang='lat' dir='ltr'><strong>dere.</strong></span> <span class='ocrx_word' id='word_1_412' title='bbox 2648 1403 2658 1410; x_wconf 92' lang='lat'><strong>.</strong></span> 
     </span>
    </p>
   </div>
   <div class='ocr_carea' id='block_1_56' title="bbox 1995 1446 3495 1505">
    <p class='ocr_par' dir='ltr' id='par_1_56' title="bbox 1995 1446 3495 1505">
     <span class='ocr_line' id='line_1_56' title="bbox 1995 1446 3495 1505; baseline 0.001 -4"><span class='ocrx_word' id='word_1_413' title='bbox 1995 1447 2161 1503; x_wconf 74' lang='lat' dir='ltr'><strong>Vens.</strong></span> <span class='ocrx_word' id='word_1_414' title='bbox 2208 1447 2298 1503; x_wconf 72' lang='lat'><strong>20.</strong></span> <span class='ocrx_word' id='word_1_415' title='bbox 2360 1466 2382 1500; x_wconf 71' lang='grc' dir='ltr'><strong>ι</strong></span> <span class='ocrx_word' id='word_1_416' title='bbox 2435 1446 2562 1504; x_wconf 71' lang='lat' dir='ltr'><strong>Haec</strong></span> <span class='ocrx_word' id='word_1_417' title='bbox 2609 1448 2772 1504; x_wconf 87' lang='lat' dir='ltr'><strong>verba</strong></span> <span class='ocrx_word' id='word_1_418' title='bbox 2822 1448 3035 1505; x_wconf 89' lang='lat' dir='ltr'><strong>loeutus</strong></span> <span class='ocrx_word' id='word_1_419' title='bbox 3089 1457 3174 1504; x_wconf 90' lang='lat' dir='ltr'><strong>est</strong></span> <span class='ocrx_word' id='word_1_420' title='bbox 3225 1447 3384 1505; x_wconf 86' lang='lat' dir='ltr'><strong>Jesus</strong></span> <span class='ocrx_word' id='word_1_421' title='bbox 3439 1450 3495 1504; x_wconf 91' lang='lat' dir='ltr'><strong>in</strong></span> 
     </span>
    </p>
   </div>
   <div class='ocr_carea' id='block_1_57' title="bbox 1926 1539 2960 1610">
    <p class='ocr_par' dir='ltr' id='par_1_57' title="bbox 1926 1539 2960 1610">
     <span class='ocr_line' id='line_1_57' title="bbox 1926 1539 2960 1610; baseline -0.002 -15"><span class='ocrx_word' id='word_1_422' title='bbox 1926 1540 2331 1610; x_wconf 82' lang='lat' dir='ltr'><strong>gazOphylacio,</strong></span> <span class='ocrx_word' id='word_1_423' title='bbox 2364 1540 2566 1595; x_wconf 87' lang='lat' dir='ltr'><strong>docens</strong></span> <span class='ocrx_word' id='word_1_424' title='bbox 2597 1541 2650 1594; x_wconf 90' lang='lat' dir='ltr'><strong>in</strong></span> <span class='ocrx_word' id='word_1_425' title='bbox 2684 1539 2897 1609; x_wconf 85' lang='lat' dir='ltr'><strong>templo.</strong></span> <span class='ocrx_word' id='word_1_426' title='bbox 2940 1558 2960 1593; x_wconf 73' lang='grc' dir='ltr'><strong>ι</strong></span> 
     </span>
    </p>
   </div>
   <div class='ocr_carea' id='block_1_58' title="bbox 1996 1629 3499 1701">
    <p class='ocr_par' dir='ltr' id='par_1_58' title="bbox 1996 1629 3499 1701">
     <span class='ocr_line' id='line_1_58' title="bbox 1996 1629 3499 1701; baseline 0.001 -18"><span class='ocrx_word' id='word_1_427' title='bbox 1996 1629 2054 1683; x_wconf 83' lang='grc' dir='ltr'><strong>1η</strong></span> <span class='ocrx_word' id='word_1_428' title='bbox 2079 1631 2277 1700; x_wconf 89' lang='lat' dir='ltr'><strong>templo</strong></span> <span class='ocrx_word' id='word_1_429' title='bbox 2304 1631 2528 1686; x_wconf 85' lang='lat' dir='ltr'><strong>docebat</strong></span> <span class='ocrx_word' id='word_1_430' title='bbox 2558 1632 2712 1701; x_wconf 88' lang='lat' dir='ltr'><strong>quasi</strong></span> <span class='ocrx_word' id='word_1_431' title='bbox 2742 1631 3021 1699; x_wconf 79' lang='lat' dir='ltr'><strong>magister,</strong></span> <span class='ocrx_word' id='word_1_432' title='bbox 3056 1629 3200 1701; x_wconf 90' lang='lat' dir='ltr'><strong>quod</strong></span> <span class='ocrx_word' id='word_1_433' title='bbox 3229 1630 3302 1685; x_wconf 88' lang='lat' dir='ltr'><strong>illi</strong></span> <span class='ocrx_word' id='word_1_434' title='bbox 3331 1645 3499 1701; x_wconf 73' lang='lat' dir='ltr'><strong>aeger-</strong></span> 
     </span>
    </p>
   </div>
   <div class='ocr_carea' id='block_1_59' title="bbox 1929 1720 3497 1792">
    <p class='ocr_par' dir='ltr' id='par_1_59' title="bbox 1929 1720 3497 1792">
     <span class='ocr_line' id='line_1_59' title="bbox 1929 1720 3497 1792; baseline -0.001 -17"><span class='ocrx_word' id='word_1_435' title='bbox 1929 1720 2067 1775; x_wconf 90' lang='lat' dir='ltr'><strong>rime</strong></span> <span class='ocrx_word' id='word_1_436' title='bbox 2121 1720 2389 1777; x_wconf 80' lang='lat' dir='ltr'><strong>ferebant.</strong></span> <span class='ocrx_word' id='word_1_437' title='bbox 2437 1720 2505 1776; x_wconf 86' lang='lat' dir='ltr'><strong>Et</strong></span> <span class='ocrx_word' id='word_1_438' title='bbox 2557 1736 2716 1777; x_wconf 88' lang='lat' dir='ltr'><strong>nemo</strong></span> <span class='ocrx_word' id='word_1_439' title='bbox 2771 1722 3125 1791; x_wconf 80' lang='lat' dir='ltr'><strong>apprehendit</strong></span> <span class='ocrx_word' id='word_1_440' title='bbox 3175 1735 3323 1789; x_wconf 87' lang='lat' dir='ltr'><strong>cum,</strong></span> <span class='ocrx_word' id='word_1_441' title='bbox 3369 1723 3497 1792; x_wconf 85' lang='lat' dir='ltr'><strong>quia</strong></span> 
     </span>
    </p>
   </div>
   <div class='ocr_carea' id='block_1_60' title="bbox 1856 1795 3213 1884">
    <p class='ocr_par' dir='ltr' id='par_1_60' title="bbox 1856 1795 3213 1884">
     <span class='ocr_line' id='line_1_60' title="bbox 1856 1795 3213 1884; baseline 0.001 -17"><span class='ocrx_word' id='word_1_442' title='bbox 1856 1795 1900 1849; x_wconf 78' lang='grc' dir='ltr'><strong>Β</strong></span> <span class='ocrx_word' id='word_1_443' title='bbox 1930 1812 2165 1867; x_wconf 90' lang='lat' dir='ltr'><strong>nondum</strong></span> <span class='ocrx_word' id='word_1_444' title='bbox 2201 1814 2391 1868; x_wconf 84' lang='lat' dir='ltr'><strong>aderat</strong></span> <span class='ocrx_word' id='word_1_445' title='bbox 2417 1821 2627 1883; x_wconf 85' lang='lat' dir='ltr'><strong>tempus</strong></span> <span class='ocrx_word' id='word_1_446' title='bbox 2661 1827 2768 1882; x_wconf 93' lang='lat' dir='ltr'><strong>quo</strong></span> <span class='ocrx_word' id='word_1_447' title='bbox 2794 1814 2907 1883; x_wconf 87' lang='lat' dir='ltr'><strong>pati</strong></span> <span class='ocrx_word' id='word_1_448' title='bbox 2939 1813 3213 1884; x_wconf 85' lang='lat' dir='ltr'><strong>cupiebat.</strong></span> 
     </span>
    </p>
   </div>
   <div class='ocr_carea' id='block_1_61' title="bbox 2000 1902 3498 1974">
    <p class='ocr_par' dir='ltr' id='par_1_61' title="bbox 2000 1902 3498 1974">
     <span class='ocr_line' id='line_1_61' title="bbox 2000 1902 3498 1974; baseline 0.005 -18"><span class='ocrx_word' id='word_1_449' title='bbox 2000 1902 2165 1958; x_wconf 71' lang='lat' dir='ltr'><strong>Vens.</strong></span> <span class='ocrx_word' id='word_1_450' title='bbox 2195 1903 2288 1956; x_wconf 73' lang='lat' dir='ltr'><strong>2i.</strong></span> <span class='ocrx_word' id='word_1_451' title='bbox 2320 1920 2341 1955; x_wconf 83' lang='lat'><strong>¢</strong></span> <span class='ocrx_word' id='word_1_452' title='bbox 2386 1903 2504 1970; x_wconf 83' lang='lat' dir='ltr'><strong>Quo</strong></span> <span class='ocrx_word' id='word_1_453' title='bbox 2532 1918 2633 1973; x_wconf 84' lang='lat' dir='ltr'><strong>ego</strong></span> <span class='ocrx_word' id='word_1_454' title='bbox 2667 1904 2837 1971; x_wconf 86' lang='lat' dir='ltr'><strong>vado,</strong></span> <span class='ocrx_word' id='word_1_455' title='bbox 2863 1917 2963 1959; x_wconf 88' lang='lat' dir='ltr'><strong>vos</strong></span> <span class='ocrx_word' id='word_1_456' title='bbox 3008 1919 3113 1958; x_wconf 89' lang='lat' dir='ltr'><strong>non</strong></span> <span class='ocrx_word' id='word_1_457' title='bbox 3148 1907 3374 1974; x_wconf 82' lang='lat' dir='ltr'><strong>potestis</strong></span> <span class='ocrx_word' id='word_1_458' title='bbox 3404 1923 3498 1963; x_wconf 82' lang='lat' dir='ltr'><strong>ve-</strong></span> 
     </span>
    </p>
   </div>
   <div class='ocr_carea' id='block_1_62' title="bbox 1929 1993 2118 2047">
    <p class='ocr_par' dir='ltr' id='par_1_62' title="bbox 1929 1993 2118 2047">
     <span class='ocr_line' id='line_1_62' title="bbox 1929 1993 2118 2047; baseline -0.016 0"><span class='ocrx_word' id='word_1_459' title='bbox 1929 1993 2065 2047; x_wconf 87' lang='lat' dir='ltr'><strong>nire.</strong></span> <span class='ocrx_word' id='word_1_460' title='bbox 2100 2012 2118 2044; x_wconf 77' lang='grc' dir='ltr'><strong>ι</strong></span> 
     </span>
    </p>
   </div>
   <div class='ocr_carea' id='block_1_63' title="bbox 2003 2084 3498 2161">
    <p class='ocr_par' dir='ltr' id='par_1_63' title="bbox 2003 2084 3498 2161">
     <span class='ocr_line' id='line_1_63' title="bbox 2003 2084 3498 2161; baseline 0.004 -23"><span class='ocrx_word' id='word_1_461' title='bbox 2003 2084 2192 2155; x_wconf 76' lang='lat' dir='ltr'><strong>Regni,</strong></span> <span class='ocrx_word' id='word_1_462' title='bbox 2219 2084 2417 2154; x_wconf 90' lang='lat' dir='ltr'><strong>inquit,</strong></span> <span class='ocrx_word' id='word_1_463' title='bbox 2441 2084 2598 2139; x_wconf 89' lang='lat' dir='ltr'><strong>bonis</strong></span> <span class='ocrx_word' id='word_1_464' title='bbox 2620 2086 3039 2154; x_wconf 80' lang='lat' dir='ltr'><strong>irustrabimini,</strong></span> <span class='ocrx_word' id='word_1_465' title='bbox 3063 2090 3260 2145; x_wconf 84' lang='lat' dir='ltr'><strong>coelum</strong></span> <span class='ocrx_word' id='word_1_466' title='bbox 3289 2091 3498 2161; x_wconf 86' lang='lat' dir='ltr'><strong>ingredi</strong></span> 
     </span>
    </p>
   </div>
   <div class='ocr_carea' id='block_1_64' title="bbox 1931 2176 3502 2246">
    <p class='ocr_par' dir='ltr' id='par_1_64' title="bbox 1931 2176 3502 2246">
     <span class='ocr_line' id='line_1_64' title="bbox 1931 2176 3502 2246; baseline 0.006 -17"><span class='ocrx_word' id='word_1_467' title='bbox 1931 2190 2039 2229; x_wconf 89' lang='lat' dir='ltr'><strong>non</strong></span> <span class='ocrx_word' id='word_1_468' title='bbox 2069 2176 2347 2241; x_wconf 69' lang='lat' dir='ltr'><strong>valentes,</strong></span> <span class='ocrx_word' id='word_1_469' title='bbox 2381 2176 2505 2246; x_wconf 89' lang='lat' dir='ltr'><strong>quia</strong></span> <span class='ocrx_word' id='word_1_470' title='bbox 2541 2191 2773 2246; x_wconf 90' lang='lat' dir='ltr'><strong>superne</strong></span> <span class='ocrx_word' id='word_1_471' title='bbox 2815 2180 3118 2235; x_wconf 84' lang='lat' dir='ltr'><strong>venientem</strong></span> <span class='ocrx_word' id='word_1_472' title='bbox 3156 2196 3263 2237; x_wconf 90' lang='lat' dir='ltr'><strong>non</strong></span> <span class='ocrx_word' id='word_1_473' title='bbox 3317 2198 3502 2238; x_wconf 81' lang='lat' dir='ltr'><strong>susce-</strong></span> 
     </span>
    </p>
   </div>
   <div class='ocr_carea' id='block_1_65' title="bbox 1933 2267 2109 2337">
    <p class='ocr_par' dir='ltr' id='par_1_65' title="bbox 1933 2267 2109 2337">
     <span class='ocr_line' id='line_1_65' title="bbox 1933 2267 2109 2337; baseline 0.006 -16"><span class='ocrx_word' id='word_1_474' title='bbox 1933 2267 2109 2337; x_wconf 80' lang='lat' dir='ltr'><strong>pistis.</strong></span> 
     </span>
    </p>
   </div>
   <div class='ocr_carea' id='block_1_66' title="bbox 2005 2373 3502 2453">
    <p class='ocr_par' dir='ltr' id='par_1_66' title="bbox 2005 2373 3502 2453">
     <span class='ocr_line' id='line_1_66' title="bbox 2005 2373 3502 2453; baseline 0.006 -25"><span class='ocrx_word' id='word_1_475' title='bbox 2005 2373 2164 2429; x_wconf 76' lang='lat' dir='ltr'><strong>Vsus.</strong></span> <span class='ocrx_word' id='word_1_476' title='bbox 2196 2375 2287 2431; x_wconf 78' lang='lat'><strong>‘23.</strong></span> <span class='ocrx_word' id='word_1_477' title='bbox 2338 2395 2356 2426; x_wconf 85' lang='grc'>‹</span> <span class='ocrx_word' id='word_1_478' title='bbox 2393 2374 2503 2430; x_wconf 79' lang='lat' dir='ltr'><strong>Vos</strong></span> <span class='ocrx_word' id='word_1_479' title='bbox 2535 2376 2604 2433; x_wconf 90' lang='lat' dir='ltr'><strong>de</strong></span> <span class='ocrx_word' id='word_1_480' title='bbox 2640 2379 2839 2435; x_wconf 87' lang='lat' dir='ltr'><strong>mundo</strong></span> <span class='ocrx_word' id='word_1_481' title='bbox 2882 2380 2984 2435; x_wconf 87' lang='lat' dir='ltr'><strong>hoc</strong></span> <span class='ocrx_word' id='word_1_482' title='bbox 3032 2383 3195 2448; x_wconf 86' lang='lat' dir='ltr'><strong>estis,</strong></span> <span class='ocrx_word' id='word_1_483' title='bbox 3249 2396 3349 2453; x_wconf 87' lang='lat' dir='ltr'><strong>ego</strong></span> <span class='ocrx_word' id='word_1_484' title='bbox 3397 2399 3502 2440; x_wconf 90' lang='lat' dir='ltr'><strong>non</strong></span> 
     </span>
    </p>
   </div>
   <div class='ocr_carea' id='block_1_67' title="bbox 1936 2464 2582 2523">
    <p class='ocr_par' dir='ltr' id='par_1_67' title="bbox 1936 2464 2582 2523">
     <span class='ocr_line' id='line_1_67' title="bbox 1936 2464 2582 2523; baseline 0.005 -3"><span class='ocrx_word' id='word_1_485' title='bbox 1936 2479 2053 2520; x_wconf 87' lang='lat' dir='ltr'><strong>sum</strong></span> <span class='ocrx_word' id='word_1_486' title='bbox 2086 2467 2152 2521; x_wconf 86' lang='lat' dir='ltr'><strong>de</strong></span> <span class='ocrx_word' id='word_1_487' title='bbox 2180 2464 2282 2522; x_wconf 93' lang='lat' dir='ltr'><strong>hoc</strong></span> <span class='ocrx_word' id='word_1_488' title='bbox 2309 2468 2526 2523; x_wconf 80' lang='lat' dir='ltr'><strong>mundo.</strong></span> <span class='ocrx_word' id='word_1_489' title='bbox 2562 2488 2582 2522; x_wconf 73' lang='grc' dir='ltr'><strong>ι</strong></span> 
     </span>
    </p>
   </div>
   <div class='ocr_carea' id='block_1_68' title="bbox 2009 2555 3503 2634">
    <p class='ocr_par' dir='ltr' id='par_1_68' title="bbox 2009 2555 3503 2634">
     <span class='ocr_line' id='line_1_68' title="bbox 2009 2555 3503 2634; baseline 0.009 -25"><span class='ocrx_word' id='word_1_490' title='bbox 2009 2555 2262 2612; x_wconf 76' lang='lat' dir='ltr'><strong>Hundum</strong></span> <span class='ocrx_word' id='word_1_491' title='bbox 2311 2558 2400 2614; x_wconf 89' lang='lat' dir='ltr'><strong>hic</strong></span> <span class='ocrx_word' id='word_1_492' title='bbox 2447 2561 2695 2617; x_wconf 79' lang='lat' dir='ltr'><strong>carnales</strong></span> <span class='ocrx_word' id='word_1_493' title='bbox 2741 2570 2897 2618; x_wconf 88' lang='lat' dir='ltr'><strong>vocat</strong></span> <span class='ocrx_word' id='word_1_494' title='bbox 2942 2566 3316 2634; x_wconf 79' lang='lat' dir='ltr'><strong>cegitationes.</strong></span> <span class='ocrx_word' id='word_1_495' title='bbox 3369 2566 3503 2624; x_wconf 88' lang='lat' dir='ltr'><strong>Cum</strong></span> 
     </span>
    </p>
   </div>
   <div class='ocr_carea' id='block_1_69' title="bbox 1937 2644 3508 2723">
    <p class='ocr_par' dir='ltr' id='par_1_69' title="bbox 1937 2644 3508 2723">
     <span class='ocr_line' id='line_1_69' title="bbox 1937 2644 3508 2723; baseline 0.008 -22"><span class='ocrx_word' id='word_1_496' title='bbox 1937 2662 2069 2703; x_wconf 89' lang='lat' dir='ltr'><strong>vero</strong></span> <span class='ocrx_word' id='word_1_497' title='bbox 2096 2647 2229 2702; x_wconf 88' lang='lat' dir='ltr'><strong>dicit</strong></span> <span class='ocrx_word' id='word_1_498' title='bbox 2252 2644 2329 2703; x_wconf 83' lang='lat' dir='ltr'><strong>&#39;se</strong></span> <span class='ocrx_word' id='word_1_499' title='bbox 2378 2664 2483 2705; x_wconf 94' lang='lat' dir='ltr'><strong>non</strong></span> <span class='ocrx_word' id='word_1_500' title='bbox 2509 2663 2630 2707; x_wconf 87' lang='lat' dir='ltr'><strong>esse</strong></span> <span class='ocrx_word' id='word_1_501' title='bbox 2659 2653 2725 2707; x_wconf 90' lang='lat' dir='ltr'><strong>de</strong></span> <span class='ocrx_word' id='word_1_502' title='bbox 2763 2652 2867 2708; x_wconf 90' lang='lat' dir='ltr'><strong>hoc</strong></span> <span class='ocrx_word' id='word_1_503' title='bbox 2897 2656 3117 2723; x_wconf 90' lang='lat' dir='ltr'><strong>mundo,</strong></span> <span class='ocrx_word' id='word_1_504' title='bbox 3154 2672 3261 2713; x_wconf 91' lang='lat' dir='ltr'><strong>non</strong></span> <span class='ocrx_word' id='word_1_505' title='bbox 3296 2673 3354 2713; x_wconf 90' lang='lat' dir='ltr'><strong>se</strong></span> <span class='ocrx_word' id='word_1_506' title='bbox 3386 2674 3508 2715; x_wconf 91' lang='lat' dir='ltr'><strong>car-</strong></span> 
     </span>
    </p>
   </div>
   <div class='ocr_carea' id='block_1_70' title="bbox 1940 2743 3508 2821">
    <p class='ocr_par' dir='ltr' id='par_1_70' title="bbox 1940 2743 3508 2821">
     <span class='ocr_line' id='line_1_70' title="bbox 1940 2743 3508 2821; baseline 0.007 -27"><span class='ocrx_word' id='word_1_507' title='bbox 1940 2755 2061 2795; x_wconf 91' lang='lat' dir='ltr'><strong>nem</strong></span> <span class='ocrx_word' id='word_1_508' title='bbox 2093 2748 2254 2810; x_wconf 80' lang='lat' dir='ltr'><strong>negat</strong></span> <span class='ocrx_word' id='word_1_509' title='bbox 2284 2743 2669 2811; x_wconf 85' lang='lat' dir='ltr'><strong>assumpsisse,</strong></span> <span class='ocrx_word' id='word_1_510' title='bbox 2698 2744 2791 2799; x_wconf 90' lang='lat' dir='ltr'><strong>sed</strong></span> <span class='ocrx_word' id='word_1_511' title='bbox 2819 2746 2885 2800; x_wconf 91' lang='lat' dir='ltr'><strong>ab</strong></span> <span class='ocrx_word' id='word_1_512' title='bbox 2915 2762 3104 2803; x_wconf 88' lang='lat' dir='ltr'><strong>eorum</strong></span> <span class='ocrx_word' id='word_1_513' title='bbox 3142 2748 3348 2804; x_wconf 85' lang='lat' dir='ltr'><strong>malitia</strong></span> <span class='ocrx_word' id='word_1_514' title='bbox 3380 2765 3508 2821; x_wconf 91' lang='lat' dir='ltr'><strong>pro-</strong></span> 
     </span>
    </p>
   </div>
   <div class='ocr_carea' id='block_1_71' title="bbox 1939 2831 3507 2909">
    <p class='ocr_par' dir='ltr' id='par_1_71' title="bbox 1939 2831 3507 2909">
     <span class='ocr_line' id='line_1_71' title="bbox 1939 2831 3507 2909; baseline 0.009 -24"><span class='ocrx_word' id='word_1_515' title='bbox 1939 2831 2025 2887; x_wconf 88' lang='lat' dir='ltr'><strong>cul</strong></span> <span class='ocrx_word' id='word_1_516' title='bbox 2062 2831 2250 2888; x_wconf 88' lang='lat' dir='ltr'><strong>abesse</strong></span> <span class='ocrx_word' id='word_1_517' title='bbox 2287 2833 2379 2887; x_wconf 87' lang='lat' dir='ltr'><strong>ait.</strong></span> <span class='ocrx_word' id='word_1_518' title='bbox 2434 2832 2645 2889; x_wconf 89' lang='lat' dir='ltr'><strong>Etenim</strong></span> <span class='ocrx_word' id='word_1_519' title='bbox 2683 2850 2805 2890; x_wconf 92' lang='lat' dir='ltr'><strong>cum</strong></span> <span class='ocrx_word' id='word_1_520' title='bbox 2840 2845 2895 2892; x_wconf 86' lang='lat' dir='ltr'><strong>et</strong></span> <span class='ocrx_word' id='word_1_521' title='bbox 2936 2839 3229 2909; x_wconf 86' lang='lat' dir='ltr'><strong>discipulos</strong></span> <span class='ocrx_word' id='word_1_522' title='bbox 3263 2856 3390 2897; x_wconf 89' lang='lat' dir='ltr'><strong>suos</strong></span> <span class='ocrx_word' id='word_1_523' title='bbox 3424 2845 3507 2899; x_wconf 90' lang='lat' dir='ltr'><strong>di-</strong></span> 
     </span>
    </p>
   </div>
   <div class='ocr_carea' id='block_1_72' title="bbox 1939 2925 3510 2991">
    <p class='ocr_par' dir='ltr' id='par_1_72' title="bbox 1939 2925 3510 2991">
     <span class='ocr_line' id='line_1_72' title="bbox 1939 2925 3510 2991; baseline 0.008 -14"><span class='ocrx_word' id='word_1_524' title='bbox 1939 2932 2026 2977; x_wconf 88' lang='lat' dir='ltr'><strong>cat</strong></span> <span class='ocrx_word' id='word_1_525' title='bbox 2054 2937 2159 2977; x_wconf 90' lang='lat' dir='ltr'><strong>non</strong></span> <span class='ocrx_word' id='word_1_526' title='bbox 2201 2936 2322 2978; x_wconf 89' lang='lat' dir='ltr'><strong>esse</strong></span> <span class='ocrx_word' id='word_1_527' title='bbox 2363 2938 2429 2977; x_wconf 83' lang='lat' dir='ltr'><strong>ex</strong></span> <span class='ocrx_word' id='word_1_528' title='bbox 2477 2925 2577 2979; x_wconf 92' lang='lat' dir='ltr'><strong>hoc</strong></span> <span class='ocrx_word' id='word_1_529' title='bbox 2612 2927 2835 2991; x_wconf 90' lang='lat' dir='ltr'><strong>mundo,</strong></span> <span class='ocrx_word' id='word_1_530' title='bbox 2886 2927 2962 2983; x_wconf 93' lang='lat' dir='ltr'><strong>uti</strong></span> <span class='ocrx_word' id='word_1_531' title='bbox 2993 2939 3047 2984; x_wconf 91' lang='lat' dir='ltr'><strong>et</strong></span> <span class='ocrx_word' id='word_1_532' title='bbox 3085 2926 3284 2989; x_wconf 86' lang='lat' dir='ltr'><strong>Paulus</strong></span> <span class='ocrx_word' id='word_1_533' title='bbox 3318 2950 3334 2988; x_wconf 86' lang='lat'><strong>:</strong></span> <span class='ocrx_word' id='word_1_534' title='bbox 3389 2933 3510 2989; x_wconf 87' lang='lat' dir='ltr'><strong>Non</strong></span> 
     </span>
    </p>
   </div>
   <div class='ocr_carea' id='block_1_73' title="bbox 1940 3013 3506 3089">
    <p class='ocr_par' dir='ltr' id='par_1_73' title="bbox 1940 3013 3506 3089">
     <span class='ocr_line' id='line_1_73' title="bbox 1940 3013 3506 3089; baseline 0.008 -24"><span class='ocrx_word' id='word_1_535' title='bbox 1940 3013 2064 3066; x_wconf 76' lang='lat' dir='ltr'><strong>eatis</strong></span> <span class='ocrx_word' id='word_1_536' title='bbox 2099 3015 2152 3067; x_wconf 82' lang='lat' dir='ltr'><strong>in</strong></span> <span class='ocrx_word' id='word_1_537' title='bbox 2187 3029 2341 3067; x_wconf 81' lang='lat' dir='ltr'><strong>carne</strong></span> <span class='ocrx_word' id='word_1_538' title='bbox 2367 3015 2433 3078; x_wconf 70' lang='lat'><strong>“,</strong></span> <span class='ocrx_word' id='word_1_539' title='bbox 2473 3029 2578 3068; x_wconf 92' lang='lat' dir='ltr'><strong>non</strong></span> <span class='ocrx_word' id='word_1_540' title='bbox 2621 3018 2861 3086; x_wconf 86' lang='lat' dir='ltr'><strong>corporis</strong></span> <span class='ocrx_word' id='word_1_541' title='bbox 2891 3029 3141 3089; x_wconf 67' lang='lat' dir='ltr'><strong>capcrtes</strong></span> <span class='ocrx_word' id='word_1_542' title='bbox 3169 3024 3384 3088; x_wconf 88' lang='lat' dir='ltr'><strong>asserit,</strong></span> <span class='ocrx_word' id='word_1_543' title='bbox 3412 3027 3506 3081; x_wconf 80' lang='lat' dir='ltr'><strong>sed</strong></span> 
     </span>
    </p>
   </div>
   <div class='ocr_carea' id='block_1_74' title="bbox 1866 3101 2701 3183">
    <p class='ocr_par' dir='ltr' id='par_1_74' title="bbox 1866 3101 2701 3183">
     <span class='ocr_line' id='line_1_74' title="bbox 1866 3101 2701 3183; baseline 0.004 -29"><span class='ocrx_word' id='word_1_544' title='bbox 1866 3126 1908 3183; x_wconf 70' lang='grc' dir='ltr'>ο</span> <span class='ocrx_word' id='word_1_545' title='bbox 1942 3101 2219 3170; x_wconf 83' lang='lat' dir='ltr'><strong>sapientiae</strong></span> <span class='ocrx_word' id='word_1_546' title='bbox 2253 3103 2523 3157; x_wconf 90' lang='lat' dir='ltr'><strong>studiosos</strong></span> <span class='ocrx_word' id='word_1_547' title='bbox 2553 3103 2701 3158; x_wconf 85' lang='lat' dir='ltr'><strong>dicit.</strong></span> 
     </span>
    </p>
   </div>
   <div class='ocr_carea' id='block_1_75' title="bbox 2012 3211 3509 3294">
    <p class='ocr_par' dir='ltr' id='par_1_75' title="bbox 2012 3211 3509 3294">
     <span class='ocr_line' id='line_1_75' title="bbox 2012 3211 3509 3294; baseline 0.013 -31"><span class='ocrx_word' id='word_1_548' title='bbox 2012 3211 2175 3267; x_wconf 73' lang='lat' dir='ltr'><strong>Vens.</strong></span> <span class='ocrx_word' id='word_1_549' title='bbox 2206 3213 2295 3267; x_wconf 74' lang='lat'><strong>28.</strong></span> <span class='ocrx_word' id='word_1_550' title='bbox 2338 3232 2365 3275; x_wconf 69' lang='grc' dir='ltr'>ι,</span> <span class='ocrx_word' id='word_1_551' title='bbox 2406 3213 2538 3269; x_wconf 92' lang='lat' dir='ltr'><strong>Cum</strong></span> <span class='ocrx_word' id='word_1_552' title='bbox 2587 3217 2953 3273; x_wconf 82' lang='lat' dir='ltr'><strong>exaltaveritis</strong></span> <span class='ocrx_word' id='word_1_553' title='bbox 2998 3218 3192 3277; x_wconf 86' lang='lat' dir='ltr'><strong>Filium</strong></span> <span class='ocrx_word' id='word_1_554' title='bbox 3241 3223 3509 3294; x_wconf 84' lang='lat' dir='ltr'><strong>hominis,</strong></span> 
     </span>
    </p>
   </div>
   <div class='ocr_carea' id='block_1_76' title="bbox 1943 3306 2977 3380">
    <p class='ocr_par' dir='ltr' id='par_1_76' title="bbox 1943 3306 2977 3380">
     <span class='ocr_line' id='line_1_76' title="bbox 1943 3306 2977 3380; baseline 0.006 -23"><span class='ocrx_word' id='word_1_555' title='bbox 1943 3311 2069 3359; x_wconf 89' lang='lat' dir='ltr'><strong>tunc</strong></span> <span class='ocrx_word' id='word_1_556' title='bbox 2098 3306 2458 3372; x_wconf 82' lang='lat' dir='ltr'><strong>cognoscetis,</strong></span> <span class='ocrx_word' id='word_1_557' title='bbox 2485 3307 2610 3376; x_wconf 86' lang='lat' dir='ltr'><strong>quia</strong></span> <span class='ocrx_word' id='word_1_558' title='bbox 2640 3323 2741 3380; x_wconf 87' lang='lat' dir='ltr'><strong>ego</strong></span> <span class='ocrx_word' id='word_1_559' title='bbox 2773 3325 2915 3365; x_wconf 90' lang='lat' dir='ltr'><strong>sum.</strong></span> <span class='ocrx_word' id='word_1_560' title='bbox 2956 3330 2977 3363; x_wconf 74' lang='grc' dir='ltr'><strong>ι</strong></span> 
     </span>
    </p>
   </div>
   <div class='ocr_carea' id='block_1_77' title="bbox 2009 3393 3512 3478">
    <p class='ocr_par' dir='ltr' id='par_1_77' title="bbox 2009 3393 3512 3478">
     <span class='ocr_line' id='line_1_77' title="bbox 2009 3393 3512 3478; baseline 0.012 -31"><span class='ocrx_word' id='word_1_561' title='bbox 2009 3393 2050 3447; x_wconf 88' lang='grc' dir='ltr'><strong>Α</strong></span> <span class='ocrx_word' id='word_1_562' title='bbox 2084 3395 2250 3465; x_wconf 85' lang='lat' dir='ltr'><strong>signis</strong></span> <span class='ocrx_word' id='word_1_563' title='bbox 2277 3411 2395 3465; x_wconf 69' lang='lat' dir='ltr'><strong>qua:</strong></span> <span class='ocrx_word' id='word_1_564' title='bbox 2417 3396 2613 3453; x_wconf 82' lang='lat' dir='ltr'><strong>ﬁebant</strong></span> <span class='ocrx_word' id='word_1_565' title='bbox 2637 3408 2876 3470; x_wconf 88' lang='lat' dir='ltr'><strong>tempore</strong></span> <span class='ocrx_word' id='word_1_566' title='bbox 2900 3404 3189 3473; x_wconf 87' lang='lat' dir='ltr'><strong>passionis,</strong></span> <span class='ocrx_word' id='word_1_567' title='bbox 3222 3421 3512 3478; x_wconf 85' lang='lat' dir='ltr'><strong>cognosce-</strong></span> 
     </span>
    </p>
   </div>
   <div class='ocr_carea' id='block_1_78' title="bbox 1939 3482 3512 3570">
    <p class='ocr_par' dir='ltr' id='par_1_78' title="bbox 1939 3482 3512 3570">
     <span class='ocr_line' id='line_1_78' title="bbox 1939 3482 3512 3570; baseline 0.01 -30"><span class='ocrx_word' id='word_1_568' title='bbox 1939 3486 2073 3540; x_wconf 87' lang='lat' dir='ltr'><strong>bant</strong></span> <span class='ocrx_word' id='word_1_569' title='bbox 2117 3486 2291 3556; x_wconf 90' lang='lat' dir='ltr'><strong>ipsum</strong></span> <span class='ocrx_word' id='word_1_570' title='bbox 2333 3503 2454 3545; x_wconf 87' lang='lat' dir='ltr'><strong>esse</strong></span> <span class='ocrx_word' id='word_1_571' title='bbox 2501 3482 2800 3546; x_wconf 85' lang='lat' dir='ltr'><strong>Christum.</strong></span> <span class='ocrx_word' id='word_1_572' title='bbox 2838 3493 3064 3560; x_wconf 85' lang='lat' dir='ltr'><strong>Quando</strong></span> <span class='ocrx_word' id='word_1_573' title='bbox 3098 3512 3204 3562; x_wconf 89' lang='lat' dir='ltr'><strong>me,</strong></span> <span class='ocrx_word' id='word_1_574' title='bbox 3250 3500 3446 3570; x_wconf 86' lang='lat' dir='ltr'><strong>inquit,</strong></span> <span class='ocrx_word' id='word_1_575' title='bbox 3481 3518 3512 3556; x_wconf 87' lang='lat' dir='ltr'><strong>e</strong></span> 
     </span>
    </p>
   </div>
   <div class='ocr_carea' id='block_1_79' title="bbox 1942 3576 3512 3656">
    <p class='ocr_par' dir='ltr' id='par_1_79' title="bbox 1942 3576 3512 3656">
     <span class='ocr_line' id='line_1_79' title="bbox 1942 3576 3512 3656; baseline 0.012 -27"><span class='ocrx_word' id='word_1_576' title='bbox 1942 3576 2119 3632; x_wconf 86' lang='lat' dir='ltr'><strong>medio</strong></span> <span class='ocrx_word' id='word_1_577' title='bbox 2151 3580 2499 3647; x_wconf 89' lang='lat' dir='ltr'><strong>sustuleritis,</strong></span> <span class='ocrx_word' id='word_1_578' title='bbox 2530 3590 2587 3637; x_wconf 89' lang='lat' dir='ltr'><strong>et</strong></span> <span class='ocrx_word' id='word_1_579' title='bbox 2616 3597 2644 3636; x_wconf 91' lang='lat' dir='ltr'><strong>a</strong></span> <span class='ocrx_word' id='word_1_580' title='bbox 2669 3598 2753 3638; x_wconf 91' lang='lat' dir='ltr'><strong>me</strong></span> <span class='ocrx_word' id='word_1_581' title='bbox 2777 3583 2991 3640; x_wconf 84' lang='lat' dir='ltr'><strong>liberati</strong></span> <span class='ocrx_word' id='word_1_582' title='bbox 3017 3587 3353 3656; x_wconf 85' lang='lat' dir='ltr'><strong>videbimini,</strong></span> <span class='ocrx_word' id='word_1_583' title='bbox 3383 3603 3512 3648; x_wconf 90' lang='lat' dir='ltr'><strong>tunc</strong></span> 
     </span>
    </p>
   </div>
   <div class='ocr_carea' id='block_1_80' title="bbox 1939 3671 3514 3751">
    <p class='ocr_par' dir='ltr' id='par_1_80' title="bbox 1939 3671 3514 3751">
     <span class='ocr_line' id='line_1_80' title="bbox 1939 3671 3514 3751; baseline 0.011 -28"><span class='ocrx_word' id='word_1_584' title='bbox 1939 3671 2276 3740; x_wconf 76' lang='lat' dir='ltr'><strong>cognoscetis</strong></span> <span class='ocrx_word' id='word_1_585' title='bbox 2340 3673 2465 3742; x_wconf 87' lang='lat' dir='ltr'><strong>quia</strong></span> <span class='ocrx_word' id='word_1_586' title='bbox 2525 3687 2643 3728; x_wconf 85' lang='lat' dir='ltr'><strong>sum</strong></span> <span class='ocrx_word' id='word_1_587' title='bbox 2688 3674 2858 3731; x_wconf 84' lang='lat' dir='ltr'><strong>Filius</strong></span> <span class='ocrx_word' id='word_1_588' title='bbox 2897 3677 2989 3732; x_wconf 90' lang='lat' dir='ltr'><strong>Dei</strong></span> <span class='ocrx_word' id='word_1_589' title='bbox 3031 3696 3045 3733; x_wconf 91' lang='lat'><strong>:</strong></span> <span class='ocrx_word' id='word_1_590' title='bbox 3078 3694 3107 3734; x_wconf 89' lang='lat' dir='ltr'><strong>a</strong></span> <span class='ocrx_word' id='word_1_591' title='bbox 3147 3680 3316 3751; x_wconf 85' lang='lat' dir='ltr'><strong>signis</strong></span> <span class='ocrx_word' id='word_1_592' title='bbox 3349 3684 3514 3740; x_wconf 76' lang='lat' dir='ltr'><strong>nilni-</strong></span> 
     </span>
    </p>
   </div>
   <div class='ocr_carea' id='block_1_81' title="bbox 1943 3764 3298 3836">
    <p class='ocr_par' dir='ltr' id='par_1_81' title="bbox 1943 3764 3298 3836">
     <span class='ocr_line' id='line_1_81' title="bbox 1943 3764 3298 3836; baseline 0.008 -22"><span class='ocrx_word' id='word_1_593' title='bbox 1943 3776 2084 3827; x_wconf 90' lang='lat' dir='ltr'><strong>rum,</strong></span> <span class='ocrx_word' id='word_1_594' title='bbox 2117 3776 2144 3814; x_wconf 92' lang='lat' dir='ltr'><strong>a</strong></span> <span class='ocrx_word' id='word_1_595' title='bbox 2178 3764 2598 3830; x_wconf 88' lang='lat' dir='ltr'><strong>resurrectione,</strong></span> <span class='ocrx_word' id='word_1_596' title='bbox 2625 3773 2679 3818; x_wconf 85' lang='lat' dir='ltr'><strong>et</strong></span> <span class='ocrx_word' id='word_1_597' title='bbox 2706 3780 2735 3819; x_wconf 92' lang='lat' dir='ltr'><strong>a</strong></span> <span class='ocrx_word' id='word_1_598' title='bbox 2762 3768 3072 3836; x_wconf 84' lang='lat' dir='ltr'><strong>captivitate</strong></span> <span class='ocrx_word' id='word_1_599' title='bbox 3098 3782 3298 3825; x_wconf 87' lang='lat' dir='ltr'><strong>vestra.</strong></span> 
     </span>
    </p>
   </div>
   <div class='ocr_carea' id='block_1_82' title="bbox 2011 3871 3508 3946">
    <p class='ocr_par' dir='ltr' id='par_1_82' title="bbox 2011 3871 3508 3946">
     <span class='ocr_line' id='line_1_82' title="bbox 2011 3871 3508 3946; baseline 0.011 -23"><span class='ocrx_word' id='word_1_600' title='bbox 2011 3871 2176 3926; x_wconf 68' lang='lat' dir='ltr'><strong>Vnus.</strong></span> <span class='ocrx_word' id='word_1_601' title='bbox 2206 3873 2295 3926; x_wconf 73' lang='grc'>29.</span> <span class='ocrx_word' id='word_1_602' title='bbox 2325 3892 2344 3924; x_wconf 79' lang='grc' dir='ltr'><strong>ι</strong></span> <span class='ocrx_word' id='word_1_603' title='bbox 2378 3873 2444 3927; x_wconf 89' lang='lat' dir='ltr'><strong>Et</strong></span> <span class='ocrx_word' id='word_1_604' title='bbox 2475 3875 2563 3943; x_wconf 90' lang='lat' dir='ltr'><strong>qui</strong></span> <span class='ocrx_word' id='word_1_605' title='bbox 2598 3875 2743 3929; x_wconf 88' lang='lat' dir='ltr'><strong>misit</strong></span> <span class='ocrx_word' id='word_1_606' title='bbox 2777 3892 2862 3930; x_wconf 93' lang='lat' dir='ltr'><strong>me</strong></span> <span class='ocrx_word' id='word_1_607' title='bbox 2885 3915 2901 3942; x_wconf 94' lang='lat'><strong>,</strong></span> <span class='ocrx_word' id='word_1_608' title='bbox 2928 3891 3138 3933; x_wconf 90' lang='lat' dir='ltr'><strong>mecum</strong></span> <span class='ocrx_word' id='word_1_609' title='bbox 3169 3889 3274 3946; x_wconf 89' lang='lat' dir='ltr'><strong>est,</strong></span> <span class='ocrx_word' id='word_1_610' title='bbox 3310 3890 3366 3937; x_wconf 88' lang='lat' dir='ltr'><strong>et</strong></span> <span class='ocrx_word' id='word_1_611' title='bbox 3406 3901 3508 3940; x_wconf 93' lang='lat' dir='ltr'><strong>non</strong></span> 
     </span>
    </p>
   </div>
   <div class='ocr_carea' id='block_1_83' title="bbox 1942 3962 3510 4038">
    <p class='ocr_par' dir='ltr' id='par_1_83' title="bbox 1942 3962 3510 4038">
     <span class='ocr_line' id='line_1_83' title="bbox 1942 3962 3510 4038; baseline 0.011 -23"><span class='ocrx_word' id='word_1_612' title='bbox 1942 3962 2161 4031; x_wconf 82' lang='lat' dir='ltr'><strong>reliquit</strong></span> <span class='ocrx_word' id='word_1_613' title='bbox 2207 3978 2294 4017; x_wconf 88' lang='lat' dir='ltr'><strong>me</strong></span> <span class='ocrx_word' id='word_1_614' title='bbox 2336 3963 2509 4018; x_wconf 91' lang='lat' dir='ltr'><strong>solum</strong></span> <span class='ocrx_word' id='word_1_615' title='bbox 2546 3982 2558 4017; x_wconf 95' lang='lat'>:</span> <span class='ocrx_word' id='word_1_616' title='bbox 2591 3967 2716 4033; x_wconf 89' lang='lat' dir='ltr'><strong>quia</strong></span> <span class='ocrx_word' id='word_1_617' title='bbox 2761 3981 2859 4037; x_wconf 88' lang='lat' dir='ltr'><strong>ego</strong></span> <span class='ocrx_word' id='word_1_618' title='bbox 2903 3983 3022 4037; x_wconf 72' lang='lat' dir='ltr'><strong>qua:</strong></span> <span class='ocrx_word' id='word_1_619' title='bbox 3072 3969 3268 4038; x_wconf 87' lang='lat' dir='ltr'><strong>placita</strong></span> <span class='ocrx_word' id='word_1_620' title='bbox 3303 3985 3427 4029; x_wconf 88' lang='lat' dir='ltr'><strong>sunt</strong></span> <span class='ocrx_word' id='word_1_621' title='bbox 3458 3979 3510 4032; x_wconf 88' lang='lat' dir='ltr'><strong>ci</strong></span> 
     </span>
    </p>
   </div>
   <div class='ocr_carea' id='block_1_84' title="bbox 1943 4051 2400 4122">
    <p class='ocr_par' dir='ltr' id='par_1_84' title="bbox 1943 4051 2400 4122">
     <span class='ocr_line' id='line_1_84' title="bbox 1943 4051 2400 4122; baseline 0.011 -18"><span class='ocrx_word' id='word_1_622' title='bbox 1943 4051 2082 4106; x_wconf 80' lang='lat' dir='ltr'><strong>facio</strong></span> <span class='ocrx_word' id='word_1_623' title='bbox 2106 4067 2337 4122; x_wconf 88' lang='lat' dir='ltr'><strong>semper.</strong></span> <span class='ocrx_word' id='word_1_624' title='bbox 2379 4072 2400 4108; x_wconf 71' lang='grc' dir='ltr'><strong>ι</strong></span> 
     </span>
    </p>
   </div>
   <div class='ocr_carea' id='block_1_85' title="bbox 2012 4142 3511 4224">
    <p class='ocr_par' dir='ltr' id='par_1_85' title="bbox 2012 4142 3511 4224">
     <span class='ocr_line' id='line_1_85' title="bbox 2012 4142 3511 4224; baseline 0.011 -28"><span class='ocrx_word' id='word_1_625' title='bbox 2012 4142 2239 4212; x_wconf 87' lang='lat' dir='ltr'><strong>Propter</strong></span> <span class='ocrx_word' id='word_1_626' title='bbox 2267 4144 2687 4201; x_wconf 87' lang='lat' dir='ltr'><strong>imbecillitatem</strong></span> <span class='ocrx_word' id='word_1_627' title='bbox 2719 4149 3028 4205; x_wconf 88' lang='lat' dir='ltr'><strong>auditorum</strong></span> <span class='ocrx_word' id='word_1_628' title='bbox 3060 4152 3137 4208; x_wconf 90' lang='lat' dir='ltr'><strong>sic</strong></span> <span class='ocrx_word' id='word_1_629' title='bbox 3159 4152 3414 4224; x_wconf 82' lang='lat' dir='ltr'><strong>loquitur,</strong></span> <span class='ocrx_word' id='word_1_630' title='bbox 3447 4172 3511 4213; x_wconf 88' lang='lat' dir='ltr'><strong>ac</strong></span> 
     </span>
    </p>
   </div>
   <div class='ocr_carea' id='block_1_86' title="bbox 1942 4234 3507 4308">
    <p class='ocr_par' dir='ltr' id='par_1_86' title="bbox 1942 4234 3507 4308">
     <span class='ocr_line' id='line_1_86' title="bbox 1942 4234 3507 4308; baseline 0.008 -17"><span class='ocrx_word' id='word_1_631' title='bbox 1942 4237 1987 4291; x_wconf 88' lang='lat' dir='ltr'><strong>si</strong></span> <span class='ocrx_word' id='word_1_632' title='bbox 2014 4236 2159 4291; x_wconf 86' lang='lat' dir='ltr'><strong>dicat</strong></span> <span class='ocrx_word' id='word_1_633' title='bbox 2192 4254 2208 4293; x_wconf 85' lang='lat'><strong>:</strong></span> <span class='ocrx_word' id='word_1_634' title='bbox 2234 4234 2352 4291; x_wconf 84' lang='lat' dir='ltr'><strong>Non</strong></span> <span class='ocrx_word' id='word_1_635' title='bbox 2381 4254 2498 4294; x_wconf 87' lang='lat' dir='ltr'><strong>sum</strong></span> <span class='ocrx_word' id='word_1_636' title='bbox 2525 4240 2831 4296; x_wconf 82' lang='lat' dir='ltr'><strong>contrarius</strong></span> <span class='ocrx_word' id='word_1_637' title='bbox 2857 4240 3025 4308; x_wconf 87' lang='lat' dir='ltr'><strong>Patri,</strong></span> <span class='ocrx_word' id='word_1_638' title='bbox 3051 4245 3120 4298; x_wconf 90' lang='lat' dir='ltr'><strong>ob</strong></span> <span class='ocrx_word' id='word_1_639' title='bbox 3146 4246 3507 4303; x_wconf 84' lang='lat' dir='ltr'><strong>substantiam</strong></span> 
     </span>
    </p>
   </div>
   <div class='ocr_carea' id='block_1_87' title="bbox 1943 4329 3513 4401">
    <p class='ocr_par' dir='ltr' id='par_1_87' title="bbox 1943 4329 3513 4401">
     <span class='ocr_line' id='line_1_87' title="bbox 1943 4329 3513 4401; baseline 0.008 -19"><span class='ocrx_word' id='word_1_640' title='bbox 1943 4329 2314 4394; x_wconf 89' lang='lat' dir='ltr'><strong>indiscretam,</strong></span> <span class='ocrx_word' id='word_1_641' title='bbox 2348 4329 2779 4399; x_wconf 89' lang='lat' dir='ltr'><strong>quandoquidem</strong></span> <span class='ocrx_word' id='word_1_642' title='bbox 2804 4333 2906 4386; x_wconf 92' lang='lat' dir='ltr'><strong>sim</strong></span> <span class='ocrx_word' id='word_1_643' title='bbox 2934 4332 3174 4401; x_wconf 88' lang='lat' dir='ltr'><strong>ejusdem</strong></span> <span class='ocrx_word' id='word_1_644' title='bbox 3206 4350 3327 4389; x_wconf 86' lang='lat' dir='ltr'><strong>cum</strong></span> <span class='ocrx_word' id='word_1_645' title='bbox 3351 4337 3513 4395; x_wconf 79' lang='lat' dir='ltr'><strong>Patre</strong></span> 
     </span>
    </p>
   </div>
   <div class='ocr_carea' id='block_1_88' title="bbox 259 4419 1834 4509">
    <p class='ocr_par' dir='ltr' id='par_1_88' title="bbox 259 4419 1834 4500">
     <span class='ocr_line' id='line_1_88' title="bbox 259 4419 1834 4500; baseline 0.006 -27"><span class='ocrx_word' id='word_1_646' title='bbox 259 4423 424 4474; x_wconf 76' lang='grc' dir='ltr'>οὐδὲν</span> <span class='ocrx_word' id='word_1_647' title='bbox 456 4425 613 4487; x_wconf 86' lang='grc' dir='ltr'>ποιῶ,</span> <span class='ocrx_word' id='word_1_648' title='bbox 652 4419 725 4477; x_wconf 85' lang='grc' dir='ltr'>ὧν</span> <span class='ocrx_word' id='word_1_649' title='bbox 758 4426 817 4477; x_wconf 77' lang='grc' dir='ltr'><strong>οὐ</strong></span> <span class='ocrx_word' id='word_1_650' title='bbox 851 4428 998 4478; x_wconf 82' lang='grc' dir='ltr'>ποιεῖ</span> <span class='ocrx_word' id='word_1_651' title='bbox 1019 4428 1046 4478; x_wconf 91' lang='lat'><strong>6</strong></span> <span class='ocrx_word' id='word_1_652' title='bbox 1091 4427 1297 4496; x_wconf 85' lang='grc' dir='ltr'>Πατήρ.</span> <span class='ocrx_word' id='word_1_653' title='bbox 1344 4428 1608 4491; x_wconf 83' lang='grc' dir='ltr'>Κάκεῖνος</span> <span class='ocrx_word' id='word_1_654' title='bbox 1647 4430 1754 4500; x_wconf 82' lang='grc' dir='ltr'>γὰρ</span> <span class='ocrx_word' id='word_1_655' title='bbox 1784 4432 1834 4484; x_wconf 82' lang='grc' dir='ltr'><strong>ἐν</strong></span> 
     </span>
    </p>
   </div>
   <div class='ocr_carea' id='block_1_89' title="bbox 1934 4419 3513 4509">
    <p class='ocr_par' dir='ltr' id='par_1_89' title="bbox 1947 4420 3513 4498">
     <span class='ocr_line' id='line_1_89' title="bbox 1947 4420 3513 4498; baseline 0.007 -25"><span class='ocrx_word' id='word_1_656' title='bbox 1947 4421 2232 4487; x_wconf 67' lang='lat' dir='ltr'><strong>essentne;</strong></span> <span class='ocrx_word' id='word_1_657' title='bbox 2271 4420 2404 4474; x_wconf 87' lang='lat' dir='ltr'><strong>nihil</strong></span> <span class='ocrx_word' id='word_1_658' title='bbox 2439 4420 2601 4489; x_wconf 82' lang='lat' dir='ltr'><strong>facio,</strong></span> <span class='ocrx_word' id='word_1_659' title='bbox 2633 4423 2776 4490; x_wconf 92' lang='lat' dir='ltr'><strong>quod</strong></span> <span class='ocrx_word' id='word_1_660' title='bbox 2818 4438 2923 4476; x_wconf 92' lang='lat' dir='ltr'><strong>non</strong></span> <span class='ocrx_word' id='word_1_661' title='bbox 2960 4422 3124 4479; x_wconf 82' lang='lat' dir='ltr'><strong>faciat</strong></span> <span class='ocrx_word' id='word_1_662' title='bbox 3164 4424 3343 4482; x_wconf 85' lang='lat' dir='ltr'><strong>Pater.</strong></span> <span class='ocrx_word' id='word_1_663' title='bbox 3395 4427 3513 4498; x_wconf 86' lang='lat' dir='ltr'><strong>Ipse</strong></span> 
     </span>
    </p>
   </div>
   <div class='ocr_carea' id='block_1_90' title="bbox 259 4509 1834 4586">
    <p class='ocr_par' dir='ltr' id='par_1_90' title="bbox 259 4514 1834 4586">
     <span class='ocr_line' id='line_1_90' title="bbox 259 4514 1834 4586; baseline 0.004 -20"><span class='ocrx_word' id='word_1_664' title='bbox 259 4514 535 4585; x_wconf 77' lang='grc' dir='ltr'><strong>Σαϐϐάτῳ</strong></span> <span class='ocrx_word' id='word_1_665' title='bbox 558 4514 868 4586; x_wconf 78' lang='grc' dir='ltr'>ἐργάζεται,</span> <span class='ocrx_word' id='word_1_666' title='bbox 896 4516 970 4580; x_wconf 85' lang='grc' dir='ltr'>ὡς</span> <span class='ocrx_word' id='word_1_667' title='bbox 995 4515 1126 4585; x_wconf 84' lang='grc' dir='ltr'>ἐγώ·</span> <span class='ocrx_word' id='word_1_668' title='bbox 1152 4519 1244 4570; x_wconf 74' lang='grc' dir='ltr'><strong>καὶ</strong></span> <span class='ocrx_word' id='word_1_669' title='bbox 1270 4517 1305 4572; x_wconf 77' lang='grc' dir='ltr'><strong>ἃ</strong></span> <span class='ocrx_word' id='word_1_670' title='bbox 1329 4517 1511 4586; x_wconf 83' lang='grc' dir='ltr'>λαλεῖ,</span> <span class='ocrx_word' id='word_1_671' title='bbox 1542 4520 1705 4575; x_wconf 85' lang='grc' dir='ltr'>λαλῶ.</span> <span class='ocrx_word' id='word_1_672' title='bbox 1736 4523 1834 4575; x_wconf 77' lang='lat' dir='ltr'><strong>Kal</strong></span> 
     </span>
    </p>
   </div>
   <div class='ocr_carea' id='block_1_91' title="bbox 1934 4509 3512 4586">
    <p class='ocr_par' dir='ltr' id='par_1_91' title="bbox 1945 4509 3512 4586">
     <span class='ocr_line' id='line_1_91' title="bbox 1945 4509 3512 4586; baseline 0.006 -23"><span class='ocrx_word' id='word_1_673' title='bbox 1945 4509 2088 4563; x_wconf 92' lang='lat' dir='ltr'><strong>enim</strong></span> <span class='ocrx_word' id='word_1_674' title='bbox 2122 4524 2226 4564; x_wconf 88' lang='lat' dir='ltr'><strong>non</strong></span> <span class='ocrx_word' id='word_1_675' title='bbox 2266 4524 2422 4566; x_wconf 86' lang='lat' dir='ltr'><strong>secus</strong></span> <span class='ocrx_word' id='word_1_676' title='bbox 2466 4520 2627 4580; x_wconf 90' lang='lat' dir='ltr'><strong>atque</strong></span> <span class='ocrx_word' id='word_1_677' title='bbox 2653 4526 2752 4580; x_wconf 87' lang='lat' dir='ltr'><strong>ego</strong></span> <span class='ocrx_word' id='word_1_678' title='bbox 2783 4513 2836 4567; x_wconf 92' lang='lat' dir='ltr'><strong>in</strong></span> <span class='ocrx_word' id='word_1_679' title='bbox 2871 4512 3109 4570; x_wconf 90' lang='lat' dir='ltr'><strong>Sabhato</strong></span> <span class='ocrx_word' id='word_1_680' title='bbox 3140 4526 3424 4586; x_wconf 88' lang='lat' dir='ltr'><strong>operatur;</strong></span> <span class='ocrx_word' id='word_1_681' title='bbox 3457 4529 3512 4573; x_wconf 91' lang='lat' dir='ltr'><strong>et</strong></span> 
     </span>
    </p>
   </div>
   <div class='ocr_carea' id='block_1_92' title="bbox 258 4600 3510 4682">
    <p class='ocr_par' dir='ltr' id='par_1_92' title="bbox 258 4600 3510 4682">
     <span class='ocr_line' id='line_1_92' title="bbox 258 4600 3510 4682; baseline 0.006 -23"><span class='ocrx_word' id='word_1_682' title='bbox 258 4606 356 4660; x_wconf 84' lang='grc' dir='ltr'>διὰ</span> <span class='ocrx_word' id='word_1_683' title='bbox 388 4606 441 4659; x_wconf 82' lang='grc' dir='ltr'><strong>τί</strong></span> <span class='ocrx_word' id='word_1_684' title='bbox 477 4624 543 4676; x_wconf 89' lang='grc' dir='ltr'><strong>με</strong></span> <span class='ocrx_word' id='word_1_685' title='bbox 582 4608 657 4672; x_wconf 86' lang='grc' dir='ltr'>ὼς</span> <span class='ocrx_word' id='word_1_686' title='bbox 699 4609 945 4661; x_wconf 82' lang='grc' dir='ltr'>ἀντίθεον</span> <span class='ocrx_word' id='word_1_687' title='bbox 977 4609 1325 4677; x_wconf 83' lang='grc' dir='ltr'>διαϐάλλετε;</span> <span class='ocrx_word' id='word_1_688' title='bbox 1364 4609 1479 4664; x_wconf 81' lang='grc' dir='ltr'>Ἵνα</span> <span class='ocrx_word' id='word_1_689' title='bbox 1511 4611 1584 4682; x_wconf 80' lang='grc' dir='ltr'>μὴ</span> <span class='ocrx_word' id='word_1_690' title='bbox 1631 4612 1720 4665; x_wconf 87' lang='grc' dir='ltr'>διὰ</span> <span class='ocrx_word' id='word_1_691' title='bbox 1750 4614 1845 4667; x_wconf 83' lang='grc' dir='ltr'><strong>τοῦ</strong></span> <span class='ocrx_word' id='word_1_692' title='bbox 1944 4615 2063 4670; x_wconf 59' lang='grc' dir='ltr'>τλαίη</span> <span class='ocrx_word' id='word_1_693' title='bbox 2094 4601 2206 4671; x_wconf 70' lang='lat' dir='ltr'><strong>ipse</strong></span> <span class='ocrx_word' id='word_1_694' title='bbox 2251 4600 2519 4671; x_wconf 64' lang='lat' dir='ltr'><strong>loquitur.</strong></span> <span class='ocrx_word' id='word_1_695' title='bbox 2569 4602 2759 4671; x_wconf 70' lang='grc' dir='ltr'>ιοίιυοτ</span> <span class='ocrx_word' id='word_1_696' title='bbox 2794 4613 2849 4661; x_wconf 53' lang='lat' dir='ltr'><strong>et</strong></span> <span class='ocrx_word' id='word_1_697' title='bbox 2888 4621 3014 4675; x_wconf 67' lang='grc' dir='ltr'><strong>88οο</strong></span> <span class='ocrx_word' id='word_1_698' title='bbox 3053 4606 3189 4672; x_wconf 65' lang='lat' dir='ltr'><strong>Qllid</strong></span> <span class='ocrx_word' id='word_1_699' title='bbox 3220 4607 3385 4679; x_wconf 54' lang='lat' dir='ltr'><strong>igitur</strong></span> <span class='ocrx_word' id='word_1_700' title='bbox 3424 4626 3510 4666; x_wconf 73' lang='lat' dir='ltr'><strong>me</strong></span> 
     </span>
    </p>
   </div>
   <div class='ocr_carea' id='block_1_93' title="bbox 258 4698 1846 4773">
    <p class='ocr_par' dir='ltr' id='par_1_93' title="bbox 258 4698 1846 4773">
     <span class='ocr_line' id='line_1_93' title="bbox 258 4698 1846 4773; baseline 0.004 -23"><span class='ocrx_word' id='word_1_701' title='bbox 258 4701 468 4764; x_wconf 75' lang='grc' dir='ltr'>εἰπεῖν,</span> <span class='ocrx_word' id='word_1_702' title='bbox 509 4698 571 4751; x_wconf 89' lang='grc'><strong>’0</strong></span> <span class='ocrx_word' id='word_1_703' title='bbox 598 4699 842 4768; x_wconf 70' lang='grc' dir='ltr'>πέμψας</span> <span class='ocrx_word' id='word_1_704' title='bbox 864 4717 964 4769; x_wconf 76' lang='grc' dir='ltr'><strong>με,</strong></span> <span class='ocrx_word' id='word_1_705' title='bbox 996 4701 1293 4754; x_wconf 76' lang='grc' dir='ltr'>ἐλάττωσιν</span> <span class='ocrx_word' id='word_1_706' title='bbox 1327 4703 1641 4771; x_wconf 77' lang='grc' dir='ltr'>ἐννοήσωσι,</span> <span class='ocrx_word' id='word_1_707' title='bbox 1674 4704 1846 4773; x_wconf 78' lang='grc' dir='ltr'>λέγει,</span> 
     </span>
    </p>
   </div>
   <div class='ocr_carea' id='block_1_94' title="bbox 259 4789 1844 4865">
    <p class='ocr_par' dir='ltr' id='par_1_94' title="bbox 259 4789 1844 4865">
     <span class='ocr_line' id='line_1_94' title="bbox 259 4789 1844 4865; baseline 0.004 -25"><span class='ocrx_word' id='word_1_708' title='bbox 259 4789 411 4841; x_wconf 84' lang='grc' dir='ltr'>Μετ’</span> <span class='ocrx_word' id='word_1_709' title='bbox 429 4789 573 4857; x_wconf 85' lang='grc' dir='ltr'>ἐμοῦ</span> <span class='ocrx_word' id='word_1_710' title='bbox 599 4790 807 4861; x_wconf 71' lang='grc' dir='ltr'>ἐστινί</span> <span class='ocrx_word' id='word_1_711' title='bbox 825 4790 1112 4861; x_wconf 77' lang='grc' dir='ltr'>ἀμφότερα</span> <span class='ocrx_word' id='word_1_712' title='bbox 1134 4790 1329 4859; x_wconf 81' lang='grc' dir='ltr'>λέγων,</span> <span class='ocrx_word' id='word_1_713' title='bbox 1357 4791 1446 4844; x_wconf 85' lang='grc' dir='ltr'>διὰ</span> <span class='ocrx_word' id='word_1_714' title='bbox 1471 4792 1569 4862; x_wconf 72' lang='grc' dir='ltr'><strong>τὴν</strong></span> <span class='ocrx_word' id='word_1_715' title='bbox 1594 4792 1844 4865; x_wconf 85' lang='grc' dir='ltr'>θεότητα,</span> 
     </span>
    </p>
   </div>
   <div class='ocr_carea' id='block_1_95' title="bbox 259 4879 1350 4953">
    <p class='ocr_par' dir='ltr' id='par_1_95' title="bbox 259 4879 1350 4953">
     <span class='ocr_line' id='line_1_95' title="bbox 259 4879 1350 4953; baseline 0.005 -23"><span class='ocrx_word' id='word_1_716' title='bbox 259 4880 365 4932; x_wconf 68' lang='grc' dir='ltr'>καὶ</span> <span class='ocrx_word' id='word_1_717' title='bbox 396 4880 494 4950; x_wconf 82' lang='grc' dir='ltr'>τὴν</span> <span class='ocrx_word' id='word_1_718' title='bbox 522 4881 835 4953; x_wconf 72' lang='grc' dir='ltr'>οἰκονομίαν</span> <span class='ocrx_word' id='word_1_719' title='bbox 870 4882 968 4953; x_wconf 80' lang='grc' dir='ltr'>τῆς</span> <span class='ocrx_word' id='word_1_720' title='bbox 1000 4879 1350 4952; x_wconf 83' lang='grc' dir='ltr'>σαρκώσεως.</span> 
     </span>
    </p>
   </div>
   <div class='ocr_carea' id='block_1_96' title="bbox 343 5042 1837 5128">
    <p class='ocr_par' dir='ltr' id='par_1_96' title="bbox 343 5042 1837 5128">
     <span class='ocr_line' id='line_1_96' title="bbox 343 5042 1837 5128; baseline 0.005 -26"><span class='ocrx_word' id='word_1_721' title='bbox 343 5069 362 5101; x_wconf 71' lang='grc' dir='ltr'><strong>ε</strong></span> <span class='ocrx_word' id='word_1_722' title='bbox 414 5053 538 5105; x_wconf 76' lang='grc' dir='ltr'>Ἐὰν</span> <span class='ocrx_word' id='word_1_723' title='bbox 568 5054 723 5122; x_wconf 87' lang='grc' dir='ltr'>ὑμεῖς</span> <span class='ocrx_word' id='word_1_724' title='bbox 757 5055 974 5126; x_wconf 86' lang='grc' dir='ltr'>μείνητε</span> <span class='ocrx_word' id='word_1_725' title='bbox 1003 5057 1059 5109; x_wconf 85' lang='grc' dir='ltr'><strong>ἐν</strong></span> <span class='ocrx_word' id='word_1_726' title='bbox 1080 5056 1158 5127; x_wconf 81' lang='grc' dir='ltr'><strong>τῷ</strong></span> <span class='ocrx_word' id='word_1_727' title='bbox 1186 5042 1327 5127; x_wconf 80' lang='grc' dir='ltr'>λόγῳ</span> <span class='ocrx_word' id='word_1_728' title='bbox 1352 5056 1428 5128; x_wconf 86' lang='grc' dir='ltr'>τῷ</span> <span class='ocrx_word' id='word_1_729' title='bbox 1456 5057 1593 5127; x_wconf 86' lang='grc' dir='ltr'>ἐμῷ,</span> <span class='ocrx_word' id='word_1_730' title='bbox 1622 5057 1837 5128; x_wconf 82' lang='grc' dir='ltr'>ἀληθῶς</span> 
     </span>
    </p>
   </div>
   <div class='ocr_carea' id='block_1_97' title="bbox 256 5142 1844 5217">
    <p class='ocr_par' dir='ltr' id='par_1_97' title="bbox 256 5142 1844 5217">
     <span class='ocr_line' id='line_1_97' title="bbox 256 5142 1844 5217; baseline 0.003 -23"><span class='ocrx_word' id='word_1_731' title='bbox 256 5142 518 5212; x_wconf 85' lang='grc' dir='ltr'>μαθηταί</span> <span class='ocrx_word' id='word_1_732' title='bbox 555 5148 656 5214; x_wconf 84' lang='grc' dir='ltr'>μού</span> <span class='ocrx_word' id='word_1_733' title='bbox 687 5146 811 5198; x_wconf 82' lang='grc' dir='ltr'>ἐστε</span> <span class='ocrx_word' id='word_1_734' title='bbox 831 5162 844 5176; x_wconf 78' lang='grc'><em>’</em></span> <span class='ocrx_word' id='word_1_735' title='bbox 882 5146 977 5198; x_wconf 69' lang='grc' dir='ltr'><strong>καὶ</strong></span> <span class='ocrx_word' id='word_1_736' title='bbox 1007 5146 1282 5213; x_wconf 87' lang='grc' dir='ltr'>γνώσεσθε</span> <span class='ocrx_word' id='word_1_737' title='bbox 1313 5146 1411 5217; x_wconf 79' lang='grc' dir='ltr'>τὴν</span> <span class='ocrx_word' id='word_1_738' title='bbox 1440 5147 1717 5217; x_wconf 80' lang='grc' dir='ltr'>ἀλήθειαν,</span> <span class='ocrx_word' id='word_1_739' title='bbox 1751 5148 1844 5200; x_wconf 74' lang='grc' dir='ltr'><strong>καὶ</strong></span> 
     </span>
    </p>
   </div>
   <div class='ocr_carea' id='block_1_98' title="bbox 252 5233 1195 5306">
    <p class='ocr_par' dir='ltr' id='par_1_98' title="bbox 252 5233 1195 5306">
     <span class='ocr_line' id='line_1_98' title="bbox 252 5233 1195 5306; baseline 0.003 -21"><span class='ocrx_word' id='word_1_740' title='bbox 252 5236 291 5302; x_wconf 83' lang='grc' dir='ltr'><strong>ἡ</strong></span> <span class='ocrx_word' id='word_1_741' title='bbox 329 5233 560 5303; x_wconf 80' lang='grc' dir='ltr'>ἀλήθεια</span> <span class='ocrx_word' id='word_1_742' title='bbox 587 5234 939 5306; x_wconf 77' lang='grc' dir='ltr'>ἐλευθερώσει</span> <span class='ocrx_word' id='word_1_743' title='bbox 974 5238 1135 5306; x_wconf 75' lang='grc' dir='ltr'>ὑμᾶς.</span> <span class='ocrx_word' id='word_1_744' title='bbox 1177 5256 1195 5288; x_wconf 75' lang='grc' dir='ltr'><strong>ι</strong></span> 
     </span>
    </p>
   </div>
   <div class='ocr_carea' id='block_1_99' title="bbox 342 5324 1844 5399">
    <p class='ocr_par' dir='ltr' id='par_1_99' title="bbox 342 5324 1844 5399">
     <span class='ocr_line' id='line_1_99' title="bbox 342 5324 1844 5399; baseline 0.004 -25"><span class='ocrx_word' id='word_1_745' title='bbox 342 5325 413 5375; x_wconf 84' lang='lat' dir='ltr'><strong>Ai.</strong></span> <span class='ocrx_word' id='word_1_746' title='bbox 444 5324 624 5379; x_wconf 84' lang='grc' dir='ltr'>θυσίαι</span> <span class='ocrx_word' id='word_1_747' title='bbox 659 5328 753 5379; x_wconf 73' lang='grc' dir='ltr'>καὶ</span> <span class='ocrx_word' id='word_1_748' title='bbox 787 5328 835 5378; x_wconf 80' lang='lat' dir='ltr'><strong>oi</strong></span> <span class='ocrx_word' id='word_1_749' title='bbox 882 5327 1167 5397; x_wconf 71' lang='grc' dir='ltr'>ραντισμοὶ</span> <span class='ocrx_word' id='word_1_750' title='bbox 1217 5327 1472 5380; x_wconf 78' lang='grc' dir='ltr'>οὐδέποτε</span> <span class='ocrx_word' id='word_1_751' title='bbox 1517 5326 1844 5399; x_wconf 74' lang='grc' dir='ltr'>ἠλευθέρουν</span> 
     </span>
    </p>
   </div>
   <div class='ocr_carea' id='block_1_100' title="bbox 256 5416 1843 5490">
    <p class='ocr_par' dir='ltr' id='par_1_100' title="bbox 256 5416 1843 5490">
     <span class='ocr_line' id='line_1_100' title="bbox 256 5416 1843 5490; baseline 0.003 -23"><span class='ocrx_word' id='word_1_752' title='bbox 256 5416 574 5486; x_wconf 70' lang='grc' dir='ltr'>ἁμαρτίας,</span> <span class='ocrx_word' id='word_1_753' title='bbox 602 5418 723 5470; x_wconf 74' lang='grc' dir='ltr'>οἱδὶ</span> <span class='ocrx_word' id='word_1_754' title='bbox 749 5420 846 5488; x_wconf 83' lang='grc' dir='ltr'>τὴν</span> <span class='ocrx_word' id='word_1_755' title='bbox 877 5421 933 5472; x_wconf 87' lang='grc' dir='ltr'><strong>ἐν</strong></span> <span class='ocrx_word' id='word_1_756' title='bbox 961 5420 1225 5489; x_wconf 77' lang='grc' dir='ltr'>πνεύματι</span> <span class='ocrx_word' id='word_1_757' title='bbox 1255 5419 1509 5490; x_wconf 83' lang='grc' dir='ltr'>λατρείαν</span> <span class='ocrx_word' id='word_1_758' title='bbox 1537 5418 1843 5472; x_wconf 84' lang='grc' dir='ltr'>ἐπιτελοῦν-</span> 
     </span>
    </p>
   </div>
   <div class='ocr_carea' id='block_1_101' title="bbox 339 5589 799 5656">
    <p class='ocr_par' dir='ltr' id='par_1_101' title="bbox 339 5589 799 5656">
     <span class='ocr_line' id='line_1_101' title="bbox 339 5589 799 5656; baseline 0.002 -12"><span class='ocrx_word' id='word_1_759' title='bbox 339 5590 387 5621; x_wconf 66' lang='grc' dir='ltr'>²δ</span> <span class='ocrx_word' id='word_1_760' title='bbox 419 5589 579 5645; x_wconf 81' lang='lat' dir='ltr'><strong>Rom.</strong></span> <span class='ocrx_word' id='word_1_761' title='bbox 604 5606 720 5656; x_wconf 81' lang='lat' dir='ltr'><strong>vm,</strong></span> <span class='ocrx_word' id='word_1_762' title='bbox 748 5592 799 5645; x_wconf 89' lang='lat'><strong>9.</strong></span> 
     </span>
    </p>
   </div>
   <div class='ocr_carea' id='block_1_102' title="bbox 351 5743 1892 5817">
    <p class='ocr_par' dir='ltr' id='par_1_102' title="bbox 351 5743 1892 5817">
     <span class='ocr_line' id='line_1_102' title="bbox 351 5743 1892 5817; baseline 0.001 -18"><span class='ocrx_word' id='word_1_763' title='bbox 351 5746 367 5781; x_wconf 73' lang='grc'>⁸</span> <span class='ocrx_word' id='word_1_764' title='bbox 402 5744 496 5799; x_wconf 76' lang='lat' dir='ltr'><strong>Cr.</strong></span> <span class='ocrx_word' id='word_1_765' title='bbox 532 5744 651 5797; x_wconf 82' lang='lat' dir='ltr'><strong>sine</strong></span> <span class='ocrx_word' id='word_1_766' title='bbox 687 5743 868 5812; x_wconf 73' lang='grc' dir='ltr'>φησίν.</span> <span class='ocrx_word' id='word_1_767' title='bbox 943 5757 967 5783; x_wconf 81' lang='grc' dir='ltr'>υ</span> <span class='ocrx_word' id='word_1_768' title='bbox 1000 5745 1089 5798; x_wconf 82' lang='lat' dir='ltr'><strong>Cr.</strong></span> <span class='ocrx_word' id='word_1_769' title='bbox 1123 5746 1290 5798; x_wconf 86' lang='grc' dir='ltr'>εἰκόνι</span> <span class='ocrx_word' id='word_1_770' title='bbox 1321 5746 1892 5817; x_wconf 77' lang='grc' dir='ltr'>διαχαρακτηρίζεται.</span> 
     </span>
    </p>
   </div>
   <div class='ocr_carea' id='block_1_103' title="bbox 529 5843 1294 5901">
    <p class='ocr_par' dir='ltr' id='par_1_103' title="bbox 529 5843 1294 5901">
     <span class='ocr_line' id='line_1_103' title="bbox 529 5843 1294 5901; baseline -0.004 0"><span class='ocrx_word' id='word_1_771' title='bbox 529 5843 801 5901; x_wconf 77' lang='grc' dir='ltr'>ΡΑτῐιοι..</span> <span class='ocrx_word' id='word_1_772' title='bbox 847 5843 961 5899; x_wconf 76' lang='lat' dir='ltr'><strong>(lu.</strong></span> <span class='ocrx_word' id='word_1_773' title='bbox 1010 5844 1294 5901; x_wconf 70' lang='lat' dir='ltr'><strong>LXXXV.</strong></span> 
     </span>
    </p>
   </div>
   <div class='ocr_carea' id='block_1_104' title="bbox 1945 4692 3510 4768">
    <p class='ocr_par' dir='ltr' id='par_1_104' title="bbox 1945 4692 3510 4768">
     <span class='ocr_line' id='line_1_104' title="bbox 1945 4692 3510 4768; baseline 0.007 -24"><span class='ocrx_word' id='word_1_774' title='bbox 1945 4700 2199 4761; x_wconf 89' lang='lat' dir='ltr'><strong>tanquam</strong></span> <span class='ocrx_word' id='word_1_775' title='bbox 2228 4692 2317 4746; x_wconf 86' lang='lat' dir='ltr'><strong>Dei</strong></span> <span class='ocrx_word' id='word_1_776' title='bbox 2342 4693 2706 4748; x_wconf 85' lang='lat' dir='ltr'><strong>adversarium</strong></span> <span class='ocrx_word' id='word_1_777' title='bbox 2734 4696 3054 4751; x_wconf 84' lang='lat' dir='ltr'><strong>traducitis?</strong></span> <span class='ocrx_word' id='word_1_778' title='bbox 3076 4697 3153 4752; x_wconf 87' lang='lat' dir='ltr'><strong>Ne</strong></span> <span class='ocrx_word' id='word_1_779' title='bbox 3200 4700 3325 4768; x_wconf 85' lang='lat' dir='ltr'><strong>quia</strong></span> <span class='ocrx_word' id='word_1_780' title='bbox 3358 4700 3510 4755; x_wconf 79' lang='lat' dir='ltr'><strong>dixe-</strong></span> 
     </span>
    </p>
   </div>
   <div class='ocr_carea' id='block_1_105' title="bbox 1941 4783 3511 4857">
    <p class='ocr_par' dir='ltr' id='par_1_105' title="bbox 1941 4783 3511 4857">
     <span class='ocr_line' id='line_1_105' title="bbox 1941 4783 3511 4857; baseline 0.004 -19"><span class='ocrx_word' id='word_1_781' title='bbox 1941 4795 2050 4848; x_wconf 89' lang='lat' dir='ltr'><strong>rat,</strong></span> <span class='ocrx_word' id='word_1_782' title='bbox 2085 4783 2189 4850; x_wconf 85' lang='lat' dir='ltr'><strong>Qui</strong></span> <span class='ocrx_word' id='word_1_783' title='bbox 2222 4785 2363 4839; x_wconf 73' lang='lat' dir='ltr'><strong>misit</strong></span> <span class='ocrx_word' id='word_1_784' title='bbox 2386 4801 2487 4851; x_wconf 87' lang='lat' dir='ltr'><strong>me,</strong></span> <span class='ocrx_word' id='word_1_785' title='bbox 2513 4785 2821 4841; x_wconf 80' lang='lat' dir='ltr'><strong>inferiorem</strong></span> <span class='ocrx_word' id='word_1_786' title='bbox 2849 4790 3169 4857; x_wconf 82' lang='lat' dir='ltr'><strong>cogitarent,</strong></span> <span class='ocrx_word' id='word_1_787' title='bbox 3193 4792 3287 4856; x_wconf 88' lang='lat' dir='ltr'><strong>ait,</strong></span> <span class='ocrx_word' id='word_1_788' title='bbox 3310 4808 3511 4847; x_wconf 82' lang='lat' dir='ltr'><strong>mecum</strong></span> 
     </span>
    </p>
   </div>
   <div class='ocr_carea' id='block_1_106' title="bbox 1942 4878 3513 4954">
    <p class='ocr_par' dir='ltr' id='par_1_106' title="bbox 1942 4878 3513 4954">
     <span class='ocr_line' id='line_1_106' title="bbox 1942 4878 3513 4954; baseline 0.005 -26"><span class='ocrx_word' id='word_1_789' title='bbox 1942 4885 2017 4928; x_wconf 78' lang='lat' dir='ltr'><strong>est</strong></span> <span class='ocrx_word' id='word_1_790' title='bbox 2037 4892 2055 4940; x_wconf 88' lang='lat'><strong><em>;</em></strong></span> <span class='ocrx_word' id='word_1_791' title='bbox 2075 4887 2362 4944; x_wconf 88' lang='lat' dir='ltr'><strong>utrumque</strong></span> <span class='ocrx_word' id='word_1_792' title='bbox 2389 4891 2512 4931; x_wconf 79' lang='lat' dir='ltr'><strong>Clllll</strong></span> <span class='ocrx_word' id='word_1_793' title='bbox 2540 4887 2756 4946; x_wconf 89' lang='lat' dir='ltr'><strong>propter</strong></span> <span class='ocrx_word' id='word_1_794' title='bbox 2773 4878 3133 4947; x_wconf 83' lang='lat' dir='ltr'><strong>divinitatem,</strong></span> <span class='ocrx_word' id='word_1_795' title='bbox 3163 4892 3272 4937; x_wconf 91' lang='lat' dir='ltr'><strong>tum</strong></span> <span class='ocrx_word' id='word_1_796' title='bbox 3291 4893 3513 4954; x_wconf 90' lang='lat' dir='ltr'><strong>propter</strong></span> 
     </span>
    </p>
   </div>
   <div class='ocr_carea' id='block_1_107' title="bbox 1955 4967 3070 5038">
    <p class='ocr_par' dir='ltr' id='par_1_107' title="bbox 1955 4967 3070 5038">
     <span class='ocr_line' id='line_1_107' title="bbox 1955 4967 3070 5038; baseline 0.007 -17"><span class='ocrx_word' id='word_1_797' title='bbox 1955 4967 2343 5022; x_wconf 87' lang='lat' dir='ltr'><strong>incarnationis</strong></span> <span class='ocrx_word' id='word_1_798' title='bbox 2371 4968 2826 5038; x_wconf 87' lang='lat' dir='ltr'><strong>dispensationem</strong></span> <span class='ocrx_word' id='word_1_799' title='bbox 2861 4971 3070 5029; x_wconf 89' lang='lat' dir='ltr'><strong>dicens.</strong></span> 
     </span>
    </p>
   </div>
   <div class='ocr_carea' id='block_1_108' title="bbox 2018 5057 3511 5133">
    <p class='ocr_par' dir='ltr' id='par_1_108' title="bbox 2018 5057 3511 5133">
     <span class='ocr_line' id='line_1_108' title="bbox 2018 5057 3511 5133; baseline 0.005 -23"><span class='ocrx_word' id='word_1_800' title='bbox 2018 5057 2183 5113; x_wconf 69' lang='lat' dir='ltr'><strong>Vens.</strong></span> <span class='ocrx_word' id='word_1_801' title='bbox 2213 5059 2301 5124; x_wconf 77' lang='grc'><strong>51,</strong></span> <span class='ocrx_word' id='word_1_802' title='bbox 2325 5058 2412 5115; x_wconf 67' lang='lat'><strong>&#39;52.</strong></span> <span class='ocrx_word' id='word_1_803' title='bbox 2443 5078 2460 5111; x_wconf 76' lang='grc' dir='ltr'><strong>ι</strong></span> <span class='ocrx_word' id='word_1_804' title='bbox 2484 5060 2540 5114; x_wconf 90' lang='lat' dir='ltr'><strong>Si</strong></span> <span class='ocrx_word' id='word_1_805' title='bbox 2567 5075 2662 5117; x_wconf 89' lang='lat' dir='ltr'><strong>vos</strong></span> <span class='ocrx_word' id='word_1_806' title='bbox 2682 5064 2994 5120; x_wconf 87' lang='lat' dir='ltr'><strong>manseritis</strong></span> <span class='ocrx_word' id='word_1_807' title='bbox 3019 5064 3072 5118; x_wconf 88' lang='lat' dir='ltr'><strong>in</strong></span> <span class='ocrx_word' id='word_1_808' title='bbox 3099 5080 3345 5122; x_wconf 81' lang='lat' dir='ltr'><strong>sermone</strong></span> <span class='ocrx_word' id='word_1_809' title='bbox 3371 5082 3511 5133; x_wconf 84' lang='lat' dir='ltr'><strong>meo,</strong></span> 
     </span>
    </p>
   </div>
   <div class='ocr_carea' id='block_1_109' title="bbox 1946 5150 3503 5224">
    <p class='ocr_par' dir='ltr' id='par_1_109' title="bbox 1946 5150 3503 5224">
     <span class='ocr_line' id='line_1_109' title="bbox 1946 5150 3503 5224; baseline 0.001 -20"><span class='ocrx_word' id='word_1_810' title='bbox 1946 5165 2073 5205; x_wconf 90' lang='lat' dir='ltr'><strong>vere</strong></span> <span class='ocrx_word' id='word_1_811' title='bbox 2101 5150 2347 5219; x_wconf 91' lang='lat' dir='ltr'><strong>discipuli</strong></span> <span class='ocrx_word' id='word_1_812' title='bbox 2381 5151 2482 5205; x_wconf 89' lang='lat' dir='ltr'><strong>mei</strong></span> <span class='ocrx_word' id='word_1_813' title='bbox 2520 5152 2715 5206; x_wconf 90' lang='lat' dir='ltr'><strong>eritis:</strong></span> <span class='ocrx_word' id='word_1_814' title='bbox 2749 5162 2803 5206; x_wconf 91' lang='lat' dir='ltr'><strong>et</strong></span> <span class='ocrx_word' id='word_1_815' title='bbox 2831 5155 3170 5224; x_wconf 87' lang='lat' dir='ltr'><strong>cognoscetis</strong></span> <span class='ocrx_word' id='word_1_816' title='bbox 3200 5154 3503 5219; x_wconf 85' lang='lat' dir='ltr'><strong>veritatem,</strong></span> 
     </span>
    </p>
   </div>
   <div class='ocr_carea' id='block_1_110' title="bbox 1946 5236 2707 5294">
    <p class='ocr_par' dir='ltr' id='par_1_110' title="bbox 1946 5236 2707 5294">
     <span class='ocr_line' id='line_1_110' title="bbox 1946 5236 2707 5294; baseline 0 -3"><span class='ocrx_word' id='word_1_817' title='bbox 1946 5248 1999 5291; x_wconf 89' lang='lat' dir='ltr'><strong>et</strong></span> <span class='ocrx_word' id='word_1_818' title='bbox 2027 5237 2224 5290; x_wconf 84' lang='lat' dir='ltr'><strong>veritas</strong></span> <span class='ocrx_word' id='word_1_819' title='bbox 2254 5236 2504 5291; x_wconf 86' lang='lat' dir='ltr'><strong>liberabit</strong></span> <span class='ocrx_word' id='word_1_820' title='bbox 2533 5253 2646 5294; x_wconf 91' lang='lat' dir='ltr'><strong>vos.</strong></span> <span class='ocrx_word' id='word_1_821' title='bbox 2688 5257 2707 5291; x_wconf 73' lang='grc' dir='ltr'><strong>ι</strong></span> 
     </span>
    </p>
   </div>
   <div class='ocr_carea' id='block_1_111' title="bbox 2020 5328 3512 5401">
    <p class='ocr_par' dir='ltr' id='par_1_111' title="bbox 2020 5328 3512 5401">
     <span class='ocr_line' id='line_1_111' title="bbox 2020 5328 3512 5401; baseline 0.003 -19"><span class='ocrx_word' id='word_1_822' title='bbox 2020 5328 2296 5382; x_wconf 81' lang='lat' dir='ltr'><strong>Sacriﬁcia</strong></span> <span class='ocrx_word' id='word_1_823' title='bbox 2346 5337 2401 5382; x_wconf 90' lang='lat' dir='ltr'><strong>et</strong></span> <span class='ocrx_word' id='word_1_824' title='bbox 2443 5328 2784 5386; x_wconf 88' lang='lat' dir='ltr'><strong>lustrationes</strong></span> <span class='ocrx_word' id='word_1_825' title='bbox 2813 5347 3082 5401; x_wconf 86' lang='lat' dir='ltr'><strong>nunquam</strong></span> <span class='ocrx_word' id='word_1_826' title='bbox 3121 5347 3150 5385; x_wconf 92' lang='lat' dir='ltr'><strong>a</strong></span> <span class='ocrx_word' id='word_1_827' title='bbox 3186 5343 3405 5401; x_wconf 88' lang='lat' dir='ltr'><strong>peccato</strong></span> <span class='ocrx_word' id='word_1_828' title='bbox 3445 5335 3512 5388; x_wconf 86' lang='lat' dir='ltr'><strong>li-</strong></span> 
     </span>
    </p>
   </div>
   <div class='ocr_carea' id='block_1_112' title="bbox 1948 5418 3510 5496">
    <p class='ocr_par' dir='ltr' id='par_1_112' title="bbox 1948 5418 3510 5496">
     <span class='ocr_line' id='line_1_112' title="bbox 1948 5418 3510 5496; baseline 0.003 -21"><span class='ocrx_word' id='word_1_829' title='bbox 1948 5421 2232 5483; x_wconf 85' lang='lat' dir='ltr'><strong>berarunt;</strong></span> <span class='ocrx_word' id='word_1_830' title='bbox 2262 5418 2353 5488; x_wconf 86' lang='lat' dir='ltr'><strong>qui</strong></span> <span class='ocrx_word' id='word_1_831' title='bbox 2400 5435 2530 5475; x_wconf 87' lang='lat' dir='ltr'><strong>vero</strong></span> <span class='ocrx_word' id='word_1_832' title='bbox 2566 5421 2766 5477; x_wconf 90' lang='lat' dir='ltr'><strong>cultum</strong></span> <span class='ocrx_word' id='word_1_833' title='bbox 2792 5422 3047 5479; x_wconf 80' lang='lat' dir='ltr'><strong>exhibent</strong></span> <span class='ocrx_word' id='word_1_834' title='bbox 3075 5423 3390 5495; x_wconf 81' lang='lat' dir='ltr'><strong>spiritalem,</strong></span> <span class='ocrx_word' id='word_1_835' title='bbox 3414 5441 3510 5496; x_wconf 82' lang='lat' dir='ltr'><strong>per</strong></span> 
     </span>
    </p>
   </div>
  </div>
