4038 6148
550 322 683 388 ’1451

1681 315 2017 377 AMMONII
2058 312 2583 374 ALEXANDRINI

3682 308 3829 372 14ἷὲ

557 434 715 488 tidem
745 430 799 485 in
826 428 1102 485 Christum
1131 427 1448 491 liberantur,
1478 423 1590 493 jam
1629 440 1737 480 non
1773 425 2007 496 amplius
2041 426 2124 479 itt—

2250 441 2338 488 τες,
2377 422 2466 475 διὰ
2514 421 2613 491 ⁶τῆς
2662 422 2744 484 εἰς
2790 418 3029 489 Χριστὸν
3080 417 3317 481 πίστεως
3376 416 3822 489 ἐλευθεροῦνται,

556 534 639 580 ter
665 538 869 586 servos,
898 522 991 575 sed
1016 521 1155 574 inter
1178 519 1317 573 ﬁlios
1347 518 1663 586 computati.

630 617 790 671 Vsus.
826 615 971 670 34.1
1009 613 1146 678 Quia
1177 612 1375 678 omnis,
1408 609 1499 680 qui
1533 610 1661 664 facit
1689 618 1990 679 peccatum,
2015 623 2127 662 ser-

554 724 651 762 vus
683 717 764 761 est
801 706 1028 775 peccati.
1072 724 1092 758 ι
1983 691 2004 707 ’

624 798 915 864 Quodlibet
944 797 1087 853 enim
1120 806 1397 867 peccatum
1423 837 1438 864 ,
1466 797 1698 851 animam
1735 791 2129 863 quodammodo

553 891 816 959 captivam
865 889 1092 955 faciens,
1129 891 1184 944 tn
1214 890 1533 945 servitutem
1566 887 1758 956 redigit
1791 884 2127 955 passionum.

630 981 792 1037 Vsus.
829 981 918 1036 55.
959 998 977 1032 ι
1016 979 1217 1036 Servus
1255 991 1441 1036 autem
1489 996 1596 1036 non
1647 988 1833 1033 manet
1867 977 1920 1030 in
1971 976 2130 1029 domo

556 1070 607 1123 in
639 1083 898 1123 teter-num
928 1088 941 1123 :
966 1069 1134 1124 Filius
1165 1077 1342 1123 autem
1378 1080 1559 1124 manet
1591 1070 1645 1123 in
1681 1078 1961 1122 aeternum.
1999 1082 2019 1116 ι

621 1158 727 1226 Qui
766 1175 871 1213 non
910 1169 1091 1213 manet
1137 1159 1190 1212 iu
1220 1171 1525 1224 aeternum,
1568 1173 1666 1212 nec
1700 1172 1912 1227 semper
1940 1157 2129 1210 eodem

557 1253 717 1304 modo
765 1265 825 1304 se
871 1249 1064 1317 habet,
1105 1265 1295 1304 servus
1345 1257 1429 1304 est
1467 1259 1691 1312 natura,
1746 1264 1920 1317 neque
1960 1257 2132 1301 semet

558 1341 690 1408 ipse,
721 1355 894 1409 neque
927 1340 1089 1393 alium
1116 1339 1350 1395 liberare
1374 1342 1535 1394 valet.
1573 1339 1764 1395 Oumia
1791 1341 1933 1394 enim
1967 1339 2132 1393 Crea-

561 1435 692 1485 turis
731 1433 977 1486 servituti
1023 1432 1238 1487 subdita
1276 1442 1421 1489 sunt.
1457 1432 1626 1487 Filius
1673 1439 1855 1486 autent
1898 1447 2020 1485 cum
2065 1432 2134 1485 sit

2233 514 2431 585 μηκέτι
2463 517 2521 567 ὲν
2544 510 2905 577 δούλοις,ἀλλ’
2928 513 2985 565 ὲν
3017 513 3152 573 υἱοῖς
3179 509 3674 579 καταταττόμενοι.

2306 625 2324 658 ι
2356 605 2482 660 ’Ότι
2508 607 2616 669 πᾶς
2641 608 2670 659 6
2697 606 2870 658 ποιῶν
2899 602 2999 675 τὴν
3023 601 3328 674 ἁμαρτίαν,
3351 598 3542 664 δοῦλός
3564 602 3686 654 ἐστι
3722 601 3825 672 τῆς

2229 698 2527 770 ἁμαρτίας.
2567 716 2587 750 ι

2311 788 2549 859 Ἐκάστη
2581 785 2687 858 γὰρ
2710 786 2955 857 ἁμαρτία
2981 784 3330 857 αἰχμάλωτον
3355 783 3550 854 ὥσπερ
3577 783 3825 838 λαὸοῦσα

2227 879 2430 951 ψυχὴν,
2460 878 2655 949 δούλην
2687 878 2857 949 αὐτὴν
2890 878 2984 931 τοῦ
3020 877 3228 939 πάθους
3267 878 3433 931 ποιεῖ.

2306 990 2325 1023 ι
2383 972 2441 1025 '0
2469 971 2526 1024 δὲ
2555 970 2740 1034 δοῦλος
2766 971 2827 1023 οὑ
2858 971 3007 1041 μένει
3027 971 3087 1022 ὲν
3111 971 3180 1040 τῇ
3209 969 3360 1040 οἰκίᾳ
3389 970 3471 1032 είς
3497 967 3593 1020 τὸν
3623 967 3820 1032 αἰῶνα,

2228 1060 2256 1113 ὁ
2282 1058 2409 1121 Υἱός
2442 1058 2591 1130 μένει
2623 1061 2701 1122 είς
2737 1058 2830 1111 τὸν
2856 1054 3047 1112 αίῶνα.
3084 1075 3102 1110 ι

2312 1156 2369 1210 Ὀ
2407 1154 2482 1226 μὴ
2535 1155 2713 1224 μένων
2745 1156 2825 1216 είς
2871 1152 2964 1206 τὸν
2994 1152 3188 1218 αἰῶνα,
3230 1152 3327 1206 καὶ
3370 1149 3641 1217 ὡσαύτως
3682 1151 3828 1222 ἔχων

2230 1247 2316 1300 ἀεὶ
2347 1245 2532 1308 δοῦλός
2553 1246 2668 1298 ἐστι
2694 1247 2761 1317 τῇ
2792 1244 2974 1313 φύσει,
3000 1246 3095 1298 καὶ
3128 1243 3258 1297 οὕτε
3289 1244 3482 1296 ἑαυτὸν
3510 1242 3640 1296 οὔτε
3663 1244 3827 1297 ἄλλον

2233 1335 2595 1405 ἐλευθερῶσαι
2631 1336 2877 1390 δύναται.
2909 1336 3096 1388 Πάντα
3121 1334 3232 1404 γὰρ
3263 1334 3426 1387 δοῦλα
3451 1334 3544 1387 τοῦ
3581 1334 3825 1386 Κτὶσαν-

2229 1445 2341 1491 τος.
2376 1428 2544 1481 Μὲνει
2568 1426 2624 1480 δὲ
2658 1429 2738 1491 είς
2774 1427 2866 1480 τὸν
2904 1426 3077 1481 αίῶνα
3116 1426 3381 1489 ὡσαύτως
3422 1425 3566 1496 ἔχων
3597 1428 3628 1479 6
3658 1425 3822 1490 Υἱὸς,

560 1532 756 1578 natura
790 1524 946 1588 Deus,
985 1525 1281 1594 eodemque
1315 1525 1475 1580 modo
1509 1539 1569 1580 se
1605 1523 1835 1588 habeat,
1865 1532 2048 1577 manet
2077 1523 2130 1577 iu
2233 1518 2307 1581 ὡς
2332 1518 2491 1588 φύσει
2513 1517 2668 1581 986;-

560 1628 843 1671 mteruum.
970 1635 987 1687 (

630 1705 795 1760 Vens.
826 1705 916 1760 56.
948 1723 967 1758 ι
1002 1705 1056 1760 Si
1078 1721 1206 1777 ergo
1237 1719 1329 1760 vos
1350 1705 1518 1762 Filius
1545 1703 1886 1770 liberaverit,
1915 1716 2040 1758 vere
2066 1702 2133 1757 li-

559 1796 673 1850 beri
704 1798 876 1852 eritis.
909 1816 929 1849 ι

635 1889 733 1945 llic
780 1891 987 1957 peccati
1035 1888 1472 1966 emundatiouem
1527 1886 1724 1951 innuit,
1783 1900 1945 1954 quam
1991 1884 2134 1939 stilus

561 1993 783 2053 praestat
812 1982 974 2047 Deus,
1012 1997 1132 2051 quae
1171 1997 1297 2036 vera
1333 1982 1558 2036 libertas
1595 1989 1708 2043 est,
1756 1989 1811 2032 et
1847 1994 1951 2032 non
1991 1978 2093 2030 alia
2119 2015 2134 2041 ,

563 2090 684 2143 quae
725 2074 944 2129 nomine
981 2074 1247 2127 duntaxat
1294 2083 1449 2128 tenus
1492 2072 1801 2127 libertatem
1836 2072 2134 2126 continent.

641 2251 798 2305 \‘sns.
848 2250 938 2307 58.
975 2269 995 2304 ι
1043 2250 1152 2320 Ego
1182 2249 1321 2320 quod
1347 2248 1475 2305 'vidi
1522 2247 1659 2319 apud
1700 2245 1917 2302 Patrem
1960 2260 2138 2300 meum

565 2339 757 2406 loquor
802 2355 815 2391 :
846 2346 900 2392 et
930 2352 1023 2392 vos
1066 2353 1185 2408 qua:
1222 2338 1434 2393 vidistis
1465 2338 1605 2408 apud
1637 2346 1842 2407 patrem
1875 2345 2136 2401 vestrum,

566 2429 761 2480 facilis.
804 2445 822 2480 ι

642 2521 1102 2587 Quemadmodum
1157 2534 1255 2591 ego
1304 2536 1407 2575 non
1465 2528 1656 2574 natura
1693 2519 1905 2583 solum,
1951 2534 2138 2571 verum

566 2610 725 2666 etiam
754 2611 1054 2666 verissimis
1095 2611 1227 2664 meis
1255 2612 1595 2666 sermonibus
1630 2610 1842 2664 Patrem
1878 2610 2137 2665 declare:

567 2704 645 2756 sic
670 2713 723 2755 et
750 2717 842 2756 vos
869 2702 998 2774 ipsis
1032 2703 1229 2757 vestris
1255 2703 1510 2771 operibus
1542 2711 1747 2771 patrem
1786 2709 2023 2756 vestrum
2056 2714 2143 2752 rc-

570 2794 744 2850 fcrtis.
796 2791 1033 2849 Locutus
1071 2804 1174 2859 est,
1221 2794 1432 2864 inquit,
1482 2794 1635 2850 vobis
1667 2792 1828 2847 Pater
1857 2807 2007 2845 meus
2049 2806 2143 2860 per

574 2887 865 2956 prophetas
902 2905 916 2941 :
947 2888 1201 2956 suscipite
1237 2887 1403 2957 igitur
1428 2900 1549 2940 eum
1589 2884 1680 2955 qui
1716 2884 2002 2953 prsedictus
2032 2890 2142 2948 cst;

574 2989 629 3031 et
654 2994 773 3046 qua:
804 2978 1110 3040 audivistis,
1136 2993 1299 3049 apere
1327 2977 1589 3049 perﬁcite.

647 3068 808 3123 Vens.
842 3068 932 3123 40.
973 3087 992 3119 ι
1030 3069 1184 3122 Nunc
1210 3078 1391 3122 autem
1425 3069 1666 3138 qumritis
1699 3084 1785 3125 me
1815 3068 2138 3131 interﬁcere,

2309 1708 2329 1741 ι
2386 1688 2510 1744 Ἐὰν
2540 1685 2633 1744 οὖν
2672 1692 2701 1745 ὁ
2733 1691 2860 1756 Υἱὸς
2891 1691 3036 1763 ὑμᾶς
3066 1689 3427 1764 ἐλευθερώσῃ,
3459 1688 3637 1754 ὅντως
3670 1690 3822 1743 ἐλεύ-

2165 1779 2205 1832 B
2236 1781 2384 1854 θεροι
2409 1781 2616 1836 ἔσεσθε.
2655 1800 2675 1834 ι

2305 1870 2434 1928 Ὧδε
2462 1874 2565 1944 τὴν
2607 1874 2882 1945 κάθαρσιν
2925 1873 3027 1944 τῆς
3062 1873 3337 1945 ἁμαρτίας
3380 1872 3719 1949 αἰνίττεται,
3757 1874 3822 1944 ἦν

2239 1966 2398 2037 μόνος
2426 1966 2558 2029 Θεὸς
2578 1966 2811 2030 δίδωσιν,
2830 1967 2950 2037 ¹ἣτις
2980 1968 3130 2020 ἐστὶν
3160 1967 3367 2038 ἀληθὴς
3390 1965 3705 2034 ἐλευθερία,
3734 1968 3822 2019 0i.-

2235 2058 2395 2129 δεμία
2425 2058 2595 2129 ἄλλη,
2633 2058 2836 2121 αἵτινες
2878 2058 3042 2129 μέχρι
3096 2058 3261 2130 μόνης
3307 2057 3691 2129 προσηγορίας
3727 2060 3822 2128 τὴν
3906 2118 3915 2125 _

2238 2154 2548 2226 ἐλευθερίαν
2578 2154 2784 2225 ἔχουσι.

2316 2265 2335 2298 ι
2381 2246 2522 2316 Ἐγὼ
2550 2246 2578 2299 ὃ
2608 2246 2833 2318 ἑώρακα
2861 2247 3015 2318 παρὰ
3048 2246 3127 2319 τῷ
3163 2246 3338 2319 Πατρί
3374 2265 3502 2317 μου,
3530 2246 3703 2300 λαλῶ³
3733 2244 3824 2300 καὶ

2241 2339 2399 2408 ὑμεῖς
2444 2335 2537 2393 οὖν
2573 2338 2602 2392 ὃ
2652 2340 2935 2411 ἑωράκατε
2976 2340 3131 2411 παρὰ
3167 2339 3246 2411 τῷ
3286 2342 3457 2412 πατρῖ
3487 2340 3667 2411 ὑμῶν,
3704 2356 3822 2393 ποις

2241 2447 2372 2484 ειτε.
2413 2449 2432 2482 ι

2314 2523 2526 2593 Ὥσπερ
2560 2520 2669 2590 ἐγὼ
2707 2522 2769 2573 οὑ
2810 2521 2970 2591 μόνον
3008 2521 3116 2575 ἀπὸ
3159 2523 3260 2593 τῆς
3304 2524 3518 2588 οὐσίαο,
3552 2523 3692 2577 ἀλλὰ
3733 2523 3825 2576 ita".

2248 2611 2357 2666 ἀπὸ
2379 2613 2485 2666 τῶν
2511 2612 2726 2683 ἀληθῶν
2752 2630 2850 2681 μου
2878 2613 3051 2681 λόγων
3072 2614 3324 2683 ἑμφαίνω
3340 2616 3431 2668 τὸν
3452 2616 3674 2686 Πατέρα
3703 2631 3823 2685 μου⁸

2243 2702 2386 2755 οὑτω
2438 2703 2533 2755 καὶ
2579 2703 2737 2772 ὑμεῖς
2775 2703 2884 2756 ἀπὸ
2924 2703 3032 2758 τῶν
3072 2704 3420 2774 πραγμάτων
3453 2705 3564 2758 τῶν
3618 2705 3827 2758 ἑαυτῶν

2242 2791 2515 2846 δεικνύετε
2557 2791 2788 2862 πατέρα.
2817 2792 3129 2862 Λελὰληκεν
3165 2794 3325 2863 ὑμῖν,
3361 2797 3551 2866 φησὶν,
3585 2798 3615 2847 ὁ
3640 2795 3826 2866 Πατὴρ

2242 2882 2330 2936 διὰ
2379 2883 2484 2937 τῶν
2547 2884 2844 2954 προφητῶν
2871 2901 2884 2914 ·
2938 2884 3163 2948 δέξασθε
3218 2881 3313 2938 οὖν
3356 2886 3448 2939 τὸν
3497 2903 3825 2957 προαναςωο

2245 2977 2497 3050 νηθέντα,
2523 2980 2617 3032 καὶ
2640 2980 2901 3049 ποιήσατε
2933 2979 3025 3031 καὶ
3051 2979 3208 3048 ὑμεῖς
3237 2976 3274 3032 ἀ
3301 2978 3597 3048 ἠκούσατε.

2322 3088 2340 3120 ι
2371 3068 2485 3123 Νῦν
2510 3069 2571 3123 δὲ
2599 3069 2813 3139 ζητεῖτέ
2842 3086 2908 3139 με
2938 3069 3282 3136 ἀποκτεῖναι,
3313 3069 3600 3139 ἄνθρωπον
3624 3070 3684 3134 ὃς
3724 3071 3832 3140 τὴν

577 3161 873 3226 hominem,
915 3160 1005 3228 qui
1042 3159 1326 3213 veritatem
1371 3160 1524 3214 vobis
1551 3160 1765 3214 locutus
1812 3175 1954 3226 sum,
1981 3176 2140 3230 quam

2250 3161 2502 3233 ἀλήθειαν
2523 3163 2649 3232 ὑμῖν
2676 3161 2971 3230 λελάληκα,
3002 3162 3069 3232 ἢν
3089 3162 3299 3232 ἥκουσα
3322 3162 3469 3231 παρὰ
3489 3162 3580 3215 τοῦ
3607 3162 3773 3216 Θεοῦ.
3804 3183 3826 3215 ι

574 3250 750 3305 audivi
787 3264 814 3303 a
841 3248 971 3304 Deo.
1016 3267 1035 3301 ι

647 3341 870 3408 Qualem
907 3349 1086 3394 autem
1116 3337 1184 3393 iis
1217 3338 1428 3393 dixerat
1453 3337 1779 3394 veritatem?
1808 3338 1948 3408 quod
1989 3339 2147 3394 nimi-

576 3451 691 3488 rum
737 3433 962 3504 aequalis
1011 3440 1154 3487 esset
1197 3429 1366 3487 Patri.
1397 3430 1601 3485 Idcirco
1650 3430 1791 3484 enim
1839 3432 2148 3499 t‘ptzerebant

575 3528 747 3595 ipsum
784 3525 1089 3578 interﬁcere
1120 3521 1312 3576 Judmi.

647 3617 811 3670 Vens.
836 3616 925 3670 42.
965 3633 982 3665 ι
1034 3614 1178 3668 Dixit
1208 3627 1338 3683 ergo
1376 3613 1455 3667 eis
1494 3611 1647 3666 Jesns
1678 3630 1689 3665 :
1731 3610 1786 3666 Si
1821 3610 1960 3665 Deus
1989 3610 2146 3664 Pater

575 3717 754 3762 vester
792 3714 955 3772 esset,
992 3706 1286 3774 diligeretis
1322 3705 1507 3772 utique
1562 3718 1646 3757 me
1690 3717 1839 3772 :ego
1882 3704 2023 3757 enim
2077 3718 2143 3755 ex

577 3799 687 3854 Deo
714 3799 975 3869 processi,
1007 3807 1061 3853 et
1088 3796 1219 3859 .veni
1256 3809 1272 3849 :
1304 3809 1481 3865 neque
1504 3794 1647 3849 enim
1679 3809 1707 3848 a
1758 3794 1964 3864 meipso
1998 3794 2141 3859 veni,

575 3894 666 3946 sed
695 3892 785 3945 ille
812 3906 896 3944 me
925 3888 1090 3943 misit.
1130 3905 1150 3939 ι

647 3982 702 4036 Si
743 3998 829 4035 me
859 3979 1190 4049 diligeretis,
1228 3979 1330 4033 hoc
1363 3978 1573 4046 signum
1606 3977 1744 4031 t'oret
1790 3990 1888 4032 vos
1927 3993 1991 4030 ex
2039 3975 2146 4031 Deo

575 4089 735 4139 esse;
767 4073 1029 4126 charitate
1077 4070 1343 4137 siquidem
1377 4070 1428 4122 in
1474 4068 1591 4136 ejus
1639 4068 1777 4123 ﬁlios
1803 4070 2141 4138 adoptantur.

574 4164 856 4231 Quomodo
885 4177 1015 4231 ergo
1040 4176 1134 4216 vos
1165 4161 1306 4215 inter
1344 4160 1436 4214 Dei
1487 4160 1627 4214 tilios
1663 4161 1941 4231 aggregari
1973 4161 2146 4230 possi-

579 4259 668 4319 tis,
700 4269 819 4307 cum
858 4268 965 4307 non
1002 4252 1239 4320 diligatis
1277 4265 1400 4306 eum
1454 4251 1544 4320 qui
1582 4252 1634 4304 in
1675 4253 1946 4320 propriam
1991 4266 2141 4304 suam

576 4348 804 4402 formam
839 4346 1033 4415 redigit
1061 4346 1348 4400 credentes
1380 4345 1434 4398 in
1468 4344 1640 4410 illum,
1668 4344 1920 4413 quoniam
1953 4354 2141 4398 natura

574 4444 719 4496 Deus
743 4450 844 4505 est,
877 4454 941 4493 ac
975 4438 1140 4493 Filius
1168 4436 1283 4491 Dei.
1317 4436 1510 4490 Verum
1540 4436 1638 4503 illi,
1670 4436 1762 4506 qui
1792 4446 1938 4491 recte
1967 4450 2030 4490 ac
2057 4436 2142 4505 pie

573 4535 739 4588 vitam
764 4533 1073 4596 instituunt,
1107 4528 1372 4597 inculpate
1400 4527 1566 4581 Deum
1599 4528 1809 4583 Patrem
1852 4539 2063 4581 vocant.

647 4624 777 4679 Illud
812 4634 1013 4687 autem,
1035 4619 1189 4675 Exivi
1224 4619 1544 4673 ineffabilem
1579 4629 1633 4673 et
1666 4620 1912 4690 principii
1950 4636 2144 4690 exper-

576 4726 680 4770 tem
728 4713 995 4785 siguiﬁcat
1030 4711 1430 4782 generationem
1467 4727 1479 4763 :
1538 4706 1662 4763 Veni
1692 4725 1820 4765 vero
1861 4711 1980 4781 ejus
2022 4726 2143 4767 cum

573 4823 739 4863 carne
777 4808 829 4861 in
859 4809 1003 4860 hunc
1029 4806 1285 4859 mundum
1317 4805 1620 4872 ingressum
1658 4801 1918 4857 insinuat.

651 4898 813 4953 Vnus.
847 4898 937 4952 6t.
990 4915 1008 4949 ι
1050 4898 1154 4950 Vos
1187 4912 1249 4951 ex
1285 4907 1436 4966 patre
1464 4895 1676 4950 diabolo
1704 4896 1832 4949 estis
1862 4915 1876 4949 :
1912 4904 1963 4949 et
2007 4895 2149 4949 desi-

576 4991 724 5044 deria
768 4991 935 5058 patris
967 4989 1131 5041 vestri
1164 4988 1326 5041 vultis
1359 4986 1559 5041 facere.
1597 4985 1688 5039 Ille
1729 4986 1999 5041 homicida
2029 4996 2149 5041 erat

577 5083 646 5137 ab
689 5072 889 5147 initio,
911 5089 966 5135 et
1016 5079 1067 5132 in
1099 5079 1327 5132 veritate
1379 5093 1485 5132 non
1526 5077 1677 5132 stetit
1718 5096 1732 5132 :
1766 5079 1888 5148 quia
1928 5093 2031 5132 non
2066 5088 2149 5131 est

576 5174 779 5228 veritas
808 5174 860 5227 iu
882 5187 966 5226 eo.
994 5171 1129 5227 Cum
1158 5170 1399 5238 loquitur
1431 5169 1796 5234 mendacium,
1826 5185 1888 5224 ex
1918 5169 2148 5240 prepriis

576 5262 834 5332 loquitur,
864 5263 985 5331 quia
1017 5263 1244 5316 mendax
1275 5272 1378 5325 est,
1414 5272 1467 5315 et
1498 5272 1652 5330 pater
1680 5261 1818 5330 ejus.
1860 5279 1878 5310 ι

646 5439 761 5495 Hoc
785 5452 890 5492 non
914 5452 980 5493 eo
1006 5438 1162 5504 dixit,
1187 5440 1330 5508 quod
1360 5438 1607 5494 diabolus
1634 5440 1844 5495 essendi
1871 5440 1950 5494 eis
1978 5455 2139 5494 causa

577 5529 669 5593 sit,
700 5529 794 5583 sed
827 5528 1243 5597 depravatiouis,
1280 5543 1399 5597 qua:
1430 5542 1492 5582 ex
1528 5530 1766 5583 moribus
1789 5530 2035 5595 exsistit,
2067 5529 2143 5583 uti

577 5630 764 5670 sensus
807 5617 1096 5681 orationis,
1130 5617 1255 5669 licet
1285 5615 1546 5682 breviter,
1588 5616 1856 5673 insinuat.
1884 5619 1963 5673 Ac
1989 5620 2034 5674 si
2065 5622 2143 5674 di-

648 5735 670 5760 '
702 5728 792 5780 Cr.
818 5730 917 5780 οὑκ
948 5728 1269 5798 ἀγαπῶντες
1306 5730 1443 5800 ἐμέε

2328 3338 2608 3410 Ἀλήθειαν
2641 3339 2698 3392 δὲ
2733 3340 2892 3393 ποίαν
2935 3340 3123 3409 ἔλεγεν
3151 3341 3358 3403 αὐτοῖς;
3391 3341 3510 3392 ’Ὁτι
3543 3340 3658 3403 ἴσος
3692 3340 3835 3409 etp).

2247 3430 2323 3500 τῷ
2354 3431 2550 3502 Πατρί·
2582 3430 2671 3484 διὰ
2699 3432 2807 3503 γὰρ
2836 3432 2992 3487 τοῦτο
3024 3431 3247 3505 ἐζήτουν
3273 3431 3427 3485 αὑτὸν
3467 3433 3519 3484 οἱ
3557 3431 3836 3486 Ἰουδαῖοι

2246 3522 2582 3578 ἀποκτεῖναι.

2319 3630 2337 3663 ι
2374 3607 2539 3664 Εἶπεν
2571 3611 2752 3677 αὑτοῖς
2779 3615 2808 3666 6
2850 3612 3057 3683 Ἰησοῦς
3077 3630 3093 3646 ’
3129 3616 3191 3668 Ei
3221 3616 3249 3668 6
3279 3615 3412 3678 Θεὸς
3446 3615 3641 3686 Πατὴρ
3671 3617 3833 3686 ὑμῶν

2244 3696 2332 3770 ἧν,
2363 3702 2615 3770 ἠγαπᾶτε
2644 3702 2710 3755 ἂν
2738 3703 2841 3774 ὲμέ
2863 3720 2875 3733 ·
2908 3704 3020 3773 ἐγὼ
3050 3705 3159 3777 γάρ
3194 3707 3258 3758 ὲκ
3290 3705 3386 3759 τοῦ
3418 3708 3555 3760 Θεοῦ
3581 3709 3827 3779 ἐξῆλθον,

2245 3793 2340 3844 καὶ
2365 3794 2503 3863 ἧκον
2528 3793 2648 3847 οὐδὲ
2674 3795 2784 3866 γὰρ
2804 3795 2899 3848 ἀπ’
2922 3796 3162 3868 ἐμαυτοῦ
3186 3796 3442 3868 ἐλήλυθα,
3472 3798 3591 3852 ἀλλ’
3618 3801 3828 3863 ἐκεῖνος

2248 3901 2314 3955 με
2341 3884 2650 3938 ἀπέστειλε.
2692 3903 2711 3937 t

2316 3975 2378 4028 Et
2417 3976 2666 4046 ἠγαπᾶτέ
2715 3993 2782 4048 με
2808 4017 2823 4043 ,
2858 3977 3019 4032 τοῦτο
3064 3980 3292 4048 σημεῖον
3329 3975 3398 4052 ἧν
3441 3981 3528 4033 ὅτι
3573 3980 3641 4034 ὲκ
3690 3981 3823 4035 Θεοῦ

2243 4064 2361 4140 ἦτε·
2389 4070 2423 4140 ἡ
2455 4068 2564 4139 γὰρ
2596 4070 2785 4139 ἀγάπη
2822 4072 2903 4133 εἰς
2934 4071 3204 4129 υίοθεσίαν
3238 4073 3381 4142 ἄγει.
3414 4072 3542 4137 Πῶς
3573 4075 3731 4145 ὑμεῖς
3763 4076 3822 4128 ἐν

2245 4163 2382 4225 υἱοῖς
2424 4161 2559 4215 Θεοῦ
2592 4161 2823 4216 δύνασθε
2855 4164 3243 4236 ἀριθμεῖσθαι,
3292 4166 3398 4220 οὑκ
3443 4169 3771 4236 ἀγαπῶντες
3798 4176 3821 4200 '

2244 4252 2336 4304 τὸν
2379 4251 2823 4321 μεταπλάττοντα
2858 4256 2938 4318 είς
2970 4254 3110 4308 ἰδίαν
3145 4257 3391 4328 μορφὴν,
3422 4256 3517 4310 τὸν
3552 4260 3635 4321 είς
3666 4256 3819 4310 αὑτὸν

2246 4343 2611 4410 πιστεύοντα,
2658 4348 2742 4398 ὃτι
2782 4346 2916 4410 Θεός
2951 4348 3069 4400 ἐστι
3110 4347 3292 4417 φύσει,
3344 4348 3439 4401 καὶ
3484 4349 3616 4412 Υίὸς
3654 4348 3817 4412 Θεοῦς

2250 4435 2397 4506 Πλὴν
2435 4436 2632 4490 ἐκεῖνοι
2662 4437 3010 4508 ἀνεγκλήτως
3037 4438 3262 4494 καλοῦσι
3290 4440 3513 4512 Πατέρα
3542 4441 3639 4494 τὸν
3670 4440 3819 4503 Θεὸν,

2248 4530 2295 4581 oi
2320 4528 2554 4592 εὐσεϐῶς
2583 4528 3009 4601 πολιτευόμενοι.

2312 4621 2386 4673 Τὸ
2432 4621 2510 4687 δὲ,
2553 4621 2879 4690 Ἑξῆλθον,
2930 4622 3029 4693 τὴν
3078 4624 3144 4678 ὲκ
3189 4624 3400 4697 Πατρὸς
3448 4624 3695 4698 ἄρρητον
3738 4626 3824 4679 καὶ

2244 4713 2478 4782 ἄναρχον
2511 4714 2766 4785 σημαίνει
2790 4715 3066 4786 γέννησινο
3095 4717 3157 4770 τὸ
3185 4717 3241 4770 δὲ
3269 4718 3424 4773 Ἥκω
3447 4719 3548 4790 τὴν
3583 4721 3642 4772 ὲν
3699 4719 3823 4788 τῷδε

2245 4805 2323 4876 τῷ
2351 4805 2540 4875 κόσμῳ
2567 4806 2801 4878 πάροδον
2827 4808 2966 4878 μετά
2996 4809 3219 4881 σαρκός.

2323 4915 2342 4947 ι
2391 4896 2577 4966 Ὑμεῖς
2606 4900 2672 4951 ἐκ
2710 4898 2804 4950 τοῦ
2850 4900 3055 4970 πατρὸς
3098 4899 3344 4955 διαϐόλου
3379 4901 3537 4955 ἐστέ·
3564 4894 3689 4955 ’καὶ
3737 4904 3827 4965 τὰς

2244 4986 2541 5058 ἐπιθυμίας
2579 4989 2675 5043 τοῦ
2705 4991 2909 5063 πατρὸς
2951 4992 3103 5063 ὑμῶν
3132 4993 3314 5047 θέλετε
3351 4996 3547 5049 ποιεῖν.
3594 4994 3829 5057 Ἐκεῖνος

2246 5079 2691 5151 ἀνθρωποκτόνος
2719 5077 2787 5153 ἦν
2821 5084 2915 5137 ἀπ’
2943 5085 3137 5156 ἀρχῆς,
3162 5086 3256 5139 καὶ
3279 5087 3336 5140 ἐν
3367 5087 3435 5157 τῇ
3467 5086 3711 5157 ἀληθείᾳ
3735 5088 3832 5155 οὑχ

2245 5170 2492 5241 ἔστηκενο
2527 5173 2606 5226 ὅτι
2634 5174 2733 5227 οὑκ
2759 5174 2904 5228 ἔστιν
2934 5176 3163 5246 ἀλήθεια
3198 5178 3256 5230 ὲν
3283 5176 3451 5248 αὐτῷ.
3485 5178 3662 5231 ’Ὅταν
3698 5179 3831 5247 λαλῇ

2244 5262 2307 5314 τὸ
2328 5263 2542 5333 ψεῦδος,
2579 5267 2645 5319 ἐκ
2674 5266 2781 5321 τῶν
2811 5266 2956 5320 ἰδίων
2980 5268 3150 5334 λαλεῖ,
3176 5269 3259 5322 ὅτι
3288 5269 3535 5341 ψεύστης
3563 5270 3714 5337 ἐστὶ,
3742 5270 3834 5323 καὶ

2246 5352 2274 5403 ὁ
2305 5354 2486 5426 πατὴρ
2514 5356 2703 5411 αὑτοῦ.
2739 5376 2759 5409 ›

2321 5443 2490 5496 Τοῦτο
2519 5442 2693 5509 εἶπεν,
2724 5446 2822 5516 οὑχ
2860 5446 2941 5500 ὅτι
2970 5447 3065 5500 τοῦ
3102 5443 3243 5502 εἶναι
3275 5449 3477 5515 αὐτοὺς
3511 5453 3541 5505 ὁ
3581 5451 3834 5513 διάϐολος

2249 5533 2439 5597 αἴτιος,
2477 5534 2612 5589 ἀλλά
2651 5536 2741 5590 τοῦ
2780 5540 3052 5608 πονηροὺς
3076 5540 3387 5608 γεγονέναι,
3425 5542 3567 5613 ὅπερ
3611 5545 3677 5597 ἐκ
3704 5543 3830 5612 τρό-

2250 5641 2367 5680 πων
2393 5625 2632 5694 γίνεται,
2661 5627 2737 5691 ὡς
2767 5631 2824 5683 ἐν
2855 5631 3107 5700 συντόμῳ
3132 5633 3160 5683 6
3186 5629 3313 5696 νοῦς
3346 5631 3442 5686 τοῦ
3478 5633 3647 5704 λόγου
3672 5633 3835 5686 τοῦτο
