4038 6148
331 374 467 440 1453
1378 359 1839 420 FRAGMENTA
1874 360 1899 417 Ι

2009 359 2056 416 5.
2098 352 2473 414 JOANNEM.
3420 336 3553 401 1454

326 479 604 552 σημαίνει.
634 478 696 531 Ei
725 474 816 530 ml
842 473 1049 542 ἀσαφές
1085 472 1224 530 ἔστι,
1252 466 1695 539 πρεπωδέστερον
1725 467 1752 517 6
1773 464 1890 517 διά-

2009 471 2102 526 :at,
2134 459 2416 520 diabolus,
2443 455 2535 524 qui
2562 451 2829 509 homicida
2855 459 2937 506 est
2967 464 3028 505 ac
3067 449 3291 504 mendax
3311 488 3327 512 ,
3356 462 3555 503 conve-

329 539 480 634 ϐολος
511 544 828 637 ὀνομάζοιτο
858 539 1011 634 ὑμῶν
1042 559 1224 630 πατὴρ
1252 560 1281 611 6
1317 554 1759 624 ἀνθρωποκτόνος
1798 553 1892 605 καὶ

2009 549 2239 602 nicntius
2280 557 2459 601 vester
2487 554 2641 614 pater
2672 542 2987 612 appelletur.
3016 540 3133 606 Ipse
3166 540 3370 609 primus
3404 539 3556 594 falla-

330 630 660 734 ψεύστης-Α
672 630 794 720 ύῗτὸς
825 630 1041 722 πρῶτος
1071 651 1225 703 ἔτεκε
1257 649 1318 700 τὸ
1347 647 1560 716 ψεῦδος,
1584 645 1747 716 ἔτερα
1777 642 1894 697 ἀνθ’

2009 640 2136 694 ciam
2163 638 2383 707 genuit,
2412 634 2515 690 alia
2544 648 2642 704 pro
2668 633 2788 688 aliis
2814 630 2940 686 Eva:
2967 631 3173 686 dicens.

331 755 531 824 ἐτέρων
564 747 732 803 εἰπὼν
763 746 898 816 πρὸς
926 744 1025 813 τὴν
1051 740 1217 795 Εὔαν.
1249 735 1475 811 [Οιιειι]

404 848 622 916 Πατέρα
658 844 766 895 τῶν
806 838 1071 893 Ἰουδαίων
1101 834 1256 889 καλεῖ
1281 833 1370 885 τὸν
1399 830 1558 895 Κάῖν,
1590 829 1648 893 ὃς
1684 827 1896 897 πρῶτος

335 936 632 1007 ἀνθρώπων
681 933 909 1001 φθόνου,
964 930 1060 981 καὶ
1109 926 1291 995 φόνου,
1350 923 1445 976 καὶ
1496 920 1757 1007 ψεύδους,
1802 916 1897 1007 καὶ

334 1005 548 1095 ἀπάτης
571 1023 813 1094 ἀρχηγὸς
834 1020 1022 1088 γέγονε
1053 1016 1192 1086 μετά
1219 1014 1311 1066 τὸν
1338 1013 1604 1075 Σατανᾶν,
1628 1005 1800 1078 οὗπερ
1832 1006 1896 1059 ἂν

332 1118 556 1180 δικαίως
583 1111 918 1184 ὀνομάζοιτο.
955 1106 1051 1172 Οἷς
1080 1110 1256 1177 ὅμοιοι
1300 1103 1571 1164 Ἰουδαῖοι,
1602 1101 1695 1154 καὶ
1736 1099 1844 1159 πᾶς
1870 1097 1898 1148 6

335 1209 555 1270 τούτους
617 1204 970 1275 μιμούμενος.
1032 1197 1239 1254 Οὐκοῦν
1281 1196 1431 1249 οὐδὲν
1488 1191 1709 1252 ἀπεικὸς
1755 1187 1899 1256 κάμὲ

338 1300 463 1351 Υίὸν
485 1293 621 1349 εἶναι
642 1292 736 1346 τοῦ
763 1290 997 1360 ἀληθοῦς
1020 1285 1181 1350 Θεοῦ,
1213 1285 1304 1338 τὸν
1325 1284 1394 1335 τὰ
1414 1281 1585 1350 ἀληθῆ
1612 1276 1897 1340 λαλοῦντα,

340 1391 430 1443 καί
467 1388 608 1457 ὑμᾶς
644 1385 723 1437 δεῖ
754 1380 1031 1435 πιστεύειν
1069 1379 1192 1447 ἐμοὶ
1219 1375 1297 1445 τῷ
1327 1373 1396 1425 τά
1426 1371 1598 1441 ἀληθῆ
1631 1367 1898 1420 λαλοῦντι.

336 1477 507 1538 Αὐτὸς
539 1476 594 1529 δὲ
634 1475 724 1528 διὰ
769 1475 869 1542 τῆς
913 1457 1198 1540 παρακοῆς
1238 1465 1525 1518 ἀπέκτεινε
1566 1460 1657 1513 τὸν
1711 1458 1897 1528 Ἀδὰμ,

341 1570 433 1623 καὶ
467 1569 533 1621 δι’
572 1565 734 1620 αὑτοῦ
766 1566 890 1625 τοὺς
919 1562 1139 1622 λοιποὺς
1170 1555 1512 1627 ἀνθρώπους.

413 1678 431 1710 ι
475 1659 570 1719 Τίς
611 1655 669 1720 ἐξ
694 1654 844 1725 ὑμῶν
875 1651 1085 1719 ἐλέγξει
1133 1665 1198 1718 με
1234 1647 1362 1717 περὶ
1393 1642 1699 1716 ἀμαρτίας;
1741 1641 1805 1694 Ei
1846 1638 1902 1691 δὲ

339 1748 596 1817 ἀλήθειαν
624 1747 787 1813 λέγω,
823 1743 910 1796 διὰ
932 1741 984 1794 τί
1015 1741 1174 1810 ὑμεῖς
1202 1739 1263 1791 οὐ
1289 1733 1575 1789 πιστεύετέ
1607 1749 1697 1803 μοι
1724 1748 1739 1797 ;
1775 1747 1795 1782 a

2067 835 2275 890 Patrem
2305 834 2610 891 Iudaeorum
2644 843 2799 891 vocat
2833 835 3056 891 Cainum
3081 873 3097 899 ,
3123 834 3213 904 qui
3255 844 3372 904 post
3405 835 3558 891 Sata-

1998 944 2121 982 nam
2160 927 2344 998 (cujus
2378 928 2568 981 merito
2610 927 2752 981 ﬁlius
2781 927 3122 988 nominetur)
3154 927 3356 995 primus
3383 928 3559 983 homi-

1998 1032 2160 1082 num,
2195 1017 2336 1080 odii,
2382 1016 2545 1070 caedis
2597 1025 2758 1084 atque
2809 1016 3073 1069 mendacii
3127 1024 3179 1070 et
3232 1016 3561 1085 deceptionis

2001 1114 2188 1159 auctor
2220 1105 2443 1157 exstitit.
2477 1103 2680 1169 Quibus
2702 1119 2809 1156 non
2834 1103 3108 1157 absimiles
3127 1101 3319 1170 Judaei,
3340 1115 3395 1159 et
3415 1107 3563 1175 quis-

1999 1198 2121 1266 quis
2164 1197 2307 1266 ipsos
2344 1197 2602 1249 imitatur.
2637 1193 2815 1260 Quare
2849 1210 3064 1265 quoque
3111 1210 3240 1250 vero
3275 1212 3378 1250 non
3424 1197 3565 1251 absi—

2003 1289 2130 1341 mile
2174 1296 2255 1341 est
2278 1327 2293 1349 ,
2324 1300 2410 1339 me
2438 1299 2560 1339 esse
2598 1283 2710 1338 veri
2754 1284 2846 1338 Dei
2879 1283 3073 1338 Filium
3110 1286 3201 1354 qui
3236 1301 3363 1340 vera
3390 1286 3562 1349 dicat.

2003 1377 2262 1443 vobisque
2286 1375 2413 1429 mihi
2438 1390 2561 1430 vera
2589 1375 2789 1429 dicenti
2821 1373 2951 1428 ﬁdes
2977 1375 3277 1429 adhibenda
3308 1386 3408 1431 est.
3441 1378 3566 1432 Dia-

2004 1465 2157 1522 bolus
2186 1479 2312 1517 vero
2354 1479 2447 1532 per
2487 1466 2902 1519 inohedientiam
2942 1464 3139 1518 occidit
3179 1463 3479 1530 Adatnum,
3512 1474 3568 1519 et

2004 1570 2102 1627 per
2129 1554 2273 1607 illum
2306 1564 2532 1607 caeteros
2561 1553 2825 1606 homines.

2076 1645 2245 1700 Vsus.
2280 1645 2366 1700 46.
2402 1662 2421 1695 ι
2459 1644 2590 1710 Quis
2616 1659 2680 1699 ex
2706 1645 2860 1701 vobis
2889 1654 3078 1717 arguet
3101 1659 3187 1701 me
3213 1645 3282 1701 de
3309 1650 3570 1718 peccato?

2009 1737 2064 1792 Si
2096 1739 2376 1791 veritatem
2406 1736 2527 1790 dico
2555 1735 2731 1799 vobis,
2757 1750 2924 1803 quare
2957 1750 3062 1789 non
3094 1737 3315 1790 creditis
3339 1733 3509 1788 mihi?
3543 1751 3564 1787 ι

412 1806 580 1891 ’ῖόῦτο
611 1806 785 1901 εἶπεν,
804 1836 890 1887 ῖνα
917 1837 981 1886 ὲκ
1006 1806 1106 1900 της
1139 1829 1232 1881 τοῦ
1253 1828 1365 1895 βίου
1385 1825 1754 1894 καθαρότητος
1781 1820 1903 1872 δυσ-

2077 1826 2192 1881 Ηοε
2221 1828 2391 1891 dixit,
2428 1837 2489 1880 ut
2518 1827 2641 1880 vita:
2665 1841 2775 1880 suae
2807 1826 3111 1880 innocentia
3143 1840 3206 1879 ac
3240 1826 3474 1895 puritate
3508 1826 3572 1879 il-

340 1931 539 1999 ωπήσῃ
593 1928 821 1988 αὐτοὺς,
863 1922 1176 1990 ἀποφαίνων
1208 1921 1289 1972 ὅτι
1328 1917 1459 1980 Θεὸς
1501 1914 1576 1966 ὢν
1617 1914 1904 1982 ἄτρεπτος,

344 2022 659 2090 περιπεσεῖν
680 2020 748 2088 τῇ
776 2015 1024 2085 ἁμαρτίᾳ
1045 2013 1106 2065 ού
1138 2011 1379 2065 δύναται.
1401 2008 1559 2060 Πᾶσα
1582 2004 1691 2074 γὰρ
1722 2004 1906 2071 ἀμαρ-

342 2113 452 2173 τία,
492 2112 556 2162 ὲκ
594 2105 952 2180 παρατροπῆς
989 2103 1081 2157 τοῦ
1128 2100 1428 2171 βελτίονος,
1474 2096 1565 2149 ἐπὶ
1603 2094 1665 2147 τὸ
1704 2092 1906 2162 φαῦλον

348 2198 682 2269 μεταϐαίνει.

421 2309 440 2341 ι
484 2291 541 2341 ’Θ
573 2288 648 2341 ὣν
673 2288 736 2340 ὲκ
757 2284 851 2339 τοῦ
875 2283 1033 2347 Θεοῦ,
1064 2282 1132 2336 τὰ
1165 2283 1386 2352 ῥήματα
1410 2278 1504 2332 τοῦ
1541 2276 1675 2330 Θεοῦ
1697 2273 1902 2330 ἀκούει.

346 2381 446 2432 Διά
475 2381 631 2432 τοῦτο
662 2379 821 2448 ὑμεῖς
863 2376 964 2428 οὐκ
1001 2372 1228 2426 ἀκούετε
1248 2412 1261 2436 ,
1293 2372 1375 2424 ὅτι
1404 2371 1469 2422 ὲκ
1509 2368 1601 2421 τοῦ
1631 2365 1768 2420 Θεοῦ
1807 2365 1908 2417 οὐκ

345 2473 492 2526 ἐστέ.
535 2491 550 2522 ι

417 2563 555 2623 Τοὺς
583 2559 803 2620 πιστοὺς
833 2557 890 2609 δὲ
916 2570 941 2597 ι
970 2556 1035 2608 ἐκ
1067 2552 1160 2607 τοῦ
1192 2551 1326 2606 Θεοῦ
1363 2550 1532 2617 λέγει,
1563 2548 1623 2601 ού
1662 2547 1782 2601 κατ’
1819 2547 1908 2598 ού-

350 2656 491 2716 σίαν,
525 2655 659 2707 ἀλλά
688 2651 828 2705 κατὰ
854 2651 917 2703 τὸ
938 2650 997 2713 ὲξ
1016 2648 1180 2702 αὐτοῦ
1198 2647 1291 2699 τὸν
1315 2646 1482 2698 τύπον
1504 2645 1601 2713 τῆς
1629 2638 1909 2702 εὐσεϐείας

348 2748 551 2807 λαϐεῖν,
575 2746 668 2796 καὶ
686 2742 1034 2810 οἱκειωθῆναι
1058 2738 1227 2807 αὐτῷ,
1249 2737 1309 2800 ἐξ
1331 2735 1551 2806 ἀρετῆς,
1571 2734 1664 2786 καὶ
1682 2731 1907 2799 ἐννόμου

350 2836 646 2896 πολιτείας.
681 2833 752 2885 Τὸ
784 2832 841 2884 δὲ
862 2873 877 2897 ,
907 2832 1149 2894 Ἀκούει,
1177 2829 1326 2896 λέγει
1374 2827 1435 2880 οὺ
1480 2826 1589 2885 τοῖς
1634 2822 1908 2892 αἰσθητοῖς

348 2923 506 2986 ὦτοις
530 2931 579 2986 1,
604 2922 737 2974 ἀλλά
763 2923 882 2983 ταῖς
909 2921 1008 2990 τῆς
1036 2918 1215 2988 ψυχῆς
1246 2914 1699 2984 συγκαταθέσεσι.

421 3099 670 3151 Δείκνυσι
705 3097 760 3150 δὲ
784 3107 806 3134 ι
835 3097 917 3150 ὅτι
944 3095 1004 3148 ού
1024 3107 1049 3134 ει
1077 3092 1165 3146 διὰ
1191 3091 1350 3145 τοῦτο
1377 3091 1476 3144 οὐκ
1505 3089 1788 3142 ἐπίστευον
1811 3088 1907 3140 αύ-

347 3191 446 3258 τῷ,
492 3191 574 3242 ὅτι
605 3189 681 3250 ὡς
722 3187 954 3256 ἀντιθέῳ
984 3187 1292 3255 προσεῖχον,
1319 3181 1432 3237 ἀλλ’
1464 3183 1491 3222 ι’
1521 3183 1603 3234 ὅτι
1623 3183 1715 3233 καὶ
1750 3179 1907 3233 ἀλλό-

348 3298 488 3351 τριοι
517 3275 657 3350 ἦσαν
679 3277 771 3330 τοῦ
798 3277 955 3330 Θεοῦ.

424 3390 441 3422 ι
503 3368 903 3437 Ἀπεκρίθησαν
932 3361 1025 3419 οὖν
1061 3366 1109 3417 οῖ
1152 3364 1415 3427 Ἰουδαῖοι,
1464 3362 1557 3415 καὶ
1592 3356 1778 3413 εἴπονο
1832 3359 1907 3411 Οὐ

350 3462 527 3523 καλῶς
567 3460 797 3528 λέγομεν
841 3458 1037 3527 ἡμεῖς,
1069 3456 1151 3509 ὅτι
1196 3452 1542 3523 Σαμαρείτης
1586 3447 1639 3503 εἷ
1680 3451 1767 3514 σὺ,
1817 3449 1910 3502 καὶ

347 3553 620 3621 δαιμόνιον
642 3550 786 3620 ἔχεις
803 3565 819 3614 ;
860 3569 877 3598 ι

418 3643 766 3713 Δαιμονῶντα
796 3638 1018 3693 καλοῦσι
1044 3637 1134 3689 τὸν
1160 3636 1407 3704 δαίμοσιν
1437 3633 1812 3693 ἐπιτάττοντα,
1847 3630 1910 3681 ἐκ

351 3737 548 3807 μανίας
579 3733 839 3803 ἀμέτρου.
868 3732 992 3782 Ὅτι
1015 3729 1109 3781 καὶ
1132 3725 1475 3794 Σαμαρείτην
1509 3721 1669 3774 αὑτὸν
1704 3720 1906 3787 ἔλεγον,

349 3830 444 3881 καὶ
500 3829 558 3879 ὲν
595 3827 709 3887 τοῖς
747 3823 920 3875 ὀπίσω
965 3819 1065 3871 ούκ
1113 3816 1358 3887 ἐμνήσθη
1418 3816 1447 3865 6
1496 3811 1907 3878 εὐαγγελιστής.

349 3917 695 3988 Σαμαρείτην
723 3915 779 3967 δὲ
805 3913 1033 3966 ὲκάλουν
1053 3909 1143 3961 τὸν
1170 3906 1393 3975 Κύριον,
1417 3905 1492 3966 ὡς
1517 3900 1911 3970 ἀδιαφοροῦντα

352 4011 479 4079 περὶ
507 4009 603 4071 τὰς
630 4006 858 4077 νομικὰς
888 4001 1129 4066 ἐντολὰς,
1164 4001 1259 4052 καὶ
1292 3997 1487 4051 λύοντα
1514 3995 1575 4048 τὸ
1609 3993 1908 4047 Σάϐϐατον·

349 4103 398 4153 oi
422 4099 528 4170 γὰρ
559 4099 896 4168 Σαμαρεῖται
930 4095 1030 4146 οὐκ
1057 4090 1297 4161 ἀκριϐῶς
1341 4086 1707 4151 Ἰουδαῖζουσι.

426 4293 445 4327 t
498 4272 792 4344 Ἀπεκρίθη
854 4271 1091 4340 Ἰησοῦς·
1144 4267 1284 4336 Ἐγὼ
1330 4266 1603 4336 δαιμόνιον
1644 4265 1742 4317 οὐκ
1780 4262 1908 4332 ἔχω,

349 4364 488 4419 ἀλλὰ
533 4363 676 4434 τιμῶ
716 4364 805 4416 τὸν
849 4361 1070 4431 Πατέρα
1118 4377 1241 4430 μου,
1281 4359 1376 4412 καὶ
1421 4360 1579 4428 ὑμεῖς
1621 4354 1912 4426 ἀτιμάζετέ

396 4475 508 4511 ε.»

396 4475 444 4511 ε.
488 4476 508 4509 ι

354 4475 394 4528 μ
426 4549 592 4601 Ὅταν
614 4546 924 4617 ὑϐρίζηται,
950 4543 1140 4614 πράως
1162 4542 1337 4611 φέρει,
1359 4540 1624 4593 διδάσκων
1646 4540 1791 4609 ἡμᾶς
1818 4538 1916 4600 τὰς

353 4644 432 4704 είς
468 4640 663 4701 αὐτοὺς
694 4639 876 4708 ὕϐρεις
926 4637 1195 4706 παρορᾷν.
1239 4632 1406 4686 Ἔνθα
1437 4631 1493 4684 δὲ
1521 4631 1705 4698 ἔλεγον
1738 4630 1916 4683 αὐτῶν

356 4732 579 4799 Πατέρα
608 4731 696 4783 τὸν
737 4729 889 4789 Θεὸν,
916 4727 1159 4797 σφοδρῶς
1189 4725 1366 4779 αὐτῶν
1399 4723 1757 4785 καθάπτεται,
1788 4738 1914 4774 παι-

349 4820 521 4874 δεύων
552 4821 696 4890 ἡμᾶς
728 4819 796 4873 τά
824 4820 902 4880 είς
936 4818 1067 4870 Θεὸν
1097 4817 1352 4869 ἐκδικεῖν.

429 4931 446 4962 ι
489 4911 628 4978 Ἐγὼ
660 4911 717 4964 δὲ
747 4912 805 4963 ού
838 4909 986 4979 ζητῶ
1022 4908 1120 4978 τὴν
1150 4908 1308 4970 δόξαν
1344 4923 1466 4976 μου.
1502 4923 1520 4956 ι

420 5082 484 5133 Εἰ
506 5083 613 5151 γὰρ
640 5082 736 5151 τῆς
764 5080 919 5149 δόξης
947 5080 1201 5150 ἐφιέμην,
1239 5081 1337 5131 οὐκ
1368 5079 1453 5142 ἂν,
1482 5079 1539 5130 ἐν
1569 5079 1749 5147 μορφῇ
1775 5075 1909 5130 Θεοῦ

348 5174 631 5242 ὑπάρχων,
666 5173 965 5242 ἐλάμϐανον
987 5172 1172 5225 δούλου
1217 5169 1451 5239 μορφὴν,
1479 5171 1572 5222 καὶ
1597 5171 1911 5223 ἐταπείνουν

351 5264 590 5330 ἐμαυτὸν
615 5264 701 5316 διὰ
733 5265 830 5333 τὴν
856 5263 1009 5332 ὑμῶν
1044 5263 1333 5332 σωτηρίαν.
1377 5262 1511 5314 Ἀλλ’
1535 5261 1642 5314 οὐδ’
1674 5261 1738 5314 ἂν
1773 5280 1912 5331 παρ-

356 5352 468 5404 ίδον
500 5353 596 5414 τὰς
631 5356 710 5416 είς
736 5355 835 5422 ἐμὲ
869 5353 1071 5422 ὕϐρεις,
1099 5353 1236 5405 ἀλλά
1269 5353 1423 5415 δίκας
1463 5353 1772 5422 παραυτίκα
1805 5356 1914 5405 εἱσ-

357 5444 743 5513 επραττόμηνο
778 5446 895 5496 νυν)⁸
912 5444 967 5496 δὲ
1009 5444 1087 5512 τῷ
1107 5444 1226 5513 Θεῷ
1255 5445 1346 5497 καὶ
1374 5445 1548 5513 Πατρῖ
1574 5445 1915 5515 ἁμαρτάνετε

354 5530 454 5599 τῆς
502 5533 774 5601 ἁμαρτίας
817 5535 894 5595 είς
931 5532 1091 5585 αὑτὸν
1123 5532 1537 5602 ἀναϐαινούσης.
1592 5534 1755 5586 Οὐδὲν
1803 5535 1910 5603 γάρ

2007 1917 2087 1971 los
2112 1916 2484 1982 confunderet,
2514 1928 2952 1972 commonstrans
3001 1931 3080 1982 se,
3100 1918 3240 1986 quod
3264 1915 3405 1971 Deus
3428 1926 3572 1971 esset

2007 2008 2384 2074 immutabilis,
2413 2008 2463 2061 in
2500 2017 2777 2077 peceatum
2810 2008 2914 2063 labi
2951 2024 3057 2064 non
3092 2022 3269 2077 posse.
3291 2008 3465 2063 Omne
3496 2009 3571 2063 si-

2005 2098 2221 2168 quidem
2255 2109 2533 2167 peccatum
2556 2100 2750 2153 accidit
2773 2114 2840 2155 ex
2867 2100 3220 2155 conversione
3251 2100 3487 2155 melioris
3516 2100 3568 2153 in

2007 2188 2178 2259 pejus.
2841 2260 2844 2263 t

2080 2279 2244 2336 Vsus.
2282 2268 2371 2335 Π.
2408 2299 2427 2333 ι
2472 2280 2574 2348 Qui
2617 2297 2680 2337 ex
2726 2282 2836 2338 Deo
2880 2293 2982 2347 εει,
3031 2285 3196 2338 verba
3249 2283 3343 2338 Dei
3392 2284 3566 2339 audit.

2009 2368 2299 2438 Propterea
2333 2386 2426 2426 vos
2457 2386 2562 2426 non
2598 2372 2817 2439 auditis,
2842 2374 2967 2442 quia
2997 2387 3062 2428 ex
3093 2373 3204 2429 Deo
3229 2388 3331 2428 non
3356 2375 3506 2431 estis.
3546 2395 3564 2428 ι

2079 2548 2289 2604 Fideles
2332 2558 2511 2605 autem
2549 2565 2614 2605 ex
2655 2549 2762 2604 Deo
2804 2563 2923 2606 esse
2963 2550 3057 2615 ait,
3116 2566 3223 2606 non
3272 2552 3568 2606 secundum

2008 2641 2400 2705 substantiam,
2434 2643 2527 2696 sed
2570 2644 2714 2711 quod
2759 2643 2827 2695 ab
2861 2645 2980 2710 ipso
3018 2656 3261 2696 normam
3307 2643 3572 2710 accipiant

2008 2733 2241 2801 pietatis,
2272 2733 2492 2801 ejusque
2516 2732 2716 2802 pr0prii
2743 2732 2873 2799 sint,
2897 2747 3018 2788 cum
3047 2742 3264 2803 propter
3291 2733 3567 2797 virtutem,

2011 2833 2121 2876 tum
2154 2833 2371 2891 propter
2411 2832 2654 2877 sanctam
2696 2824 2908 2877 vivendi
2952 2824 3236 2881 rationem.
3280 2823 3442 2878 Audit
3477 2838 3575 2878 au-

2012 2922 2150 2978 tem,
2202 2914 2410 2984 inquit,
2448 2928 2550 2967 nou
2583 2914 2807 2969 auribus
2837 2915 3108 2970 sensitivis
3143 2919 3239 2971 sed
3270 2918 3434 2971 animi
3485 2933 3569 2972 as-

2009 3020 2191 3061 SCIISU.

2085 3097 2331 3152 Ostendit
2363 3106 2566 3162 autem,
2606 3099 2725 3154 illos
2758 3112 2864 3153 non
2892 3107 3172 3167 propterea
3202 3100 3251 3155 ei
3280 3099 3434 3154 iidem
3464 3116 3570 3155 non

2015 3188 2359 3253 adhibuisse,
2398 3187 2539 3254 quod
2591 3186 2684 3241 Dei
2746 3189 3115 3243 adversarium
3160 3189 3567 3256 existimarent,

2011 3277 2105 3331 sed
2143 3276 2357 3343 ipsimet
2382 3290 2413 3328 a
2447 3275 2554 3328 Deo
2584 3276 2746 3330 alieni
2768 3276 3114 3331 exsisterent.

2084 3366 2246 3420 Vens.
2288 3367 2375 3422 48.
2419 3387 2437 3419 ι
2479 3368 2889 3438 Responderunt
2927 3383 3054 3438 ergo
3093 3367 3295 3433 Judaei,
3338 3379 3390 3424 et
3421 3371 3571 3426 dixe-

2010 3470 2133 3512 runt
2163 3461 2211 3513 ei
2239 3477 2253 3513 :
2281 3459 2467 3513 Nonne
2494 3461 2630 3513 bene
2659 3460 2886 3514 dicimus
2908 3476 3025 3527 nos,
3048 3461 3170 3530 quia
3199 3460 3571 3519 Samaritanus

2009 3565 2066 3603 es
2096 3560 2171 3611 tu,
2203 3560 2256 3601 et
2289 3551 2607 3604 themonium
2642 3551 2853 3605 habes?
2882 3569 2902 3604 ι

2079 3639 2196 3693 Prae
2224 3641 2384 3692 nimia
2406 3641 2619 3694 vesania
2649 3642 2968 3695 daemonium
2991 3642 3188 3697 habere
3211 3642 3395 3697 dicunt
3419 3658 3568 3708 eum,

2011 3730 2099 3798 qui
2133 3731 2468 3783 daamonibus
2513 3732 2831 3800 imperabat.
2881 3732 3032 3798 Quod
3067 3742 3122 3787 et
3168 3735 3567 3789 Samaritanum

2011 3833 2131 3869 eum
2161 3817 2566 3884 appellaverint,
2597 3827 2780 3885 postea
2806 3833 2910 3872 non
2939 3820 3182 3874 meminit
3219 3823 3566 3890 evangelista.

2014 3909 2297 3962 Dominum
2333 3917 2513 3960 autem
2547 3909 2813 3962 vocabant
2845 3909 3244 3963 Samaritanum
3267 3951 3283 3975 ,
3311 3914 3450 3980 quod
3492 3914 3569 3968 le-
3627 3913 3636 3921 ’

2011 3998 2149 4068 galia
2189 3996 2438 4050 mandata
2471 4011 2574 4050 non
2606 3998 2939 4063 observaret,
2975 4014 3037 4054 ac
3073 4000 3364 4055 Sabbatum
3397 4004 3572 4059 solve-

2013 4099 2096 4143 ret
2129 4109 2143 4145 :
2183 4089 2504 4144 Samaritaui
2538 4105 2769 4160 namque
2803 4107 2907 4146 non
2941 4094 3161 4148 omnino
3201 4106 3451 4151 accurate
3483 4097 3573 4166 ju—

2011 4178 2316 4233 daizabant.

2084 4269 2248 4324 Vsus.
2289 4269 2376 4323 49.
2427 4287 2446 4322 ι
2495 4268 2791 4339 Respondit
2831 4270 2986 4326 Iesus
3034 4290 3047 4326 :
3092 4273 3200 4342 Ego
3249 4276 3573 4331 daemonium

2013 4377 2120 4416 non
2152 4362 2325 4416 habeo
2358 4378 2372 4414 :
2423 4363 2516 4417 sed
2548 4363 2845 4419 honoriﬁco
2885 4364 3096 4419 Patrem
3144 4381 3344 4434 meum,
3375 4378 3429 4423 et
3477 4386 3570 4425 vos

1942 4451 1987 4507 Β
2016 4452 2379 4508 inbonorastis
2409 4468 2514 4508 me.
2550 4470 2570 4504 ι

2082 4542 2311 4607 Quando
2353 4544 2691 4599 contumeliis
2725 4545 2983 4611 aﬂlcitur,
3025 4562 3179 4616 aquo
3219 4548 3398 4604 animo
3441 4548 3568 4615 fert,

2013 4636 2212 4690 docens
2241 4650 2337 4689 nos
2376 4637 2727 4692 contumelias
2762 4640 2917 4693 nobis
2955 4640 3215 4708 irrogatas
3265 4641 3565 4711 despicere.

2013 4723 2114 4780 Ubi
2138 4741 2266 4780 vero
2308 4726 2564 4781 dixerunt
2584 4728 2793 4781 Patrem
2823 4744 2981 4783 suum
3009 4728 3128 4786 esse
3153 4730 3349 4798 Deum;
3372 4733 3570 4786 acriter

2012 4816 2130 4869 illos
2157 4817 2491 4886 increpabat,
2517 4818 2611 4871 Dei
2643 4818 2864 4887 injurias
2893 4834 2991 4873 nos
3022 4820 3292 4874 vindicare
3323 4836 3566 4874 monens.

2087 4904 2247 4959 Vsus.
2309 4906 2396 4959 50.
2458 4925 2476 4957 ι
2534 4908 2644 4976 Ego
2698 4918 2875 4962 autem
2935 4924 3043 4963 non
3099 4924 3280 4979 quaero
3342 4912 3566 4981 gloriam

2013 5009 2208 5046 meam.
2253 5013 2272 5045 1

2083 5085 2140 5137 Si
2185 5086 2326 5139 enim
2373 5086 2554 5156 gloriae
2585 5088 2909 5154 inhiassem,
2955 5105 3323 5161 nequaquam,
3355 5108 3473 5147 cum
3513 5094 3565 5146 in

2017 5176 2107 5229 Dei
2138 5176 2307 5229 forma
2339 5191 2508 5243 eram,
2556 5179 2695 5233 servi
2725 5179 2952 5234 formam
2995 5183 3424 5250 assumpsissem.
3467 5198 3566 5238 nec

2016 5282 2102 5320 me
2132 5277 2347 5334 propter
2381 5268 2603 5321 salutem
2633 5278 2864 5323 vestram
2898 5270 3281 5327 humiliassem.
3311 5272 3446 5339 Quin
3476 5287 3567 5329 ne-

2017 5371 2120 5424 que
2146 5357 2306 5410 etiam
2343 5359 2693 5413 contumelias
2728 5361 2854 5413 mihi
2898 5360 3161 5429 irrogatas
3204 5366 3563 5433 contempsis-

2018 5459 2167 5508 sem,
2217 5446 2310 5498 sed
2348 5445 2628 5501 confestim
2682 5464 2865 5502 earum
2914 5450 3203 5504 vindictam
3243 5452 3561 5510 intulissem.

2018 5534 2173 5590 Modo
2203 5552 2328 5591 vero
2370 5539 2419 5591 in
2454 5539 2618 5593 Deum
2647 5556 2708 5594 ac
2741 5541 2949 5596 Patrem
2981 5544 3234 5612 peccatis,
3264 5556 3483 5613 peccato
3513 5545 3564 5599 in

432 5672 586 5754 ifir.
616 5669 830 5754 sin‘e’iSs’.
903 5674 1043 5754 r'tir.
1068 5670 1400 5754 αίσθηξικρῐς
1431 5673 1583 5725 ὠσίν.
1663 5683 1683 5708 ι
1721 5673 1811 5727 Cr.
1833 5674 1906 5726 sin

2121 5685 2144 5713 ει
2180 5674 2268 5728 Cr.
2296 5676 2410 5729 sine
2442 5676 2523 5730 οὐ.
2601 5678 2627 5716 1³
2658 5678 2746 5731 Cr.
2772 5679 2855 5732 ὅτι
2883 5678 2957 5742 ὡς
2987 5680 3217 5749 ἀντιθέῳ
3254 5684 3559 5754 προσεῖχον,

362 5740 478 5795 ἀλλ’
512 5743 597 5794 ὅτι
628 5737 900 5804 ἀλλότριοι
934 5734 1072 5806 ἦσαν
1100 5738 1193 5790 τοῦ
1220 5734 1380 5791 Θεοῦ.
