4038 6148
552 282 691 352 1455

1678 290 2019 351 ΑΜΜΟΝΙΙ
2060 289 2591 349 ALEXANDRINI

3672 285 3817 351 1456

554 403 729 471 ipsum
765 402 1116 457 redundante.
1162 401 1304 455 Nihil
1339 401 1505 467 enim,
1541 401 1679 456 inter
1709 402 1922 457 Patrem
1957 414 2008 457 et
2040 402 2099 456 Fi

2231 402 2367 465 ὅλως
2398 402 2458 455 τὸ
2490 399 2823 471 μεσολαὸοὖν
2856 400 3074 469 Πατέρα
3109 398 3205 453 καὶ
3252 397 3343 453 τον
3381 398 3538 468 Υἰδν,
3569 398 3697 455 ὅσον
3737 404 3815 467 εἰς

550 493 680 546 lium
728 493 869 562 quod
907 493 1125 555 medict,
1160 492 1468 558 intercedit,
1504 508 1625 547 cum
1658 495 1888 564 quilibet
1927 510 2118 551 eorum

549 585 615 637 sit
655 583 895 650 ejusdem
929 582 1269 637 substantiae.

620 673 782 728 Vsus.
812 673 900 727 5i.
935 692 953 724 ι
992 673 1185 735 Amen,
1216 688 1371 728 amen
1402 674 1522 729 dico
1552 676 1702 731 vobis
1735 694 1749 730 :
1781 677 1825 732 si
1854 678 1978 747 quis
2007 693 2122 732 ser-

547 780 755 818 monem
804 779 979 818 meum
1025 765 1356 831 servaverit,
1397 779 1622 822 mortem
1670 783 1775 821 non
1821 769 2022 824 videbit
2065 771 2121 824 in

544 868 823 909 :I'lernttm.
864 874 882 906 ι
1083 911 1097 928 1

618 944 739 1001 Non
789 947 1036 1015 corporis
1097 956 1324 1001 mortem
1386 947 1520 1003 dicit
1566 965 1686 1019 quae
1736 953 1989 1007 omnibus
2034 962 2121 1009 est

528 1040 870 1106 rmmuuuis,
903 1040 997 1095 sed
1027 1040 1148 1109 quia
1180 1050 1239 1092 ut
1267 1040 1406 1095 Deus
1440 1057 1544 1096 non
1584 1053 1810 1098 mortem
1841 1046 2121 1100 existima-

527 1136 631 1187 ‘hat
675 1149 837 1203 quam
893 1142 953 1186 ut
993 1132 1133 1186 Deus
1191 1132 1350 1188 facile
1402 1144 1613 1205 poterat
1664 1138 1964 1194 destruere.
2022 1139 2120 1196 Hic

543 1241 773 1287 mortem
816 1235 975 1283 vocat
1029 1239 1245 1293 poenam
1290 1236 1572 1283 mternam.
1624 1230 1831 1285 Etenim
1883 1233 1989 1286 vita
2037 1243 2120 1288 est

545 1319 731 1375 rrnitio
767 1321 887 1379 sine
924 1318 1181 1376 termino.
1218 1317 1398 1373 Vitam
1433 1332 1588 1376 vocat
1623 1333 1913 1379 venturum
1949 1341 2122 1381 saecu-

544 1413 650 1464 lum
686 1413 829 1481 quod
875 1414 1089 1484 proprie
1131 1415 1332 1470 dicitur
1363 1417 1494 1479 vita,
1536 1430 1645 1469 non
1676 1415 1886 1470 habens
1932 1417 2116 1471 termi-

544 1520 694 1569 num,
735 1505 823 1559 ubi
870 1521 1028 1560 nemo
1071 1506 1304 1576 amplius
1340 1505 1571 1560 moritur
1604 1516 1725 1577 post
1761 1507 2119 1562 resurrectio-

546 1612 664 1648 nem
683 1611 791 1665 per
818 1596 1097 1652 Christum
1133 1597 1389 1652 omnibus
1417 1598 1624 1665 datam,
1653 1598 1741 1653 ubi
1771 1598 1973 1653 animal
2014 1599 2116 1653 etsi

543 1688 824 1755 moriatur,
855 1688 962 1744 Deo
984 1705 1088 1744 non
1118 1690 1368 1745 moritur.

613 1860 775 1915 Vens.
808 1858 895 1915 52.
937 1879 955 1911 ι
995 1858 1256 1916 Dixerunt
1282 1874 1412 1932 ergo
1434 1861 1603 1918 Judaei
1633 1880 1645 1916 :
1679 1861 1834 1919 Nunc
1863 1863 2118 1933 cognovi-

530 1966 662 2005 -mus
693 1952 817 2021 quia
859 1952 1185 2007 daemonium
1225 1953 1415 2009 habes.
1451 1973 1471 2006 ι

611 2043 668 2096 Si
704 2053 831 2097 tunc
867 2042 1083 2098 demum
1126 2046 1520 2113 cognoverint,
1572 2053 1730 2101 antea
1781 2047 2111 2103 nesciebant.

537 2134 818 2201 Quomodo
869 2150 997 2205 ergo
1037 2134 1290 2190 dicebant
1332 2150 1457 2191 eum
1495 2136 1819 2191 daemonium
1872 2138 2110 2198 habere.

536 2240 696 2294 quem
726 2226 969 2281 nondum
996 2226 1919 2296 cognoscebant?0uemadmodum
1951 2229 2114 2299 igitur

538 2316 800 2383 putabant
833 2314 977 2384 ipsi,
1023 2315 1255 2370 mendax
1292 2316 1478 2385 utique
1503 2315 1618 2387 jam
1670 2316 1877 2383 pridem
1928 2318 2113 2387 impri-

538 2409 640 2462 mis
674 2416 793 2462 erat
848 2408 1044 2476 impius
1094 2407 1183 2463 ille
1223 2406 1533 2463 Judaaorum
1590 2408 1838 2477 populus,
1895 2411 2108 2464 tametsi

537 2498 858 2554 necessariis
900 2499 1122 2554 omnino
1162 2499 1462 2554 rationibus
1506 2499 1807 2563 convictus,
1863 2508 1921 2553 ut
1965 2503 2109 2570 quod

535 2592 768 2646 Satanas
804 2589 1058 2645 Satanam
1104 2606 1212 2646 non
1253 2590 1453 2660 ejiciat.
1501 2588 1637 2644 Nam
1670 2605 1834 2645 omne
1884 2606 2106 2662 regnum

535 2684 663 2737 inse
684 2681 915 2737 divisum
949 2681 1242 2749 desolatur,
1277 2682 1353 2737 ait
1383 2680 1633 2738 Christus
1665 2683 1733 2737 ’⁸.
1770 2700 1791 2735 ι
1832 2684 2107 2739 Abraham

535 2783 788 2827 mortuus
813 2782 934 2840 est,
986 2782 1037 2827 et
1085 2774 1383 2843 prophetae,
1420 2792 1442 2826 ι
1488 2774 1589 2829 hoc
1612 2782 1715 2840 est,
1749 2773 1849 2839 Qui
1886 2775 2107 2829 verbum

535 2864 627 2919 Dei
666 2866 987 2920 audiverunt
1031 2866 1229 2920 mortui
1277 2874 1443 2933 sunt,
1483 2875 1539 2922 et
1570 2867 1662 2937 qui
1701 2867 1924 2921 verbum
1956 2877 2106 2921 tuum

530 2957 827 3019 audierint,
857 2972 964 3011 non
995 2958 1341 3039 morientur?

602 3047 773 3104 Vsus.
812 3049 900 3104 55.
951 3067 969 3100 ι
1005 3048 1070 3103 Et
1098 3066 1201 3106 non
1231 3050 1563 3122 cognovistis
1591 3063 1751 3108 eum:
1781 3066 1881 3123 ego
1919 3061 2102 3108 autem

532 3152 654 3195 ιιῡνι
688 3155 833 3194 eum.
869 3157 887 3189 )

603 3229 764 3286 Solus
812 3244 1048 3300 namque
1096 3231 1267 3287 Filius
1310 3230 1526 3286 Patrem
1557 3233 1876 3287 naturaliter
1897 3245 1950 3288 et
1984 3249 2108 3305 pro-

530 3323 644 3392 prie
689 3323 874 3389 novit;
926 3322 1009 3379 vel
1064 3324 1245 3392 potius
1282 3323 1399 3392 ipsa
1455 3325 1803 3394 semetipsum
1843 3324 2104 3381 Trinitas.

532 3414 722 3468 Dicere
747 3422 964 3477 autem,
1004 3411 1142 3465 Novi
1180 3428 1330 3477 eum,
1366 3412 1513 3466 nulla
1535 3413 1840 3482 jactantia;
1877 3415 1969 3469 sed
2011 3415 2106 3469 di-

526 3519 653 3559 cere
683 3520 742 3559 se
775 3522 880 3559 nou
930 3521 1094 3561 nosse
1118 3546 1134 3570 ,
1186 3506 1527 3559 mendacium
1561 3513 1727 3560 esset.
1765 3505 1879 3561 Vos
1927 3517 2103 3561 autem

529 3593 854 3662 mentimiui,
884 3594 1125 3649 dicentes
1149 3609 1246 3649 vos
1278 3609 1400 3649 eum
1442 3609 1624 3652 nosse.

603 3685 699 3741 llis
743 3685 945 3748 verbis.
993 3683 1097 3740 Sed
1142 3701 1236 3755 ego
1272 3686 1380 3740 scio
1411 3702 1551 3756 eum,
1593 3695 1643 3742 et
1668 3702 1959 3743 sermonem
1989 3688 2104 3759 ejus

526 3791 698 3840 servo,
735 3774 1098 3831 ostenduntur
1124 3773 1295 3830 Judaei
1321 3778 1533 3832 nescire
1561 3777 1726 3833 Deum
1747 3790 1802 3834 et
1827 3795 2103 3837 sermones

494 3868 643 3936 ~cjus
686 3882 794 3923 non
821 3880 1065 3932 servare,
1105 3869 1233 3937 quia
1280 3868 1632 3938 praedicatum
1676 3878 1733 3926 et
1774 3871 1999 3928 missum
2031 3875 2102 3929 ab

523 3963 639 4030 ipso
668 3974 773 4014 non
805 3968 1143 4029 receperunt.

591 4137 758 4191 Vsus.
795 4137 883 4191 57.
919 4152 938 4186 ι
978 4134 1247 4189 Dixerunt
1277 4148 1405 4205 ergo
1431 4134 1602 4192 Judaei
1626 4136 1691 4193 ad
1716 4152 1838 4193 eum
1872 4154 1887 4192 :
1925 4136 2097 4205 Quin-

520 4232 775 4302 quaginla
829 4245 1000 4287 annos
1048 4234 1284 4288 nondum
1345 4230 1555 4300 habes,
1596 4240 1651 4285 et
1685 4230 1960 4285 Abraham
2009 4232 2095 4285 vi-

520 4324 683 4378 disti?
719 4342 740 4377 ι

593 4415 798 4471 lusulsa
825 4430 1045 4486 prorsus
1072 4414 1377 4471 Iudaeorum
1410 4415 1587 4469 oratio
1612 4421 1715 4469 est.
1747 4413 1996 4470 Christus
2016 4416 2090 4469 si-

524 4509 741 4579 quidem
789 4511 855 4563 dc
901 4523 996 4563 sua
1033 4507 1396 4576 perpetuitate
1432 4506 1776 4575 loquebatur,
1809 4506 1911 4575 ipsi
1959 4522 2086 4561 vero

522 4615 775 4674 tanquam
811 4602 923 4673 jam
971 4602 1206 4671 primum
1258 4598 1535 4667 incipienti
1570 4599 1987 4666 respondebant.
2016 4600 2094 4653 Ac

523 4698 779 4754 Dominus
830 4695 1091 4764 quidem,
1143 4691 1452 4755 Abraham,
1513 4689 1711 4759 inquit,
1773 4690 1901 4744 vidit
1952 4691 2089 4744 diem

517 4805 687 4842 meum
720 4803 739 4841 :
772 4785 848 4840 illi
879 4799 1009 4841 vero
1047 4792 1238 4839 contra
1275 4781 1644 4851 intelligebant
1684 4782 1859 4852 ipsum
1891 4782 2090 4838 vidisse

514 4879 903 4933 Abrahamum.

602 4971 770 5024 \‘sns.
802 4966 890 5022 58.
932 4986 950 5019 ι
990 4964 1135 5018 Dixit
1168 4965 1247 5018 eis
1281 4964 1437 5019 Jesus
1478 4981 1491 5017 :
1540 4966 1708 5020 Amen
1730 5005 1745 5031 ,
1777 4981 1932 5021 amen
1961 4965 2083 5021 dico

512 5063 687 5127 vobis,
719 5072 1009 5129 antequam
1042 5062 1315 5117 Abraham
1351 5062 1524 5132 ﬂeret,
1561 5074 1660 5128 ego
1688 5074 1827 5114 sum.
1865 5078 1884 5111 ι

579 5181 628 5212 ’⁸
660 5179 849 5233 Matth.
879 5195 975 5244 an,
1008 5177 1097 5232 25.

609 5306 632 5334 ε
669 5295 760 5350 Cr.
799 5291 1139 5362 γνωστικῶς.
1216 5289 1241 5329 δ
1278 5287 1369 5345 Cr.
1393 5287 1530 5342 sine.
1553 5285 1632 5340 δέ.

575 5415 689 5489 (ιο)
721 5414 848 5489 Haec
887 5411 1009 5468 cod.
1234 5397 2073 5489 AmlnDlﬂ9_Eljihl:ii,"§CJlP-!E:Llll

503 5468 810 5555 veroiquod
843 5480 1098 5555 praecedit
1135 5479 1187 5531 iu
1224 5469 1692 5555 catenangra‘meri
1724 5468 2076 5555 εΗΙηηοἮξιτιθ

502 5535 805 5651 ξιξξῖυόἧῆ
832 5535 923 5608 dat
964 5549 1369 5619 Chrysostomo.
1402 5541 1484 5596 Cl".
1518 5540 1711 5609 Chrys.
1746 5536 1884 5607 Opp.
1939 5535 2073 5603 Vill,

501 5625 626 5678 302.
1609 5678 1621 5689 .

575 5694 622 5762 (ι
643 5691 688 5762 1)
722 5691 919 5745 Eadem
958 5688 1073 5744 vide
1105 5684 1245 5755 apud
1270 5683 1547 5752 Chrysost.
1579 5676 1714 5743 Vlll,
1748 5676 1873 5731 302.

1714 5296 1737 5324 ε
1761 5284 1853 5340 Cr.
1878 5281 2007 5355 γάρ.

2224 494 2413 558 οὐσίας
2440 494 2747 563 ταυτότητα
2777 492 3011 546 ἑκάστου
3044 492 3406 564 ὑπάρχοντος.

2299 697 2318 730 ι
2364 676 2559 747 Ἀμὴν,
2591 675 2740 746 ἀμὴν
2783 673 2929 743 λέγω
2963 673 3092 742 ὑμῖν
3113 689 3126 704 ·
3155 673 3252 728 ἐάν
3284 691 3369 737 τις
3397 672 3494 727 τὸν
3522 672 3691 744 λόγον
3730 673 3814 728 τὸν

2219 770 2354 842 ἐμὸν
2365 769 2849 843 τηρήσῃ,θάνατον
2869 769 2927 822 οὐ
2953 769 3028 840 μὴ
3047 767 3306 840 θεωρήσῃ
3327 769 3408 831 εἰς
3451 766 3545 821 τὸν
3570 767 3774 821 αἰῶνα.
3790 788 3809 820 ι

2292 942 2402 1013 (10)
2435 941 2510 995 Οὐ
2537 942 2628 995 τὸν
2662 941 2920 1013 σαρκικὸν
2963 941 3134 1011 λέγει,
3167 941 3229 994 ὂν
3258 940 3607 1013 ὑπομένομεν
3636 942 3814 998 ᾶπαν-

2220 1050 2329 1098 τες,
2357 1032 2471 1088 ἀλλ’
2501 1033 2580 1086 ὅτι
2624 1032 2697 1095 ὡς
2738 1032 2867 1095 Θεὸς
2902 1032 3004 1085 οὐκ
3035 1030 3308 1100 ἐλογίζετο
3340 1031 3431 1084 τὸν
3459 1031 3722 1096 θάνατον,
3760 1033 3814 1085 ὃν

2218 1124 2293 1187 ὡς
2331 1124 2463 1187 Θεὸς
2515 1123 2751 1187 εὐκόλως
2778 1123 3008 1192 ἠδύνατο
3044 1122 3381 1193 ἀνατρέψαιο
3417 1121 3650 1176 θάνατον
3708 1123 3816 1195 γὰρ

2218 1209 2319 1269 ὧδε
2343 1216 2599 1286 ὀνομάζει
2640 1215 2699 1268 τὸ
2732 1215 2800 1268 δι’
2829 1214 3020 1277 αἰῶνος
3058 1213 3405 1278 κολάζεσθαι.
3430 1216 3542 1268 Καὶ
3571 1214 3690 1286 γὰρ
3724 1217 3815 1269 καὶ

2219 1307 2329 1378 ζωή
2358 1309 2501 1359 ἐστιν
2548 1310 2582 1375 ἡ
2626 1306 3049 1368 ἀκατάπαυστος
3087 1305 3413 1368 ἀπόλαυσις.
3442 1306 3627 1359 Δίὦνα
3660 1306 3813 1374 λέγει

2216 1394 2306 1446 τὸν
2337 1394 2629 1465 μέλλοντα,
2659 1394 2717 1457 ὂς
2759 1394 2964 1466 κυρίως
2994 1394 3237 1448 καλεῖται
3274 1396 3428 1461 αἰὼν,
3479 1398 3507 1448 6
3555 1395 3633 1467 μὴ
3671 1396 3811 1467 ἔχων

2217 1487 2408 1556 πέρας,
2441 1487 2575 1539 ὅπου
2598 1486 2781 1540 οὐκέτι
2809 1486 2984 1550 οὐδεὶς
3007 1488 3340 1559 ἀποθνήσκει
3371 1488 3510 1556 μετὰ
3536 1490 3641 1558 τὴν
3676 1489 3813 1542 ἀνά-

2217 1591 2410 1628 στασιν
2467 1575 2567 1647 τὴν
2620 1575 2706 1629 διὰ
2751 1575 2989 1645 Χριστοῦ
3027 1576 3365 1647 δωρηθεῖσαν
3411 1580 3620 1643 πᾶσιν,
3677 1581 3809 1632 ὅπου

2215 1684 2279 1738 γε
2308 1667 2369 1721 τὸ
2406 1667 2859 1737 ζωοποιούμενον,
2892 1667 2997 1721 κᾶν
3025 1668 3297 1740 ἀποθάνῃ,
3329 1669 3429 1722 οὐκ
3467 1669 3813 1742 ἀποθνήσκει

2146 1765 2188 1820 Β
2216 1761 2294 1833 τῷ
2318 1760 2455 1831 Θεῷ.
2490 1759 2711 1832 [ϐαμμ]

2294 1873 2314 1906 ι
2358 1848 2525 1907 Εἶπον
2553 1853 2646 1906 οὖν
2688 1851 2837 1924 αὐτῷ
2875 1854 2925 1905 οἱ
2974 1851 3246 1907 Ἰουδαῖοι·
3302 1851 3418 1908 Νῦν
3471 1852 3805 1925 ἐγνώκαμεν

2214 1946 2295 1999 ὅτι
2329 1945 2605 2015 δαιμόνιον
2638 1947 2806 2014 ἔχεις.
2834 1965 2853 1996 ι

2283 2039 2347 2091 Εἰ
2373 2037 2554 2090 τοίνυν
2584 2037 2914 2106 ἐγνώκασιν,
2943 2037 3043 2090 οὐκ
3067 2037 3288 2108 ᾔδεισαν
3316 2038 3507 2092 πάλαι.
3549 2039 3681 2100 Πῶς
3706 2039 3799 2094 οὖν

2212 2130 2397 2199 ἔλεγον
2427 2129 2729 2201 δαιμονιᾷν,
2763 2129 2854 2182 τὸν
2896 2128 3049 2182 οὔπω
3080 2130 3558 2199 κατεγνωσμένον;
3590 2130 3804 2201 Ὥσπερ

2211 2222 2303 2279 οὖν
2351 2225 2610 2298 ᾠήθησαν
2657 2225 2813 2278 αὐτοὶ
2841 2265 2855 2290 ,
2909 2224 3153 2295 ψεύστης
3196 2219 3292 2279 οὖν
3353 2225 3465 2296 ἄρα
3498 2227 3595 2279 καὶ⁸
3630 2227 3801 2280 πάλαι

2212 2318 2477 2391 πρότερον
2515 2313 2583 2389 ἦν
2611 2319 2640 2370 6
2668 2317 2938 2388 δυσσεϐης
2972 2316 3081 2371 τῶν
3126 2317 3397 2371 Ἰουδαίων
3430 2318 3583 2383 λαὸς,
3618 2320 3797 2373 καίτοι

2209 2412 2297 2465 διὰ
2335 2410 2611 2482 λογισμῶν
2657 2409 3096 2481 πληροφορηθεὶς
3125 2411 3463 2478 ἀναγκαίων,
3496 2412 3575 2476 ὡς
3601 2412 3703 2465 οὐκ
3735 2411 3799 2466 ἂν

2208 2504 2236 2555 6
2266 2505 2512 2566 Σατανᾶς
2549 2503 2769 2557 ἐκϐάλοι
2817 2502 2911 2555 τὸν
2967 2503 3235 2557 Σατανᾶν.
3273 2503 3434 2557 Πᾶσα
3482 2505 3594 2575 γὰρ
3642 2503 3799 2574 βασι-

2210 2594 2328 2647 λεία
2360 2593 2683 2665 μερισθεῖσα
2738 2592 2860 2647 καθ’
2909 2592 3133 2663 ἑαυτὴν,
3186 2593 3531 2665 ἐρημοῦται,
3567 2596 3737 2665 φησὶν
3770 2597 3798 2646 6

2207 2687 2461 2760 Χριστός.
2508 2706 2526 2739 ι
2580 2686 2830 2758 Ἀϐραὰμ
2862 2685 3132 2750 ἀπέθανε,
3163 2686 3260 2739 καὶ
3303 2688 3353 2740 οἰ
3402 2688 3689 2758 προφῆται
3719 2728 3734 2751 ,
3773 2706 3793 2738 ι

2207 2780 2517 2845 τουτέστιν,
2578 2780 2642 2832 Οἱ
2677 2778 2770 2832 τὸν
2829 2778 2986 2847 λόγον
3024 2777 3358 2842 ἀκούσαντες
3392 2778 3489 2832 τοῦ
3519 2778 3659 2832 Θεοῦ
3695 2781 3799 2834 ἀπ-

2208 2872 2417 2940 έθανον,
2441 2871 2535 2926 καὶ
2565 2872 2615 2926 οἱ
2651 2871 2744 2925 τὸν
2775 2870 2867 2925 σὺν
2896 2870 3053 2939 λόγον
3096 2869 3431 2934 ἀκούσαντες
3456 2872 3562 2925 οὐκ
3585 2870 3795 2926 ἀποθα-

2207 2962 2427 3018 νοῦνται
2454 2964 2503 3032 (1
2518 2962 2567 3033 1)
2589 2980 2604 3029 ;

2286 3072 2306 3106 ι
2343 3054 2454 3108 Καὶ
2477 3055 2578 3133 οὐκ
2608 3053 2889 3122 ἐγνώκατε
2913 3052 3109 3107 αὐτόν’
3149 3051 3266 3121 ἐγὼ
3292 3052 3351 3107 δὲ
3374 3049 3492 3107 οῖδα
3528 3054 3729 3109 αὐτόν.
3765 3071 3784 3105 ι

2277 3230 2453 3294 Μόνος
2483 3232 2590 3301 γὰρ
2619 3231 2647 3283 6
2673 3229 2802 3292 Υἱὸς
2827 3225 2934 3282 οἶδε
2960 3227 3210 3299 φυσικῶς
3235 3227 3331 3283 καὶ
3357 3226 3611 3295 γνωστῶς
3633 3235 3658 3264 ε
3686 3226 3793 3279 τὸν

2208 3324 2449 3394 Πατέρα,
2486 3322 2684 3393 μᾶλλον
2717 3322 2776 3376 δὲ
2806 3324 2838 3393 ἡ
2880 3321 3052 3393 Τριὰς
3085 3323 3302 3391 ἑαυτήν.
3336 3320 3405 3372 Τὸ
3423 3318 3481 3371 δὲ
3502 3317 3528 3357 ἀ
3560 3318 3779 3385 εἰπεῖν,

2211 3410 2356 3467 Οἶδα
2379 3413 2586 3475 αὐτὸν,
2635 3413 2736 3466 οὐκ
2783 3412 2898 3466 ἔστι
2938 3412 3185 3483 κόμπος⁶
3226 3409 3353 3465 ἀλλὰ
3394 3409 3454 3462 τὸ
3484 3408 3665 3461 εἰπεῖν
3704 3408 3793 3482 μὴ

2205 3503 2423 3566 εἰδέναι,
2451 3502 2667 3573 ψεῦδος.
2706 3502 2895 3574 Ὑμεῖς
2925 3503 2983 3556 δὲ
3012 3514 3035 3542 ο
3072 3502 3320 3571 λέγοντες
3346 3498 3508 3554 αὑτὸν
3536 3499 3788 3566 εἰδέναι,

2205 3595 2493 3667 ψεύδεσθε.

2275 3690 2350 3743 Τὸ
2410 3689 2468 3742 δὲ
2528 3689 2739 3751 εἰπεῖν,
2807 3688 2962 3743 Ἀλλ’
3020 3682 3154 3743 οἴδα
3216 3685 3438 3753 αὐτὸν,
3506 3684 3609 3740 καὶ
3674 3685 3791 3739 τὸν

2202 3782 2389 3851 λόγον
2411 3779 2598 3834 αὑτοῦ
2623 3778 2816 3847 τηρῶ,
2865 3779 3104 3833 δείκνυσι
3164 3779 3292 3843 τοὺς
3341 3778 3633 3841 Ἰουδαίους
3719 3778 3785 3830 τὺ

2205 3873 2342 3944 μήτε
2399 3871 2600 3924 ειδέναι
2648 3869 2742 3923 τὸν
2787 3871 2943 3935 Θεὸν,
2988 3870 3128 3941 μήτε
3179 3868 3290 3940 μὴν
3333 3867 3625 3939 ἀνέχεσθαι
3670 3868 3783 3921 τῶν

2202 3967 2332 4036 παρ’
2371 3963 2538 4018 αὐτοῦ
2572 3963 2769 4033 λόγων,
2806 3962 2895 4016 διὰ
2918 3962 2980 4015 τὸ
3011 3962 3086 4032 μὴ
3117 3961 3370 4033 δέχεσθαι
3399 3962 3493 4016 τὸν
3521 3960 3592 4015 δι’
3612 3959 3779 4013 αὐτοῦ

2200 4056 2618 4128 κεκηρυγμένον
2655 4055 2787 4127 (12).
2834 4053 3061 4127 [Cum]

2277 4168 2296 4200 ι
2343 4143 2513 4201 Εἶπον
2547 4143 2641 4200 οὖν
2672 4148 2722 4199 οἱ
2756 4146 2998 4199 Ἰουδαῖοι
3031 4143 3167 4210 πρὸς
3192 4143 3358 4197 αὐτόν
3378 4160 3392 4174 ·
3430 4144 3774 4215 Πεντήκοντα

2199 4242 2294 4311 ἐτη
2323 4238 2476 4293 οὔπω
2501 4238 2667 4309 ἔχεις,
2697 4238 2790 4290 καὶ
2830 4235 3080 4307 Ἀϐραὰμ
3108 4234 3395 4308 ἐώρακας;
3428 4252 3450 4285 ι

2280 4415 2531 4486 Ἀνόητος
2553 4416 2581 4468 6
2609 4413 2716 4467 τῶν
2755 4411 3023 4467 Ἰουδαίων
3049 4412 3229 4480 λόγος.
3276 4411 3337 4466 '0
3373 4411 3475 4481 μὲν
3504 4411 3619 4483 γὰρ
3647 4412 3775 4481 περὶ

2193 4511 2293 4580 τῆς
2327 4510 2463 4572 ἰδίας
2518 4508 2707 4572 αὐτοῖς
2746 4506 3049 4577 ἀῖδιότητος
3085 4505 3300 4571 ἐλάλει,
3344 4506 3395 4557 οἱ
3429 4504 3491 4557 δὲ
3523 4505 3604 4568 ὡς
3645 4504 3771 4573 ἄρτι

2191 4600 2483 4672 ἀρξαμένῳ
2519 4596 2660 4653 εἶναι
2691 4599 2936 4654 ἐλάλουν.
2972 4598 3084 4652 Καὶ
3122 4600 3151 4651 ὁ
3195 4597 3299 4668 μὲν
3338 4596 3549 4665 Κύριος
3590 4591 3772 4651 εἶπεν.

2189 4694 2272 4746 ὅτι
2334 4691 2591 4760 Ἀϐραὰμ
2636 4690 2769 4744 ἴδεν
2813 4688 2931 4758 τὴν
2975 4687 3209 4758 ἡμέραν
3247 4687 3365 4756 τὴν
3394 4686 3591 4757 ἐμήν-υ
3630 4688 3681 4740 οἱ
3717 4686 3775 4738 δὲ

2189 4785 2430 4840 ἐναντίον
2468 4784 2717 4853 ἐνόησαν,
2746 4782 2827 4835 ὅτι
2859 4781 3024 4844 αὐτὸς
3061 4781 3138 4834 ἴδε
3166 4779 3259 4834 τὸν
3300 4779 3583 4851 Ἁϐραάμ.

2271 4985 2289 5017 ι
2333 4960 2499 5018 Εἶπεν
2547 4962 2729 5023 αὐτοῖς
2779 4961 2807 5013 6
2867 4957 3110 5029 Ἰησοῦς’
3175 4956 3366 5027 Ἀμην,
3415 4954 3572 5024 ἀμὴν
3629 4952 3780 5021 λέγω

2190 5060 2341 5130 ὑμῖν,
2375 5057 2504 5128 πρὶν
2549 5050 2802 5124 Ἀϐραὰμ
2830 5049 3089 5119 γενέσθαι
3114 5048 3227 5119 ἐγώ
3252 5049 3391 5118 εἰμι.
3433 5065 3456 5099 ι

2268 5395 2384 5471 (12)
2409 5394 2708 5471 _Sch_olinm_
2732 5394 2787 5447 in
2822 5387 3147 5471 versiculum
3172 5386 3244 5443 56
3267 5382 3427 5471 quod
3462 5383 3536 5471 in
3551 5389 3774 5471 fraterna

2184 5450 2544 5530 cuimerisub
2569 5466 2784 5519 nomine
2809 5459 3081 5515 Ammonii
3111 5450 3441 5530 inscribitur
3461 5450 3774 5530 gortlcrius

2184 5522 2686 5666 ξτξῖϐιὲιὸγιειῖειὲιηο
2717 5544 2772 5588 et
2797 5531 2968 5600 reipsa
3001 5526 3270 5596 reperitur
3300 5523 3444 5593 apud
3469 5522 3767 5593 Chrysost.

2212 5613 2319 5666 ἸΙΙ.
2351 5629 2384 5662 υ
2502 5645 2516 5658 .
2595 5647 2609 5661 .
2658 5622 2667 5640 ·

2212 5613 2319 5678 nu,
2351 5613 2454 5662 sua
2482 5613 2516 5658 l.
2553 5613 2609 5661 ιε.
2658 5622 2667 5640 ο
