4038 6148
281 313 428 436 ,1157

1349 361 1810 425 FRAGMENTA
1850 363 1932 422 ΙΝ
1968 363 2028 422 S.
2071 363 2444 423 JOANNEM.

3415 360 3564 456 ηδε

375 482 500 536 Ἐπὶ
521 482 616 536 τοῦ
657 475 908 556 Ἅϐραὰμ
933 482 1098 552 ἔθηκε
1135 482 1194 535 τὸ
1221 480 1516 551 γενέσθαι,
1544 480 1628 533 ὅτι
1659 481 1687 532 ὁ
1712 492 1872 545 γεγο-

2047 479 2119 531 De
2151 479 2430 533 Abraham
2463 477 2599 534 dicit
2626 479 2764 546 ﬁeri,
2797 477 2923 548 quia
2975 486 3128 532 natus
3159 487 3210 532 et
3255 477 3548 533 dissolutus

301 573 400 636 νὼς
429 573 525 626 καὶ
557 572 873 645 φθείρεται,
908 573 1000 626 ἐπὶ
1024 573 1080 626 δὲ
1105 570 1271 626 αὑτοῦ
1299 570 1360 625 τὸ
1391 569 1528 640 ειμι,
1561 570 1639 634 ὡς
1688 568 1861 632 ἀΐδιος

304 666 392 718 καὶ
424 664 692 736 κρείττων
719 665 948 736 φθορᾶς.
977 663 1202 736 [Clum]

899 777 1151 830 ΚΕΦᾹΛ.
1191 776 1270 836 Θ’.

375 909 394 942 ι
435 891 544 944 Καὶ
579 891 871 962 ἠρώτησαν
899 891 1060 945 αὑτὸν
1087 893 1136 945 οἱ
1179 891 1422 964 μαθηταὶ
1452 894 1617 948 αὐτοῦ
1639 935 1654 957 ,
1689 895 1876 963 λέγον-

307 998 390 1046 τες
411 998 425 1012 ·
479 983 689 1046 Ῥαϐϐὶ,
717 985 802 1047 τις
835 985 1109 1056 ἥμαρτεν,
1145 977 1304 1047 οὗτος
1331 984 1364 1056 ἢ
1394 987 1444 1038 οἱ
1479 988 1658 1054 γονεῖς
1685 985 1873 1054 αὐτοῦ,

307 1073 388 1127 ἴνα
415 1073 613 1142 τυφλὸς
646 1076 922 1146 γεννηθῇς
952 1095 972 1128 ι

384 1165 729 1236 Ἐσφαλμένη
763 1167 913 1220 ἐστὶν
945 1169 977 1238 ἡ
1009 1167 1278 1238 ἐρώτησις
1319 1167 1457 1238 αὕτη
1481 1208 1496 1231 ,
1531 1168 1656 1223 οὔτε
1695 1170 1878 1242 ἁμαρ-

306 1255 452 1307 τάνει
481 1272 566 1320 τις
597 1256 704 1327 πρὸ
728 1257 822 1310 τοῦ
852 1257 1208 1328 γεννηθῆναι,
1239 1260 1268 1312 ὁ
1297 1259 1430 1330 μηδὲ
1451 1261 1589 1324 ὅλως
1621 1258 1716 1327 ῶν,
1753 1259 1879 1314 οὗτε

309 1345 461 1409 ἄλλος
501 1347 642 1419 ὑπὲρ
671 1347 834 1401 ἄλλου
867 1352 1217 1420 τιμωρεῖται.

382 1457 401 1490 ι
433 1438 601 1492 Ὅταν
631 1441 689 1492 ὲν
722 1439 800 1511 τῷ
825 1441 1016 1512 κόσμῳ
1043 1435 1108 1504 ὧ,
1142 1441 1259 1510 φῶς
1301 1443 1418 1512 είμι
1449 1440 1544 1494 τοῦ
1573 1440 1804 1514 κόσμου.
1855 1461 1875 1494 ι

377 1615 497 1679 Φῶς
521 1614 576 1668 δὲ
615 1615 807 1670 ἑαυτὸν
845 1611 1017 1682 εἶπεν,
1045 1617 1120 1682 ὥς
1145 1618 1396 1686 φωτίζων
1423 1619 1524 1682 τὰς
1545 1618 1654 1672 τῶν
1675 1621 1883 1672 πιστῶν

308 1707 506 1777 ψυχὰς,
546 1709 640 1762 καὶ
666 1709 748 1761 ὅτι
781 1707 1006 1779 ἔμελλεν
1045 1709 1256 1774 ἀνοῖξαι
1291 1711 1414 1772 τοὺς
1439 1709 1751 1780 ὀφθαλμοὺς
1788 1709 1880 1763 τοῦ

311 1804 375 1855 ἐκ
403 1800 632 1868 γενετῆς
655 1800 878 1870 τυφλοῦ.

385 1909 405 1942 ι
447 1891 632 1945 Ταῦτα
658 1891 827 1944 εἰπὼν
857 1891 1062 1946 ἔπτυσε
1099 1892 1296 1964 χαμαὶ,
1333 1893 1429 1947 καὶ
1460 1892 1683 1964 ἐποίησε
1711 1891 1882 1963 πηλὸν

311 1981 376 2033 ὲκ
403 1981 498 2034 τοῦ
522 1981 860 2052 πτύσματος,
889 1983 985 2035 καὶ
1016 1985 1276 2056 ὲπὲχρισε
1308 1983 1402 2037 τὸν
1436 1982 1608 2053 πηλὸν
1632 1982 1726 2035 ἐπὶ
1759 1981 1887 2046 τοὺς

311 2068 622 2140 ὀφθαλμοὺς
661 2069 755 2123 τοῦ
787 2071 1010 2138 τυφλοῦ.
1053 2089 1073 2124 ι

391 2179 409 2211 ι
441 2161 685 2214 Ἐπτυσε
713 2161 770 2214 δὲ
797 2161 975 2232 χαμαὶ
991 2161 1324 2234 καὶὲποίησε
1345 2161 1515 2230 πηλὸν
1543 2162 1608 2214 ὲκ
1627 2160 1722 2214 τοῦ
1752 2161 1888 2215 πτύ-

315 2266 540 2318 σματος,
561 2249 654 2303 καὶ
683 2249 942 2320 ἐπέχρισε
973 2249 1064 2304 τὸν
1101 2251 1269 2321 πηλὸν
1301 2252 1394 2304 ἐπὶ
1419 2251 1545 2314 τοὺς
1572 2249 1889 2320 ὀφθαλμοὺς

315 2338 408 2393 τοῦ
438 2339 642 2410 τυφλοῦ
667 2379 683 2402 ,
716 2359 734 2392 ι
765 2339 934 2404 δεῖξαι
972 2340 1293 2410 βουλόμενος
1335 2340 1423 2394 διὰ
1447 2340 1542 2394 τοῦ
1572 2339 1744 2410 πηλοῦ
1763 2379 1777 2404 ,
1807 2341 1890 2394 ὅτι

314 2429 477 2492 αὐτός
513 2433 660 2484 ἐστιν
691 2431 719 2484 ὁ
758 2431 852 2484 καὶ
880 2431 972 2486 τὸν
1011 2432 1183 2502 Ἀδὰμ
1211 2431 1320 2486 ἀπὸ
1350 2430 1524 2502 πηλοῦ
1554 2432 1789 2495 πλάσας.
1815 2431 1890 2485 Τὸ

317 2519 414 2587 μὲν
437 2519 544 2590 γὰρ
567 2521 764 2582 εἰπεῖν,
783 2521 866 2574 ὅτι
893 2522 1036 2590 Ἐγώ
1060 2523 1174 2592 είμι
1197 2525 1224 2576 ὁ
1253 2521 1411 2576 τοῦτο
1439 2523 1887 2595 ποιήσας,,πρόσ-

315 2623 473 2672 αντες
524 2610 696 2663 ἐδόκει
742 2607 882 2665 εἶναι
923 2617 1037 2676 τοῖς
1072 2612 1348 2667 ἀκούουσι.
1373 2614 1472 2667 Διὰ
1495 2615 1550 2667 δὲ
1589 2613 1683 2668 τοῦ
1713 2614 1878 2686 ἔργον

315 2699 660 2768 δεικνύμενος
691 2703 878 2766 τοῦτο,
927 2705 1027 2756 ούκ
1062 2703 1140 2757 ἔτι
1177 2704 1362 2757 λοιπὸν
1395 2705 1730 2776 προσίστατο
1753 2722 1767 2735 ·
1801 2706 1893 2760 διὰ

315 2791 473 2845 τοῦτο
505 2793 604 2862 οὐχ
633 2793 842 2858 ἁπλῶς,
878 2795 992 2849 ἀλλ’
1017 2796 1208 2866 ἐκείνῳ
1243 2795 1322 2866 τῷ
1355 2796 1542 2868 τρόπῳ
1571 2797 1642 2851 τὰ
1666 2797 1892 2868 ὄμματα

317 2881 770 2954 ἐδημιούργησεν,
808 2886 908 2940 οὐκ
935 2887 1136 2941 ἔπλασε
1162 2889 1218 2941 δὲ
1251 2888 1433 2959 μόνον,
1473 2890 1596 2944 οὐδὲ
1632 2889 1891 2959 ἀνέῳξεν,

317 2971 451 3026 ἀλλὰ
485 2975 580 3028 καὶ
613 2977 674 3028 τὸ
725 2978 857 3048 ὁρᾷν
891 2977 1182 3050 ἐχαρίσατο
1206 2997 1220 3010 ·
1261 2981 1399 3051 ὅπερ
1433 2982 1738 3052 τεκμήριόν
1776 2985 1892 3037 ἐστι

317 3067 413 3117 τοῦ
455 3065 552 3120 καὶ⁹
601 3067 700 3138 τὴν
753 3069 931 3156 ψηοχὴν
986 3069 1151 3124 αὑτὸν
1205 3073 1525 3149 ἐμφυσῆσαι
1577 3073 1656 3143 τῷ
1697 3073 1890 3149 Ἀδάμ.

1971 577 2075 632 eSI;
2107 569 2174 624 de
2215 568 2507 636 semetipso
2531 567 2661 622 dicit
2686 583 2823 632 sunt,
2854 567 3052 638 quippe
3079 569 3170 638 qui
3206 566 3346 624 Deus
3387 578 3549 623 acter-

1975 674 2075 714 nus
2105 668 2157 714 et
2188 659 2552 730 corruptionis
2580 673 2797 727 expers.

2651 772 2802 830 CAP.
2831 771 2924 828 1X.

2051 886 2212 942 Vsus.
2239 887 2296 944 2.
2328 907 2346 940 ι
2389 887 2457 943 Ει
2488 889 2959 956 interrogaverunt
2978 901 3101 941 eum
3124 885 3371 956 discipuli
3395 884 3553 955 ejus.:

1979 977 2171 1044 Rabbi,
2201 979 2323 1049 quis
2354 980 2620 1048 peccavit,
2655 978 2744 1034 hic
2773 987 2866 1033 aut
2893 987 3148 1049 parentes
3175 977 3292 1048 ejus
3315 1015 3332 1043 ,
3357 984 3420 1031 ut
3447 990 3554 1031 cie-

1978 1084 2074 1126 cus
2105 1067 2456 1123 nasceretur?
2485 1085 2504 1118 ι

2052 1160 2289 1214 Erronea
2321 1169 2404 1214 est
2432 1157 2784 1228 interregatio
2825 1157 2927 1212 ista
2954 1195 2970 1221 ,
3011 1172 3133 1211 cum
3165 1169 3324 1211 nemo
3367 1163 3558 1226 peccet

1979 1260 2264 1320 antequam
2297 1259 2456 1305 natus
2483 1249 2574 1314 sit,
2605 1264 2726 1304 cum
2759 1257 2888 1304 tunc
2918 1250 3142 1305 omnino
3166 1265 3272 1306 non
3303 1249 3553 1314 exsistat,

1981 1356 2160 1410 nequo
2194 1341 2340 1397 'alius
2369 1356 2468 1412 pro
2497 1341 2604 1395 alio
2633 1341 2909 1410 puniatur.

2046 1433 2212 1489 Vens.
2267 1433 2322 1489 5.
2361 1451 2382 1486 ι
2437 1431 2692 1502 Quandiu.
2737 1447 2856 1488 sum
2893 1433 2946 1486 in
2996 1433 3198 1490 mundo
3225 1473 3242 1500 ,
3278 1433 3369 1488 lux
3425 1449 3548 1490 sum

1981 1525 2192 1583 mundi,
2229 1545 2250 1578 ι

2051 1613 2252 1670 Lucem
2283 1627 2414 1672 vero
2443 1621 2794 1688 semetipsum
2829 1619 3138 1690 appellavit,
3165 1633 3229 1674 eo
3254 1618 3395 1688 quod
3429 1619 3560 1672 tide-

1983 1706 2112 1760 lium
2168 1707 2378 1762 animas
2415 1709 2712 1777 illumiuet,
2761 1721 2815 1766 et
2861 1713 2984 1781 quia
3038 1710 3166 1766 caeci
3211 1709 3323 1764 nati
3372 1709 3558 1766 oculos

1985 1810 2080 1864 ape
2089 1804 2268 1850 rturus
2305 1807 2468 1855 esset.

2063 1885 2224 1941 Vens.
2255 1886 2308 1942 6.
2349 1907 2368 1941 ε
2411 1888 2533 1945 Haec
2559 1906 2680 1946 cum
2716 1892 2962 1958 dixisset,
2998 1891 3212 1960 exspuit
3254 1891 3306 1946 in
3336 1901 3558 1955 terram,

1988 1987 2040 2032 et
2070 1975 2200 2031 fecit
2238 1977 2408 2032 lutum
2444 1993 2512 2034 ex
2539 1991 2731 2052 sputo,
2763 1993 2822 2038 et
2849 1982 3023 2037 linivit
3050 1981 3218 2036 lutum
3244 1996 3406 2052 super
3434 1997 3562 2041 oath

1989 2070 2068 2124 los
2089 2069 2223 2136 ejus.
2245 2088 2265 2121 ι

2067 2181 2084 2214 ι
2113 2161 2340 2232 Exspuit
2384 2163 2436 2216 in
2479 2172 2704 2231 terram,
2735 2175 2792 2222 et.
2837 2167 2965 2222 fecit
2987 2167 3160 2223 lutum
3189 2182 3259 2221 ex-
3289 2174 3470 2234 sputo,
3509 2174 3565 2218 et

1990 2255 2169 2309 linivit
2203 2246 2378 2309 lutuni
2404 2270 2569 2324 super
2601 2258 2790 2314 oculos
2813 2259 2956 2329 ejus,
3009 2277 3029 2311 ι
3054 2261 3340 2315 ostendere
3381 2258 3567 2312 volens

1990 2362 2086 2416 per
2114 2345 2282 2400 lutum
2331 2347 2506 2416 ipsum
2542 2364 2666 2404 esse
2695 2351 2784 2418 qui
2817 2351 3082 2405 Adamum
3129 2366 3160 2405 e
3190 2350 3303 2403 luto
3329 2349 3565 2418 plasma-

1991 2441 2088 2495 vit.
2120 2440 2358 2496 Dicendo
2389 2441 2534 2496 enim
2558 2481 2574 2505 ,
2601 2443 2712 2512 Ego
2750 2458 2869 2498 sum
2901 2445 2995 2513 qui
3041 2445 3143 2498 hoc
3187 2441 3310 2506 feci,
3354 2441 3568 2496 dimeile

1991 2531 2159 2586 videri
2213 2541 2430 2601 poterat
2477 2535 2847 2590 audientibus.
2899 2535 3007 2590 Sed
3052 2550 3174 2590 cum
3221 2535 3356 2589 illud
3402 2547 3570 2602 opere

1992 2623 2414 2689 demonstraret,
2449 2624 2564 2694 jam
2617 2641 2721 2680 non
2759 2634 2880 2681 erat
2934 2627 3344 2682 coatradicendi
3393 2625 3564 2682 locus.

1991 2713 2200 2772 Idcirco
2225 2730 2343 2770 non.
2365 2716 2710 2785 simpliciter,
2749 2719 2842 2790 sed
2887 2718 2977 2774 illo
3011 2719 3170 2774 modo
3203 2717 3389 2772 oculos
3415 2732 3570 2771 ercao

1994 2808 2091 2871 vit,
2122 2823 2226 2863 non
2279 2807 2452 2864 solum
2482 2809 2734 2864 formavit
2765 2820 2818 2866 et
2847 2811 3080 2880 aperuit,
3131 2812 3224 2864 sed
3263 2821 3323 2864 nt
3357 2809 3573 2864 videant

1993 2909 2076 2954 est
2109 2900 2336 2970 largitus
2369 2901 2552 2972 :quod
2586 2901 2956 2956 testimonium
2989 2913 3074 2956 est
3101 2903 3296 2957 animae
3321 2903 3373 2956 in
3399 2901 3572 2954 Adam

1995 2993 2062 3046 ab
2098 2993 2213 3062 ipso
2246 2992 2545 3063 inspiratse.
2579 2992 2670 3048 llla
2717 2993 2874 3047 enim.
2909 2993 3087 3046 anima
3137 3008 3243 3048 non
3287 3002 3568 3059 operante,

1995 3087 2182 3142 oculus
2227 3087 2472 3157 quamvis
2515 3093 2660 3144 esset
2706 3087 3026 3154 instructus,
3068 3100 3174 3146 non
3223 3085 3444 3145 vidisset
3476 3101 3572 3136 un-

328 3157 578 3256 :EXSiV'q;
612 3159 714 3256 μὲν
763 3161 1001 3256 γὰρμὴ.
1045 3163 1380 3256 ἐνεργούσης
1401 3204 1416 3225 ,
1446 3163 1757 3256 ὀφθαλμὸς,
1787 3166 1895 3221 κᾶν
1923 3175 1962 3230 C
1997 3194 2180 3256 quam,

317 3249 728 3321 ἁπηρτισμὲνος
759 3247 814 3324 ᾖ,
845 3253 947 3307 οὐκ
975 3253 1042 3308 ἂν
1073 3253 1170 3308 τδοι
1203 3255 1330 3308 ποτέ
1363 3255 1496 3326 (15).
1522 3250 1762 3334 [Cit.tu.]_

389 3377 408 3410 ι
455 3360 679 3428 Ἔλεγον
715 3358 810 3417 οὖν
857 3366 922 3417 ἐκ
959 3366 1068 3419 τῶν
1103 3367 1417 3436 Φαρισαίων
1456 3369 1634 3432 τινές’
1673 3363 1841 3434 Οὗτος
1866 3369 1896 3422 ὁ

318 3447 604 3518 ἄνθρωπος
631 3452 733 3505 οὐκ
770 3451 888 3506 ἐστι
922 3455 1073 3528 παρὰ
1101 3454 1194 3509 τοῦ
1227 3455 1384 3530 Θεοῦ,
1415 3457 1496 3510 ὅτι
1527 3457 1588 3510 τὸ
1611 3458 1894 3516 Σάϐϐατον

319 3539 382 3592 οὐ
416 3543 594 3612 τηρεῖ.
635 3560 655 3594 ι

402 3631 490 3696 Ἐξ
515 3631 691 3705 ἄκρας
722 3635 1042 3706 ἀκριϐείας⁸
1060 3637 1122 3691 τὸ
1153 3637 1434 3692 Σάϐϐατον
1460 3637 1773 3708 προετίμων
1796 3638 1894 3707 τῆς

319 3718 468 3784 θείας
485 3721 649 3775 αὐτοῦ
673 3723 978 3795 δυνάμεως,
997 3729 1090 3780 καὶ
1113 3725 1563 3797 βλασφημοῦντες
1584 3727 1796 3794 ἔλεγον,
1813 3728 1895 3780 ὅτι

321 3814 444 3868 Οὐκ
459 3813 632 3868 ἐστιν
649 3811 720 3872 οὗ
727 3833 828 3884 τος
843 3817 1000 3886 παρὰ
1015 3818 1184 3884 Θεοῦ,
1199 3817 1287 3871 ὅτι
1307 3816 1609 3871 Σάϐϐατον
1622 3819 1693 3872 οὐ
1710 3818 1892 3884 τηρεῖ.

389 3928 622 3998 Χριστὸς
683 3931 782 3998 μὲν
831 3931 890 3982 ἐν
943 3929 1208 3998 Σαϐϐάτῳ
1261 3929 1342 3982 ἐνὶ
1393 3928 1644 3998 δακτύλῳ
1692 3928 1891 3999 χρίσας

315 4017 410 4071 τὸν
452 4020 622 4090 πηλὸν
675 4021 994 4088 ἐγκαλεῖται
1017 4061 1032 4085 ,
1067 4021 1224 4074 αὐτοὶ
1253 4021 1309 4073 δὲ
1342 4021 1438 4091 ὅλῃ
1467 4021 1614 4091 χειρὶ⁹
1646 4019 1897 4082 λούοντες

318 4109 392 4164 τὰ
423 4106 540 4175 ζῶα
579 4113 674 4165 καλ⁸
711 4112 1018 4181 ἀπάγοντες
1071 4113 1210 4184 πρὸς
1255 4113 1544 4182 ποτισμὺν,
1595 4111 1690 4165 καὶ
1716 4111 1784 4164 τὰ
1817 4111 1898 4174 είς

322 4203 518 4274 βόθρον
548 4205 861 4274 ἐμπεσόντα
895 4205 1146 4277 πρόϐατα
1173 4205 1547 4271 ἀνασπῶντες,
1577 4205 1639 4258 οὑ
1671 4203 1896 4258 διαϐάλ-

319 4293 528 4350 λονται.
573 4294 796 4368 [Cum]

403 4405 420 4437 ι
455 4385 647 4457 Ἡμεῖς
669 4389 897 4460 οίδαμεν
918 4389 1000 4443 ὅτι
1023 4392 1050 4444 ὁ
1067 4389 1356 4462 ἄνθρωπος
1389 4383 1545 4453 οὗτος
1575 4385 1898 4460 ἁμαρτωλός

319 4479 496 4531 ἔστιν.
531 4497 549 4528 ι

401 4569 670 4639 Ἀφρονες
716 4572 765 4624 οἱ
827 4570 1068 4626 Ἰουδαῖοι
1116 4571 1210 4626 τὸν
1259 4571 1356 4642 μὲν
1397 4570 1532 4625 Θεὸν
1574 4570 1896 4638 δοξάζεσθαι

323 4660 828 4731 παρακελευόμενοι
853 4661 940 4716 διὰ
974 4661 1036 4716 τὸ
1073 4662 1289 4733 θαῦμα,
1321 4661 1412 4716 τδν
1437 4663 1496 4716 δὲ
1547 4663 1607 4716 τὸ
1639 4661 1732 4716 τοῦ
1757 4661 1895 4716 Θεοῦ

321 4749 488 4820 ἔργον
529 4752 830 4821 ποιήσαντα
859 4753 1310 4823 κατακρίναντες.

405 4859 424 4891 ι
465 4841 700 4912 Οἴδαμεν
736 4843 792 4895 δὲ
829 4843 912 4896 ὅτι
945 4843 1286 4915 ἁμαρτωλῶν
1315 4846 1344 4896 ὁ
1369 4843 1502 4908 Θεὸς
1531 4844 1632 4898 οὐκ
1667 4825 1854 4898 ἀκούει
1881 4861 1892 4874 ο

322 4931 445 4984 ἀλλ’
475 4932 572 4986 ἐὰν
595 4951 678 4996 τις
717 4932 974 5005 θεοσεϐὴς
993 4931 1052 5010 ᾗ,
1078 4935 1172 4988 καὶ
1199 4935 1263 4988 τὸ
1299 4933 1512 5005 θέλημα
1539 4932 1706 4988 αὐτοῦ
1739 4937 1892 5006 ποιῇ,

321 5023 520 5076 τούτου
549 5023 759 5078 ἀκούει.
799 5043 818 5076 ι

401 5117 475 5168 Οὐ
507 5115 617 5187 γὰρ
663 5119 688 5156 8
731 5115 1201 5187 προσωπολήπτης
1249 5117 1277 5168 ὁ
1316 5115 1486 5178 Θεὸς·
1538 5114 1612 5186 μὴ
1641 5115 1894 5182 γένοιτοί

324 5202 444 5259 ἀλλ’
475 5205 552 5268 ὡς
585 5207 793 5270 δίκαιος
818 5208 912 5260 καὶ
939 5207 1163 5260 δικαίων
1196 5205 1449 5279 ἐραστὴς,
1481 5205 1568 5259 διὰ
1594 5205 1702 5258 τῶν
1727 5206 1898 5272 ἑιγίων

323 5299 544 5368 ἐνεργεῖ
569 5297 638 5352 τὰ
663 5297 938 5369 παράδοξα
956 5339 971 5364 ,
1003 5299 1062 5352 οὑ
1095 5298 1200 5370 μὴν
1229 5298 1316 5351 διὰ
1341 5297 1448 5353 τῶν
1471 5295 1815 5368 ἁμαρτωλῶν
1840 5297 1892 5352 ιι.

421 5493 442 5534 ¹
473 5496 566 5552 Cr.
597 5497 873 5561 ἀσεϐείας.
945 5500 970 5537 κ
1001 5497 1092 5552 Cr.
1119 5497 1216 5567 οὐχ
1249 5497 1343 5560 ὡς.

2066 3369 2227 3424 Vens.
2263 3370 2350 3425 16.
2385 3389 2403 3422 ‹
2445 3370 2703 3426 Dicebant
2731 3383 2858 3441 ergo
2883 3383 2945 3423 ex
2975 3367 3266 3424 Pharisazis
3295 3367 3513 3438 quidem
3541 3386 3556 3423 :

1997 3460 2112 3515 Non
2143 3471 2229 3518 est
2257 3463 2345 3517 hic
2373 3463 2536 3518 homo
2561 3477 2592 3516 a
2624 3461 2755 3526 Deo,
2787 3461 2881 3531 qui
2916 3460 3214 3516 Sabbatum
3243 3475 3350 3515 non
3385 3468 3571 3514 custo-

1995 3552 2094 3607 dit.
2126 3571 2146 3605 ι

2069 3643 2144 3696 Ex
2181 3645 2347 3698 nimia
2375 3644 2594 3700 Sabbati
2613 3644 2996 3699 observatione
3031 3644 3204 3714 ipsum
3241 3643 3438 3698 divinm
3464 3645 3574 3696 vir-

1999 3733 2102 3784 t-uti
2146 3733 2548 3800 prmfcrebant,
2569 3743 2624 3785 et
2651 3732 3090 3801 blasphemantes
3122 3732 3374 3787 dicebant
3403 3749 3416 3787 :
3453 3729 3581 3784 Nou-

1997 3830 2069 3874 est
2099 3819 2180 3872 hic
2209 3836 2242 3871 α
2270 3819 2397 3884 Deo,
2429 3821 2520 3890 qui
2546 3819 2838 3874 Sabbatum
2868 3836 2972 3872 non
3001 3821 3256 3873 custodit.

2067 3929 2319 3984 Christus
2350 3930 2494 3984 enim
2521 3931 2658 3996 quo-l
2698 3930 2749 3982 iu
2799 3927 3038 3982 Sabbato
3068 3927 3238 3981 lutum
3270 3945 3376 3982 uno
3410 3929 3577 3998 digito

2000 4023 2182 4076 linirct
2215 4021 2479 4092 arguitur,
2512 4022 2612 4090 ipsi
2645 4027 2827 4074 autem
2863 4034 2983 4072 cum
3025 4019 3280 4074 animalia
3314 4020 3496 4074 lavant
3523 4033 3594 4080 ct,

1999 4115 2204 4169 ducunt
2247 4114 2313 4167 ad
2347 4123 2553 4182 potum,
2604 4126 2658 4166 et
2692 4112 2743 4165 in
2786 4110 2995 4165 foveam
3047 4113 3304 4168 cadentes
3345 4113 3584 4171 educunt

1997 4220 2148 4271 oves,
2181 4205 2386 4260 nullum
2414 4215 2594 4261 tamen
2620 4203 2822 4258 crimen
2852 4206 3154 4264 incurrunt.

2075 4383 2234 4438 Vens.
2269 4385 2358 4439 ει.
2397 4403 2416 4437 ι
2447 4385 2556 4442 Nos
2592 4386 2794 4442 scimus
2825 4377 2950 4460 Qui:
2998 4379 3086 4440 hic
3113 4386 3275 4441 homo
3322 4393 3572 4454 peccator

1931 4507 1972 4562 Ι)
2003 4483 2106 4528 est.
2145 4494 2162 4525 ι

2075 4565 2250 4621 Insani
2287 4567 2360 4621 illi
2390 4567 2557 4622 Judaei
2599 4567 2766 4624 Deum
2821 4571 3036 4638 quidem
3081 4567 3336 4622 honorari
3381 4567 3576 4638 jubent

2001 4671 2096 4724 per
2128 4658 2478 4723 miraculum,
2495 4674 2617 4714 eum
2651 4674 2780 4714 vero
2811 4661 2900 4730 qui
2927 4659 3020 4715 Dei
3050 4673 3187 4727 opus
3208 4657 3420 4728 perlicit
3441 4673 3573 4713 con-

2001 4751 2354 4805 demnabant.

2081 4841 2248 4895 Vens.
2283 4841 2371 4896 5L
2407 4859 2426 4892 ι
2461 4841 2675 4900 Scimus
2715 4850 2892 4894 autem
2920 4841 3042 4910 quia
3083 4849 3397 4911 peccatores
3433 4839 3576 4892 Dens

1999 4949 2102 4986 uult
2134 4933 2318 4986 audit:
2351 4934 2445 4986 sed
2472 4933 2518 4986 si
2545 4933 2667 5002 quis
2698 4930 2790 4990 Dei
2825 4932 3004 4988 cultor
3029 4941 3131 4991 est.
3155 4942 3210 4987 et
3240 4929 3591 4986 volunta’teut.

2005 5025 2121 5092 ejus
2154 5023 2302 5088 facit,
2333 5023 2474 5078 hunc
2503 5024 2740 5079 exaudit.
2775 5043 2795 5076 ι

2079 5114 2192 5168 Non
2221 5115 2364 5168 enim
2391 5129 2740 5184 personarum
2769 5125 3022 5186 acceptor
3052 5117 3190 5171 Deus
3215 5129 3232 5180 ;
3259 5113 3402 5170 absit
3428 5111 3451 5169 ί,
3483 5112 3587 5166 sed

2009 5216 2262 5274 tanquam
2288 5206 2468 5276 justus
2493 5223 2557 5262 ac
2577 5205 2844 5275 justorum
2869 5218 3080 5262 amator
3111 5222 3206 5276 per
3229 5214 3450 5260 sanctos
3475 5203 3574 5257 mi-

2010 5296 2198 5352 rabilia
2222 5306 2495 5366 operatur,
2523 5313 2628 5352 non
2659 5308 2838 5354 autem
2877 5312 2972 5368 per
3001 5306 3353 5367 peccatores.

1425 5497 1449 5537 h
1485 5496 1572 5550 Cr.
1612 5495 2058 5568 ἁμαρτανόντων.

407 5674 519 5740 (15)
565 5671 974 5744 llocsclinlium
1021 5673 1160 5740 quod
1201 5683 1386 5744 catena
1419 5675 1664 5732 Cramcri
1718 5674 1904 5732 tribuit
1942 5677 2248 5741 Ammoniu,
2295 5675 2427 5730 (iud.
2479 5673 2630 5729 Bodl.
2708 5688 2830 5727 vero
2879 5673 2967 5728 dat
3001 5673 3417 5744 Chrysostomo,
3463 5687 3573 5726 nun

337 5745 654 5800 invenimus
687 5742 738 5796 in
771 5741 904 5810 Opp.
938 5743 1130 5810 Chrys.
1161 5743 1228 5797 cf.
1271 5759 1385 5808 vm,
1423 5747 1486 5796 12
