  <div class='ocr_page' id='page_1' title='image "/cluster/home/n/w/nwhite01/storage/ocr_20150623/85/mdp.39015032042783/737.png"; bbox 0 0 4038 6148; ppageno 0'>
   <div class='ocr_carea' id='block_1_1' title="bbox 505 302 641 370">
    <p class='ocr_par' dir='ltr' id='par_1_1' title="bbox 505 302 641 370">
     <span class='ocr_line' id='line_1_1' title="bbox 505 302 641 370; baseline 0.015 -3"><span class='ocrx_word' id='word_1_1' title='bbox 505 302 641 370; x_wconf 75' lang='grc'><strong>1459</strong></span> 
     </span>
    </p>
   </div>
   <div class='ocr_carea' id='block_1_2' title="bbox 1632 290 2537 357">
    <p class='ocr_par' dir='ltr' id='par_1_2' title="bbox 1632 290 2537 357">
     <span class='ocr_line' id='line_1_2' title="bbox 1632 290 2537 357; baseline -0.01 0"><span class='ocrx_word' id='word_1_2' title='bbox 1632 295 1968 357; x_wconf 83' lang='grc' dir='ltr'><strong>ΑΜΜΟΝΙΙ</strong></span> <span class='ocrx_word' id='word_1_3' title='bbox 2008 290 2537 356; x_wconf 76' lang='lat' dir='ltr'><strong>ALEXANDRINI</strong></span> 
     </span>
    </p>
   </div>
   <div class='ocr_carea' id='block_1_3' title="bbox 3641 277 3776 342">
    <p class='ocr_par' dir='ltr' id='par_1_3' title="bbox 3641 277 3776 342">
     <span class='ocr_line' id='line_1_3' title="bbox 3641 277 3776 342; baseline 0.015 -2"><span class='ocrx_word' id='word_1_4' title='bbox 3641 277 3665 340; x_wconf 79' lang='grc'>1</span> <span class='ocrx_word' id='word_1_5' title='bbox 3686 279 3776 342; x_wconf 73' lang='grc' dir='ltr'><strong>ίῦθ</strong></span> 
     </span>
    </p>
   </div>
   <div class='ocr_carea' id='block_1_4' title="bbox 577 391 2090 479">
    <p class='ocr_par' dir='ltr' id='par_1_4' title="bbox 577 404 2081 479">
     <span class='ocr_line' id='line_1_4' title="bbox 577 404 2081 479; baseline -0.005 -10"><span class='ocrx_word' id='word_1_6' title='bbox 577 416 739 470; x_wconf 83' lang='lat' dir='ltr'><strong>Docet</strong></span> <span class='ocrx_word' id='word_1_7' title='bbox 788 409 1096 467; x_wconf 83' lang='lat' dir='ltr'><strong>credentem</strong></span> <span class='ocrx_word' id='word_1_8' title='bbox 1137 413 1191 465; x_wconf 91' lang='lat' dir='ltr'><strong>in</strong></span> <span class='ocrx_word' id='word_1_9' title='bbox 1222 410 1405 466; x_wconf 75' lang='lat' dir='ltr'><strong>Jesum</strong></span> <span class='ocrx_word' id='word_1_10' title='bbox 1434 404 1634 479; x_wconf 82' lang='lat' dir='ltr'><strong>ips&#39;utn,</strong></span> <span class='ocrx_word' id='word_1_11' title='bbox 1664 423 1767 461; x_wconf 87' lang='lat' dir='ltr'><strong>non</strong></span> <span class='ocrx_word' id='word_1_12' title='bbox 1812 417 1869 461; x_wconf 92' lang='lat' dir='ltr'><strong>ut</strong></span> <span class='ocrx_word' id='word_1_13' title='bbox 1902 409 1953 462; x_wconf 91' lang='lat' dir='ltr'><strong>in</strong></span> <span class='ocrx_word' id='word_1_14' title='bbox 1980 407 2081 462; x_wconf 88' lang='lat' dir='ltr'><strong>bo-</strong></span> 
     </span>
    </p>
   </div>
   <div class='ocr_carea' id='block_1_5' title="bbox 2188 391 3771 479">
    <p class='ocr_par' dir='ltr' id='par_1_5' title="bbox 2257 391 3771 466">
     <span class='ocr_line' id='line_1_5' title="bbox 2257 391 3771 466; baseline -0.007 -10"><span class='ocrx_word' id='word_1_15' title='bbox 2257 402 2513 457; x_wconf 75' lang='grc' dir='ltr'><strong>Διδάσκει</strong></span> <span class='ocrx_word' id='word_1_16' title='bbox 2535 399 2618 453; x_wconf 83' lang='grc' dir='ltr'>ὅτι</span> <span class='ocrx_word' id='word_1_17' title='bbox 2642 398 2670 450; x_wconf 98' lang='lat'><strong>6</strong></span> <span class='ocrx_word' id='word_1_18' title='bbox 2699 396 2971 451; x_wconf 80' lang='grc' dir='ltr'><strong>πιστεύων</strong></span> <span class='ocrx_word' id='word_1_19' title='bbox 2999 395 3080 459; x_wconf 76' lang='grc' dir='ltr'>εἰς</span> <span class='ocrx_word' id='word_1_20' title='bbox 3104 393 3269 448; x_wconf 75' lang='grc' dir='ltr'>αὐτὸν</span> <span class='ocrx_word' id='word_1_21' title='bbox 3290 394 3382 446; x_wconf 68' lang='grc' dir='ltr'><strong>τὸν</strong></span> <span class='ocrx_word' id='word_1_22' title='bbox 3407 391 3653 465; x_wconf 79' lang='grc' dir='ltr'><strong>Ἰησοῦν,</strong></span> <span class='ocrx_word' id='word_1_23' title='bbox 3677 395 3771 466; x_wconf 80' lang='grc' dir='ltr'>οὐχ</span> 
     </span>
    </p>
   </div>
   <div class='ocr_carea' id='block_1_6' title="bbox 505 485 2090 569">
    <p class='ocr_par' dir='ltr' id='par_1_6' title="bbox 505 485 2081 566">
     <span class='ocr_line' id='line_1_6' title="bbox 505 485 2081 566; baseline -0.006 -2"><span class='ocrx_word' id='word_1_24' title='bbox 505 509 708 565; x_wconf 85' lang='lat' dir='ltr'><strong>minem</strong></span> <span class='ocrx_word' id='word_1_25' title='bbox 742 520 773 561; x_wconf 88' lang='lat' dir='ltr'><strong>e</strong></span> <span class='ocrx_word' id='word_1_26' title='bbox 816 505 971 559; x_wconf 88' lang='lat' dir='ltr'><strong>nobis</strong></span> <span class='ocrx_word' id='word_1_27' title='bbox 1001 506 1246 566; x_wconf 86' lang='lat' dir='ltr'><strong>credere,</strong></span> <span class='ocrx_word' id='word_1_28' title='bbox 1280 502 1374 557; x_wconf 88' lang='lat' dir='ltr'><strong>sed</strong></span> <span class='ocrx_word' id='word_1_29' title='bbox 1412 485 1469 555; x_wconf 77' lang='lat' dir='ltr'><strong>ut</strong></span> <span class='ocrx_word' id='word_1_30' title='bbox 1512 501 1566 556; x_wconf 89' lang='lat' dir='ltr'><strong>in</strong></span> <span class='ocrx_word' id='word_1_31' title='bbox 1603 501 1769 555; x_wconf 88' lang='lat' dir='ltr'><strong>Deum</strong></span> <span class='ocrx_word' id='word_1_32' title='bbox 1803 500 2081 556; x_wconf 83' lang='lat' dir='ltr'><strong>hominem</strong></span> 
     </span>
    </p>
   </div>
   <div class='ocr_carea' id='block_1_7' title="bbox 2188 485 3772 569">
    <p class='ocr_par' dir='ltr' id='par_1_7' title="bbox 2188 490 3772 569">
     <span class='ocr_line' id='line_1_7' title="bbox 2188 490 3772 569; baseline -0.009 -13"><span class='ocrx_word' id='word_1_33' title='bbox 2188 503 2262 565; x_wconf 83' lang='grc' dir='ltr'>ὡς</span> <span class='ocrx_word' id='word_1_34' title='bbox 2289 503 2368 564; x_wconf 87' lang='grc' dir='ltr'>εἰς</span> <span class='ocrx_word' id='word_1_35' title='bbox 2397 498 2684 569; x_wconf 83' lang='grc' dir='ltr'>ἄνθρωπον</span> <span class='ocrx_word' id='word_1_36' title='bbox 2718 495 2814 549; x_wconf 73' lang='grc' dir='ltr'><strong>ἕνα</strong></span> <span class='ocrx_word' id='word_1_37' title='bbox 2841 493 2949 547; x_wconf 84' lang='grc' dir='ltr'><strong>τῶν</strong></span> <span class='ocrx_word' id='word_1_38' title='bbox 2975 491 3103 547; x_wconf 81' lang='grc' dir='ltr'>καθ’</span> <span class='ocrx_word' id='word_1_39' title='bbox 3143 492 3293 561; x_wconf 81' lang='grc' dir='ltr'>ἡμᾶς</span> <span class='ocrx_word' id='word_1_40' title='bbox 3324 490 3583 544; x_wconf 78' lang='grc' dir='ltr'><strong>πιστεύει</strong></span> <span class='ocrx_word' id='word_1_41' title='bbox 3610 533 3625 552; x_wconf 89' lang='lat'><strong>,</strong></span> <span class='ocrx_word' id='word_1_42' title='bbox 3663 490 3772 542; x_wconf 84' lang='grc' dir='ltr'>ἀλλ’</span> 
     </span>
    </p>
   </div>
   <div class='ocr_carea' id='block_1_8' title="bbox 502 593 2078 669">
    <p class='ocr_par' dir='ltr' id='par_1_8' title="bbox 502 593 2078 669">
     <span class='ocr_line' id='line_1_8' title="bbox 502 593 2078 669; baseline -0.006 -13"><span class='ocrx_word' id='word_1_43' title='bbox 502 602 734 656; x_wconf 65' lang='lat' dir='ltr'><strong>factum.</strong></span> <span class='ocrx_word' id='word_1_44' title='bbox 779 597 870 653; x_wconf 86' lang='lat' dir='ltr'><strong>Sic</strong></span> <span class='ocrx_word' id='word_1_45' title='bbox 904 598 1200 669; x_wconf 78' lang='lat' dir='ltr'><strong>perfectum</strong></span> <span class='ocrx_word' id='word_1_46' title='bbox 1253 605 1337 652; x_wconf 88' lang='lat' dir='ltr'><strong>est</strong></span> <span class='ocrx_word' id='word_1_47' title='bbox 1367 596 1433 651; x_wconf 91' lang='lat' dir='ltr'><strong>de</strong></span> <span class='ocrx_word' id='word_1_48' title='bbox 1476 593 1700 650; x_wconf 86' lang='lat' dir='ltr'><strong>Christo</strong></span> <span class='ocrx_word' id='word_1_49' title='bbox 1737 595 2078 667; x_wconf 79' lang='lat' dir='ltr'><strong>mysterium.</strong></span> 
     </span>
    </p>
   </div>
   <div class='ocr_carea' id='block_1_9' title="bbox 579 799 2080 873">
    <p class='ocr_par' dir='ltr' id='par_1_9' title="bbox 579 799 2080 873">
     <span class='ocr_line' id='line_1_9' title="bbox 579 799 2080 873; baseline -0.004 -14"><span class='ocrx_word' id='word_1_50' title='bbox 579 804 740 860; x_wconf 69' lang='lat' dir='ltr'><strong>Vens.</strong></span> <span class='ocrx_word' id='word_1_51' title='bbox 768 804 857 860; x_wconf 79' lang='lat'><strong>59.</strong></span> <span class='ocrx_word' id='word_1_52' title='bbox 901 821 920 854; x_wconf 82' lang='grc' dir='ltr'><strong>ι</strong></span> <span class='ocrx_word' id='word_1_53' title='bbox 957 801 1025 856; x_wconf 87' lang='grc' dir='ltr'><strong>Ει</strong></span> <span class='ocrx_word' id='word_1_54' title='bbox 1067 802 1202 858; x_wconf 80' lang='lat' dir='ltr'><strong>dixit</strong></span> <span class='ocrx_word' id='word_1_55' title='bbox 1241 802 1398 859; x_wconf 82' lang='lat' dir='ltr'><strong>Jesus</strong></span> <span class='ocrx_word' id='word_1_56' title='bbox 1449 821 1464 859; x_wconf 89' lang='lat'><strong>:</strong></span> <span class='ocrx_word' id='word_1_57' title='bbox 1507 799 1564 856; x_wconf 91' lang='lat' dir='ltr'><strong>In</strong></span> <span class='ocrx_word' id='word_1_58' title='bbox 1595 800 1860 873; x_wconf 83' lang='lat' dir='ltr'><strong>judicium</strong></span> <span class='ocrx_word' id='word_1_59' title='bbox 1895 814 1995 870; x_wconf 86' lang='lat' dir='ltr'><strong>ego</strong></span> <span class='ocrx_word' id='word_1_60' title='bbox 2027 799 2080 854; x_wconf 93' lang='lat' dir='ltr'><strong>in</strong></span> 
     </span>
    </p>
   </div>
   <div class='ocr_carea' id='block_1_10' title="bbox 502 894 1159 952">
    <p class='ocr_par' dir='ltr' id='par_1_10' title="bbox 502 894 1159 952">
     <span class='ocr_line' id='line_1_10' title="bbox 502 894 1159 952; baseline -0.009 1"><span class='ocrx_word' id='word_1_61' title='bbox 502 897 646 952; x_wconf 81' lang='lat' dir='ltr'><strong>hunc</strong></span> <span class='ocrx_word' id='word_1_62' title='bbox 676 897 930 950; x_wconf 87' lang='lat' dir='ltr'><strong>numdum</strong></span> <span class='ocrx_word' id='word_1_63' title='bbox 958 894 1101 952; x_wconf 84' lang='lat' dir='ltr'><strong>veni.</strong></span> <span class='ocrx_word' id='word_1_64' title='bbox 1139 912 1159 947; x_wconf 71' lang='grc' dir='ltr'>ι</span> 
     </span>
    </p>
   </div>
   <div class='ocr_carea' id='block_1_11' title="bbox 576 1007 2079 1082">
    <p class='ocr_par' dir='ltr' id='par_1_11' title="bbox 576 1007 2079 1082">
     <span class='ocr_line' id='line_1_11' title="bbox 576 1007 2079 1082; baseline -0.004 -17"><span class='ocrx_word' id='word_1_65' title='bbox 576 1011 641 1066; x_wconf 81' lang='lat' dir='ltr'><strong>In</strong></span> <span class='ocrx_word' id='word_1_66' title='bbox 661 1012 936 1082; x_wconf 79' lang='lat' dir='ltr'><strong>judicium</strong></span> <span class='ocrx_word' id='word_1_67' title='bbox 961 1011 1077 1065; x_wconf 80' lang='lat' dir='ltr'><strong>veni</strong></span> <span class='ocrx_word' id='word_1_68' title='bbox 1101 1010 1191 1065; x_wconf 88' lang='lat' dir='ltr'><strong>:id</strong></span> <span class='ocrx_word' id='word_1_69' title='bbox 1213 1020 1314 1074; x_wconf 87' lang='lat' dir='ltr'><strong>est,</strong></span> <span class='ocrx_word' id='word_1_70' title='bbox 1342 1010 1407 1065; x_wconf 84' lang='lat' dir='ltr'><strong>ad</strong></span> <span class='ocrx_word' id='word_1_71' title='bbox 1441 1008 1698 1076; x_wconf 83' lang='lat' dir='ltr'><strong>majorem</strong></span> <span class='ocrx_word' id='word_1_72' title='bbox 1722 1007 2079 1080; x_wconf 89' lang='lat' dir='ltr'><strong>punitionem.</strong></span> 
     </span>
    </p>
   </div>
   <div class='ocr_carea' id='block_1_12' title="bbox 503 1102 2083 1173">
    <p class='ocr_par' dir='ltr' id='par_1_12' title="bbox 503 1102 2083 1173">
     <span class='ocr_line' id='line_1_12' title="bbox 503 1102 2083 1173; baseline -0.004 -11"><span class='ocrx_word' id='word_1_73' title='bbox 503 1106 641 1162; x_wconf 84' lang='lat' dir='ltr'><strong>Nam</strong></span> <span class='ocrx_word' id='word_1_74' title='bbox 689 1105 779 1173; x_wconf 90' lang='lat' dir='ltr'><strong>qui</strong></span> <span class='ocrx_word' id='word_1_75' title='bbox 832 1106 1006 1173; x_wconf 89' lang='lat' dir='ltr'><strong>ipsum</strong></span> <span class='ocrx_word' id='word_1_76' title='bbox 1056 1102 1492 1157; x_wconf 82' lang='lat' dir='ltr'><strong>condemnabam</strong></span> <span class='ocrx_word' id='word_1_77' title='bbox 1530 1112 1788 1172; x_wconf 87' lang='lat' dir='ltr'><strong>tanquam</strong></span> <span class='ocrx_word' id='word_1_78' title='bbox 1829 1111 2083 1169; x_wconf 89' lang='lat' dir='ltr'><strong>peccato-</strong></span> 
     </span>
    </p>
   </div>
   <div class='ocr_carea' id='block_1_13' title="bbox 504 1193 1773 1266">
    <p class='ocr_par' dir='ltr' id='par_1_13' title="bbox 504 1193 1773 1266">
     <span class='ocr_line' id='line_1_13' title="bbox 504 1193 1773 1266; baseline -0.006 -13"><span class='ocrx_word' id='word_1_79' title='bbox 504 1213 643 1264; x_wconf 76' lang='lat' dir='ltr'><strong>rem,</strong></span> <span class='ocrx_word' id='word_1_80' title='bbox 677 1197 754 1252; x_wconf 84' lang='lat' dir='ltr'><strong>illi</strong></span> <span class='ocrx_word' id='word_1_81' title='bbox 797 1197 898 1266; x_wconf 85' lang='lat' dir='ltr'><strong>ipsi</strong></span> <span class='ocrx_word' id='word_1_82' title='bbox 937 1204 997 1250; x_wconf 82' lang='grc' dir='ltr'><strong>ιιι</strong></span> <span class='ocrx_word' id='word_1_83' title='bbox 1015 1205 1331 1265; x_wconf 83' lang='lat' dir='ltr'><strong>peccatores</strong></span> <span class='ocrx_word' id='word_1_84' title='bbox 1363 1193 1600 1248; x_wconf 89' lang='lat' dir='ltr'><strong>damnati</strong></span> <span class='ocrx_word' id='word_1_85' title='bbox 1626 1201 1773 1248; x_wconf 87' lang='lat' dir='ltr'><strong>sunt.</strong></span> 
     </span>
    </p>
   </div>
   <div class='ocr_carea' id='block_1_14' title="bbox 1149 1331 1417 1388">
    <p class='ocr_par' dir='ltr' id='par_1_14' title="bbox 1149 1331 1417 1388">
     <span class='ocr_line' id='line_1_14' title="bbox 1149 1331 1417 1388; baseline -0.004 0"><span class='ocrx_word' id='word_1_86' title='bbox 1149 1331 1304 1388; x_wconf 84' lang='lat' dir='ltr'><strong>CAP.</strong></span> <span class='ocrx_word' id='word_1_87' title='bbox 1350 1332 1417 1387; x_wconf 78' lang='grc' dir='ltr'>Χ.</span> 
     </span>
    </p>
   </div>
   <div class='ocr_carea' id='block_1_15' title="bbox 577 1468 2084 1539">
    <p class='ocr_par' dir='ltr' id='par_1_15' title="bbox 577 1468 2084 1539">
     <span class='ocr_line' id='line_1_15' title="bbox 577 1468 2084 1539; baseline 0 -16"><span class='ocrx_word' id='word_1_88' title='bbox 577 1469 743 1524; x_wconf 71' lang='lat' dir='ltr'><strong>Vens.</strong></span> <span class='ocrx_word' id='word_1_89' title='bbox 777 1470 829 1524; x_wconf 78' lang='lat' dir='ltr'><strong>i.</strong></span> <span class='ocrx_word' id='word_1_90' title='bbox 873 1488 891 1522; x_wconf 83' lang='grc' dir='ltr'>ι</span> <span class='ocrx_word' id='word_1_91' title='bbox 920 1470 1113 1537; x_wconf 83' lang='lat' dir='ltr'><strong>Amen,</strong></span> <span class='ocrx_word' id='word_1_92' title='bbox 1145 1485 1302 1525; x_wconf 89' lang='lat' dir='ltr'><strong>amen</strong></span> <span class='ocrx_word' id='word_1_93' title='bbox 1342 1470 1464 1525; x_wconf 89' lang='lat' dir='ltr'><strong>dico</strong></span> <span class='ocrx_word' id='word_1_94' title='bbox 1498 1470 1652 1524; x_wconf 80' lang='lat' dir='ltr'><strong>vobis</strong></span> <span class='ocrx_word' id='word_1_95' title='bbox 1682 1487 1695 1524; x_wconf 86' lang='lat'><strong>:</strong></span> <span class='ocrx_word' id='word_1_96' title='bbox 1734 1469 1826 1539; x_wconf 88' lang='lat' dir='ltr'><strong>qui</strong></span> <span class='ocrx_word' id='word_1_97' title='bbox 1857 1484 1966 1523; x_wconf 89' lang='lat' dir='ltr'><strong>non</strong></span> <span class='ocrx_word' id='word_1_98' title='bbox 1997 1468 2084 1523; x_wconf 91' lang='lat' dir='ltr'><strong>in-</strong></span> 
     </span>
    </p>
   </div>
   <div class='ocr_carea' id='block_1_16' title="bbox 510 1561 2071 1631">
    <p class='ocr_par' dir='ltr' id='par_1_16' title="bbox 510 1561 2071 1631">
     <span class='ocr_line' id='line_1_16' title="bbox 510 1561 2071 1631; baseline -0.001 -16"><span class='ocrx_word' id='word_1_99' title='bbox 510 1571 617 1615; x_wconf 83' lang='lat' dir='ltr'><strong>trat</strong></span> <span class='ocrx_word' id='word_1_100' title='bbox 640 1577 734 1631; x_wconf 92' lang='lat' dir='ltr'><strong>per</strong></span> <span class='ocrx_word' id='word_1_101' title='bbox 758 1563 954 1617; x_wconf 89' lang='lat' dir='ltr'><strong>ostium</strong></span> <span class='ocrx_word' id='word_1_102' title='bbox 975 1563 1025 1617; x_wconf 92' lang='lat' dir='ltr'><strong>in</strong></span> <span class='ocrx_word' id='word_1_103' title='bbox 1058 1563 1199 1618; x_wconf 81' lang='lat' dir='ltr'><strong>ovile</strong></span> <span class='ocrx_word' id='word_1_104' title='bbox 1219 1566 1424 1630; x_wconf 84' lang='lat' dir='ltr'><strong>ovium,</strong></span> <span class='ocrx_word' id='word_1_105' title='bbox 1443 1564 1536 1619; x_wconf 84' lang='lat' dir='ltr'><strong>sed</strong></span> <span class='ocrx_word' id='word_1_106' title='bbox 1563 1562 1805 1618; x_wconf 75' lang='lat' dir='ltr'><strong>ascendit</strong></span> <span class='ocrx_word' id='word_1_107' title='bbox 1838 1561 2071 1615; x_wconf 84' lang='lat' dir='ltr'><strong>aliunde.</strong></span> 
     </span>
    </p>
   </div>
   <div class='ocr_carea' id='block_1_17' title="bbox 507 1652 1176 1723">
    <p class='ocr_par' dir='ltr' id='par_1_17' title="bbox 507 1652 1176 1723">
     <span class='ocr_line' id='line_1_17' title="bbox 507 1652 1176 1723; baseline 0 -16"><span class='ocrx_word' id='word_1_108' title='bbox 507 1653 597 1709; x_wconf 89' lang='lat' dir='ltr'><strong>ille</strong></span> <span class='ocrx_word' id='word_1_109' title='bbox 624 1652 709 1708; x_wconf 81' lang='lat' dir='ltr'><strong>fur</strong></span> <span class='ocrx_word' id='word_1_110' title='bbox 740 1663 846 1723; x_wconf 88' lang='lat' dir='ltr'><strong>est,</strong></span> <span class='ocrx_word' id='word_1_111' title='bbox 873 1664 930 1711; x_wconf 90' lang='lat' dir='ltr'><strong>et</strong></span> <span class='ocrx_word' id='word_1_112' title='bbox 958 1654 1117 1713; x_wconf 87' lang='lat' dir='ltr'><strong>latro.</strong></span> <span class='ocrx_word' id='word_1_113' title='bbox 1156 1674 1176 1707; x_wconf 69' lang='grc' dir='ltr'>ι</span> 
     </span>
    </p>
   </div>
   <div class='ocr_carea' id='block_1_18' title="bbox 577 1863 2084 1936">
    <p class='ocr_par' dir='ltr' id='par_1_18' title="bbox 577 1863 2084 1936">
     <span class='ocr_line' id='line_1_18' title="bbox 577 1863 2084 1936; baseline 0.002 -18"><span class='ocrx_word' id='word_1_114' title='bbox 577 1863 692 1918; x_wconf 87' lang='lat' dir='ltr'><strong>Fur</strong></span> <span class='ocrx_word' id='word_1_115' title='bbox 714 1874 799 1920; x_wconf 88' lang='lat' dir='ltr'><strong>est</strong></span> <span class='ocrx_word' id='word_1_116' title='bbox 827 1865 919 1935; x_wconf 88' lang='lat' dir='ltr'><strong>qui</strong></span> <span class='ocrx_word' id='word_1_117' title='bbox 953 1865 1215 1920; x_wconf 85' lang='lat' dir='ltr'><strong>honorem</strong></span> <span class='ocrx_word' id='word_1_118' title='bbox 1244 1881 1350 1921; x_wconf 89' lang='lat' dir='ltr'><strong>non</strong></span> <span class='ocrx_word' id='word_1_119' title='bbox 1388 1865 1488 1936; x_wconf 86' lang='lat' dir='ltr'><strong>ipsi</strong></span> <span class='ocrx_word' id='word_1_120' title='bbox 1529 1864 1715 1921; x_wconf 85' lang='lat' dir='ltr'><strong>datum</strong></span> <span class='ocrx_word' id='word_1_121' title='bbox 1747 1865 1799 1920; x_wconf 91' lang='lat' dir='ltr'><strong>vi</strong></span> <span class='ocrx_word' id='word_1_122' title='bbox 1832 1864 2084 1935; x_wconf 80' lang='lat' dir='ltr'><strong>subripit,</strong></span> 
     </span>
    </p>
   </div>
   <div class='ocr_carea' id='block_1_19' title="bbox 507 1958 2087 2031">
    <p class='ocr_par' dir='ltr' id='par_1_19' title="bbox 507 1958 2087 2031">
     <span class='ocr_line' id='line_1_19' title="bbox 507 1958 2087 2031; baseline 0.001 -19"><span class='ocrx_word' id='word_1_123' title='bbox 507 1972 669 2028; x_wconf 81' lang='lat' dir='ltr'><strong>quem</strong></span> <span class='ocrx_word' id='word_1_124' title='bbox 707 1972 868 2014; x_wconf 89' lang='lat' dir='ltr'><strong>nemo</strong></span> <span class='ocrx_word' id='word_1_125' title='bbox 900 1967 1080 2030; x_wconf 85' lang='lat' dir='ltr'><strong>potest</strong></span> <span class='ocrx_word' id='word_1_126' title='bbox 1124 1959 1376 2031; x_wconf 85' lang='lat' dir='ltr'><strong>accipere</strong></span> <span class='ocrx_word' id='word_1_127' title='bbox 1404 1974 1512 2016; x_wconf 88' lang='lat' dir='ltr'><strong>non</strong></span> <span class='ocrx_word' id='word_1_128' title='bbox 1559 1962 1789 2016; x_wconf 85' lang='lat' dir='ltr'><strong>credens</strong></span> <span class='ocrx_word' id='word_1_129' title='bbox 1835 1960 1890 2015; x_wconf 89' lang='lat' dir='ltr'><strong>in</strong></span> <span class='ocrx_word' id='word_1_130' title='bbox 1924 1958 2087 2015; x_wconf 87' lang='lat' dir='ltr'><strong>Chri-</strong></span> 
     </span>
    </p>
   </div>
   <div class='ocr_carea' id='block_1_20' title="bbox 507 2059 675 2106">
    <p class='ocr_par' dir='ltr' id='par_1_20' title="bbox 507 2059 675 2106">
     <span class='ocr_line' id='line_1_20' title="bbox 507 2059 675 2106; baseline 0.012 -2"><span class='ocrx_word' id='word_1_131' title='bbox 507 2059 675 2106; x_wconf 82' lang='lat' dir='ltr'><strong>stum.</strong></span> 
     </span>
    </p>
   </div>
   <div class='ocr_carea' id='block_1_21' title="bbox 576 2167 2085 2239">
    <p class='ocr_par' dir='ltr' id='par_1_21' title="bbox 576 2167 2085 2239">
     <span class='ocr_line' id='line_1_21' title="bbox 576 2167 2085 2239; baseline 0 -16"><span class='ocrx_word' id='word_1_132' title='bbox 576 2167 689 2223; x_wconf 90' lang='lat' dir='ltr'><strong>Fur</strong></span> <span class='ocrx_word' id='word_1_133' title='bbox 744 2174 831 2222; x_wconf 85' lang='lat' dir='ltr'><strong>est</strong></span> <span class='ocrx_word' id='word_1_134' title='bbox 879 2167 970 2236; x_wconf 90' lang='lat' dir='ltr'><strong>qui</strong></span> <span class='ocrx_word' id='word_1_135' title='bbox 1011 2181 1118 2223; x_wconf 92' lang='lat' dir='ltr'><strong>non</strong></span> <span class='ocrx_word' id='word_1_136' title='bbox 1164 2168 1334 2223; x_wconf 85' lang='lat' dir='ltr'><strong>utitur</strong></span> <span class='ocrx_word' id='word_1_137' title='bbox 1380 2167 1620 2239; x_wconf 88' lang='lat' dir='ltr'><strong>legitima</strong></span> <span class='ocrx_word' id='word_1_138' title='bbox 1674 2168 2085 2239; x_wconf 82' lang='lat' dir='ltr'><strong>Scripturarum</strong></span> 
     </span>
    </p>
   </div>
   <div class='ocr_carea' id='block_1_22' title="bbox 509 2261 2088 2334">
    <p class='ocr_par' dir='ltr' id='par_1_22' title="bbox 509 2261 2088 2334">
     <span class='ocr_line' id='line_1_22' title="bbox 509 2261 2088 2334; baseline 0.002 -21"><span class='ocrx_word' id='word_1_139' title='bbox 509 2261 779 2329; x_wconf 84' lang='lat' dir='ltr'><strong>doctrina,</strong></span> <span class='ocrx_word' id='word_1_140' title='bbox 803 2262 898 2317; x_wconf 89' lang='lat' dir='ltr'><strong>sed</strong></span> <span class='ocrx_word' id='word_1_141' title='bbox 922 2261 1080 2316; x_wconf 80' lang='lat' dir='ltr'><strong>aliam</strong></span> <span class='ocrx_word' id='word_1_142' title='bbox 1111 2263 1423 2332; x_wconf 84' lang='lat' dir='ltr'><strong>quampiam</strong></span> <span class='ocrx_word' id='word_1_143' title='bbox 1454 2263 1786 2334; x_wconf 87' lang='lat' dir='ltr'><strong>illegitimam</strong></span> <span class='ocrx_word' id='word_1_144' title='bbox 1820 2263 2088 2333; x_wconf 87' lang='lat' dir='ltr'><strong>spuriam-</strong></span> 
     </span>
    </p>
   </div>
   <div class='ocr_carea' id='block_1_23' title="bbox 508 2353 2088 2422">
    <p class='ocr_par' dir='ltr' id='par_1_23' title="bbox 508 2353 2088 2422">
     <span class='ocr_line' id='line_1_23' title="bbox 508 2353 2088 2422; baseline -0.001 -15"><span class='ocrx_word' id='word_1_145' title='bbox 508 2368 616 2422; x_wconf 81' lang='lat' dir='ltr'><strong>que</strong></span> <span class='ocrx_word' id='word_1_146' title='bbox 661 2353 1027 2421; x_wconf 85' lang='lat' dir='ltr'><strong>amplectitur.</strong></span> <span class='ocrx_word' id='word_1_147' title='bbox 1069 2353 1277 2411; x_wconf 86' lang='lat' dir='ltr'><strong>Idcirco</strong></span> <span class='ocrx_word' id='word_1_148' title='bbox 1316 2355 1488 2422; x_wconf 87' lang='lat' dir='ltr'><strong>dicit,</strong></span> <span class='ocrx_word' id='word_1_149' title='bbox 1539 2355 1756 2409; x_wconf 81' lang='lat' dir='ltr'><strong>aliunde</strong></span> <span class='ocrx_word' id='word_1_150' title='bbox 1810 2356 1947 2408; x_wconf 78' lang='lat' dir='ltr'><strong>venit</strong></span> <span class='ocrx_word' id='word_1_151' title='bbox 1980 2394 1995 2421; x_wconf 94' lang='lat'><strong>,</strong></span> <span class='ocrx_word' id='word_1_152' title='bbox 2028 2362 2088 2407; x_wconf 93' lang='lat' dir='ltr'><strong>ut</strong></span> 
     </span>
    </p>
   </div>
   <div class='ocr_carea' id='block_1_24' title="bbox 511 2443 2084 2514">
    <p class='ocr_par' dir='ltr' id='par_1_24' title="bbox 511 2443 2084 2514">
     <span class='ocr_line' id='line_1_24' title="bbox 511 2443 2084 2514; baseline -0.003 -16"><span class='ocrx_word' id='word_1_153' title='bbox 511 2444 736 2498; x_wconf 82' lang='lat' dir='ltr'><strong>Scribas</strong></span> <span class='ocrx_word' id='word_1_154' title='bbox 756 2454 925 2510; x_wconf 85' lang='lat' dir='ltr'><strong>notet,</strong></span> <span class='ocrx_word' id='word_1_155' title='bbox 948 2444 1042 2513; x_wconf 85' lang='lat' dir='ltr'><strong>qui</strong></span> <span class='ocrx_word' id='word_1_156' title='bbox 1064 2444 1327 2499; x_wconf 87' lang='lat' dir='ltr'><strong>docebant</strong></span> <span class='ocrx_word' id='word_1_157' title='bbox 1356 2444 1749 2514; x_wconf 62' lang='lat' dir='ltr'><strong>prazceptiones</strong></span> <span class='ocrx_word' id='word_1_158' title='bbox 1772 2443 2084 2508; x_wconf 85' lang='lat' dir='ltr'><strong>hominum,</strong></span> 
     </span>
    </p>
   </div>
   <div class='ocr_carea' id='block_1_25' title="bbox 508 2536 1418 2610">
    <p class='ocr_par' dir='ltr' id='par_1_25' title="bbox 508 2536 1418 2610">
     <span class='ocr_line' id='line_1_25' title="bbox 508 2536 1418 2610; baseline 0.005 -20"><span class='ocrx_word' id='word_1_159' title='bbox 508 2546 562 2591; x_wconf 81' lang='lat' dir='ltr'><strong>et</strong></span> <span class='ocrx_word' id='word_1_160' title='bbox 596 2536 768 2607; x_wconf 86' lang='lat' dir='ltr'><strong>ipsam</strong></span> <span class='ocrx_word' id='word_1_161' title='bbox 793 2537 965 2610; x_wconf 86' lang='lat' dir='ltr'><strong>legem</strong></span> <span class='ocrx_word' id='word_1_162' title='bbox 993 2537 1289 2594; x_wconf 84' lang='lat' dir='ltr'><strong>violabant.</strong></span> <span class='ocrx_word' id='word_1_163' title='bbox 1404 2571 1418 2595; x_wconf 68' lang='grc' dir='ltr'>ι</span> 
     </span>
    </p>
   </div>
   <div class='ocr_carea' id='block_1_26' title="bbox 579 2733 2084 2806">
    <p class='ocr_par' dir='ltr' id='par_1_26' title="bbox 579 2733 2084 2806">
     <span class='ocr_line' id='line_1_26' title="bbox 579 2733 2084 2806; baseline 0.002 -18"><span class='ocrx_word' id='word_1_164' title='bbox 579 2733 743 2789; x_wconf 70' lang='lat' dir='ltr'><strong>Vsus.</strong></span> <span class='ocrx_word' id='word_1_165' title='bbox 783 2736 836 2791; x_wconf 81' lang='lat'><strong>3.</strong></span> <span class='ocrx_word' id='word_1_166' title='bbox 886 2754 906 2789; x_wconf 80' lang='grc' dir='ltr'><strong>ι</strong></span> <span class='ocrx_word' id='word_1_167' title='bbox 952 2735 1087 2792; x_wconf 83' lang='lat' dir='ltr'><strong>Huic</strong></span> <span class='ocrx_word' id='word_1_168' title='bbox 1111 2736 1369 2793; x_wconf 88' lang='lat' dir='ltr'><strong>ostiarius</strong></span> <span class='ocrx_word' id='word_1_169' title='bbox 1395 2736 1569 2806; x_wconf 83' lang='lat' dir='ltr'><strong>aperit</strong></span> <span class='ocrx_word' id='word_1_170' title='bbox 1593 2776 1609 2800; x_wconf 91' lang='lat'><strong>,</strong></span> <span class='ocrx_word' id='word_1_171' title='bbox 1644 2745 1702 2792; x_wconf 90' lang='lat' dir='ltr'><strong>et</strong></span> <span class='ocrx_word' id='word_1_172' title='bbox 1729 2751 1861 2793; x_wconf 83' lang='lat' dir='ltr'><strong>ores</strong></span> <span class='ocrx_word' id='word_1_173' title='bbox 1894 2751 2084 2792; x_wconf 87' lang='lat' dir='ltr'><strong>vocem</strong></span> 
     </span>
    </p>
   </div>
   <div class='ocr_carea' id='block_1_27' title="bbox 511 2826 2089 2912">
    <p class='ocr_par' dir='ltr' id='par_1_27' title="bbox 511 2826 2089 2912">
     <span class='ocr_line' id='line_1_27' title="bbox 511 2826 2089 2912; baseline 0.003 -32"><span class='ocrx_word' id='word_1_174' title='bbox 511 2826 629 2897; x_wconf 81' lang='lat' dir='ltr'><strong>ejus</strong></span> <span class='ocrx_word' id='word_1_175' title='bbox 658 2827 906 2893; x_wconf 90' lang='lat' dir='ltr'><strong>audiunt,</strong></span> <span class='ocrx_word' id='word_1_176' title='bbox 941 2840 997 2884; x_wconf 88' lang='lat' dir='ltr'><strong>et</strong></span> <span class='ocrx_word' id='word_1_177' title='bbox 1021 2829 1433 2912; x_wconf 26' lang='lat' dir='ltr'><strong>proprias&#39;oves</strong></span> <span class='ocrx_word' id='word_1_178' title='bbox 1460 2836 1620 2885; x_wconf 90' lang='lat' dir='ltr'><strong>vocat</strong></span> <span class='ocrx_word' id='word_1_179' title='bbox 1649 2829 1995 2893; x_wconf 86' lang='lat' dir='ltr'><strong>nominatim,</strong></span> <span class='ocrx_word' id='word_1_180' title='bbox 2035 2836 2089 2884; x_wconf 91' lang='lat' dir='ltr'><strong>et</strong></span> 
     </span>
    </p>
   </div>
   <div class='ocr_carea' id='block_1_28' title="bbox 510 2919 887 2974">
    <p class='ocr_par' dir='ltr' id='par_1_28' title="bbox 510 2919 887 2974">
     <span class='ocr_line' id='line_1_28' title="bbox 510 2919 887 2974; baseline -0.003 -2"><span class='ocrx_word' id='word_1_181' title='bbox 510 2919 692 2974; x_wconf 83' lang='lat' dir='ltr'><strong>educit</strong></span> <span class='ocrx_word' id='word_1_182' title='bbox 719 2933 834 2973; x_wconf 87' lang='lat' dir='ltr'><strong>eas.</strong></span> <span class='ocrx_word' id='word_1_183' title='bbox 865 2937 887 2971; x_wconf 70' lang='grc' dir='ltr'>ι</span> 
     </span>
    </p>
   </div>
   <div class='ocr_carea' id='block_1_29' title="bbox 582 3028 2083 3100">
    <p class='ocr_par' dir='ltr' id='par_1_29' title="bbox 582 3028 2083 3100">
     <span class='ocr_line' id='line_1_29' title="bbox 582 3028 2083 3100; baseline 0.004 -19"><span class='ocrx_word' id='word_1_184' title='bbox 582 3028 816 3095; x_wconf 85' lang='lat' dir='ltr'><strong>Quando</strong></span> <span class='ocrx_word' id='word_1_185' title='bbox 839 3030 1024 3085; x_wconf 83' lang='lat' dir='ltr'><strong>ﬁdeles</strong></span> <span class='ocrx_word' id='word_1_186' title='bbox 1052 3046 1081 3085; x_wconf 88' lang='lat' dir='ltr'><strong>a</strong></span> <span class='ocrx_word' id='word_1_187' title='bbox 1111 3032 1296 3100; x_wconf 87' lang='lat' dir='ltr'><strong>probis</strong></span> <span class='ocrx_word' id='word_1_188' title='bbox 1322 3032 1639 3088; x_wconf 90' lang='lat' dir='ltr'><strong>doctoribus</strong></span> <span class='ocrx_word' id='word_1_189' title='bbox 1668 3032 1907 3088; x_wconf 87' lang='lat' dir='ltr'><strong>divinam</strong></span> <span class='ocrx_word' id='word_1_190' title='bbox 1947 3033 2083 3088; x_wconf 79' lang='lat' dir='ltr'><strong>hau-</strong></span> 
     </span>
    </p>
   </div>
   <div class='ocr_carea' id='block_1_30' title="bbox 510 3114 2084 3193">
    <p class='ocr_par' dir='ltr' id='par_1_30' title="bbox 510 3114 2084 3193">
     <span class='ocr_line' id='line_1_30' title="bbox 510 3114 2084 3193; baseline 0.002 -17"><span class='ocrx_word' id='word_1_191' title='bbox 510 3114 664 3176; x_wconf 79' lang='lat' dir='ltr'><strong>riunt</strong></span> <span class='ocrx_word' id='word_1_192' title='bbox 694 3121 1082 3187; x_wconf 84' lang='lat' dir='ltr'><strong>eruditionem,</strong></span> <span class='ocrx_word' id='word_1_193' title='bbox 1114 3124 1266 3191; x_wconf 85' lang='lat' dir='ltr'><strong>quasi</strong></span> <span class='ocrx_word' id='word_1_194' title='bbox 1302 3124 1481 3178; x_wconf 90' lang='lat' dir='ltr'><strong>cibum</strong></span> <span class='ocrx_word' id='word_1_195' title='bbox 1522 3126 1810 3193; x_wconf 88' lang='lat' dir='ltr'><strong>quemdam</strong></span> <span class='ocrx_word' id='word_1_196' title='bbox 1844 3126 2084 3193; x_wconf 89' lang='lat' dir='ltr'><strong>capiunt.</strong></span> 
     </span>
    </p>
   </div>
   <div class='ocr_carea' id='block_1_31' title="bbox 514 3211 2085 3282">
    <p class='ocr_par' dir='ltr' id='par_1_31' title="bbox 514 3211 2085 3282">
     <span class='ocr_line' id='line_1_31' title="bbox 514 3211 2085 3282; baseline 0.002 -17"><span class='ocrx_word' id='word_1_197' title='bbox 514 3213 615 3280; x_wconf 83' lang='lat' dir='ltr'><strong>Qui</strong></span> <span class='ocrx_word' id='word_1_198' title='bbox 654 3227 784 3267; x_wconf 89' lang='lat' dir='ltr'><strong>vero</strong></span> <span class='ocrx_word' id='word_1_199' title='bbox 812 3211 1086 3267; x_wconf 86' lang='lat' dir='ltr'><strong>Christum</strong></span> <span class='ocrx_word' id='word_1_200' title='bbox 1129 3213 1482 3282; x_wconf 87' lang='lat' dir='ltr'><strong>impostorem</strong></span> <span class='ocrx_word' id='word_1_201' title='bbox 1532 3223 1756 3281; x_wconf 89' lang='lat' dir='ltr'><strong>vocant,</strong></span> <span class='ocrx_word' id='word_1_202' title='bbox 1797 3214 1868 3270; x_wconf 89' lang='lat' dir='ltr'><strong>ab</strong></span> <span class='ocrx_word' id='word_1_203' title='bbox 1901 3216 2085 3270; x_wconf 90' lang='lat' dir='ltr'><strong>ovium</strong></span> 
     </span>
    </p>
   </div>
   <div class='ocr_carea' id='block_1_32' title="bbox 511 3313 1457 3376">
    <p class='ocr_par' dir='ltr' id='par_1_32' title="bbox 511 3313 1457 3376">
     <span class='ocr_line' id='line_1_32' title="bbox 511 3313 1457 3376; baseline 0.002 -17"><span class='ocrx_word' id='word_1_204' title='bbox 511 3321 675 3376; x_wconf 85' lang='lat' dir='ltr'><strong>grege</strong></span> <span class='ocrx_word' id='word_1_205' title='bbox 708 3313 1060 3376; x_wconf 80' lang='lat' dir='ltr'><strong>segregantur</strong></span> <span class='ocrx_word' id='word_1_206' title='bbox 1093 3314 1147 3362; x_wconf 88' lang='lat' dir='ltr'><strong>et</strong></span> <span class='ocrx_word' id='word_1_207' title='bbox 1180 3315 1457 3361; x_wconf 82' lang='lat' dir='ltr'><strong>arcentur.</strong></span> 
     </span>
    </p>
   </div>
   <div class='ocr_carea' id='block_1_33' title="bbox 583 3419 2095 3491">
    <p class='ocr_par' dir='ltr' id='par_1_33' title="bbox 583 3419 2095 3491">
     <span class='ocr_line' id='line_1_33' title="bbox 583 3419 2095 3491; baseline 0.003 -17"><span class='ocrx_word' id='word_1_208' title='bbox 583 3419 818 3478; x_wconf 61' lang='lat' dir='ltr'><strong>VensJ.</strong></span> <span class='ocrx_word' id='word_1_209' title='bbox 848 3438 867 3472; x_wconf 82' lang='grc' dir='ltr'>ι</span> <span class='ocrx_word' id='word_1_210' title='bbox 898 3420 964 3475; x_wconf 85' lang='grc' dir='ltr'><strong>Ει</strong></span> <span class='ocrx_word' id='word_1_211' title='bbox 987 3436 1108 3475; x_wconf 91' lang='lat' dir='ltr'><strong>cum</strong></span> <span class='ocrx_word' id='word_1_212' title='bbox 1135 3420 1382 3491; x_wconf 77' lang='lat' dir='ltr'><strong>proprias</strong></span> <span class='ocrx_word' id='word_1_213' title='bbox 1405 3436 1533 3478; x_wconf 88' lang='lat' dir='ltr'><strong>oves</strong></span> <span class='ocrx_word' id='word_1_214' title='bbox 1558 3420 1822 3486; x_wconf 85' lang='lat' dir='ltr'><strong>emiserit,</strong></span> <span class='ocrx_word' id='word_1_215' title='bbox 1852 3432 1978 3477; x_wconf 91' lang='lat' dir='ltr'><strong>ante</strong></span> <span class='ocrx_word' id='word_1_216' title='bbox 1996 3436 2095 3478; x_wconf 85' lang='lat' dir='ltr'><strong>eas</strong></span> 
     </span>
    </p>
   </div>
   <div class='ocr_carea' id='block_1_34' title="bbox 509 3511 2088 3583">
    <p class='ocr_par' dir='ltr' id='par_1_34' title="bbox 509 3511 2088 3583">
     <span class='ocr_line' id='line_1_34' title="bbox 509 3511 2088 3583; baseline 0.003 -18"><span class='ocrx_word' id='word_1_217' title='bbox 509 3512 661 3566; x_wconf 80' lang='lat' dir='ltr'><strong>vadit</strong></span> <span class='ocrx_word' id='word_1_218' title='bbox 705 3526 721 3566; x_wconf 86' lang='lat'><strong>:</strong></span> <span class='ocrx_word' id='word_1_219' title='bbox 759 3518 815 3566; x_wconf 88' lang='lat' dir='ltr'><strong>et</strong></span> <span class='ocrx_word' id='word_1_220' title='bbox 843 3526 974 3566; x_wconf 87' lang='lat' dir='ltr'><strong>oves</strong></span> <span class='ocrx_word' id='word_1_221' title='bbox 1002 3511 1153 3567; x_wconf 89' lang='lat' dir='ltr'><strong>illum</strong></span> <span class='ocrx_word' id='word_1_222' title='bbox 1184 3522 1509 3582; x_wconf 86' lang='lat' dir='ltr'><strong>sequuntur,</strong></span> <span class='ocrx_word' id='word_1_223' title='bbox 1536 3512 1664 3583; x_wconf 88' lang='lat' dir='ltr'><strong>quia</strong></span> <span class='ocrx_word' id='word_1_224' title='bbox 1697 3513 1876 3569; x_wconf 88' lang='lat' dir='ltr'><strong>sciunt</strong></span> <span class='ocrx_word' id='word_1_225' title='bbox 1901 3528 2088 3569; x_wconf 91' lang='lat' dir='ltr'><strong>vocem</strong></span> 
     </span>
    </p>
   </div>
   <div class='ocr_carea' id='block_1_35' title="bbox 512 3605 710 3677">
    <p class='ocr_par' dir='ltr' id='par_1_35' title="bbox 512 3605 710 3677">
     <span class='ocr_line' id='line_1_35' title="bbox 512 3605 710 3677; baseline -0.01 -17"><span class='ocrx_word' id='word_1_226' title='bbox 512 3605 648 3677; x_wconf 84' lang='lat' dir='ltr'><strong>ejus.</strong></span> <span class='ocrx_word' id='word_1_227' title='bbox 690 3624 710 3658; x_wconf 70' lang='grc' dir='ltr'>ι</span> 
     </span>
    </p>
   </div>
   <div class='ocr_carea' id='block_1_36' title="bbox 582 3714 2091 3788">
    <p class='ocr_par' dir='ltr' id='par_1_36' title="bbox 582 3714 2091 3788">
     <span class='ocr_line' id='line_1_36' title="bbox 582 3714 2091 3788; baseline 0.001 -17"><span class='ocrx_word' id='word_1_228' title='bbox 582 3715 716 3771; x_wconf 89' lang='lat' dir='ltr'><strong>Cum</strong></span> <span class='ocrx_word' id='word_1_229' title='bbox 771 3717 954 3772; x_wconf 67' lang='lat' dir='ltr'><strong>caeteri</strong></span> <span class='ocrx_word' id='word_1_230' title='bbox 1007 3726 1256 3788; x_wconf 87' lang='lat' dir='ltr'><strong>pastores</strong></span> <span class='ocrx_word' id='word_1_231' title='bbox 1299 3725 1421 3787; x_wconf 84' lang='lat' dir='ltr'><strong>post</strong></span> <span class='ocrx_word' id='word_1_232' title='bbox 1469 3730 1600 3774; x_wconf 88' lang='lat' dir='ltr'><strong>oves</strong></span> <span class='ocrx_word' id='word_1_233' title='bbox 1648 3730 1777 3772; x_wconf 87' lang='lat' dir='ltr'><strong>suas</strong></span> <span class='ocrx_word' id='word_1_234' title='bbox 1812 3714 2091 3773; x_wconf 86' lang='lat' dir='ltr'><strong>ambulare</strong></span> 
     </span>
    </p>
   </div>
   <div class='ocr_carea' id='block_1_37' title="bbox 513 3809 2087 3876">
    <p class='ocr_par' dir='ltr' id='par_1_37' title="bbox 513 3809 2087 3876">
     <span class='ocr_line' id='line_1_37' title="bbox 513 3809 2087 3876; baseline -0.001 -10"><span class='ocrx_word' id='word_1_235' title='bbox 513 3810 745 3874; x_wconf 86' lang='lat' dir='ltr'><strong>soleant,</strong></span> <span class='ocrx_word' id='word_1_236' title='bbox 780 3810 1029 3867; x_wconf 86' lang='lat' dir='ltr'><strong>Christus</strong></span> <span class='ocrx_word' id='word_1_237' title='bbox 1057 3820 1181 3866; x_wconf 91' lang='lat' dir='ltr'><strong>ante</strong></span> <span class='ocrx_word' id='word_1_238' title='bbox 1202 3825 1334 3867; x_wconf 88' lang='lat' dir='ltr'><strong>oves</strong></span> <span class='ocrx_word' id='word_1_239' title='bbox 1370 3825 1498 3867; x_wconf 86' lang='lat' dir='ltr'><strong>suas</strong></span> <span class='ocrx_word' id='word_1_240' title='bbox 1526 3811 1694 3875; x_wconf 83' lang='lat' dir='ltr'><strong>vadit,</strong></span> <span class='ocrx_word' id='word_1_241' title='bbox 1724 3819 1783 3865; x_wconf 91' lang='lat' dir='ltr'><strong>ut</strong></span> <span class='ocrx_word' id='word_1_242' title='bbox 1813 3809 2087 3876; x_wconf 84' lang='lat' dir='ltr'><strong>ostendat,</strong></span> 
     </span>
    </p>
   </div>
   <div class='ocr_carea' id='block_1_38' title="bbox 511 3903 1879 3975">
    <p class='ocr_par' dir='ltr' id='par_1_38' title="bbox 511 3903 1879 3975">
     <span class='ocr_line' id='line_1_38' title="bbox 511 3903 1879 3975; baseline 0 -16"><span class='ocrx_word' id='word_1_243' title='bbox 511 3918 573 3959; x_wconf 88' lang='lat' dir='ltr'><strong>se</strong></span> <span class='ocrx_word' id='word_1_244' title='bbox 609 3903 862 3962; x_wconf 86' lang='lat' dir='ltr'><strong>omnibus</strong></span> <span class='ocrx_word' id='word_1_245' title='bbox 887 3906 954 3961; x_wconf 90' lang='lat' dir='ltr'><strong>ad</strong></span> <span class='ocrx_word' id='word_1_246' title='bbox 988 3905 1271 3961; x_wconf 82' lang='lat' dir='ltr'><strong>veritatem</strong></span> <span class='ocrx_word' id='word_1_247' title='bbox 1309 3904 1566 3961; x_wconf 87' lang='lat' dir='ltr'><strong>ducatum</strong></span> <span class='ocrx_word' id='word_1_248' title='bbox 1596 3911 1879 3975; x_wconf 72' lang='lat' dir='ltr'><strong>praestare.</strong></span> 
     </span>
    </p>
   </div>
   <div class='ocr_carea' id='block_1_39' title="bbox 584 4102 2091 4174">
    <p class='ocr_par' dir='ltr' id='par_1_39' title="bbox 584 4102 2091 4174">
     <span class='ocr_line' id='line_1_39' title="bbox 584 4102 2091 4174; baseline 0.002 -17"><span class='ocrx_word' id='word_1_249' title='bbox 584 4102 751 4158; x_wconf 71' lang='lat' dir='ltr'><strong>Vsus.</strong></span> <span class='ocrx_word' id='word_1_250' title='bbox 787 4103 841 4159; x_wconf 86' lang='lat'><em>6.</em></span> <span class='ocrx_word' id='word_1_251' title='bbox 880 4120 899 4154; x_wconf 82' lang='grc' dir='ltr'><strong>ι</strong></span> <span class='ocrx_word' id='word_1_252' title='bbox 956 4102 1070 4159; x_wconf 80' lang='lat' dir='ltr'><strong>Hoc</strong></span> <span class='ocrx_word' id='word_1_253' title='bbox 1103 4104 1450 4174; x_wconf 84' lang='lat' dir='ltr'><strong>proverbium</strong></span> <span class='ocrx_word' id='word_1_254' title='bbox 1482 4104 1621 4160; x_wconf 70' lang='lat' dir='ltr'><strong>dixit</strong></span> <span class='ocrx_word' id='word_1_255' title='bbox 1670 4104 1754 4160; x_wconf 85' lang='lat' dir='ltr'><strong>eis</strong></span> <span class='ocrx_word' id='word_1_256' title='bbox 1791 4102 1973 4160; x_wconf 85' lang='lat' dir='ltr'><strong>Jesus.</strong></span> <span class='ocrx_word' id='word_1_257' title='bbox 2012 4103 2091 4160; x_wconf 86' lang='lat' dir='ltr'><strong>illi</strong></span> 
     </span>
    </p>
   </div>
   <div class='ocr_carea' id='block_1_40' title="bbox 513 4196 1945 4266">
    <p class='ocr_par' dir='ltr' id='par_1_40' title="bbox 513 4196 1945 4266">
     <span class='ocr_line' id='line_1_40' title="bbox 513 4196 1945 4266; baseline -0.001 -17"><span class='ocrx_word' id='word_1_258' title='bbox 513 4204 690 4249; x_wconf 91' lang='lat' dir='ltr'><strong>autem</strong></span> <span class='ocrx_word' id='word_1_259' title='bbox 731 4209 836 4247; x_wconf 91' lang='lat' dir='ltr'><strong>non</strong></span> <span class='ocrx_word' id='word_1_260' title='bbox 869 4204 1239 4263; x_wconf 77' lang='lat' dir='ltr'><strong>cognoverunt</strong></span> <span class='ocrx_word' id='word_1_261' title='bbox 1271 4196 1396 4266; x_wconf 91' lang='lat' dir='ltr'><strong>quid</strong></span> <span class='ocrx_word' id='word_1_262' title='bbox 1429 4196 1743 4266; x_wconf 87' lang='lat' dir='ltr'><strong>loqueretur</strong></span> <span class='ocrx_word' id='word_1_263' title='bbox 1777 4197 1878 4251; x_wconf 87' lang='lat' dir='ltr'><strong>eis.</strong></span> <span class='ocrx_word' id='word_1_264' title='bbox 1924 4214 1945 4248; x_wconf 73' lang='grc' dir='ltr'>ι</span> 
     </span>
    </p>
   </div>
   <div class='ocr_carea' id='block_1_41' title="bbox 583 4285 2167 4381">
    <p class='ocr_par' dir='ltr' id='par_1_41' title="bbox 583 4285 2167 4381">
     <span class='ocr_line' id='line_1_41' title="bbox 583 4285 2167 4381; baseline -0.001 -42"><span class='ocrx_word' id='word_1_265' title='bbox 583 4285 746 4350; x_wconf 81' lang='lat' dir='ltr'><strong>Deus,</strong></span> <span class='ocrx_word' id='word_1_266' title='bbox 774 4299 895 4339; x_wconf 90' lang='lat' dir='ltr'><strong>cum</strong></span> <span class='ocrx_word' id='word_1_267' title='bbox 929 4285 1047 4342; x_wconf 88' lang='lat' dir='ltr'><strong>illos</strong></span> <span class='ocrx_word' id='word_1_268' title='bbox 1081 4288 1246 4341; x_wconf 89' lang='lat' dir='ltr'><strong>sciret</strong></span> <span class='ocrx_word' id='word_1_269' title='bbox 1280 4302 1385 4341; x_wconf 89' lang='lat' dir='ltr'><strong>non</strong></span> <span class='ocrx_word' id='word_1_270' title='bbox 1421 4286 1720 4357; x_wconf 79' lang='lat' dir='ltr'><strong>intelligere</strong></span> <span class='ocrx_word' id='word_1_271' title='bbox 1750 4299 2084 4349; x_wconf 89' lang='lat' dir='ltr'><strong>sermonem,</strong></span> <span class='ocrx_word' id='word_1_272' title='bbox 2120 4321 2167 4381; x_wconf 70' lang='grc' dir='ltr'><strong>υ</strong></span> 
     </span>
    </p>
   </div>
   <div class='ocr_carea' id='block_1_42' title="bbox 511 4371 2090 4444">
    <p class='ocr_par' dir='ltr' id='par_1_42' title="bbox 511 4371 2090 4444">
     <span class='ocr_line' id='line_1_42' title="bbox 511 4371 2090 4444; baseline -0.001 -17"><span class='ocrx_word' id='word_1_273' title='bbox 511 4374 760 4427; x_wconf 90' lang='lat' dir='ltr'><strong>eumdem</strong></span> <span class='ocrx_word' id='word_1_274' title='bbox 797 4373 902 4428; x_wconf 90' lang='lat' dir='ltr'><strong>illis</strong></span> <span class='ocrx_word' id='word_1_275' title='bbox 937 4376 1005 4429; x_wconf 88' lang='lat' dir='ltr'><strong>ab</strong></span> <span class='ocrx_word' id='word_1_276' title='bbox 1044 4374 1269 4430; x_wconf 80' lang='lat' dir='ltr'><strong>exordio</strong></span> <span class='ocrx_word' id='word_1_277' title='bbox 1319 4373 1572 4444; x_wconf 79' lang='lat' dir='ltr'><strong>explicat,</strong></span> <span class='ocrx_word' id='word_1_278' title='bbox 1607 4382 1666 4426; x_wconf 88' lang='lat' dir='ltr'><strong>ut</strong></span> <span class='ocrx_word' id='word_1_279' title='bbox 1692 4371 1781 4427; x_wconf 85' lang='lat' dir='ltr'><strong>vel</strong></span> <span class='ocrx_word' id='word_1_280' title='bbox 1823 4372 1903 4439; x_wconf 82' lang='lat' dir='ltr'><strong>sic</strong></span> <span class='ocrx_word' id='word_1_281' title='bbox 1927 4386 1994 4426; x_wconf 82' lang='lat' dir='ltr'><strong>ex</strong></span> <span class='ocrx_word' id='word_1_282' title='bbox 2024 4383 2090 4425; x_wconf 88' lang='lat' dir='ltr'><strong>eo</strong></span> 
     </span>
    </p>
   </div>
   <div class='ocr_carea' id='block_1_43' title="bbox 510 4464 1000 4520">
    <p class='ocr_par' dir='ltr' id='par_1_43' title="bbox 510 4464 1000 4520">
     <span class='ocr_line' id='line_1_43' title="bbox 510 4464 1000 4520; baseline -0.004 -1"><span class='ocrx_word' id='word_1_283' title='bbox 510 4464 747 4520; x_wconf 76' lang='lat' dir='ltr'><strong>fructum</strong></span> <span class='ocrx_word' id='word_1_284' title='bbox 778 4464 1000 4519; x_wconf 80' lang='lat' dir='ltr'><strong>faciant.</strong></span> 
     </span>
    </p>
   </div>
   <div class='ocr_carea' id='block_1_44' title="bbox 581 4574 2085 4649">
    <p class='ocr_par' dir='ltr' id='par_1_44' title="bbox 581 4574 2085 4649">
     <span class='ocr_line' id='line_1_44' title="bbox 581 4574 2085 4649; baseline -0.002 -17"><span class='ocrx_word' id='word_1_285' title='bbox 581 4576 747 4634; x_wconf 75' lang='lat' dir='ltr'><strong>Vens.</strong></span> <span class='ocrx_word' id='word_1_286' title='bbox 781 4576 832 4630; x_wconf 90' lang='lat'><strong>7.</strong></span> <span class='ocrx_word' id='word_1_287' title='bbox 880 4596 900 4630; x_wconf 78' lang='grc' dir='ltr'>ι</span> <span class='ocrx_word' id='word_1_288' title='bbox 936 4577 1083 4632; x_wconf 80' lang='lat' dir='ltr'><strong>Dixit</strong></span> <span class='ocrx_word' id='word_1_289' title='bbox 1116 4592 1249 4649; x_wconf 90' lang='lat' dir='ltr'><strong>ergo</strong></span> <span class='ocrx_word' id='word_1_290' title='bbox 1283 4577 1364 4632; x_wconf 89' lang='lat' dir='ltr'><strong>eis</strong></span> <span class='ocrx_word' id='word_1_291' title='bbox 1405 4576 1624 4640; x_wconf 87' lang='lat' dir='ltr'><strong>iterum,</strong></span> <span class='ocrx_word' id='word_1_292' title='bbox 1653 4574 1810 4630; x_wconf 76' lang='lat' dir='ltr'><strong>Jesus</strong></span> <span class='ocrx_word' id='word_1_293' title='bbox 1846 4576 2085 4641; x_wconf 79' lang='lat' dir='ltr'><strong>:Amen,</strong></span> 
     </span>
    </p>
   </div>
   <div class='ocr_carea' id='block_1_45' title="bbox 511 4667 1976 4740">
    <p class='ocr_par' dir='ltr' id='par_1_45' title="bbox 511 4667 1976 4740">
     <span class='ocr_line' id='line_1_45' title="bbox 511 4667 1976 4740; baseline -0.003 -16"><span class='ocrx_word' id='word_1_294' title='bbox 511 4684 666 4726; x_wconf 86' lang='lat' dir='ltr'><strong>amen</strong></span> <span class='ocrx_word' id='word_1_295' title='bbox 692 4668 817 4725; x_wconf 89' lang='lat' dir='ltr'><strong>dico</strong></span> <span class='ocrx_word' id='word_1_296' title='bbox 843 4669 1015 4736; x_wconf 81' lang='lat' dir='ltr'><strong>vobis,</strong></span> <span class='ocrx_word' id='word_1_297' title='bbox 1047 4670 1173 4740; x_wconf 86' lang='lat' dir='ltr'><strong>quia</strong></span> <span class='ocrx_word' id='word_1_298' title='bbox 1199 4684 1302 4740; x_wconf 88' lang='lat' dir='ltr'><strong>ego</strong></span> <span class='ocrx_word' id='word_1_299' title='bbox 1329 4683 1449 4724; x_wconf 89' lang='lat' dir='ltr'><strong>sum</strong></span> <span class='ocrx_word' id='word_1_300' title='bbox 1484 4668 1684 4724; x_wconf 89' lang='lat' dir='ltr'><strong>ostium</strong></span> <span class='ocrx_word' id='word_1_301' title='bbox 1709 4667 1915 4722; x_wconf 89' lang='lat' dir='ltr'><strong>ovium.</strong></span> <span class='ocrx_word' id='word_1_302' title='bbox 1954 4685 1976 4720; x_wconf 77' lang='grc' dir='ltr'>ι</span> 
     </span>
    </p>
   </div>
   <div class='ocr_carea' id='block_1_46' title="bbox 589 4869 2093 4943">
    <p class='ocr_par' dir='ltr' id='par_1_46' title="bbox 589 4869 2093 4943">
     <span class='ocr_line' id='line_1_46' title="bbox 589 4869 2093 4943; baseline -0.003 -14"><span class='ocrx_word' id='word_1_303' title='bbox 589 4873 800 4929; x_wconf 88' lang='lat' dir='ltr'><strong>Ostium</strong></span> <span class='ocrx_word' id='word_1_304' title='bbox 830 4884 916 4930; x_wconf 91' lang='lat' dir='ltr'><strong>est</strong></span> <span class='ocrx_word' id='word_1_305' title='bbox 942 4872 1193 4930; x_wconf 80' lang='lat' dir='ltr'><strong>Christus</strong></span> <span class='ocrx_word' id='word_1_306' title='bbox 1214 4914 1229 4939; x_wconf 92' lang='lat'><strong>,</strong></span> <span class='ocrx_word' id='word_1_307' title='bbox 1260 4883 1318 4928; x_wconf 88' lang='lat' dir='ltr'><strong>ut</strong></span> <span class='ocrx_word' id='word_1_308' title='bbox 1345 4874 1435 4943; x_wconf 92' lang='lat' dir='ltr'><strong>qui</strong></span> <span class='ocrx_word' id='word_1_309' title='bbox 1478 4888 1606 4929; x_wconf 86' lang='lat' dir='ltr'><strong>oves</strong></span> <span class='ocrx_word' id='word_1_310' title='bbox 1639 4871 1901 4936; x_wconf 86' lang='lat' dir='ltr'><strong>includat,</strong></span> <span class='ocrx_word' id='word_1_311' title='bbox 1944 4869 2093 4925; x_wconf 81' lang='lat' dir='ltr'><strong>fures</strong></span> 
     </span>
    </p>
   </div>
   <div class='ocr_carea' id='block_1_47' title="bbox 519 4963 2089 5034">
    <p class='ocr_par' dir='ltr' id='par_1_47' title="bbox 519 4963 2089 5034">
     <span class='ocr_line' id='line_1_47' title="bbox 519 4963 2089 5034; baseline -0.006 -10"><span class='ocrx_word' id='word_1_312' title='bbox 519 4977 699 5025; x_wconf 87' lang='lat' dir='ltr'><strong>autem</strong></span> <span class='ocrx_word' id='word_1_313' title='bbox 732 4974 917 5021; x_wconf 88' lang='lat' dir='ltr'><strong>arceat</strong></span> <span class='ocrx_word' id='word_1_314' title='bbox 950 4974 1005 5019; x_wconf 86' lang='lat' dir='ltr'><strong>et</strong></span> <span class='ocrx_word' id='word_1_315' title='bbox 1028 4976 1220 5034; x_wconf 85' lang='lat' dir='ltr'><strong>arguat</strong></span> <span class='ocrx_word' id='word_1_316' title='bbox 1262 4983 1277 5019; x_wconf 86' lang='lat'><strong>:</strong></span> <span class='ocrx_word' id='word_1_317' title='bbox 1314 4966 1395 5019; x_wconf 89' lang='lat' dir='ltr'><strong>vel</strong></span> <span class='ocrx_word' id='word_1_318' title='bbox 1429 4965 1571 5033; x_wconf 86' lang='lat' dir='ltr'><strong>quod</strong></span> <span class='ocrx_word' id='word_1_319' title='bbox 1601 4979 1700 5033; x_wconf 90' lang='lat' dir='ltr'><strong>per</strong></span> <span class='ocrx_word' id='word_1_320' title='bbox 1726 4963 1895 5016; x_wconf 83' lang='lat' dir='ltr'><strong>solam</strong></span> <span class='ocrx_word' id='word_1_321' title='bbox 1933 4963 2089 5016; x_wconf 86' lang='lat' dir='ltr'><strong>lldem</strong></span> 
     </span>
    </p>
   </div>
   <div class='ocr_carea' id='block_1_48' title="bbox 514 5053 2092 5129">
    <p class='ocr_par' dir='ltr' id='par_1_48' title="bbox 514 5053 2092 5129">
     <span class='ocr_line' id='line_1_48' title="bbox 514 5053 2092 5129; baseline -0.007 -13"><span class='ocrx_word' id='word_1_322' title='bbox 514 5066 570 5116; x_wconf 92' lang='lat' dir='ltr'><strong>in</strong></span> <span class='ocrx_word' id='word_1_323' title='bbox 605 5061 779 5129; x_wconf 80' lang='lat' dir='ltr'><strong>ipsum</strong></span> <span class='ocrx_word' id='word_1_324' title='bbox 807 5058 872 5112; x_wconf 87' lang='lat' dir='ltr'><strong>ad</strong></span> <span class='ocrx_word' id='word_1_325' title='bbox 895 5054 1113 5111; x_wconf 77' lang='lat' dir='ltr'><strong>Patrem</strong></span> <span class='ocrx_word' id='word_1_326' title='bbox 1161 5056 1549 5125; x_wconf 78' lang='lat' dir='ltr'><strong>ingrediantur,</strong></span> <span class='ocrx_word' id='word_1_327' title='bbox 1581 5055 1756 5109; x_wconf 84' lang='lat' dir='ltr'><strong>eidem</strong></span> <span class='ocrx_word' id='word_1_328' title='bbox 1800 5053 2092 5107; x_wconf 74' lang='lat' dir='ltr'><strong>reddantur</strong></span> 
     </span>
    </p>
   </div>
   <div class='ocr_carea' id='block_1_49' title="bbox 514 5145 2087 5219">
    <p class='ocr_par' dir='ltr' id='par_1_49' title="bbox 514 5145 2087 5219">
     <span class='ocr_line' id='line_1_49' title="bbox 514 5145 2087 5219; baseline -0.008 -13"><span class='ocrx_word' id='word_1_329' title='bbox 514 5152 808 5208; x_wconf 79' lang='lat' dir='ltr'><strong>familiares</strong></span> <span class='ocrx_word' id='word_1_330' title='bbox 835 5168 851 5206; x_wconf 89' lang='lat'><strong>:</strong></span> <span class='ocrx_word' id='word_1_331' title='bbox 885 5149 967 5205; x_wconf 86' lang='lat' dir='ltr'><strong>vel</strong></span> <span class='ocrx_word' id='word_1_332' title='bbox 995 5148 1138 5219; x_wconf 88' lang='lat' dir='ltr'><strong>quod</strong></span> <span class='ocrx_word' id='word_1_333' title='bbox 1172 5162 1267 5216; x_wconf 89' lang='lat' dir='ltr'><strong>per</strong></span> <span class='ocrx_word' id='word_1_334' title='bbox 1301 5148 1476 5216; x_wconf 89' lang='lat' dir='ltr'><strong>ipsum</strong></span> <span class='ocrx_word' id='word_1_335' title='bbox 1505 5146 1789 5200; x_wconf 85' lang='lat' dir='ltr'><strong>veniamus</strong></span> <span class='ocrx_word' id='word_1_336' title='bbox 1819 5145 1885 5199; x_wconf 90' lang='lat' dir='ltr'><strong>ad</strong></span> <span class='ocrx_word' id='word_1_337' title='bbox 1917 5158 2087 5212; x_wconf 87' lang='lat' dir='ltr'><strong>popu-</strong></span> 
     </span>
    </p>
   </div>
   <div class='ocr_carea' id='block_1_50' title="bbox 512 5236 2088 5308">
    <p class='ocr_par' dir='ltr' id='par_1_50' title="bbox 512 5236 2088 5308">
     <span class='ocr_line' id='line_1_50' title="bbox 512 5236 2088 5308; baseline -0.006 -14"><span class='ocrx_word' id='word_1_338' title='bbox 512 5240 623 5294; x_wconf 92' lang='lat' dir='ltr'><strong>lum</strong></span> <span class='ocrx_word' id='word_1_339' title='bbox 658 5240 982 5295; x_wconf 88' lang='lat' dir='ltr'><strong>initiandum</strong></span> <span class='ocrx_word' id='word_1_340' title='bbox 1014 5256 1027 5292; x_wconf 95' lang='lat'>:</span> <span class='ocrx_word' id='word_1_341' title='bbox 1056 5237 1140 5291; x_wconf 88' lang='lat' dir='ltr'><strong>vel</strong></span> <span class='ocrx_word' id='word_1_342' title='bbox 1173 5238 1315 5307; x_wconf 90' lang='lat' dir='ltr'><strong>quod</strong></span> <span class='ocrx_word' id='word_1_343' title='bbox 1340 5237 1534 5308; x_wconf 84' lang='lat' dir='ltr'><strong>dignos</strong></span> <span class='ocrx_word' id='word_1_344' title='bbox 1555 5236 1771 5305; x_wconf 86' lang='lat' dir='ltr'><strong>quidem</strong></span> <span class='ocrx_word' id='word_1_345' title='bbox 1802 5237 1854 5289; x_wconf 89' lang='lat' dir='ltr'><strong>in</strong></span> <span class='ocrx_word' id='word_1_346' title='bbox 1878 5248 2088 5288; x_wconf 88' lang='lat' dir='ltr'><strong>sacram</strong></span> 
     </span>
    </p>
   </div>
   <div class='ocr_carea' id='block_1_51' title="bbox 514 5328 2092 5401">
    <p class='ocr_par' dir='ltr' id='par_1_51' title="bbox 514 5328 2092 5401">
     <span class='ocr_line' id='line_1_51' title="bbox 514 5328 2092 5401; baseline -0.004 -15"><span class='ocrx_word' id='word_1_347' title='bbox 514 5334 694 5386; x_wconf 86' lang='lat' dir='ltr'><strong>aulam</strong></span> <span class='ocrx_word' id='word_1_348' title='bbox 745 5331 1109 5397; x_wconf 83' lang='lat' dir='ltr'><strong>intromittat,</strong></span> <span class='ocrx_word' id='word_1_349' title='bbox 1172 5330 1408 5401; x_wconf 85' lang='lat' dir='ltr'><strong>indignis</strong></span> <span class='ocrx_word' id='word_1_350' title='bbox 1462 5339 1642 5383; x_wconf 83' lang='lat' dir='ltr'><strong>autem</strong></span> <span class='ocrx_word' id='word_1_351' title='bbox 1706 5328 1906 5382; x_wconf 83' lang='lat' dir='ltr'><strong>aditum</strong></span> <span class='ocrx_word' id='word_1_352' title='bbox 1955 5339 2092 5396; x_wconf 68' lang='lat' dir='ltr'><strong>prae-</strong></span> 
     </span>
    </p>
   </div>
   <div class='ocr_carea' id='block_1_52' title="bbox 511 5426 713 5485">
    <p class='ocr_par' dir='ltr' id='par_1_52' title="bbox 511 5426 713 5485">
     <span class='ocr_line' id='line_1_52' title="bbox 511 5426 713 5485; baseline -0.03 0"><span class='ocrx_word' id='word_1_353' title='bbox 511 5426 713 5485; x_wconf 77' lang='lat' dir='ltr'><strong>cludat.</strong></span> 
     </span>
    </p>
   </div>
   <div class='ocr_carea' id='block_1_53' title="bbox 588 5531 2091 5611">
    <p class='ocr_par' dir='ltr' id='par_1_53' title="bbox 588 5531 2091 5611">
     <span class='ocr_line' id='line_1_53' title="bbox 588 5531 2091 5611; baseline -0.006 -15"><span class='ocrx_word' id='word_1_354' title='bbox 588 5540 752 5596; x_wconf 74' lang='lat' dir='ltr'><strong>Vens.</strong></span> <span class='ocrx_word' id='word_1_355' title='bbox 786 5541 843 5596; x_wconf 88' lang='lat'><strong>9.</strong></span> <span class='ocrx_word' id='word_1_356' title='bbox 880 5558 901 5594; x_wconf 83' lang='grc' dir='ltr'>ι</span> <span class='ocrx_word' id='word_1_357' title='bbox 940 5541 1053 5611; x_wconf 80' lang='lat' dir='ltr'><strong>Ego</strong></span> <span class='ocrx_word' id='word_1_358' title='bbox 1101 5555 1221 5598; x_wconf 87' lang='lat' dir='ltr'><strong>sum</strong></span> <span class='ocrx_word' id='word_1_359' title='bbox 1251 5538 1471 5597; x_wconf 90' lang='lat' dir='ltr'><strong>ostium.</strong></span> <span class='ocrx_word' id='word_1_360' title='bbox 1503 5535 1607 5592; x_wconf 83' lang='lat' dir='ltr'><strong>Per</strong></span> <span class='ocrx_word' id='word_1_361' title='bbox 1649 5548 1737 5591; x_wconf 87' lang='lat' dir='ltr'><strong>me</strong></span> <span class='ocrx_word' id='word_1_362' title='bbox 1766 5534 1811 5590; x_wconf 91' lang='lat' dir='ltr'><strong>si</strong></span> <span class='ocrx_word' id='word_1_363' title='bbox 1858 5532 1977 5604; x_wconf 82' lang='lat' dir='ltr'><strong>quis</strong></span> <span class='ocrx_word' id='word_1_364' title='bbox 2009 5531 2091 5587; x_wconf 87' lang='lat' dir='ltr'><strong>in-</strong></span> 
     </span>
    </p>
   </div>
   <div class='ocr_carea' id='block_1_54' title="bbox 594 5712 1023 5785">
    <p class='ocr_par' dir='ltr' id='par_1_54' title="bbox 594 5712 1023 5785">
     <span class='ocr_line' id='line_1_54' title="bbox 594 5712 1023 5785; baseline -0.002 -17"><span class='ocrx_word' id='word_1_365' title='bbox 594 5716 609 5744; x_wconf 85' lang='lat'><strong><em>‘</em></strong></span> <span class='ocrx_word' id='word_1_366' title='bbox 645 5712 736 5768; x_wconf 87' lang='lat' dir='ltr'><strong>Cr.</strong></span> <span class='ocrx_word' id='word_1_367' title='bbox 763 5713 1023 5785; x_wconf 69' lang='grc' dir='ltr'>σημαίνῃ.</span> 
     </span>
    </p>
   </div>
   <div class='ocr_carea' id='block_1_55' title="bbox 2184 581 3771 667">
    <p class='ocr_par' dir='ltr' id='par_1_55' title="bbox 2184 581 3771 667">
     <span class='ocr_line' id='line_1_55' title="bbox 2184 581 3771 667; baseline -0.006 -22"><span class='ocrx_word' id='word_1_368' title='bbox 2184 593 2258 657; x_wconf 85' lang='grc' dir='ltr'>ὡς</span> <span class='ocrx_word' id='word_1_369' title='bbox 2296 593 2376 654; x_wconf 84' lang='grc' dir='ltr'><strong>εἰς</strong></span> <span class='ocrx_word' id='word_1_370' title='bbox 2408 589 2542 643; x_wconf 76' lang='grc' dir='ltr'>Θεὸν</span> <span class='ocrx_word' id='word_1_371' title='bbox 2571 586 3096 659; x_wconf 83' lang='grc' dir='ltr'>ἐνανθρωπήσαντα.</span> <span class='ocrx_word' id='word_1_372' title='bbox 3134 582 3352 654; x_wconf 82' lang='grc' dir='ltr'>Πλῆρες</span> <span class='ocrx_word' id='word_1_373' title='bbox 3394 582 3502 667; x_wconf 84' lang='grc' dir='ltr'><strong>γὰρ</strong></span> <span class='ocrx_word' id='word_1_374' title='bbox 3534 581 3689 636; x_wconf 75' lang='grc' dir='ltr'>οὕτω</span> <span class='ocrx_word' id='word_1_375' title='bbox 3717 583 3771 637; x_wconf 74' lang='grc' dir='ltr'>τὸ</span> 
     </span>
    </p>
   </div>
   <div class='ocr_carea' id='block_1_56' title="bbox 2186 672 3139 749">
    <p class='ocr_par' dir='ltr' id='par_1_56' title="bbox 2186 672 3139 749">
     <span class='ocr_line' id='line_1_56' title="bbox 2186 672 3139 749; baseline -0.006 -17"><span class='ocrx_word' id='word_1_376' title='bbox 2186 678 2282 732; x_wconf 86' lang='grc' dir='ltr'>ἐπί</span> <span class='ocrx_word' id='word_1_377' title='bbox 2307 676 2528 749; x_wconf 83' lang='grc' dir='ltr'><strong>Χριστῷ</strong></span> <span class='ocrx_word' id='word_1_378' title='bbox 2561 676 2881 748; x_wconf 83' lang='grc' dir='ltr'>μυστήριον.</span> <span class='ocrx_word' id='word_1_379' title='bbox 2913 672 3139 747; x_wconf 55' lang='lat' dir='ltr'><strong>[Cum]</strong></span> 
     </span>
    </p>
   </div>
   <div class='ocr_carea' id='block_1_57' title="bbox 2260 782 3772 859">
    <p class='ocr_par' dir='ltr' id='par_1_57' title="bbox 2260 782 3772 859">
     <span class='ocr_line' id='line_1_57' title="bbox 2260 782 3772 859; baseline -0.005 -14"><span class='ocrx_word' id='word_1_380' title='bbox 2260 811 2281 844; x_wconf 75' lang='grc' dir='ltr'><strong>ι</strong></span> <span class='ocrx_word' id='word_1_381' title='bbox 2332 791 2442 845; x_wconf 74' lang='grc' dir='ltr'><strong>Καὶ</strong></span> <span class='ocrx_word' id='word_1_382' title='bbox 2486 786 2640 844; x_wconf 70' lang='grc' dir='ltr'>εἶπεν</span> <span class='ocrx_word' id='word_1_383' title='bbox 2675 791 2703 843; x_wconf 91' lang='lat'><strong>6</strong></span> <span class='ocrx_word' id='word_1_384' title='bbox 2746 786 2994 859; x_wconf 83' lang='grc' dir='ltr'>Ἰησοῦς·</span> <span class='ocrx_word' id='word_1_385' title='bbox 3035 788 3130 851; x_wconf 86' lang='grc' dir='ltr'>Είς</span> <span class='ocrx_word' id='word_1_386' title='bbox 3173 789 3353 858; x_wconf 77' lang='grc' dir='ltr'>κρῖμα</span> <span class='ocrx_word' id='word_1_387' title='bbox 3404 782 3520 854; x_wconf 78' lang='grc' dir='ltr'>ἐγὼ</span> <span class='ocrx_word' id='word_1_388' title='bbox 3569 785 3654 848; x_wconf 87' lang='grc' dir='ltr'><strong>είς</strong></span> <span class='ocrx_word' id='word_1_389' title='bbox 3690 784 3772 838; x_wconf 70' lang='grc' dir='ltr'>τὸν</span> 
     </span>
    </p>
   </div>
   <div class='ocr_carea' id='block_1_58' title="bbox 2183 878 2878 953">
    <p class='ocr_par' dir='ltr' id='par_1_58' title="bbox 2183 878 2878 953">
     <span class='ocr_line' id='line_1_58' title="bbox 2183 878 2878 953; baseline -0.003 -16"><span class='ocrx_word' id='word_1_390' title='bbox 2183 883 2391 953; x_wconf 80' lang='grc' dir='ltr'>κόσμον</span> <span class='ocrx_word' id='word_1_391' title='bbox 2419 882 2609 937; x_wconf 80' lang='grc' dir='ltr'>τοῦτον</span> <span class='ocrx_word' id='word_1_392' title='bbox 2633 878 2816 953; x_wconf 76' lang='grc' dir='ltr'>ἦλθον.</span> <span class='ocrx_word' id='word_1_393' title='bbox 2859 901 2878 935; x_wconf 71' lang='grc' dir='ltr'>ι</span> 
     </span>
    </p>
   </div>
   <div class='ocr_carea' id='block_1_59' title="bbox 2255 991 3767 1069">
    <p class='ocr_par' dir='ltr' id='par_1_59' title="bbox 2255 991 3767 1069">
     <span class='ocr_line' id='line_1_59' title="bbox 2255 991 3767 1069; baseline -0.007 -15"><span class='ocrx_word' id='word_1_394' title='bbox 2255 1002 2359 1067; x_wconf 85' lang='grc' dir='ltr'><strong>Εῑς</strong></span> <span class='ocrx_word' id='word_1_395' title='bbox 2388 999 2563 1069; x_wconf 81' lang='grc' dir='ltr'>κρῖμα</span> <span class='ocrx_word' id='word_1_396' title='bbox 2583 994 2803 1069; x_wconf 75' lang='grc' dir='ltr'>ἦλθονο</span> <span class='ocrx_word' id='word_1_397' title='bbox 2846 998 2967 1053; x_wconf 77' lang='grc' dir='ltr'>ἀντὶ</span> <span class='ocrx_word' id='word_1_398' title='bbox 2993 996 3090 1051; x_wconf 80' lang='grc' dir='ltr'>τοῦ</span> <span class='ocrx_word' id='word_1_399' title='bbox 3111 1038 3127 1060; x_wconf 88' lang='grc'><em>,</em></span> <span class='ocrx_word' id='word_1_400' title='bbox 3155 997 3236 1058; x_wconf 78' lang='grc' dir='ltr'>εἰς</span> <span class='ocrx_word' id='word_1_401' title='bbox 3270 991 3499 1065; x_wconf 75' lang='grc' dir='ltr'>μείζονα</span> <span class='ocrx_word' id='word_1_402' title='bbox 3525 992 3767 1046; x_wconf 80' lang='grc' dir='ltr'><strong>κόλασιν.</strong></span> 
     </span>
    </p>
   </div>
   <div class='ocr_carea' id='block_1_60' title="bbox 2186 1083 3773 1160">
    <p class='ocr_par' dir='ltr' id='par_1_60' title="bbox 2186 1083 3773 1160">
     <span class='ocr_line' id='line_1_60' title="bbox 2186 1083 3773 1160; baseline -0.005 -17"><span class='ocrx_word' id='word_1_403' title='bbox 2186 1091 2250 1143; x_wconf 79' lang='lat' dir='ltr'><strong>Oi</strong></span> <span class='ocrx_word' id='word_1_404' title='bbox 2287 1089 2395 1160; x_wconf 80' lang='grc' dir='ltr'>γὰρ</span> <span class='ocrx_word' id='word_1_405' title='bbox 2419 1089 2889 1153; x_wconf 85' lang='grc' dir='ltr'>καταδικάσαντες</span> <span class='ocrx_word' id='word_1_406' title='bbox 2924 1087 3088 1143; x_wconf 82' lang='grc' dir='ltr'>αὐτὸν</span> <span class='ocrx_word' id='word_1_407' title='bbox 3113 1086 3188 1150; x_wconf 78' lang='grc' dir='ltr'>ὡς</span> <span class='ocrx_word' id='word_1_408' title='bbox 3228 1084 3585 1157; x_wconf 79' lang='grc' dir='ltr'>ἁμαρτωλὸν,</span> <span class='ocrx_word' id='word_1_409' title='bbox 3627 1083 3773 1139; x_wconf 73' lang='grc' dir='ltr'>αὐτοί</span> 
     </span>
    </p>
   </div>
   <div class='ocr_carea' id='block_1_61' title="bbox 2186 1178 3239 1253">
    <p class='ocr_par' dir='ltr' id='par_1_61' title="bbox 2186 1178 3239 1253">
     <span class='ocr_line' id='line_1_61' title="bbox 2186 1178 3239 1253; baseline -0.003 -20"><span class='ocrx_word' id='word_1_410' title='bbox 2186 1180 2324 1235; x_wconf 77' lang='grc' dir='ltr'>εἰσιν</span> <span class='ocrx_word' id='word_1_411' title='bbox 2348 1181 2423 1245; x_wconf 84' lang='grc' dir='ltr'>ὡς</span> <span class='ocrx_word' id='word_1_412' title='bbox 2448 1181 2766 1253; x_wconf 72' lang='grc' dir='ltr'>ἁμαρτωλοὶ</span> <span class='ocrx_word' id='word_1_413' title='bbox 2789 1178 3239 1252; x_wconf 80' lang='grc' dir='ltr'>κατακριθέντες.</span> 
     </span>
    </p>
   </div>
   <div class='ocr_carea' id='block_1_62' title="bbox 2802 1313 3160 1372">
    <p class='ocr_par' dir='ltr' id='par_1_62' title="bbox 2802 1313 3160 1372">
     <span class='ocr_line' id='line_1_62' title="bbox 2802 1313 3160 1372; baseline -0.008 0"><span class='ocrx_word' id='word_1_414' title='bbox 2802 1318 3056 1372; x_wconf 78' lang='grc' dir='ltr'><strong>ΚΕΦΑΛ.</strong></span> <span class='ocrx_word' id='word_1_415' title='bbox 3099 1313 3160 1370; x_wconf 86' lang='lat' dir='ltr'><strong>I&#39;.</strong></span> 
     </span>
    </p>
   </div>
   <div class='ocr_carea' id='block_1_63' title="bbox 2267 1449 3769 1530">
    <p class='ocr_par' dir='ltr' id='par_1_63' title="bbox 2267 1449 3769 1530">
     <span class='ocr_line' id='line_1_63' title="bbox 2267 1449 3769 1530; baseline -0.004 -20"><span class='ocrx_word' id='word_1_416' title='bbox 2267 1478 2285 1510; x_wconf 80' lang='grc' dir='ltr'><strong>ι</strong></span> <span class='ocrx_word' id='word_1_417' title='bbox 2335 1457 2531 1530; x_wconf 75' lang='grc' dir='ltr'>Ἀμὴν,</span> <span class='ocrx_word' id='word_1_418' title='bbox 2562 1457 2712 1530; x_wconf 86' lang='grc' dir='ltr'>ἀμὴν</span> <span class='ocrx_word' id='word_1_419' title='bbox 2737 1456 2882 1524; x_wconf 80' lang='grc' dir='ltr'>λέγω</span> <span class='ocrx_word' id='word_1_420' title='bbox 2907 1456 3037 1525; x_wconf 84' lang='grc' dir='ltr'>ὑμῖν</span> <span class='ocrx_word' id='word_1_421' title='bbox 3059 1470 3073 1486; x_wconf 75' lang='grc' dir='ltr'><strong><em>ο</em></strong></span> <span class='ocrx_word' id='word_1_422' title='bbox 3107 1455 3135 1509; x_wconf 93' lang='lat'><strong>6</strong></span> <span class='ocrx_word' id='word_1_423' title='bbox 3165 1453 3241 1524; x_wconf 78' lang='grc' dir='ltr'><strong>μὴ</strong></span> <span class='ocrx_word' id='word_1_424' title='bbox 3271 1451 3668 1522; x_wconf 71' lang='grc' dir='ltr'><strong>εἰσερχόμενος</strong></span> <span class='ocrx_word' id='word_1_425' title='bbox 3689 1449 3769 1504; x_wconf 67' lang='grc' dir='ltr'>διὰ</span> 
     </span>
    </p>
   </div>
   <div class='ocr_carea' id='block_1_64' title="bbox 2184 1542 3833 1622">
    <p class='ocr_par' dir='ltr' id='par_1_64' title="bbox 2184 1542 3833 1622">
     <span class='ocr_line' id='line_1_64' title="bbox 2184 1542 3833 1622; baseline -0.007 -18"><span class='ocrx_word' id='word_1_426' title='bbox 2184 1553 2283 1622; x_wconf 84' lang='grc' dir='ltr'><strong>τῆς</strong></span> <span class='ocrx_word' id='word_1_427' title='bbox 2311 1549 2482 1622; x_wconf 81' lang='grc' dir='ltr'><em>θύρας</em></span> <span class='ocrx_word' id='word_1_428' title='bbox 2512 1551 2593 1613; x_wconf 85' lang='grc' dir='ltr'><strong>είς</strong></span> <span class='ocrx_word' id='word_1_429' title='bbox 2631 1549 2731 1620; x_wconf 84' lang='grc' dir='ltr'>τὴν</span> <span class='ocrx_word' id='word_1_430' title='bbox 2772 1547 2942 1618; x_wconf 77' lang='grc' dir='ltr'>αὐλὴν</span> <span class='ocrx_word' id='word_1_431' title='bbox 2968 1545 3075 1599; x_wconf 84' lang='grc' dir='ltr'><strong>τῶν</strong></span> <span class='ocrx_word' id='word_1_432' title='bbox 3106 1543 3423 1615; x_wconf 74' lang='grc' dir='ltr'>προϐάτιον,</span> <span class='ocrx_word' id='word_1_433' title='bbox 3461 1542 3608 1596; x_wconf 86' lang='grc' dir='ltr'>ἀλλὰ</span> <span class='ocrx_word' id='word_1_434' title='bbox 3647 1543 3766 1595; x_wconf 80' lang='grc' dir='ltr'>ἀνα·</span> <span class='ocrx_word' id='word_1_435' title='bbox 3826 1572 3833 1579; x_wconf 91' lang='lat'><strong>-</strong></span> 
     </span>
    </p>
   </div>
   <div class='ocr_carea' id='block_1_65' title="bbox 2115 1631 3763 1713">
    <p class='ocr_par' dir='ltr' id='par_1_65' title="bbox 2115 1631 3763 1713">
     <span class='ocr_line' id='line_1_65' title="bbox 2115 1631 3763 1713; baseline -0.005 -17"><span class='ocrx_word' id='word_1_436' title='bbox 2115 1631 2158 1686; x_wconf 85' lang='grc' dir='ltr'><strong>Β</strong></span> <span class='ocrx_word' id='word_1_437' title='bbox 2188 1643 2389 1697; x_wconf 81' lang='grc' dir='ltr'>σαίνων</span> <span class='ocrx_word' id='word_1_438' title='bbox 2440 1641 2737 1713; x_wconf 76' lang='grc' dir='ltr'>ἀλλαχόθεν</span> <span class='ocrx_word' id='word_1_439' title='bbox 2764 1681 2783 1709; x_wconf 80' lang='grc'><strong>,</strong></span> <span class='ocrx_word' id='word_1_440' title='bbox 2812 1641 3022 1705; x_wconf 79' lang='grc' dir='ltr'>ἐκεῖνος</span> <span class='ocrx_word' id='word_1_441' title='bbox 3071 1637 3314 1707; x_wconf 82' lang='grc' dir='ltr'>κλέπτης</span> <span class='ocrx_word' id='word_1_442' title='bbox 3359 1634 3483 1688; x_wconf 66' lang='grc' dir='ltr'><strong>ἐστ)⁸</strong></span> <span class='ocrx_word' id='word_1_443' title='bbox 3527 1634 3626 1689; x_wconf 74' lang='grc' dir='ltr'><strong>καὶ</strong></span> <span class='ocrx_word' id='word_1_444' title='bbox 3681 1632 3763 1705; x_wconf 78' lang='grc' dir='ltr'><strong>λῃ-</strong></span> 
     </span>
    </p>
   </div>
   <div class='ocr_carea' id='block_1_66' title="bbox 2191 1734 2403 1805">
    <p class='ocr_par' dir='ltr' id='par_1_66' title="bbox 2191 1734 2403 1805">
     <span class='ocr_line' id='line_1_66' title="bbox 2191 1734 2403 1805; baseline 0 -19"><span class='ocrx_word' id='word_1_445' title='bbox 2191 1734 2345 1805; x_wconf 84' lang='grc' dir='ltr'>στής.</span> <span class='ocrx_word' id='word_1_446' title='bbox 2384 1752 2403 1786; x_wconf 76' lang='grc' dir='ltr'>ι</span> 
     </span>
    </p>
   </div>
   <div class='ocr_carea' id='block_1_67' title="bbox 2257 1837 3769 1918">
    <p class='ocr_par' dir='ltr' id='par_1_67' title="bbox 2257 1837 3769 1918">
     <span class='ocr_line' id='line_1_67' title="bbox 2257 1837 3769 1918; baseline -0.009 -16"><span class='ocrx_word' id='word_1_447' title='bbox 2257 1848 2517 1918; x_wconf 82' lang='grc' dir='ltr'>Κλέπτης</span> <span class='ocrx_word' id='word_1_448' title='bbox 2545 1847 2694 1900; x_wconf 76' lang='grc' dir='ltr'>ἐστὶν</span> <span class='ocrx_word' id='word_1_449' title='bbox 2717 1848 2744 1900; x_wconf 86' lang='lat'><strong>6</strong></span> <span class='ocrx_word' id='word_1_450' title='bbox 2770 1847 2834 1899; x_wconf 88' lang='grc' dir='ltr'><strong>ἐκ</strong></span> <span class='ocrx_word' id='word_1_451' title='bbox 2863 1843 2984 1914; x_wconf 85' lang='grc' dir='ltr'>βίας</span> <span class='ocrx_word' id='word_1_452' title='bbox 3012 1842 3111 1914; x_wconf 73' lang='grc' dir='ltr'>τὴν</span> <span class='ocrx_word' id='word_1_453' title='bbox 3138 1842 3215 1913; x_wconf 79' lang='grc' dir='ltr'>μὴ</span> <span class='ocrx_word' id='word_1_454' title='bbox 3237 1839 3500 1895; x_wconf 82' lang='grc' dir='ltr'>δοθεῖσαν</span> <span class='ocrx_word' id='word_1_455' title='bbox 3530 1837 3681 1910; x_wconf 80' lang='grc' dir='ltr'><strong>αὐτῷ</strong></span> <span class='ocrx_word' id='word_1_456' title='bbox 3702 1855 3769 1890; x_wconf 86' lang='grc' dir='ltr'>τι-</span> 
     </span>
    </p>
   </div>
   <div class='ocr_carea' id='block_1_68' title="bbox 2192 1933 3765 2013">
    <p class='ocr_par' dir='ltr' id='par_1_68' title="bbox 2192 1933 3765 2013">
     <span class='ocr_line' id='line_1_68' title="bbox 2192 1933 3765 2013; baseline -0.008 -16"><span class='ocrx_word' id='word_1_457' title='bbox 2192 1942 2300 2013; x_wconf 82' lang='grc' dir='ltr'>μὴν</span> <span class='ocrx_word' id='word_1_458' title='bbox 2334 1940 2698 2012; x_wconf 57' lang='grc' dir='ltr'>ὑρραρπάζων,</span> <span class='ocrx_word' id='word_1_459' title='bbox 2738 1939 2805 2011; x_wconf 77' lang='grc' dir='ltr'>ῆν</span> <span class='ocrx_word' id='word_1_460' title='bbox 2833 1939 2897 1992; x_wconf 83' lang='grc' dir='ltr'><strong>οὐ</strong></span> <span class='ocrx_word' id='word_1_461' title='bbox 2928 1936 3155 1990; x_wconf 88' lang='grc' dir='ltr'>δύναται</span> <span class='ocrx_word' id='word_1_462' title='bbox 3182 1934 3372 1989; x_wconf 79' lang='grc' dir='ltr'>λαϐεῖν</span> <span class='ocrx_word' id='word_1_463' title='bbox 3392 1973 3407 2001; x_wconf 85' lang='grc'><strong><em>,</em></strong></span> <span class='ocrx_word' id='word_1_464' title='bbox 3441 1935 3497 1987; x_wconf 87' lang='grc' dir='ltr'><strong>εί</strong></span> <span class='ocrx_word' id='word_1_465' title='bbox 3529 1934 3605 2006; x_wconf 74' lang='grc' dir='ltr'>μὴ</span> <span class='ocrx_word' id='word_1_466' title='bbox 3630 1935 3658 1987; x_wconf 89' lang='lat'><strong>6</strong></span> <span class='ocrx_word' id='word_1_467' title='bbox 3694 1933 3765 1995; x_wconf 82' lang='grc' dir='ltr'><strong>είς</strong></span> 
     </span>
    </p>
   </div>
   <div class='ocr_carea' id='block_1_69' title="bbox 2187 2027 3005 2105">
    <p class='ocr_par' dir='ltr' id='par_1_69' title="bbox 2187 2027 3005 2105">
     <span class='ocr_line' id='line_1_69' title="bbox 2187 2027 3005 2105; baseline -0.007 -17"><span class='ocrx_word' id='word_1_468' title='bbox 2187 2032 2421 2105; x_wconf 79' lang='grc' dir='ltr'>Χριστὸν</span> <span class='ocrx_word' id='word_1_469' title='bbox 2452 2032 2743 2086; x_wconf 78' lang='grc' dir='ltr'><strong>πιστεύων.</strong></span> <span class='ocrx_word' id='word_1_470' title='bbox 2779 2027 3005 2102; x_wconf 57' lang='lat' dir='ltr'><strong>[Cum]</strong></span> 
     </span>
    </p>
   </div>
   <div class='ocr_carea' id='block_1_70' title="bbox 2259 2137 3762 2215">
    <p class='ocr_par' dir='ltr' id='par_1_70' title="bbox 2259 2137 3762 2215">
     <span class='ocr_line' id='line_1_70' title="bbox 2259 2137 3762 2215; baseline -0.007 -16"><span class='ocrx_word' id='word_1_471' title='bbox 2259 2146 2518 2215; x_wconf 82' lang='grc' dir='ltr'>Κλέπτης</span> <span class='ocrx_word' id='word_1_472' title='bbox 2576 2144 2725 2197; x_wconf 77' lang='grc' dir='ltr'>ἐστὶν</span> <span class='ocrx_word' id='word_1_473' title='bbox 2764 2144 2793 2197; x_wconf 93' lang='lat'><strong>6</strong></span> <span class='ocrx_word' id='word_1_474' title='bbox 2843 2142 2919 2213; x_wconf 84' lang='grc' dir='ltr'><strong>μὴ</strong></span> <span class='ocrx_word' id='word_1_475' title='bbox 2964 2144 3030 2213; x_wconf 83' lang='grc' dir='ltr'>τῇ</span> <span class='ocrx_word' id='word_1_476' title='bbox 3082 2139 3458 2212; x_wconf 81' lang='grc' dir='ltr'>νενομισμένῃ</span> <span class='ocrx_word' id='word_1_477' title='bbox 3515 2139 3622 2194; x_wconf 76' lang='grc' dir='ltr'>ἀπὸ</span> <span class='ocrx_word' id='word_1_478' title='bbox 3665 2137 3762 2191; x_wconf 81' lang='grc' dir='ltr'><strong>τῶν</strong></span> 
     </span>
    </p>
   </div>
   <div class='ocr_carea' id='block_1_71' title="bbox 2187 2230 3760 2310">
    <p class='ocr_par' dir='ltr' id='par_1_71' title="bbox 2187 2230 3760 2310">
     <span class='ocr_line' id='line_1_71' title="bbox 2187 2230 3760 2310; baseline -0.005 -18"><span class='ocrx_word' id='word_1_479' title='bbox 2187 2238 2422 2310; x_wconf 82' lang='grc' dir='ltr'>Γραφῶν</span> <span class='ocrx_word' id='word_1_480' title='bbox 2466 2236 2752 2308; x_wconf 84' lang='grc' dir='ltr'>χρώμενος</span> <span class='ocrx_word' id='word_1_481' title='bbox 2779 2233 3100 2305; x_wconf 79' lang='grc' dir='ltr'><strong>διδασκαλίᾳ</strong></span> <span class='ocrx_word' id='word_1_482' title='bbox 3124 2274 3139 2299; x_wconf 86' lang='grc'><em>,</em></span> <span class='ocrx_word' id='word_1_483' title='bbox 3185 2233 3324 2287; x_wconf 73' lang='grc' dir='ltr'>ἀλλὰ</span> <span class='ocrx_word' id='word_1_484' title='bbox 3363 2232 3432 2286; x_wconf 81' lang='grc' dir='ltr'><strong>δι’</strong></span> <span class='ocrx_word' id='word_1_485' title='bbox 3475 2232 3667 2302; x_wconf 82' lang='grc' dir='ltr'>ἐτέρας</span> <span class='ocrx_word' id='word_1_486' title='bbox 3695 2230 3760 2300; x_wconf 77' lang='grc' dir='ltr'>μὴ</span> 
     </span>
    </p>
   </div>
   <div class='ocr_carea' id='block_1_72' title="bbox 2187 2318 3757 2399">
    <p class='ocr_par' dir='ltr' id='par_1_72' title="bbox 2187 2318 3757 2399">
     <span class='ocr_line' id='line_1_72' title="bbox 2187 2318 3757 2399; baseline -0.006 -16"><span class='ocrx_word' id='word_1_487' title='bbox 2187 2327 2586 2399; x_wconf 79' lang='grc' dir='ltr'><strong>νενομισμένης</strong></span> <span class='ocrx_word' id='word_1_488' title='bbox 2601 2325 2917 2397; x_wconf 87' lang='grc' dir='ltr'>ἐρχόμενος.</span> <span class='ocrx_word' id='word_1_489' title='bbox 2934 2323 3024 2377; x_wconf 78' lang='grc' dir='ltr'><strong>Διὸ</strong></span> <span class='ocrx_word' id='word_1_490' title='bbox 3040 2325 3138 2378; x_wconf 73' lang='grc' dir='ltr'><strong>καὶ</strong></span> <span class='ocrx_word' id='word_1_491' title='bbox 3157 2318 3280 2377; x_wconf 77' lang='grc' dir='ltr'>εἷπε</span> <span class='ocrx_word' id='word_1_492' title='bbox 3301 2323 3385 2388; x_wconf 85' lang='grc' dir='ltr'><strong>τὺ,</strong></span> <span class='ocrx_word' id='word_1_493' title='bbox 3405 2323 3757 2391; x_wconf 64' lang='grc' dir='ltr'>ἀλλαχόθεν,</span> 
     </span>
    </p>
   </div>
   <div class='ocr_carea' id='block_1_73' title="bbox 2189 2398 3761 2488">
    <p class='ocr_par' dir='ltr' id='par_1_73' title="bbox 2189 2398 3761 2488">
     <span class='ocr_line' id='line_1_73' title="bbox 2189 2398 3761 2488; baseline -0.006 -14"><span class='ocrx_word' id='word_1_494' title='bbox 2189 2421 2278 2474; x_wconf 76' lang='grc' dir='ltr'>ἵνα</span> <span class='ocrx_word' id='word_1_495' title='bbox 2300 2398 2395 2474; x_wconf 74' lang='grc' dir='ltr'><strong>καὶ</strong></span> <span class='ocrx_word' id='word_1_496' title='bbox 2421 2419 2545 2482; x_wconf 83' lang='grc' dir='ltr'>τοὺς</span> <span class='ocrx_word' id='word_1_497' title='bbox 2562 2398 2918 2488; x_wconf 18' lang='grc' dir='ltr'>Γεραμματεῖς</span> <span class='ocrx_word' id='word_1_498' title='bbox 2947 2415 3172 2487; x_wconf 80' lang='grc' dir='ltr'>σημάνῃ</span> <span class='ocrx_word' id='word_1_499' title='bbox 3203 2416 3248 2478; x_wconf 72' lang='lat' dir='ltr'><strong>i,</strong></span> <span class='ocrx_word' id='word_1_500' title='bbox 3267 2417 3398 2478; x_wconf 84' lang='grc' dir='ltr'>τοὺς</span> <span class='ocrx_word' id='word_1_501' title='bbox 3422 2414 3761 2474; x_wconf 77' lang='grc' dir='ltr'>διδάσκοντας</span> 
     </span>
    </p>
   </div>
   <div class='ocr_carea' id='block_1_74' title="bbox 2188 2504 3758 2583">
    <p class='ocr_par' dir='ltr' id='par_1_74' title="bbox 2188 2504 3758 2583">
     <span class='ocr_line' id='line_1_74' title="bbox 2188 2504 3758 2583; baseline -0.008 -16"><span class='ocrx_word' id='word_1_502' title='bbox 2188 2514 2256 2568; x_wconf 72' lang='grc' dir='ltr'>τὰ</span> <span class='ocrx_word' id='word_1_503' title='bbox 2300 2512 2618 2583; x_wconf 73' lang='grc' dir='ltr'><strong>ἐντάλματα</strong></span> <span class='ocrx_word' id='word_1_504' title='bbox 2653 2509 2764 2564; x_wconf 85' lang='grc' dir='ltr'>τῶν</span> <span class='ocrx_word' id='word_1_505' title='bbox 2798 2508 3143 2581; x_wconf 82' lang='grc' dir='ltr'>ἀνθρώπων,</span> <span class='ocrx_word' id='word_1_506' title='bbox 3183 2507 3281 2561; x_wconf 75' lang='grc' dir='ltr'><strong>καὶ</strong></span> <span class='ocrx_word' id='word_1_507' title='bbox 3327 2504 3758 2578; x_wconf 86' lang='grc' dir='ltr'>παραϐαίνοντας</span> 
     </span>
    </p>
   </div>
   <div class='ocr_carea' id='block_1_75' title="bbox 2187 2602 2488 2674">
    <p class='ocr_par' dir='ltr' id='par_1_75' title="bbox 2187 2602 2488 2674">
     <span class='ocr_line' id='line_1_75' title="bbox 2187 2602 2488 2674; baseline 0.007 -17"><span class='ocrx_word' id='word_1_508' title='bbox 2187 2602 2280 2659; x_wconf 77' lang='grc' dir='ltr'>τὸν</span> <span class='ocrx_word' id='word_1_509' title='bbox 2304 2603 2488 2674; x_wconf 86' lang='grc' dir='ltr'>νόμον.</span> 
     </span>
    </p>
   </div>
   <div class='ocr_carea' id='block_1_76' title="bbox 2265 2711 3759 2789">
    <p class='ocr_par' dir='ltr' id='par_1_76' title="bbox 2265 2711 3759 2789">
     <span class='ocr_line' id='line_1_76' title="bbox 2265 2711 3759 2789; baseline -0.005 -16"><span class='ocrx_word' id='word_1_510' title='bbox 2265 2738 2287 2773; x_wconf 75' lang='grc' dir='ltr'><strong>ι</strong></span> <span class='ocrx_word' id='word_1_511' title='bbox 2324 2718 2513 2789; x_wconf 81' lang='grc' dir='ltr'>Τούτῳ</span> <span class='ocrx_word' id='word_1_512' title='bbox 2539 2718 2567 2771; x_wconf 92' lang='lat'><strong>6</strong></span> <span class='ocrx_word' id='word_1_513' title='bbox 2593 2716 2844 2789; x_wconf 77' lang='grc' dir='ltr'>θυρωρὸς</span> <span class='ocrx_word' id='word_1_514' title='bbox 2871 2714 3120 2786; x_wconf 78' lang='grc' dir='ltr'>ἀνοίγει,</span> <span class='ocrx_word' id='word_1_515' title='bbox 3160 2715 3257 2769; x_wconf 70' lang='grc' dir='ltr'>καὶ</span> <span class='ocrx_word' id='word_1_516' title='bbox 3279 2715 3349 2768; x_wconf 84' lang='grc' dir='ltr'>τὰ</span> <span class='ocrx_word' id='word_1_517' title='bbox 3382 2713 3635 2786; x_wconf 86' lang='grc' dir='ltr'>πρόϐατα</span> <span class='ocrx_word' id='word_1_518' title='bbox 3670 2711 3759 2780; x_wconf 79' lang='grc' dir='ltr'>τῆς</span> 
     </span>
    </p>
   </div>
   <div class='ocr_carea' id='block_1_77' title="bbox 2190 2795 3761 2883">
    <p class='ocr_par' dir='ltr' id='par_1_77' title="bbox 2190 2795 3761 2883">
     <span class='ocr_line' id='line_1_77' title="bbox 2190 2795 3761 2883; baseline -0.006 -17"><span class='ocrx_word' id='word_1_519' title='bbox 2190 2811 2379 2883; x_wconf 81' lang='grc' dir='ltr'>φωνῆς</span> <span class='ocrx_word' id='word_1_520' title='bbox 2425 2809 2592 2865; x_wconf 79' lang='grc' dir='ltr'>αὐτοῦ</span> <span class='ocrx_word' id='word_1_521' title='bbox 2635 2795 2860 2873; x_wconf 73' lang='grc' dir='ltr'>ἀκούει,</span> <span class='ocrx_word' id='word_1_522' title='bbox 2903 2808 3001 2862; x_wconf 70' lang='grc' dir='ltr'><strong>καὶ</strong></span> <span class='ocrx_word' id='word_1_523' title='bbox 3042 2808 3111 2862; x_wconf 83' lang='grc' dir='ltr'>τὰ</span> <span class='ocrx_word' id='word_1_524' title='bbox 3169 2807 3278 2861; x_wconf 84' lang='grc' dir='ltr'>ίδια</span> <span class='ocrx_word' id='word_1_525' title='bbox 3330 2806 3581 2878; x_wconf 86' lang='grc' dir='ltr'>πρόϐατα</span> <span class='ocrx_word' id='word_1_526' title='bbox 3620 2803 3761 2858; x_wconf 84' lang='grc' dir='ltr'>καλεῖ</span> 
     </span>
    </p>
   </div>
   <div class='ocr_carea' id='block_1_78' title="bbox 2190 2899 3143 2976">
    <p class='ocr_par' dir='ltr' id='par_1_78' title="bbox 2190 2899 3143 2976">
     <span class='ocr_line' id='line_1_78' title="bbox 2190 2899 3143 2976; baseline -0.009 -16"><span class='ocrx_word' id='word_1_527' title='bbox 2190 2906 2314 2960; x_wconf 84' lang='grc' dir='ltr'>κατ’</span> <span class='ocrx_word' id='word_1_528' title='bbox 2344 2905 2515 2976; x_wconf 75' lang='grc' dir='ltr'>ὄνομα</span> <span class='ocrx_word' id='word_1_529' title='bbox 2536 2944 2552 2971; x_wconf 86' lang='grc'><em>,</em></span> <span class='ocrx_word' id='word_1_530' title='bbox 2577 2903 2674 2957; x_wconf 71' lang='grc' dir='ltr'><strong>καὶ</strong></span> <span class='ocrx_word' id='word_1_531' title='bbox 2710 2902 2900 2971; x_wconf 80' lang='grc' dir='ltr'><strong>ἐξάγει</strong></span> <span class='ocrx_word' id='word_1_532' title='bbox 2926 2899 3091 2956; x_wconf 82' lang='grc' dir='ltr'>αὑτά.</span> <span class='ocrx_word' id='word_1_533' title='bbox 3123 2918 3143 2951; x_wconf 73' lang='grc' dir='ltr'>ι</span> 
     </span>
    </p>
   </div>
   <div class='ocr_carea' id='block_1_79' title="bbox 2264 3009 3759 3087">
    <p class='ocr_par' dir='ltr' id='par_1_79' title="bbox 2264 3009 3759 3087">
     <span class='ocr_line' id='line_1_79' title="bbox 2264 3009 3759 3087; baseline -0.007 -14"><span class='ocrx_word' id='word_1_534' title='bbox 2264 3018 2435 3073; x_wconf 79' lang='grc' dir='ltr'>Ὅταν</span> <span class='ocrx_word' id='word_1_535' title='bbox 2475 3017 2781 3072; x_wconf 86' lang='grc' dir='ltr'>ἀκούσωσιν</span> <span class='ocrx_word' id='word_1_536' title='bbox 2816 3016 2867 3069; x_wconf 82' lang='grc' dir='ltr'><strong>οἱ</strong></span> <span class='ocrx_word' id='word_1_537' title='bbox 2906 3014 3127 3082; x_wconf 74' lang='grc' dir='ltr'>πιστοὶ,</span> <span class='ocrx_word' id='word_1_538' title='bbox 3160 3013 3315 3087; x_wconf 79' lang='grc' dir='ltr'>παρὰ</span> <span class='ocrx_word' id='word_1_539' title='bbox 3357 3013 3464 3067; x_wconf 83' lang='grc' dir='ltr'><strong>τῶν</strong></span> <span class='ocrx_word' id='word_1_540' title='bbox 3491 3011 3663 3083; x_wconf 81' lang='grc' dir='ltr'>ὀρθῶν</span> <span class='ocrx_word' id='word_1_541' title='bbox 3682 3009 3759 3063; x_wconf 85' lang='grc' dir='ltr'>δι-</span> 
     </span>
    </p>
   </div>
   <div class='ocr_carea' id='block_1_80' title="bbox 2190 3099 3757 3172">
    <p class='ocr_par' dir='ltr' id='par_1_80' title="bbox 2190 3099 3757 3172">
     <span class='ocr_line' id='line_1_80' title="bbox 2190 3099 3757 3172; baseline -0.006 -13"><span class='ocrx_word' id='word_1_542' title='bbox 2190 3103 2509 3170; x_wconf 84' lang='grc' dir='ltr'>δασκάλων,</span> <span class='ocrx_word' id='word_1_543' title='bbox 2550 3103 2619 3157; x_wconf 80' lang='grc' dir='ltr'>τὰ</span> <span class='ocrx_word' id='word_1_544' title='bbox 2658 3104 2779 3157; x_wconf 84' lang='grc' dir='ltr'>θεῖα</span> <span class='ocrx_word' id='word_1_545' title='bbox 2822 3102 3072 3172; x_wconf 77' lang='grc' dir='ltr'>δόγματα</span> <span class='ocrx_word' id='word_1_546' title='bbox 3129 3101 3239 3156; x_wconf 82' lang='grc' dir='ltr'><strong>τῶν</strong></span> <span class='ocrx_word' id='word_1_547' title='bbox 3267 3102 3520 3170; x_wconf 80' lang='grc' dir='ltr'>Γραφῶν,</span> <span class='ocrx_word' id='word_1_548' title='bbox 3577 3099 3757 3167; x_wconf 86' lang='grc' dir='ltr'>ὥσπερ</span> 
     </span>
    </p>
   </div>
   <div class='ocr_carea' id='block_1_81' title="bbox 2190 3190 3755 3269">
    <p class='ocr_par' dir='ltr' id='par_1_81' title="bbox 2190 3190 3755 3269">
     <span class='ocr_line' id='line_1_81' title="bbox 2190 3190 3755 3269; baseline -0.003 -20"><span class='ocrx_word' id='word_1_549' title='bbox 2190 3197 2314 3252; x_wconf 78' lang='grc' dir='ltr'>τινὰ</span> <span class='ocrx_word' id='word_1_550' title='bbox 2350 3196 2558 3269; x_wconf 78' lang='grc' dir='ltr'>τροφὴν</span> <span class='ocrx_word' id='word_1_551' title='bbox 2589 3196 2856 3267; x_wconf 78' lang='grc' dir='ltr'>δέχονται.</span> <span class='ocrx_word' id='word_1_552' title='bbox 2908 3196 3066 3249; x_wconf 83' lang='grc' dir='ltr'>Ὅσοι</span> <span class='ocrx_word' id='word_1_553' title='bbox 3100 3194 3157 3249; x_wconf 81' lang='grc' dir='ltr'>δὲ</span> <span class='ocrx_word' id='word_1_554' title='bbox 3182 3194 3379 3249; x_wconf 86' lang='grc' dir='ltr'>πλάνον</span> <span class='ocrx_word' id='word_1_555' title='bbox 3408 3190 3625 3247; x_wconf 79' lang='grc' dir='ltr'>καλοῦσι</span> <span class='ocrx_word' id='word_1_556' title='bbox 3664 3190 3755 3244; x_wconf 84' lang='grc' dir='ltr'>τὸν</span> 
     </span>
    </p>
   </div>
   <div class='ocr_carea' id='block_1_82' title="bbox 2193 3280 3680 3360">
    <p class='ocr_par' dir='ltr' id='par_1_82' title="bbox 2193 3280 3680 3360">
     <span class='ocr_line' id='line_1_82' title="bbox 2193 3280 3680 3360; baseline -0.009 -14"><span class='ocrx_word' id='word_1_557' title='bbox 2193 3288 2450 3360; x_wconf 79' lang='grc' dir='ltr'>Χριστὸν,</span> <span class='ocrx_word' id='word_1_558' title='bbox 2482 3288 2584 3358; x_wconf 78' lang='grc' dir='ltr'>τῆς</span> <span class='ocrx_word' id='word_1_559' title='bbox 2609 3287 2719 3340; x_wconf 83' lang='grc' dir='ltr'><strong>τῶν</strong></span> <span class='ocrx_word' id='word_1_560' title='bbox 2754 3286 3044 3358; x_wconf 88' lang='grc' dir='ltr'>προϐάτων</span> <span class='ocrx_word' id='word_1_561' title='bbox 3084 3284 3429 3356; x_wconf 63' lang='grc' dir='ltr'>ἐπιϐέϐληνται</span> <span class='ocrx_word' id='word_1_562' title='bbox 3456 3280 3680 3346; x_wconf 78' lang='grc' dir='ltr'>τάξεως.</span> 
     </span>
    </p>
   </div>
   <div class='ocr_carea' id='block_1_83' title="bbox 2269 3392 3755 3473">
    <p class='ocr_par' dir='ltr' id='par_1_83' title="bbox 2269 3392 3755 3473">
     <span class='ocr_line' id='line_1_83' title="bbox 2269 3392 3755 3473; baseline -0.007 -19"><span class='ocrx_word' id='word_1_563' title='bbox 2269 3421 2289 3454; x_wconf 77' lang='grc' dir='ltr'><strong>ι</strong></span> <span class='ocrx_word' id='word_1_564' title='bbox 2325 3402 2436 3455; x_wconf 77' lang='grc' dir='ltr'><strong>Καὶ</strong></span> <span class='ocrx_word' id='word_1_565' title='bbox 2467 3401 2594 3455; x_wconf 85' lang='grc' dir='ltr'>ὅταν</span> <span class='ocrx_word' id='word_1_566' title='bbox 2619 3401 2688 3454; x_wconf 81' lang='grc' dir='ltr'>τὰ</span> <span class='ocrx_word' id='word_1_567' title='bbox 2730 3400 2839 3454; x_wconf 85' lang='grc' dir='ltr'>ίδια</span> <span class='ocrx_word' id='word_1_568' title='bbox 2882 3399 3136 3473; x_wconf 84' lang='grc' dir='ltr'>πρόϐατα</span> <span class='ocrx_word' id='word_1_569' title='bbox 3170 3396 3373 3468; x_wconf 72' lang='grc' dir='ltr'>ἐκϐάλῃ</span> <span class='ocrx_word' id='word_1_570' title='bbox 3395 3434 3410 3459; x_wconf 94' lang='lat'><strong>,</strong></span> <span class='ocrx_word' id='word_1_571' title='bbox 3444 3392 3755 3465; x_wconf 74' lang='grc' dir='ltr'>ἔμπροσθεν</span> 
     </span>
    </p>
   </div>
   <div class='ocr_carea' id='block_1_84' title="bbox 2193 3482 3751 3563">
    <p class='ocr_par' dir='ltr' id='par_1_84' title="bbox 2193 3482 3751 3563">
     <span class='ocr_line' id='line_1_84' title="bbox 2193 3482 3751 3563; baseline -0.007 -16"><span class='ocrx_word' id='word_1_572' title='bbox 2193 3491 2372 3547; x_wconf 83' lang='grc' dir='ltr'>αὐτῶν</span> <span class='ocrx_word' id='word_1_573' title='bbox 2403 3491 2733 3563; x_wconf 88' lang='grc' dir='ltr'>πορεύεται,</span> <span class='ocrx_word' id='word_1_574' title='bbox 2763 3491 2857 3545; x_wconf 69' lang='grc' dir='ltr'><strong>καὶ</strong></span> <span class='ocrx_word' id='word_1_575' title='bbox 2877 3492 2947 3546; x_wconf 75' lang='grc' dir='ltr'><strong>τά</strong></span> <span class='ocrx_word' id='word_1_576' title='bbox 2987 3489 3240 3560; x_wconf 88' lang='grc' dir='ltr'>πρόϐατα</span> <span class='ocrx_word' id='word_1_577' title='bbox 3279 3484 3424 3558; x_wconf 82' lang='grc' dir='ltr'>αὐτῷ</span> <span class='ocrx_word' id='word_1_578' title='bbox 3454 3482 3751 3547; x_wconf 82' lang='grc' dir='ltr'>ἀκολουθεῖ,</span> 
     </span>
    </p>
   </div>
   <div class='ocr_carea' id='block_1_85' title="bbox 2193 3582 3098 3657">
    <p class='ocr_par' dir='ltr' id='par_1_85' title="bbox 2193 3582 3098 3657">
     <span class='ocr_line' id='line_1_85' title="bbox 2193 3582 3098 3657; baseline -0.004 -17"><span class='ocrx_word' id='word_1_579' title='bbox 2193 3585 2276 3640; x_wconf 83' lang='grc' dir='ltr'><strong>ὅτι</strong></span> <span class='ocrx_word' id='word_1_580' title='bbox 2305 3585 2477 3640; x_wconf 74' lang='grc' dir='ltr'>οἴδασι</span> <span class='ocrx_word' id='word_1_581' title='bbox 2501 3584 2600 3656; x_wconf 75' lang='grc' dir='ltr'>τὴν</span> <span class='ocrx_word' id='word_1_582' title='bbox 2634 3583 2819 3657; x_wconf 79' lang='grc' dir='ltr'>φωνὴν</span> <span class='ocrx_word' id='word_1_583' title='bbox 2857 3582 3046 3637; x_wconf 80' lang='grc' dir='ltr'>αὐτοῦ.</span> <span class='ocrx_word' id='word_1_584' title='bbox 3078 3602 3098 3636; x_wconf 71' lang='grc' dir='ltr'>ι</span> 
     </span>
    </p>
   </div>
   <div class='ocr_carea' id='block_1_86' title="bbox 2259 3689 3750 3771">
    <p class='ocr_par' dir='ltr' id='par_1_86' title="bbox 2259 3689 3750 3771">
     <span class='ocr_line' id='line_1_86' title="bbox 2259 3689 3750 3771; baseline -0.01 -17"><span class='ocrx_word' id='word_1_585' title='bbox 2259 3700 2421 3766; x_wconf 85' lang='grc' dir='ltr'>’Ἐθος</span> <span class='ocrx_word' id='word_1_586' title='bbox 2446 3700 2679 3771; x_wconf 83' lang='grc' dir='ltr'>ἐχόντων</span> <span class='ocrx_word' id='word_1_587' title='bbox 2702 3698 2810 3754; x_wconf 85' lang='grc' dir='ltr'>τῶν</span> <span class='ocrx_word' id='word_1_588' title='bbox 2837 3697 3113 3768; x_wconf 79' lang='grc' dir='ltr'>ποιμένων</span> <span class='ocrx_word' id='word_1_589' title='bbox 3139 3695 3318 3749; x_wconf 83' lang='grc' dir='ltr'>ὀπίσω</span> <span class='ocrx_word' id='word_1_590' title='bbox 3344 3693 3453 3748; x_wconf 84' lang='grc' dir='ltr'><strong>τῶν</strong></span> <span class='ocrx_word' id='word_1_591' title='bbox 3474 3689 3750 3761; x_wconf 85' lang='grc' dir='ltr'>προϐάτων</span> 
     </span>
    </p>
   </div>
   <div class='ocr_carea' id='block_1_87' title="bbox 2194 3780 3750 3864">
    <p class='ocr_par' dir='ltr' id='par_1_87' title="bbox 2194 3780 3750 3864">
     <span class='ocr_line' id='line_1_87' title="bbox 2194 3780 3750 3864; baseline -0.013 -13"><span class='ocrx_word' id='word_1_592' title='bbox 2194 3797 2539 3864; x_wconf 85' lang='grc' dir='ltr'>περιπατεῖν,</span> <span class='ocrx_word' id='word_1_593' title='bbox 2572 3792 2881 3864; x_wconf 73' lang='grc' dir='ltr'>ἔμπροσθεν</span> <span class='ocrx_word' id='word_1_594' title='bbox 2900 3790 3010 3843; x_wconf 85' lang='grc' dir='ltr'><strong>τῶν</strong></span> <span class='ocrx_word' id='word_1_595' title='bbox 3041 3789 3331 3861; x_wconf 87' lang='grc' dir='ltr'>προϐάτων</span> <span class='ocrx_word' id='word_1_596' title='bbox 3355 3780 3508 3849; x_wconf 73' lang='grc' dir='ltr'>οὗτος</span> <span class='ocrx_word' id='word_1_597' title='bbox 3532 3795 3750 3854; x_wconf 87' lang='grc' dir='ltr'>περιπα-</span> 
     </span>
    </p>
   </div>
   <div class='ocr_carea' id='block_1_88' title="bbox 2193 3871 3749 3955">
    <p class='ocr_par' dir='ltr' id='par_1_88' title="bbox 2193 3871 3749 3955">
     <span class='ocr_line' id='line_1_88' title="bbox 2193 3871 3749 3955; baseline -0.001 -14"><span class='ocrx_word' id='word_1_598' title='bbox 2193 3887 2278 3941; x_wconf 82' lang='grc' dir='ltr'><strong>τεῖ</strong></span> <span class='ocrx_word' id='word_1_599' title='bbox 2304 3925 2321 3952; x_wconf 94' lang='lat'><strong>,</strong></span> <span class='ocrx_word' id='word_1_600' title='bbox 2358 3885 2573 3950; x_wconf 78' lang='grc' dir='ltr'>δεικνὺς</span> <span class='ocrx_word' id='word_1_601' title='bbox 2600 3927 2617 3955; x_wconf 86' lang='grc'><strong>,</strong></span> <span class='ocrx_word' id='word_1_602' title='bbox 2656 3886 2739 3939; x_wconf 84' lang='grc' dir='ltr'><strong>ὅτι</strong></span> <span class='ocrx_word' id='word_1_603' title='bbox 2780 3884 2942 3948; x_wconf 77' lang='grc' dir='ltr'>αὐτὸς</span> <span class='ocrx_word' id='word_1_604' title='bbox 2992 3883 3182 3954; x_wconf 79' lang='grc' dir='ltr'>ὁδηγεῖ</span> <span class='ocrx_word' id='word_1_605' title='bbox 3225 3880 3436 3944; x_wconf 84' lang='grc' dir='ltr'>πάντας</span> <span class='ocrx_word' id='word_1_606' title='bbox 3483 3875 3614 3949; x_wconf 71' lang='grc' dir='ltr'>πρὸς</span> <span class='ocrx_word' id='word_1_607' title='bbox 3662 3871 3749 3942; x_wconf 66' lang='grc' dir='ltr'><strong>τὴν</strong></span> 
     </span>
    </p>
   </div>
   <div class='ocr_carea' id='block_1_89' title="bbox 2195 3979 2480 4052">
    <p class='ocr_par' dir='ltr' id='par_1_89' title="bbox 2195 3979 2480 4052">
     <span class='ocr_line' id='line_1_89' title="bbox 2195 3979 2480 4052; baseline -0.007 -18"><span class='ocrx_word' id='word_1_608' title='bbox 2195 3979 2480 4052; x_wconf 80' lang='grc' dir='ltr'>ἀλήθειαν.</span> 
     </span>
    </p>
   </div>
   <div class='ocr_carea' id='block_1_90' title="bbox 2272 4073 3745 4162">
    <p class='ocr_par' dir='ltr' id='par_1_90' title="bbox 2272 4073 3745 4162">
     <span class='ocr_line' id='line_1_90' title="bbox 2272 4073 3745 4162; baseline -0.006 -18"><span class='ocrx_word' id='word_1_609' title='bbox 2272 4110 2292 4144; x_wconf 82' lang='grc' dir='ltr'><strong>ι</strong></span> <span class='ocrx_word' id='word_1_610' title='bbox 2337 4092 2557 4162; x_wconf 89' lang='grc' dir='ltr'>Ταύτην</span> <span class='ocrx_word' id='word_1_611' title='bbox 2597 4090 2698 4162; x_wconf 77' lang='grc' dir='ltr'><strong>τὴν</strong></span> <span class='ocrx_word' id='word_1_612' title='bbox 2737 4087 3043 4161; x_wconf 82' lang='grc' dir='ltr'>παροιμίαν</span> <span class='ocrx_word' id='word_1_613' title='bbox 3076 4081 3233 4140; x_wconf 73' lang='grc' dir='ltr'>εἶπεν</span> <span class='ocrx_word' id='word_1_614' title='bbox 3260 4083 3449 4146; x_wconf 78' lang='grc' dir='ltr'>αὐτοῖς</span> <span class='ocrx_word' id='word_1_615' title='bbox 3477 4082 3506 4135; x_wconf 88' lang='lat'><strong>6</strong></span> <span class='ocrx_word' id='word_1_616' title='bbox 3545 4073 3745 4147; x_wconf 79' lang='grc' dir='ltr'><strong>Ἰησοῦςο</strong></span> 
     </span>
    </p>
   </div>
   <div class='ocr_carea' id='block_1_91' title="bbox 2207 4170 3719 4251">
    <p class='ocr_par' dir='ltr' id='par_1_91' title="bbox 2207 4170 3719 4251">
     <span class='ocr_line' id='line_1_91' title="bbox 2207 4170 3719 4251; baseline -0.013 -13"><span class='ocrx_word' id='word_1_617' title='bbox 2207 4185 2436 4239; x_wconf 83' lang='grc' dir='ltr'>Ἐκεῖνοι</span> <span class='ocrx_word' id='word_1_618' title='bbox 2463 4183 2508 4237; x_wconf 80' lang='grc' dir='ltr'>δ’</span> <span class='ocrx_word' id='word_1_619' title='bbox 2539 4183 2640 4236; x_wconf 76' lang='grc' dir='ltr'>οὐκ</span> <span class='ocrx_word' id='word_1_620' title='bbox 2665 4181 2911 4251; x_wconf 72' lang='grc' dir='ltr'>ἔγνωσαν</span> <span class='ocrx_word' id='word_1_621' title='bbox 2938 4180 3061 4234; x_wconf 84' lang='grc' dir='ltr'>τίνα</span> <span class='ocrx_word' id='word_1_622' title='bbox 3091 4174 3159 4250; x_wconf 83' lang='grc' dir='ltr'>ἦν</span> <span class='ocrx_word' id='word_1_623' title='bbox 3185 4177 3222 4232; x_wconf 76' lang='grc' dir='ltr'>ἃ</span> <span class='ocrx_word' id='word_1_624' title='bbox 3252 4175 3438 4230; x_wconf 86' lang='grc' dir='ltr'>ἐλάλει</span> <span class='ocrx_word' id='word_1_625' title='bbox 3477 4170 3665 4230; x_wconf 54' lang='grc' dir='ltr'>αὐτοξ.</span> <span class='ocrx_word' id='word_1_626' title='bbox 3702 4181 3719 4214; x_wconf 76' lang='grc' dir='ltr'>ι</span> 
     </span>
    </p>
   </div>
   <div class='ocr_carea' id='block_1_92' title="bbox 2277 4257 3763 4347">
    <p class='ocr_par' dir='ltr' id='par_1_92' title="bbox 2277 4257 3763 4347">
     <span class='ocr_line' id='line_1_92' title="bbox 2277 4257 3763 4347; baseline -0.028 1"><span class='ocrx_word' id='word_1_627' title='bbox 2277 4279 2335 4333; x_wconf 82' lang='grc' dir='ltr'>Ὀ</span> <span class='ocrx_word' id='word_1_628' title='bbox 2364 4278 2497 4342; x_wconf 78' lang='grc' dir='ltr'>Θεὸς</span> <span class='ocrx_word' id='word_1_629' title='bbox 2528 4278 2688 4347; x_wconf 78' lang='grc' dir='ltr'>γνοὺς</span> <span class='ocrx_word' id='word_1_630' title='bbox 2722 4276 2798 4347; x_wconf 86' lang='grc' dir='ltr'>μὴ</span> <span class='ocrx_word' id='word_1_631' title='bbox 2834 4276 3135 4347; x_wconf 85' lang='grc' dir='ltr'>νοήσαντας</span> <span class='ocrx_word' id='word_1_632' title='bbox 3168 4272 3370 4333; x_wconf 78' lang='grc' dir='ltr'>αὐτοὺς</span> <span class='ocrx_word' id='word_1_633' title='bbox 3389 4311 3403 4329; x_wconf 85' lang='grc'><strong>.</strong></span> <span class='ocrx_word' id='word_1_634' title='bbox 3439 4264 3636 4323; x_wconf 77' lang='grc' dir='ltr'>ἄνωθεν</span> <span class='ocrx_word' id='word_1_635' title='bbox 3663 4257 3763 4310; x_wconf 77' lang='grc' dir='ltr'>αὑ-’</span> 
     </span>
    </p>
   </div>
   <div class='ocr_carea' id='block_1_93' title="bbox 2197 4350 3746 4442">
    <p class='ocr_par' dir='ltr' id='par_1_93' title="bbox 2197 4350 3746 4442">
     <span class='ocr_line' id='line_1_93' title="bbox 2197 4350 3746 4442; baseline -0.008 -16"><span class='ocrx_word' id='word_1_636' title='bbox 2197 4374 2310 4436; x_wconf 84' lang='grc' dir='ltr'>τοῖς</span> <span class='ocrx_word' id='word_1_637' title='bbox 2352 4370 2639 4442; x_wconf 78' lang='grc' dir='ltr'>σαφηνίζει</span> <span class='ocrx_word' id='word_1_638' title='bbox 2685 4370 2777 4424; x_wconf 82' lang='grc' dir='ltr'><strong>τὸν</strong></span> <span class='ocrx_word' id='word_1_639' title='bbox 2818 4369 3011 4438; x_wconf 80' lang='grc' dir='ltr'>λόγον,</span> <span class='ocrx_word' id='word_1_640' title='bbox 3045 4366 3134 4421; x_wconf 74' lang='grc' dir='ltr'>ἵνα</span> <span class='ocrx_word' id='word_1_641' title='bbox 3188 4364 3301 4419; x_wconf 70' lang='grc' dir='ltr'>κᾶν</span> <span class='ocrx_word' id='word_1_642' title='bbox 3347 4360 3529 4424; x_wconf 77' lang='grc' dir='ltr'>οὕτως</span> <span class='ocrx_word' id='word_1_643' title='bbox 3553 4350 3746 4424; x_wconf 74' lang='grc' dir='ltr'><strong>ὠφεληο</strong></span> 
     </span>
    </p>
   </div>
   <div class='ocr_carea' id='block_1_94' title="bbox 2199 4463 2385 4518">
    <p class='ocr_par' dir='ltr' id='par_1_94' title="bbox 2199 4463 2385 4518">
     <span class='ocr_line' id='line_1_94' title="bbox 2199 4463 2385 4518; baseline 0.005 -1"><span class='ocrx_word' id='word_1_644' title='bbox 2199 4463 2385 4518; x_wconf 82' lang='grc' dir='ltr'>θῶσιν.</span> 
     </span>
    </p>
   </div>
   <div class='ocr_carea' id='block_1_95' title="bbox 2274 4550 3749 4633">
    <p class='ocr_par' dir='ltr' id='par_1_95' title="bbox 2274 4550 3749 4633">
     <span class='ocr_line' id='line_1_95' title="bbox 2274 4550 3749 4633; baseline -0.014 -2"><span class='ocrx_word' id='word_1_645' title='bbox 2274 4596 2294 4631; x_wconf 81' lang='grc' dir='ltr'>ι</span> <span class='ocrx_word' id='word_1_646' title='bbox 2351 4571 2518 4631; x_wconf 79' lang='grc' dir='ltr'>Εἶπεν</span> <span class='ocrx_word' id='word_1_647' title='bbox 2564 4569 2659 4628; x_wconf 79' lang='grc' dir='ltr'><strong>οὖν</strong></span> <span class='ocrx_word' id='word_1_648' title='bbox 2718 4570 2882 4625; x_wconf 77' lang='grc' dir='ltr'>πάλιν</span> <span class='ocrx_word' id='word_1_649' title='bbox 2932 4567 3119 4631; x_wconf 84' lang='grc' dir='ltr'>αὐτοῖς</span> <span class='ocrx_word' id='word_1_650' title='bbox 3168 4567 3197 4619; x_wconf 89' lang='lat'><strong>6</strong></span> <span class='ocrx_word' id='word_1_651' title='bbox 3260 4561 3478 4633; x_wconf 75' lang='grc' dir='ltr'>Ἰησοῦς</span> <span class='ocrx_word' id='word_1_652' title='bbox 3503 4575 3516 4591; x_wconf 91' lang='grc'>·</span> <span class='ocrx_word' id='word_1_653' title='bbox 3581 4550 3749 4622; x_wconf 70' lang='grc' dir='ltr'>’Δμὴνν</span> 
     </span>
    </p>
   </div>
   <div class='ocr_carea' id='block_1_96' title="bbox 2199 4641 3751 4743">
    <p class='ocr_par' dir='ltr' id='par_1_96' title="bbox 2199 4641 3751 4743">
     <span class='ocr_line' id='line_1_96' title="bbox 2199 4641 3751 4743; baseline -0.032 3"><span class='ocrx_word' id='word_1_654' title='bbox 2199 4670 2345 4743; x_wconf 70' lang='grc' dir='ltr'><strong>ἀμὴν</strong></span> <span class='ocrx_word' id='word_1_655' title='bbox 2390 4668 2535 4738; x_wconf 80' lang='grc' dir='ltr'>λέγω</span> <span class='ocrx_word' id='word_1_656' title='bbox 2568 4666 2719 4738; x_wconf 81' lang='grc' dir='ltr'>ὑμῖν,</span> <span class='ocrx_word' id='word_1_657' title='bbox 2764 4664 2846 4718; x_wconf 80' lang='grc' dir='ltr'><strong>ὅτι</strong></span> <span class='ocrx_word' id='word_1_658' title='bbox 2890 4659 3000 4731; x_wconf 78' lang='grc' dir='ltr'><strong>ἐγώ</strong></span> <span class='ocrx_word' id='word_1_659' title='bbox 3030 4662 3145 4731; x_wconf 75' lang='grc' dir='ltr'>εἰμι</span> <span class='ocrx_word' id='word_1_660' title='bbox 3183 4657 3217 4727; x_wconf 86' lang='grc' dir='ltr'><strong>ή</strong></span> <span class='ocrx_word' id='word_1_661' title='bbox 3249 4655 3393 4726; x_wconf 86' lang='grc' dir='ltr'>θύρα</span> <span class='ocrx_word' id='word_1_662' title='bbox 3433 4652 3542 4708; x_wconf 82' lang='grc' dir='ltr'><strong>τῶν</strong></span> <span class='ocrx_word' id='word_1_663' title='bbox 3572 4641 3751 4718; x_wconf 75' lang='grc' dir='ltr'>προσά-</span> 
     </span>
    </p>
   </div>
   <div class='ocr_carea' id='block_1_97' title="bbox 2199 4780 2389 4818">
    <p class='ocr_par' dir='ltr' id='par_1_97' title="bbox 2199 4780 2389 4818">
     <span class='ocr_line' id='line_1_97' title="bbox 2199 4780 2389 4818; baseline -0.026 -1"><span class='ocrx_word' id='word_1_664' title='bbox 2199 4780 2332 4818; x_wconf 87' lang='grc' dir='ltr'>των.</span> <span class='ocrx_word' id='word_1_665' title='bbox 2370 4780 2389 4812; x_wconf 80' lang='grc'><strong>)</strong></span> 
     </span>
    </p>
   </div>
   <div class='ocr_carea' id='block_1_98' title="bbox 2270 4850 3750 4944">
    <p class='ocr_par' dir='ltr' id='par_1_98' title="bbox 2270 4850 3750 4944">
     <span class='ocr_line' id='line_1_98' title="bbox 2270 4850 3750 4944; baseline -0.012 -18"><span class='ocrx_word' id='word_1_666' title='bbox 2270 4873 2423 4944; x_wconf 87' lang='grc' dir='ltr'>Θύρα</span> <span class='ocrx_word' id='word_1_667' title='bbox 2450 4871 2597 4924; x_wconf 71' lang='grc' dir='ltr'>ἐστὶν</span> <span class='ocrx_word' id='word_1_668' title='bbox 2624 4870 2652 4921; x_wconf 93' lang='lat'><strong>6</strong></span> <span class='ocrx_word' id='word_1_669' title='bbox 2678 4852 2935 4940; x_wconf 66' lang='grc' dir='ltr'>Χριστὸς,</span> <span class='ocrx_word' id='word_1_670' title='bbox 2972 4865 3047 4928; x_wconf 83' lang='grc' dir='ltr'><strong>ὡς</strong></span> <span class='ocrx_word' id='word_1_671' title='bbox 3074 4861 3380 4917; x_wconf 83' lang='grc' dir='ltr'>ἀποκλείων</span> <span class='ocrx_word' id='word_1_672' title='bbox 3406 4858 3479 4913; x_wconf 77' lang='grc' dir='ltr'><strong>τά</strong></span> <span class='ocrx_word' id='word_1_673' title='bbox 3510 4850 3750 4944; x_wconf 59' lang='grc' dir='ltr'>πρόῦαξαι</span> 
     </span>
    </p>
   </div>
   <div class='ocr_carea' id='block_1_99' title="bbox 2197 4939 3751 5029">
    <p class='ocr_par' dir='ltr' id='par_1_99' title="bbox 2197 4939 3751 5029">
     <span class='ocr_line' id='line_1_99' title="bbox 2197 4939 3751 5029; baseline 0.012 -17"><span class='ocrx_word' id='word_1_674' title='bbox 2197 4965 2325 5027; x_wconf 73' lang='grc' dir='ltr'>τοὺς</span> <span class='ocrx_word' id='word_1_675' title='bbox 2353 4939 2422 5016; x_wconf 34' lang='grc' dir='ltr'>-δέ</span> <span class='ocrx_word' id='word_1_676' title='bbox 2457 4961 2698 5024; x_wconf 82' lang='grc' dir='ltr'>κλέπτας</span> <span class='ocrx_word' id='word_1_677' title='bbox 2737 4939 3021 5029; x_wconf 67' lang='grc' dir='ltr'>ἀπείργων</span> <span class='ocrx_word' id='word_1_678' title='bbox 3055 4954 3151 5009; x_wconf 66' lang='grc' dir='ltr'>καὶ</span> <span class='ocrx_word' id='word_1_679' title='bbox 3188 4952 3431 5022; x_wconf 74' lang='grc' dir='ltr'>ἐλέγχων</span> <span class='ocrx_word' id='word_1_680' title='bbox 3452 4966 3467 4982; x_wconf 76' lang='grc'><strong>⁸</strong></span> <span class='ocrx_word' id='word_1_681' title='bbox 3524 4947 3637 5016; x_wconf 59' lang='grc' dir='ltr'><strong>ἢτοι</strong></span> <span class='ocrx_word' id='word_1_682' title='bbox 3681 4939 3751 5029; x_wconf 50' lang='lat'><strong>6.“</strong></span> 
     </span>
    </p>
   </div>
   <div class='ocr_carea' id='block_1_100' title="bbox 2197 5023 3751 5123">
    <p class='ocr_par' dir='ltr' id='par_1_100' title="bbox 2197 5023 3751 5123">
     <span class='ocr_line' id='line_1_100' title="bbox 2197 5023 3751 5123; baseline -0.017 -15"><span class='ocrx_word' id='word_1_683' title='bbox 2197 5054 2285 5108; x_wconf 71' lang='grc' dir='ltr'>διὰ</span> <span class='ocrx_word' id='word_1_684' title='bbox 2307 5023 2485 5123; x_wconf 65' lang='grc' dir='ltr'><strong>⁷μόνης</strong></span> <span class='ocrx_word' id='word_1_685' title='bbox 2520 5050 2620 5119; x_wconf 83' lang='grc' dir='ltr'>τῆς</span> <span class='ocrx_word' id='word_1_686' title='bbox 2651 5050 2730 5111; x_wconf 89' lang='grc' dir='ltr'><strong>είς</strong></span> <span class='ocrx_word' id='word_1_687' title='bbox 2773 5023 2937 5099; x_wconf 52' lang='grc' dir='ltr'>αὐτόν</span> <span class='ocrx_word' id='word_1_688' title='bbox 2966 5044 3202 5105; x_wconf 87' lang='grc' dir='ltr'>πίστεως</span> <span class='ocrx_word' id='word_1_689' title='bbox 3234 5036 3601 5110; x_wconf 66' lang='grc' dir='ltr'>εἰσερχόμεθα</span> <span class='ocrx_word' id='word_1_690' title='bbox 3632 5023 3751 5123; x_wconf 60' lang='grc' dir='ltr'>πρὸς</span> 
     </span>
    </p>
   </div>
   <div class='ocr_carea' id='block_1_101' title="bbox 2196 5120 3750 5213">
    <p class='ocr_par' dir='ltr' id='par_1_101' title="bbox 2196 5120 3750 5213">
     <span class='ocr_line' id='line_1_101' title="bbox 2196 5120 3750 5213; baseline -0.013 -14"><span class='ocrx_word' id='word_1_691' title='bbox 2196 5148 2287 5199; x_wconf 76' lang='grc' dir='ltr'><strong>τὸν</strong></span> <span class='ocrx_word' id='word_1_692' title='bbox 2319 5142 2535 5213; x_wconf 82' lang='grc' dir='ltr'>Πατέρα</span> <span class='ocrx_word' id='word_1_693' title='bbox 2555 5182 2569 5208; x_wconf 87' lang='grc'><em>,</em></span> <span class='ocrx_word' id='word_1_694' title='bbox 2604 5141 2698 5195; x_wconf 77' lang='grc' dir='ltr'>καὶ</span> <span class='ocrx_word' id='word_1_695' title='bbox 2731 5135 3086 5205; x_wconf 80' lang='grc' dir='ltr'>οἰκειούμεθα</span> <span class='ocrx_word' id='word_1_696' title='bbox 3114 5132 3298 5204; x_wconf 78' lang='grc' dir='ltr'>αὐτῷ’</span> <span class='ocrx_word' id='word_1_697' title='bbox 3336 5131 3371 5201; x_wconf 80' lang='grc' dir='ltr'>ἢ</span> <span class='ocrx_word' id='word_1_698' title='bbox 3397 5131 3482 5183; x_wconf 74' lang='grc' dir='ltr'>ὅτι</span> <span class='ocrx_word' id='word_1_699' title='bbox 3511 5125 3577 5181; x_wconf 83' lang='grc' dir='ltr'><strong>δι’</strong></span> <span class='ocrx_word' id='word_1_700' title='bbox 3602 5120 3750 5175; x_wconf 58' lang='grc' dir='ltr'>αὑτοῦ</span> 
     </span>
    </p>
   </div>
   <div class='ocr_carea' id='block_1_102' title="bbox 2196 5214 3753 5310">
    <p class='ocr_par' dir='ltr' id='par_1_102' title="bbox 2196 5214 3753 5310">
     <span class='ocr_line' id='line_1_102' title="bbox 2196 5214 3753 5310; baseline -0.015 -19"><span class='ocrx_word' id='word_1_701' title='bbox 2196 5236 2468 5310; x_wconf 81' lang='grc' dir='ltr'>ἐρχόμεθα</span> <span class='ocrx_word' id='word_1_702' title='bbox 2504 5237 2582 5298; x_wconf 88' lang='grc' dir='ltr'><strong>είς</strong></span> <span class='ocrx_word' id='word_1_703' title='bbox 2622 5233 2684 5286; x_wconf 83' lang='grc' dir='ltr'>τὸ</span> <span class='ocrx_word' id='word_1_704' title='bbox 2726 5230 2998 5302; x_wconf 77' lang='grc' dir='ltr'>κατάρξαι</span> <span class='ocrx_word' id='word_1_705' title='bbox 3043 5228 3188 5282; x_wconf 83' lang='grc' dir='ltr'>λαῶν</span> <span class='ocrx_word' id='word_1_706' title='bbox 3211 5242 3224 5254; x_wconf 90' lang='grc'><strong>·</strong></span> <span class='ocrx_word' id='word_1_707' title='bbox 3265 5225 3299 5297; x_wconf 80' lang='grc' dir='ltr'><strong>ἦ</strong></span> <span class='ocrx_word' id='word_1_708' title='bbox 3329 5225 3413 5278; x_wconf 79' lang='grc' dir='ltr'>ὃτι</span> <span class='ocrx_word' id='word_1_709' title='bbox 3440 5221 3562 5282; x_wconf 74' lang='grc' dir='ltr'>τοὺς</span> <span class='ocrx_word' id='word_1_710' title='bbox 3592 5214 3753 5310; x_wconf 57' lang='grc' dir='ltr'>ἀξίους</span> 
     </span>
    </p>
   </div>
   <div class='ocr_carea' id='block_1_103' title="bbox 2198 5305 3755 5394">
    <p class='ocr_par' dir='ltr' id='par_1_103' title="bbox 2198 5305 3755 5394">
     <span class='ocr_line' id='line_1_103' title="bbox 2198 5305 3755 5394; baseline -0.015 -14"><span class='ocrx_word' id='word_1_711' title='bbox 2198 5325 2497 5394; x_wconf 76' lang='grc' dir='ltr'>εἰσδέχεται</span> <span class='ocrx_word' id='word_1_712' title='bbox 2529 5326 2608 5387; x_wconf 87' lang='grc' dir='ltr'><strong>είς</strong></span> <span class='ocrx_word' id='word_1_713' title='bbox 2640 5323 2734 5394; x_wconf 76' lang='grc' dir='ltr'>τὴν</span> <span class='ocrx_word' id='word_1_714' title='bbox 2757 5321 2910 5393; x_wconf 78' lang='grc' dir='ltr'>ἱερὰν</span> <span class='ocrx_word' id='word_1_715' title='bbox 2931 5319 3122 5391; x_wconf 79' lang='grc' dir='ltr'>αὐλὴν,</span> <span class='ocrx_word' id='word_1_716' title='bbox 3146 5321 3260 5381; x_wconf 84' lang='grc' dir='ltr'>τοῖς</span> <span class='ocrx_word' id='word_1_717' title='bbox 3287 5317 3345 5370; x_wconf 83' lang='grc' dir='ltr'>δὲ</span> <span class='ocrx_word' id='word_1_718' title='bbox 3373 5311 3610 5377; x_wconf 79' lang='grc' dir='ltr'>ἀναξίοις</span> <span class='ocrx_word' id='word_1_719' title='bbox 3639 5305 3755 5358; x_wconf 73' lang='grc' dir='ltr'>ἀτω-</span> 
     </span>
    </p>
   </div>
   <div class='ocr_carea' id='block_1_104' title="bbox 2194 5414 2757 5486">
    <p class='ocr_par' dir='ltr' id='par_1_104' title="bbox 2194 5414 2757 5486">
     <span class='ocr_line' id='line_1_104' title="bbox 2194 5414 2757 5486; baseline -0.007 -14"><span class='ocrx_word' id='word_1_720' title='bbox 2194 5415 2370 5473; x_wconf 88' lang='grc' dir='ltr'>κλείει</span> <span class='ocrx_word' id='word_1_721' title='bbox 2398 5414 2497 5486; x_wconf 85' lang='grc' dir='ltr'>τὴν</span> <span class='ocrx_word' id='word_1_722' title='bbox 2525 5415 2757 5469; x_wconf 74' lang='grc' dir='ltr'>εἴσοδον.</span> 
     </span>
    </p>
   </div>
   <div class='ocr_carea' id='block_1_105' title="bbox 2274 5482 3751 5602">
    <p class='ocr_par' dir='ltr' id='par_1_105' title="bbox 2274 5482 3751 5602">
     <span class='ocr_line' id='line_1_105' title="bbox 2274 5482 3751 5602; baseline -0.014 -16"><span class='ocrx_word' id='word_1_723' title='bbox 2274 5550 2294 5585; x_wconf 84' lang='grc' dir='ltr'><strong>ι</strong></span> <span class='ocrx_word' id='word_1_724' title='bbox 2343 5482 2486 5599; x_wconf 71' lang='grc' dir='ltr'><strong>Ἐγιῦ</strong></span> <span class='ocrx_word' id='word_1_725' title='bbox 2518 5530 2635 5602; x_wconf 82' lang='grc' dir='ltr'>είμι</span> <span class='ocrx_word' id='word_1_726' title='bbox 2680 5526 2906 5601; x_wconf 84' lang='grc' dir='ltr'>ήθύρα.</span> <span class='ocrx_word' id='word_1_727' title='bbox 2952 5525 3029 5581; x_wconf 75' lang='grc' dir='ltr'><strong>Δι’</strong></span> <span class='ocrx_word' id='word_1_728' title='bbox 3077 5522 3213 5598; x_wconf 79' lang='grc' dir='ltr'>ἐμοῦ</span> <span class='ocrx_word' id='word_1_729' title='bbox 3261 5482 3361 5577; x_wconf 79' lang='grc' dir='ltr'><strong>ἐάν</strong></span> <span class='ocrx_word' id='word_1_730' title='bbox 3406 5535 3493 5583; x_wconf 85' lang='grc' dir='ltr'><strong>τις</strong></span> <span class='ocrx_word' id='word_1_731' title='bbox 3519 5505 3751 5580; x_wconf 60' lang='lat' dir='ltr'><strong>station.</strong></span> 
     </span>
    </p>
   </div>
  </div>
