  <div class='ocr_page' id='page_1' title='image "/cluster/home/n/w/nwhite01/storage/ocr_20150623/85/mdp.39015032042783/738.png"; bbox 0 0 4038 6148; ppageno 0'>
   <div class='ocr_carea' id='block_1_1' title="bbox 366 321 494 386">
    <p class='ocr_par' dir='ltr' id='par_1_1' title="bbox 366 321 494 386">
     <span class='ocr_line' id='line_1_1' title="bbox 366 321 494 386; baseline 0.016 -2"><span class='ocrx_word' id='word_1_1' title='bbox 366 321 494 386; x_wconf 71' lang='lat' dir='ltr'><strong>lit”)!</strong></span> 
     </span>
    </p>
   </div>
   <div class='ocr_carea' id='block_1_2' title="bbox 1400 322 2505 385">
    <p class='ocr_par' dir='ltr' id='par_1_2' title="bbox 1400 322 2505 385">
     <span class='ocr_line' id='line_1_2' title="bbox 1400 322 2505 385; baseline 0.004 -4"><span class='ocrx_word' id='word_1_2' title='bbox 1400 322 1862 382; x_wconf 67' lang='lat' dir='ltr'><strong>FRAGMENTA</strong></span> <span class='ocrx_word' id='word_1_3' title='bbox 1912 323 1991 382; x_wconf 90' lang='lat' dir='ltr'><strong>IN</strong></span> <span class='ocrx_word' id='word_1_4' title='bbox 2030 323 2089 383; x_wconf 91' lang='lat' dir='ltr'><strong>S.</strong></span> <span class='ocrx_word' id='word_1_5' title='bbox 2130 324 2505 385; x_wconf 58' lang='lat' dir='ltr'><strong>JOANN&#39;ENI.</strong></span> 
     </span>
    </p>
   </div>
   <div class='ocr_carea' id='block_1_3' title="bbox 3486 322 3632 389">
    <p class='ocr_par' dir='ltr' id='par_1_3' title="bbox 3486 322 3632 389">
     <span class='ocr_line' id='line_1_3' title="bbox 3486 322 3632 389; baseline 0.014 -2"><span class='ocrx_word' id='word_1_6' title='bbox 3486 322 3632 389; x_wconf 63' lang='lat'><strong>1462</strong></span> 
     </span>
    </p>
   </div>
   <div class='ocr_carea' id='block_1_4' title="bbox 362 427 1928 505">
    <p class='ocr_par' dir='ltr' id='par_1_4' title="bbox 362 429 1928 505">
     <span class='ocr_line' id='line_1_4' title="bbox 362 429 1928 505; baseline -0.004 -16"><span class='ocrx_word' id='word_1_7' title='bbox 362 435 701 505; x_wconf 83' lang='grc' dir='ltr'>σωθήσεται·</span> <span class='ocrx_word' id='word_1_8' title='bbox 734 434 829 488; x_wconf 71' lang='grc' dir='ltr'>καὶ</span> <span class='ocrx_word' id='word_1_9' title='bbox 861 431 1232 487; x_wconf 69' lang='grc' dir='ltr'>εἰσελεύσεται</span> <span class='ocrx_word' id='word_1_10' title='bbox 1255 470 1268 496; x_wconf 96' lang='grc'><strong>,</strong></span> <span class='ocrx_word' id='word_1_11' title='bbox 1304 436 1399 486; x_wconf 78' lang='grc' dir='ltr'>καὶ</span> <span class='ocrx_word' id='word_1_12' title='bbox 1431 429 1811 498; x_wconf 84' lang='grc' dir='ltr'>ἐξελεύσεται,</span> <span class='ocrx_word' id='word_1_13' title='bbox 1845 429 1928 485; x_wconf 67' lang='grc' dir='ltr'>κα]</span> 
     </span>
    </p>
   </div>
   <div class='ocr_carea' id='block_1_5' title="bbox 2027 427 3620 505">
    <p class='ocr_par' dir='ltr' id='par_1_5' title="bbox 2045 427 3620 501">
     <span class='ocr_line' id='line_1_5' title="bbox 2045 427 3620 501; baseline 0.006 -21"><span class='ocrx_word' id='word_1_14' title='bbox 2045 429 2276 495; x_wconf 87' lang='lat' dir='ltr'><strong>troierit,</strong></span> <span class='ocrx_word' id='word_1_15' title='bbox 2305 431 2602 485; x_wconf 82' lang='lat' dir='ltr'><strong>salvabitur</strong></span> <span class='ocrx_word' id='word_1_16' title='bbox 2628 445 2643 483; x_wconf 91' lang='lat'><strong>:</strong></span> <span class='ocrx_word' id='word_1_17' title='bbox 2674 437 2729 486; x_wconf 87' lang='lat' dir='ltr'><strong>et</strong></span> <span class='ocrx_word' id='word_1_18' title='bbox 2756 427 3114 499; x_wconf 72' lang='lat' dir='ltr'><strong>ingredietur,</strong></span> <span class='ocrx_word' id='word_1_19' title='bbox 3142 439 3194 486; x_wconf 88' lang='lat' dir='ltr'><strong>et</strong></span> <span class='ocrx_word' id='word_1_20' title='bbox 3210 431 3541 501; x_wconf 82' lang='lat' dir='ltr'><strong>egredietur,</strong></span> <span class='ocrx_word' id='word_1_21' title='bbox 3565 446 3620 489; x_wconf 88' lang='lat' dir='ltr'><strong>et</strong></span> 
     </span>
    </p>
   </div>
   <div class='ocr_carea' id='block_1_6' title="bbox 360 525 957 596">
    <p class='ocr_par' dir='ltr' id='par_1_6' title="bbox 360 525 957 596">
     <span class='ocr_line' id='line_1_6' title="bbox 360 525 957 596; baseline -0.003 -18"><span class='ocrx_word' id='word_1_22' title='bbox 360 526 530 596; x_wconf 82' lang='grc' dir='ltr'>νομὴν</span> <span class='ocrx_word' id='word_1_23' title='bbox 558 525 803 595; x_wconf 81' lang='grc' dir='ltr'>εὑρήσει.</span> <span class='ocrx_word' id='word_1_24' title='bbox 838 542 858 575; x_wconf 73' lang='grc' dir='ltr'><strong>ι</strong></span> <span class='ocrx_word' id='word_1_25' title='bbox 952 580 957 585; x_wconf 53' lang='grc'><strong>,</strong></span> 
     </span>
    </p>
   </div>
   <div class='ocr_carea' id='block_1_7' title="bbox 432 609 1938 686">
    <p class='ocr_par' dir='ltr' id='par_1_7' title="bbox 432 609 1938 686">
     <span class='ocr_line' id='line_1_7' title="bbox 432 609 1938 686; baseline -0.004 -15"><span class='ocrx_word' id='word_1_26' title='bbox 432 618 494 671; x_wconf 84' lang='grc' dir='ltr'><strong>Οἱ</strong></span> <span class='ocrx_word' id='word_1_27' title='bbox 525 612 745 680; x_wconf 78' lang='grc' dir='ltr'>πιστοὶ,</span> <span class='ocrx_word' id='word_1_28' title='bbox 777 616 854 679; x_wconf 83' lang='grc' dir='ltr'>ὡς</span> <span class='ocrx_word' id='word_1_29' title='bbox 902 615 990 669; x_wconf 60' lang='grc' dir='ltr'><strong>διὰ</strong></span> <span class='ocrx_word' id='word_1_30' title='bbox 1022 613 1193 686; x_wconf 85' lang='grc' dir='ltr'>θύρας</span> <span class='ocrx_word' id='word_1_31' title='bbox 1220 652 1235 677; x_wconf 94' lang='grc'><strong>,</strong></span> <span class='ocrx_word' id='word_1_32' title='bbox 1284 613 1373 667; x_wconf 81' lang='grc' dir='ltr'>διά</span> <span class='ocrx_word' id='word_1_33' title='bbox 1411 609 1652 685; x_wconf 81' lang='grc' dir='ltr'>Χριστοῦ</span> <span class='ocrx_word' id='word_1_34' title='bbox 1704 612 1785 677; x_wconf 71' lang='grc' dir='ltr'><strong>εἰς</strong></span> <span class='ocrx_word' id='word_1_35' title='bbox 1835 612 1938 683; x_wconf 85' lang='grc' dir='ltr'>τὴν</span> 
     </span>
    </p>
   </div>
   <div class='ocr_carea' id='block_1_8' title="bbox 358 708 1267 781">
    <p class='ocr_par' dir='ltr' id='par_1_8' title="bbox 358 708 1267 781">
     <span class='ocr_line' id='line_1_8' title="bbox 358 708 1267 781; baseline -0.002 -18"><span class='ocrx_word' id='word_1_36' title='bbox 358 708 576 763; x_wconf 80' lang='grc' dir='ltr'>αἰώνιον</span> <span class='ocrx_word' id='word_1_37' title='bbox 610 708 752 781; x_wconf 80' lang='grc' dir='ltr'>ζωὴν</span> <span class='ocrx_word' id='word_1_38' title='bbox 776 708 1267 780; x_wconf 86' lang='grc' dir='ltr'>παραπέμπονται.</span> 
     </span>
    </p>
   </div>
   <div class='ocr_carea' id='block_1_9' title="bbox 429 787 1938 871">
    <p class='ocr_par' dir='ltr' id='par_1_9' title="bbox 429 787 1938 871">
     <span class='ocr_line' id='line_1_9' title="bbox 429 787 1938 871; baseline -0.003 -18"><span class='ocrx_word' id='word_1_39' title='bbox 429 800 587 871; x_wconf 87' lang='grc' dir='ltr'>Νομή</span> <span class='ocrx_word' id='word_1_40' title='bbox 618 802 731 853; x_wconf 88' lang='grc' dir='ltr'>ἐστι</span> <span class='ocrx_word' id='word_1_41' title='bbox 766 800 837 852; x_wconf 79' lang='grc' dir='ltr'>τὰ</span> <span class='ocrx_word' id='word_1_42' title='bbox 870 801 988 852; x_wconf 85' lang='grc' dir='ltr'>θεῖα</span> <span class='ocrx_word' id='word_1_43' title='bbox 1016 797 1347 868; x_wconf 77' lang='grc' dir='ltr'><strong>διδάγματα,</strong></span> <span class='ocrx_word' id='word_1_44' title='bbox 1381 787 1457 851; x_wconf 78' lang='grc' dir='ltr'>ὧν</span> <span class='ocrx_word' id='word_1_45' title='bbox 1489 796 1861 850; x_wconf 78' lang='grc' dir='ltr'><strong>ἀπολαύουσιν</strong></span> <span class='ocrx_word' id='word_1_46' title='bbox 1888 798 1938 850; x_wconf 81' lang='grc' dir='ltr'><strong>οι</strong></span> 
     </span>
    </p>
   </div>
   <div class='ocr_carea' id='block_1_10' title="bbox 359 887 1941 963">
    <p class='ocr_par' dir='ltr' id='par_1_10' title="bbox 359 887 1941 963">
     <span class='ocr_line' id='line_1_10' title="bbox 359 887 1941 963; baseline -0.004 -18"><span class='ocrx_word' id='word_1_47' title='bbox 359 892 563 945; x_wconf 81' lang='grc' dir='ltr'>πιστοί.</span> <span class='ocrx_word' id='word_1_48' title='bbox 601 892 751 963; x_wconf 90' lang='grc' dir='ltr'>Θύρα</span> <span class='ocrx_word' id='word_1_49' title='bbox 782 891 933 944; x_wconf 80' lang='grc' dir='ltr'>ἐστὶν</span> <span class='ocrx_word' id='word_1_50' title='bbox 961 891 990 942; x_wconf 98' lang='lat'><strong>6</strong></span> <span class='ocrx_word' id='word_1_51' title='bbox 1031 889 1124 943; x_wconf 85' lang='grc' dir='ltr'>τοῦ</span> <span class='ocrx_word' id='word_1_52' title='bbox 1159 888 1295 942; x_wconf 88' lang='grc' dir='ltr'>Θεοῦ</span> <span class='ocrx_word' id='word_1_53' title='bbox 1342 889 1552 955; x_wconf 79' lang='grc' dir='ltr'>Λόγος,</span> <span class='ocrx_word' id='word_1_54' title='bbox 1588 888 1828 956; x_wconf 75' lang='grc' dir='ltr'>εἰσάγων</span> <span class='ocrx_word' id='word_1_55' title='bbox 1859 887 1941 950; x_wconf 78' lang='grc' dir='ltr'><strong>εἰς</strong></span> 
     </span>
    </p>
   </div>
   <div class='ocr_carea' id='block_1_11' title="bbox 358 976 1935 1049">
    <p class='ocr_par' dir='ltr' id='par_1_11' title="bbox 358 976 1935 1049">
     <span class='ocr_line' id='line_1_11' title="bbox 358 976 1935 1049; baseline -0.003 -16"><span class='ocrx_word' id='word_1_56' title='bbox 358 981 713 1049; x_wconf 81' lang='grc' dir='ltr'>θεογνωσίαν,</span> <span class='ocrx_word' id='word_1_57' title='bbox 749 981 845 1034; x_wconf 68' lang='grc' dir='ltr'><strong>καὶ</strong></span> <span class='ocrx_word' id='word_1_58' title='bbox 873 980 922 1033; x_wconf 82' lang='grc' dir='ltr'>οἱ</span> <span class='ocrx_word' id='word_1_59' title='bbox 969 980 1037 1033; x_wconf 81' lang='grc' dir='ltr'>δι’</span> <span class='ocrx_word' id='word_1_60' title='bbox 1092 979 1261 1033; x_wconf 73' lang='grc' dir='ltr'>αὑτοῦ</span> <span class='ocrx_word' id='word_1_61' title='bbox 1293 978 1665 1042; x_wconf 75' lang='grc' dir='ltr'><strong>εἰσελθόντες,</strong></span> <span class='ocrx_word' id='word_1_62' title='bbox 1702 977 1808 1044; x_wconf 77' lang='grc' dir='ltr'><strong>ἔξω</strong></span> <span class='ocrx_word' id='word_1_63' title='bbox 1843 976 1935 1030; x_wconf 80' lang='grc' dir='ltr'>τοῦ</span> 
     </span>
    </p>
   </div>
   <div class='ocr_carea' id='block_1_12' title="bbox 358 1069 1547 1139">
    <p class='ocr_par' dir='ltr' id='par_1_12' title="bbox 358 1069 1547 1139">
     <span class='ocr_line' id='line_1_12' title="bbox 358 1069 1547 1139; baseline -0.001 -16"><span class='ocrx_word' id='word_1_64' title='bbox 358 1071 563 1139; x_wconf 78' lang='grc' dir='ltr'><strong>κόσμου</strong></span> <span class='ocrx_word' id='word_1_65' title='bbox 591 1071 852 1136; x_wconf 86' lang='grc' dir='ltr'>γίνονται.</span> <span class='ocrx_word' id='word_1_66' title='bbox 1536 1069 1547 1083; x_wconf 88' lang='lat'><strong>&#39;</strong></span> 
     </span>
    </p>
   </div>
   <div class='ocr_carea' id='block_1_13' title="bbox 433 1149 1937 1230">
    <p class='ocr_par' dir='ltr' id='par_1_13' title="bbox 433 1149 1937 1230">
     <span class='ocr_line' id='line_1_13' title="bbox 433 1149 1937 1230; baseline -0.002 -19"><span class='ocrx_word' id='word_1_67' title='bbox 433 1179 451 1211; x_wconf 79' lang='grc' dir='ltr'><strong>ι</strong></span> <span class='ocrx_word' id='word_1_68' title='bbox 498 1159 557 1213; x_wconf 83' lang='grc' dir='ltr'><strong>Ὀ</strong></span> <span class='ocrx_word' id='word_1_69' title='bbox 583 1160 854 1228; x_wconf 83' lang='grc' dir='ltr'>μισθωτὸς</span> <span class='ocrx_word' id='word_1_70' title='bbox 878 1159 957 1224; x_wconf 88' lang='grc' dir='ltr'><strong>δέ,</strong></span> <span class='ocrx_word' id='word_1_71' title='bbox 991 1159 1086 1212; x_wconf 70' lang='grc' dir='ltr'>καὶ</span> <span class='ocrx_word' id='word_1_72' title='bbox 1115 1158 1216 1211; x_wconf 78' lang='grc' dir='ltr'><strong>οὐκ</strong></span> <span class='ocrx_word' id='word_1_73' title='bbox 1244 1155 1319 1210; x_wconf 85' lang='grc' dir='ltr'><strong>ῶν</strong></span> <span class='ocrx_word' id='word_1_74' title='bbox 1348 1157 1576 1230; x_wconf 75' lang='grc' dir='ltr'>ποιμὴν,</span> <span class='ocrx_word' id='word_1_75' title='bbox 1610 1149 1672 1212; x_wconf 70' lang='grc' dir='ltr'>οὗ</span> <span class='ocrx_word' id='word_1_76' title='bbox 1696 1156 1795 1210; x_wconf 85' lang='grc' dir='ltr'><strong>ούκ</strong></span> <span class='ocrx_word' id='word_1_77' title='bbox 1830 1156 1937 1209; x_wconf 73' lang='grc' dir='ltr'>εἰσὶ</span> 
     </span>
    </p>
   </div>
   <div class='ocr_carea' id='block_1_14' title="bbox 354 1247 1936 1323">
    <p class='ocr_par' dir='ltr' id='par_1_14' title="bbox 354 1247 1936 1323">
     <span class='ocr_line' id='line_1_14' title="bbox 354 1247 1936 1323; baseline -0.004 -18"><span class='ocrx_word' id='word_1_78' title='bbox 354 1251 423 1305; x_wconf 69' lang='grc' dir='ltr'>τὰ</span> <span class='ocrx_word' id='word_1_79' title='bbox 456 1250 707 1323; x_wconf 86' lang='grc' dir='ltr'>πρόϐατα</span> <span class='ocrx_word' id='word_1_80' title='bbox 752 1250 879 1316; x_wconf 69' lang='lat' dir='ltr'><strong>tam,</strong></span> <span class='ocrx_word' id='word_1_81' title='bbox 918 1251 1118 1321; x_wconf 79' lang='grc' dir='ltr'>θεωρεῖ</span> <span class='ocrx_word' id='word_1_82' title='bbox 1150 1249 1239 1302; x_wconf 80' lang='grc' dir='ltr'><strong>τὸν</strong></span> <span class='ocrx_word' id='word_1_83' title='bbox 1288 1247 1452 1302; x_wconf 83' lang='grc' dir='ltr'>λύκον</span> <span class='ocrx_word' id='word_1_84' title='bbox 1482 1248 1796 1319; x_wconf 76' lang='grc' dir='ltr'><strong>ἐρχόμενον,</strong></span> <span class='ocrx_word' id='word_1_85' title='bbox 1839 1248 1936 1301; x_wconf 81' lang='grc' dir='ltr'>καὶ</span> 
     </span>
    </p>
   </div>
   <div class='ocr_carea' id='block_1_15' title="bbox 355 1340 1933 1413">
    <p class='ocr_par' dir='ltr' id='par_1_15' title="bbox 355 1340 1933 1413">
     <span class='ocr_line' id='line_1_15' title="bbox 355 1340 1933 1413; baseline -0.001 -18"><span class='ocrx_word' id='word_1_86' title='bbox 355 1344 547 1413; x_wconf 78' lang='grc' dir='ltr'>ἀφίησι</span> <span class='ocrx_word' id='word_1_87' title='bbox 577 1342 647 1395; x_wconf 85' lang='grc' dir='ltr'>τὰ</span> <span class='ocrx_word' id='word_1_88' title='bbox 670 1343 939 1412; x_wconf 86' lang='grc' dir='ltr'>πρόϐατα,</span> <span class='ocrx_word' id='word_1_89' title='bbox 975 1342 1069 1397; x_wconf 74' lang='grc' dir='ltr'><strong>καὶ</strong></span> <span class='ocrx_word' id='word_1_90' title='bbox 1104 1341 1338 1411; x_wconf 86' lang='grc' dir='ltr'>φεύγει·</span> <span class='ocrx_word' id='word_1_91' title='bbox 1372 1341 1468 1394; x_wconf 72' lang='grc' dir='ltr'><strong>καὶ</strong></span> <span class='ocrx_word' id='word_1_92' title='bbox 1508 1343 1536 1394; x_wconf 93' lang='lat'><strong>6</strong></span> <span class='ocrx_word' id='word_1_93' title='bbox 1558 1340 1721 1403; x_wconf 85' lang='grc' dir='ltr'>λύκος</span> <span class='ocrx_word' id='word_1_94' title='bbox 1748 1342 1933 1412; x_wconf 78' lang='grc' dir='ltr'>ἀρπά-</span> 
     </span>
    </p>
   </div>
   <div class='ocr_carea' id='block_1_16' title="bbox 355 1430 1546 1503">
    <p class='ocr_par' dir='ltr' id='par_1_16' title="bbox 355 1430 1546 1503">
     <span class='ocr_line' id='line_1_16' title="bbox 355 1430 1546 1503; baseline 0 -19"><span class='ocrx_word' id='word_1_95' title='bbox 355 1432 436 1497; x_wconf 79' lang='grc' dir='ltr'>ζει</span> <span class='ocrx_word' id='word_1_96' title='bbox 462 1432 601 1486; x_wconf 75' lang='grc' dir='ltr'>αὐτὰ</span> <span class='ocrx_word' id='word_1_97' title='bbox 622 1473 636 1496; x_wconf 93' lang='grc'><strong>,</strong></span> <span class='ocrx_word' id='word_1_98' title='bbox 665 1434 758 1485; x_wconf 58' lang='grc' dir='ltr'><strong>καὶ⁵</strong></span> <span class='ocrx_word' id='word_1_99' title='bbox 791 1430 1077 1503; x_wconf 74' lang='grc' dir='ltr'>σκορπίζει</span> <span class='ocrx_word' id='word_1_100' title='bbox 1104 1434 1173 1485; x_wconf 74' lang='grc' dir='ltr'>τὰ</span> <span class='ocrx_word' id='word_1_101' title='bbox 1212 1431 1482 1500; x_wconf 87' lang='grc' dir='ltr'>πρόϐατα.</span> <span class='ocrx_word' id='word_1_102' title='bbox 1525 1448 1546 1483; x_wconf 74' lang='grc' dir='ltr'><strong>ι</strong></span> 
     </span>
    </p>
   </div>
   <div class='ocr_carea' id='block_1_17' title="bbox 421 1543 1931 1617">
    <p class='ocr_par' dir='ltr' id='par_1_17' title="bbox 421 1543 1931 1617">
     <span class='ocr_line' id='line_1_17' title="bbox 421 1543 1931 1617; baseline -0.003 -16"><span class='ocrx_word' id='word_1_103' title='bbox 421 1547 707 1602; x_wconf 77' lang='grc' dir='ltr'>Μισθωτὺν</span> <span class='ocrx_word' id='word_1_104' title='bbox 736 1545 1046 1616; x_wconf 76' lang='grc' dir='ltr'>ἀμελοῦντα</span> <span class='ocrx_word' id='word_1_105' title='bbox 1067 1544 1177 1599; x_wconf 90' lang='grc' dir='ltr'><strong>τῶν</strong></span> <span class='ocrx_word' id='word_1_106' title='bbox 1205 1545 1517 1617; x_wconf 88' lang='grc' dir='ltr'>προϐάτων,</span> <span class='ocrx_word' id='word_1_107' title='bbox 1555 1544 1789 1598; x_wconf 69' lang='grc' dir='ltr'>ἕκαστον</span> <span class='ocrx_word' id='word_1_108' title='bbox 1821 1543 1931 1597; x_wconf 87' lang='grc' dir='ltr'><strong>τῶν</strong></span> 
     </span>
    </p>
   </div>
   <div class='ocr_carea' id='block_1_18' title="bbox 357 1634 1932 1710">
    <p class='ocr_par' dir='ltr' id='par_1_18' title="bbox 357 1634 1932 1710">
     <span class='ocr_line' id='line_1_18' title="bbox 357 1634 1932 1710; baseline -0.004 -17"><span class='ocrx_word' id='word_1_109' title='bbox 357 1641 633 1710; x_wconf 83' lang='grc' dir='ltr'>ἀρχόντων</span> <span class='ocrx_word' id='word_1_110' title='bbox 670 1637 763 1692; x_wconf 76' lang='grc' dir='ltr'><strong>τοῦ</strong></span> <span class='ocrx_word' id='word_1_111' title='bbox 791 1637 922 1691; x_wconf 82' lang='grc' dir='ltr'>λαοῦ</span> <span class='ocrx_word' id='word_1_112' title='bbox 957 1635 1253 1706; x_wconf 74' lang='grc' dir='ltr'>ὀνομάζει,</span> <span class='ocrx_word' id='word_1_113' title='bbox 1299 1635 1489 1708; x_wconf 83' lang='grc' dir='ltr'>ἐπειδὴ</span> <span class='ocrx_word' id='word_1_114' title='bbox 1524 1634 1677 1688; x_wconf 72' lang='grc' dir='ltr'>οὐδὲν</span> <span class='ocrx_word' id='word_1_115' title='bbox 1713 1635 1932 1689; x_wconf 77' lang='grc' dir='ltr'>ἐποίουν</span> 
     </span>
    </p>
   </div>
   <div class='ocr_carea' id='block_1_19' title="bbox 354 1726 2007 1818">
    <p class='ocr_par' dir='ltr' id='par_1_19' title="bbox 354 1726 2007 1818">
     <span class='ocr_line' id='line_1_19' title="bbox 354 1726 2007 1818; baseline -0.002 -35"><span class='ocrx_word' id='word_1_116' title='bbox 354 1733 434 1792; x_wconf 74' lang='grc' dir='ltr'><strong>εἰς</strong></span> <span class='ocrx_word' id='word_1_117' title='bbox 448 1731 711 1799; x_wconf 83' lang='grc' dir='ltr'>ὠφέλειαν</span> <span class='ocrx_word' id='word_1_118' title='bbox 733 1730 839 1783; x_wconf 91' lang='grc' dir='ltr'><strong>τῶν</strong></span> <span class='ocrx_word' id='word_1_119' title='bbox 867 1728 1035 1792; x_wconf 87' lang='grc' dir='ltr'>λαῶν,</span> <span class='ocrx_word' id='word_1_120' title='bbox 1060 1728 1174 1781; x_wconf 86' lang='grc' dir='ltr'>ἀλλ’</span> <span class='ocrx_word' id='word_1_121' title='bbox 1203 1726 1276 1791; x_wconf 81' lang='grc' dir='ltr'>ὡς</span> <span class='ocrx_word' id='word_1_122' title='bbox 1300 1727 1570 1799; x_wconf 84' lang='grc' dir='ltr'>ἀλλότριοι</span> <span class='ocrx_word' id='word_1_123' title='bbox 1599 1727 1926 1798; x_wconf 84' lang='grc' dir='ltr'>ἁπέσχηντο.</span> <span class='ocrx_word' id='word_1_124' title='bbox 1965 1763 2007 1818; x_wconf 70' lang='grc' dir='ltr'><strong><em>Β</em></strong></span> 
     </span>
    </p>
   </div>
   <div class='ocr_carea' id='block_1_20' title="bbox 354 1819 1928 1893">
    <p class='ocr_par' dir='ltr' id='par_1_20' title="bbox 354 1819 1928 1893">
     <span class='ocr_line' id='line_1_20' title="bbox 354 1819 1928 1893; baseline -0.001 -17"><span class='ocrx_word' id='word_1_125' title='bbox 354 1824 429 1876; x_wconf 78' lang='grc' dir='ltr'><strong>υύ</strong></span> <span class='ocrx_word' id='word_1_126' title='bbox 477 1823 586 1891; x_wconf 73' lang='grc' dir='ltr'><strong>γὰρ</strong></span> <span class='ocrx_word' id='word_1_127' title='bbox 617 1819 754 1893; x_wconf 80' lang='grc' dir='ltr'>ἦσαν</span> <span class='ocrx_word' id='word_1_128' title='bbox 804 1821 985 1875; x_wconf 82' lang='grc' dir='ltr'>αὐτῶν</span> <span class='ocrx_word' id='word_1_129' title='bbox 1021 1820 1128 1874; x_wconf 76' lang='grc' dir='ltr'>ἴδια</span> <span class='ocrx_word' id='word_1_130' title='bbox 1155 1859 1171 1884; x_wconf 94' lang='grc'><strong>,</strong></span> <span class='ocrx_word' id='word_1_131' title='bbox 1217 1819 1297 1873; x_wconf 86' lang='grc' dir='ltr'>διὸ</span> <span class='ocrx_word' id='word_1_132' title='bbox 1334 1819 1453 1873; x_wconf 81' lang='grc' dir='ltr'>οὐδὲ</span> <span class='ocrx_word' id='word_1_133' title='bbox 1500 1819 1727 1889; x_wconf 71' lang='grc' dir='ltr'>ἤχθοντο</span> <span class='ocrx_word' id='word_1_134' title='bbox 1773 1822 1830 1873; x_wconf 86' lang='grc' dir='ltr'><strong>ἐν</strong></span> <span class='ocrx_word' id='word_1_135' title='bbox 1863 1823 1928 1892; x_wconf 80' lang='grc' dir='ltr'>τῇ</span> 
     </span>
    </p>
   </div>
   <div class='ocr_carea' id='block_1_21' title="bbox 354 1909 1933 1985">
    <p class='ocr_par' dir='ltr' id='par_1_21' title="bbox 354 1909 1933 1985">
     <span class='ocr_line' id='line_1_21' title="bbox 354 1909 1933 1985; baseline -0.003 -17"><span class='ocrx_word' id='word_1_136' title='bbox 354 1915 601 1985; x_wconf 81' lang='grc' dir='ltr'>ἀπωλείᾳ</span> <span class='ocrx_word' id='word_1_137' title='bbox 629 1912 830 1967; x_wconf 83' lang='grc' dir='ltr'>αὐτῶν.</span> <span class='ocrx_word' id='word_1_138' title='bbox 865 1910 1049 1964; x_wconf 77' lang='grc' dir='ltr'>Τοῦτο</span> <span class='ocrx_word' id='word_1_139' title='bbox 1075 1912 1126 1963; x_wconf 92' lang='grc' dir='ltr'>οἱ</span> <span class='ocrx_word' id='word_1_140' title='bbox 1157 1910 1420 1981; x_wconf 72' lang='grc' dir='ltr'>μισθωτοὶ</span> <span class='ocrx_word' id='word_1_141' title='bbox 1451 1909 1717 1975; x_wconf 83' lang='grc' dir='ltr'>ποιοῦσιν,</span> <span class='ocrx_word' id='word_1_142' title='bbox 1768 1911 1933 1975; x_wconf 78' lang='grc' dir='ltr'>αὐτὸς</span> 
     </span>
    </p>
   </div>
   <div class='ocr_carea' id='block_1_22' title="bbox 348 1997 1933 2072">
    <p class='ocr_par' dir='ltr' id='par_1_22' title="bbox 348 1997 1933 2072">
     <span class='ocr_line' id='line_1_22' title="bbox 348 1997 1933 2072; baseline -0.018 -16"><span class='ocrx_word' id='word_1_143' title='bbox 348 2004 405 2056; x_wconf 80' lang='grc' dir='ltr'><strong>δὲ</strong></span> <span class='ocrx_word' id='word_1_144' title='bbox 452 2003 761 2057; x_wconf 73' lang='grc' dir='ltr'>τούναντίον</span> <span class='ocrx_word' id='word_1_145' title='bbox 789 2018 802 2032; x_wconf 89' lang='grc'><strong>·</strong></span> <span class='ocrx_word' id='word_1_146' title='bbox 833 2003 922 2057; x_wconf 85' lang='grc' dir='ltr'><strong>ὅτε</strong></span> <span class='ocrx_word' id='word_1_147' title='bbox 970 2000 1079 2072; x_wconf 78' lang='grc' dir='ltr'><strong>γάρ</strong></span> <span class='ocrx_word' id='word_1_148' title='bbox 1128 1998 1459 2070; x_wconf 72' lang='grc' dir='ltr'>συνελήφθη,</span> <span class='ocrx_word' id='word_1_149' title='bbox 1496 1997 1680 2053; x_wconf 64' lang='grc' dir='ltr'>εἶπεν.</span> <span class='ocrx_word' id='word_1_150' title='bbox 1715 2002 1933 2070; x_wconf 50' lang='grc' dir='ltr'><strong>Ἅφετε</strong></span> 
     </span>
    </p>
   </div>
   <div class='ocr_carea' id='block_1_23' title="bbox 349 2085 1931 2163">
    <p class='ocr_par' dir='ltr' id='par_1_23' title="bbox 349 2085 1931 2163">
     <span class='ocr_line' id='line_1_23' title="bbox 349 2085 1931 2163; baseline -0.001 -15"><span class='ocrx_word' id='word_1_151' title='bbox 349 2096 601 2159; x_wconf 80' lang='grc' dir='ltr'>τούτους</span> <span class='ocrx_word' id='word_1_152' title='bbox 629 2093 906 2163; x_wconf 75' lang='grc' dir='ltr'><strong>ὑπάγειν.</strong></span> <span class='ocrx_word' id='word_1_153' title='bbox 938 2094 1094 2146; x_wconf 84' lang='grc' dir='ltr'>Ἐστι</span> <span class='ocrx_word' id='word_1_154' title='bbox 1123 2092 1219 2146; x_wconf 73' lang='grc' dir='ltr'>καὶ</span> <span class='ocrx_word' id='word_1_155' title='bbox 1247 2085 1348 2145; x_wconf 81' lang='grc' dir='ltr'><strong>ὧδε</strong></span> <span class='ocrx_word' id='word_1_156' title='bbox 1380 2092 1574 2161; x_wconf 80' lang='grc' dir='ltr'>νοῆσαι</span> <span class='ocrx_word' id='word_1_157' title='bbox 1612 2092 1704 2145; x_wconf 79' lang='grc' dir='ltr'><strong>τὸν</strong></span> <span class='ocrx_word' id='word_1_158' title='bbox 1740 2094 1931 2163; x_wconf 73' lang='grc' dir='ltr'>νοητὸν</span> 
     </span>
    </p>
   </div>
   <div class='ocr_carea' id='block_1_24' title="bbox 348 2182 1931 2255">
    <p class='ocr_par' dir='ltr' id='par_1_24' title="bbox 348 2182 1931 2255">
     <span class='ocr_line' id='line_1_24' title="bbox 348 2182 1931 2255; baseline 0.002 -19"><span class='ocrx_word' id='word_1_159' title='bbox 348 2184 512 2237; x_wconf 86' lang='grc' dir='ltr'>λύκον</span> <span class='ocrx_word' id='word_1_160' title='bbox 562 2183 653 2237; x_wconf 80' lang='grc' dir='ltr'>τὸν</span> <span class='ocrx_word' id='word_1_161' title='bbox 698 2183 983 2237; x_wconf 85' lang='grc' dir='ltr'>διάϐολον·</span> <span class='ocrx_word' id='word_1_162' title='bbox 1027 2184 1120 2237; x_wconf 74' lang='grc' dir='ltr'><strong>καὶ</strong></span> <span class='ocrx_word' id='word_1_163' title='bbox 1168 2182 1274 2255; x_wconf 68' lang='grc' dir='ltr'><strong>γὰρ</strong></span> <span class='ocrx_word' id='word_1_164' title='bbox 1323 2182 1447 2235; x_wconf 77' lang='grc' dir='ltr'>οὔτε</span> <span class='ocrx_word' id='word_1_165' title='bbox 1480 2182 1689 2237; x_wconf 85' lang='grc' dir='ltr'>ἐκεῖνον</span> <span class='ocrx_word' id='word_1_166' title='bbox 1744 2184 1931 2239; x_wconf 75' lang='grc' dir='ltr'>εἴασεν</span> 
     </span>
    </p>
   </div>
   <div class='ocr_carea' id='block_1_25' title="bbox 350 2269 1929 2349">
    <p class='ocr_par' dir='ltr' id='par_1_25' title="bbox 350 2269 1929 2349">
     <span class='ocr_line' id='line_1_25' title="bbox 350 2269 1929 2349; baseline 0.001 -21"><span class='ocrx_word' id='word_1_167' title='bbox 350 2275 644 2329; x_wconf 80' lang='grc' dir='ltr'>ἐπελθόντα</span> <span class='ocrx_word' id='word_1_168' title='bbox 673 2276 919 2346; x_wconf 79' lang='grc' dir='ltr'>ἁρπάσαι</span> <span class='ocrx_word' id='word_1_169' title='bbox 968 2276 1036 2328; x_wconf 68' lang='grc' dir='ltr'>τὰ</span> <span class='ocrx_word' id='word_1_170' title='bbox 1081 2274 1352 2343; x_wconf 87' lang='grc' dir='ltr'>πρόϐατα.</span> <span class='ocrx_word' id='word_1_171' title='bbox 1410 2275 1500 2342; x_wconf 80' lang='grc' dir='ltr'>Ἐξ</span> <span class='ocrx_word' id='word_1_172' title='bbox 1530 2269 1606 2329; x_wconf 81' lang='grc' dir='ltr'>ὧν</span> <span class='ocrx_word' id='word_1_173' title='bbox 1646 2275 1702 2329; x_wconf 80' lang='grc' dir='ltr'><strong>δὲ</strong></span> <span class='ocrx_word' id='word_1_174' title='bbox 1746 2277 1929 2349; x_wconf 84' lang='grc' dir='ltr'>τίθησι</span> 
     </span>
    </p>
   </div>
   <div class='ocr_carea' id='block_1_26' title="bbox 347 2366 1929 2439">
    <p class='ocr_par' dir='ltr' id='par_1_26' title="bbox 347 2366 1929 2439">
     <span class='ocr_line' id='line_1_26' title="bbox 347 2366 1929 2439; baseline 0.001 -18"><span class='ocrx_word' id='word_1_175' title='bbox 347 2368 442 2439; x_wconf 73' lang='grc' dir='ltr'><strong>τὴν</strong></span> <span class='ocrx_word' id='word_1_176' title='bbox 484 2368 681 2421; x_wconf 79' lang='grc' dir='ltr'>ἑαυτοῦ</span> <span class='ocrx_word' id='word_1_177' title='bbox 721 2366 899 2439; x_wconf 75' lang='grc' dir='ltr'>ψυχὴν</span> <span class='ocrx_word' id='word_1_178' title='bbox 948 2368 1034 2420; x_wconf 84' lang='grc' dir='ltr'>ἵνα</span> <span class='ocrx_word' id='word_1_179' title='bbox 1067 2366 1319 2431; x_wconf 82' lang='grc' dir='ltr'>σωθῶσι,</span> <span class='ocrx_word' id='word_1_180' title='bbox 1362 2370 1679 2439; x_wconf 82' lang='grc' dir='ltr'>συνίστησιν</span> <span class='ocrx_word' id='word_1_181' title='bbox 1733 2369 1929 2422; x_wconf 81' lang='grc' dir='ltr'>ἐαυτὸν</span> 
     </span>
    </p>
   </div>
   <div class='ocr_carea' id='block_1_27' title="bbox 346 2458 1928 2533">
    <p class='ocr_par' dir='ltr' id='par_1_27' title="bbox 346 2458 1928 2533">
     <span class='ocr_line' id='line_1_27' title="bbox 346 2458 1928 2533; baseline 0.002 -22"><span class='ocrx_word' id='word_1_182' title='bbox 346 2460 473 2511; x_wconf 76' lang='grc' dir='ltr'>ὄντα</span> <span class='ocrx_word' id='word_1_183' title='bbox 508 2459 742 2530; x_wconf 86' lang='grc' dir='ltr'>ποιμένα</span> <span class='ocrx_word' id='word_1_184' title='bbox 771 2459 955 2524; x_wconf 74' lang='grc' dir='ltr'>καλὸν,</span> <span class='ocrx_word' id='word_1_185' title='bbox 984 2459 1077 2512; x_wconf 72' lang='grc' dir='ltr'>καὶ</span> <span class='ocrx_word' id='word_1_186' title='bbox 1097 2459 1156 2512; x_wconf 84' lang='grc' dir='ltr'><strong>ού</strong></span> <span class='ocrx_word' id='word_1_187' title='bbox 1186 2458 1387 2512; x_wconf 82' lang='grc' dir='ltr'>πλάνον</span> <span class='ocrx_word' id='word_1_188' title='bbox 1405 2476 1418 2490; x_wconf 94' lang='grc'><strong>·</strong></span> <span class='ocrx_word' id='word_1_189' title='bbox 1446 2461 1785 2533; x_wconf 83' lang='grc' dir='ltr'>προσήνεγκε</span> <span class='ocrx_word' id='word_1_190' title='bbox 1819 2460 1928 2533; x_wconf 81' lang='grc' dir='ltr'>γὰρ</span> 
     </span>
    </p>
   </div>
   <div class='ocr_carea' id='block_1_28' title="bbox 347 2550 1252 2624">
    <p class='ocr_par' dir='ltr' id='par_1_28' title="bbox 347 2550 1252 2624">
     <span class='ocr_line' id='line_1_28' title="bbox 347 2550 1252 2624; baseline 0.003 -20"><span class='ocrx_word' id='word_1_191' title='bbox 347 2553 541 2605; x_wconf 75' lang='grc' dir='ltr'>ἑαυτὸν</span> <span class='ocrx_word' id='word_1_192' title='bbox 578 2554 718 2624; x_wconf 69' lang='grc' dir='ltr'>ὑπὲρ</span> <span class='ocrx_word' id='word_1_193' title='bbox 752 2552 1010 2606; x_wconf 85' lang='grc' dir='ltr'>ἁπάντων</span> <span class='ocrx_word' id='word_1_194' title='bbox 1036 2550 1252 2623; x_wconf 88' lang='grc' dir='ltr'>λύτρον.</span> 
     </span>
    </p>
   </div>
   <div class='ocr_carea' id='block_1_29' title="bbox 423 2728 1925 2802">
    <p class='ocr_par' dir='ltr' id='par_1_29' title="bbox 423 2728 1925 2802">
     <span class='ocr_line' id='line_1_29' title="bbox 423 2728 1925 2802; baseline 0.001 -19"><span class='ocrx_word' id='word_1_195' title='bbox 423 2751 441 2782; x_wconf 87' lang='grc'><strong><em>‹</em></strong></span> <span class='ocrx_word' id='word_1_196' title='bbox 486 2728 686 2792; x_wconf 81' lang='grc' dir='ltr'>Καθὼς</span> <span class='ocrx_word' id='word_1_197' title='bbox 719 2730 982 2797; x_wconf 84' lang='grc' dir='ltr'>γινώσκει</span> <span class='ocrx_word' id='word_1_198' title='bbox 1018 2745 1088 2796; x_wconf 85' lang='grc' dir='ltr'><strong>με</strong></span> <span class='ocrx_word' id='word_1_199' title='bbox 1130 2731 1160 2782; x_wconf 87' lang='grc' dir='ltr'><strong>ό</strong></span> <span class='ocrx_word' id='word_1_200' title='bbox 1215 2729 1405 2802; x_wconf 73' lang='grc' dir='ltr'>Πατὴρ</span> <span class='ocrx_word' id='word_1_201' title='bbox 1431 2769 1446 2794; x_wconf 95' lang='grc'><strong>,</strong></span> <span class='ocrx_word' id='word_1_202' title='bbox 1480 2729 1637 2799; x_wconf 84' lang='grc' dir='ltr'>κάγὼ</span> <span class='ocrx_word' id='word_1_203' title='bbox 1669 2730 1925 2800; x_wconf 82' lang='grc' dir='ltr'>γινώσκω</span> 
     </span>
    </p>
   </div>
   <div class='ocr_carea' id='block_1_30' title="bbox 345 2820 1924 2895">
    <p class='ocr_par' dir='ltr' id='par_1_30' title="bbox 345 2820 1924 2895">
     <span class='ocr_line' id='line_1_30' title="bbox 345 2820 1924 2895; baseline 0.001 -20"><span class='ocrx_word' id='word_1_204' title='bbox 345 2823 435 2876; x_wconf 71' lang='grc' dir='ltr'>τὸν</span> <span class='ocrx_word' id='word_1_205' title='bbox 474 2821 725 2891; x_wconf 87' lang='grc' dir='ltr'>Πατέρα·</span> <span class='ocrx_word' id='word_1_206' title='bbox 764 2822 858 2874; x_wconf 76' lang='grc' dir='ltr'>καὶ</span> <span class='ocrx_word' id='word_1_207' title='bbox 892 2820 989 2889; x_wconf 86' lang='grc' dir='ltr'><strong>τὴν</strong></span> <span class='ocrx_word' id='word_1_208' title='bbox 1032 2820 1213 2891; x_wconf 72' lang='grc' dir='ltr'>ψυχήν</span> <span class='ocrx_word' id='word_1_209' title='bbox 1247 2838 1347 2891; x_wconf 91' lang='grc' dir='ltr'><strong>μου</strong></span> <span class='ocrx_word' id='word_1_210' title='bbox 1399 2822 1594 2895; x_wconf 80' lang='grc' dir='ltr'>τίθημι</span> <span class='ocrx_word' id='word_1_211' title='bbox 1628 2822 1770 2894; x_wconf 83' lang='grc' dir='ltr'>ὑπὲρ</span> <span class='ocrx_word' id='word_1_212' title='bbox 1813 2823 1924 2876; x_wconf 87' lang='grc' dir='ltr'><strong>τῶν</strong></span> 
     </span>
    </p>
   </div>
   <div class='ocr_carea' id='block_1_31' title="bbox 345 2912 716 2982">
    <p class='ocr_par' dir='ltr' id='par_1_31' title="bbox 345 2912 716 2982">
     <span class='ocr_line' id='line_1_31' title="bbox 345 2912 716 2982; baseline -0.003 -18"><span class='ocrx_word' id='word_1_213' title='bbox 345 2912 654 2982; x_wconf 74' lang='grc' dir='ltr'>προϐάτιον.</span> <span class='ocrx_word' id='word_1_214' title='bbox 697 2929 716 2963; x_wconf 73' lang='grc' dir='ltr'><strong>ι</strong></span> 
     </span>
    </p>
   </div>
   <div class='ocr_carea' id='block_1_32' title="bbox 417 3001 1919 3073">
    <p class='ocr_par' dir='ltr' id='par_1_32' title="bbox 417 3001 1919 3073">
     <span class='ocr_line' id='line_1_32' title="bbox 417 3001 1919 3073; baseline 0.003 -18"><span class='ocrx_word' id='word_1_215' title='bbox 417 3002 600 3055; x_wconf 83' lang='grc' dir='ltr'>Εἰπὼν</span> <span class='ocrx_word' id='word_1_216' title='bbox 634 3003 695 3055; x_wconf 83' lang='grc' dir='ltr'><strong>τὸ</strong></span> <span class='ocrx_word' id='word_1_217' title='bbox 724 3003 951 3071; x_wconf 82' lang='grc' dir='ltr'>τίθημι,</span> <span class='ocrx_word' id='word_1_218' title='bbox 991 3001 1191 3068; x_wconf 75' lang='grc' dir='ltr'>ἔδειξεν</span> <span class='ocrx_word' id='word_1_219' title='bbox 1232 3004 1321 3056; x_wconf 85' lang='grc' dir='ltr'>ὅτι</span> <span class='ocrx_word' id='word_1_220' title='bbox 1352 3002 1492 3057; x_wconf 81' lang='grc' dir='ltr'>ἑκὼν</span> <span class='ocrx_word' id='word_1_221' title='bbox 1518 3002 1687 3059; x_wconf 75' lang='grc' dir='ltr'>ἔπαθε</span> <span class='ocrx_word' id='word_1_222' title='bbox 1712 3022 1727 3038; x_wconf 79' lang='grc' dir='ltr'><strong><em>ο</em></strong></span> <span class='ocrx_word' id='word_1_223' title='bbox 1756 3005 1817 3059; x_wconf 86' lang='grc' dir='ltr'>τὺ</span> <span class='ocrx_word' id='word_1_224' title='bbox 1842 3005 1919 3073; x_wconf 84' lang='grc' dir='ltr'><strong>δὲ,</strong></span> 
     </span>
    </p>
   </div>
   <div class='ocr_carea' id='block_1_33' title="bbox 2045 523 2593 590">
    <p class='ocr_par' dir='ltr' id='par_1_33' title="bbox 2045 523 2593 590">
     <span class='ocr_line' id='line_1_33' title="bbox 2045 523 2593 590; baseline 0.005 -19"><span class='ocrx_word' id='word_1_225' title='bbox 2045 535 2243 590; x_wconf 84' lang='lat' dir='ltr'><strong>pascua</strong></span> <span class='ocrx_word' id='word_1_226' title='bbox 2276 523 2533 577; x_wconf 87' lang='lat' dir='ltr'><strong>inveniet.</strong></span> <span class='ocrx_word' id='word_1_227' title='bbox 2575 539 2593 574; x_wconf 79' lang='grc' dir='ltr'><strong>ι</strong></span> 
     </span>
    </p>
   </div>
   <div class='ocr_carea' id='block_1_34' title="bbox 2112 611 3618 685">
    <p class='ocr_par' dir='ltr' id='par_1_34' title="bbox 2112 611 3618 685">
     <span class='ocr_line' id='line_1_34' title="bbox 2112 611 3618 685; baseline 0.005 -21"><span class='ocrx_word' id='word_1_228' title='bbox 2112 611 2324 667; x_wconf 77' lang='lat' dir='ltr'><strong>Fideles</strong></span> <span class='ocrx_word' id='word_1_229' title='bbox 2361 628 2457 681; x_wconf 89' lang='lat' dir='ltr'><strong>per</strong></span> <span class='ocrx_word' id='word_1_230' title='bbox 2491 612 2766 667; x_wconf 75' lang='lat' dir='ltr'><strong>Christum</strong></span> <span class='ocrx_word' id='word_1_231' title='bbox 2790 652 2804 678; x_wconf 90' lang='lat'><strong>,</strong></span> <span class='ocrx_word' id='word_1_232' title='bbox 2843 622 3097 684; x_wconf 86' lang='lat' dir='ltr'><strong>tanquam</strong></span> <span class='ocrx_word' id='word_1_233' title='bbox 3151 627 3246 683; x_wconf 87' lang='lat' dir='ltr'><strong>per</strong></span> <span class='ocrx_word' id='word_1_234' title='bbox 3282 617 3480 671; x_wconf 85' lang='lat' dir='ltr'><strong>ostium</strong></span> <span class='ocrx_word' id='word_1_235' title='bbox 3509 656 3525 685; x_wconf 94' lang='lat'><strong>,</strong></span> <span class='ocrx_word' id='word_1_236' title='bbox 3566 616 3618 672; x_wconf 82' lang='lat' dir='ltr'><strong>in</strong></span> 
     </span>
    </p>
   </div>
   <div class='ocr_carea' id='block_1_35' title="bbox 2042 705 2991 760">
    <p class='ocr_par' dir='ltr' id='par_1_35' title="bbox 2042 705 2991 760">
     <span class='ocr_line' id='line_1_35' title="bbox 2042 705 2991 760; baseline 0.001 -2"><span class='ocrx_word' id='word_1_237' title='bbox 2042 705 2205 758; x_wconf 85' lang='lat' dir='ltr'><strong>vitam</strong></span> <span class='ocrx_word' id='word_1_238' title='bbox 2233 715 2491 760; x_wconf 64' lang='lat' dir='ltr'><strong>retentam</strong></span> <span class='ocrx_word' id='word_1_239' title='bbox 2528 706 2991 760; x_wconf 81' lang='lat' dir='ltr'><strong>intromittuntur.</strong></span> 
     </span>
    </p>
   </div>
   <div class='ocr_carea' id='block_1_36' title="bbox 2114 795 3612 867">
    <p class='ocr_par' dir='ltr' id='par_1_36' title="bbox 2114 795 3612 867">
     <span class='ocr_line' id='line_1_36' title="bbox 2114 795 3612 867; baseline 0.004 -18"><span class='ocrx_word' id='word_1_240' title='bbox 2114 795 2318 851; x_wconf 87' lang='lat' dir='ltr'><strong>Pascua</strong></span> <span class='ocrx_word' id='word_1_241' title='bbox 2352 805 2478 850; x_wconf 91' lang='lat' dir='ltr'><strong>sunt</strong></span> <span class='ocrx_word' id='word_1_242' title='bbox 2523 797 2719 851; x_wconf 75' lang='lat' dir='ltr'><strong>divina:</strong></span> <span class='ocrx_word' id='word_1_243' title='bbox 2769 797 3123 863; x_wconf 88' lang='lat' dir='ltr'><strong>eruditiones,</strong></span> <span class='ocrx_word' id='word_1_244' title='bbox 3174 798 3370 867; x_wconf 87' lang='lat' dir='ltr'><strong>quibus</strong></span> <span class='ocrx_word' id='word_1_245' title='bbox 3426 798 3612 855; x_wconf 79' lang='lat' dir='ltr'><strong>ﬁdeles</strong></span> 
     </span>
    </p>
   </div>
   <div class='ocr_carea' id='block_1_37' title="bbox 2042 887 3615 957">
    <p class='ocr_par' dir='ltr' id='par_1_37' title="bbox 2042 887 3615 957">
     <span class='ocr_line' id='line_1_37' title="bbox 2042 887 3615 957; baseline 0.003 -17"><span class='ocrx_word' id='word_1_246' title='bbox 2042 887 2410 956; x_wconf 81' lang='lat' dir='ltr'><strong>perfruuntur.</strong></span> <span class='ocrx_word' id='word_1_247' title='bbox 2452 888 2663 943; x_wconf 85' lang='lat' dir='ltr'><strong>Ostium</strong></span> <span class='ocrx_word' id='word_1_248' title='bbox 2690 898 2772 944; x_wconf 88' lang='lat' dir='ltr'><strong>est</strong></span> <span class='ocrx_word' id='word_1_249' title='bbox 2806 887 2898 941; x_wconf 84' lang='lat' dir='ltr'><strong>Dei</strong></span> <span class='ocrx_word' id='word_1_250' title='bbox 2947 887 3178 942; x_wconf 80' lang='lat' dir='ltr'><strong>Verbum</strong></span> <span class='ocrx_word' id='word_1_251' title='bbox 3206 889 3349 957; x_wconf 87' lang='lat' dir='ltr'><strong>quod</strong></span> <span class='ocrx_word' id='word_1_252' title='bbox 3380 890 3447 944; x_wconf 92' lang='lat' dir='ltr'><strong>ad</strong></span> <span class='ocrx_word' id='word_1_253' title='bbox 3475 891 3615 945; x_wconf 83' lang='lat' dir='ltr'><strong>divi-</strong></span> 
     </span>
    </p>
   </div>
   <div class='ocr_carea' id='block_1_38' title="bbox 2040 978 3615 1050">
    <p class='ocr_par' dir='ltr' id='par_1_38' title="bbox 2040 978 3615 1050">
     <span class='ocr_line' id='line_1_38' title="bbox 2040 978 3615 1050; baseline 0.003 -20"><span class='ocrx_word' id='word_1_254' title='bbox 2040 993 2163 1030; x_wconf 88' lang='lat' dir='ltr'><strong>nam</strong></span> <span class='ocrx_word' id='word_1_255' title='bbox 2186 978 2363 1031; x_wconf 86' lang='lat' dir='ltr'><strong>evehit</strong></span> <span class='ocrx_word' id='word_1_256' title='bbox 2386 979 2778 1048; x_wconf 85' lang='lat' dir='ltr'><strong>cognitionem,</strong></span> <span class='ocrx_word' id='word_1_257' title='bbox 2800 979 3119 1049; x_wconf 71' lang='lat' dir='ltr'><strong>quique‘per</strong></span> <span class='ocrx_word' id='word_1_258' title='bbox 3144 979 3273 1035; x_wconf 88' lang='lat' dir='ltr'><strong>illud</strong></span> <span class='ocrx_word' id='word_1_259' title='bbox 3302 980 3615 1050; x_wconf 83' lang='lat' dir='ltr'><strong>ingrediun-</strong></span> 
     </span>
    </p>
   </div>
   <div class='ocr_carea' id='block_1_39' title="bbox 2042 1068 2854 1129">
    <p class='ocr_par' dir='ltr' id='par_1_39' title="bbox 2042 1068 2854 1129">
     <span class='ocr_line' id='line_1_39' title="bbox 2042 1068 2854 1129; baseline 0.002 -9"><span class='ocrx_word' id='word_1_260' title='bbox 2042 1077 2150 1129; x_wconf 86' lang='lat' dir='ltr'><strong>tur,</strong></span> <span class='ocrx_word' id='word_1_261' title='bbox 2178 1068 2424 1122; x_wconf 64' lang='lat' dir='ltr'><strong>extranei</strong></span> <span class='ocrx_word' id='word_1_262' title='bbox 2464 1071 2662 1120; x_wconf 85' lang='lat' dir='ltr'><strong>mundo</strong></span> <span class='ocrx_word' id='word_1_263' title='bbox 2697 1068 2854 1122; x_wconf 85' lang='lat' dir='ltr'><strong>linnt.</strong></span> 
     </span>
    </p>
   </div>
   <div class='ocr_carea' id='block_1_40' title="bbox 2111 1159 3602 1231">
    <p class='ocr_par' dir='ltr' id='par_1_40' title="bbox 2111 1159 3602 1231">
     <span class='ocr_line' id='line_1_40' title="bbox 2111 1159 3602 1231; baseline 0.003 -18"><span class='ocrx_word' id='word_1_264' title='bbox 2111 1159 2273 1214; x_wconf 74' lang='lat' dir='ltr'><strong>Vens.</strong></span> <span class='ocrx_word' id='word_1_265' title='bbox 2310 1161 2393 1215; x_wconf 74' lang='grc'>12.</span> <span class='ocrx_word' id='word_1_266' title='bbox 2435 1178 2454 1211; x_wconf 80' lang='grc' dir='ltr'><strong>ι</strong></span> <span class='ocrx_word' id='word_1_267' title='bbox 2499 1159 2869 1214; x_wconf 70' lang='lat' dir='ltr'><strong>Mercennarius</strong></span> <span class='ocrx_word' id='word_1_268' title='bbox 2899 1167 3113 1225; x_wconf 87' lang='lat' dir='ltr'><strong>autem,</strong></span> <span class='ocrx_word' id='word_1_269' title='bbox 3154 1168 3209 1217; x_wconf 89' lang='lat' dir='ltr'><strong>et</strong></span> <span class='ocrx_word' id='word_1_270' title='bbox 3239 1164 3330 1231; x_wconf 91' lang='lat' dir='ltr'><strong>qui</strong></span> <span class='ocrx_word' id='word_1_271' title='bbox 3384 1179 3489 1217; x_wconf 92' lang='lat' dir='ltr'><strong>non</strong></span> <span class='ocrx_word' id='word_1_272' title='bbox 3523 1172 3602 1218; x_wconf 77' lang='lat' dir='ltr'><strong>est</strong></span> 
     </span>
    </p>
   </div>
   <div class='ocr_carea' id='block_1_41' title="bbox 2036 1251 3605 1324">
    <p class='ocr_par' dir='ltr' id='par_1_41' title="bbox 2036 1251 3605 1324">
     <span class='ocr_line' id='line_1_41' title="bbox 2036 1251 3605 1324; baseline 0.003 -20"><span class='ocrx_word' id='word_1_273' title='bbox 2036 1261 2239 1320; x_wconf 86' lang='lat' dir='ltr'><strong>pastor,</strong></span> <span class='ocrx_word' id='word_1_274' title='bbox 2271 1251 2427 1321; x_wconf 87' lang='lat' dir='ltr'><strong>cujus</strong></span> <span class='ocrx_word' id='word_1_275' title='bbox 2472 1268 2574 1304; x_wconf 90' lang='lat' dir='ltr'><strong>non</strong></span> <span class='ocrx_word' id='word_1_276' title='bbox 2618 1262 2745 1305; x_wconf 89' lang='lat' dir='ltr'><strong>sunt</strong></span> <span class='ocrx_word' id='word_1_277' title='bbox 2773 1267 2904 1308; x_wconf 88' lang='lat' dir='ltr'><strong>oves</strong></span> <span class='ocrx_word' id='word_1_278' title='bbox 2938 1254 3171 1323; x_wconf 70' lang='lat' dir='ltr'><strong>propriae</strong></span> <span class='ocrx_word' id='word_1_279' title='bbox 3194 1292 3209 1317; x_wconf 93' lang='lat'><strong>,</strong></span> <span class='ocrx_word' id='word_1_280' title='bbox 3248 1254 3393 1308; x_wconf 90' lang='lat' dir='ltr'><strong>videt</strong></span> <span class='ocrx_word' id='word_1_281' title='bbox 3424 1254 3605 1324; x_wconf 90' lang='lat' dir='ltr'><strong>lupum</strong></span> 
     </span>
    </p>
   </div>
   <div class='ocr_carea' id='block_1_42' title="bbox 2036 1342 3611 1416">
    <p class='ocr_par' dir='ltr' id='par_1_42' title="bbox 2036 1342 3611 1416">
     <span class='ocr_line' id='line_1_42' title="bbox 2036 1342 3611 1416; baseline 0.002 -19"><span class='ocrx_word' id='word_1_282' title='bbox 2036 1345 2364 1409; x_wconf 79' lang='lat' dir='ltr'><strong>venientem,</strong></span> <span class='ocrx_word' id='word_1_283' title='bbox 2396 1353 2447 1397; x_wconf 88' lang='lat' dir='ltr'><strong>et</strong></span> <span class='ocrx_word' id='word_1_284' title='bbox 2483 1344 2705 1397; x_wconf 87' lang='lat' dir='ltr'><strong>dimittit</strong></span> <span class='ocrx_word' id='word_1_285' title='bbox 2738 1358 2866 1399; x_wconf 87' lang='lat' dir='ltr'><strong>oves</strong></span> <span class='ocrx_word' id='word_1_286' title='bbox 2889 1383 2906 1409; x_wconf 90' lang='lat'><strong>,</strong></span> <span class='ocrx_word' id='word_1_287' title='bbox 2944 1354 2997 1399; x_wconf 91' lang='lat' dir='ltr'><strong>et</strong></span> <span class='ocrx_word' id='word_1_288' title='bbox 3027 1342 3165 1416; x_wconf 78' lang='lat' dir='ltr'><strong>fugit</strong></span> <span class='ocrx_word' id='word_1_289' title='bbox 3202 1360 3216 1398; x_wconf 90' lang='lat'><strong>:</strong></span> <span class='ocrx_word' id='word_1_290' title='bbox 3246 1356 3300 1400; x_wconf 84' lang='lat' dir='ltr'><strong>et</strong></span> <span class='ocrx_word' id='word_1_291' title='bbox 3330 1346 3488 1416; x_wconf 87' lang='lat' dir='ltr'><strong>lupus</strong></span> <span class='ocrx_word' id='word_1_292' title='bbox 3524 1361 3611 1400; x_wconf 82' lang='lat' dir='ltr'><strong>ra-</strong></span> 
     </span>
    </p>
   </div>
   <div class='ocr_carea' id='block_1_43' title="bbox 2035 1435 2742 1504">
    <p class='ocr_par' dir='ltr' id='par_1_43' title="bbox 2035 1435 2742 1504">
     <span class='ocr_line' id='line_1_43' title="bbox 2035 1435 2742 1504; baseline 0.001 -18"><span class='ocrx_word' id='word_1_293' title='bbox 2035 1435 2135 1504; x_wconf 85' lang='lat' dir='ltr'><strong>pit,</strong></span> <span class='ocrx_word' id='word_1_294' title='bbox 2160 1446 2214 1489; x_wconf 90' lang='lat' dir='ltr'><strong>et</strong></span> <span class='ocrx_word' id='word_1_295' title='bbox 2242 1435 2507 1504; x_wconf 79' lang='lat' dir='ltr'><strong>diSpergit</strong></span> <span class='ocrx_word' id='word_1_296' title='bbox 2532 1450 2683 1492; x_wconf 88' lang='lat' dir='ltr'><strong>oves.</strong></span> <span class='ocrx_word' id='word_1_297' title='bbox 2723 1452 2742 1487; x_wconf 76' lang='grc' dir='ltr'><strong>ι</strong></span> 
     </span>
    </p>
   </div>
   <div class='ocr_carea' id='block_1_44' title="bbox 2106 1545 3602 1623">
    <p class='ocr_par' dir='ltr' id='par_1_44' title="bbox 2106 1545 3602 1623">
     <span class='ocr_line' id='line_1_44' title="bbox 2106 1545 3602 1623; baseline 0.005 -24"><span class='ocrx_word' id='word_1_298' title='bbox 2106 1545 2500 1601; x_wconf 80' lang='lat' dir='ltr'><strong>Mercenarium</strong></span> <span class='ocrx_word' id='word_1_299' title='bbox 2528 1562 2656 1601; x_wconf 88' lang='lat' dir='ltr'><strong>oves</strong></span> <span class='ocrx_word' id='word_1_300' title='bbox 2690 1547 3083 1617; x_wconf 87' lang='lat' dir='ltr'><strong>negligentem,</strong></span> <span class='ocrx_word' id='word_1_301' title='bbox 3120 1558 3278 1602; x_wconf 83' lang='lat' dir='ltr'><strong>vocat</strong></span> <span class='ocrx_word' id='word_1_302' title='bbox 3304 1548 3602 1623; x_wconf 84' lang='lat' dir='ltr'><strong>quemlibet</strong></span> 
     </span>
    </p>
   </div>
   <div class='ocr_carea' id='block_1_45' title="bbox 2035 1636 3598 1712">
    <p class='ocr_par' dir='ltr' id='par_1_45' title="bbox 2035 1636 3598 1712">
     <span class='ocr_line' id='line_1_45' title="bbox 2035 1636 3598 1712; baseline 0.006 -24"><span class='ocrx_word' id='word_1_303' title='bbox 2035 1636 2215 1707; x_wconf 88' lang='lat' dir='ltr'><strong>populi</strong></span> <span class='ocrx_word' id='word_1_304' title='bbox 2240 1638 2559 1706; x_wconf 84' lang='lat' dir='ltr'><strong>principem,</strong></span> <span class='ocrx_word' id='word_1_305' title='bbox 2583 1641 2723 1707; x_wconf 91' lang='lat' dir='ltr'><strong>quod</strong></span> <span class='ocrx_word' id='word_1_306' title='bbox 2752 1640 2883 1693; x_wconf 85' lang='lat' dir='ltr'><strong>nihil</strong></span> <span class='ocrx_word' id='word_1_307' title='bbox 2904 1656 2968 1693; x_wconf 82' lang='lat' dir='ltr'><strong>ex</strong></span> <span class='ocrx_word' id='word_1_308' title='bbox 2999 1639 3175 1708; x_wconf 89' lang='lat' dir='ltr'><strong>populi</strong></span> <span class='ocrx_word' id='word_1_309' title='bbox 3213 1641 3445 1695; x_wconf 82' lang='lat' dir='ltr'><strong>utilitate</strong></span> <span class='ocrx_word' id='word_1_310' title='bbox 3473 1659 3598 1712; x_wconf 77' lang='lat' dir='ltr'><strong>ges-</strong></span> 
     </span>
    </p>
   </div>
   <div class='ocr_carea' id='block_1_46' title="bbox 2037 1729 3597 1798">
    <p class='ocr_par' dir='ltr' id='par_1_46' title="bbox 2037 1729 3597 1798">
     <span class='ocr_line' id='line_1_46' title="bbox 2037 1729 3597 1798; baseline 0.006 -17"><span class='ocrx_word' id='word_1_311' title='bbox 2037 1730 2253 1792; x_wconf 87' lang='lat' dir='ltr'><strong>sissent,</strong></span> <span class='ocrx_word' id='word_1_312' title='bbox 2279 1729 2371 1782; x_wconf 88' lang='lat' dir='ltr'><strong>sed</strong></span> <span class='ocrx_word' id='word_1_313' title='bbox 2397 1738 2649 1797; x_wconf 85' lang='lat' dir='ltr'><strong>tanquam</strong></span> <span class='ocrx_word' id='word_1_314' title='bbox 2679 1731 2837 1786; x_wconf 87' lang='lat' dir='ltr'><strong>alieni</strong></span> <span class='ocrx_word' id='word_1_315' title='bbox 2874 1733 3250 1787; x_wconf 83' lang='lat' dir='ltr'><strong>recessissent.</strong></span> <span class='ocrx_word' id='word_1_316' title='bbox 3289 1732 3424 1798; x_wconf 84' lang='lat' dir='ltr'><strong>Quia</strong></span> <span class='ocrx_word' id='word_1_317' title='bbox 3453 1736 3597 1790; x_wconf 92' lang='lat' dir='ltr'><strong>enim</strong></span> 
     </span>
    </p>
   </div>
   <div class='ocr_carea' id='block_1_47' title="bbox 2038 1820 3701 1899">
    <p class='ocr_par' dir='ltr' id='par_1_47' title="bbox 2038 1820 3701 1899">
     <span class='ocr_line' id='line_1_47' title="bbox 2038 1820 3701 1899; baseline 0.005 -28"><span class='ocrx_word' id='word_1_318' title='bbox 2038 1836 2140 1872; x_wconf 90' lang='lat' dir='ltr'><strong>non</strong></span> <span class='ocrx_word' id='word_1_319' title='bbox 2160 1830 2317 1873; x_wconf 88' lang='lat' dir='ltr'><strong>erant</strong></span> <span class='ocrx_word' id='word_1_320' title='bbox 2340 1820 2552 1873; x_wconf 89' lang='lat' dir='ltr'><strong>illorum</strong></span> <span class='ocrx_word' id='word_1_321' title='bbox 2580 1824 2813 1889; x_wconf 87' lang='lat' dir='ltr'><strong>propria,</strong></span> <span class='ocrx_word' id='word_1_322' title='bbox 2840 1838 3013 1892; x_wconf 81' lang='lat' dir='ltr'><strong>neque</strong></span> <span class='ocrx_word' id='word_1_323' title='bbox 3032 1838 3219 1878; x_wconf 85' lang='lat' dir='ltr'><strong>eorum</strong></span> <span class='ocrx_word' id='word_1_324' title='bbox 3245 1826 3605 1893; x_wconf 88' lang='lat' dir='ltr'><strong>perditionem</strong></span> <span class='ocrx_word' id='word_1_325' title='bbox 3693 1892 3701 1899; x_wconf 19' lang='grc' dir='ltr'><strong>ἢ</strong></span> 
     </span>
    </p>
   </div>
   <div class='ocr_carea' id='block_1_48' title="bbox 2036 1914 3592 1983">
    <p class='ocr_par' dir='ltr' id='par_1_48' title="bbox 2036 1914 3592 1983">
     <span class='ocr_line' id='line_1_48' title="bbox 2036 1914 3592 1983; baseline 0.004 -19"><span class='ocrx_word' id='word_1_326' title='bbox 2036 1928 2360 1983; x_wconf 85' lang='lat' dir='ltr'><strong>magnopere</strong></span> <span class='ocrx_word' id='word_1_327' title='bbox 2399 1914 2670 1969; x_wconf 86' lang='lat' dir='ltr'><strong>dolebant.</strong></span> <span class='ocrx_word' id='word_1_328' title='bbox 2704 1914 2805 1968; x_wconf 82' lang='lat' dir='ltr'><strong>Hic</strong></span> <span class='ocrx_word' id='word_1_329' title='bbox 2829 1918 3182 1971; x_wconf 84' lang='lat' dir='ltr'><strong>mercenariis</strong></span> <span class='ocrx_word' id='word_1_330' title='bbox 3216 1932 3345 1971; x_wconf 88' lang='lat' dir='ltr'><strong>usus</strong></span> <span class='ocrx_word' id='word_1_331' title='bbox 3381 1926 3485 1982; x_wconf 90' lang='lat' dir='ltr'><strong>est,</strong></span> <span class='ocrx_word' id='word_1_332' title='bbox 3514 1918 3592 1970; x_wconf 84' lang='lat' dir='ltr'><strong>illi</strong></span> 
     </span>
    </p>
   </div>
   <div class='ocr_carea' id='block_1_49' title="bbox 2035 2004 3600 2075">
    <p class='ocr_par' dir='ltr' id='par_1_49' title="bbox 2035 2004 3600 2075">
     <span class='ocr_line' id='line_1_49' title="bbox 2035 2004 3600 2075; baseline 0.003 -20"><span class='ocrx_word' id='word_1_333' title='bbox 2035 2013 2217 2058; x_wconf 85' lang='lat' dir='ltr'><strong>autem</strong></span> <span class='ocrx_word' id='word_1_334' title='bbox 2253 2004 2475 2059; x_wconf 88' lang='lat' dir='ltr'><strong>omnino</strong></span> <span class='ocrx_word' id='word_1_335' title='bbox 2512 2004 2820 2060; x_wconf 87' lang='lat' dir='ltr'><strong>contrarius</strong></span> <span class='ocrx_word' id='word_1_336' title='bbox 2861 2022 2876 2059; x_wconf 92' lang='lat'><strong>:</strong></span> <span class='ocrx_word' id='word_1_337' title='bbox 2926 2007 3140 2074; x_wconf 89' lang='lat' dir='ltr'><strong>quatqu</strong></span> <span class='ocrx_word' id='word_1_338' title='bbox 3170 2007 3315 2059; x_wconf 90' lang='lat' dir='ltr'><strong>enim</strong></span> <span class='ocrx_word' id='word_1_339' title='bbox 3353 2020 3600 2075; x_wconf 85' lang='lat' dir='ltr'><strong>compre-</strong></span> 
     </span>
    </p>
   </div>
   <div class='ocr_carea' id='block_1_50' title="bbox 2036 2095 3599 2160">
    <p class='ocr_par' dir='ltr' id='par_1_50' title="bbox 2036 2095 3599 2160">
     <span class='ocr_line' id='line_1_50' title="bbox 2036 2095 3599 2160; baseline 0.003 -12"><span class='ocrx_word' id='word_1_340' title='bbox 2036 2096 2393 2160; x_wconf 84' lang='lat' dir='ltr'><strong>hendebatur,</strong></span> <span class='ocrx_word' id='word_1_341' title='bbox 2427 2096 2627 2159; x_wconf 82' lang='lat' dir='ltr'><strong>aiebat,</strong></span> <span class='ocrx_word' id='word_1_342' title='bbox 2655 2095 2828 2150; x_wconf 83' lang='lat' dir='ltr'><strong>Sinite</strong></span> <span class='ocrx_word' id='word_1_343' title='bbox 2847 2097 2939 2149; x_wconf 78' lang='lat' dir='ltr'><strong>hos</strong></span> <span class='ocrx_word' id='word_1_344' title='bbox 2962 2098 3109 2150; x_wconf 86' lang='lat' dir='ltr'><strong>abire</strong></span> <span class='ocrx_word' id='word_1_345' title='bbox 3131 2098 3198 2151; x_wconf 82' lang='lat'><strong>&quot;.</strong></span> <span class='ocrx_word' id='word_1_346' title='bbox 3220 2096 3404 2152; x_wconf 86' lang='lat' dir='ltr'><strong>Liceat</strong></span> <span class='ocrx_word' id='word_1_347' title='bbox 3432 2108 3487 2152; x_wconf 91' lang='lat' dir='ltr'><strong>et</strong></span> <span class='ocrx_word' id='word_1_348' title='bbox 3513 2098 3599 2152; x_wconf 86' lang='lat' dir='ltr'><strong>hic</strong></span> 
     </span>
    </p>
   </div>
   <div class='ocr_carea' id='block_1_51' title="bbox 2033 2187 3605 2267">
    <p class='ocr_par' dir='ltr' id='par_1_51' title="bbox 2033 2187 3605 2267">
     <span class='ocr_line' id='line_1_51' title="bbox 2033 2187 3605 2267; baseline 0.003 -26"><span class='ocrx_word' id='word_1_349' title='bbox 2033 2187 2334 2267; x_wconf 77' lang='lat' dir='ltr'><strong>intelligere</strong></span> <span class='ocrx_word' id='word_1_350' title='bbox 2364 2188 2658 2256; x_wconf 83' lang='lat' dir='ltr'><strong>spiritalem</strong></span> <span class='ocrx_word' id='word_1_351' title='bbox 2692 2188 2896 2255; x_wconf 88' lang='lat' dir='ltr'><strong>lupum,</strong></span> <span class='ocrx_word' id='word_1_352' title='bbox 2929 2189 3200 2243; x_wconf 86' lang='lat' dir='ltr'><strong>diabolum</strong></span> <span class='ocrx_word' id='word_1_353' title='bbox 3231 2207 3245 2244; x_wconf 90' lang='lat'><strong>:</strong></span> <span class='ocrx_word' id='word_1_354' title='bbox 3278 2191 3474 2243; x_wconf 90' lang='lat' dir='ltr'><strong>etenim</strong></span> <span class='ocrx_word' id='word_1_355' title='bbox 3507 2205 3605 2246; x_wconf 86' lang='lat' dir='ltr'><strong>nec</strong></span> 
     </span>
    </p>
   </div>
   <div class='ocr_carea' id='block_1_52' title="bbox 2034 2278 3600 2348">
    <p class='ocr_par' dir='ltr' id='par_1_52' title="bbox 2034 2278 3600 2348">
     <span class='ocr_line' id='line_1_52' title="bbox 2034 2278 3600 2348; baseline 0.001 -16"><span class='ocrx_word' id='word_1_356' title='bbox 2034 2279 2176 2347; x_wconf 80' lang='lat' dir='ltr'><strong>hunc</strong></span> <span class='ocrx_word' id='word_1_357' title='bbox 2217 2278 2545 2332; x_wconf 84' lang='lat' dir='ltr'><strong>insilientem</strong></span> <span class='ocrx_word' id='word_1_358' title='bbox 2573 2294 2702 2333; x_wconf 86' lang='lat' dir='ltr'><strong>oves</strong></span> <span class='ocrx_word' id='word_1_359' title='bbox 2729 2293 2917 2348; x_wconf 86' lang='lat' dir='ltr'><strong>rapere</strong></span> <span class='ocrx_word' id='word_1_360' title='bbox 2957 2280 3225 2346; x_wconf 88' lang='lat' dir='ltr'><strong>permisit.</strong></span> <span class='ocrx_word' id='word_1_361' title='bbox 3261 2281 3334 2334; x_wconf 74' lang='lat' dir='ltr'><strong>Ex</strong></span> <span class='ocrx_word' id='word_1_362' title='bbox 3374 2297 3479 2347; x_wconf 90' lang='lat' dir='ltr'><strong>quo</strong></span> <span class='ocrx_word' id='word_1_363' title='bbox 3504 2297 3600 2334; x_wconf 84' lang='lat' dir='ltr'><strong>att-</strong></span> 
     </span>
    </p>
   </div>
   <div class='ocr_carea' id='block_1_53' title="bbox 2034 2366 3603 2437">
    <p class='ocr_par' dir='ltr' id='par_1_53' title="bbox 2034 2366 3603 2437">
     <span class='ocr_line' id='line_1_53' title="bbox 2034 2366 3603 2437; baseline -0.001 -13"><span class='ocrx_word' id='word_1_364' title='bbox 2034 2379 2140 2424; x_wconf 90' lang='lat' dir='ltr'><strong>tem</strong></span> <span class='ocrx_word' id='word_1_365' title='bbox 2172 2370 2406 2424; x_wconf 89' lang='lat' dir='ltr'><strong>animam</strong></span> <span class='ocrx_word' id='word_1_366' title='bbox 2436 2384 2587 2423; x_wconf 89' lang='lat' dir='ltr'><strong>suam</strong></span> <span class='ocrx_word' id='word_1_367' title='bbox 2616 2382 2710 2437; x_wconf 92' lang='lat' dir='ltr'><strong>pro</strong></span> <span class='ocrx_word' id='word_1_368' title='bbox 2735 2366 2914 2420; x_wconf 80' lang='lat' dir='ltr'><strong>ovium</strong></span> <span class='ocrx_word' id='word_1_369' title='bbox 2951 2368 3124 2421; x_wconf 83' lang='lat' dir='ltr'><strong>salute</strong></span> <span class='ocrx_word' id='word_1_370' title='bbox 3154 2369 3424 2436; x_wconf 80' lang='lat' dir='ltr'><strong>exposuit,</strong></span> <span class='ocrx_word' id='word_1_371' title='bbox 3449 2384 3603 2423; x_wconf 86' lang='lat' dir='ltr'><strong>com-</strong></span> 
     </span>
    </p>
   </div>
   <div class='ocr_carea' id='block_1_54' title="bbox 2033 2458 3590 2529">
    <p class='ocr_par' dir='ltr' id='par_1_54' title="bbox 2033 2458 3590 2529">
     <span class='ocr_line' id='line_1_54' title="bbox 2033 2458 3590 2529; baseline 0 -16"><span class='ocrx_word' id='word_1_372' title='bbox 2033 2462 2275 2529; x_wconf 78' lang='lat' dir='ltr'><strong>probavit</strong></span> <span class='ocrx_word' id='word_1_373' title='bbox 2292 2475 2350 2514; x_wconf 89' lang='lat' dir='ltr'><strong>se</strong></span> <span class='ocrx_word' id='word_1_374' title='bbox 2371 2475 2497 2514; x_wconf 90' lang='lat' dir='ltr'><strong>vere</strong></span> <span class='ocrx_word' id='word_1_375' title='bbox 2523 2458 2720 2512; x_wconf 86' lang='lat' dir='ltr'><strong>bonum</strong></span> <span class='ocrx_word' id='word_1_376' title='bbox 2749 2469 3023 2526; x_wconf 73' lang='lat' dir='ltr'><strong>pastorem</strong></span> <span class='ocrx_word' id='word_1_377' title='bbox 3047 2468 3215 2512; x_wconf 90' lang='lat' dir='ltr'><strong>etnon</strong></span> <span class='ocrx_word' id='word_1_378' title='bbox 3238 2459 3590 2527; x_wconf 77' lang='lat' dir='ltr'><strong>impostorem</strong></span> 
     </span>
    </p>
   </div>
   <div class='ocr_carea' id='block_1_55' title="bbox 2031 2546 3599 2618">
    <p class='ocr_par' dir='ltr' id='par_1_55' title="bbox 2031 2546 3599 2618">
     <span class='ocr_line' id='line_1_55' title="bbox 2031 2546 3599 2618; baseline 0 -14"><span class='ocrx_word' id='word_1_379' title='bbox 2031 2566 2173 2604; x_wconf 86' lang='lat' dir='ltr'><strong>esse.</strong></span> <span class='ocrx_word' id='word_1_380' title='bbox 2219 2548 2467 2603; x_wconf 87' lang='lat' dir='ltr'><strong>Tradidit</strong></span> <span class='ocrx_word' id='word_1_381' title='bbox 2516 2549 2657 2602; x_wconf 89' lang='lat' dir='ltr'><strong>enim</strong></span> <span class='ocrx_word' id='word_1_382' title='bbox 2706 2546 3054 2617; x_wconf 85' lang='lat' dir='ltr'><strong>semetipsum</strong></span> <span class='ocrx_word' id='word_1_383' title='bbox 3092 2562 3187 2613; x_wconf 87' lang='lat' dir='ltr'><strong>pro</strong></span> <span class='ocrx_word' id='word_1_384' title='bbox 3225 2550 3599 2618; x_wconf 86' lang='lat' dir='ltr'><strong>redemptione</strong></span> 
     </span>
    </p>
   </div>
   <div class='ocr_carea' id='block_1_56' title="bbox 2030 2640 2294 2695">
    <p class='ocr_par' dir='ltr' id='par_1_56' title="bbox 2030 2640 2294 2695">
     <span class='ocr_line' id='line_1_56' title="bbox 2030 2640 2294 2695; baseline -0.011 -1"><span class='ocrx_word' id='word_1_385' title='bbox 2030 2640 2294 2695; x_wconf 88' lang='lat' dir='ltr'><strong>omnium.</strong></span> 
     </span>
    </p>
   </div>
   <div class='ocr_carea' id='block_1_57' title="bbox 2104 2724 3599 2798">
    <p class='ocr_par' dir='ltr' id='par_1_57' title="bbox 2104 2724 3599 2798">
     <span class='ocr_line' id='line_1_57' title="bbox 2104 2724 3599 2798; baseline -0.001 -14"><span class='ocrx_word' id='word_1_386' title='bbox 2104 2730 2267 2787; x_wconf 73' lang='lat' dir='ltr'><strong>Vens.</strong></span> <span class='ocrx_word' id='word_1_387' title='bbox 2294 2730 2379 2785; x_wconf 84' lang='lat' dir='ltr'><strong>l5.</strong></span> <span class='ocrx_word' id='word_1_388' title='bbox 2414 2749 2433 2782; x_wconf 79' lang='grc' dir='ltr'><strong>ι</strong></span> <span class='ocrx_word' id='word_1_389' title='bbox 2470 2728 2623 2785; x_wconf 89' lang='lat' dir='ltr'><strong>Sicut</strong></span> <span class='ocrx_word' id='word_1_390' title='bbox 2651 2727 2798 2784; x_wconf 89' lang='lat' dir='ltr'><strong>novit</strong></span> <span class='ocrx_word' id='word_1_391' title='bbox 2828 2743 2913 2782; x_wconf 94' lang='lat' dir='ltr'><strong>me</strong></span> <span class='ocrx_word' id='word_1_392' title='bbox 2944 2724 3125 2791; x_wconf 81' lang='lat' dir='ltr'><strong>Pater,</strong></span> <span class='ocrx_word' id='word_1_393' title='bbox 3157 2735 3210 2781; x_wconf 88' lang='lat' dir='ltr'><strong>et</strong></span> <span class='ocrx_word' id='word_1_394' title='bbox 3231 2741 3330 2797; x_wconf 79' lang='lat' dir='ltr'><strong>ego</strong></span> <span class='ocrx_word' id='word_1_395' title='bbox 3363 2744 3599 2798; x_wconf 80' lang='lat' dir='ltr'><strong>agnosco</strong></span> 
     </span>
    </p>
   </div>
   <div class='ocr_carea' id='block_1_58' title="bbox 2029 2820 3603 2889">
    <p class='ocr_par' dir='ltr' id='par_1_58' title="bbox 2029 2820 3603 2889">
     <span class='ocr_line' id='line_1_58' title="bbox 2029 2820 3603 2889; baseline -0.004 -13"><span class='ocrx_word' id='word_1_396' title='bbox 2029 2821 2244 2877; x_wconf 74' lang='lat' dir='ltr'><strong>Patrem</strong></span> <span class='ocrx_word' id='word_1_397' title='bbox 2309 2839 2325 2876; x_wconf 92' lang='lat'><strong><em>:</em></strong></span> <span class='ocrx_word' id='word_1_398' title='bbox 2386 2828 2440 2876; x_wconf 88' lang='lat' dir='ltr'><strong>et</strong></span> <span class='ocrx_word' id='word_1_399' title='bbox 2507 2821 2743 2875; x_wconf 86' lang='lat' dir='ltr'><strong>animam</strong></span> <span class='ocrx_word' id='word_1_400' title='bbox 2808 2830 2981 2872; x_wconf 88' lang='lat' dir='ltr'><strong>meam</strong></span> <span class='ocrx_word' id='word_1_401' title='bbox 3042 2833 3183 2889; x_wconf 90' lang='lat' dir='ltr'><strong>pono</strong></span> <span class='ocrx_word' id='word_1_402' title='bbox 3241 2835 3339 2887; x_wconf 84' lang='lat' dir='ltr'><strong>pro</strong></span> <span class='ocrx_word' id='word_1_403' title='bbox 3404 2820 3603 2874; x_wconf 81' lang='lat' dir='ltr'><strong>ovibus</strong></span> 
     </span>
    </p>
   </div>
   <div class='ocr_carea' id='block_1_59' title="bbox 2030 2929 2243 2970">
    <p class='ocr_par' dir='ltr' id='par_1_59' title="bbox 2030 2929 2243 2970">
     <span class='ocr_line' id='line_1_59' title="bbox 2030 2929 2243 2970; baseline -0.014 -1"><span class='ocrx_word' id='word_1_404' title='bbox 2030 2929 2184 2970; x_wconf 78' lang='lat' dir='ltr'><strong>lllClS.</strong></span> <span class='ocrx_word' id='word_1_405' title='bbox 2223 2932 2243 2966; x_wconf 72' lang='grc' dir='ltr'><strong><em>ι</em></strong></span> 
     </span>
    </p>
   </div>
   <div class='ocr_carea' id='block_1_60' title="bbox 2098 3002 3597 3074">
    <p class='ocr_par' dir='ltr' id='par_1_60' title="bbox 2098 3002 3597 3074">
     <span class='ocr_line' id='line_1_60' title="bbox 2098 3002 3597 3074; baseline -0.003 -14"><span class='ocrx_word' id='word_1_406' title='bbox 2098 3005 2232 3061; x_wconf 88' lang='lat' dir='ltr'><strong>Cum</strong></span> <span class='ocrx_word' id='word_1_407' title='bbox 2265 3005 2399 3060; x_wconf 81' lang='lat' dir='ltr'><strong>dixit</strong></span> <span class='ocrx_word' id='word_1_408' title='bbox 2430 3018 2565 3074; x_wconf 81' lang='lat' dir='ltr'><strong>pono</strong></span> <span class='ocrx_word' id='word_1_409' title='bbox 2593 3046 2608 3071; x_wconf 95' lang='lat'><strong>,</strong></span> <span class='ocrx_word' id='word_1_410' title='bbox 2660 3002 2897 3058; x_wconf 88' lang='lat' dir='ltr'><strong>ostendit</strong></span> <span class='ocrx_word' id='word_1_411' title='bbox 2926 3016 2984 3055; x_wconf 88' lang='lat' dir='ltr'><strong>se</strong></span> <span class='ocrx_word' id='word_1_412' title='bbox 3019 3006 3212 3068; x_wconf 92' lang='lat' dir='ltr'><strong>sponte</strong></span> <span class='ocrx_word' id='word_1_413' title='bbox 3257 3013 3320 3054; x_wconf 84' lang='lat' dir='ltr'><strong>ac</strong></span> <span class='ocrx_word' id='word_1_414' title='bbox 3349 3010 3597 3071; x_wconf 85' lang='lat' dir='ltr'><strong>prompte</strong></span> 
     </span>
    </p>
   </div>
   <div class='ocr_carea' id='block_1_61' title="bbox 342 3090 1928 3171">
    <p class='ocr_par' dir='ltr' id='par_1_61' title="bbox 342 3094 1914 3171">
     <span class='ocr_line' id='line_1_61' title="bbox 342 3094 1914 3171; baseline 0.004 -22"><span class='ocrx_word' id='word_1_415' title='bbox 342 3096 439 3149; x_wconf 75' lang='grc' dir='ltr'>δεῖ</span> <span class='ocrx_word' id='word_1_416' title='bbox 462 3096 727 3165; x_wconf 73' lang='grc' dir='ltr'>ἀγαγεῖν,</span> <span class='ocrx_word' id='word_1_417' title='bbox 757 3098 857 3149; x_wconf 90' lang='grc' dir='ltr'><strong>οὐκ</strong></span> <span class='ocrx_word' id='word_1_418' title='bbox 886 3094 1033 3150; x_wconf 75' lang='grc' dir='ltr'>ἐστιν</span> <span class='ocrx_word' id='word_1_419' title='bbox 1068 3097 1333 3168; x_wconf 83' lang='grc' dir='ltr'>ἀνάγκης,</span> <span class='ocrx_word' id='word_1_420' title='bbox 1370 3098 1507 3153; x_wconf 83' lang='grc' dir='ltr'><strong>ἀλλά</strong></span> <span class='ocrx_word' id='word_1_421' title='bbox 1528 3098 1622 3153; x_wconf 82' lang='grc' dir='ltr'>τοῦ</span> <span class='ocrx_word' id='word_1_422' title='bbox 1649 3100 1914 3171; x_wconf 72' lang='grc' dir='ltr'>ἐσομένου</span> 
     </span>
    </p>
   </div>
   <div class='ocr_carea' id='block_1_62' title="bbox 2027 3090 3600 3171">
    <p class='ocr_par' dir='ltr' id='par_1_62' title="bbox 2027 3090 3600 3167">
     <span class='ocr_line' id='line_1_62' title="bbox 2027 3090 3600 3167; baseline -0.003 -18"><span class='ocrx_word' id='word_1_423' title='bbox 2027 3094 2153 3167; x_wconf 85' lang='lat' dir='ltr'><strong>pati.</strong></span> <span class='ocrx_word' id='word_1_424' title='bbox 2181 3093 2313 3149; x_wconf 86' lang='lat' dir='ltr'><strong>illud</strong></span> <span class='ocrx_word' id='word_1_425' title='bbox 2335 3105 2509 3148; x_wconf 87' lang='lat' dir='ltr'><strong>autem</strong></span> <span class='ocrx_word' id='word_1_426' title='bbox 2532 3133 2546 3157; x_wconf 89' lang='lat'><strong>,</strong></span> <span class='ocrx_word' id='word_1_427' title='bbox 2573 3099 2770 3161; x_wconf 83' lang='lat' dir='ltr'><strong>oportet</strong></span> <span class='ocrx_word' id='word_1_428' title='bbox 2807 3108 2887 3143; x_wconf 85' lang='lat' dir='ltr'><strong>me</strong></span> <span class='ocrx_word' id='word_1_429' title='bbox 2913 3090 3200 3153; x_wconf 82' lang='lat' dir='ltr'><strong>adducere,</strong></span> <span class='ocrx_word' id='word_1_430' title='bbox 3230 3107 3334 3144; x_wconf 90' lang='lat' dir='ltr'><strong>nou</strong></span> <span class='ocrx_word' id='word_1_431' title='bbox 3363 3092 3600 3146; x_wconf 78' lang='lat' dir='ltr'><strong>necessi-</strong></span> 
     </span>
    </p>
   </div>
   <div class='ocr_carea' id='block_1_63' title="bbox 340 3188 661 3257">
    <p class='ocr_par' dir='ltr' id='par_1_63' title="bbox 340 3188 661 3257">
     <span class='ocr_line' id='line_1_63' title="bbox 340 3188 661 3257; baseline 0 -16"><span class='ocrx_word' id='word_1_432' title='bbox 340 3188 516 3257; x_wconf 87' lang='grc' dir='ltr'>δηλωτ</span> <span class='ocrx_word' id='word_1_433' title='bbox 527 3189 661 3242; x_wconf 90' lang='grc' dir='ltr'>ικόν.</span> 
     </span>
    </p>
   </div>
   <div class='ocr_carea' id='block_1_64' title="bbox 420 3294 1923 3372">
    <p class='ocr_par' dir='ltr' id='par_1_64' title="bbox 420 3294 1923 3372">
     <span class='ocr_line' id='line_1_64' title="bbox 420 3294 1923 3372; baseline 0.003 -23"><span class='ocrx_word' id='word_1_434' title='bbox 420 3316 438 3349; x_wconf 85' lang='grc' dir='ltr'><strong>ι</strong></span> <span class='ocrx_word' id='word_1_435' title='bbox 493 3298 603 3350; x_wconf 73' lang='grc' dir='ltr'>Καὶ</span> <span class='ocrx_word' id='word_1_436' title='bbox 638 3297 773 3350; x_wconf 82' lang='grc' dir='ltr'>ἄλλα</span> <span class='ocrx_word' id='word_1_437' title='bbox 822 3294 1071 3367; x_wconf 87' lang='grc' dir='ltr'>πρόϐατα</span> <span class='ocrx_word' id='word_1_438' title='bbox 1101 3294 1241 3366; x_wconf 76' lang='grc' dir='ltr'>ἔχων</span> <span class='ocrx_word' id='word_1_439' title='bbox 1313 3296 1349 3350; x_wconf 77' lang='grc' dir='ltr'><strong>ἀ</strong></span> <span class='ocrx_word' id='word_1_440' title='bbox 1395 3297 1496 3350; x_wconf 83' lang='grc' dir='ltr'><strong>οὐκ</strong></span> <span class='ocrx_word' id='word_1_441' title='bbox 1529 3296 1677 3352; x_wconf 77' lang='grc' dir='ltr'>ἔστιν</span> <span class='ocrx_word' id='word_1_442' title='bbox 1711 3299 1776 3353; x_wconf 89' lang='grc' dir='ltr'><strong>ἐκ</strong></span> <span class='ocrx_word' id='word_1_443' title='bbox 1822 3300 1923 3372; x_wconf 85' lang='grc' dir='ltr'>τῆς</span> 
     </span>
    </p>
   </div>
   <div class='ocr_carea' id='block_1_65' title="bbox 341 3388 826 3459">
    <p class='ocr_par' dir='ltr' id='par_1_65' title="bbox 341 3388 826 3459">
     <span class='ocr_line' id='line_1_65' title="bbox 341 3388 826 3459; baseline -0.01 -16"><span class='ocrx_word' id='word_1_444' title='bbox 341 3389 511 3457; x_wconf 84' lang='grc' dir='ltr'>αύλῆς</span> <span class='ocrx_word' id='word_1_445' title='bbox 540 3388 768 3459; x_wconf 85' lang='grc' dir='ltr'>ταύτης.</span> <span class='ocrx_word' id='word_1_446' title='bbox 808 3406 826 3438; x_wconf 76' lang='grc' dir='ltr'><strong>ι</strong></span> 
     </span>
    </p>
   </div>
   <div class='ocr_carea' id='block_1_66' title="bbox 412 3475 1917 3550">
    <p class='ocr_par' dir='ltr' id='par_1_66' title="bbox 412 3475 1917 3550">
     <span class='ocr_line' id='line_1_66' title="bbox 412 3475 1917 3550; baseline 0.002 -19"><span class='ocrx_word' id='word_1_447' title='bbox 412 3479 581 3531; x_wconf 80' lang='grc' dir='ltr'>Τοῦτο</span> <span class='ocrx_word' id='word_1_448' title='bbox 610 3475 729 3532; x_wconf 84' lang='grc' dir='ltr'>εἷπε</span> <span class='ocrx_word' id='word_1_449' title='bbox 760 3479 849 3533; x_wconf 75' lang='grc' dir='ltr'>διὰ</span> <span class='ocrx_word' id='word_1_450' title='bbox 879 3480 1007 3542; x_wconf 80' lang='grc' dir='ltr'>τοὺς</span> <span class='ocrx_word' id='word_1_451' title='bbox 1036 3478 1478 3549; x_wconf 76' lang='grc' dir='ltr'>ἀπιστήσαντας·</span> <span class='ocrx_word' id='word_1_452' title='bbox 1513 3480 1574 3532; x_wconf 81' lang='grc' dir='ltr'><strong>οὐ</strong></span> <span class='ocrx_word' id='word_1_453' title='bbox 1598 3480 1709 3550; x_wconf 83' lang='grc' dir='ltr'>γὰρ</span> <span class='ocrx_word' id='word_1_454' title='bbox 1741 3480 1917 3535; x_wconf 87' lang='grc' dir='ltr'>πάντα</span> 
     </span>
    </p>
   </div>
   <div class='ocr_carea' id='block_1_67' title="bbox 337 3569 1916 3642">
    <p class='ocr_par' dir='ltr' id='par_1_67' title="bbox 337 3569 1916 3642">
     <span class='ocr_line' id='line_1_67' title="bbox 337 3569 1916 3642; baseline 0.002 -19"><span class='ocrx_word' id='word_1_455' title='bbox 337 3572 408 3623; x_wconf 80' lang='grc' dir='ltr'><strong>τά</strong></span> <span class='ocrx_word' id='word_1_456' title='bbox 439 3571 688 3641; x_wconf 87' lang='grc' dir='ltr'>πρόϐατα</span> <span class='ocrx_word' id='word_1_457' title='bbox 729 3572 968 3642; x_wconf 74' lang='grc' dir='ltr'>ἥκουσαν</span> <span class='ocrx_word' id='word_1_458' title='bbox 1000 3569 1165 3624; x_wconf 75' lang='grc' dir='ltr'>αὑτοῦ</span> <span class='ocrx_word' id='word_1_459' title='bbox 1194 3610 1209 3633; x_wconf 90' lang='grc'><strong>,</strong></span> <span class='ocrx_word' id='word_1_460' title='bbox 1243 3570 1380 3624; x_wconf 78' lang='grc' dir='ltr'>ἀλλὰ</span> <span class='ocrx_word' id='word_1_461' title='bbox 1406 3571 1477 3624; x_wconf 80' lang='grc' dir='ltr'>τὰ</span> <span class='ocrx_word' id='word_1_462' title='bbox 1506 3572 1822 3639; x_wconf 85' lang='grc' dir='ltr'>γνωσθέντα</span> <span class='ocrx_word' id='word_1_463' title='bbox 1858 3574 1916 3638; x_wconf 81' lang='grc' dir='ltr'>ἐξ</span> 
     </span>
    </p>
   </div>
   <div class='ocr_carea' id='block_1_68' title="bbox 337 3662 1913 3733">
    <p class='ocr_par' dir='ltr' id='par_1_68' title="bbox 337 3662 1913 3733">
     <span class='ocr_line' id='line_1_68' title="bbox 337 3662 1913 3733; baseline -0.001 -14"><span class='ocrx_word' id='word_1_464' title='bbox 337 3664 525 3731; x_wconf 72' lang='grc' dir='ltr'>αὐτοῦ,</span> <span class='ocrx_word' id='word_1_465' title='bbox 558 3667 652 3718; x_wconf 78' lang='grc' dir='ltr'><strong>καὶ</strong></span> <span class='ocrx_word' id='word_1_466' title='bbox 680 3666 877 3733; x_wconf 89' lang='grc' dir='ltr'>γνόντα</span> <span class='ocrx_word' id='word_1_467' title='bbox 913 3664 1097 3719; x_wconf 79' lang='grc' dir='ltr'>αὐτόν.</span> <span class='ocrx_word' id='word_1_468' title='bbox 1133 3662 1343 3726; x_wconf 86' lang='grc' dir='ltr'>Πάντες</span> <span class='ocrx_word' id='word_1_469' title='bbox 1386 3662 1485 3733; x_wconf 87' lang='grc' dir='ltr'><strong>μέν</strong></span> <span class='ocrx_word' id='word_1_470' title='bbox 1515 3666 1621 3716; x_wconf 79' lang='grc' dir='ltr'>εἰσι</span> <span class='ocrx_word' id='word_1_471' title='bbox 1645 3664 1913 3733; x_wconf 86' lang='grc' dir='ltr'>πρόϐατα,</span> 
     </span>
    </p>
   </div>
   <div class='ocr_carea' id='block_1_69' title="bbox 340 3752 1916 3827">
    <p class='ocr_par' dir='ltr' id='par_1_69' title="bbox 340 3752 1916 3827">
     <span class='ocr_line' id='line_1_69' title="bbox 340 3752 1916 3827; baseline -0.001 -17"><span class='ocrx_word' id='word_1_472' title='bbox 340 3758 478 3827; x_wconf 80' lang='grc' dir='ltr'>πλὴν</span> <span class='ocrx_word' id='word_1_473' title='bbox 517 3758 604 3811; x_wconf 74' lang='grc' dir='ltr'>διὰ</span> <span class='ocrx_word' id='word_1_474' title='bbox 644 3758 704 3810; x_wconf 75' lang='grc' dir='ltr'>τὸ</span> <span class='ocrx_word' id='word_1_475' title='bbox 745 3758 842 3827; x_wconf 80' lang='grc' dir='ltr'>τῆς</span> <span class='ocrx_word' id='word_1_476' title='bbox 872 3756 1099 3827; x_wconf 86' lang='grc' dir='ltr'>γνώμης</span> <span class='ocrx_word' id='word_1_477' title='bbox 1140 3755 1399 3824; x_wconf 83' lang='grc' dir='ltr'>διάφορον</span> <span class='ocrx_word' id='word_1_478' title='bbox 1439 3754 1625 3822; x_wconf 89' lang='grc' dir='ltr'>λέγει,</span> <span class='ocrx_word' id='word_1_479' title='bbox 1657 3755 1733 3822; x_wconf 78' lang='grc' dir='ltr'>μὴ</span> <span class='ocrx_word' id='word_1_480' title='bbox 1774 3752 1916 3808; x_wconf 72' lang='grc' dir='ltr'>εἶναι</span> 
     </span>
    </p>
   </div>
   <div class='ocr_carea' id='block_1_70' title="bbox 337 3842 1917 3919">
    <p class='ocr_par' dir='ltr' id='par_1_70' title="bbox 337 3842 1917 3919">
     <span class='ocr_line' id='line_1_70' title="bbox 337 3842 1917 3919; baseline -0.003 -18"><span class='ocrx_word' id='word_1_481' title='bbox 337 3849 478 3901; x_wconf 72' lang='grc' dir='ltr'>αὐτὰ</span> <span class='ocrx_word' id='word_1_482' title='bbox 504 3851 567 3902; x_wconf 89' lang='grc' dir='ltr'><strong>ἐκ</strong></span> <span class='ocrx_word' id='word_1_483' title='bbox 588 3849 684 3919; x_wconf 82' lang='grc' dir='ltr'>τῆς</span> <span class='ocrx_word' id='word_1_484' title='bbox 711 3849 879 3918; x_wconf 79' lang='grc' dir='ltr'>αὐλῆς</span> <span class='ocrx_word' id='word_1_485' title='bbox 904 3846 1140 3916; x_wconf 83' lang='grc' dir='ltr'>ταύτης,</span> <span class='ocrx_word' id='word_1_486' title='bbox 1180 3847 1208 3899; x_wconf 86' lang='grc' dir='ltr'><strong>ὅ</strong></span> <span class='ocrx_word' id='word_1_487' title='bbox 1252 3845 1370 3896; x_wconf 85' lang='grc' dir='ltr'>ἐστι</span> <span class='ocrx_word' id='word_1_488' title='bbox 1400 3842 1494 3895; x_wconf 74' lang='grc' dir='ltr'>τοῦ</span> <span class='ocrx_word' id='word_1_489' title='bbox 1537 3843 1768 3912; x_wconf 85' lang='grc' dir='ltr'>κόσμου.</span> <span class='ocrx_word' id='word_1_490' title='bbox 1803 3844 1917 3896; x_wconf 77' lang='grc' dir='ltr'><strong>Καὶ</strong></span> 
     </span>
    </p>
   </div>
   <div class='ocr_carea' id='block_1_71' title="bbox 334 3934 1916 4009">
    <p class='ocr_par' dir='ltr' id='par_1_71' title="bbox 334 3934 1916 4009">
     <span class='ocr_line' id='line_1_71' title="bbox 334 3934 1916 4009; baseline -0.003 -17"><span class='ocrx_word' id='word_1_491' title='bbox 334 3942 628 4005; x_wconf 82' lang='grc' dir='ltr'>δείκνυσιν,</span> <span class='ocrx_word' id='word_1_492' title='bbox 668 3943 752 3995; x_wconf 84' lang='grc' dir='ltr'>ὅτι</span> <span class='ocrx_word' id='word_1_493' title='bbox 787 3939 897 3993; x_wconf 87' lang='grc' dir='ltr'><strong>τῶν</strong></span> <span class='ocrx_word' id='word_1_494' title='bbox 935 3937 1249 4009; x_wconf 82' lang='grc' dir='ltr'>Φαρισαίων</span> <span class='ocrx_word' id='word_1_495' title='bbox 1283 3934 1720 4005; x_wconf 87' lang='grc' dir='ltr'>ἐκϐαλλομένων,</span> <span class='ocrx_word' id='word_1_496' title='bbox 1753 3936 1916 3999; x_wconf 81' lang='grc' dir='ltr'>αὐτὸς</span> 
     </span>
    </p>
   </div>
   <div class='ocr_carea' id='block_1_72' title="bbox 337 4024 1918 4100">
    <p class='ocr_par' dir='ltr' id='par_1_72' title="bbox 337 4024 1918 4100">
     <span class='ocr_line' id='line_1_72' title="bbox 337 4024 1918 4100; baseline -0.004 -16"><span class='ocrx_word' id='word_1_497' title='bbox 337 4032 563 4100; x_wconf 78' lang='grc' dir='ltr'>ἔμελλεν</span> <span class='ocrx_word' id='word_1_498' title='bbox 592 4033 667 4094; x_wconf 85' lang='grc' dir='ltr'>ὡς</span> <span class='ocrx_word' id='word_1_499' title='bbox 711 4030 844 4093; x_wconf 81' lang='grc' dir='ltr'>Θεὸς</span> <span class='ocrx_word' id='word_1_500' title='bbox 880 4030 1040 4100; x_wconf 77' lang='grc' dir='ltr'>ἄρξαι</span> <span class='ocrx_word' id='word_1_501' title='bbox 1071 4027 1178 4081; x_wconf 85' lang='grc' dir='ltr'><strong>τῶν</strong></span> <span class='ocrx_word' id='word_1_502' title='bbox 1210 4026 1405 4089; x_wconf 84' lang='grc' dir='ltr'>ἐθνῶν,</span> <span class='ocrx_word' id='word_1_503' title='bbox 1438 4027 1532 4079; x_wconf 82' lang='grc' dir='ltr'>καὶ</span> <span class='ocrx_word' id='word_1_504' title='bbox 1563 4027 1643 4088; x_wconf 72' lang='grc' dir='ltr'>εἰς</span> <span class='ocrx_word' id='word_1_505' title='bbox 1683 4024 1918 4093; x_wconf 86' lang='grc' dir='ltr'>θεογνω-</span> 
     </span>
    </p>
   </div>
   <div class='ocr_carea' id='block_1_73' title="bbox 339 4117 1916 4192">
    <p class='ocr_par' dir='ltr' id='par_1_73' title="bbox 339 4117 1916 4192">
     <span class='ocr_line' id='line_1_73' title="bbox 339 4117 1916 4192; baseline -0.003 -18"><span class='ocrx_word' id='word_1_506' title='bbox 339 4124 460 4175; x_wconf 79' lang='grc' dir='ltr'>σίαν</span> <span class='ocrx_word' id='word_1_507' title='bbox 494 4123 699 4186; x_wconf 87' lang='grc' dir='ltr'>πάντας</span> <span class='ocrx_word' id='word_1_508' title='bbox 729 4123 978 4192; x_wconf 87' lang='grc' dir='ltr'>ἀγαγεῖν,</span> <span class='ocrx_word' id='word_1_509' title='bbox 1026 4119 1317 4180; x_wconf 85' lang='grc' dir='ltr'>Ἰουδαίους</span> <span class='ocrx_word' id='word_1_510' title='bbox 1351 4136 1409 4171; x_wconf 89' lang='grc' dir='ltr'><strong>τε</strong></span> <span class='ocrx_word' id='word_1_511' title='bbox 1448 4120 1543 4172; x_wconf 72' lang='grc' dir='ltr'>καὶ</span> <span class='ocrx_word' id='word_1_512' title='bbox 1572 4117 1863 4189; x_wconf 87' lang='grc' dir='ltr'>Ἕλληνας,</span> <span class='ocrx_word' id='word_1_513' title='bbox 1888 4119 1916 4170; x_wconf 91' lang='lat'><strong>6</strong></span> 
     </span>
    </p>
   </div>
   <div class='ocr_carea' id='block_1_74' title="bbox 336 4208 1913 4283">
    <p class='ocr_par' dir='ltr' id='par_1_74' title="bbox 336 4208 1913 4283">
     <span class='ocr_line' id='line_1_74' title="bbox 336 4208 1913 4283; baseline -0.002 -18"><span class='ocrx_word' id='word_1_514' title='bbox 336 4213 442 4265; x_wconf 81' lang='grc' dir='ltr'><strong>ὑπὸ</strong></span> <span class='ocrx_word' id='word_1_515' title='bbox 471 4213 749 4276; x_wconf 83' lang='grc' dir='ltr'>Μωῦσέως</span> <span class='ocrx_word' id='word_1_516' title='bbox 779 4213 872 4266; x_wconf 77' lang='grc' dir='ltr'><strong>καὶ</strong></span> <span class='ocrx_word' id='word_1_517' title='bbox 898 4213 1006 4265; x_wconf 88' lang='grc' dir='ltr'><strong>τῶν</strong></span> <span class='ocrx_word' id='word_1_518' title='bbox 1044 4211 1339 4283; x_wconf 83' lang='grc' dir='ltr'>προφητῶν</span> <span class='ocrx_word' id='word_1_519' title='bbox 1371 4208 1913 4282; x_wconf 72' lang='grc' dir='ltr'>προανακηρυχθεὶς,</span> 
     </span>
    </p>
   </div>
   <div class='ocr_carea' id='block_1_75' title="bbox 334 4304 963 4374">
    <p class='ocr_par' dir='ltr' id='par_1_75' title="bbox 334 4304 963 4374">
     <span class='ocr_line' id='line_1_75' title="bbox 334 4304 963 4374; baseline 0.002 -19"><span class='ocrx_word' id='word_1_520' title='bbox 334 4304 497 4356; x_wconf 83' lang='grc' dir='ltr'>τοῦτο</span> <span class='ocrx_word' id='word_1_521' title='bbox 530 4304 742 4374; x_wconf 83' lang='grc' dir='ltr'>μέλλων</span> <span class='ocrx_word' id='word_1_522' title='bbox 767 4305 963 4357; x_wconf 83' lang='grc' dir='ltr'>ποιεῖν.</span> 
     </span>
    </p>
   </div>
   <div class='ocr_carea' id='block_1_76' title="bbox 414 4392 1984 4475">
    <p class='ocr_par' dir='ltr' id='par_1_76' title="bbox 414 4392 1984 4475">
     <span class='ocr_line' id='line_1_76' title="bbox 414 4392 1984 4475; baseline 0.001 -29"><span class='ocrx_word' id='word_1_523' title='bbox 414 4414 433 4446; x_wconf 76' lang='grc' dir='ltr'><strong>ι</strong></span> <span class='ocrx_word' id='word_1_524' title='bbox 473 4397 570 4449; x_wconf 67' lang='grc' dir='ltr'>Δια</span> <span class='ocrx_word' id='word_1_525' title='bbox 601 4396 759 4448; x_wconf 80' lang='grc' dir='ltr'>τοῦτο</span> <span class='ocrx_word' id='word_1_526' title='bbox 786 4398 813 4448; x_wconf 91' lang='grc' dir='ltr'><strong>ό</strong></span> <span class='ocrx_word' id='word_1_527' title='bbox 855 4395 1045 4465; x_wconf 85' lang='grc' dir='ltr'>Πατήρ</span> <span class='ocrx_word' id='word_1_528' title='bbox 1083 4412 1149 4465; x_wconf 92' lang='grc' dir='ltr'><strong>με</strong></span> <span class='ocrx_word' id='word_1_529' title='bbox 1182 4394 1404 4464; x_wconf 80' lang='grc' dir='ltr'>ἀγαπᾷ·</span> <span class='ocrx_word' id='word_1_530' title='bbox 1447 4395 1529 4447; x_wconf 85' lang='grc' dir='ltr'><strong>ὅτι</strong></span> <span class='ocrx_word' id='word_1_531' title='bbox 1560 4392 1672 4459; x_wconf 87' lang='grc' dir='ltr'><strong>ἐγὼ</strong></span> <span class='ocrx_word' id='word_1_532' title='bbox 1714 4393 1908 4465; x_wconf 80' lang='grc' dir='ltr'>τίθημι</span> <span class='ocrx_word' id='word_1_533' title='bbox 1942 4420 1984 4475; x_wconf 74' lang='grc' dir='ltr'><strong>υ</strong></span> 
     </span>
    </p>
   </div>
   <div class='ocr_carea' id='block_1_77' title="bbox 312 4485 1580 4558">
    <p class='ocr_par' dir='ltr' id='par_1_77' title="bbox 312 4485 1580 4558">
     <span class='ocr_line' id='line_1_77' title="bbox 312 4485 1580 4558; baseline -0.002 -19"><span class='ocrx_word' id='word_1_534' title='bbox 312 4486 435 4556; x_wconf 60' lang='grc' dir='ltr'>’τὴν</span> <span class='ocrx_word' id='word_1_535' title='bbox 469 4485 646 4558; x_wconf 78' lang='grc' dir='ltr'>ψυχήν</span> <span class='ocrx_word' id='word_1_536' title='bbox 680 4504 803 4556; x_wconf 87' lang='grc' dir='ltr'>μου,</span> <span class='ocrx_word' id='word_1_537' title='bbox 837 4485 923 4538; x_wconf 83' lang='grc' dir='ltr'><strong>ἴνα</strong></span> <span class='ocrx_word' id='word_1_538' title='bbox 954 4486 1118 4538; x_wconf 81' lang='grc' dir='ltr'>πάλιν</span> <span class='ocrx_word' id='word_1_539' title='bbox 1146 4485 1296 4537; x_wconf 80' lang='grc' dir='ltr'>λάϐω</span> <span class='ocrx_word' id='word_1_540' title='bbox 1329 4486 1522 4556; x_wconf 76' lang='grc' dir='ltr'>αὑτήν.</span> <span class='ocrx_word' id='word_1_541' title='bbox 1560 4504 1580 4537; x_wconf 71' lang='grc' dir='ltr'><strong>ι</strong></span> 
     </span>
    </p>
   </div>
   <div class='ocr_carea' id='block_1_78' title="bbox 405 4597 1907 4670">
    <p class='ocr_par' dir='ltr' id='par_1_78' title="bbox 405 4597 1907 4670">
     <span class='ocr_line' id='line_1_78' title="bbox 405 4597 1907 4670; baseline -0.001 -18"><span class='ocrx_word' id='word_1_542' title='bbox 405 4600 594 4670; x_wconf 74' lang='grc' dir='ltr'>Νομὴν</span> <span class='ocrx_word' id='word_1_543' title='bbox 624 4599 768 4668; x_wconf 89' lang='grc' dir='ltr'>λέγει</span> <span class='ocrx_word' id='word_1_544' title='bbox 805 4598 901 4670; x_wconf 83' lang='grc' dir='ltr'>τὴν</span> <span class='ocrx_word' id='word_1_545' title='bbox 943 4598 1262 4667; x_wconf 81' lang='grc' dir='ltr'>ἀσφάλειαν,</span> <span class='ocrx_word' id='word_1_546' title='bbox 1314 4597 1343 4650; x_wconf 85' lang='grc' dir='ltr'><strong>ὃ</strong></span> <span class='ocrx_word' id='word_1_547' title='bbox 1387 4597 1612 4665; x_wconf 86' lang='grc' dir='ltr'>γέγονεν</span> <span class='ocrx_word' id='word_1_548' title='bbox 1663 4598 1757 4651; x_wconf 73' lang='grc' dir='ltr'><strong>ἐπὶ</strong></span> <span class='ocrx_word' id='word_1_549' title='bbox 1798 4598 1907 4651; x_wconf 86' lang='grc' dir='ltr'><strong>τῶν</strong></span> 
     </span>
    </p>
   </div>
   <div class='ocr_carea' id='block_1_79' title="bbox 333 4690 1906 4761">
    <p class='ocr_par' dir='ltr' id='par_1_79' title="bbox 333 4690 1906 4761">
     <span class='ocr_line' id='line_1_79' title="bbox 333 4690 1906 4761; baseline -0.001 -17"><span class='ocrx_word' id='word_1_550' title='bbox 333 4692 665 4754; x_wconf 83' lang='grc' dir='ltr'>ἀποστόλων,</span> <span class='ocrx_word' id='word_1_551' title='bbox 704 4691 899 4755; x_wconf 75' lang='grc' dir='ltr'>οἵτινες</span> <span class='ocrx_word' id='word_1_552' title='bbox 928 4691 1005 4754; x_wconf 86' lang='grc' dir='ltr'>ὡς</span> <span class='ocrx_word' id='word_1_553' title='bbox 1050 4690 1230 4759; x_wconf 81' lang='grc' dir='ltr'>κύριοι</span> <span class='ocrx_word' id='word_1_554' title='bbox 1259 4690 1357 4759; x_wconf 81' lang='grc' dir='ltr'>τῆς</span> <span class='ocrx_word' id='word_1_555' title='bbox 1408 4690 1737 4761; x_wconf 76' lang='grc' dir='ltr'>οἰκουμένης</span> <span class='ocrx_word' id='word_1_556' title='bbox 1788 4692 1906 4743; x_wconf 77' lang='grc' dir='ltr'>εἰσ-</span> 
     </span>
    </p>
   </div>
   <div class='ocr_carea' id='block_1_80' title="bbox 330 4781 1917 4853">
    <p class='ocr_par' dir='ltr' id='par_1_80' title="bbox 330 4781 1917 4853">
     <span class='ocr_line' id='line_1_80' title="bbox 330 4781 1917 4853; baseline 0.002 -21"><span class='ocrx_word' id='word_1_557' title='bbox 330 4784 499 4852; x_wconf 73' lang='grc' dir='ltr'>ῄεσαν</span> <span class='ocrx_word' id='word_1_558' title='bbox 531 4783 625 4835; x_wconf 71' lang='grc' dir='ltr'><strong>καὶ</strong></span> <span class='ocrx_word' id='word_1_559' title='bbox 675 4781 919 4853; x_wconf 80' lang='grc' dir='ltr'>ἐξῄεσαν,</span> <span class='ocrx_word' id='word_1_560' title='bbox 948 4783 1039 4836; x_wconf 74' lang='grc' dir='ltr'><strong>καὶ</strong></span> <span class='ocrx_word' id='word_1_561' title='bbox 1062 4782 1236 4845; x_wconf 49' lang='grc' dir='ltr'>οίηδεὶς</span> <span class='ocrx_word' id='word_1_562' title='bbox 1276 4783 1469 4846; x_wconf 70' lang='grc' dir='ltr'>αὖτοὺς</span> <span class='ocrx_word' id='word_1_563' title='bbox 1508 4782 1724 4852; x_wconf 77' lang='grc' dir='ltr'>ἴσχυσεν</span> <span class='ocrx_word' id='word_1_564' title='bbox 1753 4783 1917 4836; x_wconf 83' lang='grc' dir='ltr'>ἐκϐα-</span> 
     </span>
    </p>
   </div>
   <div class='ocr_carea' id='block_1_81' title="bbox 330 4870 718 4944">
    <p class='ocr_par' dir='ltr' id='par_1_81' title="bbox 330 4870 718 4944">
     <span class='ocr_line' id='line_1_81' title="bbox 330 4870 718 4944; baseline 0.01 -21"><span class='ocrx_word' id='word_1_565' title='bbox 330 4873 459 4924; x_wconf 81' lang='grc' dir='ltr'>λεῖν.</span> <span class='ocrx_word' id='word_1_566' title='bbox 498 4870 718 4944; x_wconf 61' lang='lat' dir='ltr'><strong>{Cum}</strong></span> 
     </span>
    </p>
   </div>
   <div class='ocr_carea' id='block_1_82' title="bbox 403 4982 1902 5058">
    <p class='ocr_par' dir='ltr' id='par_1_82' title="bbox 403 4982 1902 5058">
     <span class='ocr_line' id='line_1_82' title="bbox 403 4982 1902 5058; baseline 0.003 -22"><span class='ocrx_word' id='word_1_567' title='bbox 403 4982 626 5037; x_wconf 85' lang='grc' dir='ltr'>Πάντων</span> <span class='ocrx_word' id='word_1_568' title='bbox 655 4985 970 5054; x_wconf 83' lang='grc' dir='ltr'>σφαγέντων</span> <span class='ocrx_word' id='word_1_569' title='bbox 1001 4985 1096 5039; x_wconf 78' lang='grc' dir='ltr'><strong>καὶ</strong></span> <span class='ocrx_word' id='word_1_570' title='bbox 1123 4986 1475 5056; x_wconf 78' lang='grc' dir='ltr'>ἀπολομένων</span> <span class='ocrx_word' id='word_1_571' title='bbox 1516 4984 1680 5058; x_wconf 78' lang='grc' dir='ltr'>ἦλθεν</span> <span class='ocrx_word' id='word_1_572' title='bbox 1707 4989 1735 5040; x_wconf 90' lang='grc' dir='ltr'><strong>ὁ</strong></span> <span class='ocrx_word' id='word_1_573' title='bbox 1764 4989 1902 5058; x_wconf 80' lang='grc' dir='ltr'>Χρι-</span> 
     </span>
    </p>
   </div>
   <div class='ocr_carea' id='block_1_83' title="bbox 328 5070 1443 5147">
    <p class='ocr_par' dir='ltr' id='par_1_83' title="bbox 328 5070 1443 5147">
     <span class='ocr_line' id='line_1_83' title="bbox 328 5070 1443 5147; baseline 0.004 -26"><span class='ocrx_word' id='word_1_574' title='bbox 328 5070 452 5134; x_wconf 71' lang='grc' dir='ltr'>στὸς</span> <span class='ocrx_word' id='word_1_575' title='bbox 488 5072 658 5124; x_wconf 85' lang='grc' dir='ltr'>σῶσαι</span> <span class='ocrx_word' id='word_1_576' title='bbox 691 5075 781 5126; x_wconf 77' lang='grc' dir='ltr'><strong>καὶ</strong></span> <span class='ocrx_word' id='word_1_577' title='bbox 812 5072 956 5142; x_wconf 80' lang='grc' dir='ltr'>ζωὴν</span> <span class='ocrx_word' id='word_1_578' title='bbox 981 5073 1184 5129; x_wconf 81' lang='grc' dir='ltr'>δοῦναι.</span> <span class='ocrx_word' id='word_1_579' title='bbox 1220 5074 1443 5147; x_wconf 68' lang='lat' dir='ltr'><strong>[Cum]</strong></span> 
     </span>
    </p>
   </div>
   <div class='ocr_carea' id='block_1_84' title="bbox 405 5183 1901 5259">
    <p class='ocr_par' dir='ltr' id='par_1_84' title="bbox 405 5183 1901 5259">
     <span class='ocr_line' id='line_1_84' title="bbox 405 5183 1901 5259; baseline 0.004 -24"><span class='ocrx_word' id='word_1_580' title='bbox 405 5204 422 5235; x_wconf 80' lang='grc' dir='ltr'><strong>ι</strong></span> <span class='ocrx_word' id='word_1_581' title='bbox 461 5183 677 5254; x_wconf 89' lang='grc' dir='ltr'>Ταύτην</span> <span class='ocrx_word' id='word_1_582' title='bbox 721 5184 817 5256; x_wconf 86' lang='grc' dir='ltr'><strong>τὴν</strong></span> <span class='ocrx_word' id='word_1_583' title='bbox 852 5186 1071 5257; x_wconf 80' lang='grc' dir='ltr'>ἐντολὴν</span> <span class='ocrx_word' id='word_1_584' title='bbox 1115 5187 1306 5240; x_wconf 78' lang='grc' dir='ltr'>ἔλαϐον</span> <span class='ocrx_word' id='word_1_585' title='bbox 1355 5186 1509 5257; x_wconf 81' lang='grc' dir='ltr'><strong>παρά</strong></span> <span class='ocrx_word' id='word_1_586' title='bbox 1542 5186 1637 5239; x_wconf 70' lang='grc' dir='ltr'>τοῦ</span> <span class='ocrx_word' id='word_1_587' title='bbox 1690 5188 1901 5259; x_wconf 81' lang='grc' dir='ltr'>Πατρός</span> 
     </span>
    </p>
   </div>
   <div class='ocr_carea' id='block_1_85' title="bbox 329 5292 513 5345">
    <p class='ocr_par' dir='ltr' id='par_1_85' title="bbox 329 5292 513 5345">
     <span class='ocr_line' id='line_1_85' title="bbox 329 5292 513 5345; baseline -0.005 -19"><span class='ocrx_word' id='word_1_588' title='bbox 329 5292 454 5345; x_wconf 71' lang='grc' dir='ltr'>μου.</span> <span class='ocrx_word' id='word_1_589' title='bbox 494 5295 513 5325; x_wconf 75' lang='grc' dir='ltr'><strong>Ι</strong></span> 
     </span>
    </p>
   </div>
   <div class='ocr_carea' id='block_1_86' title="bbox 409 5368 1895 5441">
    <p class='ocr_par' dir='ltr' id='par_1_86' title="bbox 409 5368 1895 5441">
     <span class='ocr_line' id='line_1_86' title="bbox 409 5368 1895 5441; baseline 0.002 -22"><span class='ocrx_word' id='word_1_590' title='bbox 409 5368 474 5419; x_wconf 82' lang='grc'>’11</span> <span class='ocrx_word' id='word_1_591' title='bbox 509 5370 698 5438; x_wconf 84' lang='grc' dir='ltr'>ἐντολὴ</span> <span class='ocrx_word' id='word_1_592' title='bbox 728 5368 879 5439; x_wconf 81' lang='grc' dir='ltr'>δηλοῖ</span> <span class='ocrx_word' id='word_1_593' title='bbox 913 5370 1012 5439; x_wconf 79' lang='grc' dir='ltr'>τὴν</span> <span class='ocrx_word' id='word_1_594' title='bbox 1057 5369 1312 5440; x_wconf 82' lang='grc' dir='ltr'>ὁμόνοιαν</span> <span class='ocrx_word' id='word_1_595' title='bbox 1340 5370 1437 5441; x_wconf 78' lang='grc' dir='ltr'><strong>τὴν</strong></span> <span class='ocrx_word' id='word_1_596' title='bbox 1483 5371 1619 5441; x_wconf 58' lang='grc' dir='ltr'>πρός</span> <span class='ocrx_word' id='word_1_597' title='bbox 1650 5371 1741 5422; x_wconf 67' lang='grc' dir='ltr'>τὸν</span> <span class='ocrx_word' id='word_1_598' title='bbox 1780 5373 1895 5424; x_wconf 75' lang='grc' dir='ltr'><strong>Πασ-</strong></span> 
     </span>
    </p>
   </div>
   <div class='ocr_carea' id='block_1_87' title="bbox 322 5458 1894 5526">
    <p class='ocr_par' dir='ltr' id='par_1_87' title="bbox 322 5458 1894 5526">
     <span class='ocr_line' id='line_1_87' title="bbox 322 5458 1894 5526; baseline 0.003 -17"><span class='ocrx_word' id='word_1_599' title='bbox 322 5458 494 5525; x_wconf 87' lang='grc' dir='ltr'>τέρα,</span> <span class='ocrx_word' id='word_1_600' title='bbox 530 5460 578 5510; x_wconf 77' lang='grc' dir='ltr'><strong>εἰ</strong></span> <span class='ocrx_word' id='word_1_601' title='bbox 619 5460 713 5511; x_wconf 73' lang='grc' dir='ltr'>καὶ</span> <span class='ocrx_word' id='word_1_602' title='bbox 749 5459 1018 5522; x_wconf 87' lang='grc' dir='ltr'>ταπεινῶς</span> <span class='ocrx_word' id='word_1_603' title='bbox 1062 5460 1234 5516; x_wconf 81' lang='grc' dir='ltr'>λαλεῖ.</span> <span class='ocrx_word' id='word_1_604' title='bbox 1292 5462 1358 5515; x_wconf 83' lang='grc' dir='ltr'><strong>Ἠ</strong></span> <span class='ocrx_word' id='word_1_605' title='bbox 1391 5462 1448 5516; x_wconf 76' lang='grc' dir='ltr'>δὲ</span> <span class='ocrx_word' id='word_1_606' title='bbox 1485 5462 1673 5525; x_wconf 81' lang='grc' dir='ltr'>ἐντολή</span> <span class='ocrx_word' id='word_1_607' title='bbox 1722 5463 1894 5526; x_wconf 79' lang='grc' dir='ltr'>ἐστιν,</span> 
     </span>
    </p>
   </div>
   <div class='ocr_carea' id='block_1_88' title="bbox 322 5546 1170 5617">
    <p class='ocr_par' dir='ltr' id='par_1_88' title="bbox 322 5546 1170 5617">
     <span class='ocr_line' id='line_1_88' title="bbox 322 5546 1170 5617; baseline 0.001 -17"><span class='ocrx_word' id='word_1_608' title='bbox 322 5546 619 5600; x_wconf 68' lang='grc' dir='ltr'>ἀποθανεῖν</span> <span class='ocrx_word' id='word_1_609' title='bbox 649 5546 790 5614; x_wconf 80' lang='grc' dir='ltr'>ὑπὲρ</span> <span class='ocrx_word' id='word_1_610' title='bbox 817 5547 911 5600; x_wconf 79' lang='grc' dir='ltr'><strong>τοῦ</strong></span> <span class='ocrx_word' id='word_1_611' title='bbox 944 5548 1170 5617; x_wconf 83' lang='grc' dir='ltr'>κόσμου.</span> 
     </span>
    </p>
   </div>
   <div class='ocr_carea' id='block_1_89' title="bbox 418 5718 911 5791">
    <p class='ocr_par' dir='ltr' id='par_1_89' title="bbox 418 5718 911 5791">
     <span class='ocr_line' id='line_1_89' title="bbox 418 5718 911 5791; baseline -0.01 -13"><span class='ocrx_word' id='word_1_612' title='bbox 418 5722 463 5753; x_wconf 78' lang='grc'><strong>²⁶</strong></span> <span class='ocrx_word' id='word_1_613' title='bbox 485 5720 659 5791; x_wconf 48' lang='grc' dir='ltr'>δοιηη</span> <span class='ocrx_word' id='word_1_614' title='bbox 685 5734 837 5787; x_wconf 71' lang='lat' dir='ltr'><strong>XVIII,</strong></span> <span class='ocrx_word' id='word_1_615' title='bbox 864 5718 911 5774; x_wconf 89' lang='lat'><strong>8.</strong></span> 
     </span>
    </p>
   </div>
   <div class='ocr_carea' id='block_1_90' title="bbox 2029 3181 3359 3253">
    <p class='ocr_par' dir='ltr' id='par_1_90' title="bbox 2029 3181 3359 3253">
     <span class='ocr_line' id='line_1_90' title="bbox 2029 3181 3359 3253; baseline -0.005 -12"><span class='ocrx_word' id='word_1_616' title='bbox 2029 3187 2154 3241; x_wconf 91' lang='lat' dir='ltr'><strong>tatis</strong></span> <span class='ocrx_word' id='word_1_617' title='bbox 2182 3196 2286 3251; x_wconf 90' lang='lat' dir='ltr'><strong>est,</strong></span> <span class='ocrx_word' id='word_1_618' title='bbox 2316 3185 2409 3240; x_wconf 88' lang='lat' dir='ltr'><strong>sed</strong></span> <span class='ocrx_word' id='word_1_619' title='bbox 2444 3184 2571 3253; x_wconf 91' lang='lat' dir='ltr'><strong>quid</strong></span> <span class='ocrx_word' id='word_1_620' title='bbox 2614 3182 2852 3235; x_wconf 79' lang='lat' dir='ltr'><strong>futurum</strong></span> <span class='ocrx_word' id='word_1_621' title='bbox 2879 3182 2952 3234; x_wconf 87' lang='lat' dir='ltr'><strong>sit</strong></span> <span class='ocrx_word' id='word_1_622' title='bbox 2984 3181 3359 3252; x_wconf 74' lang='lat' dir='ltr'><strong>signiﬁcantis.</strong></span> 
     </span>
    </p>
   </div>
   <div class='ocr_carea' id='block_1_91' title="bbox 2100 3293 3590 3363">
    <p class='ocr_par' dir='ltr' id='par_1_91' title="bbox 2100 3293 3590 3363">
     <span class='ocr_line' id='line_1_91' title="bbox 2100 3293 3590 3363; baseline -0.005 -9"><span class='ocrx_word' id='word_1_623' title='bbox 2100 3300 2261 3355; x_wconf 77' lang='lat' dir='ltr'><strong>Vens.</strong></span> <span class='ocrx_word' id='word_1_624' title='bbox 2288 3296 2373 3351; x_wconf 87' lang='lat' dir='ltr'><strong>l6.</strong></span> <span class='ocrx_word' id='word_1_625' title='bbox 2406 3314 2423 3347; x_wconf 83' lang='grc' dir='ltr'><strong>ι</strong></span> <span class='ocrx_word' id='word_1_626' title='bbox 2452 3294 2517 3350; x_wconf 87' lang='grc' dir='ltr'>Ει</span> <span class='ocrx_word' id='word_1_627' title='bbox 2538 3294 2672 3348; x_wconf 89' lang='lat' dir='ltr'><strong>alias</strong></span> <span class='ocrx_word' id='word_1_628' title='bbox 2701 3306 2829 3348; x_wconf 85' lang='lat' dir='ltr'><strong>oves</strong></span> <span class='ocrx_word' id='word_1_629' title='bbox 2858 3293 3049 3360; x_wconf 85' lang='lat' dir='ltr'><strong>habeo,</strong></span> <span class='ocrx_word' id='word_1_630' title='bbox 3083 3308 3203 3363; x_wconf 68' lang='lat' dir='ltr'><strong>qua:</strong></span> <span class='ocrx_word' id='word_1_631' title='bbox 3233 3309 3340 3349; x_wconf 90' lang='lat' dir='ltr'><strong>non</strong></span> <span class='ocrx_word' id='word_1_632' title='bbox 3375 3302 3590 3348; x_wconf 80' lang='lat' dir='ltr'><strong>suntex</strong></span> 
     </span>
    </p>
   </div>
   <div class='ocr_carea' id='block_1_92' title="bbox 2024 3390 2370 3447">
    <p class='ocr_par' dir='ltr' id='par_1_92' title="bbox 2024 3390 2370 3447">
     <span class='ocr_line' id='line_1_92' title="bbox 2024 3390 2370 3447; baseline -0.023 0"><span class='ocrx_word' id='word_1_633' title='bbox 2024 3392 2124 3447; x_wconf 82' lang='lat' dir='ltr'><strong>hoc</strong></span> <span class='ocrx_word' id='word_1_634' title='bbox 2162 3390 2310 3445; x_wconf 83' lang='lat' dir='ltr'><strong>ovili.</strong></span> <span class='ocrx_word' id='word_1_635' title='bbox 2351 3405 2370 3439; x_wconf 73' lang='grc' dir='ltr'><strong>ι</strong></span> 
     </span>
    </p>
   </div>
   <div class='ocr_carea' id='block_1_93' title="bbox 2096 3469 3591 3548">
    <p class='ocr_par' dir='ltr' id='par_1_93' title="bbox 2096 3469 3591 3548">
     <span class='ocr_line' id='line_1_93' title="bbox 2096 3469 3591 3548; baseline -0.008 -11"><span class='ocrx_word' id='word_1_636' title='bbox 2096 3483 2208 3537; x_wconf 84' lang='lat' dir='ltr'><strong>Hoc</strong></span> <span class='ocrx_word' id='word_1_637' title='bbox 2240 3479 2370 3535; x_wconf 91' lang='lat' dir='ltr'><strong>dicit</strong></span> <span class='ocrx_word' id='word_1_638' title='bbox 2398 3488 2614 3548; x_wconf 88' lang='lat' dir='ltr'><strong>propter</strong></span> <span class='ocrx_word' id='word_1_639' title='bbox 2647 3474 2910 3529; x_wconf 75' lang='lat' dir='ltr'><strong>inﬁdeles.</strong></span> <span class='ocrx_word' id='word_1_640' title='bbox 2944 3469 3059 3527; x_wconf 86' lang='lat' dir='ltr'><strong>Non</strong></span> <span class='ocrx_word' id='word_1_641' title='bbox 3082 3473 3225 3527; x_wconf 89' lang='lat' dir='ltr'><strong>enim</strong></span> <span class='ocrx_word' id='word_1_642' title='bbox 3247 3487 3434 3526; x_wconf 90' lang='lat' dir='ltr'><strong>omnes</strong></span> <span class='ocrx_word' id='word_1_643' title='bbox 3459 3488 3591 3527; x_wconf 85' lang='lat' dir='ltr'><strong>oves</strong></span> 
     </span>
    </p>
   </div>
   <div class='ocr_carea' id='block_1_94' title="bbox 2023 3565 3595 3644">
    <p class='ocr_par' dir='ltr' id='par_1_94' title="bbox 2023 3565 3595 3644">
     <span class='ocr_line' id='line_1_94' title="bbox 2023 3565 3595 3644; baseline -0.007 -15"><span class='ocrx_word' id='word_1_644' title='bbox 2023 3576 2198 3644; x_wconf 88' lang='lat' dir='ltr'><strong>ipsum</strong></span> <span class='ocrx_word' id='word_1_645' title='bbox 2262 3572 2604 3635; x_wconf 86' lang='lat' dir='ltr'><strong>audiverunt,</strong></span> <span class='ocrx_word' id='word_1_646' title='bbox 2656 3568 2749 3622; x_wconf 86' lang='lat' dir='ltr'><strong>sed</strong></span> <span class='ocrx_word' id='word_1_647' title='bbox 2808 3565 2981 3620; x_wconf 89' lang='lat' dir='ltr'><strong>solum</strong></span> <span class='ocrx_word' id='word_1_648' title='bbox 3033 3565 3147 3619; x_wconf 67' lang='lat' dir='ltr'><strong>ista:</strong></span> <span class='ocrx_word' id='word_1_649' title='bbox 3197 3580 3315 3634; x_wconf 76' lang='lat' dir='ltr'><strong>quze</strong></span> <span class='ocrx_word' id='word_1_650' title='bbox 3357 3565 3425 3619; x_wconf 85' lang='lat' dir='ltr'><strong>ab</strong></span> <span class='ocrx_word' id='word_1_651' title='bbox 3476 3565 3595 3633; x_wconf 87' lang='lat' dir='ltr'><strong>ipso</strong></span> 
     </span>
    </p>
   </div>
   <div class='ocr_carea' id='block_1_95' title="bbox 2021 3655 3592 3736">
    <p class='ocr_par' dir='ltr' id='par_1_95' title="bbox 2021 3655 3592 3736">
     <span class='ocr_line' id='line_1_95' title="bbox 2021 3655 3592 3736; baseline -0.008 -15"><span class='ocrx_word' id='word_1_652' title='bbox 2021 3666 2276 3736; x_wconf 66' lang='lat' dir='ltr'><strong>cognitae,</strong></span> <span class='ocrx_word' id='word_1_653' title='bbox 2309 3664 2486 3731; x_wconf 91' lang='lat' dir='ltr'><strong>ipsum</strong></span> <span class='ocrx_word' id='word_1_654' title='bbox 2520 3659 2758 3713; x_wconf 81' lang='lat' dir='ltr'><strong>vicissim</strong></span> <span class='ocrx_word' id='word_1_655' title='bbox 2784 3658 3201 3728; x_wconf 85' lang='lat' dir='ltr'><strong>cognoscebant.</strong></span> <span class='ocrx_word' id='word_1_656' title='bbox 3236 3655 3437 3711; x_wconf 86' lang='lat' dir='ltr'><strong>Omnes</strong></span> <span class='ocrx_word' id='word_1_657' title='bbox 3472 3655 3592 3725; x_wconf 88' lang='lat' dir='ltr'><strong>qui-</strong></span> 
     </span>
    </p>
   </div>
   <div class='ocr_carea' id='block_1_96' title="bbox 2021 3746 3592 3821">
    <p class='ocr_par' dir='ltr' id='par_1_96' title="bbox 2021 3746 3592 3821">
     <span class='ocr_line' id='line_1_96' title="bbox 2021 3746 3592 3821; baseline -0.009 -10"><span class='ocrx_word' id='word_1_658' title='bbox 2021 3759 2142 3811; x_wconf 88' lang='lat' dir='ltr'><strong>dem</strong></span> <span class='ocrx_word' id='word_1_659' title='bbox 2182 3769 2313 3809; x_wconf 81' lang='lat' dir='ltr'><strong>oves</strong></span> <span class='ocrx_word' id='word_1_660' title='bbox 2344 3762 2489 3814; x_wconf 86' lang='lat' dir='ltr'><strong>sunt,</strong></span> <span class='ocrx_word' id='word_1_661' title='bbox 2522 3752 2614 3804; x_wconf 87' lang='lat' dir='ltr'><strong>sed</strong></span> <span class='ocrx_word' id='word_1_662' title='bbox 2643 3763 2859 3821; x_wconf 86' lang='lat' dir='ltr'><strong>propter</strong></span> <span class='ocrx_word' id='word_1_663' title='bbox 2885 3748 3278 3807; x_wconf 77' lang='lat' dir='ltr'><strong>sententiarum</strong></span> <span class='ocrx_word' id='word_1_664' title='bbox 3306 3746 3592 3799; x_wconf 86' lang='lat' dir='ltr'><strong>diversita-</strong></span> 
     </span>
    </p>
   </div>
   <div class='ocr_carea' id='block_1_97' title="bbox 2022 3840 3588 3904">
    <p class='ocr_par' dir='ltr' id='par_1_97' title="bbox 2022 3840 3588 3904">
     <span class='ocr_line' id='line_1_97' title="bbox 2022 3840 3588 3904; baseline -0.006 -4"><span class='ocrx_word' id='word_1_665' title='bbox 2022 3858 2128 3900; x_wconf 86' lang='lat' dir='ltr'><strong>tem</strong></span> <span class='ocrx_word' id='word_1_666' title='bbox 2166 3848 2242 3900; x_wconf 90' lang='lat' dir='ltr'><strong>ait</strong></span> <span class='ocrx_word' id='word_1_667' title='bbox 2280 3860 2371 3898; x_wconf 90' lang='lat' dir='ltr'><strong>eas</strong></span> <span class='ocrx_word' id='word_1_668' title='bbox 2411 3858 2475 3897; x_wconf 76' lang='lat' dir='ltr'><strong>ex</strong></span> <span class='ocrx_word' id='word_1_669' title='bbox 2514 3844 2617 3895; x_wconf 87' lang='lat' dir='ltr'><strong>hoc</strong></span> <span class='ocrx_word' id='word_1_670' title='bbox 2658 3844 2807 3904; x_wconf 86' lang='lat' dir='ltr'><strong>ovili,</strong></span> <span class='ocrx_word' id='word_1_671' title='bbox 2840 3842 3044 3895; x_wconf 83' lang='lat' dir='ltr'><strong>scilicet</strong></span> <span class='ocrx_word' id='word_1_672' title='bbox 3077 3840 3263 3892; x_wconf 89' lang='lat' dir='ltr'><strong>mundi</strong></span> <span class='ocrx_word' id='word_1_673' title='bbox 3301 3854 3405 3891; x_wconf 89' lang='lat' dir='ltr'><strong>non</strong></span> <span class='ocrx_word' id='word_1_674' title='bbox 3445 3853 3588 3892; x_wconf 82' lang='lat' dir='ltr'><strong>esse.</strong></span> 
     </span>
    </p>
   </div>
   <div class='ocr_carea' id='block_1_98' title="bbox 2018 3930 3591 4002">
    <p class='ocr_par' dir='ltr' id='par_1_98' title="bbox 2018 3930 3591 4002">
     <span class='ocr_line' id='line_1_98' title="bbox 2018 3930 3591 4002; baseline -0.006 -9"><span class='ocrx_word' id='word_1_675' title='bbox 2018 3940 2084 3993; x_wconf 84' lang='lat' dir='ltr'><strong>Et</strong></span> <span class='ocrx_word' id='word_1_676' title='bbox 2123 3937 2379 3999; x_wconf 78' lang='lat' dir='ltr'><strong>ostendit,</strong></span> <span class='ocrx_word' id='word_1_677' title='bbox 2408 3945 2463 3987; x_wconf 90' lang='lat' dir='ltr'><strong>ut</strong></span> <span class='ocrx_word' id='word_1_678' title='bbox 2490 3933 2673 4002; x_wconf 84' lang='lat' dir='ltr'><strong>ejectis</strong></span> <span class='ocrx_word' id='word_1_679' title='bbox 2703 3931 2990 3985; x_wconf 74' lang='lat' dir='ltr'><strong>Phariszeis</strong></span> <span class='ocrx_word' id='word_1_680' title='bbox 3031 3931 3143 3996; x_wconf 50' lang='lat' dir='ltr'><strong>ipse</strong></span> <span class='ocrx_word' id='word_1_681' title='bbox 3168 3939 3420 3995; x_wconf 84' lang='lat' dir='ltr'><strong>tanquam</strong></span> <span class='ocrx_word' id='word_1_682' title='bbox 3451 3930 3591 3983; x_wconf 84' lang='lat' dir='ltr'><strong>Dens</strong></span> 
     </span>
    </p>
   </div>
   <div class='ocr_carea' id='block_1_99' title="bbox 2019 4018 3588 4100">
    <p class='ocr_par' dir='ltr' id='par_1_99' title="bbox 2019 4018 3588 4100">
     <span class='ocr_line' id='line_1_99' title="bbox 2019 4018 3588 4100; baseline -0.008 -18"><span class='ocrx_word' id='word_1_683' title='bbox 2019 4042 2205 4100; x_wconf 77' lang='lat' dir='ltr'><strong>gentes</strong></span> <span class='ocrx_word' id='word_1_684' title='bbox 2240 4036 2482 4081; x_wconf 89' lang='lat' dir='ltr'><strong>recturus</strong></span> <span class='ocrx_word' id='word_1_685' title='bbox 2509 4026 2622 4087; x_wconf 90' lang='lat' dir='ltr'><strong>sit,</strong></span> <span class='ocrx_word' id='word_1_686' title='bbox 2654 4038 2948 4090; x_wconf 89' lang='lat' dir='ltr'><strong>omnesque</strong></span> <span class='ocrx_word' id='word_1_687' title='bbox 2986 4020 3054 4074; x_wconf 86' lang='lat' dir='ltr'><strong>ad</strong></span> <span class='ocrx_word' id='word_1_688' title='bbox 3091 4020 3183 4073; x_wconf 91' lang='lat' dir='ltr'><strong>Dei</strong></span> <span class='ocrx_word' id='word_1_689' title='bbox 3222 4018 3588 4086; x_wconf 84' lang='lat' dir='ltr'><strong>cognitionem</strong></span> 
     </span>
    </p>
   </div>
   <div class='ocr_carea' id='block_1_100' title="bbox 2018 4112 3599 4185">
    <p class='ocr_par' dir='ltr' id='par_1_100' title="bbox 2018 4112 3599 4185">
     <span class='ocr_line' id='line_1_100' title="bbox 2018 4112 3599 4185; baseline -0.012 -7"><span class='ocrx_word' id='word_1_690' title='bbox 2018 4125 2372 4185; x_wconf 83' lang='lat' dir='ltr'><strong>adducturus,</strong></span> <span class='ocrx_word' id='word_1_691' title='bbox 2409 4129 2515 4172; x_wconf 89' lang='lat' dir='ltr'><strong>tam</strong></span> <span class='ocrx_word' id='word_1_692' title='bbox 2553 4116 2765 4171; x_wconf 67' lang='lat' dir='ltr'><strong>Judaeos</strong></span> <span class='ocrx_word' id='word_1_693' title='bbox 2794 4130 2953 4184; x_wconf 90' lang='lat' dir='ltr'><strong>quam</strong></span> <span class='ocrx_word' id='word_1_694' title='bbox 2983 4112 3214 4183; x_wconf 82' lang='lat' dir='ltr'><strong>gentiles</strong></span> <span class='ocrx_word' id='word_1_695' title='bbox 3236 4150 3252 4175; x_wconf 89' lang='lat'><strong>,</strong></span> <span class='ocrx_word' id='word_1_696' title='bbox 3284 4118 3469 4179; x_wconf 87' lang='lat' dir='ltr'><strong>utpote</strong></span> <span class='ocrx_word' id='word_1_697' title='bbox 3494 4112 3599 4179; x_wconf 80' lang='lat' dir='ltr'><strong>qui.</strong></span> 
     </span>
    </p>
   </div>
   <div class='ocr_carea' id='block_1_101' title="bbox 2017 4204 3447 4284">
    <p class='ocr_par' dir='ltr' id='par_1_101' title="bbox 2017 4204 3447 4284">
     <span class='ocr_line' id='line_1_101' title="bbox 2017 4204 3447 4284; baseline -0.01 -14"><span class='ocrx_word' id='word_1_698' title='bbox 2017 4232 2045 4270; x_wconf 87' lang='lat' dir='ltr'><strong>a</strong></span> <span class='ocrx_word' id='word_1_699' title='bbox 2080 4215 2262 4284; x_wconf 80' lang='lat' dir='ltr'><strong>Moyse</strong></span> <span class='ocrx_word' id='word_1_700' title='bbox 2301 4227 2364 4267; x_wconf 88' lang='lat' dir='ltr'><strong>ac</strong></span> <span class='ocrx_word' id='word_1_701' title='bbox 2399 4209 2673 4281; x_wconf 80' lang='lat' dir='ltr'><strong>prOphetis</strong></span> <span class='ocrx_word' id='word_1_702' title='bbox 2703 4208 2803 4262; x_wconf 86' lang='lat' dir='ltr'><strong>hoc</strong></span> <span class='ocrx_word' id='word_1_703' title='bbox 2826 4206 3068 4259; x_wconf 81' lang='lat' dir='ltr'><strong>facturus</strong></span> <span class='ocrx_word' id='word_1_704' title='bbox 3099 4204 3447 4275; x_wconf 69' lang='lat' dir='ltr'><strong>przedicetur.</strong></span> 
     </span>
    </p>
   </div>
   <div class='ocr_carea' id='block_1_102' title="bbox 2090 4379 3591 4456">
    <p class='ocr_par' dir='ltr' id='par_1_102' title="bbox 2090 4379 3591 4456">
     <span class='ocr_line' id='line_1_102' title="bbox 2090 4379 3591 4456; baseline -0.012 -6"><span class='ocrx_word' id='word_1_705' title='bbox 2090 4395 2255 4449; x_wconf 75' lang='lat' dir='ltr'><strong>Vens.</strong></span> <span class='ocrx_word' id='word_1_706' title='bbox 2291 4391 2379 4445; x_wconf 83' lang='grc'>17.</span> <span class='ocrx_word' id='word_1_707' title='bbox 2423 4408 2442 4441; x_wconf 77' lang='grc' dir='ltr'><strong>ι</strong></span> <span class='ocrx_word' id='word_1_708' title='bbox 2488 4385 2777 4456; x_wconf 84' lang='lat' dir='ltr'><strong>Propterea</strong></span> <span class='ocrx_word' id='word_1_709' title='bbox 2825 4397 2911 4435; x_wconf 88' lang='lat' dir='ltr'><strong>me</strong></span> <span class='ocrx_word' id='word_1_710' title='bbox 2952 4380 3127 4449; x_wconf 76' lang='lat' dir='ltr'><strong>diligit</strong></span> <span class='ocrx_word' id='word_1_711' title='bbox 3181 4379 3346 4433; x_wconf 73' lang='lat' dir='ltr'><strong>Pater</strong></span> <span class='ocrx_word' id='word_1_712' title='bbox 3390 4397 3404 4432; x_wconf 90' lang='lat'><strong>:</strong></span> <span class='ocrx_word' id='word_1_713' title='bbox 3462 4379 3591 4448; x_wconf 80' lang='lat' dir='ltr'><strong>quia</strong></span> 
     </span>
    </p>
   </div>
   <div class='ocr_carea' id='block_1_103' title="bbox 2006 4476 3547 4561">
    <p class='ocr_par' dir='ltr' id='par_1_103' title="bbox 2006 4476 3547 4561">
     <span class='ocr_line' id='line_1_103' title="bbox 2006 4476 3547 4561; baseline -0.012 -18"><span class='ocrx_word' id='word_1_714' title='bbox 2006 4505 2106 4561; x_wconf 73' lang='lat' dir='ltr'><strong>ego</strong></span> <span class='ocrx_word' id='word_1_715' title='bbox 2133 4502 2271 4558; x_wconf 90' lang='lat' dir='ltr'><strong>pono</strong></span> <span class='ocrx_word' id='word_1_716' title='bbox 2310 4481 2543 4537; x_wconf 83' lang='lat' dir='ltr'><strong>animam</strong></span> <span class='ocrx_word' id='word_1_717' title='bbox 2571 4494 2764 4539; x_wconf 87' lang='lat' dir='ltr'><strong>meam,</strong></span> <span class='ocrx_word' id='word_1_718' title='bbox 2795 4484 2851 4529; x_wconf 89' lang='lat' dir='ltr'><strong>ut</strong></span> <span class='ocrx_word' id='word_1_719' title='bbox 2881 4476 3074 4529; x_wconf 85' lang='lat' dir='ltr'><strong>iterum</strong></span> <span class='ocrx_word' id='word_1_720' title='bbox 3107 4488 3318 4527; x_wconf 85' lang='lat' dir='ltr'><strong>sumam</strong></span> <span class='ocrx_word' id='word_1_721' title='bbox 3351 4487 3492 4525; x_wconf 83' lang='lat' dir='ltr'><strong>eam.</strong></span> <span class='ocrx_word' id='word_1_722' title='bbox 3528 4492 3547 4524; x_wconf 73' lang='grc' dir='ltr'><strong>ι</strong></span> 
     </span>
    </p>
   </div>
   <div class='ocr_carea' id='block_1_104' title="bbox 2080 4584 3582 4658">
    <p class='ocr_par' dir='ltr' id='par_1_104' title="bbox 2080 4584 3582 4658">
     <span class='ocr_line' id='line_1_104' title="bbox 2080 4584 3582 4658; baseline -0.014 0"><span class='ocrx_word' id='word_1_723' title='bbox 2080 4604 2294 4658; x_wconf 86' lang='lat' dir='ltr'><strong>Sortem</strong></span> <span class='ocrx_word' id='word_1_724' title='bbox 2350 4596 2480 4649; x_wconf 86' lang='lat' dir='ltr'><strong>dicit</strong></span> <span class='ocrx_word' id='word_1_725' title='bbox 2548 4590 2959 4652; x_wconf 73' lang='lat' dir='ltr'><strong>fortitudinem;</strong></span> <span class='ocrx_word' id='word_1_726' title='bbox 3000 4587 3143 4655; x_wconf 88' lang='lat' dir='ltr'><strong>quod</strong></span> <span class='ocrx_word' id='word_1_727' title='bbox 3200 4586 3251 4640; x_wconf 91' lang='lat' dir='ltr'><strong>iu</strong></span> <span class='ocrx_word' id='word_1_728' title='bbox 3309 4584 3582 4651; x_wconf 79' lang='lat' dir='ltr'><strong>Apostolis</strong></span> 
     </span>
    </p>
   </div>
   <div class='ocr_carea' id='block_1_105' title="bbox 2010 4675 3569 4760">
    <p class='ocr_par' dir='ltr' id='par_1_105' title="bbox 2010 4675 3569 4760">
     <span class='ocr_line' id='line_1_105' title="bbox 2010 4675 3569 4760; baseline -0.015 -11"><span class='ocrx_word' id='word_1_729' title='bbox 2010 4695 2188 4750; x_wconf 85' lang='lat' dir='ltr'><strong>evenit</strong></span> <span class='ocrx_word' id='word_1_730' title='bbox 2214 4690 2302 4760; x_wconf 90' lang='lat' dir='ltr'><strong>qui</strong></span> <span class='ocrx_word' id='word_1_731' title='bbox 2345 4686 2497 4756; x_wconf 90' lang='lat' dir='ltr'><strong>quasi</strong></span> <span class='ocrx_word' id='word_1_732' title='bbox 2542 4684 2692 4737; x_wconf 76' lang='lat' dir='ltr'><strong>orbis</strong></span> <span class='ocrx_word' id='word_1_733' title='bbox 2728 4679 2965 4734; x_wconf 88' lang='lat' dir='ltr'><strong>universi</strong></span> <span class='ocrx_word' id='word_1_734' title='bbox 3015 4678 3242 4738; x_wconf 87' lang='lat' dir='ltr'><strong>domini,</strong></span> <span class='ocrx_word' id='word_1_735' title='bbox 3300 4675 3569 4743; x_wconf 86' lang='lat' dir='ltr'><strong>ingredie-</strong></span> 
     </span>
    </p>
   </div>
   <div class='ocr_carea' id='block_1_106' title="bbox 2014 4765 3578 4850">
    <p class='ocr_par' dir='ltr' id='par_1_106' title="bbox 2014 4765 3578 4850">
     <span class='ocr_line' id='line_1_106' title="bbox 2014 4765 3578 4850; baseline -0.014 -10"><span class='ocrx_word' id='word_1_736' title='bbox 2014 4789 2208 4840; x_wconf 61' lang='lat' dir='ltr'><strong>bantur</strong></span> <span class='ocrx_word' id='word_1_737' title='bbox 2242 4792 2296 4836; x_wconf 90' lang='lat' dir='ltr'><strong>et</strong></span> <span class='ocrx_word' id='word_1_738' title='bbox 2329 4778 2762 4850; x_wconf 85' lang='lat' dir='ltr'><strong>egrediebantur,</strong></span> <span class='ocrx_word' id='word_1_739' title='bbox 2798 4782 2851 4827; x_wconf 93' lang='lat' dir='ltr'><strong>et</strong></span> <span class='ocrx_word' id='word_1_740' title='bbox 2900 4787 3059 4826; x_wconf 90' lang='lat' dir='ltr'><strong>nemo</strong></span> <span class='ocrx_word' id='word_1_741' title='bbox 3094 4785 3186 4824; x_wconf 89' lang='lat' dir='ltr'><strong>eos</strong></span> <span class='ocrx_word' id='word_1_742' title='bbox 3214 4769 3427 4823; x_wconf 86' lang='lat' dir='ltr'><strong>valebat</strong></span> <span class='ocrx_word' id='word_1_743' title='bbox 3469 4765 3578 4820; x_wconf 86' lang='lat' dir='ltr'><strong>itu-</strong></span> 
     </span>
    </p>
   </div>
   <div class='ocr_carea' id='block_1_107' title="bbox 2011 4876 2217 4946">
    <p class='ocr_par' dir='ltr' id='par_1_107' title="bbox 2011 4876 2217 4946">
     <span class='ocr_line' id='line_1_107' title="bbox 2011 4876 2217 4946; baseline -0.015 -18"><span class='ocrx_word' id='word_1_744' title='bbox 2011 4876 2217 4946; x_wconf 83' lang='lat' dir='ltr'><strong>pedire.</strong></span> 
     </span>
    </p>
   </div>
   <div class='ocr_carea' id='block_1_108' title="bbox 2079 4971 3575 5045">
    <p class='ocr_par' dir='ltr' id='par_1_108' title="bbox 2079 4971 3575 5045">
     <span class='ocr_line' id='line_1_108' title="bbox 2079 4971 3575 5045; baseline -0.011 -4"><span class='ocrx_word' id='word_1_745' title='bbox 2079 4984 2342 5041; x_wconf 85' lang='lat' dir='ltr'><strong>Omnibus</strong></span> <span class='ocrx_word' id='word_1_746' title='bbox 2368 4977 2663 5034; x_wconf 89' lang='lat' dir='ltr'><strong>iuterlcclis</strong></span> <span class='ocrx_word' id='word_1_747' title='bbox 2694 4984 2749 5031; x_wconf 90' lang='lat' dir='ltr'><strong>et</strong></span> <span class='ocrx_word' id='word_1_748' title='bbox 2776 4972 2999 5045; x_wconf 88' lang='lat' dir='ltr'><strong>perditis</strong></span> <span class='ocrx_word' id='word_1_749' title='bbox 3038 4973 3184 5028; x_wconf 88' lang='lat' dir='ltr'><strong>venit</strong></span> <span class='ocrx_word' id='word_1_750' title='bbox 3226 4971 3473 5026; x_wconf 86' lang='lat' dir='ltr'><strong>Christus</strong></span> <span class='ocrx_word' id='word_1_751' title='bbox 3517 4983 3575 5024; x_wconf 89' lang='lat' dir='ltr'><strong>ut</strong></span> 
     </span>
    </p>
   </div>
   <div class='ocr_carea' id='block_1_109' title="bbox 2008 5068 2886 5141">
    <p class='ocr_par' dir='ltr' id='par_1_109' title="bbox 2008 5068 2886 5141">
     <span class='ocr_line' id='line_1_109' title="bbox 2008 5068 2886 5141; baseline -0.013 -9"><span class='ocrx_word' id='word_1_752' title='bbox 2008 5079 2235 5132; x_wconf 70' lang='lat' dir='ltr'><strong>salutem</strong></span> <span class='ocrx_word' id='word_1_753' title='bbox 2272 5073 2543 5141; x_wconf 78' lang='lat' dir='ltr'><strong>vitamque</strong></span> <span class='ocrx_word' id='word_1_754' title='bbox 2573 5068 2886 5138; x_wconf 80' lang='lat' dir='ltr'><strong>largiretur.</strong></span> 
     </span>
    </p>
   </div>
   <div class='ocr_carea' id='block_1_110' title="bbox 2074 5175 3561 5248">
    <p class='ocr_par' dir='ltr' id='par_1_110' title="bbox 2074 5175 3561 5248">
     <span class='ocr_line' id='line_1_110' title="bbox 2074 5175 3561 5248; baseline -0.012 -7"><span class='ocrx_word' id='word_1_755' title='bbox 2074 5188 2235 5246; x_wconf 71' lang='lat' dir='ltr'><strong>Vens.</strong></span> <span class='ocrx_word' id='word_1_756' title='bbox 2270 5186 2355 5241; x_wconf 88' lang='grc'>18.</span> <span class='ocrx_word' id='word_1_757' title='bbox 2391 5203 2410 5237; x_wconf 79' lang='grc' dir='ltr'><strong>ι</strong></span> <span class='ocrx_word' id='word_1_758' title='bbox 2442 5182 2556 5238; x_wconf 78' lang='lat' dir='ltr'><strong>Hoc</strong></span> <span class='ocrx_word' id='word_1_759' title='bbox 2582 5182 2891 5237; x_wconf 87' lang='lat' dir='ltr'><strong>mandatum</strong></span> <span class='ocrx_word' id='word_1_760' title='bbox 2919 5177 3099 5248; x_wconf 86' lang='lat' dir='ltr'><strong>accepi</strong></span> <span class='ocrx_word' id='word_1_761' title='bbox 3123 5194 3150 5229; x_wconf 90' lang='lat' dir='ltr'><strong>a</strong></span> <span class='ocrx_word' id='word_1_762' title='bbox 3180 5175 3343 5230; x_wconf 81' lang='lat' dir='ltr'><strong>Patre</strong></span> <span class='ocrx_word' id='word_1_763' title='bbox 3364 5187 3504 5227; x_wconf 90' lang='lat' dir='ltr'><strong>meo.</strong></span> <span class='ocrx_word' id='word_1_764' title='bbox 3541 5189 3561 5223; x_wconf 76' lang='grc' dir='ltr'><strong>ι</strong></span> 
     </span>
    </p>
   </div>
   <div class='ocr_carea' id='block_1_111' title="bbox 2069 5350 3569 5430">
    <p class='ocr_par' dir='ltr' id='par_1_111' title="bbox 2069 5350 3569 5430">
     <span class='ocr_line' id='line_1_111' title="bbox 2069 5350 3569 5430; baseline -0.009 -12"><span class='ocrx_word' id='word_1_765' title='bbox 2069 5364 2375 5418; x_wconf 82' lang='lat' dir='ltr'><strong>Mandatum</strong></span> <span class='ocrx_word' id='word_1_766' title='bbox 2417 5359 2686 5430; x_wconf 81' lang='lat' dir='ltr'><strong>signiﬁcat</strong></span> <span class='ocrx_word' id='word_1_767' title='bbox 2719 5356 2834 5424; x_wconf 85' lang='lat' dir='ltr'><strong>ejus</strong></span> <span class='ocrx_word' id='word_1_768' title='bbox 2886 5371 3007 5411; x_wconf 92' lang='lat' dir='ltr'><strong>cum</strong></span> <span class='ocrx_word' id='word_1_769' title='bbox 3058 5354 3216 5409; x_wconf 84' lang='lat' dir='ltr'><strong>Patre</strong></span> <span class='ocrx_word' id='word_1_770' title='bbox 3253 5350 3569 5408; x_wconf 85' lang='lat' dir='ltr'><strong>consensio-</strong></span> 
     </span>
    </p>
   </div>
   <div class='ocr_carea' id='block_1_112' title="bbox 2000 5444 3580 5521">
    <p class='ocr_par' dir='ltr' id='par_1_112' title="bbox 2000 5444 3580 5521">
     <span class='ocr_line' id='line_1_112' title="bbox 2000 5444 3580 5521; baseline -0.009 -9"><span class='ocrx_word' id='word_1_771' title='bbox 2000 5474 2155 5521; x_wconf 84' lang='lat' dir='ltr'><strong>nem,</strong></span> <span class='ocrx_word' id='word_1_772' title='bbox 2190 5453 2404 5509; x_wconf 86' lang='lat' dir='ltr'><strong>tametsi</strong></span> <span class='ocrx_word' id='word_1_773' title='bbox 2452 5451 2707 5506; x_wconf 85' lang='lat' dir='ltr'><strong>humilius</strong></span> <span class='ocrx_word' id='word_1_774' title='bbox 2743 5449 3013 5516; x_wconf 78' lang='lat' dir='ltr'><strong>loquatur.</strong></span> <span class='ocrx_word' id='word_1_775' title='bbox 3060 5444 3370 5499; x_wconf 77' lang='lat' dir='ltr'><strong>Mandatum</strong></span> <span class='ocrx_word' id='word_1_776' title='bbox 3443 5455 3580 5498; x_wconf 82' lang='lat' dir='ltr'><strong>vero</strong></span> 
     </span>
    </p>
   </div>
   <div class='ocr_carea' id='block_1_113' title="bbox 2000 5541 3049 5609">
    <p class='ocr_par' dir='ltr' id='par_1_113' title="bbox 2000 5541 3049 5609">
     <span class='ocr_line' id='line_1_113' title="bbox 2000 5541 3049 5609; baseline -0.012 -7"><span class='ocrx_word' id='word_1_777' title='bbox 2000 5549 2128 5602; x_wconf 88' lang='lat' dir='ltr'><strong>illud</strong></span> <span class='ocrx_word' id='word_1_778' title='bbox 2156 5557 2237 5601; x_wconf 72' lang='lat' dir='ltr'><strong>cst</strong></span> <span class='ocrx_word' id='word_1_779' title='bbox 2296 5556 2351 5598; x_wconf 90' lang='lat' dir='ltr'><strong>ttt</strong></span> <span class='ocrx_word' id='word_1_780' title='bbox 2389 5558 2486 5609; x_wconf 85' lang='lat' dir='ltr'><strong>pro</strong></span> <span class='ocrx_word' id='word_1_781' title='bbox 2523 5541 2722 5595; x_wconf 84' lang='lat' dir='ltr'><strong>mundo</strong></span> <span class='ocrx_word' id='word_1_782' title='bbox 2761 5541 3049 5592; x_wconf 82' lang='lat' dir='ltr'><strong>moriatur.</strong></span> 
     </span>
    </p>
   </div>
  </div>
