4038 6148
565 237 697 302 1463

1684 254 2018 318 ΑΜΜΟΝΙΙ
2058 263 2586 335 ALEXANDRINI

3665 280 3791 347 1461

635 350 792 404 Vsus.
828 348 915 404 20.
959 368 979 402 ι
1016 350 1277 408 Dicebant
1313 362 1490 410 autem
1527 356 1676 413 multi
1708 374 1772 414 ex
1800 362 1930 432 ipsis
1963 381 1977 418 :
2013 368 2124 422 Dae-

2304 393 2323 425 ι
2368 376 2592 445 Ἔλεγον
2613 377 2667 439 δὲ
2692 379 2875 434 πολλοὶ
2899 380 2959 447 ἐξ
2986 381 3164 435 αὐτῶν
3190 400 3200 410 ·
3228 385 3514 454 Δαιμόνιον
3536 385 3674 458 ἔχει,
3705 390 3801 444 καί·

558 440 802 494 monium
837 441 994 496 habet
1041 454 1096 497 et
1129 442 1329 498 insanit
1359 462 1374 500 :
1406 446 1533 515 quid
1561 462 1683 502 eum
1712 454 1958 509 auditis?
1997 476 2015 509 ι

629 532 760 587 Cum
789 533 906 601 plus
948 549 1106 604 quam
1146 536 1381 592 hominis
1416 548 1598 595 essent
1623 556 1744 611 quae
1773 544 2118 615 dicebantur,

558 624 824 678 vocabant
853 625 1024 693 ipsum
1067 625 1479 683 dmmoniacum.
1505 628 1610 685 Per
1639 631 1741 687 hoc
1772 642 1951 690 autem
1984 641 2126 707 quod

559 715 781 767 audiens
813 714 915 768 ista
946 715 1205 770 Dominus
1236 719 1484 786 tacebat,
1517 736 1616 777 nos
1651 733 1865 781 nostras
1887 728 2127 783 modeste

557 817 622 858 ac
654 804 846 858 leuiter
880 804 1023 861 ferre
1061 806 1290 876 injurias
1315 809 1515 864 docuit.

629 893 791 949 Vens.
831 895 922 950 24.
955 914 975 948 ‹
1013 895 1070 951 Si
1098 907 1150 951 tu
1183 913 1242 953 es
1274 899 1544 965 Christus,
1572 900 1659 957 dic
1683 904 1840 960 nobis
1869 906 2065 975 palam.
2102 926 2122 960 ι

623 987 736 1042 Etsi
774 1004 880 1043 non
933 988 1165 1044 dilucide
1201 1005 1260 1045 se
1313 991 1588 1047 Christum
1643 1009 1763 1049 esse
1795 996 2025 1061 dixerit,
2070 1013 2128 1053 se

556 1091 733 1135 tamen
768 1081 965 1145 lucem,
1009 1092 1313 1152 pastorem,
1353 1097 1416 1138 ac
1453 1086 1594 1139 viam
1624 1101 1847 1152 vocans,
1894 1087 2021 1142 illud
2049 1090 2130 1158 ip-

551 1188 669 1227 sum
693 1173 1031 1242 significabat
1058 1172 1198 1245 (illis
1230 1174 1497 1243 siquidem
1541 1178 1846 1234 nominibus
1883 1178 2129 1248 Scriptu-

553 1278 610 1316 ra
635 1262 910 1318 Christum
930 1263 1203 1333 appellare
1220 1264 1400 1335 solet).
1417 1263 1715 1322 Clariorem
1740 1268 1903 1334 enim,
1928 1270 2124 1338 inquit,

551 1370 779 1423 operum
808 1371 969 1425 quam
998 1356 1286 1410 verborum
1320 1369 1506 1410 vocem
1538 1373 1910 1425 sarpenumero
1943 1361 2124 1430 emisi,

552 1457 608 1501 et
653 1464 759 1502 non
793 1448 1140 1513 credidistis,
1187 1449 1313 1517 quia
1350 1465 1454 1502 non
1484 1451 1607 1504 estis
1638 1466 1703 1504 ea:
1742 1454 1924 1506 ovibus
1973 1454 2124 1508 meis.

556 1540 668 1610 Ego
705 1538 972 1609 siquidem
1004 1555 1068 1594 ex
1099 1550 1250 1608 parte
1282 1555 1400 1595 mea
1432 1580 1448 1606 ,
1474 1541 1655 1595 omnia
1686 1557 1809 1611 qua:
1851 1553 2124 1612 pastorem

2232 467 2514 537 μαίνεται·
2547 470 2599 523 τί
2630 471 2795 525 αὐτοῦ
2820 472 3089 539 ἀκούετε;
3127 493 3145 525 ι

2311 561 2529 633 Ἐπειδὴ
2558 562 2699 635 ὑπὲρ
2726 563 3013 637 ἄνθρωπον
3037 562 3105 635 ἦν
3120 567 3189 621 τὰ
3208 567 3538 639 λαλούμενα,
3570 571 3791 626 ἐκάλουν

2228 648 2392 703 αὐτὸν
2419 649 2802 723 δαιμονιῶντα.
2849 658 2928 709 Δι’
2981 649 3057 711 ὧν
3080 658 3138 711 δὲ
3165 660 3338 714 ταῦτα
3375 662 3593 716 ἀκούων
3637 667 3665 717 ό
3692 665 3794 719 Κύ-

2232 752 2346 807 ριος
2376 738 2569 806 ἐσίγα,
2616 741 2854 809 ἐδίδαξεν
2879 744 3028 815 ἡμᾶς
3065 747 3255 818 πράως
3288 748 3477 821 φέρειν
3538 750 3643 816 τὰς
3682 753 3794 806 καθ’

2229 826 2438 881 ἑαυτῶν
2463 828 2669 900 ὕϐρεις.
3415 856 3423 865 ι

2307 937 2327 969 ‹
2369 919 2430 973 Ei
2464 921 2528 974 σὺ
2558 916 2607 975 εἴ
2636 923 2664 976 6
2687 925 2943 997 Χριστὸς,
2978 926 3102 981 είπὲ
3128 929 3261 999 ἡμῖν
3291 930 3599 1002 παρρησίᾳ.
3640 950 3660 984 ι

2301 1011 2364 1063 El
2401 1012 2497 1065 καὶ
2537 1013 2611 1085 μὴ
2646 1010 2797 1068 εἶπεν
2831 1017 3065 1071 ὲαυτδνὶ
3116 1018 3326 1082 λευκῶς
3366 1022 3628 1092 Χριστὸν,
3674 1023 3787 1077 ἀλλ’

2230 1103 2402 1157 εἰπὼν
2454 1106 2648 1159 ἑαυτὸν
2687 1106 2802 1175 φῶς
2824 1148 2839 1171 ,
2871 1110 3104 1178 ποιμένα
3130 1153 3145 1175 ,
3175 1111 3316 1176 ὁδὸν,
3345 1113 3593 1183 ἐσήμανε
3618 1113 3785 1167 τοῦτο.

2230 1194 2482 1263 (Τούτοις
2517 1197 2626 1268 γάρ
2669 1197 2858 1251 εἴωθεν
2890 1200 2927 1270 ἡ
2964 1200 3158 1272 Γραφὴ
3204 1204 3318 1265 τοῖς
3347 1203 3581 1273 ὀνόμασι
3613 1205 3786 1266 καλεῖν

2227 1287 2319 1365 τὸν
2349 1289 2605 1358 Χριστόν.
2631 1289 2650 1355 )
2678 1289 2788 1360 Τῆς
2821 1289 2931 1360 γὰρ
2954 1291 3045 1344 διὰ
3065 1291 3173 1345 τῶν
3199 1293 3481 1363 ῥημάτων,
3511 1296 3671 1365 φησὶ,
3701 1314 3786 1351 σα-

2198 1359 2501 1451 ’φεστέραν
2547 1359 2751 1451 ἀφῆκα
2783 1359 3045 1445 πολλάκις
3089 1359 3287 1454 φωᾴὴᾷ
3318 1384 3408 1437 διὰ
3442 1359 3553 1437 τῶν
3578 1359 3783 1457 έργων,

2228 1470 2325 1523 καὶ
2343 1471 2444 1523 ούκ
2469 1469 2829 1524 ἐπιστεύσατε
2846 1512 2860 1535 ,
2888 1471 2978 1525 ὅτι
3004 1472 3117 1525 οὐκ
3149 1470 3293 1524 ἐστὲ
3316 1472 3384 1525 ἐκ
3414 1471 3536 1525 τῶν
3579 1473 3785 1541 στρὸσά-

2226 1578 2344 1615 των
2381 1561 2500 1615 τῶν
2547 1561 2725 1632 ἐμῶν.
2783 1561 2924 1631 Ἐγὼ
2967 1563 3067 1634 μὲν
3105 1563 3216 1634 γάρ
3259 1561 3328 1616 τὰ
3375 1564 3504 1635 παρ’
3560 1564 3784 1634 ἐμαυτοῦ

556 1630 776 1695 decent,
806 1630 1036 1700 explevi.
1075 1630 1137 1687 Si
1177 1640 1357 1686 autem
1398 1647 1486 1687 me
1519 1648 1626 1688 non
1667 1637 1989 1702 sequamini,
2016 1651 2123 1691 nou

2229 1654 2406 1708 πάντα
2436 1630 2750 1724 ἐπλήρωσα,
2790 1654 2826 1708 ἃ
2854 1630 2945 1707 τὸν
2969 1630 3222 1724 *ποιμένα
3254 1630 3481 1725 ποιῆσαι
3512 1630 3701 1725 ἐχρῆν.
3731 1655 3785 1707 Εἰ

553 1721 678 1777 ideo
704 1721 900 1777 accidit
931 1722 1071 1791 quod
1105 1732 1291 1792 pastor
1318 1738 1424 1779 non
1448 1723 1571 1793 sim,
1603 1724 1698 1780 sed
1726 1726 1872 1794 quod
1899 1741 1994 1782 vos
2017 1742 2121 1782 non

2228 1705 2304 1797 δέ
2317 1744 2391 1814 μὴ
2424 1705 2767 1799 saxeas
2794 1705 2914 1811 ,λος
2928 1705 3049 1798 ,δέ
3071 1705 3258 1815 tas.
3283 1705 3385 1798 ,δέ
3399 1705 3785 1816 milia;

552 1815 672 1871 sitis
705 1829 855 1872 oves.

626 1920 789 1978 Vens.
817 1924 910 1978 29.
947 1941 966 1975 ι
1009 1923 1172 1980 Pater
1223 1939 1373 1980 meus
1399 1927 1539 1995 quod
1572 1927 1724 1983 dedit
1752 1928 1918 1993 mihi,
1948 1930 2124 1999 majus

551 2015 804 2072 omnibus
824 2026 907 2071 est
936 2032 951 2069 :
979 2022 1034 2071 et
1058 2030 1218 2070 nemo
1238 2025 1417 2087 potest
1443 2032 1631 2087 rapere
1662 2019 1728 2074 de
1757 2035 1918 2073 manu
1947 2020 2124 2076 Patris

554 2108 681 2163 mei.
720 2126 741 2161 ι

613 2197 839 2268 Signum
872 2198 1049 2253 ovium
1081 2198 1284 2254 domini
1342 2199 1609 2267 docilitas,
1667 2183 1969 2259 alienaer
2040 2205 2125 2259 in-

553 2290 880 2346 nhedientia.
911 2291 1044 2344 Cum
1085 2291 1232 2346 solus
1271 2305 1337 2344 ex
1375 2290 1482 2346 illis
1519 2292 1610 2361 qui
1647 2292 1786 2348 Filio
1835 2295 1944 2349 dati
1999 2303 2126 2351 sunt

550 2382 724 2449 ludas
754 2383 807 2438 in
843 2384 1039 2439 malum
1088 2383 1306 2452 cecidit,
1350 2383 1699 2441 manifestum
1759 2396 1846 2443 est
1873 2387 2123 2445 homines

555 2492 661 2531 non
690 2484 880 2530 natura
914 2484 973 2530 et
1022 2475 1259 2531 esseutla
1320 2475 1487 2530 malos
1529 2491 1672 2543 esse,
1724 2478 1819 2532 sed
1848 2477 2123 2534 voluntate

552 2566 810 2637 perverti.

504 2676 507 2678 ’
623 2681 787 2750 Vens.
820 2682 909 2738 ‘50.
947 2701 965 2734 (
1006 2682 1115 2753 Ego
1136 2689 1191 2738 et
1217 2681 1378 2738 Pater
1404 2698 1568 2738 unum
1599 2696 1804 2740 sumus.
1843 2702 1862 2736 ι

622 2774 695 2835 Ut
722 2776 1035 2839 ostenderet
1094 2772 1310 2837 Patrem
1347 2790 1411 2830 ac
1434 2773 1627 2830 Filium
1661 2792 1766 2831 non
1799 2776 1925 2845 quid
1955 2792 2118 2831 unum

550 2881 676 2920 esse
716 2866 1011 2920 secundum
1062 2863 1372 2935 hypostasin
1401 2905 1418 2930 ,
1450 2864 1654 2920 idcirco
1695 2865 1832 2919 dixit
1863 2882 1879 2918 :
1914 2865 2026 2936 Ego
2071 2874 2123 2921 et

558 2959 737 3015 Pater.
769 2956 1014 3012 Essentia
1033 2955 1300 3025 siquidem
1322 2965 1374 3010 et
1394 2957 1592 3013 virtute
1612 2972 1776 3017 unum
1795 2965 1942 3023 sunt,
1957 2973 2119 3028 quam

2224 1836 2342 1891 ἀλλ’
2367 1835 2553 1907 ἐπειδὴ
2577 1837 2733 1906 ὑμεῖς
2755 1836 2855 1889 οὐκ
2887 1836 3010 1889 ἐστὲ
3037 1835 3304 1907 πρόϐατα.

2300 1967 2319 2000 ‹
2368 1948 2426 2000 '0
2465 1948 2658 2018 Πατήρ
2693 1964 2796 2017 μου
2822 1986 2837 2011 ,
2865 1946 2924 2010 ὃς
2950 1946 3152 2001 δέδωκέ
3184 1964 3314 2017 μοι,
3351 1945 3559 2016 μείζων
3587 1946 3782 2000 πάντων

2225 2038 2363 2103 ἐστὶ,
2393 2040 2489 2094 καὶ
2514 2039 2688 2103 οὐδεὶς
2713 2038 2939 2093 δύναται
2970 2037 3236 2109 ἁρπάζειν
3272 2038 3338 2091 ὲκ
3363 2037 3463 2108 τῆς
3488 2036 3671 2108 χειρὸς
3696 2034 3782 2088 τοῦ

2220 2131 2440 2202 Πατρός
2472 2149 2595 2201 μου.
2628 2150 2647 2183 ι

2310 2220 2612 2285 Ἀπόδειξις
2639 2220 2748 2273 τῶν
2774 2220 2867 2274 τοῦ
2896 2220 3087 2292 κυρίου
3117 2221 3411 2293 προϐάτων
3437 2222 3499 2276 τὸ
3545 2222 3776 2292 εύήκοον,

2224 2311 2332 2366 τῶν
2367 2311 2425 2365 δὲ
2458 2310 2755 2381 ἀλλοτρίων
2793 2310 2855 2363 τὸ
2896 2312 3140 2376 ἀπειθές.
3202 2311 3426 2384 Ἐπειδὴ
3465 2312 3565 2368 καὶ
3604 2311 3782 2374 Ἰούδας

2224 2396 2305 2465 εἷς
2340 2396 2407 2472 ἦν
2438 2400 2547 2455 τῶν
2583 2400 2845 2454 δοθέντων
2881 2401 2959 2471 τῷ
2992 2401 3104 2472 Υίῷ
3139 2403 3441 2472 μετέπεσεν
3465 2405 3549 2467 εἰς
3573 2403 3778 2463 κακίαν,

2223 2492 2530 2546 δείκνυνται
2557 2494 2605 2546 οἱ
2631 2491 2906 2564 ἄνθρωποι
2929 2493 2989 2545 οὺ
3019 2493 3180 2558 φύσει
3221 2494 3317 2547 καὶ
3353 2494 3474 2549 κατ’
3498 2496 3682 2550 οὐσίαν
3702 2494 3782 2548 θν-

2223 2600 2315 2647 τες
2346 2584 2532 2651 κακοὶ,
2567 2583 2683 2637 ἀλλ’
2716 2583 2977 2648 ἑκουσίως
3006 2585 3356 2656 τρεπόμενοι.
3394 2585 3621 2660 [ειμι]

2301 2718 2320 2751 ε
2375 2696 2518 2767 Ἐγὼ
2542 2697 2639 2752 καὶ
2664 2697 2693 2749 6
2727 2698 2919 2769 Πατὴρ
2955 2697 3015 2752 ἓν
3045 2699 3237 2768 ἔσμεν.
3272 2718 3289 2752 ι

2293 2788 2582 2858 Σημαίνων
2612 2789 2694 2843 ὅτι
2719 2786 2819 2840 ούκ
2848 2786 2964 2841 ἔστι
2986 2787 3110 2841 καθ’
3141 2789 3443 2846 ὑπόστασιν
3468 2792 3528 2846 ἓν
3556 2794 3585 2846 6
3610 2791 3781 2859 Πατὴρ

2223 2877 2320 2931 καὶ
2348 2880 2376 2930 6
2404 2876 2534 2940 Υἱὸς
2562 2917 2577 2941 ,
2614 2873 2735 2929 εἷπε
2764 2877 2845 2941 τὸ,
2890 2875 3031 2947 Ἐγὼ
3074 2879 3173 2931 καί
3206 2882 3238 2933 ό
3270 2880 3492 2951 Πατήρ.
3542 2884 3636 2935 Ἐν
3682 2880 3779 2951 γάρ

2222 2967 2330 3020 είσι
2355 2969 2422 3039 τῇ
2462 2984 2522 3019 τε
2559 2965 2715 3036 οὐσία
2734 3005 2749 3030 ,
2783 2965 2880 3018 καὶ
2902 2968 2969 3036 τῇ
2997 2965 3226 3037 δυνάμει
3247 3010 3262 3034 ,
3292 2970 3360 3042 ἢν
3388 2974 3482 3025 καὶ
3507 2975 3661 3043 χεῖρα
3689 2987 3777 3024 κα-

552 3061 607 3109 «ξι
639 3062 859 3102 manum
892 3054 1090 3113 vocat,
1119 3049 1281 3107 modo
1306 3048 1525 3117 quidem
1570 3063 1762 3114 suam,
1788 3050 1948 3106 modo
1989 3065 2120 3106 vero

2227 3058 2323 3126 λεῖ,
2352 3059 2480 3112 ποτὲ
2515 3059 2613 3131 μὲν
2645 3056 2862 3122 ἑαυτοῦ,
2896 3056 3026 3110 ποτὲ
3054 3056 3112 3111 δὲ
3141 3058 3237 3113 τοῦ
3263 3061 3492 3133 Πατρός.

552 3140 748 3196 Patris.

570 3204 573 3205 ν
626 3232 790 3298 Vens.
808 3232 897 3287 '52.
923 3251 941 3284 ε
965 3231 1261 3302 Respondit
1288 3231 1366 3288 eis
1389 3231 1581 3287 Jesus:
1611 3232 1772 3287 Multa
1794 3235 1933 3290 bona
1958 3250 2122 3305 opera

551 3323 763 3382 ostendi
798 3323 953 3379 vobis
982 3338 1046 3377 ex
1093 3321 1256 3377 Patre
1300 3336 1422 3378 meo
1449 3361 1464 3388 ,
1498 3332 1723 3393 propter
1756 3327 1901 3393 quod
1937 3339 2121 3380 eorum

552 3432 690 3492 opus
722 3431 808 3471 me
832 3413 1126 3484 lapidatis?
1158 3431 1178 3466 ι

623 3525 749 3583 Non
774 3525 903 3591 mci,
957 3524 1172 3590 inquit,
1203 3521 1369 3576 solius
1416 3536 1578 3592 opera
1625 3534 1783 3591 sunt,
1833 3525 1926 3580 sed
1962 3526 2124 3582 totius

554 3615 887 3681 Divinitatjs.
918 3611 1080 3666 Pater
1112 3611 1257 3664 enim
1287 3625 1382 3679 per
1401 3612 1598 3667 Filium
1621 3612 1673 3667 in
1707 3613 1909 3684 Spiritu
1933 3626 2124 3671 sancto

554 3718 751 3765 cuncta
794 3704 942 3763 facit.
994 3702 1158 3764 Docet
1192 3713 1369 3758 autem
1430 3718 1528 3759 nos
1568 3704 1885 3760 modestiam
1911 3744 1928 3771 ,
1963 3714 2019 3761 et
2055 3721 2126 3762 ne

554 3797 901 3860 extollamur,
935 3809 1058 3849 cum
1096 3794 1369 3863 quidpiam
1406 3809 1436 3849 a
1471 3795 1579 3864 Deo
1602 3794 1919 3866 accipimus.

625 3889 791 3944 Vens.
814 3889 903 3943 35.
934 3905 952 3938 ι
988 3886 1065 3942 De
1090 3888 1230 3943 bono
1259 3901 1420 3956 opere
1454 3902 1560 3942 non
1592 3886 1893 3959 lapidamu‘s
1927 3897 1998 3954 te,
2030 3889 2124 3945 sed

553 3985 619 4038 de
650 3981 985 4051 blasphemia
1015 3997 1030 4035 :
1064 3989 1118 4036 et
1149 3978 1274 4049 quia
1303 3985 1361 4034 tu
1400 3979 1563 4037 homo
1588 3995 1710 4035 cum
1743 3981 1857 4050 sis,
1888 3979 2024 4039 facis
2071 3989 2127 4036 te

555 4077 729 4142 ipsum
748 4071 939 4127 Deum.
970 4089 991 4122 ι

621 4166 756 4228 Cum
803 4170 980 4217 autem
1034 4163 1342 4232 ignorarent
1384 4162 1579 4217 Filium
1628 4177 1733 4218 non
1769 4163 1826 4217 in
1861 4163 2003 4227 nuda
2045 4163 2129 4218 di-

555 4255 783 4307 vinitate
828 4260 1139 4314 venturum,
1169 4249 1262 4305 sed
1296 4265 1363 4305 ex
1392 4252 1600 4307 semine
1632 4252 1794 4306 David
1829 4251 2124 4307 incarnati-

554 4347 706 4410 dum,
739 4355 926 4398 veram
964 4340 1398 4408 confessionem,
1444 4342 1835 4412 blasphemiam
1888 4343 2126 4413 appella-

552 4440 704 4495 bant.

627 4528 789 4586 Vens.
824 4527 894 4585 56
951 4547 969 4580 ι
997 4526 1167 4600 Quem
1194 4525 1357 4585 Pater
1398 4525 1777 4589 sanctiﬁcavit,
1803 4532 1859 4579 et
1887 4523 2037 4580 misit
2067 4524 2120 4579 in

552 4622 834 4685 mundum,
866 4635 963 4676 vos
982 4618 1161 4679 dicitis
1194 4617 1372 4685 :Quia
1401 4616 1749 4687 blasphemas
1779 4633 1794 4671 :
1832 4617 1956 4686 quia
1987 4616 2121 4682 dixi,

553 4710 726 4767 Filius
765 4709 859 4765 Dei
891 4708 1056 4765 sum?
1090 4726 1109 4761 ι

628 4821 798 4877 Filius
832 4831 1010 4877 autem
1046 4821 1243 4878 dicitur
1288 4821 1700 4888 sanctiﬁcalus,
1751 4821 1877 4890 quia
1924 4819 2127 4876 missus

553 4921 673 4971 erat
702 4923 761 4968 ut
795 4929 893 4983 pro
922 4914 1105 4969 mundi
1141 4913 1314 4971 salute
1352 4913 1709 4969 occideretur.
1742 4911 1944 4968 Sancta
1973 4914 2118 4968 enim

556 5009 925 5071 nominantur,
957 5020 1074 5073 quae
1099 5005 1208 5059 Deo
1239 5005 1291 5058 in
1317 5004 1642 5059 sacriﬁcium
1667 5012 1946 5074 segregata
1976 5014 2123 5060 sunt.

628 5097 793 5153 Vens.
826 5096 915 5150 58.
951 5112 970 5146 ι
1011 5093 1069 5148 Si
1095 5101 1274 5147 autem
1302 5094 1441 5149 facio
1469 5110 1482 5147 :
1510 5102 1564 5149 et
1595 5094 1640 5148 si
1670 5094 1800 5148 mihi
1832 5111 1939 5150 non
1964 5095 2127 5150 vultis

557 5189 806 5251 credere,
843 5184 1097 5254 operibus
1122 5184 1349 5249 credite,
1383 5194 1441 5239 ut
1468 5185 1831 5254 cognoscatis,
1852 5196 1906 5241 et
1933 5186 2126 5243 creda-

559 5279 628 5333 tis
660 5276 786 5346 quia
826 5274 987 5328 Patcr
1014 5272 1065 5326 in
1101 5286 1187 5328 me
1213 5282 1315 5342 est,
1356 5283 1410 5328 et
1433 5287 1531 5343 ego
1560 5274 1614 5328 in
1648 5275 1829 5331 Patre.
1874 5294 1894 5328 ι

627 5366 763 5421 Cum
786 5363 1078 5420 essentiam
1112 5365 1283 5432 ipsam
1322 5364 1510 5419 videre
1541 5379 1645 5419 non
1681 5367 1861 5434 liceat,
1897 5366 1966 5422 ab
2000 5365 2129 5436 ipsis

557 5459 816 5528 operibus
838 5456 1054 5512 virtutis
1069 5454 1457 5514 immutabilem
1476 5458 1839 5528 tequalitatem
1863 5458 2121 5525 ostendit,

630 5637 643 5692 i
680 5638 771 5695 Cr.
799 5634 986 5693 αὐτόν.

2158 4405 2203 4460 ι)

2298 3255 2317 3288 ι
2374 3235 2671 3306 Ἀπεκρίθη
2702 3234 2883 3297 αὐτοῖς
2915 3233 2943 3284 6
2991 3233 3200 3306 Ἰησοῦς
3222 3253 3237 3267 °
3270 3238 3442 3293 Πολλά
3467 3237 3603 3291 καλά
3642 3237 3779 3308 ἔργα

2230 3326 2407 3393 ἔδειξα
2439 3328 2566 3396 ὑμῖν
2593 3329 2657 3379 ὲκ
2684 3324 2778 3378 τοῦ
2811 3321 3025 3393 Πατρός
3051 3342 3174 3396 μου,
3200 3327 3281 3381 διὰ
3309 3329 3452 3381 ποῖον
3477 3326 3654 3380 αὐτῶν
3686 3326 3781 3399 ἔρ-

2230 3435 2325 3488 γον
2349 3417 2598 3482 λιθάζετὲ
2629 3435 2726 3488 με;
2760 3435 2780 3468 ›

2301 3526 2415 3580 Οὐκ
2453 3524 2584 3597 ἐμοῦ
2608 3566 2623 3593 ,
2655 3530 2790 3599 φησὶ
2816 3571 2832 3598 ,
2867 3531 3034 3603 μόνου
3062 3528 3170 3583 sici.
3213 3527 3283 3580 τά
3308 3525 3445 3597 ἔργα
3465 3564 3481 3589 ,
3509 3524 3648 3579 ἀλλὰ
3686 3525 3783 3594 τῆς

2231 3620 2412 3690 πάσης
2436 3619 2721 3690 Θεότητος.
2751 3622 2810 3674 '0
2831 3623 2940 3693 γὰρ
2969 3620 3160 3691 Πατὴρ
3178 3619 3248 3673 δι’
3271 3606 3400 3672 Υίοῦ
3428 3619 3483 3670 ὲν
3516 3617 3782 3686 Πνεύματι

2231 3713 2370 3783 ἁγίῳ
2399 3711 2576 3765 πάντα
2612 3715 2776 3767 ποιεῖ.
2813 3714 3067 3768 Διδάσκει
3095 3712 3152 3765 δὲ
3179 3712 3329 3783 ἡμᾶς
3361 3709 3777 3781 μετριοφρονείν,

2231 3803 2326 3856 καὶ
2360 3803 2434 3873 μὴ
2471 3800 2920 3867 ἀλαζονεύεσθαι,
2951 3802 3044 3855 ἐὰν
3073 3801 3328 3872 λάϐωμεν
3366 3818 3419 3854 τι
3453 3801 3608 3872 παρὰ
3632 3797 3778 3852 Θεοῦ.

2312 3913 2331 3946 ι
2367 3893 2504 3965 Περὶ
2525 3892 2693 3946 καλοῦ
2726 3893 2889 3963 ἔργου
2928 3893 2989 3946 ού
3028 3891 3323 3962 λιθάζομέν
3354 3909 3449 3956 σε,
3494 3889 3632 3945 ἀλλὰ
3667 3880 3781 3956 περὶ

2233 3984 2601 4057 βλασφημίας⁹
2626 3984 2722 4038 καὶ
2742 3985 2826 4038 ὅτι
2855 3984 2918 4037 σὺ
2943 3983 3230 4055 ἄνθρωπος
3253 3982 3350 4048 ὢν,
3380 3984 3559 4045 ποιεῖς
3583 3979 3780 4034 σεαυτὸν

2231 4077 2386 4131 Θεόν.
2424 4094 2443 4127 ι

2311 4166 2657 4241 Ἀγνοοῦντες
2688 4166 2745 4220 δὲ
2766 4167 2847 4220 ὅτι
2885 4165 2945 4220 ού
2972 4167 3153 4236 γυμνῇ
3186 4166 3254 4236 τῇ
3283 4165 3503 4235 θεότητι
3533 4157 3780 4234 ἔμελλενό

2229 4260 2359 4324 Υἱὸς
2393 4259 2701 4331 ἐπιδημεῖν,
2756 4256 2895 4310 ἀλλὰ
2955 4255 3329 4326 σαρκούμενος
3376 4256 3443 4309 ὲκ
3494 4255 3779 4325 σπέρματος

2229 4353 2411 4420 Δαϐὶδ,
2438 4350 2787 4423 βλασφημίαν
2817 4349 3026 4419 ἔλεγον,
3058 4349 3156 4418 τὴν
3181 4346 3349 4424 ὀρθὴν
3379 4347 3693 4418 ὁμολογίαν.

2299 4547 2318 4578 ί
2354 4527 2450 4580 Ὃν
2475 4527 2502 4579 6
2532 4525 2725 4596 Πατὴρ
2756 4525 2973 4595 ἡγίασε,
3001 4526 3096 4578 καὶ
3123 4524 3447 4578 ἀπέστειλεν
3481 4528 3560 4590 εἰς
3594 4526 3677 4579 τὸν
3706 4520 3781 4576 κό·

2225 4632 2381 4686 σμον,
2425 4616 2584 4684 ὑμεῖς
2629 4613 2852 4682 λέγετε·
2901 4614 3027 4666 Ὅτι
3071 4614 3452 4685 βλασφημεῖς·
3505 4617 3587 4669 ὅτι
3631 4610 3781 4676 εἶπον,

2223 4705 2351 4767 Υἱὸς
2380 4703 2476 4758 τοῦ
2507 4702 2644 4757 Θεοῦ
2669 4705 2820 4774 είμι;
2860 4721 2881 4755 ι

2310 4817 2620 4886 Ἀγιασθεὶς
2660 4817 2717 4870 δὲ
2758 4817 2978 4885 λέγεται
3024 4819 3051 4870 6
3094 4818 3260 4884 Υἱὸς,
3300 4818 3499 4890 ἐπειδὴ
3552 4812 3783 4886 ἐπέμφθη

2236 4892 2509 4978 σφαγῆναι
2536 4908 2676 4977 ὑπὲρ
2699 4908 2797 4976 τῆς
2822 4906 2916 4959 τοῦ
2942 4906 3146 4975 κόσμου
3179 4908 3481 4978 σωτηρίας.
3509 4910 3670 4975 Ἀγια
3696 4904 3787 4972 γάρ

2233 5001 2348 5053 ἐστι
2377 5000 2446 5053 τά
2474 4995 2849 5069 ἁφοριζόμενα
2874 4997 2953 5068 τῷ
2982 4998 3101 5068 Θεῷ
3138 5000 3220 5062 είς
3249 4998 3469 5053 θυσίαν.

2309 5109 2328 5141 ‹
2370 5091 2514 5144 unas
2548 5089 2688 5145 ποιῶ
2706 5106 2720 5120 ο
2746 5088 2847 5143 κᾶν
2874 5090 3000 5160 ἐμοὶ
3039 5089 3115 5161 μὴ
3138 5088 3449 5154 πιστεύετε,
3480 5093 3599 5154 τοῖς
3627 5089 3789 5158 ἔργοις

2234 5183 2585 5247 πιστεύσατε,
2615 5181 2703 5234 ἵνα
2730 5180 2906 5248 γνῶτε
2933 5182 3030 5233 καὶ
3051 5180 3405 5252 πιστεύσητε,
3427 5181 3514 5235 ὅτι
3540 5182 3597 5233 ὲν
3621 5178 3737 5249 ἐμοὶ
3765 5175 3791 5227 ό

2237 5270 2445 5341 Πατὴρ,
2479 5269 2636 5338 κάγὼ
2670 5270 2726 5322 ὲν
2754 5268 2923 5338 αὐτῷ.
2963 5288 2981 5320 ι

2315 5363 2534 5432 Ἐπειδὴ
2567 5363 2666 5433 τὴν
2702 5361 2889 5414 οὐσίαν
2929 5362 3059 5414 ἰδεῖν
3088 5362 3392 5432 ἀμήχανον,
3424 5363 3537 5416 άπὸ
3573 5362 3675 5430 τῆς
3696 5355 3789 5410 τῶν

2232 5455 2408 5525 ἔργων
2440 5454 2678 5524 ἰσότητος
2705 5453 2764 5530 τδ
2786 5452 3200 5522 ἀπαράλλακτον
3227 5454 3328 5517 τῆς
3355 5453 3640 5526 δυνάμεως
3667 5463 3790 5517 παρ·
