4038 6148
323 288 457 359 1465

1358 291 1821 353 FRAGMENTA
1855 293 1939 353 IN
1978 293 2035 352 S.
2072 293 2447 360 JOANNEM.

3422 296 3557 362 1466

323 409 504 478 ιστησι
523 446 540 473 ,
561 403 626 457 δι’
657 395 731 457 ὧν
759 399 910 471 λέγει
955 400 1015 466 ἐξ
1040 400 1236 454 ἑαυτοῦ
1268 401 1637 469 γινώσκεσθαι
1666 402 1757 455 τὸν
1783 403 1894 455 Πα-
1922 452 1923 459 η

2027 421 2115 460 um
2146 418 2365 477 propter
2391 423 2456 463 ea
2482 422 2548 463 ex
2594 409 2709 478 ipso
2756 408 2975 464 Patrem
3021 418 3076 465 et
3102 423 3166 465 ex
3197 406 3360 463 Patre
3385 408 3556 478 ipsum

320 500 479 573 τέρα,
511 497 608 549 καὶ
638 497 704 555 ὲκ
735 493 827 546 τοῦ
864 493 1079 564 Πατρὺς
1111 492 1325 546 ἑαυτόν.

405 586 548 659 Ἐγὼ
574 590 633 641 ὲν
659 585 737 657 τῷ
766 586 942 657 Πατρι
970 586 1107 656 εἰμι,
1134 585 1229 638 καὶ
1255 586 1282 638 6
1304 580 1495 654 Πατὴρ
1518 582 1576 635 ἐν
1597 580 1721 651 ἐμοὶ
1750 579 1889 635 θεω-

328 684 523 753 ρεῖται,
554 679 697 734 κατὰ
723 678 784 733 τὸ
812 678 1008 732 ταυτὸν
1037 677 1134 747 τῆς
1166 675 1385 746 φύσεως
1420 675 1514 728 καὶ
1549 674 1648 744 τῆς
1674 674 1887 738 οὐσίας.

324 771 419 839 Εἷς
447 774 556 845 γὰρ
579 774 609 827 ὁ
631 773 729 843 τῆς
754 770 967 840 φύσεως
994 769 1139 840 ὄρος,
1157 766 1261 828 κᾶν
1288 770 1344 827 ὲν
1367 765 1694 830 ἰδιαζούσαις
1720 766 1892 837 ὑπάρ-

327 869 443 935 ξεσι
482 866 708 937 νοοῦμεν
739 864 839 935 τὴν
866 862 1029 931 ἁγίαν
1068 859 1296 930 Τριάδα.
1340 858 1400 912 ⁸0
1435 858 1543 928 γᾴρ
1583 857 1770 929 Πατὴρ
1792 858 1892 910 οὐκ

327 960 477 1015 ἔστιν
513 958 659 1022 Υἱὸς,
689 956 722 1029 ἢ
750 954 995 1024 Πνεῦμα,
1020 951 1144 1005 οὔτε
1183 951 1289 1021 μὴν
1315 949 1374 1002 τὸ
1400 948 1691 1012 ἀνάπαλιν,
1720 949 1769 1000 εἰ
1796 947 1896 999 καὶ

328 1052 429 1107 οὐκ
454 1049 591 1108 εἰσὶν
616 1049 674 1100 ὲν
699 1044 974 1100 διαστάσει
1002 1042 1092 1095 διὰ
1118 1042 1217 1111 τὴν
1241 1040 1377 1111 πρὸς
1406 1039 1671 1109 ἀλλήλους
1701 1054 1895 1091 κοινω-

329 1142 450 1194 νίαν
476 1157 535 1193 τε
565 1139 659 1192 καὶ
696 1140 934 1206 ἰσότητα.
964 1134 1027 1187 Εἰ
1058 1134 1167 1203 γὰρ
1199 1132 1293 1186 καὶ
1315 1133 1401 1201 ἐφ’
1422 1133 1454 1200 ή
1466 1131 1583 1200 μῶν
1617 1131 1650 1199 ἡ
1674 1133 1769 1181 τοῦ
1804 1145 1897 1180 τε-

331 1233 518 1295 κόντος
540 1229 698 1283 ούσία
718 1228 1064 1298 γινώσκεται,
1097 1226 1191 1277 καὶ
1208 1226 1265 1276 ὲν
1284 1222 1363 1291 τῷ
1382 1221 1629 1292 τεχθέντι
1649 1219 1834 1286 ὁπατὴ
1845 1236 1895 1287 ρ,

331 1325 474 1378 κατὰ
523 1323 613 1376 τὸν
660 1323 759 1391 τῆς
801 1319 991 1381 οὐσίας
1041 1317 1240 1385 λόγον·
1291 1313 1427 1368 ἀλλὰ
1457 1312 1535 1383 τῷ
1571 1309 1899 1381 κεχωρίσθαι

334 1418 481 1487 ἡμᾶς
505 1417 617 1478 τοῖς
641 1412 905 1484 σώμασιν,
934 1408 1117 1463 οὐκέτι
1154 1408 1212 1462 ἓν
1237 1409 1405 1477 ἐσμεν
1424 1408 1472 1460 οἱ
1500 1404 1702 1464 πολλοί.

414 1614 433 1646 r
469 1594 580 1647 Καὶ
613 1590 825 1663 ἀπῆλθε
859 1589 1022 1643 πάλιν
1055 1590 1230 1659 πέραν
1263 1585 1356 1640 τοῦ
1404 1586 1693 1658 Ἰορδάνου.
1735 1605 1755 1640 ι

419 1683 508 1750 Ἐξ
545 1679 621 1737 ὧν
670 1681 909 1744 εὐκόλως
956 1680 1151 1739 αὐτοὺς
1183 1677 1501 1746 διαφεύγει,
1534 1679 1629 1731 καὶ
1661 1677 1905 1731 ἀκόντων

339 1775 520 1830 αὐτῶν
541 1814 554 1838 ,
584 1772 880 1836 δείκνυται,
922 1772 1005 1824 ὅτι
1046 1770 1146 1823 οὐκ
1173 1768 1239 1833 ἂν
1271 1769 1414 1822 ἑάλω
1447 1772 1495 1822 ει
1523 1770 1596 1840 μὴ
1632 1768 1796 1823 ἑκών.

419 1906 435 1937 ι
476 1884 586 1937 Καὶ
616 1884 804 1937 πολλοὶ⁸
828 1878 994 1954 ἦλθον
1030 1880 1165 1953 πρὸς
1192 1880 1375 1941 αὐτὸν.
1401 1881 1495 1934 καὶ
1525 1881 1742 1950 ἔλεγονο
1781 1879 1906 1933 ’Ότι

352 1979 608 2046 Ἰωάννης
648 1978 745 2047 μὲν
776 1978 1002 2045 σημεῖον
1033 1974 1287 2045 εποίησεν
1313 1973 1487 2027 οὐδέν.
1530 1993 1550 2024 ι

417 2076 532 2128 Ἰνα
565 2072 854 2141 ἁναμνήσῃ
880 2070 1006 2132 τοὺς
1034 2068 1256 2138 ὄχλους,
1289 2061 1363 2122 ὧν
1390 2064 1509 2121 εἶπε
1535 2068 1660 2139 περὶ
1682 2066 1846 2121 αὐτοῦ
1879 2067 1908 2120 6

357 2165 627 2231 Ἰωάννης,
660 2158 821 2232 ἦλθεν
851 2162 984 2214 ἐκεῖ.
1022 2161 1085 2212 Οἱ
1116 2159 1173 2212 δὲ
1208 2159 1546 2230 περάσαντες
1588 2160 1682 2212 τὸν
1717 2176 1910 2228 μυστι-

347 2258 441 2310 κὸν
485 2254 776 2325 Ἰορδάνην,
822 2250 1249 2319 ἀποκομίζονται
1297 2251 1431 2322 πρὸς
1473 2252 1625 2317 Θεὸν,
1662 2250 1737 2314 ὡς
1766 2250 1859 2302 καὶ⁸
1885 2252 1913 2303 6

348 2346 580 2417 Χριστὸς
621 2345 866 2415 περάσας
907 2341 998 2394 τὸν
1055 2341 1328 2411 Ἰορδάνην
1356 2338 1519 2413 ἦλθεν
1551 2344 1630 2406 εἰς
1667 2342 1761 2414 τὴν
1803 2341 1912 2395 τῶν

349 2437 518 2491 ἐθνῶν
561 2432 907 2504 Ἐκκλησίαν,
947 2430 1040 2484 καὶ
1066 2428 1282 2499 ἔμεινεν
1308 2433 1440 2485 ἐκεῖ.

911 2567 1166 2622 ΚΕΦΑΛ.
1203 2568 1307 2621 IA'.

427 2727 447 2761 ι
497 2706 765 2770 Ἀκούσας
790 2707 847 2760 δὲ
877 2708 905 2761 6
941 2707 1150 2777 Ἰησοῦς
1180 2702 1332 2757 εἶπεν
1357 2719 1370 2734 ·
1404 2700 1553 2772 Α’ύτη
1591 2702 1624 2771 ἡ
1664 2700 1917 2755 ἀσθένεια

352 2802 452 2853 οὐκ
481 2799 593 2852 ἔστι
619 2800 749 2869 πρὸς
768 2799 1016 2863 θάνατον,
1045 2798 1159 2852 ἀλλ’
1183 2796 1323 2866 ὑπὲρ
1351 2795 1449 2864 τῆς
1463 2794 1622 2864 δόξης
1641 2792 1736 2846 τοῦ
1759 2792 1918 2858 Θεοῦ,

355 2893 439 2944 ἵνα
470 2890 697 2960 δοξασθῇ
724 2892 751 2943 6
782 2890 910 2953 Υἱὸς
939 2889 1033 2943 τοῦ
1064 2886 1198 2941 Θεοῦ
1221 2886 1288 2940 δι’
1313 2884 1503 2954 αὐτῆς.
1544 2903 1563 2935 ι

428 2984 541 3035 Οὐκ
588 2983 703 3036 ἔστι
750 2983 884 3052 πρὸς
931 2981 1183 3044 θάνατον,
1228 2977 1476 3032 τουτέστι
1508 2975 1645 3046 πρὸς
1671 2972 1919 3045 διηνεκῆ,

1992 502 2245 568 cognosci
2277 500 2428 555 dicit.

2063 595 2175 665 Ego
2208 595 2261 649 in
2288 594 2451 649 Patre
2498 606 2617 648 sum
2644 631 2660 658 ,
2711 600 2766 647 et
2800 591 2960 646 Pater
3000 592 3053 644 in
3089 606 3173 645 me
3203 589 3559 657 conspicitur,

1996 686 2291 741 secundum
2333 692 2543 739 naturae
2589 694 2754 752 atque
2813 682 3143 737 substantias
3192 681 3561 735 identitatem.

2001 778 2115 834 Una
2144 778 2411 846 siquidem
2452 787 2537 834 est
2570 787 2779 833 natura:
2813 774 3081 836 deﬁnitio,
3110 771 3328 828 tametsi
3359 773 3411 826 in
3442 788 3566 841 pro-

1998 868 2131 939 priis
2154 868 2520 923 subsistentiis
2576 865 2973 922 sanctissimam
3006 862 3329 917 Trinitatem
3365 876 3568 932 cogno-

2001 974 2236 1014 scamus.
2273 959 2432 1013 Pater
2464 958 2611 1012 enim
2640 973 2747 1012 non
2779 966 2862 1010 est
2882 955 3051 1009 Filius
3074 954 3159 1008 vel
3185 954 3417 1023 Spiritus
3447 967 3571 1006 san-

2002 1064 2145 1116 ctus,
2179 1067 2351 1120 neque
2381 1066 2413 1106 e
2447 1046 2686 1113 diverso,
2719 1048 2846 1102 licet
2869 1055 3051 1101 mutua
3082 1046 3461 1100 communione
3492 1052 3573 1096 at-

2002 1156 2106 1211 que
2135 1140 2443 1210 aequalitate
2471 1150 2574 1192 n0n
2598 1137 2872 1192 diﬂ‘erant.
2903 1135 3116 1190 Etenim
3146 1135 3394 1203 quamvis
3409 1132 3572 1187 etiam

2003 1236 2058 1289 in
2089 1234 2244 1290 nobis
2267 1231 2529 1301 genitoris
2550 1228 2852 1283 substantia
2875 1234 3260 1297 cognoscatur,
3285 1234 3337 1279 et
3365 1224 3422 1277 in
3446 1232 3575 1276 nato

2006 1335 2181 1395 pater.
2230 1323 2526 1379 secundum
2558 1319 2874 1375 substantia:
2927 1318 3191 1371 rationem
3237 1334 3253 1371 :
3304 1315 3399 1369 sed
3452 1329 3575 1367 cum

2006 1414 2327 1485 corporibus
2356 1413 2776 1484 distinguantur,
2829 1423 3172 1480 nequaquam
3200 1405 3310 1476 jam
3340 1404 3577 1473 amplius

2009 1507 2137 1577 quid
2165 1519 2329 1557 unum
2358 1519 2547 1558 sumus
2580 1502 2756 1555 multi.

2082 1595 2246 1650 Vens.
2274 1594 2364 1649 40.
2399 1610 2420 1644 ι
2454 1593 2520 1647 Ει
2542 1593 2676 1645 abiit
2702 1592 2895 1645 iterum
2921 1599 3070 1645 trans
3101 1588 3413 1644 Jordanem.
3449 1604 3469 1637 ι

2083 1684 2291 1740 Exinde
2320 1691 2524 1746 autem,
2553 1682 2695 1751 quod
2729 1679 2886 1734 facile
2916 1679 3039 1732 illos
3084 1677 3302 1743 effugiat
3330 1673 3414 1728 vel
3447 1670 3582 1726 invi-

1934 1758 1977 1813 Β
2009 1787 2113 1843 tos,
2143 1776 2339 1847 arguit,
2360 1788 2481 1829 eum
2507 1771 2717 1828 nonnisi
2749 1771 3024 1826 voluntate
3063 1784 3158 1822 sua
3184 1773 3401 1836 captum
3433 1776 3579 1822 esse.

2081 1890 2246 1945 Vens.
2268 1889 2359 1943 41.
2395 1905 2415 1940 ι
2452 1887 2518 1940 Ει
2559 1884 2712 1939 multi
2752 1891 3015 1939 venerunt
3040 1883 3106 1936 ad
3144 1895 3301 1942 eum,
3343 1888 3394 1932 et
3438 1879 3589 1933 dicc-

2007 1982 2139 2038 bant
2172 1997 2186 2033 :
2220 1981 2356 2048 Quia
2382 1977 2617 2034 Joannes
2641 1975 2858 2047 quidem
2891 1975 3102 2041 signum
3138 1970 3268 2026 fecit
3297 1968 3522 2023 nullum.
3564 1985 3583 2020 ι

2083 2072 2155 2128 Ut
2206 2073 2396 2126 turbas
2443 2084 2630 2126 eorum
2662 2081 2783 2137 quae
2818 2066 2885 2121 de
2916 2066 3034 2132 ipso
3077 2061 3318 2117 Joannes
3356 2061 3588 2126 dixerat,

2012 2172 2423 2228 commoneret,
2455 2176 2522 2217 eo
2569 2158 2859 2216 concessit.
2896 2156 3001 2223 Qui
3055 2163 3235 2209 autem
3296 2151 3590 2223 mysticum

2012 2256 2302 2312 Jordanem
2335 2260 2656 2317 transeunt,
2689 2249 2755 2303 ad
2798 2248 2963 2303 Deum
3001 2243 3302 2307 accedunt;
3329 2239 3594 2310 quemad-

2015 2348 2229 2402 modum
2247 2355 2302 2400 et
2322 2342 2568 2399 Christus
2587 2340 2873 2396 Jordanem
2907 2336 3174 2391 transiens
3198 2333 3346 2388 venit
3371 2329 3438 2385 ad
3467 2343 3595 2399 geu-

2019 2440 2150 2493 tium
2177 2436 2500 2499 Ecclesiam,
2526 2433 2710 2502 ibique
2730 2430 3062 2501 permansit.

2650 2564 2803 2623 CAP.
2831 2563 2925 2618 XI.

2090 2684 2255 2763 Vens.
2285 2703 2338 2759 4.
2377 2723 2396 2756 ι
2420 2701 2664 2757 Audiens
2693 2707 2871 2753 autem
2899 2695 3081 2761 Jesus,
3114 2692 3252 2748 dixit
3278 2692 3357 2748 eis
3400 2706 3414 2745 :
3439 2689 3602 2745 infir-

2021 2800 2182 2857 mitas
2217 2799 2330 2853 haec
2358 2810 2461 2851 non
2490 2803 2573 2849 est
2612 2793 2677 2846 ad
2711 2801 2936 2846 mortem
2959 2829 2973 2852 .
3003 2788 3099 2844 sed
3140 2802 3238 2857 pro
3261 2785 3435 2857 gloria
3480 2783 3600 2847 Dei,

2022 2900 2079 2946 ut
2110 2887 2441 2959 gloriﬁcetur
2462 2882 2636 2940 Filius
2659 2882 2751 2937 Dei
2781 2897 2877 2951 per
2904 2894 3050 2939 eam.
3085 2897 3104 2931 ι

2077 2979 2193 3034 Non
2224 2985 2304 3033 est
2334 2975 2401 3029 ad
2429 2982 2678 3039 mortem,
2709 2970 2997 3026 scilicetad
3017 2976 3242 3023 mortem
3264 2971 3602 3035 perpetuam,

353 3078 468 3133 ἀλλ’
510 3079 588 3138 εἰς
630 3051 805 3146 μόνας
847 3077 1119 3147 τέσσαρας
1162 3074 1424 3145 ἡμέρας,
1474 3071 1661 3141 ἐπειδὴ
1719 3069 1921 3139 ἀνέστη

2025 3072 2118 3128 sed
2146 3085 2244 3139 per
2270 3075 2504 3138 quatuor
2537 3063 2653 3118 dies
2701 3068 2945 3126 tantum,
2991 3074 3113 3113 cum
3153 3071 3256 3110 non
3294 3052 3500 3106 diutius
3549 3051 3601 3103 in

358 3172 475 3240 μετ’
490 3171 551 3224 ού
575 3170 732 3224 πολύ.
758 3170 904 3240 Πρδς
924 3170 984 3223 τὸ
1003 3169 1175 3238 πέρας
1195 3167 1434 3238 ὁρῶντες
1456 3164 1549 3218 τοῦ
1572 3164 1919 3234 πράγματος,

355 3263 584 3331 λέγομεν
638 3261 711 3332 μὴ
748 3257 887 3315 εἶναι
916 3261 1054 3331 πρὸς
1097 3260 1324 3313 θάνατον
1364 3257 1462 3327 τὴν
1492 3254 1795 3309 ἀσθένειαν.
1848 3253 1924 3304 Οὐ

355 3354 628 3423 τοσαύτης
656 3349 726 3424 ἦν
753 3353 912 3423 δόξης
938 3353 1033 3406 καὶ
1065 3350 1345 3421 θαύματος
1370 3347 1431 3400 τὸ
1454 3348 1662 3415 ἐγεῖραι
1690 3344 1783 3396 τὸν
1813 3342 1927 3396 Λά-

360 3448 524 3517 ζαρον
561 3447 624 3497 ἐκ
656 3445 755 3512 τῆς
805 3444 959 3497 νόσου
983 3481 997 3506 ,
1036 3443 1159 3497 ὅσον
1200 3440 1262 3494 τὸ
1309 3437 1613 3507 ἀναστῆσαι
1651 3434 1814 3488 αὑτὸν
1864 3435 1929 3487 ὲκ

359 3538 590 3609 νεκρῶν.
621 3534 845 3608 [Οιιιιιι]

441 3649 459 3682 ι
497 3629 616 3681 Ἵνα
652 3617 912 3698 δοξασθῇ,
952 3626 1135 3696 φησιν,
1170 3625 1198 3676 6
1238 3624 1362 3685 Υἱὸς
1398 3622 1492 3674 τοῦ
1533 3615 1819 3688 ἀνθρώπου
1864 3617 1933 3669 δι’

363 3720 552 3789 αὐτῆς.
594 3735 615 3769 ι

437 3812 511 3864 Οὐ
539 3809 649 3880 γὰρ
675 3806 945 3875 τοσαύτης
976 3800 1043 3875 ἦν
1070 3802 1227 3871 δόξης
1262 3801 1355 3853 καὶ
1383 3797 1681 3866 θαύματος,
1703 3799 1762 3849 τὸ
1789 3797 1936 3863 ὲγεϊ-

369 3921 456 3974 ραι
496 3903 584 3954 τὸν
622 3899 869 3968 Λάζαρον
912 3898 975 3948 ὲκ
1012 3895 1110 3964 τῆς
1164 3892 1349 3958 νόσου,
1379 3891 1503 3942 ὅσον
1543 3887 1604 3940 τὸ
1637 3887 1938 3957 ἀναστῆσαι

368 3995 436 4049 αύ
446 3994 528 4058 τὸν
562 3995 625 4046 ἐκ
653 3989 881 4061 νεκρῶν.

447 4124 465 4155 ‹
515 4104 601 4166 Ὠς
637 4098 731 4155 οὖν
770 4101 1003 4170 ἤκουσεν
1028 4097 1109 4151 ὅτι
1153 4094 1393 4161 ἀσθενεῖ,
1435 4093 1555 4147 τότε
1591 4092 1690 4165 μὲν
1725 4090 1941 4162 ἔμεινεν

371 4198 430 4250 ὲν
457 4189 501 4264 ᾧ
523 4190 589 4265 ἦν
609 4194 759 4263 τόπῳ
788 4189 881 4244 δύο
906 4189 1144 4261 ἡμέρας.
1180 4206 1199 4238 ι

443 4287 541 4339 Διὰ
575 4284 734 4338 τοῦτο
769 4283 826 4337 δὲ
868 4281 1083 4350 ἔμεινεν
1129 4281 1246 4334 ἐκεῖ
1281 4278 1374 4332 δύο
1420 4277 1633 4349 ἡμέρας
1671 4276 1758 4329 ἵνα
1804 4276 1940 4328 ἀπο-

375 4380 510 4449 θάνῃ
543 4377 636 4430 καὶ
663 4377 832 4444 ταφῇ,
867 4373 962 4427 καὶ
995 4373 1066 4443 μὴ
1093 4371 1320 4424 εἴπωσιν
1345 4372 1393 4423 οἱ
1431 4369 1693 4432 Ἰουδαῖοι,
1725 4370 1807 4421 ὅτι
1844 4384 1945 4419 κα-

381 4469 619 4540 ρωθέντα
646 4466 808 4521 αὐτὸν
837 4464 1123 4533 ἀνέστησε.
1152 4463 1253 4516 Διὰ
1286 4461 1443 4515 τοῦτο
1468 4461 1524 4513 δὲ
1554 4458 1812 4529 προλέγει
1831 4460 1945 4521 τοῖς

382 4561 683 4632 μαθηταῖς,
729 4561 989 4627 Ἄγωμεν
1029 4560 1117 4622 εὶς
1162 4555 1279 4623 τὴν
1338 4553 1677 4617 Ἰουδαίαν,
1735 4552 1822 4604 ἵνα
1875 4551 1949 4620 μὴ

377 4655 573 4722 ἀθρόον
606 4650 933 4712 ἀπελθόντος
976 4647 1141 4702 αὐτοῦ
1189 4649 1306 4700 ἐκεῖ
1332 4645 1699 4716 ταραχθῶσιν,
1717 4643 1951 4695 Ἐκεῖνοι

379 4747 433 4798 δὲ
470 4744 625 4798 οὖπω
674 4743 827 4806 ὄντες
877 4740 1304 4811 ἀπηρτισμένοι,
1354 4739 1451 4791 καὶ
1505 4735 1821 4806 νομίζοντες
1865 4733 1950 4785 ὅτι

381 4837 529 4889 ἄκων
582 4836 838 4904 ἔπασχεν,
876 4828 1059 4885 εἷπον·
1106 4831 1236 4885 Νῦν
1284 4828 1531 4897 ἐζήτουν
1565 4841 1639 4879 σε
1668 4823 1949 4888 λιθάσαι,

381 4927 479 4982 καὶ
511 4926 697 4981 πάλιν
726 4925 977 4994 ὑπάγεις
1004 4922 1133 4976 ἐκεῖ
1143 4938 1163 4986 ;

459 5065 478 5096 ‹
525 5042 821 5114 Ἀπεκρίθη
851 5043 880 5094 6
927 5038 1135 5112 Ἰησοῦς
1158 5056 1172 5070 ’
1209 5036 1345 5107 Οὐχὶ
1385 5034 1594 5089 δώδεκά
1641 5035 1779 5086 εἰσιν
1810 5023 1945 5099 ὧραι

384 5137 485 5206 τῆς
511 5137 726 5207 ἡμέρας
759 5153 774 5203 ;
813 5153 832 5187 ι

461 5227 534 5280 Τὸ
569 5228 647 5291 δὲ,
684 5223 933 5293 ζητοῦσι
984 5239 1060 5277 σε
1115 5220 1380 5285 λιθάσαι,
1433 5217 1528 5271 καὶ
1574 5215 1643 5269 τὰ
1676 5213 1841 5281 ἑξῆς,
1881 5212 1955 5273 ὡς

393 5322 556 5389 μήπω
583 5319 731 5381 ὄντες
777 5315 1210 5387 ἀπηρτισμένοι,
1248 5314 1343 5366 καὶ
1389 5310 1703 5379 νομίζοντες
1742 5307 1823 5358 ὅτι
1864 5304 1957 5357 καὶ

389 5410 537 5464 ἄκων
572 5409 830 5479 ἔπασχεν,
891 5406 1045 5461 εἶπον
1105 5404 1296 5460 τοῦτο’
1331 5423 1348 5456 ι
1384 5401 1520 5471 Οὐχὶ
1556 5398 1766 5453 δώδεκα
1817 5387 1956 5463 ὧραί

392 5505 497 5555 εἰσι
525 5518 538 5563 ;
590 5519 608 5552 ι
644 5501 739 5552 καὶ
763 5499 831 5551 τὰ
854 5498 997 5568 ἑξῆς.
1035 5495 1260 5568 [Cum]

465 5593 677 5659 Ὠσπερ
710 5592 936 5653 ἄστατος
973 5593 1005 5660 ἡ
1050 5592 1231 5660 ἡμέρα
1264 5588 1370 5643 ἀπὸ
1399 5587 1546 5655 ὧρας
1571 5586 1648 5646 εἰς
1680 5582 1828 5651 ὥραν
1864 5596 1957 5647 μεσ

394 5682 754 5744 ταϐαξνουσα,
786 5681 925 5734 οὕτω
970 5684 1059 5734 v.1".
1107 5685 1139 5751 ἡ
1186 5681 1292 5733 τῶν
1344 5675 1641 5745 ἀνθρώπων
1676 5672 1904 5740 γνώμη,
1938 5670 1963 5718 ὅ

2026 3172 2197 3219 morte
2224 3162 2473 3217 detentus
2505 3164 2608 3210 est.
2627 3153 2813 3206 Finem
2835 3150 3174 3205 intendentes
3197 3144 3427 3200 dicimus
3453 3140 3607 3200 infir-

2027 3256 2273 3309 mitatem
2310 3266 2413 3304 non
2444 3261 2566 3302 esse
2616 3245 2682 3298 ad
2713 3250 2965 3297 mortem.
3012 3237 3130 3293 Non
3159 3247 3268 3291 tam
3312 3234 3606 3304 gloriosum

2027 3355 2080 3401 et
2113 3341 2357 3398 mirabile
2384 3348 2501 3394 erat
2555 3336 2822 3391 Lazarum
2855 3349 2884 3387 a
2910 3331 3094 3387 morbo
3146 3342 3340 3384 sanare
3385 3339 3543 3395 quam
3577 3337 3610 3377 ο

2029 3432 2258 3491 mortuis
2287 3431 2574 3487 suscitare.

2107 3629 2128 3663 ε
2195 3609 2265 3665 Ut
2317 3606 2671 3677 gloriﬁeetur,
2742 3599 2939 3671 inquit,
2999 3596 3169 3651 Filius
3221 3591 3461 3649 hominis
3516 3604 3612 3661 per

2033 3718 2176 3759 eam.
2219 3720 2238 3752 ι

2106 3793 2225 3847 Non
2260 3792 2403 3845 enim
2449 3796 2610 3842 tanta:
2640 3787 2827 3854 glorias
2857 3783 2940 3837 vel
2989 3778 3235 3834 miraculi
3278 3790 3412 3846 opus
3454 3781 3610 3835 erat,

2038 3885 2300 3939 Lazarum
2326 3897 2354 3935 a
2386 3882 2576 3935 morbo
2610 3879 2860 3940 liberare,
2892 3887 3054 3942 quam
3091 3885 3127 3925 a
3164 3869 3392 3923 mortuis
3438 3866 3611 3935 ipsum

2039 3976 2326 4033 suscitare.

2116 4079 2339 4136 Veusﬁ.
2367 4099 2384 4132 ι
2425 4077 2639 4147 Utergo
2669 4073 2877 4129 audivit
2907 4071 3029 4134 quia
3064 4064 3461 4126 intirmabatur,
3488 4069 3616 4115 tunc

2044 4174 2259 4246 quidem
2287 4170 2486 4225 mansit
2525 4169 2577 4221 in
2610 4166 2799 4221 eodem
2829 4164 2950 4218 loco
2989 4160 3202 4215 duobus
3237 4156 3442 4211 diebus.
3485 4172 3505 4204 ι
3544 4164 3550 4171 '

2115 4265 2320 4320 Idcirco
2350 4272 2528 4316 autem
2565 4257 2762 4312 mansit
2791 4256 2862 4310 ibi
2925 4254 3135 4307 duobus
3172 4251 3396 4312 diebus,
3430 4256 3486 4299 ut
3519 4260 3617 4298 cx-

2049 4361 2301 4430 spiraret,
2339 4369 2402 4409 ac
2446 4350 2789 4421 sepeliretur,
2840 4361 2906 4400 ne
2951 4343 3119 4398 Judaei
3171 4343 3443 4405 dicerent,
3475 4337 3617 4406 quod

2049 4427 2237 4511 somno
2263 4454 2539 4519 gravatum
2585 4441 2894 4496 excitasset.
2926 4434 3216 4504 Propterea
3252 4444 3380 4484 vero
3407 4427 3606 4495 przcdi-

2052 4544 2125 4598 cit
2165 4516 2467 4607 discipulis,
2513 4532 2716 4586 Eamus
2766 4530 2819 4582 in
2854 4525 3102 4580 Juda'am
3125 4564 3140 4588 ,
3179 4536 3244 4574 ne
3278 4520 3393 4588 ipso
3422 4532 3487 4569 eo
3520 4516 3623 4569 ite-

2052 4647 2170 4687 rum
2218 4627 2502 4686 confestim
2546 4625 2778 4676 abeunte
2828 4620 3193 4672 turbarentur.
3248 4610 3353 4680 ipsi
3405 4618 3617 4668 autem,

2053 4732 2239 4791 utpote
2284 4721 2463 4774 adhuc
2494 4711 2797 4781 imperfecti
2830 4749 2844 4774 ,
2877 4718 2932 4763 et
2963 4705 3346 4762 existimantes
3376 4714 3499 4752 eum
3538 4699 3622 4750 iu-

2053 4816 2220 4869 vitum
2253 4812 2394 4883 pati,
2424 4811 2610 4864 dicunt
2639 4823 2653 4860 :
2683 4801 2836 4856 Nunc
2867 4798 3174 4871 qua’rebant
3210 4804 3257 4848 te
3282 4791 3540 4862 lapidare,
3570 4797 3621 4841 et

2053 4907 2241 4961 iterum
2264 4904 2419 4957 vades
2450 4898 2614 4953 illuc?

2131 5018 2291 5072 Vens.
2325 5017 2378 5072 9.
2434 5033 2453 5066 ‹
2503 5011 2802 5083 Respondit
2839 5008 2996 5066 Jesus
3045 5022 3059 5059 :
3108 5002 3299 5059 Nonne
3340 4996 3621 5055 duodecim

2058 5122 2184 5167 sunt
2206 5112 2351 5163 horae
2382 5107 2483 5162 diei
2499 5106 2525 5160 ἲ
2555 5124 2574 5158 ι

2113 5203 2224 5258 Iloe
2253 5215 2400 5265 vero,
2428 5205 2666 5268 quaerunt
2701 5206 2749 5249 te
2775 5194 3031 5262 lapidare,
3052 5199 3189 5261 .etc.,
3220 5184 3468 5240 dicebant
3494 5178 3620 5250 quia

2063 5297 2238 5349 adhuc
2275 5290 2445 5362 ignari
2492 5296 2648 5343 erant
2671 5328 2685 5352 ,
2720 5288 2977 5354 putabant
3009 5281 3149 5334 enim
3210 5277 3370 5332 etiam
3401 5272 3623 5327 invitum

2061 5400 2369 5458 passurum.
2397 5380 2687 5449 Propterea
2708 5377 2874 5431 dixit:
2909 5393 2928 5425 ι
2953 5372 3140 5426 Nonne
3171 5366 3449 5423 duodecim
3480 5363 3625 5417 horae

2063 5487 2186 5533 sunt
2215 5474 2352 5529 diei?
2374 5492 2392 5523 ι
2437 5482 2541 5525 etc.

2116 5563 2576 5634 Quemadmodum
2608 5557 2875 5612 instabilis
2917 5562 2997 5607 est
3033 5553 3144 5606 dies
3169 5551 3234 5602 ab
3263 5552 3393 5604 hora
3427 5543 3490 5595 ad
3531 5541 3628 5592 lm-

2070 5677 2180 5713 ram
2240 5656 2534 5716 transiens,
2571 5653 2645 5705 sic.
2691 5663 2882 5705 sensus
2937 5644 3236 5706 hominum,
3293 5637 3499 5695 scilicet
3531 5630 3627 5689 Juv
