4038 6148
329 242 468 306 1469
1375 254 1833 316 FRAGMENTA
1871 259 1884 317 J

1994 260 2055 320 S.
2093 259 2466 323 JOANNEM.
3436 269 3570 334 1470

321 352 460 424 ὑπὲρ
502 353 728 419 ἑαυτοὺς
773 355 1208 429 εὐχαριστῶμεν.
1259 358 1430 413 Τοῦτο
1475 364 1568 416 ἐπὶ
1607 365 1776 434 φίλων
1808 366 1884 419 λέ·

2002 379 2056 423 et
2085 386 2184 425 nos
2215 372 2263 425 ei
2292 386 2391 440 pro
2417 372 2570 428 nobis
2592 374 2794 443 gratias
2816 390 3056 447 agamus.
3083 374 3237 444 Quod
3266 377 3407 435 inter
3434 383 3567 435 ami-

317 460 471 513 γεται
502 448 595 499 καὶ
619 447 919 517 ὁμοτίμων.

1998 477 2092 518 cos
2113 472 2167 517 et
2198 464 2434 534 mquales
2457 464 2634 520 locum
2665 466 2849 523 habet.

393 552 413 585 ι
453 534 592 604 Ἐγὼ
625 536 681 589 δὲ
717 537 864 607 ᾔδειν
903 538 986 590 ὅτι
1031 539 1262 594 πάντοτέ
1310 558 1411 611 μου
1461 541 1719 610 ἀκούεις,
1763 546 1884 600 ἀλλᾶ

2070 552 2236 610 Vsus.
2283 555 2375 610 42.
2435 573 2455 608 ι
2497 555 2610 626 Ego
2655 567 2836 613 autem
2876 558 3128 614 sciebam
3181 561 3307 630 quia
3353 576 3569 633 semper

314 625 402 679 διά
427 626 518 679 τὸν
541 626 694 696 ὄχλον
728 629 818 682 τὸν
845 629 1187 699 περιεστῶτα
1211 627 1384 686 εἷπον·
1416 633 1503 687 ἵνα
1533 635 1884 691 πιστεύσωσιι

1998 658 2085 699 me
2124 643 2300 707 audis,
2328 646 2423 700 scd
2467 625 2690 717 propter
2736 647 3015 717 populum,
3070 649 3160 719 qui
3199 625 3565 720 circumstat,

316 717 397 770 ὅτι
424 718 486 771 σύ
521 736 588 788 με
619 720 966 784 ἀπέστειλας.
1006 741 1026 773 ι

1996 735 2105 790 ἀίκὶ
2131 753 2146 790 :
2180 744 2240 789 ut
2265 736 2489 791 credant
2521 736 2648 805 quia
2679 746 2733 791 tu
2768 753 2853 791 me
2877 717 3101 793 misisti.
3129 756 3149 790 ι

402 811 489 862 Ἐν
518 812 630 873 τοῖς
678 811 818 882 ὑπὲρ
862 812 1024 880 φύσιν
1066 813 1316 882 φαίνεται
1358 815 1391 885 ἡ
1438 813 1532 868 τοῦ
1578 815 1712 869 Θεοῦ
1747 818 1884 883 δόξα.

2064 826 2123 880 In
2180 826 2341 883 rebus
2392 828 2657 896 siquidem
2706 828 3206 897 supernaturalibus
3252 828 3347 884 Dei
3396 830 3563 901 gloria

318 901 428 973 Τὴν
470 903 525 955 δὲ
559 902 652 956 τοῦ
686 903 900 976 Πατρὸς
928 905 1085 970 δόξαν
1119 907 1274 975 φησὶ.
1310 906 1397 960 διά
1432 906 1489 960 τδ
1529 908 1753 971 ἀσθενὲς
1787 909 1884 963 τῶν

1993 917 2253 972 cernitur.
2287 917 2461 972 Patris
2489 929 2668 973 autem
2692 919 2916 987 gloriam
2947 919 3199 989 appellat,
3226 930 3441 989 propter
3466 936 3564 974 au-

317 992 621 1061 ἀκροατῶν,
663 993 757 1045 καὶ
800 993 887 1047 διά
918 995 980 1046 τὸ
1010 995 1320 1061 ἀκενὸδοξον
1369 995 1469 1048 οὐκ
1513 991 1688 1063 εἶπεν,
1732 996 1884 1066 Ὀψει

1992 1007 2228 1061 diturum
2288 1009 2742 1076 imbecillitatem;
2786 1018 2842 1064 et
2891 1011 2957 1062 ad
2987 1011 3293 1063 evitandam
3348 1013 3563 1065 inanem

315 1087 411 1160 τὴν
447 1089 603 1152 δόξαν
639 1106 741 1159 μου
764 1129 778 1153 ,
810 1090 967 1155 ἀλλὰ,
999 1090 1097 1162 τὴν
1134 1091 1227 1144 τοῦ
1261 1092 1471 1164 Πατρός
1498 1090 1541 1145 ι.

389 1299 410 1333 ι
470 1281 580 1333 Καὶ
632 1281 805 1334 ταῦτα
854 1280 1047 1347 εἰπὼν,
1078 1286 1229 1354 φωνῇ
1287 1283 1496 1356 μεγάλῃ
1551 1283 1887 1357 ἐκραύγασεο

312 1373 550 1443 Λάζαρε.
590 1372 748 1440 δεῦρο
778 1371 901 1438 ἔξω.
947 1392 965 1425 ι

397 1460 483 1522 Ὦς
513 1460 794 1531 πόρρωθεν
820 1458 986 1515 οὖσαν
1009 1462 1107 1533 τὴν
1128 1462 1305 1533 ψυχὴν
1325 1461 1413 1516 διά
1432 1466 1680 1536 κραυγῆς
1710 1466 1885 1534 καλεῖ,

311 1552 372 1605 ού
407 1552 511 1623 μὴν
542 1552 615 1614 ὼς
649 1548 815 1605 οὖσαν
852 1554 911 1606 ἐν
944 1554 1022 1625 τῷ
1052 1556 1316 1625 μνήματι,
1348 1556 1424 1620 ὡς
1483 1556 1749 1628 Ἐλλήνων
1784 1578 1887 1630 μυ-

1991 1096 2386 1166 gloriationem,
2417 1113 2521 1153 non
2556 1099 2709 1162 dixit,
2736 1099 2943 1154 videbis
2970 1099 3195 1168 gloriam
3220 1114 3417 1164 meam,
3440 1100 3575 1166 sed,‘

1991 1186 2187 1244 Patris.

2069 1279 2230 1336 Vens.
2265 1281 2355 1337 45.
2395 1298 2415 1334 ι
2451 1280 2577 1335 Haec
2609 1296 2733 1337 cum
2765 1280 3012 1346 dixisset,
3052 1297 3185 1338 voce
3211 1298 3400 1353 magna
3446 1281 3558 1337 cla-

1990 1373 2156 1439 mavit
2189 1388 2203 1424 :
2239 1371 2460 1435 Lazare,
2494 1374 2611 1426 veni
2647 1372 2809 1426 foras.
2838 1391 2855 1424 ι

2057 1465 2307 1519 Animam
2344 1466 2496 1534 quasi
2529 1464 2711 1533 procul
2740 1465 3023 1519 distantem
3056 1464 3337 1518 clamando
3371 1472 3549 1527 vocat,

1989 1572 2093 1612 non
2128 1556 2331 1624 utique,
2366 1565 2423 1609 ut
2455 1554 2625 1610 Graeci
2659 1554 2985 1620 fabulantur,
3020 1554 3174 1623 quasi
3221 1556 3273 1608 in
3306 1556 3557 1623 sepulcro

312 1644 526 1699 θεύουσι
549 1646 758 1709 παῖδες.
790 1645 856 1698 Ἦ
892 1648 1110 1717 κραυγὴ
1142 1648 1198 1700 δὲ
1237 1647 1330 1701 τοῦ
1362 1650 1592 1720 Κυρίου,
1624 1650 1792 1715 τύπος
1818 1648 1884 1722 ἦν

1988 1646 2359 1701 exsistenteut.
2401 1644 2494 1698 ille
2529 1656 2708 1699 autem
2741 1645 2948 1698 Domini
2986 1645 3211 1708 clamor,
3250 1654 3407 1714 typus
3435 1654 3554 1697 erat

309 1734 411 1803 τῆς
463 1735 705 1805 μεγάλης
741 1716 1080 1803 σάλπιγγος,
1100 1716 1216 1805 τῆς
1246 1716 1546 1807 μελλούσης
1582 1741 1783 1810 ὴχῆσαι
1829 1716 1884 1796 ἐν

1990 1752 2192 1807 magnae
2221 1737 2360 1790 illius
2388 1735 2562 1799 tuba,
2597 1750 2715 1802 qua:
2750 1735 2800 1787 in
2840 1734 3129 1788 universali
3164 1734 3558 1788 resurrectione

308 1829 373 1896 τῇ
406 1833 558 1897 κοινῇ
586 1827 901 1880 ἀναστάσει.
939 1827 1101 1880 Οὕτω
1127 1828 1234 1897 γὰρ
1268 1829 1362 1882 καὶ
1398 1831 1430 1899 ή
1466 1828 1726 1901 καθολικὴ
1760 1832 1885 1901 μέλ-

309 1915 389 1969 λει
442 1916 684 1985 γίνεσθαι
731 1928 773 1957 ω
825 1919 1154 1984 ἀνάστασις,
1226 1920 1284 1971 ἐν
1340 1922 1567 1991 ἀτόμῳ,
1631 1922 1688 1973 ὲν
1744 1925 1883 1995 ῥοπῇ

308 2003 607 2073 ὀφθαλμοῦ.
651 2005 875 2072 Ὅμοιον
906 2010 1133 2077 σημεῖον
1162 2008 1351 2077 σχεδὸν
1382 2010 1481 2079 τῆς
1514 2011 1882 2078 ἀναστάσεως,

309 2094 370 2146 τὸ
408 2094 737 2162 δεδεμένων
780 2096 899 2150 τῶν
936 2098 1159 2162 ποδῶν,
1205 2101 1303 2153 καὶ
1348 2099 1466 2154 τῶν
1509 2102 1743 2171 χειρῶν,
1792 2104 1885 2157 καὶ

307 2185 416 2237 τῶν
466 2184 760 2256 ὀφθαλμῶν
805 2187 1035 2251 ἐξελθεῖν
1061 2191 1489 2260 περιπατοῦντα.
1523 2192 1623 2245 Διά
1646 2193 1703 2246 δὲ
1726 2200 1757 2230 ³
1789 2194 1883 2246 τοῦ

308 2274 456 2328 λύειν
507 2276 876 2348 ἐμαρτύρουν,
917 2279 999 2332 ὃτι
1043 2280 1142 2334 οὐκ
1188 2277 1255 2353 ἦν
1300 2282 1569 2350 φαντασία
1594 2291 1640 2347 °,
1683 2284 1818 2338 ἀλλά
1857 2285 1885 2337 6

310 2369 561 2439 Λάζαρος
588 2365 678 2439 ἦν.

387 2462 474 2525 Ὠς
527 2462 740 2516 ἀνόσιόν
794 2480 847 2516 τι
895 2463 1271 2535 τετολμηκότα
1319 2464 1628 2529 διέϐαλλον,
1679 2466 1755 2530 ὡς
1795 2466 1885 2521 τὸν

304 2552 648 2622 τεθαμμένοι)
686 2556 997 2625 ἀνασκάψαι
1036 2555 1386 2620 ἐπιτάξαντα·
1432 2557 1569 2627 μετά
1615 2558 1884 2621 τοσαύτας

305 2644 637 2711 ἀποδείξεις,
690 2647 765 2711 ὡς
814 2648 943 2718 περὶ
999 2648 1155 2718 ψιλοῦ
1199 2633 1486 2720 ἀνθρώπου
1527 2650 1731 2719 ἔλεγον,
1780 2652 1881 2718 ἀγ-

304 2734 553 2799 νοοῦντες
607 2738 689 2790 ὂτι
734 2740 896 2802 αὐτὸς
936 2735 1004 2810 ἦν
1058 2741 1086 2793 ὁ
1134 2741 1367 2810 Χριστὸς
1411 2742 1440 2794 6
1486 2740 1594 2795 τῶν
1640 2740 1882 2813 σημείων

304 2825 656 2897 δημιουργός.
694 2827 922 2901 [Cum]

386 2918 571 2980 «Τινὲς
592 2919 647 2971 δὲ
672 2919 728 2985 ἐξ
745 2920 920 2975 αὐτῶν
939 2922 1179 2994 ἀπῆλθον
1202 2923 1339 2993 πρὸς
1358 2925 1482 2987 τοὺς
1497 2926 1842 2998 Φαρισαίους,
1857 2945 1875 2979 ι

1988 1830 2101 1893 ﬁet,
2135 1828 2186 1881 in
2226 1836 2516 1893 momento,
2556 1827 2607 1879 in
2644 1828 2752 1881 ictu
2802 1826 2965 1880 oculi.
2998 1825 3184 1880 Simile
3219 1824 3329 1877 fere
3369 1838 3555 1877 resur-

1988 1920 2243 1977 rectionis
2280 1919 2533 1973 imlicium
2566 1928 2667 1982 est,
2693 1919 2833 1986 quod
2866 1916 3055 1985 ligatus
3088 1918 3239 1985 pedes
3263 1925 3313 1968 et
3340 1930 3552 1979 manus,

1934 2075 1939 2079 _
1985 2022 2041 2069 et
2088 2013 2309 2076 oculos,
2350 2025 2602 2079 egressus
2655 2010 2726 2065 sit
2780 2009 3080 2063 ambulans.
3136 2007 3314 2076 lpsum
3372 2014 3551 2060 autem

1987 2106 2279 2169 solventes,
2328 2104 2663 2159 testabantur
2713 2117 2819 2158 non
2877 2116 2999 2158 esse
3050 2100 3402 2171 praestigium,
3461 2096 3553 2153 sed

1988 2195 2161 2265 ipsum
2190 2192 2478 2247 Lazarum.

2046 2465 2204 2523 Illum
2239 2465 2539 2535 arguebant
2581 2463 2733 2531 quasi
2781 2459 2981 2528 aliquid
3037 2459 3259 2526 impium
3311 2467 3549 2514 attenta-

1984 2556 2171 2618 visset,
2223 2566 2494 2610 mortuum
2541 2569 2571 2608 e
2604 2552 2851 2620 sepulcro
2903 2551 3057 2606 exire
3108 2550 3371 2617 jubendo.
3428 2549 3553 2605 Post

1989 2658 2139 2703 tanta
2187 2646 2449 2702 miracula
2478 2646 2621 2700 sicut
2649 2646 2713 2698 de
2743 2658 2878 2713 puro
2912 2642 3129 2697 homine
3166 2642 3341 2695 adhuc
3367 2641 3553 2709 loque-

1984 2738 2203 2802 bantur,
2259 2738 2501 2792 nolentes
2560 2750 2855 2804 agnoscere
2902 2733 3050 2788 illum
3104 2748 3227 2790 esse
3273 2732 3551 2788 Christum

1984 2830 2072 2899 qui
2093 2828 2331 2898 prodigia
2361 2827 2702 2894 operabatur.

2054 2921 2219 2976 Vsus.
2237 2920 2325 2975 46.
2347 2938 2366 2972 ι
2385 2919 2612 2985 Quidam
2635 2926 2810 2971 autem
2835 2930 2897 2970 ex
2920 2915 3049 2983 ipsis
3065 2915 3387 2969 abieruntad
3410 2914 3553 2970 Pha-

301 3034 373 3049 σ-
392 3009 487 3058 xui.
517 3008 592 3071 ὼς
627 3010 836 3063 ἀνόσιόν
873 3029 923 3063 τι
951 3012 1324 3084 τετολμηκότα
1356 3015 1578 3084 ποιῆσαι
1607 3017 1878 3086 διέϐαλον,

1988 3012 2191 3073 riszeos,
2223 3031 2242 3064 ι
2262 3021 2402 3065 -—et
2427 3021 2680 3078 tanquam
2712 3007 2956 3075 sacrilegi
3000 3006 3126 3072 quid
3156 3014 3551 3073 perpetrantem

302 3099 377 3162 ὡς
412 3100 503 3152 τὸν
528 3101 870 3170 τεθαμμένον
895 3104 1202 3173 ἀνασκάψαι
1238 3104 1589 3169 ἐπιτάξαντα.

382 3207 401 3240 ι
441 3190 505 3241 Τί
537 3191 818 3260 ποιοῦμεν,
860 3192 943 3244 ὅτι
992 3188 1144 3256 οῦτος
1178 3196 1205 3245 6
1248 3194 1531 3265 ἄνθρωπος
1561 3195 1732 3249 πολλά
1780 3214 1877 3269 ση-

308 3283 437 3350 μεῖα
474 3285 618 3333 ποιεῖ
637 3300 650 3347 ;
694 3301 713 3334 ι

375 3373 531 3426 Μετά
567 3373 835 3437 τοσαύτας
865 3374 1171 3441 ἀποδείξεις
1214 3375 1289 3439 ὡς
1319 3377 1448 3445 περὶ
1483 3376 1640 3445 ψιλοῦ
1674 3379 1880 3451 ἀνθρώ·-

307 3480 409 3515 που
437 3462 641 3531 ἔλεγον,
673 3465 991 3532 ἀγνοοῦντες
1021 3467 1103 3520 ὅτι
1131 3466 1290 3529 αὐτὸς
1323 3462 1390 3537 ἦν
1422 3467 1675 3538 Χριστὸς,
1706 3471 1735 3522 6
1775 3469 1880 3523 τῶν

307 3570 374 3622 ση
384 3553 551 3623 μείων
583 3554 646 3624 δη
654 3573 773 3625 μιου
782 3556 932 3625 ργὸς.

382 3687 400 3720 ι
454 3668 581 3721 Ἐὰν
619 3670 847 3740 ἀφῶμεν
891 3671 1055 3724 αὑτὸν
1088 3671 1282 3735 οὕτως,
1324 3672 1526 3736 πάντες
1565 3674 1884 3727 πιστεύσου-

310 3777 393 3812 σιν
420 3762 498 3824 el;
522 3762 704 3825 αὐτὸν,
736 3763 828 3815 καὶ
857 3762 1168 3815 ἐλεύσονται
1196 3764 1245 3815 οἱ
1282 3762 1565 3833 Ῥωμαῖοι,
1595 3764 1689 3816 καὶ
1717 3763 1883 3834 ἀροῦ-

311 3868 395 3905 σιν
421 3851 574 3921 ἡμῶν
602 3852 692 3905 τὸν
721 3853 885 3905 τόπον
904 3893 919 3918 ,
951 3858 1043 3906 καὶ
1069 3852 1173 3924 [τὸ]
1202 3852 1370 3916 ἐθνος.
1408 3872 1426 3904 ι

391 3945 535 4009 Ἐάν,
573 3948 757 4015 φησὶν,
789 3947 837 3999 οἱ
871 3944 1339 4008 πιστεύοντεςέίς
1376 3945 1540 3999 αὑτὸν
1584 3945 1884 4014 ποιήσωσιν

306 4036 469 4088 αὐτὸν
514 4036 741 4105 βασιλέα
765 4077 780 4102 ,
830 4037 1154 4107 ἐπέρχονται
1202 4039 1337 4106 ἡμῖν
1367 4036 1442 4098 ὡς
1473 4036 1879 4107 τυραννήσασιν

306 4126 358 4177 οἱ
402 4123 693 4193 Ῥωμαῖοι,
741 4126 832 4178 καὶ
867 4124 1165 4194 γυμνοῦσιν
1212 4126 1362 4194 ἡμᾶς
1410 4125 1647 4178 πάντων.
1684 4126 1780 4177 Διά
1825 4125 1884 4177 τὸ

311 4216 387 4287 μὴ
418 4217 745 4286 ὑπομεῖναι,
775 4218 843 4270 τά
879 4216 1027 4270 δεινά
1060 4216 1266 4284 ἐλεγον,
1317 4217 1406 4270 ἴνα
1451 4216 1736 4287 ἀναιρεθῇ.
1772 4217 1885 4270 Καὶ

307 4309 397 4362 ὅτε
450 4310 609 4363 αὐτὸν
658 4310 975 4379 ἐφόνευσαν,
1031 4310 1153 4362 τότε
1186 4309 1348 4380 ἐξέϐη
1392 4309 1461 4362 τὰ
1498 4309 1720 4381 λυπηρά
1753 4308 1880 4362 κατ’

307 4418 510 4456 αυτων.

391 4595 410 4627 σ
445 4577 612 4630 Τοῦτο
643 4577 700 4630 δὲ
729 4579 823 4648 ἀφ’
850 4578 1046 4632 ἑαυτοῦ
1079 4580 1180 4634 οὐκ
1222 4573 1396 4641 εἶπεν,
1422 4577 1557 4631 ἀλλά
1590 4578 1884 4649 ἀρχιερεὺς

309 4667 386 4721 ὢν
420 4669 513 4721 τοῦ
557 4671 807 4723 ἐνιαυτοῦ
836 4672 1046 4724 ἐκείνου
1077 4673 1502 4741 προεφήτευσεν,
1534 4670 1614 4722 ὅτι
1655 4670 1882 4741 ἔμελλεν

324 4760 531 4830 Ἰησοῦς
556 4763 925 4832 ἀποθνήσκειν
955 4763 1095 4833 ὑπὲρ
1130 4762 1223 4814 τοῦ
1256 4762 1464 4826 ἔθνους.
1501 4781 1520 4814 ι

374 4854 609 4922 Στόματι
668 4854 916 4908 λαλοῦντι
972 4856 1134 4925 μόνον
1180 4855 1261 4927 (οὐ
1310 4856 1413 4926 μὴν
1459 4857 1558 4926 τῆς
1601 4855 1694 4909 τοῦ
1725 4856 1879 4924 ἁγίου

310 4945 629 5012 Πνεύματος
667 4947 890 5016 χάριτος
939 4946 1222 5017 ἁψαμένης
1265 4946 1429 4999 αὑτοῦ
1476 4947 1574 5016 τῆς
1604 4945 1888 5017 καρδίας),

311 5037 448 5106 πρὸς
478 5036 642 5106 τιμὴν
667 5039 764 5106 τῆς
799 5038 1091 5107 ἱερατείας,
1135 5039 1287 5107 ἐδόοη
1334 5036 1481 5104 αὐτῷ
1509 5037 1570 5089 τὸ
1604 5038 1885 5106 προειπεῖν

316 5128 335 5197 (
355 5129 414 5180 οὐ
438 5129 543 5198 μὴν
572 5129 645 5191 ὡς
669 5130 962 5201 προφήτῃ)’
991 5132 1155 5183 Οὐδὲν
1182 5130 1237 5182 δὲ
1255 5130 1452 5198 ὠφελεῖ
1476 5145 1595 5181 τινα
1626 5128 1686 5181 τὸ
1717 5127 1891 5191 οῦτως

312 5218 712 5288 προφητεῦσαι.
780 5219 1034 5289 Ἀρμὸζει
1089 5219 1195 5289 γὰρ
1239 5218 1381 5272 κατά
1432 5217 1540 5273 τῶν
1592 5218 1670 5288 μὴ
1715 5216 1890 5286 ὀρθῶς

313 5307 701 5373 πιστευόντων,
755 5308 1129 5379 προλεγόντων
1166 5307 1224 5359 δέ
1262 5325 1405 5373 τινα,
1443 5307 1638 5368 οἵτινες
1672 5304 1768 5358 ἐὰν
1813 5305 1891 5357 εἷο

1992 3106 2371 3163 traduxerunt,
2435 3110 2618 3167 utpote
2652 3098 2740 3165 qui
2768 3096 3034 3163 sepultum
3066 3094 3225 3148 effodi
3264 3095 3550 3151 curaverit.

2050 3190 2216 3244 Vsus.
2242 3188 2329 3242 Π.
2357 3206 2376 3238 (
2409 3186 2548 3253 Quid
2583 3186 2839 3249 facimus,
2884 3184 3009 3253 quia
3041 3182 3130 3237 hic
3175 3182 3334 3236 homo
3374 3182 3538 3235 multa

1982 3282 2133 3351 signa
2175 3279 2339 3333 facit?
2371 3296 2389 3329 ι

2053 3370 2180 3425 Post
2225 3377 2302 3424 tot
2349 3369 2521 3435 signa,
2587 3376 2839 3434 tanquam
2889 3362 2958 3417 de
2992 3363 3079 3417 vili
3119 3361 3335 3416 homine
3368 3361 3555 3429 loque-

1983 3465 2200 3528 bantur,
2234 3464 2541 3517 nescientes
2577 3460 2751 3528 ipsum
2789 3471 2919 3512 esse
2949 3455 3251 3521 Christum,
3287 3463 3342 3509 et
3379 3463 3555 3509 tanto-

1985 3572 2101 3610 rum
2127 3566 2402 3609 auctorem
2440 3551 2848 3606 miraCnlorum.

2058 3659 2217 3714 Vsus.
2253 3658 2343 3712 48.
2389 3676 2410 3710 ι
2442 3658 2504 3712 Si
2538 3657 2861 3711 dimittimus
2910 3669 3032 3708 eum
3066 3653 3173 3718 sic,
3209 3666 3399 3707 omnes
3437 3665 3555 3705 cre-

1984 3750 2111 3803 dunt
2134 3751 2184 3802 in
2219 3764 2339 3801 eum
2364 3763 2378 3800 :
2412 3759 2466 3799 et
2493 3747 2709 3800 venient
2736 3745 2984 3809 Romani,
3013 3753 3071 3797 et
3093 3743 3280 3797 tollent
3308 3751 3553 3796 nostrum

1983 3840 2182 3901 locum,
2213 3844 2266 3890 et
2309 3845 2547 3904 gentem.
2593 3854 2612 3886 ι

2045 3929 2178 3983 Cum
2203 3968 2218 3990 ,
2252 3929 2543 3994 inquiunt,
2575 3924 2859 3979 credentes
2905 3923 2957 3977 in
3004 3938 3127 3976 eum
3154 3962 3169 3986 ,
3203 3922 3393 3977 facturi
3432 3934 3558 3978 sunt

1984 4020 2156 4089 ipsum
2192 4033 2393 4088 regem,
2446 4016 2824 4085 supervenient
2864 4015 3040 4078 nobis,
3086 4024 3340 4081 tanquam
3374 4024 3558 4084 tyran-

1986 4110 2096 4165 nidi
2148 4108 2436 4175 subjectis,
2483 4107 2749 4172 Romani,
2806 4105 2896 4174 qui
2952 4105 3113 4159 rebus
3155 4103 3406 4158 omnibus
3454 4120 3561 4160 nos

1985 4208 2201 4257 exuent.
2228 4198 2378 4265 Quod
2406 4201 2656 4253 nimirum
2681 4199 2854 4266 ipsum
2875 4212 2978 4250 non
3004 4194 3228 4260 ferrent,
3255 4196 3553 4250 istiusmodi

1986 4291 2257 4355 dicebant,
2292 4305 2399 4359 quo
2444 4303 2476 4343 e
2524 4289 2700 4342 medio
2736 4287 3036 4340 tolleretur.
3080 4284 3326 4352 Cumque
3380 4286 3559 4353 ipsum

1915 4370 1958 4425 Ῑ)
1989 4383 2394 4446 interfecerunt,
2423 4390 2551 4435 tunc
2578 4395 2642 4435 ea
2673 4381 2785 4451 ipsa
2817 4394 2937 4450 quae
2982 4380 3244 4433 timebant
3271 4416 3286 4436 .
3313 4380 3392 4435 eis
3416 4379 3561 4434 mala.

1987 4481 2303 4528 evenerunt.

2056 4564 2222 4619 Vsus.
2260 4565 2350 4619 5i.
2404 4583 2423 4615 ι
2457 4562 2570 4618 Hoc
2601 4570 2780 4617 autem
2824 4577 2852 4615 a
2884 4562 3174 4630 semetipso
3220 4577 3324 4616 non
3368 4561 3506 4621 dixit
3537 4577 3561 4617 τ

1985 4658 2078 4712 sed
2099 4672 2220 4711 cum
2238 4665 2376 4710 esset
2399 4654 2635 4724 pontifex
2663 4654 2786 4705 anni
2815 4653 2980 4713 illius,
3014 4652 3375 4720 prophetavit,
3406 4652 3549 4720 quod

1982 4748 2137 4804 Jesus
2163 4751 2462 4802 moriturus
2486 4754 2602 4800 erat
2626 4761 2722 4812 pro
2748 4751 2925 4813 gente.
2965 4761 2985 4794 ι

2060 4838 2167 4893 Ore
2214 4848 2366 4891 tenus
2409 4838 2668 4891 duntaxat
2712 4833 3049 4902 proloquenti
3082 4831 3268 4900 (divini
3324 4829 3561 4899 Spiritus

1992 4931 2160 4999 gratia
2189 4944 2282 4982 cor
2313 4927 2429 4996 ejus
2458 4940 2787 4995 nequaquam
2820 4926 3119 4992 attingente
3139 4921 3184 4992 ),
3220 4935 3435 4989 propter
3465 4938 3555 4974 Sa-

1992 5021 2213 5073 cerdotii
2245 5019 2580 5086 dignitatem,
2614 5032 2927 5072 concessum
2954 5016 3031 5067 illi
3074 5014 3171 5068 fuit
3196 5016 3324 5081 (non
3378 5023 3555 5064 tamen

1995 5122 2247 5181 tanquam
2271 5110 2587 5180 prophetat),
2617 5117 2673 5161 ut
2697 5108 2873 5161 futura
2896 5108 3227 5176 praediceret.
3258 5103 3347 5157 Sic
3374 5112 3555 5156 autem

1995 5204 2191 5271 aliquid
2248 5202 2575 5271 praedicere,
2614 5198 2743 5251 nihil
2795 5199 3033 5267 prodest.
3085 5195 3355 5248 Convenit
3410 5192 3554 5245 enim

1996 5297 2099 5350 hoc
2135 5294 2292 5349 etiam
2334 5291 2511 5361 pravis
2544 5290 2789 5343 ﬁdelibus
2830 5296 2888 5340 ut
2919 5286 3191 5355 quidpiam
3238 5283 3555 5354 pradicant,

365 5481 379 5521 ι
418 5483 508 5555 (τι-ί.
550 5484 641 5555 ῘΕν
669 5502 718 5539 τ.
750 5486 800 5542 ὑ.
834 5501 891 5555 ερ-
924 5486 1069 5553 φαεν.
1089 5487 1120 5555 ὴ
1141 5503 1190 5540 τ.
1223 5484 1358 5538 θεοῦ
1390 5484 1540 5555 δόξα,
1579 5482 1668 5536 διὰ
1693 5475 2148 5555 amasse?
2178 5446 2966 5555 ἀκροατῇνλτὴέξ,τῖὲἓέιτρδξ
2988 5461 3345 5555 ἐξεφκτέῐηειι
3372 5460 3555 5555 δεδιμῖδ

321 5532 632 5625 ἀκεν-οδοξον
660 5532 1627 5625 ὦκ’ἐίτὲεῦξ”έὸῷεὶ’τῆᾇ’ἑόὲάεῐῌοιᾶζ
1642 5532 1812 5616 ἀλλὰ,
1830 5552 1926 5620 τὴν
1958 5532 2052 5599 τοῦ
2095 5532 2327 5611 Πατρὸςο
2403 5546 2440 5568 ’⁵
2470 5532 2853 5603 (ὲν-’γενέσθαιο
2880 5532 2886 5533 ⁷
2930 5541 2957 5571 ⁸
2987 5535 3077 5588 (δτι
3112 5534 3225 5587 Sine
3255 5532 3332 5586 δέ·
3404 5539 3428 5565 ⁰
3460 5532 3553 5588 crs

322 5624 638 5695 φάντασμα.
