4038 6148
606 286 737 354 1471

1733 288 2064 344 ΑΜΪςὶἐὶῗξΙΙ
2110 289 2632 348 ,ΧιΕΧᾹΝῡΞὶΙΝΙ

3715 293 3826 356 12:2

603 408 693 473 qui
726 418 846 457 cum
872 402 1088 457 Chrtsto
1112 403 1164 455 in
1199 400 1483 469 diejudieit
1510 400 1700 454 dicturi
1729 412 1904 465 erunt,
1925 402 2140 454 Domine

2273 421 2443 455 πωσιν
2471 405 2526 455 ἐν
2563 403 2744 474 ἡμέρα
2783 403 3017 472 κρὶσεως
3053 402 3126 471 τῷ
3161 401 3397 472 Χριστῷ,
3431 403 3607 471 Κύριε
3653 409 3720 457 οὐ
3762 408 3826 471 τῷ

605 511 772 548 nonne
811 496 863 546 in
889 493 1091 546 nomine
1121 502 1207 545 tuo
1233 493 1704 559 prophetavimus?
1742 493 1998 557 audient,
2027 493 2165 558 Quia

603 600 705 637 non
728 583 844 636 novi
873 598 960 634 vos
977 583 1040 635 ".
1062 580 1136 635 Ne
1157 582 1282 636 hinc
1301 583 1481 652 itaque
1498 583 1830 653 decipiamur
1857 600 1871 635 :
1898 597 2017 638 nam
2045 600 2167 654 pro-

600 673 782 742 phetia
819 686 923 725 non
956 681 1039 724 est
1068 672 1277 725 fructus
1303 673 1565 726 bonorum
1593 688 1841 742 operum,
1869 677 2163 731 secundum

596 775 717 828 quae
750 771 966 814 sanctos
994 762 1344 827 aestimamus,
1371 763 1463 816 sed
1490 772 1656 817 totum
1683 779 1817 832 opus
1843 767 2013 821 sancti
2044 767 2166 837 Spi-

596 854 732 904 ritus
760 862 860 914 est,
897 851 1020 906 licet
1049 867 1146 921 per
1176 867 1376 921 organa
1412 857 1666 909 humana.

664 941 829 996 Vens.
882 941 970 997 52.
1005 961 1024 994 ι
1058 944 1123 996 Ει
1155 959 1258 996 non
1303 953 1506 999 tantum
1542 961 1637 1014 pro
1693 958 1869 1018 gente,
1899 949 1989 1003 sed
2022 960 2078 1004 ut
2106 951 2166 1003 ii-

593 1035 693 1088 lios
724 1035 840 1100 Dei,
869 1037 959 1105 qui
988 1044 1145 1090 erant
1167 1037 1414 1106 dispersi,
1450 1050 1800 1109 congregaret
1833 1042 1882 1095 in
1916 1058 2103 1096 unum.
2139 1062 2157 1095 ι

663 1211 828 1266 Filios
859 1212 954 1267 Dei
985 1219 1144 1268 vocat
1176 1213 1507 1283 evangelista
1556 1214 1740 1270 ﬁdeles
1769 1229 1834 1269 ex
1875 1217 2127 1286 gentibus
2147 1258 2162 1282 ,

589 1303 680 1372 qui
733 1301 918 1371 procul
967 1302 1286 1370 abfuerunt,
1339 1313 1394 1360 et
1437 1307 1722 1376 propinqui
1769 1305 1898 1360 facti
1952 1315 2076 1360 sunt
2107 1309 2162 1361 in

589 1408 786 1464 corpus
816 1408 982 1447 unum
1007 1433 1023 1462 ,
1056 1395 1278 1450 unicum
1309 1396 1571 1452 habentes
1603 1405 1763 1466 caput
1795 1397 2090 1453 Christum.

657 1573 822 1630 Vens.
866 1574 952 1628 54.
991 1592 1010 1625 ι
1046 1572 1208 1630 Iesus
1241 1575 1498 1644 ergojam
1536 1589 1640 1630 non
1672 1576 1724 1628 in
1754 1576 1928 1644 palam
1967 1577 2162 1630 ambu-

585 1665 728 1718 labat
759 1663 897 1732 apud
921 1661 1156 1730 Iudaeos,
1192 1665 1284 1720 sed
1317 1665 1448 1719 abiit
1476 1667 1526 1719 in
1565 1666 1836 1736 regionem
1869 1665 2024 1736 juxta
2061 1666 2160 1722 de-

583 1766 808 1810 sertum.
843 1773 863 1807 ι

652 1843 732 1897 Ad
786 1844 1290 1898 condemnationem
1346 1843 1654 1899 Judteorum
1724 1847 1992 1912 discedit,
2047 1865 2154 1904 non

579 1937 723 2004 quod
753 1944 1037 2000 metueret,
1061 1938 1153 1991 sed
1183 1945 1242 1990 ut
1277 1953 1374 1992 nos
1405 1938 1650 2002 doceret,
1687 1940 1763 1993 ira
1799 1939 2154 2006 fervescente.

581 2039 686 2076 non
723 2033 924 2078 temere
959 2025 1012 2077 in
1058 2025 1294 2093 pericula
1343 2026 1658 2081 irruendum
1707 2042 1848 2082 esse.
1896 2028 2156 2098 Fugiebat

580 2121 783 2175 autem,
809 2122 868 2167 ut
887 2127 1247 2183 opportunum
1280 2117 1517 2186 passioni
1551 2128 1762 2189 tempus
1787 2129 2149 2188 exspectaret,

579 2212 745 2271 atque
781 2204 991 2258 illorum
1029 2206 1188 2261 saluti
1223 2209 1551 2264 consuleret.

650 2291 816 2350 Vens.
853 2294 944 2350 55.
977 2315 995 2347 ι
1020 2295 1330 2352 Proximum
1364 2309 1545 2354 autent
1564 2310 1684 2356 erat
1707 2301 1915 2358 Pascha
1940 2301 2152 2359 Iudaeo-

578 2400 696 2438 rum
726 2403 740 2438 :
775 2393 830 2440 et
872 2388 1235 2444 ascenderunt
1277 2391 1429 2445 multi
1479 2392 1905 2465 Hierosolymam
1947 2395 2014 2451 de
2066 2410 2152 2450 re-

577 2475 737 2544 gione
766 2484 890 2530 ante
915 2476 1146 2544 Pascha,
1175 2489 1230 2534 ut
1258 2481 1658 2537 sanctiﬁcarent
1687 2485 1912 2554 seipsos.
1950 2505 1972 2538 ι

649 2567 750 2632 Qui
801 2567 1120 2626 voluntariis
1163 2572 1246 2625 vel
1281 2573 1667 2630 involuntariis
1700 2576 1914 2633 delictis
1967 2577 2148 2648 inqui-

580 2657 690 2710 nati
721 2666 896 2722 erant,
929 2657 1140 2715 Pascha
1181 2662 1402 2717 minime
1443 2663 1718 2721 faciebant
1750 2667 1855 2723 nisi
1887 2679 2148 2726 consueto

577 2744 686 2798 ritu
718 2747 916 2816 espiati
946 2758 1155 2805 essent.

630 2837 916 2907 Apparens
965 2855 1070 2895 non
1117 2843 1293 2898 subito
1318 2860 1438 2901 sese
1467 2855 1672 2904 tantum
1733 2853 1990 2917 ostendit,
2051 2853 2146 2909 sed

575 2939 698 2978 cum
758 2927 1065 2984 hominibus
1111 2944 1462 2989 conversatus
1518 2947 1645 3000 est,
1697 2941 2032 2997 manducans
2092 2950 2147 2996 et

575 3013 789 3079 bibens,
820 3022 1124 3077 communia
1155 3023 1277 3078 vita:
1299 3039 1484 3094 agens,
1517 3029 1659 3098 quod
1681 3029 1956 3089 admirans
1979 3047 2145 3089 evan-

578 3104 770 3173 gelista
806 3106 960 3164 dixit.

1142 3244 1392 3302 CAPUT.
1444 3247 1560 3304 XII.

644 3372 813 3430 Vens.
861 3375 917 3429 2.
973 3395 992 3428 ι
1031 3376 1300 3433 Fecerunt
1349 3390 1525 3436 autem
1574 3385 1622 3438 ei
1667 3399 1878 3441 coenam
1925 3391 2039 3446 ibi:
2093 3406 2147 3449 et

573 3461 777 3515 Martha
815 3465 1178 3531 ministrabat,
1205 3468 1444 3526 Lazarus
1469 3487 1595 3528 vero
1627 3491 1764 3532 unus
1795 3488 1914 3535 erat
1937 3496 2004 3537 ex
2037 3484 2148 3540 dis-

573 3551 955 3607 cuntbenlibus
982 3569 1100 3607 cum
1133 3571 1218 3610 eo.
1259 3575 1278 3608 ι

652 3639 813 3734 Vens.
847 3642 963 3734 ὅτι
995 3643 1165 3700 Maria
1219 3663 1350 3718 ergo
1389 3653 1594 3719 accepit
1637 3655 1829 3714 libram
1884 3669 2142 3734 unguenti

573 3729 726 3784 nardi
755 3731 951 3798 pistici,
981 3737 1221 3803 pretiosi,
1250 3750 1304 3794 et
1333 3745 1489 3799 unxit
1519 3748 1680 3815 pedes
1700 3749 1852 3817 Jesu,
1878 3764 1933 3809 et
1961 3729 2143 3812 exter-

569 3821 640 3870 sit
667 3821 826 3886 pedes
857 3822 973 3892 ejus
998 3827 1212 3895 capillis
1241 3831 1356 3887 suis
1380 3851 1393 3887 :
1425 3844 1481 3890 et
1509 3836 1698 3896 domus
1720 3840 1935 3912 impleta
1967 3857 2049 3903 est
2074 3865 2141 3905 ex

568 3909 734 3964 odore
761 3915 1038 3980 unguenti.
1073 3934 1095 3968 ›

635 4000 845 4054 Martha
879 4002 1041 4058 refert
1074 4007 1328 4065 virtutem
1361 4028 1482 4082 quae
1524 4016 1574 4070 in
1619 4021 1830 4079 actione
1867 4039 2133 4096 versatur,

567 4089 733 4144 Maria
766 4106 895 4147 vero
937 4096 1235 4163 spiritalem
1277 4109 1810 4176 contemplationem.
1852 4117 1956 4172 Alii
1994 4089 2139 4176 acci;

567 4181 719 4248 pinnt
752 4185 1024 4240 Martltam
1055 4204 1150 4258 pro
1179 4197 1344 4249 veteri
1377 4207 1722 4268 testamento,
1755 4209 1897 4274 quod
1925 4209 2134 4268 Domini

568 4286 805 4326 mensam
831 4289 1073 4345 apparat,
1105 4292 1290 4352 utpote
1323 4290 1667 4358 antiquorum
1693 4296 1806 4352 fere
1832 4298 1898 4360 de
1919 4301 2136 4358 Christo

567 4361 996 4422 testimoniorum
1053 4371 1312 4430 doctrinis
1364 4391 1621 4438 constans
1663 4401 1678 4438 :
1716 4384 1944 4443 Mariam
2005 4407 2135 4449 vero

565 4465 661 4518 pro
691 4452 932 4509 doctrina
966 4463 1310 4532 evangelica,
1349 4483 1468 4535 quae
1517 4485 1791 4541 unguento
1830 4481 1994 4546 pedes
2027 4483 2132 4538 Do-
2166 4489 2208 4542 D

565 4543 692 4596 mini
736 4545 1017 4616 inungens,
1051 4550 1101 4604 id
1131 4563 1216 4607 est
1233 4554 1349 4621 ejus
1378 4558 1428 4612 in
1473 4569 1616 4616 terra
1651 4543 2121 4628 conversationem

561 4632 869 4701 celebrans,
903 4639 1211 4697 universum
1240 4647 1424 4703 orbem
1461 4661 1749 4723 terrarum,
1782 4674 1902 4729 quas
1935 4663 2124 4720 domus

560 4731 644 4777 est
697 4727 934 4780 omnium
975 4730 1288 4800 hominum,
1340 4740 1524 4798 odoris
1571 4727 1844 4805 suavitate
1883 4754 2126 4822 replevit.

559 4815 662 4869 Alii
715 4816 981 4875 Martham
1043 4825 1346 4899 intelligunt
1401 4833 1705 4893 Judazorum
1763 4815 2130 4916 Synagogam,

561 4921 679 4974 qua:
719 4912 1028 4967 carnalibus
1056 4931 1254 4974 vacans
1285 4922 1621 4994 ministeriis,
1657 4912 1884 4989 Domino
1915 4912 2126 4993 servire

559 4997 749 5064 cupit:
799 4999 1019 5055 Mariam
1053 5020 1180 5060 vero
1226 5007 1524 5068 Ecclesiatn
1577 5033 1642 5073 ex
1686 5025 1966 5090 gentibus,
2005 5044 2125 5094 quae

558 5089 826 5144 sacriﬁcia
847 5092 1130 5164 spiritalia,
1163 5098 1430 5172 [idemque
1460 5089 1786 5177 fragrantem
1811 5114 1921 5170 Deo
1947 5089 2120 5186 offert,

559 5185 616 5227 et
645 5178 1016 5237 benedictione
1055 5199 1085 5238 a
1116 5201 1279 5244 carne
1329 5191 1448 5262 ejus
1481 5210 1830 5264 promanante
1871 5220 1964 5273 per
1999 5178 2119 5278 my;

559 5267 752 5323 sticam
786 5273 1253 5346 participationem
1287 5297 1345 5339 se
1372 5287 1566 5343 reiicit.

639 5459 658 5493 ι
696 5442 934 5503 Lazarus
985 5460 1162 5508 autem
1193 5472 1331 5516 unus
1349 5471 1465 5519 erat
1493 5477 1556 5522 ex
1583 5466 2060 5530 discumbentibus.
2096 5495 2114 5527 ι

650 5614 698 5646 ’τ
736 5615 903 5676 Matth
956 5638 1046 5689 vn,
1092 5626 1182 5692 2‘2,
1217 5628 1284 5682 25

2175 3099 2222 3162 C

2267 493 2358 558 σῷ
2407 494 2651 562 ὀνόματι
2692 494 3259 561 προεφητεὺσαμεν;
3307 491 3654 554 ἀκούσονται,
3713 496 3823 548 Ὀτι

2266 589 2377 641 οὐκ
2405 583 2536 642 οῖδα
2561 585 2737 654 ὑμᾶς.
2770 586 2844 638 Ού
2880 585 2961 638 δεῖ
2991 579 3083 637 οῦν
3118 586 3180 636 ἐκ
3204 581 3393 635 τούτου
3419 582 3767 654 πλανηθῆναι·
3795 590 3820 657 ἡ

2265 677 2374 748 γὰρ
2413 677 2719 748 προφητεία
2751 677 2850 729 οὐκ
2880 676 2994 728 ἐστι
3026 674 3237 745 καρπὸς
3284 673 3460 743 ἔργων
3495 675 3732 742 ἀγαθῶν,
3774 678 3820 743 ἐξ

2265 761 2340 821 ὧν
2381 769 2505 831 τοὺς
2551 768 2739 836 ἁγίους
2784 765 3296 834 καταλαμϐάνομεν,
3351 766 3486 819 ἀλλὰ
3512 765 3578 818 τὸ
3615 767 3718 819 πᾶν
3747 767 3818 819 τοῦ

2267 859 2584 928 Πνεύματος
2619 859 2798 930 ἔργον,
2831 860 2881 910 εί
2916 860 3009 909 καὶ
3038 857 3105 910 δι’
3149 857 3397 927 ὀργάνων
3449 856 3814 923 ἀνθρωπίνων.

2343 972 2361 1004 ι
2403 953 2511 1004 Καὶ
2539 952 2636 1020 οὐχ
2665 950 2804 1020 ὑπὲρ
2834 949 2926 1002 τοῦ
2959 949 3145 1011 ἔθνους
3182 949 3364 1019 μόνον,
3387 948 3502 1001 ἀλλ’
3533 949 3624 1000 ἵνα
3659 950 3746 1002 καὶ
3769 952 3820 1003 τὲ

2264 1045 2429 1099 τέκνα
2459 1045 2552 1099 τοῦ
2603 1045 2738 1098 Θεοῦ
2792 1045 2860 1098 τὶι
2908 1044 3710 1133 διεσκορπισμέναξυναγάγῃ,
3757 1047 3818 1107 εἰς

2264 1137 2342 1192 ἐν.
2377 1156 2395 1189 ι

2342 1227 2519 1281 Τέκνα
2561 1226 2696 1280 Θεοῦ
2735 1228 2863 1290 τοὺς
2905 1227 3130 1288 πιστοὺς
3177 1225 3334 1280 καλεῖ
3378 1227 3408 1278 ὁ
3447 1225 3818 1295 εύαγγελιστὴς

2263 1322 2386 1384 τοὺς
2416 1319 2476 1385 ἐξ
2502 1319 2690 1385 ἐθνῶν,
2725 1320 2852 1382 τοὺς
2882 1318 3096 1389 μακράν
3128 1317 3309 1383 ὄντας,
3347 1318 3440 1370 καὶ
3471 1317 3644 1384 ἐγγὺς
3685 1333 3819 1383 γεγο-

2259 1415 2420 1478 νότας
2451 1415 2530 1478 είς
2560 1411 2618 1466 ἓν
2656 1413 2834 1484 σῶμα,
2889 1412 3016 1483 μίαν
3047 1409 3288 1483 κεφαλὴν
3333 1409 3560 1481 ἔχοντας
3594 1409 3683 1462 τὸν
3709 1411 3816 1479 Χριο

2264 1501 2406 1556 στόν.

2337 1610 2357 1645 ι
2396 1591 2605 1664 Ἰησοῦς
2635 1591 2729 1647 οὖν
2757 1591 2942 1646 οὐκέτι
2976 1589 3259 1663 παρρησία
3289 1588 3618 1660 περιεπάτει
3647 1589 3700 1641 ἐν
3729 1590 3815 1650 τοῖς

2271 1682 2574 1750 Ἰουδαίοις,
2624 1684 2759 1738 ἀλλά
2817 1683 3061 1754 ἀπῆλθεν
3109 1681 3318 1735 ἐκεῖθεν
3372 1681 3454 1743 είς
3509 1679 3612 1751 τὴν
3659 1679 3814 1751 χώραν

2195 1753 2246 1807 Β·
2263 1776 2429 1846 ἐγγὺς
2457 1775 2558 1845 τῆς
2589 1776 2817 1847 ἐρήμου,
2848 1793 2867 1827 ι

2334 1866 2427 1928 Είς
2453 1864 2773 1935 κατάκριμα
2824 1863 2932 1917 τῶν
2980 1862 3250 1916 Ἰουδαίων
3281 1861 3599 1932 ἀναχωρεῖ,
3643 1860 3699 1912 ού
3723 1860 3812 1912 65t-

2261 1955 2411 2019 λιῶν,
2456 1957 2550 2008 καὶ
2588 1956 2737 2026 ἡμᾶς
2781 1955 3050 2008 διδάσκων
3097 1958 3156 2010 ἐν
3198 1956 3352 2025 ἀκμῇ
3397 1955 3501 2022 τῆς
3546 1955 3705 2025 ὀργῆς
3749 1955 3808 2024 μὴ

2261 2047 2606 2118 ἐπιρρίπτειν
2627 2047 2854 2110 ἑαυτοὺς
2876 2045 3161 2110 κινδύνοις.
3196 2047 3439 2114 Ἐφυγεν
3463 2045 3528 2098 δὲ
3558 2044 3808 2116 ἀναμένων

2259 2137 2350 2190 τὸν
2398 2138 2701 2208 ἐπιτήδειον
2741 2138 2836 2190 τοῦ
2869 2138 3076 2202 πάθους
3112 2138 3304 2210 καιρὸν
3361 2139 3458 2192 καὶ
3487 2138 3589 2208 τῆς
3618 2137 3808 2190 ἐκείνων

2260 2229 2574 2299 φειδόμενος
2614 2230 2912 2301 σωτηρίας.

2333 2339 2352 2372 ι
2392 2316 2499 2373 Ἦν
2527 2320 2584 2373 δὲ
2613 2320 2779 2388 ἐγγὺς
2805 2321 2865 2372 τὸ
2894 2319 3084 2389 Πάσχα
3121 2320 3229 2372 τῶν
3273 2319 3571 2386 Ἰουδαίων,
3622 2319 3704 2373 καὶ
3733 2320 3805 2372 ἀν-

2257 2411 2460 2482 έδησαν
2486 2411 2670 2464 πολλοὶ
2694 2412 2774 2475 είς
2808 2411 3152 2482 Ἰεροσόλυμα
3177 2413 3241 2465 ἐκ
3273 2411 3374 2480 τῆς
3401 2411 3589 2482 χώρας
3615 2412 3708 2484 πρὸ
3729 2410 3803 2463 τοῦ

2258 2504 2471 2574 Πάσχα,
2506 2502 2594 2555 ἵνα
2620 2503 2915 2572 ἁγνίσωσιν
2954 2504 3201 2567 ἑαυτούς.
3245 2521 3264 2553 ι

2334 2599 2397 2650 Οἱ
2450 2598 2835 2668 ἡμαρτηκότες
2875 2597 3160 2668 ἐκούσιαῆ
3211 2598 3446 2654 ἀκούσια
3491 2598 3796 2668 πταίσματα,

2253 2687 2354 2739 οὐκ
2387 2686 2606 2740 ἐποίουν
2628 2686 2691 2740 τὸ
2711 2687 2922 2757 Πάσχα,
2953 2687 3001 2739 εί
3036 2687 3110 2758 μὴ
3135 2687 3478 2758 ήγνίσθησαν
3502 2687 3592 2741 τὸν
3621 2685 3795 2757 συνήθη

2255 2778 2538 2849 ἁγνισμὸν.

2322 2869 2398 2922 Ού
2456 2869 2647 2938 φανεὶς
2728 2868 2890 2931 εὐθὺς
2965 2867 3278 2938 ἐπέφανεν,
3357 2871 3474 2923 ἀλλ’
3537 2869 3792 2939 ἐπέζησεν,

2253 2959 2447 3013 ἐσθίων
2496 2960 2592 3013 καὶ⁴
2640 2960 2833 3022 πίνων,
2870 2960 2964 3012 καὶ
3006 2961 3076 3013 τὰ
3123 2959 3331 3031 συνήθη
3371 2962 3640 3033 πράττων,
3681 2962 3795 3029 ὅπερ

2250 3051 2327 3114 ὡς
2352 3049 2755 3123 ἀποθαυμάζων
2781 3053 2809 3104 ὁ
2835 3051 3230 3125 εύαγγελιστὴς
3258 3048 3400 3108 εἷπε.
3433 3051 3652 3125 [Cum]

2837 3270 3078 3324 ΚΕΦΑΛ.
3114 3269 3214 3326 lB’.

2309 3422 2328 3454 ι
2366 3403 2663 3473 Ἐποίησαν
2689 3400 2782 3458 οὖν
2824 3405 2971 3474 αύτῷ
3000 3406 3218 3459 δεῖπνον
3257 3408 3381 3459 ἐκεῖ·
3418 3405 3510 3458 καὶ
3545 3403 3795 3475 ήΜάρθα

2244 3495 2499 3564 διηκόνει·
2527 3495 2555 3547 ὁ
2583 3495 2641 3548 δέ
2680 3496 2930 3568 Λάζαρος
2959 3491 3038 3560 εἷς
3069 3493 3135 3568 ἦν
3166 3498 3273 3552 τῶν
3310 3497 3671 3568 ἀνακειμένων
3709 3498 3794 3550 σὺν

2244 3585 2412 3655 αὐτῷ.
2445 3604 2463 3637 ι

2318 3696 2336 3727 ¢
2374 3678 2436 3729 Ἡ
2468 3671 2562 3731 οῦν
2589 3679 2780 3750 Μαρία
2812 3679 3049 3733 λαϐοῦσα
3075 3681 3266 3750 λίτραν
3298 3682 3470 3751 μύρου
3502 3679 3688 3751 νάρδου
3717 3696 3792 3730 πι-

2246 3768 2440 3836 στικῆς
2474 3769 2810 3838 πολυτίμου,
2851 3770 3038 3839 ἤλειφε
3088 3773 3214 3834 τοὺς
3243 3772 3409 3835 πόδας
3455 3771 3548 3824 τοῦ
3601 3769 3788 3837 Ἰησοῦ.

2243 3858 2336 3909 καὶ
2368 3857 2600 3926 ἐξέμαξε
2630 3864 2746 3921 ταῖς
2779 3859 2950 3930 θριξὶν
2979 3862 3150 3931 αὐτῆς
3184 3864 3310 3926 τοὺς
3350 3863 3520 3926 πόδας
3557 3861 3725 3916 αὑτοῦ·
3761 3862 3788 3929 ἡ

2239 3949 2296 4001 δὲ
2324 3950 2468 4003 οίκία
2499 3952 2789 4022 ἐπληρώθη
2825 3955 2888 4006 ἐκ
2916 3955 3015 4023 τῆς
3041 3956 3218 4025 ὀσμῆς
3258 3955 3353 4008 τοῦ
3391 3956 3587 4025 μύρου.
3623 3976 3639 4008 t

2322 4041 2388 4093 Ἡ
2446 4043 2647 4112 Μάρθα
2707 4043 2991 4116 θεωρεῖται
3043 4048 3124 4109 είς
3171 4047 3270 4116 τὴν
3326 4047 3638 4117 πρακτικὴν
3680 4047 3788 4115 ἀρε-

2237 4132 2360 4200 τὴν,
2420 4134 2453 4201 ὴ
2497 4135 2554 4186 δὲ
2601 4137 2791 4205 Μαρία
2843 4139 2924 4200 είς
2971 4138 3071 4206 τὴν
3135 4140 3518 4210 πνευματικὴν
3563 4137 3782 4208 θεωρίαν.

2241 4223 2426 4275 ¹Ἀλλοι
2457 4225 2556 4295 τὴν
2601 4226 2831 4297 Μάρθαν
2861 4227 3298 4298 ἐκλαμϐάνουσιν
3327 4233 3407 4293 είς
3445 4233 3547 4302 τὴν
3578 4229 3784 4283 παλαιάν

2237 4313 2524 4385 διαθήκην,
2555 4317 2678 4386 ἥτις
2700 4318 2800 4384 τὴν
2821 4318 2916 4371 τοῦ
2943 4320 3148 4390 Κυρίου
3175 4320 3461 4392 τράπεζαν
3485 4320 3780 4393 εὐτρεπίζει.

2236 4402 2324 4456 διὰ
2349 4405 2447 4473 τῆς
2473 4405 2580 4459 τῶν
2617 4407 2860 4462 παλαιῶν
2890 4412 3213 4480 μαρτυρίας,
3247 4416 3361 4476 τοῖς
3402 4416 3540 4485 περὶ
3578 4413 3780 4486 Χριστοῦ

2239 4497 2603 4566 συνισταμένη
2647 4499 2902 4570 δόγμασι·
2932 4503 3032 4570 τὴν
3059 4503 3115 4555 δέ
3145 4505 3362 4573 Μαρίαν
3408 4509 3496 4568 εἰς
3524 4508 3621 4576 τὴν
3646 4506 3782 4567 εὐαγο

2238 4584 2461 4655 γελικὴν
2492 4588 2762 4654 παιδείαν,
2806 4591 2924 4660 ἥτις
2964 4592 3121 4662 μύρῳ
3162 4595 3432 4664 τρίδουσα
3474 4598 3604 4658 τοὺς
3643 4593 3782 4651 πόδας

2236 4674 2327 4726 τοῦ
2361 4676 2584 4747 Κυρίου,
2620 4680 2864 4734 τουτέστι
2907 4683 3005 4752 τὴν
3033 4685 3162 4754 περὶ
3189 4686 3286 4756 τὴν
3325 4687 3433 4756 γῆν
3472 4687 3639 4740 αὐτοῦ
3664 4687 3785 4737 οἰκο-

2235 4763 2448 4831 νομίαν,
2478 4768 2703 4832 εὐωδίας
2729 4770 3046 4841 ἐπλήρωσεν
3071 4774 3200 4844 ὅλην
3229 4775 3328 4846 τὴν
3355 4777 3491 4846 γῆν,
3518 4781 3636 4848 ἦτις
3658 4777 3783 4828 ὲστῖν

2233 4848 2381 4916 οἶκος
2409 4855 2588 4926 πάσης
2614 4861 2713 4927 τῆς
2749 4859 3182 4931 ἀνθρωπότητος.
3222 4865 3407 4918 "me.
3447 4868 3549 4937 τὴν
3581 4865 3784 4936 Μάρθαν

2231 4938 2409 4991 νοοῦσι
2448 4939 2546 5010 τὴν
2576 4942 2681 4994 τῶν
2725 4944 2992 4999 Ἰουδαίων
3037 4949 3390 5020 Συναγωγὴν,
3417 4952 3510 5004 διά
3537 4953 3641 5005 τῶν
3674 4966 3784 5018 σαρ-

2230 5027 2400 5079 κικῶν
2437 5030 2760 5099 θεραπεύειν
2791 5034 3050 5089 Θὲλουσαν
3072 5039 3162 5091 τὸν
3186 5039 3333 5093 Θεόν·
3358 5042 3458 5110 τὴν
3483 5043 3541 5095 δὲ.
3569 5042 3783 5110 Μαρίαν»

2227 5119 2328 5189 τὴν
2371 5121 2429 5186 ἐξ
2463 5123 2633 5176 ἐθνῶν
2684 5126 3010 5197 Ἐκκλησίαν
3053 5131 3155 5200 τὴν
3188 5135 3569 5202 πνευματικὰς
3614 5133 3783 5192 θυσίας

2229 5211 2322 5263 καὶ
2351 5211 2522 5284 εὐώδη
2559 5215 2738 5268 πίστιν
2769 5219 3152 5288 προσάγουσαν
3180 5223 3316 5293 Θεῷ,
3350 5226 3444 5278 καὶ
3493 5227 3780 5294 ἀναματτο-

2235 5300 2409 5370 μένην
2442 5302 2540 5374 τὴν
2579 5306 2686 5357 ἀπὸ
2712 5309 2810 5376 τῆς
2843 5311 3045 5379 σαρκὸς
3097 5313 3262 5367 αὐτοῦ
3310 5315 3568 5383 εὐλογίαν
3594 5315 3678 5367 διά
3699 5313 3782 5380 τῆς

2236 5392 2507 5459 μυστικῆς
2541 5397 2916 5467 μεταλῆψεως.

2312 5500 2328 5532 ι
2360 5481 2418 5535 ὐ
2438 5483 2492 5536 δὲ
2523 5487 2766 5558 Λάζαρος
2801 5485 2880 5552 εἷς
2904 5485 2970 5560 ἦν
2987 5492 3092 5546 τῶν
3116 5495 3547 5565 ἀνακειμένων.»
3581 5495 3655 5548 Οὐ
3687 5491 3777 5560 γᾶρ
