4038 6148
338 239 470 304 ῙΠΒ

1352 239 1816 300 FRAGMENTA
1878 240 1958 299 IN
1999 239 2058 298 s.
2093 201 2480 298 ‘JUANNEM.

3470 241 3604 306 1474

338 353 492 416 εὐθὺς
522 352 812 419 ἀπέθανεν,
839 352 955 407 ἀλλ’
1003 351 1240 422 ἐπέζησε
1261 393 1278 418 ,
1313 353 1407 405 καὶ
1449 352 1666 422 ἔμεινεν
1714 351 1912 406 ἐσθίων

2015 351 2132 406 Non
2173 352 2317 406 enim
2347 353 2491 406 illico
2517 360 2762 406 mortuus
2784 358 2886 416 cst,
2916 351 3011 406 sed
3038 352 3360 421 supervixit,
3383 369 3603 408 reman-

334 444 429 497 καὶ
457 443 652 508 πίνων,
687 444 780 497 καὶ
828 443 899 496 τὰ
929 442 1137 514 συνήθη
1185 443 1465 514 πράττων,
1497 443 1634 513 ὅπερ
1675 442 1752 507 ὡς
1780 443 1913 498 άπο-

334 538 631 610 θαυμάζων
655 541 684 592 6
709 538 1103 610 εύαγγελιστὴς
1129 532 1274 592 εἷπε.

410 649 430 683 ι
477 631 642 700 Λέγει
677 626 770 684 οὖν
811 626 890 694 εἷς
921 631 986 684 ὲκ
1017 629 1128 683 τῶν
1167 628 1424 699 μαθητῶν
1456 627 1624 682 αὐτοῦ
1655 667 1670 689 ,
1710 628 1915 692 Ἰούδας

333 719 576 790 Σίμωνος
604 717 984 790 Ἰσκαριώτης,
1006 719 1036 771 6
1057 716 1268 787 μέλλων
1287 716 1450 770 αὑτὸν
1478 716 1826 786 παραδιδόναι
1849 733 1863 748 ο
1889 735 1907 768 ι

405 811 700 880 Μέμφεται
731 811 760 863 6
811 809 1013 872 Ἰούδας
1053 809 1136 862 ὅτι
1187 808 1360 878 μύρον
1403 809 1777 878 προσήνεγκε,
1819 807 1913 860 καὶ

333 901 436 955 ούκ
463 901 746 972 ἀργύριον,
780 899 992 968 ἀγνοῶν
1023 899 1084 952 τὸ
1123 897 1294 962 ὅντως
1325 897 1510 952 καλόν.
1544 900 1637 951 Δεῖ
1676 897 1786 970 γὰρ
1814 897 1914 966 τὴν

335 993 414 1053 εἰς
471 989 603 1042 Θεὸν
655 987 989 1060 δωροφορίαν
1015 999 1074 1051 Ρ,
1127 986 1546 1058 προτιμωτέραν
1600 981 1744 1039 εἶναι
1803 985 1911 1038 τῶν

337 1080 588 1148 πτωχῶν.

412 1188 429 1219 ι
471 1164 602 1220 Εἷπε
635 1167 692 1220 δὲ
718 1166 896 1226 τοῦτο,
927 1167 1026 1237 ούχ
1054 1167 1136 1222 ὅτι
1168 1183 1232 1219 πε
1245 1167 1296 1237 pi.
1327 1167 1438 1221 τῶν
1465 1165 1698 1238 πτωχῶν
1720 1166 1914 1238 έμελεν

337 1259 516 1329 αὐτῷ,
570 1259 685 1312 ἀλλ’
721 1259 800 1312 ὄτι
851 1257 1092 1330 κλέπτης
1135 1255 1228 1331 ἦν,
1275 1261 1370 1315 καὶ
1419 1259 1482 1313 τὸ
1526 1260 1913 1331 γλωσσόκομον

339 1366 474 1419 ειχε.
509 1367 527 1398 ι

419 1440 694 1510 Ἦνείχετο
724 1439 780 1493 δὲ
819 1438 984 1493 αὐτοῦ
1024 1440 1052 1492 6
1087 1439 1294 1511 Κύριος
1325 1439 1682 1506 κλέπτοντος,
1716 1441 1803 1494 ἵνα
1837 1439 1913 1511 μὴ
1944 1467 1952 1474 ·

335 1531 483 1603 εἴπῃ.
519 1531 599 1582 ὅτι
626 1529 723 1583 Διά
753 1530 1048 1600 χρημάτων
1077 1529 1277 1600 ἔρωτα,
1306 1531 1400 1584 καὶ
1424 1530 1626 1584 ἔνδειαν
1652 1531 1914 1602 ἐποιησά-

341 1641 447 1691 μην
481 1621 579 1694 τὴν
621 1621 932 1692 προδοσίαν.
982 1619 1278 1691 Ἰερόσυλος
1311 1617 1379 1692 ἦν
1403 1623 1431 1675 6
1469 1621 1669 1684 Ἰούδας
1690 1661 1706 1687 ,
1735 1624 1805 1674 τὰ
1834 1619 1912 1692 τῷ

335 1713 456 1783 Θεῷ
489 1712 881 1783 ἀνατεθειμένα
910 1714 1168 1782 χρήματα
1199 1712 1466 1766 κλέπτων.

410 1819 428 1852 t
472 1798 642 1854 Εἶπεν
685 1800 779 1854 οὖν
829 1803 858 1854 6
919 1801 1158 1872 Ἰησοῦς·
1212 1803 1386 1870 ’Ἄφες
1448 1802 1641 1872 αύτὴν,
1688 1802 1769 1865 είς
1812 1798 1910 1872 τὴν

335 1891 547 1964 ἡμέραν
575 1890 670 1946 τοῦ
705 1893 1078 1964 ἐνταφιασμοῦ
1113 1910 1214 1964 μου
1249 1895 1554 1966 τετήρηκεν
1590 1893 1741 1948 αὐτό.
1780 1912 1800 1946 ι

407 1986 551 2057 Πρὸς
587 1984 811 2056 ἔλεγχον
839 1984 935 2038 τού
966 1985 1294 2057 άναισθήτου
1343 1985 1514 2039 ’ἰούδα
1537 1985 1784 2057 ἐμνήσθη
1814 1985 1909 2038 τοῦ

335 2077 738 2148 ἐνταφιασμοῦο
770 2078 870 2148 τῆς
891 2077 946 2130 δὲ
979 2078 1240 2144 γυναικὸς
1263 2079 1789 2148 ύπεραπολογεῖται,
1823 2079 1909 2130 ἵνα

339 2171 413 2240 μὴ
474 2169 602 2241 δόξῃ
651 2170 926 2240 προτιμᾷν
973 2169 1166 2222 ἑαυτὸν
1215 2169 1326 2223 τῶν
1380 2169 1636 2240 πτωχῶν.
1701 2167 1906 2234 Εἰπὼν,

340 2262 542 2330 Ἄφες,
591 2263 692 2332 τὴν
735 2259 829 2313 τού
875 2259 1047 2314 Ἰούδα
1087 2261 1377 2332 ὑπόκρισιν
1409 2259 1655 2330 ἐλέγχει,
1688 2260 1756 2314 τά
1785 2259 1910 2324 ἀξια

335 2353 558 2407 ἐπαίνου
611 2352 983 2424 μεμφόμενον.
1046 2351 1268 2422 Ἐπειδὴ
1299 2352 1356 2406 δὲ
1387 2353 1420 2421 ἡ
1467 2352 1562 2404 τοῦ
1604 2351 1778 2422 μύρου
1818 2351 1910 2404 δα-

337 2445 503 2514 πάνη,
537 2445 597 2498 ού
631 2445 720 2499 διὰ
747 2443 958 2516 τρυφὴν
996 2444 1242 2513 ἐγένετο,
1278 2441 1414 2496 ἀλλὰ
1443 2443 1530 2496 διὰ
1569 2443 1762 2513 χρείαν
1803 2459 1908 2508 μυο

337 2535 548 2607 στικὴν,
577 2535 927 2605 ἀπολογεῖται
956 2534 1098 2606 ὑπὲρ
1125 2533 1229 2606 τῆς
1261 2532 1500 2604 Μαρίας,
1527 2533 1574 2585 εἰ
1607 2534 1698 2585 καὶ
1724 2533 1908 2602 ἠγνόει

333 2625 426 2678 τοῦ
460 2609 763 2697 μυστηρίου
803 2626 902 2695 τὴν
931 2625 1184 2694 δύναμιν,
1221 2624 1316 2678 καὶ
1337 2624 1436 2694 τὴν
1463 2622 1792 2692 οἰκονομίαν.
1829 2621 1908 2674 Δι’

333 2710 408 2768 ὧν
451 2715 504 2769 δὲ
536 2712 690 2768 εἶπεν
729 2716 1120 2786 ἐνταφιασμόν,
1169 2713 1521 2786 καταισχύνει
1559 2715 1651 2767 τὸν
1689 2713 1903 2778 Ἰούδαν,

334 2807 416 2859 ὅτι
471 2807 536 2860 δι’
594 2807 1040 2878 αἰσχροκέρδειαν
1088 2807 1282 2878 ἔμελλε
1347 2804 1638 2877 προδοῦναι
1693 2805 1785 2858 τὸν
1829 2805 1907 2858 δι-

333 2898 600 2951 δάσκαλον
610 2938 623 2952 .

411 3007 431 3040 ι
481 2990 716 3044 Ἔλαὸον
741 2989 809 3044 τά
835 2989 964 3062 βαΐα
991 2989 1100 3044 τῶν
1130 2991 1410 3060 φοινίκων,
1447 2993 1542 3046 καὶ
1571 2989 1792 3063 ἐξῆλθον
1827 2990 1906 3053 εἰς
1933 3029 1977 3089 C

334 3081 640 3153 ὑπάντησιν
667 3081 837 3152 αύτῷ,
870 3082 965 3134 καὶ
991 3081 1250 3154 ἔκραζον·
1296 3083 1558 3137 Ὡσαννά.
1600 3101 1619 3134 ι

415 3172 504 3235 Ὠς
538 3172 845 3242 νενικηκότι
865 3171 955 3224 τὸν
994 3170 1224 3226 θάνατον
1247 3171 1566 3242 ὑπήντησαν
1590 3171 1739 3244 αύτῷ
1771 3172 1908 3244 μετὰ

337 3263 526 3334 βαϊων.
568 3264 632 3316 Ἢ
664 3263 828 3317 Δα6“ιδ
858 3263 1163 3334 προφητεία
1208 3261 1296 3316 διὰ
1345 3263 1536 3316 τούτου
1581 3262 1904 3334 πληροῦται.

337 3357 518 3419 Τύπος
562 3356 682 3409 ἐστὶ
717 3354 811 3408 τοῦ
859 3355 1026 3426 νόμου
1054 3353 1122 3408 τά
1159 3353 1309 3426 ἔθνη,
1335 3353 1429 3418 οὓς
1459 3356 1488 3408 6
1518 3355 1724 3428 Κύριος
1749 3355 1908 3420 ὄντας

337 3447 680 3519 ἀκαθάρτους
709 3447 1010 3518 πεποίηκεν
1035 3445 1402 3518 ὑποχειρίους.
1437 3445 1659 3520 [Clum]

406 3538 589 3602 Τύπος
629 3537 684 3590 δέ
729 3539 876 3592 ἐστιν
908 3539 936 3590 6
961 3537 1142 3602 πῶλος
1169 3537 1279 3590 τῶν
1318 3537 1509 3604 ἐθνῶν,
1541 3533 1616 3594 ὧν
1642 3541 1671 3592 6
1699 3540 1906 3610 Κύριος

336 3630 589 3692 καθίσας,
621 3629 814 3697 ἀνάγει
847 3631 926 3693 είς
950 3630 1049 3700 τὴν
1079 3629 1191 3683 ἀνω
1231 3629 1609 3702 Ἰερουσαλὴμ,
1640 3625 1709 3702 ἦς
1737 3631 1908 3695 τύπος

335 3725 368 3792 η
394 3721 657 3789 ἐπίγειος.
688 3722 873 3774 Πῶλον
901 3719 957 3773 δὲ
993 3719 1190 3781 αὐτοὺς
1224 3721 1396 3783 καλεί,
1430 3719 1619 3790 ἐπειδὴ
1657 3720 1905 3790 ἀγύμνα-

337 3830 452 3866 στοι
489 3809 631 3884 ἦσαν
659 3811 754 3882 τῆς
790 3811 910 3865 κατ’
941 3811 1222 3864 εὐσέϐειαν
1251 3810 1509 3874 πίστεως.

413 4011 432 4044 ι
469 3991 654 4045 Ταῦτα
685 3993 740 4045 δὲ
773 3992 872 4045 ούκ
899 3989 1141 4058 ἔγνωσαν
1167 3992 1216 4044 οἱ
1251 3989 1506 4061 μαθηταί.
1541 4009 1560 4041 ι

404 4077 502 4131 Διά
533 4078 690 4131 τοῦτο
717 4079 826 4149 γὰρ
853 4077 1101 4146 ἠγνόουν,
1131 4077 1218 4130 ἵνα
1253 4077 1329 4148 μὴ
1348 4075 1832 4140 σκανδαλισθῶσιν,
1858 4077 1912 4131 εἴ

331 4185 396 4236 γε
431 4169 680 4237 βασιλεὺς
720 4167 796 4221 ὢν
821 4167 1046 4220 τοιαῦτα
1075 4167 1259 4238 μέλλει
1289 4167 1541 4236 πάσχειν,
1569 4167 1664 4221 καὶ
1690 4167 1772 4221 ὅτι
1804 4167 1906 4221 ούκ

329 4260 593 4330 ἠδύναντο
618 4259 780 4323 εὐθὺς
805 4259 1048 4330 χωρῆσαι
1069 4257 1167 4328 τὴν
1192 4257 1392 4326 γνῶσιν
1418 4259 1516 4328 τῆς
1541 4257 1836 4328 βασιλείας.

2013 441 2194 508 sitque
2226 439 2518 494 comedens
2547 447 2600 495 ct
2630 439 2821 494 bibens
2845 479 2860 504 ,
2893 447 2947 494 et
2979 451 3235 495 consueta
3265 441 3491 509 faciens,
3523 443 3600 498 uti

2014 529 2170 601 quasi
2203 529 2628 584 adrnirabumlus
2655 529 2987 600 evangelista
3023 530 3246 586 indicat.

2086 614 2250 669 Vens.
2289 615 2344 670 ι.
2398 635 2418 669 ι
2461 617 2605 671 Dixit
2652 631 2787 688 ergo
2830 633 2972 673 unus
3009 633 3074 674 ex
3127 619 3404 690 discipulis
3447 618 3596 690 eius,

2012 702 2178 760 Jutlas
2215 704 2522 774 lscariotes,
2551 707 2641 776 qui
2671 718 2790 760 erat
2817 723 2942 761 eum
2983 709 3308 765 traditurus.
3348 729 3368 762 ι

2088 793 2454 864 chreheudit
2492 811 2614 850 eam
2650 795 2856 864 ludas,
2884 798 3028 868 quod
3061 810 3400 870 unguentum
3434 802 3596 857 obtu-

2014 884 2191 951 lisset,
2225 894 2279 940 et
2307 901 2413 940 non
2445 885 2735 955 pecuniam
2772 905 2785 942 :
2818 889 3098 944 nesciebat
3126 889 3310 960 utique
3339 893 3470 961 quid
3499 894 3594 948 de-

2015 983 2186 1029 ceret.
2223 973 2418 1028 Muuus
2461 975 2606 1028 enim
2642 974 2788 1044 quod
2841 977 2948 1030 Deo
3001 976 3248 1042 offertur,
3301 979 3597 1048 pretiosius

2012 1080 2133 1119 esse
2161 1065 2340 1130 debet,
2376 1080 2538 1135 quam
2568 1067 2710 1136 quod
2743 1067 3070 1134 pauperibus
3101 1077 3379 1138 erogatur.

2091 1155 2256 1212 Vsus.
2299 1158 2353 1212 6.
2399 1177 2418 1210 ι
2459 1158 2607 1212 Dixit
2643 1171 2825 1213 autem
2853 1159 2980 1226 hoc,
3015 1177 3119 1214 non
3155 1163 3280 1230 quia
3315 1163 3379 1217 tle
3413 1164 3594 1232 egenis

2014 1249 2321 1320 pertinebat
2370 1249 2436 1303 ad
2478 1265 2626 1314 eum,
2678 1251 2770 1305 sed
2815 1251 2943 1319 quia
2994 1249 3081 1305 fur
3123 1263 3262 1316 erat,
3303 1264 3356 1307 et
3387 1255 3594 1308 loculos

2016 1341 2248 1396 habens.
2295 1361 2314 1393 ι

2083 1429 2218 1485 Eum
2255 1432 2415 1486 etiam
2443 1431 2614 1486 iurent
2645 1433 2996 1488 exsistentem
3032 1431 3291 1490 Dominus
3323 1435 3590 1503 toleravit,

2013 1539 2080 1578 ne
2122 1539 2180 1578 se
2209 1524 2513 1578 divitiarum
2561 1525 2891 1595 cupiditate,
2933 1527 3016 1580 vel
3049 1542 3158 1595 prae
3203 1537 3441 1598 egestate
3467 1544 3593 1597 pro-

2013 1613 2272 1668 ditionem
2303 1614 2602 1670 adornasse
2633 1616 2857 1672 diceret.
2911 1614 3222 1688 Sacrilegus
3258 1620 3436 1688 itaque
3473 1630 3593 1674 erat

1943 1693 1984 1747 Β
2016 1703 2204 1770 Judas,
2239 1716 2296 1758 ut
2324 1707 2413 1774 qui
2447 1722 2532 1759 res
2568 1706 2674 1762 Dco
2704 1705 2915 1762 oblatas
2946 1709 3252 1762 furabutur.

2083 1795 2249 1852 Vens.
2293 1799 2345 1853 7.
2383 1816 2402 1850 ι
2449 1797 2588 1852 Dixit
2627 1814 2754 1868 ergo
2785 1798 2943 1854 Jcsus
2977 1819 2992 1854 :
3032 1801 3205 1855 Sinite
3239 1801 3406 1865 illam,
3443 1812 3494 1856 ιιι
3536 1803 3589 1857 in

2011 1891 2153 1947 diem
2187 1892 2483 1963 sepulturae
2515 1909 2646 1947 mea!
2673 1904 2852 1948 servet
2885 1893 3038 1948 illud.
3079 1913 3099 1946 ι

2083 1985 2165 2040 Ad
2217 1985 2546 2040 insensatum
2597 1986 2746 2040 illum
2811 1983 3008 2039 Judam
3067 1984 3588 2054 reprehendendum,

2009 2077 2302 2146 sepulturae
2332 2077 2663 2131 mentionem
2717 2077 2846 2132 fecit
2875 2094 2890 2131 :
2929 2077 3212 2132 mulierem
3242 2093 3372 2132 vero
3406 2078 3593 2132 defoo~

2009 2169 2124 2235 dit,
2156 2185 2224 2224 ne
2268 2183 2328 2224 se
2361 2170 2694 2238 pauperibus
2724 2169 2982 2238 praeferre
3018 2169 3311 2224 videretur.
3347 2170 3588 2236 Dimitte,

2011 2260 2202 2330 inquit,
2235 2257 2388 2314 Juda:
2417 2259 2816 2315 simulationem
2849 2261 3160 2330 increpans,
3197 2271 3256 2314 ttt
3299 2263 3388 2330 qui
3429 2262 3588 2332 digna

2010 2349 2166 2405 laude
2212 2351 2590 2420 reprehendat.
2646 2349 2781 2404 Cum
2832 2365 2962 2405 vero
3007 2351 3265 2422 unguenti
3305 2351 3498 2407 effusio
3535 2362 3592 2408 ct

2007 2457 2292 2512 expensas,
2339 2458 2446 2497 non
2496 2443 2808 2497 deliciarum
2860 2457 3030 2498 causa
3069 2441 3208 2497 facta
3246 2452 3464 2508 essent,
3495 2444 3588 2498 sed

2007 2544 2230 2606 pr0pter
2268 2550 2425 2589 usum
2474 2533 2750 2606 mysterii,
2801 2533 3026 2589 Mariam
3070 2544 3325 2599 excusat,
3373 2535 3587 2589 tametsi

2009 2625 2114 2680 vim
2150 2625 2425 2697 mysterii,
2469 2641 2534 2680 ac
2572 2625 3032 2695 dispensationem
3068 2625 3428 2694 ignorantem.
3483 2625 3588 2682 Se-

2008 2716 2236 2786 pulturte
2269 2725 2451 2771 autem
2499 2717 2828 2771 mentionem
2861 2715 3107 2772 faciendo
3135 2714 3323 2771 Judum
3358 2717 3590 2772 confun-

2007 2807 2117 2873 dit,
2151 2808 2294 2877 qnod
2341 2807 2602 2862 nimirum
2651 2807 2826 2878 turpis
2873 2807 3012 2864 lucri
3049 2811 3224 2879 gratia
3265 2811 3586 2879 magistrum

2007 2905 2152 2951 esset
2188 2897 2524 2964 proditurus.

2087 2987 2246 3042 Vens.
2296 2987 2381 3042 15.
2443 3006 2462 3040 ι
2495 2989 2834 3058 Acceperunt
2900 3004 3087 3044 ramos
3141 2989 3481 3060 palmarum,
3533 2999 3586 3044 et

2010 3087 2391 3148 processerunt
2423 3079 2638 3133 obviam
2671 3080 2740 3145 ei,
2777 3089 2832 3134 et
2863 3079 3168 3136 clamabant
3199 3099 3213 3136 :
3245 3080 3525 3137 Hosanna.
3565 3102 3584 3134 ι

2075 3167 2146 3224 Ut
2173 3170 2362 3224 mortis
2393 3170 2586 3224 victori
2631 3179 3022 3238 processerunt
3069 3171 3286 3226 obviam
3334 3173 3408 3236 ei,
3463 3188 3588 3228 cum

2011 3261 2175 3316 ramis
2205 3259 2528 3331 palmarum.
2594 3260 2688 3316 Sic
2745 3262 2963 3318 Davidis
2996 3263 3274 3333 prophetia
3315 3263 3586 3332 impletur.

2009 3349 2188 3422 Typus
2219 3351 2350 3422 legis
2383 3359 2570 3422 gentes
2617 3368 2753 3422 quos
2799 3353 3060 3410 Dominus
3110 3369 3174 3407 ex
3233 3353 3569 3409 infidelitatis

2010 3443 2347 3498 immunditia
2379 3443 2431 3498 in
2463 3442 2726 3500 ditionem
2761 3461 2912 3500 suam
2937 3443 3179 3500 adduxit.

2077 3532 2264 3589 Pullus
2298 3545 2474 3590 autem
2507 3537 2675 3608 figura
2707 3546 2790 3592 est
2815 3537 3079 3607 gentium,
3111 3537 3310 3608 quibus
3339 3537 3582 3592 insidens

2012 3625 2298 3689 Dominus,
2349 3625 2568 3681 adducit
2618 3642 2712 3682 eas
2773 3630 2839 3681 ad
2916 3643 3208 3699 supernam
3254 3627 3587 3693 Jerusalem,

2007 3715 2162 3784 cujus
2195 3716 2308 3769 haec
2354 3719 2628 3770 terrestris
2680 3727 2842 3788 typus
2886 3731 3026 3773 erat.
3081 3719 3293 3775 Pullum
3335 3736 3465 3778 vero
3495 3737 3588 3777 eas

2009 3813 2188 3867 vocat,
2219 3804 2360 3872 quod
2404 3805 2471 3860 ad
2518 3807 2774 3875 pietatem
2822 3823 2890 3864 ac
2923 3809 3086 3865 ﬁdem
3137 3811 3377 3868 nondum
3407 3823 3590 3870 essent

2009 3893 2310 3948 informata:

2086 3985 2246 4041 Vens.
2279 3984 2367 4040 16.
2403 4003 2422 4038 ι
2462 3986 2587 4042 Haec
2616 4001 2721 4042 non
2747 3999 3119 4058 cognoverunt
3145 3991 3415 4063 discipuli.
3456 4013 3477 4047 ι

2079 4078 2286 4132 Idcirco
2315 4079 2457 4132 enim
2487 4080 2833 4150 ignorabant,
2858 4067 2929 4136 ne
2956 4081 3483 4151 scandalizarentur,
3515 4085 3584 4150 si,

2011 4183 2104 4222 rex
2156 4184 2278 4224 cum
2313 4179 2492 4237 esset,
2529 4172 2654 4225 talin
2708 4187 2966 4240 passurus
3002 4183 3155 4237 erat,
3206 4184 3261 4230 et
3293 4178 3421 4246 quia
3478 4195 3584 4236 non

2009 4261 2260 4329 poterant
2290 4260 2360 4314 ita
2391 4262 2572 4314 statim
2600 4263 2750 4332 regni
2778 4263 2896 4332 ejus
2922 4266 3292 4334 COgnitionem
3320 4285 3538 4338 capere.

409 4370 428 4403 ι
475 4351 534 4405 '0
557 4351 612 4406 δὲ
653 4351 858 4422 Ἰησοῦς
891 4349 1224 4420 ἀπεκρίνατο
1255 4350 1462 4416 αὐτοῖς,
1491 4349 1698 4418 λέγων·
1746 4351 1901 4424 Ἐλήο

2083 4348 2248 4407 Vens.
2280 4351 2371 4406 25.
2417 4370 2439 4403 ι
2475 4351 2632 4408 Jesus
2679 4363 2858 4408 autem
2892 4357 3170 4423 respondit
3213 4359 3325 4424 eis,
3358 4360 3582 4416 dicens:

332 4441 491 4494 λυθεν
517 4443 549 4512 ή
583 4440 722 4512 ὥρα,
749 4442 836 4496 ἵνα
856 4440 1086 4512 δοξασθῇ
1125 4441 1154 4492 6
1184 4439 1312 4503 Υἱὸς
1337 4439 1430 4492 τοῦ
1461 4438 1774 4510 ἀνθρώπου.
1807 4459 1827 4493 ι

403 4535 514 4587 Καὶ
548 4534 621 4604 μὴ
653 4532 922 4604 χρώμενοι
961 4535 1038 4604 τῷ
1077 4533 1258 4604 νόμῳ,
1291 4532 1563 4586 ἀνέπεσαν
1591 4535 1904 4606 προσκυνή-

333 4643 522 4690 σοντες
565 4627 646 4688 εἰς
691 4625 783 4680 τὸν
831 4627 1018 4696 νόμον,
1060 4625 1134 4689 ὡς
1171 4627 1251 4688 είς
1301 4623 1498 4678 σεπτὸν
1522 4624 1689 4679 τόπον
1724 4625 1814 4680 ὣά
1836 4626 1907 4680 τά

332 4718 603 4788 γενόμενα
635 4717 887 4788 θαύματα
917 4718 1046 4788 περὶ
1090 4717 1377 4771 Ἰουδαίων.
1409 4717 1636 4790 [Clum]

403 4809 574 4874 Δόξαν
604 4811 660 4863 δὲ
687 4809 842 4863 καλεῖ
867 4809 967 4881 τὴν
997 4809 1316 4871 ἀνάστασιν,
1355 4808 1474 4879 μεθ’
1509 4813 1576 4880 ἢν
1605 4813 1634 4864 6
1661 4811 1789 4876 Υἱὸς
1811 4811 1904 4866 τοῦ

333 4899 468 4952 Θεοῦ
514 4898 794 4970 ἐδοξάσθη.
832 4899 1039 4972 Καιρὺς
1082 4895 1236 4964 οὗτος
1275 4899 1368 4954 τοῦ
1425 4901 1730 4972 μεταϐῆναι
1779 4905 1905 4968 τοὺς

335 4990 583 5062 μαθητάς
629 4991 722 5044 ἐπὶ
767 4992 832 5046 τὰ
862 4992 1022 5060 ἔθνη,
1071 4993 1119 5044 εί
1170 4994 1262 5044 κατ.
1293 4993 1433 5048 κατά
1459 4993 1558 5063 τὴν
1589 4993 1763 5066 ἀρχὴν
1807 4996 1906 5050 οὑκ

335 5081 600 5152 ἐποίησαν
631 5081 810 5148 τοῦτο,
836 5083 924 5136 ἵνα
956 5083 1031 5154 μὴ
1057 5082 1521 5137 σκανδαλισθῶσιν
1556 5084 1822 5140 Ἰουδαῖοι.

411 5193 428 5224 ι
476 5174 670 5245 Ἀμὴν,
708 5175 856 5245 ἀμὴν
906 5173 1048 5242 λέγω
1075 5175 1224 5244 ύμῖν,
1257 5175 1354 5228 ἐάν
1400 5175 1474 5246 μὴ
1503 5175 1532 5227 6
1573 5176 1772 5240 κόκκος
1811 5179 1907 5230 τοῦ

339 5264 487 5318 σίτου
516 5265 698 5319 πεσὼν
718 5266 795 5330 είς
819 5266 916 5336 τὴν
938 5266 1042 5334 γῆν
1065 5265 1335 5338 ἀποθάνῃ,
1365 5266 1524 5330 αὐτὸς
1551 5267 1710 5336 μόνος
1735 5267 1908 5338 μένει.

351 5355 476 5411 Ἐάν
503 5355 559 5410 δὲ
585 5356 853 5428 ἀποθάνῃ,
892 5357 1060 5409 πολὺν
1090 5357 1300 5426 καρπὸν
1325 5357 1503 5430 φέρει.
1550 5378 1568 5411 ι

415 5625 440 5666 ρ
467 5614 560 5668 Cr.
594 5613 759 5682 τιμὴν
793 5616 883 5666 καὶ
912 5616 1258 5687 δωροφορίαν.

2013 4443 2168 4498 Venit
2201 4443 2356 4508 hora,
2393 4454 2452 4500 ut
2474 4445 2807 4501 clarificetur
2829 4445 2999 4502 Filius
3023 4447 3279 4503 hominis.
3323 4469 3342 4501 ι

2063 4535 2319 4598 Quamvis
2344 4536 2512 4606 legem
2547 4553 2652 4591 non
2697 4537 3073 4604 observarent,
3114 4539 3164 4592 iu
3218 4540 3388 4609 legem
3422 4550 3481 4596 ut
3530 4543 3583 4597 in

2009 4623 2182 4680 locum
2217 4637 2462 4682 sanctum
2483 4631 2824 4698 procidentes
2847 4631 3210 4686 adoraveruut
3235 4641 3461 4703 prOpter
3484 4635 3587 4686 nti-

2013 4717 2190 4772 racula
2227 4720 2278 4772 in
2319 4718 2533 4776 Judaeos
2562 4721 2726 4776 facta.

2085 4808 2325 4863 Gloriam
2357 4821 2536 4867 autem
2571 4823 2729 4868 vocat
2763 4813 3242 4879 resurrectionem,
3275 4823 3392 4885 post
3421 4829 3584 4884 quam

2011 4899 2182 4956 Filius
2217 4901 2309 4954 Dei
2349 4903 2686 4972 glorificatus
2714 4915 2820 4960 est.
2861 4903 3096 4972 Tempus
3119 4905 3250 4957 illud
3293 4915 3448 4969 erat,
3479 4921 3586 4975 quo

2011 4989 2289 5059 discipulis
2319 4993 2383 5044 ad
2413 5001 2600 5062 gentes
2627 4995 3010 5048 transeundum
3055 5002 3207 5060 erat,
3239 4993 3362 5050 licet
3389 4996 3457 5048 ab
3488 4995 3590 5049 iui-

2015 5081 2092 5134 tio
2123 5082 2170 5135 id
2201 5097 2306 5134 non
2335 5083 2582 5150 fecerint,
2620 5099 2686 5138 ne
2703 5083 2874 5140 Judaei
2905 5085 3426 5140 scandalizarentur.

2087 5173 2251 5228 Vens.
2283 5175 2372 5229 24.
2411 5194 2430 5225 ι
2471 5177 2664 5242 Amen,
2697 5192 2855 5230 amen
2886 5176 3010 5230 dico
3032 5177 3207 5239 vobis,
3233 5177 3334 5230 nisi
3357 5191 3587 5246 granum

2017 5265 2270 5320 frumenti
2303 5267 2501 5322 cadens
2543 5267 2595 5323 in
2621 5277 2844 5334 terram,
2876 5279 3148 5324 mortuum
3185 5267 3383 5333 fuerit,
3415 5269 3589 5337 ipsum

2019 5357 2190 5412 solum
2238 5368 2453 5425 manet;
2487 5363 2532 5413 si
2581 5372 2760 5416 autem
2801 5369 3074 5415 mortuum
3107 5357 3307 5426 fuerit,
3359 5359 3590 5414 multum

2023 5448 2252 5502 fructum
2283 5445 2454 5502 alfcrt.
2487 5467 2506 5500 ι
