  <div class='ocr_page' id='page_1' title='image "/cluster/home/n/w/nwhite01/storage/ocr_20150623/85/mdp.39015032042783/745.png"; bbox 0 0 4038 6148; ppageno 0'>
   <div class='ocr_carea' id='block_1_1' title="bbox 559 263 696 332">
    <p class='ocr_par' dir='ltr' id='par_1_1' title="bbox 559 263 696 332">
     <span class='ocr_line' id='line_1_1' title="bbox 559 263 696 332; baseline 0.022 -3"><span class='ocrx_word' id='word_1_1' title='bbox 559 263 696 332; x_wconf 67' lang='grc'><strong>1475</strong></span> 
     </span>
    </p>
   </div>
   <div class='ocr_carea' id='block_1_2' title="bbox 1670 276 2579 341">
    <p class='ocr_par' dir='ltr' id='par_1_2' title="bbox 1670 276 2579 341">
     <span class='ocr_line' id='line_1_2' title="bbox 1670 276 2579 341; baseline 0.006 -6"><span class='ocrx_word' id='word_1_2' title='bbox 1670 276 1971 336; x_wconf 74' lang='grc' dir='ltr'><strong>ΑΜΜΟΝΙ</strong></span> <span class='ocrx_word' id='word_1_3' title='bbox 1981 279 2006 336; x_wconf 91' lang='grc' dir='ltr'>Ι</span> <span class='ocrx_word' id='word_1_4' title='bbox 2047 279 2579 341; x_wconf 77' lang='lat' dir='ltr'><strong>ALEXANDRINI</strong></span> 
     </span>
    </p>
   </div>
   <div class='ocr_carea' id='block_1_3' title="bbox 3677 283 3799 348">
    <p class='ocr_par' dir='ltr' id='par_1_3' title="bbox 3677 283 3799 348">
     <span class='ocr_line' id='line_1_3' title="bbox 3677 283 3799 348; baseline 0.033 -3"><span class='ocrx_word' id='word_1_5' title='bbox 3677 283 3799 348; x_wconf 57' lang='lat'><strong>1476</strong></span> 
     </span>
    </p>
   </div>
   <div class='ocr_carea' id='block_1_4' title="bbox 626 382 2119 462">
    <p class='ocr_par' dir='ltr' id='par_1_4' title="bbox 626 382 2119 442">
     <span class='ocr_line' id='line_1_4' title="bbox 626 382 2119 442; baseline 0.003 -6"><span class='ocrx_word' id='word_1_6' title='bbox 626 383 704 437; x_wconf 86' lang='lat' dir='ltr'><strong>Ne</strong></span> <span class='ocrx_word' id='word_1_7' title='bbox 735 382 1023 439; x_wconf 84' lang='lat' dir='ltr'><strong>turbemini</strong></span> <span class='ocrx_word' id='word_1_8' title='bbox 1044 400 1169 441; x_wconf 89' lang='lat' dir='ltr'><strong>cum</strong></span> <span class='ocrx_word' id='word_1_9' title='bbox 1197 385 1434 439; x_wconf 87' lang='lat' dir='ltr'><strong>morior:</strong></span> <span class='ocrx_word' id='word_1_10' title='bbox 1456 393 1584 440; x_wconf 91' lang='lat' dir='ltr'><strong>tunc</strong></span> <span class='ocrx_word' id='word_1_11' title='bbox 1610 385 1753 439; x_wconf 85' lang='lat' dir='ltr'><strong>enim</strong></span> <span class='ocrx_word' id='word_1_12' title='bbox 1781 386 1862 441; x_wconf 87' lang='lat' dir='ltr'><strong>vel</strong></span> <span class='ocrx_word' id='word_1_13' title='bbox 1893 386 2119 442; x_wconf 75' lang='lat' dir='ltr'><strong>maxime</strong></span> 
     </span>
    </p>
   </div>
   <div class='ocr_carea' id='block_1_5' title="bbox 2219 382 3799 462">
    <p class='ocr_par' dir='ltr' id='par_1_5' title="bbox 2300 383 3799 462">
     <span class='ocr_line' id='line_1_5' title="bbox 2300 383 3799 462; baseline 0.004 -21"><span class='ocrx_word' id='word_1_14' title='bbox 2300 388 2390 459; x_wconf 85' lang='grc' dir='ltr'><strong>Μὴ</strong></span> <span class='ocrx_word' id='word_1_15' title='bbox 2442 389 2764 460; x_wconf 74' lang='grc' dir='ltr'>θορυϐεῖσθε</span> <span class='ocrx_word' id='word_1_16' title='bbox 2816 389 2932 444; x_wconf 65' lang='lat' dir='ltr'><strong>an</strong></span> <span class='ocrx_word' id='word_1_17' title='bbox 2984 383 3274 444; x_wconf 70' lang='grc' dir='ltr'>ἀπιθάνω*</span> <span class='ocrx_word' id='word_1_18' title='bbox 3322 390 3448 442; x_wconf 87' lang='grc' dir='ltr'>τότε</span> <span class='ocrx_word' id='word_1_19' title='bbox 3475 387 3583 460; x_wconf 74' lang='grc' dir='ltr'>γὰρ</span> <span class='ocrx_word' id='word_1_20' title='bbox 3611 392 3799 462; x_wconf 78' lang='grc' dir='ltr'>μᾶλλον</span> 
     </span>
    </p>
   </div>
   <div class='ocr_carea' id='block_1_6' title="bbox 554 474 2122 545">
    <p class='ocr_par' dir='ltr' id='par_1_6' title="bbox 554 474 2122 545">
     <span class='ocr_line' id='line_1_6' title="bbox 554 474 2122 545; baseline 0.004 -20"><span class='ocrx_word' id='word_1_21' title='bbox 554 474 865 543; x_wconf 83' lang='lat' dir='ltr'><strong>praedicatio</strong></span> <span class='ocrx_word' id='word_1_22' title='bbox 885 475 1061 544; x_wconf 83' lang='lat' dir='ltr'><strong>capiet</strong></span> <span class='ocrx_word' id='word_1_23' title='bbox 1090 475 1505 539; x_wconf 73' lang='lat' dir='ltr'><strong>incrementum,</strong></span> <span class='ocrx_word' id='word_1_24' title='bbox 1543 484 1599 529; x_wconf 91' lang='lat' dir='ltr'><strong>et</strong></span> <span class='ocrx_word' id='word_1_25' title='bbox 1631 476 1857 545; x_wconf 82' lang='lat' dir='ltr'><strong>gentiles</strong></span> <span class='ocrx_word' id='word_1_26' title='bbox 1880 478 2122 533; x_wconf 86' lang='lat' dir='ltr'><strong>credent.</strong></span> 
     </span>
    </p>
   </div>
   <div class='ocr_carea' id='block_1_7' title="bbox 552 564 2121 633">
    <p class='ocr_par' dir='ltr' id='par_1_7' title="bbox 552 564 2121 633">
     <span class='ocr_line' id='line_1_7' title="bbox 552 564 2121 633; baseline 0.003 -14"><span class='ocrx_word' id='word_1_27' title='bbox 552 564 740 633; x_wconf 85' lang='lat' dir='ltr'><strong>Neque</strong></span> <span class='ocrx_word' id='word_1_28' title='bbox 791 564 1011 619; x_wconf 76' lang='lat' dir='ltr'><strong>diliidite</strong></span> <span class='ocrx_word' id='word_1_29' title='bbox 1045 580 1061 618; x_wconf 90' lang='lat'><strong>:</strong></span> <span class='ocrx_word' id='word_1_30' title='bbox 1096 580 1223 619; x_wconf 86' lang='lat' dir='ltr'><strong>nam</strong></span> <span class='ocrx_word' id='word_1_31' title='bbox 1271 577 1326 620; x_wconf 88' lang='lat' dir='ltr'><strong>et</strong></span> <span class='ocrx_word' id='word_1_32' title='bbox 1380 566 1434 619; x_wconf 91' lang='lat' dir='ltr'><strong>in</strong></span> <span class='ocrx_word' id='word_1_33' title='bbox 1483 564 1755 621; x_wconf 80' lang='lat' dir='ltr'><strong>l‘rmnento</strong></span> <span class='ocrx_word' id='word_1_34' title='bbox 1813 567 1863 621; x_wconf 92' lang='lat' dir='ltr'><strong>id</strong></span> <span class='ocrx_word' id='word_1_35' title='bbox 1902 568 2121 623; x_wconf 88' lang='lat' dir='ltr'><strong>accidit.</strong></span> 
     </span>
    </p>
   </div>
   <div class='ocr_carea' id='block_1_8' title="bbox 551 654 2126 723">
    <p class='ocr_par' dir='ltr' id='par_1_8' title="bbox 551 654 2126 723">
     <span class='ocr_line' id='line_1_8' title="bbox 551 654 2126 723; baseline 0.003 -14"><span class='ocrx_word' id='word_1_36' title='bbox 551 654 688 709; x_wconf 88' lang='lat' dir='ltr'><strong>Cum</strong></span> <span class='ocrx_word' id='word_1_37' title='bbox 732 671 828 723; x_wconf 84' lang='lat' dir='ltr'><strong>per</strong></span> <span class='ocrx_word' id='word_1_38' title='bbox 877 655 1186 723; x_wconf 86' lang='lat' dir='ltr'><strong>passionem</strong></span> <span class='ocrx_word' id='word_1_39' title='bbox 1234 665 1479 711; x_wconf 90' lang='lat' dir='ltr'><strong>mortuus</strong></span> <span class='ocrx_word' id='word_1_40' title='bbox 1525 657 1708 721; x_wconf 82' lang='lat' dir='ltr'><strong>fuero,</strong></span> <span class='ocrx_word' id='word_1_41' title='bbox 1764 659 2126 714; x_wconf 84' lang='lat' dir='ltr'><strong>resnscitatus</strong></span> 
     </span>
    </p>
   </div>
   <div class='ocr_carea' id='block_1_9' title="bbox 555 747 2126 818">
    <p class='ocr_par' dir='ltr' id='par_1_9' title="bbox 555 747 2126 818">
     <span class='ocr_line' id='line_1_9' title="bbox 555 747 2126 818; baseline 0.003 -19"><span class='ocrx_word' id='word_1_42' title='bbox 555 747 743 813; x_wconf 90' lang='lat' dir='ltr'><strong>majori</strong></span> <span class='ocrx_word' id='word_1_43' title='bbox 783 747 952 816; x_wconf 78' lang='lat' dir='ltr'><strong>gloria</strong></span> <span class='ocrx_word' id='word_1_44' title='bbox 1005 761 1319 818; x_wconf 78' lang='lat' dir='ltr'><strong>resurgam;</strong></span> <span class='ocrx_word' id='word_1_45' title='bbox 1356 763 1546 803; x_wconf 82' lang='lat' dir='ltr'><strong>omnes</strong></span> <span class='ocrx_word' id='word_1_46' title='bbox 1590 749 1734 803; x_wconf 90' lang='lat' dir='ltr'><strong>enim</strong></span> <span class='ocrx_word' id='word_1_47' title='bbox 1786 751 1837 808; x_wconf 90' lang='lat' dir='ltr'><strong>in</strong></span> <span class='ocrx_word' id='word_1_48' title='bbox 1890 765 1977 806; x_wconf 88' lang='lat' dir='ltr'><strong>me</strong></span> <span class='ocrx_word' id='word_1_49' title='bbox 2007 760 2126 805; x_wconf 86' lang='lat' dir='ltr'><strong>tan-</strong></span> 
     </span>
    </p>
   </div>
   <div class='ocr_carea' id='block_1_10' title="bbox 552 837 1388 907">
    <p class='ocr_par' dir='ltr' id='par_1_10' title="bbox 552 837 1388 907">
     <span class='ocr_line' id='line_1_10' title="bbox 552 837 1388 907; baseline 0.006 -18"><span class='ocrx_word' id='word_1_50' title='bbox 552 853 715 907; x_wconf 90' lang='lat' dir='ltr'><strong>quam</strong></span> <span class='ocrx_word' id='word_1_51' title='bbox 748 837 913 891; x_wconf 88' lang='lat' dir='ltr'><strong>Deum</strong></span> <span class='ocrx_word' id='word_1_52' title='bbox 951 840 1210 893; x_wconf 75' lang='lat' dir='ltr'><strong>credituri</strong></span> <span class='ocrx_word' id='word_1_53' title='bbox 1242 849 1388 894; x_wconf 90' lang='lat' dir='ltr'><strong>sunt.</strong></span> 
     </span>
    </p>
   </div>
   <div class='ocr_carea' id='block_1_11' title="bbox 618 926 2124 999">
    <p class='ocr_par' dir='ltr' id='par_1_11' title="bbox 618 926 2124 999">
     <span class='ocr_line' id='line_1_11' title="bbox 618 926 2124 999; baseline 0 -18"><span class='ocrx_word' id='word_1_54' title='bbox 618 926 782 981; x_wconf 70' lang='lat' dir='ltr'><strong>Vens.</strong></span> <span class='ocrx_word' id='word_1_55' title='bbox 822 926 911 980; x_wconf 72' lang='lat'><strong>25.</strong></span> <span class='ocrx_word' id='word_1_56' title='bbox 976 945 999 980; x_wconf 75' lang='grc' dir='ltr'><strong>ι</strong></span> <span class='ocrx_word' id='word_1_57' title='bbox 1043 928 1146 994; x_wconf 92' lang='lat' dir='ltr'><strong>Qui</strong></span> <span class='ocrx_word' id='word_1_58' title='bbox 1199 938 1346 981; x_wconf 89' lang='lat' dir='ltr'><strong>amat</strong></span> <span class='ocrx_word' id='word_1_59' title='bbox 1395 929 1631 983; x_wconf 88' lang='lat' dir='ltr'><strong>animam</strong></span> <span class='ocrx_word' id='word_1_60' title='bbox 1684 944 1877 993; x_wconf 88' lang='lat' dir='ltr'><strong>suam,</strong></span> <span class='ocrx_word' id='word_1_61' title='bbox 1933 929 2124 999; x_wconf 85' lang='lat' dir='ltr'><strong>perdet</strong></span> 
     </span>
    </p>
   </div>
   <div class='ocr_carea' id='block_1_12' title="bbox 547 1018 2122 1087">
    <p class='ocr_par' dir='ltr' id='par_1_12' title="bbox 547 1018 2122 1087">
     <span class='ocr_line' id='line_1_12' title="bbox 547 1018 2122 1087; baseline -0.001 -14"><span class='ocrx_word' id='word_1_62' title='bbox 547 1033 666 1073; x_wconf 86' lang='lat' dir='ltr'><strong>eam</strong></span> <span class='ocrx_word' id='word_1_63' title='bbox 703 1035 715 1071; x_wconf 94' lang='lat'>:</span> <span class='ocrx_word' id='word_1_64' title='bbox 747 1027 798 1071; x_wconf 87' lang='lat' dir='ltr'><strong>et</strong></span> <span class='ocrx_word' id='word_1_65' title='bbox 825 1018 914 1087; x_wconf 87' lang='lat' dir='ltr'><strong>qui</strong></span> <span class='ocrx_word' id='word_1_66' title='bbox 949 1018 1062 1072; x_wconf 91' lang='lat' dir='ltr'><strong>odit</strong></span> <span class='ocrx_word' id='word_1_67' title='bbox 1095 1020 1332 1072; x_wconf 90' lang='lat' dir='ltr'><strong>animam</strong></span> <span class='ocrx_word' id='word_1_68' title='bbox 1364 1035 1517 1073; x_wconf 87' lang='lat' dir='ltr'><strong>suam</strong></span> <span class='ocrx_word' id='word_1_69' title='bbox 1554 1021 1607 1075; x_wconf 92' lang='lat' dir='ltr'><strong>in</strong></span> <span class='ocrx_word' id='word_1_70' title='bbox 1641 1023 1743 1076; x_wconf 90' lang='lat' dir='ltr'><strong>hoc</strong></span> <span class='ocrx_word' id='word_1_71' title='bbox 1783 1021 2020 1086; x_wconf 90' lang='lat' dir='ltr'><strong>mundo,</strong></span> <span class='ocrx_word' id='word_1_72' title='bbox 2069 1020 2122 1073; x_wconf 92' lang='lat' dir='ltr'><strong>in</strong></span> 
     </span>
    </p>
   </div>
   <div class='ocr_carea' id='block_1_13' title="bbox 549 1111 1487 1167">
    <p class='ocr_par' dir='ltr' id='par_1_13' title="bbox 549 1111 1487 1167">
     <span class='ocr_line' id='line_1_13' title="bbox 549 1111 1487 1167; baseline 0.001 -5"><span class='ocrx_word' id='word_1_73' title='bbox 549 1112 710 1164; x_wconf 85' lang='lat' dir='ltr'><strong>vitam</strong></span> <span class='ocrx_word' id='word_1_74' title='bbox 738 1120 993 1165; x_wconf 61' lang='lat' dir='ltr'><strong>aeternam</strong></span> <span class='ocrx_word' id='word_1_75' title='bbox 1024 1111 1260 1165; x_wconf 85' lang='lat' dir='ltr'><strong>custodit</strong></span> <span class='ocrx_word' id='word_1_76' title='bbox 1287 1127 1429 1167; x_wconf 88' lang='lat' dir='ltr'><strong>eam.</strong></span> <span class='ocrx_word' id='word_1_77' title='bbox 1468 1132 1487 1163; x_wconf 74' lang='grc' dir='ltr'><strong>ι</strong></span> 
     </span>
    </p>
   </div>
   <div class='ocr_carea' id='block_1_14' title="bbox 618 1200 2121 1273">
    <p class='ocr_par' dir='ltr' id='par_1_14' title="bbox 618 1200 2121 1273">
     <span class='ocr_line' id='line_1_14' title="bbox 618 1200 2121 1273; baseline 0 -16"><span class='ocrx_word' id='word_1_78' title='bbox 618 1204 745 1257; x_wconf 74' lang='lat' dir='ltr'><strong>Haec</strong></span> <span class='ocrx_word' id='word_1_79' title='bbox 786 1204 919 1256; x_wconf 82' lang='lat' dir='ltr'><strong>dixit</strong></span> <span class='ocrx_word' id='word_1_80' title='bbox 961 1200 1244 1267; x_wconf 87' lang='lat' dir='ltr'><strong>Dominus,</strong></span> <span class='ocrx_word' id='word_1_81' title='bbox 1280 1219 1387 1257; x_wconf 91' lang='lat' dir='ltr'><strong>non</strong></span> <span class='ocrx_word' id='word_1_82' title='bbox 1420 1202 1577 1273; x_wconf 89' lang='lat' dir='ltr'><strong>quasi</strong></span> <span class='ocrx_word' id='word_1_83' title='bbox 1612 1202 1791 1256; x_wconf 86' lang='lat' dir='ltr'><strong>anima</strong></span> <span class='ocrx_word' id='word_1_84' title='bbox 1824 1202 2121 1273; x_wconf 75' lang='lat' dir='ltr'><strong>quidquam</strong></span> 
     </span>
    </p>
   </div>
   <div class='ocr_carea' id='block_1_15' title="bbox 547 1294 2127 1365">
    <p class='ocr_par' dir='ltr' id='par_1_15' title="bbox 547 1294 2127 1365">
     <span class='ocr_line' id='line_1_15' title="bbox 547 1294 2127 1365; baseline 0 -18"><span class='ocrx_word' id='word_1_85' title='bbox 547 1294 672 1349; x_wconf 89' lang='lat' dir='ltr'><strong>inde</strong></span> <span class='ocrx_word' id='word_1_86' title='bbox 705 1294 943 1365; x_wconf 85' lang='lat' dir='ltr'><strong>patiatur</strong></span> <span class='ocrx_word' id='word_1_87' title='bbox 979 1312 992 1347; x_wconf 90' lang='lat'><strong>:</strong></span> <span class='ocrx_word' id='word_1_88' title='bbox 1028 1294 1122 1349; x_wconf 87' lang='lat' dir='ltr'><strong>sed</strong></span> <span class='ocrx_word' id='word_1_89' title='bbox 1154 1310 1398 1349; x_wconf 88' lang='lat' dir='ltr'><strong>amorem</strong></span> <span class='ocrx_word' id='word_1_90' title='bbox 1436 1303 1596 1349; x_wconf 88' lang='lat' dir='ltr'><strong>vocat</strong></span> <span class='ocrx_word' id='word_1_91' title='bbox 1621 1295 1848 1361; x_wconf 66' lang='lat' dir='ltr'><strong>animm,</strong></span> <span class='ocrx_word' id='word_1_92' title='bbox 1882 1294 2017 1348; x_wconf 86' lang='lat' dir='ltr'><strong>velle</strong></span> <span class='ocrx_word' id='word_1_93' title='bbox 2047 1294 2127 1347; x_wconf 80' lang='lat' dir='ltr'><strong>vi-</strong></span> 
     </span>
    </p>
   </div>
   <div class='ocr_carea' id='block_1_16' title="bbox 546 1388 2121 1459">
    <p class='ocr_par' dir='ltr' id='par_1_16' title="bbox 546 1388 2121 1459">
     <span class='ocr_line' id='line_1_16' title="bbox 546 1388 2121 1459; baseline 0.001 -17"><span class='ocrx_word' id='word_1_94' title='bbox 546 1388 662 1442; x_wconf 89' lang='lat' dir='ltr'><strong>deri</strong></span> <span class='ocrx_word' id='word_1_95' title='bbox 694 1400 811 1442; x_wconf 88' lang='lat' dir='ltr'><strong>eam</strong></span> <span class='ocrx_word' id='word_1_96' title='bbox 862 1388 1128 1453; x_wconf 89' lang='lat' dir='ltr'><strong>retinere,</strong></span> <span class='ocrx_word' id='word_1_97' title='bbox 1163 1402 1263 1443; x_wconf 79' lang='lat' dir='ltr'><strong>nec</strong></span> <span class='ocrx_word' id='word_1_98' title='bbox 1299 1404 1498 1457; x_wconf 86' lang='lat' dir='ltr'><strong>corpus</strong></span> <span class='ocrx_word' id='word_1_99' title='bbox 1530 1390 1789 1459; x_wconf 83' lang='lat' dir='ltr'><strong>periculis</strong></span> <span class='ocrx_word' id='word_1_100' title='bbox 1830 1403 2121 1459; x_wconf 79' lang='lat' dir='ltr'><strong>exponere.</strong></span> 
     </span>
    </p>
   </div>
   <div class='ocr_carea' id='block_1_17' title="bbox 546 1479 2120 1551">
    <p class='ocr_par' dir='ltr' id='par_1_17' title="bbox 546 1479 2120 1551">
     <span class='ocr_line' id='line_1_17' title="bbox 546 1479 2120 1551; baseline -0.001 -18"><span class='ocrx_word' id='word_1_101' title='bbox 546 1479 640 1533; x_wconf 82' lang='lat' dir='ltr'><strong>lile</strong></span> <span class='ocrx_word' id='word_1_102' title='bbox 679 1480 859 1548; x_wconf 78' lang='lat' dir='ltr'><strong>itaque</strong></span> <span class='ocrx_word' id='word_1_103' title='bbox 902 1480 989 1548; x_wconf 91' lang='lat' dir='ltr'><strong>qui</strong></span> <span class='ocrx_word' id='word_1_104' title='bbox 1026 1487 1173 1533; x_wconf 82' lang='lat' dir='ltr'><strong>amat</strong></span> <span class='ocrx_word' id='word_1_105' title='bbox 1203 1480 1438 1533; x_wconf 89' lang='lat' dir='ltr'><strong>animam</strong></span> <span class='ocrx_word' id='word_1_106' title='bbox 1472 1496 1645 1547; x_wconf 88' lang='lat' dir='ltr'><strong>suam,</strong></span> <span class='ocrx_word' id='word_1_107' title='bbox 1676 1491 1731 1536; x_wconf 92' lang='lat' dir='ltr'><strong>et</strong></span> <span class='ocrx_word' id='word_1_108' title='bbox 1765 1482 1941 1551; x_wconf 84' lang='lat' dir='ltr'><strong>perdit</strong></span> <span class='ocrx_word' id='word_1_109' title='bbox 1979 1495 2120 1543; x_wconf 88' lang='lat' dir='ltr'><strong>eam,</strong></span> 
     </span>
    </p>
   </div>
   <div class='ocr_carea' id='block_1_18' title="bbox 546 1568 2124 1642">
    <p class='ocr_par' dir='ltr' id='par_1_18' title="bbox 546 1568 2124 1642">
     <span class='ocr_line' id='line_1_18' title="bbox 546 1568 2124 1642; baseline 0.002 -20"><span class='ocrx_word' id='word_1_110' title='bbox 546 1581 629 1623; x_wconf 80' lang='lat' dir='ltr'><strong>cst</strong></span> <span class='ocrx_word' id='word_1_111' title='bbox 670 1571 714 1623; x_wconf 92' lang='lat' dir='ltr'><strong>is</strong></span> <span class='ocrx_word' id='word_1_112' title='bbox 747 1571 838 1638; x_wconf 89' lang='lat' dir='ltr'><strong>qui</strong></span> <span class='ocrx_word' id='word_1_113' title='bbox 880 1570 1133 1624; x_wconf 84' lang='lat' dir='ltr'><strong>absurdis</strong></span> <span class='ocrx_word' id='word_1_114' title='bbox 1166 1570 1281 1637; x_wconf 82' lang='lat' dir='ltr'><strong>ejus</strong></span> <span class='ocrx_word' id='word_1_115' title='bbox 1317 1571 1556 1642; x_wconf 81' lang='lat' dir='ltr'><strong>indulget</strong></span> <span class='ocrx_word' id='word_1_116' title='bbox 1586 1571 1986 1641; x_wconf 81' lang='lat' dir='ltr'><strong>cupiditatibus.</strong></span> <span class='ocrx_word' id='word_1_117' title='bbox 2022 1568 2124 1635; x_wconf 88' lang='lat' dir='ltr'><strong>Qui</strong></span> 
     </span>
    </p>
   </div>
   <div class='ocr_carea' id='block_1_19' title="bbox 2226 477 3796 551">
    <p class='ocr_par' dir='ltr' id='par_1_19' title="bbox 2226 477 3796 551">
     <span class='ocr_line' id='line_1_19' title="bbox 2226 477 3796 551; baseline 0.004 -21"><span class='ocrx_word' id='word_1_118' title='bbox 2226 477 2382 543; x_wconf 75' lang='grc' dir='ltr'>αὔξει</span> <span class='ocrx_word' id='word_1_119' title='bbox 2408 480 2475 549; x_wconf 41' lang='grc' dir='ltr'><strong>τὸ,</strong></span> <span class='ocrx_word' id='word_1_120' title='bbox 2504 480 2790 551; x_wconf 84' lang='grc' dir='ltr'>κήρυγμα,</span> <span class='ocrx_word' id='word_1_121' title='bbox 2823 479 2921 533; x_wconf 77' lang='grc' dir='ltr'>καὶ</span> <span class='ocrx_word' id='word_1_122' title='bbox 2942 482 2990 533; x_wconf 78' lang='grc' dir='ltr'>οἱ</span> <span class='ocrx_word' id='word_1_123' title='bbox 3014 481 3073 545; x_wconf 75' lang='grc' dir='ltr'>ἐξ</span> <span class='ocrx_word' id='word_1_124' title='bbox 3102 480 3272 535; x_wconf 81' lang='grc' dir='ltr'>ἐθνῶν</span> <span class='ocrx_word' id='word_1_125' title='bbox 3302 480 3680 537; x_wconf 72' lang='grc' dir='ltr'>πιστεύσουσι.</span> <span class='ocrx_word' id='word_1_126' title='bbox 3701 486 3796 540; x_wconf 71' lang='grc' dir='ltr'><strong>Καὶ</strong></span> 
     </span>
    </p>
   </div>
   <div class='ocr_carea' id='block_1_20' title="bbox 2230 571 3794 645">
    <p class='ocr_par' dir='ltr' id='par_1_20' title="bbox 2230 571 3794 645">
     <span class='ocr_line' id='line_1_20' title="bbox 2230 571 3794 645; baseline 0.003 -20"><span class='ocrx_word' id='word_1_127' title='bbox 2230 572 2305 643; x_wconf 85' lang='grc' dir='ltr'>μὴ</span> <span class='ocrx_word' id='word_1_128' title='bbox 2330 573 2642 626; x_wconf 82' lang='grc' dir='ltr'>άπιστεῖτε’</span> <span class='ocrx_word' id='word_1_129' title='bbox 2675 574 2767 626; x_wconf 75' lang='grc' dir='ltr'>καὶ</span> <span class='ocrx_word' id='word_1_130' title='bbox 2798 573 2906 645; x_wconf 83' lang='grc' dir='ltr'><strong>γάρ</strong></span> <span class='ocrx_word' id='word_1_131' title='bbox 2949 575 3048 626; x_wconf 70' lang='grc' dir='ltr'><strong>καὶ</strong></span> <span class='ocrx_word' id='word_1_132' title='bbox 3068 582 3090 612; x_wconf 74' lang='grc' dir='ltr'><em>τ</em></span> <span class='ocrx_word' id='word_1_133' title='bbox 3133 575 3192 627; x_wconf 88' lang='grc' dir='ltr'><strong>ἐν</strong></span> <span class='ocrx_word' id='word_1_134' title='bbox 3220 572 3298 644; x_wconf 81' lang='grc' dir='ltr'>τῷ</span> <span class='ocrx_word' id='word_1_135' title='bbox 3327 571 3462 643; x_wconf 85' lang='grc' dir='ltr'>σίτῳ</span> <span class='ocrx_word' id='word_1_136' title='bbox 3488 572 3649 627; x_wconf 77' lang='grc' dir='ltr'>τοῦτο</span> <span class='ocrx_word' id='word_1_137' title='bbox 3671 585 3691 614; x_wconf 74' lang='grc'><strong><em>’</em></strong></span> <span class='ocrx_word' id='word_1_138' title='bbox 3722 576 3794 645; x_wconf 86' lang='grc' dir='ltr'>γί-</span> 
     </span>
    </p>
   </div>
   <div class='ocr_carea' id='block_1_21' title="bbox 2227 665 3793 736">
    <p class='ocr_par' dir='ltr' id='par_1_21' title="bbox 2227 665 3793 736">
     <span class='ocr_line' id='line_1_21' title="bbox 2227 665 3793 736; baseline 0.003 -18"><span class='ocrx_word' id='word_1_139' title='bbox 2227 683 2398 721; x_wconf 83' lang='grc' dir='ltr'>νεται.</span> <span class='ocrx_word' id='word_1_140' title='bbox 2441 666 2607 719; x_wconf 86' lang='grc' dir='ltr'>Ὅταν</span> <span class='ocrx_word' id='word_1_141' title='bbox 2646 665 2839 720; x_wconf 88' lang='grc' dir='ltr'>παθὼν</span> <span class='ocrx_word' id='word_1_142' title='bbox 2883 667 3177 732; x_wconf 80' lang='grc' dir='ltr'>ἀποθάνω,</span> <span class='ocrx_word' id='word_1_143' title='bbox 3217 666 3585 736; x_wconf 80' lang='grc' dir='ltr'><strong>ἀνιστάμενος</strong></span> <span class='ocrx_word' id='word_1_144' title='bbox 3614 668 3633 704; x_wconf 68' lang='grc' dir='ltr'>ι</span> <span class='ocrx_word' id='word_1_145' title='bbox 3676 671 3793 735; x_wconf 71' lang='grc' dir='ltr'>μετὰ</span> 
     </span>
    </p>
   </div>
   <div class='ocr_carea' id='block_1_22' title="bbox 2225 756 3794 829">
    <p class='ocr_par' dir='ltr' id='par_1_22' title="bbox 2225 756 3794 829">
     <span class='ocr_line' id='line_1_22' title="bbox 2225 756 3794 829; baseline 0.003 -21"><span class='ocrx_word' id='word_1_146' title='bbox 2225 756 2475 821; x_wconf 86' lang='grc' dir='ltr'>πλείονος</span> <span class='ocrx_word' id='word_1_147' title='bbox 2517 757 2678 828; x_wconf 71' lang='grc' dir='ltr'>δόξης</span> <span class='ocrx_word' id='word_1_148' title='bbox 2725 756 3030 827; x_wconf 82' lang='grc' dir='ltr'>ἐγεροῦμαι</span> <span class='ocrx_word' id='word_1_149' title='bbox 3073 765 3135 795; x_wconf 71' lang='grc' dir='ltr'><strong>ιε’</strong></span> <span class='ocrx_word' id='word_1_150' title='bbox 3174 758 3431 829; x_wconf 82' lang='grc' dir='ltr'>μέλλουσι</span> <span class='ocrx_word' id='word_1_151' title='bbox 3460 759 3574 829; x_wconf 81' lang='grc' dir='ltr'><strong>γάρ</strong></span> <span class='ocrx_word' id='word_1_152' title='bbox 3615 761 3794 824; x_wconf 78' lang='grc' dir='ltr'>πάντες</span> 
     </span>
    </p>
   </div>
   <div class='ocr_carea' id='block_1_23' title="bbox 2225 848 3028 919">
    <p class='ocr_par' dir='ltr' id='par_1_23' title="bbox 2225 848 3028 919">
     <span class='ocr_line' id='line_1_23' title="bbox 2225 848 3028 919; baseline 0.001 -17"><span class='ocrx_word' id='word_1_153' title='bbox 2225 848 2506 903; x_wconf 77' lang='grc' dir='ltr'><strong>πιστεύειν</strong></span> <span class='ocrx_word' id='word_1_154' title='bbox 2535 853 2614 912; x_wconf 82' lang='grc' dir='ltr'><strong>είς</strong></span> <span class='ocrx_word' id='word_1_155' title='bbox 2645 851 2744 919; x_wconf 80' lang='grc' dir='ltr'><strong>ἐμὲ</strong></span> <span class='ocrx_word' id='word_1_156' title='bbox 2772 850 2848 912; x_wconf 84' lang='grc' dir='ltr'>ὡς</span> <span class='ocrx_word' id='word_1_157' title='bbox 2873 850 3028 905; x_wconf 83' lang='grc' dir='ltr'>Θεὸν.</span> 
     </span>
    </p>
   </div>
   <div class='ocr_carea' id='block_1_24' title="bbox 2301 937 3790 1013">
    <p class='ocr_par' dir='ltr' id='par_1_24' title="bbox 2301 937 3790 1013">
     <span class='ocr_line' id='line_1_24' title="bbox 2301 937 3790 1013; baseline 0.003 -24"><span class='ocrx_word' id='word_1_158' title='bbox 2301 956 2320 988; x_wconf 77' lang='grc' dir='ltr'><strong>ι</strong></span> <span class='ocrx_word' id='word_1_159' title='bbox 2373 938 2432 990; x_wconf 87' lang='lat'><strong>&#39;0</strong></span> <span class='ocrx_word' id='word_1_160' title='bbox 2464 937 2635 1008; x_wconf 79' lang='grc' dir='ltr'>φιλῶν</span> <span class='ocrx_word' id='word_1_161' title='bbox 2666 937 2764 1009; x_wconf 85' lang='grc' dir='ltr'>τὴν</span> <span class='ocrx_word' id='word_1_162' title='bbox 2807 937 2989 1008; x_wconf 75' lang='grc' dir='ltr'>ψυχὴν</span> <span class='ocrx_word' id='word_1_163' title='bbox 3034 937 3233 1005; x_wconf 80' lang='grc' dir='ltr'>αὑτοῦ,</span> <span class='ocrx_word' id='word_1_164' title='bbox 3286 938 3546 992; x_wconf 81' lang='grc' dir='ltr'><strong>ἀπολέσει</strong></span> <span class='ocrx_word' id='word_1_165' title='bbox 3603 940 3790 1013; x_wconf 72' lang='grc' dir='ltr'>αὐτὴν·</span> 
     </span>
    </p>
   </div>
   <div class='ocr_carea' id='block_1_25' title="bbox 2226 1028 3790 1103">
    <p class='ocr_par' dir='ltr' id='par_1_25' title="bbox 2226 1028 3790 1103">
     <span class='ocr_line' id='line_1_25' title="bbox 2226 1028 3790 1103; baseline 0.003 -21"><span class='ocrx_word' id='word_1_166' title='bbox 2226 1028 2321 1082; x_wconf 77' lang='grc' dir='ltr'><strong>καὶ</strong></span> <span class='ocrx_word' id='word_1_167' title='bbox 2358 1031 2386 1081; x_wconf 93' lang='lat'><strong>6</strong></span> <span class='ocrx_word' id='word_1_168' title='bbox 2419 1029 2594 1099; x_wconf 84' lang='grc' dir='ltr'>μισῶν</span> <span class='ocrx_word' id='word_1_169' title='bbox 2634 1030 2733 1100; x_wconf 77' lang='grc' dir='ltr'>τὴν</span> <span class='ocrx_word' id='word_1_170' title='bbox 2768 1030 2949 1100; x_wconf 76' lang='grc' dir='ltr'>ψυχὴν</span> <span class='ocrx_word' id='word_1_171' title='bbox 2980 1031 3148 1084; x_wconf 81' lang='grc' dir='ltr'>αὑτοῦ</span> <span class='ocrx_word' id='word_1_172' title='bbox 3193 1033 3251 1085; x_wconf 92' lang='grc' dir='ltr'><strong>ἐν</strong></span> <span class='ocrx_word' id='word_1_173' title='bbox 3280 1031 3360 1102; x_wconf 81' lang='grc' dir='ltr'>τῷ</span> <span class='ocrx_word' id='word_1_174' title='bbox 3388 1032 3585 1102; x_wconf 84' lang='grc' dir='ltr'>κόσμῳ</span> <span class='ocrx_word' id='word_1_175' title='bbox 3616 1033 3790 1103; x_wconf 77' lang='grc' dir='ltr'>τούτῳ,</span> 
     </span>
    </p>
   </div>
   <div class='ocr_carea' id='block_1_26' title="bbox 2224 1118 3266 1190">
    <p class='ocr_par' dir='ltr' id='par_1_26' title="bbox 2224 1118 3266 1190">
     <span class='ocr_line' id='line_1_26' title="bbox 2224 1118 3266 1190; baseline 0.003 -20"><span class='ocrx_word' id='word_1_176' title='bbox 2224 1120 2304 1181; x_wconf 87' lang='grc' dir='ltr'>εἰς</span> <span class='ocrx_word' id='word_1_177' title='bbox 2337 1119 2481 1190; x_wconf 79' lang='grc' dir='ltr'>ζωὴν</span> <span class='ocrx_word' id='word_1_178' title='bbox 2513 1118 2728 1172; x_wconf 78' lang='grc' dir='ltr'>αἰώνιον</span> <span class='ocrx_word' id='word_1_179' title='bbox 2765 1119 2990 1189; x_wconf 76' lang='grc' dir='ltr'>φυλάξει</span> <span class='ocrx_word' id='word_1_180' title='bbox 3015 1121 3207 1190; x_wconf 76' lang='grc' dir='ltr'>αὐτὴν.</span> <span class='ocrx_word' id='word_1_181' title='bbox 3247 1139 3266 1173; x_wconf 75' lang='grc' dir='ltr'><strong>ι</strong></span> 
     </span>
    </p>
   </div>
   <div class='ocr_carea' id='block_1_27' title="bbox 2295 1205 3789 1283">
    <p class='ocr_par' dir='ltr' id='par_1_27' title="bbox 2295 1205 3789 1283">
     <span class='ocr_line' id='line_1_27' title="bbox 2295 1205 3789 1283; baseline 0.006 -22"><span class='ocrx_word' id='word_1_182' title='bbox 2295 1206 2481 1263; x_wconf 82' lang='grc' dir='ltr'>Ταῦτα</span> <span class='ocrx_word' id='word_1_183' title='bbox 2511 1205 2664 1263; x_wconf 81' lang='grc' dir='ltr'>εἶπεν</span> <span class='ocrx_word' id='word_1_184' title='bbox 2688 1213 2716 1264; x_wconf 98' lang='lat'><strong>6</strong></span> <span class='ocrx_word' id='word_1_185' title='bbox 2745 1211 2969 1282; x_wconf 80' lang='grc' dir='ltr'>Κύριος,</span> <span class='ocrx_word' id='word_1_186' title='bbox 2997 1213 3096 1282; x_wconf 81' lang='grc' dir='ltr'>οὐχ</span> <span class='ocrx_word' id='word_1_187' title='bbox 3124 1211 3201 1275; x_wconf 87' lang='grc' dir='ltr'>ὡς</span> <span class='ocrx_word' id='word_1_188' title='bbox 3229 1213 3327 1282; x_wconf 81' lang='grc' dir='ltr'>τῆς</span> <span class='ocrx_word' id='word_1_189' title='bbox 3353 1211 3535 1283; x_wconf 80' lang='grc' dir='ltr'>ψυχῆς</span> <span class='ocrx_word' id='word_1_190' title='bbox 3572 1214 3789 1271; x_wconf 73' lang='grc' dir='ltr'>ἐνταῦθά</span> 
     </span>
    </p>
   </div>
   <div class='ocr_carea' id='block_1_28' title="bbox 2223 1300 3789 1373">
    <p class='ocr_par' dir='ltr' id='par_1_28' title="bbox 2223 1300 3789 1373">
     <span class='ocr_line' id='line_1_28' title="bbox 2223 1300 3789 1373; baseline 0.004 -21"><span class='ocrx_word' id='word_1_191' title='bbox 2223 1314 2278 1352; x_wconf 75' lang='grc' dir='ltr'><strong>τι</strong></span> <span class='ocrx_word' id='word_1_192' title='bbox 2308 1300 2663 1370; x_wconf 86' lang='grc' dir='ltr'><strong>πασχούσης,</strong></span> <span class='ocrx_word' id='word_1_193' title='bbox 2698 1302 2831 1356; x_wconf 73' lang='grc' dir='ltr'>ἀλλὰ</span> <span class='ocrx_word' id='word_1_194' title='bbox 2886 1303 3066 1373; x_wconf 79' lang='grc' dir='ltr'>ψυχῆς</span> <span class='ocrx_word' id='word_1_195' title='bbox 3112 1303 3492 1371; x_wconf 79' lang='grc' dir='ltr'>φιλίαν.καλεί</span> <span class='ocrx_word' id='word_1_196' title='bbox 3535 1306 3597 1358; x_wconf 79' lang='grc' dir='ltr'>τὸ</span> <span class='ocrx_word' id='word_1_197' title='bbox 3634 1306 3789 1360; x_wconf 82' lang='grc' dir='ltr'>δοκεῖν</span> 
     </span>
    </p>
   </div>
   <div class='ocr_carea' id='block_1_29' title="bbox 2224 1392 3788 1466">
    <p class='ocr_par' dir='ltr' id='par_1_29' title="bbox 2224 1392 3788 1466">
     <span class='ocr_line' id='line_1_29' title="bbox 2224 1392 3788 1466; baseline 0.005 -20"><span class='ocrx_word' id='word_1_198' title='bbox 2224 1392 2392 1462; x_wconf 81' lang='grc' dir='ltr'>αὐτὴν</span> <span class='ocrx_word' id='word_1_199' title='bbox 2441 1394 2711 1464; x_wconf 79' lang='grc' dir='ltr'>κατέχειν,</span> <span class='ocrx_word' id='word_1_200' title='bbox 2757 1396 2850 1447; x_wconf 79' lang='grc' dir='ltr'>καὶ</span> <span class='ocrx_word' id='word_1_201' title='bbox 2898 1397 2973 1466; x_wconf 83' lang='grc' dir='ltr'>μὴ</span> <span class='ocrx_word' id='word_1_202' title='bbox 3032 1396 3233 1449; x_wconf 82' lang='grc' dir='ltr'><strong>διδόναι</strong></span> <span class='ocrx_word' id='word_1_203' title='bbox 3292 1399 3372 1460; x_wconf 85' lang='grc' dir='ltr'><strong>είς</strong></span> <span class='ocrx_word' id='word_1_204' title='bbox 3420 1399 3701 1463; x_wconf 83' lang='grc' dir='ltr'>κινδύνους</span> <span class='ocrx_word' id='word_1_205' title='bbox 3740 1402 3788 1454; x_wconf 78' lang='grc' dir='ltr'>τὸ</span> 
     </span>
    </p>
   </div>
   <div class='ocr_carea' id='block_1_30' title="bbox 2227 1481 3786 1561">
    <p class='ocr_par' dir='ltr' id='par_1_30' title="bbox 2227 1481 3786 1561">
     <span class='ocr_line' id='line_1_30' title="bbox 2227 1481 3786 1561; baseline 0.004 -24"><span class='ocrx_word' id='word_1_206' title='bbox 2227 1484 2406 1554; x_wconf 86' lang='grc' dir='ltr'>σῶμα.</span> <span class='ocrx_word' id='word_1_207' title='bbox 2448 1486 2687 1549; x_wconf 77' lang='grc' dir='ltr'>Ἐκεῖνος</span> <span class='ocrx_word' id='word_1_208' title='bbox 2713 1481 2805 1540; x_wconf 82' lang='grc' dir='ltr'><strong>οὖν</strong></span> <span class='ocrx_word' id='word_1_209' title='bbox 2825 1489 2973 1540; x_wconf 86' lang='grc' dir='ltr'>ἐστιν</span> <span class='ocrx_word' id='word_1_210' title='bbox 2995 1489 3022 1540; x_wconf 97' lang='lat'><strong>6</strong></span> <span class='ocrx_word' id='word_1_211' title='bbox 3048 1487 3217 1556; x_wconf 80' lang='grc' dir='ltr'>φιλῶν</span> <span class='ocrx_word' id='word_1_212' title='bbox 3248 1489 3347 1558; x_wconf 82' lang='grc' dir='ltr'>τὴν</span> <span class='ocrx_word' id='word_1_213' title='bbox 3377 1490 3577 1542; x_wconf 76' lang='grc' dir='ltr'>ἑαυτοῦ</span> <span class='ocrx_word' id='word_1_214' title='bbox 3609 1493 3786 1561; x_wconf 75' lang='grc' dir='ltr'>ψυχὴν,</span> 
     </span>
    </p>
   </div>
   <div class='ocr_carea' id='block_1_31' title="bbox 2228 1575 3786 1651">
    <p class='ocr_par' dir='ltr' id='par_1_31' title="bbox 2228 1575 3786 1651">
     <span class='ocr_line' id='line_1_31' title="bbox 2228 1575 3786 1651; baseline 0.004 -23"><span class='ocrx_word' id='word_1_215' title='bbox 2228 1575 2320 1628; x_wconf 72' lang='grc' dir='ltr'><strong>καὶ</strong></span> <span class='ocrx_word' id='word_1_216' title='bbox 2364 1575 2650 1629; x_wconf 85' lang='grc' dir='ltr'>ἀπολλύων</span> <span class='ocrx_word' id='word_1_217' title='bbox 2681 1577 2875 1648; x_wconf 80' lang='grc' dir='ltr'>αὐτὴν,</span> <span class='ocrx_word' id='word_1_218' title='bbox 2907 1578 2935 1629; x_wconf 87' lang='lat'><strong>6</strong></span> <span class='ocrx_word' id='word_1_219' title='bbox 2977 1579 3078 1640; x_wconf 76' lang='grc' dir='ltr'><strong>τὰς</strong></span> <span class='ocrx_word' id='word_1_220' title='bbox 3112 1577 3408 1648; x_wconf 79' lang='grc' dir='ltr'><strong>ἐπιθυμίας</strong></span> <span class='ocrx_word' id='word_1_221' title='bbox 3436 1581 3614 1651; x_wconf 76' lang='grc' dir='ltr'>αὐτῆς</span> <span class='ocrx_word' id='word_1_222' title='bbox 3641 1584 3786 1635; x_wconf 74' lang='grc' dir='ltr'>ποιῶν</span> 
     </span>
    </p>
   </div>
   <div class='ocr_carea' id='block_1_32' title="bbox 545 1661 2119 1744">
    <p class='ocr_par' dir='ltr' id='par_1_32' title="bbox 545 1661 2119 1731">
     <span class='ocr_line' id='line_1_32' title="bbox 545 1661 2119 1731; baseline 0.001 -18"><span class='ocrx_word' id='word_1_223' title='bbox 545 1673 723 1715; x_wconf 84' lang='lat' dir='ltr'><strong>autem</strong></span> <span class='ocrx_word' id='word_1_224' title='bbox 756 1661 869 1715; x_wconf 90' lang='lat' dir='ltr'><strong>odit</strong></span> <span class='ocrx_word' id='word_1_225' title='bbox 900 1671 956 1716; x_wconf 89' lang='lat' dir='ltr'><strong>et</strong></span> <span class='ocrx_word' id='word_1_226' title='bbox 1001 1671 1185 1716; x_wconf 86' lang='lat' dir='ltr'><strong>servat</strong></span> <span class='ocrx_word' id='word_1_227' title='bbox 1216 1676 1368 1730; x_wconf 89' lang='lat' dir='ltr'><strong>eam,</strong></span> <span class='ocrx_word' id='word_1_228' title='bbox 1398 1672 1515 1730; x_wconf 89' lang='lat' dir='ltr'><strong>est,</strong></span> <span class='ocrx_word' id='word_1_229' title='bbox 1546 1664 1637 1731; x_wconf 90' lang='lat' dir='ltr'><strong>qui</strong></span> <span class='ocrx_word' id='word_1_230' title='bbox 1685 1663 1859 1717; x_wconf 90' lang='lat' dir='ltr'><strong>eidem</strong></span> <span class='ocrx_word' id='word_1_231' title='bbox 1890 1662 2119 1717; x_wconf 87' lang='lat' dir='ltr'><strong>absurda</strong></span> 
     </span>
    </p>
   </div>
   <div class='ocr_carea' id='block_1_33' title="bbox 2219 1661 3785 1744">
    <p class='ocr_par' dir='ltr' id='par_1_33' title="bbox 2223 1667 3785 1744">
     <span class='ocr_line' id='line_1_33' title="bbox 2223 1667 3785 1744; baseline 0.008 -27"><span class='ocrx_word' id='word_1_232' title='bbox 2223 1667 2322 1729; x_wconf 76' lang='grc' dir='ltr'>τὰς</span> <span class='ocrx_word' id='word_1_233' title='bbox 2366 1668 2623 1732; x_wconf 84' lang='grc' dir='ltr'>ἀτόπους.</span> <span class='ocrx_word' id='word_1_234' title='bbox 2677 1667 2736 1721; x_wconf 84' lang='lat'><strong>&#39;0</strong></span> <span class='ocrx_word' id='word_1_235' title='bbox 2792 1668 2850 1721; x_wconf 82' lang='grc' dir='ltr'>δὲ</span> <span class='ocrx_word' id='word_1_236' title='bbox 2880 1669 3055 1739; x_wconf 85' lang='grc' dir='ltr'>μισῶν</span> <span class='ocrx_word' id='word_1_237' title='bbox 3098 1671 3193 1722; x_wconf 80' lang='grc' dir='ltr'><strong>καὶ</strong></span> <span class='ocrx_word' id='word_1_238' title='bbox 3225 1670 3413 1733; x_wconf 76' lang='grc' dir='ltr'>σώζων</span> <span class='ocrx_word' id='word_1_239' title='bbox 3439 1673 3637 1744; x_wconf 80' lang='grc' dir='ltr'>αὐτὴν,</span> <span class='ocrx_word' id='word_1_240' title='bbox 3679 1673 3785 1744; x_wconf 74' lang='grc' dir='ltr'><strong>(ρμή</strong></span> 
     </span>
    </p>
   </div>
   <div class='ocr_carea' id='block_1_34' title="bbox 544 1752 1549 1823">
    <p class='ocr_par' dir='ltr' id='par_1_34' title="bbox 544 1752 1549 1823">
     <span class='ocr_line' id='line_1_34' title="bbox 544 1752 1549 1823; baseline 0 -18"><span class='ocrx_word' id='word_1_241' title='bbox 544 1753 872 1823; x_wconf 70' lang='lat' dir='ltr'><strong>prmeipienti</strong></span> <span class='ocrx_word' id='word_1_242' title='bbox 904 1752 1126 1807; x_wconf 88' lang='lat' dir='ltr'><strong>minime</strong></span> <span class='ocrx_word' id='word_1_243' title='bbox 1158 1768 1360 1808; x_wconf 89' lang='lat' dir='ltr'><strong>morem</strong></span> <span class='ocrx_word' id='word_1_244' title='bbox 1392 1754 1549 1822; x_wconf 82' lang='lat' dir='ltr'><strong>gerit.</strong></span> 
     </span>
    </p>
   </div>
   <div class='ocr_carea' id='block_1_35' title="bbox 619 1863 1940 1929">
    <p class='ocr_par' dir='ltr' id='par_1_35' title="bbox 619 1863 1940 1929">
     <span class='ocr_line' id='line_1_35' title="bbox 619 1863 1940 1929; baseline 0 -12"><span class='ocrx_word' id='word_1_245' title='bbox 619 1863 779 1920; x_wconf 73' lang='lat' dir='ltr'><strong>Vens.</strong></span> <span class='ocrx_word' id='word_1_246' title='bbox 817 1863 907 1918; x_wconf 69' lang='lat'><strong>28.</strong></span> <span class='ocrx_word' id='word_1_247' title='bbox 950 1882 969 1915; x_wconf 74' lang='grc' dir='ltr'><strong>ι</strong></span> <span class='ocrx_word' id='word_1_248' title='bbox 1005 1863 1183 1929; x_wconf 83' lang='lat' dir='ltr'><strong>Pater,</strong></span> <span class='ocrx_word' id='word_1_249' title='bbox 1214 1863 1453 1918; x_wconf 85' lang='lat' dir='ltr'><strong>clarillca</strong></span> <span class='ocrx_word' id='word_1_250' title='bbox 1480 1878 1676 1919; x_wconf 91' lang='lat' dir='ltr'><strong>nomen</strong></span> <span class='ocrx_word' id='word_1_251' title='bbox 1710 1872 1882 1919; x_wconf 91' lang='lat' dir='ltr'><strong>tuum.</strong></span> <span class='ocrx_word' id='word_1_252' title='bbox 1921 1883 1940 1917; x_wconf 73' lang='grc' dir='ltr'><strong>ι</strong></span> 
     </span>
    </p>
   </div>
   <div class='ocr_carea' id='block_1_36' title="bbox 613 1953 2123 2023">
    <p class='ocr_par' dir='ltr' id='par_1_36' title="bbox 613 1953 2123 2023">
     <span class='ocr_line' id='line_1_36' title="bbox 613 1953 2123 2023; baseline 0.002 -14"><span class='ocrx_word' id='word_1_253' title='bbox 613 1953 849 2009; x_wconf 85' lang='lat' dir='ltr'><strong>Gloriam</strong></span> <span class='ocrx_word' id='word_1_254' title='bbox 882 1962 1064 2007; x_wconf 86' lang='lat' dir='ltr'><strong>autem</strong></span> <span class='ocrx_word' id='word_1_255' title='bbox 1088 1962 1245 2007; x_wconf 88' lang='lat' dir='ltr'><strong>vocat</strong></span> <span class='ocrx_word' id='word_1_256' title='bbox 1278 1966 1520 2017; x_wconf 88' lang='lat' dir='ltr'><strong>crucem,</strong></span> <span class='ocrx_word' id='word_1_257' title='bbox 1551 1968 1647 2023; x_wconf 90' lang='lat' dir='ltr'><strong>per</strong></span> <span class='ocrx_word' id='word_1_258' title='bbox 1677 1968 1842 2023; x_wconf 84' lang='lat' dir='ltr'><strong>quam</strong></span> <span class='ocrx_word' id='word_1_259' title='bbox 1872 1954 2123 2012; x_wconf 82' lang='lat' dir='ltr'><strong>homines</strong></span> 
     </span>
    </p>
   </div>
   <div class='ocr_carea' id='block_1_37' title="bbox 542 2043 1377 2117">
    <p class='ocr_par' dir='ltr' id='par_1_37' title="bbox 542 2043 1377 2117">
     <span class='ocr_line' id='line_1_37' title="bbox 542 2043 1377 2117; baseline -0.002 -16"><span class='ocrx_word' id='word_1_260' title='bbox 542 2056 921 2117; x_wconf 83' lang='lat' dir='ltr'><strong>cognoverunt</strong></span> <span class='ocrx_word' id='word_1_261' title='bbox 947 2059 1138 2099; x_wconf 87' lang='lat' dir='ltr'><strong>nomen</strong></span> <span class='ocrx_word' id='word_1_262' title='bbox 1178 2043 1377 2099; x_wconf 84' lang='lat' dir='ltr'><strong>Patris.</strong></span> 
     </span>
    </p>
   </div>
   <div class='ocr_carea' id='block_1_38' title="bbox 538 2133 2125 2205">
    <p class='ocr_par' dir='ltr' id='par_1_38' title="bbox 538 2133 2125 2205">
     <span class='ocr_line' id='line_1_38' title="bbox 538 2133 2125 2205; baseline 0.003 -14"><span class='ocrx_word' id='word_1_263' title='bbox 538 2162 544 2168; x_wconf 91' lang='lat'><strong><em>-</em></strong></span> <span class='ocrx_word' id='word_1_264' title='bbox 624 2136 771 2191; x_wconf 75' lang='lat' dir='ltr'><strong>Venit</strong></span> <span class='ocrx_word' id='word_1_265' title='bbox 800 2153 922 2205; x_wconf 83' lang='lat' dir='ltr'><strong>ergo</strong></span> <span class='ocrx_word' id='word_1_266' title='bbox 953 2151 1052 2189; x_wconf 79' lang='lat' dir='ltr'><strong>vox</strong></span> <span class='ocrx_word' id='word_1_267' title='bbox 1076 2135 1139 2189; x_wconf 87' lang='lat' dir='ltr'><strong>de</strong></span> <span class='ocrx_word' id='word_1_268' title='bbox 1164 2135 1311 2190; x_wconf 75' lang='lat' dir='ltr'><strong>caelo.</strong></span> <span class='ocrx_word' id='word_1_269' title='bbox 1348 2133 1635 2202; x_wconf 84' lang='lat' dir='ltr'><strong>Quomodo</strong></span> <span class='ocrx_word' id='word_1_270' title='bbox 1663 2145 1847 2191; x_wconf 89' lang='lat' dir='ltr'><strong>autem</strong></span> <span class='ocrx_word' id='word_1_271' title='bbox 1879 2152 1983 2192; x_wconf 81' lang='lat' dir='ltr'><strong>vox</strong></span> <span class='ocrx_word' id='word_1_272' title='bbox 2007 2137 2125 2195; x_wconf 63' lang='lat' dir='ltr'><strong>haec</strong></span> 
     </span>
    </p>
   </div>
   <div class='ocr_carea' id='block_1_39' title="bbox 543 2225 2121 2298">
    <p class='ocr_par' dir='ltr' id='par_1_39' title="bbox 543 2225 2121 2298">
     <span class='ocr_line' id='line_1_39' title="bbox 543 2225 2121 2298; baseline 0.002 -17"><span class='ocrx_word' id='word_1_273' title='bbox 543 2226 690 2281; x_wconf 80' lang='lat' dir='ltr'><strong>facta</strong></span> <span class='ocrx_word' id='word_1_274' title='bbox 717 2227 808 2294; x_wconf 88' lang='lat' dir='ltr'><strong>sit,</strong></span> <span class='ocrx_word' id='word_1_275' title='bbox 838 2237 1081 2281; x_wconf 86' lang='lat' dir='ltr'><strong>nostrum</strong></span> <span class='ocrx_word' id='word_1_276' title='bbox 1113 2242 1220 2280; x_wconf 90' lang='lat' dir='ltr'><strong>non</strong></span> <span class='ocrx_word' id='word_1_277' title='bbox 1252 2235 1337 2281; x_wconf 89' lang='lat' dir='ltr'><strong>est</strong></span> <span class='ocrx_word' id='word_1_278' title='bbox 1363 2225 1545 2281; x_wconf 90' lang='lat' dir='ltr'><strong>dicere</strong></span> <span class='ocrx_word' id='word_1_279' title='bbox 1580 2244 1595 2281; x_wconf 90' lang='lat'><strong>:</strong></span> <span class='ocrx_word' id='word_1_280' title='bbox 1632 2241 1738 2282; x_wconf 91' lang='lat' dir='ltr'><strong>non</strong></span> <span class='ocrx_word' id='word_1_281' title='bbox 1767 2228 1933 2293; x_wconf 87' lang='lat' dir='ltr'><strong>enim,</strong></span> <span class='ocrx_word' id='word_1_282' title='bbox 1968 2229 2121 2298; x_wconf 89' lang='lat' dir='ltr'><strong>quasi</strong></span> 
     </span>
    </p>
   </div>
   <div class='ocr_carea' id='block_1_40' title="bbox 542 2316 2121 2389">
    <p class='ocr_par' dir='ltr' id='par_1_40' title="bbox 542 2316 2121 2389">
     <span class='ocr_line' id='line_1_40' title="bbox 542 2316 2121 2389; baseline 0.001 -15"><span class='ocrx_word' id='word_1_283' title='bbox 542 2335 741 2388; x_wconf 87' lang='lat' dir='ltr'><strong>corpus</strong></span> <span class='ocrx_word' id='word_1_284' title='bbox 769 2319 964 2373; x_wconf 87' lang='lat' dir='ltr'><strong>habeat</strong></span> <span class='ocrx_word' id='word_1_285' title='bbox 990 2316 1170 2383; x_wconf 90' lang='lat' dir='ltr'><strong>Pater,</strong></span> <span class='ocrx_word' id='word_1_286' title='bbox 1202 2316 1417 2375; x_wconf 85' lang='lat' dir='ltr'><strong>locutus</strong></span> <span class='ocrx_word' id='word_1_287' title='bbox 1444 2327 1552 2385; x_wconf 88' lang='lat' dir='ltr'><strong>est,</strong></span> <span class='ocrx_word' id='word_1_288' title='bbox 1587 2328 1648 2373; x_wconf 94' lang='lat' dir='ltr'><strong>ut</strong></span> <span class='ocrx_word' id='word_1_289' title='bbox 1678 2318 1845 2389; x_wconf 86' lang='lat' dir='ltr'><strong>aliqui</strong></span> <span class='ocrx_word' id='word_1_290' title='bbox 1881 2320 2121 2376; x_wconf 63' lang='lat' dir='ltr'><strong>haeretici</strong></span> 
     </span>
    </p>
   </div>
   <div class='ocr_carea' id='block_1_41' title="bbox 542 2410 1120 2465">
    <p class='ocr_par' dir='ltr' id='par_1_41' title="bbox 542 2410 1120 2465">
     <span class='ocr_line' id='line_1_41' title="bbox 542 2410 1120 2465; baseline 0.002 -1"><span class='ocrx_word' id='word_1_291' title='bbox 542 2420 787 2465; x_wconf 85' lang='lat' dir='ltr'><strong>astruere</strong></span> <span class='ocrx_word' id='word_1_292' title='bbox 815 2410 1120 2465; x_wconf 91' lang='lat' dir='ltr'><strong>voluerunt.</strong></span> 
     </span>
    </p>
   </div>
   <div class='ocr_carea' id='block_1_42' title="bbox 613 2501 2123 2574">
    <p class='ocr_par' dir='ltr' id='par_1_42' title="bbox 613 2501 2123 2574">
     <span class='ocr_line' id='line_1_42' title="bbox 613 2501 2123 2574; baseline 0.003 -19"><span class='ocrx_word' id='word_1_293' title='bbox 613 2501 950 2570; x_wconf 72' lang='lat' dir='ltr'><strong>Conspicuus</strong></span> <span class='ocrx_word' id='word_1_294' title='bbox 988 2502 1208 2573; x_wconf 90' lang='lat' dir='ltr'><strong>quidem</strong></span> <span class='ocrx_word' id='word_1_295' title='bbox 1244 2517 1460 2574; x_wconf 83' lang='lat' dir='ltr'><strong>semper</strong></span> <span class='ocrx_word' id='word_1_296' title='bbox 1500 2513 1616 2558; x_wconf 85' lang='lat' dir='ltr'><strong>erat</strong></span> <span class='ocrx_word' id='word_1_297' title='bbox 1645 2503 1896 2559; x_wconf 84' lang='lat' dir='ltr'><strong>Christus</strong></span> <span class='ocrx_word' id='word_1_298' title='bbox 1928 2505 1981 2560; x_wconf 94' lang='lat' dir='ltr'><strong>in</strong></span> <span class='ocrx_word' id='word_1_299' title='bbox 2023 2506 2123 2560; x_wconf 87' lang='lat' dir='ltr'><strong>mi-</strong></span> 
     </span>
    </p>
   </div>
   <div class='ocr_carea' id='block_1_43' title="bbox 540 2593 2122 2667">
    <p class='ocr_par' dir='ltr' id='par_1_43' title="bbox 540 2593 2122 2667">
     <span class='ocr_line' id='line_1_43' title="bbox 540 2593 2122 2667; baseline 0.003 -19"><span class='ocrx_word' id='word_1_300' title='bbox 540 2593 742 2650; x_wconf 83' lang='lat' dir='ltr'><strong>raculis</strong></span> <span class='ocrx_word' id='word_1_301' title='bbox 778 2593 913 2657; x_wconf 83' lang='lat' dir='ltr'><strong>suis,</strong></span> <span class='ocrx_word' id='word_1_302' title='bbox 964 2605 1376 2663; x_wconf 90' lang='lat' dir='ltr'><strong>cooperatorem</strong></span> <span class='ocrx_word' id='word_1_303' title='bbox 1415 2595 1622 2649; x_wconf 86' lang='lat' dir='ltr'><strong>habens</strong></span> <span class='ocrx_word' id='word_1_304' title='bbox 1656 2594 1896 2662; x_wconf 81' lang='lat' dir='ltr'><strong>Patrem,</strong></span> <span class='ocrx_word' id='word_1_305' title='bbox 1941 2598 2032 2667; x_wconf 88' lang='lat' dir='ltr'><strong>qui</strong></span> <span class='ocrx_word' id='word_1_306' title='bbox 2068 2608 2122 2654; x_wconf 92' lang='lat' dir='ltr'><strong>et</strong></span> 
     </span>
    </p>
   </div>
   <div class='ocr_carea' id='block_1_44' title="bbox 541 2688 2118 2771">
    <p class='ocr_par' dir='ltr' id='par_1_44' title="bbox 541 2688 2118 2771">
     <span class='ocr_line' id='line_1_44' title="bbox 541 2688 2118 2771; baseline 0.004 -29"><span class='ocrx_word' id='word_1_307' title='bbox 541 2690 720 2743; x_wconf 86' lang='lat' dir='ltr'><strong>denuo</strong></span> <span class='ocrx_word' id='word_1_308' title='bbox 749 2705 869 2743; x_wconf 90' lang='lat' dir='ltr'><strong>eum</strong></span> <span class='ocrx_word' id='word_1_309' title='bbox 906 2688 1174 2759; x_wconf 78' lang='lat' dir='ltr'><strong>gloriﬁcat</strong></span> <span class='ocrx_word' id='word_1_310' title='bbox 1215 2689 1384 2760; x_wconf 81' lang='lat' dir='ltr'><strong>signis</strong></span> <span class='ocrx_word' id='word_1_311' title='bbox 1435 2691 1489 2745; x_wconf 92' lang='lat' dir='ltr'><strong>in</strong></span> <span class='ocrx_word' id='word_1_312' title='bbox 1524 2699 1717 2747; x_wconf 92' lang='lat' dir='ltr'><strong>morte.</strong></span> <span class='ocrx_word' id='word_1_313' title='bbox 1764 2691 1822 2747; x_wconf 91' lang='lat' dir='ltr'><strong>ln</strong></span> <span class='ocrx_word' id='word_1_314' title='bbox 1857 2705 2118 2771; x_wconf 77' lang='lat' dir='ltr'><strong>quantum</strong></span> 
     </span>
    </p>
   </div>
   <div class='ocr_carea' id='block_1_45' title="bbox 538 2781 2117 2851">
    <p class='ocr_par' dir='ltr' id='par_1_45' title="bbox 538 2781 2117 2851">
     <span class='ocr_line' id='line_1_45' title="bbox 538 2781 2117 2851; baseline 0.002 -15"><span class='ocrx_word' id='word_1_315' title='bbox 538 2784 682 2836; x_wconf 82' lang='lat' dir='ltr'><strong>enim</strong></span> <span class='ocrx_word' id='word_1_316' title='bbox 718 2783 877 2835; x_wconf 89' lang='lat' dir='ltr'><strong>homo</strong></span> <span class='ocrx_word' id='word_1_317' title='bbox 904 2791 1007 2848; x_wconf 91' lang='lat' dir='ltr'><strong>est,</strong></span> <span class='ocrx_word' id='word_1_318' title='bbox 1039 2797 1068 2834; x_wconf 91' lang='lat' dir='ltr'><strong>a</strong></span> <span class='ocrx_word' id='word_1_319' title='bbox 1105 2781 1268 2836; x_wconf 84' lang='lat' dir='ltr'><strong>Patre</strong></span> <span class='ocrx_word' id='word_1_320' title='bbox 1299 2784 1598 2837; x_wconf 85' lang='lat' dir='ltr'><strong>suscitatus</strong></span> <span class='ocrx_word' id='word_1_321' title='bbox 1631 2783 1767 2851; x_wconf 81' lang='lat' dir='ltr'><strong>fuit;</strong></span> <span class='ocrx_word' id='word_1_322' title='bbox 1800 2784 1926 2840; x_wconf 85' lang='lat' dir='ltr'><strong>licet</strong></span> <span class='ocrx_word' id='word_1_323' title='bbox 1955 2787 2117 2839; x_wconf 85' lang='lat' dir='ltr'><strong>etiam</strong></span> 
     </span>
    </p>
   </div>
   <div class='ocr_carea' id='block_1_46' title="bbox 538 2873 2117 2945">
    <p class='ocr_par' dir='ltr' id='par_1_46' title="bbox 538 2873 2117 2945">
     <span class='ocr_line' id='line_1_46' title="bbox 538 2873 2117 2945; baseline 0.002 -17"><span class='ocrx_word' id='word_1_324' title='bbox 538 2873 727 2941; x_wconf 87' lang='lat' dir='ltr'><strong>Filius,</strong></span> <span class='ocrx_word' id='word_1_325' title='bbox 763 2873 816 2927; x_wconf 89' lang='lat' dir='ltr'><strong>in</strong></span> <span class='ocrx_word' id='word_1_326' title='bbox 865 2884 1127 2943; x_wconf 88' lang='lat' dir='ltr'><strong>quantum</strong></span> <span class='ocrx_word' id='word_1_327' title='bbox 1167 2884 1252 2931; x_wconf 91' lang='lat' dir='ltr'><strong>est</strong></span> <span class='ocrx_word' id='word_1_328' title='bbox 1299 2883 1492 2929; x_wconf 90' lang='lat' dir='ltr'><strong>natura</strong></span> <span class='ocrx_word' id='word_1_329' title='bbox 1530 2875 1703 2940; x_wconf 86' lang='lat' dir='ltr'><strong>Deus,</strong></span> <span class='ocrx_word' id='word_1_330' title='bbox 1763 2875 2117 2945; x_wconf 86' lang='lat' dir='ltr'><strong>semetipsum</strong></span> 
     </span>
    </p>
   </div>
   <div class='ocr_carea' id='block_1_47' title="bbox 542 2967 850 3021">
    <p class='ocr_par' dir='ltr' id='par_1_47' title="bbox 542 2967 850 3021">
     <span class='ocr_line' id='line_1_47' title="bbox 542 2967 850 3021; baseline 0.003 -1"><span class='ocrx_word' id='word_1_331' title='bbox 542 2967 850 3021; x_wconf 84' lang='lat' dir='ltr'><strong>suscitavit.</strong></span> 
     </span>
    </p>
   </div>
   <div class='ocr_carea' id='block_1_48' title="bbox 616 3062 2183 3135">
    <p class='ocr_par' dir='ltr' id='par_1_48' title="bbox 616 3062 2183 3135">
     <span class='ocr_line' id='line_1_48' title="bbox 616 3062 2183 3135; baseline 0.002 -21"><span class='ocrx_word' id='word_1_332' title='bbox 616 3063 776 3118; x_wconf 75' lang='lat' dir='ltr'><strong>\‘Ens.</strong></span> <span class='ocrx_word' id='word_1_333' title='bbox 809 3063 898 3118; x_wconf 66' lang='lat'><strong>29.</strong></span> <span class='ocrx_word' id='word_1_334' title='bbox 941 3081 960 3115; x_wconf 79' lang='grc' dir='ltr'><strong>ι</strong></span> <span class='ocrx_word' id='word_1_335' title='bbox 1005 3062 1184 3118; x_wconf 87' lang='lat' dir='ltr'><strong>Turba</strong></span> <span class='ocrx_word' id='word_1_336' title='bbox 1215 3077 1364 3132; x_wconf 88' lang='lat' dir='ltr'><strong>ergo,</strong></span> <span class='ocrx_word' id='word_1_337' title='bbox 1401 3079 1520 3135; x_wconf 67' lang='lat' dir='ltr'><strong>qua:</strong></span> <span class='ocrx_word' id='word_1_338' title='bbox 1548 3063 1731 3120; x_wconf 83' lang='lat' dir='ltr'><strong>stabat</strong></span> <span class='ocrx_word' id='word_1_339' title='bbox 1756 3072 1812 3119; x_wconf 89' lang='lat' dir='ltr'><strong>et</strong></span> <span class='ocrx_word' id='word_1_340' title='bbox 1844 3064 2111 3130; x_wconf 82' lang='lat' dir='ltr'><strong>audierat,</strong></span> <span class='ocrx_word' id='word_1_341' title='bbox 2141 3077 2183 3134; x_wconf 73' lang='grc' dir='ltr'>ο</span> 
     </span>
    </p>
   </div>
   <div class='ocr_carea' id='block_1_49' title="bbox 536 3156 2117 3214">
    <p class='ocr_par' dir='ltr' id='par_1_49' title="bbox 536 3156 2117 3214">
     <span class='ocr_line' id='line_1_49' title="bbox 536 3156 2117 3214; baseline 0.001 -4"><span class='ocrx_word' id='word_1_342' title='bbox 536 3158 749 3211; x_wconf 78' lang='lat' dir='ltr'><strong>dicebat</strong></span> <span class='ocrx_word' id='word_1_343' title='bbox 787 3159 1088 3212; x_wconf 88' lang='lat' dir='ltr'><strong>tonitruum</strong></span> <span class='ocrx_word' id='word_1_344' title='bbox 1118 3170 1239 3211; x_wconf 87' lang='lat' dir='ltr'><strong>esse</strong></span> <span class='ocrx_word' id='word_1_345' title='bbox 1266 3160 1492 3210; x_wconf 81' lang='lat' dir='ltr'><strong>factum.</strong></span> <span class='ocrx_word' id='word_1_346' title='bbox 1528 3156 1637 3211; x_wconf 83' lang='lat' dir='ltr'><strong>Alii</strong></span> <span class='ocrx_word' id='word_1_347' title='bbox 1678 3156 1973 3211; x_wconf 87' lang='lat' dir='ltr'><strong>dicebant:</strong></span> <span class='ocrx_word' id='word_1_348' title='bbox 2008 3159 2117 3214; x_wconf 82' lang='lat' dir='ltr'><strong>An-</strong></span> 
     </span>
    </p>
   </div>
   <div class='ocr_carea' id='block_1_50' title="bbox 537 3251 1195 3321">
    <p class='ocr_par' dir='ltr' id='par_1_50' title="bbox 537 3251 1195 3321">
     <span class='ocr_line' id='line_1_50' title="bbox 537 3251 1195 3321; baseline -0.006 -17"><span class='ocrx_word' id='word_1_349' title='bbox 537 3251 687 3321; x_wconf 82' lang='lat' dir='ltr'><strong>gelus</strong></span> <span class='ocrx_word' id='word_1_350' title='bbox 715 3253 762 3306; x_wconf 90' lang='lat' dir='ltr'><strong>ei</strong></span> <span class='ocrx_word' id='word_1_351' title='bbox 792 3251 1003 3305; x_wconf 89' lang='lat' dir='ltr'><strong>locutus</strong></span> <span class='ocrx_word' id='word_1_352' title='bbox 1028 3258 1131 3305; x_wconf 85' lang='lat' dir='ltr'><strong>est.</strong></span> <span class='ocrx_word' id='word_1_353' title='bbox 1175 3265 1195 3300; x_wconf 73' lang='grc' dir='ltr'><strong>ι</strong></span> 
     </span>
    </p>
   </div>
   <div class='ocr_carea' id='block_1_51' title="bbox 609 3339 2114 3413">
    <p class='ocr_par' dir='ltr' id='par_1_51' title="bbox 609 3339 2114 3413">
     <span class='ocr_line' id='line_1_51' title="bbox 609 3339 2114 3413; baseline 0 -19"><span class='ocrx_word' id='word_1_354' title='bbox 609 3341 804 3395; x_wconf 84' lang='lat' dir='ltr'><strong>Turbae</strong></span> <span class='ocrx_word' id='word_1_355' title='bbox 836 3343 1052 3413; x_wconf 85' lang='lat' dir='ltr'><strong>quidem</strong></span> <span class='ocrx_word' id='word_1_356' title='bbox 1080 3355 1184 3395; x_wconf 77' lang='lat' dir='ltr'><strong>vox</strong></span> <span class='ocrx_word' id='word_1_357' title='bbox 1208 3339 1298 3396; x_wconf 89' lang='lat' dir='ltr'><strong>illa</strong></span> <span class='ocrx_word' id='word_1_358' title='bbox 1322 3347 1443 3396; x_wconf 90' lang='lat' dir='ltr'><strong>erat</strong></span> <span class='ocrx_word' id='word_1_359' title='bbox 1471 3341 1725 3406; x_wconf 90' lang='lat' dir='ltr'><strong>obscura,</strong></span> <span class='ocrx_word' id='word_1_360' title='bbox 1760 3339 1903 3394; x_wconf 81' lang='lat' dir='ltr'><strong>forte</strong></span> <span class='ocrx_word' id='word_1_361' title='bbox 1932 3348 2114 3394; x_wconf 85' lang='lat' dir='ltr'><strong>autem</strong></span> 
     </span>
    </p>
   </div>
   <div class='ocr_carea' id='block_1_52' title="bbox 539 3428 2114 3500">
    <p class='ocr_par' dir='ltr' id='par_1_52' title="bbox 539 3428 2114 3500">
     <span class='ocr_line' id='line_1_52' title="bbox 539 3428 2114 3500; baseline 0.001 -16"><span class='ocrx_word' id='word_1_362' title='bbox 539 3431 814 3499; x_wconf 86' lang='lat' dir='ltr'><strong>discipulis</strong></span> <span class='ocrx_word' id='word_1_363' title='bbox 855 3447 950 3500; x_wconf 91' lang='lat' dir='ltr'><strong>per</strong></span> <span class='ocrx_word' id='word_1_364' title='bbox 991 3431 1270 3487; x_wconf 88' lang='lat' dir='ltr'><strong>Christum</strong></span> <span class='ocrx_word' id='word_1_365' title='bbox 1325 3430 1581 3487; x_wconf 86' lang='lat' dir='ltr'><strong>innotuit.</strong></span> <span class='ocrx_word' id='word_1_366' title='bbox 1621 3428 1880 3499; x_wconf 91' lang='lat' dir='ltr'><strong>Oportuit</strong></span> <span class='ocrx_word' id='word_1_367' title='bbox 1930 3436 2114 3486; x_wconf 85' lang='lat' dir='ltr'><strong>autem</strong></span> 
     </span>
    </p>
   </div>
   <div class='ocr_carea' id='block_1_53' title="bbox 537 3520 2114 3591">
    <p class='ocr_par' dir='ltr' id='par_1_53' title="bbox 537 3520 2114 3591">
     <span class='ocr_line' id='line_1_53' title="bbox 537 3520 2114 3591; baseline -0.003 -13"><span class='ocrx_word' id='word_1_368' title='bbox 537 3523 680 3578; x_wconf 85' lang='lat' dir='ltr'><strong>scire</strong></span> <span class='ocrx_word' id='word_1_369' title='bbox 711 3522 946 3585; x_wconf 82' lang='lat' dir='ltr'><strong>.Iudaeos,</strong></span> <span class='ocrx_word' id='word_1_370' title='bbox 980 3523 1198 3576; x_wconf 86' lang='lat' dir='ltr'><strong>Patrem</strong></span> <span class='ocrx_word' id='word_1_371' title='bbox 1241 3537 1305 3576; x_wconf 90' lang='lat' dir='ltr'><strong>eo</strong></span> <span class='ocrx_word' id='word_1_372' title='bbox 1343 3537 1450 3590; x_wconf 89' lang='lat' dir='ltr'><strong>quo</strong></span> <span class='ocrx_word' id='word_1_373' title='bbox 1482 3522 1597 3591; x_wconf 90' lang='lat' dir='ltr'><strong>ipse</strong></span> <span class='ocrx_word' id='word_1_374' title='bbox 1629 3532 1814 3576; x_wconf 90' lang='lat' dir='ltr'><strong>nosset</strong></span> <span class='ocrx_word' id='word_1_375' title='bbox 1843 3520 2003 3575; x_wconf 89' lang='lat' dir='ltr'><strong>modo</strong></span> <span class='ocrx_word' id='word_1_376' title='bbox 2029 3536 2114 3574; x_wconf 89' lang='lat' dir='ltr'><strong>re-</strong></span> 
     </span>
    </p>
   </div>
   <div class='ocr_carea' id='block_1_54' title="bbox 534 3600 2112 3683">
    <p class='ocr_par' dir='ltr' id='par_1_54' title="bbox 534 3600 2112 3683">
     <span class='ocr_line' id='line_1_54' title="bbox 534 3600 2112 3683; baseline -0.001 -15"><span class='ocrx_word' id='word_1_377' title='bbox 534 3613 850 3681; x_wconf 75' lang='lat' dir='ltr'><strong>Spondere:</strong></span> <span class='ocrx_word' id='word_1_378' title='bbox 885 3611 1137 3668; x_wconf 87' lang='lat' dir='ltr'><strong>Christus</strong></span> <span class='ocrx_word' id='word_1_379' title='bbox 1182 3613 1326 3667; x_wconf 89' lang='lat' dir='ltr'><strong>enim</strong></span> <span class='ocrx_word' id='word_1_380' title='bbox 1381 3628 1489 3667; x_wconf 88' lang='lat' dir='ltr'><strong>non</strong></span> <span class='ocrx_word' id='word_1_381' title='bbox 1537 3613 1767 3683; x_wconf 86' lang='lat' dir='ltr'><strong>petierat</strong></span> <span class='ocrx_word' id='word_1_382' title='bbox 1812 3600 2112 3667; x_wconf 67' lang='lat' dir='ltr'><strong>tonitruum</strong></span> 
     </span>
    </p>
   </div>
   <div class='ocr_carea' id='block_1_55' title="bbox 533 3706 732 3761">
    <p class='ocr_par' dir='ltr' id='par_1_55' title="bbox 533 3706 732 3761">
     <span class='ocr_line' id='line_1_55' title="bbox 533 3706 732 3761; baseline -0.015 0"><span class='ocrx_word' id='word_1_383' title='bbox 533 3706 732 3761; x_wconf 85' lang='lat' dir='ltr'><strong>emitti.</strong></span> 
     </span>
    </p>
   </div>
   <div class='ocr_carea' id='block_1_56' title="bbox 608 3814 2108 3888">
    <p class='ocr_par' dir='ltr' id='par_1_56' title="bbox 608 3814 2108 3888">
     <span class='ocr_line' id='line_1_56' title="bbox 608 3814 2108 3888; baseline 0.001 -15"><span class='ocrx_word' id='word_1_384' title='bbox 608 3818 771 3875; x_wconf 74' lang='lat' dir='ltr'><strong>Vens.</strong></span> <span class='ocrx_word' id='word_1_385' title='bbox 814 3819 903 3875; x_wconf 70' lang='lat'><strong>&#39;52.</strong></span> <span class='ocrx_word' id='word_1_386' title='bbox 955 3836 976 3871; x_wconf 75' lang='grc' dir='ltr'><strong>ι</strong></span> <span class='ocrx_word' id='word_1_387' title='bbox 1020 3817 1088 3873; x_wconf 85' lang='lat' dir='ltr'><strong>Et</strong></span> <span class='ocrx_word' id='word_1_388' title='bbox 1128 3832 1228 3888; x_wconf 86' lang='lat' dir='ltr'><strong>ego</strong></span> <span class='ocrx_word' id='word_1_389' title='bbox 1267 3817 1310 3873; x_wconf 88' lang='lat' dir='ltr'><strong>si</strong></span> <span class='ocrx_word' id='word_1_390' title='bbox 1341 3816 1610 3874; x_wconf 82' lang='lat' dir='ltr'><strong>exaltatus</strong></span> <span class='ocrx_word' id='word_1_391' title='bbox 1644 3814 1796 3873; x_wconf 80' lang='lat' dir='ltr'><strong>fuero</strong></span> <span class='ocrx_word' id='word_1_392' title='bbox 1846 3831 1877 3872; x_wconf 84' lang='lat' dir='ltr'><strong>a</strong></span> <span class='ocrx_word' id='word_1_393' title='bbox 1932 3825 2108 3886; x_wconf 87' lang='lat' dir='ltr'><strong>terra,</strong></span> 
     </span>
    </p>
   </div>
   <div class='ocr_carea' id='block_1_57' title="bbox 536 3907 1965 3976">
    <p class='ocr_par' dir='ltr' id='par_1_57' title="bbox 536 3907 1965 3976">
     <span class='ocr_line' id='line_1_57' title="bbox 536 3907 1965 3976; baseline -0.006 -12"><span class='ocrx_word' id='word_1_394' title='bbox 536 3912 718 3965; x_wconf 92' lang='lat' dir='ltr'><strong>omnia</strong></span> <span class='ocrx_word' id='word_1_395' title='bbox 760 3909 969 3963; x_wconf 88' lang='lat' dir='ltr'><strong>traham</strong></span> <span class='ocrx_word' id='word_1_396' title='bbox 998 3908 1063 3962; x_wconf 90' lang='lat' dir='ltr'><strong>ad</strong></span> <span class='ocrx_word' id='word_1_397' title='bbox 1102 3907 1387 3976; x_wconf 90' lang='lat' dir='ltr'><strong>meipsum.</strong></span> <span class='ocrx_word' id='word_1_398' title='bbox 1423 3924 1444 3959; x_wconf 74' lang='grc' dir='ltr'><strong>ι</strong></span> <span class='ocrx_word' id='word_1_399' title='bbox 1958 3918 1965 3921; x_wconf 73' lang='lat'>‘</span> 
     </span>
    </p>
   </div>
   <div class='ocr_carea' id='block_1_58' title="bbox 612 3995 2111 4068">
    <p class='ocr_par' dir='ltr' id='par_1_58' title="bbox 612 3995 2111 4068">
     <span class='ocr_line' id='line_1_58' title="bbox 612 3995 2111 4068; baseline -0.003 -14"><span class='ocrx_word' id='word_1_400' title='bbox 612 4000 745 4054; x_wconf 87' lang='lat' dir='ltr'><strong>Cum</strong></span> <span class='ocrx_word' id='word_1_401' title='bbox 777 3999 914 4055; x_wconf 76' lang='lat' dir='ltr'><strong>dixit</strong></span> <span class='ocrx_word' id='word_1_402' title='bbox 939 3999 1135 4061; x_wconf 83' lang='lat' dir='ltr'><strong>omnia,</strong></span> <span class='ocrx_word' id='word_1_403' title='bbox 1167 3999 1333 4053; x_wconf 89' lang='lat' dir='ltr'><strong>etiam</strong></span> <span class='ocrx_word' id='word_1_404' title='bbox 1363 3996 1594 4068; x_wconf 80' lang='lat' dir='ltr'><strong>gentiles</strong></span> <span class='ocrx_word' id='word_1_405' title='bbox 1623 3995 1946 4067; x_wconf 77' lang='lat' dir='ltr'><strong>designavit.</strong></span> <span class='ocrx_word' id='word_1_406' title='bbox 1977 3995 2111 4052; x_wconf 87' lang='lat' dir='ltr'><strong>Tra-</strong></span> 
     </span>
    </p>
   </div>
   <div class='ocr_carea' id='block_1_59' title="bbox 536 4088 2111 4160">
    <p class='ocr_par' dir='ltr' id='par_1_59' title="bbox 536 4088 2111 4160">
     <span class='ocr_line' id='line_1_59' title="bbox 536 4088 2111 4160; baseline -0.001 -15"><span class='ocrx_word' id='word_1_407' title='bbox 536 4092 614 4146; x_wconf 91' lang='lat' dir='ltr'><strong>hit</strong></span> <span class='ocrx_word' id='word_1_408' title='bbox 640 4102 844 4154; x_wconf 89' lang='lat' dir='ltr'><strong>autem,</strong></span> <span class='ocrx_word' id='word_1_409' title='bbox 874 4099 1133 4160; x_wconf 91' lang='lat' dir='ltr'><strong>tanquam</strong></span> <span class='ocrx_word' id='word_1_410' title='bbox 1156 4105 1186 4143; x_wconf 90' lang='lat' dir='ltr'><strong>a</strong></span> <span class='ocrx_word' id='word_1_411' title='bbox 1223 4099 1452 4159; x_wconf 84' lang='lat' dir='ltr'><strong>tyranno</strong></span> <span class='ocrx_word' id='word_1_412' title='bbox 1483 4088 1755 4152; x_wconf 84' lang='lat' dir='ltr'><strong>detentos,</strong></span> <span class='ocrx_word' id='word_1_413' title='bbox 1788 4098 1844 4143; x_wconf 89' lang='lat' dir='ltr'><strong>et</strong></span> <span class='ocrx_word' id='word_1_414' title='bbox 1874 4104 1981 4144; x_wconf 91' lang='lat' dir='ltr'><strong>non</strong></span> <span class='ocrx_word' id='word_1_415' title='bbox 2017 4105 2111 4144; x_wconf 88' lang='lat' dir='ltr'><strong>va-</strong></span> 
     </span>
    </p>
   </div>
   <div class='ocr_carea' id='block_1_60' title="bbox 535 4181 2108 4253">
    <p class='ocr_par' dir='ltr' id='par_1_60' title="bbox 535 4181 2108 4253">
     <span class='ocr_line' id='line_1_60' title="bbox 535 4181 2108 4253; baseline 0.001 -17"><span class='ocrx_word' id='word_1_416' title='bbox 535 4184 711 4237; x_wconf 83' lang='lat' dir='ltr'><strong>lentes</strong></span> <span class='ocrx_word' id='word_1_417' title='bbox 749 4199 814 4237; x_wconf 79' lang='lat' dir='ltr'><strong>ex</strong></span> <span class='ocrx_word' id='word_1_418' title='bbox 843 4183 1148 4251; x_wconf 85' lang='lat' dir='ltr'><strong>semetipsis</strong></span> <span class='ocrx_word' id='word_1_419' title='bbox 1175 4181 1413 4253; x_wconf 78' lang='lat' dir='ltr'><strong>eﬁ‘ugere</strong></span> <span class='ocrx_word' id='word_1_420' title='bbox 1449 4201 1466 4238; x_wconf 89' lang='lat'><strong>:</strong></span> <span class='ocrx_word' id='word_1_421' title='bbox 1500 4184 1647 4252; x_wconf 88' lang='lat' dir='ltr'><strong>quod</strong></span> <span class='ocrx_word' id='word_1_422' title='bbox 1695 4183 1825 4237; x_wconf 85' lang='lat' dir='ltr'><strong>alibi</strong></span> <span class='ocrx_word' id='word_1_423' title='bbox 1862 4184 2108 4252; x_wconf 88' lang='lat' dir='ltr'><strong>rapinam</strong></span> 
     </span>
    </p>
   </div>
   <div class='ocr_carea' id='block_1_61' title="bbox 534 4270 2109 4341">
    <p class='ocr_par' dir='ltr' id='par_1_61' title="bbox 534 4270 2109 4341">
     <span class='ocr_line' id='line_1_61' title="bbox 534 4270 2109 4341; baseline 0.001 -16"><span class='ocrx_word' id='word_1_424' title='bbox 534 4271 788 4340; x_wconf 81' lang='lat' dir='ltr'><strong>appellat.</strong></span> <span class='ocrx_word' id='word_1_425' title='bbox 805 4270 974 4326; x_wconf 82' lang='lat' dir='ltr'><strong>Nemo</strong></span> <span class='ocrx_word' id='word_1_426' title='bbox 1008 4272 1092 4326; x_wconf 90' lang='lat' dir='ltr'><strong>hic</strong></span> <span class='ocrx_word' id='word_1_427' title='bbox 1120 4271 1371 4340; x_wconf 82' lang='lat' dir='ltr'><strong>subjiciat</strong></span> <span class='ocrx_word' id='word_1_428' title='bbox 1394 4290 1409 4326; x_wconf 92' lang='lat'><strong>:</strong></span> <span class='ocrx_word' id='word_1_429' title='bbox 1435 4272 1716 4338; x_wconf 88' lang='lat' dir='ltr'><strong>Quomodo</strong></span> <span class='ocrx_word' id='word_1_430' title='bbox 1731 4287 1857 4341; x_wconf 91' lang='lat' dir='ltr'><strong>ergo</strong></span> <span class='ocrx_word' id='word_1_431' title='bbox 1880 4283 1933 4326; x_wconf 88' lang='lat' dir='ltr'><strong>te</strong></span> <span class='ocrx_word' id='word_1_432' title='bbox 1947 4287 2109 4341; x_wconf 84' lang='lat' dir='ltr'><strong>supe-</strong></span> 
     </span>
    </p>
   </div>
   <div class='ocr_carea' id='block_1_62' title="bbox 2225 1758 3447 1833">
    <p class='ocr_par' dir='ltr' id='par_1_62' title="bbox 2225 1758 3447 1833">
     <span class='ocr_line' id='line_1_62' title="bbox 2225 1758 3447 1833; baseline 0.006 -22"><span class='ocrx_word' id='word_1_433' title='bbox 2225 1758 2547 1829; x_wconf 86' lang='grc' dir='ltr'>πειθόμενος</span> <span class='ocrx_word' id='word_1_434' title='bbox 2579 1761 2715 1831; x_wconf 84' lang='grc' dir='ltr'>αὐτῇ</span> <span class='ocrx_word' id='word_1_435' title='bbox 2756 1760 3120 1833; x_wconf 78' lang='grc' dir='ltr'>ἐπιταττούσῃ</span> <span class='ocrx_word' id='word_1_436' title='bbox 3152 1764 3221 1814; x_wconf 79' lang='grc' dir='ltr'>τὰ</span> <span class='ocrx_word' id='word_1_437' title='bbox 3248 1761 3447 1818; x_wconf 81' lang='grc' dir='ltr'>ἄτοπα.</span> 
     </span>
    </p>
   </div>
   <div class='ocr_carea' id='block_1_63' title="bbox 2298 1873 3335 1947">
    <p class='ocr_par' dir='ltr' id='par_1_63' title="bbox 2298 1873 3335 1947">
     <span class='ocr_line' id='line_1_63' title="bbox 2298 1873 3335 1947; baseline 0.004 -23"><span class='ocrx_word' id='word_1_438' title='bbox 2298 1890 2319 1924; x_wconf 85' lang='grc'><strong><em>‹</em></strong></span> <span class='ocrx_word' id='word_1_439' title='bbox 2365 1873 2574 1945; x_wconf 87' lang='grc' dir='ltr'>Πάτερ,</span> <span class='ocrx_word' id='word_1_440' title='bbox 2605 1874 2828 1940; x_wconf 81' lang='grc' dir='ltr'>δόξασόν</span> <span class='ocrx_word' id='word_1_441' title='bbox 2866 1891 2960 1928; x_wconf 88' lang='grc' dir='ltr'><strong>σου</strong></span> <span class='ocrx_word' id='word_1_442' title='bbox 2988 1874 3047 1928; x_wconf 73' lang='grc' dir='ltr'>τὺ</span> <span class='ocrx_word' id='word_1_443' title='bbox 3079 1875 3271 1947; x_wconf 80' lang='grc' dir='ltr'>ὄνομα.</span> <span class='ocrx_word' id='word_1_444' title='bbox 3316 1895 3335 1928; x_wconf 73' lang='grc' dir='ltr'><strong>ι</strong></span> 
     </span>
    </p>
   </div>
   <div class='ocr_carea' id='block_1_64' title="bbox 2296 1961 3781 2042">
    <p class='ocr_par' dir='ltr' id='par_1_64' title="bbox 2296 1961 3781 2042">
     <span class='ocr_line' id='line_1_64' title="bbox 2296 1961 3781 2042; baseline 0.007 -28"><span class='ocrx_word' id='word_1_445' title='bbox 2296 1962 2467 2027; x_wconf 82' lang='grc' dir='ltr'>Δόξαν</span> <span class='ocrx_word' id='word_1_446' title='bbox 2500 1964 2559 2016; x_wconf 83' lang='grc' dir='ltr'>δὲ</span> <span class='ocrx_word' id='word_1_447' title='bbox 2587 1965 2745 2018; x_wconf 78' lang='grc' dir='ltr'>καλεῖ</span> <span class='ocrx_word' id='word_1_448' title='bbox 2782 1965 2873 2019; x_wconf 69' lang='grc' dir='ltr'><strong>τὸν</strong></span> <span class='ocrx_word' id='word_1_449' title='bbox 2919 1965 3175 2036; x_wconf 78' lang='grc' dir='ltr'>σταυρὸν,</span> <span class='ocrx_word' id='word_1_450' title='bbox 3218 1966 3287 2021; x_wconf 84' lang='grc' dir='ltr'>δι’</span> <span class='ocrx_word' id='word_1_451' title='bbox 3321 1961 3383 2022; x_wconf 73' lang='grc' dir='ltr'>οὗ</span> <span class='ocrx_word' id='word_1_452' title='bbox 3426 1969 3475 2022; x_wconf 80' lang='grc' dir='ltr'>οἱ</span> <span class='ocrx_word' id='word_1_453' title='bbox 3532 1969 3781 2042; x_wconf 70' lang='grc' dir='ltr'>ἄνθρωποι</span> 
     </span>
    </p>
   </div>
   <div class='ocr_carea' id='block_1_65' title="bbox 2222 2051 3144 2131">
    <p class='ocr_par' dir='ltr' id='par_1_65' title="bbox 2222 2051 3144 2131">
     <span class='ocr_line' id='line_1_65' title="bbox 2222 2051 3144 2131; baseline 0.011 -26"><span class='ocrx_word' id='word_1_454' title='bbox 2222 2051 2467 2122; x_wconf 77' lang='grc' dir='ltr'>ἔγνωσαν</span> <span class='ocrx_word' id='word_1_455' title='bbox 2493 2055 2555 2109; x_wconf 83' lang='grc' dir='ltr'>τὺ</span> <span class='ocrx_word' id='word_1_456' title='bbox 2587 2056 2679 2109; x_wconf 74' lang='grc' dir='ltr'>τοῦ</span> <span class='ocrx_word' id='word_1_457' title='bbox 2712 2058 2926 2129; x_wconf 80' lang='grc' dir='ltr'>[ἰατρὸς</span> <span class='ocrx_word' id='word_1_458' title='bbox 2949 2059 3144 2131; x_wconf 69' lang='grc' dir='ltr'>ὄνομα.</span> 
     </span>
    </p>
   </div>
   <div class='ocr_carea' id='block_1_66' title="bbox 2290 2137 3773 2222">
    <p class='ocr_par' dir='ltr' id='par_1_66' title="bbox 2290 2137 3773 2222">
     <span class='ocr_line' id='line_1_66' title="bbox 2290 2137 3773 2222; baseline 0.005 -23"><span class='ocrx_word' id='word_1_459' title='bbox 2290 2137 2514 2199; x_wconf 67' lang='grc' dir='ltr'>Ἦλθεν</span> <span class='ocrx_word' id='word_1_460' title='bbox 2552 2140 2668 2199; x_wconf 81' lang='grc' dir='ltr'><strong>οὖν</strong></span> <span class='ocrx_word' id='word_1_461' title='bbox 2709 2146 2881 2216; x_wconf 73' lang='grc' dir='ltr'>φωνὴ</span> <span class='ocrx_word' id='word_1_462' title='bbox 2936 2149 3005 2202; x_wconf 81' lang='grc' dir='ltr'><strong>ἐκ</strong></span> <span class='ocrx_word' id='word_1_463' title='bbox 3041 2147 3149 2202; x_wconf 87' lang='grc' dir='ltr'>τοῦ</span> <span class='ocrx_word' id='word_1_464' title='bbox 3196 2149 3481 2219; x_wconf 81' lang='grc' dir='ltr'>οὐρανοῦ.</span> <span class='ocrx_word' id='word_1_465' title='bbox 3529 2151 3646 2216; x_wconf 88' lang='grc' dir='ltr'>Πῶς</span> <span class='ocrx_word' id='word_1_466' title='bbox 3673 2152 3773 2222; x_wconf 77' lang='grc' dir='ltr'><strong>δὲή</strong></span> 
     </span>
    </p>
   </div>
   <div class='ocr_carea' id='block_1_67' title="bbox 2222 2237 3777 2315">
    <p class='ocr_par' dir='ltr' id='par_1_67' title="bbox 2222 2237 3777 2315">
     <span class='ocr_line' id='line_1_67' title="bbox 2222 2237 3777 2315; baseline 0.005 -25"><span class='ocrx_word' id='word_1_467' title='bbox 2222 2237 2373 2309; x_wconf 82' lang='grc' dir='ltr'>φωνὴ</span> <span class='ocrx_word' id='word_1_468' title='bbox 2403 2238 2792 2311; x_wconf 86' lang='grc' dir='ltr'>διεσκευάσθη,</span> <span class='ocrx_word' id='word_1_469' title='bbox 2824 2242 2924 2312; x_wconf 82' lang='grc' dir='ltr'>οὐχ</span> <span class='ocrx_word' id='word_1_470' title='bbox 2950 2240 3110 2312; x_wconf 82' lang='grc' dir='ltr'>ἡμῶν</span> <span class='ocrx_word' id='word_1_471' title='bbox 3151 2242 3301 2294; x_wconf 78' lang='grc' dir='ltr'>ἐστιν</span> <span class='ocrx_word' id='word_1_472' title='bbox 3331 2243 3516 2297; x_wconf 73' lang='grc' dir='ltr'>εἰπεῖν</span> <span class='ocrx_word' id='word_1_473' title='bbox 3536 2258 3550 2272; x_wconf 83' lang='grc'><strong>’</strong></span> <span class='ocrx_word' id='word_1_474' title='bbox 3590 2246 3646 2298; x_wconf 82' lang='grc' dir='ltr'><strong>ού</strong></span> <span class='ocrx_word' id='word_1_475' title='bbox 3688 2248 3777 2315; x_wconf 77' lang='grc' dir='ltr'><strong>γὰρ</strong></span> 
     </span>
    </p>
   </div>
   <div class='ocr_carea' id='block_1_68' title="bbox 2223 2329 3775 2408">
    <p class='ocr_par' dir='ltr' id='par_1_68' title="bbox 2223 2329 3775 2408">
     <span class='ocr_line' id='line_1_68' title="bbox 2223 2329 3775 2408; baseline 0.004 -26"><span class='ocrx_word' id='word_1_476' title='bbox 2223 2330 2383 2400; x_wconf 89' lang='grc' dir='ltr'>σῶμα</span> <span class='ocrx_word' id='word_1_477' title='bbox 2403 2329 2542 2400; x_wconf 75' lang='grc' dir='ltr'>ἔχων</span> <span class='ocrx_word' id='word_1_478' title='bbox 2569 2332 2598 2383; x_wconf 90' lang='lat'><strong>6</strong></span> <span class='ocrx_word' id='word_1_479' title='bbox 2624 2332 2819 2404; x_wconf 81' lang='grc' dir='ltr'>Πατὴρ</span> <span class='ocrx_word' id='word_1_480' title='bbox 2850 2333 3132 2405; x_wconf 87' lang='grc' dir='ltr'>ἐλάλησεν,</span> <span class='ocrx_word' id='word_1_481' title='bbox 3162 2334 3238 2398; x_wconf 82' lang='grc' dir='ltr'>ὥς</span> <span class='ocrx_word' id='word_1_482' title='bbox 3262 2351 3406 2399; x_wconf 87' lang='grc' dir='ltr'>τινες</span> <span class='ocrx_word' id='word_1_483' title='bbox 3435 2336 3775 2408; x_wconf 73' lang='grc' dir='ltr'>ἐπεχείρησαν</span> 
     </span>
    </p>
   </div>
   <div class='ocr_carea' id='block_1_69' title="bbox 2221 2425 2725 2496">
    <p class='ocr_par' dir='ltr' id='par_1_69' title="bbox 2221 2425 2725 2496">
     <span class='ocr_line' id='line_1_69' title="bbox 2221 2425 2725 2496; baseline 0.004 -20"><span class='ocrx_word' id='word_1_484' title='bbox 2221 2426 2397 2478; x_wconf 82' lang='grc' dir='ltr'>εἰπεῖν</span> <span class='ocrx_word' id='word_1_485' title='bbox 2432 2425 2725 2496; x_wconf 85' lang='grc' dir='ltr'>αίρετικοί.</span> 
     </span>
    </p>
   </div>
   <div class='ocr_carea' id='block_1_70' title="bbox 2289 2504 3770 2590">
    <p class='ocr_par' dir='ltr' id='par_1_70' title="bbox 2289 2504 3770 2590">
     <span class='ocr_line' id='line_1_70' title="bbox 2289 2504 3770 2590; baseline 0.002 -22"><span class='ocrx_word' id='word_1_486' title='bbox 2289 2516 2662 2588; x_wconf 75' lang='grc' dir='ltr'>Περίὸλεπτος</span> <span class='ocrx_word' id='word_1_487' title='bbox 2688 2517 2787 2586; x_wconf 89' lang='grc' dir='ltr'><strong>μέν</strong></span> <span class='ocrx_word' id='word_1_488' title='bbox 2807 2511 2877 2589; x_wconf 76' lang='grc' dir='ltr'>ἦν</span> <span class='ocrx_word' id='word_1_489' title='bbox 2901 2517 2989 2571; x_wconf 72' lang='grc' dir='ltr'>ἀεὶ</span> <span class='ocrx_word' id='word_1_490' title='bbox 3017 2504 3201 2582; x_wconf 73' lang='grc' dir='ltr'>ὁΎίὸς</span> <span class='ocrx_word' id='word_1_491' title='bbox 3230 2520 3287 2571; x_wconf 90' lang='grc' dir='ltr'><strong>ἐν</strong></span> <span class='ocrx_word' id='word_1_492' title='bbox 3316 2515 3434 2582; x_wconf 78' lang='grc' dir='ltr'>τοῖς</span> <span class='ocrx_word' id='word_1_493' title='bbox 3452 2519 3770 2590; x_wconf 66' lang='grc' dir='ltr'>παραδόξοις,</span> 
     </span>
    </p>
   </div>
   <div class='ocr_carea' id='block_1_71' title="bbox 2221 2608 3772 2681">
    <p class='ocr_par' dir='ltr' id='par_1_71' title="bbox 2221 2608 3772 2681">
     <span class='ocr_line' id='line_1_71' title="bbox 2221 2608 3772 2681; baseline 0 -19"><span class='ocrx_word' id='word_1_494' title='bbox 2221 2609 2482 2681; x_wconf 82' lang='grc' dir='ltr'>συνεργὸν</span> <span class='ocrx_word' id='word_1_495' title='bbox 2517 2608 2659 2680; x_wconf 79' lang='grc' dir='ltr'>ἔχων</span> <span class='ocrx_word' id='word_1_496' title='bbox 2687 2609 2777 2662; x_wconf 83' lang='grc' dir='ltr'><strong>τὸν</strong></span> <span class='ocrx_word' id='word_1_497' title='bbox 2809 2610 3049 2681; x_wconf 80' lang='grc' dir='ltr'>Πατέρα,</span> <span class='ocrx_word' id='word_1_498' title='bbox 3094 2610 3189 2663; x_wconf 71' lang='grc' dir='ltr'>καὶ</span> <span class='ocrx_word' id='word_1_499' title='bbox 3220 2610 3470 2675; x_wconf 83' lang='grc' dir='ltr'>εἰσαῦθις</span> <span class='ocrx_word' id='word_1_500' title='bbox 3504 2614 3561 2666; x_wconf 77' lang='grc' dir='ltr'>δὲ</span> <span class='ocrx_word' id='word_1_501' title='bbox 3591 2612 3772 2675; x_wconf 75' lang='grc' dir='ltr'>δοξάζει</span> 
     </span>
    </p>
   </div>
   <div class='ocr_carea' id='block_1_72' title="bbox 2219 2700 3769 2775">
    <p class='ocr_par' dir='ltr' id='par_1_72' title="bbox 2219 2700 3769 2775">
     <span class='ocr_line' id='line_1_72' title="bbox 2219 2700 3769 2775; baseline 0.001 -21"><span class='ocrx_word' id='word_1_502' title='bbox 2219 2701 2379 2754; x_wconf 81' lang='grc' dir='ltr'>αὐτὸν</span> <span class='ocrx_word' id='word_1_503' title='bbox 2408 2701 2499 2755; x_wconf 86' lang='grc' dir='ltr'>διὰ</span> <span class='ocrx_word' id='word_1_504' title='bbox 2521 2702 2618 2754; x_wconf 80' lang='grc' dir='ltr'>τοῦ</span> <span class='ocrx_word' id='word_1_505' title='bbox 2652 2700 2744 2754; x_wconf 83' lang='grc' dir='ltr'><strong>ἐπὶ</strong></span> <span class='ocrx_word' id='word_1_506' title='bbox 2783 2700 2860 2772; x_wconf 84' lang='grc' dir='ltr'>τῷ</span> <span class='ocrx_word' id='word_1_507' title='bbox 2891 2702 3109 2772; x_wconf 85' lang='grc' dir='ltr'>θανάτῳ</span> <span class='ocrx_word' id='word_1_508' title='bbox 3139 2703 3392 2772; x_wconf 89' lang='grc' dir='ltr'>σημείου.</span> <span class='ocrx_word' id='word_1_509' title='bbox 3444 2704 3529 2768; x_wconf 82' lang='grc' dir='ltr'>Ὠς</span> <span class='ocrx_word' id='word_1_510' title='bbox 3569 2704 3670 2775; x_wconf 85' lang='grc' dir='ltr'><strong>γάρ</strong></span> <span class='ocrx_word' id='word_1_511' title='bbox 3692 2703 3769 2756; x_wconf 83' lang='grc' dir='ltr'><strong>ἄν·</strong></span> 
     </span>
    </p>
   </div>
   <div class='ocr_carea' id='block_1_73' title="bbox 2219 2792 3769 2867">
    <p class='ocr_par' dir='ltr' id='par_1_73' title="bbox 2219 2792 3769 2867">
     <span class='ocr_line' id='line_1_73' title="bbox 2219 2792 3769 2867; baseline 0.002 -22"><span class='ocrx_word' id='word_1_512' title='bbox 2219 2792 2459 2864; x_wconf 87' lang='grc' dir='ltr'>θρωπος,</span> <span class='ocrx_word' id='word_1_513' title='bbox 2507 2794 2596 2847; x_wconf 84' lang='grc' dir='ltr'><strong>διά</strong></span> <span class='ocrx_word' id='word_1_514' title='bbox 2628 2793 2722 2847; x_wconf 82' lang='grc' dir='ltr'>τοῦ</span> <span class='ocrx_word' id='word_1_515' title='bbox 2765 2795 2982 2865; x_wconf 75' lang='grc' dir='ltr'>[ἰατρὸς</span> <span class='ocrx_word' id='word_1_516' title='bbox 3010 2794 3253 2867; x_wconf 72' lang='grc' dir='ltr'>ἠγέρθη·</span> <span class='ocrx_word' id='word_1_517' title='bbox 3291 2796 3343 2848; x_wconf 81' lang='grc' dir='ltr'><strong>εί</strong></span> <span class='ocrx_word' id='word_1_518' title='bbox 3383 2797 3480 2850; x_wconf 81' lang='grc' dir='ltr'>καὶ</span> <span class='ocrx_word' id='word_1_519' title='bbox 3520 2797 3594 2860; x_wconf 87' lang='grc' dir='ltr'>ὡς</span> <span class='ocrx_word' id='word_1_520' title='bbox 3633 2796 3769 2865; x_wconf 73' lang='grc' dir='ltr'>φύσει</span> 
     </span>
    </p>
   </div>
   <div class='ocr_carea' id='block_1_74' title="bbox 2217 2885 3021 2958">
    <p class='ocr_par' dir='ltr' id='par_1_74' title="bbox 2217 2885 3021 2958">
     <span class='ocr_line' id='line_1_74' title="bbox 2217 2885 3021 2958; baseline -0.001 -19"><span class='ocrx_word' id='word_1_521' title='bbox 2217 2886 2350 2951; x_wconf 83' lang='grc' dir='ltr'>Θεὸς</span> <span class='ocrx_word' id='word_1_522' title='bbox 2378 2888 2407 2940; x_wconf 90' lang='lat'><strong>6</strong></span> <span class='ocrx_word' id='word_1_523' title='bbox 2430 2885 2557 2950; x_wconf 78' lang='grc' dir='ltr'>Υἱὸς</span> <span class='ocrx_word' id='word_1_524' title='bbox 2582 2885 2775 2939; x_wconf 77' lang='grc' dir='ltr'>ἑαυτὸν</span> <span class='ocrx_word' id='word_1_525' title='bbox 2808 2886 3021 2958; x_wconf 67' lang='grc' dir='ltr'>ἤγειρε.</span> 
     </span>
    </p>
   </div>
   <div class='ocr_carea' id='block_1_75' title="bbox 2294 3061 3769 3135">
    <p class='ocr_par' dir='ltr' id='par_1_75' title="bbox 2294 3061 3769 3135">
     <span class='ocr_line' id='line_1_75' title="bbox 2294 3061 3769 3135; baseline 0.002 -21"><span class='ocrx_word' id='word_1_526' title='bbox 2294 3081 2313 3114; x_wconf 80' lang='grc' dir='ltr'><strong>ι</strong></span> <span class='ocrx_word' id='word_1_527' title='bbox 2361 3062 2419 3115; x_wconf 86' lang='grc' dir='ltr'>Ὀ</span> <span class='ocrx_word' id='word_1_528' title='bbox 2452 3061 2546 3116; x_wconf 78' lang='grc' dir='ltr'><strong>οὖν</strong></span> <span class='ocrx_word' id='word_1_529' title='bbox 2576 3061 2732 3133; x_wconf 76' lang='grc' dir='ltr'>ὄχλος</span> <span class='ocrx_word' id='word_1_530' title='bbox 2763 3064 2791 3116; x_wconf 89' lang='lat'><strong>6</strong></span> <span class='ocrx_word' id='word_1_531' title='bbox 2822 3062 2994 3125; x_wconf 79' lang='grc' dir='ltr'>ἑστὼς</span> <span class='ocrx_word' id='word_1_532' title='bbox 3028 3062 3125 3116; x_wconf 70' lang='grc' dir='ltr'>καὶ</span> <span class='ocrx_word' id='word_1_533' title='bbox 3158 3061 3421 3129; x_wconf 86' lang='grc' dir='ltr'>ἀκούσας,</span> <span class='ocrx_word' id='word_1_534' title='bbox 3454 3064 3599 3133; x_wconf 77' lang='grc' dir='ltr'>ἔλεγε</span> <span class='ocrx_word' id='word_1_535' title='bbox 3627 3063 3769 3135; x_wconf 70' lang='grc' dir='ltr'>βρονο</span> 
     </span>
    </p>
   </div>
   <div class='ocr_carea' id='block_1_76' title="bbox 2216 3152 3771 3224">
    <p class='ocr_par' dir='ltr' id='par_1_76' title="bbox 2216 3152 3771 3224">
     <span class='ocr_line' id='line_1_76' title="bbox 2216 3152 3771 3224; baseline 0.001 -17"><span class='ocrx_word' id='word_1_536' title='bbox 2216 3153 2315 3223; x_wconf 81' lang='grc' dir='ltr'>τὴν</span> <span class='ocrx_word' id='word_1_537' title='bbox 2345 3154 2650 3222; x_wconf 82' lang='grc' dir='ltr'>γεγονέναι.</span> <span class='ocrx_word' id='word_1_538' title='bbox 2688 3152 2873 3207; x_wconf 76' lang='grc' dir='ltr'>’Ἄλλοι</span> <span class='ocrx_word' id='word_1_539' title='bbox 2920 3152 3137 3222; x_wconf 78' lang='grc' dir='ltr'>ἔλεγον·</span> <span class='ocrx_word' id='word_1_540' title='bbox 3188 3155 3452 3223; x_wconf 72' lang='grc' dir='ltr'>Ἀγγελος</span> <span class='ocrx_word' id='word_1_541' title='bbox 3497 3155 3643 3224; x_wconf 77' lang='grc' dir='ltr'>αύτῷ</span> <span class='ocrx_word' id='word_1_542' title='bbox 3686 3154 3771 3208; x_wconf 82' lang='grc' dir='ltr'>λε-</span> 
     </span>
    </p>
   </div>
   <div class='ocr_carea' id='block_1_77' title="bbox 2216 3242 2526 3312">
    <p class='ocr_par' dir='ltr' id='par_1_77' title="bbox 2216 3242 2526 3312">
     <span class='ocr_line' id='line_1_77' title="bbox 2216 3242 2526 3312; baseline -0.003 -17"><span class='ocrx_word' id='word_1_543' title='bbox 2216 3242 2470 3312; x_wconf 86' lang='grc' dir='ltr'>λάληκεν.</span> <span class='ocrx_word' id='word_1_544' title='bbox 2506 3261 2526 3294; x_wconf 75' lang='lat' dir='ltr'><strong>s</strong></span> 
     </span>
    </p>
   </div>
   <div class='ocr_carea' id='block_1_78' title="bbox 2289 3332 3767 3405">
    <p class='ocr_par' dir='ltr' id='par_1_78' title="bbox 2289 3332 3767 3405">
     <span class='ocr_line' id='line_1_78' title="bbox 2289 3332 3767 3405; baseline -0.003 -17"><span class='ocrx_word' id='word_1_545' title='bbox 2289 3335 2380 3405; x_wconf 86' lang='grc' dir='ltr'>Τῷ</span> <span class='ocrx_word' id='word_1_546' title='bbox 2417 3334 2515 3404; x_wconf 82' lang='grc' dir='ltr'><strong>μὲν</strong></span> <span class='ocrx_word' id='word_1_547' title='bbox 2550 3332 2745 3403; x_wconf 85' lang='grc' dir='ltr'>πλήθει</span> <span class='ocrx_word' id='word_1_548' title='bbox 2786 3332 2999 3405; x_wconf 79' lang='grc' dir='ltr'>ἄσημος</span> <span class='ocrx_word' id='word_1_549' title='bbox 3028 3335 3062 3405; x_wconf 87' lang='grc' dir='ltr'><strong>ἡ</strong></span> <span class='ocrx_word' id='word_1_550' title='bbox 3092 3334 3261 3404; x_wconf 80' lang='grc' dir='ltr'>φωνὴ,</span> <span class='ocrx_word' id='word_1_551' title='bbox 3308 3334 3434 3397; x_wconf 71' lang='grc' dir='ltr'>ἴσως</span> <span class='ocrx_word' id='word_1_552' title='bbox 3460 3332 3513 3384; x_wconf 84' lang='grc' dir='ltr'>δὲ</span> <span class='ocrx_word' id='word_1_553' title='bbox 3535 3333 3615 3387; x_wconf 85' lang='grc' dir='ltr'>ὅτι</span> <span class='ocrx_word' id='word_1_554' title='bbox 3656 3333 3767 3397; x_wconf 86' lang='grc' dir='ltr'>τοῖς</span> 
     </span>
    </p>
   </div>
   <div class='ocr_carea' id='block_1_79' title="bbox 2219 3424 3771 3498">
    <p class='ocr_par' dir='ltr' id='par_1_79' title="bbox 2219 3424 3771 3498">
     <span class='ocr_line' id='line_1_79' title="bbox 2219 3424 3771 3498; baseline -0.003 -17"><span class='ocrx_word' id='word_1_555' title='bbox 2219 3427 2487 3498; x_wconf 80' lang='grc' dir='ltr'>μαθηταῖς</span> <span class='ocrx_word' id='word_1_556' title='bbox 2515 3425 2604 3479; x_wconf 80' lang='grc' dir='ltr'>διὰ</span> <span class='ocrx_word' id='word_1_557' title='bbox 2630 3424 2726 3479; x_wconf 79' lang='grc' dir='ltr'>τοῦ</span> <span class='ocrx_word' id='word_1_558' title='bbox 2766 3426 3005 3496; x_wconf 79' lang='grc' dir='ltr'>Χριστοῦ</span> <span class='ocrx_word' id='word_1_559' title='bbox 3057 3426 3381 3498; x_wconf 85' lang='grc' dir='ltr'>ἐγνωρίσθη.</span> <span class='ocrx_word' id='word_1_560' title='bbox 3412 3425 3553 3480; x_wconf 75' lang='grc' dir='ltr'>Ἔδει</span> <span class='ocrx_word' id='word_1_561' title='bbox 3585 3424 3771 3495; x_wconf 73' lang='grc' dir='ltr'>νοῆσαι</span> 
     </span>
    </p>
   </div>
   <div class='ocr_carea' id='block_1_80' title="bbox 2214 3514 3771 3591">
    <p class='ocr_par' dir='ltr' id='par_1_80' title="bbox 2214 3514 3771 3591">
     <span class='ocr_line' id='line_1_80' title="bbox 2214 3514 3771 3591; baseline -0.002 -18"><span class='ocrx_word' id='word_1_562' title='bbox 2214 3522 2340 3584; x_wconf 74' lang='grc' dir='ltr'>τοὺς</span> <span class='ocrx_word' id='word_1_563' title='bbox 2386 3519 2693 3585; x_wconf 82' lang='grc' dir='ltr'>Ἰουδαίους,</span> <span class='ocrx_word' id='word_1_564' title='bbox 2729 3520 2807 3572; x_wconf 78' lang='grc' dir='ltr'><strong>ὅτι</strong></span> <span class='ocrx_word' id='word_1_565' title='bbox 2842 3521 2870 3572; x_wconf 94' lang='lat'><strong>6</strong></span> <span class='ocrx_word' id='word_1_566' title='bbox 2899 3519 3086 3591; x_wconf 80' lang='grc' dir='ltr'>Πατὴρ</span> <span class='ocrx_word' id='word_1_567' title='bbox 3116 3514 3206 3591; x_wconf 77' lang='grc' dir='ltr'>ἦν,</span> <span class='ocrx_word' id='word_1_568' title='bbox 3237 3524 3265 3574; x_wconf 87' lang='lat'><strong>6</strong></span> <span class='ocrx_word' id='word_1_569' title='bbox 3298 3518 3771 3588; x_wconf 77' lang='grc' dir='ltr'>ἀντιφθεγξάμενος</span> 
     </span>
    </p>
   </div>
   <div class='ocr_carea' id='block_1_81' title="bbox 2215 3606 3767 3684">
    <p class='ocr_par' dir='ltr' id='par_1_81' title="bbox 2215 3606 3767 3684">
     <span class='ocr_line' id='line_1_81' title="bbox 2215 3606 3767 3684; baseline -0.002 -20"><span class='ocrx_word' id='word_1_570' title='bbox 2215 3610 2336 3664; x_wconf 81' lang='grc' dir='ltr'>καθ’</span> <span class='ocrx_word' id='word_1_571' title='bbox 2367 3610 2425 3664; x_wconf 80' lang='grc' dir='ltr'>ὃν</span> <span class='ocrx_word' id='word_1_572' title='bbox 2447 3609 2556 3665; x_wconf 80' lang='grc' dir='ltr'>οἶδε</span> <span class='ocrx_word' id='word_1_573' title='bbox 2577 3611 2778 3682; x_wconf 83' lang='grc' dir='ltr'>τρόπον</span> <span class='ocrx_word' id='word_1_574' title='bbox 2796 3626 2809 3640; x_wconf 73' lang='grc'><strong>⁸</strong></span> <span class='ocrx_word' id='word_1_575' title='bbox 2832 3610 2893 3663; x_wconf 84' lang='grc' dir='ltr'><strong>οὐ</strong></span> <span class='ocrx_word' id='word_1_576' title='bbox 2913 3610 3020 3683; x_wconf 86' lang='grc' dir='ltr'>γὰρ</span> <span class='ocrx_word' id='word_1_577' title='bbox 3049 3610 3276 3684; x_wconf 78' lang='grc' dir='ltr'>βροντὴν</span> <span class='ocrx_word' id='word_1_578' title='bbox 3298 3612 3497 3683; x_wconf 71' lang='grc' dir='ltr'>ᾔτησεν</span> <span class='ocrx_word' id='word_1_579' title='bbox 3522 3612 3550 3664; x_wconf 90' lang='lat'><strong>6</strong></span> <span class='ocrx_word' id='word_1_580' title='bbox 3582 3606 3767 3680; x_wconf 74' lang='grc' dir='ltr'>Ἰησοῦς</span> 
     </span>
    </p>
   </div>
   <div class='ocr_carea' id='block_1_82' title="bbox 2213 3701 2489 3771">
    <p class='ocr_par' dir='ltr' id='par_1_82' title="bbox 2213 3701 2489 3771">
     <span class='ocr_line' id='line_1_82' title="bbox 2213 3701 2489 3771; baseline 0.004 -16"><span class='ocrx_word' id='word_1_581' title='bbox 2213 3701 2489 3771; x_wconf 84' lang='grc' dir='ltr'>γενέσθαι.</span> 
     </span>
    </p>
   </div>
   <div class='ocr_carea' id='block_1_83' title="bbox 2289 3810 3765 3890">
    <p class='ocr_par' dir='ltr' id='par_1_83' title="bbox 2289 3810 3765 3890">
     <span class='ocr_line' id='line_1_83' title="bbox 2289 3810 3765 3890; baseline -0.004 -22"><span class='ocrx_word' id='word_1_582' title='bbox 2289 3835 2309 3868; x_wconf 83' lang='grc' dir='ltr'><strong>ι</strong></span> <span class='ocrx_word' id='word_1_583' title='bbox 2352 3814 2522 3884; x_wconf 80' lang='grc' dir='ltr'>Κάγὼ</span> <span class='ocrx_word' id='word_1_584' title='bbox 2549 3815 2645 3868; x_wconf 82' lang='grc' dir='ltr'><strong>ἐὰν</strong></span> <span class='ocrx_word' id='word_1_585' title='bbox 2674 3815 2874 3886; x_wconf 78' lang='grc' dir='ltr'>ὑψωθῶ</span> <span class='ocrx_word' id='word_1_586' title='bbox 2907 3818 2971 3871; x_wconf 86' lang='grc' dir='ltr'><strong>ἐκ</strong></span> <span class='ocrx_word' id='word_1_587' title='bbox 2999 3816 3102 3890; x_wconf 85' lang='grc' dir='ltr'>τῆς</span> <span class='ocrx_word' id='word_1_588' title='bbox 3142 3815 3273 3886; x_wconf 81' lang='grc' dir='ltr'>γῆς,</span> <span class='ocrx_word' id='word_1_589' title='bbox 3326 3815 3535 3878; x_wconf 79' lang='grc' dir='ltr'>πάντας</span> <span class='ocrx_word' id='word_1_590' title='bbox 3577 3810 3765 3866; x_wconf 80' lang='grc' dir='ltr'>ἑλκύσω</span> 
     </span>
    </p>
   </div>
   <div class='ocr_carea' id='block_1_84' title="bbox 2212 3907 2708 3978">
    <p class='ocr_par' dir='ltr' id='par_1_84' title="bbox 2212 3907 2708 3978">
     <span class='ocr_line' id='line_1_84' title="bbox 2212 3907 2708 3978; baseline -0.002 -17"><span class='ocrx_word' id='word_1_591' title='bbox 2212 3907 2353 3978; x_wconf 77' lang='grc' dir='ltr'>πρὸς</span> <span class='ocrx_word' id='word_1_592' title='bbox 2391 3908 2648 3977; x_wconf 86' lang='grc' dir='ltr'>ἐμαυτόν.</span> <span class='ocrx_word' id='word_1_593' title='bbox 2687 3929 2708 3960; x_wconf 73' lang='grc' dir='ltr'><strong>ο</strong></span> 
     </span>
    </p>
   </div>
   <div class='ocr_carea' id='block_1_85' title="bbox 2283 3995 3759 4067">
    <p class='ocr_par' dir='ltr' id='par_1_85' title="bbox 2283 3995 3759 4067">
     <span class='ocr_line' id='line_1_85' title="bbox 2283 3995 3759 4067; baseline -0.005 -14"><span class='ocrx_word' id='word_1_594' title='bbox 2283 3998 2471 4053; x_wconf 81' lang='grc' dir='ltr'>Εἰπὼν</span> <span class='ocrx_word' id='word_1_595' title='bbox 2520 3999 2789 4065; x_wconf 79' lang='grc' dir='ltr'>Πάντας,</span> <span class='ocrx_word' id='word_1_596' title='bbox 2842 3999 2937 4052; x_wconf 80' lang='grc' dir='ltr'>καὶ</span> <span class='ocrx_word' id='word_1_597' title='bbox 2986 3998 3114 4062; x_wconf 81' lang='grc' dir='ltr'>τοὺς</span> <span class='ocrx_word' id='word_1_598' title='bbox 3167 3996 3228 4063; x_wconf 80' lang='grc' dir='ltr'>ἐξ</span> <span class='ocrx_word' id='word_1_599' title='bbox 3277 3996 3451 4051; x_wconf 90' lang='grc' dir='ltr'>ἐθνῶν</span> <span class='ocrx_word' id='word_1_600' title='bbox 3511 3995 3759 4067; x_wconf 77' lang='grc' dir='ltr'>σημαίνει.</span> 
     </span>
    </p>
   </div>
   <div class='ocr_carea' id='block_1_86' title="bbox 2215 4085 3759 4160">
    <p class='ocr_par' dir='ltr' id='par_1_86' title="bbox 2215 4085 3759 4160">
     <span class='ocr_line' id='line_1_86' title="bbox 2215 4085 3759 4160; baseline -0.005 -16"><span class='ocrx_word' id='word_1_601' title='bbox 2215 4091 2403 4144; x_wconf 88' lang='grc' dir='ltr'>Ἕλκει</span> <span class='ocrx_word' id='word_1_602' title='bbox 2448 4090 2505 4145; x_wconf 81' lang='grc' dir='ltr'>δὲ</span> <span class='ocrx_word' id='word_1_603' title='bbox 2548 4090 2624 4154; x_wconf 84' lang='grc' dir='ltr'>ὡς</span> <span class='ocrx_word' id='word_1_604' title='bbox 2673 4090 2778 4143; x_wconf 80' lang='grc' dir='ltr'><strong>ὑπὸ</strong></span> <span class='ocrx_word' id='word_1_605' title='bbox 2809 4091 3072 4159; x_wconf 85' lang='grc' dir='ltr'>τυράννου</span> <span class='ocrx_word' id='word_1_606' title='bbox 3124 4090 3554 4160; x_wconf 84' lang='grc' dir='ltr'>κατεχομένους,</span> <span class='ocrx_word' id='word_1_607' title='bbox 3596 4088 3680 4142; x_wconf 77' lang='grc' dir='ltr'><strong>καὶ</strong></span> <span class='ocrx_word' id='word_1_608' title='bbox 3710 4085 3759 4138; x_wconf 82' lang='grc' dir='ltr'>οὐ</span> 
     </span>
    </p>
   </div>
   <div class='ocr_carea' id='block_1_87' title="bbox 2211 4177 3763 4254">
    <p class='ocr_par' dir='ltr' id='par_1_87' title="bbox 2211 4177 3763 4254">
     <span class='ocr_line' id='line_1_87' title="bbox 2211 4177 3763 4254; baseline -0.005 -17"><span class='ocrx_word' id='word_1_609' title='bbox 2211 4183 2541 4254; x_wconf 77' lang='grc' dir='ltr'>δυναμένους</span> <span class='ocrx_word' id='word_1_610' title='bbox 2572 4183 2665 4252; x_wconf 75' lang='grc' dir='ltr'>ἀφ’</span> <span class='ocrx_word' id='word_1_611' title='bbox 2697 4183 2908 4237; x_wconf 82' lang='grc' dir='ltr'>ἑαυτῶν</span> <span class='ocrx_word' id='word_1_612' title='bbox 2936 4185 3152 4252; x_wconf 83' lang='grc' dir='ltr'>φυγεῖν,</span> <span class='ocrx_word' id='word_1_613' title='bbox 3199 4183 3340 4254; x_wconf 83' lang='grc' dir='ltr'>ὅπερ</span> <span class='ocrx_word' id='word_1_614' title='bbox 3373 4179 3609 4252; x_wconf 84' lang='grc' dir='ltr'>ἀλλαχοῦ</span> <span class='ocrx_word' id='word_1_615' title='bbox 3633 4177 3763 4232; x_wconf 74' lang='grc' dir='ltr'>καλξῖ</span> 
     </span>
    </p>
   </div>
   <div class='ocr_carea' id='block_1_88' title="bbox 2209 4273 3760 4348">
    <p class='ocr_par' dir='ltr' id='par_1_88' title="bbox 2209 4273 3760 4348">
     <span class='ocr_line' id='line_1_88' title="bbox 2209 4273 3760 4348; baseline -0.006 -18"><span class='ocrx_word' id='word_1_616' title='bbox 2209 4276 2486 4348; x_wconf 85' lang='grc' dir='ltr'>ἁρπαγήν.</span> <span class='ocrx_word' id='word_1_617' title='bbox 2531 4274 2641 4327; x_wconf 77' lang='grc' dir='ltr'><strong>Καὶ</strong></span> <span class='ocrx_word' id='word_1_618' title='bbox 2687 4274 2762 4344; x_wconf 79' lang='grc' dir='ltr'>μὴ</span> <span class='ocrx_word' id='word_1_619' title='bbox 2797 4274 3002 4343; x_wconf 83' lang='grc' dir='ltr'>λεγέτω</span> <span class='ocrx_word' id='word_1_620' title='bbox 3037 4291 3153 4337; x_wconf 81' lang='grc' dir='ltr'>τις·</span> <span class='ocrx_word' id='word_1_621' title='bbox 3197 4273 3321 4338; x_wconf 87' lang='grc' dir='ltr'>Πῶς</span> <span class='ocrx_word' id='word_1_622' title='bbox 3353 4275 3451 4328; x_wconf 72' lang='grc' dir='ltr'><strong>καὶ</strong></span> <span class='ocrx_word' id='word_1_623' title='bbox 3489 4275 3582 4328; x_wconf 82' lang='grc' dir='ltr'><strong>σοῦ</strong></span> <span class='ocrx_word' id='word_1_624' title='bbox 3629 4286 3760 4338; x_wconf 83' lang='grc' dir='ltr'>περι-</span> 
     </span>
    </p>
   </div>
   <div class='ocr_carea' id='block_1_89' title="bbox 531 4361 2119 4437">
    <p class='ocr_par' dir='ltr' id='par_1_89' title="bbox 531 4363 2109 4435">
     <span class='ocr_line' id='line_1_89' title="bbox 531 4363 2109 4435; baseline 0 -17"><span class='ocrx_word' id='word_1_625' title='bbox 531 4365 710 4418; x_wconf 79' lang='lat' dir='ltr'><strong>ravit?</strong></span> <span class='ocrx_word' id='word_1_626' title='bbox 735 4363 850 4419; x_wconf 86' lang='lat' dir='ltr'><strong>Non</strong></span> <span class='ocrx_word' id='word_1_627' title='bbox 876 4366 1018 4418; x_wconf 89' lang='lat' dir='ltr'><strong>enim</strong></span> <span class='ocrx_word' id='word_1_628' title='bbox 1052 4379 1274 4435; x_wconf 79' lang='lat' dir='ltr'><strong>resurgo</strong></span> <span class='ocrx_word' id='word_1_629' title='bbox 1300 4365 1498 4430; x_wconf 86' lang='lat' dir='ltr'><strong>solum,</strong></span> <span class='ocrx_word' id='word_1_630' title='bbox 1523 4364 1618 4420; x_wconf 83' lang='lat' dir='ltr'><strong>sed</strong></span> <span class='ocrx_word' id='word_1_631' title='bbox 1652 4373 1707 4418; x_wconf 86' lang='lat' dir='ltr'><strong>et</strong></span> <span class='ocrx_word' id='word_1_632' title='bbox 1733 4377 1923 4418; x_wconf 88' lang='lat' dir='ltr'><strong>omnes</strong></span> <span class='ocrx_word' id='word_1_633' title='bbox 1954 4364 2109 4418; x_wconf 85' lang='lat' dir='ltr'><strong>traho</strong></span> 
     </span>
    </p>
   </div>
   <div class='ocr_carea' id='block_1_90' title="bbox 2219 4361 3758 4437">
    <p class='ocr_par' dir='ltr' id='par_1_90' title="bbox 2219 4361 3758 4437">
     <span class='ocr_line' id='line_1_90' title="bbox 2219 4361 3758 4437; baseline -0.006 -15"><span class='ocrx_word' id='word_1_634' title='bbox 2219 4368 2429 4437; x_wconf 83' lang='grc' dir='ltr'>εγένετο</span> <span class='ocrx_word' id='word_1_635' title='bbox 2451 4383 2466 4433; x_wconf 88' lang='grc'><strong>;</strong></span> <span class='ocrx_word' id='word_1_636' title='bbox 2491 4367 2566 4420; x_wconf 80' lang='grc' dir='ltr'><strong>Οὐ</strong></span> <span class='ocrx_word' id='word_1_637' title='bbox 2583 4367 2691 4437; x_wconf 84' lang='grc' dir='ltr'><strong>γὰρ</strong></span> <span class='ocrx_word' id='word_1_638' title='bbox 2716 4366 2874 4437; x_wconf 86' lang='grc' dir='ltr'>μόνον</span> <span class='ocrx_word' id='word_1_639' title='bbox 2897 4367 2977 4420; x_wconf 84' lang='grc' dir='ltr'>ὅτι</span> <span class='ocrx_word' id='word_1_640' title='bbox 3008 4367 3329 4437; x_wconf 81' lang='grc' dir='ltr'>ἀνίσταμαι,</span> <span class='ocrx_word' id='word_1_641' title='bbox 3361 4366 3505 4420; x_wconf 79' lang='grc' dir='ltr'>ἀλλὰ</span> <span class='ocrx_word' id='word_1_642' title='bbox 3532 4365 3624 4419; x_wconf 76' lang='grc' dir='ltr'>καὶ</span> <span class='ocrx_word' id='word_1_643' title='bbox 3647 4361 3758 4415; x_wconf 82' lang='grc' dir='ltr'>πάν-</span> 
     </span>
    </p>
   </div>
   <div class='ocr_carea' id='block_1_91' title="bbox 531 4454 2106 4524">
    <p class='ocr_par' dir='ltr' id='par_1_91' title="bbox 531 4454 2106 4524">
     <span class='ocr_line' id='line_1_91' title="bbox 531 4454 2106 4524; baseline 0.002 -18"><span class='ocrx_word' id='word_1_644' title='bbox 531 4466 591 4507; x_wconf 87' lang='lat' dir='ltr'><strong>ut</strong></span> <span class='ocrx_word' id='word_1_645' title='bbox 617 4455 668 4508; x_wconf 92' lang='lat' dir='ltr'><strong>iu</strong></span> <span class='ocrx_word' id='word_1_646' title='bbox 694 4469 779 4508; x_wconf 90' lang='lat' dir='ltr'><strong>me</strong></span> <span class='ocrx_word' id='word_1_647' title='bbox 804 4455 1047 4521; x_wconf 88' lang='lat' dir='ltr'><strong>credant,</strong></span> <span class='ocrx_word' id='word_1_648' title='bbox 1074 4455 1330 4524; x_wconf 91' lang='lat' dir='ltr'><strong>quoniam</strong></span> <span class='ocrx_word' id='word_1_649' title='bbox 1362 4454 1504 4509; x_wconf 87' lang='lat' dir='ltr'><strong>Deus</strong></span> <span class='ocrx_word' id='word_1_650' title='bbox 1533 4468 1674 4521; x_wconf 88' lang='lat' dir='ltr'><strong>sum,</strong></span> <span class='ocrx_word' id='word_1_651' title='bbox 1697 4462 1755 4508; x_wconf 88' lang='lat' dir='ltr'><strong>et</strong></span> <span class='ocrx_word' id='word_1_652' title='bbox 1785 4469 1894 4509; x_wconf 90' lang='lat' dir='ltr'><strong>non</strong></span> <span class='ocrx_word' id='word_1_653' title='bbox 1925 4467 2106 4510; x_wconf 87' lang='lat' dir='ltr'><strong>merus</strong></span> 
     </span>
    </p>
   </div>
   <div class='ocr_carea' id='block_1_92' title="bbox 533 4547 716 4601">
    <p class='ocr_par' dir='ltr' id='par_1_92' title="bbox 533 4547 716 4601">
     <span class='ocr_line' id='line_1_92' title="bbox 533 4547 716 4601; baseline 0 0"><span class='ocrx_word' id='word_1_654' title='bbox 533 4547 716 4601; x_wconf 85' lang='lat' dir='ltr'><strong>homo.</strong></span> 
     </span>
    </p>
   </div>
   <div class='ocr_carea' id='block_1_93' title="bbox 602 4655 2104 4727">
    <p class='ocr_par' dir='ltr' id='par_1_93' title="bbox 602 4655 2104 4727">
     <span class='ocr_line' id='line_1_93' title="bbox 602 4655 2104 4727; baseline -0.001 -16"><span class='ocrx_word' id='word_1_655' title='bbox 602 4657 767 4712; x_wconf 75' lang='lat' dir='ltr'><strong>Vens.</strong></span> <span class='ocrx_word' id='word_1_656' title='bbox 799 4659 888 4713; x_wconf 74' lang='lat'><strong>35.</strong></span> <span class='ocrx_word' id='word_1_657' title='bbox 928 4675 947 4709; x_wconf 80' lang='grc' dir='ltr'><strong>ι</strong></span> <span class='ocrx_word' id='word_1_658' title='bbox 995 4657 1141 4726; x_wconf 83' lang='lat' dir='ltr'><strong>(Hoc</strong></span> <span class='ocrx_word' id='word_1_659' title='bbox 1169 4665 1349 4711; x_wconf 88' lang='lat' dir='ltr'><strong>autem</strong></span> <span class='ocrx_word' id='word_1_660' title='bbox 1380 4656 1627 4724; x_wconf 82' lang='lat' dir='ltr'><strong>dicebat,</strong></span> <span class='ocrx_word' id='word_1_661' title='bbox 1656 4655 1971 4727; x_wconf 73' lang='lat' dir='ltr'><strong>significans</strong></span> <span class='ocrx_word' id='word_1_662' title='bbox 1996 4671 2104 4725; x_wconf 87' lang='lat' dir='ltr'><strong>qua</strong></span> 
     </span>
    </p>
   </div>
   <div class='ocr_carea' id='block_1_94' title="bbox 532 4749 1322 4819">
    <p class='ocr_par' dir='ltr' id='par_1_94' title="bbox 532 4749 1322 4819">
     <span class='ocr_line' id='line_1_94' title="bbox 532 4749 1322 4819; baseline -0.006 -14"><span class='ocrx_word' id='word_1_663' title='bbox 532 4761 706 4806; x_wconf 90' lang='lat' dir='ltr'><strong>morte</strong></span> <span class='ocrx_word' id='word_1_664' title='bbox 730 4761 871 4806; x_wconf 87' lang='lat' dir='ltr'><strong>esset</strong></span> <span class='ocrx_word' id='word_1_665' title='bbox 904 4749 1264 4819; x_wconf 87' lang='lat' dir='ltr'><strong>moriturus.)</strong></span> <span class='ocrx_word' id='word_1_666' title='bbox 1304 4766 1322 4800; x_wconf 71' lang='grc' dir='ltr'><strong>ι</strong></span> 
     </span>
    </p>
   </div>
   <div class='ocr_carea' id='block_1_95' title="bbox 599 4839 2093 4911">
    <p class='ocr_par' dir='ltr' id='par_1_95' title="bbox 599 4839 2093 4911">
     <span class='ocr_line' id='line_1_95' title="bbox 599 4839 2093 4911; baseline -0.004 -14"><span class='ocrx_word' id='word_1_667' title='bbox 599 4841 899 4897; x_wconf 83' lang='lat' dir='ltr'><strong>Ostendens</strong></span> <span class='ocrx_word' id='word_1_668' title='bbox 933 4841 1106 4909; x_wconf 86' lang='lat' dir='ltr'><strong>ipsum</strong></span> <span class='ocrx_word' id='word_1_669' title='bbox 1135 4849 1325 4908; x_wconf 89' lang='lat' dir='ltr'><strong>sponte</strong></span> <span class='ocrx_word' id='word_1_670' title='bbox 1358 4855 1606 4911; x_wconf 85' lang='lat' dir='ltr'><strong>passum,</strong></span> <span class='ocrx_word' id='word_1_671' title='bbox 1637 4848 1693 4894; x_wconf 87' lang='lat' dir='ltr'><strong>et</strong></span> <span class='ocrx_word' id='word_1_672' title='bbox 1720 4839 1943 4894; x_wconf 86' lang='lat' dir='ltr'><strong>scivisse</strong></span> <span class='ocrx_word' id='word_1_673' title='bbox 1988 4854 2093 4892; x_wconf 92' lang='lat' dir='ltr'><strong>non</strong></span> 
     </span>
    </p>
   </div>
   <div class='ocr_carea' id='block_1_96' title="bbox 530 4931 2105 5001">
    <p class='ocr_par' dir='ltr' id='par_1_96' title="bbox 530 4931 2105 5001">
     <span class='ocr_line' id='line_1_96' title="bbox 530 4931 2105 5001; baseline -0.002 -13"><span class='ocrx_word' id='word_1_674' title='bbox 530 4936 703 4988; x_wconf 85' lang='lat' dir='ltr'><strong>solum</strong></span> <span class='ocrx_word' id='word_1_675' title='bbox 754 4943 1016 4997; x_wconf 88' lang='lat' dir='ltr'><strong>mortem,</strong></span> <span class='ocrx_word' id='word_1_676' title='bbox 1046 4934 1138 4986; x_wconf 89' lang='lat' dir='ltr'><strong>sed</strong></span> <span class='ocrx_word' id='word_1_677' title='bbox 1182 4934 1344 4986; x_wconf 84' lang='lat' dir='ltr'><strong>etiam</strong></span> <span class='ocrx_word' id='word_1_678' title='bbox 1397 4931 1614 4986; x_wconf 90' lang='lat' dir='ltr'><strong>modum</strong></span> <span class='ocrx_word' id='word_1_679' title='bbox 1679 4932 1824 5001; x_wconf 84' lang='lat' dir='ltr'><strong>ejus,</strong></span> <span class='ocrx_word' id='word_1_680' title='bbox 1868 4946 2105 4998; x_wconf 81' lang='lat' dir='ltr'><strong>evange-</strong></span> 
     </span>
    </p>
   </div>
   <div class='ocr_carea' id='block_1_97' title="bbox 528 5023 1408 5081">
    <p class='ocr_par' dir='ltr' id='par_1_97' title="bbox 528 5023 1408 5081">
     <span class='ocr_line' id='line_1_97' title="bbox 528 5023 1408 5081; baseline -0.003 -1"><span class='ocrx_word' id='word_1_681' title='bbox 528 5027 649 5081; x_wconf 82' lang='lat' dir='ltr'><strong>lista</strong></span> <span class='ocrx_word' id='word_1_682' title='bbox 682 5040 801 5080; x_wconf 88' lang='lat' dir='ltr'><strong>eam</strong></span> <span class='ocrx_word' id='word_1_683' title='bbox 841 5038 1057 5080; x_wconf 91' lang='lat' dir='ltr'><strong>crucem</strong></span> <span class='ocrx_word' id='word_1_684' title='bbox 1088 5023 1408 5078; x_wconf 80' lang='lat' dir='ltr'><strong>nominavit.</strong></span> 
     </span>
    </p>
   </div>
   <div class='ocr_carea' id='block_1_98' title="bbox 606 5134 2101 5205">
    <p class='ocr_par' dir='ltr' id='par_1_98' title="bbox 606 5134 2101 5205">
     <span class='ocr_line' id='line_1_98' title="bbox 606 5134 2101 5205; baseline -0.001 -15"><span class='ocrx_word' id='word_1_685' title='bbox 606 5138 759 5192; x_wconf 70' lang='lat' dir='ltr'><strong>Vens.</strong></span> <span class='ocrx_word' id='word_1_686' title='bbox 789 5137 880 5192; x_wconf 72' lang='lat'><strong>34.</strong></span> <span class='ocrx_word' id='word_1_687' title='bbox 922 5156 939 5188; x_wconf 74' lang='grc' dir='ltr'><strong>ι</strong></span> <span class='ocrx_word' id='word_1_688' title='bbox 970 5136 1078 5191; x_wconf 84' lang='lat' dir='ltr'><strong>Nos</strong></span> <span class='ocrx_word' id='word_1_689' title='bbox 1106 5135 1413 5190; x_wconf 85' lang='lat' dir='ltr'><strong>audivimus</strong></span> <span class='ocrx_word' id='word_1_690' title='bbox 1436 5150 1501 5190; x_wconf 81' lang='lat' dir='ltr'><strong>ex</strong></span> <span class='ocrx_word' id='word_1_691' title='bbox 1530 5134 1669 5205; x_wconf 82' lang='lat' dir='ltr'><strong>lege,</strong></span> <span class='ocrx_word' id='word_1_692' title='bbox 1701 5136 1825 5205; x_wconf 88' lang='lat' dir='ltr'><strong>quia</strong></span> <span class='ocrx_word' id='word_1_693' title='bbox 1850 5135 2101 5189; x_wconf 80' lang='lat' dir='ltr'><strong>Christus</strong></span> 
     </span>
    </p>
   </div>
   <div class='ocr_carea' id='block_1_99' title="bbox 528 5230 1181 5283">
    <p class='ocr_par' dir='ltr' id='par_1_99' title="bbox 528 5230 1181 5283">
     <span class='ocr_line' id='line_1_99' title="bbox 528 5230 1181 5283; baseline -0.005 0"><span class='ocrx_word' id='word_1_694' title='bbox 528 5239 710 5283; x_wconf 86' lang='lat' dir='ltr'><strong>manet</strong></span> <span class='ocrx_word' id='word_1_695' title='bbox 746 5230 798 5282; x_wconf 93' lang='lat' dir='ltr'><strong>in</strong></span> <span class='ocrx_word' id='word_1_696' title='bbox 835 5241 1117 5283; x_wconf 78' lang='lat' dir='ltr'><strong>:etcrnum.</strong></span> <span class='ocrx_word' id='word_1_697' title='bbox 1163 5248 1181 5280; x_wconf 74' lang='grc' dir='ltr'><strong>ι</strong></span> 
     </span>
    </p>
   </div>
   <div class='ocr_carea' id='block_1_100' title="bbox 601 5317 2102 5389">
    <p class='ocr_par' dir='ltr' id='par_1_100' title="bbox 601 5317 2102 5389">
     <span class='ocr_line' id='line_1_100' title="bbox 601 5317 2102 5389; baseline -0.003 -16"><span class='ocrx_word' id='word_1_698' title='bbox 601 5321 926 5389; x_wconf 86' lang='lat' dir='ltr'><strong>lgnorabant</strong></span> <span class='ocrx_word' id='word_1_699' title='bbox 963 5319 1130 5374; x_wconf 62' lang='lat' dir='ltr'><strong>Judiei</strong></span> <span class='ocrx_word' id='word_1_700' title='bbox 1161 5318 1437 5376; x_wconf 89' lang='lat' dir='ltr'><strong>Christum</strong></span> <span class='ocrx_word' id='word_1_701' title='bbox 1478 5328 1733 5389; x_wconf 90' lang='lat' dir='ltr'><strong>tanquam</strong></span> <span class='ocrx_word' id='word_1_702' title='bbox 1766 5333 1920 5373; x_wconf 85' lang='lat' dir='ltr'><strong>ovem</strong></span> <span class='ocrx_word' id='word_1_703' title='bbox 1954 5317 2102 5372; x_wconf 91' lang='lat' dir='ltr'><strong>occi-</strong></span> 
     </span>
    </p>
   </div>
   <div class='ocr_carea' id='block_1_101' title="bbox 528 5408 2102 5478">
    <p class='ocr_par' dir='ltr' id='par_1_101' title="bbox 528 5408 2102 5478">
     <span class='ocr_line' id='line_1_101' title="bbox 528 5408 2102 5478; baseline -0.001 -17"><span class='ocrx_word' id='word_1_704' title='bbox 528 5410 802 5475; x_wconf 88' lang='lat' dir='ltr'><strong>dendum;</strong></span> <span class='ocrx_word' id='word_1_705' title='bbox 836 5420 954 5478; x_wconf 89' lang='lat' dir='ltr'><strong>post</strong></span> <span class='ocrx_word' id='word_1_706' title='bbox 981 5411 1433 5464; x_wconf 85' lang='lat' dir='ltr'><strong>resurrectionem</strong></span> <span class='ocrx_word' id='word_1_707' title='bbox 1467 5426 1594 5467; x_wconf 86' lang='lat' dir='ltr'><strong>vero</strong></span> <span class='ocrx_word' id='word_1_708' title='bbox 1619 5424 1839 5465; x_wconf 87' lang='lat' dir='ltr'><strong>manere</strong></span> <span class='ocrx_word' id='word_1_709' title='bbox 1860 5408 1914 5463; x_wconf 91' lang='lat' dir='ltr'><strong>in</strong></span> <span class='ocrx_word' id='word_1_710' title='bbox 1945 5419 2102 5463; x_wconf 72' lang='lat' dir='ltr'><strong>mter-</strong></span> 
     </span>
    </p>
   </div>
   <div class='ocr_carea' id='block_1_102' title="bbox 529 5500 1459 5570">
    <p class='ocr_par' dir='ltr' id='par_1_102' title="bbox 529 5500 1459 5570">
     <span class='ocr_line' id='line_1_102' title="bbox 529 5500 1459 5570; baseline 0.004 -19"><span class='ocrx_word' id='word_1_711' title='bbox 529 5514 678 5565; x_wconf 90' lang='lat' dir='ltr'><strong>num,</strong></span> <span class='ocrx_word' id='word_1_712' title='bbox 714 5514 819 5553; x_wconf 91' lang='lat' dir='ltr'><strong>non</strong></span> <span class='ocrx_word' id='word_1_713' title='bbox 848 5500 1079 5570; x_wconf 87' lang='lat' dir='ltr'><strong>amplius</strong></span> <span class='ocrx_word' id='word_1_714' title='bbox 1114 5504 1459 5555; x_wconf 88' lang='lat' dir='ltr'><strong>moriturum.</strong></span> 
     </span>
    </p>
   </div>
   <div class='ocr_carea' id='block_1_103' title="bbox 586 5670 1381 5728">
    <p class='ocr_par' dir='ltr' id='par_1_103' title="bbox 586 5670 1381 5728">
     <span class='ocr_line' id='line_1_103' title="bbox 586 5670 1381 5728; baseline 0.009 -10"><span class='ocrx_word' id='word_1_715' title='bbox 586 5678 617 5717; x_wconf 63' lang='lat' dir='ltr'><strong>tt</strong></span> <span class='ocrx_word' id='word_1_716' title='bbox 641 5670 730 5722; x_wconf 88' lang='lat' dir='ltr'><strong>Cr.</strong></span> <span class='ocrx_word' id='word_1_717' title='bbox 762 5672 877 5725; x_wconf 82' lang='grc' dir='ltr'>ἐάν.</span> <span class='ocrx_word' id='word_1_718' title='bbox 957 5683 977 5709; x_wconf 79' lang='grc' dir='ltr'>ι’</span> <span class='ocrx_word' id='word_1_719' title='bbox 1006 5673 1097 5728; x_wconf 76' lang='lat' dir='ltr'><strong>(1r.</strong></span> <span class='ocrx_word' id='word_1_720' title='bbox 1125 5673 1239 5728; x_wconf 84' lang='lat' dir='ltr'><strong>sine</strong></span> <span class='ocrx_word' id='word_1_721' title='bbox 1269 5674 1381 5726; x_wconf 85' lang='grc' dir='ltr'>καί.</span> 
     </span>
    </p>
   </div>
   <div class='ocr_carea' id='block_1_104' title="bbox 1462 5673 2420 5744">
    <p class='ocr_par' dir='ltr' id='par_1_104' title="bbox 1462 5673 2420 5744">
     <span class='ocr_line' id='line_1_104' title="bbox 1462 5673 2420 5744; baseline 0.001 -16"><span class='ocrx_word' id='word_1_722' title='bbox 1462 5686 1482 5711; x_wconf 84' lang='grc'><strong><em>³</em></strong></span> <span class='ocrx_word' id='word_1_723' title='bbox 1514 5674 1605 5728; x_wconf 82' lang='lat' dir='ltr'><strong>Cr.</strong></span> <span class='ocrx_word' id='word_1_724' title='bbox 1640 5674 1834 5744; x_wconf 81' lang='grc' dir='ltr'>τούτῳ.</span> <span class='ocrx_word' id='word_1_725' title='bbox 1916 5676 1931 5710; x_wconf 82' lang='grc' dir='ltr'><strong>ί</strong></span> <span class='ocrx_word' id='word_1_726' title='bbox 1971 5674 2064 5728; x_wconf 82' lang='lat' dir='ltr'><strong>Cr.</strong></span> <span class='ocrx_word' id='word_1_727' title='bbox 2101 5673 2420 5743; x_wconf 80' lang='grc' dir='ltr'>ἀνίσταμαι.</span> 
     </span>
    </p>
   </div>
   <div class='ocr_carea' id='block_1_105' title="bbox 2208 4456 3759 4529">
    <p class='ocr_par' dir='ltr' id='par_1_105' title="bbox 2208 4456 3759 4529">
     <span class='ocr_line' id='line_1_105' title="bbox 2208 4456 3759 4529; baseline -0.005 -17"><span class='ocrx_word' id='word_1_728' title='bbox 2208 4477 2305 4522; x_wconf 81' lang='grc' dir='ltr'><strong>τας</strong></span> <span class='ocrx_word' id='word_1_729' title='bbox 2340 4458 2508 4528; x_wconf 76' lang='grc' dir='ltr'>ἓλχω,</span> <span class='ocrx_word' id='word_1_730' title='bbox 2549 4459 2629 4521; x_wconf 81' lang='grc' dir='ltr'>εἰς</span> <span class='ocrx_word' id='word_1_731' title='bbox 2645 4457 2710 4511; x_wconf 82' lang='grc' dir='ltr'><strong>τὸ</strong></span> <span class='ocrx_word' id='word_1_732' title='bbox 2750 4457 3038 4512; x_wconf 75' lang='grc' dir='ltr'>πιστεῦσαι</span> <span class='ocrx_word' id='word_1_733' title='bbox 3077 4459 3158 4522; x_wconf 83' lang='grc' dir='ltr'><strong>είς</strong></span> <span class='ocrx_word' id='word_1_734' title='bbox 3185 4457 3319 4529; x_wconf 83' lang='grc' dir='ltr'>ἐμὲ,</span> <span class='ocrx_word' id='word_1_735' title='bbox 3360 4458 3449 4511; x_wconf 77' lang='grc' dir='ltr'>ὅτι</span> <span class='ocrx_word' id='word_1_736' title='bbox 3487 4457 3616 4520; x_wconf 84' lang='grc' dir='ltr'>Θεός</span> <span class='ocrx_word' id='word_1_737' title='bbox 3642 4456 3759 4522; x_wconf 82' lang='grc' dir='ltr'>είμι,</span> 
     </span>
    </p>
   </div>
   <div class='ocr_carea' id='block_1_106' title="bbox 2210 4546 2791 4618">
    <p class='ocr_par' dir='ltr' id='par_1_106' title="bbox 2210 4546 2791 4618">
     <span class='ocr_line' id='line_1_106' title="bbox 2210 4546 2791 4618; baseline -0.002 -17"><span class='ocrx_word' id='word_1_738' title='bbox 2210 4548 2269 4601; x_wconf 72' lang='grc' dir='ltr'><strong>οὐ</strong></span> <span class='ocrx_word' id='word_1_739' title='bbox 2302 4547 2456 4618; x_wconf 77' lang='grc' dir='ltr'>ψιλὸς</span> <span class='ocrx_word' id='word_1_740' title='bbox 2487 4546 2791 4618; x_wconf 76' lang='grc' dir='ltr'>ἅνθρωπος.</span> 
     </span>
    </p>
   </div>
   <div class='ocr_carea' id='block_1_107' title="bbox 2285 4651 3762 4728">
    <p class='ocr_par' dir='ltr' id='par_1_107' title="bbox 2285 4651 3762 4728">
     <span class='ocr_line' id='line_1_107' title="bbox 2285 4651 3762 4728; baseline -0.003 -18"><span class='ocrx_word' id='word_1_741' title='bbox 2285 4677 2305 4710; x_wconf 69' lang='grc' dir='ltr'><strong>ι</strong></span> <span class='ocrx_word' id='word_1_742' title='bbox 2346 4656 2551 4726; x_wconf 81' lang='grc' dir='ltr'>(Τοῦτο</span> <span class='ocrx_word' id='word_1_743' title='bbox 2573 4656 2630 4709; x_wconf 78' lang='grc' dir='ltr'>δὲ</span> <span class='ocrx_word' id='word_1_744' title='bbox 2653 4656 2830 4725; x_wconf 77' lang='grc' dir='ltr'>ἔλεγε,</span> <span class='ocrx_word' id='word_1_745' title='bbox 2857 4656 3139 4728; x_wconf 83' lang='grc' dir='ltr'>σημαίνων</span> <span class='ocrx_word' id='word_1_746' title='bbox 3161 4656 3301 4728; x_wconf 85' lang='grc' dir='ltr'>ποίῳ</span> <span class='ocrx_word' id='word_1_747' title='bbox 3329 4656 3553 4728; x_wconf 80' lang='grc' dir='ltr'>θανάτῳ</span> <span class='ocrx_word' id='word_1_748' title='bbox 3570 4651 3762 4725; x_wconf 78' lang='grc' dir='ltr'>ἔμελλεν</span> 
     </span>
    </p>
   </div>
   <div class='ocr_carea' id='block_1_108' title="bbox 2208 4748 2686 4819">
    <p class='ocr_par' dir='ltr' id='par_1_108' title="bbox 2208 4748 2686 4819">
     <span class='ocr_line' id='line_1_108' title="bbox 2208 4748 2686 4819; baseline -0.002 -17"><span class='ocrx_word' id='word_1_749' title='bbox 2208 4748 2627 4819; x_wconf 86' lang='grc' dir='ltr'>ἀποθνήσκειν.)</span> <span class='ocrx_word' id='word_1_750' title='bbox 2666 4767 2686 4801; x_wconf 71' lang='grc' dir='ltr'><strong>ι</strong></span> 
     </span>
    </p>
   </div>
   <div class='ocr_carea' id='block_1_109' title="bbox 2284 4833 3763 4907">
    <p class='ocr_par' dir='ltr' id='par_1_109' title="bbox 2284 4833 3763 4907">
     <span class='ocr_line' id='line_1_109' title="bbox 2284 4833 3763 4907; baseline -0.005 -13"><span class='ocrx_word' id='word_1_751' title='bbox 2284 4841 2525 4907; x_wconf 82' lang='grc' dir='ltr'>Ἐδειξεν</span> <span class='ocrx_word' id='word_1_752' title='bbox 2558 4841 2641 4894; x_wconf 84' lang='grc' dir='ltr'>ὅτι</span> <span class='ocrx_word' id='word_1_753' title='bbox 2675 4839 2816 4893; x_wconf 86' lang='grc' dir='ltr'>ἐκὼν</span> <span class='ocrx_word' id='word_1_754' title='bbox 2845 4838 3014 4893; x_wconf 75' lang='grc' dir='ltr'>ἔπαθε</span> <span class='ocrx_word' id='word_1_755' title='bbox 3036 4878 3051 4903; x_wconf 91' lang='grc'><strong>,</strong></span> <span class='ocrx_word' id='word_1_756' title='bbox 3095 4839 3191 4893; x_wconf 76' lang='grc' dir='ltr'>καὶ</span> <span class='ocrx_word' id='word_1_757' title='bbox 3220 4836 3379 4901; x_wconf 80' lang='grc' dir='ltr'>εἰδὼς</span> <span class='ocrx_word' id='word_1_758' title='bbox 3417 4838 3507 4891; x_wconf 82' lang='grc' dir='ltr'>ὅτι</span> <span class='ocrx_word' id='word_1_759' title='bbox 3528 4837 3587 4890; x_wconf 81' lang='grc' dir='ltr'><strong>οὗ</strong></span> <span class='ocrx_word' id='word_1_760' title='bbox 3627 4833 3763 4905; x_wconf 78' lang='grc' dir='ltr'>μόνον</span> 
     </span>
    </p>
   </div>
   <div class='ocr_carea' id='block_1_110' title="bbox 2207 4921 3763 5002">
    <p class='ocr_par' dir='ltr' id='par_1_110' title="bbox 2207 4921 3763 5002">
     <span class='ocr_line' id='line_1_110' title="bbox 2207 4921 3763 5002; baseline -0.004 -15"><span class='ocrx_word' id='word_1_761' title='bbox 2207 4932 2573 5002; x_wconf 84' lang='grc' dir='ltr'>ἀποθνήσκει,</span> <span class='ocrx_word' id='word_1_762' title='bbox 2601 4930 2738 4984; x_wconf 83' lang='grc' dir='ltr'><strong>ἀλλά</strong></span> <span class='ocrx_word' id='word_1_763' title='bbox 2780 4931 2873 4984; x_wconf 76' lang='grc' dir='ltr'><strong>καὶ</strong></span> <span class='ocrx_word' id='word_1_764' title='bbox 2913 4930 3051 5000; x_wconf 83' lang='grc' dir='ltr'>ποίῳ</span> <span class='ocrx_word' id='word_1_765' title='bbox 3080 4930 3267 5001; x_wconf 83' lang='grc' dir='ltr'>τρόπῳ</span> <span class='ocrx_word' id='word_1_766' title='bbox 3286 4970 3300 4995; x_wconf 93' lang='grc'><strong>,</strong></span> <span class='ocrx_word' id='word_1_767' title='bbox 3334 4931 3364 4983; x_wconf 92' lang='lat'><strong>6</strong></span> <span class='ocrx_word' id='word_1_768' title='bbox 3389 4921 3763 4995; x_wconf 76' lang='grc' dir='ltr'>εὐαγγελιστὴς</span> 
     </span>
    </p>
   </div>
   <div class='ocr_carea' id='block_1_111' title="bbox 2205 5022 3128 5095">
    <p class='ocr_par' dir='ltr' id='par_1_111' title="bbox 2205 5022 3128 5095">
     <span class='ocr_line' id='line_1_111' title="bbox 2205 5022 3128 5095; baseline -0.003 -18"><span class='ocrx_word' id='word_1_769' title='bbox 2205 5025 2297 5078; x_wconf 85' lang='grc' dir='ltr'><strong>τὸν</strong></span> <span class='ocrx_word' id='word_1_770' title='bbox 2333 5024 2569 5095; x_wconf 75' lang='grc' dir='ltr'>σταυρὸν</span> <span class='ocrx_word' id='word_1_771' title='bbox 2598 5023 2850 5092; x_wconf 82' lang='grc' dir='ltr'>ὠνόμασε</span> <span class='ocrx_word' id='word_1_772' title='bbox 2874 5022 3128 5077; x_wconf 85' lang='grc' dir='ltr'>θάνατον.</span> 
     </span>
    </p>
   </div>
   <div class='ocr_carea' id='block_1_112' title="bbox 2286 5123 3763 5205">
    <p class='ocr_par' dir='ltr' id='par_1_112' title="bbox 2286 5123 3763 5205">
     <span class='ocr_line' id='line_1_112' title="bbox 2286 5123 3763 5205; baseline -0.002 -18"><span class='ocrx_word' id='word_1_773' title='bbox 2286 5154 2305 5187; x_wconf 73' lang='grc' dir='ltr'><strong>ι</strong></span> <span class='ocrx_word' id='word_1_774' title='bbox 2357 5135 2550 5205; x_wconf 86' lang='grc' dir='ltr'>Ἦμεῖς</span> <span class='ocrx_word' id='word_1_775' title='bbox 2583 5135 2896 5205; x_wconf 75' lang='grc' dir='ltr'>ἠκούσαμεν</span> <span class='ocrx_word' id='word_1_776' title='bbox 2929 5136 2991 5187; x_wconf 87' lang='grc' dir='ltr'><strong>ἐκ</strong></span> <span class='ocrx_word' id='word_1_777' title='bbox 3020 5132 3116 5187; x_wconf 83' lang='grc' dir='ltr'>τοῦ</span> <span class='ocrx_word' id='word_1_778' title='bbox 3146 5133 3314 5204; x_wconf 87' lang='grc' dir='ltr'>νόμου</span> <span class='ocrx_word' id='word_1_779' title='bbox 3335 5176 3349 5200; x_wconf 94' lang='grc'><strong>,</strong></span> <span class='ocrx_word' id='word_1_780' title='bbox 3377 5133 3461 5186; x_wconf 79' lang='grc' dir='ltr'>ὅτι</span> <span class='ocrx_word' id='word_1_781' title='bbox 3498 5134 3527 5186; x_wconf 87' lang='lat'><strong>6</strong></span> <span class='ocrx_word' id='word_1_782' title='bbox 3552 5123 3763 5200; x_wconf 75' lang='grc' dir='ltr'>Χριστδς</span> 
     </span>
    </p>
   </div>
   <div class='ocr_carea' id='block_1_113' title="bbox 2209 5216 3563 5299">
    <p class='ocr_par' dir='ltr' id='par_1_113' title="bbox 2209 5216 3563 5299">
     <span class='ocr_line' id='line_1_113' title="bbox 2209 5216 3563 5299; baseline -0.001 -20"><span class='ocrx_word' id='word_1_783' title='bbox 2209 5228 2358 5299; x_wconf 86' lang='grc' dir='ltr'>μένει</span> <span class='ocrx_word' id='word_1_784' title='bbox 2390 5230 2467 5290; x_wconf 74' lang='grc' dir='ltr'>εἰς</span> <span class='ocrx_word' id='word_1_785' title='bbox 2499 5227 2591 5278; x_wconf 77' lang='grc' dir='ltr'><strong>τὸν</strong></span> <span class='ocrx_word' id='word_1_786' title='bbox 2619 5226 2811 5280; x_wconf 82' lang='grc' dir='ltr'>αἰῶνα.</span> <span class='ocrx_word' id='word_1_787' title='bbox 2851 5245 2870 5278; x_wconf 73' lang='grc' dir='ltr'><strong>ι</strong></span> <span class='ocrx_word' id='word_1_788' title='bbox 3361 5236 3374 5246; x_wconf 84' lang='grc'><strong>“</strong></span> <span class='ocrx_word' id='word_1_789' title='bbox 3556 5216 3563 5225; x_wconf 64' lang='grc'><em>’</em></span> 
     </span>
    </p>
   </div>
   <div class='ocr_carea' id='block_1_114' title="bbox 2289 5309 3761 5391">
    <p class='ocr_par' dir='ltr' id='par_1_114' title="bbox 2289 5309 3761 5391">
     <span class='ocr_line' id='line_1_114' title="bbox 2289 5309 3761 5391; baseline -0.007 -20"><span class='ocrx_word' id='word_1_790' title='bbox 2289 5318 2600 5391; x_wconf 65' lang='grc' dir='ltr'>Ἀγνοούσιν</span> <span class='ocrx_word' id='word_1_791' title='bbox 2641 5318 2885 5370; x_wconf 83' lang='grc' dir='ltr'>Ἰουδαῖοι</span> <span class='ocrx_word' id='word_1_792' title='bbox 2914 5318 2995 5370; x_wconf 84' lang='grc' dir='ltr'>ὅτι</span> <span class='ocrx_word' id='word_1_793' title='bbox 3020 5316 3257 5387; x_wconf 72' lang='grc' dir='ltr'>Χριστὸς</span> <span class='ocrx_word' id='word_1_794' title='bbox 3278 5316 3356 5379; x_wconf 83' lang='grc' dir='ltr'>ὡς</span> <span class='ocrx_word' id='word_1_795' title='bbox 3389 5317 3489 5386; x_wconf 82' lang='grc' dir='ltr'>μὲν</span> <span class='ocrx_word' id='word_1_796' title='bbox 3514 5309 3761 5384; x_wconf 73' lang='grc' dir='ltr'>πρόϐατον</span> 
     </span>
    </p>
   </div>
   <div class='ocr_carea' id='block_1_115' title="bbox 2210 5397 3760 5479">
    <p class='ocr_par' dir='ltr' id='par_1_115' title="bbox 2210 5397 3760 5479">
     <span class='ocr_line' id='line_1_115' title="bbox 2210 5397 3760 5479; baseline -0.019 -1"><span class='ocrx_word' id='word_1_797' title='bbox 2210 5410 2593 5477; x_wconf 69' lang='grc' dir='ltr'>σφαγιάσεται,</span> <span class='ocrx_word' id='word_1_798' title='bbox 2620 5409 2859 5472; x_wconf 81' lang='grc' dir='ltr'>ἀναστάς</span> <span class='ocrx_word' id='word_1_799' title='bbox 2882 5409 3115 5479; x_wconf 79' lang='grc' dir='ltr'>δέμένει</span> <span class='ocrx_word' id='word_1_800' title='bbox 3144 5410 3224 5471; x_wconf 84' lang='grc' dir='ltr'>εἰς</span> <span class='ocrx_word' id='word_1_801' title='bbox 3244 5407 3336 5462; x_wconf 83' lang='grc' dir='ltr'><strong>τὸν</strong></span> <span class='ocrx_word' id='word_1_802' title='bbox 3361 5407 3555 5466; x_wconf 84' lang='grc' dir='ltr'>αἰῶνα,</span> <span class='ocrx_word' id='word_1_803' title='bbox 3584 5397 3760 5475; x_wconf 81' lang='grc' dir='ltr'>μηκέτι</span> 
     </span>
    </p>
   </div>
   <div class='ocr_carea' id='block_1_116' title="bbox 2208 5498 2589 5567">
    <p class='ocr_par' dir='ltr' id='par_1_116' title="bbox 2208 5498 2589 5567">
     <span class='ocr_line' id='line_1_116' title="bbox 2208 5498 2589 5567; baseline -0.005 -14"><span class='ocrx_word' id='word_1_804' title='bbox 2208 5498 2414 5567; x_wconf 70' lang='lat' dir='ltr'><strong>tiu-.0qu</strong></span> <span class='ocrx_word' id='word_1_805' title='bbox 2424 5514 2589 5551; x_wconf 83' lang='grc' dir='ltr'>σκων.</span> 
     </span>
    </p>
   </div>
   <div class='ocr_carea' id='block_1_117' title="bbox 2501 5674 3169 5745">
    <p class='ocr_par' dir='ltr' id='par_1_117' title="bbox 2501 5674 3169 5745">
     <span class='ocr_line' id='line_1_117' title="bbox 2501 5674 3169 5745; baseline 0 -17"><span class='ocrx_word' id='word_1_806' title='bbox 2501 5687 2523 5712; x_wconf 81' lang='grc' dir='ltr'><strong><em>υ</em></strong></span> <span class='ocrx_word' id='word_1_807' title='bbox 2555 5674 2646 5730; x_wconf 87' lang='lat' dir='ltr'><strong>Cr.</strong></span> <span class='ocrx_word' id='word_1_808' title='bbox 2686 5677 2803 5730; x_wconf 84' lang='lat' dir='ltr'><strong>sine</strong></span> <span class='ocrx_word' id='word_1_809' title='bbox 2850 5674 3169 5745; x_wconf 74' lang='grc' dir='ltr'>ἐγεροῦμαι.</span> 
     </span>
    </p>
   </div>
  </div>
