4038 6148
343 266 473 330 1477

422 395 440 427 ι
496 373 850 445 Περιπατεῖτε
884 370 987 431 ἕως
1014 369 1074 420 τὸ
1122 367 1238 436 φῶς
1267 366 1420 439 ἔχετε
1442 405 1457 431 ,
1506 368 1593 421 ἵνα
1620 366 1701 438 μὴ
1730 365 1919 420 σκοτία
1948 380 1991 433 Α

348 468 494 537 ὑμᾶς
525 461 831 533 καταλάϐῃ.
872 479 891 511 ι
1164 490 1169 493 ς
1202 525 1215 539 .

413 559 532 618 Φῶς
563 556 721 608 καλεῖ
767 554 868 623 τὴν
899 548 1263 619 εὐαγγελικὴν
1300 546 1664 613 διδασκαλίαν,
1726 545 1915 609 σκότος

345 651 402 703 δὲ
426 648 522 719 τὴν
552 649 795 713 ἄγνοιαν.
830 644 861 713 ἦ
889 644 987 713 τὴν
1004 642 1112 694 τῶν
1135 640 1349 695 ἀσεϐῶν
1374 640 1720 709 κατάκρισιν.
1743 638 1915 700 Αὐτός

346 741 461 791 ἐστι
484 737 544 789 τὸ
567 736 703 805 φῶς.
734 732 939 804 Χρόνον
963 731 1019 783 δὲ
1040 731 1186 796 λέγει
1206 729 1410 783 καὶτὸν
1434 729 1540 799 πρὸ
1588 728 1682 782 τοῦ
1713 728 1914 791 πάθους

346 829 555 895 καιρὸν,
588 829 682 880 καὶ
730 826 909 878 πᾶσαν
939 823 1037 893 τὴν
1066 822 1161 875 νῦν
1193 820 1358 892 ζωὴν,
1386 821 1474 874 διὰ
1505 819 1914 892 φιλανθρωπίαν

346 919 783 989 προτρεπόμενος
819 916 1018 977 αὐτοὺς
1043 915 1122 975 είς
1158 913 1360 968 πίστιν.

416 1012 476 1063 Οἱ
517 1012 573 1062 ἐν
603 1007 682 1077 τῷ
713 1008 851 1075 φωτὶ
890 1001 1319 1076 περιπατοῦντες
1345 1040 1360 1064 ,
1395 1001 1502 1054 υἱοὶ
1532 1000 1708 1070 φωτὸς
1735 1000 1913 1069 γίνον-

343 1116 453 1163 ται,
486 1101 560 1161 ὡς
600 1099 694 1150 καὶ
731 1097 843 1150 ἄνω
872 1097 1019 1158 υἱοὺς
1048 1094 1182 1147 Θεοῦ
1210 1090 1331 1146 εἷπε
1359 1091 1488 1154 τοὺς
1516 1091 1740 1151 πιστούς
1765 1107 1781 1122 ·
1813 1092 1913 1160 μία

344 1191 451 1259 γὰρ
490 1189 743 1258 ἐνέργεια
780 1187 991 1256 [ἰατρὸς
1020 1185 1114 1238 καὶ
1154 1183 1307 1236 Υἱοῦ.
1346 1182 1497 1243 Ὁδὸς
1526 1181 1585 1235 δὲ
1615 1180 1909 1251 σωτηρίας,

345 1283 376 1349 ἠ
406 1282 483 1342 εὶς
530 1278 763 1349 Χριστὸν
807 1277 1020 1340 πίστις,
1052 1276 1174 1345 ἥτις
1205 1276 1351 1327 ποιεῖ
1390 1273 1539 1336 υἱοὺς
1584 1272 1782 1341 φωτὸς,
1817 1272 1912 1325 καὶ

342 1372 435 1422 τοῦ
468 1370 677 1440 Πατρός
698 1386 711 1398 ·
744 1371 859 1439 φῶς
888 1370 998 1439 γάρ
1037 1370 1066 1421 6
1095 1368 1224 1430 Υἱὸς
1250 1367 1345 1419 καὶ
1375 1368 1403 1419 6
1432 1365 1641 1436 Πατὴρ,
1674 1364 1748 1428 tit;
1781 1365 1911 1434 μιᾶς

346 1462 578 1529 φύσεως.

418 1571 437 1602 ι
483 1553 580 1604 Διὰ
620 1551 779 1605 τοῦτο
826 1551 929 1605 οὐκ
978 1549 1242 1620 ἠδύναντο
1286 1548 1585 1613 πιστεύειν,
1639 1547 1721 1601 ὅτι
1750 1545 1911 1601 πάλιν

343 1639 495 1694 εἶπεν
534 1644 758 1706 Ἠσαῖας
785 1680 798 1693 .
833 1660 852 1693 ι

1383 260 1843 321 FRAGMENTA
1892 261 1967 319 IN
2013 261 2073 323 S.
2114 262 2489 324 JOANNEM.

3457 259 3591 333 1518

2099 368 2264 424 \‘sns-
2301 371 2390 425 '55.
2447 390 2468 422 ε
2509 370 2796 426 Ambulate
2853 369 2974 427 dum
3021 372 3196 429 lucem
3244 374 3485 444 habetis,
3534 387 3595 433 ut

2024 474 2129 514 non
2162 475 2258 516 vos
2283 464 2517 517 tenebrae
2545 463 3024 532 comprehendant.
3063 482 3083 517 ›

2094 553 2298 608 Lucem
2343 562 2501 607 vocat
2531 554 2894 620 evangelicam
2949 556 3285 623 doctrinam,
3338 558 3589 613 tenebras

2025 652 2207 697 autem
2239 643 2624 714 ignorantiam,
2644 645 2726 697 vel
2749 645 3034 714 impiorum
3064 646 3587 704 condemnationem.

2021 735 2141 801 Ipse
2170 733 2422 790 Christus
2449 735 2537 789 lux
2566 744 2670 791 est.
2704 734 2939 807 Tempus
2970 751 3099 791 vero
3131 739 3264 793 dicit
3290 739 3417 792 illud
3448 742 3587 806 quod

2022 825 2276 893 praecedit
2305 825 2631 894 passionem,
2662 836 2824 896 atque
2864 827 3029 882 etiam
3065 828 3232 883 totius
3260 829 3382 883 vita:
3406 829 3593 899 hujus,

2021 916 2335 970 humaniter
2365 916 2485 971 illos
2516 918 2581 970 ad
2610 917 2768 970 iidem
2796 917 3055 975 invitans.

2091 1004 2189 1069 Qui
2225 1006 2277 1057 in
2312 1004 2431 1059 luce
2469 1006 2770 1071 ambulant,
2818 1007 2910 1060 filii
2950 1008 3087 1063 lucis
3128 1008 3299 1073 ﬁunt;
3328 1010 3588 1078 quemadv

2023 1095 2243 1149 modum
2273 1096 2438 1150 etiam
2478 1097 2728 1163 superius
2773 1098 2989 1164 ﬁdeles,
3023 1098 3115 1153 Dei
3148 1101 3287 1155 lilios
3326 1103 3541 1156 vocavit
3574 1120 3587 1155 :

2020 1201 2124 1239 una
2155 1186 2418 1255 siquidem
2447 1189 2742 1257 eademque
2762 1191 3006 1258 operatio
3032 1200 3115 1245 est
3144 1189 3321 1246 Patris
3350 1207 3412 1247 ac
3437 1191 3584 1249 Filii.

2022 1275 2114 1331 Via
2148 1292 2276 1332 vero
2306 1278 2535 1342 salutis,
2584 1288 2670 1334 est
2713 1280 2767 1332 in
2800 1279 3076 1335 Christum
3111 1282 3263 1346 fides,
3294 1297 3413 1351 quae
3449 1282 3589 1337 lucis

2017 1380 2083 1420 ac
2111 1366 2286 1421 Patris
2319 1366 2457 1422 lilios
2472 1364 2670 1423 eilicit:
2698 1368 2788 1423 lux
2817 1370 2962 1425 enim
2984 1379 3110 1426 sunt
3130 1368 3300 1427 Filius
3323 1381 3378 1426 et
3402 1371 3586 1441 Pater,

2020 1466 2202 1526 utpote
2239 1459 2397 1511 unius
2430 1466 2654 1514 naturai.

2089 1548 2254 1604 Vsns.
2286 1548 2379 1605 59.
2413 1566 2434 1600 ι
2467 1547 2761 1619 Propterea
2786 1563 2890 1606 non
2914 1559 3164 1619 poterant
3190 1551 3435 1619 credere,
3458 1554 3582 1623 quia

2018 1639 2214 1694 iterum
2252 1640 2386 1694 dixit
2409 1640 2597 1695 Isaias.
2634 1661 2655 1695 ι

416 1736 529 1787 Οὐκ
558 1735 665 1787 ἀπὸ
698 1734 795 1804 τῆς
821 1733 1180 1804 προρρήσεως
1220 1730 1442 1783 Ἡσαΐου
1470 1729 1801 1797 ἐϐιάσθησαν
1832 1727 1910 1789 είς

2088 1730 2436 1803 Nequaquam
2488 1743 2707 1804 propter
2751 1735 2906 1791 lsaiaa
2957 1737 3358 1807 praedictionem
3409 1739 3582 1795 coacti

342 1828 403 1880 τὸ
432 1828 505 1898 μὴ
533 1827 838 1896 πεισθῆναι,
862 1826 977 1878 ἀλλ’
1000 1827 1078 1878 ὅτι
1101 1826 1392 1895 δύστροποι
1415 1818 1557 1893 ἦσαν
1581 1820 1905 1890 ἠπείθησαν.

355 1921 682 1985 Ἐιρὸνευσαν
725 1920 772 1970 oi
815 1917 1055 1969 Ἰουδαῖοι
1087 1917 1178 1968 τὸν
1223 1914 1428 1980 Κύριον
1453 1912 1540 1966 διὰ
1566 1912 1776 1965 οἰκείαν
1814 1928 1911 1965 κα-

342 2011 579 2074 κόνοιαν,
626 2009 723 2077 οὐχ
767 2008 853 2060 ἵνα
891 2005 1223 2078 πληρώσωσι
1267 2006 1365 2070 τὰς
1411 2002 1783 2075 προφητείας,
1826 2003 1909 2057 ὅτι

340 2101 619 2163 δυσσεϐεῖς
656 2096 816 2171 ἦσαν.

416 2212 433 2244 ι
470 2193 826 2260 Τετύφλωκεν
853 2191 1032 2245 αὐτῶν
1058 2192 1186 2255 τοὺς
1221 2189 1555 2260 ὀφθαλμοὺς,
1588 2189 1683 2243 καὶ
1723 2187 1910 2243 πεπώ-

344 2302 515 2357 ρωκεν
558 2283 737 2337 αὐτῶν
763 2283 862 2353 τὴν
886 2282 1133 2352 καρδίαν,
1165 2282 1252 2334 ἵνα
1285 2281 1360 2351 μὴ
1391 2281 1542 2334 ῐδωσι
1573 2283 1682 2344 τοῖς
1709 2280 1910 2349 ὀφθαλ-

343 2379 483 2446 μοῖς,
515 2376 610 2427 καὶ
636 2376 869 2443 νοήσωσι
897 2375 964 2443 τῇ
998 2372 1228 2443 καρδίᾳ,
1259 2371 1354 2425 καὶ
1385 2370 1783 2442 ἐπιστραφῶσι,
1814 2370 1908 2424 καὶ

343 2466 579 2533 ίὰσωμαι
604 2462 820 2526 αὐτούς.
865 2481 884 2514 ι

409 2558 521 2626 Οὐχ
561 2557 588 2606 ὁ
627 2556 759 2617 Θεὸς
794 2552 1090 2626 ἐπώρωσεν
1120 2553 1352 2618 αὐτοὺς,
1390 2552 1525 2607 ἀλλά
1563 2551 1907 2623 συνεχώρησε

337 2654 512 2703 ποιεῖν
552 2649 587 2703 ἃ
610 2649 798 2719 ἢθελον
824 2663 839 2678 ο
879 2649 1036 2718 ἔσχον
1059 2647 1115 2699 δὲ
1141 2647 1242 2717 τὴν
1272 2646 1528 2717 πώρωσιν
1561 2647 1626 2698 ἐκ
1653 2646 1749 2714 τῆς
1780 2646 1910 2698 ἀπι-

340 2742 514 2802 στίας.
572 2738 860 2791 Ἀδύνατον
902 2738 959 2789 δὲ
998 2732 1066 2806 ἦν
1111 2736 1185 2806 μὴ
1231 2735 1584 2803 ἐκϐῆναιτὴν
1628 2733 1723 2786 τοῦ
1770 2733 1906 2787 Θεοῦ

341 2830 671 2899 πρόγνωσιν,
726 2827 1142 2898 προϐλέπουσαν
1192 2826 1289 2897 τὴν
1338 2826 1618 2889 ἀπιστίαν,
1666 2827 1767 2879 οὐκ
1816 2826 1909 2879 ἁν-

340 2922 712 2988 αγκὰζουσαν.
768 2920 830 2971 Ol
875 2917 968 2971 οὖν
1012 2918 1087 2988 μὴ
1128 2917 1419 2987 δυνάμενοι
1478 2916 1780 2981 πιστεύειν,
1846 2917 1906 2968 ού

339 3012 500 3080 φύσιν
541 3011 757 3079 ἔχουσιν
801 3010 1272 3080 ἀντιπράττουσαν
1313 3008 1392 3078 τῷ
1427 3008 1726 3071 πιστεύειν,
1772 3008 1907 3061 ἀλλὰ

339 3103 661 3173 προαίρεσιν
693 3102 901 3172 κακήν⁸
938 3101 1020 3153 διὸ
1058 3102 1085 3152 6
1116 3099 1361 3161 διάϐολος
1401 3098 1641 3161 σκοτίζει
1689 3098 1904 3160 αὐτοὺς,

338 3196 434 3247 καὶ
497 3194 558 3245 οὺ
617 3193 815 3246 κωλύει
859 3195 887 3244 6
943 3192 1095 3254 Θεός.
1149 3190 1222 3242 Τὸ
1273 3192 1394 3244 Ἵνα
1440 3190 1536 3241 οὐκ
1583 3188 1909 3255 αἰτιολογίας

338 3286 506 3351 ἐστὶν,
546 3283 660 3336 ἀλλ’
708 3283 1014 3344 ἐκϐάσεως.
1065 3283 1140 3334 Οὐ
1184 3281 1292 3350 γὰρ
1339 3279 1527 3347 ἐπειδὴ
1577 3276 1750 3346 εἶπεν,
1809 3281 1909 3333 οὐκ

339 3377 662 3429 ἐπίστευσαν
684 3391 697 3405 ·
738 3374 851 3427 ἀλλ’
882 3375 964 3426 ὅτι
996 3373 1098 3425 οὐκ
1132 3372 1354 3441 ἔμελλον
1387 3371 1686 3436 πιστεύειν,
1735 3366 1906 3423 sine».

341 3468 402 3521 Ei.
438 3468 493 3519 δὲ
521 3469 621 3520 οὑκ
660 3463 813 3519 εἶπεν
849 3464 1019 3528 οὕτως
1049 3467 1076 3518 6
1099 3464 1508 3533 εύαγγελιστὴς,
1542 3462 1655 3516 ἀλλ’
1681 3462 1788 3515 ἀπὸ
1812 3462 1909 3531 τῆς

341 3560 679 3629 προφητείας
724 3559 824 3629 τὴν
865 3555 1121 3612 ἀπιστίαν
1167 3552 1304 3609 εἶναι
1361 3556 1547 3624 λέγει,
1577 3556 1639 3607 τὸ
1683 3554 1910 3623 ἀψευδὲς

342 3651 511 3704 θέλων
558 3651 727 3716 δεῖξαι
775 3652 874 3719 τῆς
922 3649 1200 3711 ἐκϐάσεως
1252 3650 1350 3716 τῆς
1397 3647 1734 3718 προφητείας
1790 3641 1910 3698 εἶπε

340 3741 515 3794 τοῦτο.
547 3742 647 3795 Διά
670 3741 827 3794 τοῦτο
856 3741 911 3793 δέ
943 3740 1299 3809 προλέγουσιν
1327 3740 1375 3790 oi
1403 3738 1712 3807 προφῆται,
1744 3737 1829 3790 ἵνα
1860 3738 1910 3789 οἱ

340 3834 598 3904 νήφοντες
651 3835 912 3901 φεύγουσι
950 3831 1075 3892 τοὺς
1118 3828 1456 3891 διαϐολικοὺς
1507 3828 1753 3898 βόθρους.
1800 3828 1910 3879 Καὶ

342 3924 448 3993 γὰρ
468 3924 546 3987 τὸ,
574 3926 693 3975 Οὐκ
716 3922 1034 3988 ἠδύναντο,
1063 3922 1239 3972 κεῖται
1263 3919 1383 3971 ἀντὶ
1402 3917 1652 3983 τοῦ,οὑ)ι
1668 3915 1909 3984 ἤθελον.

344 4015 451 4066 Καὶ
506 4015 612 4083 γὰρ
662 4014 756 4065 καὶ
802 4014 857 4064 ἐν
913 4012 1091 4074 ἄλλοις
1150 4010 1379 4080 δύναμιν
1429 4009 1526 4079 τὴν
1586 4008 1908 4079 προαίρεσιν

343 4104 593 4172 νοοῦμεν.

426 4194 741 4262 Ἀμμωνίου
772 4193 865 4245 καὶ
899 4192 1199 4247 Ἰωάννου.
1243 4193 1354 4263 Οὐχ
1383 4194 1410 4246 6
1438 4191 1569 4254 Θεὸς
1613 4190 1910 4262 ἐπώρωσεν

342 4286 511 4337 αὖτῶν
533 4286 630 4355 τὴν
657 4285 882 4354 καρδίαν
986 4284 1093 4355 γὰρ
1117 4283 1181 4336 ἂν
1207 4282 1304 4336 οὐκ
1326 4284 1390 4336 ἂν
1412 4282 1687 4352 ἀπῄτησεν
1716 4282 1911 4343 αὐτοὺς

2015 1828 2142 1874 sunt
2173 1836 2277 1874 non
2309 1823 2566 1887 credere;
2598 1825 2692 1877 sed
2723 1825 2853 1893 quia
2899 1825 3134 1896 improbi
3163 1836 3350 1892 erant,
3382 1829 3588 1883 idcirco

2015 1924 2121 1964 non
2166 1911 2480 1966 credebant.
2524 1911 2747 1983 Propria
2794 1929 2890 1970 sua
2946 1916 3151 1972 malitia
3201 1916 3369 1973 Judazi
3404 1918 3588 1973 Domi-

2012 2015 2140 2054 num
2166 2000 2508 2065 occiderunt,
2539 2017 2645 2057 non
2678 2012 2738 2057 ut
2766 2003 3054 2075 implerent
3086 2007 3418 2078 prophetiae,
3452 2023 3587 2078 quo-

2012 2090 2158 2143 niam
2188 2090 2337 2160 impii
2371 2101 2548 2147 erant.
3313 2153 3317 2157 ,

2080 2179 2245 2238 Vens.
2311 2182 2404 2240 40.
2456 2200 2475 2234 ι
2524 2184 2836 2241 Ειοωοενίι
2882 2186 3074 2243 oculos
3122 2201 3347 2255 eorum,
3399 2197 3454 2245 et
3503 2190 3587 2245 in-

2011 2273 2223 2329 duravit
2268 2289 2363 2329 eor
2403 2289 2590 2330 eorum
2625 2293 2640 2331 :
2671 2286 2728 2331 ut
2761 2293 2865 2333 non
2898 2280 3120 2333 videant
3147 2281 3343 2349 oculis,
3379 2290 3434 2335 et
3477 2296 3584 2337 non

2013 2364 2312 2438 intelligant
2358 2368 2558 2434 corde,
2588 2377 2644 2423 et
2672 2379 3079 2438 convertantur,
3108 2382 3164 2427 et
3190 2386 3376 2428 sanem
3407 2387 3519 2429 eos.
3559 2391 3580 2426 ι

2077 2555 2264 2625 Neque
2307 2557 2448 2613 Deus
2494 2573 2589 2612 eos
2632 2558 2936 2624 induravit,
2971 2559 3065 2614 sed
3102 2560 3351 2630 permisit
3400 2561 3582 2617 facere

2010 2664 2131 2716 qua:
2160 2648 2391 2713 vellent;
2423 2649 2659 2702 indurati
2696 2660 2877 2703 autem
2904 2659 3032 2704 sunt
3064 2650 3437 2705 incredulitate
3463 2668 3579 2710 sua.

2010 2739 2151 2793 Fieri
2197 2753 2357 2808 porro
2404 2740 2696 2808 nequibat,
2742 2749 2799 2794 ut
2840 2755 2946 2794 non
2976 2741 3270 2796 evaderent
3297 2742 3581 2804 inﬁdeles,

2008 2846 2146 2900 quos
2175 2831 2267 2885 Dei
2299 2833 2646 2902 praecognitio
2672 2832 3013 2900 praeviderat,
3040 2831 3163 2887 licet
3191 2848 3297 2887 non
3327 2845 3582 2901 coegerat

2009 2923 2074 2977 ad
2100 2939 2205 2976 non
2235 2924 2583 2977 credendum.
2607 2922 2707 2989 Qui
2741 2924 2921 2993 itaque
2949 2938 3053 2976 non
3085 2933 3309 2993 possunt
3331 2925 3576 2988 credere,
3678 2969 3683 2975 .

2010 3029 2114 3066 non
2144 3023 2390 3067 naturam
2441 3014 2637 3067 habent
2682 3013 2805 3066 ﬁdei
2852 3023 3275 3082 repugnantem,
3323 3014 3417 3068 sed
3459 3028 3581 3082 per-

2012 3120 2220 3159 versam
2252 3105 2579 3158 voluntatem
2635 3120 2651 3157 :
2694 3115 3022 3172 quapropter
3078 3104 3326 3159 diabolus
3355 3119 3449 3158 eos
3478 3119 3573 3158 ex-

2011 3207 2194 3261 caecat,
2232 3194 2341 3248 Deo
2369 3209 2473 3248 non
2510 3194 2853 3263 impediente.
2887 3192 2998 3247 Vox
3031 3192 3098 3248 Ut
3132 3210 3236 3249 non
3267 3210 3445 3250 causae
3473 3206 3577 3259 est,

2010 3285 2100 3339 sed
2131 3292 2373 3339 eventus.
2417 3282 2602 3352 Neque
2646 3285 2788 3339 enim
2821 3285 2948 3354 quia
2991 3287 3144 3352 dixit,
3185 3299 3287 3341 non
3334 3286 3581 3342 credide-

2011 3388 2165 3444 runt;
2200 3377 2292 3433 sed
2341 3378 2467 3447 quia
2504 3392 2609 3431 non
2645 3388 2801 3431 erant
2840 3378 3120 3442 credituri,
3156 3380 3274 3433 ideo
3324 3380 3482 3432 dixit.
3519 3378 3578 3433 Si

2010 3481 2188 3523 autem
2216 3483 2318 3522 non
2345 3470 2415 3523 ita
2440 3469 2632 3523 dixerit
2655 3468 3006 3537 evangelista,
3029 3470 3122 3523 sed
3148 3468 3580 3525 incredulitatem

2012 3576 2041 3613 a
2085 3560 2362 3628 prophetia
2413 3561 2690 3615 exstitisse
2745 3569 2991 3626 asserat;
3029 3560 3155 3615 binc
3204 3560 3321 3615 vult
3350 3573 3579 3616 eventus

2011 3649 2311 3715 praphetlze
2344 3651 2623 3703 veritatem
2669 3664 2734 3705 ac
2774 3651 3157 3705 cerlitudinem
3183 3650 3576 3710 demonstrare.

2011 3733 2220 3788 Idcirco
2247 3744 2426 3788 autem
2452 3735 2629 3789 futura
2654 3738 2949 3805 praedicunt
2976 3742 3267 3807 prophetae,
3292 3750 3350 3793 ut
3374 3741 3575 3808 scapuli

2010 3825 2256 3879 diabolici
2286 3825 2571 3891 diligenter
2599 3827 2884 3880 evitentur.
2924 3826 3134 3881 Etenim
3158 3829 3276 3881 Non
3314 3841 3576 3896 poterant,

2011 3916 2354 3986 ponilur'pro
2401 3915 2689 3969 Nolebant.
2737 3917 2876 3969 Nam
2906 3925 2961 3971 et
3008 3918 3062 3970 in
3095 3916 3215 3971 aliis
3257 3927 3577 3985 potestatem

2013 4007 2153 4060 idem
2186 4020 2249 4059 ac
2273 4005 2606 4060 voluntatem
2631 4013 2685 4059 et
2718 4008 3049 4076 propositum
3085 4006 3455 4076 intelligimus.

2070 4178 2335 4232 Ammonii
2368 4186 2422 4232 et
2467 4176 2714 4230 Joannis.
2748 4175 2862 4232 Non
2903 4177 3043 4234 Deus
3081 4193 3175 4233 cor
3199 4192 3384 4235 eorum
3417 4180 3575 4235 indu-

2014 4271 2171 4335 ravit,
2208 4270 2332 4339 quia
2368 4285 2471 4325 non
2500 4272 2567 4323 ab
2589 4269 2665 4323 eis
2699 4269 2963 4323 rationem
3005 4278 3210 4339 peteret
3236 4270 3281 4325 si
3331 4270 3577 4325 involun-

341 4376 589 4438 εὐθύνας,
624 4377 756 4428 ὅπου
789 4392 849 4443 γε
890 4377 985 4428 καὶ
1009 4375 1077 4427 τὰ
1102 4372 1331 4426 ἀκούσια
1368 4372 1680 4441 πταίσματα
1705 4388 1911 4439 συγχω-

2018 4362 2168 4414 tariis
2220 4368 2423 4413 tantum
2467 4369 2822 4429 gravarentur
2878 4357 3088 4427 culpis;
3125 4360 3222 4412 sed
3275 4358 3499 4414 callidos
3542 4375 3573 4413 a

346 4469 469 4537 ρεῖ),
489 4467 612 4530 τοὺς
646 4466 703 4519 δὲ
735 4466 1064 4537 δυστρόπους
1090 4463 1463 4532 τυφλωθέντας
1491 4462 1595 4515 ὑπὸ
1616 4460 1708 4515 τοῦ
1730 4461 1906 4515 διαϐύ-

342 4557 436 4610 λου
473 4557 833 4628 παραδίδωσιν
858 4559 936 4619 είς
964 4555 1131 4617 πάθος
1155 4556 1247 4608 καὶ
1293 4554 1549 4622 ἀδόκιμον
1579 4552 1704 4604 νοῦν
1725 4569 1738 4582 ·
1781 4552 1837 4603 ἐν
1865 4543 1908 4617 ᾧ

340 4648 448 4718 γὰρ
500 4646 730 4701 τοιοῦτοί
782 4648 937 4710 εἰσιν,
993 4646 1053 4699 ού
1096 4645 1299 4698 δίκαιον
1340 4644 1535 4705 αὐτοὺς
1576 4643 1782 4710 γνῶναι⁹
1814 4644 1907 4696 τοῦ

343 4739 637 4810 μυστηρίου
658 4739 717 4790 τὸ
750 4737 929 4807 βάθος,
955 4738 1077 4799 τοὺς
1106 4735 1205 4806 τῆς
1225 4734 1459 4798 διανοίαις
1491 4735 1668 4787 αὐτῶν
1701 4734 1906 4806 μύσαν-

338 4845 433 4891 τας
466 4828 799 4898 ὀφθαλμούς.
840 4825 1063 4899 [Cum]

413 4938 431 4969 ι
486 4919 693 4987 Ἰησοῦς
725 4918 781 4970 δὲ
806 4917 1029 4987 ἔκραξε,
1067 4918 1160 4972 καὶ
1191 4913 1344 4970 εἶπεν
1365 4933 1377 4945 '
1436 4917 1492 4969 Ὀ
1524 4914 1790 4968 πιστεύων
1829 4916 1908 4978 εἰς

339 5009 461 5078 ἐμὲ,
506 5011 566 5061 οὐ
616 5009 861 5061 πιστεύει
901 5010 981 5071 εἰς
1024 5009 1155 5078 ἐμὲ,
1189 5008 1301 5060 ἀλλ’
1352 5010 1432 5070 είς
1471 5008 1560 5060 τὸν
1613 5005 1908 5077 πέμψαντά

343 5117 430 5169 με.
470 5120 489 5151 ι

409 5214 505 5267 Διὰ
532 5213 590 5266 τὸ
629 5212 850 5275 ἀσθενὲς
882 5211 987 5265 τῶν
1028 5210 1332 5282 ἀκροατῶν,
1362 5210 1436 5272 ὡς
1463 5208 1748 5278 ἄνθρωπος
1779 5207 1904 5261 ἐλα-

338 5304 437 5356 λει.
479 5305 565 5367 Ὠς
593 5305 660 5358 ἂν
696 5304 828 5377 εἴπῃ
848 5319 862 5334 ο
891 5304 1059 5356 Ὅταν
1086 5301 1195 5369 ἐγὼ
1221 5300 1487 5370 τιμῶμαι,
1524 5300 1596 5369 μὴ
1623 5299 1905 5371 ἄνθρωπον

336 5395 595 5466 νομίσητε
620 5397 786 5465 τιμᾷν
803 5412 815 5424 ·
842 5395 908 5447 δι’
938 5392 1072 5462 ἐμοῦ
1096 5392 1203 5462 γὰρ
1225 5394 1252 5444 6
1276 5391 1464 5461 Πατὴρ
1490 5391 1737 5460 τιμᾶται.

414 5593 429 5623 ι
476 5572 584 5624 Καὶ
614 5572 641 5622 6
670 5567 893 5639 θεωρῶν
923 5568 1042 5637 ἐμὲ,
1072 5567 1266 5639 θεωρεῖ
1290 5567 1378 5621 τὸν
1404 5565 1692 5636 πέμψαντά
1721 5582 1806 5635 με.
1844 5582 1861 5614 ι

2016 4449 2227 4504 diabolo
2273 4451 2516 4503 caecitate
2573 4446 2795 4502 affectos
2842 4446 2894 4500 in
2950 4447 3253 4514 passionem
3302 4446 3470 4501 tradit
3519 4457 3575 4501 et

2011 4557 2326 4610 perversum
2377 4554 2619 4595 sensum.
2668 4539 2705 4594 li
2728 4540 2869 4594 enim
2897 4536 3067 4593 Judaei
3096 4539 3185 4607 qui
3234 4548 3291 4592 ut
3330 4541 3572 4610 mysterii

2010 4631 2344 4687 altitudinem
2379 4632 2756 4702 dignoscerent
2788 4640 2944 4686 erant
2990 4630 3191 4699 indigni
3221 4672 3237 4698 ,
3263 4630 3458 4700 quippe
3480 4632 3573 4699 qui

2005 4722 2195 4777 oculos
2219 4722 2416 4778 mentis
2447 4722 2776 4777 clauserant.

2078 4898 2242 4954 Vrsas.
2279 4896 2368 4952 44.
2415 4913 2435 4947 ‹
2473 4894 2629 4950 Jesus
2658 4901 2833 4949 autem
2864 4890 3141 4957 clamavit,
3179 4898 3233 4944 et
3257 4887 3390 4942 dixit
3423 4903 3437 4941 :
3471 4884 3572 4953 Qui

2009 4994 2180 5048 credit
2212 4993 2264 5047 in
2289 5006 2397 5058 me,
2418 5005 2525 5045 non
2550 4988 2719 5045 credit
2742 4988 2797 5042 in
2820 5000 2926 5051 me,
2947 4984 3043 5040 sed
3066 4984 3118 5037 in
3143 4994 3265 5037 eum
3300 4978 3389 5050 qui
3424 4976 3573 5033 misit

2012 5099 2117 5138 mc.
2158 5102 2176 5136 ›

2079 5194 2304 5260 Propter
2348 5190 2768 5246 imbecillitatem
2815 5185 3172 5246 audientium,
3202 5191 3260 5235 ut
3286 5180 3451 5236 bomo
3495 5178 3571 5233 lo—

2006 5284 2292 5352 queliatur.
2329 5283 2406 5336 Ac
2448 5281 2492 5335 si
2544 5282 2749 5335 diceret
2783 5292 2796 5329 :
2834 5274 3061 5341 Quando
3090 5288 3189 5345 ego
3216 5273 3475 5333 bonoror,
3507 5283 3575 5322 ne

2006 5375 2328 5429 existimetis
2365 5386 2463 5428 vos
2496 5373 2768 5427 hominem
2818 5369 3114 5433 honorare,
3160 5379 3255 5435 per
3289 5377 3380 5419 me
3425 5360 3572 5415 enim

2007 5463 2165 5517 Pater
2193 5463 2509 5515 honoratur.

2082 5556 2242 5607 Vens.
2274 5554 2364 5607 43.
2402 5573 2419 5606 ι
2459 5554 2519 5607 Et
2561 5552 2652 5620 qui
2690 5551 2834 5605 videt
2866 5560 2984 5614 me,
3013 5545 3154 5601 videt
3188 5558 3326 5608 cum,
3353 5542 3443 5612 qni
3472 5539 3571 5595 mi-

2007 5657 2075 5700 Sil.
2109 5660 2213 5700 me.
2260 5663 2277 5695 ι
