4038 6148
501 249 637 316 1479

1619 251 1954 314 ΑΜΜΟΝῙΙ
1995 253 2523 313 ALEXANDRINI

3618 255 3764 322 1480

579 365 713 420 Cum
742 363 886 421 enim
909 364 1084 435 imago
1115 363 1186 419 sit
1210 362 1407 427 Patris.
1438 364 1492 417 in
1519 374 1690 420 semet
1718 366 1832 435 ipse
1856 366 2059 421 Patren

2251 363 2429 417 Εἰκὼν
2455 365 2567 435 γὰρ
2587 364 2664 418 ὢν
2688 365 2781 418 τοῦ
2820 364 3055 437 Πατρδς,
3081 366 3150 420 δι’
3184 367 3349 422 αὑτοῦ
3369 367 3616 424 δείκνυσι
3665 375 3762 426 τὸν

498 457 724 511 exhibet
753 473 769 511 :
802 456 1055 524 quocirca
1084 455 1250 508 etiam
1289 454 1616 509 individuam
1660 455 1778 525 ejus
1809 459 2068 513 substan-

501 548 629 601 tiam
663 546 951 616 signiﬁcat,
982 554 1039 600 et
1059 544 1301 613 ejusdem
1329 545 1670 601 identitatem
1694 547 2066 616 demonstrat;

500 638 854 706 incorporeus
882 635 1146 705 siquidem
1186 635 1327 691 Deus
1355 644 1461 695 est.
1507 638 1662 693 Hanc
1704 638 1887 710 itaque
1917 641 2071 696 simi-

498 727 780 795 litudincm
814 728 1055 783 denotat.

573 816 735 874 Vsus.
771 818 863 873 46.
901 838 922 871 ι
966 821 1076 891 Ego
1106 820 1197 876 lux
1228 822 1281 876 in
1306 822 1562 877 mundum
1589 824 1709 877 veni
1738 837 1754 877 :
1785 831 1842 878 ut
1867 825 2069 892 omnis,

496 909 585 978 qui
619 910 791 963 credit
822 909 873 963 in
900 926 1012 975 me,
1045 912 1098 966 in
1133 913 1372 967 tenebris
1404 927 1511 967 non
1544 923 1779 968 maneat.
1812 933 1832 967 ι

565 999 1033 1066 Quemadmodum
1061 1001 1225 1058 Pater
1254 1003 1345 1059 lux
1374 1014 1481 1069 est,
1515 1005 1588 1059 ita
1615 1015 1670 1060 et
1702 1006 1889 1062 Filius.
1925 1006 2071 1073 Quo-

496 1093 639 1146 circa
667 1091 866 1147 Paulus
910 1108 1035 1148 cum
1065 1094 1225 1149 vellet
1252 1096 1617 1149 omnimudam
1664 1096 1782 1166 ejus
1810 1099 2067 1152 similitu-

496 1183 674 1236 dinem
709 1184 1010 1249 declarare,
1034 1185 1373 1254 splendorem
1405 1185 1585 1242 Patris
1607 1187 1801 1241 Filium
1827 1189 2069 1257 appella-

497 1272 667 1324 hat".
693 1271 1005 1327 Sicutenim
1031 1273 1143 1339 lux,
1161 1290 1282 1329 cum
1307 1285 1549 1344 apparet,
1576 1286 1629 1330 et
1653 1291 1715 1331 se
1739 1285 1795 1331 et
1818 1277 1923 1330 alia
1949 1279 2070 1332 red-

497 1362 575 1417 dit
598 1364 925 1432 conspicua;
962 1365 1039 1419 sic
1070 1374 1124 1419 et
1151 1365 1343 1433 Filius,
1378 1368 1576 1437 quippe
1610 1366 1723 1432 lux,
1749 1368 2066 1435 adveniens,

498 1446 924 1524 et'semetipsum
959 1456 1114 1510 nobis
1137 1465 1191 1510 et
1218 1456 1435 1511 Patrem
1463 1468 1650 1512 notum
1682 1458 1825 1514 fecit.

571 1543 737 1599 Vens.
765 1545 855 1601 £9.
899 1564 919 1597 ι
950 1546 1082 1613 Quia
1107 1562 1205 1619 ego
1229 1562 1293 1603 ex
1320 1549 1525 1617 meipso
1552 1563 1655 1603 non
1673 1564 1792 1603 sum
1825 1549 2065 1613 locutus,

2178 455 2430 526 Πατέραο
2466 456 2555 509 διὰ
2595 455 2756 509 τοῦτο
2798 457 2860 509 τὸ
2899 457 3323 528 ἀπαράλλακτον
3365 462 3625 530 σημαίνει
3655 464 3762 533 τῆς

2172 547 2361 611 οὐσίας
2382 588 2397 612 ,
2430 548 2526 600 καὶ
2565 547 2806 601 δείκνυσι
2845 548 2905 602 τὸ
2948 549 3235 620 όμοούσιον
3256 569 3271 582 υ
3320 552 3618 624 ἀσώματον
3650 557 3759 626 γὰρ

2173 636 2235 688 τὸ
2257 638 2436 692 Θεῑον.
2465 638 2686 710 Ταύτην
2713 636 2806 694 οὖν
2835 642 3140 713 ὁμοιότητα
3168 645 3448 715 σημαίνει.

2249 835 2269 869 t
2316 817 2459 886 Ἐγὼ
2499 819 2615 888 φῶς
2657 821 2738 885 εἰς
2783 821 2875 875 τὸν
2904 821 3113 893 κόσμον
3154 823 3425 895 ἐλήλυθα’
3458 826 3549 881 ἴνα
3580 830 3695 893 πᾶς
3734 833 3760 883 ὀ

2174 907 2449 961 πιστεύων
2472 910 2553 973 εἰς
2578 910 2710 980 ἐμὲ,
2738 913 2796 964 ἐν
2826 913 2891 983 τῇ
2931 913 3121 983 σκοτίᾳ
3152 913 3228 984 μὴ
3257 916 3439 988 μείνῃ.
3478 936 3499 968 ι

2255 997 2344 1061 Ὧς
2366 1001 2394 1052 ὁ
2431 1001 2619 1073 Πατὴρ
2646 1002 2780 1071 φῶς,
2800 1002 2944 1056 οὕτω
2977 1004 3074 1058 καὶ
3098 1005 3127 1056 6
3152 1004 3299 1069 Υἱός.
3324 1007 3416 1060 Διὸ
3450 1008 3627 1073 δεῖξαι
3668 1012 3758 1064 θέ-

2173 1083 2281 1143 λὼν
2325 1093 2354 1144 6
2395 1092 2606 1156 Παῦλος
2649 1093 2748 1164 τὴν
2796 1094 2999 1167 πολλὴν
3040 1097 3366 1165 ἐμφέρειαν,
3410 1100 3760 1172 ἀπαύγασμα.

2174 1178 2332 1231 καλεῖ
2347 1179 2442 1232 τοῦ
2467 1181 2679 1252 Πατρὺς
2697 1182 2787 1235 τὸν
2807 1183 2958 1238 Υίόν.
2979 1184 3192 1256 ’Ὠσπερ
3209 1187 3318 1257 γάρ
3340 1188 3401 1241 τὸ
3422 1190 3537 1258 φῶς
3562 1193 3753 1259 φανὲν,
3788 1216 3805 1225 -

2172 1266 2267 1318 καὶ
2306 1268 2527 1338 ἐαυτῷν
2564 1269 2746 1340 δῆλον,
2788 1274 2933 1326 ποιεῖ
2962 1275 3055 1327 καὶ
3092 1275 3159 1328 τὰ
3192 1277 3448 1348 ὁρώμενα
3468 1297 3481 1310 ·
3511 1280 3693 1344 οὕτως
3728 1286 3756 1335 6

2173 1353 2301 1419 Υἱὸς
2324 1357 2440 1425 φῶς
2465 1357 2541 1412 ὢν
2568 1361 2662 1414 καὶ
2692 1361 2884 1427 ἐλθὼν,
2914 1364 3007 1417 καὶ
3028 1365 3219 1419 ἑαυτὸν
3245 1367 3542 1438 ἐγνώρισεν
3567 1374 3704 1441 ἡμῖν
3728 1387 3753 1413 ι

2172 1448 2267 1498 καὶ
2292 1446 2383 1500 τὸν
2412 1450 2647 1522 Πατέρα.

2245 1552 2264 1586 ι
2302 1536 2427 1590 ’Ὁτι
2459 1538 2569 1606 ἐγὼ
2598 1540 2658 1604 ἐξ
2686 1543 2926 1611 ἐμαυτοῦ
2958 1544 3059 1599 οὐκ
3090 1546 3351 1619 ἐλάλησα,
3392 1550 3509 1603 ἀλλ’
3544 1553 3575 1604 ὁ
3606 1553 3753 1624 πέμ-

498 1633 588 1686 scd
621 1634 708 1703 qui
740 1634 887 1688 misit
922 1650 1010 1689 me
1043 1635 1224 1704 Pater,
1260 1637 1373 1706 ipse
1402 1639 1532 1693 mibi
1574 1639 1886 1693 mandatum
1917 1640 2059 1694 dedit

2179 1626 2287 1695 ψας
2320 1647 2387 1699 με
2434 1632 2644 1702 Πατὴρ,
2704 1634 2864 1699 αὑτός
2915 1654 3008 1708 μοι
3076 1640 3295 1711 ἐντολὴν
3332 1642 3501 1697 ἔδωκε
3528 1646 3588 1697 τί
3614 1647 3751 1699 εἴπω

497 1723 622 1791 quid
650 1724 846 1791 dicam,
866 1733 919 1779 et
943 1726 1068 1795 quid
1098 1727 1308 1793 loquar.
1351 1745 1369 1778 ι
1722 1775 1725 1779 .

568 1812 774 1882 Scopus
824 1825 1003 1870 autem
1045 1818 1328 1886 praesentis
1368 1818 1648 1887 adventus,
1698 1834 1803 1874 non
1835 1829 1954 1875 erat
1999 1821 2063 1876 ad

495 1900 865 1971 iudicandum,
890 1907 984 1961 sed
1018 1907 1086 1961 ad
1128 1908 1445 1983 salvandym
1480 1910 1691 1966 ﬁdeles.
1721 1911 1800 1965 Ne
1828 1927 1956 1967 vero
1998 1914 2066 1968 iis

494 1995 836 2050 occasionem
877 1997 1029 2052 daret
1065 1998 1474 2066 incredulitatis,
1502 2015 1691 2057 eorum
1728 2002 2063 2059 inﬁdelitatis

495 2086 549 2140 in
585 2102 643 2142 se
677 2102 896 2142 causam
942 2090 1008 2144 ad
1035 2091 1247 2147 Patrem
1274 2092 1459 2148 refert.
1540 2134 1545 2139 ι

565 2178 757 2235 Sermo
783 2180 1100 2237 humilitatis
1132 2182 1249 2253 ejus
1276 2186 1603 2240 condemnat
1630 2186 1773 2243 illos.
1800 2186 1920 2258 Ipse
1965 2202 2063 2243 au-

496 2277 603 2323 tem
665 2269 833 2325 Filius
889 2271 1196 2327 incredulos
1230 2274 1572 2343 judicaturus
1626 2286 1730 2343 est,
1775 2293 1883 2332 non
1928 2293 2058 2335 vero

494 2375 720 2415 sermo:
765 2363 1103 2432 tenigmatice
1132 2366 1276 2420 enim
1330 2365 1587 2436 loquitur.
1624 2366 1817 2424 Sermo
1855 2369 1949 2440 qui
1995 2372 2062 2424 ad

493 2452 719 2508 salutem
758 2470 854 2511 vos
904 2457 1138 2524 vocavit,
1168 2457 1388 2513 minime
1423 2474 1718 2526 persuasos
1772 2462 1825 2517 in
1858 2464 1946 2518 die
1970 2461 2061 2532 ju-

493 2544 617 2599 dicii
648 2546 1028 2603 condemnabit
1061 2564 1125 2603 ac
1157 2550 1367 2619 puniet.

566 2636 728 2692 Vens.
780 2639 870 2694 50.
925 2657 946 2691 ι
1001 2640 1067 2695 Et
1114 2643 1230 2697 scio
1264 2644 1390 2712 quia
1429 2645 1739 2721 mandatum
1792 2645 1908 2715 ejus
1953 2648 2061 2703 vita

492 2735 694 2783 :r-terna
718 2740 822 2785 est.
850 2731 981 2798 Quae
1007 2748 1137 2804 ergo
1175 2750 1276 2806 ego
1319 2735 1533 2806 loquor,
1574 2737 1716 2793 sicut
1742 2739 1878 2794 dixit
1929 2740 2061 2795 mihi

495 2816 679 2885 Pater,
718 2822 797 2875 sic
814 2821 1023 2892 loquor.
1060 2842 1078 2876 ι

566 2909 711 2965 Sicut
734 2914 868 2967 dixit
904 2915 1031 2968 mihi
1068 2913 1256 2983 Pater,
1284 2917 1358 2971 sic
1384 2916 1589 2989 loquor.
1646 2918 1759 2975 Hoc
1803 2919 2053 2985 dicendo,

2099 1708 2140 1762 Β
2173 1720 2268 1772 καὶ
2292 1721 2348 1772 τί
2375 1721 2614 1793 λαλήσω.
2648 1743 2669 1776 ι

2251 1812 2309 1864 '0
2339 1812 2396 1864 δὲ
2414 1821 2442 1861 γ
2475 1816 2679 1879 σκοπὸς
2703 1817 2802 1888 τῆς
2831 1817 2926 1873 νῦν
2960 1821 3265 1891 παρουσίας
3291 1824 3536 1892 γέγονεν,
3573 1827 3639 1879 οὐ
3664 1828 3748 1881 διὰ

2168 1902 2231 1956 τό
2261 1907 2467 1973 κρῖναι,
2500 1907 2634 1960 ἀλλά
2668 1907 2756 1962 διὰ
2798 1910 2858 1963 τὸ
2889 1911 3061 1965 σῶσαι
3096 1915 3223 1979 τοὺς
3259 1917 3506 1982 πιστούς.
3541 1921 3663 1974 Ἵνα
3690 1922 3744 1975 δὲ

2169 1993 2244 2063 μὴ
2275 1992 2350 2063 δῷ
2399 1995 2583 2061 αὐτοῖς
2642 1997 2897 2072 ἀφορμὴν
2929 2003 3209 2069 ἀπιστίας,
3262 2009 3357 2060 ἐπὶ
3401 2009 3493 2064 τὸν
3524 2014 3745 2084 Πατέρα

2165 2086 2358 2154 ἀνάγει
2388 2087 2485 2157 τὴν
2524 2089 2703 2144 αἰτίαν
2737 2094 2836 2161 τῆς
2872 2103 2894 2131 ³
2923 2097 3004 2158 είς
3036 2097 3198 2150 αὑτὸν
3221 2100 3506 2166 ἀπιστίας.

2241 2178 2306 2231 Ὀ
2322 2177 2476 2247 λόγος
2504 2180 2532 2232 6
2553 2182 2714 2252 2*τῆς
2740 2188 3238 2260 ταπεινοφροσύνης
3266 2191 3451 2259 αὑτοῦ,
3477 2196 3744 2265 κατακρί·

2166 2283 2250 2320 νει
2278 2268 2496 2334 αὐτούς.
2529 2273 2701 2336 Αὐτὸς
2731 2275 2760 2328 6
2806 2275 2940 2340 Υἱὸς
2973 2278 3159 2347 μέλλει
3190 2281 3401 2352 κρίνειν
3424 2286 3555 2348 τοὺς
3592 2288 3744 2340 am:-

2172 2355 2308 2424 θεῖς,
2337 2358 2399 2411 οὐ
2433 2359 2539 2431 μὴν
2568 2362 2596 2414 6
2628 2362 2784 2432 λόγος
2805 2381 2819 2395 ·
2853 2367 3272 2438 αἰνιγματωδῶς
3304 2371 3608 2443 γάρολαλεί.
3658 2377 3743 2429 Ἐν

2166 2448 2352 2521 ἡμέρᾳ
2380 2452 2619 2522 κρίσεως
2657 2456 2686 2507 6
2708 2455 2853 2528 πρὸς
2897 2459 3174 2530 σωτηρίαν
3219 2463 3369 2532 ἡμᾶς
3402 2463 3639 2530 καλέσας
3662 2466 3743 2521 λό-

2166 2556 2263 2609 γος
2292 2541 2701 2613 ἀπειθήσαντας
2724 2559 2749 2587 ι
2781 2552 3130 2619 τιμωρεῖται.

2245 2653 2265 2685 ι
2295 2636 2404 2688 Καὶ
2434 2633 2550 2689 οἶδα
2574 2638 2656 2690 ὅτι
2688 2639 2720 2708 ἡ
2753 2639 2943 2710 ἐντολὴ
2976 2641 3139 2694 αὑτοῦ
3176 2642 3292 2715 ζωὴ
3324 2645 3544 2712 αἰώνιός
3574 2652 3737 2706 ἐστιν.

2170 2727 2239 2778 ’Δ
2261 2726 2373 2795 οὖν,
2398 2728 2547 2781 λαλῶ
2592 2728 2703 2799 ἐγὼ
2721 2770 2737 2794 ,
2768 2731 2951 2796 καθὼς
2967 2733 3154 2803 εἴρηκέ
3195 2752 3286 2805 μοι
3310 2738 3339 2790 6
3364 2738 3578 2811 Πατὴρ,
3603 2741 3741 2796 οὕτω

2167 2817 2334 2874 λαλῶ.
2381 2841 2400 2873 ι

2235 2912 2443 2979 Καθὼς
2472 2915 2676 2984 ειρηκέ
2708 2934 2806 2986 μοι
2830 2920 2863 2971 ὁ
2903 2919 3127 2988 Πατὴρ,
3160 2922 3316 2976 οὕτω
3350 2923 3541 2980 λαλῶ.
3572 2926 3740 2979 Τοῦτο

497 3016 647 3053 suam
685 3005 1060 3059 auctoritatem
1099 3007 1319 3062 minime
1365 3009 1519 3075 tollit,
1554 3009 1652 3066 sed
1691 3014 1948 3078 ostendit,
2006 3015 2059 3068 in

2169 3002 2366 3071 λέγων,
2390 3005 2450 3057 οὑ
2478 3006 2576 3076 τὴν
2611 3005 2807 3059 ἑαυτοῦ
2837 3008 3089 3072 ἐξουσίαν
3114 3010 3327 3081 ἀνῄρει,
3361 3013 3497 3067 ἀλλά
3526 3015 3742 3069 δείκνυ-

494 3091 633 3145 Filio
669 3094 801 3146 nihil
832 3110 861 3146 a
893 3094 1053 3149 Patre
1079 3111 1197 3152 esse
1230 3099 1489 3166 alienum,
1521 3116 1585 3157 ac
1612 3102 1658 3156 si
1686 3104 1830 3158 dicat
1857 3121 1872 3158 :
1922 3103 2059 3159 Nihil

2177 3112 2283 3159 σιν,
2319 3097 2400 3149 ὅτι
2424 3097 2581 3151 οὐδὲν
2599 3097 2882 3170 ἀλλότριον
2915 3100 3008 3152 τοῦ
3046 3102 3262 3173 Πατρὸς
3306 3106 3364 3158 ὲν
3389 3104 3501 3174 Υίῷ
3526 3122 3541 3137 ο
3570 3106 3645 3168 ὡς
3670 3108 3738 3160 ἀν

493 3175 685 3243 luqttor
732 3175 877 3231 Patri
932 3182 1306 3248 contrarium,
1345 3184 1428 3239 vel
1483 3194 1736 3253 tanquam
1782 3188 1913 3241 mibi
1963 3190 2062 3244 soli

490 3270 790 3338 proprium,
814 3272 907 3324 sed
945 3286 1256 3328 commune.

557 3360 689 3414 Cum
717 3361 784 3416 sit
818 3360 1057 3418 Verbum
1097 3363 1292 3433 Patris,
1329 3381 1449 3436 qua:
1495 3366 1551 3421 in
1594 3366 1761 3424 Patre
1802 3378 1928 3425 sunt
1979 3372 2064 3425 in-

490 3459 818 3521 terpretatur
851 3471 913 3509 ac
938 3455 1266 3523 manifestat,
1299 3467 1623 3526 quapropter
1649 3460 1817 3531 legem
1840 3476 2056 3533 quoque

487 3558 547 3595 se
578 3544 857 3611 accepisse
887 3546 1038 3599 dicit.
1077 3544 1168 3600 Sic
1203 3547 1344 3599 enim
1375 3547 1599 3601 verbum
1627 3550 1791 3605 etiam
1818 3555 1960 3622 quod
2004 3555 2058 3608 in

488 3629 645 3681 nobis
671 3638 785 3694 est,
822 3645 943 3699 qua
975 3631 1026 3685 in
1068 3642 1250 3686 mente
1287 3643 1433 3700 sunt,
1470 3637 1705 3708 evulgat.
1738 3641 1829 3695 Ait
1861 3656 1923 3697 se
1956 3643 2058 3699 ista

490 3729 745 3788 tanquam
792 3734 856 3775 ex
904 3722 1066 3779 Patre
1100 3723 1305 3791 facere,
1334 3729 1772 3801 quandoquidem
1802 3735 2060 3791 videbant

488 3808 679 3877 Judaei,
709 3827 830 3867 eum
865 3813 994 3886 legis
1021 3817 1265 3873 umbram
1296 3819 1350 3874 in
1383 3836 1497 3876 rem
1548 3825 1720 3893 magis
1760 3827 2057 3896 spiritalem

487 3916 846 3963 commutare.

1105 4021 1257 4079 CAP.
1298 4024 1431 4082 Xlll.

558 4129 722 4185 Vens.
798 4132 851 4185 ί.
900 4150 919 4183 ι
976 4134 1116 4188 Ante
1156 4139 1296 4193 diem
1341 4140 1535 4195 festum
1577 4141 1820 4211 Pascitur,
1876 4148 2055 4204 sciens

487 4217 644 4273 Jesus
684 4221 806 4290 quia
842 4223 988 4277 venit
1016 4227 1144 4280 liora
1174 4226 1291 4297 ejus
1320 4241 1377 4284 ut
1407 4240 1648 4288 transeat
1670 4249 1733 4288 ex
1765 4236 1867 4291 hoc
1898 4255 2055 4292 mun-

2166 3185 2318 3257 εἴπῃ,
2345 3186 2513 3241 Οὐδὲν
2541 3189 2785 3242 ἐναντίον
2817 3190 3129 3262 φθέγγομαι
3158 3193 3235 3265 τῷ
3267 3196 3457 3266 Πατρὶ,
3490 3196 3606 3249 οὐδὲ
3649 3196 3734 3260 ὡς

2165 3277 2289 3346 ἐμοὶ
2319 3277 2450 3332 ἴδιον
2477 3280 2642 3350 μόνῳ,
2666 3282 2804 3336 ἀλλά
2837 3284 3037 3339 κοινόν.

2234 3368 2406 3435 Λόγος
2433 3370 2510 3424 ὢν
2530 3373 2626 3427 τοῦ
2676 3375 2913 3447 Πατρδς,
2962 3376 3128 3443 αὐτὸς
3158 3377 3434 3449 έρμηνεύει
3458 3379 3528 3433 τὰ
3553 3380 3611 3432 ὲν
3645 3379 3733 3452 τῷ

2166 3459 2345 3528 Πατρὶ
2366 3501 2381 3522 ,
2409 3463 2505 3516 καὶ
2533 3470 2902 3535 φανεροποιεῖ,
2932 3469 3015 3523 διδ
3046 3472 3142 3524 καὶ
3176 3471 3390 3544 ἐντολὴν
3423 3475 3617 3528 ἑαυτὸν
3652 3478 3736 3529 εἰ-

2166 3551 2397 3620 ληφέναι
2427 3554 2596 3625 λέγει.
2617 3556 2775 3611 Οὕτω
2803 3560 2909 3630 γὰρ
2945 3563 3039 3615 καὶ
3064 3564 3092 3616 6
3124 3564 3185 3616 ὲν
3213 3566 3348 3636 ἡμῖν
3370 3566 3530 3636 λόγος
3563 3568 3734 3640 δημο-

2179 3645 2444 3701 σιεύειτά
2464 3650 2520 3701 ὲν
2565 3648 2643 3721 τῷ
2704 3651 2800 3722 νῷ.
2841 3653 2932 3717 Ὠς
2984 3656 3048 3708 ὲκ
3095 3658 3313 3729 Πατρδς
3361 3658 3511 3728 λέγει
3560 3661 3733 3716 ταῦτα

2168 3738 2364 3803 ποιεῖν,
2402 3737 2635 3810 ἐπείπερ
2670 3739 2860 3811 ἑώρων
2905 3744 3068 3800 αὐτὸν
3131 3748 3184 3800 οί
3229 3748 3474 3804 Ἰουδαῖοι
3512 3751 3609 3822 τὴν
3637 3754 3730 3806 τοῦ

2160 3828 2327 3896 νόμου
2392 3829 2552 3885 σκιὰν
2613 3833 3061 3902 μεταπλάττοντα
3094 3837 3188 3891 ἐπὶ
3238 3840 3301 3893 τὸ
3349 3841 3730 3913 πνευματικῶς

2160 3932 2341 3989 τερον.

2752 4038 3003 4094 ΚΕΦᾹΛ.
3036 4040 3133 4095 ll".

2260 4163 2278 4195 ι
2313 4147 2428 4217 Πρὸ
2451 4147 2506 4201 δὲ
2529 4148 2629 4218 τῆς
2647 4151 2839 4222 ἑορτῆς
2878 4153 2975 4206 τοῦ
3002 4155 3198 4226 Πάσχα
3224 4156 3384 4222 εἰδὼς
3423 4162 3452 4212 6
3501 4160 3722 4231 Ἰησοῦς,

2156 4233 2237 4286 ὅτι
2261 4235 2516 4307 ἐλήλυθεν
2546 4240 2711 4294 αὐτοῦ
2735 4243 2767 4313 ἡ
2791 4242 2932 4316 ὥρα,
2959 4245 3049 4301 ἵνα
3073 4249 3283 4322 μεταϐῇ
3315 4253 3379 4305 ὲκ
3403 4251 3496 4307 τοῦ
3522 4254 3723 4324 κόσμου

485 4311 554 4364 do
586 4312 650 4364 ad
684 4308 899 4366 Patrem
936 4331 950 4367 :
980 4331 1101 4370 cum
1143 4317 1422 4373 dilexisset
1470 4336 1616 4386 suos,
1648 4324 1740 4392 qui
1790 4335 1944 4379 erant
1997 4328 2052 4383 in

2167 4324 2349 4378 τούτου
2377 4327 2513 4399 πρὸς
2539 4329 2629 4384 τὸν
2653 4333 2872 4405 Πατέρα
2904 4352 2918 4367 ⁸
2944 4337 3234 4411 ἀγαπήσας
3258 4343 3385 4405 τοὺς
3410 4344 3573 4408 ἰδίους
3605 4346 3726 4407 τοὺς

485 4402 707 4468 tutnulo,
749 4402 800 4455 in
828 4402 987 4457 ﬁnem
1019 4405 1208 4460 dilexit
1239 4421 1355 4464 eos.
1394 4427 1413 4459 ι

561 4488 898 4547 Ριτιξνίάοιηι
930 4495 1260 4563 passionem,
1310 4510 1645 4569 quapropter
1683 4502 1941 4560 dicendus
1973 4517 2058 4562 est

482 4581 790 4639 voluntarie
822 4600 1013 4654 passus
1044 4601 1186 4642 esse.
1215 4587 1331 4643 Non
1361 4592 1504 4644 enim
1540 4592 1738 4648 invitus
1764 4605 1871 4648 tam
1905 4599 2056 4667 igno-

2157 4414 2216 4465 ἐν
2247 4413 2324 4484 τῷ
2354 4415 2565 4487 κόσμῳ,
2598 4420 2678 4482 εἰς
2721 4422 2873 4486 τέλος
2908 4425 3196 4497 ἠγάπησεν
3225 4430 3442 4494 αὐτούς.
3492 4450 3511 4483 ι

2226 4504 2461 4575 Προῄδει
2504 4506 2565 4558 τὸ
2615 4508 2805 4575 πάθος,
2863 4511 2943 4565 διὸ
2974 4513 3197 4569 λεκτέον
3242 4516 3325 4569 ὅτι
3376 4517 3519 4570 ἑκὼν
3564 4514 3724 4591 ἦλθεν

2153 4598 2232 4660 εἰς
2265 4598 2325 4649 τὸ
2353 4598 2566 4655 παθεῖν,
2596 4602 2669 4653 Οὐ
2703 4603 2811 4673 γὰρ
2846 4603 2911 4656 ἂν
2949 4605 3099 4660 ἄκων
3136 4608 3397 4679 ὑπέμεινε
3427 4611 3520 4663 τὸν
3549 4612 3727 4672 οὕτως

486 4674 770 4729 miniosam
820 4686 1045 4731 mortem
1105 4679 1439 4747 pertulisset.
1473 4681 1674 4737 Horam
1709 4699 1840 4740 vero
1901 4699 2059 4745 vocat

2167 4687 2484 4760 ἑφύὸριστον
2517 4691 2768 4746 θάνατον.
2801 4695 2972 4765 Ὥραν
3005 4697 3061 4750 δὲ
3089 4674 3354 4771 λέγει-τὴν
3390 4700 3488 4755 τοῦ
3532 4703 3726 4772 Πάσχα

479 4767 673 4821 festum
707 4764 928 4822 Paschae
958 4783 1066 4838 quo
1094 4785 1285 4840 passus
1313 4783 1409 4829 est.

547 4855 775 4911 Amabat
807 4860 1023 4926 quidem
1067 4877 1165 4917 eos
1195 4864 1356 4919 etiam
1420 4878 1545 4922 ante
1577 4869 1807 4937 Pascha,
1864 4883 2048 4944 utpote

481 4948 646 5002 homo
675 4944 871 5002 factus.
914 4947 1143 5015 Quando
1181 4962 1360 5009 autem
1389 4959 1549 5012 etiam
1591 4962 1807 5016 tradidit
1846 4976 2045 5021 semet-

490 5038 666 5105 ipsum
695 5053 793 5107 pro
828 5039 985 5093 nobis
1022 5040 1074 5094 in
1107 5054 1355 5113 mortem,
1402 5057 1511 5107 tum
1535 5050 1748 5107 demum
1803 5055 2045 5123 perfecte

2159 4780 2374 4850 ἑορτὴν,
2409 4782 2529 4835 καθ’
2557 4784 2623 4854 ἣν
2656 4785 2912 4840 πέπονθε.

2239 4872 2459 4938 Ἠγάπα
2488 4873 2588 4944 μὲν
2616 4875 2813 4939 αὐτοὺς
2844 4879 2940 4931 καὶ
2990 4880 3096 4951 πρὸ
3126 4881 3219 4934 τοῦ
3253 4883 3465 4954 Πάσχα,
3488 4884 3729 4953 γεγονὼς

2162 4961 2474 5033 ἄνθρωπος.
2534 4966 2664 5018 Ὅτε
2709 4968 2767 5021 δὲ
2818 4969 2910 5021 καὶ
2948 4971 3222 5028 ἐπέδωκεν
3292 4976 3487 5028 ἑαυτὸν
3542 4980 3628 5039 είς
3670 4976 3731 5029 τὸ

2160 5055 2474 5123 ἀποθανεῖν,
2520 5058 2640 5111 τότε
2673 5058 2897 5124 τελείως
2950 5063 3250 5131 ἐνεδείξατο
3296 5066 3396 5137 τὴν
3464 5071 3545 5131 είς
3603 5071 3731 5132 τοὺς

482 5144 637 5182 suum
672 5131 723 5185 in
766 5130 1011 5187 homines
1033 5149 1270 5191 amorem
1308 5139 1624 5196 declaravit.
1654 5144 1834 5216 Neque
1870 5148 2042 5203 solum

2167 5148 2479 5219 ινθρώπους
2523 5150 2767 5223 ἀγάπην.
2823 5155 2961 5208 Οὐδὲ
2989 5157 3152 5227 μόνον
3218 5130 3529 5226 Ἰουδαίους,
3593 5130 3729 5217 ἀλλά

479 5218 714 5286 Iudaeos,
747 5222 840 5277 sed
872 5232 927 5278 et
960 5224 1097 5282 alios
1138 5242 1327 5285 omnes
1358 5241 1413 5286 ut
1450 5234 1674 5290 Creator
1714 5238 1879 5293 habet
1924 5257 2047 5310 pro-

482 5317 653 5381 prios.
683 5312 823 5369 Suos
857 5328 1038 5372 autem
1073 5329 1246 5388 vocat,
1281 5335 1544 5394 quatqunt
1571 5326 1621 5382 in
1649 5331 1845 5383 mundo
1900 5342 2043 5388 sant.

538 5446 583 5476 ’⁸
614 5444 779 5500 llebr.
809 5459 849 5511 ι,
875 5446 930 5503 5.

539 5607 562 5635 ν
599 5600 689 5654 Cr.
720 5602 931 5657 ἑαυτόν.
1010 5618 1035 5644 ι
1069 5604 1158 5659 Cr.
1188 5608 1301 5659 sine
1325 5609 1478 5677 ἡμῖν.
1550 5618 1577 5657 I
1612 5610 1699 5663 Cr.
1736 5611 1855 5666 sine
1883 5611 1955 5667 δέ.

2042 5622 2062 5648 7-
2098 5612 2187 5671 Cr.
2223 5616 2341 5671 sine
2380 5620 2497 5689 τῆς.

2154 5242 2252 5294 καὶ
2300 5242 2492 5307 ἄλλους
2550 5244 2663 5315 ἔχει
2722 5247 2885 5311 ἰδίους
2939 5249 3016 5312 ὠς
3048 5253 3408 5322 Δημιοιιργός.
3455 5255 3644 5319 Ἰδίους
3672 5254 3727 5307 δὲ

2152 5334 2320 5401 λέγει,
2358 5335 2563 5399 πάντας
2586 5337 2710 5400 τοὺς
2739 5339 2796 5390 ὲν
2828 5339 2904 5409 τῷ
2933 5341 3143 5412 κόσμῳ.

2580 5625 2623 5656 ²’
2647 5622 2737 5677 Cr.
2767 5639 2875 5679 om.
2912 5627 2940 5677 6
3014 5637 3039 5665 ι
3088 5627 3176 5682 Cr.
3211 5629 3575 5700 ἑκπειθὴσας.
