4038 6148
412 368 542 435 1431

1460 361 1918 423 FRAGMENTA
1966 361 2045 421 ΙΝ
2088 362 2147 422 S.
2187 359 2561 422 JOANNEM.

3529 357 3666 424 1482

488 501 507 535 ‹
547 479 656 534 Καὶ
681 477 899 533 δείπνου
929 475 1245 548 γενομένου,
1265 473 1358 528 τοῦ
1377 473 1626 527 διαϐόλου
1657 475 1758 546 ἤδη
1791 474 1983 546 βεϐλη-

2157 472 2321 529 Vsus.
2351 474 2406 527 2.
2443 491 2462 527 ι
2499 471 2566 527 Ει
2598 487 2752 529 coena
2778 473 2941 540 facta,
2973 489 3092 529 cum
3124 472 3368 531 diabolus
3407 472 3517 542 jam
3553 478 3657 529 mi-

413 573 574 636 κότος
606 573 686 634 είς
719 571 818 641 τὴν
849 566 1078 635 καρδίαν
1123 565 1296 619 Ἰούδα
1334 564 1601 636 Σίμωνος·
1634 563 1982 636 Ἰσκαριώτου

414 666 502 719 ἵνα
529 664 692 719 αὐτὸν
723 662 970 734 παραδῷ.
1011 679 1031 712 ι

485 775 564 845 Τῇ
594 774 819 844 πέμπτῃ
869 769 931 822 τὸ
967 769 1200 830 δεῖπνον,
1219 766 1284 834 τῇ
1310 763 1528 834 τετράδι
1558 765 1586 817 6
1622 761 1824 824 Ἰούδας
1866 778 1988 815 συν-

417 868 568 920 έθετο
598 862 928 935 παραδοῦναι
959 860 1049 912 τὸν
1083 855 1337 928 Χριστόν.
1391 855 1482 907 Διὸ
1514 851 1632 906 εἷπε
1660 870 1674 884 ο
1715 854 1824 908 Τοῦ
1870 853 1991 906 δια-

417 960 601 1012 ϐόλου
628 956 743 1024 ἤδη
768 951 1140 1019 βεϐληκότος
1170 951 1259 1014 εὶς
1288 945 1406 1014 τὴν
1433 945 1706 1016 καρδίαν,
1735 945 1835 999 ἵνα
1873 961 1988 998 πα-

410 1049 575 1120 ραδῷ
608 1048 796 1102 αὐτὸν
828 1045 1081 1109 Ἰούδας.
1876 1117 1884 1128 1

495 1161 511 1193 ι
555 1139 772 1202 Είδὼςό
809 1138 1012 1207 Ἰησοῦς
1048 1139 1129 1191 ὅτι
1172 1134 1350 1190 πάντα
1374 1133 1605 1187 δέδωκεν
1643 1130 1791 1201 αὐτῷ
1820 1132 1848 1183 6
1881 1131 1990 1184 Πα-

417 1232 521 1302 τὴρ
557 1233 636 1292 είς
662 1231 760 1292 τὰς
792 1232 1003 1299 χεῖρας,
1031 1227 1128 1281 καὶ
1181 1227 1264 1280 ὅτι
1307 1226 1416 1281 ἀπὸ
1479 1223 1616 1277 Θεοῦ
1647 1224 1862 1295 ἐξῆλθε,
1898 1224 1990 1281 καὶ

419 1324 558 1395 πρὸς
593 1323 683 1375 τὸν
712 1321 844 1374 Θεὸν
872 1322 1093 1389 ὑπάγει.
1135 1338 1154 1373 ι

489 1415 796 1485 Παράδοσιν
839 1412 995 1465 καλεῖ
1049 1410 1146 1482 τὴν
1185 1411 1295 1463 τῶν
1349 1407 1559 1462 πιστῶν
1591 1407 1887 1479 σωτηρίαν,
1924 1406 1990 1479 ἥν

418 1506 512 1559 καὶ
551 1503 712 1566 αὐτὸς
777 1500 1234 1571 ἀντιπαραδίδωσι
1299 1497 1378 1568 τῷ
1423 1497 1621 1568 Πατρὶ,
1665 1497 1749 1550 ὃτι
1801 1499 1865 1550 ὲκ
1893 1497 1993 1568 τῆς

417 1596 605 1659 οὐσίας
635 1593 896 1664 ἐγεννήθη
925 1593 1018 1646 τοῦ
1045 1591 1280 1662 Πατρός.

495 1707 512 1740 ι
557 1686 665 1740 Καὶ
695 1684 874 1738 λαϐὼν
895 1685 1123 1749 λέντιον,
1164 1680 1421 1746 διέζωσεν
1454 1678 1668 1733 ἑαυτόν.
1715 1697 1733 1730 ι

2087 859 2365 916 Christum
2416 864 2666 931 prodere.
2721 863 2929 920 Idcirco
2976 866 3110 920 dixit

2079 953 2197 1022 jam
2233 955 2456 1008 misisset
2491 957 2546 1009 in
2575 972 2683 1024 cor,
2703 966 2758 1010 ut
2795 957 3023 1012 traderet
3050 974 3166 1012 cum
3187 956 3381 1013 Judas.

2087 565 2248 620 sisset
2274 565 2328 619 in
2359 577 2478 629 cor,
2521 573 2580 619 ut
2616 566 2853 622 traderet
2883 579 3006 621 eum
3047 563 3214 620 Judas
3250 563 3489 620 Simonis
3518 565 3662 621 lsca-

2089 656 2262 712 riotae.
2303 677 2322 709 ι
2739 667 2765 712 ,’

2159 770 2318 825 Feria
2367 772 2551 842 quinta
2608 788 2762 829 coena
2809 783 2943 842 erat,
2976 785 3168 844 quarta
3203 791 3333 831 vero
3386 778 3665 832 constituit

3166 884 3179 921 :
3233 867 3366 921 Cum
3417 871 3663 923 diabolus

2167 1129 2328 1185 Vens.
2361 1131 2418 1186 3.-
2452 1150 2471 1186 ι
2503 1131 2693 1189 Sciens
2725 1133 2855 1206 quia
2890 1135 3074 1190 omnia
3118 1135 3266 1191 dedit
3303 1137 3351 1192 ei
3399 1137 3563 1193 Pater
3612 1141 3662 1192 in

2093 1237 2304 1291 manus,
2334 1233 2388 1279 et
2412 1225 2538 1295 quia
2565 1239 2595 1280 a
2626 1225 2736 1282 Deo
2785 1228 2977 1295 exivit,
3009 1235 3064 1284 et
3093 1228 3160 1284 ad
3193 1229 3362 1285 Deum
3400 1232 3568 1286 vadit.
3605 1251 3624 1283 ι

2163 1403 2535 1460 Traditionem
2563 1412 2722 1461 vocat
2769 1405 3005 1462 ﬁdelium
3048 1407 3304 1473 salutem,
3349 1425 3509 1478 quam
3553 1399 3668 1481 ipse

2092 1494 2239 1549 Patri
2272 1496 2544 1564 retribuit,
2574 1498 2830 1567 quoniam
2872 1514 2937 1555 ex
2971 1499 3271 1556 substantia
3319 1499 3499 1556 Patris
3550 1511 3668 1557 erat

2094 1585 2329 1654 genitus.

2167 1675 2334 1731 Vens.
2362 1677 2417 1732 4.
2473 1695 2492 1728 t
2543 1677 2610 1732 Et
2649 1692 2774 1734 cum
2827 1681 3133 1749 accepisset
3168 1679 3418 1747 linteum,
3443 1683 3671 1752 praecin-

2096 1767 2175 1821 xit
2198 1783 2278 1824 se.
2323 1786 2343 1820 ι

493 1868 630 1937 Ὅρα
661 1863 776 1927 πῶς
805 1865 865 1917 οὐ
906 1861 983 1934 τῷ
1011 1860 1161 1931 νίψαι
1195 1859 1378 1930 μόνον,
1412 1857 1552 1912 ἀλλὰ
1573 1857 1667 1910 καὶ
1702 1854 1905 1924 ἑτέρως
1927 1852 1987 1906 τὸ

2166 1859 2458 1916 Considera
2511 1861 2782 1931 quomodo
2834 1837 2953 1917 Inon
3029 1863 3264 1921 lavando
3318 1865 3516 1933 solum,
3575 1866 3672 1922 sed

417 1959 669 2015 ταπεινὸν
703 1957 1056 2010 ἐνδείκνυται.
1102 1954 1174 2007 Οὐ
1210 1952 1318 2022 γὰρ
1347 1951 1477 2020 πρὶν
1505 1949 1538 2022 ἢ
1569 1947 1985 2016 κατακλιθῆναι,

421 2053 559 2107 ἀλλὰ
616 2049 755 2120 μετὰ
793 2048 855 2100 τὸ
904 2048 1200 2101 ἀναπεσεῖν
1230 2045 1460 2107 πάντας,
1520 2040 1645 2094 τότε
1709 2037 1986 2104 Ἀνέστη,

421 2145 521 2197 καὶ
561 2142 802 2196 λέντιον
844 2136 1258 2206 περιεζώσατο.
1313 2135 1424 2188 Καὶ
1451 2133 1573 2186 οὐδὲ
1602 2131 1775 2200 τούτῳ
1822 2129 1992 2200 ἠρκέ-

423 2237 548 2306 σθη,
591 2234 727 2288 ἀλλὰ
758 2233 852 2286 καὶ
884 2230 1058 2300 ,αὐτὸς
1095 2229 1320 2298 ὲγέμισε
1351 2227 1442 2280 τὸν
1468 2225 1725 2295 νιπτῆρα,
1763 2223 1857 2275 καὶ
1895 2222 1991 2290 οὐχ

423 2329 592 2398 ἑτέρῳ
621 2325 898 2395 ἐμπλῆσαι
929 2320 1234 2385 ἐκέλευσεν,
1263 2318 1399 2371 ἀλλὰ
1433 2317 1610 2371 πάντα
1640 2314 1802 2377 αὐτὸς
1828 2312 1994 2384 ἐργά-

421 2420 572 2484 ζεται
601 2415 796 2481 ταῦτα,
838 2416 927 2468 διὰ
957 2413 1174 2466 πάντων
1220 2410 1456 2474 δεικνὺς,
1497 2410 1578 2462 ὅτι
1608 2408 1709 2478 οὐχ
1753 2408 1992 2475 ἀφοσιω-

424 2512 598 2582 μένως
637 2510 720 2562 δεῖ
743 2508 916 2560 ποιεῖν
963 2505 1033 2558 τὰ
1083 2501 1332 2568 τοιαῦτα,
1386 2501 1515 2552 ὅταν
1547 2497 1813 2568 ποιῶμεν,
1854 2495 1992 2550 ἀλλὰ

423 2603 562 2672 μετὰ
595 2601 697 2670 τῆς
735 2597 1064 2669 προθυμίας.
1097 2594 1255 2666 Ἐμοὶ
1289 2591 1547 2646 δοκείτοῦ
1567 2589 1824 2662 προδότου
1844 2587 1992 2658 πρῶ-

419 2711 509 2747 τον
552 2693 702 2760 νίψαι
751 2692 879 2753 τοὺς
929 2689 1116 2751 πόδας.
1162 2685 1409 2756 ’Ἠρξατο
1451 2683 1560 2755 γὰρ
1602 2682 1816 2737 νίπτειν
1863 2682 1989 2745 τοὺς

422 2785 609 2846 πόδας,
641 2783 794 2851 φησὶ,
824 2782 919 2834 καὶ
950 2782 1073 2833 τότε
1105 2775 1236 2850 ἦλθε
1259 2778 1397 2848 πρὸς
1431 2777 1660 2847 Πέτρον.

498 2895 518 2927 ι
561 2874 820 2945 Ἔρχεται
871 2868 962 2926 οὖν
993 2871 1129 2942 πρὸς
1176 2871 1398 2941 Σίμωνα
1437 2869 1664 2939 Πέτρον,
1702 2867 1798 2921 καὶ
1842 2867 1991 2935 λέγει

423 2967 572 3037 αύτῷ
594 2969 801 3029 ἐκεῖνος
831 2983 844 2997 ·
873 2964 1068 3035 Κύριε,
1100 2963 1164 3016 σύ
1200 2980 1300 3033 μου
1336 2963 1546 3024 νίπτεις
1578 2961 1704 3023 τοὺς
1736 2960 1930 3024 πόδας;
1969 2978 1986 3011 t

493 3062 590 3114 Διὰ
614 3061 713 3129 τῆς
739 3060 881 3128 ἁφῆς
929 3057 1256 3128 ἐκαθάρισεν
1305 3056 1487 3109 αὐτῶν
1529 3054 1657 3116 τοὺς
1712 3052 1879 3114 πόδας
1914 3052 1992 3114 εἰς

2097 1951 2260 2006 etiam
2293 1952 2450 2007 aliter
2483 1953 2840 2009 humilitatem
2878 1957 3134 2012 ostendit.
3168 1958 3287 2014 Non
3317 1960 3460 2014 enim
3486 1959 3672 2028 prius-

2097 2057 2257 2111 quam
2289 2045 2722 2111 discumberent,
2764 2050 2856 2102 sed
2897 2061 3019 2118 post
3054 2053 3295 2106 omnium
3341 2053 3668 2120 accubitum,

2096 2132 2280 2203 Surgit
2318 2153 2349 2188 α
2391 2152 2568 2201 creua,
2602 2150 2649 2190 et
2687 2141 2848 2194 linteo
2899 2157 2952 2194 se
2996 2144 3296 2211 praecinxit.
3353 2142 3540 2215 Neque
3589 2146 3672 2199 his

2099 2236 2404 2291 contentus,
2441 2230 2555 2297 ipse
2593 2230 2788 2297 pelvim
2819 2233 3078 2302 implevit,
3127 2245 3180 2290 et
3229 2236 3447 2290 nemine
3500 2237 3672 2293 altero

2092 2316 2268 2384 jusso,
2313 2319 2540 2388 ipsemet
2569 2322 2749 2376 omnia
2791 2323 2964 2392 fecit;
3016 2327 3264 2396 exemplo
3295 2329 3516 2395 docens,
3566 2344 3670 2383 non

2101 2410 2330 2466 remisse
2361 2425 2424 2466 ac
2450 2411 2646 2483 frigide
2678 2413 3009 2482 ejuscemodi
3036 2433 3220 2486 opera,
3253 2420 3346 2474 sed
3393 2435 3553 2489 quam
3587 2419 3670 2475 di—

2100 2501 2459 2573 ligentissime
2499 2503 2746 2560 facienda
2782 2522 2922 2562 esse.
2974 2508 3202 2564 Videtur
3247 2511 3377 2566 mihi
3438 2515 3672 2583 primum

2102 2595 2275 2666 ipsius
2304 2597 2827 2667 proditorislavasse
2860 2603 3044 2671 pedes.
3074 2601 3253 2674 Coepit
3276 2605 3445 2670 enim,
3475 2605 3669 2676 inquit,

2100 2689 2286 2746 lavare
2317 2689 2504 2761 pedes,
2537 2701 2590 2746 et
2625 2691 2749 2748 inde
2785 2694 2936 2750 venit
2962 2693 3030 2748 ad
3069 2693 3317 2751 Petrum.

2171 2871 2338 2928 Vens.
2371 2872 2424 2926 6.
2457 2891 2477 2924 ι
2517 2873 2678 2928 Venit
2713 2887 2842 2944 ergo
2895 2875 2960 2929 ad
3000 2874 3274 2930 Simonem
3322 2875 3565 2965 Petrum.
3607 2877 3675 2932 Et

2102 2963 2302 3019 dicitei
2335 2964 2526 3020 Petrus
2553 2983 2566 3018 :
2595 2966 2842 3033 Domine,
2889 2974 2942 3020 tu
2966 2967 3096 3022 mihi
3129 2968 3280 3023 lavas
3311 2963 3515 3038 pedes?
3551 2989 3570 3024 ι

2171 3057 2275 3112 Per
2304 3069 2566 3114 attactum
2622 3059 2900 3115 mundavit
2941 3061 3106 3128 pedes
3131 3075 3340 3124 eorum,
3374 3061 3428 3115 in
3468 3077 3675 3132 prepa-

422 3152 743 3222 ἑτοιμασίαν
769 3149 864 3203 τοῦ
892 3147 1246 3216 Εὐαγγελίου.
1280 3148 1437 3215 Ἀγει
1465 3144 1522 3197 δὲ
1550 3144 1644 3197 καὶ
1677 3144 1756 3204 είς
1802 3158 1992 3195 ταπει-

2103 3149 2367 3204 rationem
2394 3148 2693 3218 Evangelii.
2717 3147 2860 3216 Quin
2885 3159 2940 3205 et
2965 3151 3031 3205 ad
3053 3150 3414 3206 humilitatem
3443 3154 3667 3211 inducit.

421 3239 776 3311 νοφροσύνην.

497 3351 516 3384 t
567 3332 691 3385 Ἐὰν
721 3329 949 3401 μὴνίψω
976 3345 1055 3394 σε,
1085 3327 1188 3381 οὐκ
1231 3325 1375 3395 ἔχεις
1403 3323 1569 3395 μέρος
1606 3321 1724 3393 μετ’
1765 3319 1926 3391 ἐμοῦ.
1967 3339 1986 3372 ι

504 3511 630 3564 Ἐὰν
663 3509 736 3580 μὴ
761 3506 1030 3577 καταδέξῃ
1053 3507 1116 3559 τὸ
1148 3506 1247 3576 τῆς
1278 3500 1787 3572 ταπεινοφροσύνης
1814 3496 1994 3569 μάθη-

428 3620 525 3673 μα,
565 3603 664 3654 οὐκ
698 3601 839 3670 ἔχεις
888 3601 1052 3670 μέρος
1101 3597 1218 3666 μετ’
1257 3593 1414 3665 ἐμοῦ,
1451 3594 1594 3663 ἤτοι,
1626 3591 1754 3644 Ἐὰν
1804 3589 1877 3659 μή
1913 3604 1998 3651 τις

425 3691 757 3760 ἀπονίψηται
781 3689 872 3742 τὸν
894 3690 991 3758 τῆς
1013 3686 1288 3757 ἁμαρτίας
1312 3684 1483 3756 ῥύπον
1509 3681 1595 3735 διὰ
1617 3682 1716 3750 τῆς
1745 3681 1993 3749 χάριτος,

425 3787 487 3838 ού
517 3783 903 3854 τυγχάνειτῆς
929 3780 1095 3850 ζωῆς,
1115 3776 1241 3830 οὔτε
1271 3774 1534 3830 ἀπολαύει
1563 3773 1660 3842 τῆς
1691 3771 1801 3824 τῶν
1827 3771 1993 3839 ούρα-

425 3879 530 3933 νῶν
560 3876 859 3949 βασιλείας.

506 4012 525 4046 ι
569 3991 730 4060 Λέγει
761 3987 910 4058 αύτῷ
929 3989 956 4040 6
998 3983 1202 4056 Ἰησοῦς
1234 3998 1248 4013 ο
1292 3982 1352 4035 ὐ
1372 3979 1694 4051 λελουμένος
1721 3977 1780 4030 οὺ
1811 3975 2000 4046 χρείαν

428 4083 540 4153 ἔχει
565 4082 597 4152 ἢ
623 4082 749 4143 τοὺς
787 4078 956 4139 πόδας
983 4073 1263 4144 νίψασθαι,
1290 4071 1405 4124 ἀλλ’
1436 4069 1551 4122 ἐστι
1589 4066 1830 4137 καθαρὸς
1853 4065 1997 4127 ὅλος.

428 4176 538 4229 Καὶ
575 4176 732 4244 ὑμεῖς
768 4168 997 4241 καθαροί
1030 4170 1176 4232 ἐστε,
1213 4165 1329 4219 ἀλλ’
1352 4162 1473 4233 οὐχὶ
1496 4162 1720 4223 πάντες.
1768 4179 1785 4211 ι

501 4266 612 4334 Οὐχ
658 4265 740 4316 ὃτι
769 4260 1005 4333 ῥυπαροὶ
1031 4255 1193 4328 ἦσαν,
1241 4256 1424 4309 νίπτει
1453 4253 1478 4291 b
1509 4253 1732 4316 αὐτοὺς,
1769 4252 1885 4306 ἀλλ’
1916 4254 2002 4306 ἵνα

429 4354 615 4426 διδάξῃ
634 4353 966 4423 μετριάζειν.
997 4351 1070 4404 Οὐ
1093 4346 1320 4419 λουτροῦ
1339 4347 1490 4412 τάξιν
1507 4344 1692 4415 ἐπέχει
1722 4345 1750 4397 6
1778 4345 1998 4416 νιπτῆρ,

431 4447 548 4499 οὐδὲ
576 4445 952 4515 ἁμαρτήματα
985 4438 1256 4509 κουφίζει,
1288 4438 1403 4491 ἀλλ’
1437 4437 1518 4500 είς
1546 4436 1760 4491 τελείαν
1797 4437 2002 4508 ἀρετὴν

431 4539 633 4606 ὁδηγεῖ.

2172 3323 2337 3378 Vens.
2368 3323 2423 3378 8.
2455 3342 2475 3377 ι
2513 3323 2569 3379 Si
2599 3340 2705 3380 non
2734 3324 2921 3382 lavero
2966 3336 3039 3390 te,
3077 3341 3183 3381 non
3217 3326 3444 3383 habebis
3461 3335 3670 3398 partem

2100 3429 2334 3469 mecum.
2377 3434 2395 3468 l

2171 3503 2284 3559 Nisi
2303 3505 2610 3577 susceperis
2632 3505 2932 3560 doctrinam
2957 3505 3304 3573 humilitatis,
3324 3520 3431 3561 non
3451 3506 3674 3564 habebis
3716 3518 3719 3520 '

2102 3606 2310 3664 partem
2339 3613 2573 3663 mecum,
2606 3596 2715 3661 vel,
2743 3596 2856 3653 Nisi
2888 3599 3009 3662 quis
3057 3614 3154 3670 per
3200 3599 3427 3668 gratiam
3466 3601 3671 3670 peccati

2103 3688 2292 3742 sordes
2354 3690 2620 3755 abluerit,
2671 3707 2778 3746 non
2833 3699 3202 3760 consequetur
3246 3691 3437 3757 vitam,
3495 3705 3674 3761 neque

2102 3793 2268 3848 regno
2298 3780 2554 3834 caelorum
2601 3784 2856 3851 potietur.

2175 3973 2337 4028 Vens.
2382 3975 2469 4029 lO.
2501 3993 2518 4025 ι
2564 3976 2706 4030 Dicit
2737 3978 2784 4030 ci
2811 3975 3017 4031 Iesus:
3071 3978 3171 4044 Qui
3213 3979 3356 4034 lotus
3408 3990 3515 4048 est,
3565 3998 3672 4037 non

2103 4065 2310 4137 indiget
2343 4068 2447 4122 nisi
2482 4077 2539 4122 ut
2570 4068 2736 4138 pedes
2776 4069 2936 4135 lavet,
2971 4070 3066 4124 sed
3101 4079 3185 4125 est
3226 4073 3462 4127 mundus
3505 4082 3672 4129 totus.

2103 4155 2172 4209 Et
2217 4172 2310 4211 vos
2342 4158 2525 4212 mundi
2565 4160 2716 4222 estis,
2747 4160 2839 4214 sed
2873 4174 2985 4214 non
3010 4175 3220 4216 omnes.
3261 4181 3279 4214 ›

2174 4247 2288 4306 Non
2319 4253 2457 4319 quod
2491 4251 2694 4306 sordidi
2739 4262 2944 4316 essent,
2975 4267 3070 4308 eos
3119 4254 3277 4323 lavit,
3314 4256 3407 4311 sed
3449 4263 3510 4310 ut
3555 4272 3676 4312 mo-

2105 4343 2335 4397 destiam
2368 4344 2611 4399 doceret.
2663 4344 2839 4400 Pelvis
2872 4355 3050 4399 autem
3105 4361 3211 4400 non
3270 4347 3468 4402 lavacri
3501 4349 3674 4403 vicem

2104 4439 2338 4502 subibat,
2370 4453 2548 4508 neque
2589 4448 2810 4507 peccata
2847 4439 3086 4502 tollebat,
3129 4440 3224 4494 sed
3275 4440 3340 4494 ad
3373 4439 3671 4509 perfectam

2111 4529 2362 4584 virtutent
2391 4533 2536 4586 viam
2569 4533 2870 4588 sternebat.

502 4594 750 4698 ίέαθαροὶ
812 4620 954 4696 ἦσαν
1003 4625 1068 4693 τῇ
1118 4619 1440 4690 διδασκαλίᾳ
1479 4616 1863 4686 φωτισθέντες,
1903 4616 1992 4670 καὶ

2173 4622 2365 4676 Mundi
2397 4634 2572 4687 erant,
2624 4632 2810 4693 utpote
2854 4625 3099 4679 doctrina
3149 4624 3464 4688 illuminati,
3502 4622 3676 4678 elJu-

435 4716 838 4785 ἀπαλλαγέντες
892 4717 991 4784 τῆς
1043 4711 1341 4780 Ἰουδαϊκῆς
1399 4709 1624 4778 πλάνης,
1677 4707 1771 4761 καὶ
1817 4709 1998 4760 πᾶσαν

433 4808 696 4878 πονηρίαν
727 4806 1126 4874 ἀπούαλόμενοι
1155 4803 1233 4874 τῷ
1264 4803 1503 4855 συνεῖναι
1530 4799 1772 4871 Χριστῷ.
1809 4800 1888 4851 Δι’
1925 4793 2001 4852 ὧν

432 4900 491 4952 δὲ
524 4903 636 4962 τοῖς
661 4898 841 4961 ἄλλοις
895 4897 1160 4968 μαρτυρεῖ
1191 4894 1563 4965 καθαρότητα,
1595 4893 2003 4965 μεμολυσμένον

434 4990 781 5043 ἀποδείκνυσι
813 4989 904 5042 τὸν
933 4989 1006 5058 μὴ
1044 4985 1307 5058 καθαρόν.

510 5117 530 5152 ι
577 5100 760 5170 Ὑμεῖς
785 5099 1010 5169 φωνεῖτέ
1035 5116 1124 5168 με,
1146 5101 1174 5151 6
1201 5098 1552 5164 Διδάσκαλος,
1579 5099 1673 5152 καὶ
1699 5099 1728 5150 6
1753 5097 1958 5168 Κύριος
1980 5113 1995 5130 ο

437 5192 532 5243 καὶ
564 5191 742 5254 καλῶς
769 5191 960 5258 λέγετε
987 5205 1000 5219 ·
1030 5189 1150 5259 είμὶ
1178 5189 1307 5260 γάρ.
1351 5208 1368 5240 ι

509 5284 691 5338 Εἰπὼν
713 5285 768 5336 δὲ
797 5283 877 5348 τὸ,
920 5301 937 5334 ι
979 5282 1113 5351 εἰμὶ,
1141 5299 1160 5331 ι
1191 5281 1409 5346 ἔδειξεν,
1441 5281 1521 5334 ὅτι
1541 5279 1697 5349 φύσει
1727 5279 1859 5344 Θεός
1887 5283 2003 5334 ἔστι

443 5378 536 5430 καὶ
573 5374 906 5434 διδάσκαλος.
961 5369 1187 5443 [Cum]
1330 5374 1335 5379 ⁷

517 5514 527 5532 ι
609 5484 913 5554 ι’πόδειγμα
954 5484 1062 5554 γὰρ
1119 5484 1294 5536 ἔδωκα
1333 5484 1482 5553 ὑμῖν,
1539 5483 1626 5536 ἵνα
1659 5482 1842 5548 καθὼς
1892 5485 2001 5554 ἐγὼ

437 5573 834 5642 ἐ;.οιησαὺμῖν,
867 5577 961 5628 καὶ
995 5577 1152 5646 ὑμεῖς
1176 5576 1386 5644 ποιῆτε.
1423 5595 1440 5626 ι

504 5747 536 5792 δ
568 5748 656 5803 Ct‘.
693 5748 922 5805 ἕνιπτεν.

831 5843 1096 5900 Ρηιιοι..
1135 5837 1178 5897 G
1193 5855 1248 5895 s.
1286 5837 1571 5902 LXXXV.

2102 4712 2258 4769 daico
2287 4730 2475 4769 errore
2500 4716 2737 4779 liberati,
2757 4724 2812 4769 et
2841 4715 3040 4771 Christi
3065 4717 3349 4785 praesentia
3380 4716 3526 4770 omni
3562 4732 3674 4770 ma-

2104 4802 2217 4857 litia
2256 4803 2587 4872 propulsata.
2643 4804 2884 4857 Aliorum
2935 4813 3111 4858 autem
3155 4802 3374 4872 puritati
3427 4803 3672 4857 testimo-

2111 4895 2255 4948 nium
2284 4895 2636 4962 perhibendo,
2672 4893 3082 4964 coinquinatum
3113 4893 3375 4965 arguebat
3404 4908 3527 4949 eum
3581 4895 3673 4963 qui

2111 5001 2216 5039 non
2252 4994 2368 5040 erat
2402 4985 2657 5040 mundus.

2185 5095 2345 5152 Vens.
2381 5099 2469 5152 13.
2501 5117 2518 5150 ι
2549 5098 2657 5154 Vos
2681 5099 2886 5154 vocatis
2920 5112 3004 5154 me
3030 5098 3301 5169 Magister,
3333 5108 3386 5155 et
3410 5097 3670 5153 Domine:

2107 5200 2159 5244 et
2186 5192 2322 5245 bene
2354 5191 2566 5245 dicitis:
2598 5206 2716 5244 sum
2741 5190 2961 5244 etenim.
3003 5207 3022 5240 ι

2178 5283 2280 5336 Per
2308 5281 2410 5335 hoc
2439 5284 2662 5337 verbum
2696 5301 2714 5332 ‹
2747 5297 2865 5336 sum
2897 5301 2917 5333 ι
2954 5280 3195 5336 ostendit
3219 5293 3277 5335 se
3299 5294 3420 5336 esse
3451 5288 3675 5335 natura-

2109 5372 2230 5426 liter
2257 5382 2312 5426 et
2344 5373 2508 5426 Deum
2541 5382 2595 5426 et
2628 5372 2964 5442 magistrum.

2185 5486 2346 5541 Vens.
2378 5487 2465 5542 l5.
2498 5505 2515 5538 ι
2548 5486 2864 5554 Exemplum
2894 5485 3037 5540 enim
3059 5484 3179 5540 dedi
3205 5484 3380 5549 vobis,
3407 5494 3464 5539 ut
3487 5497 3677 5556 quem-

2115 5579 2402 5635 admodum
2436 5593 2532 5648 ego
2561 5577 2659 5632 feci
2692 5576 2864 5643 vobis,
2902 5575 2974 5631 ita
2999 5583 3052 5631 et
3075 5590 3170 5632 vos
3197 5573 3434 5630 faciatis.
3473 5591 3492 5625 ›

3295 5839 3365 5911 47
