4038 6148
451 323 486 404 ξι
502 322 597 386 έ83

463 539 593 596 uiis
620 531 886 604 specimen
920 524 1088 578 dedit.

540 593 707 685 νεηέ,
742 618 828 671 ιτ.
871 633 888 666 ι
926 612 980 667 Si
1010 612 1127 666 haec
1179 605 1353 670 scitis,
1398 601 1539 658 beati
1586 599 1742 654 eritis
1769 597 1812 652 si
1841 593 2036 648 feceri-

467 728 536 784 tis
565 740 648 778 ea.
684 738 704 773 ι

523 814 651 868 .Νοη
708 805 852 864 enim
910 800 1169 854 virtutem
1239 798 1590 859 cognoscere,
1641 778 1734 835 sed
1788 775 2039 848 operari,

470 901 738 964 laudabile
788 903 891 952 est.
936 892 1092 947 Scire
1136 885 1302 950 enim,
1343 889 1398 935 et
1451 892 1556 932 non
1613 873 1814 936 facere,
1869 868 2044 937 majus

467 956 790 1064 supplicium
825 980 1080 1040 accersit.
1122 971 1350 1032 Plurimi
1389 965 1657 1038 siquidem
1707 961 1912 1025 sciunt,
1950 956 2044 1012 sed

446 1052 586 1140 non
607 1093 798 1136 omnes
827 1073 1051 1129 faciunt.
1081 1063 1240 1122 Beati
1267 1060 1438 1126 eritis,
1461 1058 1507 1111 si
1533 1052 1765 1126 feceritis
1787 1065 1870 1104 ea.

535 1260 705 1324 Vens.
737 1261 826 1316 18.
866 1276 886 1310 ί
925 1254 1042 1310 Νοη
1098 1251 1164 1307 de
1209 1245 1465 1304 omnibus
1493 1237 1648 1294 vobis
1708 1233 1834 1324 dico
1876 1247 1891 1284 :
1947 1241 2046 1296 ego

466 1362 581 1418 scio
610 1370 747 1427 quos
763 1347 1017 1422 elegerim
1049 1362 1063 1398 :
1100 1341 1194 1398 sed
1219 1347 1278 1393 nt
1317 1330 1682 1403 adimpleatur
1719 1323 2001 1392 Scriptura
2030 1334 2044 1371 :

467 1451 570 1516 Qui
603 1419 895 1501 manducat
934 1446 1144 1489 mecum
1197 1441 1413 1500 panem,
1464 1419 1662 1477 leVabit
1719 1426 1908 1470 contra
1963 1422 2048 1463 me

470 1543 790 1597 talcaneum
811 1545 991 1588 suum.
1039 1544 1058 1578 ι

525 1589 692 1688 ludas
717 1640 821 1680 non
863 1632 921 1676 ut
951 1615 1188 1686 Spiritus
1217 1609 1392 1668 sancti
1421 1617 1602 1662 sermo
1637 1598 1954 1669 impleretur
1983 1589 2052 1645 ad

473 1723 788 1783 tradendum
819 1714 1102 1770 Dominum
1130 1715 1212 1761 est
1261 1709 1504 1764 coactus,
1534 1693 1677 1766 quod
1706 1689 1852 1747 omni
1905 1686 2050 1740 blas-

472 1816 686 1891 phemia
721 1821 867 1868 esset
901 1806 1151 1879 plenum;
1192 1799 1286 1855 sed
1318 1805 1378 1850 ut
1400 1794 1672 1848 discamus
1706 1782 2047 1851 Scripturam
2081 1764 2124 1824 Β

470 1871 537 1968 ile
594 1909 688 1965 illo
755 1871 1192 1976 przenimtiassc,
1273 1901 1432 1957 quem
1489 1880 1733 1936 videmus
1792 1871 2049 1944 praedicta

471 1967 800 2076 patranteni.
871 1991 929 2046 Si
959 1987 1222 2043 Dominus
1248 1981 1439 2036 ludam
1470 1971 1635 2042 elegit
1661 1967 1753 2039 qui
1782 1967 2046 2076 praevari-

471 2055 754 2158 zaiusest,
797 2083 933 2141 nihil
977 2077 1196 2142 exinde,
1229 2073 1320 2144 qui
1354 2071 1530 2124 bonus
1574 2071 1694 2120 erat
1735 2074 1858 2114 cum
1906 2055 2050 2110 Deus

471 2150 617 2245 illum
651 2150 838 2252 elegit,
873 2184 928 2232 et
975 2179 1164 2242 postea
1200 2172 1445 2221 mutatus
1469 2168 1556 2215 est
1587 2155 1730 2211 sicut
1773 2150 1944 2204 Adam
1996 2151 2052 2200 et

451 2242 623 2334 ‘Saul.
644 2242 786 2328 Detis
810 2242 958 2324 enim
981 2260 1185 2318 nemini
1217 2255 1351 2312 tollit
1379 2253 1702 2312 libertatem,
1733 2242 1826 2299 sed
1855 2252 2051 2295 unum-

471 2381 741 2442 quemque
789 2362 857 2417 ad
895 2355 1181 2413 arbitrium
1257 2361 1412 2403 suum
1464 2355 1625 2413 agere
1670 2332 1956 2408 permittit,
1994 2338 2053 2384 ut

472 2425 600 2517 uitali
634 2425 928 2529 puniantur
981 2457 1038 2504 et
1083 2448 1415 2501 coronentur
1471 2434 1564 2505 qui
1607 2437 1902 2500 operantur
1949 2425 2054 2478 vir-

475 2563 710 2699 wtiiiiiis.
742 2637 834 2692 26.
877 2652 895 2686 ι
925 2626 1228 2700 Respondit
1254 2621 1413 2678 Jesus
1447 2616 1584 2672 :llle
1611 2623 1693 2670 est
1719 2610 1804 2668 cui
1835 2623 1933 2678 ego
1965 2607 2050 2661 in-

478 2739 704 2791 tinctum
729 2743 922 2800 panem
948 2732 1263 2794 porrexero.
1321 2734 1340 2767 ι

547 2827 651 2883 Per
706 2795 1009 2879 buccellam
1078 2809 1325 2881 implevit
1385 2804 1648 2860 Dominus
1710 2795 2050 2872 prophetiam

476 2934 594 2990 quae
624 2917 702 2971 ait
728 2930 743 2968 :
772 2913 876 2978 Qui
908 2909 1094 2966 edebat
1123 2918 1284 2975 panes
1321 2914 1491 2965 meos,
1511 2891 1865 2966 magniﬁcavit
1897 2899 2054 2955 super

477 3025 559 3064 me
589 2997 1151 3075 supplantationem”.

554 3069 720 3151 Vilis.
751 3092 844 3147 ετ.
884 3109 904 3143 ι
935 3090 1003 3145 Et
1040 3085 1177 3142 dixit
1222 3085 1271 3140 ei
1317 3080 1508 3140 Jesus:
1540 3076 1692 3147 Quod
1750 3073 1903 3137 facis,
1970 3069 2054 3122 fac

475 3192 655 3248 citius.
693 3207 714 3241 ι
1271 3186 1280 3194 '

546 3288 666 3345 Non
697 3282 852 3356 quasi
907 3274 1226 3350 imperando
1281 3273 1387 3328 hoc
1441 3267 1596 3334 dicit,
1663 3262 1757 3318 sed
1798 3270 2054 3356 tanquam

475 3351 856 3450 exprobrando
897 3373 970 3436 ei,
1006 3368 1091 3425 cui
1121 3365 1266 3437 quod
1295 3361 1456 3418 vellet
1509 3356 1690 3412 facere
1716 3351 2056 3422 permiserat,

407 3501 412 3506 -
467 3439 916 3544 quandoquidem
954 3457 1236 3518 emendari
1284 3453 1472 3510 nollet.
1503 3447 1640 3503 Cum
1693 3445 1820 3505 hoc,
1859 3439 2056 3508 inquit,

473 3540 576 3620 tibi
605 3563 880 3616 decretum
909 3555 1002 3618 sit,
1025 3547 1266 3603 accelera
1312 3540 1671 3612 proditionem
1704 3548 1902 3598 meam,
1954 3545 2058 3586 non

473 3655 623 3712 enim
649 3645 980 3714 subterfugiu
1019 3639 1348 3711 passionem.

550 3747 716 3802 Vens.
747 3740 842 3795 28.
881 3756 899 3790 ι
937 3737 1052 3790 Hoc
1082 3738 1264 3786 autem
1315 3739 1475 3782 nemo
1520 3721 1677 3778 scivit
1717 3716 2058 3775 discumben-

481 3840 614 3895 tium
653 3834 720 3890 ad
753 3831 883 3902 quid
902 3826 1101 3884 dixerit
1129 3824 1201 3879 ei.
1232 3841 1252 3874 ι

533 3933 670 3988 Cum
699 3901 836 3982 forte
863 3922 1102 3978 Joannes
1147 3914 1287 3970 clam
1321 3925 1443 3966 eum
1485 3903 1864 3978 rogarit,clam
1896 3901 2062 3955 etiam

469 4031 804 4092 responsum
837 4011 983 4077 tulit,
1015 4006 1236 4064 nemine
1263 4002 1315 4058 id
1341 3999 1707 4069 intelligente:
1742 3995 1868 4064 quia
1897 3992 1941 4047 si
1969 4006 2064 4047 co-

481 4088 819 4187 gnovissent,
846 4107 985 4163 forte
1015 4103 1164 4157 illum
1191 4098 1542 4154 occidissent.
1578 4091 1672 4147 Vel
1696 4088 1839 4160 quod
1879 4093 2065 4141 essent

475 4179 812 4278 perturbati,
855 4205 1110 4266 tanquam
1144 4189 1318 4262 ignari
1347 4186 1472 4258 quid
1503 4186 1557 4239 in
1603 4183 1766 4238 corde
1794 4179 1944 4234 lude:
1974 4191 2063 4232 coo

483 4275 768 4369 queretur,
803 4291 856 4346 id
883 4291 1026 4359 quod
1053 4282 1338 4341 dicebatur
1374 4275 1720 4348 ignorabant.

537 4388 703 4444 Vens.
726 4384 813 4439 50.
871 4399 896 4433 ί
932 4380 1065 4436 Cum
1092 4389 1222 4446 ergo
1252 4369 1549 4440 accepisset
1600 4366 1689 4419 ille
1738 4359 2056 4425 buccellam,

467 4481 655 4538 exivit
681 4476 959 4533 continuo.
1016 4469 1147 4524 Erat
1173 4473 1352 4520 autem
1390 4476 1518 4515 nox.
1551 4476 1572 4510 ι

554 4572 758 4639 Quarta
789 4567 904 4621 dies
932 4571 1046 4618 erat
1089 4573 1210 4613 cum
1237 4556 1466 4610 Satanas
1499 4548 1648 4604 misit
1676 4547 1728 4600 in
1785 4560 1881 4600 cor
1913 4541 2068 4598 Judae‘

488 4673 546 4721 ut
580 4637 866 4718 Dominum
915 4654 1177 4715 traderet,
1230 4656 1286 4702 et
1328 4643 1514 4714 quinta
1568 4639 1656 4694 die
1698 4637 1801 4693 sub
1853 4643 2065 4691 noctem

486 4760 556 4814 de
579 4758 683 4812 hoc
723 4751 1022 4808 collocutus
1055 4754 1137 4800 est
1168 4741 1336 4798 Judas
1368 4753 1489 4794 cum
1517 4732 1741 4789 Iudaeis.
1773 4730 1907 4786 Cum
1939 4742 2068 4800 ergo

373 4869 376 4872 '
489 4850 626 4906 vidit
673 4846 869 4902 Judam
918 4839 1209 4896 Dominum
1238 4833 1456 4889 tradere
1489 4827 1665 4897 reipsa
1710 4823 1976 4878 volentem
2013 4828 2070 4874 et

486 4945 540 5000 in
569 4944 672 4997 hoc
694 4954 829 5008 opus
845 4941 1248 5008 properantem,
1280 4922 1526 4980 introivit
1563 4919 1616 4974 in
1658 4931 1780 4972 eum
1812 4915 2063 4968 Satanas.

486 5033 648 5091 Aliud
681 5003 824 5088 enim
847 5003 963 5081 vesti
982 5022 1198 5077 mittere
1221 5017 1277 5071 in
1303 5029 1398 5070 cor
1427 5011 1619 5080 ipsius,
1650 5007 1792 5060 aliud
1816 5005 1868 5058 in
1893 5003 2065 5072 ipsum

489 5124 738 5187 introire,
768 5110 1221 5190 quemadmodum
1282 5104 1426 5158 aliud
1486 5108 1572 5155 est
1631 5095 1793 5150 alicui
1847 5105 2067 5146 manum

491 5185 812 5286 impingere,
852 5207 995 5264 aliud
1048 5203 1123 5259 illi
1154 5197 1350 5256 Ietltale
1403 5192 1598 5247 vulnus
1621 5201 1676 5246 et
1714 5187 1949 5260 gladium
1980 5185 2063 5238 in-

493 5309 678 5364 ﬁgere.

565 5327 678 5364 ere.

532 5327 730 5456 8Vsus.
775 5397 866 5451 32.
905 5414 923 5447 ι
958 5394 1015 5448 Si
1073 5389 1214 5443 Deus
1268 5383 1600 5440 clarificatus
1662 5392 1746 5434 est
1777 5379 1827 5431 in
1865 5389 1952 5438 eo,
2010 5379 2066 5426 et

487 5494 636 5549 Deus
686 5489 1005 5547 ciariilcabit
1061 5499 1184 5539 eum
1218 5483 1271 5535 in
1329 5479 1665 5546 semetipso:
1701 5480 1757 5529 et
1808 5466 2068 5526 continuo

492 5584 813 5639 clariﬂeabit
840 5598 985 5638 eum.
1031 5599 1048 5630 ι

566 5763 610 5794 ³⁷
645 5761 788 5821 Paul.
824 5775 914 5827 XL,
949 5759 1034 5810 IG.

1591 309 1861 370 ΑΜΜΟΝ
1872 309 1927 368 Π
1969 304 2164 366 ALEX
2177 297 2500 360 ANDRINI

499 432 648 489 “Non
685 431 860 487 solum
895 426 1082 491 verbo,
1111 421 1204 477 sed
1237 428 1291 476 et
1324 431 1488 489 opere
1527 416 1781 488 perfecun
1813 413 2035 468 humili-

2209 410 2284 463 Ού
2327 409 2488 478 μόνον
2515 405 2678 476 λόγῳ,
2713 404 2850 465 ἀλλᾶ
2886 408 2981 461 καὶ
3015 405 3102 476 Ep“
3117 424 3160 478 ῳ
3217 404 3319 476 τῆς
3357 401 3577 465 τελείας
3636 421 3734 456 τα-

3589 288 3613 352 ι
3663 271 3739 352 si

2143 501 2574 572 πεινοφροσύνης
2607 502 2837 556 δέδωκεν
2864 501 3189 569 ὑπόδειγμα.

2221 613 2238 644 ι
2281 594 2342 646 Εἰ
2389 593 2568 646 ταῦτα
2623 594 2822 660 οίδατε,
2879 590 3144 664 μακάριοί
3201 591 3325 644 ἐστε
3375 592 3473 646 ἐὰν
3533 593 3734 664 ποιῆτε

2146 683 2308 738 αὐτά.
2341 703 2360 735 ι

2217 776 2292 829 06
2344 775 2452 842 γὰρ
2481 775 2543 829 τὸ
2580 775 2780 830 εἰδέναι
2829 776 2929 848 τὴν
2968 775 3172 850 ἀρετὴν
3203 775 3470 846 ζηλωτὸν,
3507 777 3652 832 ἀλλά
3676 778 3738 830 τὸ

2147 868 2501 939 ἐργάζεσθαι.
2533 869 2606 922 Τὸ
2652 868 2760 940 γὰρ
2799 869 3020 932 εἰδέναι,
3080 869 3175 923 καὶ
3209 869 3284 940 μὴ
3327 872 3524 932 ποιεῖν,
3561 871 3739 922 πλείω

2147 960 2370 1013 κόλασιν
2425 960 2643 1028 ἐπάγει.
2675 959 2748 1013 Τὸ
2779 959 2880 1031 μὲν
2911 958 3132 1027 εἰδέναι,
3175 958 3342 1029 τυχὸν
3382 957 3600 1012 πολλῶν
3629 975 3643 990 ·
3677 959 3740 1011 τὸ

2145 1051 2203 1106 δὲ
2223 1054 2416 1116 ποιεῖν,
2450 1053 2510 1106 οὐ
2545 1051 2783 1107 πάντων.
2817 1051 2907 1104 Διὸ
2938 1047 3081 1114 εἷπε,
3112 1050 3408 1108 Μακάριοί
3431 1051 3595 1117 ἐστε,
3630 1050 3740 1104 ἐὰν

2148 1157 2379 1211 natura.

2225 1253 2243 1284 ι
2279 1235 2352 1287 Οὐ
2386 1235 2516 1305 περὶ
2550 1234 2770 1287 πάντων
2801 1232 2958 1305 ὑμῶν
2995 1233 3169 1301 λέγω”
3215 1233 3328 1303 ἐγὼ
3357 1231 3477 1288 οῖδα
3506 1233 3604 1298 οὓς
3654 1233 3742 1300 ἐξ-

2149 1319 2448 1395 ελεξάμην,
2494 1324 2610 1378 ἀλλ’
2640 1323 2728 1378 ἵνα
2761 1323 2794 1393 ἡ
2849 1323 3040 1395 Γραφὴ
3094 1321 3384 1396 πληρωθῇ·
3422 1325 3480 1378 ’0
3505 1325 3743 1397 τρώγων

2153 1419 2273 1487 μετ’
2307 1417 2442 1487 ἐμοῦ
2474 1417 2566 1470 τὸν
2616 1418 2806 1488 ἄρτον,
2856 1415 3063 1486 ἐπῆρεν
3089 1415 3178 1470 ἐπ’
3212 1417 3314 1487 ἐμὲ
3353 1417 3452 1489 τὴν
3493 1417 3742 1489 πτέρναν

2151 1507 2338 1561 αὐτοῦ.
2383 1525 2403 1558 ι
3726 1517 3734 1522 -

2224 1598 2300 1651 Οὐ
2336 1597 2508 1652 διὰτὸ
2552 1598 2824 1671 ἀποϐῆναι
2864 1600 2992 1664 τοὺς
3034 1597 3128 1653 τοῦ
3163 1599 3484 1672 Πνεύματος
3542 1599 3742 1670 λόγους

2153 1691 2477 1762 ἠναγκάσθη
2508 1693 2536 1746 6
2597 1692 2804 1757 Ἰούδας
2843 1691 3162 1766 προδοῦναι,
3215 1694 3351 1765 ὅπερ
3381 1693 3503 1746 ἐστὶ
3556 1694 3744 1764 πάσης

2159 1779 2510 1853 βλασφημίας
2551 1783 2882 1853 ἀνάμεστον,
2934 1781 3053 1837 ἀλλ’
3089 1783 3176 1838 ἵνα
3227 1783 3472 1855 γνῶμεν,
3503 1785 3592 1838 δτι
3617 1785 3742 1855 περὶ

2155 1870 2368 1925 ἐκείνου
2395 1867 2553 1927 εἶπεν
2603 1873 2636 1944 ἠ
2693 1866 2908 1945 Γραφνη,
2963 1872 3274 1945 δν,ὁρῶμεν
3329 1875 3644 1946 ποιήσαντα
3682 1875 3743 1928 τδ

2156 1957 2474 2030 προλεχθέν.
2503 1960 2566 2013 Ei
2593 1959 2651 2013 δὲ
2679 1961 2708 2014 6
2733 1959 2938 2032 Κύριος
2961 1959 3244 2027 ἐξελέξατο
3263 1960 3356 2014 τὸν
3391 1962 3621 2029 Ἰούδαν,
3650 1964 3742 2017 καὶ

2156 2051 2401 2122 παρέϐη,
2455 2052 2612 2106 οὐδὲν
2660 2053 2728 2106 ὲκ
2781 2052 2975 2108 τούτου
3003 2052 3209 2109 ’καλὸν
3263 2053 3376 2124 γὰρ
3411 2053 3543 2108 ὄντα
3584 2057 3743 2108 αὐτὸν

2156 2141 2461 2210 ἐξελέξατο,
2499 2144 2592 2197 καὶ
2626 2143 2934 2217 μετεϐλήθη
2962 2143 3039 2209 ὡς
3075 2145 3105 2198 6
3141 2145 3316 2217 Ἀδὰμ
3354 2147 3449 2200 καὶ
3489 2149 3517 2200 6
3543 2147 3738 2200 Σαούλ.

2156 2233 2230 2287 Τὸ
2255 2235 2364 2304 γὰρ
2393 2234 2744 2301 αὐτεξούσιον
2773 2235 2875 2289 οὐκ
2926 2236 3144 2307 ἀναιρεῖ
3170 2239 3199 2290 6
3243 2237 3402 2303 Θεὸς,
3439 2237 3583 2291 ἀλλὰ
3613 2254 3742 2306 συγ-

2158 2329 2326 2399 χωρεῖ
2361 2327 2598 2383 ἕκαστον
2643 2327 2830 2393 καθὼς
2892 2328 3149 2400 βούλεται
3188 2330 3476 2400 πράττειν,
3527 2331 3616 2385 ἵνα
3655 2333 3742 2386 καὶ

2158 2418 2208 2472 οἱ
2234 2418 2398 2472 κακοὶ
2433 2418 2769 2488 κολασθῶσι,
2799 2420 2896 2475 καὶ
2947 2421 2998 2474 οἱ
3037 2421 3291 2493 ὲνάρετοι
3326 2423 3740 2492 στεφανωθῶσι.

2159 2510 2386 2585 [Cum]

2234 2623 2253 2656 ι
2304 2605 2685 2677 Ἀποκρίνεται
2715 2607 2744 2660 6
2780 2605 2992 2677 Ἰησοῦς
3019 2624 3034 2638 ο
3097 2606 3342 2672 Ἐκεῖνός
3371 2609 3525 2664 ἔστιν
3556 2602 3603 2680 ᾧ
3633 2610 3737 2681 ἐγὼ

2160 2695 2338 2767 βάψας
2360 2698 2421 2751 τὸ
2449 2698 2665 2768 ψωμίον
2692 2697 2963 2753 ἐπιδώσω.
3011 2717 3030 2753 ι

2229 2791 2331 2845 Διά
2355 2791 2449 2844 τοῦ
2479 2791 2696 2862 ψωμίου
2729 2791 3019 2864 ἐπλήρωσε
3061 2791 3160 2864 τὴν
3190 2795 3541 2867 προφητείαν
3575 2798 3603 2851 6
3633 2796 3745 2850 Κύ-

2163 2901 2295 2955 ριος,
2325 2882 2423 2955 τὴν
2447 2883 2714 2952 λέγουσαν
2740 2900 2754 2916 ο
2783 2883 2847 2937 '0
2869 2885 3091 2938 ἐσθίων
3122 2883 3344 2953 ἄρτους
3365 2904 3510 2956 μου,
3535 2887 3744 2960 ἐμετάρ

2158 2980 2347 3030 λυνεν
2370 2975 2464 3028 ἐπ’
2501 2975 2607 3046 ἐμὲ
2631 2977 3020 3047 πτερνισμόν.

2237 3084 2256 3118 ‹
2301 3066 2464 3134 Λέγει
2493 3061 2584 3120 οὖν
2621 3065 2772 3137 αὐτῷ
2818 3068 2848 3120 6
2900 3064 3144 3138 Ἰησοῦς·
3175 3067 3242 3123 '0
3275 3069 3477 3135 ποιεῖς,
3522 3068 3746 3136 ποίησον

2159 3159 2366 3229 τάχιον.
2406 3179 2425 3211 ο

2228 3251 2341 3321 Οὐχ
2359 3250 2435 3314 ὡς
2463 3249 2814 3322 προστάττων
2843 3247 3003 3303 τοῦτο
3025 3248 3199 3320 λέγει,
3225 3248 3342 3304 ἀλλ’
3366 3249 3439 3313 ὡς
3465 3247 3738 3311 ὀνειδίζων

2156 3344 2215 3397 ὃν
2253 3343 2436 3412 ἀφῆκε
2465 3341 2730 3413 πράττειν
2774 3341 2803 3394 δ
2841 3341 3046 3408 ἔθελεν,
3100 3341 3324 3412 ἐπείπερ
3351 3341 3448 3394 οὐκ
3479 3337 3738 3393 ἐϐούλετο

2157 3435 2536 3508 διορθωθῆναι.
2572 3433 2792 3505 Ἐπειδὴ
2806 3434 2987 3500 τοῦτο,
3005 3434 3162 3506 φησὶ,
3183 3433 3261 3487 σοὶ
3280 3431 3547 3498 δέδοκται,
3572 3429 3746 3485 σπού-

2158 3526 2317 3581 δασον
2346 3525 2438 3578 ἐπὶ
2461 3525 2560 3597 τὴν
2592 3523 2713 3578 κατ’
2742 3523 2878 3596 ἐμοῦ
2903 3523 3201 3596 ἐπιϐουλήν
3220 3539 3235 3554 ⁸
3261 3522 3319 3576 οὐ
3347 3521 3456 3593 γὰρ
3480 3521 3646 3575 λυπεῖ
3677 3537 3746 3592 με

2159 3618 2222 3673 τὸ
2257 3618 2474 3673 παθεῖν.

2239 3729 2259 3762 ι
2294 3708 2465 3764 Τοῦτο
2493 3708 2550 3762 δὲ
2579 3707 2755 3772 οὐδεὶς
2796 3706 2939 3776 ἔγνω
2963 3706 3073 3761 τῶν
3119 3705 3502 3778 ἀνακειμένων
3538 3704 3671 3777 πρὸς
3696 3705 3746 3758 τί

2163 3799 2317 3858 εἶπεν
2347 3801 2518 3872 αὐτῷ.
2559 3819 2578 3853 ι
3519 3854 3526 3860 _

2247 3894 2463 3966 Ἐπειδὴ
2507 3895 2649 3964 τάχα
2675 3895 2705 3946 6
2752 3893 3008 3965 Ἰωάννης
3055 3891 3233 3963 λάθρα
3268 3891 3420 3964 αὕτῷ
3468 3885 3612 3956 εἶπε,
3657 3891 3746 3945 καὶ

2161 3988 2338 4060 λάθρα
2367 3988 2617 4059 ἤκουσεν,
2634 3986 2806 4049 οὐδεὶς
2832 3985 3003 4053 ἐγνωι
3023 3986 3146 4038 ἐπεὶ
3179 3983 3279 4057 [εί]
3305 3985 3580 4054 ἔγνωσαν,
3614 3987 3747 4054 τάχα

2165 4083 2232 4138 ἂν
2265 4082 2359 4136 καὶ
2389 4081 2696 4135 ἀπέκτανον
2726 4078 2910 4133 αὐτόν.
2948 4078 3016 4131 Ἢ
3040 4079 3121 4131 ὅτι
3149 4078 3208 4132 ὲν
3237 4077 3456 4148 θορύϐῳ
3484 4074 3648 4148 ἦσαν,
3677 4077 3743 4138 ὡς

2167 4174 2243 4245 μὴ
2267 4173 2466 4236 εἰδότες
2485 4173 2553 4226 τὰ
2569 4173 2625 4224 ὲν
2648 4170 2846 4242 καρδίᾳ
2866 4168 2964 4222 τοῦ
2991 4167 3182 4233 Ἰούδα,
3200 4168 3434 4240 ἠγνόουν
3456 4169 3519 4223 τὸ
3541 4168 3744 4240 λεχθέν.

2241 4377 2259 4411 ι
2297 4357 2492 4413 Λαϐὼν
2519 4353 2612 4412 οὖν
2647 4357 2709 4411 τδ
2735 4356 2950 4427 ψωμίον
2989 4356 3234 4424 ἐκεῖνος,
3266 4353 3474 4417 εὐθέως
3511 4352 3746 4421 ἐξῆλθεν.

2097 4488 2138 4542 D
2168 4448 2276 4507 Ἦν
2301 4453 2357 4506 δὲ
2384 4453 2481 4516 νὺξ
2509 4452 2596 4505 ὅτε
2626 4451 2838 4520 ἐξῆλθε.
2876 4467 2896 4501 ι

2237 4547 2315 4616 Τῇ
2349 4544 2567 4617 τετράδι
2609 4541 2861 4596 ἱνέϐαλεν
2895 4542 2924 4594 6
2951 4541 3200 4604 Σατανᾶς
3249 4539 3344 4593 τὸν
3391 4539 3603 4593 Ἰούδαν
3629 4579 3642 4603 ,
3672 4536 3750 4589 ἵνα

2167 4639 2349 4712 προδῴ
2379 4638 2469 4692 τὸν
2498 4637 2726 4708 Κύριον,
2754 4636 2849 4690 καλ⁵
2878 4634 3111 4707 ἐλάλησε
3139 4632 3296 4688 τοῦτο
3325 4634 3440 4696 τοῖς
3485 4631 3768 4691 Ἰουδαίοις·

2165 4732 2231 4802 τῇ
2259 4731 2488 4803 πέμπτῃ
2508 4729 2739 4800 ἑσπέρᾳ.
2781 4725 3003 4796 Ἐπειδὴ
3033 4720 3142 4779 εἶδε
3163 4723 3257 4778 τὸν
3299 4722 3507 4776 Ἰούδαν
3532 4720 3755 4774 θέλοντα

2167 4823 2314 4894 ἔργῳ
2368 4819 2708 4891 παραδοῦναι
2760 4819 2851 4872 τὸν
2905 4817 3140 4888 Κύριον,
3190 4815 3286 4870 καὶ
3333 4812 3649 4867 σπεύδοντα
3685 4813 3756 4872 εἰς

2171 4914 2348 4979 τοῦτο,
2374 4914 2497 4967 τότε
2525 4912 2774 4982 εἰσῆλθεν
2799 4912 2878 4974 εἰς
2906 4909 3092 4963 αὐτόν.
3123 4906 3284 4962 Ἀλλο
3313 4900 3407 4960 οὖν
3432 4907 3551 4958 ἐστι
3577 4905 3645 4957 τὸ
3667 4903 3756 4971 ἑμ-

2177 5006 2382 5071 ϐαλεῖν,
2419 5004 2516 5057 καὶ
2548 5002 2678 5057 ἄλλο
2706 5001 2768 5055 τὸ
2796 4999 3061 5054 εἰσελθεῖν
3086 5000 3167 5064 είς
3195 4997 3379 5059 αὐτὸν,
3411 4994 3611 5063 ὥσπερ
3640 4992 3757 5049 ἄλλο

2176 5095 2294 5150 ἐστὶ
2321 5094 2382 5148 τὸ
2414 5091 2615 5164 πλῆξαι
2641 5108 2763 5144 τινα
2787 5090 2934 5162 χειρὶ
2956 5087 3178 5154 ἔξωθεν,
3209 5087 3306 5140 καὶ
3329 5083 3462 5140 ἄλλο
3490 5083 3554 5137 τὺ
3577 5081 3757 5138 δοῦναι

2175 5191 2286 5244 τινὶ
2323 5186 2545 5260 καιρίαν
2577 5186 2671 5240 καὶ
2704 5183 3001 5253 είσωθῆναι
3031 5181 3093 5235 τὸ
3126 5180 3301 5249 ξίφος.
3340 5174 3570 5252 [Clum]

2251 5395 2268 5427 ι
2301 5377 2362 5428 Ei
2393 5376 2422 5427 6
2453 5371 2588 5433 Θεὸς
2610 5367 2869 5437 ἐδοξάσθη
2901 5371 2957 5422 ἐν
2991 5364 3161 5436 αὐτῷ,
3193 5363 3291 5416 καὶ
3323 5365 3352 5416 6
3384 5359 3522 5425 Θεὸς
3549 5358 3754 5426 δοξάσει

2177 5469 2340 5522 αὑτὸν
2372 5468 2428 5518 έν
2460 5463 2658 5531 ἑαυτῷ·
2695 5461 2791 5514 καὶ
2823 5458 2982 5522 εὐθὺς
3011 5455 3228 5524 δοξάσει
3259 5452 3449 5509 αὐτόν.
3488 5470 3513 5507 υ
