4038 6148
431 347 568 412 1435

1459 361 1918 425 FRAGMENTA
1970 364 2051 427 IN
2091 366 2152 426 S.
2191 365 2562 433 JOANNEM.

3445 448 3448 452 .
3548 375 3682 452 M86

511 470 568 519 ὐ
594 468 852 538 Χριστὸς,
889 469 964 534 ὡς
996 462 1205 531 διάτοῦ
1233 475 1366 532 ίόίου
1414 477 1647 532 θανάτου
1689 476 1996 543 θανατώσας

2163 483 2436 553 Christus,
2475 496 2534 542 ut
2569 487 2661 559 qui
2695 493 2915 562 propria
2951 507 3049 550 sua
3082 505 3263 551 morte
3319 506 3554 553 mortem
3585 507 3682 558 de-

427 560 519 614 τὸν
556 564 822 636 θάνατον,
857 566 1154 640 ἐδοξάσθη,
1189 569 1460 624 διδάσκων
1500 569 1673 624 ὅτιτὸ
1717 569 2006 641 ὑπομεῖναι

427 658 516 713 διὰ
538 658 631 712 τὸν
659 659 795 715 Θεὸν
820 661 1177 728 ὲπονείδιστα,
1213 662 1340 729 δόξα
1372 663 1543 717 ἐστίν.

501 753 579 805 Δι’
605 753 796 808 ἑαυτοῦ
823 756 852 809 6
883 753 1070 828 Πατὴρ
1103 754 1318 820 δοξάσει
1344 756 1436 808 τὸν
1457 754 1609 818 Υίὸν,
1643 754 1739 808 καὶ
1769 751 1950 819 εὐθὺς,
1979 755 2009 808 ὃ

428 841 577 894 ἔστιν
600 842 657 894 ὲν
676 840 754 912 τῷ
783 843 1024 920 σταυρῷ,
1050 844 1140 898 ὅτε
1164 843 1193 896 6
1215 843 1368 915 ἥλιος
1394 843 1704 916 ἐσκοτίσθη,
1727 847 1782 898 ai
1804 846 2005 916 πέτραι

2112 573 2322 643 levet-it,
2358 579 2689 637 clariﬁcatus
2710 590 2813 650 est,
2847 597 2948 639 nos
2979 585 3202 650 docens,
3245 586 3407 642 etiam
3443 591 3678 660 probro-

2108 666 2323 723 sissitna
2353 684 2580 740 qumque
2605 685 2704 742 pro
2731 673 2837 728 Deo
2861 675 3094 744 perpeti,
3127 676 3428 744 gloriosum
3460 695 3606 738 esse.

2167 757 2272 813 Per
2300 762 2648 831 semetipsum
2690 763 2849 821 Pater
2867 765 3188 823 clariﬁcabit
3211 767 3431 838 Filium,
3466 781 3520 826 et
3549 788 3681 829 con-

2109 848 2280 916 tinuo,
2311 851 2364 906 id
2401 861 2481 907 est
2509 855 2562 907 in
2599 869 2780 922 cruce,
2820 871 2942 912 cum
2970 857 3050 913 sol
3086 859 3417 916 obscuratus
3448 872 3552 928 est,
3580 878 3676 933 pe-

430 934 780 1004 ὲσχίσθησαν,
810 936 906 988 καὶ
933 935 1072 1006 μετά
1100 938 1437 1006 πεντήκοντα
1461 935 1676 1006 ἡμέρας
1699 937 1761 990 τὸ
1785 937 1996 1008 Πνεῦμα

2111 947 2206 995 tra:
2250 941 2432 998 scissae
2461 953 2606 1011 sunt,
2658 955 2713 1000 et
2744 957 2861 1016 post
2883 949 3279 1020 quinquaginta
3314 952 3431 1008 dies
3459 953 3680 1010 descen-

429 1027 688 1080 κατελθὸν
718 1029 848 1080 πᾶσι
878 1029 1180 1098 κατάδηλον
1210 1028 1436 1098 ἐποίησε
1465 1029 1556 1082 τὸν
1588 1027 1738 1082 Υίόν.

504 1136 523 1168 ι
571 1118 820 1190 Ἐντολὴν
857 1120 1050 1191 καινὴν
1082 1120 1275 1190 δίδωμι
1306 1120 1455 1191 ὑμῖν,
1478 1121 1592 1173 Ἵνα
1623 1120 1871 1188 ἀγαπᾶτε
1905 1119 2003 1173 ἀλ-

425 1209 638 1280 λήλους,
665 1210 845 1274 καθὼς
869 1211 1135 1281 ἠγάπησα
1155 1213 1320 1283 ὑμᾶς,
1351 1212 1434 1266 ἵνα
1461 1212 1556 1266 καὶ
1577 1212 1734 1283 ὑμεῖς
1754 1211 2002 1280 ἀγαπᾶτε

425 1301 707 1371 ἀλλήλους.
747 1321 768 1354 ι

494 1395 697 1448 Καινὸν
728 1397 842 1449 ἐστι
866 1396 929 1449 τὸ
953 1393 1093 1460 εἶδος
1116 1395 1216 1467 τῆς
1248 1395 1468 1466 ἐντολῆς
1495 1395 1718 1469 ταύτης,
1744 1397 1840 1450 καὶ
1861 1395 2001 1468 ὑπὲρ

423 1490 586 1558 νόμον
616 1490 675 1542 τὸ
700 1491 922 1561 ἀγαπᾷν
955 1491 1046 1544 τὸν
1073 1489 1301 1562 πλησίον
1340 1490 1483 1560 ὑπὲρ
1514 1491 1730 1544 ἑαυτόν.
1763 1491 1835 1543 Ού
1866 1489 2003 1543 θέλω

427 1581 570 1652 ὑμᾶς
601 1583 820 1654 ἀγαπᾷν
850 1583 1094 1646 ἐκείνους
1124 1582 1217 1646 οὓς
1257 1585 1603 1655 χρεωστεῖτε,
1634 1581 1751 1637 ἀλλ’
1778 1577 1860 1646 οἷς
1902 1583 2002 1636 οὐκ

424 1673 667 1741 ὀφείλετε
695 1689 710 1703 '
737 1675 832 1728 καὶ
857 1673 966 1746 γὰρ
999 1673 1154 1744 κάγὼ
1193 1674 1334 1746 ύπὲρ
1355 1674 1510 1746 ὑμῶν
1540 1672 1888 1745 ἀποθνήσκω,
1921 1667 2002 1737 οἷς

423 1764 576 1818 οὐδὲν
611 1765 904 1834 ἐποφείλω.

2107 1032 2240 1088 dens
2270 1033 2503 1103 Spiritus
2534 1036 2783 1092 omnibus
2812 1049 2994 1093 notum
3022 1041 3148 1096 fecit
3178 1040 3394 1098 Filium.

2158 1122 2320 1180 Vnus.
2356 1125 2446 1180 54.
2487 1144 2506 1177 ι
2544 1125 2855 1182 Mandatum
2897 1145 3095 1186 novum
3121 1132 3190 1188 do
3222 1135 3421 1190 vobis:
3457 1133 3530 1190 Ut
3560 1137 3681 1192 dili-

2104 1215 2242 1284 gatis
2285 1216 2536 1284 invicem,
2596 1219 2734 1274 sicut
2767 1219 2931 1275 dilexi
2962 1236 3080 1290 vos,
3112 1232 3172 1278 ut
3214 1233 3268 1281 et
3293 1240 3388 1282 vos
3442 1227 3677 1299 diligatis

2104 1321 2357 1363 tnvrcem.
2388 1325 2406 1359 ι
2743 1363 2750 1374 ι

2156 1396 2300 1453 Nova
2333 1408 2415 1455 est
2445 1400 2614 1456 forma
2652 1402 2891 1459 mandati
2930 1404 3111 1474 hujus,
3151 1416 3208 1464 et
3239 1408 3411 1480 legem
3441 1414 3674 1480 excedit,
3699 1460 3712 1481 ,

2105 1499 2160 1542 ut
2192 1488 2312 1558 quis
2350 1501 2495 1545 amet
2541 1494 2844 1563 proximum
2875 1495 2997 1564 plus
3038 1512 3199 1567 quam
3244 1501 3502 1570 seipsum.
3559 1504 3675 1561 Non

2102 1579 2222 1634 volo
2253 1595 2349 1636 vos
2375 1596 2560 1637 amare
2597 1597 2691 1639 eos
2723 1584 2918 1655 quibus
2947 1589 3195 1644 obstricti
3225 1591 3381 1659 estis,
3427 1593 3522 1648 sed
3557 1597 3678 1666 qui-

2101 1671 2204 1726 bus
2243 1671 2376 1726 nihil
2407 1672 2648 1740 debetis;
2702 1691 2826 1731 nam
2878 1687 2934 1733 et
2985 1693 3083 1750 ego
3114 1693 3213 1750 pro
3258 1681 3412 1737 vobis
3445 1697 3674 1741 mortem

2103 1771 2321 1833 oppeto,
2355 1764 2551 1832 quibus
2586 1767 2717 1822 nihil
2739 1769 2930 1826 debeo.

501 1876 520 1909 ι
566 1857 656 1911 Ἐν
684 1856 859 1928 τούτῳ
902 1855 1200 1924 γνώσονται
1233 1856 1455 1923 πάντες,
1486 1856 1568 1911 ὅτι
1601 1856 1724 1928 ἐμοὶ
1759 1857 1996 1929 μαθηταί

2170 1853 2331 1912 Vens.
2367 1855 2456 1912 55.
2500 1877 2518 1910 ι
2556 1859 2615 1914 In
2651 1861 2752 1915 hoc
2797 1875 3165 1933 congnoscent
3223 1882 3408 1924 omnes
3443 1870 3570 1939 quia
3599 1872 3677 1926 di-

423 1949 568 2016 ἐστε,
600 1949 696 2003 ὲάν
728 1948 949 2018 ἀγάπην
969 1947 1131 2019 ἔχητε
1159 1947 1219 1999 ὲν
1247 1947 1518 2020 ἀλλήλοις.
1553 1967 1572 2000 ι

495 2125 611 2178 Οὐκ
659 2123 719 2189 ἐξ
765 2118 839 2178 ὧν
886 2123 1092 2176 ποιεῖτε
1147 2123 1389 2194 σημείων
1445 2125 1862 2195 γνωσθήσεσθε,
1917 2127 1998 2180 ὅτι

427 2217 675 2290 μαθηταί
711 2218 813 2289 μού
841 2219 966 2273 ὲστε
999 2219 1197 2291 (τοῦτο
1223 2219 1333 2290 γὰρ
1368 2219 1486 2272 ὅλον
1515 2220 1614 2288 τῆς
1649 2219 1857 2274 ἄνωθέν
1885 2221 1999 2274 ἐστι

424 2310 706 2382 χάριτος),
729 2311 843 2364 ἀλλ’
869 2311 929 2375 ἐξ
955 2307 1030 2366 ὧν
1051 2312 1302 2381 ἀγαπᾶτε
1325 2310 1608 2381 ἀλλήλους,
1634 2311 1728 2363 καὶ
1746 2312 1999 2382 ὁμόνοιαν

421 2402 573 2472 ἔχετε
595 2442 609 2468 ,
650 2404 746 2456 καὶ
778 2403 840 2456 ού
874 2402 1178 2474 χωρίζεσθε
1234 2400 1464 2454 ἑαυτῶν.
1519 2399 1578 2453 '0
1613 2400 1848 2472 Χριστὸς
1873 2402 1999 2466 Υἱός

421 2497 569 2548 ἔστιν
603 2494 849 2565 ἀγάπης,
877 2495 934 2557 ὃς
969 2496 1116 2547 ἐστιν
1162 2495 1195 2565 ή
1229 2491 1368 2546 κατά
1411 2494 1573 2561 φύσιν
1625 2493 1813 2564 ἀγάπη
1840 2533 1855 2558 ,
1907 2494 2000 2546 καὶ

422 2586 633 2655 καρπὸς
665 2586 908 2658 ἀγάπης,
941 2585 1043 2639 ούκ
1073 2586 1364 2657 ἐπίκτητον
1393 2584 1532 2655 ἔχων
1562 2585 1621 2638 τὸ
1649 2585 1749 2656 τῆς
1780 2586 1999 2657 ἀγάπης

422 2675 644 2745 ἀγαθόν.
920 2721 922 2724 .

506 2783 524 2816 ι
550 2765 713 2832 Λέγει
739 2764 885 2836 αὐτῷ
917 2764 1098 2837 Σίμων
1126 2765 1348 2836 Πέτρος·
1382 2765 1578 2838 Κύριε,
1603 2765 1706 2819 ποῦ
1729 2767 1996 2835 ὑπάγειςς

439 2855 734 2927 Ἀπεκρίθη
761 2857 910 2926 αὐτῷ
937 2860 964 2909 6
1024 2858 1261 2928 Ἰησοῦς·
1299 2857 1472 2910 Ὅπου
1514 2857 1625 2926 ἐγὼ
1665 2858 1893 2927 ὑπάγω,
1935 2861 1998 2913 ού

419 2947 644 3001 δύνασαί
681 2965 770 3020 μοι
803 2947 895 3002 νῦν
927 2949 1318 3020 ἀκολουθῆσαιο
1353 2947 1579 3020 ὕστερον
1616 2949 1672 3002 δὲ
1701 2949 2000 3020 ἀκολουθή-

423 3055 535 3101 σεις
570 3057 680 3110 μοι.
710 3058 732 3091 ι

492 3131 674 3196 Τύπος
704 3134 836 3204 ήμῖν
865 3132 1057 3202 γέγονε
1093 3131 1301 3204 Πέτρος
1340 3131 1552 3204 ἐρωτᾷν
1592 3131 1720 3194 τοὺς
1741 3131 1997 3186 διδασκά-
2027 3176 2068 3235 c

420 3222 542 3285 λους
574 3223 717 3296 άπερ
750 3225 1072 3294 ἀγνοοῦμεν.

485 3335 585 3388 Διά
614 3337 672 3388 τὸ
693 3336 922 3406 ἀδρανὲς
944 3335 1279 3407 ἀπαγορεύει
1300 3333 1376 3405 τῷ
1391 3335 1584 3406 Πέτρῳ
1601 3335 1996 3409 ἀκολουθήσειν

416 3428 562 3498 αὐτῷ
581 3468 594 3490 ,
622 3427 846 3498 ὕστερον
875 3426 933 3479 δὲ
969 3428 1308 3497 ὑπισχνεῖται
1337 3426 1425 3480 διὰ
1451 3427 1512 3480 τὸ
1555 3426 1817 3500 εὔτολμον
1838 3471 1856 3496 ,
1898 3429 1997 3484 καὶ

417 3521 604 3590 ἐπειδὴ
632 3519 725 3574 καὶ
754 3519 915 3582 αὐτὸς
942 3519 1018 3583 ὡς
1043 3520 1072 3572 6
1099 3521 1336 3590 Χριστὸς
1366 3518 1560 3589 ἔμελλε
1587 3521 1991 3594 σταυρωθῆναι,

416 3611 672 3682 προλέγει
702 3611 760 3664 τὸ
797 3611 991 3682 μέλλον
1025 3612 1173 3680 αύτῷ
1205 3613 1351 3682 μόνῳ
1374 3611 1772 3683 συμὸήσεσθαι.

492 3722 511 3755 ι
551 3703 847 3775 Ἀπεκρίθη
879 3703 1028 3774 αύτῷ
1062 3706 1090 3756 6
1128 3703 1356 3774 Ἰησοῦς’
1389 3703 1500 3775 Τὴν
1521 3703 1701 3774 ψυχήν
1729 3721 1822 3757 σου
1853 3704 1992 3778 ὑπὲρ

412 3795 548 3866 ἐμοῦ
579 3796 792 3867 θήσεις;
827 3796 1020 3866 Ἀμὴν,
1048 3795 1194 3865 ἀμὴν
1221 3794 1365 3862 λέγω
1388 3812 1471 3847 σοι
1497 3809 1511 3822 '
1547 3795 1608 3848 ού
1635 3796 1711 3867 μὴ
1740 3795 1992 3868 ἀλέκτωρ

413 3890 674 3959 φωνήσει,
707 3889 811 3950 ἕως
833 3883 893 3941 οῦ
923 3887 1214 3957 ἀπαρνήσῃ
1251 3903 1318 3956 με
1349 3885 1489 3956 τρίς.
1527 3905 1544 3937 ι

490 3979 729 4048 Ἐπειδὴ,
750 3980 936 4050 φησὶν,
957 3979 1016 4032 ού
1038 3978 1212 4042 θέλεις
1232 3977 1608 4048 πιστευθῆναι,
1627 3977 1708 4030 ὅτι
1729 3977 1990 4033 ἀδύνατόν

413 4072 528 4126 ἐστι
554 4074 628 4142 μὴ
659 4072 914 4142 γενέσθαι
943 4071 970 4124 ὂ
996 4071 1160 4140 λέγω,
1187 4073 1244 4124 ὲν
1276 4073 1343 4142 τῇ
1374 4070 1601 4139 ἀρνήσει
1627 4069 1758 4122 αὐτὸ
1780 4068 1984 4141 γνώσῃ.

413 4164 582 4217 Τοῦτο
620 4165 676 4217 δὲ
719 4165 951 4234 ὑπέστη,
993 4164 1052 4216 ού
1087 4162 1182 4216 τοῦ
1226 4161 1467 4232 Χριστοῦ
1508 4159 1670 4214 αὑτὸν
1708 4161 1788 4224 είς
1831 4160 1988 4216 τοῦτο

412 4257 731 4325 ἀγαγόντος,
762 4256 875 4310 ἀλλ’
899 4256 1156 4318 ἐάσαντος
1177 4255 1342 4308 αὐτὸν
1370 4253 1595 4325 ἔρημον,
1627 4253 1712 4306 ἵνα
1741 4253 1815 4325 μὴ
1845 4254 1984 4326 ἀρθῇ

413 4350 492 4414 είς
516 4350 792 4403 ἀπόνοιαν.
830 4349 1037 4418 Μηδεὶς
1068 4348 1272 4417 λεγέτω
1295 4349 1377 4401 ὅτι
1406 4349 1434 4400 6
1461 4346 1664 4416 Πέτρος
1703 4345 1792 4400 διὰ
1828 4345 1986 4400 τοῦτο

414 4445 718 4514 ἠρνήσατο,
756 4444 836 4495 ὅτι
880 4438 1032 4495 εἶπεν
1079 4442 1106 4493 6
1162 4439 1395 4512 Χριστός
1421 4456 1434 4471 θ
1480 4440 1542 4493 ού
1576 4439 1686 4510 γὰρ
1735 4439 1984 4509 ἀνάγκην

2108 1943 2297 2013 scipuli
2326 1946 2434 2002 mei
2461 1948 2614 2013 estis,
2647 1948 2691 2002 si
2726 1949 3074 2008 dilectionem
3100 1954 3398 2012 habueritis
3439 1960 3507 2014 ad
3542 1960 3676 2015 inti-

2106 2048 2246 2108 ftem.
2281 2055 2300 2088 ι

2157 2125 2272 2181 Non
2303 2142 2367 2182 ex
2401 2128 2572 2199 signis
2594 2145 2713 2199 qua:
2743 2132 2943 2202 facitis,
2975 2137 3383 2204 cognoscemini
3421 2155 3542 2196 esse
3573 2148 3675 2196 mc't

2109 2218 2352 2290 discipuli
2383 2221 2543 2291 (nam
2574 2222 2677 2278 hoc
2700 2233 2869 2279 totum
2898 2242 3146 2296 superna:
3174 2231 3362 2299 gratiae
3392 2233 3548 2301 est);
3582 2237 3676 2289 sed

2107 2326 2173 2366 ex
2205 2311 2496 2368 dilectione
2545 2328 2708 2384 quam
2756 2317 3058 2375 habueritis
3108 2323 3176 2375 ad
3213 2323 3470 2390 invicem,
3523 2336 3578 2380 et
3609 2343 3676 2382 ex

2107 2404 2467 2460 consensione
2494 2405 2822 2475 animorum,
2854 2417 2910 2465 et
2941 2411 3082 2480 quod
3110 2413 3315 2467 nlnime
3346 2415 3674 2476 dissideatis.

2106 2496 2358 2554 Christus
2403 2499 2518 2567 ipse
2561 2498 2732 2557 Filius
2761 2513 2842 2558 est
2871 2502 3200 2570 dilectionis,
3239 2507 3438 2578 quippe
3461 2510 3551 2578 qui
3572 2522 3681 2584 gest

2108 2597 2301 2643 natura
2332 2604 2427 2644 sua
2463 2591 2724 2659 charitas,
2781 2601 2834 2647 et
2869 2593 3076 2650 fructus
3124 2596 3455 2664 dilectionis,
3491 2609 3549 2654 ut
3589 2604 3673 2654 cui

2107 2681 2328 2736 minime
2358 2683 2652 2739 ascititium
2702 2685 2774 2740 sit
2805 2685 3115 2742 dilectionis
3143 2689 3363 2745 bonum.

2086 2789 2096 2807 ι
2163 2769 2330 2826 Vens.
2365 2771 2453 2827 56.
2485 2789 2504 2825 t
2537 2773 2675 2828 Dicit
2698 2775 2748 2828 ei
2790 2774 2974 2829 Simon
3017 2775 3242 2830 Petrus:
3279 2778 3520 2843 Domine,
3572 2795 3676 2849 quo

2106 2863 2295 2918 vadis?
2347 2862 2641 2933 Respondit
2665 2863 2857 2921 Jesus:
2911 2865 3027 2933 Quo
3062 2881 3161 2938 ego
3188 2869 3350 2936 vado,
3384 2885 3488 2924 non
3519 2882 3673 2942 potes

2107 2968 2192 3010 me
2220 2955 2380 3009 modo
2404 2955 2554 3025 sequi
2582 2971 2595 3011 :
2628 2957 2872 3026 sequeris
2903 2966 3082 3012 autem
3122 2967 3330 3028 postea.
3365 2979 3383 3010 ι

2148 3123 2478 3202 'Exemplum
2521 3130 2675 3186 nobis
2699 3130 2847 3186 dedit
2873 3129 3068 3186 Petrus
3110 3132 3476 3203 interrogandi
3513 3138 3676 3207 magi-

2068 3229 2083 3246 '
2101 3233 2241 3278 siros
2263 3237 2322 3276 ea
2349 3237 2467 3292 qua:
2492 3222 2826 3292 ignoramus.

2153 3336 2382 3408 Propter
2433 3337 2860 3394 imbecillitatem
2898 3353 3006 3393 non
3046 3339 3312 3408 permittit
3345 3339 3563 3396 Petrum
3615 3359 3672 3400 se

2097 3429 2270 3500 sequi,
2305 3439 2543 3484 attamen
2575 3437 2797 3501 propter
2830 3429 3257 3495 animositatem.
3299 3440 3353 3486 et
3401 3433 3528 3502 quia
3555 3433 3670 3504 ipse

2096 3536 2316 3592 quoque
2365 3521 2508 3577 sicut
2553 3521 2805 3576 Christus
2858 3521 2909 3576 in
2959 3535 3177 3578 crucem
3235 3526 3477 3592 agendus
3527 3538 3667 3593 erat,

2093 3611 2341 3682 praedicit
2370 3611 2448 3666 illi
2476 3610 2574 3667 soli
2609 3612 2738 3682 quid
2766 3611 2816 3666 ei
2847 3624 3163 3667 eventurum
3189 3621 3353 3668 esset.

2160 3705 2324 3761 Vsus.
2359 3706 2449 3760 58.
2489 3723 2507 3758 t
2542 3707 2840 3776 Respondit
2871 3707 2920 3762 ei
2951 3705 3150 3763 Jesus:
3204 3706 3457 3762 Animam
3519 3719 3663 3764 tuam

2093 3811 2191 3864 pro
2215 3811 2299 3850 me
2325 3796 2532 3865 pones?
2559 3795 2754 3862 Amen,
2785 3811 2939 3852 amen
2972 3798 3095 3853 dico
3122 3797 3250 3852 tibi:
3299 3814 3403 3853 non
3429 3801 3668 3856 cantabit

2092 3886 2284 3956 gallus,
2309 3887 2478 3942 donec
2509 3895 2590 3941 ter
2614 3904 2699 3944 me
2725 3903 2909 3956 neges.
2943 3906 2962 3940 ›

2164 3975 2321 4044 Cum,
2356 3976 2553 4048 inquit,
2579 3978 2719 4032 nolis
2751 3977 2977 4032 credere
3029 3978 3146 4033 ﬁeri
3201 3994 3303 4033 non
3346 3994 3502 4049 posse
3533 3983 3662 4051 quin

2090 4068 2304 4124 eveniat
2348 4067 2401 4123 id
2453 4067 2597 4137 quod
2631 4069 2770 4134 dico,
2806 4069 2858 4122 in
2913 4069 3025 4137 ipsa
3059 4070 3348 4140 negatione
3381 4073 3432 4126 id
3459 4086 3662 4142 cogno—

2091 4176 2229 4216 sces.
2267 4159 2381 4218 Hoc
2408 4169 2589 4215 autem
2626 4160 2906 4227 sustinuit,
2944 4159 3165 4217 Christo
3201 4177 3546 4234 nequaquam
3596 4169 3662 4220 ad

2090 4255 2192 4309 hoc
2221 4255 2396 4324 ipsum
2442 4253 2751 4320 inducente,
2802 4253 2899 4308 sed
2943 4255 3289 4323 permittente
3338 4257 3514 4327 ipsum
3565 4257 3663 4312 de-

2088 4345 2219 4411 seri,
2251 4359 2315 4399 ne
2351 4353 2674 4414 arroganter
2702 4343 3003 4398 ell'erretur.
3069 4343 3239 4400 Nemo
3280 4347 3462 4417 itaque
3516 4349 3660 4404 dicat

2085 4435 2307 4492 Petrutn
2366 4437 2569 4491 idcirco
2619 4439 2862 4507 negasse,
2920 4437 3047 4507 quia
3106 4436 3355 4492 Christus
3410 4439 3660 4507 dixerat;

412 4510 678 4607 ἐπέθηκεν
710 4535 878 4606 αύτῷ,
909 4536 1048 4589 ὥστε
1082 4510 1254 4586 ἐλθείν
1287 4532 1448 4585 αὑτὸν
1479 4532 1556 4595 είς
1587 4531 1835 4602 ἄρνησιν·
1869 4530 1986 4585 ἀλλ’

2106 4532 2287 4586 nullam
2317 4530 2462 4586 enim
2493 4528 2541 4584 ei
2583 4530 2838 4600 imposuit
2880 4528 3284 4597 necessitatem,
3316 4544 3420 4600 qua
3457 4531 3523 4585 ad
3565 4547 3662 4586 ne-

411 4627 547 4699 ὅπερ
579 4628 767 4696 ἔμελλε
793 4638 814 4665 c
850 4626 1066 4690 πάντως
1099 4625 1338 4691 ἔσεσθαι,
1370 4623 1627 4694 προλέγει
1654 4623 1731 4694 τῷ
1761 4623 1979 4696 μαθητῇ

411 4719 485 4781 ὡς
522 4719 670 4783 Θεός.
703 4720 815 4773 Ούκ
843 4719 902 4785 ἐξ
932 4717 1162 4772 ἀπίστου
1197 4717 1251 4771 δὲ
1283 4715 1462 4786 ψυχῆς
1500 4715 1724 4786 γέγονεν
1753 4716 1786 4786 ἠ
1817 4716 1983 4788 ἀρνη-

409 4826 514 4877 σις,
546 4810 663 4868 ἀλλ’
697 4810 757 4877 ἐξ
778 4809 1084 4872 ἀσθενείας.

999 5007 1249 5062 ΚΕΦΛΑ.
1283 5003 1384 5060 1Δ’.

483 5162 501 5194 ι
548 5143 658 5197 Καὶ
694 5139 815 5196 εἶπε
842 5145 955 5206 τοῖς
988 5142 1258 5213 μαθηταῖς
1285 5138 1472 5194 αὐτοῦ’
1503 5137 1594 5209 Μὴ
1617 5135 1973 5208 ταρασσέσθω

405 5234 556 5303 ὑμῶν
588 5237 622 5306 ἡ
651 5235 869 5307 καρδία.
903 5234 1192 5288 Πιστεύετε
1223 5233 1303 5296 εἰς
1335 5231 1426 5285 τὴν
1460 5230 1614 5293 Θεὸν,
1643 5229 1737 5282 καὶ
1770 5228 1850 5290 είς
1874 5225 1975 5296 ἐμὲ

402 5325 703 5380 πιστεύετε.
755 5344 775 5378 ι

471 5418 544 5470 Ού
574 5419 794 5482 πάντες,
829 5415 966 5487 φησὶ
988 5458 1002 5482 ,
1034 5416 1256 5488 μέλλετέ
1293 5433 1360 5488 με
1394 5413 1773 5487 ἀρνήσασθαι,
1819 5411 1913 5467 καὶ
1940 5412 1974 5482 ἡ

402 5508 628 5578 ἄρνησις
653 5509 746 5560 τοῦ
779 5509 986 5578 Πέτρου
1015 5509 1105 5562 διά
1135 5509 1234 5578 τῆς
1272 5507 1640 5578 μεταμελείας
1665 5507 1757 5561 καὶ
1785 5503 1976 5577 ὁμολοο

403 5600 526 5668 yid;
553 5600 1018 5667 ἐξαλειςςθήσεται.

485 5780 506 5806 ⁸
539 5774 632 5830 Cr.
659 5773 884 5845 ἡμιλλε.

2086 4626 2322 4694 gaudum
2353 4621 2765 4692 impelleretur:
2799 4621 2894 4677 sed
2946 4621 3090 4692 quod
3141 4621 3362 4677 nnmino
3419 4624 3657 4677 futurum

2087 4723 2342 4783 tanquam
2381 4712 2522 4766 Deus
2559 4711 2823 4780 discipulo
2887 4712 3151 4780 praedixit.
3184 4711 3299 4767 Non
3347 4723 3530 4768 autem
3584 4729 3651 4769 ex

2085 4805 2265 4858 anitno
2333 4801 2634 4866 incredulo,
2708 4804 2800 4858 sed
2873 4817 2938 4856 ex
3007 4801 3374 4860 imbecillitate
3443 4807 3658 4876 negatio

2081 4896 2306 4951 exstitit.

2253 5006 2257 5011 ’
2704 5007 2855 5064 CAP.
2889 5005 3026 5062 XIV.

2146 5138 2309 5194 Vens.
2346 5138 2397 5192 1.
2434 5157 2452 5190 ι
2483 5137 2550 5193 Ει
2583 5139 2721 5194 dixit
2766 5138 3043 5208 discipulis
3081 5137 3230 5195 suis:
3261 5144 3376 5197 Non
3408 5143 3656 5198 turbetur

2081 5245 2179 5285 cor
2210 5239 2472 5284 vestrum.
2498 5231 2738 5286 Creditis
2783 5229 2838 5284 in
2869 5229 3061 5296 Deum,
3088 5239 3143 5285 et
3175 5231 3230 5286 in
3258 5247 3344 5288 me
3371 5233 3596 5290 credite.
3628 5255 3647 5287 ι

2141 5406 2256 5461 Νοη
2310 5419 2522 5471 omnes,
2577 5407 2772 5476 inquit,
2835 5422 2922 5462 me
2969 5407 3254 5478 negabitis,
3292 5410 3387 5464 sed
3442 5417 3498 5464 et
3539 5410 3651 5480 ipsa

2081 5499 2224 5553 Petri
2279 5499 2496 5565 negatio
2549 5514 2644 5568 per
2697 5498 3072 5570 paenitentiam
3141 5507 3198 5553 et
3255 5498 3653 5556 confessionem

2078 5589 2402 5649 abolebitur.
