4038 6148
479 309 622 375 ,1487

1604 311 1940 371 ΑΜΜΟΝΙΙ
1980 311 2510 374 ALEXANDRINI

3595 315 3739 380 1488

543 429 702 482 Vsus.
735 428 787 482 5.
826 445 841 478 ι
872 427 937 479 Ει
975 424 1018 480 si
1049 425 1254 488 abiero,
1284 433 1339 479 et
1365 438 1740 494 praeparavero
1775 425 1927 480 vobis
1973 424 2053 479 lo-

2235 445 2254 476 (
2296 428 2406 480 Ka‘t
2445 429 2539 482 ἐὰν
2589 426 2842 499 πορευθῶ
2890 428 2982 481 καὶ
3034 428 3309 500 ἑτοιμάσω
3356 431 3487 502 ὑμῖν
3533 433 3731 499 τόπον,

487 536 608 574 cum
635 537 646 572 :
676 520 865 573 iterum
905 517 1082 583 venio,
1116 527 1167 570 et
1217 516 1478 586 accipiam
1511 530 1609 572 vos
1661 515 1728 570 ad
1768 515 2054 586 meipsum,

489 621 545 664 ut
570 611 656 664 ubi
690 624 806 664 sum
837 622 956 678 ego,
977 615 1030 661 et
1053 621 1148 662 vos
1180 606 1322 662 sitis.
1363 624 1384 659 ι

551 701 666 758 Non
703 700 1102 755 ascendendum
1144 709 1228 754 est
1257 707 1318 753 ut
1343 713 1528 770 parem
1560 698 1711 754 vobis
1732 697 1932 763 locum,
1964 698 2058 752 sed

487 804 545 848 ut
577 801 901 863 potestatem
938 791 1095 846 vobis
1130 790 1322 844 faciam
1367 790 1690 844 ascendendi
1732 790 1798 843 ad
1843 789 2060 858 angelo-

489 901 603 938 rum
637 882 984 949 domicilium,
1016 882 1156 952 quod
1207 882 1470 936 universae
1493 883 1643 936 carni
1671 890 1785 935 erat
1813 881 2058 936 inacces-

487 990 626 1028 sum.
660 971 794 1026 Cum
823 972 1007 1041 itaque
1058 955 1162 1026 hoc
1204 985 1486 1042 peregero,
1543 972 1598 1026 in
1645 972 2059 1040 regeneratione

485 1068 662 1117 denuo
692 1063 928 1128 rediens,
963 1062 1226 1132 accipiam
1257 1077 1356 1118 vos
1403 1063 1470 1118 ad
1497 1062 1786 1132 meipsum,
1837 1072 1896 1117 ut
1940 1064 2058 1119 sitis

486 1156 572 1209 ubi
605 1170 725 1208 sum
747 1169 865 1225 ego.

540 1246 702 1299 Vens.
733 1245 784 1300 6.
826 1262 844 1295 ‹
878 1243 1020 1298 Dicit
1047 1244 1096 1299 ei
1125 1243 1288 1302 Jesns
1324 1262 1338 1301 :
1391 1247 1502 1316 Ego
1546 1261 1663 1301 sum
1722 1246 1832 1310 via,
1877 1254 1930 1302 et
1967 1258 2058 1299 ve-

487 1339 642 1401 ritas,
688 1344 743 1391 et
797 1337 926 1391 vita.
985 1336 1156 1393 Nemo
1195 1338 1345 1394 venit
1377 1340 1444 1394 ad
1488 1337 1734 1406 Patrem,
1805 1338 1912 1392 nisi
1961 1353 2058 1408 per

488 1446 591 1486 Ille.
631 1449 650 1481 ι

557 1521 649 1574 Via
679 1528 779 1584 est,
809 1519 933 1589 quia
969 1535 1064 1590 per
1099 1519 1273 1590 ipsum
1302 1519 1615 1586 veniebant,
1643 1530 1697 1574 et
1721 1521 1834 1590 ipse
1865 1529 2056 1590 potens

487 1623 605 1668 erat
641 1628 733 1668 eos
757 1614 823 1667 ad
855 1613 1073 1668 Patrem
1119 1615 1420 1669 adducere:
1456 1615 1682 1680 veritas,
1728 1616 1851 1683 quia
1896 1617 1950 1669 in
1990 1629 2056 1670 eo

489 1721 594 1759 non
624 1716 706 1760 est
734 1705 1096 1768 mendacium,
1130 1717 1184 1760 et
1205 1707 1324 1760 sine
1355 1707 1520 1762 duhio
1556 1707 1673 1761 haec
1717 1717 1911 1762 erunt:
1946 1708 2053 1761 vita

489 1813 637 1863 vero,
668 1797 790 1866 quia
839 1811 1015 1866 neque
1057 1797 1169 1865 ipsa
1209 1812 1378 1862 mors,
1406 1797 1600 1866 inquit,
1626 1812 1724 1852 vos
1769 1799 2057 1866 prohibere
2088 1773 2130 1827 Β

488 1891 680 1958 poterit
713 1905 778 1943 ne
808 1889 873 1943 ad
895 1903 978 1942 me
1002 1888 1250 1942 veniatis.
1283 1887 1374 1941 Via
1402 1898 1505 1954 est,
1535 1903 1629 1957 per
1652 1891 2055 1959 operationem;

488 1982 712 2045 veritas,
749 1981 801 2034 in
843 1990 1101 2048 quantum
1155 1994 1278 2033 vera
1313 1980 1433 2033 ﬁdei
1496 1980 1725 2049 regula;
1773 1983 1903 2048 vita,
1929 1997 2057 2052 qua-

489 2083 643 2128 tenus
672 2089 772 2128 nos
815 2075 1066 2138 suscitat,
1113 2081 1169 2127 ct
1193 2074 1258 2127 ad
1291 2073 1757 2130 immortalitatem
1813 2077 2054 2142 adducit,

486 2176 536 2218 et
563 2166 843 2235 antiquam
872 2165 1054 2218 abolet
1085 2163 1543 2219 maledictionem.

545 2257 707 2312 Vens.
736 2257 791 2311 7.
841 2275 860 2308 ι
897 2255 952 2310 Si
994 2256 1382 2327 cognovissetis
1411 2271 1517 2322 me,
1553 2266 1608 2311 et
1642 2257 1856 2313 Patrem
1880 2275 2056 2314 meum

488 2350 676 2419 utique
720 2349 1110 2418 cognovissetis
1138 2366 1151 2402 :
1181 2358 1236 2403 et
1284 2349 1477 2404 atnodo
1534 2350 1870 2419 cognoscetis
1909 2365 2054 2417 eum,

485 2453 539 2497 et
565 2442 778 2496 vidistis
807 2456 953 2496 eum.
987 2459 1006 2491 ι

557 2535 738 2590 Visum
799 2543 982 2588 autem
1050 2533 1138 2588 hic
1195 2544 1351 2588 vocat
1415 2533 1612 2589 mentis
1659 2535 2053 2606 cognitionem.

486 2627 585 2694 Qui
622 2627 802 2696 itaque
829 2626 974 2680 videt
1025 2623 1246 2687 Filium,
1295 2639 1402 2679 non
1443 2624 1495 2679 in
1539 2625 1679 2680 nuda
1729 2627 2055 2694 substantia,

487 2719 582 2771 sed
623 2731 789 2771 carne
810 2717 1078 2780 indutum,
1111 2717 1390 2786 cognoscit
1419 2727 1473 2771 et
1498 2715 1714 2773 Patrem
1741 2717 1843 2787 ipsi
1867 2719 1918 2772 in
1947 2733 2059 2773 om-

473 2807 646 2862 nibus
695 2806 979 2878 chualem.
1007 2806 1271 2876 Costiitio
1313 2807 1510 2862 mentis
1539 2808 1813 2878 signillcat
1853 2809 2058 2878 cogita-

489 2899 712 2965 tionem,
768 2900 906 2955 visio
964 2914 1092 2954 vero
1129 2899 1350 2988 plenam
1392 2916 1490 2970 per
1521 2901 1699 2957 divina
1740 2917 1902 2972 opera
1929 2917 2056 2972 per-

486 3006 817 3044 SliﬂSlOllem.

2157 514 2320 568 πάλιν
2343 516 2595 586 ἔρχομαι,
2620 517 2714 570 καὶ
2733 517 3124 588 παραλήψομαι
3144 519 3290 590 ὑμᾶς
3308 521 3447 592 πρὸς
3473 522 3732 592 ἐμαυτὸν,

2157 604 2246 658 ἵνα
2270 607 2403 659 ὅπου
2433 609 2549 675 είμῒ.
2576 608 2707 676 ἐγὼ,
2739 610 2834 662 καὶ
2861 609 3017 680 ὑμεῖς
3048 607 3168 682 ἦτε.
3203 629 3222 664 ι

2226 699 2298 750 Οὐ
2335 698 2440 770 χρὴ
2466 699 2628 753 ἕνεκα
2661 701 2753 754 τοῦ
2784 703 3073 773 ἑτοιμάσαι
3111 704 3241 772 ὑμῖν
3268 704 3433 758 τόπον
3468 705 3735 774 ἀνελθεῖν,

2155 785 2272 840 ἀλλ’
2303 787 2390 839 ἵνα
2416 790 2586 860 νομὴν
2613 791 2821 862 ποιήσω
2855 793 2983 863 ὑμῖν
3011 793 3201 846 ἀνόδου
3225 835 3238 859 ,
3267 795 3402 848 ὅπου
3433 796 3544 850 τῶν
3572 798 3739 866 ens-

2156 878 2264 933 λων
2301 881 2632 951 οίκητήριον,
2671 883 2808 952 ὅπερ
2841 884 3040 937 ἄϐατον
3063 880 3129 956 ἦν
3160 885 3312 956 πάσῃ
3349 887 3535 958 σαρκί.
3568 889 3738 940 Ὅταν

2156 963 2250 1021 οὖν
2300 971 2510 1039 ποιήσω
2543 971 2732 1036 τοῦτο,
2778 974 2834 1025 ἐν
2869 975 2933 1042 τῇ
2974 973 3367 1045 παλιγγενεσία
3392 975 3566 1028 ἐλθὼν
3597 977 3736 1046 λαμο

2157 1061 2306 1115 ὖάνω
2335 1064 2477 1132 ὑμᾶς
2512 1064 2628 1132 μετ’
2661 1066 2920 1132 ἐμαυτοῦ,
2949 1066 3034 1118 ἵνα
3067 1062 3166 1137 ἦτε
3187 1067 3320 1120 ὅπου
3352 1067 3470 1140 είμὶ
3497 1067 3631 1136 ἐγώ.

2233 1261 2252 1294 ‹
2284 1243 2448 1310 Λέγει
2479 1243 2630 1314 αὐτῷ
2655 1247 2682 1297 6
2724 1242 2965 1314 Ἰησοῦς·
3005 1241 3148 1311 Ἐγώ
3185 1245 3298 1314 είμι
3331 1246 3364 1315 ἡ
3403 1244 3543 1306 ὁδὸς,
3583 1245 3672 1298 και.
3705 1246 3736 1314 δ’

2160 1333 2419 1405 ἀλήθεια,
2465 1336 2560 1388 καὶ
2593 1336 2626 1405 ἡ
2657 1334 2792 1405 ζωή.
2841 1333 3030 1397 Οὐδεὶς
3065 1333 3286 1403 ἔρχεται
3327 1335 3464 1406 πρὸς
3496 1335 3593 1388 τὸν
3630 1337 3736 1388 Πα·

2157 1429 2314 1498 τέρα,
2343 1429 2391 1479 εί
2424 1427 2496 1498 μὴ
2521 1427 2588 1480 δι’
2613 1427 2768 1498 ἐμοῦ.
2804 1445 2822 1478 ι

2236 1519 2387 1582 Ὀδός
2417 1521 2586 1581 ἐστιν,
2614 1519 2695 1570 ὃτι
2725 1518 2791 1571 δι’
2817 1517 2980 1572 αὑτοῦ
3005 1518 3254 1589 ἤρχοντο,
3292 1518 3384 1572 καὶ
3433 1518 3602 1580 αὐτὸς
3637 1518 3727 1570 κύ·

2160 1622 2273 1677 ριος
2299 1602 2367 1678 ἦν
2395 1605 2488 1660 τοῦ
2513 1606 2736 1675 ἀνάγειν
2771 1606 2905 1678 πρὸς
2924 1608 3016 1660 τὸν
3050 1609 3286 1679 Πατέρα·
3321 1608 3551 1678 ἀλήθεια
3576 1608 3632 1660 δὲ
3655 1609 3736 1660 διὰ

2156 1698 2255 1769 τὴν
2279 1698 2569 1768 ἀψευδίαν,
2615 1699 2695 1752 ὅτι
2723 1699 2940 1762 πάντως
2968 1699 3141 1753 ταῦτα
3173 1701 3353 1754 ἔσται·
3387 1701 3498 1771 ζωὴ
3548 1701 3630 1765 δὲ,
3661 1703 3737 1753 ὅτι

2158 1791 2278 1844 οὐδὲ
2294 1791 2480 1857 αὐτὸς,
2502 1791 2688 1863 φησιν,
2712 1793 2740 1844 6
2760 1791 2988 1856 θάνατος
3009 1793 3297 1862 δυνήσεται
3327 1793 3471 1862 ὑμᾶς
3491 1792 3644 1846 κωλύ
3656 1811 3734 1844 σαι

2158 1883 2355 1937 ἐλθεῖν.
2401 1883 2549 1946 Ὀδός
2596 1885 2712 1936 ἐστι
2760 1884 2846 1938 διὰ
2888 1884 2950 1937 τὸ
2986 1886 3323 1956 πρακτικόν
3367 1884 3634 1954 ἀλήθεια,
3667 1885 3732 1946 ὡς

2157 1974 2364 2044 ἀληθὴς
2394 1973 2495 2043 τῆς
2521 1973 2756 2036 πίστεως
2793 1976 2918 2046 ὄρος
2948 1991 2961 2004 ο
2999 1975 3135 2045 ζωὴ,
3175 1976 3252 2038 ὡς
3298 1976 3533 2046 ἐγείρων
3573 1978 3729 2045 ἡμᾶς.

2158 2069 2252 2121 καὶ
2284 2069 2363 2130 είς
2392 2066 2703 2137 ἀφθαρσίαν
2733 2067 2904 2136 ἄγων,
2931 2070 3023 2122 καὶ
3050 2068 3149 2138 τῆς
3172 2067 3408 2139 ἀρχαίας
3434 2067 3730 2136 ἐλευθερῶν

2157 2160 2318 2231 ἀρᾶς.

2234 2269 2252 2302 ι
2286 2249 2350 2302 Εἰ
2375 2248 2671 2316 ἐγνώκειτέ
2699 2265 2766 2319 με
2793 2287 2806 2312 ,
2837 2248 2930 2301 καὶ
2955 2247 3044 2301 τὸν
3069 2246 3287 2318 Πατέρα
3320 2264 3422 2317 μου
3445 2247 3725 2315 ἐγνώκειτε

2157 2344 2224 2400 ἄν
2250 2359 2263 2376 ⁶
2296 2343 2389 2396 καὶ
2418 2342 2512 2395 ἀπ’
2543 2341 2669 2412 ἄρτι
2698 2340 2997 2410 γινώσκετε
3038 2341 3222 2407 αὑτὸν,
3254 2341 3348 2394 κα)⁵
3389 2339 3616 2412 ἑώρακα
3641 2340 3725 2392 αὐ-

2156 2436 2267 2491 τόν.
2301 2455 2320 2488 ι

2232 2527 2396 2596 Ὀψιν
2418 2520 2521 2582 ὧδε
2551 2527 2697 2597 λέγει
2729 2525 2827 2595 τὴν
2856 2526 2995 2580 κατὰ
3021 2525 3260 2579 διάνοιαν
3292 2522 3520 2592 γνῶσιν.
3565 2523 3621 2576 ’0
3644 2516 3725 2576 οὖν

2158 2611 2377 2690 θεωρῶν
2406 2621 2495 2674 τὸν
2526 2621 2650 2673 Υίδν
2671 2659 2685 2685 ,
2715 2619 2776 2671 οὐ
2807 2619 2987 2688 γυμνῇ
3033 2620 3098 2688 τῇ
3144 2616 3306 2686 οὐσίᾳ
3325 2656 3341 2681 ,
3375 2615 3516 2670 ἀλλὰ
3561 2616 3721 2686 σάρκα

2158 2712 2656 2784 περιϐεϐλημένον,
2697 2711 2788 2764 τὸν
2833 2712 2948 2780 ἴσον
2985 2711 3133 2782 αὑτῷ
3173 2713 3230 2765 ἐν
3265 2709 3438 2765 άπασι
3483 2709 3726 2779 γινώσκει

2158 2805 2396 2874 Πατέρα.
2462 2804 2524 2857 Ἦ
2563 2803 2764 2872 γνῶσις
2802 2802 2902 2874 τὴν
2948 2803 3035 2856 διὰ
3079 2803 3190 2855 τῶν
3239 2802 3462 2856 ἐννοιῶν
3505 2801 3725 2872 θεωρίαν

2157 2893 2325 2964 δηλοῖ,
2355 2897 2388 2964 ἡ
2417 2895 2474 2948 δέ
2505 2895 2605 2949 θέα
2645 2894 2740 2965 τὴν
2766 2894 2852 2948 διὰ
2880 2894 2988 2949 τῶν
3017 2895 3342 2967 θεοπρεπῶν
3381 2899 3557 2966 ἔργων
3599 2895 3726 2962 πλη-ο

2161 2987 2440 3060 ροφορίαν.

560 3078 720 3133 Vens.
750 3078 806 3134 9.
839 3096 859 3129 ι
891 3077 1158 3147 Philippe,
1184 3080 1274 3150 qui
1303 3079 1447 3135 videt
1487 3094 1594 3147 me,
1642 3081 1789 3136 videt
1839 3090 1895 3136 et
1917 3081 2053 3135 'vPa-

2238 3097 2256 3130 ι
2302 3079 2556 3141 Φίλιππε,
2595 3079 2624 3130 6
2669 3077 2928 3148 ἑωρακὼς
2966 3079 3097 3148 ἐμὲ,
3131 3077 3342 3151 ἑώρακε
3369 3079 3461 3133 τὸν
3488 3078 3720 3148 Πατέρα.

489 3183 644 3224 trem.
679 3169 957 3236 Quomodo
993 3179 1046 3224 tu
1069 3171 1238 3224 dicis:
1272 3170 1511 3225 Ostende
1541 3173 1696 3226 nobis
1721 3171 1944 3226 Patrem
1973 3174 1996 3226 ?
2030 3192 2050 3225 ›

552 3260 720 3328 Nihil,
751 3260 944 3330 inquit,
975 3260 1118 3316 aliud
1149 3272 1232 3316 est
1271 3261 1463 3328 Filius,
1501 3276 1660 3331 quam
1695 3263 1750 3316 id
1799 3265 1942 3331 quod
1974 3273 2059 3319 est

487 3353 666 3418 Pater,
701 3367 926 3408 manens
964 3350 1156 3408 Filius.
1184 3352 1241 3408 Si
1271 3355 1438 3420 enim,
1469 3361 1528 3407 ut
1567 3353 1789 3418 accidit,
1829 3355 2000 3419 dicas,
2024 3371 2057 3412 ο

483 3443 749 3511 Philippe,
795 3445 1050 3512 quoniam
1079 3442 1156 3497 Te
1202 3443 1324 3498 novi
1371 3443 1495 3512 quia
1522 3442 1693 3498 Filius
1745 3458 1828 3510 es,
1871 3460 2055 3501 verum

488 3544 664 3584 tamen
707 3546 812 3586 non
844 3532 1040 3586 novisti
1069 3545 1176 3594 me,
1198 3524 1520 3599 quiatotum
1549 3531 1720 3587 habeo
1754 3533 1807 3586 in
1851 3535 2055 3606 meipso

489 3622 724 3686 Patrem,
759 3629 815 3676 et
849 3635 1041 3674 maneo
1072 3630 1251 3674 tamen
1281 3619 1454 3676 Filius
1481 3621 1770 3678 exsistens.

565 3711 734 3768 Vens.
769 3710 854 3765 11.
886 3728 905 3762 ι
934 3708 1053 3766 Non
1080 3711 1324 3778 creditis,
1368 3711 1492 3782 quia
1523 3727 1624 3782 ego
1659 3712 1714 3769 in
1765 3714 1950 3786 Patre,
2001 3729 2056 3774 et

483 3804 645 3858 Pater
673 3805 724 3857 in
754 3818 840 3857 tne
865 3801 986 3858 est?
1019 3820 1039 3854 ι

537 3895 716 3950 Verba
749 3895 841 3950 illa
899 3894 1148 3948 intimum
1206 3896 1549 3966 complexum
1599 3905 1654 3954 et
1686 3903 2054 3971 aequalitatem

483 3987 760 4042 denotant.
787 3985 996 4041 ldcirco
1027 4000 1094 4040 ne
1142 3987 1265 4055 quis
1313 3987 1516 4044 incidat
1569 3990 1622 4045 in
1660 3993 1912 4050 haeresim
1958 3995 2057 4050 Sa-

485 4077 652 4144 bellii,
683 4091 942 4147 personas
987 4076 1298 4142 dividendo,
1344 4080 1625 4152 subjungit
1665 4085 1893 4140 dicens:
1951 4085 2057 4152 Qui

482 4171 618 4223 videt
644 4185 746 4234 me,
779 4170 914 4221 videt
938 4177 982 4221 et
1017 4167 1249 4224 Patrem.
1303 4169 1418 4226 Hoc
1442 4182 1626 4227 autem
1677 4175 1927 4248 intelligit
1960 4194 2056 4248 per

482 4261 867 4330 cognitionem,
901 4258 1114 4329 istaque
1142 4263 1207 4316 de
1231 4262 1489 4319 invisibili
1523 4280 1623 4320 sua
1649 4276 1703 4321 et
1725 4267 1904 4323 Patris
1928 4271 2055 4326 sub-

485 4349 680 4402 stantia
710 4348 965 4420 loquitur.
1002 4349 1252 4405 Divinum
1305 4354 1451 4408 enim
1509 4353 1719 4411 Numen
1774 4361 2055 4428 corporeis

2165 3172 2273 3225 Kal.
2299 3171 2416 3234 πῶς
2451 3172 2514 3223 σὺ
2541 3171 2745 3239 λέγεις·
2779 3170 2959 3236 Δεῖξον
2996 3173 3129 3242 ἡμῖν
3152 3172 3243 3223 τὸν
3279 3173 3526 3240 Πατέρα;
3560 3189 3579 3220 ι

2231 3262 2415 3325 Οὐδὲν,
2444 3261 2629 3331 φησὶν,
2654 3263 2838 3332 ἕτερον
2869 3265 3016 3316 ἐστιν
3035 3265 3064 3316 6
3081 3263 3229 3328 Υἱὸς,
3257 3265 3304 3316 εί
3325 3263 3401 3335 μὴ
3418 3265 3544 3332 ὅπερ
3571 3262 3714 3312 ἐστίν

2157 3352 2184 3404 6
2216 3350 2403 3420 Πατὴρ
2443 3350 2617 3420 μένων
2648 3351 2794 3413 Υἱός.
2815 3350 2877 3403 Ei
2920 3350 3029 3421 γάρ
3059 3353 3174 3415 καὶ,
3205 3350 3275 3412 ὡς
3309 3350 3478 3419 ἔτυχε,
3509 3346 3710 3414 λέγεις,

2156 3435 2201 3495 ὧ
2222 3441 2473 3507 Φίλιππε,
2509 3443 2591 3495 ὅτι
2622 3444 2688 3496 Σέ
2711 3437 2828 3495 οἶδα
2861 3443 2942 3496 ὅτι
2969 3443 2996 3496 ὁ
3022 3443 3151 3507 Υἱὸς
3191 3437 3256 3506 si,
3279 3441 3388 3496 ἀλλ’
3423 3441 3517 3494 οὐκ
3545 3439 3716 3507 ἐγνως

2160 3551 2227 3604 με
2259 3535 2339 3586 ὅτι
2367 3535 2484 3588 ὅλον
2521 3535 2628 3606 ἔχω
2655 3537 2712 3588 ἐν
2741 3534 2966 3606 ἐμαυτῷ
2995 3535 3086 3589 τὸν
3120 3535 3358 3606 Πατέρα,
3396 3533 3535 3604 μένω
3561 3531 3720 3586 πάλιν

2157 3626 2281 3690 Υἱὸς
2312 3625 2406 3680 ὢν.

2232 3738 2250 3771 ι
2293 3720 2368 3772 Οὐ
2397 3719 2678 3773 πιστεύετὲ
2713 3737 2824 3790 μοι,
2854 3721 2937 3774 ὅτι
2976 3721 3088 3789 ἐγὼ
3137 3721 3194 3775 ἐν
3227 3719 3306 3790 τῷ
3336 3720 3510 3791 Ilasz
3532 3761 3548 3787 ,
3574 3719 3662 3772 καὶ
3693 3719 3719 3770 6

2156 3811 2343 3881 Πατὴρ
2372 3813 2428 3864 ἐν
2461 3813 2583 3882 ἐμοί
2624 3815 2801 3879 ἐστιν;
2838 3832 2855 3865 ι

2238 3906 2294 3956 '0
2310 3904 2464 3972 λόγος
2485 3905 2739 3975 σημαίνει
2763 3904 2860 3977 τὴν
2881 3905 3019 3974 ἄγαν
3044 3905 3347 3975 ἐμφέρειαν
3370 3905 3465 3959 καὶ
3489 3904 3713 3974 ἰσότητα.

2154 3996 2245 4049 Διὸ
2274 3996 2360 4048 ἵνα
2407 3998 2481 4067 μὴ
2518 3997 2736 4069 ἐμπέσῃ
2767 4015 2851 4062 τις
2893 4001 2972 4062 είς
3012 3999 3112 4069 τὴν
3149 3999 3439 4052 Σαδελλίου
3482 3998 3712 4066 αἵρεσιν,

2155 4088 2378 4160 διαιρῶν
2419 4089 2518 4151 τὰς
2553 4089 2903 4153 ὑποστάσεις,
2932 4091 3125 4158 ἐπάγει
3147 4090 3346 4160 λέγων·
3365 4091 3429 4143 '0
3461 4087 3716 4158 ἑωρακὼς

2155 4179 2278 4249 ἐμὲ,
2307 4179 2529 4247 ἑώρακε
2563 4180 2670 4233 τὸν
2707 4181 2958 4249 Πατέρα.
2993 4181 3165 4236 Τοῦτο
3207 4183 3263 4235 δὲ
3310 4183 3468 4251 δηλοῖ
3506 4183 3590 4236 διὰ
3632 4179 3716 4246 τὴν

2157 4273 2376 4343 γνῶσιν,
2398 4273 2568 4326 ταῦτα
2589 4275 2714 4341 περὶ
2743 4277 2842 4345 τῆς
2877 4277 3106 4346 ἀοράτου
3141 4277 3290 4345 λέγει
3320 4278 3515 4339 οὐσίας
3544 4272 3718 4329 ἐαυτοῦ

2155 4379 2214 4415 τε
2238 4363 2443 4416 καὶτοῦ
2473 4364 2704 4434 Πατρός.
2733 4367 2805 4417 Οὐ
2835 4366 2940 4436 γὰρ
2971 4367 3195 4420 δυνατὸν
3221 4372 3515 4437 σαρκικοῖς
3541 4364 3720 4434 6990:11-

484 4441 656 4496 oeulis
699 4442 868 4496 videri
903 4443 1106 4510 nequit,
1145 4443 1375 4513 ideoque
1408 4447 1535 4499 dicit
1566 4465 1580 4500 :
1617 4447 1722 4513 Qui
1761 4451 1899 4505 videt
1949 4469 2050 4518 me,

2163 4458 2281 4526 μοῖς
2316 4455 2444 4508 ἰδεῖν
2471 4456 2532 4508 τὸ
2561 4456 2746 4508 Θεῖονο
2771 4458 2850 4510 διὸ
2875 4455 3027 4512 εἶπεν
3049 4476 3060 4489 ·
3101 4460 3153 4511 '0
3186 4459 3465 4527 ἑωρακὼς
3488 4461 3608 4529 ἐμὲ,
3634 4457 3721 4510 ἐώ-

485 4535 620 4586 videt
644 4543 688 4586 et
712 4531 948 4598 Patrem,
991 4548 1098 4587 non
1131 4535 1272 4602 quod
1306 4535 1420 4604 ipse
1461 4534 1624 4591 Pater
1660 4540 1749 4606 sit,
1802 4543 1894 4596 sed
1925 4546 2054 4612 quia

2157 4562 2301 4616 ρακε
2330 4547 2436 4598 τὸν
2465 4546 2714 4615 Πατέρα,
2738 4547 2834 4618 οὐχ
2857 4548 2937 4600 ὅτι
2966 4549 3129 4610 αὑτός
3155 4552 3302 4601 ἐστιν
3325 4552 3353 4601 6
3381 4550 3594 4620 Πατὴρ,
3621 4546 3718 4600 ἀλλ’

485 4636 701 4694 propter
727 4626 970 4680 intimam
1017 4624 1470 4696 conjunctionetn,
1503 4630 1809 4702 quicunque
1858 4632 2051 4691 Filium

2159 4639 2240 4692 ὅτι
2270 4639 2356 4692 διὰ
2377 4640 2474 4709 τὴν
2500 4640 2638 4708 άγαν
2661 4641 2982 4712 ἐμφέρειαν,
3010 4642 3038 4693 6
3067 4641 3156 4693 τὸν
3179 4637 3498 4712 Υίδνόρῶν,
3521 4645 3608 4694 τδν
3638 4640 3722 4691 Πα-

481 4717 649 4784 videt,
685 4715 828 4772 videt
873 4725 928 4770 et
981 4715 1217 4771 Patrem.
1245 4715 1421 4774 Habet
1471 4719 1617 4775 enim
1643 4722 1880 4793 quisque
1919 4739 2048 4795 pro-

483 4809 654 4878 priam
684 4807 1034 4878 hypostasim.

546 4899 772 4968 Pr0pter
802 4908 1008 4952 natura:
1033 4899 1370 4955 identitatem
1397 4902 1714 4956 naturaliter
1763 4918 1952 4960 omnes
2001 4907 2054 4961 in

482 5008 568 5046 nte
619 4991 796 5043 Patris
863 4990 1220 5056 proprietates
1282 4991 1552 5059 possideo.
1614 4993 2058 5051 Substantialiter

481 5086 624 5140 enim
647 5082 1043 5139 FiliusPatrcm
1071 5082 1470 5151 complectitur,
1497 5087 1656 5156 eique
1690 5087 2053 5145 intimeinex-

481 5179 645 5234 sistit.

556 5270 716 5324 Vens.
745 5269 831 5324 12.
865 5287 886 5323 ι
920 5268 1110 5334 Amen,
1146 5283 1303 5324 amen
1350 5268 1472 5324 dico
1503 5270 1677 5338 vobis,
1727 5273 1820 5343 qui
1878 5275 2054 5330 credit

483 5361 533 5414 in
565 5375 674 5427 me,
717 5375 879 5432 opera
924 5376 1043 5430 quae
1068 5376 1167 5430 ego
1195 5358 1360 5425 facio,
1381 5370 1438 5416 et
1476 5362 1592 5431 ipse
1630 5363 1815 5429 faciet,
1849 5376 1906 5422 et
1935 5381 2054 5422 ma-

487 5470 595 5512 iora
630 5456 822 5508 horum
852 5454 1013 5509 faciet
1039 5472 1051 5508 :
1085 5455 1211 5523 quia
1238 5469 1340 5523 ego
1367 5455 1434 5508 ad
1469 5453 1685 5512 Patrem
1715 5457 1874 5512 vado.
1920 5476 1940 5510 ›

557 5629 718 5693 Quasi
746 5629 938 5682 Filium
961 5645 1294 5698 cognoscens
1329 5634 1429 5686 hoc
1461 5632 1612 5696 dicit,
1637 5629 1956 5687 existimans
1992 5643 2052 5685 se

481 5721 663 5775 statim
698 5722 807 5773 suis
844 5721 1016 5774 oculis
1043 5736 1198 5789 posse
1229 5723 1396 5779 Deum
1435 5725 1636 5779 videre.

2157 4731 2293 4802 τέρα
2324 4731 2531 4800 βλέπει.
2566 4733 2722 4784 Ἔστι
2755 4731 2862 4802 γάρ
2889 4732 3117 4796 ἕκαστος
3151 4732 3563 4797 ίδιοσυστάτως.

2237 4904 2484 4968 Φυσικῶς
2517 4906 2574 4957 ἐν
2609 4907 2675 4974 τῇ
2707 4905 2816 4976 ίδία
2845 4922 2946 4975 μου
2981 4904 3142 4973 φύσει
3168 4905 3276 4975 ἐχω
3301 4905 3370 4959 τὰ
3398 4905 3499 4959 τοῦ
3532 4903 3722 4972 Πατρὶς

2163 4997 2267 5050 ι’δια
2299 4996 2388 5048 διὰ
2413 4996 2470 5048 τὸ
2503 4987 2806 5066 ὁμοούσιον.
2843 4996 3128 5059 Οὐσιωδῶς
3165 4997 3275 5067 γὰρ
3325 4998 3356 5050 6
3400 4996 3536 5061 Υίὸς
3569 4998 3723 5066 ἐμπε·

2162 5088 2332 5158 ριέχει
2359 5089 2448 5140 τὸν
2479 5087 2716 5159 Πατέρα,
2749 5087 2844 5142 καὶ
2878 5088 3024 5142 ἔστιν
3053 5091 3113 5144 ἐν
3139 5087 3309 5160 αὐτῷ.

2237 5284 2256 5317 t
2302 5265 2494 5336 Ἀμὴν,
2523 5263 2669 5335 ἀμὴν
2695 5262 2837 5331 λέγω
2863 5264 3013 5334 ὑμῖν,
3042 5264 3071 5316 6
3098 5262 3371 5317 πιστεύων
3403 5264 3486 5325 είς
3511 5261 3630 5330 ἐμὲ,
3664 5259 3721 5309 τὰ

2158 5359 2295 5430 ἔργα
2315 5357 2350 5412 ἃ.
2375 5356 2484 5426 ἐγὼ
2512 5357 2671 5421 ποιῶ,
2698 5357 2949 5418 κάκεῖνος
2978 5356 3214 5425 ποιήσει,
3246 5355 3339 5408 καὶ
3368 5354 3593 5425 μείζονα
3616 5350 3722 5404 τού-

2155 5467 2265 5502 των
2294 5450 2542 5519 ποιήσει·
2577 5448 2660 5500 ὅτι
2689 5446 2802 5515 ἐγὼ
2829 5447 2962 5518 πρὸς
2999 5449 3087 5501 τὸν
3111 5449 3332 5517 Πατέρα
3372 5465 3476 5518 μου
3505 5443 3718 5515 πορεύο-

2161 5559 2282 5613 μαι.
2323 5560 2340 5591 ³

2238 5635 2322 5694 Ὠς
2375 5631 2466 5684 τὸν
2516 5633 2642 5684 Υίδν
2684 5631 2836 5694 εἰδὼς
2885 5629 3005 5684 εἶπε
3058 5631 3245 5697 τοῦτο,
3299 5632 3550 5701 οἰόμενος
3593 5627 3717 5694 τάχα

2149 5724 2581 5795 ὀφθαλμορανῶς
2622 5723 2881 5777 δύνασθαι
2916 5724 3039 5777 ἰδεῖν
3079 5723 3170 5775 τὸν
3200 5723 3353 5778 Θεόν.
3393 5717 3620 5792 [Catil]
