4038 6148
458 310 595 378 1489

1514 313 1976 376 FRAGMENTA
2013 314 2096 375 IN
2131 314 2192 374 S.
2222 309 2596 373 JOANNEM.

3599 301 3731 366 11190

528 448 548 480 ι
582 428 754 498 Κάγὼ
776 429 1042 501 ἐρωτήσω
1062 428 1154 484 τὸν
1177 428 1419 500 Πατέρα,
1446 430 1537 483 καὶ
1568 429 1730 485 ἄλλον
1753 430 2019 502 Παρακλη

2149 428 2168 496 1
2226 428 2394 482 Vens.
2429 425 2516 481 l6.
2564 441 2583 476 ι
2610 420 2680 476 Et
2712 435 2813 490 ego
2840 418 3042 488 rogabo
3089 417 3330 480 Patrem,
3355 423 3408 471 et
3436 415 3598 470 alium
3622 414 3727 468 Pa-

450 537 543 574 τον
573 519 732 573 δώσει
758 521 907 592 ὑμῖν,
936 521 1027 574 ἴνα
1056 522 1194 594 μένῃ
1226 522 1344 594 μεθ’
1377 522 1530 596 ὑμῶν
1556 524 1635 587 είς
1658 525 1752 577 τὸν
1780 524 1974 581 αἰῶνα.
2011 543 2029 577 ι

522 697 708 751 Εἰπὼν
741 699 970 763 ἄλλον,
1021 699 1264 754 δείκνυσι
1302 702 1410 756 τῶν
1450 701 1802 758 θποστάσεων
1829 704 1890 758 τὺ
1919 705 2024 759 διά-

453 809 645 862 φορονυ
677 793 859 847 εἰπὼν
887 793 967 858 δὲ,
1002 795 1082 860 ὡς
1117 796 1242 864 ἐμὲ,
1289 796 1390 866 τῆς
1425 797 1612 861 οὐσίας
1649 798 1709 851 τὸ
1750 799 2029 868 συγγενές.

464 884 705 955 Ἐρωτᾷν
733 885 789 937 δὲ
832 886 983 954 λέγει
1010 888 1100 940 τὸν
1135 887 1390 961 Πατέρα,
1426 888 1517 942 διὰ
1553 891 1614 942 τὸ
1652 886 1792 944 εἶναι
1835 892 2034 956 αὐτοὺς

450 977 678 1038 ἀτελεῖς.
736 975 887 1030 Ἐπεὶ
929 979 1046 1040 πῶς
1086 979 1252 1042 αὐτὸς
1299 980 1465 1033 αἰτῶν
1511 980 1757 1049 πέμπει,
1805 983 1942 1054 ὅπερ
1985 987 2032 1038 οἱ

449 1068 735 1121 ἀπόστολοι
775 1072 840 1139 τῇ
884 1069 1129 1124 ἐπιθέσει
1176 1071 1284 1124 τῶν
1325 1073 1523 1144 χειρῶν
1552 1075 1758 1128 ἐδίδουν
1785 1078 1899 1140 τοῖς
1939 1095 2032 1130 πι-

449 1157 628 1218 στοῖς;
664 1156 803 1209 Οὔτε
848 1157 904 1209 δὲ
933 1158 993 1210 τὸ
1026 1159 1250 1230 Πνεῦμα
1281 1162 1600 1232 πέμπεται,
1635 1165 1750 1218 ἀλλ’
1787 1167 2034 1221 αὑθεντι-

447 1246 559 1308 κῶς
614 1247 922 1314 ἐφίσταται,
951 1249 1012 1302 τὸ
1053 1251 1332 1321 πανταχοῦ
1376 1253 1456 1305 όψ
1512 1255 1648 1309 ἀλλά
1691 1255 1848 1310 τοῦτο
1908 1253 2031 1313 εἶπε

449 1335 667 1399 δεικνὺς
697 1339 795 1408 τῆς
815 1341 1124 1410 παρουσίας
1145 1343 1236 1396 τὸν
1262 1345 1474 1415 καιρόν.
1507 1346 1570 1398 El
1603 1346 1677 1418 μὴ
1717 1347 1827 1418 γὰρ
1865 1350 2029 1420 ἐτύθη

446 1427 473 1478 6
507 1427 776 1496 Χριστὸς,
818 1431 911 1483 καὶ
951 1430 1114 1503 ἐλύθη
1155 1435 1187 1504 ή
1242 1434 1518 1505 ἁμαρτία,
1567 1438 1668 1492 οὐκ
1703 1440 2030 1512 ἐπεφοίτησε

446 1519 560 1582 τοῖς
591 1523 807 1586 πιστοῖς
843 1523 903 1576 τὸ
935 1523 1182 1595 Πνεῦμα.
1223 1527 1585 1600 Παρὰκλητος
1616 1529 1674 1583 δὲ
1718 1531 1964 1586 καλεῖται
2003 1535 2031 1586 6

447 1611 572 1674 Υἱὸς
603 1616 698 1666 καὶ
724 1614 784 1666 τὸ
824 1615 1049 1687 Πνεῦμα
1067 1657 1082 1681 ,
1113 1618 1186 1681 ὡς
1212 1619 1568 1689 παραμυθίαν
1590 1623 1721 1690 ἡμῖν
1745 1621 2030 1692 ἐμποιοῦν-

445 1719 569 1765 τες,
627 1706 722 1757 καὶ
766 1705 840 1768 ὡς
884 1708 1329 1776 παρακαλοῦντες
1367 1711 1506 1782 ὑπὲρ
1545 1711 1703 1780 ἡμῶν
1767 1712 1856 1765 τὸν
1913 1714 2028 1767 Πα-

2144 520 2398 576 raclitum
2423 515 2577 573 dabit
2630 512 2789 569 vobis
2837 520 2897 566 ut
2943 516 3158 565 maneat
3182 505 3460 562 vobiscum
3488 505 3541 558 iu
3571 513 3726 558 arter-

2139 628 2290 668 num.
2326 629 2345 662 1

2204 703 2440 760 Dicendo
2485 699 2674 764 alium,
2724 707 3080 767 personarum
3141 688 3413 761 signiﬁcat
3469 683 3725 740 dill'ereu-

2136 795 2300 861 tiam;
2333 792 2564 847 dicendo
2594 803 2750 851 vero,
2777 787 2880 840 mei
2907 784 3151 848 similem,
3191 780 3508 835 substantiae
3534 789 3721 830 osten-

2137 886 2214 941 dit
2259 884 2656 954 cognationem.
2723 879 2864 933 Dicit
2926 889 3055 930 vero
3105 888 3165 928 se
3216 885 3414 940 rogare
3473 869 3717 930 Patrem,

2135 985 2357 1047 propter
2374 990 2562 1030 eorum
2594 970 3044 1027 imbecillitatem.
3073 964 3272 1019 Verum
3307 959 3578 1032 quomodo
3606 960 3722 1026 ipse

2137 1067 2374 1136 rogando
2397 1067 2586 1128 mittit,
2624 1078 2786 1133 quem
2838 1058 3067 1131 apostoli
3119 1071 3216 1126 per
3256 1068 3510 1108 manuum
3543 1052 3718 1119 impov

2135 1159 2385 1213 sitionem
2404 1155 2656 1211 ﬁdelibus
2683 1153 2933 1209 dabant?
2960 1150 3146 1219 Neque
3168 1162 3298 1202 vero
3324 1144 3559 1214 Spiritus
3590 1143 3718 1195 mit-

2133 1251 2287 1313 titur,
2346 1263 2473 1304 cum
2499 1247 2700 1316 ubique
2726 1244 2968 1298 locorum
3001 1256 3097 1312 per
3123 1254 3183 1295 se
3211 1251 3454 1308 praesens
3483 1235 3591 1288 sit:
3623 1233 3718 1287 sed

2137 1343 2241 1397 hoc
2273 1341 2434 1407 dixit,
2464 1348 2521 1394 ut
2559 1349 2769 1405 tempus
2803 1335 3072 1389 adventus
3127 1329 3451 1385 declararet.
3484 1325 3540 1379 Si
3573 1325 3717 1378 enim

2132 1430 2383 1486 Christus
2416 1444 2522 1483 non
2572 1426 2768 1482 fuisset
2798 1421 3128 1486 immolatus,
3163 1429 3219 1474 et
3257 1417 3492 1472 solutum
3529 1428 3720 1485 pecca—

2134 1531 2269 1588 tum,
2309 1521 2548 1590 Spiritus
2596 1527 2821 1573 sanctus
2877 1515 2929 1570 in
2991 1512 3176 1568 ﬁdeles
3227 1509 3450 1563 minime
3493 1507 3720 1560 descen-

2131 1613 2322 1668 disset.
2353 1611 2659 1666 Paraclitus
2694 1618 2875 1662 autem
2925 1613 3033 1658 tam
3066 1600 3234 1656 Filius
3272 1612 3434 1668 quam
3483 1595 3718 1666 Spiritus

2133 1703 2472 1769 nominatur,
2529 1709 2589 1754 ut
2623 1699 2715 1769 qui
2785 1696 2940 1752 nobis
2985 1681 3416 1749 consolationem
3465 1684 3712 1748 aﬂ'erant,

445 1791 598 1861 τέρα.
637 1793 709 1845 Τὸ
739 1794 847 1865 γὰρ
882 1775 1053 1868 ὄνομα
1087 1798 1245 1852 τοῦτο
1285 1775 1642 1872 παραμυθίας
1673 1803 1789 1857 ἐστὶ
1813 1823 2021 1877 ποιητι-

2132 1789 2456 1859 Patremque
2499 1787 2654 1843 nobis
2683 1784 2997 1842 concilient.
3033 1780 3236 1834 Nomen
3291 1777 3437 1833 enim
3480 1775 3584 1830 hoc
3634 1783 3718 1830 est

444 1881 577 1945 κὸν,
611 1883 673 1936 οὐ
711 1885 971 1959 διάφορον
1019 1889 1210 1945 οὐσίαν
1263 1894 1529 1963 σημαῖνον
1564 1895 1884 1965 Πνεύματος
1931 1897 2027 1952 καὶ

451 1971 689 2042 Πατρός.

514 2064 696 2117 Εἰπὼν
724 2066 816 2130 τὸ,
847 2068 948 2122 ἵνα
982 2072 1137 2140 μένῃ
1158 2112 1173 2136 ,
1205 2073 1463 2141 ἐδίδαξεν,
1496 2076 1578 2130 ὅτι
1605 2077 1728 2132 οὕτε
1770 2080 1908 2149 μετά
1938 2098 2027 2133 τε·

443 2153 638 2225 λευτὴν
671 2157 966 2225 ἀφίσταται
1013 2162 1074 2214 τὸ
1107 2163 1367 2234 Πνεῦμα,
1415 2166 1604 2238 ὥσπερ
1645 2187 1730 2233 τις
1773 2171 2024 2242 θεότητος

444 2246 668 2315 ποιότης
701 2249 757 2299 ἐν
789 2251 919 2319 ἡμῖν
952 2253 1180 2320 γίνεται,
1213 2257 1310 2308 καὶ
1343 2259 1608 2328 ἀπομένει
1648 2261 1938 2326 διαπαντὸς
1967 2265 2023 2317 ἐν

440 2341 552 2402 τοῖς
586 2340 780 2407 ἁγίοις,
816 2342 943 2395 ὅταν
972 2343 1040 2396 δι’
1073 2346 1275 2417 ἀρετῆς
1308 2350 1404 2401 καὶ
1433 2351 1804 2424 καθαρότητος
1837 2357 2023 2425 τηρεῖν

442 2430 500 2484 ἐν
533 2433 747 2497 ἑαυτοῖς
777 2435 1126 2490 σπουδάσωσι
1151 2438 1252 2509 τὴν
1280 2440 1459 2511 χάριν.

513 2525 670 2592 ι-Οὐκ
695 2527 892 2597 ἀφήσω
916 2529 1060 2598 ὑμᾶς
1083 2528 1374 2600 ὀρφανούςο
1393 2533 1626 2605 ἔρχομαι
1651 2535 1786 2608 πρὸς
1803 2537 1967 2608 ὑμᾶς.
1996 2556 2014 2590 ι

511 2675 784 2730 Οὐδέποτε
818 2678 918 2748 μὲν
965 2680 1149 2736 εἴασεν
1182 2683 1378 2748 αὐτοὺς
1428 2686 1669 2757 ἐρήμους
1713 2687 1814 2757 τῆς
1855 2687 2020 2742 αὑτοῦ

441 2767 701 2834 προνοίας
724 2808 738 2833 ,
778 2770 919 2841 πλὴν
949 2771 1104 2844 ὤφθη
1149 2775 1331 2839 αὐτοῖς
1363 2778 1458 2832 καὶ
1490 2778 1628 2846 μετὰ
1659 2780 1756 2849 τὴν
1784 2780 2020 2834 ἀνάστα-

441 2873 544 2911 σιν.
597 2859 818 2930 Ἐπειδὴ
848 2860 1018 2915 ἐλθὼν
1045 2865 1303 2919 ἐκάλεσεν
1327 2869 1522 2932 αὐτοὺς
1554 2871 1780 2937 τεκνία,
1811 2871 2020 2941 μέλλων

438 2943 680 3010 ἀπιέναι,
709 2943 862 3001 εἷπεν
895 2951 1216 3020 ὀρφανούς.
1250 2953 1474 3030 [ΟΜΝ]

2129 1880 2581 1943 consolatorium,
2651 1889 2828 1946 neque
2876 1875 3143 1929 diversam
3192 1871 3432 1940 Spiritus
3472 1882 3506 1922 a
3548 1866 3714 1922 Patre

2129 1972 2490 2028 substantiam
2529 1969 2832 2040 signiﬁcat.

2200 2062 2438 2118 Dicendo
2469 2071 2527 2115 ut
2559 2068 2808 2125 maneat,
2840 2056 2999 2113 simul
3032 2055 3218 2110 docuit
3245 2066 3314 2108 ne
3355 2058 3476 2122 post
3506 2051 3713 2107 obitum

2126 2155 2344 2225 quidem
2369 2154 2632 2224 Spiritum
2659 2155 2930 2216 deserere,
2963 2159 3024 2204 ut
3056 2148 3149 2218 qui
3178 2145 3334 2217 quasi
3363 2145 3541 2200 divina
3566 2158 3717 2213 qure-

2126 2247 2247 2300 dam
2285 2244 2522 2314 qualitas
2546 2243 2600 2297 in
2639 2241 2794 2296 nobis
2820 2239 3068 2303 exsistat,
3105 2247 3160 2292 et
3188 2251 3402 2305 semper
3432 2234 3484 2287 in
3513 2233 3715 2286 sanctis

2124 2343 2436 2407 perseveret
2463 2373 2479 2399 ,
2541 2334 2756 2402 quando
2800 2344 2897 2402 per
2943 2331 3195 2384 virtutem
3233 2341 3293 2382 ac
3339 2327 3624 2395 puritatem
3653 2324 3711 2378 in

2124 2427 2441 2498 semetipsis
2469 2440 2691 2481 servare
2721 2423 2949 2493 gratiam
2977 2430 3267 2476 conantur.

2201 2520 2367 2575 Vens.
2425 2520 2514 2573 18.
2567 2536 2586 2570 ‹
2616 2515 2738 2572 Non
2773 2515 3072 2585 relinquam
3122 2528 3217 2567 vos
3267 2511 3580 2581 orphanos:
3621 2525 3714 2564 ve-

2123 2613 2271 2667 niam
2302 2610 2371 2666 ad
2399 2626 2516 2667 vos.
2549 2628 2568 2662 ι

2193 2702 2484 2772 Nunquam
2515 2715 2609 2757 eos
2634 2699 2973 2772 providentia
3014 2713 3110 2754 sua
3140 2697 3301 2753 orbos
3326 2695 3540 2764 reliquit
3565 2711 3579 2758 ;
3627 2695 3714 2746 in-

2126 2810 2292 2863 super
2336 2793 2484 2848 visus
2542 2801 2626 2848 est
2674 2791 2806 2858 ipsis
2851 2790 3015 2846 etiam
3070 2799 3190 2858 post
3238 2787 3710 2842 resurrectionem.

2125 2890 2434 2945 Adveniens
2457 2902 2553 2944 eos
2584 2887 2804 2945 vocavit
2857 2885 3021 2954 ﬁlios,
3051 2899 3173 2939 cum
3203 2891 3347 2937 esset
3372 2879 3715 2951 proleCturus

2124 2983 2391 3052 orphanos
2417 2981 2574 3038 dixit.

510 3057 632 3111 Ὅτι
667 3059 858 3179 Eliens
887 3064 1072 3179 μόνοις
1102 3069 1288 3133 αὐτοῖς
1319 3069 1555 3142 ὀφθῆναι
1597 3074 1738 3144 μετά
1760 3076 1860 3148 τήν
1889 3077 2020 3132 ἀνά-

2197 3095 2335 3163 Quia
2386 3095 2517 3150 solis
2576 3093 2864 3164 discipulis
2895 3099 3016 3163 post
3043 3090 3492 3147 resurrectionem
3541 3101 3710 3155 appa-

438 3166 646 3218 στασιν,
674 3156 837 3208 πᾶσιν
866 3153 1252 3228 είπε,μικρόν⁶
1294 3164 1489 3232 μικρὸν
1529 3166 1719 3234 χρόνον
1748 3168 1895 3236 λέγει
1925 3171 2015 3224 τὸν

435 3241 538 3305 ἐως
562 3245 662 3313 τῆς
699 3246 956 3318 δευτέρας
992 3253 1311 3320 παρουσίας.
1353 3257 1566 3327 Μικρὸν
1597 3260 1706 3329 γὰρ
1743 3260 1882 3330 Θεῷ,
1921 3265 2016 3317 καὶ

433 3335 460 3385 6
489 3337 699 3406 μακρός
721 3338 770 3392 ἀ.
805 3340 993 3410 Ὑμεῖς
1019 3343 1074 3395 δὲ
1102 3345 1152 3396 ot
1181 3345 1324 3412 ἅγιοι
1346 3347 1434 3400 διὰ
1457 3350 1555 3417 τῆς
1577 3350 1673 3402 τοῦ
1699 3351 2016 3422 Πνεύματος

434 3426 761 3497 ἐνοικήσεως
790 3431 1068 3498 γνώσεσθέ
1120 3452 1208 3504 με,
1249 3438 1309 3489 οὐ
1354 3438 1459 3509 μὴν
1499 3442 1547 3493 oi
1579 3442 1648 3495 τὰ
1671 3442 1767 3496 τοῦ
1809 3445 2015 3515 κόσμου

435 3519 776 3584 ἀγαπῶντες.
816 3521 1013 3593 [Cum
1048 3526 1197 3598 ADD.]
1228 3531 1508 3600 Ἀρῤαϐὼν
1534 3532 1636 3605 [ὃν]
1659 3533 1757 3603 τῆς
1790 3537 2015 3606 μελλού-

443 3625 539 3676 σης
577 3609 720 3680 ζωῆς
753 3612 903 3682 ἔχετε
943 3616 1150 3680 λαϐεῖν,
1183 3619 1333 3672 ἐστὶν
1362 3623 1394 3691 ή
1423 3623 1529 3693 ἐμὴ
1559 3625 1879 3693 ἀνάστασις.

513 3718 530 3751 ι
583 3701 640 3754 Ὁ
687 3703 827 3773 ἔχων
862 3707 958 3769 τὰς
1003 3709 1226 3772 ἐντολάς
1273 3729 1400 3780 μου,
1450 3716 1544 3767 καὶ
1593 3717 1778 3786 τηρῶν
1825 3721 2012 3786 αὑτὰς,

436 3793 642 3856 ἐκεῖνός
671 3796 818 3848 ἐστιν
852 3799 880 3849 6
913 3799 1145 3865 ἀγαπῶν
1175 3818 1263 3870 με.
1312 3803 1369 3856 '0
1403 3804 1460 3856 δὲ
1491 3807 1718 3874 ἀγαπῶν
1756 3826 1846 3878 με,
1877 3813 2015 3879 ἀγα-

436 3883 742 3955 πηθήσεται
767 3889 871 3942 ὑπὸ
911 3890 1008 3944 τοῦ
1050 3894 1264 3964 Πατρός
1306 3912 1407 3964 μου
1433 3936 1448 3960 ,
1477 3899 1570 3951 καὶ
1609 3899 1719 3968 ἐγὼ
1747 3902 2017 3973 ἀγαπήσω

437 3974 623 4040 αὐτὸν,
651 3981 744 4031 καὶ
773 3981 1059 4048 ἐμφανίσω
1092 3984 1241 4054 αὐτῷ
1274 3987 1532 4056 ἐμαυτόν.
1581 4009 1599 4042 ι

515 4067 641 4119 Ὅτε
694 4069 893 4140 ἀνέστη
942 4075 1006 4126 ἐκ
1050 4075 1282 4144 νεκρῶν,
1328 4077 1424 4131 καὶ
1473 4079 1665 4151 ἔτυχον
1712 4084 1807 4136 τοῦ
1859 4087 2014 4155 ἁγίου

437 4158 790 4228 Πνεύματος,
839 4163 1028 4218 ἔλαϐον
1071 4167 1294 4234 γνῶσιν,
1341 4171 1424 4225 ὅτι
1472 4173 1500 4225 6
1534 4174 1664 4238 Υίδς
1714 4177 1811 4248 τὴν
1844 4179 2016 4250 αὐτὴν

435 4251 572 4320 ἔχων
601 4253 828 4324 δύναμιν
857 4256 936 4327 τῷ
970 4259 1146 4329 Πατρλ⁴
1169 4301 1184 4324 ,
1215 4263 1424 4317 ἐκείνου
1462 4267 1560 4336 μὲν
1601 4268 1698 4322 οὐκ
1727 4270 2017 4341 ἀποσχίζε-

434 4359 525 4395 ut
554 4345 642 4397 διὰ
668 4345 765 4416 τὴν
802 4348 899 4418 τῆς
926 4350 1116 4414 οὐσίας
1147 4353 1375 4424 ἑνότητα
1401 4398 1414 4422 ,
1442 4357 1627 4422 αὐτοῖς
1663 4361 1721 4414 δὲ
1765 4364 2015 4417 σύνεστιν

2122 3187 2329 3240 riturus
2376 3193 2517 3248 erat,
2553 3186 2810 3240 omnibus
2841 3185 2978 3238 dixit
3003 3184 3291 3247 modicum,
3333 3183 3412 3236 sic
3439 3179 3711 3250 appellans

2122 3283 2333 3344 tempus
2379 3290 2550 3346 usque
2590 3275 2656 3329 ad
2721 3274 3020 3329 secundum
3067 3273 3381 3328 adventum.
3439 3268 3708 3324 Modicum

2121 3367 2264 3422 enim
2314 3367 2422 3423 Deo
2478 3376 2580 3432 est,
2628 3361 3041 3421 tametsi'nobis
3092 3364 3331 3432 longum.
3387 3359 3498 3415 Vos
3527 3370 3708 3412 autem

2121 3457 2293 3513 sancti
2326 3473 2422 3527 per
2458 3457 2854 3512 inhabitantem
2904 3453 3166 3523 Spiritum
3202 3449 3544 3522 cognoscetis
3599 3461 3706 3512 me,

2120 3563 2276 3604 secus
2305 3562 2470 3618 quam
2501 3545 2598 3617 qui
2627 3546 2888 3602 mundum
2921 3543 3169 3614 diligunt.

2191 3726 2356 3781 Vens.
2378 3726 2468 3782 2i.
2509 3745 2527 3778 ι
2551 3726 2654 3792 Qui
2677 3726 2842 3782 habet
2873 3724 3129 3780 mandata
3151 3736 3290 3785 mea,
3310 3728 3366 3774 et
3393 3727 3575 3774 servat
3604 3732 3666 3773 ea
3690 3734 3703 3770 :

2118 3814 2206 3869 ille
2241 3822 2324 3868 est
2362 3814 2454 3882 qui
2491 3813 2668 3882 diligit
2701 3829 2808 3870 me.
2849 3813 2950 3878 Qui
2998 3820 3178 3866 autem
3221 3808 3394 3878 diligit
3442 3821 3550 3871 me,
3581 3807 3706 3860 dili-

2118 3913 2275 3973 getur
2303 3921 2332 3958 a
2359 3904 2521 3958 Patre
2556 3918 2677 3958 meo
2708 3923 2722 3959 :
2757 3910 2813 3959 et
2847 3917 2950 3972 ego
2978 3901 3194 3971 diligam
3219 3913 3368 3964 eum,
3397 3907 3450 3954 et
3476 3898 3706 3953 manile-

2118 3992 2274 4046 stabo
2305 3991 2353 4045 ei
2384 3991 2676 4059 meipsum.
2708 4009 2726 4042 ι

2190 4081 2417 4147 Quando
2449 4081 2698 4137 Christus
2730 4096 2759 4136 a
2797 4081 3026 4136 mortuis
3067 4085 3462 4143 resurrexerat,
3497 4079 3706 4150 ipsique

2121 4169 2382 4241 Spiritum
2435 4180 2683 4226 sanctum
2717 4177 3060 4238 acceperant,
3105 4176 3472 4239 cognoverunt
3509 4167 3704 4222 Filium

2123 4263 2368 4318 eamdem
2399 4265 2600 4319 habere
2631 4279 2754 4319 cum
2789 4261 2950 4317 Patre
2983 4262 3235 4317 virtutem
3272 4279 3284 4316 :
3323 4261 3587 4330 siquidem
3637 4262 3705 4315 ab

2124 4355 2220 4409 illo
2248 4366 2466 4425 propter
2497 4366 2706 4411 natura:
2748 4356 3082 4410 identitatem
3127 4369 3466 4423 nequaquam
3493 4353 3704 4409 divelli-

434 4435 522 4486 ἀεὶ
540 4435 749 4506 βοηθῶν
772 4441 972 4504 αὐτοῖς.
1011 4443 1153 4511 Ἐγὼ
1174 4444 1285 4516 ζωὴ
1307 4447 1468 4516 φύσει
1491 4451 1773 4521 ὑπάρχων,
1805 4456 2019 4526 συνῆψα

2132 4457 2234 4514 tur,
2271 4449 2402 4516 ipsis
2457 4465 2586 4504 vero
2629 4463 2843 4519 semper
2872 4447 3165 4502 auxiliator
3193 4445 3423 4500 assistit.
3455 4445 3589 4512 Ego,
3625 4446 3707 4498 iu-

435 4528 665 4596 ὲμαυτὺν
684 4532 761 4603 τῷ
791 4534 1154 4605 Πατρὶ,φύσει
1180 4540 1272 4591 καὶ
1304 4539 1451 4610 αὐτῷ
1477 4539 1587 4613 ζωῇ
1616 4544 1729 4598 ὄντι
1755 4562 1770 4580 ν
1802 4549 2016 4620 συνῆψα

435 4620 490 4673 δὲ
515 4624 608 4676 καὶ
631 4625 776 4694 ὑμᾶς
801 4627 878 4696 τῷ
912 4630 1089 4700 Πατρὶ
1117 4631 1205 4684 διὰ
1229 4633 1326 4702 τῆς
1353 4637 1718 4705 συνοικήσεως
1741 4643 1834 4692 τοῦ
1857 4643 2012 4711 ἁγίου

436 4711 788 4803 Πνεύματος,
833 4719 983 4783 θείας
1008 4721 1224 4789 φύσεως
1261 4725 1496 4795 ποιήσας
1530 4728 1694 4797 ὑμᾶς.
1735 4731 1875 4800 Ἐγὼ
1912 4734 2012 4803 μὲν

434 4801 542 4872 γὰρ
568 4806 813 4870 φυσικῶς
861 4810 918 4862 ἐν
951 4811 1126 4880 Πατρὶ
1167 4813 1242 4876 ώς
1276 4815 1487 4886 καρπὸς
1526 4818 1720 4883 αὐτοῦ,
1769 4801 1924 4890 ὑμεῖς
1954 4825 2010 4877 δὲ

434 4893 644 4987 ἐκέ-ἐμοὶ
680 4899 802 4951 καθ’
848 4899 877 4951 ὃ
905 4901 1104 4969 γέγονα
1132 4902 1419 4974 ἄνθρωπος
1442 4947 1456 4972 ,
1493 4909 1587 4962 καὶ
1631 4890 1743 4977 ἐγὼ
1788 4914 1845 4965 ἐν
1884 4914 2013 4987 ὑμῖν

432 4983 520 5038 διὰ
545 4987 644 5056 τῆς
673 4987 766 5040 τοῦ
789 4988 928 5042 Πνεύ
938 5008 1106 5060 ματος
1132 4993 1476 5065 ἐνοικήσεως.

505 5161 664 5215 Μετά
691 5163 786 5234 τὴν
811 5166 1112 5220 ἀνάστασιν
1141 5170 1189 5221 οἱ
1218 5169 1393 5238 ὀρθῶς
1420 5174 1767 5240 πιστεύοντες
1789 5179 2011 5245 τελείως

431 5254 760 5320 γνώσονται·
810 5257 903 5309 νῦν
956 5259 1065 5329 γὰρ
1113 5262 1175 5313 ἐκ
1227 5264 1424 5331 μέρους
1469 5265 1831 5338 γινώσκομεν.
1893 5273 2010 5325 Ὅτι

435 5345 627 5413 ὥσπερ
659 5345 806 5397 ἐστὶν
852 5348 879 5397 6
931 5347 1056 5410 Υἱὸς
1087 5349 1372 5419 ὀμοούσιος
1401 5357 1480 5426 τῷ
1507 5357 1701 5428 Πατρὶ,
1743 5360 1885 5414 οὓτω
1920 5365 2013 5418 καὶ

443 5436 496 5484 ἓν
517 5435 846 5505 ἀμφοτέρων
877 5438 1104 5508 θέλημα.

510 5543 528 5576 ι
582 5527 745 5594 Λέγει
768 5528 916 5596 αὑτῷ
953 5531 1181 5602 Ἰούδας,
1210 5536 1306 5608 οὐχ
1335 5541 1361 5592 6
1398 5540 1770 5616 Ἰσκαριώτης·
1804 5547 1975 5618 Κύριε
1997 5591 2010 5615 ,

498 5701 528 5744 (Ῑ
553 5702 637 5758 CT.
680 5704 799 5757 Λιίιί.
830 5707 1039 5776 χρόνος.

2126 4540 2266 4608 quit,
2299 4557 2422 4596 cum
2451 4543 2553 4596 sim
2586 4557 2615 4594 a
2651 4550 2844 4596 natura
2873 4541 3000 4604 vita,
3024 4537 3274 4607 conjunxi
3305 4552 3389 4592 me
3419 4535 3583 4602 Patri,
3613 4538 3704 4605 qui

2122 4632 2288 4685 etiam
2321 4646 2350 4684 a
2390 4643 2585 4687 natura
2615 4648 2710 4687 sua
2743 4633 2850 4686 vita
2891 4631 3142 4686 exsistit:
3174 4629 3303 4698 quin
3333 4637 3388 4683 et
3418 4643 3512 4683 vos
3559 4627 3703 4681 Patri

2121 4724 2424 4778 coadunavi
2459 4740 2556 4793 per
2583 4724 3042 4779 cobabitationem
3076 4721 3308 4791 Spiritus
3329 4719 3527 4784 sancti,
3571 4719 3706 4773 divi-

2121 4831 2205 4871 nae
2253 4831 2350 4872 vos
2403 4825 2610 4870 naturae
2648 4815 3061 4883 comparticipes
3107 4810 3366 4866 elﬁciens.
3414 4809 3526 4881 Ego
3559 4810 3704 4864 enim

2121 4907 2451 4961 naturaliter
2488 4907 2540 4961 in
2573 4907 2734 4962 Patre
2766 4921 2883 4960 sum
2913 4915 3168 4973 tanquam
3194 4901 3402 4956 fructus
3431 4901 3572 4972 ejus,
3606 4914 3704 4955 vos

2123 5007 2302 5052 autem
2336 4998 2388 5052 in
2422 5013 2508 5053 me
2547 4997 2602 5053 in
2639 5006 2900 5066 quantum
2937 4995 3112 5052 lactus
3138 5007 3256 5048 sum
3287 4993 3480 5057 homo,
3522 4999 3575 5046 et
3603 5006 3706 5060 ego

2123 5089 2178 5143 in
2217 5089 2369 5145 vobis
2410 5104 2505 5159 per
2531 5089 2980 5145 iuhabitationem
3010 5087 3261 5157 Spiritus.

2195 5180 2326 5236 Post
2358 5183 2810 5238 resurrectionem
2857 5183 2950 5252 qui
2985 5189 3132 5236 recte
3159 5179 3426 5241 credunt,
3464 5175 3703 5246 perfecte

2120 5284 2498 5342 cognoscent:
2534 5275 2693 5328 modo
2747 5275 2891 5330 enim
2952 5291 3017 5328 ex
3080 5277 3234 5342 parte
3303 5268 3697 5338 cognoscimus.

2121 5364 2386 5429 Quoniam
2421 5368 2560 5420 sicut
2591 5365 2758 5420 Filius
2789 5376 2874 5420 est
2919 5367 3393 5422 consubstantialis
3427 5364 3592 5429 Patri,
3623 5361 3702 5417 sic

2120 5466 2174 5508 ct
2215 5472 2317 5509 una
2354 5467 2434 5512 est
2468 5460 2752 5528 utriusque
2789 5460 3056 5515 voluntas.

2205 5549 2366 5604 Vnus.
2411 5553 2498 5606 22.
2551 5571 2567 5603 ι
2601 5552 2734 5608 [λῖιὶί
2770 5554 2817 5606 ei
2867 5551 3053 5618 ludus,
3090 5567 3191 5607 non
3243 5552 3328 5608 ille
3371 5549 3699 5610 lscariotes:
