4038 6148
477 193 609 264 1495

471 415 646 473 ctum,
687 428 785 468 nec
817 425 1024 471 tantum
1052 425 1251 478 arescit
1276 426 1485 487 cultura
1515 435 1824 514 destitutus,
1857 455 1950 507 sed
1987 466 2039 511 et

472 499 724 566 moritur,
772 513 827 558 et
857 510 1029 563 ardet.

542 588 703 646 Vens.
756 595 807 648 9.
868 615 888 648 ι
921 598 1072 656 Sicut
1098 603 1283 661 dilexit
1332 626 1419 668 me
1458 615 1641 689 Pater,
1667 634 1721 680 et
1749 643 1848 696 ego
1875 632 2036 692 dilexi

468 694 584 734 vos.
623 681 831 740 Manete
858 686 910 741 in
940 691 1230 753 dilectione
1266 717 1407 759 mea.
1450 727 1468 758 ι

536 769 750 827 Rursus
795 777 1030 837 humano
1082 803 1233 846 more
1267 808 1572 858 sermonem
1625 808 1854 868 instituit
1885 832 1898 870 :
1928 835 2034 876 non

462 860 604 916 enim
663 863 938 935 legislator
969 874 1177 946 legibus
1229 899 1291 941 ac
1348 896 1618 955 mandatis
1667 905 2034 974 subjiciendus

465 963 574 974 Α--.
636 953 789 974 ν’·κγ
1047 967 1062 974 ·

1603 953 1611 955 ,
1668 953 2032 974 _,--,.v.-.......

461 963 598 1008 erat.
636 953 802 1013 Vides
828 967 1098 1029 quomodo
1134 986 1350 1045 semper
1397 983 1468 1037 ob
1513 991 1815 1049 auditorum
1866 1001 2032 1059 imbe-

459 1041 743 1100 cillitatem
776 1051 972 1107 similia
1001 1057 1166 1126 dicat,
1217 1067 1290 1118 uti
1329 1069 1453 1127 hinc
1485 1078 1648 1134 etiam
1700 1091 2026 1150 ostenditur.

459 1132 590 1189 Nam
625 1144 923 1199 secundum
955 1152 1264 1219 opinionem
1297 1161 1505 1221 illorum
1541 1173 1706 1229 multa
1737 1179 1867 1235 dicit
1899 1223 1913 1248 ,
1972 1197 2030 1240 ut

457 1231 708 1285 ostendat
741 1238 963 1294 omnino
1023 1251 1136 1298 tuta
1185 1249 1288 1303 illis
1317 1259 1497 1312 omnia
1534 1261 1668 1330 fore,
1699 1280 1750 1324 et
1782 1273 2030 1335 inimicos

454 1332 641 1374 eorum
667 1325 921 1386 delendos
944 1348 1084 1392 esse.
1113 1340 1348 1400 Observa
1376 1361 1577 1420 autem,
1604 1368 1659 1411 ut
1683 1362 1872 1432 majori
1905 1384 2024 1424 cum

454 1415 783 1472 auctoritate
818 1421 924 1476 illis
955 1426 1226 1497 loquatur.
1261 1436 1378 1492 Non
1414 1445 1556 1498 enim
1595 1447 1733 1506 dixit
1813 1455 2026 1517 Manete

457 1501 844 1567 in'dilectione
869 1515 1065 1585 Patris,
1106 1527 1201 1580 sed
1227 1529 1283 1582 in
1319 1533 1597 1594 dilectione
1629 1561 1761 1599 nica.
1797 1549 2021 1621 Ileinde,

457 1603 520 1621 Μ
571 1593 808 1621 mnum.
891 1605 930 1621 ,ι
1067 1611 1078 1621 .

1581 1593 1584 1594 ν
1797 1593 1820 1601 -
1844 1593 2020 1621 -.......,

454 1603 520 1643 ne
569 1593 852 1656 dicerent:
888 1605 1116 1671 Quando
1164 1631 1262 1671 nos
1291 1622 1452 1679 rebus
1496 1631 1747 1689 omnibus
1799 1641 2020 1707 exuisti,

453 1691 581 1737 tunc
623 1701 719 1742 nos
752 1692 956 1752 deseris
1006 1711 1059 1755 et
1095 1704 1368 1778 discedis;
1399 1714 1640 1775 declarat
1669 1739 1726 1778 se
1758 1743 1860 1782 non
1911 1741 2016 1788 tam
2055 1714 2095 1768 Β

447 1772 721 1847 deserere,
753 1798 913 1851 quam
943 1795 1115 1864 magis
1143 1799 1220 1854 eis
1247 1805 1628 1878 conglutinari,
1656 1821 1812 1874 modo
1831 1822 2015 1892 velint,

545 1871 711 1892 *ΛΨ
775 1879 866 1892 ,

447 1877 504 1920 ut
545 1871 747 1935 palmes
773 1879 886 1934 viti.

507 2239 760 2300 Christus
790 2255 1044 2320 tanquam
1076 2261 1239 2317 totius
1265 2265 1413 2323 orbis
1443 2272 1678 2332 universi
1711 2295 2012 2356 praeceptor

512 2345 536 2356 -
577 2333 680 2356 nn-
820 2342 853 2356 ..
1155 2353 1165 2356 _

438 2328 538 2383 ista
575 2333 682 2390 illis
715 2342 959 2410 tradidit,
1000 2353 1254 2416 quoniam
1287 2356 1506 2416 dilectio
1555 2375 1639 2421 est
1687 2328 2006 2434 cgeterar’um

648 2430 930 2490 virtutum.
995 2439 1308 2502 Mandatum
1366 2451 1482 2522 ejus
1531 2458 1692 2513 etiam
1721 2463 1875 2531 jubet
1911 2485 2009 2527 nos

435 2532 531 2584 pro
565 2524 756 2582 amicis
789 2533 946 2598 mori,
981 2544 1034 2589 et
1060 2529 1180 2607 plus
1215 2556 1376 2610 quam
1407 2554 1772 2624 nosmetipsos
1803 2577 1897 2616 eos
1922 2565 2006 2619 di-

435 2607 620 2680 ligere.
653 2615 720 2670 Et
749 2625 990 2678 ostendit
1014 2629 1316 2689 discessum
1350 2653 1505 2695 suum
1561 2660 1667 2701 non
1703 2651 1849 2716 odii,
1911 2660 2004 2712 sed

427 2706 634 2760 amoris
669 2723 798 2778 ergo
829 2713 967 2770 ﬁeri.
1001 2717 1134 2776 Nam
1164 2740 1262 2793 pro
1296 2731 1468 2798 vobis,
1497 2734 1692 2804 inquit,
1728 2747 1953 2804 morior.

501 2788 667 2850 Vens.
704 2798 792 2856 18.
838 2821 858 2854 ι
890 2803 946 2859 Si
981 2788 1215 2870 mundus
1249 2833 1344 2874 vos
1376 2822 1508 2890 odit,
1544 2788 1736 2884 scitote
1761 2836 1885 2902 quia
1915 2852 2002 2894 me

424 2879 656 2946 priorem
687 2888 836 2944 vobis
866 2895 988 2949 odio
1012 2899 1217 2958 habuit.
1251 2923 1270 2956 ι

501 2969 568 3025 Ut
589 2977 678 3040 qui
707 2979 774 3032 ab
803 2986 1052 3043 omnibus
1075 2993 1199 3048 odio
1224 2996 1456 3059 habendi
1486 3019 1691 3079 essent,
1723 3029 2000 3074 commen-

1447 3058 1452 3059 ,
1493 3058 1691 3079 --__---,
1725 3058 1998 3074 νυ......ν..-

423 3058 513 3112 dat
553 3061 662 3118 illis
711 3080 955 3128 mutuum
1001 3093 1262 3140 amorem.
1316 3088 1373 3145 Si
1419 3099 1652 3155 mundus
1699 3119 1794 3160 vos
1845 3111 1994 3177 odit,
2026 3058 2069 3116 ϐ

490 3539 647 3596 Vsus.
693 3545 786 3601 20.
835 3569 854 3601 ι
882 3550 999 3608 Νοιι
1039 3567 1123 3612 est
1166 3576 1356 3621 servus
1393 3572 1564 3640 major
1608 3577 1826 3639 domino
1863 3602 1981 3645 suo.

410 3629 466 3682 Si
497 3647 580 3686 me
605 3643 872 3703 persecuti
916 3657 1065 3712 sunt,
1096 3661 1150 3706 et
1179 3669 1273 3710 vos
1307 3672 1701 3732 persequentur
1731 3691 1746 3727 :
1775 3676 1820 3730 si
1868 3694 1984 3735 ser-

409 3737 619 3779 nionem
653 3744 830 3786 meum
863 3750 1234 3813 servaverunt,
1263 3760 1317 3804 ει
1346 3765 1581 3812 vestrum

476 3814 531 3868 Si
562 3832 662 3888 ego
685 3837 783 3890 pro
814 3830 990 3885 servis
1025 3835 1149 3891 talia
1196 3844 1455 3912 sustinui,
1483 3856 1700 3921 quando
1729 3875 1847 3926 vos,
1887 3866 1979 3934 qui

1443 3908 1449 3912 ,
1501 3908 1512 3921 _
1677 3908 1692 3910 ι.
1741 3908 1847 3926 .--,
1888 3908 1979 3934 .,...

401 3908 541 3961 servi
588 3913 739 3976 estis,
777 3918 900 3972 talia
951 3938 1046 3990 pro
1079 3926 1307 3988 Domino
1355 3941 1709 4015 sustinebitis,
1749 3967 1852 4006 non
1888 3957 1979 4011 de-

402 3995 411 4015 l
448 3999 528 4015 -n'-
754 4006 774 4015 ⁸⁵
948 4011 975 4015 ﬁ

1540 3995 1709 4015 _,.__--,
1888 3995 1976 4011 ι...-

400 3995 536 4052 betis
571 4017 715 4070 aegre
750 4006 912 4064 ferre.
942 4011 998 4068 Si
1031 4034 1239 4077 mecum
1273 4028 1467 4085 similia
1500 4039 1771 4109 patimini,
1808 4049 1976 4104 nolite

396 4091 713 4146 conturbari
768 4117 778 4150 :
831 4101 911 4150 sic
963 4107 1048 4150 eni

1168 4175 1179 4180 _
1421 4175 1426 4176 γ
1502 4175 1633 4182 ,__‘.'
1683 4175 1967 4206 r...uulyba

397 4175 560 4238 lietis,
587 4191 642 4233 et
661 4185 726 4236 ad
759 4185 1015 4248 honorem
1041 4201 1256 4266 quidem
1284 4211 1435 4265 vobis
1466 4213 1568 4271 hoc
1590 4223 1764 4289 cedet,
1791 4229 1884 4282 sed
1915 4230 1967 4284 in

397 4281 476 4289 ...η
509 4277 553 4289 ιι-
594 4268 682 4289 Π-·

393 4281 477 4316 me
505 4277 558 4319 et
591 4268 806 4328 Patrem
835 4295 1011 4337 meum
1037 4297 1362 4350 contumelia
1399 4303 1684 4362 redundat.

463 4355 625 4413 Vens.
661 4363 752 4418 22.
800 4387 819 4420 ι
851 4370 1004 4428 Nunc
1034 4391 1214 4435 autem
1264 4397 1675 4454 excusationem
1713 4419 1820 4461 non
1866 4410 1964 4465 ha-
1995 4413 2042 4468 D

387 4450 512 4500 bent
544 4453 609 4506 de
637 4469 858 4522 peccato
885 4478 1003 4521 suo.
1039 4487 1059 4520 ι

451 4537 618 4608 Nihil,
654 4546 847 4617 inquit,
897 4558 1056 4615 omisi
1092 4575 1276 4622 eorum
1308 4585 1429 4640 qua:
1453 4575 1656 4638 Judaeis
1695 4590 1960 4656 prodesse

382 4645 624 4700 possent,
657 4641 772 4696 sive
803 4644 854 4698 in
874 4651 1072 4720 verbis,
1107 4658 1222 4714 sive
1237 4666 1516 4737 operibus,
1545 4689 1774 4744 quorum
1805 4687 1956 4740 simi-

380 4727 444 4775 lia
477 4741 634 4783 nemo
662 4733 794 4789 vidit
826 4753 1084 4811 unquam.

989 4874 1139 4940 CAP.
1182 4888 1322 4947 XVI.

454 5000 609 5060 Vens.
644 5007 696 5060 1.
745 5028 764 5061 ι
795 5010 919 5070 llaec
940 5015 1152 5078 locutus
1183 5041 1302 5082 sum
1323 5034 1495 5103 vobis,
1517 5049 1576 5093 ut
1597 5059 1701 5099 non
1724 5054 1953 5109 scanda-

368 5088 623 5150 lizetuini.
661 5116 681 5150 ι

435 5541 574 5597 iCr.
609 5549 806 5606 αὑτῶν.
889 5556 909 5610 1
952 5559 1045 5615 Cr.
1078 5568 1278 5626 πάντα.
1353 5575 1377 5612 ιι
1409 5577 1498 5629 Cr.
1541 5580 1701 5652 ὑπέρ,
1787 5586 1802 5626 1
1839 5590 1928 5645 (ζει,
1998 5598 2014 5650 ς

435 5612 657 5670 οιοῦσιν.
692 5621 825 5670 ἁλὶά
847 5626 915 5670 δι’
942 5632 1077 5670 in”:
1106 5639 1194 5670 νηι
1230 5641 1320 5670 ,λη
1346 5644 1557 5670 ιπηιη
1598 5652 1655 5670 ..ο
1703 5657 1749 5670 ...

2107 5601 2329 5662 δὸεἶσθε.

391 5612 657 5681 ποιοῦσιν,
692 5621 825 5676 am
847 5626 915 5682 δι’
942 5612 1320 5701 magis.
1346 5612 1568 5717 Ιιᾶξέροῖ
1586 5612 1915 5724 Exegisti

1609 237 1939 308 ΑΜΜΟΝΙΙ
1975 255 2503 332 ALEXANDRINI

543 316 642 381 Qui
677 316 883 378 otiosus
916 331 997 379 est
1023 363 1038 390 ,
1079 330 1364 399 exciditur,
1404 353 1502 394 nec
1532 347 1762 415 amplius
1792 353 1897 412 fert
1919 358 2038 417 fru-
2068 375 2113 429 Α

2075 4153 2150 4223 μὴ
2203 4154 2506 4227 θορυδῆσθε
2540 4159 2584 4198 ι’
2625 4164 2767 4218 οὕτω
2817 4168 2926 4239 γὰρ
2977 4171 3194 4236 γίνεσθε
3248 4178 3498 4229 κοινωνοὶ
3538 4176 3646 4228 τῶν

2075 4244 2219 4280 sun...
2256 4249 2595 4280 -..n.....c-....
2666 4259 2755 4280 --.Α
2801 4261 2932 4280 με-
3072 4263 3084 4280 .
3222 4267 3235 4280 .
3327 4269 3340 4280 .
3397 4271 3421 4280 -
3557 4270 3579 4280 -

2068 4244 2219 4314 ἐμῶν
2256 4249 2595 4320 παθημάτων
2619 4295 2634 4318 ,
2666 4259 2761 4310 καὶ
2795 4261 2934 4330 πρὸς
2965 4263 3130 4334 τιμὴν
3178 4267 3277 4335 μὲν
3318 4269 3450 4338 ὑμῖν
3493 4270 3646 4324 τοῦτο

2067 4337 2333 4402 ποιοῦσιν,
2358 4342 2493 4395 ἀλλά
2522 4345 2591 4397 δι’
2619 4348 2755 4416 ἐμοῦ
2781 4353 2861 4413 είς
2887 4352 2980 4407 τὸν
3013 4356 3236 4428 Πατέρα
3264 4337 3548 4431 ὑϐρίζουσι
3579 4374 3642 4416 ιη.

2225 374 2280 426 '0
2328 379 2498 450 ἀργὸς
2537 386 2894 460 ἐκκόπτεται,
2932 397 3026 451 καὶ
3053 397 3234 455 οὐκέτι
3268 411 3627 479 καρποφορεῖ·
3658 413 3715 464 οὐ

2143 467 2302 534 μόνον
2347 472 2662 545 ξηραίνεται
2699 486 2897 556 μηκέτι
2942 467 3381 566 γεωργούμενος,
3441 467 3576 555 ἀλλά
3624 505 3716 557 καὶ

2137 561 2492 637 ἀποθνήσκει,
2519 574 2610 626 καὶ
2633 577 2869 637 καίεται.

2214 671 2233 705 ι
2271 657 2470 724 Καθὼς
2514 664 2773 738 ὴγάπησέ
2809 689 2876 743 με
2909 677 2937 728 6
2971 677 3196 749 Πατὴρ,
3250 680 3408 750 κάγὼ
3454 683 3713 757 ἠγάπησα

2138 748 2302 816 ὑμᾶς.
2337 753 2576 810 Μείνατε
2607 762 2664 813 ὲν
2697 767 2760 833 τῇ
2796 767 2985 841 ἀγάπῃ
3014 773 3077 841 τῇ
3114 748 3243 843 ἐμῇ.
3285 792 3303 824 ι

2209 843 2377 898 Πάλιν
2403 848 2758 920 ἀνθρωπίνως
2784 861 2810 911 ό
2843 860 3000 929 λόγος
3027 865 3292 935 πρόεισιν’
3324 867 3386 920 οὐ
3409 867 3520 941 γὰρ
3543 871 3708 940 δήπου

2135 935 2162 985 6
2183 935 2480 1008 νομοθέτης
2513 941 2615 995 ὑπὸ
2639 941 2860 1012 ἐντολάς
2888 950 3080 1021 ἔμελλε
3123 935 3427 1013 κείσεσθαι.
3442 935 3607 1031 ’ὁρᾷς
3629 963 3708 1014 ὅτι

2132 1023 2220 1077 ἀεὶ
2257 1025 2404 1095 λέγει
2450 1030 2537 1086 διὰ
2584 1034 2682 1106 τὴν
2729 1039 2836 1092 τῶν
2887 1043 3255 1114 ἀκροωμένων
3309 1023 3601 1104 ἀσθένειάν
3643 1054 3708 1105 τὰ

2131 1117 2389 1184 τοιαῦτα,
2421 1123 2581 1178 τοῦτο
2608 1127 2665 1180 δὲ
2699 1130 2794 1183 καὶ
2827 1133 3061 1189 ἐνταῦθα
3089 1137 3367 1194 δείκνυται
3387 1158 3401 1172 ο
3438 1144 3576 1214 πρὸς
3601 1147 3705 1216 γάρ

2129 1209 2229 1278 τὴν
2259 1211 2516 1267 ὑπόνοιαν
2543 1218 2722 1272 αὐτῶν
2751 1222 2820 1276 τὰ
2852 1227 3022 1280 πολλὰ
3061 1228 3244 1298 λέγει,
3289 1234 3383 1285 καὶ
3413 1209 3501 1287 διά
3532 1209 3704 1289 πάντα

2130 1297 2362 1355 δεικνύει
2395 1308 2452 1357 ὲν
2475 1307 2744 1381 ἀσφαλείᾳ
2775 1312 2954 1378 όντας,
2990 1319 3084 1371 καὶ
3113 1297 3240 1385 τοὺς
3267 1323 3495 1394 ἐχθροὺς
3529 1327 3704 1379 αὐτῶν

2129 1391 2557 1463 ἀπολλυμένους.
2585 1402 2787 1456 Σκόπει
2811 1405 2868 1458 δὲ
2905 1408 3069 1462 αὑτὸν
3106 1391 3573 1488 αὐθεντικωτερον
3614 1418 3704 1472 λα-

2127 1482 2390 1554 λούμενον
2418 1491 2622 1555 αὐτοῖς.
2652 1498 2726 1548 Οὐ
2758 1498 2866 1568 γὰρ
2894 1496 3036 1567 εἷπε,
3070 1504 3307 1558 Μείνατε
3339 1509 3397 1560 ὲν
3423 1482 3488 1579 τῇ
3516 1512 3700 1582 ἀγάπῃ

2127 1576 2220 1630 τοῦ
2241 1579 2472 1650 Πατρὸς,
2499 1583 2658 1647 ἀλλὰ,
2685 1588 2756 1640 ἐν
2783 1589 2857 1658 τῇ
2879 1593 3014 1660 ἐμῇ.
3041 1592 3194 1658 Εἶτα,
3231 1597 3316 1650 ἵνα
3349 1600 3422 1668 μὴ
3448 1576 3696 1667 λέγωσιν,

2127 1669 2256 1722 Ὅτε
2287 1674 2452 1725 πᾶσιν
2493 1677 2642 1746 ἡμᾶς
2668 1681 3078 1756 ἐξεπολέμησας
3104 1729 3117 1753 ,
3142 1691 3263 1743 τότε
3295 1693 3446 1761 ἡμᾶς
3471 1694 3698 1766 ἀφ[ι]εἵς

2126 1761 2218 1813 καὶ
2246 1763 2568 1835 ἀναχωρεῖςο
2586 1769 2859 1827 δείκνυσιν
2886 1776 2966 1829 ὅτι
2988 1779 3090 1832 οὐκ
3120 1781 3366 1853 ἀφίησιν,
3388 1784 3501 1838 ἀλλ’
3525 1786 3696 1852 οὕτως

2123 1851 2309 1917 αὐτοῖς
2359 1860 2711 1932 κεκόλληται,
2761 1866 2858 1920 ἐὰν
2908 1867 3158 1940 θέλωσιν,
3201 1851 3277 1937 ὠνς
3315 1875 3376 1928 τὸ
3409 1876 3598 1948 κλῆμα
3628 1882 3689 1950 τῇ

2119 1944 2369 2017 ἀμπέλῳ.

2194 2056 2212 2088 ι
2249 2039 2488 2104 Μείζονα
2511 2045 2715 2118 ταύτης
2742 2050 2964 2124 ἀγάπην
2992 2054 3172 2118 οὐδεὶς
3200 2056 3314 2127 ἔχει
3332 2099 3349 2126 ,
3377 2060 3465 2114 ἴνα
3490 2079 3574 2126 τις
3599 2062 3690 2134 τὴν

2190 2127 2291 2201 χὴν
2313 2132 2480 2188 αὑτοῦ
2506 2134 2571 2208 θῇ
2596 2139 2736 2212 ὑπὲρ
2766 2143 2874 2197 τῶν
2905 2146 3074 2215 φίλων
3098 2149 3288 2205 αὑτοῦ.
3319 2170 3339 2203 ι

2193 2304 2282 2369 Ὠς
2305 2305 2624 2377 διδάσκαλος
2647 2314 2748 2385 τῆς
2769 2317 3096 2392 οἰκουμένης
3115 2324 3487 2394 παραδίδωσιν
3510 2328 3689 2392 αὐτοῖς

2110 2394 2284 2450 ταῦτα
2323 2402 2351 2452 6
2381 2403 2650 2473 Χριστὸς,
2686 2409 2767 2462 ὅτι
2798 2412 2831 2481 ἡ
2873 2413 3063 2485 ἀγάπη
3102 2417 3405 2484 κεφάλαιόν
3434 2419 3550 2473 ἐστι
3582 2420 3685 2473 τῶν

2108 2490 2344 2560 ἀρετῶν.
2382 2493 2446 2546 Ἦ
2485 2497 2675 2568 ἐντολὴ
2709 2500 2876 2554 αὑτοῦ
2921 2504 2983 2556 τὸ
3025 2506 3539 2581 ὑπεραποθνήσκειν
3583 2512 3684 2565 τῶν

2109 2579 2300 2646 φίλων,
2338 2584 2431 2636 καὶ
2458 2585 2520 2638 τὸ
2569 2588 2709 2659 ὑπὲρ
2748 2591 2941 2646 ἑαυτὸν
2977 2596 2994 2635 ἱ
3042 2596 3266 2668 ἀγαπᾷν
3301 2579 3430 2665 τους
3475 2602 3679 2668 φίλους.

2106 2669 2356 2724 Δείκνυσι
2399 2673 2453 2725 δὲ
2483 2674 2566 2727 ὅτι
2597 2677 2630 2745 ή
2665 2678 3016 2752 ἀναχώρησις
3050 2686 3218 2740 αὑτοῦ
3240 2689 3342 2742 οὐκ
3370 2685 3438 2760 ἦν
3466 2693 3676 2761 μίσους,

2103 2759 2220 2812 ἀλλ’
2249 2761 2490 2832 ἀγάπης.
2531 2765 2703 2838 ’Υπὲρ
2727 2770 2837 2842 γὰρ
2862 2773 3016 2843 ὑμῶν
3038 2759 3403 2850 ἀποθνήσκω,
3425 2759 3608 2853 φήσιν.

2179 2870 2198 2903 ι
2223 2853 2286 2906 Ei
2313 2855 2341 2907 6
2364 2855 2566 2927 κόσμος
2593 2859 2736 2930 ὑμᾶς
2769 2866 2938 2933 μισεῖ,
2967 2867 3268 2936 γινώσκετε
3291 2873 3374 2927 ὅτι
3400 2876 3499 2944 ἐμὲ
3529 2876 3676 2947 πρῶ-

2102 2961 2193 2997 τον
2221 2945 2377 3015 ὑμῶν
2407 2951 2734 3022 μεμίσηκεν.
2777 2974 2797 3007 ›

2188 3037 2276 3101 Ὠς
2317 3041 2621 3109 μελλόντων
2663 3049 2938 3115 μισεῖσθαι
2983 3052 3134 3124 παρὰ
3175 3057 3422 3124 πάντων,
3459 3077 3672 3130 παραγ·

2100 3127 2277 3197 γέλλει
2301 3132 2483 3196 αὐτοῖς
2513 3136 2732 3209 ἀγαπᾷν
2761 3140 3046 3211 ἀλλήλους,
3077 3146 3142 3198 Εἰ
3171 3148 3376 3218 κόσμος
3405 3127 3551 3218 ὑμᾶς
3575 3169 3668 3220 μι-

1955 3201 1997 3255 Ῐ⁶
2097 3221 2200 3281 σεί,
2232 3221 2300 3274 δι’
2326 3224 2425 3292 ἐμὲ
2450 3201 2608 3280 τοῦτο
2629 3201 2893 3300 πάσχετε,
2914 3201 3099 3307 διὸ-μὴ
3125 3201 3355 3306 ἀλγεῖτε,
3375 3241 3449 3310 μὴ
3474 3240 3659 3309 δυσχε-

1917 3290 1994 3344 ίο·
2095 3290 2368 3381 ραίνετεο-
2400 3317 2460 3369 οὐ
2513 3319 2621 3390 γάρ
2670 3290 2793 3375 ἐστέ
2843 3290 2944 3392 μου
2985 3290 3277 3398 κρείττους.
3331 3290 3392 3382 Ei
3437 3290 3657 3434 έφίλουν

1924 3383 1992 3434 tis
2094 3401 2238 3434 nuz-
2282 3404 2329 3434 ..ι
2362 3410 2584 3434 --.ηαδ
2678 3411 2701 3434 ιο
2741 3414 2844 3434 1--
2938 3418 2952 3434 ε
3059 3419 3071 3434 .
3276 3419 3300 3434 .
3338 3420 3355 3434 ς
3444 3421 3456 3434 .

2094 3401 2238 3470 ὑμᾶς
2282 3404 2331 3456 οἱ
2362 3410 2622 3478 πονηροὶ,
2675 3411 2702 3464 ὅ
2736 3414 2885 3470 ἐστιν
2929 3418 2958 3470 ό
3008 3419 3246 3490 κόσμος,
3273 3419 3516 3492 δηλονότι
3562 3418 3660 3476 καὶ

2089 3491 2246 3562 ὑμεῖς
2276 3498 2504 3567 πονηροὶ
2532 3495 2652 3572 ἦτε.

2167 3620 2186 3654 ι
2223 3603 2336 3658 Οὐκ
2382 3606 2497 3661 ἔστι
2544 3611 2729 3676 δοῦλος
2772 3616 2974 3686 μείζων
3005 3620 3100 3674 τοῦ
3132 3622 3324 3694 κυρίου
3378 3625 3564 3679 αὑτοῦ.
3603 3628 3658 3680 ΕΞ

2083 3692 2184 3762 ἐμὲ
2217 3695 2462 3761 ἐδίωξαν,
2495 3703 2587 3754 και
2627 3704 2770 3774 ὑμᾶς
2797 3709 3114 3777 διώξουσινι
3163 3692 3217 3768 ει
3244 3717 3334 3771 τὸν
3365 3719 3525 3787 λόγον
3558 3739 3650 3791 μου

1608 3768 1922 3827 servabunt.
1956 3793 1975 3826 ι
2081 3783 2377 3856 ἐτήρησαν,
2409 3791 2503 3844 καὶ
2530 3793 2622 3848 τὸν
2654 3768 2926 3870 ύμέτερον.
2950 3807 3308 3876 τηρήσουσιν.
3351 3829 3367 3862 ι

1608 3856 1700 3908 Nlo
1729 3875 1846 3908 vos-
1887 3866 1978 3908 ηιιί
2151 3878 2210 3908 m
2254 3881 2361 3908 ιη).
2407 3885 2542 3908 ,μμ
2595 3891 2700 3908 --.
2750 3892 2773 3908 ε.
2820 3893 2858 3908 μ
3069 3897 3096 3908 ...
3193 3897 3204 3908 .
3250 3900 3273 3908 _
3364 3905 3367 3908 .

2079 3968 2291 4037 ύμεῖςοί
2318 3973 2493 4030 δοῦλοι
2519 3980 2646 4049 περὶ
2669 3981 2695 4020 Ιί
2718 3982 2810 4036 τοῦ
2833 3988 3105 4043 Δεσπότου
3119 3991 3369 4062 πάσχητε
3390 3995 3646 4064 τάὄμοια,

2074 4061 2173 4113 οὑκ
2197 4062 2439 4130 ὀφείλετε
2463 4068 2674 4139 βαρέως
2694 4074 2900 4144 φέρειν.
2930 4078 2994 4131 Εἰ
3013 4079 3080 4131 τὰ
3101 4061 3264 4149 ὅμοιά
3291 4061 3394 4151 μου
3422 4061 3645 4153 πάθητε,

2376 4157 2504 4188 :5.“-
2541 4159 2584 4188 1.
2628 4164 2763 4188 Δεῖ-1.
2818 4168 2921 4188 --l,-
2980 4171 3035 4188 ιιι
3137 4173 3162 4188 Λ
3476 4178 3487 4188 ι
3582 4176 3606 4188 η

2144 4449 2162 4480 ι
2200 4431 2313 4485 Νῦν
2348 4434 2406 4486 δὲ
2439 4438 2714 4507 πρόφασιν
2745 4443 2846 4496 οὐκ
2876 4443 3058 4516 έχουσι
3088 4452 3339 4522 περὶτῆς
3367 4455 3643 4526 ἁμαρτίας

2062 4519 2260 4574 αὐτῶν.
2307 4541 2325 4573 ι

2130 4612 2316 4678 Οὐδὲν,
2351 4619 2538 4687 φησὶν,
2584 4623 2891 4694 παρέλειψα
2920 4629 3031 4684 τῶν
3070 4635 3152 4696 είς
3191 4634 3461 4703 ὠφέλειαν
3502 4638 3638 4690 Ἰουο

2054 4699 2218 4754 δαίων
2262 4711 2676 4779 συντεινόντων,
2708 4717 2811 4769 οὐκ
2848 4721 2906 4772 ὲν
2943 4720 3153 4791 λόγοις,
3188 4699 3290 4779 οὐκ
3329 4729 3388 4782 ὲν
3419 4727 3599 4798 ἔργοις
3617 4769 3634 4795 υ

2053 4784 2128 4844 ὧν
2167 4796 2290 4865 μηδ’
2317 4793 2457 4852 εῑδέν
2485 4819 2570 4864 τις
2597 4805 2779 4875 ὅμοια.

2642 4945 2890 5001 ΚΕΦΑΛ.
2920 4947 3038 5006 IG”.

2124 5081 2144 5114 ι
2183 5065 2369 5124 Ταῦτα
2401 5070 2676 5146 λελάληκα
2703 5078 2852 5150 ὑμῖν,
2887 5082 2973 5136 ἵνα
3007 5085 3084 5157 μὴ
3115 5089 3562 5164 σκανδαλισθῆτε.
3597 5114 3619 5150 ι

2113 5241 2338 5310 Νευρῶν
2366 5250 2560 5317 αὐτοὺς
2591 5255 2728 5327 πρὸς
2750 5261 2878 5324 τοὺς
2899 5264 3177 5332 κινδύνους
3199 5272 3619 5343 προδιαγγέλλει

2137 5333 2368 5402 ἐσόμενα
2393 5341 2650 5416 δυσχερῆ.
2685 5349 2956 5425 Τοσαύτη,
2989 5357 3177 5427 φησὶν,
3204 5333 3359 5416 ἔσται
3377 5333 3421 5435 ή-
3447 5333 3616 5436 μανία

2119 5441 2144 5473 ν
2171 5425 2316 5496 ὑμᾶς
2350 5432 2796 5510 ἀποκτεινόντων,
2835 5447 2897 5499 ού
2934 5425 3095 5517 μόνον
3143 5425 3410 5511 Ἰουδαίων
3429 5425 3461 5525 ,’
3477 5463 3614 5517 άλλά

2446 5624 2485 5653 ιιι
2513 5613 2604 5671 Cr.
2649 5621 2709 5673 ΕΞ
2747 5625 2832 5677 καὶ
2877 5628 3012 5698 πρὸς
3073 5633 3214 5705 ἐμὴν
3244 5633 3403 5708 ὕϐριν
3445 5639 3607 5697 τοῦτο
