4038 6148
350 289 481 357 1-497

1406 293 1872 358 FRAGMENTA
1928 291 2011 354 1N
2051 291 2113 353 S.
2152 289 2532 353 JOANNEM.

3488 281 3624 349 1498

348 413 445 465 και
478 409 709 466 ἐθνικῶν
748 412 847 467 καὶ
884 411 1204 484 αίρετικῶν,
1235 413 1320 469 δτι
1354 413 1612 485 λατρείας
1643 408 1905 481 θεοφιλοῦι

2031 407 2413 464 haereticorum
2462 403 2712 475 vesania,
2761 410 2824 460 ut
2870 414 2967 462 vos
3011 401 3333 469 occidendo,
3375 403 3619 473 putaturi

349 504 579 576 δύναμιν
608 500 748 559 εἶναι
781 506 1064 578 νομίζουσι
1101 506 1165 560 τὸ
1194 506 1396 577 σφάξαι
1427 507 1593 578 ὑμᾶς.

426 617 446 650 ι
509 596 669 650 me
702 597 877 652 ταῦτα
911 599 1185 669 λελάληκα
1229 600 1358 671 ὑμῖν
1377 638 1394 664 ,
1427 600 1514 653 ἵνα
1560 600 1691 653 ὅταν
1733 597 1864 670 ἔλθῃ
1893 597 1927 669 ή

348 690 486 762 ὥρα,
526 692 905 762 μνημονεύητε
934 694 1136 762 αὐτῶν,
1165 695 1248 748 ὅτι
1281 693 1391 762 ἐγὼ
1422 689 1577 748 εἶπον
1606 694 1756 765 ὑμῖν.
1799 710 1819 744 ι

418 868 520 922 Διά
549 869 609 923 τὸ
634 872 836 939 γνῶναι
851 873 997 942 ὑμᾶς
1019 873 1121 941 (ὅτι
1141 872 1218 936 ὡς
1244 873 1402 941 φύσει
1421 873 1555 937 Θεὸς
1575 869 1692 927 οἴδα
1714 872 1925 944 πάντα)

350 965 603 1032 προλέγω
625 966 693 1018 τά
719 966 973 1035 ἐσόμενα,
995 968 1090 1019 καὶ
1113 967 1200 1018 ἵνα
1222 967 1554 1036 πιστεύσητε
1581 967 1663 1020 ὃτι
1689 967 1926 1036 δύναμαι

348 1054 493 1123 ὑμᾶς
524 1054 886 1122 ἐλευθερῶσαι
922 1056 1030 1108 τῶν
1061 1056 1416 1125 ἐπαγομένων
1448 1057 1576 1127 ὑμῖν
1606 1057 1891 1112 κινδύνων.

422 1162 439 1194 ι
492 1145 616 1197 Ἐἀν
653 1146 762 1215 γὰρ
804 1147 878 1217 μὴ
915 1148 1155 1214 ἀπέλθω,
1188 1151 1217 1202 ό
1252 1149 1611 1220 Παράκλητοςη
1640 1149 1742 1203 οὐκ
1769 1147 1925 1201 ἐλεύ-

347 1252 497 1288 σεται
528 1237 666 1307 πρὺς
697 1239 863 1306 ὑμᾶς.
904 1257 923 1290 ι

426 1327 551 1378 Ἐὰν
585 1328 657 1397 μὴ
699 1329 880 1393 πάθω,
918 1329 1021 1383 οὐκ
1052 1330 1311 1402 ἐπιφοιτᾷ
1340 1332 1469 1401 ὑμῖν
1491 1333 1552 1386 τὸ
1577 1331 1804 1403 Πνεῦμα
1823 1370 1837 1397 ,
1862 1333 1923 1385 τὸ

342 1418 527 1488 πάσης
558 1420 760 1483 δόσεως
784 1422 999 1493 ἀγαθῆς
1018 1423 1214 1476 αἴτιον.
1237 1422 1459 1497 [Cum]

416 1547 436 1579 ι
501 1529 612 1584 Καὶ
669 1532 840 1586 ὲλθὼν
889 1534 1095 1597 ἐκεῖνος
1144 1534 1353 1603 ἐλέγξει
1400 1536 1490 1591 τὸν
1538 1538 1742 1608 κόσμον
1792 1537 1922 1608 περὶ

340 1621 636 1693 ἁμαρτίας,
665 1624 914 1696 καὶπερὶ
936 1625 1307 1696 δικαιοσύνης.
1334 1627 1429 1680 καὶ
1458 1629 1586 1699 περὶ
1608 1629 1862 1700 κρίσεως.
1892 1647 1912 1680 ι

409 1716 660 1816 νΡοραύτη
689 1718 835 1771 ἐστὶν
862 1718 895 1789 ἠ
917 1718 1147 1788 δύναμις
1166 1719 1269 1788 τῆς
1290 1719 1385 1773 τοῦ
1407 1721 1566 1788 ἁγίου
1595 1721 1738 1775 Πνεύ
1748 1739 1917 1792 ματος
1947 1758 1992 1816 Β

334 1805 588 1873 καθόδου,
621 1809 705 1861 ὅτι
738 1809 860 1862 τότε
892 1810 1339 1881 φανερωθήσεται
1368 1814 1401 1882 ἠ
1431 1812 1541 1865 τῶν
1573 1814 1653 1876 είς
1677 1813 1779 1883 ἐμὲ
1811 1831 1913 1866 πε-

332 1898 810 1969 πλημμεληκότων
857 1902 1122 1972 ἁμαρτία.
1172 1902 1327 1956 Ὀσοι
1382 1903 1439 1956 δὲ
1481 1903 1621 1974 μετά
1663 1905 1766 1975 τὴν
1815 1902 1912 1957 τοῦ

330 1990 491 2058 ἁγίου
532 1990 853 2061 Πνεύματος
898 1992 1125 2047 κάθοδον
1162 1994 1262 2048 οὐκ
1309 1995 1639 2050 ἐπίστευσαν
1688 1997 1771 2060 είς
1817 1995 1912 2049 τὸν

328 2081 599 2150 Χριστὸν,
641 2081 864 2153 ἔμειναν
914 2085 973 2137 έν
1026 2087 1149 2148 ταῖς
1196 2086 1406 2139 ἑαυτῶν
1454 2086 1771 2159 ἁμαρτίαις.
1819 2086 1910 2152 Ὧς

328 2174 652 2243 ἁμαρτωλὸς
702 2170 797 2228 οὖν
826 2176 1253 2247 κατακρίνεται,
1284 2179 1312 2231 ὁ
1361 2178 1435 2248 μὴ
1480 2177 1779 2241 πιστεύσας
1828 2179 1910 2241 είς

326 2264 489 2318 αὐτὸν
533 2265 624 2319 τὸν
671 2267 1093 2338 ἀναμάρτητον
1133 2268 1210 2332 ὡς
1252 2269 1512 2337 ἀδόκιμος
1539 2279 1591 2333 ιι,
1623 2271 1653 2323 ὁ
1693 2272 1768 2341 μὴ
1816 2288 1908 2324 πι-

328 2356 561 2420 στεύσας
593 2359 672 2421 είς
698 2359 790 2413 τὸν
815 2359 1046 2422 δίκαιον,
1076 2361 1169 2413 τὸν
1199 2360 1287 2413 διά
1310 2361 1410 2431 τὴν
1437 2361 1783 2433 δικαιοσύνην
1805 2362 1905 2416 αὐ-

321 2447 418 2500 τοῦ
449 2449 829 2520 ἀναληφθέντα
858 2453 940 2514 είς
973 2452 1260 2523 οὐρανοὺς,
1297 2454 1394 2507 καὶ
1429 2453 1613 2524 ἀφανῆ
1643 2455 1905 2524 γεγονότα

320 2542 435 2601 τοῖς
461 2540 788 2611 ἀνθρώποις·
816 2542 893 2605 ὡς
920 2542 1183 2614 ῥᾴθυμος,
1210 2545 1291 2598 ὅτι
1322 2546 1790 2612 κατακλασθέντος
1807 2546 1903 2601 τοῦ

321 2631 562 2697 Σατανᾶ,
595 2632 719 2685 οὔτε
750 2634 926 2699 οὕτως
959 2637 1126 2690 αὐτὸν
1154 2638 1431 2710 ἠθέλησαν
1457 2647 1484 2677 ο
1516 2640 1758 2712 νικῆσαι.

396 2761 416 2795 ι
454 2744 592 2814 Περὶ
618 2745 676 2798 δὲ
708 2748 966 2819 κρίσεως,
997 2751 1080 2804 ὅτι
1100 2752 1129 2804 ὁ
1152 2750 1336 2825 ἄρχων
1358 2754 1453 2808 τοῦ
1481 2755 1689 2826 κόσμου
1710 2757 1898 2814 τούτου

320 2835 590 2906 κέκριται.
633 2856 652 2888 ι

390 2925 710 2998 Κατεκρίθη
755 2925 833 2990 ὡς
860 2927 1193 2996 ἀποκτείνας
1220 2931 1310 2986 διά
1340 2932 1450 2989 τῶν
1502 2937 1772 2993 Ἰουδαίων
1809 2938 1901 2994 τὸν

208 3033 228 3046 κ
317 3015 554 3085 Χριστὸν
585 3018 971 3089 ἀναμάρτητον
1010 3021 1159 3087 ὄντα,
1195 3024 1382 3097 ἐπειδὴ
1426 3031 1901 3101 προφασιζόμενος

2032 500 2143 555 sint
2175 513 2237 554 se
2276 496 2400 569 Deo
2427 504 2642 568 gratum
2674 495 2997 565 obsequium
3027 494 3309 551 exhibere.

2108 589 2266 645 Vsus.
2298 591 2352 645 4.
2399 607 2419 640 ι
2450 587 2557 643 Sed
2599 590 2713 644 haec
2738 588 2949 642 loculus
2982 601 3101 640 sum
3134 585 3285 639 vobis
3317 600 3330 638 :
3357 590 3437 650 ut,
3492 598 3614 638 cum

2029 684 2242 737 venerit
2277 682 2436 748 hora,
2465 696 2658 736 eorum
2705 677 3163 745 reminiscamini,
3213 676 3339 746 quia
3368 689 3468 745 ego
3500 674 3614 729 dixi

2029 778 2205 832 vobis.
2239 795 2259 827 ι

2112 867 2247 934 Quia
2285 881 2380 921 vos
2408 865 2533 919 novi
2570 863 2793 935 (quippe
2828 871 2889 917 ιιι
2926 874 3120 917 natura
3157 862 3298 916 Deus
3333 862 3457 916 novi
3487 876 3609 915 om-

2030 960 2138 1028 nia)
2169 958 2402 1027 praedico
2438 955 2643 1023 futura,
2676 964 2731 1009 et
2759 967 2817 1008 ut
2847 954 3086 1009 credulis
3115 955 3239 1022 quia
3278 969 3373 1007 vos
3402 968 3470 1006 ex
3493 967 3612 1006 om-

2029 1050 2189 1103 nibus
2220 1049 2476 1116 periculis
2503 1048 2920 1102 inminentibus
2952 1047 3104 1100 valeo
3143 1044 3396 1102 liberare.
3451 1105 3456 1111 _

2094 1140 2259 1195 Vens.
2295 1140 2349 1197 7.
2391 1159 2410 1191 ι
2445 1139 2501 1193 Si
2539 1139 2682 1194 enim
2736 1156 2841 1194 non
2890 1140 3099 1205 abiero,
3148 1132 3457 1193 Paraclitus
3501 1151 3608 1192 non

2024 1234 2207 1288 veniet
2237 1234 2302 1287 ad
2336 1246 2452 1287 vos.
2484 1249 2505 1283 ι

2097 1323 2207 1377 Nisi
2256 1339 2449 1393 passus
2485 1324 2665 1389 fuero,
2720 1337 2825 1376 non
2872 1321 3053 1376 veniet
3096 1321 3150 1376 in
3200 1335 3295 1376 vos
3344 1319 3606 1390 Spiritus,

2024 1415 2206 1471 clunis
2236 1416 2361 1470 doni
2393 1415 2520 1470 boni
2551 1414 2901 1486 principium.

2091 1526 2258 1583 Vsus.
2300 1527 2355 1582 8.
2403 1546 2423 1579 ι
2451 1527 2516 1581 Et
2541 1542 2663 1581 cum
2692 1525 2905 1580 venerit
2954 1523 3066 1591 ille,
3102 1532 3293 1594 arguet
3337 1523 3604 1596 mundum

2022 1620 2091 1676 de
2119 1630 2363 1690 peccato,
2396 1629 2453 1675 et
2477 1621 2544 1674 de
2569 1619 2802 1686 justitia,
2834 1627 2888 1673 et
2913 1618 2982 1672 de
3006 1615 3231 1684 judicio.
3269 1636 3290 1670 ι

2096 1712 2271 1768 Tanta
2297 1714 2380 1768 vis
2423 1721 2507 1767 est
2536 1714 2833 1767 descensus
2863 1710 3102 1780 Spiritus
3147 1709 3344 1773 sancti,
3386 1717 3444 1763 ut
3472 1716 3604 1764 tunc

2017 1807 2391 1877 appariturum
2423 1804 2496 1860 sit
2521 1818 2712 1859 eorum
2746 1804 2840 1873 qui
2878 1803 2931 1856 in
2970 1816 3057 1857 me
3080 1811 3379 1871 peccarunt
3410 1814 3604 1869 pecca-

2015 1907 2152 1952 tum.
2180 1896 2504 1966 Quicunque
2529 1905 2712 1950 autem
2744 1903 2871 1965 post
2903 1892 3139 1963 Spiritus
3168 1891 3340 1947 sancti
3377 1890 3600 1945 descen-

2011 2004 2133 2045 sum
2164 1993 2219 2043 in
2243 1988 2522 2044 Christum
2562 2002 2669 2042 non
2717 1984 3093 2052 crediderunt,
3120 1984 3176 2038 in
3213 1984 3454 2053 peccatis
3483 1981 3599 2037 suis

2011 2090 2450 2154 perseverarunt.
2472 2079 2753 2149 Tanquam
2774 2089 3032 2148 peccator
3053 2078 3238 2146 itaque
3260 2075 3597 2129 condemna-

2011 2186 2120 2239 tur,
2155 2176 2247 2244 qui
2278 2189 2383 2227 non
2422 2171 2602 2227 credit
2638 2172 2693 2226 in
2719 2171 3001 2226 Christum
3026 2167 3233 2237 peccati
3265 2174 3545 2235 expertem
3578 2181 3595 2219 ;

2010 2273 2265 2334 tanquam
2320 2264 2559 2332 iniquus,
2609 2262 2700 2331 qui
2745 2276 2851 2315 non
2895 2261 3074 2314 credit
3123 2259 3177 2313 in
3217 2257 3447 2326 justum,
3497 2256 3590 2326 qui

2007 2366 2232 2427 propter
2253 2354 2525 2423 justitiam
2551 2366 2708 2408 suam
2737 2351 2793 2405 in
2823 2350 2992 2405 caelos
3024 2349 3292 2415 ascendit,
3334 2357 3390 2403 et
3419 2346 3594 2402 homi-

2006 2448 2168 2503 nibus
2195 2445 2372 2500 l‘actus
2415 2454 2497 2500 est
2536 2441 2986 2512 inaspectabilis:
3021 2450 3279 2510 tanquam
3322 2454 3511 2494 socors
3533 2448 3592 2493 et

2005 2542 2177 2611 piger,
2204 2540 2295 2610 qui
2324 2539 2585 2594 Satanam
2613 2537 2695 2593 sic
2731 2522 3031 2591 contritum
3060 2547 3226 2603 atque
3252 2531 3589 2588 confractum

2004 2633 2178 2688 noluit
2210 2630 2497 2702 superare.

2074 2745 2242 2801 Vsus.
2275 2747 2363 2800 ll.
2411 2762 2431 2797 ι
2461 2745 2536 2798 De
2555 2741 2766 2814 judicio
2807 2751 3011 2807 autem,
3047 2738 3175 2810 quia
3200 2738 3456 2809 princeps
3488 2737 3590 2792 hu-

1997 2835 2088 2906 jus
2123 2838 2305 2892 mundi
2331 2836 2442 2904 jam
2467 2834 2741 2903 judicatus
2766 2840 2871 2887 est.
2904 2848 2924 2883 ι

1990 2932 1998 2965 ι
2070 2926 2478 2983 Condemnatus
2508 2934 2612 2988 est,
2648 2933 2708 2977 ut
2734 2924 2824 2993 qui
2851 2922 3127 2978 Christum
3158 2920 3364 2990 peccati
3388 2934 3586 2989 exper-

2003 3027 2112 3071 tem
2136 3032 2234 3086 per
2256 3015 2472 3071 Judaeos
2495 3013 2783 3078 occiderit,
2808 3011 3249 3082 quandoquidem
3273 3009 3585 3064 excusando

317 3105 525 3174 ἔλεγεν,
562 3108 646 3161 ὅτι
680 3109 929 3180 ’Δδάμοὺ
951 3111 1016 3164 δι’
1035 3114 1134 3183 ἐμὲ
1160 3114 1452 3180 ἀπέθανεν,
1478 3118 1594 3171 ἀλλ’
1612 3120 1693 3173 ὅτι
1716 3120 1898 3191 ἦμαρ.

2006 3108 2492 3163 dixeritAdamum
2530 3120 2635 3159 non
2681 3104 2766 3158 sui
2800 3118 2989 3168 causa,
3040 3102 3133 3157 sed
3161 3101 3287 3171 quia
3320 3115 3584 3170 peccave-

313 3213 425 3250 τεν.
470 3197 690 3270 Ἐπειδὴ
721 3199 780 3252 δὲ
813 3200 952 3269 μετά
977 3200 1039 3254 τὸ
1067 3203 1258 3271 πάθος,
1289 3205 1377 3259 διά
1404 3206 1500 3259 τοῦ
1531 3208 1689 3276 ἀγίου
1722 3210 1897 3263 Ilvati-

319 3302 488 3355 ματος
507 3286 758 3354 ἐγένοντο
783 3289 838 3341 αἱ
866 3290 1057 3356 ίάσεις,
1081 3292 1172 3345 διὰ
1191 3293 1295 3348 τῶν
1315 3296 1660 3367 πραγμάτων
1685 3297 1897 3353 δείκνυ-

313 3393 404 3431 ται
425 3377 516 3431 τοῦ
543 3377 794 3432 διαϐόλου
822 3381 855 3451 ή
886 3381 1204 3447 κατάλυσις.

387 3509 407 3542 ι
451 3491 620 3545 Ὅταν
649 3493 706 3546 δὲ
731 3493 860 3566 ἔλθῃ
884 3496 1111 3561 ἐκεῖνος,
1140 3496 1202 3550 τὸ
1229 3497 1456 3571 Πνεῦμα
1484 3501 1587 3573 τῆς
1609 3503 1890 3575 ἀληθείας,

310 3579 567 3651 ὁδηγήσει
595 3581 739 3653 ὑμᾶς
772 3584 852 3646 εἰς
886 3586 1065 3638 πᾶσαν
1095 3584 1192 3656 τὴν
1221 3587 1500 3657 ἀλήθειαν.
1542 3609 1563 3642 ι

382 3672 553 3727 Ὅταν
571 3675 632 3727 τὸ
657 3675 883 3746 Πνεῦμα
907 3675 1096 3749 διδάξῃ
1118 3679 1285 3748 ὑμᾶς,
1317 3682 1438 3734 τότε
1462 3681 1757 3753 δυνήσεσθε
1781 3686 1891 3739 τῶν

309 3764 550 3833 νομικῶν
578 3767 886 3837 ἀποστῆναι
915 3769 1126 3835 τύπων,
1154 3771 1251 3823 καὶ
1284 3772 1384 3844 τὴν
1409 3775 1469 3826 ὲν
1499 3775 1771 3847 πνεύματι
1798 3777 1891 3830 καὶ

309 3855 535 3927 ἀληθείᾳ
566 3857 796 3927 ποιῆσαι
826 3858 1102 3930 λατρείαν.
1268 3926 1275 3931 _

384 3964 403 3996 ι
454 3945 689 4010 Ἐκεῖνος
720 3948 822 4018 ἐμὲ
851 3948 1087 4017 δοξάσει,
1118 3952 1202 4006 ὅτι
1232 3953 1298 4006 ὲκ
1336 3953 1432 4007 τοῦ
1466 3954 1600 4027 ἐμοῦ
1632 3954 1886 4027 λήψεται,

307 4034 403 4088 καὶ
430 4035 721 4106 ἀναγγελεῖ
748 4038 895 4108 ὑμῖν.
940 4057 960 4091 ι

376 4147 450 4202 Τὸ
484 4149 709 4221 Πνεῦμα
740 4150 982 4205 διδάσκει
1028 4151 1159 4215 τοὺς
1200 4151 1525 4225 ἀνθρώπους
1557 4155 1625 4208 τὰ
1659 4156 1759 4227 τῆς
1790 4157 1885 4212 τοῦ

305 4239 441 4293 Θεοῦ
488 4241 741 4312 θεότητος
789 4243 884 4296 καὶ
937 4243 1134 4312 δόξης,
1170 4244 1264 4298 καὶ
1317 4246 1419 4315 τῆς
1470 4247 1610 4318 πρὸς
1661 4249 1884 4321 Πατέρα

307 4331 574 4399 ἰσότητος,
599 4332 719 4385 ἀντὶ
748 4330 869 4397 τοῦ,
896 4331 1119 4402 Συνῳδά
1142 4351 1232 4403 μοι
1259 4333 1435 4390 λαλεῖ.
1467 4337 1542 4391 Οὐ
1573 4337 1682 4408 γὰρ
1708 4339 1884 4404 ἐνδεὲς

2001 3208 2102 3260 rat,
2134 3207 2406 3251 mortuum
2440 3210 2582 3251 esse.
2611 3196 2746 3251 Cum
2783 3206 2964 3250 autem
2998 3204 3117 3265 post
3150 3193 3456 3265 passionem
3488 3209 3584 3263 per

1999 3286 2260 3357 Spiritum
2292 3296 2541 3341 sanctum
2577 3286 2886 3340 curationes
2914 3285 3066 3339 facta:
3089 3286 3220 3348 sint,
3247 3284 3408 3339 rebus
3440 3284 3573 3354 ipsis

1994 3377 2302 3434 ostenditur
2327 3376 2602 3432 diabolum
2631 3390 2753 3431 esse
2785 3387 3127 3431 enervatum.

2064 3491 2232 3547 Vsus.
2286 3491 2375 3548 15.
2433 3491 2615 3547 «Cum
2668 3501 2849 3546 autem
2890 3472 3106 3545 venerit
3155 3488 3285 3555 ille,
3340 3486 3576 3558 Spiritus

1994 3585 2264 3652 veritatis,
2293 3587 2508 3640 docebit
2538 3600 2636 3640 vos
2668 3601 2886 3642 omnem
2910 3584 3222 3639 veritatem.
3256 3600 3276 3635 ι

2062 3676 2288 3741 Quando
2333 3675 2571 3745 Spiritus
2617 3691 2712 3731 vos
2754 3677 2991 3741 erudiet,
3039 3685 3168 3731 tunc
3209 3673 3460 3745 poteritis
3506 3671 3575 3727 ab

1993 3768 2201 3821 umbris
2237 3776 2292 3820 et
2321 3767 2508 3835 ﬁguris
2548 3767 2810 3835 legalibus
2844 3768 3139 3832 abstinere,
3173 3774 3337 3835 atque
3373 3766 3427 3820 in
3461 3764 3575 3836 spi-

1991 3856 2102 3911 ritu
2132 3871 2197 3910 ac
2220 3858 2453 3911 veritate
2482 3857 2651 3912 Deum
2678 3858 2931 3911 adorare.

2064 3949 2226 4005 Vens.
2280 3948 2368 4002 l4.
2415 3966 2434 4000 ι
2463 3947 2557 4001 llle
2609 3961 2696 4001 me
2743 3947 3060 4002 clarificabit
3103 3965 3117 4003 :
3160 3948 3287 4018 quia
3334 3948 3402 4002 de
3450 3962 3573 4003 meo

1988 4040 2240 4110 accipiet,
2270 4049 2323 4094 et
2347 4037 2693 4093 annuntiabit
2722 4038 2900 4092 vobis.
2933 4055 2954 4089 ι

2058 4152 2299 4222 Spiritus
2323 4152 2481 4208 docet
2510 4151 2758 4206 homines
2784 4166 2847 4206 ea
2884 4166 3003 4221 quae
3033 4151 3100 4206 ad
3133 4152 3471 4207 divinitatem
3503 4166 3571 4206 ac

1987 4246 2220 4317 gloriam
2254 4245 2375 4314 Dei,
2402 4255 2458 4301 et
2488 4248 2555 4300 ad
2595 4242 2773 4299 Patris
2815 4244 3177 4314 aequalitatem
3209 4252 3476 4313 spectant,
3514 4243 3566 4299 id
3674 4308 3675 4311 η

1985 4348 2087 4405 εει,
2138 4339 2409 4394 consentit
2460 4352 2697 4393 mecum.
2742 4336 2953 4390 Nullius
3007 4336 3152 4391 enim
3205 4338 3415 4406 indigus
3459 4345 3560 4400 est,

303 4421 365 4473 τὸ
388 4421 631 4493 Πνεῦμα·
661 4420 1028 4477 ἰδιοσύστατον
1047 4424 1155 4496 γὰρ
1177 4424 1235 4478 ὃν
1263 4425 1338 4489 ὡς
1363 4427 1650 4498 όμοούσιον
1671 4430 1882 4501 Πατρὸς

2006 4448 2111 4487 :um
2152 4447 2249 4502 per
2274 4448 2332 4486 se
2364 4431 2654 4496 subsistat,
2682 4439 2738 4485 et
2765 4429 3004 4499 ejusdem
3040 4429 3111 4483 sit
3138 4443 3260 4483 cum
3284 4427 3445 4482 Patre
3470 4425 3565 4482 Fi-

304 4513 399 4566 καὶ
432 4513 564 4567 Υἱοῦ
584 4553 599 4579 ,
636 4514 814 4568 πάντα
841 4510 949 4568 οἶδε
984 4516 1080 4569 καὶ
1125 4516 1298 4587 ίσχύει
1327 4518 1423 4582 ἀφ’
1450 4520 1646 4574 ἑαυτοῦ
1678 4525 1878 4581 ποιεῖν.

380 4710 397 4743 ι
433 4690 679 4763 Μικρὸν,
712 4691 807 4746 καὶ
836 4692 897 4746 ού
932 4691 1191 4764 θεωρεῖτέ
1227 4711 1314 4765 με.
1357 4714 1376 4747 ι

374 4784 490 4837 Ἵνα
526 4783 601 4854 μὴ
626 4783 843 4855 λυπήσῃ
862 4785 988 4848 τοὺς
1012 4784 1282 4857 μαθητὰς,
1304 4787 1405 4840 οὐκ
1427 4780 1601 4855 εἷπεν,
1622 4789 1703 4843 ὅτι
1719 4790 1880 4844 Ἀπο-

302 4877 540 4947 θνήσκω,
571 4875 728 4940 ἀλλὰ,
759 4877 841 4929 Οὐ
876 4876 1142 4944 θεωρεῖτέ
1170 4895 1266 4947 με.

379 4987 397 5018 ι
434 4965 605 5019 Τοῦτο
641 4964 693 5018 τί
721 4966 870 5019 ὲστιν
897 4964 926 5018 ὃ
961 4964 1109 5036 λέγει
1136 4967 1220 5034 τὸ,
1255 4968 1506 5041 Μικρόν;
1541 4968 1642 5024 οὐκ
1660 4970 1879 5042 οἴδαμεν

297 5057 350 5111 τί
381 5056 552 5112 λαλεῖ,
595 5074 614 5108 ι

380 5150 516 5203 Ὑπὸ
566 5151 670 5221 τῆς
708 5150 884 5219 λύπης
928 5147 1028 5201 οὐκ
1077 5147 1281 5214 ἐνόουν,
1321 5150 1416 5203 καὶ
1441 5152 1523 5205 ὅτι
1568 5152 1669 5223 μὲν
1710 5153 1877 5227 ἀπῄει

296 5240 493 5311 ᾔδεσαν
513 5282 528 5307 ,
562 5241 680 5304 πῶς
713 5240 770 5294 δὲ
809 5237 930 5309 ἥξει
959 5237 1059 5290 οὐκ
1089 5237 1308 5309 ⁴ᾔδεσαν.
1347 5241 1604 5311 Ἠγνόουν
1632 5245 1741 5318 γὰρ
1776 5248 1878 5319 τὴν

298 5332 594 5388 ἀνάστασιν
627 5332 734 5404 πρὸ
761 5331 862 5401 τῆς
890 5328 1190 5392 ἐκϐάσεως.

373 5530 389 5561 ι
446 5511 631 5563 Ταῦτα
663 5510 720 5562 ὲν
760 5508 1084 5581 παροιμίαις
1121 5509 1390 5584 λελάληκα
1434 5519 1581 5589 ὑμῖν.
1611 5522 1871 5596 Ἔρχεται

365 5698 392 5727 n
419 5687 511 5745 (ir.
546 5684 752 5747 ἄδικος.
829 5682 852 5709 °
878 5685 968 5742 Cr.
998 5688 1249 5759 ἠθέλησε.

1987 4522 2172 4592 lioque
2212 4524 2558 4588 substantiae,
2604 4531 2768 4590 atque
2799 4520 2981 4576 omnia
3014 4535 3110 4591 per
3148 4535 3207 4575 se
3237 4520 3340 4574 scit
3375 4532 3439 4574 ac
3467 4534 3562 4590 po-

1982 4624 2089 4670 test
2120 4615 2325 4669 facere.

2057 4706 2222 4761 Vens.
2253 4705 2343 4760 16.
2387 4721 2407 4755 ι
2438 4703 2732 4771 Modicum,
2766 4702 2955 4774 etiam
2983 4717 3090 4757 non
3121 4701 3372 4756 videbitis
3395 4717 3501 4757 me.
3534 4720 3555 4755 ι

2057 4795 2137 4852 Ne
2165 4794 2460 4864 discipulos
2484 4796 2853 4860 contristaret,
2873 4808 2979 4850 non
2998 4793 3169 4849 dixit:
3198 4791 3420 4860 Morior,
3439 4794 3556 4861 sed,

1983 4888 2036 4944 Ν
2042 4906 2110 4943 οη
2141 4886 2383 4943 videbitis
2409 4902 2511 4940 me.

2058 4979 2221 5035 Vsus.
2257 4978 2346 5033 18.
2394 4996 2415 5030 ι
2445 4976 2585 5044 Quid
2619 4986 2704 5033 est
2742 4977 2868 5046 hoc,
2894 4979 3037 5049 quod
3065 4978 3217 5045 dicit,
3245 4977 3559 5033 Modicum?

1980 5068 2254 5123 nescimus
2284 5066 2411 5135 quid
2445 5066 2704 5134 loquitur.
2743 5085 2762 5119 ι

2052 5160 2171 5215 Prae
2197 5160 2343 5213 luctu
2379 5172 2487 5212 non
2520 5142 2915 5230 intelligebant.
2942 5159 3008 5213 Et
3041 5158 3299 5228 quoiam
3331 5159 3549 5228 quidem

1976 5252 2155 5308 abiret
2185 5261 2469 5319 noverant,
2500 5252 2773 5322 quomodo
2803 5265 2933 5306 vero
2974 5250 3176 5304 rediret
3203 5251 3546 5320 ignorabant.

1974 5342 2299 5399 Nesciebant
2335 5343 2479 5397 enim
2513 5342 2807 5413 quidquam
2854 5341 2920 5395 de
2967 5341 3364 5395 resurrectione
3400 5349 3550 5394 ante-

1972 5451 2133 5507 quam
2164 5436 2524 5507 contingeret.

2044 5527 2215 5583 Vsns.
2246 5526 2338 5583 25.
2383 5545 2401 5579 ι
2438 5526 2563 5582 Ηωε
2616 5528 2669 5581 in
2701 5523 3002 5596 proverbiis
3033 5522 3245 5580 locutus
3286 5539 3404 5581 sum
3451 5536 3543 5579 vo-
