4038 6148
508 333 528 384 ι
546 319 642 383 t3)

1649 317 1989 380 ΑΜΜΟΝΙΙ
2032 319 2564 384 ALEXANDRINI

3670 302 3765 366 ιλ(
3780 303 3815 368 0

504 440 610 495 bis.
649 434 821 494 Venit
849 436 1006 505 liora,
1037 451 1160 492 cum
1195 433 1308 504 jam
1343 449 1452 488 non
1495 434 1547 489 in
1585 432 1890 505 proverbiis
1915 436 2100 507 loquar

2207 435 2343 510 ὥρα,
2375 439 2466 492 ὅτε
2506 433 2696 490 οὐκέτι
2733 433 2793 486 tv
2845 443 3172 502 παρδιμιαις
3209 423 3437 496 λαλήσω
3477 422 3641 493 ὑμῖν,
3681 421 3822 475 ἀλλὰ

511 531 686 598 vobis,
713 530 807 587 sed
833 527 1010 598 palam
1040 527 1106 580 de
1131 523 1296 580 Patre
1320 526 1656 582 annuntiabo
1684 527 1860 583 vobis.
1898 545 1918 579 ι

578 621 736 677 Sicut
755 621 809 674 in
843 617 1149 689 proverbiis
1178 626 1232 672 et
1271 631 1366 686 per
1397 619 1962 673 acconnnodationem
1986 619 2100 674 haec

508 715 641 769 dicit
679 711 964 774 Christus,
1013 724 1118 764 non
1165 709 1312 763 enim
1364 719 1594 779 possunt
1631 713 1696 765 ad
1745 711 1969 766 verbum
2005 725 2102 766 ac-

506 804 612 872 cipi
647 820 662 856 :
695 804 784 855 ille
821 800 961 869 petit
1002 810 1058 854 et
1096 800 1297 869 accipit
1327 799 1591 870 quiutilia
1617 803 1685 856 ad
1709 800 2098 872 perfectionem

505 893 702 948 animus
747 897 904 960 petit.
1698 947 1711 960 ο

577 983 712 1038 Cum
759 985 1066 1052 creveritis,
1113 994 1242 1041 tunc
1285 985 1513 1055 gloriam
1547 982 1727 1038 Patris
1756 981 1910 1038 vobis
1953 995 2098 1038 reve.

509 1077 680 1131 tabo:
719 1084 840 1144 post
888 1078 1342 1132 resurrectionem
1375 1076 1523 1130 clare
1565 1077 1720 1130 vobis
1765 1075 1946 1129 dicam
1977 1089 2100 1145 quae

505 1175 636 1222 sunt
663 1165 864 1219 Patris.
897 1165 970 1220 De
994 1181 1230 1236 quanam
1263 1169 1395 1222 hora
1419 1165 1551 1220 dicit
1584 1185 1598 1220 :
1641 1163 1792 1219 Venit
1818 1167 1953 1219 hora
1979 1182 2098 1220 cum

498 1260 616 1329 jam
657 1273 761 1312 non
807 1257 864 1310 in
896 1259 1184 1325 proverbiis
1228 1257 1420 1327 loquar
1445 1257 1608 1321 vobis,
1654 1265 1799 1323 elc.;
1839 1257 1906 1312 de
1958 1265 2096 1311 tem-

509 1364 645 1421 pore
679 1348 1105 1404 resurrectionis
1132 1349 1288 1404 dicit.
1335 1348 1470 1403 Nam
1514 1347 1872 1419 quadraginta
1909 1349 2099 1405 diebus

509 1440 837 1495 versabatur
876 1439 1312 1509 loquebaturque
1342 1456 1466 1496 cum
1503 1439 1634 1506 illis,
1673 1454 2010 1495 convesceus
2039 1450 2096 1495 et

508 1548 789 1603 exponens
817 1549 880 1589 ea
906 1547 1025 1603 quae
1047 1534 1114 1588 ad
1141 1549 1368 1604 regnum
1398 1533 1494 1588 Dei
1523 1534 1818 1603 pertinent.
1847 1533 2097 1600 Quando,

514 1626 713 1696 inquit,
750 1638 928 1681 vestra
962 1629 1027 1681 de
1058 1641 1144 1680 me
1179 1626 1318 1682 ﬁdes
1351 1627 1564 1682 firmior
1592 1629 1718 1693 erit,
1753 1626 1879 1682 Non
1905 1629 2098 1699 rogabo

515 1718 734 1772 Patrem
763 1733 858 1787 pro
905 1719 1048 1772 vobis
1066 1734 1086 1784 ,'
1127 1719 1239 1787 ipse
1271 1719 1410 1772 enim
1436 1717 1602 1772 Pater
1625 1719 1800 1789 diligit
1847 1735 1956 1786 vos,
1987 1729 2095 1775 etc.

2203 531 2491 602 παρρησίᾳ
2525 530 2654 599 περὶ
2684 526 2781 581 τοῦ
2816 523 3030 594 [lu-:96;
3059 519 3350 589 ἀναγγελῶ
3374 519 3529 586 ὑμῖν.
3567 535 3588 570 s

2287 620 2380 684 Ὠς
2406 620 2516 692 γὰρ
2547 622 2605 674 ὲν
2638 617 2963 690 παροιμίαις
2995 612 3145 666 λαλεῖ
3173 611 3347 666 ταῦτα
3379 612 3410 663 ὁ
3435 610 3712 679 Χριστὸς,
3739 610 3814 672 ὥς

2203 712 2562 784 παρακατιὼν
2588 711 2768 781 λέγει·
2818 709 2879 764 οὐ
2915 708 3026 780 γὰρ
3052 706 3278 762 δύναται
3301 701 3449 758 κατά
3474 701 3542 756 τὸ
3568 704 3813 774 γράμμα

2203 805 2472 858 νοεῖσθαι·
2497 805 2704 867 ἐκεῖνος
2729 803 2785 857 δὲ
2811 802 2953 856 αἰτεῖ
2977 800 3072 854 καὶ
3101 796 3375 864 λαμϐάνει
3396 797 3426 849 ὁ
3449 795 3522 850 τά
3544 795 3812 866 λυσιτελῆ

2201 896 2371 950 αίτῶν
2403 896 2541 965 πρὸς
2573 895 2853 966 βελτίωσιν
2883 893 3086 962 ψυχῆς.
3120 891 3346 963 [ειμι]

2276 987 2447 1042 Ὅταν
2478 986 2814 1058 προκόψητε,
2846 986 2970 1039 τότε
3003 982 3382 1038 ἀποκαλύπτει)
3406 981 3437 1033 ὑ
3448 982 3542 1052 μίν
3575 981 3685 1052 τὴν
3717 979 3808 1034 τοῦ

2203 1080 2418 1151 Πατρὸς
2445 1079 2626 1145 δόξαν·
2665 1077 2806 1149 μετά
2833 1077 2932 1149 τὴν
2964 1076 3266 1131 ἀνάστασιν
3297 1073 3488 1142 σαφῶς
3519 1073 3666 1142 ὑμῖν
3700 1072 3810 1141 ἐρῶ

2199 1175 2270 1228 τά
2294 1176 2310 1196 ⁵
2341 1175 2472 1243 περὶ
2506 1171 2601 1224 τοῦ
2646 1171 2882 1241 Πατρός.
2922 1169 3059 1240 Περὶ
3089 1167 3250 1230 ποίας
3293 1166 3445 1237 ὥρας
3497 1165 3683 1233 λέγει,
3729 1167 3808 1218 ὅτι

2207 1267 2486 1336 Ἔρχεται
2514 1264 2656 1334 ὥρα,
2689 1263 2788 1317 ὅτε
2821 1260 3025 1317 οὐκέτι
3058 1261 3131 1314 ἐν
3161 1260 3505 1328 παροιμίαις
3547 1256 3809 1323 λαλήσω

2199 1357 2364 1428 ὑμῖν,
2383 1359 2476 1414 καὶ
2498 1357 2567 1411 τὰ
2587 1355 2714 1425 ἑξῆς
2730 1372 2745 1421 ;
2759 1354 2865 1408 Τδν
2887 1355 2990 1425 τῆς
3008 1354 3367 1415 ἀναστάσεως
3384 1349 3556 1404 αὐτοῦ
3585 1350 3809 1420 χρόνον·

2201 1453 2296 1506 καὶ⁵
2322 1451 2432 1522 γάρ
2459 1449 2553 1504 ἐπὶ
2585 1448 3000 1520 τεσσαράκοντα
3035 1446 3254 1517 ἡμέρας
3289 1445 3386 1497 σὺν
3431 1444 3627 1506 αὺτοῖς
3649 1445 3690 1465 ⁸·
3735 1442 3809 1495 δι-

2203 1541 2420 1612 ελέχθη,
2452 1540 2909 1610 συναυλιζόμενος
2935 1539 3034 1593 καὶ
3053 1537 3230 1606 λέγων
3249 1536 3318 1590 τά
3347 1535 3476 1606 περὶ
3504 1534 3620 1605 τῆς
3652 1533 3804 1605 βασι-

2201 1635 2352 1700 λείας
2390 1635 2483 1689 τοῦ
2509 1631 2646 1688 Θεοῦ
2678 1633 2814 1704 (14).
2849 1633 2960 1685 Καὶ
2987 1630 3179 1701 ἐπειδὴ
3204 1668 3220 1694 ,
3247 1628 3381 1700 φησι
3406 1669 3420 1694 ,
3452 1627 3560 1697 τὴν
3592 1630 3678 1690 εἰς
3710 1626 3802 1695 ἐμὲ

2203 1727 2387 1781 πίστιν
2427 1723 2657 1796 βεϐαίαν
2711 1723 2902 1790 ἕξετε,
2936 1724 3059 1775 Οὐκ
3091 1719 3372 1788 ἐρωτήσω
3421 1716 3532 1771 τὸν
3573 1716 3803 1784 Πατέρα

512 1810 721 1866 Suﬂicit
752 1821 932 1866 vestra
977 1811 1034 1866 in
1081 1825 1168 1864 me
1199 1809 1420 1865 dilectio
1452 1811 1519 1865 ad
1549 1811 1936 1880 patrocinium.
1965 1809 2100 1866 Cum

2207 1815 2343 1884 περὶ
2369 1813 2555 1884 ὑμῶν·
2584 1813 2769 1879 αὐτὸς
2794 1811 2906 1882 γὰρ
2927 1813 2959 1864 ό
2983 1809 3188 1878 Πατὴρ
3217 1807 3385 1878 φιλεῖ
3402 1805 3588 1876 ὑμᾶς,
3613 1807 3712 1860 καὶ
3741 1805 3804 1857 τὰ

518 1914 703 1961 autem
737 1920 848 1960 non
879 1919 1072 1975 parum
1121 1918 1217 1959 eos
1266 1903 1642 1958 consolaretur
1671 1905 1818 1974 quod
1852 1903 2102 1959 audirent

513 1997 663 2053 illum
701 2013 736 2051 ιι
784 1997 944 2051 Patre
984 1997 1204 2052 cxivisse
1250 2005 1299 2051 et
1334 1997 1519 2050 eodem
1551 1997 1744 2063 redire,
1783 1995 2102 2067 frequenter

514 2088 607 2143 illa
638 2097 850 2143 versat.
886 2087 1003 2144 Hoc
1046 2089 1282 2144 maxime
1320 2087 1428 2143 illis
1475 2089 1673 2143 bonam
1705 2102 1855 2157 spem
1885 2086 2098 2155 indidit,

509 2177 657 2250 quod
689 2178 940 2234 audirent
960 2177 1172 2234 futuros
1200 2194 1260 2234 se
1284 2177 1433 2233 Patri
1464 2179 1692 2235 amicos.
1718 2177 1844 2236 Ideo
1875 2180 2097 2236 dicunt:

516 2266 675 2322 Nunc
717 2269 913 2322 scimus
961 2269 1087 2339 quia
1133 2267 1272 2323 nosti
1303 2269 1507 2334 omnia,
1552 2279 1601 2324 et
1650 2285 1684 2322 ιι
1731 2268 1838 2323 Deo
1889 2269 2102 2326 existi:

508 2360 666 2430 quasi
696 2360 943 2416 dicerent
973 2376 987 2413 :
1017 2362 1326 2429 Antequam
1373 2359 1590 2425 audias,
1636 2361 1789 2417 vides
1841 2369 1904 2416 ut
1955 2361 2101 2418 Deus

507 2452 642 2521 quid
693 2467 792 2507 nos
837 2452 1118 2521 perturbet
1165 2460 1220 2505 et
1279 2465 1378 2507 nos
1415 2452 1700 2508 recreasti.
1746 2451 1882 2508 Tam
1921 2453 2100 2510 rudes

514 2544 692 2600 adhuc
735 2553 910 2600 erant.
956 2543 1024 2599 Et
1057 2558 1182 2598 cum
1218 2557 1318 2598 ceu
1355 2545 1562 2612 gratias
1607 2551 1834 2615 agentes
1868 2545 1988 2602 haec
2016 2545 2099 2601 di-

514 2650 638 2690 cere
671 2635 1007 2700 viderentur,
1053 2634 1132 2690 ait
1161 2633 1306 2690 illis:
1335 2633 1498 2689 Modo
1523 2637 1773 2691 creditis?
1802 2634 1941 2692 Ecce
1962 2639 2099 2693 venit

514 2728 646 2784 hora
695 2739 747 2783 et
793 2745 932 2783 nunc
981 2737 1079 2794 est,
1132 2739 1188 2782 ut
1227 2729 1606 2798 dispergamini
1646 2732 2005 2802 unusquisque
2046 2733 2102 2786 in

511 2820 730 2891 propria
763 2828 811 2873 et
853 2836 934 2874 me
973 2818 1143 2874 solum
1176 2818 1515 2889 relinquatis,
1546 2829 1653 2874 etc.
1688 2819 1825 2875 Cum
1858 2821 2103 2876 dicerent

515 2911 675 2966 Nunc
707 2913 928 2975 scimus,
949 2912 1192 2968 mtendit
1223 2913 1361 2968 nihil
1382 2913 1558 2974 adhuc
1589 2914 1658 2966 ab
1690 2912 1796 2966 illis
1826 2927 1946 2969 esse
1975 2928 2098 2982 per-

513 3002 740 3058 fectum.
780 3001 938 3058 Nunc
965 3003 1133 3074 igitur
1157 3020 1243 3059 me
1267 3004 1502 3059 inimicis
1533 3003 1778 3072 tradetis,
1812 3005 2012 3074 inquit,
2047 3014 2101 3061 et

516 3102 665 3147 tanta
695 3109 792 3149 vos
843 3095 1064 3150 invadet
1096 3095 1354 3162 formido,
1397 3107 1455 3150 ut
1484 3110 1664 3166 neque
1706 3097 1866 3151 simul
1909 3098 2100 3153 absce-

512 3186 643 3240 dere
678 3185 917 3254 possitis.
952 3187 1058 3242 Sed
1088 3187 1223 3242 nihil
1254 3187 1380 3240 liine
1409 3201 1511 3256 ego
1537 3187 1720 3240 damni
1753 3188 1953 3256 patior.
1984 3187 2098 3242 Pa-

512 3289 594 3331 ter
625 3279 767 3332 enim
801 3295 1005 3334 mecum
1057 3289 1172 3345 est;
1217 3278 1350 3334 illud
1382 3287 1604 3346 propter
1641 3292 1736 3333 eos
1777 3279 1973 3334 iterum
2009 3296 2098 3350 po-

512 3371 637 3425 suit.
665 3369 782 3426 Hoc
812 3371 958 3427 enim
994 3371 1207 3427 discere
1237 3385 1457 3439 semper
1489 3370 1697 3425 volunt.
1731 3369 1883 3438 Quod
1919 3383 2099 3430 autem

512 3461 690 3515 dixit:
725 3461 855 3515 Haec
880 3462 1089 3516 locutus
1129 3478 1245 3516 sum
1292 3462 1456 3526 vobis,
1486 3472 1540 3514 ut
1573 3463 1629 3514 in
1667 3479 1748 3516 me
1788 3478 1972 3532 pacem
2002 3465 2100 3518 Ita-

513 3550 703 3616 beatis,
761 3553 813 3606 id
866 3564 948 3607 est
996 3564 1057 3607 ut
1112 3569 1218 3608 non
1240 3553 1510 3620 excidam,
1544 3554 1740 3625 inquit,
1791 3571 1861 3612 ex
1915 3557 2098 3614 animo

513 3650 716 3707 vestro,
751 3643 847 3697 sed
877 3656 964 3697 me
997 3643 1169 3713 magis
1205 3643 1504 3714 recipiatis.

2205 1906 2356 1976 ἑξῆς
2385 1906 2548 1976 ἀρκεῖ
2573 1904 2683 1974 γάρ
2712 1905 2744 1974 ἡ
2777 1903 2858 1966 είς
2885 1901 2988 1972 ἐμὲ
3019 1900 3212 1971 ἀγάπη
3245 1899 3385 1971 πρὸς
3413 1899 3514 1968 τὴν
3547 1897 3802 1968 ὑμῶν““·

2204 1997 2300 2054 καὶ
2336 1997 2526 2068 ἐπειδὴ
2581 1996 2679 2066 οὐχ
2723 1996 2800 2060 ὼς
2853 1993 3044 2064 ἔτυχεν
3089 1993 3288 2054 αὐτοὺς
3328 1989 3710 2062 παρεμυθεῖτο
3748 1989 3803 2040 τδ

2203 2086 2447 2153 ἀκούειν,
2488 2087 2570 2140 ὅτι
2600 2084 2767 2153 Παρὰ
2799 2083 2947 2138 Θεοῦ
2975 2081 3242 2151 ἐξῆλθον
3264 2079 3366 2136 καὶ
3402 2078 3534 2134 ἐκεῖ
3558 2077 3768 2146 ὑπάγω
3791 2117 3803 2139 ,

2205 2179 2448 2252 συνεχῶς
2477 2178 2612 2233 αὐτὸ
2643 2178 3040 2250 περιστρέφει·
3074 2175 3198 2230 ὅθεν
3237 2174 3400 2229 τοῦτο
3432 2171 3797 2235 ἀκούσαντες,

2202 2274 2297 2328 καὶ
2324 2274 2406 2327 ὃτι
2429 2271 2508 2342 τῷ
2537 2273 2718 2341 Iluth
2747 2270 2966 2326 ἔσονται
2994 2269 3164 2339 φίλοι,
3190 2267 3401 2338 σφόδρα
3432 2265 3797 2320 ἀνέπνευσαν·

2201 2365 2283 2418 διδ
2317 2363 2411 2418 καὶ
2439 2358 2625 2417 εἷπον·
2660 2361 2792 2418 Νῦν
2819 2361 3074 2430 οἴδαμεν
3107 2359 3199 2415 ὅτι
3237 2358 3408 2426 οἶδας
3443 2356 3668 2419 πάντα,
3705 2355 3798 2409 καὶ

2203 2457 2292 2513 ὅτι
2323 2456 2442 2512 ἀπὸ
2476 2455 2627 2512 Θεοῦ
2657 2455 2945 2524 ἐξῆλθες·
2981 2455 3010 2508 ὃ
3038 2453 3096 2507 δὲ
3141 2453 3368 2521 λέγουσι
3392 2491 3404 2514 ,
3442 2450 3607 2504 τοῦτό
3653 2451 3794 2502 ἐστι·

2203 2550 2343 2622 Πρὶν
2369 2549 2402 2621 ἢ
2431 2548 2667 2604 ἀκοῦσαι
2699 2565 2779 2615 σε,
2813 2543 2955 2612 εἶδες
2979 2546 3050 2601 τά
3085 2544 3516 2610 σκανδαλίζοντα
3551 2544 3704 2615 ἡμᾶς
3728 2541 3797 2603 ὡς

2202 2639 2370 2706 Θεὸς,
2405 2639 2504 2693 καὶ
2549 2639 2868 2703 ἀνέπαυσας
2909 2639 3059 2710 ἡμᾶς
3111 2637 3193 2700 είς
3225 2635 3430 2690 ταῦτα.
3471 2633 3668 2698 Οὕτως
3723 2633 3796 2686 ἔτι

2203 2728 2411 2804 ἀτελῶς
2442 2729 2614 2799 εἶχον,
2650 2729 2746 2784 καὶ
2780 2729 2970 2800 ἐπειδὴ
3009 2727 3232 2782 ἐδόκουν
3263 2727 3457 2796 ὥσπερ
3483 2726 3608 2780 τινὰ
3643 2725 3793 2797 χάριν

2203 2819 2353 2891 αὑτῷ
2389 2821 2753 2892 προσέχοντες
2789 2819 2970 2889 λέγειν
3001 2819 3200 2885 ταῦτα,
3235 2821 3372 2891 φησὶ
3407 2819 3548 2892 πρὸς
3570 2816 3792 2879 αὐτούς·

2206 2914 2363 2981 Ἄρτι
2389 2913 2739 2979 materiem;
2763 2911 2895 2967 ὶδοὺ
2917 2911 3155 2982 ἔρχεται
3173 2909 3318 2980 ὥρα,
3343 2912 3442 2964 καὶ
3465 2909 3586 2964 νῦν
3606 2909 3790 2971 ἐστιν,

2203 3005 2306 3059 ἵνα
2330 3003 2744 3074 σκορπισθῆτε
2762 3003 3024 3071 ἕκαστος
3052 3005 3141 3070 εις
3160 3005 3235 3057 τὰ
3263 3003 3407 3068 ἴδια,
3434 3002 3536 3057 καί
3560 3001 3670 3073 ἐμὲ
3695 3001 3794 3070 μό-

2204 3114 2317 3152 νον
2345 3096 2572 3167 ἀφῆτε,
2602 3096 2700 3151 καὶ
2727 3096 2796 3150 τὰ
2845 3095 2997 3167 ἑξῆς.
3047 3096 3271 3166 Ἐπειδὴ
3303 3096 3413 3167 γὰρ
3445 3091 3636 3161 εἷπον,
3670 3093 3800 3148 Νῦν

2201 3189 2499 3258 ἔγνωμεν,
2525 3189 2800 3244 δείκνυσιν
2832 3189 2916 3242 ὅτι
2945 3187 3098 3242 οὐδὲν
3144 3187 3356 3240 οὐδέπω
3398 3185 3802 3256 κατώρθωσαν.

2205 3280 2525 3351 Προδώσετε
2565 3281 2675 3352 γάρ
2707 3298 2776 3352 με
2805 3283 2921 3345 τοῖς
2961 3281 3198 3351 ἐχθροῖς,
3232 3278 3382 3348 φησὶ,
3420 3277 3513 3328 καὶ
3559 3275 3802 3328 τοσοῦτο

2206 3372 2364 3443 ὑμῶν
2399 3373 2667 3444 κρατήσει
2702 3373 2888 3442 φόϐος,
2923 3373 3001 3435 ὡς
3043 3371 3174 3443 μηδὲ
3204 3369 3319 3440 μετ’
3345 3367 3593 3437 ἀλλήλων
3625 3366 3800 3438 δυνη-

2205 3463 2366 3534 θῆναι
2394 3462 2776 3535 ἀναχωρῆσαι,
2800 3462 2920 3516 ἀλλ’
2942 3462 3099 3515 οὐδὲν
3122 3463 3185 3514 ὲκ
3208 3458 3393 3512 τούτου
3413 3456 3576 3511 πάθω
3593 3456 3796 3511 δεινόν.

2217 3553 2280 3608 Ὅ
2307 3553 2419 3625 γὰρ
2460 3555 2664 3625 Πατὴρ
2688 3556 2816 3626 μετ’
2855 3554 3003 3625 ἐμοῦ
3031 3555 3184 3618 ἐστι,
3216 3553 3311 3606 καὶ
3337 3549 3498 3605 τοῦτο
3544 3549 3603 3604 δὲ
3634 3548 3798 3604 πάλιν

2201 3649 2267 3703 δι’
2291 3650 2491 3713 αὐτοὺς
2515 3649 2752 3703 τέθεικε·
2784 3647 2944 3702 τοῦτο
2975 3649 3086 3718 γάρ
3129 3647 3244 3703 ἀνω
3272 3646 3368 3699 καὶ
3404 3644 3558 3699 κάτω
3581 3643 3798 3714 βούλον-

509 3751 601 3788 ται
635 3735 850 3804 μαθεῖν.
883 3735 1062 3808 Ὅπερ
1103 3737 1161 3790 δὲ
1204 3732 1380 3804 εἶπεν,
1427 3739 1558 3794 Ὅτι
1631 3741 1949 3812 λελάληκα
1985 3741 2131 3814 ὑμῖν
2166 3744 2268 3798 ἵνα
2311 3743 2382 3798 ἐν
2419 3742 2550 3814 ἐμοὶ
2592 3743 2846 3812 εἰρήνην
2911 3742 3117 3812 ἔχητε,
3171 3738 3332 3794 τοῦτό
3363 3741 3535 3808 έστιν,
3575 3737 3694 3792 Ἵνα
3723 3733 3794 3807 μὴ

511 3826 783 3899 ἐκϐάλητέ
837 3846 925 3900 με,
961 3831 1146 3901 φησὶν,
1184 3833 1294 3887 ἀπὸ
1325 3833 1427 3904 τῆς
1459 3835 1699 3902 διανοίας
1733 3838 1912 3910 ὑμῶν,
1960 3839 2098 3896 ἀλλά
2137 3838 2523 3912 παραδέξησθε
2551 3840 2637 3862 ““
2663 3838 2757 3892 ἐπὶ
2784 3838 2992 3892 πλεῖον.
3024 3834 3254 3910 ΙϐιιΑιι.]

582 3919 813 3991 Propter
843 3922 1135 3980 ruditatem
1159 3939 1348 3980 eorum
1381 3929 1614 3986 obscure
1656 3930 1917 4001 loquitur.
1956 3931 2094 3988 Pro-

512 4013 758 4068 verbium
802 4024 984 4070 autem
1040 4027 1198 4072 vocat
1231 4018 1526 4080 obscurum
1562 4036 1873 4081 sermonem
1918 4033 1975 4081 et
2009 4024 2095 4080 in-

511 4103 778 4159 volutum.

591 4192 757 4247 νεεδ.
784 4193 874 4248 26.
923 4213 942 4246 ι
970 4193 1031 4250 In
1081 4196 1175 4252 illo
1221 4197 1309 4254 die
1352 4198 1405 4254 in
1440 4202 1663 4258 nomine
1699 4218 1822 4260 meo
1853 4205 2094 4274 petetis:

514 4289 570 4334 et
591 4297 730 4427 bnon
779 4283 902 4341 dico
951 4286 1104 4344 vobis
1151 4290 1279 4358 quia
1329 4305 1429 4362 ego
1483 4294 1690 4366 rogabo
1751 4295 1968 4352 Patrem
2026 4295 2096 4352 de

517 4387 583 4427 vo
630 4390 693 4427 ιε.
731 4392 749 4426 ι

517 4387 693 4428 νουιε.
731 4392 749 4426 ι

516 4572 635 4615 rum
683 4573 829 4624 cum,
880 4569 936 4614 ut
997 4561 1178 4626 homo,
1224 4571 1384 4617 antea
1429 4563 1826 4634 dispensatoris
1869 4567 2090 4636 dixerit,

516 4645 754 4720 Rogabo,
786 4650 960 4706 adhuc
986 4652 1158 4708 eidem
1186 4653 1438 4724 loquendi
1475 4656 1635 4710 modo
1661 4657 1884 4713 insistit.

589 4738 754 4794 Vens.
787 4742 877 4798 28.
921 4761 940 4794 ι
973 4743 1128 4798 Exivi
1159 4759 1188 4799 a
1219 4742 1405 4813 Patre,
1441 4755 1496 4802 et
1521 4749 1642 4802 veni
1695 4749 1748 4804 in
1798 4752 2094 4809 mundum:

518 4830 716 4889 iterum
748 4832 994 4904 relinquo
1022 4837 1303 4905 mundum,
1337 4847 1394 4894 et
1425 4839 1561 4895 vado
1591 4840 1656 4895 ad
1691 4840 1930 4898 Patrem.
1967 4863 1985 4897 ι

585 5007 764 5074 Exivi,
811 5010 1011 5079 inquit,
1059 5027 1122 5067 ex
1153 5016 1458 5069 substantia
1500 5015 1703 5082 Patris,
1744 5023 1969 5078 minime
2006 5037 2097 5079 se-

519 5111 743 5172 paratus
795 5118 825 5156 a
877 5103 1059 5171 Patre,
1113 5115 1169 5161 et
1201 5107 1256 5161 in
1300 5109 1520 5178 pr0pria
1569 5125 1688 5166 mea
1735 5115 2092 5171 subsistentia

520 5195 806 5250 continens
849 5195 902 5250 in
940 5210 1026 5252 me
1052 5195 1290 5255 Patrem.
1339 5197 1525 5269 Neque
1567 5215 1719 5270 vero,
1767 5206 1986 5274 quando
2009 5206 2094 5260 fa-

518 5293 638 5342 ctus
673 5295 759 5341 est
797 5285 982 5357 homo,
1014 5289 1169 5359 quasi
1214 5288 1431 5346 Patrem
1467 5291 1817 5362 deseruisset,
1855 5296 1910 5352 in
1949 5296 2097 5353 hunc

2274 3931 2373 3987 Διά
2411 3930 2511 4001 τὴν
2555 3930 2880 4002 ῆπιότηται)
2915 3929 3096 3984 αὐτῶν
3135 3926 3589 3997 ὲπεσκιασμένως
3628 3924 3787 3980 λαλεῖ.

2205 4021 2514 4092 Παροιμίαν
2535 4020 2591 4074 δὲ
2615 4020 2763 4090 λέγει
2791 4021 2885 4076 τὸν
2911 4018 3097 4090 ἀσαφῆ
3133 4017 3294 4087 λόγον
3323 4016 3420 4072 καὶ
3449 4015 3788 4084 ἐγκεκαλυμ-

2252 4109 2369 4163 ένον
2385 4119 2435 4163 (ι.

2385 4126 2435 4163 ιι.

2209 4126 2443 4254 μεῖοϊεν
2489 4199 2675 4274 ἐκείνῃ
2709 4203 2776 4273 τῇ
2815 4201 3002 4273 ἡμέρᾳ
3031 4200 3091 4254 έν
3116 4197 3198 4270 τῷ
3226 4196 3457 4269 ὀνόματί
3507 4213 3614 4266 μου
3635 4195 3784 4263 αἰτή-

2210 4293 2390 4346 σεσθε·
2440 4293 2536 4347 καὶ
2583 4292 2646 4346 οὐ
2694 4293 2841 4362 λέγω
2885 4293 3017 4364 ὑμῖν
3067 4293 3153 4347 ὅτι
3206 4290 3320 4362 ἐγὼ
3373 4291 3645 4362 ἐρωτήσω
3702 4290 3782 4340 τὴν

2131 4379 2177 4436 Ι)
2202 4386 2420 4458 Πατέρα
2451 4387 2583 4458 περὶ
2617 4387 2793 4458 ὑμῶν.
2837 4403 2860 4442 δ

587 4464 776 4520 Potest
808 4468 1051 4538 quidem,
1085 4469 1140 4524 in
1171 4479 1435 4541 quantum
1469 4473 1612 4529 Deus
1649 4483 1756 4537 est.
1792 4476 1960 4540 dare;
1993 4492 2092 4533 ve-
2166 4489 2172 4493 ‘

2271 4477 2504 4532 Δύναται
2532 4479 2630 4550 μὲν
2656 4479 2733 4544 ὼς
2763 4478 2898 4544 Θεὸς
2932 4477 3154 4544 δοῦναι,
3179 4477 3322 4550 πλὴν
3353 4477 3431 4541 ὡς
3475 4477 3584 4548 ήδη
3625 4473 3778 4530 εἰπὼν

2197 4569 2278 4634 τὸ,
2304 4567 2492 4638 Αιτῶ,
2531 4570 2892 4642 οἰκονομικῶς
2940 4571 3018 4636 ὡς
3071 4570 3360 4644 ἄνθρωπος
3412 4570 3668 4641 ἐνέμεινε
3713 4565 3780 4637 τῷ

2202 4659 2341 4730 λόγῳ
2351 4701 2365 4716 .

2278 4772 2299 4803 ι
2341 4751 2594 4823 Ἐξῆλθον
2629 4753 2780 4823 παρὰ
2806 4751 2900 4807 τοῦ
2927 4752 3166 4824 Πατρδς,
3192 4753 3289 4808 καὶ
3319 4745 3558 4825 ἐλήλυθα
3588 4752 3672 4812 είς
3701 4747 3776 4799 τὸν

2202 4842 2433 4912 κόσμον·
2482 4844 2648 4897 πάλιν
2682 4845 2886 4916 ἀφίημι
2914 4845 3023 4916 ξτδν
3060 4845 3299 4916 κόσμον,
3349 4845 3444 4898 καὶ
3483 4843 3779 4914 πορεύομαι

2200 4935 2335 5006 πρὸς
2369 4935 2459 4990 τὸν
2492 4937 2733 5009 Πατέρα.
2775 4956 2793 4990 ι

2283 5026 2377 5080 Ἐκ
2403 5027 2498 5098 τῆς
2521 5029 2730 5092 οὐσίας,
2762 5029 2951 5099 φησιν,
2977 5028 3204 5098 ἐξῆλθον
3224 5027 3318 5082 τοῦ
3347 5028 3590 5100 Πατρός,
3622 5027 3782 5081 ἀδιαι-

2201 5118 2371 5190 ρέτως
2402 5119 2478 5173 ὢν
2507 5122 2566 5174 ὲν
2601 5122 2798 5192 Πατρὶ,
2830 5123 2921 5176 καὶ
2949 5121 3338 5184 ίδιοσυστάτως
3366 5120 3509 5190 ἔχων
3531 5120 3592 5172 ὲν
3627 5120 3782 5188 ἐμαυ-

2196 5209 2274 5280 τῷ
2311 5211 2405 5265 τὸν
2442 5213 2686 5284 Πατέρα.
2726 5211 2886 5278 Οὔτε,
2926 5214 3023 5266 ὅτε
3068 5212 3291 5282 γέγονεν
3333 5207 3666 5282 ἄνθρωπος.
3714 5205 3781 5266 ὡς

2205 5300 2551 5373 ἀπολειφθεὶς
2578 5303 2672 5357 τοῦ
2703 5304 2916 5376 Πατρὺς
2936 5343 2951 5369 ,
2978 5301 3295 5374 ἐληλυθέναι
3335 5300 3558 5370 λέγεται
3594 5300 3677 5362 είς
3701 5295 3779 5348 τὸν

639 5439 1028 5533 (Σο-ςιᾌέρωτᾷᾷ
1049 5513 1064 5533 ’
1089 5445 1133 5533 *ξ
1165 5445 1486 5533 Cod._Blodl.
1519 5448 1686 5533 συνῆν
1711 5449 1920 5533 αὐτοῖς.
1993 5454 2050 5474 ’⁸⁸
2079 5453 2100 5510 (

2207 5454 2386 5514 .Bodl.
2419 5460 2723 5532 προστῆναι
2748 5460 2924 5533 ὑμῶν.
3005 5461 3091 5484 ““
3125 5459 3261 5516 Cod.
3291 5457 3446 5515 Bold.
3477 5451 3777 5528 παραδέξα-

521 5512 637 5566 σοι.
710 5521 740 5562 ιι
777 5512 869 5568 (Ιιί.
902 5512 1226 5585 νηπιότητα.
1304 5527 1333 5568 ει
1355 5516 1448 5573 Cr.
1478 5512 1916 5590 κεκαλυμμένον.

592 5651 988 5739 (Fiunt-76,0}:—
1017 5655 1191 5712 Θεοῦ.
1228 5656 1351 5715 llmc
1379 5657 1516 5714 Cod.
1550 5659 1698 5717 Bodl.
1740 5662 2024 5734 Clirysost.
2063 5661 2153 5720 dat
2191 5675 2246 5721 et
2290 5667 2488 5739 reipsa,
2517 5669 2702 5739 paucis
2751 5668 2969 5726 mutatis
3023 5664 3370 5737 reperiuntur
3408 5665 3558 5736 apud
3592 5661 3773 5728 Chr.“-

521 5721 592 5774 ιιι
628 5729 665 5775 ι.
696 5721 830 5803 Vill,
868 5724 989 5781 ηδ.
