4038 6148
325 326 457 394 1501

1373 346 1841 412 FRAGMENTA
1877 348 1962 411 IN
2002 351 2063 417 S.
2103 354 2480 426 JOANNEM.

3447 364 3586 427 12:02

322 441 526 544 κόσμον
546 454 582 544 Ἀ
614 437 756 542 051:6-
807 442 899 496 ὅτε
951 445 1232 521 ἀνελήφθη
1289 453 1430 522 μετὰ
1485 457 1587 526 τῆς
1660 460 1891 528 σαρκὸςτ

2012 473 2272 526 mundum
2301 473 2515 528 venisse
2539 471 2742 528 dicitur
2776 490 2791 527 :
2819 488 2994 542 neque
3025 477 3241 544 quando
3267 489 3391 530 cum
3415 490 3582 530 carne

322 529 622 602 ἀπελείφθη
662 531 758 586 τοῦ
793 533 1030 606 κόσμου·
1082 537 1215 604 Θεὸς
1249 541 1358 612 γάρ
1407 544 1524 598 ἐστι
1559 545 1785 617 πληρῶν
1825 549 1891 604 τὰ

2004 563 2268 629 ascendit,
2307 565 2568 620 mundum
2598 529 2924 635 dereliquit;
2959 529 3101 620 uel.
3151 568 3445 634 enimest,
3488 569 3581 636 qui

327 621 526 676 πάντα.

395 734 415 766 ι
466 715 594 770 ’1δοῦ
627 716 844 790 ἔρχεται
877 719 1013 792 ὥρα,
1049 721 1141 774 καὶ
1174 722 1269 776 νῦν
1300 723 1580 796 ἐλήλυθεν,
1614 728 1699 782 ἵνα
1730 746 1895 803 σκορι

323 807 554 876 πισθῆτε
583 808 814 875 ἕκαστος
847 814 928 876 είς
964 813 1031 867 τὰ
1073 815 1198 880 ίδιιι,
1229 817 1324 870 καὶ
1361 819 1461 886 ἐμὲ
1495 821 1656 890 μόνον
1694 823 1893 894 ἀφῆτε·

323 900 417 954 καὶ
450 901 550 954 οὐκ
587 903 701 972 εἰμὶ
730 904 924 973 μόνος,
958 906 1042 960 ὃτι
1084 909 1112 960 6
1143 907 1332 979 Πατὴρ
1370 911 1490 979 μετ’
1520 912 1655 984 ἐμοῦ
1693 916 1832 970 ἐστι.
1868 933 1890 970 ι

393 1076 499 1139 Τὸ,
551 1076 682 1145 ἄρτι
746 1081 1060 1136 πιστεύετε
1109 1081 1360 1156 [δίειμι]
1405 1086 1895 1162 ἀνθρωπινώτερον

320 1165 475 1218 τοῦτο
500 1166 666 1234 λέγει.
698 1171 834 1224 Καθ’
854 1171 882 1225 ὃ
910 1182 932 1210 τ
963 1174 1069 1243 γὰρ
1093 1175 1225 1238 Θεὸς
1249 1177 1482 1248 ὑπάρχει
1509 1188 1552 1240 ³ο
1583 1181 1640 1232 ἐν
1669 1181 1748 1252 τῷ
1775 1182 1896 1254 θεῷ

323 1259 415 1311 καὶ
444 1260 619 1330 Πατρί
648 1264 764 1317 ἐστι
799 1264 815 1300 ί
847 1266 1094 1334 φυσικῶς
1125 1269 1218 1321 καὶ
1249 1269 1618 1335 ἀδιαστάτως·
1649 1273 1740 1327 διὰ
1765 1291 1896 1344 συγ-

319 1351 620 1406 κατάόασιν
671 1351 792 1409 εἶπε
839 1358 1032 1426 τοῦτο,
1084 1361 1274 1434 ἐπειδὴ
1324 1363 1375 1416 οἱ
1424 1364 1667 1435 μαθηταὶ
1705 1367 1896 1438 ἤθελον

319 1443 541 1498 ἀκούειν
563 1447 749 1503 τοῦτο.

389 1537 502 1608 Οὐχ
549 1539 638 1592 ὅτε
681 1543 1078 1614 παραδίδομαι,
1128 1547 1263 1603 ἀλλὰ
1313 1549 1453 1620 μετὰ
1499 1550 1674 1606 ταῦτα
1715 1552 1894 1623 θλίψιν

318 1627 490 1695 ἕξετε.
546 1631 710 1686 Ἀλλά
752 1633 1070 1706 διανάστητε
1125 1639 1204 1707 τῷ
1250 1640 1527 1713 λογισμῷ·
1577 1644 1731 1698 οὐδὲν
1783 1644 1893 1716 γὰρ

1999 654 2186 722 implet
2215 657 2419 710 omnia.

2065 745 2228 801 Vens.
2261 745 2350 800 52.
2397 764 2418 798 ι
2449 747 2586 802 Ecce
2613 747 2760 802 venit
2806 746 2961 815 hora,
3006 746 3117 816 jam
3159 749 3346 816 venit,
3383 759 3446 805 ut
3487 753 3576 807 di-

1997 839 2327 908 spergamini
2375 839 2748 909 unusquisque
2794 839 2846 893 in
2881 841 3122 910 propria,
3165 851 3220 896 et
3275 857 3360 895 me
3401 843 3574 897 solum

1998 932 2320 1000 relinquatis
2360 942 2461 986 :et
2507 946 2612 986 non
2655 947 2774 987 sum
2828 932 3018 998 solus,
3072 934 3199 1001 quia
3247 933 3412 988 Pater
3460 951 3576 990 me-

1996 1037 2118 1076 cum
2151 1033 2255 1077 est.
2289 1043 2308 1075 ι

2065 1112 2180 1169 Hoc
2225 1115 2378 1167 modo
2409 1114 2623 1167 creditis
2673 1113 2908 1168 humano
2955 1128 3108 1169 more
3136 1115 3289 1170 dicit.
3342 1114 3474 1170 Nam
3519 1117 3573 1170 in

1995 1215 2257 1274 quantum
2303 1205 2465 1269 Deus,
2516 1205 2567 1259 in
2605 1205 2715 1259 Deo
2743 1203 2904 1260 Patre
2936 1213 3118 1260 manet.
3161 1206 3483 1261 naturaliter
3516 1217 3574 1260 et

1993 1305 2354 1351 constanter:
2398 1312 2521 1350 nam
2579 1298 2679 1351 hoc
2719 1297 2857 1352 dixit
2903 1297 3010 1353 illis
3065 1299 3571 1363 condescendendo,

1994 1387 2123 1456 quia
2150 1387 2406 1441 nimirum
2436 1387 2622 1442 audire
2649 1387 2778 1442 illud
2803 1387 3209 1444 desiderabant.

2067 1559 2186 1614 Non
2220 1569 2326 1614 tam
2351 1561 2566 1630 quando
2593 1559 2798 1624 trador,
2827 1575 2990 1629 quam
3016 1569 3200 1628 postea
3232 1557 3566 1628 aﬂligemini.

1996 1652 2105 1707 Sed
2162 1653 2436 1720 exsurgite
2481 1653 2700 1719 animo;
2747 1667 2869 1705 nam
2916 1650 3179 1718 magistro
3214 1649 3282 1704 ab
3334 1649 3567 1704 inimicis

325 1721 574 1775 πείσεσθε
610 1723 780 1778 δεινόν
806 1742 819 1754 ·
853 1727 948 1780 τοῦ
978 1727 1300 1786 διδασκάλου
1329 1735 1756 1806 περιγενομένου
1783 1736 1891 1792 τῶν

2000 1751 2180 1810 capto,
2217 1741 2351 1795 nihil
2387 1741 2538 1795 vobis
2569 1741 2694 1796 mali
2739 1741 2854 1808 ﬁet,
2883 1756 3054 1811 quare
3090 1755 3197 1796 non
3239 1747 3453 1810 oportet
3484 1739 3568 1793 di-

319 1812 554 1883 ἐχθρῶν,
583 1815 644 1868 οὐ
670 1817 777 1887 χρὴ
801 1819 927 1880 τοὺς
959 1820 1208 1891 μαθητὰς
1235 1822 1441 1879 ἀλύειν.

397 1923 416 1957 ε
450 1905 637 1959 Ταῦτα
655 1907 927 1978 λελάληκα
951 1911 1104 1980 ύμῖν,
1130 1911 1216 1966 ἵνα
1239 1913 1298 1966 ἐν
1316 1913 1440 1984 ἐμοὶ
1461 1914 1687 1986 εἰρήνην
1706 1914 1887 1986 ἔχητε.

333 1996 419 2049 Ἐν
441 1996 518 2066 τῷ
544 1997 734 2069 κόσμῳ
763 1998 941 2071 θλίψιν
975 2001 1147 2066 ἐξετεο
1182 2003 1320 2058 ἀλλὰ
1343 2004 1632 2078 θαρσεῖτε,
1663 2005 1775 2075 ἐγὼ
1803 2023 1892 2060 νε-

318 2089 518 2159 νίκηκα
546 2089 636 2143 τὸν
665 2091 888 2162 κόσμον.
917 2111 938 2145 ι
990 2123 1000 2133 π

389 2179 668 2250 Κρείττων
699 2183 792 2234 καὶ
813 2170 1184 2255 δυνατώτερος
1211 2183 1368 2258 ὤφθη
1393 2187 1422 2240 6
1449 2186 1686 2257 Χριστὸς
1709 2187 1890 2259 πάσης

317 2273 586 2341 κοσμικῆς
613 2273 907 2344 ἁμαρτίας,
939 2278 1034 2330 καὶ
1073 2275 1258 2330 δίδωσι
1291 2279 1387 2331 καὶ
1426 2281 1543 2344 τοῖς
1577 2281 1792 2343 πιστοῖς
1826 2279 1888 2333 τὸ

317 2364 492 2432 νικᾷν.
520 2363 650 2418 Ὅτε
683 2361 776 2420 οὖν
813 2368 842 2420 6
861 2377 890 2405 ιι
914 2367 1151 2438 Χριστὸς
1190 2369 1251 2434 ἐξ
1281 2369 1439 2440 ἡμῶν
1469 2369 1728 2439 γεγονὼς,
1763 2369 1888 2425 καθ’

317 2453 347 2507 ὃ
376 2463 399 2488 ν
441 2453 746 2528 ἄνθρωπος,
788 2459 1054 2531 κρείττων
1077 2473 1106 2502 ι
1135 2461 1309 2532 ἐφάνη
1353 2462 1584 2517 θανάτου
1619 2463 1716 2518 καὶ
1752 2461 1885 2530 φθο-

318 2546 437 2613 ράς,
474 2547 568 2602 καὶ
602 2551 683 2612 εἰς
729 2549 876 2620 ἡμᾶς
918 2553 952 2622 ἡ
999 2552 1159 2624 χάρις
1209 2552 1504 2608 διαϐαίνει·
1536 2555 1630 2608 καὶ
1662 2552 1833 2618 οὕτως
1856 2563 1886 2604 1

313 2638 604 2710 ὀφείλομεν
647 2640 887 2715 θαρρεῖν,
925 2644 1005 2698 ὅτι
1041 2645 1380 2716 νικησόμεθα
1401 2656 1448 2713 ³,
1469 2647 1657 2718 ἐπειδὴ
1684 2646 1759 2712 ὡς
1793 2647 1888 2702 ἄν·

315 2729 532 2800 θρωπος
565 2733 838 2803 νενίκηκε,
871 2736 964 2789 καὶ
1005 2738 1164 2806 ἡμεῖς
1206 2738 1471 2809 δοκοῦμεν
1510 2740 1568 2792 ἐν
1606 2739 1757 2810 αὐτῷ
1797 2756 1887 2793 νε-

314 2823 619 2894 νικηκέναι.
648 2825 710 2876 El
734 2825 842 2895 γὰρ
867 2827 940 2890 ὡς
961 2827 1090 2890 Θεὸς
1117 2829 1361 2899 ἐνίκησε,
1385 2832 1520 2901 πρὸς
1539 2833 1688 2903 ἡμᾶς
1709 2832 1884 2888 οὐδέν.

906 2918 1155 2974 ΚΕΦΔΛ.
1200 2921 1298 2976 ΙΖ’.

390 3021 410 3055 ι
449 3003 635 3060 Ταῦτα
681 3006 944 3076 ἐλάλησεν
993 3011 1022 3062 6
1080 3011 1318 3081 Ἰησοῦς·
1383 3014 1479 3066 καὶ
1529 3013 1702 3084 ἐπῆρε
1759 3015 1884 3081 τοὺς

307 3096 625 3197 όιρθαλμοὺς
660 3100 822 3197 alba-06
847 3103 1059 3197 “:6vA
1079 3105 1330 3175 οὐρανὸν,
1358 3108 1452 3160 καὶ
1489 3103 1642 3160 εἷπε⁴
1675 3107 1879 3178 Πάτερ,
1907 3135 1954 3197 c

307 3189 569 3259 ἐλήλυθεν
603 3193 635 3262 ἡ
683 3192 825 3262 ὥρα,
871 3193 1094 3260 δόξασόν
1148 3213 1242 3250 σου
1283 3197 1374 3252 τὸν
1417 3199 1566 3263 Υίὸν,
1616 3199 1704 3252 ἵνα
1732 3200 1824 3253 καὶ
1851 3202 1879 3254 6

309 3280 435 3342 Υίός
463 3297 557 3333 σου
587 3281 787 3353 δοξάσῃ
817 3299 899 3337 σε.
950 3304 970 3336 ι

377 3371 476 3424 Διὰ
530 3371 622 3424 τοῦ
679 3373 954 3444 σχήματος
994 3375 1094 3446 τῆς
1133 3376 1301 3448 εὐχῆς
1341 3377 1588 3432 παιδεύει
1632 3381 1782 3450 ἡμᾶς
1822 3382 1878 3436 ἐν

304 3464 420 3524 τοῖς
463 3467 790 3534 πειρασμοῖς
834 3465 1098 3537 εῦχεσθαι
1121 3508 1137 3535 ,
1172 3469 1268 3522 καὶ
1293 3471 1372 3534 είς
1403 3470 1496 3524 τὸν
1533 3471 1667 3526 Θεὸν
1708 3489 1880 3528 κατα-

308 3553 549 3622 φεύγειν.

385 3663 403 3696 ι
439 3645 634 3709 Καθὼς
683 3646 888 3712 ἔδωκας
922 3649 1072 3718 αὐτῷ
1121 3649 1373 3715 ἐξουσίαν
1420 3651 1602 3722 πάσης
1637 3653 1874 3721 σαρκὸς,

305 3736 394 3790 ἵνα
418 3739 546 3802 πᾶν,
570 3737 598 3790 ὃ
619 3737 825 3804 ἔδωκας
846 3738 1018 3809 αὐτῷ,
1039 3738 1184 3811 δώσῃ
1205 3740 1410 3806 αὐτοῖς,
1435 3740 1583 3812 ζωὴν
1604 3743 1839 3796 αἰώνιον.
1853 3761 1872 3795 ι

379 3829 479 3882 Διὰ
508 3829 569 3882 τὸ
601 3829 675 3900 μὴ
706 3830 1162 3899 σκανδαλισθῆναι
1207 3831 1333 3895 τοὺς
1377 3831 1677 3896 ἀκούοντας
1728 3834 1877 3886 olito-

305 3920 545 3991 νομικῶς
579 3938 778 3991 φησιν,
822 3923 891 3974 Ὃ
921 3920 1184 3986 δέδωκάς
1215 3940 1338 3991 μοι.

383 4029 403 4062 ι
435 4011 586 4081 Αὕτη
605 4011 664 4064 δέ
695 4014 843 4064 ἐστιν
869 4013 904 4082 ἡ
925 4011 1138 4075 αἰώνιος
1163 4011 1275 4082 ζωὴ
1294 4051 1308 4077 ,
1342 4011 1428 4067 ἵνα
1451 4011 1762 4082 γινώσκωσί
1791 4029 1873 4080 σε,

1922 1809 1966 1864 Β
2000 1832 2238 1898 scipnlos
2271 1833 2454 1887 animo
2483 1833 2788 1888 concidere.

2072 1923 2240 1978 Vsus.
2275 1921 2365 1977 55.
2412 1941 2430 1974 ι
2464 1921 2587 1977 Ηαιο
2631 1923 2841 1976 locutus
2895 1935 3014 1976 sum
3069 1919 3242 1986 vobis,
3289 1928 3349 1975 ut
3395 1919 3448 1973 in
3481 1933 3568 1974 me

1993 2029 2179 2086 pacem
2234 2014 2500 2069 habeatis.
2553 2013 2610 2069 in
2664 2013 2866 2069 mundo
2908 2025 3218 2083 pressurae:
3248 2011 3563 2067 habebitis:

1993 2107 2086 2160 sed
2114 2105 2394 2170 conﬁdite,
2423 2117 2526 2174 ego
2552 2104 2656 2160 vici
2685 2105 2962 2159 mundum.
2993 2121 3014 2156 ι

2068 2198 2318 2252 Christus
2345 2197 2594 2267 superior
2620 2211 2682 2251 ac
2705 2195 2896 2250 fortior
2915 2195 3167 2265 apparuit
3192 2192 3356 2249 totius
3381 2191 3564 2246 mundi

1989 2295 2239 2358 peccato,
2287 2294 2342 2340 et
2387 2285 2634 2340 concedit
2664 2298 2882 2353 quoque
2922 2283 3172 2338 ﬁdelibus
3206 2283 3319 2337 suis
3347 2288 3408 2336 ut
3447 2280 3562 2334 vin-

1985 2390 2136 2436 cant.
2174 2379 2308 2434 Cum
2356 2377 2537 2446 itaque
2575 2375 2845 2440 Christus,
2887 2375 2942 2430 in
2987 2383 3246 2444 quantum
3281 2375 3466 2438 homo,
3494 2387 3561 2428 ex

1987 2472 2144 2528 nobis
2187 2479 2362 2534 natus,
2406 2478 2633 2524 mortem
2660 2477 2716 2523 et
2747 2466 3026 2522 interitum
3055 2464 3349 2534 superarit,
3393 2464 3559 2519 etiam

1984 2565 2043 2620 in
2083 2579 2180 2619 nos
2209 2564 2308 2618 ista
2338 2561 2516 2632 gratia
2542 2560 2854 2622 derivatur;
2899 2558 3128 2626 ideoque
3161 2554 3438 2610 conlidere
3466 2553 3562 2608 dea

1986 2657 2180 2712 bemus
2241 2669 2340 2709 nos
2395 2667 2610 2724 quoque
2673 2651 2956 2718 victuros,
3013 2647 3449 2718 quandoquidem
3507 2645 3560 2700 in

1986 2757 2253 2818 quantum
2287 2746 2449 2800 homo
2478 2743 2689 2810 vicerit,
2737 2743 2791 2798 in
2827 2741 2946 2811 ipso
2985 2753 3088 2795 nos
3121 2751 3338 2808 quoque
3363 2733 3562 2790 vicisse

1986 2839 2290 2894 videamur.
2323 2835 2464 2891 Nam
2514 2835 2561 2890 si
2611 2842 2670 2889 ut
2705 2835 2846 2888 Deus
2873 2832 3122 2893 vicisset.
3147 2828 3283 2885 nihil
3329 2826 3397 2882 ad
3437 2841 3557 2880 nos.

2584 2922 2738 2979 CAP.
2773 2920 2938 2977 XVII.

2033 3019 2198 3074 Vsns.
2227 3021 2278 3072 1.
2312 3035 2330 3069 ι
2368 3015 2496 3072 Haec
2537 3015 2749 3069 locutus
2807 3020 2891 3066 est
2936 3009 3116 3076 Iesus,
3163 3016 3220 3063 et
3266 3001 3562 3062 sublevatis

1985 3114 2156 3167 oculis
2199 3114 2250 3165 in
2281 3109 2503 3173 coelum,
2534 3105 2668 3160 dixit
2702 3120 2717 3157 :
2743 3102 2925 3164 Pater,
2953 3098 3100 3154 venit
3124 3098 3282 3162 hora,
3320 3091 3558 3150 clariﬁca

1988 3203 2182 3257 Filium
2215 3209 2384 3263 tuum,
2425 3207 2487 3251 ut
2515 3196 2689 3252 Filius
2723 3204 2843 3247 tuus
2877 3189 3144 3247 clarilicet
3177 3197 3250 3244 te.
3289 3203 3312 3240 ι

2053 3379 2158 3434 Per
2186 3380 2324 3433 hanc
2361 3376 2548 3431 orandi
2577 3372 2883 3430 formulam
2925 3371 3082 3425 docet
3113 3380 3214 3422 nos
3265 3363 3321 3416 in
3376 3367 3552 3415 tenta-

1987 3471 2224 3530 tionibus
2246 3481 2426 3533 orare,
2460 3476 2516 3524 et
2541 3466 2608 3520 ad
2637 3465 2803 3520 Deum
2837 3459 3152 3532 confugere.

2057 3643 2224 3697 νεεδ.
2249 3642 2305 3696 2.
2354 3660 2372 3692 ι
2408 3640 2559 3696 Sicut
2591 3637 2783 3693 dedisti
2811 3635 2859 3690 ei
2883 3639 3206 3704 potestatem
3232 3622 3408 3682 omnis
3431 3635 3561 3675 cara

1984 3735 2087 3793 nis.
2111 3743 2167 3786 ut
2188 3747 2347 3787 omne
2370 3731 2509 3799 quod
2529 3730 2722 3783 dedisti
2749 3728 2824 3790 ei,
2845 3727 2934 3780 det
2955 3725 3034 3778 eis
3051 3722 3212 3777 vitam
3230 3727 3504 3773 aeternam.
3523 3726 3560 3765 ι

2045 3825 2122 3878 Ne
2147 3822 2643 3876 scandalizarenlur
2665 3819 2967 3879 audientes,
2982 3827 3076 3884 per
3099 3805 3556 3876 dispensationem

1983 3916 2142 3979 dixit,
2178 3912 2331 3978 Quod
2362 3912 2554 3967 dedisti
2588 3909 2740 3963 mihi.

2038 4007 2199 4060 Vens.
2230 4005 2285 4062 5.
2320 4023 2337 4056 ι
2372 4002 2497 4058 Haec
2519 4009 2602 4056 est
2629 4009 2810 4054 autem
2834 3994 2941 4048 vita
2965 4001 3167 4047 aeterna
3197 4005 3211 4043 :
3249 3997 3311 4041 ut
3350 3995 3549 4050 cogno-

303 4101 396 4156 τὸν
429 4071 589 4170 μόνον
619 4102 876 4173 ἀληθινὸν
889 4071 1058 4171 ’Θεδν,
1080 4071 1275 4158 καὶνδν
1294 4071 1623 4169 άπέστειλας
1666 4071 1876 4176 Ἰησοῦν

1988 4104 2137 4153 scant
2179 4104 2254 4162 te,
2294 4093 2467 4149 solum
2526 4091 2693 4145 Deum
2768 4099 2990 4150 verum,
3030 4089 3088 4138 et
3143 4091 3302 4151 quem
3357 4071 3551 4128 misisti

399 4207 562 4245 ιστον.
604 4210 623 4242 Ι

399 4207 478 4243 ιστ
513 4208 562 4245 ν.
604 4210 623 4242 ι

305 4191 715 4350 ΧρΣηιῗειωτέον
743 4278 859 4346 οὖν,
901 4279 984 4333 ὃτι
1013 4281 1047 4350 ή
1077 4279 1210 4350 ὀρθὴ
1241 4279 1422 4344 πίστις
1463 4281 1613 4336 ἐστὶν
1645 4284 1678 4354 ἡ
1705 4283 1873 4347 ὄντως

1977 4188 2162 4244 Jesum
2181 4185 2480 4241 Christum.
2511 4199 2531 4234 ι

2039 4276 2405 4332 Proﬁtendum
2428 4275 2631 4342 itaque,
2653 4273 2854 4323 rectam
2888 4263 3066 4326 ﬁdem,
3110 4270 3295 4313 veram
3318 4264 3438 4308 esse
3468 4248 3550 4303 vi-

301 4346 510 4439 ζωὴξή
543 4371 613 4423 τὰ
645 4370 752 4423 ἴδια
792 4346 1122 4442 δωρουμένη⁷
1143 4346 1327 4440 ἀγαθὰ
1354 4375 1466 4436 τοῖς
1497 4346 1868 4428 πιστεύουσιν.

1988 4379 2111 4435 tam,
2142 4384 2262 4437 quae
2283 4381 2410 4422 vera
2434 4366 2571 4420 bona
2596 4358 2941 4418 credentibus
2965 4351 3140 4407 aliert.
3181 4346 3323 4449 llicit
3369 4350 3546 4449 autem

315 4431 678 4512 Ἃπεστάλθαι
736 4431 884 4528 λέγει
940 4431 1156 4527 ἑαυτόν,
1192 4431 1311 4531 ὀὐχ
1367 4431 1461 4524 ὡς⁷
1506 4461 1564 4529 ἐξ
1627 4463 1873 4533 ἀνάγκης

1988 4476 2039 4516 se
2071 4431 2294 4514 missum
2341 4472 2482 4522 esse,
2527 4469 2631 4510 non
2686 4449 2838 4522 quasi
2891 4461 2962 4502 ex
3009 4439 3332 4537 necessitate
3370 4431 3549 4537 Patris

302 4549 658 4618 ὑπουργήσας
705 4552 772 4620 τῇ
806 4522 918 4603 ⁷τοῦ
963 4522 1178 4621 Πατρός
1224 4522 1506 4622 βούλήσει,
1545 4522 1637 4616 ⁷ὡς
1682 4522 1874 4623 σε’άγζ

1988 4551 2281 4605 subserviat
2309 4545 2595 4611 voluntati,
2620 4537 3070 4614 quemadmodum
3115 4525 3313 4597 angeli,
3368 4522 3462 4577 sed
3487 4529 3544 4572 υι

301 4637 472 4704 γελοι,
501 4638 614 4691 ἀλλ’
643 4639 719 4701 ὡς
751 4640 983 4710 δύναμις
1009 4640 1176 4695 αὐτοῦ
1206 4640 1302 4694 ῶν.

1988 4651 2058 4698 ast
2082 4644 2252 4696 virtus
2279 4639 2421 4709 ejus.

377 4747 396 4780 ι
436 4731 544 4782 Καὶ
575 4733 670 4784 νῦν
699 4702 922 4798 δόξασόν
947 4702 1014 4802 με
1039 4733 1125 4797 σὺ,
1155 4733 1358 4805 Πάτερ,
1387 4735 1538 4806 παρὰ
1555 4734 1784 4806 σεαυτῷ,
1802 4738 1868 4806 τῇ

2040 4714 2203 4788 Vens.
2223 4733 2275 4787 5.
2370 4728 2435 4784 Ει
2465 4743 2608 4783 nunc
2629 4722 2866 4782 clariﬁca
2905 4731 3010 4782 me,
3033 4722 3084 4769 tu
3101 4711 3288 4776 Pater,
3310 4702 3450 4774 apud
3479 4708 3548 4755 leo

298 4818 428 4890 δόξῃ
513 4814 680 4891 εἶχον,
725 4821 833 4893 πρὸ
871 4822 964 4876 τοῦ
989 4823 1081 4876 τὸν
1111 4823 1315 4894 κόσμον
1338 4820 1499 4893 εἶναι,
1527 4826 1676 4897 παρὰ
1705 4827 1808 4881 σοί.
1845 4846 1866 4880 ι

1988 4825 2284 4893 metipsum,
2320 4821 2586 4885 claritate,
2609 4832 2770 4889 quam
2798 4811 2983 4878 habui,
3020 4807 3170 4878 prius
3205 4813 3366 4874 quam
3385 4810 3544 4850 mun-

1977 4919 2076 4970 dus
2101 4924 2264 4978 esset,
2292 4915 2430 4982 apud
2466 4922 2537 4966 te.
2573 4929 2594 4963 ι
3527 4977 3540 4988 '

2035 5006 2222 5062 Utitur
2250 5004 2422 5060 forma
2445 5001 2709 5057 orationis
2739 5014 2835 5070 per
2877 4993 3357 5068 dispensationem,
3411 4993 3479 5083 ac.
3498 4990 3542 5029 SI

1975 5099 2151 5156 dicat:
2184 5097 2422 5155 Ostende
2449 5111 2537 5150 me
2584 5093 2914 5157 hominibus,
2946 5097 3004 5144 ut
3045 5084 3345 5154 intelligant
3391 5084 3540 5144 quis-

1976 5204 2100 5246 nam
2138 5189 2261 5254 sim,
2300 5202 2366 5244 ne
2415 5195 2635 5257 propter
2662 5185 2840 5239 carnis
2880 5195 3012 5236 meas
3043 5178 3345 5248 passionem
3377 5181 3538 5222 scan-

1971 5277 2274 5332 dalizentur
2304 5276 2575 5342 homines,
2610 5273 2742 5328 nihil
2772 5271 2952 5327 Verbo
3005 5267 3102 5320 Dei
3148 5263 3365 5333 dignum
3389 5257 3536 5319 cogi—
3609 5345 3611 5348 ι

1969 5375 2164 5424 tantes.

2028 5463 2192 5516 Vsns.
2222 5459 2312 5514 10.
2343 5477 2360 5511 ι
2400 5457 2466 5513 Et
2495 5471 2616 5512 mea
2639 5455 2817 5512 omnia
2872 5462 2958 5508 tua
2993 5459 3140 5512 sunt,
3185 5455 3240 5504 et
3275 5459 3362 5501 tua
3419 5454 3533 5494 mea

1966 5563 2130 5609 sunt:
2166 5559 2222 5606 et
2247 5549 2580 5605 clariﬁcatus
2606 5561 2726 5603 sum
2757 5546 2811 5600 in
2843 5544 2944 5598 eis.
2982 5560 3002 5595 ι

386 4997 474 5051 Ἐν
511 4998 662 5066 τάξει
697 5001 1007 5072 προσευχῆς
1044 5003 1404 5074 οἰκονομικῶς
1455 5005 1604 5074 λέγει
1626 5006 1786 5060 τοῦτο
1811 5020 1862 5076 α,

296 5091 544 5144 τουτέστι
569 5130 584 5157 ,
617 5091 798 5158 Δεῖξόν
847 5110 916 5165 με
961 5093 1047 5158 τίς
1090 5096 1207 5165 εἰμι
1250 5099 1365 5160 τοῖς
1409 5096 1735 5167 ἀνθρώποις,
1780 5099 1867 5153 ’ίνα

301 5181 382 5254 μὴ
411 5182 500 5237 διὰ
544 5183 638 5238 τοῦ
682 5185 891 5248 πάθους
937 5184 1038 5255 τῆς
1089 5185 1231 5257 ἐμῆς
1273 5190 1478 5258 σαρκὸς
1535 5189 1790 5260 μείνωσιν
1816 5191 1869 5245 oi.

297 5275 602 5346 ἄνθρωποι,
642 5279 810 5349 μηδὲν
838 5277 990 5344 ἄξιον
1020 5279 1192 5348 Λόγου
1220 5281 1247 5322 δ
1273 5279 1635 5354 λογιζόμενοι.

374 5474 394 5508 ι
419 5457 528 5509 Καὶ
556 5455 625 5510 τὰ
658 5457 767 5527 ἐμὰ
797 5457 976 5512 πάντα
1012 5457 1083 5513 σά
1105 5459 1242 5526 ἐστι,
1260 5459 1354 5515 καὶ
1376 5460 1447 5515 τὰ
1493 5461 1562 5517 σὰ
1603 5461 1742 5532 ἐμά’
1774 5461 1868 5516 καὶ

297 5546 623 5616 δεδόξασμαι
647 5549 704 5600 ἐν
732 5547 936 5612 αὐτοῖς.
978 5567 998 5601 ι

377 5683 398 5756 ξ
426 5679 519 5756 Ct_‘.
550 5675 715 5756 ξιείιθόἱ
786 5689 808 5718 ³
837 5680 1207 5756 (Σιὶὺπάρχω.
1233 5753 1255 5756 _
1279 5684 1296 5720 ί
1322 5683 1413 5740 Cr.
1467 5684 1604 5753 είμί.
1680 5693 1706 5722 υ
1731 5685 1824 5740 Cr.
1874 5688 1891 5738 ί

1988 5692 2044 5741 ἑτι
2106 5689 2133 5740 ό
2211 5682 2537 5742 ἘΙ-,καθόο
2620 5681 2761 5738 xCt'.
2822 5680 3080 5753 κρεῖττον.
3156 5671 3533 5743 γαπτούτῳ,

305 5759 325 5790 ι
359 5747 449 5809 Cr.
479 5744 776 5822 ληψόμεθα.
855 5758 872 5782 ·
901 5753 988 5808 Cr.
1019 5744 1140 5811 sine
1168 5753 1344 5811 τοῦτο.
1424 5757 1450 5795 δ
1484 5744 1576 5809 σε.
1619 5772 1728 5812 om.
1761 5744 1955 5826 Λόγου.
