4038 6148
501 333 643 403 1503

1634 328 1975 390 AMMONII
2018 321 2552 388 ALEXANDRINI

3641 303 3788 371 ιωι

556 447 705 505 Nihil
754 455 840 505 est
893 447 1094 514 Patris,
1134 447 1280 516 quod
1327 459 1438 501 non
1490 443 1562 502 sit
1593 441 1740 508 Filii,
1784 451 1841 497 et
1871 450 2080 497 contra.

2258 435 2423 489 οὐδέν
2463 435 2582 486 ἐστι
2631 428 2728 484 τοῦ
2767 427 3016 498 Πατρδς,
3043 425 3072 482 6
3103 425 3178 497 μὴ
3210 424 3327 478 ἐστι
3352 418 3449 475 τοῦ
3478 419 3652 486 Υίοῦ,
3684 423 3787 475 καὶ

562 629 792 697 Propter
820 640 998 681 meam
1023 641 1086 682 ac
1130 634 1276 680 tuam
1334 623 1701 695 aequalitatem
1731 623 2082 696 glorificabor

498 735 729 786 semper.
1150 767 1157 775 .

553 812 716 867 Vens.
751 812 838 865 Η.
878 829 898 862 ‹
932 811 997 865 Et
1027 811 1137 880 jam
1164 827 1270 865 non
1309 826 1428 866 sum
1479 811 1534 864 in
1566 811 1788 873 mundo,
1835 817 1891 865 et
1942 809 1994 864 hi
2029 809 2080 864 in

501 905 706 955 mimdo
761 913 908 965 sunt,
968 912 1021 956 et
1067 919 1168 972 ego
1223 903 1287 956 ad
1322 912 1373 957 te
1430 903 1610 956 venio.
1660 902 1824 956 Pater
1866 911 2078 964 sancte,

499 1009 656 1043 serva
689 1007 783 1046 eos
817 993 867 1044 in
901 994 1116 1045 nomine
1143 1002 1255 1056 tuo,
1295 1006 1433 1061 quos
1462 991 1656 1046 dedisti
1693 993 1858 1047 mihi:
1895 1003 1952 1046 ut
1975 992 2085 1046 sint

501 1098 690 1143 unum,
722 1082 864 1134 sicut
891 1091 944 1133 ct
973 1097 1087 1134 nos.
1124 1100 1142 1132 ι

570 1171 729 1225 Juxta
763 1173 1050 1225 verborum
1091 1173 1475 1239 proprietatem
1511 1171 1792 1242 Scriptura
1841 1171 1933 1226 hic
1964 1172 2079 1238 illa,

503 1279 626 1331 quae
661 1279 725 1316 ex
754 1273 947 1315 eventu
988 1264 1354 1332 contigerunt,
1384 1264 1538 1332 quasi
1561 1278 1784 1317 causam
1815 1264 2079 1333 assignat.

504 1354 803 1422 Oportebat
834 1368 964 1423 ergo
989 1352 1208 1414 Judam,
1242 1369 1365 1406 cum
1403 1355 1503 1407 hoc
1525 1354 1839 1420 praedictum
1871 1364 2074 1420 nosset,

503 1447 778 1500 Christum
819 1461 923 1498 non
960 1446 1208 1513 prodere.
1245 1445 1301 1499 Si
1334 1447 1456 1514 quis
1502 1455 1681 1498 autem
1727 1455 1894 1514 petat,
1942 1462 2083 1515 quo-

505 1537 666 1591 modo
695 1537 914 1592 Christo
948 1538 1286 1591 custodiente
1312 1537 1557 1605 perierit,
1615 1536 1902 1591 dicendum
1965 1553 2083 1591 ma-

504 1630 586 1683 los
618 1645 740 1682 eum
779 1644 884 1682 non
929 1630 1222 1691 custodire,
1266 1629 1358 1683 sed
1417 1643 1510 1682 eos
1542 1643 1639 1696 pro
1694 1629 1944 1684 libertate
1979 1645 2074 1685 sua

392 1734 396 1738 ·
505 1720 649 1786 quod
677 1719 859 1774 volunt
891 1718 1093 1774 facere.
1129 1720 1337 1774 Probos
1360 1729 1539 1776 autem
1567 1723 1804 1776 custodit
1838 1731 1892 1777 et
1923 1725 2082 1776 robo-

2183 527 2249 581 τὸ
2277 524 2570 580 ἀνάπαλιν.

2257 617 2356 670 Διὰ
2403 616 2505 684 τὴν
2557 610 2692 684 ἐμοῦ
2733 611 2829 666 καὶ
2859 607 2955 664 σοῦ
2991 607 3215 680 ἰσότητα
3244 605 3546 678 δοξάσομαι
3597 624 3783 679 παρα-

2184 725 2409 769 παντος.

2261 819 2279 852 ι
2330 799 2442 853 Καὶ
2479 799 2580 852 οὐκ
2613 798 2694 850 ἔτι
2742 796 2860 866 εἰμί
2882 797 2939 849 ἐν
2966 795 3046 866 τῷ
3074 794 3289 864 κόσμῳ,
3318 793 3416 848 καὶ
3437 785 3590 847 οὗτοι
3614 791 3677 845 ἐν
3703 792 3782 862 τῷ

2185 895 2378 962 κόσμῳ
2411 892 2552 954 εἰσί,
2583 890 2676 943 καὶ
2709 887 2819 956 ἐγὼ
2846 887 2983 958 πρὸς
3016 887 3075 939 σὲ
3105 886 3360 957 ἔρχομαι.
3400 884 3587 955 Πάτερ
3619 884 3780 951 ἅγιε,

2184 987 2426 1056 τήρησον
2448 984 2645 1046 αὐτοὺς
2666 983 2723 1034 ἐν
2744 981 2822 1051 τῷ
2849 977 3076 1050 ὀνόματί
3100 995 3217 1044 σου,
3238 977 3333 1040 οὒς
3363 976 3610 1040 δέδωκάς
3647 993 3741 1047 μοι
3764 995 3778 1006 ·

2188 1079 2275 1149 ἵνα
2297 1072 2430 1130 ὦσιν
2460 1077 2536 1139 ἒν,
2570 1073 2752 1137 καθὼς
2783 1075 2963 1144 ἡμεῖς.
3002 1091 3019 1124 ι

2255 1169 2414 1223 Κατά
2439 1186 2492 1220 τι
2519 1167 2719 1237 ἰδίωμα
2744 1167 2777 1234 ὴ
2803 1165 2996 1234 Γραφὴ
3019 1162 3096 1226 ὡς
3126 1159 3463 1228 αἰτιολογίαν
3494 1159 3688 1230 τίθησι
3712 1159 3783 1212 τά

2185 1263 2251 1314 ἐκ
2279 1263 2380 1330 τῆς
2409 1259 2688 1322 ἐκϐάσεως
2713 1256 3106 1325 συμϐαίνοντα.
3142 1253 3294 1308 Ἔδει
3322 1249 3417 1306 οὖν
3435 1258 3528 1305 τὸν
3567 1253 3784 1307 Ἰούδαν

2191 1352 2434 1424 μαθόντα
2455 1351 2517 1403 τὸ
2563 1346 3052 1420 προδιαγορευθέν,
3089 1345 3164 1416 μὴ
3202 1343 3494 1413 προδοῦναι
3521 1343 3619 1395 τὸν
3648 1345 3783 1413 Χρι-

2187 1445 2330 1498 στόν.
2369 1443 2428 1494 Εἰ
2465 1441 2522 1494 δέ
2543 1457 2628 1502 τις
2657 1439 2801 1492 εἴποι
2827 1455 2840 1469 ⁸
2877 1437 3001 1501 Πῶς
3025 1435 3387 1505 φυλάσσοντος
3414 1433 3508 1486 τοῦ
3535 1433 3782 1504 Χριστοῦ

2187 1534 2468 1598 ἀπώλετο;
2514 1532 2756 1596 λεκτέον,
2794 1531 2879 1584 ὅτι
2923 1529 2987 1581 οὺ
3033 1528 3160 1590 τοὺς
3191 1525 3432 1594 φαύλους
3480 1526 3778 1595 φυλάσσει,

2185 1626 2301 1680 ἀλλ’
2330 1626 2359 1679 ὃ
2404 1625 2498 1678 ἐὰν
2535 1621 2899 1688 αὐτεξουσίως
2937 1619 3137 1673 θέλωσι
3169 1618 3520 1704 πράττουσι..
3547 1617 3694 1680 Τοὺς
3725 1617 3781 1670 δὲ

2188 1721 2427 1788 ἀγαθοὺς
2474 1718 2738 1787 φυλάσσει
2784 1716 2882 1769 καλ⁵
2927 1713 3179 1781 δυναμοῖ,
3223 1709 3314 1762 διὰ
3354 1710 3416 1763 τὸ
3469 1711 3547 1780 μὴ
3585 1711 3780 1781 ἀρκεῖν

506 1785 615 1873 rat,
649 1812 775 1878 quia
810 1810 1032 1866 libertas
1063 1811 1276 1866 arbitrii
1297 1826 1394 1879 per
1428 1825 1489 1866 se
1511 1826 1616 1866 non
1648 1811 1850 1867 sufficit
1878 1813 2084 1870 homini

2205 1785 2283 1885 την
2313 1813 2407 1867 τοῦ
2438 1785 2726 1882 ἀνθρώπου
2757 1807 3081 1879 προαίρεσιν
3114 1802 3412 1872 φυλάσσειν
3441 1802 3634 1856 αὐτόν.

505 1901 883 1956 custodiendo.

568 1991 731 2047 Vens.
763 1994 852 2047 M.
881 2013 900 2045 ι
929 1993 1042 2064 Ego
1069 1993 1188 2048 dedi
1215 1993 1296 2048 eis
1316 2008 1618 2049 sermonem
1653 2002 1822 2060 tuum,
1855 2005 1910 2052 et
1930 2013 2087 2052 mun-

503 2085 605 2138 dus
633 2100 726 2139 eos
757 2086 880 2138 odio
905 2087 1111 2150 habuit,
1140 2087 1265 2155 quia
1292 2101 1397 2141 non
1424 2096 1552 2142 sunt
1586 2087 1654 2143 de
1683 2089 1908 2154 mundo,
1942 2091 2082 2146 sicut

504 2184 558 2228 et
579 2189 680 2244 ego
711 2190 814 2228 non
847 2190 966 2229 sum
990 2176 1056 2228 de
1077 2177 1298 2230 mundo.
1335 2195 1356 2229 ι

557 2267 783 2332 Quando
815 2268 968 2332 dicit,
1001 2269 1066 2321 de
1093 2269 1290 2323 mundo
1319 2277 1464 2333 sunt,
1495 2277 1747 2325 naturam
1787 2271 2039 2342 intelligit
2065 2289 2081 2340 ;

504 2371 626 2410 cum
663 2373 792 2433 vero
817 2359 972 2420 dicit,
997 2375 1100 2412 non
1122 2370 1268 2423 sunt,
1301 2375 1488 2415 eorum
1525 2363 1796 2428 significat
1821 2364 2085 2420 innocen-

507 2450 659 2512 tiam,
692 2453 766 2503 uti
795 2459 850 2503 et
874 2451 986 2520 ipse
1011 2461 1150 2504 erat.
1197 2451 1467 2507 Particula
1513 2468 1642 2509 vero
1678 2456 1818 2508 sicut
1867 2471 1973 2509 non
2005 2465 2087 2511 est

505 2542 828 2594 omnimodae
863 2543 1139 2610 puritatis;
1175 2545 1267 2598 sed
1307 2558 1370 2598 ac
1401 2545 1446 2599 si
1482 2545 1628 2600 dicat
1661 2563 1674 2599 :
1710 2545 1828 2600 Jam
1855 2546 1977 2601 coeli
2007 2546 2087 2602 ci-

505 2646 598 2686 res
631 2631 754 2686 facti
782 2643 928 2695 sunt,
961 2643 1015 2688 et
1041 2635 1388 2690 nihilhabeut
1409 2651 1531 2690 cum
1558 2637 1759 2690 mundo
1778 2651 2084 2690 commune.

505 2722 692 2791 Magna
759 2725 1026 2791 siquidem
1090 2735 1403 2779 naturarum
1466 2727 1753 2782 diversitas
1805 2737 1943 2782 est:
1998 2727 2090 2784 ille

504 2813 703 2881 quippe
729 2823 917 2868 natura
953 2814 1121 2880 Deus,
1155 2816 1206 2869 hi
1240 2831 1369 2872 vero
1395 2817 1644 2873 hoiuines
1675 2829 1853 2874 erant.

575 2902 737 2956 Vens.
776 2904 865 2957 15.
902 2923 922 2956 ι
961 2905 1073 2959 Νοη
1109 2920 1237 2973 rogo
1261 2919 1319 2962 ut
1353 2908 1506 2964 tollas
1537 2923 1630 2965 eos
1657 2911 1724 2964 de
1755 2910 1975 2978 mundo,
1993 2913 2088 2968 sed

507 2998 564 3042 ut
593 3005 779 3044 serves
803 3007 896 3046 eos
921 3008 949 3044 a
981 2993 1142 3050 malo.
1184 3013 1206 3046 ι

561 3080 1004 3150 Quandoquidem
1033 3087 1281 3156 discipuli
1316 3088 1366 3142 in
1402 3087 1556 3144 factis
1583 3091 1696 3147 suis
1736 3091 1903 3146 etiam
1926 3091 2088 3147 Chri-
2117 3124 2164 3186 ο

508 3186 593 3227 sto
615 3174 820 3228 similes
847 3176 1011 3231 futuri
1045 3188 1223 3245 erant,
1255 3182 1332 3234 ait
1382 3196 1476 3236 eos
1508 3197 1646 3251 opus
1684 3184 1884 3238 habere
1913 3184 2088 3253 Spiri-

511 3276 594 3318 tus
619 3266 1070 3334 sanctificatione,
1106 3278 1168 3322 ut
1217 3271 1404 3323 orbem
1430 3274 1635 3339 absque
1679 3272 1806 3326 mali
1853 3273 2085 3342 alicujus

511 3356 897 3423 impedimento
941 3374 1230 3427 peragrare
1258 3372 1494 3429 possent.

571 3446 737 3502 Vsus.
768 3449 853 3503 l6.
895 3469 913 3501 ι
949 3451 1012 3504 Et
1042 3468 1138 3519 pro
1173 3452 1255 3505 eis
1285 3468 1384 3518 ego
1419 3455 1702 3510 sanctifico
1758 3459 2026 3527 meipsutu
2065 3477 2082 3517 :

511 3550 570 3592 ut
598 3542 707 3592 sint
736 3551 790 3594 et
815 3543 912 3608 ipsi
937 3544 1261 3596 sanctificati
1296 3544 1348 3596 in
1381 3545 1627 3601 veritate.
1661 3567 1680 3600 ι

595 3630 876 3686 Sacrificia
933 3634 1122 3686 omnia
1173 3643 1358 3688 sancta
1411 3648 1694 3704 vocantur,
1766 3651 1953 3711 utpote
1984 3643 2094 3701 Deo

512 3721 709 3775 oblata.
743 3721 854 3776 Hoc
895 3731 1071 3776 autem
1103 3725 1156 3778 in
1192 3729 1413 3782 veritate
1456 3729 1608 3792 dixit,
1645 3733 1768 3802 quia
1811 3735 1861 3787 in
1921 3735 2091 3807 figura

513 3823 631 3867 erat
663 3830 780 3881 quze
813 3830 906 3882 per
933 3830 1088 3869 ovem
1139 3816 1296 3872 fiebat
1348 3820 1730 3891 sanctificatio,
1793 3825 1873 3880 vel
1925 3831 2090 3883 etiam

512 3911 638 3974 quia
672 3908 770 3961 hos
814 3908 907 3961 tibi
939 3907 1108 3963 offero
1142 3910 1192 3963 iu
1219 3910 1542 3968 oblationem
1583 3933 1598 3982 ;
1633 3919 1716 3970 vcl
1745 3919 1867 3987 quia
1904 3920 2006 3976 hoc
2036 3922 2091 3976 in

511 4000 704 4066 rapitis
746 4001 1116 4056 immolatione
1171 4001 1378 4058 factum
1419 4015 1543 4071 est;
1598 4009 1682 4063 vel
1730 4011 1914 4078 etiam,
1964 4014 2090 4083 quia

513 4094 610 4160 ipsi
635 4095 945 4148 obtulerunt
1001 4111 1232 4166 corpora
1262 4114 1355 4152 sua
1388 4099 1620 4155 hostiam
1651 4103 1919 4159 viventem
1959 4123 1974 4173 ;
2011 4107 2092 4161 vel

513 4185 766 4250 denique,
801 4185 927 4253 quia
985 4187 1105 4241 sine
1139 4197 1314 4242 morte
1369 4205 1579 4258 eorum,
1640 4192 1757 4261 ipse
1809 4195 1936 4250 fecit
1974 4196 2090 4252 illos

513 4273 867 4340 sacrificium,
903 4291 999 4344 pro
1031 4277 1140 4330 illis
1171 4280 1407 4336 occisus.

569 4360 731 4417 Vens.
765 4363 857 4420 20.
902 4384 919 4416 ι
951 4365 1064 4420 Νοη
1098 4383 1196 4435 pro
1225 4371 1305 4423 eis
1340 4379 1523 4425 autem
1568 4387 1698 4442 rogo
1738 4383 1968 4444 tantum,
1999 4379 2091 4431 sed

2265 2015 2284 2049 ι
2331 1994 2474 2064 Ἐγὼ
2497 1995 2707 2049 δέδωκα
2737 1996 2923 2059 αὐτοῖς
2947 1993 3038 2048 τὸν
3065 1994 3222 2062 λόγον
3247 2009 3366 2055 σου,
3393 1989 3492 2044 καὶ
3517 1990 3547 2042 6
3569 1989 3778 2058 κόσμος

2187 2089 2452 2158 ἐμίσησεν
2487 2089 2708 2153 αὐτοὺς,
2741 2088 2943 2141 ὅτιούκ
2973 2086 3113 2139 εἰσὶν
3151 2087 3218 2138 ἐκ
3242 2083 3338 2138 τοῦ
3372 2084 3606 2154 κόσμου,
3642 2080 3778 2134 καθ-

2185 2181 2261 2244 ὼς
2288 2181 2396 2246 ἐγὼ
2421 2181 2522 2234 οὐκ
2556 2181 2673 2251 εἰμί
2697 2181 2762 2232 ἐκ
2790 2179 2884 2232 τοῦ
2917 2178 3148 2248 κόσμου.
3195 2195 3214 2228 ι

2260 2271 2431 2325 Ὅταν
2460 2271 2618 2343 λέγῃ,
2657 2271 2726 2324 ἐκ
2768 2270 2876 2324 τοῦ
2900 2270 3134 2338 κόσμου
3160 2267 3280 2321 εἰσί
3302 2305 3318 2330 ,
3349 2264 3448 2336 τὴν
3487 2264 3652 2334 φύσιν
3689 2263 3776 2315 λέ-

2189 2369 2310 2433 γει·
2355 2364 2484 2417 ὅταν
2523 2363 2583 2416 δὲ
2626 2361 2786 2436 λέγῃ,
2820 2361 2912 2414 ὅτι
2952 2363 3065 2414 οὐκ
3109 2359 3253 2424 εἰσί,
3284 2357 3457 2410 διὰτὸ
3501 2356 3776 2425 ἀπόνηρον

2189 2457 2362 2526 λέγει,
2394 2458 2472 2519 ὡς
2502 2457 2596 2511 καὶ
2625 2455 2787 2518 αὐτὸς
2824 2450 2915 2526 ἦν.
2948 2454 3022 2506 Τὸ
3049 2453 3105 2506 δέ
3135 2452 3333 2517 καθὼς
3364 2443 3469 2504 ὧδε
3500 2449 3604 2502 οὐκ
3631 2447 3777 2500 ἐστιν

2189 2550 2475 2622 ἀκριϐείας
2518 2547 2974 2620 ἀπαραλλάκτουο
3019 2546 3048 2599 ὃ
3085 2545 3140 2598 δὲ
3183 2544 3368 2611 λέγει,
3397 2541 3562 2594 τοῦτό
3596 2544 3774 2593 ἐστιν·

2191 2642 2628 2713 Οὐρανοπολῖται
2669 2641 2954 2709 γεγόνασι,
2979 2639 3076 2692 καὶ
3103 2636 3259 2690 οὐδὲν
3293 2635 3478 2705 έχουσι
3509 2633 3649 2704 πρὸς
3681 2632 3776 2700 τὴν

2188 2735 2295 2804 γῆν
2336 2735 2533 2788 κοινόν.
2587 2733 2731 2786 Πολὺ
2766 2733 2874 2804 γὰρ
2921 2731 2985 2784 τὸ
3033 2731 3142 2782 τῶν
3190 2729 3407 2798 φύσεων
3435 2726 3727 2796 διάφορον·

2170 2821 2198 2874 6
2220 2823 2308 2890 μέν
2322 2827 2437 2879 ἐστι
2465 2825 2626 2895 φύσει
2651 2823 2815 2888 Θεὸς,
2849 2824 2898 2877 οἱ
2927 2823 2982 2876 δὲ
3013 2820 3318 2892 ἄνθρωποι.

2267 2936 2287 2970 ι
2324 2919 2439 2972 Οὐκ
2486 2916 2675 2988 ἐρωτῶ
2712 2917 2800 2970 ἵνα
2852 2916 2995 2988 ἄρῃς
3040 2913 3244 2975 αὐτοὺς
3303 2912 3368 2963 ἐκ
3416 2909 3515 2963 τοῦ
3551 2908 3776 2978 κόσμου,

2190 3011 2306 3066 ἀλλ’
2336 3011 2426 3064 ῖνα
2452 3012 2700 3082 τηρήσῃς
2725 3010 2922 3072 αὐτοὺς
2950 3009 3015 3061 ἐκ
3040 3008 3132 3062 τοῦ
3167 3003 3432 3075 πονηροῦ.
3472 3022 3491 3055 ι

2275 3081 2722 3170 Ἐπειδὴνὸμοιον
2768 3097 3004 3169 ἦμελλον
3055 3097 3233 3148 ποιεῖν
3291 3095 3340 3146 οἰ
3396 3090 3671 3162 μαθηταὶ,
3722 3081 3784 3143 οὗ

2193 3193 2450 3261 ἐποίησεν
2497 3193 2525 3244 6
2558 3192 2830 3262 Χριστὸς,
2862 3189 3069 3243 δεῖσθαι
3118 3186 3314 3249 αὐτούς
3366 3201 3496 3254 φησι
3548 3181 3647 3235 τοῦ
3693 3182 3789 3236 διὰ

2193 3282 2508 3352 Πνεύματος
2555 3281 2864 3353 άγιασμοῦ,
2902 3283 2989 3334 ἵνα
3019 3279 3283 3348 δυνηθῶσι
3320 3276 3636 3344 διαδραμεῖν
3671 3273 3789 3343 τὴν

2191 3375 2541 3445 οἰκουμένην,
2570 3375 2643 3446 μὴ
2669 3374 3088 3444 ἐμποδιζόμενοι
3117 3371 3214 3423 ὑπὸ
3240 3368 3329 3421 τοῦ
3359 3365 3628 3436 πονηροῦ.

2271 3485 2290 3518 ι
2332 3470 2444 3520 Καὶ
2477 3467 2620 3539 ὑπὲρ
2649 3467 2830 3520 αὐτῶν
2861 3464 2972 3534 ἐγὼ
3023 3463 3232 3534 ἁγιάζω
3262 3458 3495 3531 ἐμαυτόν
3515 3476 3530 3490 ’
3563 3458 3662 3513 ϊνα
3688 3459 3790 3513 καὶ

2194 3559 2348 3614 αὐτοὶ
2373 3554 2506 3612 ὦσιν
2539 3559 2864 3628 ἡγιασμένοι
2901 3559 2960 3613 ἐν
2983 3557 3229 3627 ἀληθείᾳ.
3272 3573 3290 3607 ι

2265 3653 2332 3705 Αἰ
2363 3651 2547 3705 θυσίαι
2602 3652 2774 3703 πᾶσαι
2819 3650 2972 3717 ἅγιαι
3001 3649 3313 3710 καλοῦνται,
3353 3644 3429 3710 ὡς
3454 3642 3575 3714 Θεῷ
3603 3661 3783 3715 προσ-

2196 3745 2482 3813 αγόμεναι,
2517 3743 2590 3794 Τὸ
2625 3741 2682 3794 δέ
2707 3742 2777 3794 ἐν
2804 3741 3062 3811 ἀληθείᾳ
3088 3737 3260 3802 εἶπεν,
3292 3739 3374 3791 ὃτι
3397 3739 3454 3790 ἐν
3479 3737 3637 3805 τύπῳ
3660 3733 3731 3807 ἦν
3756 3737 3784 3788 6

2194 3835 2281 3890 διὰ
2310 3835 2402 3888 τοῦ
2441 3834 2714 3905 προϐάτου
2747 3835 3046 3903 άγιασμόςο
3066 3833 3186 3902 ἦτοι
3212 3831 3274 3884 τὸ
3307 3830 3420 3882 Καὶ
3467 3829 3665 3890 αὐτούς
3703 3845 3784 3880 σοι

2195 3925 2490 3994 ἀνατίθημι
2524 3926 2875 3997 προσφοράν’
2923 3924 2956 3993 ἦ
2987 3923 3068 3988 τὸ,
3104 3923 3204 3993 τῆς
3241 3921 3486 3990 κεφαλῆς
3513 3919 3784 3988 θυομένης

2195 4018 2354 4071 τοῦτο
2382 4017 2591 4085 ἐγίνετο
2612 4035 2627 4048 ο
2661 4018 2720 4088 ἦ,
2751 4018 2832 4070 ὅτι
2859 4015 2952 4069 καὶ
2971 4015 3124 4069 αὐτοὶ
3149 4014 3428 4084 παρίστων
3459 4013 3526 4066 τὰ
3557 4011 3784 4080 σώματα

2195 4110 2401 4162 ἑαυτῶν
2431 4109 2624 4162 θυσίαν
2660 4109 2842 4171 ζῶσαν
2867 4125 2878 4136 ·
2905 4109 2937 4179 ἢ
2963 4107 3079 4168 καὶ,
3117 4107 3199 4160 ὄτι
3230 4106 3402 4176 χωρὶς
3431 4104 3663 4157 θανάτου
3691 4103 3783 4156 θυ-

2197 4203 2319 4257 σίαν
2347 4202 2545 4265 αὐτοὺς
2574 4201 2770 4267 ἐποίει,
2803 4202 2944 4272 ὑπὲρ
2968 4198 3150 4254 αὐτῶν
3176 4196 3647 4269 σφαγιαζόμενος.

2271 4391 2290 4424 ‹
2329 4373 2402 4425 Οὐ
2435 4374 2563 4444 περὶ
2593 4373 2799 4427 τούτων
2826 4375 2883 4428 δέ
2917 4375 3108 4445 ἐρωτῶ
3141 4374 3322 4446 μόνον,
3355 4372 3495 4426 ἀλλὰ
3524 4373 3622 4424 καὶ
3652 4370 3775 4441 περί

512 4463 563 4508 et
589 4470 685 4522 pro
727 4457 807 4510 eis
856 4459 944 4525 qui
987 4459 1249 4514 credituri
1285 4471 1414 4516 sunt
1470 4478 1567 4531 per
1627 4467 1849 4520 verbum
1902 4483 2089 4524 eorum

2205 4463 2305 4519 τῶν
2330 4465 2697 4520 πιστευόντων
2727 4466 2814 4520 διὰ
2841 4467 2936 4521 τοῦ
2969 4466 3129 4536 λόγου
3160 4466 3339 4520 αὐτῶν
3367 4467 3446 4530 εἰς
3483 4465 3611 4535 ἐμέ.
3649 4483 3669 4515 ι

512 4546 565 4600 in
593 4563 693 4601 tne.
727 4567 745 4599 ι

565 4638 682 4692 Νοη
715 4640 845 4694 solis
876 4641 1176 4710 discipulis,
1207 4644 1300 4698 sed
1332 4652 1386 4699 et
1415 4645 1667 4699 omnibus
1714 4645 1962 4702 fidelibus
1993 4665 2091 4718 po-

515 4729 675 4784 stulat
729 4731 976 4785 Christus
1028 4734 1264 4802 Spiritus
1319 4737 1494 4789 sancti
1551 4737 1783 4808 gratiam
1843 4742 2091 4806 concedi,

513 4838 634 4891 qua!
662 4823 915 4877 nimirum
957 4825 1228 4879 hominem
1255 4831 1321 4882 ad
1358 4829 1598 4883 divinam
1657 4831 1948 4899 imaginem
2008 4849 2095 4889 re-

513 4913 730 4968 format.
762 4916 852 4968 llla
883 4929 1061 4970 autem
1087 4920 1399 4988 coniunctio
1425 4937 1527 4975 non
1555 4923 1611 4974 fit
1644 4927 1939 4981 secundum
1968 4928 2094 4982 sub-

512 5008 788 5071 stantiam,
817 5007 900 5058 vel
935 5007 1275 5077 hypostasin,
1304 5012 1397 5065 sed
1431 5027 1526 5079 per
1565 5013 1686 5066 fidei
1713 5017 2086 5084 concordiam,

512 5112 618 5161 qua
643 5106 908 5150 noverunt
929 5096 1110 5152 fideles
1135 5097 1326 5152 Filium
1359 5101 1696 5170 beneplacito
1718 5102 1897 5162 Patris
1917 5106 2096 5162 incar-

513 5195 697 5241 natum
730 5200 870 5242 esse.
917 5185 1031 5242 Hoc
1063 5188 1206 5243 enim
1231 5199 1315 5244 est
1339 5203 1464 5246 esse
1488 5193 1736 5249 missum.

573 5367 733 5424 Vens.
764 5369 854 5424 2‘2.
895 5391 914 5425 ‹
944 5373 1012 5426 Ει
1042 5388 1141 5442 ego
1170 5373 1494 5442 claritatem,
1529 5393 1688 5448 quam
1717 5380 1909 5434 dedisti
1942 5381 2093 5448 mihi,

516 5459 634 5511 dmli
660 5463 772 5516 eis:
804 5473 860 5516 nt
885 5464 994 5518 sint
1015 5481 1202 5532 unum,
1231 5469 1370 5522 sicut
1397 5479 1449 5523 et
1503 5485 1601 5524 nos
1630 5487 1795 5525 unum
1823 5489 2028 5526 sumus.
2071 5491 2088 5524 ι

577 5551 892 5608 Claritatent
921 5557 1050 5610 dicit
1081 5575 1197 5612 eam
1227 5577 1346 5629 qua:
1393 5576 1462 5615 ex
1495 5563 1683 5630 signis,
1721 5575 1775 5618 et
1809 5561 2094 5630 doctrinis,

521 5646 685 5705 atque
721 5643 1022 5699 animorum
1043 5651 1400 5706 consensione
1424 5652 1741 5706 exsistebat.
1774 5653 1888 5722 Ipse
1919 5666 2094 5712 autem

534 5743 658 5782 cum
692 5734 853 5785 etiam
889 5736 1196 5805 largiretur,
1236 5754 1454 5813 propter
1503 5745 1778 5800 auditores
1820 5757 1994 5801 tamen
2042 5751 2091 5804 in

2267 4643 2341 4697 Οὐ
2370 4645 2556 4714 μόνοις
2597 4648 2708 4709 τοῖς
2743 4646 3034 4716 μαθηταῖς,
3077 4645 3214 4699 ἀλλὰ
3248 4647 3342 4700 καὶ
3368 4649 3506 4700 πᾶσι
3545 4648 3664 4709 τοῖς
3694 4664 3781 4699 πι-

2199 4739 2342 4800 στοῖς
2389 4739 2533 4791 αἰτεῖ
2567 4740 2595 4791 6
2623 4739 2860 4810 Χριστὸς
2887 4738 2987 4809 τὴν
3013 4739 3102 4792 διά
3137 4738 3232 4791 τοῦ
3267 4739 3424 4808 ἁγίου
3463 4740 3782 4809 Πνεύματος

2162 4828 2415 4900 ’δοθῆναι
2457 4831 2637 4902 χάριν,
2664 4831 2764 4900 τὴν
2802 4832 2884 4894 εἰς
2925 4830 3077 4884 θείαν
3120 4831 3306 4884 εἰκόνα
3348 4832 3441 4884 τὸν
3492 4832 3779 4903 ἄνθρωπον

2197 4921 2642 4992 άναμορφοῦσαν.
2666 4921 2814 4994 Αὕτη
2841 4924 2898 4976 δὲ
2931 4925 2965 4994 ὴ
2991 4923 3187 4986 ἐνωσις
3216 4924 3278 4976 οὐ
3325 4927 3450 4980 κατ’
3480 4926 3675 4978 οὐσίαν
3706 4926 3782 4993 γί-

2197 5029 2382 5080 νεται,
2425 5013 2616 5083 ἧκαθ’
2660 5015 2984 5083 ὑπόστασιν,
3041 5017 3178 5071 ἀλλὰ
3226 5017 3369 5072 κατὰ
3407 5017 3509 5088 τὴν
3553 5018 3658 5087 τῆς
3701 5016 3786 5070 πί-

2200 5121 2369 5169 στεως
2400 5105 2740 5175 συμφωνίαν,
2781 5108 2906 5162 καθ’
2937 5109 3006 5179 ἣν
3052 5109 3300 5177 ἔγνωσαν
3331 5111 3379 5162 οἰ
3411 5112 3619 5171 πιστοὶ,
3650 5111 3736 5163 ὅτι
3762 5110 3786 5161 6

2197 5199 2327 5262 Υἱὸς
2370 5198 2590 5271 εὐδοκία
2628 5200 2842 5270 Πατρὺς
2885 5200 3199 5274 ἐσαρκώθη.
3230 5201 3402 5255 Τοῦτο
3433 5203 3543 5273 γάρ
3584 5204 3704 5254 ἐστι
3733 5200 3788 5252 τὸ

2199 5293 2598 5364 ἀποσταλῆναι.
3211 5312 3216 5316 ·

2275 5403 2293 5435 ι
2335 5385 2444 5438 Καὶ
2493 5383 2604 5454 ἐγὼ
2640 5385 2737 5456 τὴν
2781 5386 2962 5451 δόξαν,
3019 5388 3084 5458 ἥν
3137 5387 3381 5450 δέδωκάς
3419 5406 3541 5455 μοι,
3581 5388 3786 5441 δέδωκα

2200 5478 2409 5542 αὐτοῖς,
2447 5478 2531 5531 ἵνα
2555 5473 2688 5532 ὦσιν
2712 5478 2792 5543 ἒν,
2822 5477 3005 5543 καθὼς
3036 5481 3196 5549 ἡμεῖς
3226 5480 3286 5532 ἐν
3317 5483 3508 5548 ἐσμεν.
3549 5499 3569 5532 ι

2270 5567 2437 5631 Δόξαν
2466 5569 2614 5638 λέγει
2649 5569 2746 5639 τὴν
2790 5569 2898 5622 τῶν
2934 5570 3180 5639 σημείων
3226 5571 3319 5623 καὶ
3361 5569 3653 5639 δογμάτων
3699 5571 3787 5622 καὶ

2199 5659 2524 5728 ὁμοψυχίας.
2555 5660 2728 5723 Αὐτὸς
2748 5661 2803 5714 δὲ
2833 5661 2907 5714 ὢν
2932 5663 2961 5714 ὁ
2983 5661 3180 5725 διδοὺς,
3208 5661 3298 5714 διὰ
3328 5663 3456 5725 τοὺς
3487 5662 3785 5722 ἀκούοντας

2213 5753 2605 5822 σγηματίζεται
2631 5752 2728 5824 τὴν
2761 5755 2994 5826 αἴτησιν,
3027 5753 3118 5807 καί
3144 5753 3219 5819 ὡς
3254 5753 3546 5823 ἄνθρωπος
3573 5755 3784 5826 λέγεται
