4038 6148
317 322 450 430 1505

1368 362 1834 424 FRAGMENTA
1870 363 1952 427 IN
1993 366 2055 429 S.
2094 367 2474 435 ΙΟΑΝΝΕΜ.

3445 372 3585 440 1506

312 475 612 548 λαμδάνειν
651 473 721 529 τά
770 473 932 545 φύσει
981 474 1254 550 προσόντα
1299 475 1472 548 αὐτῷ.
1519 475 1685 545 Λέγει
1713 475 1770 531 δὲ
1797 475 1885 549 rip

2006 478 2174 537 forma
2202 485 2466 541 orationis
2504 496 2682 560 rogat,
2717 487 2849 544 etin
2888 495 3152 556 quantum
3181 486 3350 543 homo
3383 488 3596 546 dicitur"

312 569 407 624 τοῦ
439 568 580 623 Πνεύ
588 585 758 641 ματος
786 568 967 640 χάριν.

398 765 418 799 ι
452 745 666 818 Πάτερ,
713 742 806 808 οὒς
834 740 1076 806 δέδωκάς
1113 760 1234 814 μοι,
1278 741 1449 810 θέλω,
1500 742 1586 799 ἵνα
1613 744 1748 799 ὅπου
1778 746 1895 818 είμλ⁸

315 838 446 907 ἐγὼ,
486 838 729 892 κάκεῖνοι
753 831 855 891 ῶσι
881 837 999 908 μετ’
1035 836 1193 907 ἐμοῦ.
1234 855 1255 888 ι

384 927 462 980 Δι’
490 920 566 980 ὧν
597 925 743 994 λέγει
773 925 863 979 τὸν
909 925 1180 979 δεδωκότα
1224 924 1319 977 καὶ
1350 923 1444 978 τὸν
1476 923 1715 980 λαϐόντα
1736 969 1751 994 ,
1795 926 1895 990 τάς

316 1019 643 1082 ὑποστάσεις
669 1018 818 1087 δηλοῖ
844 1017 1057 1088 Πατρὸς
1080 1018 1174 1071 καὶ
1206 1015 1358 1070 Υίοῦ.
1397 1018 1510 1070 Καὶ
1530 1018 1693 1073 πάλιν
1718 1018 1892 1074 εἰπὼν

314 1107 454 1165 εἶναι
500 1110 706 1163 ἐαυτὸν’
722 1109 827 1179 πρὸ
857 1109 1065 1179 κόσμου
1091 1146 1107 1173 ,
1150 1107 1360 1180 ἐλέγχει
1401 1110 1528 1172 τοὺς
1559 1110 1891 1182 αίρετικοὺς,

310 1204 438 1266 τοὺς
469 1201 725 1271 λέγοντας
770 1201 852 1255 ὅτι
883 1202 946 1254 ἐκ
972 1198 1080 1255 τῶν
1123 1199 1333 1270 χρόνων
1361 1201 1585 1271 Μαρίας
1630 1201 1758 1273 ἐσχε
1792 1202 1892 1274 τὴν

311 1293 484 1367 ἀρχὴν
516 1294 545 1347 ὁ
573 1292 828 1365 Χριστός.

896 1402 1148 1456 ΚΕΦΑΛ.
1191 1402 1300 1457 IH’.

384 1539 407 1576 ι
456 1518 661 1591 Ἰησοῦς
687 1515 782 1574 οὖν
810 1517 965 1581 εἰδὼς
992 1520 1172 1574 πάντα
1199 1518 1268 1591 τά
1290 1518 1565 1592 ἐρχόμενα
1593 1520 1679 1575 ἐπ’
1706 1519 1889 1588 αὐτὸν,

308 1613 564 1682 ἐξελθὼν,
590 1610 744 1666 εἶπεν
770 1613 954 1676 αὐτοῖς
970 1630 986 1644 ο
1013 1611 1149 1667 Τίνα
1180 1612 1430 1683 ζητεῖτες
1470 1631 1491 1666 ι

1995 578 2242 647 accipere
2295 595 2417 650 qua:
2448 581 2770 636 naturaliter
2816 580 3075 637 habebat.
3114 579 3354 651 Spiritus
3389 593 3573 638 autem

1992 665 2126 721 dicit
2151 670 2402 737 gratiam.

2046 756 2210 815 Vens.
2234 760 2326 815 24.
2356 780 2375 813 ι
2412 759 2593 830 Pater,
2622 777 2763 834 quos
2786 760 2981 817 dedisti
3018 761 3174 827 mihi,
3214 760 3336 817 volo
3372 770 3430 816 ut
3488 762 3578 817 ubi

1995 864 2117 905 sum
2145 867 2265 921 ego,
2307 863 2360 908 et
2396 855 2472 909 illi
2502 856 2611 911 sint
2645 872 2879 911 mecum.
2913 875 2933 908 ι

2044 941 2179 996 Dum
2214 944 2427 998 dantem
2453 955 2508 1001 et
2555 933 2908 1016 accipientem
2957 948 3220 1018 assignat,
3264 946 3446 1003 Patris
3484 947 3582 1003 Fi-

1993 1028 2158 1100 liique
2183 1046 2448 1100 personas
2500 1035 2789 1105 signilicat.
2825 1035 2893 1089 Et
2935 1053 3149 1101 rursus,
3199 1053 3321 1090 cum
3355 1051 3414 1091 se
3455 1047 3583 1092 ante

1993 1124 2249 1173 mundum
2273 1135 2394 1177 esse
2421 1126 2635 1187 asserit,
2669 1126 2956 1181 hzereticos
2990 1128 3365 1195 reprehendit,
3390 1128 3582 1183 dicen-

1995 1220 2074 1265 tes
2106 1209 2381 1268 Christum
2413 1214 2467 1269 in
2512 1202 2766 1287 tempore.
2789 1232 2859 1273 ex
2911 1216 3082 1273 Maria
3112 1219 3440 1291 principium
3473 1223 3574 1277 ha-

1990 1301 2192 1360 buisse.

2590 1422 2745 1479 CAP.
2778 1421 2971 1479 XVIII.

2049 1529 2211 1587 Vens.
2242 1532 2299 1588 4.
2328 1550 2350 1585 ι
2381 1533 2538 1590 Iesus
2569 1539 2756 1607 itaque
2774 1538 2955 1593 sciens
2975 1537 3181 1605 omnia,
3209 1552 3331 1608 qua:
3349 1548 3579 1595 ventura

1904 1664 1912 1670 .
1990 1631 2148 1677 erant
2172 1639 2339 1692 super
2376 1642 2524 1692 eum,
2575 1632 2866 1698 processit,
2921 1641 2977 1686 et
3028 1631 3167 1686 dixit
3229 1632 3341 1687 eis:
3399 1633 3573 1701 Quem

1990 1717 2239 1785 quaeritis
2261 1718 2283 1772 ἲ
2318 1736 2338 1769 ι

382 1799 497 1869 Οὐχ
531 1798 607 1861 ώς
637 1795 852 1865 ἀγνοῶν
885 1794 1096 1866 ἐρωτᾷ,
1127 1792 1243 1848 ἀλλ’
1283 1794 1371 1847 ἵνα
1401 1792 1640 1863 γνῶμεν,
1683 1793 1765 1846 ὅτι
1795 1791 1885 1847 καὶ

2008 1779 2162 1858 -Non
2195 1807 2352 1876 quasi
2377 1809 2595 1864 nescius
2631 1779 2950 1882 interrogat,
2972 1810 3066 1866 sed
3087 1819 3147 1865 ut
3185 1811 3426 1867 sciamus
3450 1811 3578 1882 quia
3612 1846 3636 1852 —

308 1890 503 1963 παρὼν
533 1890 630 1960 οὐχ
658 1889 892 1958 ἑωρᾶτο,
926 1886 959 1957 ἢ
985 1885 1332 1957 ἐγνωρίζετο,
1371 1887 1420 1938 εί
1447 1885 1523 1957 μὴ
1545 1885 1634 1939 ὅτε
1655 1884 1816 1956 ἧθελε
1839 1895 1886 1941 ο.

388 2077 477 2141 Ὠς
504 2075 659 2137 εἰδὼς
689 2073 886 2142 πάντα,
918 2073 1211 2144 ἀταράχως
1239 2071 1335 2124 ὅλα
1364 2070 1537 2125 ἐποίει
1567 2070 1662 2125 καὶ
1687 2071 1888 2140 ἐλάλει,

307 2170 402 2224 καὶ
426 2168 551 2222 οὔτε
577 2168 684 2221 ἀπὸ
711 2166 813 2236 τῆς
844 2168 1051 2236 φωνῆς,
1086 2163 1214 2218 οὔτε
1243 2166 1272 2217 ό
1312 2164 1516 2229 Ἰούδας
1546 2162 1671 2217 οὔτε
1704 2165 1756 2217 οἱ
1785 2165 1892 2218 λοι-

311 2262 402 2314 ‘uoi
427 2260 836 2328 ἐπεγίγνωσκον
868 2256 1053 2326 αὐτὸν,
1084 2259 1134 2309 εί
1163 2255 1238 2327 μὴ
1270 2256 1358 2309 ὅτε
1380 2255 1633 2327 ἠθέλησε.
1667 2254 1890 2327 [Cum]

384 2370 405 2404 ι
455 2352 573 2405 ’Ἰνα
619 2349 881 2421 πληρωθῇ
912 2348 940 2399 ὁ
987 2347 1178 2415 λόγος,
1225 2345 1286 2400 ὃν
1316 2341 1469 2399 εἶπεν
1488 2363 1503 2377 ο
1537 2347 1660 2399 Ὅτι
1688 2345 1781 2409 οὓς
1809 2345 1889 2399 δέν

304 2442 483 2506 δωκάς
516 2458 626 2512 μοι,
662 2440 762 2492 οὐκ
791 2436 1051 2492 ἀπώλεσα
1074 2436 1133 2503 ἐξ
1160 2435 1338 2489 αὐτῶν
1368 2436 1579 2490 οὐδένα.
1620 2454 1639 2488 ι

376 2533 477 2587 Διά
500 2532 598 2595 τάς
626 2530 736 2584 τῶν
773 2525 1028 2599 μαθητῶν
1073 2526 1357 2589 ἀσθενείας
1388 2524 1494 2589 ἔξω
1523 2526 1757 2577 ποιεῖται
1790 2524 1890 2579 αὺ-

304 2624 435 2686 τοὺς
462 2618 806 2693 πειρασμῶν,
834 2617 910 2681 ὡς
944 2616 1076 2680 Θεὸς
1115 2615 1204 2669 ἀεὶ
1243 2612 1581 2684 φυλάσσωνά
1613 2614 1741 2677 τοὺς
1787 2630 1891 2683 μα-

307 2713 498 2783 θητὰς,
526 2709 686 2780 μόνον
706 2707 798 2761 τὸν
831 2705 1032 2760 Ἰούδαν
1051 2707 1119 2776 τῇ
1144 2705 1504 2776 προαιρετικῇ
1534 2702 1705 2773 κακίᾳ
1724 2701 1891 2767 ἐάσας

308 2801 631 2857 ἀπολέσθαι.

384 2914 404 2947 ι
449 2895 512 2947 'H
544 2888 638 2946 οὖν
667 2890 883 2960 σπεῖρα,
912 2888 1009 2941 καὶ
1034 2888 1064 2940 ὁ
1092 2884 1394 2957 χιλίαρχος,
1417 2886 1511 2939 καὶ
1535 2886 1583 2938 οἱ
1617 2885 1889 2957 ὑπηρέται

304 2987 415 3040 τῶν
479 2983 749 3039 Ἰουδαίων
793 2980 1083 3036 συνέλαϐον
1128 2981 1219 3034 τὸν
1278 2978 1509 3047 Ἰησοῦν,
1562 2981 1656 3032 καὶ
1692 2979 1889 3050 ἔδησαν

303 3083 489 3139 αὐτόν.
532 3100 551 3133 ι

1995 1911 2234 1965 praasens
2286 1914 2395 1954 non
2455 1901 2763 1971 videbatur,
2828 1918 2930 1959 nec
2974 1906 3428 1975 cognoscebam,
3473 1906 3580 1961 nisi

1996 1991 2215 2059 quando
2232 1991 2471 2048 volebat.

2046 2080 2183 2135 Cum
2211 2092 2407 2137 cuncta
2456 2085 2584 2152 scit,
2621 2086 2804 2141 omnia
2831 2087 3019 2157 quiete
3050 2099 3107 2144 et
3138 2087 3288 2144 .l'acit
3327 2098 3382 2146 et
3402 2089 3580 2161 loqui-

1997 2178 2105 2238 tur,
2141 2181 2197 2227 et
2238 2189 2418 2243 neque
2463 2173 2630 2232 Judas
2658 2192 2834 2246 neque
2878 2180 3059 2236 caeteri
3092 2181 3344 2250 discipuli
3392 2198 3515 2238 eum
3543 2199 3576 2237 a

1994 2264 2175 2319 sonitu
2208 2268 2359 2322 vocis
2380 2271 2784 2337 cognoscebant
2813 2271 2859 2325 si
2895 2286 3004 2325 non
3034 2272 3215 2329 vellet.

2026 2356 2193 2412 Vens.
2218 2356 2272 2410 9.
2309 2374 2328 2407 ι
2365 2357 2771 2427 Utimpleretur
2805 2374 3005 2425 sermo,
3032 2377 3193 2432 quem
3229 2364 3398 2419 dixit:
3438 2365 3578 2434 Quia

1993 2460 2130 2514 quos
2160 2447 2358 2501 dedisti
2388 2447 2540 2512 mihi,
2577 2462 2682 2502 non
2720 2450 2928 2518 perdidi
2956 2466 3023 2505 ex
3052 2453 3133 2506 eis
3158 2469 3508 2525 quemquam.
3541 2476 3562 2510 ι

2038 2535 2270 2606 Propter
2307 2538 2702 2608 discipulorum
2749 2541 3196 2610 imbecillitatem,
3250 2560 3346 2602 eos
3401 2558 3578 2605 tenta-

1994 2628 2233 2683 tionihus
2282 2629 2554 2698 subducit,
2587 2642 2646 2685 ut
2676 2630 2818 2687 Deus
2864 2648 3082 2704 semper
3110 2650 3205 2691 eos
3235 2638 3572 2707 custodiens,

1992 2721 2167 2776 solum
2216 2720 2409 2776 Judam
2464 2724 2535 2778 ob
2591 2735 2950 2793 spontaneam
3020 2730 3346 2795 pravitatem
3418 2734 3572 2805 perdi

1993 2826 2199 2866 smens.

2056 2901 2213 2956 Vens.
2234 2902 2330 2957 ‘12.
2366 2920 2385 2954 ι
2420 2902 2631 2959 Cohors
2654 2919 2806 2976 ergo,
2838 2914 2895 2961 et
2923 2908 3194 2975 tribunus,
3250 2920 3308 2968 et
3338 2912 3573 2968 ministri

1989 2990 2301 3048 Iudaeorum
2335 2997 2870 3066 comprehenderunt
2902 2996 3112 3066 Jesum,
3147 3009 3204 3056 et
3267 3002 3575 3074 ligaverunt

1990 3096 2136 3139 eum.
2172 3104 2192 3136 ι

374 3135 647 3242 Δήσαντες
678 3169 843 3224 αὑτὸν
880 3166 1206 3238 ἐπλήρωσαν
1229 3164 1288 3217 τὸ
1315 3162 1610 3259 εἰρημένον
1631 3163 1877 3218 Ἡσαΐου·

2006 3135 2303 3247 “lii—gantes
2328 3193 2451 3233 eum
2485 3136 2847 3249 impleverunt
2899 3184 3044 3252 quod
3094 3135 3300 3241 dictum
3345 3197 3430 3243 est
3475 3204 3572 3259 per

303 3264 592 3333 Δήσωμεν
625 3261 735 3315 τὸν
765 3259 1021 3313 δίκαιον.
1079 3255 1411 3326 Ἐδεσμεύοη
1457 3254 1486 3306 ὁ
1528 3252 1759 3323 Κύριος,
1797 3253 1884 3307 ῖνα

301 3355 518 3424 δεσμῶν
545 3353 695 3424 ἡμᾶς
720 3349 1005 3419 ἀπαλλάξῃ
1029 3347 1368 3401 διαϐολικῶν.

379 3464 399 3497 ι
449 3444 700 3515 Ἐξῆλθεν
727 3439 819 3497 οὖν
855 3444 884 3496 ὁ
915 3440 1162 3513 μαθητὴς
1191 3441 1221 3494 ό
1248 3438 1428 3503 ἄλλος,
1457 3437 1517 3501 ὃς
1541 3431 1611 3509 ἦν
1638 3437 1882 3505 γνωστὸς

301 3539 381 3608 τῷ
404 3539 683 3609 ἀρχιερεῖ,
714 3535 807 3590 καὶ
833 3531 956 3589 εἷπε
993 3537 1060 3605 τῇ
1098 3531 1351 3604 θυρωρῷ,
1376 3530 1473 3585 καὶ
1502 3531 1764 3602 εἰσήγαγε
1791 3531 1884 3585 τὸν

304 3632 535 3701 Πέτρον.
571 3647 590 3680 ι

376 3719 731 3792 Συνεισῆλθεν
781 3720 1035 3789 Ἰωάννης
1073 3715 1151 3787 τῷ
1213 3713 1389 3785 Ἰησοῦ
1426 3714 1563 3783 μετά
1592 3712 1686 3765 τοῦ
1723 3713 1882 3783 δχλου

303 3814 619 3884 ἀγνώστως,
646 3814 740 3866 καί
762 3811 882 3865 τότε
906 3809 983 3873 ὡς
1010 3806 1251 3877 γνωστὸς
1269 3800 1392 3858 εἷπε
1419 3807 1486 3876 τῇ
1512 3804 1771 3875 θυρωρῷ,
1790 3805 1884 3858 καὶ

304 3908 567 3977 εἰσήγαγε
590 3916 613 3944 θ
645 3903 734 3957 τὸν
761 3901 987 3970 Πέτρον.

386 4017 406 4050 ι
456 3999 514 4051 Ὀ
560 3990 655 4050 οὖν
701 3992 990 4065 ἀρχιερεὺς
1044 3987 1296 4061 ἠρώτησε
1347 3987 1439 4042 τὸν
1493 3984 1702 4057 Ἰησοῦν
1753 3984 1883 4056 περὶ

301 4089 412 4143 τῶν
437 4085 693 4160 μαθητῶν
717 4081 905 4144 αὑτοῦ,
934 4083 1031 4136 καὶ
1056 4082 1184 4153 περὶ
1204 4082 1302 4151 τῆς
1321 4079 1541 4149 διδαχῆς
1567 4076 1752 4132 αὐτοῦ.
1784 4096 1805 4130 ι

386 4181 473 4244 Ὠς
508 4176 835 4247 στασιαστὴν
857 4175 949 4228 καὶ
974 4171 1362 4242 νεωτεροποιὸν
1384 4169 1572 4243 ἠρώτα
1599 4168 1780 4235 αὑτὸν,
1807 4167 1883 4233 ὡς

308 4273 469 4344 μόνον
497 4271 606 4324 τῶν
650 4267 906 4338 μαθητῶν
950 4265 1115 4320 αὑτοῦ
1147 4263 1560 4334 προσερχόντων
1586 4261 1757 4331 αὐτῷ,
1788 4259 1882 4314 καὶ

300 4366 516 4427 οὐδενὸς
541 4362 736 4425 ἄλλου,
770 4359 843 4422 ὡς
875 4356 1239 4430 ἐργαστηρίου
1273 4352 1532 4426 πονηροῦ.
1585 4352 1801 4423 Ἦρώτα
1828 4352 1880 4404 τί

300 4458 549 4513 ἐδίδασκε
571 4457 698 4517 τοὺς
737 4451 932 4507 ἐαυτοῦ
965 4448 1233 4522 μαθητὰς,
1262 4446 1449 4519 ¹Ιγρώτιι
1479 4446 1641 4500 αὐτὸν
1673 4448 1722 4499 εί
1752 4461 1881 4499 συν-

1990 3266 2188 3321 Isaiam
2218 3283 2232 3320 :
2267 3265 2513 3334 Ligemus
2549 3267 2780 3336 justum.
2810 3270 3035 3338 Ligatus
3063 3283 3146 3329 est
3191 3276 3454 3334 Dominus
3475 3319 3490 3345 ,
3516 3292 3574 3336 ut

1991 3371 2093 3411 nos
2117 3371 2146 3411 a
2179 3356 2465 3412 diabolicis
2487 3359 2722 3413 vinculis
2760 3360 3040 3416 liberaret.

2042 3447 2318 3505 “135.16.
2361 3468 2379 3501 ι
2420 3449 2596 3504 Exivit
2620 3465 2749 3520 ergo
2772 3452 3074 3522 discipulus
3094 3455 3253 3522 alius,
3313 3436 3403 3528 qui
3452 3476 3573 3516 erat

1992 3552 2152 3596 notus
2183 3542 2447 3612 pontiﬁci,
2494 3551 2549 3597 et
2578 3542 2716 3597 dixit
2744 3545 3011 3612 ostiarius,
3057 3557 3114 3603 et
3140 3547 3442 3606 introduxit
3469 3551 3573 3607 Pe-

1991 3641 2156 3688 trum.
2196 3651 2217 3685 ι
2898 3708 2902 3713 Α

2041 3723 2321 3793 Ingressus
2347 3732 2435 3777 est
2454 3723 2693 3781 Joannes
2747 3742 2851 3781 una
2882 3742 3006 3782 cum
3050 3728 3206 3785 turba
3234 3731 3565 3806 incognitus,

1990 3821 2040 3868 et
2061 3823 2189 3867 tunc
2233 3822 2294 3868 ut
2317 3824 2478 3869 notus
2492 3815 2629 3869 dixit
2652 3817 2908 3884 ostiariae,
2937 3829 2992 3873 et
3009 3818 3307 3878 introduxit
3329 3825 3566 3884 Petrum.

2044 3990 2214 4045 Vens.
2248 3988 2337 4044 19.
2384 4007 2404 4042 ι
2434 3988 2686 4045 Pontifex
2733 4006 2862 4062 ergo
2889 3997 3246 4066 interrogavit
3288 3997 3472 4056 Jesum
3504 4005 3572 4060 de

1989 4080 2271 4150 discipulis
2296 4081 2430 4147 suis,
2456 4090 2511 4135 et
2541 4082 2608 4134 de
2639 4082 2885 4137 doctrina
2919 4084 3056 4153 ejus.
3088 4102 3109 4135 ι

2042 4171 2325 4242 Tanquam
2355 4172 2670 4228 seditiosum
2701 4188 2764 4228 ac
2813 4186 3128 4231 novatorem
3168 4180 3562 4251 interrogabat,

1989 4264 2143 4334 quasi
2172 4264 2424 4334 discipuli
2466 4262 2565 4317 soli
2601 4265 2775 4332 ipsum
2809 4267 3166 4336 audivissent,
3194 4280 3249 4325 et
3289 4274 3419 4327 nulli
3445 4275 3560 4342 alii,

1990 4365 2175 4427 utpote
2225 4356 2554 4413 maleﬁcum.
2604 4356 2745 4412 Petit
2792 4365 2970 4410 autem
3014 4360 3141 4427 quid
3194 4363 3439 4417 docuerit
3482 4365 3566 4419 di-

1989 4446 2228 4516 scipulos
2282 4462 2432 4514 suos,
2483 4457 2537 4503 et
2576 4460 2704 4500 num
2740 4446 2907 4517 Moysi
2959 4450 3284 4517 consentiat,
3333 4468 3400 4504 an
3435 4469 3565 4508 vero

302 4553 445 4604 αινεῖ
473 4552 585 4611 τοῖς
610 4546 697 4600 διὰ
719 4543 1001 4606 Μωῦσέως
1030 4541 1076 4608 ί,
1101 4542 1133 4612 ἢ
1157 4539 1375 4594 ἀλλοίαν
1393 4537 1744 4592 διδασκαλίαν
1769 4539 1885 4590 εἰσ-

2006 4537 2151 4591 |liam
2181 4539 2494 4606 quampiam
2527 4540 2827 4594 doctrinam
2883 4538 3219 4603 introducat,
3283 4552 3337 4596 et
3384 4545 3559 4612 qualia

304 4641 462 4711 ἀγει,
496 4640 591 4694 καὶ
631 4640 760 4692 ποῖα
786 4636 1062 4689 πείθονται
1092 4635 1139 4686 οί
1169 4630 1336 4688 αὑτοῦ
1376 4629 1643 4702 μαθηταὶ,
1669 4628 1757 4682 ῖνα
1790 4628 1885 4683 ἐὰν

302 4734 442 4805 εὕρῃ
483 4732 645 4786 αὐτὸν
695 4734 808 4792 τοῖς
833 4726 1112 4789 Μωῡσέως
1167 4721 1599 4792 ἐναντιούμενον,
1656 4717 1885 4792 παραδῷ

300 4828 399 4882 καὶ
421 4826 620 4888 αὐτοὺς
644 4822 718 4886 ὡς
750 4821 1053 4892 θεομάχους
1078 4820 1195 4880 τοῖς
1227 4815 1526 4875 Ἰουδαίοις.

380 4937 399 4970 ι
454 4916 754 4986 ’Δπεκρίθη
812 4913 966 4985 αὑτῷ
1015 4913 1045 4965 ὁ
1108 4909 1345 4980 Ἰησοῦς·
1412 4903 1557 4975 Ἐγὼ
1602 4901 1885 4974 παρρησίᾳ

299 5011 542 5082 ἐλάλησα
581 5009 658 5080 τῷ
689 5008 908 5078 κόσμῳ·
942 5001 1053 5075 ἐγὼ
1081 5003 1308 5057 πάντοτε
1329 4997 1542 5062 ἐδίδαξα
1572 4997 1631 5050 ἐν
1655 4996 1721 5066 τῇ
1753 5010 1881 5047 συν·-

297 5107 513 5174 αγωγῇ,
558 5102 654 5157 καὶ
688 5103 746 5156 ἐν
784 5098 871 5171 τῷ
899 5095 1052 5169 ίερῷ,
1097 5095 1232 5150 ὅπου
1277 5092 1479 5153 πάντες
1532 5088 1582 5140 οί
1635 5084 1880 5140 Ἰουδαῖοι

299 5195 652 5267 συνέρχονται
676 5210 690 5226 ο
725 5191 821 5246 καὶ
860 5190 918 5243 ἐν
939 5184 1169 5260 κρυπτῷ
1191 5182 1430 5254 ἐλάλησα
1454 5177 1630 5235 οὐδέν.
1665 5195 1685 5229 ι

381 5285 588 5358 Ἰησοῦς
625 5285 683 5338 δέ
717 5281 928 5350 ἐλέγχει
969 5277 1132 5331 αὑτὸν
1157 5269 1623 5344 προσποιούμενον
1661 5268 1879 5358 ἀγνοεῖν

292 5377 363 5429 τὰ
391 5357 448 5426 ἐν
493 5371 714 5444 φανερῷ
762 5368 1048 5438 εἰρημένα.
1087 5365 1150 5418 Et
1184 5364 1241 5416 δὲ
1278 5362 1459 5415 πάντα
1490 5357 1743 5429 φανερῶς
1769 5359 1878 5412 ἐδί-

292 5466 442 5530 δαξε,
473 5465 542 5518 τά
579 5462 851 5531 λεγόμενα
875 5459 944 5512 τὰ
963 5460 988 5499 ε
1016 5456 1170 5527 παρά
1200 5472 1311 5508 τισι
1338 5453 1470 5525 περὶ
1497 5451 1662 5507 αὑτοῦ
1681 5452 1708 5491 ιι
1739 5452 1876 5506 ἀπό-

296 5573 507 5627 κρυφοι,
535 5555 637 5608 οὐκ
661 5552 769 5605 εἰσὶ
799 5549 984 5604 δεκτά.

369 5719 390 5746 ⁶
419 5711 513 5767 Cr.
543 5710 591 5764 εί
626 5706 700 5779 μὴ
731 5703 941 5779 ἤθελεν.
1007 5702 1163 5779 d_Ctj._
1189 5702 1476 5779 φυλάσσει.

322 5783 517 5845 αὐτοὺς
544 5774 951 5846 ὡς’θὲομάχους
980 5777 1092 5839 τοῖς
1128 5774 1424 5838 Ἰουδαίοις.

1987 4629 2268 4697 discipulis
2322 4629 2668 4698 persuadeat,
2702 4641 2761 4683 ut
2809 4630 2853 4683 si
2899 4629 2953 4683 in
2982 4630 3163 4701 aliquo
3193 4632 3362 4705 Moysi
3425 4651 3561 4690 con-

1987 4721 2213 4774 trarium
2248 4721 2702 4789 deprehenderet,
2753 4719 3046 4789 discipulos
3092 4737 3309 4793 quoque
3360 4734 3418 4778 ut
3448 4726 3560 4781 Deo

1982 4812 2286 4865 contrarios
2315 4810 2517 4866 Iudaeis
2552 4812 2811 4865 traderet.

2038 4900 2202 4955 Vsus.
2236 4901 2328 4956 20.
2366 4921 2385 4954 ι
2427 4902 2795 4973 Responditei
2819 4892 3018 4959 Jesus:
3059 4904 3170 4976 Ego
3207 4905 3382 4976 palam
3415 4907 3561 4965 locu-

1990 5000 2075 5048 tus
2104 5009 2222 5048 sum
2255 4994 2456 5048 mundo
2482 5012 2497 5050 ι
2528 5009 2629 5065 ego
2651 5008 2869 5064 semper
2903 4997 3065 5051 docui
3093 4998 3143 5051 in
3181 5013 3478 5070 synagoga,
3505 5010 3561 5055 et

1988 5084 2043 5140 in
2077 5083 2296 5153 templo,
2353 5098 2463 5155 quo
2509 5100 2701 5141 omnes
2752 5085 2926 5143 Judaei
2981 5090 3360 5146 conveniunt:
3402 5103 3455 5149 et
3505 5095 3559 5148 in

1981 5175 2193 5232 occulto
2227 5175 2438 5232 locutus
2468 5177 2764 5232 suntnihil.
2805 5196 2826 5231 ι

2035 5268 2192 5324 Jesus
2232 5280 2410 5323 autem
2447 5270 2620 5338 ipsum
2650 5272 2849 5340 arguit,
2883 5280 2945 5326 ut
2981 5273 3072 5341 qui
3098 5287 3160 5326 ea
3194 5288 3315 5343 quae
3342 5275 3555 5343 publice

1983 5360 2124 5416 dicta
2167 5370 2312 5425 sunt,
2342 5364 2556 5416 nescire
2604 5377 2663 5416 se
2695 5361 2935 5415 simulat.
2980 5361 3135 5428 Quod
3173 5365 3217 5417 si
3242 5372 3425 5418 autem
3454 5380 3553 5432 pu»

1982 5453 2121 5508 blice
2164 5469 2227 5507 ac
2279 5453 2455 5521 palam
2500 5454 2766 5515 docuerit,
2794 5468 2860 5507 ea
2906 5469 3027 5523 qua:
3059 5470 3087 5507 a
3129 5455 3450 5523 quibusdam
3486 5456 3554 5508 ab

1980 5545 2099 5614 ipso
2138 5544 2351 5600 occulte
2395 5545 2537 5600 dicta
2576 5545 2847 5610 feruntur,
2883 5560 2988 5599 non
3023 5553 3150 5600 sunt
3193 5546 3550 5602 admittenda.

1581 5712 1603 5741 ο
1630 5700 1720 5755 Cr.
1763 5700 2074 5770 εἰσήνεγκεζ
2209 5695 2300 5770 Cr_.
2335 5693 2423 5751 διὰ
2451 5696 2551 5763 Μ.,
2589 5697 2675 5750 ἵνα
2727 5699 3174 5768 ἐναντιουμένους
3205 5696 3432 5770 παραδῷ
3457 5699 3553 5754 καὶ

1500 5772 1526 5813 ⁸
1557 5771 1649 5828 Cr.
1680 5771 1797 5826 sine
1820 5765 1907 5825 τά.
1964 5765 2011 5810 ’δ
2037 5768 2128 5823 Cr.
2162 5765 2318 5837 ἐμοῦ.
2466 5773 2469 5777 ’
