4038 6148
513 323 535 387 1
547 327 644 386 507

1623 307 1959 372 AMMONII
1999 298 2530 367 ALEXANDRINI

3626 282 3792 350 1508

566 437 730 489 \sas.
757 430 850 486 21.
895 448 913 485 ι
952 429 1090 496 Quid
1140 440 1226 482 me
1258 425 1611 496 interrogas?
1648 424 1926 492 interroga
1964 434 2080 482 eos.

2261 435 2281 470 ι
2309 414 2374 470 Τί
2402 430 2470 486 με
2503 411 2822 483 ἐπερωτᾷςς
2852 405 3200 479 ἐπερώτησον
3218 403 3343 496 τοῦς
3366 400 3690 471 ἀκηκοότας
3729 405 3790 453 τι

512 528 602 596 qui
634 523 925 578 audierunt
944 520 1074 588 quid
1094 518 1308 574 locutus
1335 518 1438 574 sim
1463 515 1596 587 ipsis
1625 533 1640 570 :
1667 529 1799 571 ecce
1821 489 1887 569 hi
1903 511 2084 568 sciunt

2208 507 2428 579 ιλάλησα
2449 504 2631 568 αὑτοῖς
2651 520 2665 535 ·
2697 501 2773 555 τδε
2799 494 2944 556 οὗτοι
2968 499 3176 554 οῐδασιν
3209 494 3246 550 ἃ
3270 489 3428 548 εἷπον
3457 493 3598 562 ἐγώ.
3630 511 3652 545 ι

515 634 636 689 qua:
663 616 890 672 dixerim
924 626 1041 681 ego.
1082 627 1104 662 ι

578 709 726 778 Roga
745 705 1023 760 ministros
1053 711 1196 766 tuos,
1221 699 1315 770 qui
1338 704 1518 767 nuper
1547 695 1766 768 quidem
1783 693 2085 749 doctrinam

520 814 692 855 meam
719 793 973 852 admirati
1004 793 1243 857 luerunt,
1268 789 1428 845 modo
1461 802 1590 844 vero
1619 801 1709 841 me
1734 785 1978 854 capiunt.

581 975 747 1031 Vens.
776 974 867 1028 22.
904 991 922 1024 ι
966 970 1091 1026 Haec
1116 978 1294 1025 autem
1326 983 1449 1024 cum
1475 967 1721 1032 dixisset,
1766 978 1907 1018 unus
1951 960 2089 1016 assi-

2260 685 2401 748 Τοὺς
2439 682 2719 755 ὑπηρέτας
2761 678 3036 752 ἐρώτησον
3081 682 3206 741 τοὺς
3251 675 3443 748 πρώην
3504 675 3610 746 μέν
3673 690 3788 744 μου

2192 777 2579 849 θαυμάσαντας
2611 775 2710 848 τὴν
2759 772 3133 838 διδασκαλίαν,
3173 769 3267 824 νῦν
3299 769 3358 822 δέ
3395 786 3464 839 με
3514 767 3791 822 συλλαὸο-

2196 869 2412 939 μένους.

2270 979 2289 1013 ι
2331 958 2520 1013 Ταῦτα
2563 957 2621 1013 δὲ
2671 954 2838 1011 αὑτοῦ
2875 955 3148 1020 εἰπόντος,
3198 945 3279 1017 εἷς
3329 951 3440 1006 τῶν
3479 951 3792 1024 ὑπηρετῶν

520 1080 666 1122 stens
696 1066 1066 1120 ministrorum
1094 1061 1241 1115 dedit
1265 1060 1474 1130 alapam
1505 1055 1658 1124 Jesu,
1703 1056 1888 1111 dicens
1928 1071 1944 1109 :
1995 1050 2089 1107 Sic

2208 1047 2560 1121 παρεστηκὼς
2592 1048 2759 1101 ἔδωκε
2792 1048 3046 1118 ῥάπισμα
3078 1045 3157 1116 τῷ
3193 1043 3392 1116 Ἰησοῦ,
3428 1043 3638 1097 εἰπών·
3674 1043 3790 1097 Οὗ-

523 1160 823 1232 respondes
857 1154 1100 1226 pontiﬁci
1133 1153 1158 1206 ἲ
1187 1171 1208 1206 ι

577 1231 783 1310 servus
823 1249 992 1306 etiam
1039 1259 1149 1300 non
1204 1242 1390 1313 jussus
1426 1237 1704 1295 Christum
1755 1231 2088 1299 verberavit,

522 1347 664 1416 quod
697 1343 954 1398 nimirum
985 1337 1236 1393 Christus
1257 1332 1588 1387 insinuasset
1613 1341 1674 1383 se
1699 1337 2089 1393 nonnunquam

522 1415 591 1494 ab
623 1439 690 1492 iis
715 1433 954 1490 auditum
983 1438 1039 1485 et
1065 1427 1341 1482 laudatum
1369 1423 1558 1488 fuisse,
1595 1435 1624 1474 a
1649 1435 1755 1490 qua
1784 1415 2094 1486 suspicione

525 1544 585 1585 se
622 1539 855 1599 purgare
907 1521 1100 1578 volens
1143 1518 1246 1573 hoc
1287 1515 1439 1572 fecit.
1506 1511 1654 1567 Nihil
1699 1511 1844 1565 enim
1889 1506 2093 1576 alioqui

525 1622 740 1675 dixerat
765 1614 906 1670 unde
937 1611 1139 1668 moveri
1171 1608 1435 1678 potuisset
1469 1607 1537 1660 ad
1581 1603 1859 1659 Christum
1895 1614 2091 1670 percu-

523 1712 787 1766 tiendum.
816 1705 1006 1774 Arguit
1036 1704 1220 1769 itaque
1247 1699 1556 1753 ministrum
1581 1694 1834 1749 maxima:
1863 1691 2092 1760 injuria,

2195 1161 2302 1206 τως
2328 1142 2601 1213 ἀποκρίνῃ
2629 1140 2706 1211 τῷ
2733 1139 3008 1210 ἀρχιερεῖ;
3049 1157 3067 1189 ι

2269 1234 2375 1287 Καὶ
2403 1233 2477 1304 μὴ
2493 1231 2856 1302 προσταχθεὶς
2872 1233 2898 1284 ὁ
2924 1229 3033 1300 ὑπη
3045 1229 3204 1298 ρέτης
3223 1226 3386 1297 ἔτυψε
3403 1225 3493 1279 τὸν
3512 1225 3788 1295 Χριστὸν,

2199 1325 2386 1395 ἐπειδὴ
2421 1324 2617 1388 αὐτοὺς
2645 1323 2664 1364 ἱ
2709 1320 2984 1386 ὑπέδειξεν
3017 1323 3046 1374 ὁ
3076 1320 3311 1390 Χριστὸς
3337 1317 3350 1367 i
3383 1318 3606 1370 ὃτιποτὲ
3638 1312 3793 1386 ἦσαν

2199 1415 2529 1477 ἀκούσαντες
2549 1415 2642 1466 καὶ
2657 1412 3048 1474 ἐπαινέσαντες
3064 1411 3251 1474 αὑτὸν,
3265 1411 3361 1462 καὶ
3385 1407 3555 1461 θέλων
3579 1408 3684 1460 ὲαυ
3695 1407 3788 1458 τὸν

2198 1506 2508 1572 ἀπαλλάξαι
2545 1505 2644 1576 τῆς
2682 1503 2939 1573 ὑποψίας,
2985 1505 3068 1558 ὅτι
3098 1503 3207 1556 τῶν
3248 1500 3648 1572 θαυμαζόντων
3693 1495 3787 1567 ἦν,

2201 1599 2426 1670 εποίησε
2467 1597 2646 1651 τοῦτο.
2676 1597 2751 1651 Οὐ
2796 1597 2905 1667 γὰρ
2952 1593 3335 1657 ἁνακολούθως
3377 1612 3428 1646 τι
3489 1593 3786 1663 ἐλάλησεν,

2202 1687 2289 1741 ἵνα
2322 1687 2397 1750 ὡς
2429 1688 2495 1740 ὲκ
2532 1686 2724 1739 τούτου
2767 1685 3012 1756 κινηθεὶς
3054 1683 3197 1755 τύψῃ
3240 1683 3404 1738 αὐτόν
3433 1683 3484 1736 ⁸.
3534 1682 3789 1752 Ἐλέγχει

523 1819 632 1860 non
667 1802 839 1857 solum
869 1773 936 1852 eo
975 1794 1118 1864 quod
1154 1789 1476 1860 simpliciter
1507 1787 1716 1856 alapam
1755 1782 1974 1849 inﬂixit,
1999 1783 2094 1837 sed

2208 1775 2287 1832 ὧν
2328 1778 2420 1831 τὸν
2476 1777 2758 1848 ὑπηρέτην
2803 1775 3098 1830 ἀδικοῦντα
3119 1815 3135 1839 ,
3167 1776 3228 1828 οὐ
3259 1774 3423 1842 μόνον
3469 1773 3555 1828 ὅτι
3587 1773 3787 1834 ἁπλῶς

522 1895 670 1964 quod
724 1891 876 1962 prius
917 1901 1041 1943 eum
1077 1882 1396 1946 admiratus,
1445 1877 1606 1934 modo
1627 1876 1748 1932 sine
1772 1889 1937 1931 causa
1968 1889 2098 1929 con-

527 1985 804 2042 tumeliam
848 1978 1096 2053 inferret.

584 2074 750 2129 Vsus.
791 2071 885 2126 25.
927 2087 946 2120 ι
979 2067 1113 2122 Erat
1133 2074 1314 2120 autem
1363 2060 1552 2118 Simon
1585 2058 1785 2114 Petrus
1809 2063 1986 2121 stans,
2043 2061 2102 2109 et

525 2165 850 2223 calefaciens
887 2175 967 2216 se.
1022 2160 1285 2213 Dixerunt
1336 2169 1468 2224 ergo
1493 2153 1543 2207 ei
1583 2167 1600 2206 :
1649 2148 1908 2218 Nunquid
1949 2159 2005 2202 et
2041 2153 2098 2200 tu

527 2274 594 2312 cx
645 2253 924 2324 discipulis
955 2251 1076 2320 ejus
1113 2248 1218 2304 es?
1255 2245 1482 2318 Negavit
1532 2244 1643 2308 ille,
1685 2253 1742 2298 et
1763 2241 1940 2298 dixit:
1981 2237 2096 2294 Non

527 2364 666 2405 sum.
699 2365 719 2399 Ι

590 2440 784 2493 Petrus
809 2451 837 2490 a
863 2433 1104 2504 maligno
1123 2437 1383 2495 tentatus,
1423 2425 1706 2497 promissis
1748 2438 1853 2479 non
1895 2423 2050 2478 stetit
2080 2438 2095 2476 :

532 2545 705 2601 neque
743 2529 930 2583 hortus
950 2527 1026 2581 illi
1052 2525 1192 2580 dicta
1223 2523 1276 2576 in
1308 2520 1625 2575 memoriam
1658 2517 1896 2580 reduxit,
1923 2528 2100 2584 neque

534 2633 757 2690 magnus
783 2633 957 2681 amor,
985 2630 1147 2686 quem
1170 2613 1244 2668 ibi
1278 2611 1460 2666 verbis
1483 2625 1591 2680 prae
1625 2623 1683 2664 se
1710 2607 1831 2662 tulit
1864 2623 1880 2672 ;
1912 2620 2098 2660 verum

529 2712 712 2768 omnia
745 2711 851 2766 ista
881 2708 957 2763 illi
1003 2722 1115 2778 przn
1161 2705 1435 2760 anxietate
1478 2700 1818 2758 exciderunt.
1863 2697 1942 2753 Ad
1970 2695 2099 2766 quid

528 2812 712 2858 autem
735 2813 924 2856 omnes
975 2796 1306 2852 unanimiter
1331 2791 1676 2863 evangelistae
1713 2789 1882 2858 ipsius
1911 2785 2102 2842 memi-

531 2889 776 2948 nerunt?
807 2889 922 2944 Non
964 2899 1072 2944 tam
1104 2898 1164 2942 ut
1200 2885 1519 2955 discipulum
1559 2887 1901 2942 accusarent,
1937 2892 2100 2948 quam

531 2993 592 3035 ut
632 2995 736 3040 nos
757 2980 1060 3044 erudirent,
1086 2985 1347 3046 quantum
1377 2973 1506 3029 mali
1555 2973 1626 3028 sit
1655 2985 1762 3026 non
1786 2977 1957 3026 totum
1989 2967 2102 3022 Deo

529 3070 892 3134 committere,
922 3070 1017 3124 sed
1052 3069 1155 3123 sibi
1198 3067 1299 3137 ipsi
1329 3066 1620 3122 conlidere.
1651 3062 1852 3119 Verum
1875 3063 1963 3117 hic
1983 3075 2102 3114 ma-

531 3162 687 3233 gistri
717 3159 1136 3217 sollicitudinem
1167 3157 1462 3221 admirare,
1510 3153 1658 3225 quod
1700 3162 1892 3222 captus
1935 3166 2000 3207 ac
2037 3150 2104 3205 li-

2200 1869 2363 1923 αὑτὸν
2393 1868 2612 1938 ἔτυψεν,
2647 1867 2766 1922 ἀλλ’
2801 1869 2883 1922 δτι
2911 1865 3104 1938 πρώην
3136 1866 3426 1938 θαυμάσας
3446 1860 3596 1934 ,νῦν
3628 1863 3651 1904 ι
3693 1865 3785 1919 ἐπ’

2197 1959 2374 2013 οὐδενὶ
2403 1958 2687 2028 καταγνὼς
2707 1967 2745 1995 ω
2771 1961 3041 2028 ἠτίμασεν
3069 1961 3253 2014 αὑτόν.

2275 2069 2295 2102 ι
2330 2045 2439 2103 Ἦν
2469 2049 2526 2102 δὲ
2554 2049 2734 2119 Σίμων
2756 2050 2959 2121 Πέτρος
2997 2049 3168 2112 ἑστὼς
3197 2051 3293 2104 καὶ
3320 2050 3780 2122 θερμαινόμενος.

2198 2137 2363 2196 Εἶπον
2396 2135 2488 2194 οὖν
2521 2139 2700 2207 αὐτῷ·
2730 2139 2822 2209 Μὴ
2853 2141 2950 2194 καὶ
2984 2141 3050 2193 σὺ
3073 2141 3138 2195 ὲκ
3169 2142 3280 2195 τῶν
3315 2143 3580 2213 μαθητῶν
3612 2142 3780 2196 αὑτοῦ

2199 2226 2282 2299 εἴ,
2335 2232 2640 2303 Ἦρνήσατο
2661 2232 2889 2297 ἐκεῖνος,
2916 2231 3013 2286 καλ⁵
3037 2226 3194 2286 εἶπεν
3214 2248 3228 2263 ο
3261 2234 3378 2287 Οὐκ
3407 2233 3548 2304 είμί.
3584 2252 3608 2286 ι

2269 2413 2378 2466 Τοῦ
2425 2409 2666 2482 πονηροῦ
2705 2410 2986 2475 σείσαντος
3022 2411 3116 2465 τὸν
3163 2410 3395 2482 Πέτρον,
3431 2412 3647 2482 ἡττήθη
3681 2411 3781 2479 τῆς

2200 2504 2583 2576 ὑποσχέσεως·
2620 2503 2742 2557 οὑδὲ
2769 2505 2798 2556 ὁ
2831 2503 3007 2574 κῆπος
3039 2503 3204 2557 αὑτὸν
3235 2503 3315 2566 είς
3350 2504 3576 2573 μνήμην
3604 2505 3781 2573 ἤγαγε

2199 2595 2307 2651 τῶν
2345 2595 2680 2668 εἰρημένων,
2711 2594 2834 2648 οὑδὲ
2879 2596 2913 2665 ή
2959 2594 3132 2665 πολλὴ
3165 2595 3526 2666 φιλοστοργία
3556 2597 3621 2668 ἠν
3667 2598 3783 2648 ἐκεῖ

2199 2687 2290 2742 διὰ
2331 2687 2440 2742 τῶν
2471 2689 2736 2760 ῥημάτων
2776 2686 3094 2754 ἐπεδείξατο
3139 2689 3387 2754 ἐκείνων,
3423 2688 3565 2742 ἀλλὰ
3612 2689 3783 2742 ταῦτα

2202 2781 2384 2836 πάντα
2408 2781 2513 2835 ὑπὸ
2548 2784 2648 2852 τῆς
2675 2780 2920 2850 ἀγωνίας
2948 2780 3194 2845 ὲξέὸαλε.
3223 2782 3290 2835 Τί
3311 2782 3516 2852 δήποτε
3541 2783 3590 2836 οὶ
3619 2783 3781 2849 εὐαγ-

2200 2873 2448 2944 γελισταὶ
2491 2873 2790 2942 ὁμοφώνως
2837 2874 2969 2944 περὶ
3021 2873 3189 2927 αὑτοῦ
3242 2875 3597 2946 ἁνέγραψαν;
3651 2876 3783 2944 Οὐχὶ

2201 2966 2296 3020 τοῦ
2330 2965 2577 3036 μαθητοῦ
2620 2965 3093 3038 κατηγοροῦντες,
3139 2966 3256 3021 ἀλλ’
3306 2969 3456 3038 ἡμᾶς
3489 2966 3784 3020 παιδεῦσαι

2207 3058 2558 3130 βουλόμενοι,
2596 3056 2763 3110 πόσον
2794 3056 2964 3110 κακὸν
2989 3057 3050 3108 τὺ
3075 3055 3152 3127 μὴ
3181 3056 3261 3128 τῷ
3289 3056 3409 3126 Θεῷ
3439 3057 3500 3110 τὸ
3530 3060 3642 3111 πᾶν
3667 3059 3784 3110 ἐπι·

2203 3149 2449 3221 τρέπειν,
2489 3147 2607 3204 ἀλλ’
2657 3147 2836 3219 ἑαυτῷ
2880 3148 3125 3221 θαρρεῖν.
3157 3151 3231 3204 Σὺ
3277 3150 3335 3203 δὲ
3373 3149 3659 3220 θαύμασον
3691 3151 3790 3204 τοῦ

531 3263 708 3325 gatus,
781 3253 958 3307 adhuc
1003 3248 1253 3318 discipuli
1299 3261 1551 3318 magnam
1603 3258 1790 3299 curam
1838 3251 2012 3314 gerat,
2050 3250 2098 3297 el

2208 3239 2526 3294 διδασκάλου
2574 3241 2675 3311 τὴν
2724 3240 3074 3312 κηδεμονίαν,
3131 3241 3215 3295 ὃτι
3266 3243 3632 3311 κατεχόμενος
3682 3244 3787 3296 καὶ

526 3347 638 3414 jam
677 3343 973 3413 collapsum
1029 3340 1174 3398 oculi
1211 3348 1346 3395 nutu
1397 3338 1595 3408 erigat,
1635 3345 1694 3391 et
1736 3333 1808 3390 ad
1835 3333 2098 3405 lacrymas

2208 3330 2517 3400 δεδεμένος,
2567 3332 2768 3403 πολλὴν
2812 3335 3052 3387 ἐποιεῖτο
3097 3332 3193 3387 τοῦ
3229 3331 3464 3404 μαθητοῦ
3497 3331 3600 3402 τὴν
3630 3335 3790 3405 πρό-

530 3445 890 3490 commoveat.

587 3603 756 3658 Vens.
787 3603 879 3658 28.
928 3618 949 3653 ι
987 3600 1276 3656 Adducunt
1329 3610 1460 3666 ergo
1500 3593 1685 3651 Jesnm
1717 3611 1746 3651 a
1779 3596 1986 3667 Caipha
2045 3598 2102 3654 in

531 3695 863 3765 pmtorium.
899 3691 1030 3746 Erat
1065 3697 1243 3745 autem
1298 3702 1456 3744 mane
1483 3705 1498 3743 :
1529 3695 1584 3744 et
1609 3689 1711 3759 ipsi
1741 3703 1846 3744 non
1878 3689 2104 3744 introie-

534 3793 660 3838 runt
694 3783 747 3837 in
774 3780 1111 3852 praetorium,
1147 3786 1206 3832 ut
1231 3791 1338 3834 non
1359 3778 1888 3846 contaminarentur,
1922 3779 2017 3834 sed
2042 3787 2102 3834 ut

533 3873 922 3928 manducarent
946 3868 1177 3925 Pascha.
1216 3885 1236 3919 ι

589 3966 694 4036 Ipsi
732 3979 839 4019 non
863 3962 1208 4028 occidebant,
1233 3969 1294 4014 ut
1332 3957 1427 4028 qui
1470 3958 1571 4015 sub
1612 3957 1872 4016 Romanis
1923 3967 2096 4025 erant,

529 4073 597 4114 ne
620 4073 650 4112 a
681 4056 858 4112 Pilato
889 4055 1272 4110 multarentur.

598 4148 666 4203 Et
710 4162 978 4217 quaenam,
1007 4161 1212 4216 quasso,
1253 4143 1662 4210 contaminatio,
1704 4142 1913 4212 ingredi
1965 4157 2100 4212 prae-

529 4238 751 4303 torium,
785 4236 874 4290 ubi
899 4236 1071 4305 iniqui
1091 4250 1279 4305 ptenas
1299 4234 1546 4290 dabant?
1587 4233 2096 4288 Decimantesmen-

2201 3437 2370 3486 νοιαν,
2411 3421 2500 3475 διὰ
2536 3421 2630 3475 τοῦ
2667 3421 2982 3494 βλέμματος
3031 3423 3197 3478 αὑτοῦ
3240 3423 3490 3494 κείμενον
3541 3425 3788 3490 ἀνιστὰς

2201 3511 2299 3566 καὶ
2325 3514 2408 3576 είς
2433 3512 2648 3586 δάκρυα
2674 3514 2981 3569 καθέλκοιν.

2279 3623 2298 3656 ε
2338 3605 2597 3672 ’Ἄγουσιν
2639 3600 2732 3660 οῦν
2774 3605 2866 3660 τὸν
2909 3605 3116 3675 Ἰησοῦν
3144 3605 3256 3659 ἀπὸ
3294 3605 3390 3660 τοῦ
3440 3606 3673 3678 Καῖάφα
3701 3611 3783 3672 είς

2199 3694 2260 3749 τὸ
2291 3695 2649 3767 πραιτώριον.
2680 3691 2792 3751 Ἦν
2819 3697 2878 3751 δὲ
2908 3698 3093 3768 πρωῖα
3112 3713 3128 3726 ·
3170 3697 3260 3752 καὶ
3275 3697 3433 3751 αὑτοὶ
3458 3699 3562 3752 οὑκ
3588 3700 3778 3770 εξσῆλ-

2200 3786 2293 3841 θον
2325 3788 2405 3852 είς
2442 3787 2504 3841 τὸ
2534 3787 2893 3859 πραιτώριον,
2931 3789 3018 3844 ἵνα
3059 3790 3136 3861 μὴ
3187 3789 3515 3860 μιανθῶσιν,
3544 3790 3660 3845 ἀλλ’
3690 3794 3779 3848 ἵνα

2199 3879 2417 3951 φάγωσι
2445 3879 2505 3932 τὸ
2536 3880 2748 3950 Πάσχα.
2787 3897 2806 3931 ι

2267 3969 2433 4021 Αὐτοὶ
2479 3967 2579 4020 οὑκ
2613 3967 2826 4022 ἀνεῖλον
2876 3969 2951 4031 ὡς
2994 3969 3100 4023 ὑπὸ
3150 3969 3458 4043 Ῥωμαίους
3484 3973 3658 4041 ὄντες,
3691 3976 3775 4028 ἵνα

2203 4057 2279 4128 μὴ
2313 4057 2708 4129 τιμωρηθῶσιν
2731 4059 2836 4112 ὑπὸ
2867 4059 3124 4115 Πιλάτου.

2267 4149 2460 4202 Καίτοι
2510 4151 2664 4214 ποῖος
2699 4151 3011 4222 μολυσμὸς,
3061 4151 3189 4206 είπέ
3230 4170 3360 4223 μοι,
3395 4154 3664 4226 ἐπιϐῆναι
3695 4156 3774 4209 δι-

2197 4241 2519 4311 καστηρίου,
2563 4240 2694 4296 ἔνθα
2737 4242 2895 4311 δίκην
2937 4243 2989 4296 oi.
3031 4243 3349 4306 ἀδικοῦντες
3389 4245 3667 4313 armatu;
3711 4249 3770 4300 Oi

530 4329 680 4382 tham
705 4335 762 4382 et
780 4327 1062 4393 anethum,
1087 4343 1212 4383 cum
1243 4325 1441 4394 injuste
1469 4325 1892 4389 interticiebant,
1938 4323 2098 4378 mini-

2208 4331 2659 4397 ὶποδεκατοῦντες
2707 4332 2770 4386 τὸ
2801 4333 3072 4406 ἡδύοσμον
3104 4337 3198 4390 καὶ
3223 4336 3286 4390 τὸ
3313 4336 3538 4407 ἄνηθον,
3573 4339 3770 4405 φονῶν-

529 4432 616 4472 me
641 4431 700 4473 se
727 4418 1089 4472 contaminari
1118 4416 1504 4473 existimabant
1535 4432 1552 4482 ;
1576 4415 1670 4470 sed
1694 4431 1816 4470 cum
1857 4416 1926 4470 ad
1960 4430 2096 4485 pra:-

2208 4439 2287 4486 τες
2319 4422 2418 4492 μὲν
2449 4422 2650 4486 ἀδίκως
2671 4464 2686 4488 ,
2718 4378 2832 4478 οὑκ.
2853 4378 3104 4496 ένόμῗζον
3145 4378 3488 4496 μιαίνεσθαι,
3517 4378 3772 4500 διζαστη-

527 4509 722 4564 torinm
750 4510 1056 4574 veniebant,
1083 4509 1341 4577 putabant
1366 4522 1426 4562 se
1457 4505 1820 4574 coinquinari.
1862 4467 1986 4562 Sedr
1995 4521 2093 4560 cur

2208 4467 2402 4582 ρίουΓδὲ
2431 4467 2803 4579 ἐπιϐαίνοντες
2851 4467 3087 4587 μιαίνειν
3115 4467 3346 4582 ἑαυτοὺς
3370 4467 3645 4592 ’ἡγοῦντὲ⁵
3667 4467 3772 4574 Κάὶ

526 4600 628 4669 ipsi
663 4615 766 4654 non
823 4599 1205 4654 interimebant
1243 4613 1389 4662 eum,
1433 4597 1527 4651 sed
1555 4597 1623 4650 ad
1663 4595 1899 4652 Pilatum
1925 4598 2090 4652 duce-

2208 4602 2338 4666 ιίνος
2377 4603 2586 4657 ἕνεκεν·
2611 4606 2774 4660 αὑτὸν
2806 4608 2906 4660 οὐκ
2939 4609 3176 4677 ἀνεῖλον,
3226 4611 3345 4665 ἀλλ’
3390 4613 3487 4667 ἰπὶ
3533 4615 3632 4667 τὸν
3682 4615 3772 4668 Πι-

526 4690 707 4744 bant?
741 4688 962 4744 Multum
1015 4689 1268 4744 videlicet
1314 4691 1379 4742 de
1421 4687 1636 4742 illorum
1691 4687 1919 4757 imperio
1969 4689 2081 4760 jam

2208 4694 2351 4750 κάτον
2382 4696 2625 4767 ἧγαγον;
2656 4698 2910 4753 Μάλιστα
2943 4701 3041 4771 μὲν
3061 4703 3126 4756 τὸ
3165 4703 3310 4757 πολὺ
3343 4707 3446 4776 τῆς
3468 4707 3646 4778 ἀρχῆς
3676 4708 3771 4760 αὑο

524 4785 830 4851 ademptum
859 4789 978 4836 erat
1024 4796 1052 4834 a
1095 4781 1375 4846 Romanis,
1426 4783 1526 4837 sub
1551 4795 1780 4849 quorum
1810 4791 1970 4836 erant
1994 4795 2092 4852 po-

2208 4785 2299 4839 τῶν
2332 4789 2426 4840 καὶ
2455 4789 2553 4858 τῆς
2577 4789 2828 4856 ἐξουσίας
2866 4793 3206 4865 ὑπετέμνετο
3237 4795 3448 4864 λοιπὸν,
3488 4797 3598 4852 ὑπὸ
3639 4798 3772 4852 Ῥωο

527 4881 718 4929 testate
751 4892 764 4928 :
797 4883 1058 4942 praeterea
1114 4873 1375 4928 timebant
1427 4887 1496 4929 ne
1530 4889 1560 4927 a
1609 4873 1782 4929 Pilato
1830 4840 2090 4939 accusati,

2208 4879 2390 4944 talen;
2431 4840 2543 4935 τῶν
2589 4840 2937 4954 πραγμάτων
2988 4840 3296 4959 κεῗμένων·
3355 4840 3452 4944 καί
3496 4840 3682 4955 ἄλλως
3705 4840 3773 4946 δὲ

522 4979 713 5035 pcnnas
765 4933 1104 5033 postmodum
1149 4965 1360 5019 darent.
1393 4965 1499 5019 Sed
1552 4967 1680 5035 quid
1713 4965 2009 5038 significat,

2208 4968 2550 5024 ιδεδοίκεισαν
2606 4933 2681 5045 μῑὴ
2719 4933 2889 5044 ’δῗίκην
2941 4933 3178 5050 ὑστέραν
3224 4978 3362 5033 δῶσι
3387 5021 3403 5046 ,

523 5021 902 5109 ίααηάιιεᾶτεηι
928 5053 1133 5108 Pascha
1161 5058 1186 5110 ?
1225 5056 1386 5126 Atqui
1419 5021 1584 5112 Jesus
1630 5059 1742 5126 jam
1762 5021 1842 5114 vid
1885 5021 2092 5115 fecerat

2208 5061 2375 5126 λέντες
2419 5063 2551 5136 παρ’
2605 5021 2790 5122 αὑιτοῦ.
2841 5021 2912 5122 tI‘i
2958 5069 3005 5125 δ’
3047 5021 3222 5137 ἐστὶν,
3255 5021 3774 5144 Ἵνα,

521 5165 625 5203 una
652 5151 739 5204 die
785 5162 1120 5219 azymorum.
1155 5145 1257 5204 Vel
1290 5149 1458 5220 igitur
1495 5148 1706 5205 Pascha
1735 5161 1899 5207 vocat
1923 5161 2087 5207 totam

2208 5153 2440 5223 Hdaxa;
2489 5159 2598 5212 Καὶ
2647 5160 2754 5234 μὴν
2800 5162 2966 5227 αὐτὸς
3028 5159 3098 5236 ἦν
3137 5165 3272 5220 αὐτὸ
3326 5168 3652 5238 πεποιηκὼς
3709 5171 3771 5239 τῇ

518 5238 937 5304 solemnitatem,
973 5239 1058 5293 vel
1081 5237 1208 5306 quia
1266 5238 1370 5307 ipsi
1395 5248 1525 5295 tunc
1551 5239 1756 5296 Pascha
1795 5240 2084 5297 faciebant.

518 5329 771 5384 Christus
797 5340 979 5384 autem
1012 5330 1186 5384 nridie
1231 5329 1287 5384 id
1345 5330 1565 5384 fecerat.
1603 5333 1806 5384 eadem
1843 5348 1996 5384 suam
2032 5335 2085 5384 in

2208 5249 2296 5319 ιιᾷ
2335 5249 2447 5305 τῶν
2486 5251 2734 5325 ἀζύμων.
2773 5256 2932 5310 Ἤτοι
2967 5252 3062 5311 οὖν
3091 5256 3153 5310 τὸ
3183 5259 3381 5330 Πάσχα
3422 5237 3529 5331 τὴν
3580 5237 3771 5333 ἑορτὴν

2208 5340 2371 5384 tamn:
2399 5341 2576 5384 )1.ng
2612 5344 2646 5384 it
2685 5345 2764 5384 ὅτι
2811 5347 2930 5384 Mn
2979 5346 3198 5384 Emlmm
3231 5349 3296 5384 ar}.
3327 5350 3521 5384 "Am-
3608 5353 3770 5384 -3...»-

567 5329 771 5384 hristus
797 5340 979 5385 autem
1011 5330 1186 5401 pridie
1231 5329 1287 5386 id
1345 5330 1566 5398 fecerat,
1603 5333 1806 5390 eadem
1843 5348 1996 5388 suam
2032 5335 2085 5389 in

2208 5307 2371 5394 πᾶσαν
2399 5307 2647 5416 λέγει,.ἢ
2685 5307 2767 5400 ὅτι
2975 5307 3554 5422 «Efﬁnge,

587 5481 605 5521 ί
649 5481 736 5534 Cr.
757 5481 937 5534 αὑτός.
1017 5481 1031 5533 i
1059 5482 1402 5534 Ον.ὁλέγων.
1467 5481 1494 5521 ι
1521 5483 1613 5534 Cr.
1635 5485 1892 5534 Errata-ii.-.
1924 5486 2069 5534 τύψῃ

2208 5490 2372 5534 όνμίῖι-
2406 5498 2476 5534 ἕσιν
2522 5499 2583 5534 m'

587 5481 605 5521 ἱ
649 5479 736 5534 Cr.
757 5480 937 5544 αὑτός.
1017 5481 1031 5533 i
1059 5482 1402 5553 (31·.ὁλέγων.
1467 5481 1494 5521 ι
1521 5483 1613 5539 Cr.
1635 5485 1806 5539 έπειδ¹
1924 5486 2069 5559 τύψῃ

518 5503 2098 5646 2533iEfﬁfmssmérﬂ‘saetiis:14}309:2si?

2208 5490 2496 5551 όν.(]ι“.ὲπ.
2522 5499 2685 5563 αὑτὸς
2714 5500 2990 5568 ὑπέδειξεν
3018 5505 3046 5556 ὁ
3070 5503 3381 5572 λέγων,’ῐδε
3405 5497 3556 5557 οῦτοι
3591 5505 3768 5558 ἴσασιν

2208 5562 2505 5646 ἀπαλλάξαι
2533 5569 2632 5646 τῆς
2665 5571 2924 5646 ὑποψίας,
2955 5573 3043 5646 δτι
3089 5575 3202 5628 τῶν
3241 5574 3639 5646 θαυμαζόντων
3676 5572 3764 5644 ἦν,

519 5617 932 5739 ῗύἐρννῗεοὲἓσε
948 5622 1124 5746 ῗῦεο.
1155 5624 1228 5676 Οὑ
1247 5624 1354 5694 γὰρ
1374 5622 1440 5708 αν
1464 5623 1772 5689 ἀκολούθως
1802 5643 1854 5680 τι
1883 5627 2136 5698 ἐποίησεν
2169 5630 2204 5700 ἢ
2237 5617 2520 5705 ἐλάλησεν,
2546 5617 2634 5692 ίνᾶ
2667 5617 3070 5703 ἐέξέἶῖεόἑτῖυ

646 5721 665 5740 .
873 5729 888 5743 .
1076 5708 1116 5746 r.
1142 5709 1468 5760 καταγνους.
