4038 6148
367 340 501 404 1509
1218 375 1232 388 ο
1427 341 1888 405 FRAGMENTA
1937 343 2018 404 IN
2058 343 2118 403 S.
2159 345 2535 412 JOANNEM.
3509 355 3648 426 1510

361 450 419 502 δὲ
451 450 559 519 πρὸ
608 450 738 520 μιᾶς
770 448 904 504 αὐτὸ
953 449 1310 520 παραδέδωκε
1333 489 1348 516 ,
1404 453 1588 522 τηρῶν
1624 457 1724 525 τὴν
1760 456 1951 513 ἑαυτοῦ

2071 453 2410 512 Parasceven
2449 471 2756 524 reservans,
2815 463 3034 532 quando
3088 467 3379 538 antiquitus
3432 469 3637 529 l’astlia

364 541 580 610 σφαγὴν
609 544 676 612 τῇ
713 544 1070 613 Παρασκευῇ,
1118 543 1209 596 ὅτε
1242 542 1338 596 καὶ
1367 542 1428 596 τδ
1456 543 1690 597 παλαιὸν
1735 544 1950 613 ὲγίνετο

2058 545 2456 602 celebrabatur.
2493 547 2599 619 Ipsi
2631 564 2759 606 vero
2788 556 3007 617 armati,
3029 557 3172 625 quod
3218 558 3371 616 nefas
3409 570 3549 627 erat,
3586 574 3643 618 et

361 635 574 704 Πάσχα.
617 634 785 687 Αὐτοὶ
815 635 875 688 δὲ
903 635 1046 688 ὅπλα
1075 635 1463 705 βαστάζοντες,
1501 637 1639 708 ὅπερ
1687 639 1788 692 οὐκ
1827 638 1950 706 ἐξὸν

1584 653 1639 708 ap
1687 639 1788 692 οὐκ
1827 638 1950 706 ἐξὸν
2057 634 2345 695 fundentes
2371 643 2718 712 sanguinem,
2758 646 2936 700 locum
2965 657 3179 704 carent.

358 722 448 795 ἦν,
481 727 578 778 καὶ
610 721 754 797 αἷμα
782 726 1096 798 ἐκχέοντες,
1125 727 1266 800 ὑπὲρ
1307 727 1402 782 τοῦ
1429 727 1597 783 τόπου
1641 730 1936 801 ἀκριϐολο-

359 835 608 885 γουνται.

430 910 534 963 Τὸν
572 909 743 965 τύπον
793 911 1095 984 τιμῶντες,
1144 912 1245 967 οὐκ
1273 911 1546 982 εἰσῆλθον,
1596 913 1624 968 ὅ
1655 914 1771 969 ἐστι
1811 915 1947 987 πρό-

2123 905 2376 976 Figuram
2416 909 2794 980 observantes,
2842 931 2948 971 non
3010 917 3306 983 intrarunt,
3347 936 3470 993 quae
3517 938 3638 982 erat

361 1000 550 1055 ϐατον.
2049 1001 2188 1054 ovis.

434 1113 452 1145 ι
513 1095 939 1166 Ἀπεκρίθησαν,
990 1095 1086 1149 καὶ
1131 1091 1284 1150 εῖπον
1316 1094 1496 1167 αὐτῷ·
1531 1098 1593 1150 Εἰ
1641 1097 1716 1168 μὴ
1751 1094 1818 1170 ἦν
1850 1093 1941 1153 οὗ·

2125 1091 2284 1146 sts.
2328 1093 2420 1146 50.
2483 1112 2502 1146 t
2543 1094 2980 1165 Responderunt,
3038 1111 3092 1154 et
3143 1103 3400 1159 dixerunt
3440 1109 3487 1163 ei
3526 1126 3541 1163 :
3576 1108 3633 1164 Si

356 1202 445 1250 τος
473 1188 787 1253 κακοποιὸς,
820 1190 922 1242 οὐκ
953 1189 1019 1243 ἄν
1054 1205 1138 1242 σοι
1169 1188 1570 1260 παρεδώκαμεν
1603 1192 1787 1246 αὐτόν.
1822 1211 1841 1244 ι

2050 1197 2156 1234 non
2193 1190 2337 1235 esset
2375 1183 2463 1236 hic
2511 1184 2847 1254 malefactor,
2901 1203 3010 1244 non
3066 1192 3162 1246 tibi
3223 1197 3635 1256 tradidissemus

2046 1286 2190 1326 θιιιι).
2227 1291 2249 1324 Ι

424 1366 589 1419 ’Ἄνευ
623 1367 804 1432 αἰτίας
844 1367 1196 1441 ἀπεφήναντο
1220 1379 1248 1408 η
1281 1369 1508 1434 δικαίως
1548 1369 1710 1424 αὐτὸν
1753 1387 1936 1441 παρα-

2117 1363 2249 1420 Sine
2294 1367 2452 1436 culpa
2491 1368 2634 1437 iuste
2693 1372 2865 1427 videri
2906 1375 3096 1430 volunt
3142 1390 3265 1432 eum
3318 1382 3629 1451 tradidisse,

348 1459 626 1526 δεδόσθαι,
684 1459 867 1514 αἰτίαν
934 1459 1159 1529 εὔλογον
1198 1461 1454 1529 λέγουσι,
1507 1460 1568 1514 τὸ
1617 1461 1708 1514 ὑπ’
1754 1460 1937 1514 αὐτῶν

2044 1458 2398 1512 suﬂicientem
2429 1475 2648 1516 causam
2700 1462 2935 1534 allegant
2985 1469 3130 1536 quod
3179 1471 3245 1524 ab
3279 1471 3414 1539 ipsis
3441 1485 3633 1545 captus

350 1550 756 1623 συλληφθῆναι,
815 1551 891 1616 ὡς
939 1548 1304 1624 πλαττόμενοι
1361 1552 1532 1623 μηδὲν
1592 1555 1768 1606 ποιεῖν
1819 1551 1937 1607 ἄδι·

1819 1551 1937 1607 άδι·
2041 1549 2134 1616 sit,
2162 1553 2318 1621 quasi
2349 1553 2478 1607 nihil
2514 1555 2582 1610 ab
2614 1556 2725 1612 illis
2765 1557 2965 1629 injuste
3000 1562 3184 1633 peragi
3220 1564 3413 1629 possit.

352 1659 447 1695 κον
474 1649 521 1697 ⁰.

425 1751 443 1783 ι
488 1729 656 1787 Εἰπεν
705 1731 798 1788 οὖν
851 1735 1034 1799 αὐτοῖς
1080 1736 1110 1788 6
1165 1734 1437 1799 Πιλάτος·
1493 1734 1708 1810 Λάϐετε
1763 1735 1931 1790 αὑτὸν

2101 1728 2266 1786 Vsus.
2293 1730 2384 1785 3L
2421 1749 2439 1783 ι
2477 1729 2628 1786 Dixit
2656 1747 2787 1804 ergo
2813 1733 2894 1788 eis
2919 1733 3126 1792 Pilatus
3159 1754 3174 1792 :
3212 1737 3462 1810 Accipite
3501 1756 3625 1798 eum

347 1825 540 1893 ὑμεῖς,
585 1826 680 1879 καὶ
729 1827 871 1880 κατὰ
918 1828 1011 1880 τὸν
1056 1826 1222 1897 νόμον
1266 1827 1422 1896 ὑμῶν
1470 1806 1691 1897 κρίνετε
1747 1827 1930 1882 αὐτόν.

2039 1835 2159 1885 vos,
2189 1831 2246 1875 et
2273 1823 2572 1877 secundum
2602 1822 2776 1892 legem
2805 1835 3041 1880 vestram
3061 1827 3304 1894 judicate
3347 1806 3495 1887 eum.
3531 1832 3626 1890 Di-

344 1913 513 2004 Eirrov
562 1913 655 1971 οῦν
703 1918 852 1988 αὑτῷ
893 1919 944 1971 οἰ
1009 1916 1292 1974 Ἰουδαῖοιο
1354 1919 1519 1988 Ἡμῖν
1566 1919 1667 1973 οὐκ
1724 1918 1934 1984 ἔξεστιν

2043 1921 2240 1966 xerunt
2275 1927 2406 1980 ergo
2447 1914 2498 1969 ei
2554 1912 2730 1970 Judaei
2764 1914 2975 1974 :Nobis
3017 1932 3124 1973 non
3154 1919 3286 1976 licet
3316 1921 3627 1980 interficere

345 2011 668 2063 ἀποκτεῖναι
697 2011 912 2064 οὐδένα.
962 2029 982 2062 ι

857 2027 912 2064 α.
962 2029 982 2062 ι
2039 2019 2390 2074 quemquam.
2431 2023 2451 2058 ι

415 2100 478 2152 Εἰ
510 2102 606 2170 μὲν
643 2101 859 2163 ἑαυτοῖς
891 2099 1220 2170 ἐπιτρέπετε
1254 2099 1358 2170 τὴν
1397 2097 1604 2170 κρίσιν,
1633 2098 1789 2152 αὐτοὶ
1837 2100 1932 2152 καὶ

2038 2144 2049 2160 ,
2101 2097 2157 2151 Si
2187 2098 2401 2166 quidem
2426 2097 2580 2154 vobis
2603 2099 2703 2170 ipsi
2725 2098 2992 2169 judicium
3027 2105 3314 2174 arrogatis,
3345 2104 3446 2175 ipsi
3487 2120 3627 2175 quo-

341 2190 443 2259 τὴν
472 2189 717 2255 ἐξέτασιν
744 2191 820 2253 ὡς
846 2190 1103 2260 βούλεσθε
1147 2199 1258 2244 Ρ-(ι.
1283 2191 1347 2244 Εἰ
1369 2191 1426 2243 δὲ
1458 2189 1544 2242 ἐπ’
1577 2189 1675 2259 ἐμὲ
1698 2198 1720 2226 τ
1752 2188 1934 2260 βούλε-

2037 2201 2143 2256 qne
2206 2187 2462 2256 inquirite
2512 2201 2672 2258 prout
2749 2191 2933 2247 vultis.
2986 2194 3080 2247 Sin
3141 2210 3268 2250 vero
3323 2212 3410 2252 me
3464 2197 3627 2254 vultis

345 2281 439 2333 σθε
466 2283 646 2351 κρῖναι
673 2281 765 2334 τὸν
808 2279 1114 2353 ἇνδρα,τὴν
1141 2281 1324 2334 αἰτίαν
1380 2280 1525 2351 ὑμᾶς
1557 2282 1734 2333 εἰπεῖν
1764 2282 1931 2348 ἀναγ-

2037 2279 2214 2332 virum
2234 2278 2503 2348 judicare,
2526 2281 2692 2335 etiam
2715 2296 2939 2337 causam
2958 2281 3250 2351 proferatis
3279 2300 3502 2343 necesse
3517 2298 3621 2346 est.

341 2376 494 2426 καῖον
521 2383 542 2412 ³
573 2372 708 2444 (15).

410 2466 475 2518 Εἰ
508 2467 535 2518 6
577 2464 743 2535 νόμος
775 2463 933 2535 ὑμῶν
983 2460 1200 2517 καὶτὸν
1247 2463 1489 2517 ἀναίτιον
1523 2462 1774 2530 κολάζει,
1807 2463 1929 2536 κρί-

2107 2455 2164 2510 Si
2197 2456 2283 2512 lex
2315 2467 2497 2514 vestra
2549 2461 2717 2517 etiam
2772 2462 3122 2521 innocentem
3159 2468 3337 2537 punit,
3388 2483 3486 2526 vos
3519 2470 3620 2542 ipsi

339 2573 468 2610 νατε
498 2556 678 2610 αὐτοί.

2029 2548 2293 2619 iudicate.

420 2645 596 2715 Ἡμῖν
655 2648 766 2700 οὐκ
818 2645 1062 2710 ἔξεστιν
1116 2646 1468 2700 ἀποκτεῖναι
1520 2645 1762 2702 οὐδένα.
1837 2646 1926 2712 Ὦς

2025 2678 2034 2684 .
2095 2640 2262 2696 Nobis
2315 2658 2421 2697 non
2467 2643 2592 2699 licet
2660 2646 2956 2716 interﬁcere
3005 2666 3346 2720 quemquam.
3403 2650 3476 2709 Ut
3525 2654 3617 2724 qui

338 2738 668 2800 ἐκπεσόντες
704 2739 805 2806 τῆς
839 2739 1014 2808 ἀρχῆς
1063 2732 1234 2808 (ἦσαν
1279 2739 1391 2808 γὰρ
1423 2737 1529 2791 ὑπὸ
1575 2735 1920 2808 Ῥωμαίους)

2032 2733 2390 2802 principatum
2422 2737 2719 2792 amiserant
2759 2739 2959 2810 (erant
2988 2744 3131 2796 enim
3166 2744 3269 2798 sub
3297 2743 3614 2815 Romanis),

337 2825 494 2882 εἷπον
536 2828 712 2882 τοῦτο.
755 2830 949 2893 Ἤτοι,
1009 2829 1109 2882 οὐκ
1154 2828 1334 2896 ἔξεστι
1361 2829 1676 2901 σταυρῶσαι
1721 2831 1920 2884 αὐτόν’

2033 2825 2134 2878 hoc
2196 2827 2473 2882 dicebant.
2516 2827 2612 2882 Vel
2666 2831 2793 2900 quia
2844 2847 2950 2886 non
2996 2843 3252 2902 poterant
3296 2850 3419 2891 eum
3469 2839 3615 2892 cruci

336 2921 482 2974 οὕτω
525 2921 635 2990 γὰρ
664 2921 876 2992 ῆθελον,
913 2920 1001 2974 ἴνα
1030 2921 1124 2975 καὶ
1158 2922 1250 2974 τδν
1273 2921 1475 2992 τρόπον
1503 2923 1603 2992 τῆς
1630 2923 1798 2976 αὐτοῦ
1832 2938 1922 2976 τε-

2041 2914 2270 2982 alligere,
2302 2918 2443 2985 quod
2473 2920 2782 2990 cupiebant,
2808 2932 2866 2976 ut
2888 2932 2942 2976 et
2975 2923 3166 2979 infami
3193 2927 3383 2981 mortis
3416 2924 3636 2996 genere’

334 3013 534 3084 λευτῆς
575 3012 1028 3084 ἐκπομπεύσωσι.
1067 3013 1140 3065 Ἦ
1167 3013 1249 3066 ὅτι
1279 3012 1505 3082 βασιλέα
1526 3015 1721 3068 ἑαυτὸν
1745 3013 1916 3082 λέγει,

2029 3004 2131 3074 ipsi
2179 3006 2525 3065 insultarent.
2577 3010 2675 3066 Vel
2703 3013 2829 3080 quia
2878 3029 3059 3084 regem
3111 3031 3171 3071 se
3205 3016 3435 3082 diceret,
3467 3019 3615 3088 quod

333 3105 430 3156 atati.
460 3104 575 3157 ἔστι
619 3103 880 3174 δημόσιον
923 3103 986 3156 τὸ
1031 3102 1308 3175 ἔγκλημα,
1347 3105 1442 3158 καὶ
1488 3105 1572 3158 σοὶ
1619 3104 1791 3176 ἀνῆκε
1822 3105 1923 3160 θα-

2027 3106 2111 3152 est
2133 3099 2338 3155 crimen
2360 3103 2638 3170 populare,
2666 3105 2906 3175 adeoque
2938 3115 2991 3161 te
3015 3107 3174 3162 decet
3193 3122 3317 3163 eum
3339 3109 3609 3165 occidere.

331 3195 576 3251 νατῶσαι
602 3195 785 3249 αὐτόν.
1948 3195 1992 3254 c

409 3307 428 3340 ‹
469 3287 738 3357 Εἰσῆλθεν
783 3282 878 3340 οὖν
925 3288 1006 3351 εἰς
1054 3286 1116 3340 τὸ
1174 3285 1512 3357 πραιτώριον
1548 3285 1712 3340 πάλιν
1756 3287 1787 3339 ὁ
1816 3288 1919 3340 Πι-

2085 3272 2252 3330 Vens.
2278 3274 2370 3332 55.
2409 3293 2429 3328 t
2471 3275 2722 3333 Introivit
2769 3292 2902 3351 ergo
2935 3279 3132 3337 iterum
3186 3282 3240 3337 in
3290 3283 3604 3352 pratorium

331 3379 520 3445 λάτος,
572 3380 666 3433 καὶ
697 3377 947 3450 ὲφώνησε
990 3377 1082 3431 τὸν
1122 3376 1354 3449 Ἰησοῦν,
1401 3379 1498 3431 καὶ
1524 3373 1680 3432 εἶπεν
1725 3378 1914 3451 αὐτῷ*

2019 3363 2254 3432 Pilatus,
2287 3375 2340 3420 et
2363 3368 2574 3422 vocavit
2612 3366 2822 3435 Iesum,
2872 3380 2930 3426 et
2957 3371 3097 3426 dixit
3135 3372 3186 3428 ei
3220 3388 3236 3427 :
3270 3373 3351 3427 Tu
3403 3387 3465 3429 es
3509 3390 3599 3431 rex

331 3471 406 3524 Σὺ
440 3467 491 3524 εῐ
516 3473 544 3524 6
580 3471 836 3542 βασιλεὺς
862 3470 973 3525 τῶν
1013 3469 1319 3534 ’ἰουδαίωνς
1361 3488 1380 3521 ι

862 3470 973 3525 τῶν
1013 3469 1319 3534 ’ἰουδαίωνς
1361 3488 1380 3521 ι
2019 3457 2380 3514 Judaaortmt?
2416 3480 2435 3513 ι

402 3563 579 3630 Σαφὲς
611 3565 909 3633 τεκμήριον
952 3563 1035 3615 ὃτι
1067 3561 1208 3616 ἑκὼν
1242 3565 1270 3614 6
1298 3562 1506 3631 Κύριος
1549 3563 1811 3633 ἔπασχεν,
1857 3563 1919 3628 ἐξ

2089 3550 2432 3607 Manifestum
2481 3563 2858 3623 argumentum
2929 3563 3014 3610 est
3068 3554 3353 3610 Dominum
3407 3563 3605 3626 sponte

329 3644 405 3705 ὧν
436 3651 593 3714 εἰδὼς
637 3655 898 3721 προεῖπεν
939 3653 1023 3705 ὅτι
1057 3651 1264 3721 ῆμελλε
1307 3654 1420 3714 τοῖς
1446 3653 1629 3705 ἔθνεσι
1679 3653 1919 3723 παραδο-

2020 3657 2240 3710 passum
2275 3658 2415 3707 esse,
2461 3645 2605 3712 quod
2650 3647 2984 3714 praesciendo
3020 3646 3337 3716 praedixerit
3380 3659 3440 3702 se
3469 3663 3606 3719 gen-

307 3742 492 3811 ’θῆναι
519 3741 613 3793 ἐπὶ
641 3741 718 3812 τῷ
750 3741 1159 3812 σταυρωθῆναι.

2020 3733 2165 3786 tibus
2189 3735 2444 3786 traditmn
2488 3736 2552 3790 iri
2586 3737 2652 3788 ad
2680 3737 3134 3804 cruciﬁgendum.

407 3849 428 3883 ε
469 3827 635 3886 Εἶπεν
669 3831 761 3886 οὖν
790 3831 940 3901 αὐτῷ
966 3834 994 3885 6
1028 3831 1263 3894 Πιλάτος
1283 3849 1298 3864 ο
1335 3829 1549 3884 Οὐκοῦν
1581 3829 1836 3900 βασιλεὺς
1869 3825 1922 3884 εἴ

2088 3819 2256 3876 Vens.
2288 3822 2378 3876 57.
2419 3839 2440 3874 ι
2475 3821 2620 3876 Dixit
2657 3823 2842 3892 itaque
2875 3824 3109 3892 Pilatus
3142 3843 3156 3880 :
3193 3825 3336 3896 Ergo
3391 3843 3487 3882 rex
3544 3842 3604 3884 es

334 3922 434 3992 σύ;
475 3923 780 3996 ’Δπεκρίθη
830 3925 860 3976 6
920 3922 1158 3994 Ἰησοῦςο
1211 3923 1285 3976 Σὺ
1328 3923 1512 3992 λέγεις
1539 3924 1622 3976 ὄτι
1660 3922 1920 3994 βασιλεύς

2022 3919 2077 3964 tu
2103 3910 2127 3964 ἰ
2155 3909 2453 3978 Respondit
2480 3909 2643 3966 Jesus
2672 3925 2688 3964 :
2716 3911 2794 3965 Tu
2823 3911 2960 3966 dicis
2994 3912 3120 3980 quia
3153 3927 3247 3966 rex
3276 3927 3394 3966 sum
3427 3927 3548 3984 ego.
3580 3933 3599 3966 ι

333 4020 383 4071 εἰ
435 4020 505 4071 ιὲ
548 4020 615 4073 ὠ.
663 4037 683 4071 ›

389 4035 544 4161 ἕλύεῖ
567 4107 666 4180 τὴν
711 4106 952 4176 ἀγωνίαν
990 4106 1249 4170 Πιλάτου,
1297 4106 1502 4159 πείθων
1530 4107 1614 4160 ὅτι
1639 4105 1740 4160 οὐκ
1769 4104 1918 4160 ἔστιν

2084 4086 2257 4143 Solvit
2306 4086 2526 4142 dubium
2565 4086 2748 4152 Pilati,
2803 4087 3011 4142 docens
3064 4101 3125 4142 se
3155 4101 3262 4142 non
3315 4078 3603 4160 tyrannum

330 4177 638 4270 ἀντάρτης,
682 4199 820 4253 ἀ).λὰ
858 4199 1113 4270 βασιλεὺς
1145 4198 1380 4270 οὐρανοῦ
1411 4198 1505 4251 καὶ
1530 4198 1653 4269 γῆς.
1692 4197 1785 4251 Διὸ
1820 4200 1917 4251 ἀν-

2018 4193 2140 4234 esse
2165 4179 2497 4250 quempiam,
2534 4179 2628 4233 sed
2677 4178 2798 4234 caeli
2827 4193 2892 4233 ac
2941 4187 3099 4234 terrae
3140 4193 3344 4247 regem.
3400 4177 3605 4236 Idcirco

329 4267 670 4362 απολδγητος
715 4293 743 4344 6
787 4267 1054 4355 Πιλᾶτος,
1109 4267 1225 4360 οὐχ’
1258 4291 1334 4353 ὡς
1388 4267 1710 4361 βλάσφημον
1752 4289 1918 4344 αὐτὸν

2019 4269 2182 4324 etiam
2229 4267 2614 4323 inexcusabilis
2649 4277 2733 4323 est
2760 4267 2987 4331 Pilatus,
3017 4269 3161 4339 quod
3204 4283 3311 4323 non
3342 4278 3600 4338 tanquam

328 4356 618 4451 φονεύσας,
651 4383 788 4437 ἀλλὰ
817 4383 952 4454 πρὸς
984 4384 1145 4456 χάριν
1176 4356 1482 4436 Πουδαίων.
1542 4356 1552 4360 ’
1592 4356 1624 4361 ﬂ

2016 4359 2393 4430 blasphemum
2417 4359 2652 4430 aliquem
2698 4358 2984 4428 occiderit,
3021 4360 3118 4416 sed
3151 4358 3204 4413 in
3236 4359 3469 4431 gratiam
3506 4356 3603 4414 Ju-

2017 4453 2278 4509 dzeorum.

399 4561 463 4614 Οί
515 4559 736 4629 ἄγγελοι
786 4560 845 4613 δὲ
876 4563 893 4598 ί
949 4559 1228 4630 ἡσύχαζον
1277 4555 1374 4610 τοῦ
1433 4554 1702 4627 βασιλέως
1735 4553 1915 4608 αὐτῶν
1947 4535 1993 4591 Ῑ)

2090 4546 2280 4617 Angeli
2316 4556 2496 4602 autem
2523 4545 2668 4616 passi
2706 4553 2833 4600 sunt
2871 4559 3052 4615 regem
3087 4559 3244 4598 suum
3298 4541 3437 4596 allici
3469 4555 3601 4596 con-

326 4651 714 4724 ὑὸριζομὲνου,
745 4652 1054 4716 ἐννοοῦντες
1083 4650 1183 4722 τὴν
1209 4647 1521 4720 οἰκονομίαν
1548 4648 1648 4718 τῆς
1675 4646 1912 4718 Χριστοῦ

2022 4639 2284 4702 tumeliis,
2317 4638 2726 4694 considerantes
2757 4638 2858 4694 hoc
2891 4651 3016 4694 esse
3046 4635 3465 4706 dispensationis
3508 4634 3602 4687 ad-

325 4745 654 4815 παρουσίας.

2020 4741 2213 4786 ventus
2240 4731 2464 4787 Christi.

412 4835 554 4904 Ἐγὼ
582 4835 672 4890 διὰ
713 4835 875 4889 τοῦτο
911 4834 1113 4904 γέγονα
1144 4832 1433 4904 ἄνθρωπος
1453 4874 1467 4896 ,
1498 4831 1594 4885 καὶ
1617 4829 1914 4901 ἐγεννήθην

2092 4834 2208 4904 Ego
2256 4842 2542 4903 propterea
2582 4831 2760 4888 iactus
2817 4844 2939 4886 sum
2983 4829 3174 4893 homo,
3231 4835 3287 4881 et
3317 4840 3383 4881 ex
3430 4825 3597 4880 Maria

324 4929 392 4980 ὲκ
439 4927 660 4998 Μαρίας
680 4968 694 4992 ,
742 4928 829 4980 ἵνα
870 4926 932 4979 τὸ
959 4926 1154 4995 ψεῦδος
1184 4926 1278 4978 καὶ
1316 4925 1409 4977 τὸν
1439 4923 1688 4977 διάϐολον
1724 4923 1788 4976 ὲκ
1813 4919 1908 4976 τοῦ

2020 4933 2180 4979 natus
2234 4939 2377 4989 sum,
2414 4933 2474 4978 ut
2508 4922 2847 4978 mendacium
2900 4935 2965 4976 ac
3019 4918 3292 4976 diabolum
3337 4931 3368 4972 e
3397 4919 3599 4971 mundo

326 5019 536 5088 κόσμου
562 5017 865 5083 ἀπελάσας,
893 5018 1286 5089 βασιλεύουσαν
1311 5013 1581 5081 ἀποδείξω
1596 5022 1626 5052 ι
1647 5014 1746 5086 τὴν
1768 5013 1921 5069 θείαν

2013 5017 2416 5084 exterminans,
2466 5031 2696 5088 regnare
2738 5013 3020 5070 ostendam
3055 5011 3294 5068 divinam
3323 5020 3593 5066 naturam.

327 5120 516 5179 φύσιν.
2118 5135 2126 5143 -
3532 5120 3535 5125 ⁷

935 5246 1188 5300 ΚΕΦΑΛ.
1212 5245 1318 5299 ΙΘ’.

2658 5237 2809 5294 CAP.
2831 5235 2975 5292 XIX.

403 5379 422 5411 ε
463 5360 875 5431 ’Δπεκρίθησαν
908 5357 1056 5428 αὐτῷ
1077 5359 1128 5411 οἰ
1178 5357 1457 5410 Ἰουδαῖοι·
1507 5353 1700 5425 Ἡμεῖς
1745 5354 1910 5425 νόμον

2080 5353 2245 5410 Vens.
2307 5353 2362 5408 7.
2398 5371 2416 5405 ι
2469 5351 2885 5422 Responderunt
2913 5348 2961 5402 ei
2995 5345 3163 5402 Judaei
3204 5363 3217 5398 :
3260 5341 3368 5397 Nos
3420 5341 3587 5409 legem

401 5547 425 5573 η
451 5538 541 5590 Cr.
573 5536 908 5604 ἀπεφήνατο.
951 5584 953 5586 .
981 5540 1007 5568 °
1038 5533 1130 5587 Cr.
1162 5533 1284 5587 add.
1331 5533 1518 5587 αὐτόν.
1587 5541 1680 5582 Ρη-ει
1710 5531 1800 5584 Cr.
1827 5530 1951 5584 add.
1994 5553 1996 5562 λ

1994 5527 2317 5600 ποιήσασθε.
2397 5538 2419 5565 ι·
2447 5527 2536 5581 Cr.
2566 5524 2653 5578 ἐπ’
2693 5520 2849 5592 ἐμοῦ.
2927 5530 2950 5559 ⁸
2978 5517 3069 5576 Cr.
3103 5515 3381 5588 κριθῆναι,
3414 5513 3589 5567 εἰπεῖν

327 5611 645 5675 ἀναγκαῖον.
723 5607 739 5641 ι
771 5604 863 5659 Cr.
901 5604 1018 5660 sine
1049 5604 1130 5658 δέ.
1205 5611 1232 5640 ἰ
1264 5603 1356 5659 Cr.
1387 5604 1509 5659 add.
1534 5604 1774 5657 πάντων.

409 5761 519 5833 (15)
581 5760 692 5819 lloc
745 5760 1007 5818 scholium
1063 5771 1256 5816 catena
1324 5758 1570 5816 Cramcri
1627 5752 1916 5812 Ammonio
1958 5752 2172 5818 tribuit,
2206 5751 2500 5808 Corderius
2525 5763 2653 5805 vero
2683 5747 2970 5804 Theodoro
3004 5742 3411 5813 Mopsuestcno.
