4038 6148
559 305 693 376 1511

1657 303 1931 364 ΑΜΜΟΝ
1943 305 1997 362 ll
2034 302 2567 366 ALEXANDRINI

3685 303 3827 371 1512

557 423 822 476 habemus
857 436 873 474 :
904 426 958 474 et
984 416 1283 473 secundum
1309 416 1483 488 legem
1521 415 1682 470 debet
1707 418 1868 483 mori,
1901 417 2028 486 quia
2066 418 2121 470 ti-

2235 416 2452 487 ἐχομεν,
2486 417 2582 470 καὶ
2609 412 2754 470 κατά
2776 415 2870 470 τὸν
2890 416 3053 487 νόμον
3074 415 3232 487 ἡμῶν
3254 415 3462 486 ὀφείλει
3493 417 3817 491 ἀποθανεῖν,

557 513 689 566 lium
720 509 811 563 Dei
839 523 896 563 se
933 508 1080 562 fecit.
1114 525 1134 560 ›

611 601 725 654 Νυιι
744 599 939 654 Filium
962 598 1051 651 Dei
1075 607 1239 653 semel
1263 599 1376 667 ipse
1391 597 1540 665 fecit,
1559 601 1651 655 sed
1671 614 1792 654 cum
1810 610 1951 655 esset
1967 600 2134 656 Filius

2236 508 2319 561 ὅτι
2349 507 2540 561 ἐαυτὸν
2572 505 2688 562 υίδν
2711 507 2846 562 Θεοῦ
2871 507 3150 576 ἐποίησεν.
3200 525 3219 558 ι

2307 600 2420 670 Ούχ
2437 599 2571 653 Υίδν
2594 600 2730 654 Θεοῦ
2753 600 2944 655 ἐαυτὸν
2969 600 3247 672 ἐποίησεν,
3267 601 3383 654 ἀλλ’
3419 601 3497 655 ὢν
3515 603 3648 668 Υίδς
3664 605 3820 672 Θεοῦ,

561 692 676 753 Dei,
727 691 998 743 hominem
1044 691 1390 758 semetipsum
1438 691 1584 755 fecit,
1646 707 1772 746 vere
1819 692 2121 746 immutatus

2233 690 2522 762 ἄνθρωπον
2551 692 2744 745 ἐαυτὸν
2769 693 3048 763 ἐποίησεν,
3069 693 3353 765 ἀτρέπτως
3375 695 3596 765 μείνας,
3627 698 3706 758 ὡς
3733 693 3820 768 ἦν,

561 799 804 846 manens,
833 784 906 836 uti
933 794 1072 847 eral,
1107 782 1270 838 Deus.
1297 784 1450 849 Quod
1501 786 1645 839 enim
1674 785 2008 854 objiciebant
2031 782 2132 838 Ju-

558 875 678 936 dati,
706 883 760 932 et
787 872 899 926 lieri
931 887 1032 924 non
1062 882 1297 941 poterat,
1332 884 1388 926 ut
1420 874 1502 927 vel
1534 874 1659 928 hinc
1692 874 1915 928 minime
1947 875 2128 928 subsi-

558 971 699 1015 stere
726 963 1067 1030 probaretur,
1094 973 1146 1016 et
1184 963 1378 1017 falsum
1411 973 1552 1018 erat.
1582 965 1932 1033 Quapropter
1959 966 2130 1018 etiam

559 1053 763 1109 Pilatus
791 1063 848 1108 ut
877 1065 1055 1109 mutus
1095 1054 1377 1110 idololatra
1425 1055 1583 1124 quasi
1635 1065 2018 1111 consternatus
2060 1055 2131 1110 ti-

559 1147 712 1199 tnuit.

629 1234 794 1290 Vens.
829 1236 918 1292 ll.
948 1255 968 1287 ‹
1004 1235 1302 1305 Respondit
1350 1235 1509 1291 Jesus
1541 1252 1554 1289 :
1587 1233 1703 1290 Non
1767 1236 1998 1293 haberes
2045 1252 2133 1308 po-

562 1337 811 1383 testatem
844 1330 1135 1384 adversum
1171 1344 1255 1384 me
1281 1329 1472 1396 ullam,
1501 1329 1607 1384 nisi
1646 1329 1745 1385 tibi
1764 1330 1948 1385 datum
1977 1338 2124 1387 esset

562 1419 812 1487 desuper.
843 1437 864 1471 ι

638 1509 872 1564 Tametsi
896 1509 1148 1576 princeps
1191 1509 1288 1572 sis,
1318 1509 1527 1562 nullum
1560 1517 1742 1564 tamen
1775 1525 1829 1564 tn
1863 1525 1949 1564 me
1979 1510 2120 1564 deli-

558 1615 702 1658 ctum
733 1600 1019 1655 inveniens
1068 1614 1172 1653 non
1199 1601 1468 1670 potuisses
1497 1613 1582 1654 me
1607 1602 1994 1664 condemnare,
2024 1601 2128 1656 nisi

2233 781 2386 846 Θεός.
2426 784 2489 835 Ὃ
2520 783 2628 853 γάρ
2662 779 2818 836 εἷπον
2881 785 3150 851 Ἰουδαῖοι,
3201 787 3296 838 καὶ
3341 785 3613 840 ἀδύνατον
3633 783 3726 859 ἦν,
3749 789 3820 853 ὡς

2235 874 2328 927 καὶ
2359 876 2423 926 ἐκ
2468 875 2661 928 τούτου
2705 876 2985 946 δειχθῆναι
3032 877 3211 928 αύτῶν
3253 877 3315 930 τὸ
3357 877 3695 946 ἀσύστατον,
3731 864 3821 934 καὶ

2231 967 2446 1038 ψευδές.
2484 967 2578 1020 Διὸ
2628 969 2723 1021 καὶ
2767 968 2843 1032 ὼς
2873 968 3270 1040 εἰδωλολάτρης
3299 969 3504 1039 κοῦφος
3533 973 3562 1024 6
3588 972 3822 1036 Πιλᾶτος

2235 1057 2628 1128 συναρπαγεὶς,
2665 1057 2996 1128 ἀδιακρίτως
3035 1059 3301 1130 ἐφοϐήθη.

2309 1249 2329 1283 ι
2387 1232 2684 1304 Ἀπεκρίθη
2715 1234 2743 1285 6
2784 1232 2990 1303 Ἰησοῦς
3010 1249 3024 1263 ·
3057 1233 3171 1287 Οὐκ
3199 1229 3348 1304 εἶχες
3378 1234 3637 1301 ἐξουσίαν
3669 1236 3820 1290 οὐδε-

2235 1322 2364 1394 μίαν
2394 1325 2515 1377 κατ’
2547 1325 2704 1395 ἐμοῦ,
2729 1328 2778 1378 εί
2811 1325 2886 1396 μὴ
2906 1322 2973 1398 ἦν
3005 1343 3088 1379 σοι
3112 1325 3399 1398 δεδομένον
3433 1328 3673 1383 ἀνωθεν.
3711 1349 3731 1382 ι

2301 1501 2420 1554 Κᾶν
2453 1499 2637 1570 ἄρχων
2675 1495 2732 1572 ᾗ,
2772 1500 2887 1553 ἀλλ’
2926 1494 3020 1556 οὗν
3055 1502 3132 1572 μὴ
3182 1502 3456 1573 εὑρίσκων
3511 1503 3641 1557 κατ’
3675 1506 3810 1575 ἐμοῦ

2233 1595 2501 1662 πταῖσμα,
2532 1593 2633 1645 οὐκ
2661 1592 2856 1662 ὴδύνου
2897 1610 2998 1663 μου
3041 1592 3537 1664 καταψηφίσασθαι
3573 1606 3627 1661 ν,
3667 1600 3717 1650 εἰ
3747 1598 3816 1668 μή

554 1710 654 1764 ego
684 1702 875 1762 sponte
906 1692 1171 1758 Ineipsum
1201 1705 1267 1746 ex
1287 1690 1472 1746 Patris
1507 1691 1846 1762 beneplaeito
1888 1692 1956 1747 ad
1990 1706 2121 1762 pas-

2232 1682 2374 1737 ἐκὼν
2403 1684 2515 1752 ἐγὼ
2540 1683 2762 1754 εὐδοκία
2786 1684 3001 1754 Πατρὸς
3020 1685 3230 1756 ἧγαγον
3253 1687 3493 1757 ἐμαυτὸν
3519 1689 3604 1752 είς
3627 1689 3691 1742 τὺ
3717 1707 3808 1742 πα·

557 1787 766 1840 sionem
801 1781 1143 1836 obtulissem.

628 1877 791 1931 Vens.
828 1874 916 1930 14.
957 1893 974 1925 ι
1003 1874 1130 1928 Erat
1159 1882 1340 1928 autem
1372 1888 1668 1942 parasceve
1720 1873 1967 1940 Paschae,
1998 1876 2130 1930 hora

554 1969 708 2037 quasi
739 1976 914 2030 sexta,
943 1976 998 2020 et
1027 1965 1159 2018 dicit
1187 1963 1390 2019 Iudaeis
1417 1984 1430 2018 :
1464 1965 1606 2020 Ecce
1638 1980 1735 2020 rex
1760 1975 1960 2020 vester.
1995 1985 2015 2018 ι

627 2052 828 2106 Horam
889 2049 1217 2119 evangelista
1273 2051 1552 2104 denotavit
1615 2061 1834 2121 propter
1879 2065 2127 2107 resurre-

553 2142 788 2198 ctionem
833 2141 993 2194 tertio
1049 2141 1134 2194 die
1186 2138 1408 2195 factam.
1449 2142 1684 2209 Insignis
1725 2153 1906 2196 autem
1947 2142 2129 2197 scriba

555 2249 652 2302 pro
711 2233 937 2288 Gamma
971 2230 1264 2297 elemento,
1301 2232 1444 2300 quod
1485 2235 1706 2287 tertiam
1738 2233 1938 2302 signat,
1981 2233 2128 2287 aliud

555 2326 768 2392 signum
805 2324 1005 2392 posuit,
1044 2322 1188 2392 quod
1219 2321 1405 2378 Gabex
1433 2323 1786 2378 Alexandrini
1821 2334 2038 2392 vocant,
2071 2333 2126 2380 et

555 2426 764 2471 sextam
795 2417 1037 2480 denotat,
1067 2430 1429 2484 magnamque
1456 2416 1599 2470 inter
1637 2431 1696 2470 se
1729 2417 1934 2472 habent
1968 2418 2123 2472 simi-

553 2508 836 2562 litudinem
867 2524 881 2561 :
917 2518 972 2562 et
1017 2521 1084 2561 ex
1136 2520 1326 2561 errore
1365 2506 1685 2577 scriptionis
1744 2507 1848 2562 ista
1903 2509 2126 2578 irrepsit

554 2599 847 2655 diversitas
895 2599 1165 2656 lectionis.
1195 2596 1330 2654 Nam
1379 2614 1478 2670 pro
1540 2600 1700 2655 lenia
1737 2601 1875 2656 hora
1907 2611 2119 2658 sextam

553 2693 796 2761 scripsit.

622 2802 788 2859 Vens.
820 2803 908 2858 18.
943 2821 962 2854 ι
995 2802 1508 2858 Ubicrucilixerunt
1564 2819 1712 2869 eum,
1766 2813 1824 2860 et
1877 2820 2000 2858 cum
2056 2821 2124 2860 eo

554 2899 690 2952 alios
713 2899 869 2963 duos,
901 2897 1028 2950 hinc
1051 2907 1102 2951 et
1135 2897 1280 2964 hinc,
1309 2897 1545 2951 medium
1579 2906 1758 2951 autem
1781 2895 1991 2952 Jesum.
2029 2918 2047 2950 ι

621 2988 724 3042 Per
752 2989 854 3042 hoc
879 2991 1021 3055 quod
1055 2989 1198 3042 inter
1233 2990 1368 3042 duos
1403 2990 1644 3044 latrones
1683 2991 1979 3045 cruciﬁxus
2013 3000 2120 3055 est,

553 3079 768 3148 impleta
796 3087 879 3132 est
909 3076 1211 3146 Scriptura,
1244 3094 1362 3147 quae
1383 3081 1513 3134 dicit
1534 3099 1548 3135 :
1569 3081 1632 3133 Et
1675 3098 1790 3134 cum
1814 3083 2013 3150 iniquis
2036 3098 2119 3135 re-

549 3179 764 3239 putatus
803 3179 876 3223 est
906 3168 974 3222 '°.
1012 3168 1209 3236 Figura
1242 3171 1294 3224 hi
1322 3171 1544 3226 fuerunt
1608 3173 1836 3225 duorum
1899 3173 2124 3240 populo-

552 3278 693 3326 rum,
725 3261 816 3330 qui
876 3269 1096 3332 propter
1123 3272 1346 3332 peccata
1395 3279 1492 3318 sua
1530 3262 1610 3316 rei
1646 3251 1827 3316 erant.
1866 3262 1963 3318 Vel
1994 3266 2121 3333 quia

547 3354 640 3423 qui
666 3353 883 3409 Christo
911 3353 1229 3422 agglutinati
1281 3365 1428 3419 sunt,
1455 3354 1735 3422 semetipsi
1799 3357 2122 3424 cruciﬁgere

548 3445 769 3510 debent,
803 3443 971 3512 priori
1005 3445 1402 3498 conversationi
1432 3445 1836 3514 quodammodo
1872 3448 2116 3502 morien-

550 3547 653 3598 tes,
674 3544 730 3589 et
760 3535 815 3588 in
851 3534 1090 3588 novitate
1111 3537 1234 3589 vitae
1264 3535 1419 3603 juxta
1454 3533 1810 3605 Evangelium
1843 3537 2123 3594 ambulan-

548 3635 652 3679 tes.

621 3713 786 3770 Vens.
816 3714 903 3770 l9.
938 3733 957 3767 ι
996 3712 1227 3783 Scripsit
1279 3722 1456 3768 autem
1508 3722 1564 3769 et
1603 3714 1818 3770 titulum
1853 3716 2063 3776 Pilatus
2094 3739 2109 3778 :

547 3813 604 3860 et
655 3806 837 3876 posuit
890 3820 1052 3875 super
1111 3819 1351 3859 erucem.
1385 3805 1512 3860 Erat
1580 3816 1760 3862 autem
1791 3809 2056 3880 scriptum
2097 3830 2111 3868 :

453 3885 455 3888 ’
544 3896 701 3953 Jesus
736 3895 1070 3961 Nazarenus,
1101 3896 1216 3949 Rex
1245 3896 1575 3954 Iudaeorum.
1615 3919 1635 3952 ι

615 3987 752 4042 Cum
779 3987 934 4053 nihil,
954 3988 1097 4056 quod
1130 3987 1206 4042 illi
1239 3989 1524 4058 objieeret,
1560 3988 1766 4046 Pilatus
1798 3995 2115 4064 reperisset,

546 4079 651 4132 hoc
712 4080 951 4146 scripsit,
991 4091 1057 4133 ne
1109 4088 1164 4132 et
1203 4079 1317 4148 ipse
1364 4079 1505 4134 latro
1549 4091 1856 4150 putaretur.
1908 4084 2110 4155 Regem

547 4181 668 4220 eum
699 4167 926 4235 populus
963 4167 1430 4235 proclamaverat:
1467 4179 1522 4226 et
1552 4173 1677 4241 quia
1714 4173 1886 4228 Judaei
1914 4192 2096 4247 regem

547 4269 707 4310 suum
738 4272 769 4312 e
799 4258 974 4313 medio
1007 4259 1285 4325 tulissent,
1323 4275 1416 4316 eos
1454 4264 1829 4334 perstringens
1855 4269 1956 4322 hoc
1981 4271 2111 4324 scri-

547 4350 676 4417 psit.
709 4349 840 4404 Illud
872 4362 954 4405 est
982 4351 1423 4422 chirographum,
1448 4355 1592 4423 quod
1630 4356 1819 4411 Adami
1853 4363 2113 4415 condem-

2161 1759 2205 1816 Β
2235 1770 2368 1825 θεῖν.

2309 1883 2327 1916 ι
2362 1858 2472 1917 Ἦν
2488 1863 2544 1917 δὲ
2560 1866 2887 1938 παρασκευὴ
2909 1864 3003 1919 τοῦ
3026 1865 3240 1936 Πάσχα,
3262 1865 3383 1937 ὥρα
3409 1866 3466 1919 δὲ
3493 1866 3633 1920 ὡσεὶ
3661 1867 3814 1937 ἕκτη,

2231 1953 2325 2007 καὶ
2357 1954 2506 2023 λέγει
2532 1957 2645 2019 τοῖς
2684 1957 2962 2019 Ἰουδαίοις
2985 1975 3000 1988 ο
3033 1958 3139 2010 Ἴδε
3175 1959 3203 2011 6
3233 1957 3493 2028 βασιλεὺς
3516 1959 3700 2029 ὑμῶν.
3745 1978 3764 2011 ι

2302 2043 2413 2114 Τὴν
2446 2043 2594 2115 ὥραν
2621 2047 3012 2119 ἐπεσημήνατο
3042 2050 3070 2100 6
3113 2048 3538 2120 εὑαγγελιστὴς,
3591 2050 3687 2102 διὰ
3721 2051 3814 2120 τὴν

2228 2133 2526 2187 ἀνάστασιν
2559 2136 2656 2207 τὴν
2681 2139 2740 2190 ἐν
2768 2141 2836 2209 τῇ
2865 2139 3028 2210 τρίτῃ
3073 2142 3366 2207 γεγονυῖαν
3418 2143 3630 2213 ἡμέρᾳ.
3677 2143 3736 2196 Ὀ
3758 2143 3810 2195 δὲ

2229 2226 2602 2299 καλλιγράφος
2634 2231 2755 2284 ἀντὶ
2772 2231 2864 2283 τοῦ
2889 2231 3095 2302 Γάμμα
3126 2233 3420 2304 στοιχείου,
3441 2235 3581 2305 ὅπερ
3615 2237 3812 2307 σημαί-

2228 2335 2310 2372 νει
2337 2319 2399 2372 τὸ
2455 2321 2668 2391 τρίτην,
2726 2321 2930 2392 ἔγραψε
2971 2324 3033 2376 τὸ
3063 2325 3338 2395 ἐπίσημον
3386 2325 3416 2378 6
3450 2325 3718 2379 καλοῦσιν
3763 2329 3808 2380 οί

2241 2409 2611 2483 Ἀλεξανδρεῖς
2622 2413 2819 2480 Γαὸὲξ,
2839 2415 2866 2467 6
2883 2415 3038 2485 δηλοῖ
3051 2417 3152 2486 τὴν
3170 2415 3359 2487 ἕκτην,
3386 2418 3595 2488 πολλὴν
3624 2419 3808 2488 ἔχοντα

2229 2502 2365 2573 πρὸς
2398 2505 2568 2559 ἑαυτά
2612 2509 2712 2575 τὴν
2755 2507 3052 2578 ὁμοιότητα
3077 2525 3092 2540 ·
3125 2508 3222 2562 καὶ
3266 2509 3356 2561 διά
3386 2509 3479 2562 τοῦ
3533 2511 3807 2581 γραφικοῦ

2229 2594 2550 2665 σφάλματος
2595 2596 2822 2666 γέγονεν
2867 2601 2901 2669 ή
2956 2599 3249 2669 διαφωνία.
3306 2601 3458 2655 ’Δντὶ
3483 2602 3596 2674 γὰρ
3625 2587 3816 2675 τρίτης

2226 2684 2376 2757 ὥρας
2393 2727 2408 2751 ,
2439 2686 2606 2758 ἕκτην
2634 2687 2866 2760 ἔγραψε.

2305 2817 2324 2850 ι
2359 2800 2536 2852 Ὅπου
2565 2800 2728 2853 αὐτὸν
2745 2801 3126 2871 ἐσταύρωσαν,
3153 2803 3250 2856 καὶ
3274 2803 3393 2874 μετ’
3418 2806 3593 2859 αὐτοῦ
3619 2806 3806 2869 ἄλλους

2225 2889 2341 2951 δύο,
2376 2890 2624 2944 ἐντεῦθεν
2654 2893 2749 2944 καὶ
2777 2891 3048 2956 ἐντεῦθεν,
3080 2893 3247 2962 μέσον
3276 2894 3335 2948 δὲ
3366 2895 3461 2948 τὸν
3510 2897 3746 2967 Ἰησοῦν.
3781 2915 3798 2947 ι

2295 2983 2394 3034 Διά
2432 2981 2526 3034 τοῦ
2583 2983 2967 3054 σταυρωθῆναι
3013 2985 3071 3036 ἐν
3105 2985 3260 3055 μέσῳ
3297 2987 3408 3041 τῶν
3442 2988 3538 3042 δύο
3574 2989 3806 3061 λῃστῶν,

2151 3109 2195 3167 c
2231 3072 2526 3143 ἐπληρώθη
2553 3075 2587 3143 ἡ
2613 3074 2802 3144 Γραφῇ
2829 3074 3086 3167 λέγουσα,
3110 3076 3221 3129 Kal
3236 3077 3387 3145 μετὰ
3409 3079 3660 3147 ἀνόμων
3682 3082 3814 3133 ἑλο-

2229 3167 2429 3234 τίσθη.
2454 3166 2634 3230 Τύπος
2661 3169 2798 3220 εἰσιν
2827 3162 2973 3222 οὗτοι
3007 3168 3119 3222 τῶν
3148 3169 3243 3222 δύο
3271 3171 3415 3223 λαῶν
3435 3172 3606 3226 ὄντων
3632 3191 3815 3228 κατα-

2230 3259 2441 3328 κρίτων
2471 3259 2563 3311 διὰ
2601 3260 2700 3322 τὰς
2738 3259 2918 3313 αὐτῶν
2959 3261 3256 3332 ἁμαρτίας.
3289 3264 3356 3315 Ἦ
3382 3264 3460 3316 ὅτι
3489 3265 3538 3316 οῖ
3565 3265 3818 3334 Χριστῷ

2228 3349 2562 3420 κολλώμενοι
2613 3351 2888 3419 ὀφείλουσι
2950 3353 3217 3424 σταυροῦν
3275 3354 3529 3420 ἑαυτοὺς,
3585 3354 3817 3410 ὡσανεὶ

2227 3441 2663 3513 ἀποθνήσκοντες
2710 3447 2776 3516 τῇ
2830 3445 3026 3518 πρώτῃ
3072 3446 3345 3516 διαγωγῇ,
3379 3445 3590 3511 ζῶντες
3623 3447 3690 3503 6‘s
3751 3451 3814 3502 ἐν

2227 3533 2505 3604 καινότητι
2530 3533 2672 3587 κατὰ
2703 3534 2766 3588 τὸ
2798 3535 3161 3604 Εύαγγέλιον.

2297 3732 2319 3767 ι
2361 3713 2610 3784 Ἔγραψε
2641 3714 2697 3767 δὲ
2736 3715 2828 3769 καὶ
2867 3715 3046 3771 τίτλον
3088 3718 3116 3770 6
3161 3715 3416 3782 Πιλάτος,
3469 3716 3567 3770 καὶ
3603 3716 3805 3786 έθηκεν

2225 3803 2315 3856 ἐπὶ
2337 3802 2431 3855 τοῦ
2481 3802 2739 3874 σταυροῦ.
2775 3798 2884 3856 Ἦν
2922 3804 2978 3857 δὲ
3024 3805 3415 3875 γεγραμμένον
3444 3821 3460 3836 '
3533 3806 3750 3876 Ἰησοῦς
3779 3809 3805 3859 6

2221 3895 2566 3969 Ναζωραῖος,
2597 3897 2626 3948 6
2658 3896 2910 3966 βασιλεὺς
2933 3898 3040 3951 τῶν
3086 3899 3380 3953 Ἰουδαίων.
3420 3917 3440 3950 ι

2291 3987 2385 4057 Μὴ
2415 3987 2591 4058 εὑρὼν
2616 3989 2669 4040 τί
2718 3988 2847 4060 εἴπῃ
2876 3988 2998 4041 κατ’
3048 3989 3214 4043 αὐτοῦ
3237 3990 3266 4041 6
3304 3989 3562 4056 Πιλάτος,
3591 3990 3799 4062 ἔγραψε

2219 4083 2396 4145 τοῦτο,
2432 4083 2519 4135 ἵνα
2560 4082 2635 4153 μὴ
2668 4085 2898 4154 νομισθῇ
2927 4084 3022 4138 καὶ
3052 4085 3216 4148 αὐτὸς
3247 4082 3393 4138 εἶναι
3419 4086 3654 4156 λῃστής.
3690 4084 3796 4138 Βα-

2221 4173 2374 4227 σιλέα
2395 4175 2557 4228 αὐτὸν
2585 4175 2815 4246 δημοσίᾳ
2874 4177 3232 4248 ἀνηγόρευσε,
3251 4178 3346 4231 καὶ
3363 4179 3447 4232 ὅτι
3474 4180 3524 4231 οι
3556 4179 3796 4231 Ἰουδαῖοι

2219 4262 2310 4316 τὸν
2341 4263 2563 4334 βασιλέα
2613 4264 2794 4318 αὐτῶν
2853 4266 3091 4333 ἀνεῖλον,
3153 4267 3429 4338 διασύρων
3482 4267 3793 4328 Ἰουδαίους,

2217 4355 2446 4428 ἔγραψε.
2477 4357 2648 4410 Τοῦτό
2675 4360 2791 4412 ἐστι
2815 4359 2876 4410 τὸ
2911 4359 3278 4431 χειρόγραφον
3307 4360 3336 4412 6
3367 4362 3701 4431 προσήλωσε
3723 4358 3794 4427 τῷ

548 4443 695 4496 natio
724 4442 871 4496 cruci
907 4443 1159 4510 praeﬁxit,
1197 4443 1471 4513 quodjam
1509 4447 1756 4502 diabolus
1780 4451 2092 4518 possidens,

2223 4449 2491 4521 σταυρῷὴ
2524 4450 2664 4504 κατά
2701 4449 2794 4503 τοῦ
2826 4451 3000 4522 Ἀδὰμ
3033 4452 3332 4520 ἀπόφασις,
3375 4452 3517 4521 ὅπερ
3554 4453 3584 4504 6
3616 4450 3793 4505 διαϐο-

545 4549 733 4588 omnes
781 4535 1027 4588 homines
1065 4537 1229 4590 morti
1261 4537 1442 4591 dabat.
1478 4537 1674 4592 Verum
1714 4539 1968 4597 Salvator
2009 4544 2104 4600 ubi

2223 4543 2304 4607 λος
2347 4543 2614 4613 κατέχων,
2643 4544 2852 4607 πάντας
2891 4543 3215 4614 ἀνθρώπους
3265 4545 3550 4615 ἀπέφερεν
3586 4546 3672 4608 είς
3703 4543 3789 4598 θά-

546 4639 645 4695 pro
671 4616 906 4680 nobisin
925 4624 1070 4695 ligno
1112 4637 1359 4682 mortuus
1388 4627 1510 4695 fuit,
1549 4645 1647 4685 nos
1675 4629 1946 4688 liberavit.

616 4811 784 4869 Vens.
804 4811 893 4868 50.
919 4831 939 4864 ι
963 4813 1029 4867 Ει
1059 4812 1315 4871 inclinato
1348 4815 1525 4886 capite
1553 4815 1777 4872 tradidit
1807 4817 2110 4888 spiritum.»

617 4996 796 5068 Caput
835 4997 1140 5064 inclinavit,
1177 5000 1278 5056 hoc
1309 5001 1456 5056 enim
1495 5016 1599 5057 non
1632 5011 1748 5059 erat
1781 5003 2022 5070 aﬂixum,
2052 5015 2110 5062 et

542 5099 670 5145 tunc
727 5090 1039 5159 exspiravit.
1083 5090 1297 5146 Etenim
1352 5094 1587 5150 universi
1642 5104 1760 5151 erat
1815 5097 2107 5165 Dominus;

2214 4652 2394 4690 νατον.
2448 4635 2590 4687 Ἀλλ’
2627 4637 2655 4688 6
2686 4635 2878 4706 Σωτὴρ
2907 4636 3046 4706 ὑπὲρ
3076 4637 3236 4707 ήμῶν
3269 4637 3328 4688 ἐν
3364 4635 3442 4705 τῷ
3473 4634 3625 4706 ξύλῳ
3658 4637 3787 4688 ἀπο·

2214 4726 2412 4791 θανὼν,
2445 4725 2824 4796 ἠλευθέρωσεν
2853 4728 3023 4796 ἡμᾶς.

2291 4837 2310 4868 ι
2383 4819 2496 4870 Καὶ
2569 4817 2755 4881 κλίνας
2839 4816 2939 4888 τὴν
3011 4817 3277 4888 κεφαλὴν,
3357 4816 3659 4888 παρέδωκε
3734 4817 3785 4868 τδ

2211 4907 2454 4977 πνεῦμα.
2489 4924 2511 4958 ι

2281 4999 2393 5070 Τὴν
2422 4998 2668 5070 κεφαλὴν
2701 4997 2939 5051 ἔκλινεν·
2995 4996 3132 5066 αὕτη
3182 4997 3292 5068 γὰρ
3335 4997 3398 5050 οὐ
3435 4997 3784 5067 προσήλωτο,

2205 5091 2302 5145 καὶ
2331 5089 2454 5143 τότε
2483 5089 2798 5153 ἐξέπνευσε.
2834 5088 2946 5141 Καὶ
2960 5087 3068 5156 γάρ
3101 5086 3194 5141 τοῦ
3227 5086 3430 5150 παντὸς
3455 5083 3527 5158 ἦν
3555 5087 3784 5156 Κύριος.

542 5196 666 5234 cum
719 5179 855 5233 alias
911 5182 1146 5250 primum
1203 5182 1486 5252 exspirare
1515 5185 1642 5254 quis
1678 5185 1872 5253 soleat,
1901 5201 1965 5241 ac
1994 5197 2115 5256 tum“

2223 5182 2410 5250 ιαίπερ
2436 5179 2531 5233 τοῦ
2572 5179 2727 5241 ἔθους
2757 5177 2974 5249 ἔχοντος
3010 5179 3224 5251 πρῶτον
3253 5181 3502 5244 ἐκπνεῖν,
3538 5182 3638 5233 καὶ
3664 5181 3783 5233 τότε

540 5273 756 5327 demum
778 5281 939 5339 caput
972 5273 1255 5328 inclinare.
1351 5335 1360 5344 ,

611 5361 779 5416 Vens.
808 5363 899 5418 3t.
932 5382 952 5415 ι
979 5363 1150 5420 Judaei
1183 5381 1314 5429 ergo
1340 5366 1616 5436 (quoniam
1643 5368 1947 5424 Parasceve
1965 5363 2106 5436 erat)

606 5541 650 5573 ³⁸
680 5539 786 5596 lsa.
812 5557 931 5606 LIII,
965 5543 1050 5597 l2.

605 5723 632 5753 "
656 5715 754 5771 Cr.
782 5717 882 5770 οὐκ
905 5718 1068 5786 ἡδύνα
1081 5736 1137 5770 σο
1168 5719 1368 5788 καταψ.

2203 5273 2302 5345 τὴν
2332 5270 2575 5342 κεφαλὴν
2610 5270 2833 5325 κλίνειν.

2280 5383 2300 5418 ι
2341 5365 2404 5419 Oi
2428 5359 2520 5418 οὖν
2574 5363 2820 5418 Ἰουδαῖοι
2857 5360 3001 5433 (ἐπεὶ
3045 5361 3381 5432 Παρασκευὴ
3405 5355 3476 5434 ἦν
3497 5361 3542 5432 ),
3585 5361 3678 5414 ἵνα
3708 5357 3780 5430 μὴ
