4038 6148
291 331 424 398 1513

1343 329 1800 394 FRAGMENTA
1835 333 1918 394 IN
1957 334 2018 394 S.
2058 335 2434 408 JOANNEM.

3385 339 3524 407 1514

289 445 454 517 μείνῃ
491 445 584 498 ἐπὶ
613 445 708 498 τοῦ
742 444 978 518 σταυροῦ
1023 445 1090 498 τὰ
1135 443 1360 515 σώματα
1393 447 1452 499 ἐν
1477 446 1556 516 τῷ
1589 446 1840 517 Σαὸὅάτιι

1956 457 2015 502 ιιι
2047 464 2154 505 non
2187 459 2535 508 remanerent
2567 451 2618 507 in
2649 466 2814 508 cruce
2858 467 3088 522 corpora
3121 451 3358 509 Subhato
3381 455 3524 523 (erat

289 528 374 604 (ἦν
403 534 509 605 γὰρ
539 533 748 604 μεγάλη
783 533 964 604 ἡμέρα
1013 533 1196 603 ἐκείνη
1227 533 1324 586 τοῦ
1353 534 1677 606 Σαϐὄάτου),
1704 535 1852 606 ἠρώ-

284 641 459 693 τησαν
477 624 568 676 τὸν
601 623 829 678 Πιλᾶτον
850 623 939 678 ἵνα
964 623 1308 694 κατεαγῶσιν
1339 623 1520 678 αὐτῶν
1554 627 1622 680 τὰ
1662 626 1850 698 σκέλη,

286 715 381 766 καὶ
401 714 658 786 ἀρθῶσιν.
697 734 718 768 ι

355 807 786 876 Προσποιοῦνται
831 809 998 879 τιμᾷν
1041 806 1140 878 τὴν
1197 807 1439 878 ἡμέραν,
1493 808 1590 861 κοιλ⁹
1636 807 1850 862 αἰτοῦσι

286 899 447 969 χάριν
484 895 624 950 ὥστε
660 883 958 970 ταχύτερον
1017 897 1312 952 ἀποθανεῖν
1342 900 1471 964 τοὺς
1497 899 1848 970 ἀνθρώπους⁶

285 988 548 1052 αἰτοῦσιν,
575 990 660 1042 ἵνα
691 991 952 1062 πληρωθῇ
983 991 1146 1044 πάλιν
1176 993 1310 1064 ἄλλη
1340 992 1557 1064 Γραφὴ,
1589 995 1623 1064 ἡ
1653 993 1850 1062 λέγου-

286 1097 356 1134 σα
376 1095 388 1109 ·
423 1081 678 1135 Ὀστοῦν
698 1083 770 1135 οὐ
797 1081 1257 1150 συιτριϐήσεται
1295 1083 1504 1138 αὑτοῦ.

358 1187 379 1222 ‹
449 1168 697 1238 Ἐγένετο
739 1169 848 1240 γὰρ
873 1168 1070 1233 ταῦτα,
1121 1170 1210 1223 ἱνα
1251 1172 1284 1238 ἠ
1318 1169 1510 1242 Γραφὴ
1544 1169 1845 1242 πληρωθῇ·

298 1259 520 1314 Ὀστοῦν
556 1261 617 1314 οὐ
652 1261 1072 1333 συντριϐήσεται
1101 1261 1194 1315 ἀπ’
1236 1261 1424 1316 αὑτοῦ.
1462 1281 1482 1314 ι

356 1352 648 1406 Πιστοῦται
702 1353 730 1404 6
783 1351 1216 1425 εὐαγγελιστὴς,
1263 1353 1346 1407 ὅτι
1401 1340 1563 1418 αὐτος
1623 1355 1770 1409 ἐστιν
1823 1359 1850 1410 6

282 1443 534 1513 Χριστὸς,
583 1445 612 1496 6
639 1443 727 1498 διὰ
755 1444 863 1497 τῶν
906 1444 1140 1515 Γραφῶν
1169 1445 1654 1516 προαναφωνηθείς
1675 1463 1688 1476 ⁸
1727 1463 1850 1500 συν-

281 1534 394 1605 ῳδὰ
430 1534 539 1606 γὰρ
566 1537 681 1598 τοῖς
707 1534 847 1606 ,περὶ
898 1535 1066 1591 αὑτοῦ
1096 1535 1368 1606 λεχθεῖσιν
1400 1534 1559 1607 ἐξέϐη
1603 1535 1674 1590 τὰ
1701 1537 1847 1608 πρά-

279 1639 485 1692 γματα.
507 1621 804 1694 [(ΣῑιΑιι.]--
817 1621 1038 1676 Ὀστοῦν
1074 1623 1170 1676 δὲι
1191 1626 1390 1677 νοεῖται
1425 1624 1485 1678 τὸ
1515 1623 1728 1678 εὔτονον
1757 1626 1850 1679 καὶ

279 1715 583 1784 ἄθραυστον
613 1715 707 1768 τοῦ
767 1713 1031 1785 μυστικοῦ
1079 1715 1264 1783 λόγου.
1313 1715 1534 1788 Ἐπειδὴ
1577 1717 1635 1769 δὲ
1663 1717 1848 1770 εἰκόνα

1954 541 2100 596 enim
2137 556 2365 613 magnus
2395 543 2511 602 dies
2543 543 2636 600 ille
2685 545 2934 614 Sahbati)
2964 562 2979 612 ;
3014 555 3342 618 rogaverunt
3372 545 3517 600 Pila-

1956 644 2066 688 tum
2092 641 2151 686 ut
2181 632 2564 706 frangerentur
2595 650 2784 694 eorum
2812 653 2976 694 cntra
2996 677 3012 704 ,
3045 647 3100 694 et
3140 637 3470 694 tollerentur.
3495 657 3514 691 ι

2028 803 2340 862 Ριαιιειιιιηι
2375 821 2435 862 se
2453 807 2592 862 diem
2625 809 2894 864 honorare
2940 809 3162 875 festum,
3195 819 3248 866 et
3275 809 3510 879 gratiam

1952 894 2357 965 postulantquo
2390 896 2551 952 citius
2612 897 2862 954 homines
2918 909 3290 956 morerentur.
3315 899 3516 954 Petunt

1953 990 2072 1051 hoc,
2117 995 2173 1039 ut
2200 986 2519 1056 impleretur
2549 989 2747 1045 iterum
2798 989 2905 1046 alia
2945 989 3252 1062 Scriptura,
3284 1005 3408 1063 quae
3435 991 3520 1066 di;

1951 1077 2026 1130 cit
2065 1099 2075 1131 :
2109 1077 2183 1131 οδ
2223 1095 2327 1132 non
2359 1079 2726 1135 comminuetis
2745 1096 2811 1136 ea:
2839 1098 2898 1137 eo
2939 1081 3007 1137 ".

2025 1168 2190 1222 Vens.
2225 1168 2316 1224 ‘56.
2355 1188 2374 1220 ι
2411 1169 2578 1226 Facta
2608 1181 2736 1228 sunt
2789 1173 2935 1229 enim
2969 1175 3105 1241 haec,
3141 1181 3201 1229 ut
3227 1171 3512 1246 Scriptura

1952 1259 2269 1328 impleretur
2302 1279 2316 1314 :
2356 1259 2430 1317 Os
2464 1277 2569 1318 non
2596 1265 2978 1320 eomminuetis
2997 1279 3066 1321 ex
3097 1279 3184 1321 eo.
3227 1283 3246 1318 ι

2040 1351 2296 1408 Testatur
2337 1351 2682 1425 Evangelista
2705 1356 2878 1426 ipsum
2907 1370 3029 1411 esse
3059 1353 3522 1424 Christum,Scri-

1947 1440 2123 1510 pluris
2150 1444 2488 1512 praedictum,
2511 1446 2634 1515 quia
2659 1455 2958 1501 consonant
2982 1443 3121 1501 facta
3145 1445 3522 1514 praenuntiatis

1951 1533 2016 1587 de
2030 1531 2202 1588 illo.-—
2217 1534 2288 1589 Os
2302 1543 2478 1591 autem
2496 1536 2809 1608 intelligitur
2822 1537 3046 1592 ﬁrmitas
3065 1551 3128 1592 ac
3143 1535 3386 1592 soliditas
3403 1551 3522 1608 my-

1951 1625 2072 1680 stici
2107 1627 2397 1683 sermonis.
2427 1627 2692 1694 Quoniam
2723 1644 2851 1684 vero
2873 1629 2990 1684 ovis
3015 1627 3141 1700 agni
3167 1627 3260 1683 Dei
3294 1627 3520 1697 ﬁguram

1951 1713 2154 1778 retulit.
2195 1715 2434 1771 nutritur
2462 1716 2588 1786 quis
2615 1719 2793 1786 capite
2818 1717 3044 1782 Christi,
3071 1718 3162 1787 qui
3197 1717 3399 1787 excipit
3427 1718 3519 1772 illa

279 1807 438 1878 ἔφερε
461 1807 520 1860 τὸ
545 1807 814 1878 πρόϐατον
843 1807 938 1860 τοῦ
974 1807 1148 1878 ἀμνοῦ
1179 1807 1273 1862 τοῦ
1303 1807 1463 1870 Θεοῦ,
1487 1808 1743 1879 τρέφεταί
1769 1827 1840 1874 τις

1951 1818 2072 1871 quae
2129 1803 2195 1857 de
2249 1804 2368 1875 ejus
2419 1810 2708 1860 traduntur
2761 1807 3077 1874 divinitate;
3112 1807 3336 1878 pedibus
3363 1822 3519 1867 vero.

279 1900 376 1968 τὴν
415 1897 658 1970 κεφαλὴν
697 1898 790 1950 τοῦ
849 1898 1108 1968 Χριστοῦ,
1143 1899 1210 1953 τὰ
1248 1900 1378 1970 περὶ
1430 1899 1528 1969 τῆς
1565 1898 1847 1964 θεολογίας

278 1989 444 2042 αὑτοῦ
479 1988 838 2059 ἐκλαμϐάνων
861 2007 875 2020 ·
923 1989 1050 2053 τοὺς
1079 1990 1134 2042 δὲ
1171 1990 1356 2054 πόδας,
1405 1989 1788 2060 διδασκόμενος
1817 1997 1846 2036 γ

277 2082 406 2150 περὶ
433 2081 530 2152 τῆς
551 2081 818 2152 ὲνσάρκου
845 2081 1010 2136 αὐτοῦ
1039 2081 1348 2152 οἰκονομίας
1366 2097 1380 2111 ⁸
1408 2081 1476 2134 τὰ
1497 2080 1553 2136 δὲ
1577 2079 1844 2146 ὲνδᾶσθια,

275 2171 345 2224 τὰ
391 2171 685 2242 ἀπόκρυφοι
741 2173 1010 2242 δόγματα.
1073 2171 1349 2226 Ἕκαστον
1405 2172 1516 2242 γὰρ
1567 2171 1678 2224 τῶν
1716 2171 1846 2240 περί

275 2262 514 2334 Χριστοῦ
554 2264 840 2334 δογμάτων
908 2265 1228 2334 ἀπόκροφον
1271 2262 1384 2332 ἔχει
1434 2263 1528 2316 καὶ
1583 2261 1846 2332 μυστικὸν

275 2353 454 2421 λόγον.
498 2355 652 2406 Ἐπεὶ
681 2350 773 2407 οῦν
804 2354 995 2407 ὀστοῦν
1026 2357 1227 2406 νοεῖται
1261 2353 1323 2406 τὺ
1353 2353 1568 2408 εὔτονον
1608 2354 1702 2407 τοῦ
1745 2371 1848 2426 μυ-

279 2446 520 2513 στηρίου,
560 2445 608 2498 οἱ
643 2445 914 2514 ἁρμοδίως
957 2445 1053 2496 καὶ
1082 2445 1393 2514 συμφώνως
1431 2445 1754 2516 κατέχοντες
1781 2443 1844 2499 τὸ

276 2535 406 2604 περὶ
431 2533 665 2604 Χριστοῦ
705 2535 1030 2603 μυστήριον,
1065 2533 1258 2586 ὀστοῦν
1302 2533 1470 2587 αὑτοῦ
1505 2535 1568 2587 οὐ
1627 2532 1846 2610 συντρί-

276 2623 428 2675 ϐουσι
463 2633 508 2676 κ.
543 2624 676 2676 Ὅτε
704 2623 762 2674 δὲ
787 2635 812 2664 α
847 2623 1068 2695 ἔρχεται
1092 2626 1296 2694 κρῖναι,
1339 2624 1458 2678 τότε
1487 2623 1710 2694 ὄψονται
1741 2625 1842 2678 αὺ-

272 2714 386 2778 τδν,
415 2716 508 2768 καὶ
534 2715 880 2787 θρηνὴσουσι.

351 2823 370 2857 ι
403 2805 560 2860 Μετά
591 2805 646 2858 δὲ
683 2805 856 2858 ταῦτα
893 2805 1144 2878 ἠρώτησε
1184 2807 1274 2861 τὸν
1297 2808 1530 2864 Πιλάτον
1562 2811 1590 2862 6
1641 2809 1836 2880 Ἰωσὴφ

273 2897 302 2948 6
326 2894 432 2948 ἀπὸ
461 2894 816 2964 Ἁριμαθαίας
839 2895 934 2967 (ὣν
964 2896 1212 2968 μαθητὴς
1245 2897 1338 2950 τοῦ
1372 2899 1568 2968 Ἰησοῦ,
1593 2916 1842 2970 κεκρυμ-

275 2985 435 3056 μένος
464 2985 522 3038 δὲ
556 2985 644 3040 διὰ
677 2986 768 3040 τὸν
798 2987 963 3056 φὸὗον
998 2988 1105 3040 τῶν
1144 2989 1460 3060 Ἰουδαίων),
1505 2991 1592 3044 ἵνα
1616 2991 1726 3064 ἄρῃ
1780 2990 1842 3044 τὸ

272 3077 432 3146 σῶμα
466 3077 561 3130 τοῦ
605 3077 804 3149 Ἰησοῦ.
835 3077 947 3130 Καὶ
977 3078 1274 3149 ἐπέτρεψεν
1302 3082 1330 3134 6
1353 3080 1604 3144 Πιλᾶτος.
1632 3078 1838 3136 τΗλθεν

269 3164 382 3234 οὖν,
412 3170 506 3222 καὶ
539 3165 643 3240 ἦρε
675 3169 736 3221 το
771 3167 926 3239 σῶμα
952 3169 1047 3222 τοῦ
1097 3169 1292 3241 Ἰησοῦ.
1324 3188 1343 3221 ι
1595 3236 1612 3249 .

338 3261 402 3313 Οἱ
446 3260 678 3326 δεδιότες
733 3260 982 3330 φανερῶς
1038 3261 1339 3330 πλησιᾶσαι
1375 3259 1456 3331 τῷ
1501 3261 1703 3331 Ἰησοῦ,
1740 3261 1836 3315 νῦν

267 3349 517 3423 ὁρώντων
544 3349 652 3402 τῶν
700 3349 964 3402 Ἰουδαίων
993 3349 1206 3402 αἰτοῦσι
1237 3350 1298 3402 τὺ
1327 3349 1508 3404 σῶμα.
1544 3345 1704 3407 Οὗτοι
1729 3351 1834 3404 ¹ὀὐ

264 3459 374 3495 των
409 3441 618 3495 δώδεκα
645 3438 732 3514 ἦν,
769 3441 904 3495 ἀλλὰ
937 3441 1045 3495 τῶν
1067 3442 1460 3512 ἑϐδομήκοντα,
1489 3443 1583 3496 καὶ
1603 3443 1678 3507 ὡς
1707 3443 1833 3496 σϐε-

268 3531 490 3593 σθέντος
527 3532 623 3584 τοῦ
679 3531 854 3601 θυμοῦ
907 3532 1018 3584 τῶν
1077 3532 1370 3598 Ἰουδαίων,
1439 3532 1609 3596 ἀδεῶς
1661 3551 1833 3606 προσ-

265 3623 434 3693 ῄεσαν
463 3633 510 3674 ο.
539 3623 696 3676 Οὕτω
737 3623 791 3676 δὲ
834 3623 976 3693 ὠμοὶ
1019 3617 1162 3694 ἦσαν
1189 3624 1240 3676 οἱ
1283 3623 1546 3690 Ἰουδαῖοι,
1591 3625 1672 3677 ὃτι
1709 3623 1833 3678 οὔτε

267 3714 434 3782 θάψαι
497 3715 662 3768 αὐτοῦ
725 3715 785 3767 τὸ
839 3714 1002 3784 σῶμα
1063 3713 1356 3784 ἠνέσχοντο
1409 3715 1458 3766 οἱ
1521 3713 1831 3785 ἐπιχώριοι,

263 3805 382 3860 ἀλλ’
411 3807 439 3858 6
467 3805 574 3858 ἀπὸ
607 3805 966 3874 Ἀριμαθαίας
991 3803 1160 3868 ξένος.

341 3911 360 3944 ι
401 3888 588 3946 Ἷινδὲ
625 3895 681 3946 ἐν
725 3894 802 3963 τῷ
853 3893 1028 3964 τόπῳ,
1083 3894 1216 3947 ὅπου
1251 3893 1596 3966 ἐσταυρώθη,
1630 3895 1830 3966 κῆπος,

265 3991 361 4043 καὶ
390 3989 448 4040 ἐν
485 3988 563 4058 τῷ
589 3991 750 4059 κήπῳ
780 3991 1052 4072 μνημεῖον
1103 3988 1311 4054 καινὸν,
1341 3990 1400 4042 ὲν
1425 3981 1470 4056 ᾧ
1499 3989 1712 4043 οὐδέπω
1743 3991 1832 4044 οὐ·

263 4081 376 4142 631;
403 4081 582 4152 ἐτέθη.
625 4100 640 4132 ι

337 4175 399 4226 ΕΞ
437 4170 504 4244 ἦν
532 4172 648 4244 μετ’
671 4172 866 4238 ἄλλων,
894 4172 1127 4242 ἤμελλον
1161 4173 1269 4226 τῶν
1297 4173 1544 4228 ἀπίστων
1572 4174 1718 4238 τινὲς
1752 4172 1832 4226 λέ·

265 4282 405 4332 γειν,
441 4266 521 4318 ὅτι
547 4267 606 4317 οὗ
631 4265 692 4317 τὸ
721 4267 814 4316 τοῦ
852 4264 1030 4334 Ἰησοῦ
1057 4264 1256 4336 ἀνέστη
1281 4266 1462 4336 σῶμα,
1490 4265 1626 4318 ἀλλά
1644 4265 1826 4320 ἄλλου.

263 4353 358 4415 Εἰς
381 4353 562 4406 καινὸν
591 4352 748 4424 ἐτέθη
791 4356 1076 4425 μνημεῖον,
1116 4353 1206 4408 διὰ
1235 4355 1294 4407 τὸ
1339 4353 1488 4420 ξένον
1518 4357 1616 4428 τῆς
1645 4358 1709 4410 ὲκ
1737 4355 1831 4410 θα-

1947 1895 2041 1964 qui
2066 1895 2290 1950 docetur
2324 1899 2580 1968 mysteria
2629 1898 3026 1954 incarnationis
3065 1916 3078 1952 :
3127 1898 3336 1954 viscera
3384 1912 3516 1954 vero

1948 1993 2072 2039 sunt
2093 1985 2342 2056 dogmata
2381 2003 2598 2042 arcana.
2625 1988 2860 2058 Singula:
2883 1989 3028 2042 enim
3048 2004 3169 2059 qua:
3190 1989 3256 2045 de
3287 1989 3516 2044 Christo

1947 2087 2074 2135 sunt
2101 2079 2386 2148 doctrinae,
2412 2098 2665 2138 arcanam
2702 2083 2996 2154 quamdam
3035 2084 3236 2139 habent
3289 2099 3356 2140 ae
3400 2097 3516 2154 my-

1948 2171 2139 2228 sticam
2173 2173 2461 2228 rationem.
2494 2173 2626 2229 Cum
2661 2175 2842 2246 itaque
2865 2191 2960 2244 per
2995 2189 3058 2231 os
3099 2177 3341 2247 mysterii
3372 2176 3506 2232 soli-

1947 2263 2089 2318 ditas
2120 2263 2470 2334 intelligatur,
2495 2265 2588 2334 qui
2625 2275 2988 2334 congruenter
3034 2280 3097 2321 ac
3147 2277 3518 2320 consentanea

1946 2353 2147 2410 Christi
2195 2355 2513 2426 mysterium
2542 2355 3034 2425 comprehendunt,
3058 2371 3120 2412 os
3138 2355 3255 2426 ejus
3284 2355 3512 2411 minime

1949 2451 2254 2497 conterunt.
2301 2443 2528 2510 Quando
2581 2453 2760 2498 autem
2827 2445 3009 2501 veniet
3061 2445 3328 2516 judicare,
3381 2453 3510 2501 tunc

1947 2533 2120 2602 ipsum
2156 2535 2431 2608 videbunt,
2459 2544 2516 2590 et
2541 2534 2816 2605 plangent.
3515 2521 3522 2527 ’

2008 2793 2172 2850 Vens.
2201 2795 2297 2849 38.
2342 2814 2360 2847 ι
2389 2794 2637 2850 Ροςιιιιιιο
2685 2803 2864 2850 autem
2923 2797 3132 2866 rogavit
3155 2795 3384 2850 Pilatum
3415 2792 3512 2848 Joo

1941 2885 2071 2955 seph
2103 2887 2170 2939 ah
2199 2883 2527 2938 Arimathzea
2577 2884 2664 2956 (eo
2705 2885 2846 2952 quod
2866 2892 3012 2938 esset
3035 2883 3331 2952 discipulus
3353 2881 3506 2944 Iesu.

1941 2977 2186 3032 occultus
2210 2983 2389 3031 autem
2423 2985 2642 3046 propter
2663 2985 2862 3028 metum
2885 2973 3240 3042 Judmorum),
3264 2983 3324 3028 ut
3350 2973 3509 3028 tolle-

1944 3075 2028 3122 ret
2083 3081 2282 3137 corpus
2323 3064 2476 3121 Jesu.
2513 3067 2579 3120 Et
2613 3065 2862 3135 permisit
2894 3064 3124 3119 Pilatus.
3147 3061 3312 3119 Venit
3342 3076 3497 3135 ergo,

1941 3167 1996 3213 et
2023 3159 2144 3213 tulit
2168 3173 2364 3227 corpus
2385 3155 2536 3212 Jesu.
2577 3175 2596 3208 ι

2011 3247 2114 3316 Qui
2158 3247 2374 3318 publice
2437 3249 2504 3302 ad
2561 3245 2743 3303 Iesum
2805 3246 3064 3303 accedere
3122 3245 3508 3309 formidabant,

1939 3355 2081 3394 nunc
2127 3339 2290 3394 etiam
2341 3339 2647 3395 videntibus
2690 3339 2894 3394 Judaais
2941 3352 3138 3408 corpus
3191 3345 3402 3406 petunt.
3441 3335 3506 3392 lli

1937 3432 2116 3486 autem
2151 3445 2256 3486 non
2297 3440 2455 3486 erant
2489 3447 2553 3486 ex
2580 3429 2884 3495 duodecim,
2919 3432 3013 3484 sed
3037 3443 3102 3483 ex
3137 3428 3502 3498 septuaginta.

1937 3530 1992 3576 et
2011 3521 2118 3590 jam
2147 3521 2301 3591 quasi
2345 3522 2532 3576 sedato
2554 3521 2736 3577 furore
2767 3519 3100 3587 Judmorum,
3133 3518 3500 3588 imperterrite

1938 3613 2226 3667 accedunt.
2263 3613 2396 3667 Tam
2450 3623 2628 3668 autem
2681 3619 2838 3667 erant
2901 3611 3148 3665 crudeles
3193 3609 3384 3678 Judaei,
3447 3621 3508 3666 ut

1937 3716 2122 3756 corum
2148 3701 2338 3756 incolae
2358 3716 2553 3770 corpus
2581 3701 3028 3772 Cln‘istisepelire
3055 3700 3501 3772 dedignarentur,

1937 3793 2029 3848 sed
2061 3791 2114 3844 id
2145 3791 2664 3861 feceritpercgrinns
2686 3793 2754 3845 ah
2787 3781 3141 3844 Arimathzna.

2010 3881 2184 3935 Vens.
2220 3881 2310 3934 4i.
2337 3898 2358 3932 ι
2395 3880 2528 3934 Erat
2573 3889 2750 3934 autem
2788 3880 2840 3932 in
2896 3879 3014 3932 loco
3039 3917 3054 3943 ,
3085 3879 3172 3933 uhi
3203 3881 3500 3937 crucifixus

1935 3980 2038 4036 est,
2067 3972 2262 4026 hortus
2301 3987 2315 4024 :
2361 3983 2415 4025 et
2459 3971 2512 4025 in
2544 3971 2705 4025 horto
2741 3979 3152 4024 monumentum
3195 3984 3418 4040 novum,
3444 3974 3498 4027 in

1935 4079 2041 4134 quo
2071 4063 2309 4118 nondum
2330 4067 2614 4136 quisquam
2644 4062 2852 4131 positus
2889 4071 3028 4116 erat.
3060 4081 3080 4114 ι

2003 4156 2058 4210 Si
2112 4157 2467 4212 fuissetcum
2521 4153 2928 4223 aliisgquidam
2990 4153 3240 4210 inﬁdeles
3299 4155 3491 4225 utique

1935 4246 2216 4312 dixissent,
2241 4261 2346 4300 non
2375 4243 2502 4300 Jesu
2531 4257 2730 4314 corpus
2761 4243 3089 4307 surrexisse,
3124 4244 3218 4298 sed
3247 4243 3493 4300 alterius.

1933 4338 1990 4395 ln
2025 4355 2222 4396 novum
2249 4339 2432 4396 illatus
2461 4347 2546 4396 est
2598 4345 3034 4403 monumentum,
3071 4345 3292 4407 propter
3322 4336 3498 4392 inusi-

261 4445 426 4498 νάτου
455 4444 534 4505 εἰς
569 4441 712 4502 ζωὴν
741 4443 1074 4514 ἀναδρομῆς,
1109 4445 1202 4498 καὶ
1222 4443 1320 4518 τὴν
1352 4449 1701 4518 καινοτομίαν
1730 4449 1826 4521 τὴν

1942 4443 2104 4488 latum
2131 4449 2200 4489 cx
2229 4444 2404 4489 morte
2452 4433 2520 4488 ad
2550 4431 2712 4486 vitam
2771 4427 3032 4498 reditum,
3058 4437 3112 4483 et
3131 4441 3250 4483 eam
3269 4442 3390 4498 qua:
3420 4442 3503 4484 se-

261 4533 646 4604 ἐπινοηθεῖσαν
699 4535 840 4588 κατὰ
869 4537 968 4607 τῆς
1035 4535 1261 4608 φθορᾶς.
1325 4539 1670 4611 Οἰκονομήθη
1721 4541 1826 4594 δὲ(¹

259 4627 430 4696 ὲγγῦς
457 4623 598 4678 εἶναι
629 4625 720 4676 τὶν
741 4627 920 4691 τόπον,
957 4629 1044 4682 ἵνα
1073 4631 1168 4682 καὶ
1193 4629 1395 4700 ψευδὴς
1421 4631 1604 4702 δειχθῇ
1637 4635 1664 4684 6
1699 4634 1826 4704 περὶ

259 4719 359 4786 τῆς
389 4717 592 4790 κλοπῆς
619 4735 803 4788 Λογος.

848 4921 1095 4976 ΚΕΦΑΛ.
1150 4921 1196 4974 Κ
1214 4959 1228 4974 .

336 5048 355 5082 ι
395 5031 475 5101 Τῇ
505 5029 562 5084 δὲ
591 5031 692 5102 μιᾷ
735 5031 847 5084 τῶν
885 5030 1178 5086 Σαῦϐάτων
1207 5031 1396 5102 Μαρία
1427 5033 1459 5103 ή
1487 5009 1822 5110 Μαγδαληνὴ

255 5122 478 5194 ἔρχεται
509 5120 676 5192 πρωῒ,
717 5123 936 5184 σκοτίας
969 5123 1048 5175 ἔτι
1095 5123 1285 5194 οὔσης,
1314 5125 1395 5187 είς
1430 5127 1490 5176 τὸ
1517 5129 1780 5196 μνημεῖον
1807 5144 1820 5158 ·

255 5213 352 5270 καὶ
387 5212 576 5282 βλέπει
595 5213 686 5266 τὸν
715 5212 862 5266 λίθον
890 5215 1130 5284 ἠρμένον
1158 5218 1222 5268 ἐκ
1257 5214 1350 5268 τοῦ
1379 5215 1667 5285 μνημείου.
1711 5238 1729 5270 ι

328 5472 368 5502 ³¹
407 5472 577 5525 Exod.
625 5487 719 5534 xu,
755 5471 866 5538 46;
903 5469 1055 5524 Juan.
1091 5486 1200 5535 xix,
1231 5472 1319 5526 '56.

332 5617 354 5646 κ
379 5629 468 5682 Cr.
497 5625 613 5698 sine
637 5625 714 5679 δέ.
791 5624 940 5698 3³-
968 5623 1092 5698 add.
1121 5623 1206 5698 τά.

301 5699 392 5754 Cr,
431 5695 738 5766 προσίεσαν.
810 5695 834 5734 τι
861 5694 951 5749 Cr.
985 5694 1093 5748 om.
1120 5694 1196 5748 δέ.

568 5787 829 5848 Parnm"
875 5789 986 5845 Gn.
1034 5787 1308 5850 LXXXV.

253 5672 272 5696 τ’

1290 5635 1313 5662 ²
1339 5626 1430 5682 Cr.
1462 5627 1654 5681 ὀστοῦν
1689 5628 1747 5682 οὐ
1785 5628 2206 5700 συντριϐήσεται
2237 5632 2330 5685 ἀπ’
2365 5630 2554 5686 αὐτοῦ.
2626 5641 2649 5668 ο
2691 5631 2784 5686 Cr.
2817 5629 2934 5683 sine
2967 5626 3042 5680 δέ.

1931 4525 2166 4580 cundum
2229 4526 2632 4595 corruptionem
2679 4521 2998 4589 intelligitur
3063 4519 3492 4578 innovationettt.

1929 4619 2005 4674 lta
2035 4629 2212 4674 autem
2239 4618 2340 4674 fuit
2363 4619 2756 4687 diSpcnsatnm,
2783 4623 2840 4668 nt
2873 4613 3082 4668 vicinus
3120 4620 3268 4666 esset
3311 4611 3484 4674 locus,

1929 4718 1989 4762 ut
2015 4711 2156 4778 quod
2185 4711 2248 4764 de
2280 4711 2425 4764 furto
2447 4700 3181 4778 ohjieichant,commentum
3213 4718 3334 4758 esse
3367 4719 3493 4772 pro-

1931 4801 2170 4858 haretur.

2553 4908 2709 4964 CAP.
2747 4907 2866 4962 XX.

2001 5026 2160 5081 Vens.
2203 5027 2258 5080 l.
2295 5044 2312 5076 ι
2359 5023 2474 5079 Una
2507 5032 2686 5078 autem
2732 5019 2979 5085 Salihati,
3011 5019 3180 5074 Maria
3218 5019 3491 5085 Magdale-

1924 5131 1996 5172 ne
2017 5118 2168 5173 venit
2193 5131 2371 5184 mane,
2392 5131 2515 5171 cum
2543 5115 2721 5171 adhuc
2754 5113 2994 5171 tenebrat
3033 5121 3238 5177 essent,
3276 5111 3342 5164 ad
3377 5127 3490 5166 ntu-

1925 5217 2286 5264 numentum:
2326 5217 2382 5262 et
2431 5207 2568 5261 vidit
2617 5206 2850 5276 lapidem
2917 5204 3189 5260 sublatum
3235 5219 3263 5256 a
3297 5217 3486 5256 monu-

1923 5311 2130 5356 mento.
2159 5319 2178 5351 ι

3133 5625 3160 5664 ὶι
3191 5621 3282 5679 Cr.
3312 5611 3485 5686 οῧιος.

3055 5786 3128 5849 48
