4038 6148
551 353 690 420 1515

1641 347 1975 407 ΑΜΜΟΝΙΙ.
2010 347 2540 407 ALEXANDRINI

3672 337 3811 404 1516

621 463 754 524 Cum
781 460 1066 523 Mattliazus
1104 466 1236 521 dicit
1257 465 1364 520 alta
1399 465 1510 536 jam
1540 474 1695 518 nocte
1725 464 1924 519 factam
1953 463 2119 518 fuisse

2292 462 2400 516 Τοῦ
2429 463 2712 516 Ματθαίου
2741 462 3008 526 εἰπόντος,
3049 457 3258 529 ἑσπέρα
3295 455 3486 527 βαθείᾳ
3518 457 3807 524 γεγονέναι

550 560 1034 624 resurrectionem,
1069 567 1125 611 et
1155 556 1396 612 Joannes
1428 571 1641 610 summo
1671 570 1832 608 mane
1859 555 1986 608 dum
2022 553 2121 606 ad-

553 651 911 708 liuctenebra:
938 659 1148 715 essent,
1182 663 1289 703 non
1332 656 1511 701 tamen
1563 644 1977 700 dissentiuutde
2004 657 2122 696 mo-

548 747 734 794 mento
791 738 1234 804 resurrectionis,
1270 737 1368 792 sed
1398 735 1640 790 amboin
1673 735 1816 789 idem
1860 734 2119 788 horarum

549 842 783 900 tempus,
802 830 1066 900 nempein
1095 829 1326 885 mediam
1360 837 1573 883 noctem
1599 833 1956 891 concurrunt,
1984 837 2122 879 unus

547 941 577 980 a
607 925 900 996 principio,
925 923 1065 977 alter
1096 936 1124 976 a
1146 922 1325 976 noctis
1355 920 1461 976 line
1491 919 1856 974 narrationem
1880 917 2120 972 ordiens.

622 1019 785 1075 Vsus.
820 1021 871 1074 7.
908 1035 929 1070 ι
961 1018 1027 1072 Ει
1059 1015 1358 1079 sudarium,
1391 1014 1534 1082 quod
1564 1012 1742 1068 fuerat
1767 1025 1927 1080 super
1960 1015 2124 1077 caput

544 1108 686 1178 ejus,
738 1122 844 1161 non
875 1122 998 1162 cum
1033 1105 1437 1160 linteaminibus
1471 1103 1725 1172 positum,
1776 1101 1869 1156 sed
1897 1112 2122 1167 separa-

547 1201 643 1252 tim
677 1197 972 1253 involutum
1004 1197 1056 1251 in
1091 1210 1254 1251 unum
1289 1195 1485 1250 locum.
1524 1211 1544 1246 ι

615 1290 874 1346 Indicium
903 1291 1004 1345 hoc
1030 1299 1150 1345 erat
1185 1285 1617 1344 resurrectionis.
1667 1283 1801 1338 Nam
1837 1283 1881 1337 si
1915 1281 1982 1336 ab
2013 1281 2121 1335 ini-

547 1366 704 1435 micis
737 1381 979 1436 sublatus
1030 1377 1221 1433 fuisset
1276 1375 1409 1430 lucri
1441 1374 1633 1445 gratia,
1667 1374 1987 1428 vestimenta
2017 1371 2121 1424 mi-

549 1471 692 1525 nime
728 1470 1106 1538 reliquissent:
1139 1468 1221 1523 sin
1257 1468 1324 1521 ab
1356 1466 1570 1528 amicis,
1602 1463 1800 1518 nudum
1833 1475 1965 1516 sane
1995 1475 2122 1514 cor-

548 1578 647 1632 pus
678 1577 780 1617 non
808 1561 1179 1631 permisissent
1212 1560 1473 1615 dedecore
1506 1555 1664 1611 allici.
1696 1553 1846 1622 Quod
1877 1551 1921 1607 si
1956 1551 2122 1606 disci-

547 1655 653 1722 puli
687 1653 912 1708 fuissent
943 1663 1207 1721 raptores,
1243 1650 1502 1722 fugissent
1550 1648 1736 1716 utique
1769 1654 1990 1715 propter
2021 1642 2126 1696 mi-

545 1745 666 1800 lites
692 1759 756 1798 ac
787 1742 1002 1799 Iuda-os
1029 1742 1301 1808 custodes,
1351 1755 1452 1796 nec
1503 1737 1870 1793 substitissent
1905 1744 1961 1787 ut
2001 1748 2123 1788 cor-

546 1851 645 1905 pus
676 1836 970 1902 solverent,
1025 1845 1079 1890 et
1131 1833 1359 1890 seorsim
1412 1831 1722 1886 linteamina
1755 1827 2109 1894 collocarent,
2147 1823 2192 1879 Β

545 1939 601 1981 et
629 1927 918 1998 separatim
947 1928 1248 1982 sudarium.
1295 1923 1542 1979 Ostendit
1595 1922 1794 1991 itaque,
1852 1935 1957 1974 non
1990 1933 2121 1971 am-

547 2020 689 2088 plius
735 2019 1066 2074 vestimentis
1115 2031 1250 2087 Opus
1298 2030 1417 2071 esse
1463 2014 1680 2084 corpori
1753 2013 1820 2067 ad
1873 2012 2121 2066 incorru-

549 2112 784 2182 ptionem
823 2109 1246 2179 lransmigranti.
1281 2109 1396 2163 Non
1431 2114 1828 2176 conspexerunt
1872 2121 1993 2160 eum
2032 2119 2120 2159 re-

544 2211 876 2271 surgentem,
904 2201 1000 2256 sed
1044 2216 1107 2256 ex
1138 2202 1365 2256 vestium
1395 2199 1788 2269 compositione
1817 2197 2120 2266 intelligunt

544 2295 1022 2358 resurrectionem,
1077 2306 1305 2362 eamque
1368 2291 1616 2356 credunt,
1669 2305 1823 2345 sacra
1874 2288 1927 2343 id
1993 2298 2123 2341 atte-

543 2392 724 2440 stante
759 2384 1057 2451 Scriptura.
1085 2383 1309 2451 Quando
1342 2381 1562 2452 angelus
1589 2381 1900 2450 apparebat,
1945 2377 2120 2432 territi

544 2476 794 2530 custodes
823 2475 1169 2543 aufugerunt,
1223 2475 1426 2530 idcirco
1459 2475 1551 2544 qui
1581 2487 1705 2528 cum
1750 2471 1912 2526 Petro
1941 2478 2120 2534 erant,

546 2569 911 2636 imperterrite
938 2567 1002 2621 ad
1035 2567 1341 2638 sepulcrum
1379 2575 1749 2624 accesserunt.

619 2654 780 2711 Vsus.
818 2657 870 2714 8.
926 2677 943 2708 ι
975 2657 1128 2713 Τιιιιο
1161 2672 1290 2727 ergo
1321 2657 1569 2712 introivit
1601 2666 1654 2711 et
1689 2655 1778 2710 ille
1823 2651 2121 2722 discipulus

552 2747 642 2815 qui
678 2747 1140 2818 veneratprimus
1184 2748 1249 2804 ad
1288 2755 1741 2803 monumentum:
1794 2753 1849 2799 et
1883 2744 2040 2809 vidit,
2071 2751 2126 2796 et

554 2840 796 2894 credidit.
829 2857 848 2890 ›

621 2929 736 2984 Non
789 2933 889 2986 boc
947 2939 1268 2985 adversatur
1325 2929 1484 2984 Luca:
1513 2929 1735 2994 dicenti,
1797 2929 1922 2998 quia
1976 2927 2126 2983 solus

550 3018 742 3074 Petrus
764 3020 896 3074 abiit
917 3024 982 3074 ad
1015 3020 1594 3075 monumentum.Cum
1617 3021 1760 3076 enim
1791 3020 1918 3074 visis
1940 3019 2127 3073 lintea-

553 3107 790 3161 minibus
841 3107 1159 3173 abivisseut,
1193 3109 1529 3174 postmodum
1575 3117 1840 3163 venerunt
1870 3107 2127 3161 mulieres

2223 555 2323 626 τὴν
2339 555 2660 621 ἀνάστασιν,
2685 554 2779 608 τοῦ
2808 554 2865 606 δὲ
2896 553 3146 606 Ἰωάννου
3177 549 3322 621 πρωῒ
3357 547 3588 609 σκοτίας
3617 545 3807 616 οὔσης,

2223 646 2295 714 οιίι⁴
2315 646 2645 715 διαφωνοῦσι
2677 663 2742 698 πε
2754 647 2804 716 ρὶ
2829 645 2923 697 τὸν
2945 644 3040 716 τῆς
3063 643 3413 703 ἀναστάσεως
3445 639 3672 708 καιρὸν,
3698 638 3808 691 ἀλλ’

2225 739 2305 802 εἰς
2338 739 2428 792 τὸν
2460 739 2621 793 αὐτὸν
2673 739 2780 792 τῶν
2814 735 2971 807 ὡρῶν
3009 736 3346 806 συνέδραμον
3381 731 3606 803 καιρδν,
3636 731 3664 781 ό
3713 731 3806 800 μὲν

2223 831 2334 901 γὰρ
2367 832 2474 885 ἀπὸ
2512 831 2607 884 τοῦ
2639 831 2840 895 τέλους,
2869 831 2897 882 ὁ
2925 829 2980 882 δὲ
3003 829 3110 882 ἀπὸ
3137 827 3237 895 τῆς
3273 825 3451 894 ἀρχῆς
3480 825 3562 883 εἰς
3589 822 3729 876 αὐτὸ
3751 821 3806 877 τὸ

2227 920 2524 990 μεσότατον
2555 922 2652 992 τῆς
2677 922 2869 984 νυκτὸς
2900 922 3088 991 χωρεῖ.
3121 915 3343 990 [Carm]

2301 1031 2319 1063 ι
2357 1013 2467 1066 Καὶ
2499 1013 2558 1066 τὸ
2590 1013 2894 1082 σουδάριον,
2930 1010 2958 1063 ὂ
2986 1006 3053 1080 ἦν
3087 1009 3179 1061 ἐπὶ
3204 1007 3305 1076 τῆς
3336 1005 3586 1076 κεφαλῆς
3620 1004 3808 1070 αὑτοῦ,

2223 1104 2283 1156 ού
2306 1104 2577 1173 μετὰτῶν
2598 1104 2817 1157 ὀθονίων
2846 1103 3120 1172 κείμενον,
3144 1100 3282 1154 ἀλλά
3307 1100 3476 1172 χωρὶς
3501 1100 3810 1166 ἐντετυλιγ-

2227 1197 2389 1266 μένον
2422 1198 2502 1261 είς
2527 1197 2622 1250 ἕνα
2649 1197 2834 1250 τόπον.
2878 1214 2896 1248 ι
3387 1189 3389 1192 ⁴

2295 1289 2590 1358 Γνὼρισμα
2648 1285 2716 1359 ἦν
2773 1287 2935 1341 τοῦτο
2988 1287 3086 1356 τῆς
3143 1283 3519 1347 ἀναστάσεως.
3577 1284 3646 1336 Ei
3704 1284 3810 1353 γάρ

2223 1380 2436 1452 ὲκλάπη
2470 1380 2574 1432 ὑπὸ
2600 1379 2834 1451 ἐχθρῶν,
2867 1378 2968 1431 οὐκ
2996 1378 3062 1430 ἂν
3089 1376 3216 1428 είων
3243 1376 3312 1428 τὰ
3343 1375 3535 1445 ἱμάτια
3558 1374 3654 1427 διὰ
3685 1376 3808 1445 κέρ-

2223 1471 2311 1536 δος
2330 1489 2345 1504 ο
2381 1474 2429 1524 εί
2455 1473 2512 1526 δὲ
2540 1473 2686 1541 φίλοι
2709 1468 2873 1543 ἦσαν,
2906 1471 3006 1523 οὐκ
3051 1468 3329 1539 ἠνείχοντο
3356 1469 3563 1536 γυμνὸν
3593 1467 3810 1537 ἐνυϐρί-

2226 1580 2315 1616 σαι
2343 1565 2404 1616 τὸ
2435 1564 2612 1634 σῶμα.
2646 1565 2707 1618 El
2740 1563 2848 1635 γάρ
2884 1558 3024 1634 ἦσαν
3060 1563 3110 1613 οί
3149 1560 3394 1631 μαθηταὶ
3425 1548 3808 1629 ἁρπάσαντες,

2224 1656 2424 1725 ἔφυγον
2458 1656 2567 1729 [ἂν]
2598 1657 2684 1709 διὰ
2726 1657 2855 1719 τοὺς
2896 1654 3274 1724 φυλάσσοντας
3327 1652 3681 1724 στρατιώτας
3728 1652 3812 1704 καὶ

2238 1750 2548 1812 Ἰουδαίους,
2576 1750 2669 1802 καὶ
2695 1751 2797 1801 οὐκ
2836 1748 2902 1801 ἂν
2932 1748 3154 1800 ἵσταντο
3184 1746 3512 1807 ἀποδύοντες
3542 1745 3606 1797 τὸ
3633 1745 3809 1813 σῶμα,

2223 1843 2319 1896 καὶ
2347 1842 2452 1912 ίδίᾳ
2478 1841 2714 1904 τιθέντες
2739 1840 2806 1893 τά
2832 1838 3036 1901 ὀθόνια,
3066 1837 3170 1909 ἰδίᾳ
3197 1838 3252 1891 δὲ
3278 1837 3340 1890 τὸ
3367 1836 3679 1906 σουδάριον.
3700 1835 3810 1885 Δεί-

2224 1948 2381 1986 κνυσι
2408 1932 2486 1995 δὲ,
2503 1932 2584 1984 ὅτι
2603 1930 2726 1984 οὔτε
2749 1932 2980 2001 ἱματίων
3004 1929 3193 1984 λοιπὸν
3215 1931 3375 2001 χρεία
3397 1928 3475 1999 τῷ
3497 1930 3578 1990 είς
3601 1928 3809 1996 ἀφθαρ·

2224 2024 2342 2078 σίαν
2377 2025 2828 2095 μεταχωρήσαντι
2863 2023 3101 2094 σώματι.
3148 2023 3262 2074 Οὐκ
3293 2018 3436 2074 εἶδον
3477 2022 3648 2073 αὑτὸν
3678 2021 3809 2072 ανα-

2223 2119 2442 2184 στάντα,
2477 2117 2583 2170 ἀπὸ
2627 2117 2682 2169 δὲ
2708 2116 2808 2184 τῆς
2844 2115 2954 2170 τῶν
2989 2116 3221 2186 ἱματίων
3256 2115 3527 2184 συλλογῆς
3561 2114 3804 2167 ὲννοοῦσι

2219 2211 2318 2280 τὴν
2357 2210 2678 2272 ἀνάστασιν,
2732 2209 2829 2261 καὶ
2870 2208 3186 2261 πιστεύουσι
3229 2207 3422 2270 τοῦτο,
3462 2205 3683 2276 βοὼσης
3716 2205 3809 2274 τῆς

2221 2305 2385 2371 ἁγίας
2437 2303 2684 2373 Γραφῆς.
2727 2303 2856 2356 Ὅτε
2891 2301 3049 2372 ὤφθη
3092 2302 3121 2354 ὁ
3172 2300 3437 2369 ἄγγελος,
3483 2299 3809 2368 πτοηθέντες

2220 2399 2270 2449 οἱ
2302 2396 2538 2464 φύλακες
2564 2396 2784 2464 ἔφυγον,
2821 2395 2916 2448 καὶ
2944 2394 3034 2447 διὰ
3061 2394 3220 2447 τοῦτο
3252 2395 3300 2445 οἱ
3328 2393 3457 2462 περὶ
3485 2391 3580 2444 τὸν
3611 2391 3808 2462 Πέτρον

2222 2481 2383 2560 ¹ἦλθον
2409 2489 2488 2550 εἰς
2513 2487 2601 2540 τὸν
2627 2486 2796 2555 τάφον
2826 2485 3020 2549 ἀδεῶς.

2301 2679 2320 2711 ι
2359 2659 2493 2712 Τότε
2522 2655 2614 2714 οὖν
2636 2659 2855 2730 είσῆλθε
2884 2659 2978 2711 καὶ
3009 2659 3036 2710 ὀ
3071 2657 3232 2721 ἄλλος
3270 2658 3552 2729 μαθητὴς,
3585 2661 3616 2712 ὁ
3648 2658 3810 2713 ἐλθὼν

2225 2750 2441 2822 πρῶτος
2471 2753 2550 2816 είς
2573 2751 2633 2805 τὸ
2664 2753 2951 2822 μνημεῖον,
2978 2752 3072 2804 καὶ
3102 2746 3234 2816 εἶδε,
3263 2752 3359 2803 καὶ
3396 2751 3748 2804 ἐπίστευσεν.
3788 2771 3805 2802 ι

2299 2928 2413 2982 Οὐκ
2459 2928 2575 2981 ἔστι
2625 2927 2784 2980 τοῦτο
2833 2926 3074 2980 ἐναντίον
3120 2926 3198 2996 τῷ
3254 2927 3462 2996 Λουκᾷ,
3519 2928 3604 2980 ὅτι
3662 2928 3813 2997 μόνος

2228 3023 2433 3094 Πέτρος
2462 3019 2702 3090 ἀπῆλθεν
2742 3021 2820 3080 είς
2851 3018 2912 3070 τὸ
2948 3021 3240 3088 μνημεῖον.
3281 3019 3410 3069 Ὅτε
3443 3017 3557 3088 γάρ
3589 3019 3735 3088 μετὰ
3762 3017 3820 3067 τὺ

2233 3116 2360 3169 ίδεῖν
2376 3114 2444 3168 τὰ
2465 3113 2648 3166 ὀθόνια
2665 3110 2930 3180 ἀπῆλθον,
2951 3107 3121 3182 ἦλθον
3148 3110 3376 3181 ὕστερον
3395 3112 3451 3162 αἱ
3481 3128 3546 3162 πε
3554 3111 3613 3180 ρὶ
3647 3109 3824 3162 Ἰωάνα

554 3199 695 3267 apud
721 3197 986 3252 Joannem
1019 3197 1281 3262 dicentes,
1313 3197 1566 3265 quoniam
1590 3199 1822 3251 surrexit
1846 3197 2117 3251 Dominus.

2237 3223 2331 3277 νην
2358 3205 2634 3274 λέγουσαι,
2665 3203 2747 3256 ὃτι
2767 3175 2986 3272 ’ἀνέστη
3011 3204 3040 3254 ὁ
3077 3175 3304 3272 Κύριοςί
3340 3201 3447 3254 Καὶ
3473 3175 3690 3270 έδραμε
3735 3201 3832 3270 μό-

553 3290 620 3344 Ει
649 3291 887 3344 accurrit
943 3288 1090 3344 solus
1119 3286 1312 3342 Petrus
1343 3287 1534 3342 iterum
1584 3289 1651 3341 ad
1701 3299 2126 3353 monumentum,

551 3398 783 3438 soerans
821 3382 1091 3445 fortassis,
1132 3379 1248 3434 fore
1281 3387 1338 3433 ut
1362 3390 1416 3434 et
1447 3379 1569 3449 ipse
1603 3379 1866 3434 visionem
1900 3379 2126 3432 videret.

631 3473 794 3528 Vens.
823 3473 879 3527 9.
936 3490 956 3522 ι
986 3470 1236 3525 Nondum
1284 3470 1430 3524 enim
1478 3471 1721 3525 sciebant
1771 3470 2128 3540 Scripturam,

552 3565 678 3635 quia
713 3563 1000 3632 oportebat
1029 3578 1151 3616 eum
1183 3579 1211 3616 a
1244 3563 1474 3617 mortuis
1507 3577 1810 3634 resurgere.
1841 3582 1859 3614 ι

621 3653 1003 3722 Cognoveruut
1051 3653 1232 3722 itaque
1283 3662 1337 3708 et
1391 3653 1738 3709 crediderunt
1787 3655 2012 3711 verbum
2046 3673 2132 3712 re-

553 3747 932 3813 surrectionis,
989 3746 1133 3816 quod
1189 3748 1339 3815 prius
1386 3746 1710 3816 ignorabant
1757 3747 2031 3818 discipuli,
2081 3761 2134 3804 et

554 3843 665 3897 Deo
718 3841 793 3894 ita
837 3841 1157 3910 diSponcnte
1187 3840 1253 3892 ad
1303 3839 1622 3908 semetipsos
1673 3839 2021 3910 aufugerunt,
2068 3855 2134 3896 ne

557 3935 851 4006 quidquam
901 3932 1009 3987 illis
1039 3941 1164 3986 ante
1210 3931 1648 4001 praedicationem
1680 3931 1803 3986 mali
1839 3932 2134 3989 accideret.

561 4025 730 4080 Maria
765 4041 892 4080 vero
925 4023 1057 4079 nihil
1090 4022 1313 4092 perfecti
1344 4022 1610 4092 cogitans,
1637 4023 1889 4078 manebat
1914 4024 2133 4094 plorans

559 4122 612 4174 in
641 4128 1015 4182 monumento,
1050 4131 1156 4170 non
1189 4117 1362 4171 solum
1411 4117 1537 4185 quia
1568 4127 1812 4172 mortuus
1859 4127 1997 4180 erat,
2041 4131 2132 4171 ve-

564 4226 682 4265 rum
711 4211 876 4264 etiam
909 4209 1035 4279 quia
1086 4209 1309 4276 pulabat
1357 4221 1555 4277 corpus
1604 4208 1814 4262 Domini
1863 4208 2134 4263 sublatum

558 4317 698 4356 esse.
755 4300 893 4368 Quia
947 4312 1125 4355 tamen
1173 4299 1374 4354 amoris
1397 4300 1572 4369 gratia
1602 4299 1940 4366 remanebat,
1969 4315 2135 4368 ange-

564 4397 735 4448 lorum
773 4391 1116 4462 apparitione
1144 4391 1302 4460 digna
1337 4391 1456 4445 l'uil.

626 4485 799 4542 Nisus.
831 4485 920 4539 11.
971 4503 989 4535 ι
1021 4483 1186 4536 Maria
1216 4490 1394 4536 autem
1423 4483 1602 4538 stabat
1631 4484 1696 4538 ad
1731 4491 2132 4539 monumentum
2166 4509 2212 4566 ο

566 4583 720 4647 foris,
769 4582 1007 4652 plorans.
1047 4575 1182 4630 Dum
1231 4591 1360 4646 ergo
1410 4575 1584 4643 ﬂeret,
1642 4578 1920 4633 inclinavit
1951 4593 2031 4646 se,
2079 4588 2134 4633 et

562 4675 839 4745 prospexit
867 4676 918 4727 in
952 4678 1380 4728 monumentum.
1408 4689 1428 4722 ›

637 4768 705 4823 Ut
735 4769 966 4822 ubertim
999 4769 1173 4834 ﬂeret,
1211 4763 1460 4820 incubuit
1494 4763 1546 4818 in
1585 4772 2018 4818 monumentum.
2053 4762 2133 4816 Ad

560 4877 720 4930 quam
757 4861 953 4916 blande
982 4859 1156 4928 angeli
1183 4875 1196 4910 :
1229 4858 1365 4924 Quid
1396 4856 1512 4921 fles,
1549 4854 1848 4924 inquiunt?
1897 4854 2137 4908 allicien-

565 4966 646 5010 tes
677 4968 794 5007 eam
829 4953 894 5005 ad
929 4951 1204 5020 quidpiam
1238 4947 1709 5018 interrogandum,
1738 4956 1793 5001 et
1821 4946 2135 5000 discendmn

575 5045 644 5098 de
679 5043 1099 5104 resurrectione,
1159 5049 1567 5110 propterquam
1623 5039 1786 5092 etiam
1840 5037 2137 5092 albicantes

564 5140 952 5204 apparuerunt.
1022 5129 1125 5184 Per
1181 5127 1472 5183 candorem
1523 5125 1761 5194 intellige
1825 5125 2137 5194 angelorum

502 5236 514 5250 ’
563 5227 874 5294 puritatem.
908 5225 1249 5291 lnterrogant
1277 5228 1479 5284 autem,
1509 5234 1613 5273 non
1647 5227 1702 5272 ut
1731 5219 1942 5272 discant
1969 5232 2140 5286 quare

564 5319 742 5383 fieret,
775 5318 867 5370 sed
890 5323 945 5367 ut
981 5321 1157 5367 cesset
1187 5327 1215 5364 a
1248 5310 1371 5364 fletu
1399 5327 1413 5364 :
1454 5324 1561 5363 non
1595 5309 1815 5363 decebat
1846 5311 1989 5363 enim
2020 5325 2139 5364 eam

565 5411 656 5464 tali
689 5419 928 5476 tempore
957 5404 1103 5467 ﬂere,
1152 5411 1206 5457 et
1242 5401 1544 5456 celebritati
1596 5400 1733 5453 hanc
1771 5399 2022 5469 iniuriam
2057 5401 2128 5453 in-

569 5500 733 5554 ferre.
786 5495 895 5550 line
946 5495 1063 5564 ipso
1114 5503 1293 5546 autem
1339 5490 1481 5561 quod
1513 5489 1844 5560 apparebant
1896 5489 2142 5545 istoloco

570 5591 767 5659 angeli,
819 5586 1196 5659 significabant
1266 5583 1562 5647 neminem,
1618 5583 1794 5653 angeli
1861 5583 2022 5636 istum
2070 5583 2143 5637 Io-

573 5693 694 5730 cmn
733 5677 1223 5747 frequentantibus,
1279 5677 1519 5732 divinum
1550 5689 1747 5742 corpus
1797 5673 2013 5729 auferre
2042 5689 2141 5744 po-

578 5765 788 5834 tuisse;
838 5781 889 5824 et
939 5770 1254 5839 mysterium
1309 5769 1726 5825 resurrecuonis
1775 5767 1849 5823 illi
1905 5771 2143 5840 caplica-

2231 3313 2321 3360 νος
2347 3295 2510 3349 πάλιν
2541 3297 2620 3358 είς
2658 3296 2720 3348 τὸ
2770 3297 3034 3366 μνημεῖον
3066 3295 3093 3345 ὁ
3127 3294 3364 3364 Πέτρος,
3395 3290 3638 3353 ἐλπίζων
3674 3293 3828 3356 ἴσως

2232 3385 2327 3440 καὶ
2352 3385 2514 3449 αὑτός
2534 3402 2658 3439 τινα
2681 3384 2948 3439 ὀπτασίαν
2970 3386 3126 3455 όρᾷν,

2308 3495 2327 3528 ι
2368 3475 2594 3530 Οὐδέπω
2622 3476 2730 3547 γὰρ
2763 3476 2978 3547 ⁴ᾔδεισαν
3008 3477 3107 3548 τὴν
3138 3474 3351 3547 Γραφὴν
3378 3515 3392 3540 ,
3417 3472 3502 3526 δτι
3530 3474 3618 3526 δεῖ
3655 3476 3834 3528 αὐτὸν

2232 3570 2298 3622 ἐκ
2321 3567 2531 3639 νεκρῶν
2563 3569 2882 3638 ἀναστῆναι.
2927 3586 2946 3619 ι

2304 3661 2550 3732 Συνῆκαν
2586 3657 2678 3714 οὖν
2709 3659 2802 3712 καὶ
2848 3659 3175 3712 ἐπίστευσαν
3201 3657 3279 3728 τῷ
3324 3658 3424 3725 τῆς
3458 3657 3831 3720 ἀναστάσεως

2232 3755 2398 3825 λόγῳ,
2433 3754 2492 3807 ὃν
2522 3751 2713 3824 πρώην
2748 3752 2976 3822 ἠγνόουν
3015 3753 3064 3804 οἱ
3097 3751 3362 3821 μαθηταὶ,
3393 3751 3490 3803 καὶ
3518 3753 3664 3819 πρῦς
3698 3748 3830 3802 ἑαυ-

2233 3847 2359 3909 τοὺς
2389 3844 2590 3914 ἔφυγον
2626 3845 2694 3898 δι’
2738 3844 3050 3914 οἰκονομίαν
3093 3843 3253 3908 Θεοῦ,
3282 3844 3370 3896 ἵνα
3403 3845 3477 3913 μή
3509 3860 3564 3894 τι
3606 3842 3826 3894 πάθωσι

2235 3936 2342 4007 πρὸ
2377 3935 2471 3989 τοῦ
2507 3933 2884 4006 κηρύγματος.
2921 3935 2987 3987 Ἦ
3006 3935 3060 3987 δὲ
3093 3934 3286 4004 Μαρία
3316 3935 3481 4004 μηδὲν
3518 3935 3827 4004 ὲννοήσασα

2235 4029 2461 4092 τέλειον,
2505 4027 2688 4097 ἔμεινε
2719 4027 3028 4098 δακρύουσα
3067 4029 3125 4079 ὲν
3147 4026 3224 4096 τῷ
3255 4026 3533 4095 μνημείῳ,
3569 4027 3633 4077 ού
3666 4027 3824 4096 μόνον

2235 4119 2317 4171 ὅτι
2348 4117 2625 4188 τεθνήκει,
2658 4117 2871 4170 ἀλλ’ὅτι
2903 4118 2994 4170 καὶ
3019 4117 3159 4187 ᾤετο
3188 4114 3616 4186 μετατεθεῖσθαι
3647 4117 3708 4168 τὸ
3731 4115 3821 4168 τοῦ

2236 4211 2443 4280 Κυρίου
2469 4210 2652 4279 σῶμα.
2693 4207 2791 4261 Διὰ
2818 4209 3202 4281 φιλοστοργίαν
3225 4209 3281 4262 δὲ
3319 4209 3592 4279 μείνασα,
3618 4208 3819 4277 ἠξιώθη

2237 4306 2334 4356 καὶ
2370 4302 2471 4371 τῆς
2503 4301 2611 4355 τῶν
2648 4300 2898 4369 ἀγγέλων
2926 4299 3216 4364 ὀπτασίας.

2316 4499 2334 4532 ι
2375 4479 2567 4550 Μαρία
2596 4477 2654 4530 δὲ
2701 4477 2948 4548 εἱστήκει
2991 4477 3130 4547 πρὸς
3164 4476 3229 4529 τὺ
3259 4479 3534 4548 μνημεῖον
3563 4477 3820 4530 κλαίουσα

2239 4569 2365 4638 ἔξω.
2409 4570 2496 4633 Ὠς
2520 4562 2613 4623 οὖν
2636 4566 2844 4632 ἔκλαιε,
2874 4566 3158 4638 παρέκυψε
3185 4569 3264 4630 είς
3288 4567 3350 4619 τὸ
3383 4583 3494 4636 μνη
3505 4570 3685 4636 μεῖον.
3718 4587 3734 4616 ι

2309 4761 2428 4814 Ἷνα
2446 4759 2722 4813 ἑπιπλείον
2735 4758 3005 4831 δακρύσῃ,
3023 4755 3340 4828 παρέκυψεν
3355 4758 3438 4817 είς
3454 4755 3518 4808 τὸ
3539 4759 3816 4826 μνημεῖον·

2241 4854 2376 4923 πρὸς
2426 4854 2494 4924 ἣν
2555 4851 2965 4922 ψυχαγωγικῶς
3021 4851 3070 4903 οἱ
3123 4848 3349 4918 ἄγγελοι
3405 4849 3821 4919 διαλεγόμενοι,

2243 4945 2376 5015 φασί
2401 4961 2413 4974 σ
2450 4943 2515 4997 Τί
2544 4943 2750 5006 κλαίεις
2774 4958 2788 5007 ;
2819 4940 3253 5011 προτρεπόμενοι
3286 4938 3461 5009 αὐτὴν
3490 4941 3578 5002 εἰς
3609 4941 3676 4992 τὸ
3702 4943 3828 5007 ἐρω-

2240 5036 2403 5106 τῆσαί
2438 5053 2508 5098 τι,
2550 5036 2644 5087 καὶ
2693 5033 2886 5104 μαθεῖν
2919 5032 3177 5104 περὶτῆς
3220 5032 3604 5096 ἀναστάσεως,
3653 5033 3724 5085 δι’
3769 5031 3830 5098 ἢν

2245 5130 2340 5183 καλ⁵
2361 5127 2834 5198 λευχειμονοῦντες
2855 5125 3158 5195 ἐφαίνοντο.
3181 5124 3279 5177 Διά
3298 5123 3393 5176 τοῦ
3414 5124 3619 5177 λευκοῦ
3640 5123 3830 5192 θεώρει

2242 5219 2305 5272 τὸ
2354 5218 2463 5272 τῶν
2507 5217 2756 5288 ἀγγέλων
2815 5216 3078 5283 καθαρόν.
3135 5215 3415 5286 Ἐρωτῶσι
3463 5217 3547 5280 δὲ,
3589 5217 3697 5287 οὐχ
3753 5215 3833 5265 ἵνα

2248 5311 2463 5382 μάθωσι
2499 5312 2553 5364 τί
2587 5310 2783 5376 κλαίει,
2812 5307 2928 5364 ἀλλ’
2958 5309 3045 5362 ἵνα
3075 5311 3351 5380 παύσηται
3377 5325 3392 5338 °
3423 5309 3484 5361 ού
3522 5309 3636 5380 γάρ
3670 5309 3832 5378 ἐπρε-

2245 5422 2346 5458 πεν
2381 5405 2550 5475 αὐτὴν
2588 5405 2645 5456 ἐν
2674 5402 2901 5474 τοιούτῳ
2925 5401 3184 5472 δακρύειν
3210 5401 3410 5472 καιρῷ,
3442 5402 3542 5455 καὶ
3562 5401 3667 5472 τὴν
3704 5416 3834 5452 παν·

2246 5497 2444 5568 ήγυριν
2500 5494 2827 5566 ἐνυϐρίζειν.
2886 5495 2963 5546 Δι’
3010 5486 3086 5546 ὧν
3129 5493 3185 5546 δὲ
3232 5495 3518 5564 ἐφάνησαν
3576 5497 3639 5549 ἐν
3689 5495 3834 5560 τόπῳ

2250 5589 2441 5658 ἐκείνῳ
2476 5589 2525 5640 οἱ
2557 5587 2799 5654 ἄγγελοι,
2847 5585 3208 5656 σημαίνουσιν
3262 5586 3344 5638 ὅτι
3380 5585 3642 5653 ἀγγέλων
3674 5599 3836 5656 5.7.00-

2249 5681 2573 5750 εδρευόντων
2603 5679 2680 5750 τῷ
2717 5679 2866 5749 τόπῳ
2909 5678 3086 5742 οὐδεὶς
3115 5677 3348 5749 ¹ἡδύνατο
3396 5678 3460 5732 τὸ
3493 5680 3645 5732 θεῖον
3683 5679 3834 5745 σῶμα

2254 5777 2631 5845 μετακινῆσαι,
2666 5774 2760 5826 καὶ
2792 5772 3249 5846 μυσταγωγοῦσιν
3279 5771 3422 5842 αὐτῇ
3455 5771 3519 5825 τὸ
3559 5770 3666 5841 τῆς
3707 5768 3832 5822 dva-
