4038 6148
274 371 405 440 1517

1322 360 1786 427 FRAGMENTA
1830 358 1912 421 IN
1949 360 2012 421 S.
2051 360 2432 423 JOANNEM.

3397 351 3529 413 1518

272 496 515 555 στάσεως
548 487 867 561 μυστήριον,
897 481 972 547 ὥς
1010 480 1086 552 μὴ
1114 478 1313 534 εἰδυῖαν
1334 481 1433 547 τὴν
1462 476 1681 548 Γραφὴν
1707 473 1847 528 κατὰ

1966 484 2101 539 iant,
2163 483 2349 544 utpote
2401 488 2521 543 qua:
2600 472 2934 544 Scripturam
2992 472 3315 544 ignoraba’,
3360 472 3436 527 uti
3470 482 3524 524 et

270 590 398 651 τοὺς
431 582 699 655 μαθητάς.

349 698 368 729 ι
417 674 529 731 Καὶ
554 672 731 727 ταῦτα
763 668 995 724 εἰποῦσα
1023 663 1270 737 ἐστράφη
1311 663 1391 724 εἰς
1420 660 1490 712 τὰ
1525 658 1719 719 ὀπίσω.
1753 659 1847 711 καὶ

273 766 473 836 θεωρεῖ
511 764 602 817 τὸν
643 758 850 830 Ἰησοῦν
882 757 1116 819 ἐστῶτα,
1151 754 1248 808 καὶ
1277 753 1378 805 οὐκ
1418 749 1536 821 ⁴ᾔδει
1566 750 1705 803 ὅτιὸ
1750 748 1849 819 Ἰη-

276 857 404 921 σοῦς
434 858 571 910 ἐστι.
616 872 635 905 ι

357 947 618 1011 Ἐκείνοις
642 944 740 1016 μὲν
767 941 921 1012 ὤφθη
947 934 1418 1009 θαυμασιώτερος,
1449 937 1517 1006 τῇ
1544 933 1603 987 δέ
1629 929 1848 1001 γυναικὶ

272 1042 331 1095 ἐν
347 1035 691 1107 ταπεινῷκαί
710 1031 873 1102 κοινῷ
894 1031 1154 1101 σχήματι,
1180 1028 1269 1080 ἵνα
1284 1024 1360 1095 μὴ
1381 1023 1550 1094 αὐτὴν
1576 1020 1844 1091 ἐκπλήξῃ

273 1131 355 1184 διὸ
393 1130 487 1183 καὶ
520 1123 795 1196 κηπουρὸν
829 1119 969 1174 εἷναι
1002 1117 1167 1172 αὑτὸν
1205 1114 1381 1185 ᾠήθη.
1428 1112 1561 1184 Ὁρᾷ
1594 1109 1688 1164 τὸν
1736 1108 1850 1161 Κύ-

278 1239 414 1293 ριον,
451 1219 543 1272 καί
576 1218 679 1269 οὐκ
698 1215 935 1281 ἐπέγνω,
970 1209 1004 1280 ἢ
1032 1209 1121 1263 διὰ
1151 1206 1251 1278 τὴν
1288 1204 1530 1269 σκοτίαν,
1565 1203 1599 1272 ἢ
1634 1203 1716 1257 ὅτι
1738 1200 1853 1293 θεο-

275 1292 477 1384 πρεπεῖ
505 1306 732 1377 δυνάμει
761 1303 1066 1357 ἐκάλυπτεν
1116 1298 1330 1352 ἐαυτόν.
1365 1296 1503 1351 Κατ’
1535 1292 1851 1363 οἰκονομίαν

276 1383 545 1474 ἐστράφη,
570 1398 665 1452 καὶ
688 1393 796 1451 εῐδε
824 1395 916 1449 16v
941 1391 1166 1464 Κύριον,
1192 1389 1333 1460 πλὴν
1358 1389 1460 1441 οὐκ
1488 1386 1728 1454 ἐπέγνω,
1761 1383 1851 1437 ἵνα

279 1497 356 1568 μὴ
386 1491 662 1565 θορυϐηθῇ
701 1489 777 1553 ὡς
807 1484 1112 1557 φαντασίαν
1140 1481 1324 1555 ὁρῶσα
1365 1476 1695 1550 δαιμονιώδη
1718 1493 1732 1506 ·
1769 1474 1850 1528 ἔτι

274 1586 384 1658 γὰρ
410 1582 733 1637 ὑπώπτευεν
760 1579 843 1632 ὃτι
875 1573 1068 1647 νεκρὸς
1096 1568 1184 1645 ἦν.

358 1778 377 1811 ι
428 1757 537 1812 Καὶ
564 1754 721 1809 τοῦτο
741 1750 930 1813 εἰπὼν,
961 1747 1158 1814 ἔδειξεν
1187 1747 1370 1810 αὐτοῖς
1398 1745 1494 1808 16;
1523 1744 1734 1815 χεῖρας,
1755 1742 1852 1796 καὶ

1953 567 2201 632 apostoli.

2034 658 2189 714 Vens.
2246 659 2331 713 14.
2375 679 2393 711 ι
2426 659 2551 716 Haec
2577 674 2698 715 cum
2729 660 2977 726 dixisset,
3022 674 3278 717 conversa
3315 667 3399 714 est
3438 670 3528 715 re-

1957 762 2212 818 trorsum,
2259 762 2313 807 et
2347 752 2481 809 vidit
2507 751 2688 809 Jesum
2740 760 3015 807 stantem:
3064 760 3120 806 et
3172 763 3276 804 non
3322 749 3532 803 sciebat

1956 844 2082 914 quia
2115 842 2272 899 Jesus
2299 854 2404 900 est.
2435 863 2454 896 ι

2026 933 2136 991 Illis
2165 935 2381 1006 quidem
2412 932 2805 998 admirabilior,
2854 931 3069 986 femina:
3098 942 3226 985 vero
3256 928 3533 984 humilioii

1968 1041 2032 1081 ac
2064 1026 2335 1082 conuuuui
2384 1026 2566 1097 specie
2608 1024 2875 1096 apparuit,
2915 1020 2981 1078 n'e
3010 1022 3153 1076 illam
3183 1020 3531 1091 percelleret;

1955 1129 2126 1185 quare
2185 1115 2352 1170 etiam
2405 1114 2753 1170 hortulanum
2813 1128 2942 1167 eum
3006 1126 3126 1167 esse
3176 1110 3529 1166 existimavit.

1958 1206 2123 1265 Videt
2153 1206 2462 1274 Dominum,
2500 1217 2555 1263 et
2587 1222 2693 1262 non
2716 1205 2971 1277 cognovit
2998 1219 3144 1270 eum,
3171 1203 3256 1258 vel
3286 1203 3412 1274 quia
3450 1213 3520 1259 te-

1959 1300 2139 1354 nebras
2170 1306 2351 1364 erant,
2398 1297 2483 1352 vel
2521 1298 2648 1368 quia
2673 1297 2854 1352 divina
2918 1296 3117 1351 virtute
3145 1308 3264 1349 sese
3295 1294 3535 1349 occulta-

1958 1386 2067 1443 bat.
2101 1387 2510 1460 Dispensatorie
2536 1402 2802 1443 conversa
2833 1395 2920 1441 est
2960 1394 3012 1439 et
3051 1384 3184 1439 vidit
3219 1384 3533 1447 Dominum,

1959 1481 2053 1535 sed
2085 1495 2191 1535 non
2227 1481 2503 1552 cognovit,
2554 1493 2620 1534 ne
2654 1479 3085 1550 perturbaretur,
3109 1476 3293 1547 .quasi
3332 1477 3537 1531 daemo-

1962 1571 2176 1627 uiacum
2209 1582 2481 1641 spectrum
2516 1572 2752 1638 videns;
2794 1570 2904 1640 jam
2940 1569 3147 1640 pridem
3192 1567 3337 1623 enim
3385 1580 3533 1623 mor-

1961 1674 2110 1719 tuum
2138 1662 2535 1733 suspicabatur.
3178 1732 3190 1742 -

2033 1753 2198 1809 Vitas.
2247 1753 2340 1809 20.
2393 1772 2411 1806 ι
2449 1754 2516 1808 Et
2561 1768 2684 1808 cum
2720 1752 2824 1808 hoc
2871 1751 3118 1815 dixisset,
3163 1752 3403 1807 ostendit
3454 1755 3538 1809 eis

278 1852 377 1918 τὴν
410 1850 649 1920 πλευρὰν
688 1843 875 1909 αὐτοῦ.
906 1841 1216 1912 Ἐχὰρησαν
1246 1832 1337 1891 οὖν
1368 1837 1416 1889 οἰ
1447 1832 1689 1906 μαθηταὶ
1718 1831 1854 1885 ἰδόν-

1966 1863 2177 1913 manus,
2226 1855 2281 1902 et
2328 1846 2493 1902 latus.
2541 1844 2728 1905 Gavisi
2781 1855 2910 1901 sunt
2939 1858 3069 1913 ergo
3112 1844 3387 1913 discipuli,
3421 1846 3537 1903 viso

279 1960 371 2006 τες
397 1940 488 1995 τὸν
518 1939 747 2011 Κύριον.
790 1954 809 1987 ι

352 2033 593 2100 Ἔδειξεν
626 2031 810 2093 αὐτοῖς
847 2026 947 2090 τὰς
975 2026 1164 2096 χεῖρας
1191 2064 1205 2090 ,
1236 2019 1535 2083 τουτέστιν,
1567 2015 1736 2082 ἔδειξε
1762 2013 1857 2069 τοῦ

281 2126 495 2187 πάθους
538 2123 608 2177 τὰ
638 2120 1000 2192 γνωρίσματα
1029 2157 1045 2183 ,
1098 2115 1185 2169 ἵνα
1215 2109 1735 2185 πληῳφορηθῶσιν,
1775 2108 1858 2162 ὅτι

280 2215 414 2268 αὐτὸ
444 2210 511 2285 ἦν
541 2212 600 2265 16
636 2207 929 2273 πεπονθὸς,
963 2208 1013 2260 εἰ
1059 2204 1153 2259 καὶ
1192 2200 1564 2273 πνευματικὸν
1597 2195 1666 2271 ἦν
1700 2215 1859 2268 γεγο-

280 2304 391 2368 νὸς,
417 2303 511 2357 καί⁵
540 2304 620 2365 εἰς
646 2299 956 2370 ἀφθαρσίαν
991 2293 1416 2367 μεταχωρῆσαν.
1444 2290 1543 2344 Διὰ
1575 2289 1734 2343 τοῦτο
1758 2289 1860 2342 αὑ-

280 2397 396 2457 τοῖς
452 2393 677 2460 ἔδειξεν,
730 2392 819 2444 ἵνα
867 2390 1051 2442 πᾶσαν
1098 2383 1279 2441 αὐτῶν
1317 2380 1563 2454 ταραχὴν
1609 2397 1860 2434 κατακοι-

334 2486 441 2558 ίσῃ.

285 2504 453 2631 μιῖῗα
474 2574 665 2629 τούτου
694 2570 985 2641 ἐπληρώθη
1017 2569 1109 2623 καὶ
1138 2572 1166 2623 6
1193 2567 1375 2637 λόγος,
1407 2565 1467 2621 ὃν
1499 2560 1652 2619 εἶπεν
1678 2566 1707 2618 6
1744 2562 1861 2617 Κύ-

285 2688 400 2743 ριος
422 2687 434 2700 ·
457 2668 708 2735 Μικρὸν,
731 2665 828 2720 καὶ
854 2662 1080 2732 ὄψεσθέ
1094 2678 1190 2732 με,
1217 2658 1316 2715 καὶ
1337 2657 1665 2729 χαρήσεται
1686 2654 1853 2726 ὑμῶν

281 2765 323 2830 ὴ
345 2758 576 2828 καρδία.
610 2760 707 2810 Διὰ
734 2755 828 2809 τοῦ
861 2755 1102 2827 ῥήματος
1121 2752 1222 2823 τῆς
1252 2751 1499 2822 εἰρήνης,
1534 2748 1651 2801 λύει
1682 2745 1862 2801 αὐτῶν

283 2852 384 2923 τὴν
417 2849 648 2903 δειλία-ι’
684 2847 847 2909 αὐτὸς
894 2844 994 2915 μέν
1030 2846 1179 2897 ἐστιν
1225 2843 1254 2895 6
1305 2840 1571 2911 Χριστὸς,
1602 2840 1636 2909 ή
1669 2839 1860 2911 εἰρήνη

282 2942 466 3013 ήμῶν.
524 2939 669 3011 Πλὴν
718 2939 807 2992 διὰ
841 2938 1033 2990 τούτου
1076 2934 1175 2990 καὶ
1223 2935 1386 3005 ἡμεῖς
1415 2931 1775 3001 ἐδιδάχθημεν
1804 2931 1862 2983 ἐν

281 3038 406 3097 ταῖς
454 3034 743 3105 μυστικαῖς
790 3030 1029 3093 συνόδοις
1075 3024 1509 3097 ἐπιφθέγγεσθαι
1559 3024 1776 3087 ἑαυτοῖς
1803 3020 1862 3075 16

283 3126 386 3194 τῆς
421 3125 644 3195 εἰρήνης
675 3123 847 3194 ῥῆμα·

1961 1939 2210 1994 Domino.
2246 1956 2265 1991 ι

2027 2029 2276 2086 Ostendit
2304 2028 2385 2084 eis
2412 2043 2625 2094 manus,
2657 2030 2762 2084 hoc
2789 2035 2897 2094 est,
2923 2029 3161 2085 ostendit
3191 2031 3275 2087 eis
3300 2030 3530 2101 vestigia

1959 2118 2251 2190 passionis,
2306 2127 2365 2172 ut
2411 2119 2674 2173 certiores
2723 2117 2974 2174 redderet
3017 2118 3121 2174 hoc
3173 2121 3350 2190 ipsum
3415 2134 3542 2175 esse

1961 2223 2158 2277 corpus
2183 2208 2325 2278 quod
2354 2222 2575 2278 passum
2602 2206 2798 2273 fuerat,
2858 2207 2960 2262 etsi
2993 2223 3137 2263 nunc
3167 2217 3312 2264 esset
3338 2208 3541 2265 factum

1962 2299 2232 2371 spiritale,
2269 2308 2434 2368 atque
2462 2313 2657 2369 expers
2688 2297 3083 2368 corruptionis.
3136 2299 3350 2356 Idcirco
3380 2301 3433 2357 id
3460 2300 3542 2356 eis

1963 2390 2216 2458 ostendit,
2246 2397 2303 2444 ut
2331 2403 2546 2445 omnem
2577 2388 2788 2444 illorum
2814 2387 3027 2444 sedaret
3054 2391 3540 2460 perturbationem.

2036 2570 2136 2626 Per
2179 2570 2281 2625 hoc
2330 2569 2499 2626 etiam
2554 2569 2807 2640 impletus
2854 2578 2942 2627 est
2983 2584 3165 2628 sermo
3191 2586 3353 2643 quem
3403 2572 3544 2629 dixit

1964 2662 2267 2718 Dominus:
2305 2660 2577 2717 Modicum
2606 2674 2656 2716 et
2680 2663 2922 2717 videbitis
2957 2680 3060 2729 me,
3096 2672 3146 2718 et
3176 2663 3423 2735 gaudebit
3451 2680 3546 2719 car

1964 2761 2214 2809 vestrum.
2274 2753 2456 2810 Verbo
2489 2753 2640 2825 pacis
2698 2753 2861 2810 solvit
2890 2770 3078 2811 eorum
3128 2766 3375 2812 metum:
3429 2757 3547 2828 ipse
3660 2780 3663 2783 <

1964 2846 2230 2917 siquidem
2265 2844 2518 2902 Christus
2560 2857 2644 2902 est
2685 2862 2791 2917 pax
2823 2857 3030 2903 nostra.
3080 2846 3466 2905 Verumtamen
3491 2857 3549 2905 et

1967 2954 2066 2994 nos
2094 2952 2311 3009 quoque
2338 2952 2435 3007 per
2461 2938 2565 2994 hoc
2598 2938 2778 2994 edocti
2811 2954 2999 2995 sumus
3026 2940 3081 2994 in
3110 2941 3283 2997 sacris
3317 2955 3548 3011 congre-

1965 3030 2271 3100 gationibus
2301 3029 2456 3085 nobis
2484 3029 2714 3085 invicem
2750 3043 2937 3099 pacem
2975 3024 3283 3099 apprecari.

363 3183 382 3270 ἆ
731 3183 921 3275 αὐτοῖς
953 3212 982 3264 6
1016 3208 1221 3281 Ἰησοῦς
1246 3205 1439 3261 πάλιν*
1472 3205 1677 3276 Εἰρήνη
1707 3203 1858 3272 ὑμῖν.

2036 3208 2198 3266 Vsus.
2227 3210 2320 3264 21.
2370 3228 2388 3261 ε
2420 3209 2565 3264 Dixit
2612 3224 2745 3281 ergo
2797 3209 2879 3266 eis
2918 3209 3155 3265 iterum:
3214 3208 3324 3264 Pax
3368 3209 3544 3266 vobis.

283 3308 483 3372 Καθὼς
502 3304 813 3361 ἀπέσταλκε
837 3320 904 3375 με
923 3304 953 3356 6
978 3301 1188 3372 Πατὴρ,
1219 3298 1376 3367 κάγὼ
1404 3297 1609 3367 πέμπω
1636 3296 1802 3365 ὑμᾶς.
1835 3311 1855 3344 ι

358 3402 635 3471 Οὑδεμίαν
661 3398 818 3469 ἔχετε
855 3394 1164 3459 δυσκολίαν,
1196 3392 1306 3447 ἀπό
1332 3409 1390 3444 τε
1427 3389 1537 3444 τῶν
1568 3390 1670 3461 ήδη
1705 3404 1865 3457 γεγε-

286 3495 560 3566 νημένων,
590 3492 699 3545 ἀπό
722 3507 780 3544 τε
808 3490 907 3559 τῆς
928 3488 1086 3555 ἀξίας
1118 3485 1251 3556 ἐμοῦ
1282 3484 1375 3538 τοῦ
1406 3483 1736 3554 πέμποντος.
1760 3480 1865 3534 Διὰ

286 3586 342 3638 τί
374 3599 580 3654 φησιν;
621 3579 886 3634 Ἐνταῦθα
922 3578 1140 3648 ἐπαίρει
1174 3574 1354 3630 αὐτῶν
1391 3576 1490 3645 τὴν
1521 3574 1726 3643 ψυχὴν,
1762 3571 1862 3625 καὶ

284 3679 529 3731 δείκνυσι
571 3673 705 3727 πολὺ
741 3672 803 3726 16
845 3670 1198 3736 ἀξιόπιστον·
1242 3667 1356 3736 εῐγε
1414 3666 1660 3735 μέλλοιεν
1712 3663 1866 3716 αὐτοὶ

286 3772 348 3825 τὸ
375 3770 536 3841 ἔργον
559 3764 911 3836 ἀναδέχεσθαι
937 3778 952 3793 ⁶
984 3762 1081 3815 καὶ
1120 3760 1305 3814 οὐκέτι
1335 3757 1686 3828 παράκλησις
1723 3753 1864 3825 πρὸς

285 3862 380 3914 16v
415 3860 632 3931 Πατέρα
669 3859 941 3927 γίγνεται,
992 3852 1107 3905 ἀλλ’
1144 3848 1404 3919 αὑθεντίᾳ
1428 3848 1643 3901 δίδωσιν
1674 3845 1866 3908 αὐτοῖς

284 3952 387 4021 τὴν
415 3949 665 4020 δύναμιν.
720 3943 962 4012 Ἐπειδὴ,
988 3940 1147 4011 φησὶ,
1175 3938 1265 3992 διὰ
1293 3937 1386 3991 τοῦ
1424 3936 1659 4007 σταυροῦ
1687 3935 1867 3989 πάντα

291 4039 493 4093 εὔκολα
538 4039 751 4106 γέγονε,
798 4033 1000 4102 πέμπω
1044 4030 1189 4101 ὑμᾶς
1240 4030 1463 4098 ποιῆσαι
1514 4026 1574 4079 16
1633 4024 1795 4097 ἔργον
1837 4023 1866 4078 ὃ

286 4128 541 4199 ἐποίησα.

366 4240 384 4273 ι
428 4220 540 4273 Καὶ
574 4216 733 4272 τοῦτο
763 4213 952 4279 εἰπὼν,
981 4211 1306 4281 ἐνεφύσησε,
1336 4208 1430 4263 καὶ
1451 4207 1601 4277 λέγει
1640 4207 1823 4271 αὐτοῖς
1845 4221 1857 4234 '

286 4311 496 4365 Λάϐετε
526 4309 751 4378 Πνεῦμα
773 4306 949 4374 ἆγιον.
985 4324 1003 4356 ι

365 4421 383 4454 t
432 4403 532 4454 Ἂν
580 4416 740 4454 τινων
779 4398 955 4468 ἀφῆτε
996 4396 1093 4459 τὰς
1136 4392 1435 4465 ἁμαρτίας,
1470 4390 1722 4463 ἀφίενται
1768 4390 1864 4443 αὐ-

288 4496 399 4557 τοῖς
421 4510 435 4525 ·
469 4494 534 4548 ἄν
561 4508 720 4545 τινων
746 4490 1008 4562 κρατῆτε,
1047 4487 1436 4558 κεκράτηνται.
1477 4504 1495 4536 ι

364 4579 736 4650 Πνευματικὸν
779 4579 960 4640 αὐτοῖς
1009 4576 1210 4630 δέδωκε
1257 4575 1505 4645 χάρισμα
1532 4613 1546 4638 ,
1577 4573 1671 4628 τοῦ
1717 4572 1863 4626 λύειν

289 4672 567 4742 ἁμαρτίας
612 4671 704 4723 καὶ
744 4667 1118 4739 κατακρίνειν.
1154 4664 1338 4719 ’Ἄλλοι
1383 4665 1438 4718 δὲ
1480 4665 1748 4733 λέγουσιν,
1782 4666 1863 4718 ὅτι

293 4761 634 4832 ἐπιτηδείους
709 4761 904 4822 αὐτοὺς
962 4758 1190 4828 ἐποίησε
1251 4757 1387 4828 πρὸς
1444 4756 1713 4825 ὑποδοχὴν
1772 4754 1866 4807 τοῦ

295 4853 611 4924 Πνεῦματος
638 4893 652 4918 ,
685 4847 746 4905 οῦ
795 4850 1027 4922 ἧμελλον
1061 4848 1361 4921 λαμϐάνειν
1410 4847 1548 4918 μετὰ
1596 4847 1697 4918 τὴν
1736 4845 1869 4901 ἀνά-

293 4944 474 4999 6ασιν·
505 4944 571 4995 δι’
591 4943 618 4996 ὃ
646 4944 747 4996 οὐκ
773 4940 945 5006 εἶπεν,
965 4941 1219 4995 Ἐλάὃετε
1248 4938 1471 5010 Πνεῦμα
1500 4939 1680 5007 ἅγιον,
1708 4938 1865 4997 ἀλλὰ.

289 5038 535 5094 Λάϐετε.
586 5037 732 5107 Πλὴν
773 5036 999 5090 δυνατὸν
1046 5038 1244 5098 εἰπεῖν,
1289 5034 1370 5088 ὅτι
1404 5035 1484 5097 εἰς
1518 5034 1616 5103 μὲν
1658 5029 1753 5085 οὖν
1809 5031 1869 5085 τὸ

287 5132 510 5198 ἀφεῖναι
550 5130 824 5202 ἁμαρτίας
850 5127 1044 5182 ἔλαϐον
1093 5128 1155 5180 16
1185 5127 1455 5198 χάρισμα,
1499 5125 1638 5194 μετὰ
1681 5123 1737 5176 δέ
1768 5123 1866 5194 τὴν

287 5223 673 5294 Πεντηκοστὴν
710 5223 771 5276 16
804 5225 1014 5291 ἐγεῖραι
1055 5220 1182 5283 τοὺς
1211 5220 1461 5290 νεκροὺς,
1510 5218 1604 5270 καὶ
1647 5218 1747 5271 ὅσα
1778 5232 1868 5268 τε-

287 5316 558 5385 λειότερα.
589 5315 665 5367 Δι’
697 5306 771 5367 ὧν
801 5312 1146 5382 ἐμφυσήσας,
1181 5310 1349 5363 ἔδωκε
1380 5310 1440 5362 τὸ
1466 5308 1709 5379 Πνεῦμα,
1733 5309 1868 5363 ἔδει·

289 5404 381 5468 ξεν
419 5404 501 5455 ὃτι
546 5402 834 5473 δμοούσιον
881 5400 1047 5453 αὑτοῦ
1087 5400 1237 5461 ἐστι,
1275 5400 1371 5452 καὶ
1416 5399 1517 5452 οὐκ
1561 5400 1863 5471 ἀλλότριον,

287 5498 384 5551 καὶ
410 5496 476 5548 δι’
509 5494 676 5548 αὐτοῦ
718 5492 923 5562 προῖὼν
950 5493 1015 5544 ἐκ
1048 5490 1284 5559 Πατρὸς,
1319 5490 1457 5558 ὅπερ
1484 5491 1682 5555 αὐτοὺς
1710 5492 1867 5545 ἐνεύ-

293 5604 471 5657 ρωσεν
500 5588 579 5648 εἰς
610 5586 673 5637 τδ
709 5583 935 5652 ποιῆσαι
979 5582 1048 5635 τὰ
1089 5580 1208 5651 Θεῷ
1255 5583 1486 5652 ἀρεστὰ,
1532 5583 1625 5635 καὶ
1666 5584 1866 5652 γνῶναι

288 5675 386 5729 τοῦ
426 5674 569 5729 κατὰ
622 5672 856 5744 Χριστὸν
906 5670 1209 5742 μυστηρίου
1249 5672 1345 5742 τὴν
1394 5670 1644 5743 δύναμιν.
1701 5673 1772 5726 Τὸ
1809 5674 1865 5726 δέ

292 5766 597 5836 ἐμφύσημα
640 5766 862 5837 ἐποίησε
910 5764 1000 5818 τὸν
1041 5762 1431 5835 ἁνακαινισμδν
1466 5769 1530 5838 τῇ
1580 5766 1863 5840 ἀνθρωπό-

1968 3297 2121 3355 Sicut
2146 3301 2293 3356 misit
2327 3316 2412 3356 me
2437 3300 2618 3367 Pater,
2645 3310 2703 3357 et
2728 3316 2829 3373 ego
2858 3300 3013 3357 mitto
3041 3317 3156 3357 vos.
3192 3318 3213 3353 ι

2039 3388 2254 3442 Nullum
2298 3390 2508 3446 habetis
2559 3390 3028 3460 impedimentum,
3097 3398 3153 3445 et
3199 3400 3423 3461 propter
3477 3405 3541 3446 ea

1966 3502 2089 3558 qua:
2116 3485 2231 3555 jam
2267 3484 2410 3541 facta
2440 3496 2590 3553 sunt,
2643 3495 2697 3541 et
2729 3495 2950 3556 propter
2983 3503 3157 3543 meam
3193 3503 3290 3544 vos
3321 3488 3547 3544 mitten-

1969 3579 2038 3634 tis
2067 3578 2407 3648 dignitatem.
2460 3577 2642 3644 Quare
2697 3578 2800 3632 hoc
2853 3577 3033 3633 dixit?
3085 3577 3286 3635 Eorum
3337 3579 3549 3635 animos

1969 3669 2059 3724 hic
2083 3668 2266 3735 erigit,
2288 3678 2344 3723 et
2371 3682 2523 3722 suam
2553 3669 2808 3738 proponit
2840 3670 3251 3734 auctoritatem,
3278 3670 3545 3739 siquidem

1966 3771 2122 3812 suum
2169 3757 2247 3811 eis
2296 3756 2587 3810 relicturus
2662 3764 2781 3811 erat
2825 3757 3227 3812 ministerium:
3290 3773 3391 3814 nec
3433 3759 3548 3827 jam

1969 3847 2204 3917 amplius
2250 3844 2560 3916 interpellat
2582 3845 2821 3912 Patrem,
2857 3846 2951 3901 sed
2977 3861 3078 3902 sua
3111 3847 3191 3902 eis
3224 3848 3549 3909 auctoritate

1967 3946 2289 4010 potestatem
2324 3938 2546 4007 praebet.
2575 3937 2734 4001 Cum,
2762 3936 2956 4004 inquit,
2991 3940 3177 3991 omnia
3202 3950 3300 4005 per
3329 3953 3546 3992 crucem

1968 4045 2144 4085 meam
2175 4028 2316 4084 facta
2352 4027 2461 4083 sint
2488 4026 2692 4091 facilia,
2721 4026 2880 4081 mitto
2912 4040 3028 4091 vos,
3064 4035 3124 4081 ut
3168 4025 3386 4081 faciatis
3410 4041 3549 4096 opus

1970 4122 2109 4193 quod
2140 4136 2240 4190 ego
2273 4120 2396 4176 feci.

2038 4215 2203 4270 Vitas.
2257 4214 2348 4268 2‘2.
2405 4231 2425 4265 ‹
2455 4214 2583 4267 Haec
2632 4227 2756 4267 cum
2802 4212 3052 4277 dixisset,
3103 4213 3438 4270 insumavit:
3494 4227 3551 4272 et

1968 4305 2105 4361 dixit
2133 4305 2248 4359 eis:
2281 4304 2519 4374 Accipite
2549 4302 2811 4381 Spiritan
2845 4312 3114 4359 sanctum.
3155 4323 3174 4356 ›

2039 4397 2203 4452 Vsus.
2231 4396 2324 4451 25.
2379 4415 2398 4448 ι
2428 4395 2670 4463 Quorum
2708 4396 3030 4451 remiseritis
3063 4407 3309 4466 peccata,
3359 4400 3548 4453 remit-

1970 4498 2159 4545 tttntur
2181 4488 2303 4543 eis:
2344 4495 2401 4543 et
2429 4503 2660 4558 quorum
2699 4488 3058 4558 retiuueritis,
3091 4498 3301 4545 retenta
3336 4501 3486 4546 sunt.
3521 4511 3542 4543 ι

2038 4580 2295 4649 Spiritale
2325 4578 2429 4634 illis
2474 4581 2671 4635 donum
2722 4580 2872 4635 dedit
2923 4580 3167 4637 solvendi
3203 4593 3450 4652 peccata,
3493 4594 3550 4638 et

1971 4673 2323 4743 dijudicandi.
2373 4673 2475 4727 Alii
2515 4682 2696 4729 autem
2752 4672 2964 4737 dicunt,
3016 4672 3158 4741 quod
3190 4674 3279 4728 hic
3322 4674 3546 4730 idoneos

1973 4764 2093 4818 illos
2148 4761 2341 4818 fecerit
2391 4765 2454 4816 ad
2487 4757 2745 4831 Spiritum
2777 4761 3207 4832 suscipiendum,
3265 4778 3424 4834 quem
3457 4780 3547 4821 ac-

1972 4854 2181 4923 cepturi
2206 4862 2364 4907 erant
2382 4865 2499 4920 post
2523 4853 2895 4907 ascensionem
2922 4870 2935 4905 :
2963 4854 3217 4922 quocirca
3242 4869 3348 4910 non
3373 4856 3544 4911 dixit:

1971 4944 2273 5014 Accepistis
2307 4941 2570 5011 Spiritum
2601 4952 2870 5008 sanctum,
2907 4943 3003 4998 sed
3032 4945 3290 5015 Accipite.
3346 4945 3546 5001 Verum

1973 5038 2077 5092 dici
2132 5045 2328 5106 potest,
2381 5050 2476 5090 eos
2513 5036 2672 5089 modo
2723 5037 2922 5090 donum
2967 5046 3184 5105 peccata
3240 5038 3547 5094 remittendi

1977 5126 2276 5193 accepisse,
2310 5132 2432 5194 post
2458 5123 2813 5179 Peutecoslen
2845 5139 2974 5179 vero
3005 5136 3246 5181 mortuos
3275 5128 3549 5182 suscitan-

1972 5217 2047 5281 di,
2082 5227 2137 5271 et
2187 5230 2374 5271 eorum
2406 5230 2524 5284 qua:
2569 5217 2892 5285 perfectiora
2939 5227 3084 5285 sunt,
3119 5221 3399 5288 accepisse
3447 5236 3548 5290 po-

1974 5317 2246 5363 Iestatcm.
2301 5308 2455 5374 Quod
2508 5319 2687 5362 autem
2731 5307 3074 5374 insufﬂando,
3109 5310 3370 5380 Spiritum
3402 5326 3544 5381 pra:-

1971 5401 2171 5466 buerit,
2200 5401 2437 5456 ostendit
2472 5402 2575 5455 sibi
2610 5402 3126 5457 consubstantialem
3158 5417 3300 5470 esse,
3350 5413 3406 5458 ct
3447 5419 3545 5458 ne-

1970 5509 2242 5564 quaquam
2271 5510 2299 5548 a
2331 5509 2390 5548 se
2416 5494 2652 5548 alienum
2683 5513 2697 5561 ;
2751 5505 2808 5549 ut
2838 5497 2927 5564 qui
2984 5510 3080 5564 per
3110 5512 3232 5550 cum
3286 5497 3547 5565 procedat

1968 5602 2034 5641 ex
2082 5587 2262 5653 Patre,
2301 5586 2444 5656 quod
2476 5600 2569 5641 eos
2619 5587 2974 5642 confirmabat
3023 5597 3082 5641 ut
3134 5588 3378 5644 facerent
3426 5603 3547 5660 qua:

1970 5679 2165 5748 placita
2195 5688 2323 5733 sunt
2347 5677 2478 5741 Deo,
2523 5689 2579 5732 et
2610 5680 2866 5733 virtutem
2893 5678 3096 5735 Christi
3153 5681 3391 5752 mysterii
3456 5696 3549 5737 co-

1966 5781 2318 5848 gnoscerent.
2364 5768 2660 5828 lnsuﬂiatio
2708 5780 2887 5828 autem
2940 5772 3229 5828 humanam
3295 5782 3541 5829 naturam
