4068 6126
529 353 665 420 1519

1618 352 1953 414 AMMONII
1994 352 2528 417 ALEXANDRINI

3665 366 3808 433 1520

529 469 657 524 fecit
685 464 956 529 innovari,
985 472 1039 520 et
1066 476 1184 518 eam
1213 475 1377 534 quam
1413 470 1540 518 ante
1574 462 1768 517 Adami
1802 474 2111 535 transgres-

2230 482 2358 536 τητι,
2387 467 2487 539 καὶ
2519 466 2814 523 ἀναλαϐεῖν
2838 467 2901 521 τὸ
2922 467 3043 522 κατ’
3073 468 3268 522 είκόνα
3288 465 3427 540 ὅπερ
3448 460 3596 543 εἶχεν
3631 474 3807 548 Ἀδὰμ

528 564 739 617 sionem
770 560 1022 625 habebat,
1047 571 1327 612 resumere
1356 556 1792 612 similitudinem.
1835 558 1980 613 Dixit
2013 574 2110 614 au-

533 665 641 710 tem
693 653 932 718 mittere,
965 660 1023 706 ut
1055 649 1376 705 crederetur
1408 650 1512 705 hoc
1547 649 1601 703 in
1651 649 1910 706 omnibus
1966 647 2113 704 futu-

529 762 648 803 rum
682 755 924 814 tempore
954 741 1200 798 deﬁnito.

603 837 763 892 Vens.
788 833 887 890 24.
940 852 961 885 ι
995 832 1233 890 Thomas
1289 841 1470 888 autem
1502 846 1642 888 unus
1693 847 1762 887 ex
1804 829 2111 898 duodecim,

528 929 619 997 qui
650 926 848 982 dicitur
872 924 1161 996 Didymus,
1203 939 1314 980 non
1351 931 1474 981 erat
1500 937 1624 980 cum
1658 922 1742 979 eis
1771 922 1995 993 quando
2023 936 2116 978 ve-

531 1023 610 1077 nit
633 1020 813 1076 Jesus.
848 1037 868 1070 ι

605 1111 721 1167 Etsi
761 1110 961 1165 absens
989 1114 1138 1164 esset
1162 1105 1426 1172 Thomas,
1465 1104 1705 1176 Spiritus
1753 1113 1932 1160 tamen
1983 1118 2113 1174 gra-

540 1206 671 1261 tiatn
692 1217 790 1272 per
819 1197 1236 1256 insnﬂlationem
1266 1198 1498 1267 accepit,
1523 1195 1780 1266 quoniam
1807 1194 1863 1249 in
1895 1193 2115 1249 univer—

536 1311 657 1351 sum
689 1278 1058 1364 apostolorum
1108 1290 1334 1345 chorum
1387 1288 1647 1343 Dominus
1697 1287 1839 1342 hanc
1881 1286 2114 1357 gratiam

535 1386 818 1445 effuderat.

609 1478 772 1534 Vens.
806 1476 898 1531 27.
950 1493 970 1529 ι
1000 1473 1205 1530 Deinde
1230 1471 1364 1527 dicit
1388 1469 1645 1526 Thomtn:
1700 1468 1845 1524 lufer
1888 1468 2117 1539 digitum

536 1581 691 1626 tim-nt
733 1570 862 1633 huc,
908 1574 965 1622 et
998 1567 1121 1621 vide
1154 1578 1349 1619 manus
1398 1577 1569 1626 meas,
1606 1571 1665 1617 et
1714 1560 1847 1617 aﬂ'er
1896 1577 2115 1618 manum

534 1673 706 1726 tuam,
736 1669 791 1715 et
830 1659 985 1714 mitte
1014 1658 1068 1712 in
1105 1656 1247 1713 latus
1276 1669 1497 1710 meum:
1535 1663 1591 1710 et
1631 1654 1739 1710 noli
1783 1669 1907 1711 esse
1936 1654 2117 1710 incre-

532 1752 715 1817 dulus,
750 1751 847 1806 sed
878 1734 1075 1805 ﬁdelis.
1110 1766 1130 1800 ι

606 1843 782 1913 Supra
834 1840 1052 1896 modum
1089 1838 1328 1894 Thomas
1369 1850 1601 1906 operose
1647 1836 1924 1902 curiosus,
1970 1835 2117 1906 quod
2147 1819 2193 1879 Β

535 1951 652 1993 rem
680 1932 1073 2003 impossibilem
1103 1929 1465 1992 existimaret,
1520 1927 1959 1998 reprehenditur,
1991 1927 2120 1997 quia

536 2042 646 2084 non
676 2026 814 2082 dixit
843 2023 1019 2079 solum
1056 2036 1072 2075 :
1102 2040 1122 2073 ι
1148 2018 1265 2076 Nisi
1287 2020 1492 2086 videro,
1525 2037 1545 2070 ι
1585 2034 1774 2074 verum
1803 2019 1989 2086 etiam,
2007 2017 2124 2076 Nisi

535 2119 850 2191 palpavero,
902 2130 971 2171 ne
1022 2115 1163 2170 forte
1193 2113 1518 2183 phantasma
1569 2111 1642 2167 sit
1689 2111 1837 2181 quod
1882 2109 2121 2167 videtur.

535 2214 672 2270 Cum
720 2210 887 2282 igitur
932 2208 1175 2264 audisset
1218 2220 1288 2261 ex
1318 2202 1626 2274 discipulis,
1661 2202 1852 2259 lancea
1900 2210 2123 2258 contos.

530 2321 682 2373 sam,
721 2306 885 2359 [idem
915 2300 1188 2365 adhibuit,
1218 2297 1324 2354 etsi
1359 2313 1468 2353 non
1498 2297 1766 2365 vidisset;
1806 2298 1903 2352 sed
1934 2309 2121 2352 resur-

537 2399 864 2461 rectionem,
893 2404 957 2450 ut
985 2407 1110 2464 quae
1138 2391 1406 2447 rationem
1438 2388 1752 2455 excederet,
1787 2401 1893 2442 non
1940 2386 2121 2442 credi-

537 2490 659 2547 dit:
708 2486 854 2559 quod
885 2499 992 2540 non
1024 2492 1133 2538 tam
1166 2497 1230 2537 ex
1267 2478 1672 2544 incredulitate,
1727 2492 1888 2548 quam
1925 2491 1991 2532 ex
2022 2477 2120 2532 do-

548 2583 667 2638 iore
694 2580 919 2645 dictum,
948 2575 1094 2647 quod
1121 2589 1231 2629 non
1256 2581 1314 2628 et
1342 2572 1459 2641 ipse
1480 2585 1697 2642 quoque
1723 2570 1920 2626 visioni
1955 2571 2121 2623 inter-

540 2676 755 2732 fuisset.
778 2671 885 2727 Per
903 2666 1368 2740 dispensationem
1398 2671 1580 2718 autem
1605 2663 1846 2718 Thomas
1870 2676 1975 2717 non
2002 2675 2122 2716 cre-

534 2767 698 2833 didit,
750 2773 810 2820 ut
843 2777 944 2820 nos
962 2774 1155 2817 omnes
1204 2773 1303 2830 per
1344 2758 1523 2829 ipsum
1548 2756 1803 2812 ﬁcremus
1831 2755 2118 2818 certiores,

536 2860 601 2915 id
626 2860 804 2929 ipsum
832 2836 987 2927 quod.
1023 2852 1170 2909 cruci
1218 2850 1433 2907 allixutn
1479 2848 1660 2905 fuerat
1686 2860 1891 2916 corpus
1937 2859 2123 2901 resur-

542 2948 774 3003 rexisse.
804 2941 1114 3011 Qumreudo
1160 2939 1305 2995 enim
1338 2940 1526 2995 videre
1579 2938 1761 2994 carnis
1811 2936 2121 3004 cicatrices,

545 3052 674 3093 num
708 3037 829 3105 ipsa
855 3032 1045 3087 eadem
1074 3045 1204 3087 caro
1233 3030 1644 3105 resurrexisset,
1670 3028 1975 3100 inquisivit.

616 3104 869 3183 Ostendit
901 3135 962 3178 se
1004 3104 1290 3176 cicatrices
1343 3121 1564 3184 habere,
1621 3122 1996 3190 permittitque
2044 3120 2121 3175 illi

545 3230 606 3278 ut
633 3234 694 3276 se
721 3222 928 3287 tangat.
968 3210 1061 3268 Sic
1089 3210 1236 3266 enim
1256 3210 1745 3266 condescendendo
1775 3209 1999 3266 Thomas
2029 3227 2123 3280 ap-

544 3313 745 3386 paruit,
795 3308 1009 3366 tametsi
1039 3317 1239 3375 corpus
1287 3302 1407 3374 eius
1454 3302 1633 3357 omnis
1672 3309 1817 3357 esset
1857 3298 2129 3358 crassitiei

546 3418 763 3476 expers,
794 3410 853 3456 et
895 3396 1118 3455 omnino
1166 3394 1310 3465 agite
1359 3392 1653 3460 redditum,
1705 3401 1765 3446 ut
1812 3393 2127 3449 crederetur

549 3497 693 3552 idem
723 3506 845 3550 esse
875 3490 1022 3560 quod
1067 3485 1245 3542 fuerat
1287 3485 1634 3540 cruciﬁxum.
1686 3483 1897 3540 Eximio
1945 3492 2124 3540 autem

549 3588 776 3644 Thamar
807 3582 987 3639 verbis
1022 3594 1173 3645 usus,
1219 3577 1458 3635 ostendit
1508 3576 1806 3644 Christum,
1854 3591 1978 3633 eum
2014 3577 2129 3633 haec

550 3679 793 3736 Thomas
821 3675 1049 3739 diceret,
1078 3670 1336 3727 adfuisse.
1389 3667 1592 3725 Verum
1622 3684 1692 3726 ne
1721 3684 1845 3740 qua:
1872 3666 2130 3724 incredu-

552 3771 690 3828 litati
721 3767 930 3837 reliqua
965 3772 1113 3821 esset
1141 3761 1304 3826 ratio,
1335 3759 1801 3831 quemadmodum-
1821 3759 2011 3829 petivit
2042 3746 2097 3812 vi
2125 3788 2133 3796 -

553 3866 682 3922 dere
706 3860 966 3923 Thomas,
998 3856 1080 3912 sic
1106 3853 1351 3910 ostendit
1374 3866 1480 3908 non
1516 3851 1781 3907 Thomam
1843 3853 2127 3919 duntaxat,

554 3958 651 4014 sed
679 3962 735 4012 et
769 3952 992 4023 angelos
1033 3947 1427 4005 incarnationis
1474 3944 1931 4017 dispensationem
1981 3946 2133 4013 igno-

555 4062 706 4104 rasse
729 4061 791 4101 ac
814 4044 1102 4115 petivisse:
1128 4040 1259 4106 Quis
1280 4049 1355 4095 est
1378 4040 1477 4094 iste
1508 4039 1598 4110 qui
1624 4040 1759 4094 venit
1783 4039 1848 4094 de
1875 4036 2135 4094 Edam"?

555 4142 624 4198 Et
650 4139 777 4194 alibi
811 4155 826 4192 :
883 4134 1153 4201 Quidnam
1199 4141 1320 4186 sunt
1367 4132 1539 4202 plaga:
1579 4133 1698 4186 ista:
1727 4133 1782 4185 in
1814 4133 1983 4185 medio
2016 4147 2133 4185 m1-

556 4245 722 4288 ttttum
770 4227 1036 4283 narunt?
1092 4225 1161 4280 Et
1203 4224 1446 4280 docendo
1497 4223 1671 4280 dicit:
1733 4222 1837 4277 His
1890 4223 2134 4293 plagulas

555 4338 674 4379 sum
705 4323 763 4376 in
797 4318 953 4374 domo
979 4332 1159 4373 eorum
1194 4316 1283 4387 qui
1311 4315 1600 4386 diligebant
1633 4331 1713 4369 me
1737 4314 1800 4368 ⁸³.

621 4414 756 4470 Cum
787 4420 964 4467 autem
992 4409 1195 4464 clausis
1216 4407 1400 4477 januis
1432 4407 1709 4477 ingressus
1733 4413 1899 4469 esset,
1946 4420 2134 4461 ansam

2215 559 2323 628 πρὸ
2352 560 2744 628 παραϐάσεως.
2784 556 2951 614 Εἶπεν
2987 561 3044 614 δὲ
3080 561 3341 631 πέμπειν,
3382 564 3473 618 ἵνα
3516 566 3772 640 πιστώση
3803 601 3811 609 -

2214 667 2304 703 ται
2331 651 2412 704 ὅτι
2441 650 2594 705 ἔσται
2626 651 2786 706 τοῦτο
2815 652 2910 706 ἐπὶ
2949 655 3087 707 πᾶσι
3123 653 3204 725 τῷ
3233 654 3509 726 ὁρισθέντι
3530 659 3730 729 καιρῷ.

2291 848 2310 881 ι
2345 828 2549 899 Θωμᾶς
2583 828 2641 882 δὲ
2667 831 2749 894 εἰς
2780 833 2845 883 ἐκ
2872 829 3245 897 τῶνιδώδεκα,
3274 832 3303 886 6
3326 803 3625 905 λεγόμενος
3645 838 3773 892 Δίδυ

2219 938 2343 993 μσς,
2375 922 2478 976 οὐκ
2506 916 2576 993 ἦν
2613 921 2731 992 μετ’
2763 920 2965 988 αὐτῶν,
3006 923 3095 978 ὅτε
3131 919 3294 995 ἦλθεν
3318 927 3349 979 6
3397 925 3633 998 Ἰησοῦς.
3671 949 3693 981 ›

2285 1105 2398 1159 Καὶ
2442 1103 2600 1159 ἀπὼν
2654 1106 2683 1158 6
2724 1105 2928 1178 Θωμᾶς
2973 1106 3133 1180 ἔτυχε
3190 1109 3295 1180 τῆς
3349 1108 3447 1165 τοῦ
3485 1112 3812 1185 Πνεύματος

2210 1197 2441 1283 χάριτος
2482 1197 2574 1272 διὰ
2624 1200 2723 1270 τῆς
2766 1200 3169 1272 ὲμφύσήσεως·
3220 1201 3311 1273 ἐφ’
3358 1203 3482 1258 ὅλον
3525 1204 3637 1276 γάρ
3694 1208 3809 1261 τῶν

2218 1287 2529 1342 ἀποστόλων
2559 1288 2652 1342 τὸν
2682 1289 2839 1360 χορδν
2877 1291 2907 1343 6
2951 1290 3157 1364 Κύριος
3209 1292 3310 1364 τὴν
3359 1295 3521 1365 χάριν
3566 1295 3805 1367 ἐξέχεεν.

2291 1485 2311 1520 r
2350 1463 2486 1523 Εἶτα
2527 1468 2677 1538 λέγει
2707 1468 2788 1539 τῷ
2831 1468 3038 1542 Θωμᾷο
3076 1470 3217 1541 Φέρε
3261 1470 3356 1524 τὸν
3408 1471 3679 1527 δάκτυλόν
3709 1491 3805 1528 σου

2217 1554 2347 1629 ὧδε,
2382 1563 2479 1617 καὶ
2511 1562 2588 1617 ἴδε
2641 1563 2739 1627 τὰς
2774 1567 2964 1636 χεῖράς
3013 1582 3117 1634 μου
3145 1606 3160 1630 ,
3205 1565 3303 1619 καὶ¹
3337 1567 3470 1638 φέρε
3503 1569 3603 1639 τὴν
3647 1572 3808 1640 χεῖρά

2220 1670 2315 1706 σου
2336 1695 2351 1720 ,
2402 1653 2498 1706 καὶ
2529 1652 2658 1723 βάλε
2696 1655 2775 1717 εἰς
2808 1652 2908 1724 τὴν
2942 1653 3186 1725 πλευράν
3238 1671 3366 1726 μου,
3404 1657 3499 1711 καὶ
3547 1658 3624 1729 μὴ
3654 1661 3805 1727 γίνου

2218 1745 2472 1809 ἄπιστος,
2504 1745 2643 1800 ἀλλά
2672 1746 2884 1810 πιστός.
2929 1765 2949 1800 ι
3474 1784 3480 1788 -

2302 1835 2477 1907 ’Υπὲρ
2511 1836 2711 1908 μέτρον
2739 1838 2768 1890 6
2792 1835 2998 1908 Θωμᾶς
3025 1837 3592 1912 πολυπραγμονήσας,
3622 1843 3711 1896 διὰ
3742 1844 3807 1896 τὸ

2222 1927 2467 1998 νομίζειν
2502 1927 2783 1994 ἀδύνατον,
2814 1930 3151 1998 ἐγκαλεῖται,
3174 1932 3256 1985 διὸ
3285 1934 3387 1986 οὐκ
3423 1929 3579 1987 εἶπεν
3618 1935 3804 2006 μόνον,

2225 2037 2248 2072 e
2282 2017 2409 2074 Ἐάν
2441 2020 2518 2090 μὴ
2549 2021 2662 2088 ἴδω,
2688 2040 2706 2073 ι
2741 2021 2900 2086 ἀλλά,
2937 2022 3063 2076 Ἐὰν
3095 2023 3171 2096 μὴ
3199 2024 3509 2097 ψηλαφήσω
3530 2043 3545 2057 ο
3570 2028 3645 2098 μή
3689 2044 3807 2091 πως

2221 2111 2519 2182 φάντασμά
2551 2112 2671 2165 ἐστι
2711 2111 2774 2166 τὸ
2815 2111 3117 2184 ὁρώμενον.
3177 2114 3446 2179 Ἀκούσας
3489 2116 3589 2186 μὲν
3618 2112 3713 2170 οὖν
3742 2117 3811 2170 ἐκ

2219 2203 2330 2258 τῶν
2367 2203 2648 2275 μαθητῶν,
2680 2204 2774 2259 ὅτι
2811 2203 2982 2278 λόγχῃ
3031 2204 3258 2273 ἔλαϐεν,
3288 2206 3520 2277 ἐπείσθη
3548 2248 3564 2275 ,
3595 2208 3692 2261 καὶ
3728 2207 3809 2278 μὴ

2221 2294 2507 2368 ἑωρακὼς,
2539 2296 2600 2352 τὸ
2649 2296 2709 2351 δὲ
2756 2299 2857 2369 τῆς
2906 2297 3297 2364 ἀναστάσεως,
3341 2301 3421 2364 ὠς
3449 2299 3593 2371 ὑπὲρ
3624 2299 3805 2370 λόγον,

2226 2390 2560 2461 ἠπίστησεν
2621 2389 2684 2443 οὐ
2742 2382 2997 2445 τοσοῦτον
3047 2391 3125 2455 ὡς
3158 2392 3409 2447 ἀπιστῶν
3450 2390 3624 2459 εἶπεν,
3679 2395 3806 2448 ὅσον

2224 2482 2598 2554 λυπούμενος,
2638 2483 2720 2536 ὅτι
2767 2485 2843 2556 μὴ
2889 2484 2984 2538 καλ⁵
3025 2485 3188 2548 αὐτὸς
3229 2485 3437 2557 ἠξιώθη
3471 2469 3600 2556 ¹τῆς
3652 2486 3803 2551 θέας.

2223 2575 2601 2647 οἰκονομικῶς
2635 2575 2693 2629 δὲ
2721 2578 3029 2648 ἠπίστησεν
3059 2580 3087 2631 6
3123 2578 3350 2650 Θωμᾶς,
3383 2581 3471 2633 ἵνα
3499 2582 3704 2645 πάντες
3737 2583 3807 2635 δι’

2222 2668 2390 2723 αὑτοῦ
2416 2656 2671 2742 γνῶμᾶ
2687 2670 2772 2725 ὅτι
2807 2669 2870 2723 τὸ
2910 2672 3223 2743 σταυρωθέν
3253 2674 3455 2747 ἀνέστη
3494 2676 3677 2746 σῶμα.
3708 2677 3807 2728 Διά

2223 2763 2330 2832 γάρ
2357 2760 2451 2816 τοῦ
2479 2763 2685 2833 ζητεῖν,
2715 2762 2847 2816 ίδεῖν
2871 2761 2939 2816 τὰ
2981 2764 3110 2835 περὶ
3131 2763 3234 2838 τὴν
3271 2765 3455 2837 σάρκα
3487 2766 3804 2839 τραύματα,

2224 2853 2393 2926 αὐτὴν
2422 2853 2519 2927 τὴν
2551 2851 2751 2927 σάρκα,
2771 2856 2818 2908 εί
2845 2855 3068 2928 ἀνέστη,
3092 2855 3297 2928 ἐζήτει.

2297 3122 2582 3176 Δείκνυσιν
2607 3120 2801 3175 ἑαυτὸν
2822 3120 3118 3193 τραύματα
3148 3122 3365 3194 ἔχοντα,
3401 3124 3499 3180 καὶ
3529 3128 3819 3199 συγχωρεῖ

2227 3212 2377 3283 αὐτῷ
2400 3212 2725 3284 ψηλαφῆσαι
2751 3212 2937 3267 αὐτόν.
2982 3213 3083 3269 Διά
3120 3216 3231 3286 γὰρ
3266 3216 3685 3285 συγκατάσασιν
3714 3219 3819 3273 οὔ-

2225 3320 2335 3367 τως
2360 3302 2516 3374 ὤφθη
2549 3304 2628 3375 τῷ
2662 3303 2865 3376 Θωμᾷ,
2900 3304 3104 3378 καίπερ
3149 3307 3329 3377 πάσης
3360 3308 3674 3378 παχύτητος
3703 3310 3822 3365 τοῦ

2229 3390 2482 3462 σώματος
2508 3392 2954 3465 ἀπηλλαγμένου,
2993 3398 3087 3450 καὶ
3125 3397 3324 3466 κούφου
3353 3398 3673 3466 γεγονότος,
3721 3402 3822 3457 ἵνα

2228 3483 2453 3553 πεισθῇ,
2482 3483 2566 3536 ὅτι
2597 3484 2730 3536 αὐτὸ
2766 3481 2837 3556 ἦν
2869 3485 2930 3538 τὸ
2960 3485 3270 3558 σταυρωθέν
3299 3487 3481 3559 σῶμα.
3521 3487 3619 3554 Ἐξ
3642 3484 3720 3545 ὧν
3750 3492 3819 3546 δὲ

2227 3562 2342 3639 τοῖς
2376 3574 2473 3628 τοῦ
2522 3575 2698 3645 Θωμᾶ
2740 3577 3010 3648 κέχρηται
3037 3572 3242 3643 λόγοις,
3274 3578 3555 3634 δείκνυσιν
3596 3580 3680 3635 ὅτι
3715 3582 3821 3637 καὶ

2228 3670 2320 3724 ὅτε
2349 3670 2381 3722 6
2408 3668 2615 3739 Θωμᾶς
2650 3667 2832 3722 ἐλάλει
2860 3669 3058 3733 ταῦτα,
3095 3671 3300 3742 παρῆν.
3320 3672 3467 3725 Ἀλλ’
3497 3667 3585 3727 ἵνα
3621 3674 3820 3744 μηδεὶς

2231 3760 2488 3825 ἀπιστίας
2518 3760 2906 3832 περιλείπηται
2946 3761 3133 3831 λόγος,
3185 3765 3265 3828 ὡς
3307 3763 3577 3836 ἐζήτησεν
3614 3767 3744 3821 ίδεῖν
3777 3773 3808 3824 ὀ

2232 3854 2469 3926 Θωμᾶς,
2503 3852 2679 3918 οὕτως
2712 3854 3015 3922 ὑπέδειξεν,
3051 3856 3114 3909 οὗ
3158 3857 3322 3927 μόνον
3358 3857 3419 3911 δέ
3454 3858 3546 3913 τὸν
3587 3860 3815 3932 Θωμᾶν,

2234 3946 2371 4001 ἀλλὰ
2401 3946 2497 3999 καὶ
2521 3946 2650 4010 τοὺς
2680 3946 2949 4014 ἀγγέλους
2985 3949 3323 4016 ἀγνοοῦντας
3344 3950 3448 4020 τῆς
3481 3951 3819 4023 σαρκώσεως

2234 4038 2334 4111 τὴν
2363 4038 2703 4110 οἰκονομίαν,
2736 4038 2832 4093 καὶ
2854 4038 3119 4108 λέγοντας
3138 4056 3152 4070 ·
3194 4043 3295 4108 Τις
3336 4038 3520 4111 οὗτος
3547 4048 3582 4098 ό
3616 4061 3812 4114 παρα-

2232 4129 2559 4198 γενόμενος
2604 4128 2676 4194 ἐξ
2740 4127 2963 4199 Ἐδώμ;
3014 4131 3128 4184 Καὶ
3179 4132 3364 4188 πάλιν.
3423 4137 3486 4189 Τί
3528 4131 3702 4192 αὗται
3748 4139 3819 4190 aI

2235 4218 2463 4292 πλῆταί
2488 4220 2797 4290 ἀναμέσον
2820 4220 2942 4276 τῶν
2968 4219 3184 4292 χειρῶν
3221 4241 3340 4280 σου
3350 4243 3370 4291 ;
3404 4228 3511 4280 Καὶ
3546 4228 3814 4285 διδάσκων

2237 4312 2387 4381 λέγει
2408 4327 2423 4341 ·
2461 4313 2570 4376 Ἀς
2595 4311 2875 4383 ἐπλήγην
2900 4314 2971 4367 ἐν
2992 4314 3073 4380 τῷ
3096 4317 3239 4384 οἴκῳ
3260 4316 3341 4385 τῷ
3364 4319 3649 4389 ἀγαπητῷ
3672 4340 3813 4392 μου.

2320 4404 2542 4476 Ἐπειδὴ
2569 4402 2647 4459 ’δέ
2695 4405 3103 4479 κεκλεισμένων
3150 4409 3261 4463 τῶν
3307 4410 3490 4483 θυρῶν
3535 4413 3816 4474 είσελθὼν.

558 4507 705 4563 dedit
754 4504 861 4558 illis
893 4501 1199 4572 ambigendi
1251 4514 1379 4554 num
1433 4511 1561 4553 vere
1591 4486 1789 4566 corpus
1818 4507 1962 4553 esset
1995 4500 2130 4569 quod

2244 4497 2469 4568 ἐποίησε
2491 4496 2741 4551 διστάσαι
2768 4498 2895 4563 τοὺς
2929 4499 3205 4570 μαθητὰς,
3233 4503 3433 4575 μήπως
3452 4506 3553 4559 οὐκ
3569 4502 3637 4577 ἦν
3660 4506 3819 4575 σῶμι

559 4598 894 4667 apparebat,
983 4592 1087 4647 hoc
1138 4591 1423 4647 declarans
1478 4588 1618 4658 apud
1678 4587 1881 4642 Lucam
1958 4589 2136 4656 dixit:

560 4686 788 4754 Palpate
818 4700 918 4750 me,
948 4693 998 4737 et
1031 4682 1219 4746 uidete,
1265 4681 1387 4748 quia
1432 4680 1650 4747 spiritus
1683 4694 1894 4734 carnem
1937 4691 1988 4736 et
2021 4697 2139 4737 ossa

563 4794 664 4832 non
696 4778 846 4832 habet
873 4777 955 4841 ³⁵;
1009 4789 1060 4832 et
1106 4774 1365 4836 comedit,
1398 4786 1462 4827 ac
1505 4774 1687 4827 carnis
1716 4788 1827 4828 sua:
1855 4760 2141 4830 cicatrices

562 4869 816 4926 ostendit.

1184 4976 1339 5035 CAP.
1370 4977 1514 5033 XXI.

636 5118 803 5175 Vsus.
831 5116 919 5171 ll.
960 5132 980 5166 ι
1011 5113 1267 5171 Ascendit
1299 5113 1487 5170 Simon
1516 5112 1728 5180 Petrus,
1761 5123 1816 5168 et
1844 5114 2008 5169 traxit
2033 5124 2148 5169 rete

570 5212 624 5267 in
658 5222 877 5275 terram,
936 5207 1149 5279 plenum
1196 5207 1412 5277 magnis
1467 5206 1710 5276 piscibus
1736 5213 1952 5262 centum
1986 5206 2149 5276 quin-

570 5302 829 5374 quaginta
858 5301 1048 5357 tribus.
1084 5299 1154 5355 Et
1182 5313 1303 5357 cum
1337 5299 1473 5354 tanti
1498 5307 1703 5365 essent,
1752 5312 1859 5354 non
1896 5307 1983 5354 est
2009 5297 2145 5354 scis-

569 5406 690 5449 sum
726 5400 861 5446 rete.
896 5408 917 5442 ι
1430 5408 1433 5413 ·

639 5483 834 5540 Petrus
864 5498 970 5538 una
995 5496 1119 5538 eum
1154 5481 1317 5538 sociis
1352 5491 1466 5536 rete
1498 5479 1740 5551 spiritale
1779 5478 2026 5545 attrahit,
2080 5480 2148 5534 ad

570 5578 848 5632 Christum
895 5580 1171 5646 capturam
1230 5574 1524 5629 addﬂcens.
1583 5572 1689 5628 Per
1716 5580 1932 5628 centum
1965 5580 2146 5628 autem

2237 4587 2301 4641 τδ
2323 4587 2671 4657 φαινόμενον,
2702 4588 2866 4642 τοῦτο
2893 4590 3208 4660 σαφηνίζων
3239 4596 3382 4648 κατά
3410 4595 3631 4650 Λουκᾶν
3660 4593 3781 4650 εἶπε
3801 4614 3815 4628 ’

2244 4679 2664 4749 Ψηλαφήσατέ
2686 4697 2763 4750 με
2785 4720 2801 4747 ,
2850 4681 2951 4736 καί
2991 4682 3174 4747 ἴδετε,
3231 4684 3320 4740 ὅτι
3354 4688 3594 4757 πνεῦμα
3624 4690 3819 4761 σάρκα

2242 4772 2341 4825 καὶ
2364 4771 2548 4826 ὀστέα
2576 4774 2689 4826 οὐκ
2718 4771 2845 4841 ἔχει
2869 4790 2885 4806 ο
2919 4775 3013 4828 καὶ
3046 4776 3238 4846 ἔφαγε,
3274 4780 3370 4834 καὶ
3390 4781 3459 4835 τὰ
3488 4782 3589 4852 τῆς
3618 4784 3819 4854 σαρκὶς

2241 4862 2412 4930 ἔδειξε
2441 4864 2761 4936 τραύματα.

2806 4976 3058 5033 ΚΕΦΛΛ.
3094 4980 3227 5035 KA'.

2319 5128 2340 5163 ι
2390 5110 2586 5182 Ἀνέϐη
2614 5111 2802 5182 Σίμων
2844 5112 3074 5185 Πέτρος,
3116 5117 3212 5170 καὶ
3251 5117 3473 5173 εἵλκυσε
3522 5121 3585 5175 τὸ
3614 5123 3831 5178 ὁτκτυον

2244 5201 2339 5255 ἐπὶ
2368 5202 2468 5272 τῆς
2511 5205 2645 5273 γῆς,
2684 5204 2885 5275 μεστὸν
2932 5206 3136 5275 ἰχθύων
3177 5210 3431 5280 μεγάλων
3461 5214 3667 5267 ἑκατὸν
3697 5233 3827 5269 πεν-

2244 5295 2672 5366 τηκοντατριῶν.
2700 5296 2814 5352 Καὶ
2843 5300 3117 5355 τοσούτων
3147 5302 3339 5371 ὄντων,
3370 5307 3473 5361 οὐκ
3506 5310 3738 5380 ἐσχίσθη
3769 5310 3833 5362 τὸ

2254 5385 2493 5441 δίκτυον.
2531 5403 2553 5439 ι

2329 5478 2518 5532 Ἕλκει
2566 5477 2666 5551 τὴν
2710 5482 3094 5557 πνευματικήν
3141 5489 3389 5561 σαγήνην
3416 5492 3448 5545 6
3484 5493 3700 5566 Πέτρος
3738 5500 3835 5555 σὺν

2256 5572 2369 5635 τοῖς
2398 5570 2599 5640 ἄλλοις,
2626 5574 2925 5643 προσάγων
2941 5575 3256 5658 τῷΧριστῷ
3284 5581 3385 5655 τὴν
3402 5584 3608 5657 ἄγραν,
3629 5589 3838 5645 Νοοῦν.

611 5762 656 5794 δ’
686 5760 790 5817 ιη.
813 5777 970 5829 unt,
1006 5764 1054 5818 l.
1123 5763 1168 5797 ³⁸
1202 5761 1436 5819 Zachar.
1468 5775 1589 5830 xttt,
1617 5760 1673 5816 6.
1738 5761 1785 5795 "
1810 5760 1945 5817 Luc.
1977 5777 2131 5829 xxiv,
2155 5762 2245 5820 59.
