4068 6126
410 294 543 363 1521

1467 301 1929 362 FRAGMENTA
1962 301 2043 361 IN
2084 302 2146 362 S.
2188 300 2561 362 JOANNEM.

3525 296 3661 357 15.22

406 426 495 461 ται
523 408 580 462 δὲ
607 410 654 461 oi
676 407 871 462 ἑκατὸν
901 410 963 463 τὸ
982 410 1090 464 τῶν
1115 409 1285 464 ἐθνῶν
1312 409 1610 481 πλήρωμα,
1644 412 1692 463 οἱ
1712 410 1769 463 δὲ
1804 421 1828 449 ’³
1855 429 1961 464 πεν·

2087 410 2401 481 intelligitur
2450 411 2723 480 plenitudo
2774 409 3053 481 gentium;
3104 421 3199 478 per
3245 403 3673 482 quinquaginta,_

407 500 673 569 τήκοντα,
708 500 771 553 τὸ
804 502 925 554 κατ’
971 504 1203 574 ἐκλογὴν
1244 503 1307 556 τὸ
1358 500 1379 541 ί
1421 502 1481 566 ἐξ
1542 502 1761 572 Ἰσραὴλ
1808 502 1980 556 σωθὲν

406 592 563 658 γένος
587 608 601 622 ο
638 592 689 645 οἱ
717 592 773 646 δὲ
808 596 959 665 τρεῖς
985 636 1000 661 ,
1028 598 1128 659 τῆς
1157 594 1320 664 ἁγίας
1347 594 1578 666 Τριάδος
1618 593 1711 666 τὴν
1740 593 1979 665 δήλωσιν

408 680 783 749 σημαίνουσιν,
819 676 883 754 ἧς
918 686 1000 748 είς
1026 684 1183 752 δόξαν
1216 686 1250 756 ἡ
1280 686 1388 739 τῶν
1420 684 1669 737 ἀπίστων
1704 682 1818 755 ζωὴ
1856 684 1968 737 τῶν

408 770 854 839 σαγηνευθέντων
892 777 1093 829 νοεῖται
1121 775 1596 847 συνεζευγμένως.

475 863 567 927 Τὸ,
597 864 785 930 δεῦτε,
805 867 1221 935 ἀριστεύσατε,
1250 866 1481 939 αἴνιγμα
1500 867 1612 939 ἔχει
1636 870 1665 924 6
1686 867 1845 938 λόγος
1863 908 1877 933 ,
1897 868 1981 923 ὅτι

409 955 547 1024 μετά
572 956 699 1020 τοὺς
728 959 923 1024 πόνους
947 960 1247 1026 διαδέξεται
1275 962 1403 1026 τοὺς
1442 961 1634 1031 άγίους
1667 960 1980 1020 ἀνάπαυσις

406 1049 499 1103 καὶ
532 1050 711 1121 τρυφὴ
740 1052 835 1105 καὶ
866 1053 1186 1118 ἀπόλαυσις.
1214 1051 1448 1125 [Cum]

479 1184 499 1217 ι
539 1165 794 1236 Ἔρχεται
824 1166 918 1219 οὖν
943 1169 971 1220 6
1007 1168 1216 1239 Ἰησοῦς
1238 1211 1253 1234 ,
1302 1171 1397 1223 καὶ
1429 1168 1698 1238 λαμϐάνει
1729 1169 1841 1239 τδνί
1869 1169 1973 1241 ἀρ-

403 1271 513 1319 τον,
548 1256 642 1307 καὶ
669 1255 887 1310 δίδωσιν
925 1258 1140 1325 αὐτοῖς,
1178 1259 1274 1312 καὶ
1317 1259 1380 1313 τὸ
1417 1258 1645 1329 ὀψάριον
1685 1260 1912 1330 ὁμοίως.
1951 1279 1970 1312 ι

469 1343 583 1396 Οὐκ
611 1343 816 1413 ηὔξατο
854 1346 948 1400 νῦν
981 1347 1123 1401 κλῶν
1144 1348 1236 1405 τὸν
1266 1350 1453 1420 ἄρτον,
1483 1350 1701 1414 δεικνὺς
1726 1351 1809 1404 ὅτι
1843 1367 1978 1420 συγ-

402 1432 756 1498 καταϐάσεως
787 1431 854 1507 ἦν
883 1436 954 1490 τὰ
990 1438 1186 1509 πρῶτα
1210 1455 1224 1470 ⁸
1276 1440 1346 1494 τὰ
1378 1440 1702 1511 ἀνθρώπινα
1740 1441 1797 1495 δὲ
1828 1444 1979 1496 ποιεῖ

401 1521 508 1590 πρὸ
540 1521 635 1574 τοῦ
669 1524 867 1579 παθεῖν
901 1529 947 1579 ε.
984 1528 1048 1582 Εί
1072 1528 1129 1581 δὲ
1168 1529 1263 1582 καὶ
1306 1529 1332 1569 h
1363 1531 1391 1582 6
1421 1532 1636 1595 Λουκᾶς
1681 1527 1860 1597 εἶπεν,
1891 1533 1974 1586 ὅτι

400 1610 494 1664 καὶ
526 1613 689 1677 αὐτὸς
717 1614 940 1685 ἔφαγεν,
970 1619 1071 1689 οὐχ
1104 1619 1179 1683 ὠς
1212 1619 1292 1673 ἔτι
1322 1621 1423 1691 τῆς
1453 1622 1658 1693 σαρκὸς
1688 1622 1972 1695 δεομένης,

397 1700 534 1768 ἀλλά
560 1704 696 1774 πρὸς
726 1706 1006 1772 ἀπόδειξιν
1054 1712 1069 1751 i
1104 1711 1205 1781 τῆς
1239 1712 1618 1776 ἀναστάσεως.

474 1924 492 1956 ι
524 1906 686 1972 Λέγει
713 1907 862 1978 αὑτῷ
886 1909 946 1962 τὸ
978 1911 1161 1981 τρίτον
1181 1928 1196 1943 ’
1218 1913 1403 1982 Σίμων
1443 1913 1618 1978 Ἰωνᾶ,
1648 1911 1823 1981 φιλεῖς
1852 1928 1921 1981 με
1948 1927 1964 1975 ;

409 1997 683 2070 Ἐλυπήθη
713 2002 741 2053 6
783 2002 1017 2072 Πέτρος,
1059 2004 1142 2055 ὅτι
1171 1998 1326 2056 εἶπεν
1359 2003 1508 2075 αὐτῷ
1542 2004 1604 2057 το
1633 2005 1834 2076 τρίτον,
1876 2006 1972 2057 Il):-

395 2086 507 2149 λεῖς
532 2105 634 2156 με;
666 2089 760 2143 καὶ
782 2087 936 2145 εἶπεν
956 2092 1107 2161 αὐτῷ
1133 2110 1147 2123 ⁵
1181 2093 1376 2163 Κύριε,
1397 2097 1462 2149 σὺ
1490 2096 1669 2149 πάντα
1690 2091 1839 2158 οἶδας
1856 2114 1870 2129 ·
1892 2097 1968 2150 σὺ

396 2177 687 2244 γινώσκεις
712 2181 794 2234 ὅτι
825 2182 964 2249 φιλῶ
988 2200 1067 2236 σε.
1101 2183 1262 2253 Λέγει
1296 2186 1447 2256 αὐτῷ
1466 2189 1494 2240 6
1534 2187 1764 2257 Ἰησοῦς.
1797 2188 1970 2241 Βόσκε

392 2268 463 2323 τὰ
489 2270 743 2340 πρόϐατά
774 2290 898 2342 μου.
939 2292 959 2326 ι

478 2361 932 2435 Ἀναζωπυρῆσαι
954 2366 1118 2419 αὐτὸν
1149 2366 1473 2438 βουλόμενος
1494 2369 1558 2422 ἐκ
1579 2369 1679 2438 τῆς
1702 2369 1841 2423 κατά
1870 2369 1969 2440 τὴν

392 2453 620 2523 ἄρνησιν
651 2456 945 2526 ῥᾳθυμίας,
971 2458 1152 2528 ἐρωτᾷ
1191 2459 1373 2522 αὑτὸν,
1405 2458 1498 2512 καὶ
1526 2460 1613 2512 διὰ
1649 2459 1753 2512 τῶν
1794 2461 1966 2530 τριῶν

391 2544 741 2614 ἐρωτήσεων,
786 2549 883 2601 καὶ
922 2548 1293 2614 καταθέσεων,
1342 2549 1614 2619 ἐξαλείφει
1668 2551 1770 2616 τὰς
1817 2554 1965 2620 τρεῖς

392 2632 579 2699 φωνὰς
617 2635 715 2704 τῆς
746 2638 1059 2706 ἀρνήσεως,
1091 2641 1184 2692 καὶ
1213 2640 1303 2693 διὰ
1349 2641 1522 2709 λόγων
1553 2640 1853 2710 ἐπανορθοῖ
1897 2642 1967 2697 τὰ

391 2723 448 2772 ἐν
480 2721 657 2790 λόγοις
691 2726 957 2794 γενόμενα
992 2730 1333 2799 πταίσματα.
1365 2731 1527 2794 Ἔθος
1566 2730 1620 2783 δὲ
1651 2731 1873 2801 γέγονεν
1902 2733 1965 2786 ἐκ

390 2811 605 2876 τούτου,
638 2818 787 2882 τρεῖς
820 2817 1111 2885 ὁμολογίας
1141 2821 1490 2875 ἀπαιτεῖσθαι
1520 2822 1646 2883 τοὺς
1672 2820 1965 2889 μέλλοντας

393 2900 776 2973 βαπτισθῆναι.
1764 2914 1769 2917 δ

474 2992 684 3064 Ἐρωτᾷ
719 2996 880 3048 αὐτὸν
910 2998 1113 3068 τρίτον,
1145 3000 1242 3069 οὐχ
1292 3001 1366 3063 ὼς
1413 3000 1622 3067 ἀγνοῶν
1660 3001 1816 3071 (πῶς
1856 3002 1964 3073 γάρ

389 3084 485 3138 καὶ
506 3085 535 3137 ὁ
571 3086 851 3157 προειπὼν
876 3089 972 3141 τοῦ
997 3089 1160 3143 αὑτοῦ
1199 3090 1436 3156 πάθους;
1458 3088 1500 3159 ),
1521 3090 1637 3144 ἀλλ’
1675 3093 1761 3146 ἵνα
1788 3092 1960 3164 δείξῃ,

386 3176 472 3229 ὅτι
531 3176 674 3231 πάνυ
731 3178 886 3248 μέλει
931 3181 1081 3251 αὐτῷ
1127 3181 1227 3252 τῆς
1266 3183 1601 3251 προστασίας
1651 3183 1763 3236 τῶν
1796 3184 1961 3238 αὐτοῦ

388 3269 701 3339 προϐάτων,
740 3273 834 3325 καὶ
863 3275 944 3326 ὅτι
978 3275 1121 3327 πάνυ
1153 3274 1313 3328 αὑτὸν
1342 3275 1533 3342 ἠγάπα
1555 3278 1582 3327 6
1607 3274 1832 3346 Πέτρος.

529 3381 578 3414 ,Δ
597 3381 701 3414 Ιιδιιι
761 3382 907 3414 λιιέιιι
939 3385 1081 3414 Ἶλειιᾼ
1113 3402 1186 3414 ,ΑΙ
1216 3398 1230 3414 Ο
1261 3387 1346 3414 2--
1377 3381 1443 3414 In
1473 3384 1742 3414 hl-n’x-QJ‘A-
1795 3384 1888 3414 λἰς

529 3381 543 3400 .
640 3381 651 3399 .
771 3382 784 3397 .
847 3384 858 3402 .
985 3385 995 3399 .
1216 3398 1230 3414 ,
1262 3387 1285 3398 ..
1423 3403 1443 3414 _
1555 3384 1568 3401 .
1721 3403 1742 3414 _
1831 3384 1888 3407 νο

461 3399 479 3432 ι
544 3382 722 3453 Αμην,
760 3399 907 3454 αμην
939 3385 1082 3451 λεγω
1111 3402 1191 3439 σοι
1258 3402 1347 3438 οτε
1377 3380 1442 3455 ἦ,
1473 3402 1763 3456 νεωτερο,,
1794 3387 1962 3448 ἐξων-

2082 501 2315 555 clcctum
2366 515 2537 569 genus
2586 499 2823 565 lsraebs,
2868 484 3010 569 quod
3056 495 3320 552 salvatum
3376 492 3508 561 luit;
3561 511 3657 563 per

2083 590 2186 644 tria
2218 589 2470 659 denique,
2530 589 2873 645 sanctissima
2919 585 3163 641 Trinitas
3207 582 3540 649 declaratur,
3601 583 3652 638 in

2081 681 2236 754 cujus
2267 683 2513 754 gloriam,
2545 693 2824 753 captorum
2857 677 3152 734 inﬁdelium
3186 677 3293 732 vita
3324 674 3652 746 coniunctim

2081 777 2275 831 cedere
2300 774 2642 846 intelligitur.

2150 862 2279 917 Haec
2306 862 2490 931 verba,
2524 865 2708 929 venite,
2750 861 3036 933 prandete,
3090 858 3489 931 aenigmaticurn
3539 872 3655 913 sen-

2080 969 2197 1009 sum
2233 955 2431 1010 habent
2460 974 2474 1009 :
2513 954 2824 1025 signiﬁcant
2851 962 2972 1024 post
3003 953 3213 1008 labores
3241 951 3500 1023 quietem,
3528 947 3655 1003 deli-

2079 1045 2193 1102 cias
2219 1055 2274 1102 et
2296 1046 2489 1117 gaudia
2520 1056 2741 1102 sanctos
2765 1060 3012 1102 manere.

2144 1157 2309 1211 Vens.
2338 1157 2426 1213 15.
2487 1175 2507 1208 ι
2537 1158 2602 1213 Ει
2630 1160 2780 1213 venit
2807 1156 2987 1223 Jesus,
3036 1166 3092 1213 et
3119 1157 3327 1226 accepit
3354 1169 3573 1225 panem,
3601 1160 3654 1208 et

2078 1248 2170 1303 dat
2199 1248 2298 1315 eis,
2324 1256 2377 1303 et
2406 1248 2609 1319 piscem
2636 1249 2911 1305 similiter.
2943 1267 2967 1301 ι

2143 1336 2262 1393 Non
2289 1338 2464 1394 oravit
2500 1339 2681 1407 modo,
2715 1354 2910 1409 panem
2938 1338 3216 1410 frangens,
3259 1346 3318 1392 ut
3342 1336 3653 1393 ostenderet

2076 1431 2259 1500 priora
2302 1429 2474 1486 fuisse
2525 1430 2938 1501 permissionis;
2989 1445 3088 1501 pro
3137 1429 3415 1487 hominum
3468 1438 3651 1482 autem

2078 1534 2229 1575 more
2276 1522 2388 1589 agit
2442 1531 2568 1575 ante
2622 1521 2946 1593 passionem.
2998 1521 3237 1576 Tametsi
3294 1534 3423 1574 vero
3474 1518 3650 1572 Lucas

2076 1610 2277 1664 dixerit
2301 1624 2425 1667 eum
2456 1625 2671 1681 quoque
2717 1612 3042 1680 comedisse,
3074 1628 3182 1666 non
3217 1619 3397 1665 tamen
3432 1610 3485 1664 id
3518 1610 3651 1663 fecit

2078 1712 2302 1772 propter
2348 1703 2533 1759 carnis
2584 1703 2960 1776 indigentiam,
3007 1704 3103 1760 sed
3149 1704 3215 1759 ad
3265 1700 3645 1757 declarandam

2003 1807 2047 1859 υ
2080 1794 2558 1851 resurrectionem.

2142 1903 2305 1960 Vens.
2346 1906 2431 1959 l7.
2471 1924 2490 1958 ι
2519 1906 2658 1961 Dicit
2683 1907 2733 1961 ei
2767 1907 2969 1962 tertio:
3004 1906 3192 1962 Simon
3223 1906 3468 1971 Joannis,
3497 1918 3650 1960 amas

2074 2011 2159 2049 me
2188 1998 2210 2050 ἲ
2264 1996 2630 2053 Contristatus
2663 2009 2747 2054 est
2786 1999 2996 2066 Petrus,
3045 1999 3171 2069 quia
3204 1999 3338 2053 dixit
3368 1998 3420 2052 ei
3466 1997 3647 2062 tertio,

2072 2088 2236 2141 Amas
2267 2087 2392 2141 me?
2423 2098 2480 2142 et
2509 2089 2645 2142 dixit
2675 2089 2724 2142 ei
2753 2103 2768 2142 :
2818 2090 3067 2154 Domine,
3101 2099 3157 2143 tu
3191 2088 3373 2142 omnia
3400 2087 3551 2142 scis:
3589 2093 3647 2140 tu

2071 2176 2178 2231 scis
2209 2178 2333 2246 quia
2365 2192 2488 2257 amo
2521 2188 2592 2234 te.
2626 2179 2769 2234 Dixit
2801 2181 2851 2235 ei
2878 2199 2895 2236 :
2928 2180 3099 2236 Pasce
3130 2194 3259 2235 oves
3297 2193 3466 2234 meas.
3500 2195 3522 2230 ι

2140 2364 2339 2419 Volens
2368 2365 2445 2419 illi
2480 2375 2751 2436 torporem
2799 2368 3102 2439 negationis
3143 2376 3422 2433 excutere,
3470 2368 3644 2422 inter-

2073 2466 2220 2527 rogat
2250 2472 2397 2523 cum,
2450 2468 2503 2511 et
2550 2473 2645 2527 per
2694 2460 2887 2513 trinam
2944 2460 3451 2529 interrogationem,
3481 2467 3645 2528 atque

2069 2544 2234 2598 animi
2263 2546 2671 2613 demissionem,
2722 2547 2917 2601 trinam
2952 2545 3229 2601 oblitterat
3276 2547 3640 2617 negationem,

2068 2645 2124 2691 et
2153 2637 2332 2690 verbis
2377 2638 2629 2692 emendat
2660 2652 2780 2705 quae
2826 2637 3011 2692 verbis
3053 2647 3325 2707 peccaret.
3378 2637 3514 2692 Hinc
3548 2652 3647 2691 au-

2070 2735 2176 2780 tem
2204 2736 2322 2780 orta
2358 2707 2717 2794 consuetudo,
2743 2726 2937 2781 trinam
2969 2743 2998 2782 a
3023 2726 3367 2796 baptizandis
3393 2726 3643 2797 exigendi

2068 2817 2489 2874 curiessionem.

2138 2993 2443 3065 lnierrogat
2468 3010 2593 3052 eum
2640 2999 2823 3065 tertio,
2864 3013 2971 3053 non
3019 2994 3081 3055 ut
3120 3000 3379 3069 ignorans
3428 2997 3644 3068 (utpote

2067 3087 2158 3155 qui
2195 3087 2247 3143 id
2280 3098 2406 3142 ante
2451 3089 2761 3159 passionem
2792 3090 3169 3162 prtedixcrat),
3218 3091 3318 3146 sed
3364 3099 3424 3144 ut
3458 3100 3646 3146 osten-

2067 3180 2161 3233 dat
2185 3179 2287 3234 sibi
2319 3180 2474 3235 valde
2504 3196 2653 3236 eum
2674 3196 2800 3236 esse
2843 3180 3025 3236 ovium
3077 3198 3300 3238 suarum
3351 3182 3643 3252 prmioctu-

2067 3284 2204 3334 ram,
2233 3279 2289 3324 et
2314 3271 2567 3339 quoniam
2597 3270 2793 3327 Petrus
2818 3288 2942 3331 eum
2980 3274 3136 3330 valde
3160 3276 3400 3328 amabat.

2130 3380 2295 3437 Vens.
2331 3383 2418 3438 18.
2475 3402 2494 3436 ι
2526 3383 2718 3450 Amen,
2755 3401 2911 3441 amcn
2965 3386 3089 3440 dico
3132 3387 3270 3442 tibi:
3323 3398 3446 3441 cum
3492 3399 3651 3442 esses

384 3488 510 3534 νυες
550 3473 798 3538 σεαυτὸν,
855 3475 949 3527 καὶ
987 3475 1337 3545 περιεπάτεις
1381 3477 1515 3529 ὅπου
1557 3477 1791 3548 ἤθελες⁸
1832 3478 1961 3531 ὅταν

2068 3470 2261 3539 iunior,
2311 3473 2564 3544 cingebas
2619 3483 2696 3540 te,
2747 3482 2799 3529 et
2859 3469 3175 3530 ambulabas
3222 3477 3315 3531 ubi
3376 3475 3634 3531 volebas:

388 3560 446 3613 δὲ
482 3563 734 3633 γηράσῃς
754 3604 768 3626 ,
801 3565 1037 3627 ἐκτενεῖς
1074 3565 1173 3628 τὰς
1198 3566 1388 3636 χεῖράς
1420 3583 1513 3618 σου
1540 3606 1554 3630 ,
1589 3570 1683 3619 καὶ
1712 3566 1872 3630 ἄλλος
1900 3584 1960 3621 σε

385 3653 570 3718 ζώσει,
602 3657 693 3709 καὶ
716 3657 853 3710 οἴσει
884 3658 1018 3711 ὅπου
1050 3659 1109 3710 οὐ
1142 3659 1336 3722 θέλεις.
1378 3676 1396 3710 ι

457 3745 628 3799 Τοῦτο
654 3747 745 3799 τὸν
775 3747 863 3800 διὰ
896 3752 1128 3818 σταυροῦ
1154 3749 1383 3803 θάνατον
1420 3750 1693 3821 σημαίνει,
1723 3751 1782 3804 6v
1812 3751 1960 3805 ἄκων

384 3835 615 3905 ὑπέστη,
655 3838 704 3889 εί
747 3838 840 3890 καὶ
865 3838 954 3892 διὰ
984 3839 1051 3890 τά
1085 3837 1418 3908 ἐλπιζόμενα
1448 3839 1590 3893 ἐκὼν
1619 3840 1956 3912 ἐθανατώθη.

385 3928 540 3991 Τινὲς
569 3931 633 3981 ἐκ
656 3929 847 3981 τούτου
875 3929 1134 4000 ᾠήθησαν
1161 3932 1240 3983 ὅτι
1262 3930 1410 3984 ἄκων
1441 3932 1467 3983 6
1495 3932 1701 4002 Πέτρος
1730 3930 1953 3984 ἔπαθενο

382 4019 444 4070 τὸ
478 4019 534 4071 δὲ
561 4021 658 4088 οὐχ
704 4020 878 4082 οὕτως
924 4019 1060 4088 ἔχει,
1092 4020 1206 4073 ἀλλ’
1249 4020 1407 4091 ἤθελε
1452 4021 1550 4090 μὲν
1593 4021 1808 4087 παθεῖν,
1859 4022 1958 4075 οὐκ

384 4110 539 4180 ἤθελε
567 4112 620 4163 δὲ
648 4113 1040 4182 σταυρωθῆναι,
1068 4113 1154 4165 ἴνα
1182 4114 1256 4183 μὴ
1280 4113 1407 4185 δόξῃ
1436 4113 1589 4181 παρά
1612 4117 1726 4177 τοῖς
1750 4115 1948 4168 ἁπλου-

386 4200 599 4270 στέροις
623 4202 720 4272 τῆς
751 4204 920 4273 αὐτῆς
958 4204 1034 4274 τῷ
1063 4204 1309 4274 Δεσπότῃ
1342 4203 1605 4273 ἠξιῶσθαι
1637 4205 1829 4275 τιμῆς.
1868 4206 1957 4258 Δι-

381 4289 571 4343 δάσκει
599 4293 692 4345 οὖν
728 4293 889 4346 αὑτὸν
926 4293 1000 4364 μὴ
1029 4293 1425 4364 ταράττεσθαι·
1465 4295 1525 4347 οὐ
1559 4294 1665 4366 γὰρ
1696 4313 1955 4367 προαιρε-

380 4380 531 4436 τικὸν
554 4382 616 4435 τὸ
647 4384 832 4454 σχῆμα
859 4385 949 4437 τοῦ
977 4385 1203 4453 πάθους,
1235 4384 1368 4438 ἀλλὰ
1409 4386 1513 4438 ὑπὸ
1544 4386 1718 4440 ἄλλων
1746 4387 1952 4456 ἐπαγό-

382 4487 450 4541 με
460 4489 565 4527 νον.

458 4611 476 4644 ι
513 4595 673 4662 Λέγει
704 4597 852 4667 αὑτῴ
884 4598 911 4648 ὁ
952 4598 1180 4668 Ἰησοῦς·
1228 4598 1353 4651 Ἐάν
1394 4598 1555 4650 αὑτὸν
1596 4598 1735 4652 θέλω
1769 4601 1953 4670 μένειν

376 4684 481 4745 ἕως
508 4684 761 4756 ἔρχομαι,
791 4687 843 4740 τί
867 4688 1005 4759 πρὸς
1045 4688 1133 4752 σέ;
1162 4689 1225 4741 σὺ
1256 4688 1536 4742 ἀκολούθει
1559 4707 1670 4758 μοι.
1710 4708 1728 4742 ι

450 4775 625 4827 Τοῦτο
666 4774 844 4843 εἶπεν,
883 4780 1115 4848 ἐκκόψαι
1159 4779 1330 4834 θέλων
1357 4782 1457 4848 τὴν
1493 4781 1627 4850 πρὸς
1657 4780 1853 4844 αὐτοὺς
1882 4783 1948 4852 ἣν

379 4861 524 4932 εἶχον
564 4865 792 4938 ἄκαιρον
842 4871 1206 4940 συμπάθειαν.
1256 4873 1318 4925 Ei
1355 4873 1463 4942 γὰρ
1510 4871 1583 4942 μὴ
1620 4871 1947 4942 ἐχωρίξοντο

381 4954 646 5024 ἀλλήλων,
666 4958 732 5010 τὰ
766 4959 1001 5027 μέγιστα
1021 4957 1165 5031 εἶχεν
1187 4964 1218 5032 ὴ
1252 4962 1547 5032 οίκουμὲνη
1577 4962 1945 5033 ζημιωθῆναι.

381 5043 494 5097 Οὐκ
531 5042 653 5099 εἷπε
684 5048 756 5117 δὲ,
797 5051 912 5104 Οὐκ
951 5052 1325 5122 ἀποθνήσκει,
1374 5053 1548 5116 ἀλλὰ,
1590 5054 1732 5107 Ἐὰν
1759 5054 1947 5110 αὐτὸν

378 5138 529 5193 θέλω
546 5143 754 5209 μένειν
774 5160 786 5175 ·
809 5148 1315 5219 τουτέστιν,Ἔργον
1335 5150 1363 5203 ὃ
1392 5150 1767 5222 ἐνεχειρίσθης
1787 5152 1948 5205 τοῦτο

375 5230 543 5296 ποίει,
572 5234 641 5286 τὰ
675 5237 872 5289 σαυτοῦ
922 5239 1178 5307 μερίμνα.
1214 5241 1278 5293 Τί
1324 5241 1435 5312 γάρ
1468 5243 1532 5294 σὺ
1562 5241 1759 5309 θέλεις,
1784 5245 1834 5296 εἰ
1866 5244 1942 5314 μὴ

378 5321 637 5393 βούλομαι
690 5327 852 5379 αὑτὸν
897 5331 1213 5383 ἀποστεῖλαι
1252 5334 1349 5386 σὺν
1404 5333 1522 5394 σοὶ,
1570 5333 1709 5388 ἀλλὰ
1761 5338 1944 5404 μεῖναι

375 5406 476 5463 ὧδε
505 5428 520 5476 ;

452 5520 471 5554 ι
514 5497 683 5568 Οὗτός
705 5506 821 5558 ἐστι
855 5509 880 5559 ὁ
909 5508 1154 5578 μαθητὴς
1187 5512 1212 5562 6
1233 5512 1526 5582 μαρτυρῶν
1561 5516 1686 5584 περὶ
1717 5514 1941 5579 τούτων,

454 5684 480 5719 ε
510 5676 597 5732 Ct'.
637 5678 774 5731 οὐδέ.

2061 3578 2182 3617 cum
2212 3574 2392 3620 autem
2426 3568 2695 3632 senueris,
2726 3568 2987 3623 extendes
3020 3584 3215 3624 manus
3245 3580 3387 3633 tuas,
3422 3579 3477 3623 et
3502 3567 3643 3623 alius

2063 3663 2114 3707 te
2146 3655 2349 3724 cinget,
2385 3664 2438 3711 et
2464 3656 2625 3712 ducet
2652 3672 2758 3725 quo
2790 3669 2847 3712 tu
2883 3675 2990 3713 non
3022 3660 3124 3715 vis.
3163 3679 3182 3711 ι

2134 3744 2247 3799 Hoc
2269 3748 2451 3801 crucis
2478 3758 2707 3802 mortem
2739 3750 3031 3818 signiﬁcat,
3061 3767 3220 3820 quant
3250 3753 3447 3807 invitus
3475 3754 3637 3808 susti-

2063 3835 2197 3896 nuit,
2232 3837 2439 3889 tametsi
2474 3846 2694 3905 propter
2719 3853 2781 3892 ea
2810 3854 2929 3907 quae
2969 3841 3225 3906 sperabat
3277 3842 3451 3896 libens
3483 3857 3636 3897 mor-

2064 3934 2186 3979 tuus
2214 3926 2309 3979 sit.
2348 3925 2577 3992 Quidam
2608 3928 2737 3982 hinc
2778 3938 3039 3996 putarunt
3072 3931 3289 3985 Petrum
3322 3933 3485 3986 invite
3517 3948 3640 4001 pas-

2060 4029 2181 4068 sum
2213 4031 2227 4069 :
2272 4025 2649 4071 verumtamen
2704 4033 2811 4072 non
2862 4019 2935 4072 ita
2963 4017 3063 4073 fuit
3094 4038 3108 4085 ;
3161 4021 3254 4074 sed
3290 4021 3369 4074 vel
3403 4022 3637 4077 maxime

2059 4109 2167 4177 pati
2199 4107 2564 4175 desiderabat,
2600 4126 2705 4163 non
2739 4117 2917 4164 tamen
2950 4110 3160 4165 volebat
3195 4112 3456 4181 cruciﬁgi,
3509 4128 3577 4167 ne
3603 4130 3633 4172 δ

2058 4200 2483 4270 simplicioribus
2510 4201 2632 4270 pari
2661 4216 2783 4257 cum
2822 4201 3048 4257 Domino
3078 4202 3279 4256 bonorc
3311 4201 3632 4258 adiceretur.

2060 4294 2324 4347 Securum
2366 4308 2495 4362 ergo
2548 4307 2670 4349 esse
2709 4292 2882 4364 jubet,
2939 4302 2997 4348 ut
3050 4293 3140 4362 qui
3172 4309 3276 4346 non
3313 4294 3412 4349 hoc
3464 4310 3633 4364 genus

2057 4384 2324 4453 passionis
2353 4394 2547 4453 sponte
2575 4399 2674 4441 sua
2710 4382 3007 4455 electurus)
3061 4386 3155 4439 sed
3187 4386 3253 4440 ab
3281 4387 3402 4440 aliis
3437 4402 3502 4442 co
3548 4389 3634 4442 ai-

1981 4486 2023 4543 ι)
2057 4478 2316 4533 ticiendns
2353 4488 2519 4533 esset.

2132 4593 2295 4650 Vens.
2325 4594 2414 4649 22.
2470 4614 2489 4647 ι
2519 4596 2660 4652 Dicit
2710 4597 2757 4651 ei
2815 4595 2975 4651 .lesus
3016 4614 3029 4649 :
3080 4594 3136 4649 Si
3187 4610 3308 4649 eum
3345 4594 3466 4649 volo
3511 4608 3632 4649 ma-
3676 4640 3682 4649 .

2060 4702 2189 4741 nere
2220 4689 2393 4743 donec
2422 4688 2661 4754 veniam,
2710 4688 2835 4758 quid
2875 4688 2940 4741 ad
2978 4687 3076 4741 te?
3122 4696 3173 4741 tu
3208 4702 3293 4741 me
3323 4701 3571 4756 sequere.
3608 4706 3626 4738 ι

2125 4775 2239 4831 Hoc
2268 4776 2423 4841 dixit,
2474 4787 2536 4832 nt
2567 4777 3028 4846 intempestivam,
3066 4792 3228 4846 quant
3275 4777 3341 4830 ad
3394 4778 3627 4832 invicem

2058 4867 2351 4932 habebant,
2383 4868 2783 4923 condolentiam
2822 4870 3176 4923 rescinderet.
3211 4866 3345 4922 Nam
3377 4868 3481 4923 nisi
3511 4885 3539 4921 ιι
3570 4884 3629 4924 se

2059 4971 2243 5013 mutuo
2277 4958 2503 5014 fuissent
2550 4960 2807 5028 separati,
2860 4961 3155 5015 maximum
3195 4942 3625 5030 profectoidam-

2060 5066 2183 5102 num
2235 5059 2378 5106 totus
2428 5052 2578 5107 orbis
2626 5053 2948 5122 accepisset.
3017 5052 3132 5107 Non
3205 5053 3341 5107 dixit
3396 5062 3623 5108 autem:

2058 5141 2173 5196 Non
2214 5144 2465 5211 moritur,
2516 5145 2635 5212 sed,
2670 5144 2730 5200 Si
2772 5162 2891 5200 eum
2939 5146 3054 5202 volo
3099 5162 3335 5211 manere,
3387 5145 3489 5200 hoc
3518 5154 3623 5209 est,

2049 5251 2186 5303 Opus
2216 5237 2360 5305 quod
2393 5238 2629 5306 cmpisti,
2681 5239 2906 5307 periiee,
2956 5254 3070 5293 rem
3106 5248 3255 5292 tuam
3288 5251 3442 5292 cura.
3483 5235 3628 5301 Quid

2048 5331 2191 5383 cnim
2243 5330 2308 5383 ad
2357 5340 2429 5396 te,
2485 5330 2530 5385 si
2569 5346 2672 5386 non
2711 5331 2837 5386 volo
2866 5346 2988 5385 eum
3027 5338 3203 5385 tecum
3253 5330 3492 5392 mittere,
3526 5328 3623 5381 scd

2049 5421 2136 5475 llic
2172 5438 2389 5476 manere
2414 5422 2436 5475 ?
3592 5496 3595 5501 Α

2119 5514 2278 5569 Vens.
2312 5515 2400 5570 2i.
2463 5537 2479 5569 ι
2509 5516 2608 5573 llic
2657 5528 2735 5571 cst
2770 5516 3063 5586 discipulus
3099 5517 3206 5582 ille,
3243 5515 3335 5587 qui
3375 5511 3628 5569 testimo-

847 5681 862 5718 ί
897 5682 985 5737 Cr.
1022 5684 1146 5738 των.
1236 5694 1261 5734 ι
1289 5686 1378 5741 Ct‘.
1416 5687 1637 5751 πάθους.
1708 5689 1733 5729 h
1769 5688 1857 5741 (lt.
1883 5703 1989 5743 om.
2022 5691 2131 5748 mf.
2214 5695 2227 5732 i
2274 5692 2661 5756 Ciuétzlémﬁw.
