4068 6126
557 309 579 375 1
590 312 692 376 ὓ23

1584 396 1587 399 Ἴ
1642 312 1977 371 AMMONII
2018 310 2545 371 ALEXANDRINI

3672 303 3809 370 1524

554 425 698 476 nium
736 422 982 493 perhibet
1015 427 1078 477 de
1109 424 1212 485 his,
1250 432 1302 475 et
1339 423 1553 492 scripsit
1586 422 1741 478 haec:
1797 434 1850 477 et
1898 424 2120 485 scimus,

2228 421 2320 475 καὶ
2354 421 2571 493 γράψας
2600 418 2772 474 ταῦτα
2795 459 2810 487 ,
2843 416 2939 471 καὶ
2963 416 3184 488 οἴδαμεν
3220 415 3301 470 ὅτι
3339 413 3545 488 ἀληθής
3574 414 3735 469 ἐστιν
3774 418 3805 487 ἠ

555 516 677 585 quia
715 530 895 569 verum
932 524 1013 569 est
1045 514 1409 569 testimonium
1443 515 1577 583 eius.
1613 535 1632 569 ι

620 604 782 671 Quasi
816 604 1087 658 veraciter
1112 604 1297 659 loculo
1320 605 1423 659 sibi
1457 606 1557 676 ipsi
1590 607 1838 677 perhith
1874 604 2120 660 testimo-

554 695 701 747 nium
731 693 997 747 veritatis.
1030 691 1239 748 Idcirco
1269 709 1390 748 cum
1423 711 1797 765 smpenumero
1845 695 2123 751 indeﬁnite

553 784 839 851 semetipse
869 783 1221 851 nominasset,
1246 786 1334 840 hic
1355 800 1415 843 se
1445 786 1731 842 manifeste
1761 788 1937 856 signat
1963 806 1977 843 :
2010 788 2123 858 ipse

553 874 817 946 siquidem
868 884 951 931 est
986 877 1222 946 scriptor
1253 876 1412 946 bujus
1457 877 1751 949 Evangelii.
1802 878 1915 934 Non
1969 894 2121 948 ergo,

555 980 679 1018 cum
712 980 740 1017 a
771 963 880 1018 Deo
911 975 1207 1032 amaretur,
1242 967 1500 1021 mentitus
1533 967 1695 1022 fuerit
1721 986 1736 1031 ;
1766 968 2121 1038 quamobrem

554 1054 723 1109 nolite
750 1053 1017 1109 dubitare.
1060 1053 1174 1108 Non
1220 1055 1362 1109 enim
1415 1057 1587 1127 ipsum
1624 1057 1835 1114 Veritas
1865 1066 2118 1120 amasset.

552 1146 600 1200 si
628 1145 912 1200 veritatem
943 1145 1213 1201 violasset.

620 1235 786 1293 Vsus.
814 1237 907 1292 25.
964 1256 982 1289 ι
1013 1236 1153 1293 Sunt
1180 1247 1362 1294 autem
1395 1248 1451 1294 et
1488 1239 1589 1293 alia
1627 1238 1816 1306 multa,
1850 1254 1968 1308 qua:
1999 1238 2125 1295 fecit

551 1327 754 1385 Jesus:
804 1342 923 1399 quae
971 1329 1015 1384 si
1068 1329 1379 1385 scribantur
1422 1345 1517 1401 per
1546 1329 1776 1402 singula,
1810 1345 1911 1386 nec
1943 1332 2118 1401 ipsum

554 1420 795 1476 arbitror
826 1420 1085 1492 mundum
1116 1436 1310 1494 capere
1339 1437 1499 1492 posse
1544 1437 1658 1490 eos,
1712 1426 1803 1496 qui
1851 1423 2122 1481 scribendi

563 1520 715 1576 sunt,
747 1510 936 1566 libros.
970 1529 989 1562 ι

623 1600 797 1656 Tanta
828 1610 1008 1655 autem
1061 1612 1185 1657 sunt
1217 1602 1359 1659 dicta
1386 1612 1441 1660 et
1473 1604 1612 1661 facta
1660 1621 1691 1661 a
1726 1604 2029 1672 Salvatore,
2065 1616 2124 1663 ut

2227 511 2502 583 μαρτυρία
2530 513 2719 566 αὐτοῦ.
2761 532 2780 565 ι
3463 551 3475 561 .

2303 605 2391 668 Ὦς
2423 604 2670 674 ἀψευδῶς
2705 605 2946 675 λαλήσας
2986 604 3170 675 ἑαυτῷ
3212 602 3487 674 μαρτυρεῖ
3519 599 3622 670 τὴν
3671 601 3803 671 ἀλή-

2225 695 2401 750 θειαν.
2449 696 2540 751 Διὸ
2577 699 2638 751 ὲν
2682 697 2900 762 πολλοῖς
2941 698 3210 768 ἀορίστως
3261 694 3457 748 ἑαυτὸν
3492 693 3803 762 ὀνομάσας,

2224 781 2327 844 ὧδε
2370 789 2623 860 φανερῶς
2663 790 2922 859 σημαίνει
2955 788 3149 844 ἑαυτόν
3174 804 3188 817 ·
3246 785 3409 848 αὐτὸς
3439 785 3551 855 γάρ
3585 787 3744 838 ἐστιν
3778 787 3805 838 ό

2224 880 2443 951 γράψας
2474 881 2536 935 τδ
2563 881 2917 950 Εὕαγγέλιον.
2954 882 3069 934 Οὐκ
3097 880 3164 933 ἂν
3205 879 3311 932 ὑπὸ
3335 877 3472 931 Θεοῦ
3499 878 3805 947 ἀγαπῶμε-

2225 986 2336 1033 νος,
2374 966 2487 1040 εἷχε
2515 969 2860 1039 ψεύσασθαι,
2890 969 2970 1023 διὸ
3017 969 3093 1040 μὴ
3115 968 3446 1037 ὲνδοιὰσητε.
3476 969 3555 1021 Οὐ
3591 968 3708 1039 γὰρ
3748 971 3807 1022 ἂν

2225 1061 2386 1116 αὐτὸν
2424 1062 2716 1135 ἠγάπησεν
2752 1065 2788 1135 ἠ
2833 1060 3101 1134 ἀλήθεια,
3137 1059 3487 1132 παραλύοντα
3537 1061 3642 1132 ’τήν
3678 1062 3808 1132 ἀλή-

2226 1153 2398 1209 θειαν.

2301 1264 2319 1297 ι
2362 1245 2521 1301 Ἔστι
2550 1246 2608 1300 δὲ
2634 1245 2729 1300 καὶ
2752 1246 2888 1302 ἄλλα
2916 1246 3086 1301 πολλὰ
3107 1248 3209 1301 ὅσα
3231 1246 3486 1318 ἐποίησεν
3505 1247 3535 1299 ὁ
3574 1246 3802 1315 Ἰησοῦς,

2225 1340 2384 1395 ἅτινα
2415 1338 2510 1393 ἐὰν
2547 1339 2830 1411 γράφηται
2868 1339 2992 1394 καθ’
3038 1339 3120 1404 ἒν,
3162 1339 3286 1393 οὐδὲ
3328 1338 3489 1392 αὐτὸν
3529 1338 3691 1410 οἶμαι
3719 1338 3806 1392 τὸν

2226 1431 2430 1503 κόσμον
2454 1431 2792 1504 χωρῆσαιτὰ
2818 1431 3146 1503 γραφόμενα
3178 1429 3379 1502 βιϐλία.
3410 1449 3430 1483 ι

2296 1611 2550 1667 Τοσαῦτα
2584 1612 2643 1666 δέ
2694 1614 2809 1667 ἐστι
2855 1611 2924 1667 τὰ
2957 1612 3229 1683 γενόμενα
3254 1610 3349 1665 καὶ
3386 1609 3668 1682 εἰρημένα
3704 1609 3799 1663 ὑπὸ

554 1690 760 1758 omnia,
797 1691 994 1760 inquit,
1031 1692 1288 1748 librorum
1320 1695 1704 1761 loculamenta,
1753 1697 1911 1768 plena
1945 1697 2123 1757 futura

2226 1702 2322 1757 τοῦ
2345 1704 2619 1774 Σωτῆρος,
2653 1703 2795 1757 ὥστε
2821 1704 3003 1757 πάντα
3030 1702 3479 1773 βιϐλιοφυλάκεια
3499 1700 3694 1772 πλήρη
3716 1701 3795 1764 ειν,

553 1791 736 1853 putem
784 1782 940 1838 libris
986 1784 1351 1852 historiarum,
1405 1802 1492 1842 res
1533 1796 1711 1856 gestas
1740 1798 1794 1843 et
1842 1803 2123 1846 sermones

2228 1795 2417 1867 φησὶν,
2453 1761 2617 1866 οῖμσιι⁷
2659 1795 2916 1862 γενέσθαι
2970 1761 3231 1865 βιῦλίων,
3268 1794 3367 1858 τὰς
3413 1761 3799 1863 ἱστορίαςΠτοῦ

554 1876 767 1932 Domini
798 1877 1224 1943 continentibus,
1257 1880 1305 1933 si
1351 1881 1530 1935 omnia
1579 1885 1697 1951 ejus
1750 1883 1892 1938 dicta
1921 1884 2124 1954 sigilla-

559 1967 651 2023 tim
684 1968 952 2038 quispiam
982 1970 1375 2038 descripsisset.

622 2057 908 2114 Diversum
958 2058 1306 2132 intelligimus
1355 2061 1537 2118 mundi
1592 2076 1826 2119 nomen:
1887 2073 1943 2119 et
1997 2063 2118 2121 ﬁeri

554 2146 751 2217 possit,
784 2155 843 2201 ut
872 2152 1165 2203 secundum
1213 2165 1373 2204 unam
1419 2151 1872 2222 significationem
1904 2154 2125 2210 denotet

555 2237 707 2294 verbi
736 2239 1047 2304 veritatem,
1079 2249 1239 2310 atque
1266 2252 1456 2312 arguat
1487 2245 1815 2313 proterviam
1864 2261 2124 2316 quorum-

554 2329 701 2395 dam,
732 2329 1074 2399 impudenter
1120 2330 1382 2388 divinitus
1427 2334 1718 2405 inspiratus
1762 2339 2126 2409 evangelista-

555 2434 676 2476 rum
707 2434 986 2477 sermones
1017 2422 1439 2480 traducentium.

627 2509 744 2568 Non
774 2512 1099 2581 proferenda
1129 2524 1256 2569 sunt
1282 2514 1475 2570 altiora
1512 2531 1672 2586 quam
1705 2533 1826 2589 quae
1863 2520 1917 2574 in
1947 2519 2123 2575 sacris

553 2600 778 2659 Litteris
806 2604 1181 2674 perhibentur,
1212 2614 1398 2676 utpote
1424 2621 1547 2662 cum
1573 2624 1636 2664 ea
1668 2611 1901 2666 mundus
1929 2625 2126 2679 capere

553 2708 662 2749 non
693 2695 890 2762 valeat,
946 2711 1056 2766 prce
1090 2698 1463 2767 magnitudine
1511 2703 1919 2771 mysteriorum.
1973 2701 2125 2769 Quod

554 2783 601 2839 si
636 2784 818 2839 omnia
849 2786 1052 2855 scripta
1085 2799 1293 2855 essent,
1341 2789 1525 2844 nullus
1574 2792 1887 2847 mortalium
1936 2793 2126 2848 Bibliis

553 2875 834 2946 capiendis
859 2876 1166 2935 sufﬁceret:
1197 2881 1398 2937 idcirco
1418 2891 1596 2938 autem
1623 2899 1725 2938 non
1749 2892 1875 2939 sunt
1900 2886 2122 2954 scripta,

555 2978 627 3019 ne
673 2966 984 3022 auditorum
1031 2970 1348 3025 memoriam
1391 2973 1762 3040 excederent;
1813 2974 1857 3027 si
1906 2973 2123 3043 quidem

554 3057 742 3111 omnia
790 3061 993 3128 scripto
1026 3063 1220 3116 tradita
1265 3074 1469 3131 essent,
1524 3066 1947 3123 innumerabiles
2000 3067 2121 3123 libri

554 3145 752 3213 forent,
786 3156 839 3202 et
870 3162 1028 3204 nemo
1057 3164 1246 3206 omnes
1275 3167 1436 3207 nosse
1465 3156 1750 3222 potuisset.
1799 3156 2011 3212 Etenim
2073 3158 2120 3213 si

554 3236 678 3308 quis
710 3252 892 3293 rerum
915 3238 1045 3294 velit
1072 3251 1346 3310 gestarum
1380 3257 1655 3311 exponere
1680 3246 2125 3317 magnitudinem,

554 3342 897 3399 nequaquam
942 3330 1120 3402 capiet
1166 3331 1419 3398 mundus,
1454 3348 1555 3390 nec
1587 3334 1855 3392 humanus
1889 3339 2123 3393 auditus.

553 3420 790 3487 Quidam
845 3422 1013 3481 etiam
1069 3424 1277 3492 dicunt,
1331 3425 1668 3482 saeculariter
1718 3428 1964 3485 viventes
2014 3445 2121 3485 non

554 3524 717 3582 posse
763 3509 948 3565 divina
1001 3511 1153 3581 signa
1202 3513 1529 3583 intelligere,
1575 3514 1730 3583 juxta
1779 3517 1920 3585 quod
1970 3516 2126 3573 initio

554 3601 762 3655 dictum
822 3611 961 3658 est:
1034 3602 1105 3657 Et
1156 3605 1386 3658 mundus
1440 3620 1560 3661 eum
1626 3621 1730 3661 non
1789 3606 2122 3677 cognovit”.

557 3690 1024 3758 Quemadmodum
1083 3708 1301 3765 quoque
1354 3695 1469 3766 ipse
1511 3694 1773 3755 Dominus
1823 3697 1965 3762 ait:,
1999 3695 2126 3757 Non

555 3799 732 3840 cuine:
763 3786 977 3860 capiunt
1011 3787 1220 3842 verbum
1253 3786 1349 3845 hoc
1371 3788 1436 3849 ³⁸.

2226 1887 2436 1959 Κυρίου
2471 1886 2832 1957 περιεχούσας
2851 1887 2870 1906 ‘
2903 1886 3081 1957 ἔργων
3119 1884 3215 1939 καὶ
3247 1885 3357 1938 τῶν
3389 1884 3476 1937 ἐπ’
3502 1884 3691 1945 αὐτοῖς
3716 1880 3799 1934 λό-

2226 1994 2365 2047 γων,
2398 1978 2447 2030 εἰ
2479 1976 2601 2032 καθ’
2633 1975 2866 2031 ἕκαστόν
2898 1993 2982 2038 τις
3014 1975 3193 2030 πάντα
3224 1974 3406 2046 μέλλει
3447 1974 3794 2043 συγγράφειν.

2297 2069 2564 2138 Διάφορον
2584 2067 2812 2139 νοοῦμεν
2839 2067 2901 2121 τὸ
2925 2064 3020 2120 τοῦ
3052 2066 3258 2136 κόσμου
3285 2065 3460 2135 ὄνομα
3484 2081 3499 2096 ·
3527 2063 3631 2116 καὶ
3650 2063 3798 2115 δυνα-

2225 2161 2318 2215 τὸν
2347 2158 2490 2213 κατὰ
2524 2159 2657 2229 μίαν
2686 2158 2964 2228 σημασίαν
2991 2155 3345 2228 παραστῆσαι
3372 2155 3434 2209 τὸ
3460 2153 3695 2224 ἀψευδὲς
3712 2151 3796 2205 τοῦ

2224 2252 2385 2322 λόγου
2411 2293 2425 2315 ,
2469 2250 2564 2303 καὶ
2610 2249 2827 2318 ἐλέγξαι
2874 2249 2974 2318 τὴν
3011 2248 3349 2319 προπέτειαν
3376 2246 3489 2299 τῶν
3529 2244 3795 2305 ἀσυνέπ

2222 2340 2590 2413 διασυρόντων
2627 2341 2755 2405 τοὺς
2793 2337 3188 2404 θεοπνεύστους
3239 2337 3351 2394 τῶν
3394 2332 3791 2406 εὖαγγελιστῶν

2224 2433 2439 2503 λόγους.
2660 2497 2671 2503 ρ

2295 2524 2667 2598 Παραιτητέον
2699 2525 2879 2579 λαλεῖν
2923 2523 2990 2578 τὰ
3043 2522 3331 2595 κρείττονα
3385 2521 3574 2589 πάσης
3612 2518 3708 2586 τῆς
3744 2516 3795 2568 ὲν

2225 2619 2443 2682 Bimae;
2465 2619 2703 2687 γραφῆς,
2743 2618 2889 2688 ειπερ
2914 2615 3039 2670 οὔτε
3074 2614 3239 2678 αὐτὸς
3265 2614 3295 2666 ὁ
3320 2613 3529 2682 κόσμος
3557 2609 3794 2681 χωρῆσαι

2223 2708 2471 2770 δύναται,
2519 2708 2606 2762 διὰ
2640 2707 2870 2779 μέγεθος
2899 2706 3301 2778 θεωρημάτων.
3339 2704 3405 2757 Εἰ
3434 2703 3620 2757 πάντα
3645 2698 3795 2770 ἐγρά-

2231 2817 2384 2869 φετο,
2415 2801 2601 2864 οὐδεὶς
2625 2799 2932 2871 ἀνθρώπων
2960 2799 3120 2870 ἤρκει
3150 2797 3290 2868 πρὸς
3316 2795 3415 2865 τὴν
3440 2795 3552 2849 τῶν
3588 2792 3793 2863 βιϐλίων

2225 2890 2459 2960 κτῆσιν·
2496 2891 2585 2945 διὰ
2627 2890 2786 2945 τοῦτο
2823 2892 2925 2945 οὐκ
2952 2891 3191 2962 ἐγράφη,
3224 2889 3313 2943 ἴνα
3340 2888 3416 2959 μὴ
3455 2886 3674 2957 ὑπερὸῇ
3709 2880 3797 2954 τὴν

2229 2982 2450 3052 μνήμην
2481 2983 2590 3035 τῶν
2620 2981 2945 3035 ἀκουόντων.
2978 2982 3136 3033 Ἤτοι
3186 2980 3405 3050 ἐγράφη
3440 2977 3643 3040 πάντα,
3676 2976 3798 3028 ἀνα-

2149 3098 2194 3160 c
2231 3069 2477 3142 ρῖθμητα
2503 3069 2738 3141 ἤμελλον
2765 3064 2990 3122 εἶναιτὰ
3019 3066 3219 3160 βιβλία,
3253 3062 3802 3160 καὶ-οὐδεὶςμὴδύνα-το

2229 3162 2404 3215 πάντα
2438 3161 2662 3229 γνῶναι·
2711 3161 2852 3231 ἦτοι,
2886 3159 2982 3213 ἐὰν
3030 3158 3159 3230 Θέλῃ
3203 3175 3288 3220 τις
3328 3157 3388 3210 τὸ
3418 3153 3651 3224 μέγεθος
3697 3151 3801 3205 τῶν

2231 3251 2536 3321 γεγονότων
2580 3253 2968 3323 παραστῆσαι,
3016 3251 3076 3302 οὐ
3111 3251 3281 3319 χωρεί
3315 3247 3454 3301 αὐτὰ
3500 3244 3527 3296 ό
3563 3242 3798 3310 κόσμος,

2232 3340 2355 3395 οὔτε
2386 3344 2420 3412 ή
2462 3342 2780 3414 ἀνθρωπίνη
2819 3343 2979 3414 ἀκοή.
3015 3342 3172 3404 Τινὲς
3200 3340 3460 3409 λέγουσιν,
3495 3338 3579 3389 ὅτι
3615 3334 3669 3386 οἱ
3706 3349 3801 3407 κο-

2234 3432 2448 3503 σμικῶς
2483 3431 2685 3498 ζῶντες
2712 3434 2773 3490 οὐ
2796 3434 3034 3506 χωροῦσι
3062 3433 3163 3497 τὰς
3188 3429 3509 3502 θεοσημεὶας
3535 3426 3797 3489 ἀκοῦσαι,

2231 3524 2373 3577 κατὰ
2400 3523 2461 3577 τὺ
2502 3525 2561 3577 ὲν
2592 3526 2737 3596 ἀρχῇ
2769 3523 3058 3595 εἰρημένον
3088 3529 3102 3544 ⁶
3138 3522 3247 3579 Καὶ
3283 3525 3315 3576 ὁ
3351 3522 3577 3591 κόσμος·
3614 3519 3799 3574 αὐτὸν

2231 3614 2345 3667 οὐκ
2388 3611 2577 3683 ἔγνω·
2612 3615 2688 3678 ὡς
2731 3614 2827 3667 καὶ
2869 3613 3028 3676 αὐτὸς
3068 3613 3096 3665 ὁ
3134 3611 3336 3682 Κύριος
3375 3606 3550 3673 εἶπεν,
3590 3610 3674 3662 ὅτι
3718 3607 3795 3661 Οὐ

2232 3703 2453 3769 πάντες
2474 3702 2735 3773 χοιροῦσι
2762 3702 2870 3758 τὸν
2894 3703 3081 3771 λόγον
3100 3700 3334 3756 τοῦτον.

2890 3976 3788 4007 ...Ψ-..Μ

1041 4149 1762 4242 FRAGMENTA
1837 4152 1959 4241 IN
2033 4149 2323 4241 ACTA
2396 4146 3330 4243 APOSTOLORUM.

796 4342 1062 4409 (Excerpta
1095 4355 1124 4392 e
1155 4348 1328 4394 catena
1358 4346 1409 4395 in
1438 4344 1559 4395 Acta
1582 4343 1921 4408 apostolorum
1946 4357 2090 4407 quam
2114 4355 2145 4394 e
2168 4344 2287 4398 Cod.
2323 4344 2446 4395 Nov.
2468 4344 2593 4397 Coll.
2615 4340 2878 4405 descripsit
2899 4348 2954 4393 et
2984 4341 3144 4393 edidit
3161 4341 3208 4392 J.
3243 4337 3308 4390 Α.
3331 4337 3579 4400 Cramer.)

1089 4645 1317 4702 CAPUT
1378 4642 1673 4700 PRIMUM.

632 4763 797 4817 Vens.
837 4760 926 4818 12.
985 4778 1004 4812 ι
1036 4754 1187 4815 Tunc
1237 4755 1441 4815 reversi
1493 4767 1620 4813 sunt
1667 4754 2058 4826 Jerosolymam
2096 4770 2127 4811 a

559 4863 745 4909 monte
771 4852 864 4924 qui
886 4860 1111 4908 vocatur
1133 4849 1353 4917 Oliveti,
1387 4848 1480 4920 qui
1515 4857 1598 4904 est
1619 4847 1774 4924 juxta
1802 4845 2127 4911 Jerusalem,

560 4944 781 5000 Sabbati
804 4946 1009 5000 habens
1039 4944 1161 4999 iter.
1189 4960 1210 4995 ι

626 5036 791 5093 Forte
820 5046 1027 5107 septem
1055 5035 1227 5092 stadia
1250 5034 1403 5100 dicit,
1421 5033 1620 5104 quibus
1640 5032 1878 5088 distabat
1901 5034 1968 5088 ab
1996 5033 2130 5088 urbe

557 5128 855 5187 Jerusalem
904 5146 1060 5187 mons
1082 5127 1381 5196 Olivarum,
1401 5140 1509 5182 non
1533 5139 1664 5180 sane
1687 5135 1893 5195 septem
1917 5125 2125 5181 dierum

556 5221 722 5289 viam,
752 5220 1183 5292 quandoquidem
1214 5220 1354 5275 intra
1387 5217 1500 5274 fere
1540 5216 1731 5273 boram
1763 5233 1923 5271 uuam
1953 5226 2131 5288 potest

484 5299 493 5308 ’
558 5315 754 5386 aliquis
775 5329 804 5368 a
827 5323 1010 5369 monte
1033 5314 1085 5369 in
1108 5311 1408 5367 Jerusalem
1431 5310 1777 5366 descendere.
1805 5309 1975 5365 Distat
1999 5323 2129 5380 ergo

558 5406 712 5475 quasi
736 5405 988 5461 rnilliario
1011 5422 1119 5460 uno
1141 5405 1283 5475 quod
1309 5403 1606 5459 stadiorum
1634 5412 1840 5471 septem
1858 5404 2018 5471 dicit;
2051 5403 2132 5458 sic

492 5518 511 5545 κ
556 5508 714 5553 extra
769 5510 955 5553 muros
1005 5504 1155 5551 tanto
1196 5493 1432 5549 distabat
1481 5494 1768 5549 intervallo
1801 5504 2002 5563 quanto
2029 5493 2129 5549 Ju-

639 5611 683 5642 ³⁵
710 5609 865 5667 Joan.
891 5624 931 5674 ι,
962 5608 1047 5662 lt).
1108 5605 1154 5637 '°
1180 5604 1369 5659 Matth.
1449 5620 1563 5669 xIx,
1594 5603 1681 5657 ll.

656 5727 675 5746 ⁹
703 5726 844 5800 Lege
874 5727 1248 5797 περιεχόντων,
1276 5734 1329 5780 ct
1354 5740 1475 5781 mox
1512 5722 1709 5798 μέλλοι.
1744 5720 1898 5779 Eon.

2639 4641 3036 4699 ΚΕΦΑΛΑῙΟΝ
3089 4636 3382 4693 ΠΡΩΤΟΝ.

2314 4787 2332 4818 ι
2375 4768 2508 4821 Τότε
2558 4761 2904 4834 ὑπέστρεψαν
2945 4762 3027 4824 εις
3083 4753 3441 4831 Ἰερουσαλὴμ
3486 4754 3602 4809 ἀπὸ
3654 4751 3788 4820 ὅρους

2231 4858 2328 4910 τοῦ
2350 4855 2685 4927 καλουμένου
2719 4851 3072 4919 Ἐλαιῶνος,ὅ
3088 4850 3236 4903 ἔστιν
3253 4847 3422 4918 ἐγγὺς
3451 4839 3788 4917 Ἰερουσαλὴμ

2232 4949 2511 5004 Σαϐϐάτου
2541 4947 2663 5019 ἕχον
2688 4945 2825 5000 ὁδόν.
2858 4964 2879 4999 ι

2304 5041 2460 5111 Τάχα
2496 5039 2635 5094 ἑπτὰ
2658 5038 2905 5103 σταδίους
2932 5035 3101 5105 λέγει,
3130 5035 3214 5089 ὅτι
3246 5033 3440 5103 ἀπεῖχε
3468 5033 3577 5104 τῆς
3607 5026 3791 5084 πόλεως
3820 5078 3823 5081 η

2246 5131 2603 5204 Ἰερουσαλὴμ
2645 5128 2708 5184 τὸ
2748 5130 2875 5201 ὅρος
2922 5127 3030 5181 τῶν
3091 5123 3337 5189 Ἐλαιῶν,
3387 5123 3450 5177 οὐ
3511 5123 3621 5195 μὴν
3669 5111 3791 5171 ἑπτὰ

2235 5224 2458 5295 ἡμερῶν
2487 5223 2625 5287 ὁδὸν,
2659 5223 2792 5276 ὅπου
2823 5218 3008 5291 σχεδὸν
3043 5219 3123 5282 εἰς
3150 5217 3279 5288 μίαν
3302 5214 3452 5286 ὥραν
3474 5209 3698 5269 δύναται
3716 5219 3790 5266 τις

2234 5317 2345 5370 ἀπὸ
2380 5316 2476 5371 τοῦ
2523 5316 2685 5386 ὅρους
2722 5312 3004 5368 κατελθεῖν
3036 5312 3116 5374 εἰς
3154 5308 3536 5383 Ἰερουσαλήμ.
3590 5301 3789 5368 Ἀπέχει

2235 5403 2331 5462 οῦν
2360 5408 2437 5472 ὡς
2478 5408 2651 5478 μίλιον
2694 5405 2772 5471 ἓν,
2805 5405 2834 5459 ὃ
2872 5406 3016 5459 ποιεῖ
3048 5402 3296 5464 σταδίους
3333 5399 3477 5453 ἐπτά
3498 5416 3516 5430 ·
3559 5397 3674 5468 ἦτοι
3708 5404 3786 5443 τοο

2240 5498 2427 5555 σοῦτον
2458 5500 2680 5569 ἀπεῖχεν
2709 5497 2814 5565 ἔξω
2843 5495 2952 5551 τῶν
2984 5492 3177 5566 τειχῶν
3202 5491 3506 5563 διάστημα,
3535 5489 3659 5543 ὅσον
3679 5479 3788 5549 ἐξῆν
