  <div class='ocr_page' id='page_1' title='image "/cluster/home/n/w/nwhite01/storage/ocr_20150623/85/mdp.39015032042783/768.png"; bbox 0 0 4068 6126; ppageno 0'>
   <div class='ocr_carea' id='block_1_1' title="bbox 370 301 533 369">
    <p class='ocr_par' dir='ltr' id='par_1_1' title="bbox 370 301 533 369">
     <span class='ocr_line' id='line_1_1' title="bbox 370 301 533 369; baseline 0.006 -2"><span class='ocrx_word' id='word_1_1' title='bbox 370 301 533 369; x_wconf 77' lang='grc'><strong>’1525</strong></span> 
     </span>
    </p>
   </div>
   <div class='ocr_carea' id='block_1_2' title="bbox 1306 288 2751 371">
    <p class='ocr_par' dir='ltr' id='par_1_2' title="bbox 1306 288 2751 371">
     <span class='ocr_line' id='line_1_2' title="bbox 1306 288 2751 371; baseline 0.001 -5"><span class='ocrx_word' id='word_1_2' title='bbox 1306 305 1776 368; x_wconf 74' lang='lat' dir='ltr'><strong>FRAGMENTA</strong></span> <span class='ocrx_word' id='word_1_3' title='bbox 1822 304 1903 365; x_wconf 90' lang='lat' dir='ltr'><strong>1N</strong></span> <span class='ocrx_word' id='word_1_4' title='bbox 1941 304 2133 371; x_wconf 85' lang='lat' dir='ltr'><strong>ACTA</strong></span> <span class='ocrx_word' id='word_1_5' title='bbox 2169 288 2751 367; x_wconf 81' lang='lat' dir='ltr'><strong>APOSTOLORUM.</strong></span> 
     </span>
    </p>
   </div>
   <div class='ocr_carea' id='block_1_3' title="bbox 3530 299 3663 365">
    <p class='ocr_par' dir='ltr' id='par_1_3' title="bbox 3530 299 3663 365">
     <span class='ocr_line' id='line_1_3' title="bbox 3530 299 3663 365; baseline 0.038 -4"><span class='ocrx_word' id='word_1_6' title='bbox 3530 299 3663 365; x_wconf 72' lang='lat' dir='ltr'><strong>i526</strong></span> 
     </span>
    </p>
   </div>
   <div class='ocr_carea' id='block_1_4' title="bbox 403 413 1943 505">
    <p class='ocr_par' dir='ltr' id='par_1_4' title="bbox 403 416 1943 490">
     <span class='ocr_line' id='line_1_4' title="bbox 403 416 1943 490; baseline -0.001 -18"><span class='ocrx_word' id='word_1_7' title='bbox 403 418 643 489; x_wconf 79' lang='grc' dir='ltr'><strong>Ἰουδαίῳ</strong></span> <span class='ocrx_word' id='word_1_8' title='bbox 668 418 726 470; x_wconf 87' lang='grc' dir='ltr'><strong>ἐν</strong></span> <span class='ocrx_word' id='word_1_9' title='bbox 753 418 1019 489; x_wconf 76' lang='grc' dir='ltr'>Σαϐϐάτῳ</span> <span class='ocrx_word' id='word_1_10' title='bbox 1050 420 1398 490; x_wconf 72' lang='grc' dir='ltr'><strong>περιπατεῖν,</strong></span> <span class='ocrx_word' id='word_1_11' title='bbox 1431 418 1569 490; x_wconf 74' lang='grc' dir='ltr'>πρὸς</span> <span class='ocrx_word' id='word_1_12' title='bbox 1595 416 1657 471; x_wconf 81' lang='grc' dir='ltr'>τὸ</span> <span class='ocrx_word' id='word_1_13' title='bbox 1682 416 1943 488; x_wconf 81' lang='grc' dir='ltr'>ἀδολεσχῆ</span> 
     </span>
    </p>
   </div>
   <div class='ocr_carea' id='block_1_5' title="bbox 2048 413 3658 505">
    <p class='ocr_par' dir='ltr' id='par_1_5' title="bbox 2048 413 3658 505">
     <span class='ocr_line' id='line_1_5' title="bbox 2048 413 3658 505; baseline -0.001 -33"><span class='ocrx_word' id='word_1_14' title='bbox 2048 415 2212 478; x_wconf 72' lang='lat' dir='ltr'><strong>,dzeis</strong></span> <span class='ocrx_word' id='word_1_15' title='bbox 2253 415 2449 472; x_wconf 89' lang='lat' dir='ltr'><strong>licebat</strong></span> <span class='ocrx_word' id='word_1_16' title='bbox 2495 416 2733 472; x_wconf 86' lang='lat' dir='ltr'><strong>Sabbato</strong></span> <span class='ocrx_word' id='word_1_17' title='bbox 2787 414 3115 505; x_wconf 85' lang='lat' dir='ltr'><strong>ambulare,</strong></span> <span class='ocrx_word' id='word_1_18' title='bbox 3161 414 3231 470; x_wconf 85' lang='lat' dir='ltr'><strong>ad</strong></span> <span class='ocrx_word' id='word_1_19' title='bbox 3281 413 3658 472; x_wconf 67' lang='lat' dir='ltr'><strong>oblectandum</strong></span> 
     </span>
    </p>
   </div>
   <div class='ocr_carea' id='block_1_6' title="bbox 392 509 1108 565">
    <p class='ocr_par' dir='ltr' id='par_1_6' title="bbox 392 509 1108 565">
     <span class='ocr_line' id='line_1_6' title="bbox 392 509 1108 565; baseline 0.001 -3"><span class='ocrx_word' id='word_1_20' title='bbox 392 512 482 563; x_wconf 85' lang='grc' dir='ltr'><strong>σαι</strong></span> <span class='ocrx_word' id='word_1_21' title='bbox 513 510 716 565; x_wconf 73' lang='grc' dir='ltr'>ὡσανεὶ</span> <span class='ocrx_word' id='word_1_22' title='bbox 744 509 1108 565; x_wconf 86' lang='grc' dir='ltr'>διακινοῦντα.</span> 
     </span>
    </p>
   </div>
   <div class='ocr_carea' id='block_1_7' title="bbox 997 619 1361 678">
    <p class='ocr_par' dir='ltr' id='par_1_7' title="bbox 997 619 1361 678">
     <span class='ocr_line' id='line_1_7' title="bbox 997 619 1361 678; baseline 0.003 -1"><span class='ocrx_word' id='word_1_23' title='bbox 997 623 1251 678; x_wconf 82' lang='grc' dir='ltr'><strong>ΚΕΦΑΛ.</strong></span> <span class='ocrx_word' id='word_1_24' title='bbox 1286 619 1361 678; x_wconf 89' lang='grc' dir='ltr'>Β’.</span> 
     </span>
    </p>
   </div>
   <div class='ocr_carea' id='block_1_8' title="bbox 465 738 1973 812">
    <p class='ocr_par' dir='ltr' id='par_1_8' title="bbox 465 738 1973 812">
     <span class='ocr_line' id='line_1_8' title="bbox 465 738 1973 812; baseline 0.001 -19"><span class='ocrx_word' id='word_1_25' title='bbox 465 760 484 793; x_wconf 77' lang='grc' dir='ltr'><strong>ι</strong></span> <span class='ocrx_word' id='word_1_26' title='bbox 526 741 635 795; x_wconf 74' lang='grc' dir='ltr'>Καὶ</span> <span class='ocrx_word' id='word_1_27' title='bbox 670 739 739 795; x_wconf 75' lang='grc' dir='ltr'>τὰ</span> <span class='ocrx_word' id='word_1_28' title='bbox 769 739 1023 811; x_wconf 82' lang='grc' dir='ltr'>κτήματα</span> <span class='ocrx_word' id='word_1_29' title='bbox 1053 740 1149 794; x_wconf 70' lang='grc' dir='ltr'><strong>καὶ</strong></span> <span class='ocrx_word' id='word_1_30' title='bbox 1181 739 1280 802; x_wconf 85' lang='grc' dir='ltr'>τὰς</span> <span class='ocrx_word' id='word_1_31' title='bbox 1311 738 1575 809; x_wconf 78' lang='grc' dir='ltr'><strong>ὑπάρξεις</strong></span> <span class='ocrx_word' id='word_1_32' title='bbox 1609 739 1973 812; x_wconf 87' lang='grc' dir='ltr'>ἐπίπρασκον,</span> 
     </span>
    </p>
   </div>
   <div class='ocr_carea' id='block_1_9' title="bbox 389 829 1976 905">
    <p class='ocr_par' dir='ltr' id='par_1_9' title="bbox 389 829 1976 905">
     <span class='ocr_line' id='line_1_9' title="bbox 389 829 1976 905; baseline 0.001 -20"><span class='ocrx_word' id='word_1_33' title='bbox 389 831 487 885; x_wconf 75' lang='grc' dir='ltr'>καὶ</span> <span class='ocrx_word' id='word_1_34' title='bbox 531 829 842 904; x_wconf 73' lang='grc' dir='ltr'><strong>διεμέριζον</strong></span> <span class='ocrx_word' id='word_1_35' title='bbox 891 831 1034 885; x_wconf 83' lang='grc' dir='ltr'><strong>αὐτά</strong></span> <span class='ocrx_word' id='word_1_36' title='bbox 1078 832 1246 896; x_wconf 81' lang='grc' dir='ltr'>πᾶσι,</span> <span class='ocrx_word' id='word_1_37' title='bbox 1299 830 1488 884; x_wconf 79' lang='grc' dir='ltr'><strong>καθότι</strong></span> <span class='ocrx_word' id='word_1_38' title='bbox 1544 830 1610 885; x_wconf 78' lang='grc' dir='ltr'>ἄν</span> <span class='ocrx_word' id='word_1_39' title='bbox 1644 848 1729 896; x_wconf 87' lang='grc' dir='ltr'><strong>τις</strong></span> <span class='ocrx_word' id='word_1_40' title='bbox 1784 832 1976 905; x_wconf 80' lang='grc' dir='ltr'>χρείαν</span> 
     </span>
    </p>
   </div>
   <div class='ocr_carea' id='block_1_10' title="bbox 387 919 578 995">
    <p class='ocr_par' dir='ltr' id='par_1_10' title="bbox 387 919 578 995">
     <span class='ocr_line' id='line_1_10' title="bbox 387 919 578 995; baseline -0.005 -20"><span class='ocrx_word' id='word_1_41' title='bbox 387 919 525 995; x_wconf 73' lang='grc' dir='ltr'>εἶχε.</span> <span class='ocrx_word' id='word_1_42' title='bbox 560 943 578 974; x_wconf 74' lang='grc' dir='ltr'><strong>ι</strong></span> 
     </span>
    </p>
   </div>
   <div class='ocr_carea' id='block_1_11' title="bbox 457 1002 2007 1088">
    <p class='ocr_par' dir='ltr' id='par_1_11' title="bbox 457 1002 2007 1088">
     <span class='ocr_line' id='line_1_11' title="bbox 457 1002 2007 1088; baseline 0.002 -20"><span class='ocrx_word' id='word_1_43' title='bbox 457 1016 820 1086; x_wconf 85' lang='grc' dir='ltr'>Σημειωτέον,</span> <span class='ocrx_word' id='word_1_44' title='bbox 859 1017 940 1070; x_wconf 83' lang='grc' dir='ltr'><strong>ὅτι</strong></span> <span class='ocrx_word' id='word_1_45' title='bbox 968 1018 1044 1079; x_wconf 87' lang='grc' dir='ltr'><strong>ὡς</strong></span> <span class='ocrx_word' id='word_1_46' title='bbox 1081 1016 1174 1070; x_wconf 70' lang='grc' dir='ltr'><strong>ἐπὶ</strong></span> <span class='ocrx_word' id='word_1_47' title='bbox 1215 1016 1343 1087; x_wconf 83' lang='grc' dir='ltr'>μιᾶς</span> <span class='ocrx_word' id='word_1_48' title='bbox 1383 1015 1563 1088; x_wconf 77' lang='grc' dir='ltr'>ψυχῆς</span> <span class='ocrx_word' id='word_1_49' title='bbox 1600 1018 1696 1071; x_wconf 69' lang='grc' dir='ltr'>καὶ</span> <span class='ocrx_word' id='word_1_50' title='bbox 1725 1017 1820 1071; x_wconf 78' lang='grc' dir='ltr'><strong>ἐπὶ</strong></span> <span class='ocrx_word' id='word_1_51' title='bbox 1857 1002 2007 1083; x_wconf 68' lang='grc' dir='ltr'>ἐνδς’</span> 
     </span>
    </p>
   </div>
   <div class='ocr_carea' id='block_1_12' title="bbox 388 1107 1973 1181">
    <p class='ocr_par' dir='ltr' id='par_1_12' title="bbox 388 1107 1973 1181">
     <span class='ocr_line' id='line_1_12' title="bbox 388 1107 1973 1181; baseline 0.001 -19"><span class='ocrx_word' id='word_1_52' title='bbox 388 1107 664 1179; x_wconf 83' lang='grc' dir='ltr'>σώματος,</span> <span class='ocrx_word' id='word_1_53' title='bbox 694 1109 836 1163; x_wconf 84' lang='grc' dir='ltr'>οὓτω</span> <span class='ocrx_word' id='word_1_54' title='bbox 874 1109 958 1162; x_wconf 87' lang='grc' dir='ltr'>δεῖ</span> <span class='ocrx_word' id='word_1_55' title='bbox 986 1110 1204 1181; x_wconf 79' lang='grc' dir='ltr'>φρονεῖν</span> <span class='ocrx_word' id='word_1_56' title='bbox 1235 1109 1366 1181; x_wconf 74' lang='grc' dir='ltr'>περὶ</span> <span class='ocrx_word' id='word_1_57' title='bbox 1395 1110 1596 1173; x_wconf 83' lang='grc' dir='ltr'>παντὸς</span> <span class='ocrx_word' id='word_1_58' title='bbox 1622 1107 1815 1163; x_wconf 80' lang='grc' dir='ltr'>πιστοῦ</span> <span class='ocrx_word' id='word_1_59' title='bbox 1836 1126 1849 1138; x_wconf 92' lang='grc'><strong>·</strong></span> <span class='ocrx_word' id='word_1_60' title='bbox 1879 1112 1973 1164; x_wconf 76' lang='grc' dir='ltr'><strong>καὶ</strong></span> 
     </span>
    </p>
   </div>
   <div class='ocr_carea' id='block_1_13' title="bbox 384 1200 1971 1274">
    <p class='ocr_par' dir='ltr' id='par_1_13' title="bbox 384 1200 1971 1274">
     <span class='ocr_line' id='line_1_13' title="bbox 384 1200 1971 1274; baseline 0.003 -23"><span class='ocrx_word' id='word_1_61' title='bbox 384 1202 414 1252; x_wconf 86' lang='grc' dir='ltr'><strong>ό</strong></span> <span class='ocrx_word' id='word_1_62' title='bbox 458 1200 557 1270; x_wconf 83' lang='grc' dir='ltr'>τῆς</span> <span class='ocrx_word' id='word_1_63' title='bbox 617 1201 946 1272; x_wconf 87' lang='grc' dir='ltr'>Ἐκκλησίας</span> <span class='ocrx_word' id='word_1_64' title='bbox 996 1201 1196 1273; x_wconf 86' lang='grc' dir='ltr'>θεσμὸς</span> <span class='ocrx_word' id='word_1_65' title='bbox 1240 1201 1420 1256; x_wconf 72' lang='grc' dir='ltr'>κοινὸν</span> <span class='ocrx_word' id='word_1_66' title='bbox 1478 1201 1592 1272; x_wconf 85' lang='grc' dir='ltr'>βίον</span> <span class='ocrx_word' id='word_1_67' title='bbox 1637 1202 1782 1257; x_wconf 80' lang='grc' dir='ltr'>θέλει</span> <span class='ocrx_word' id='word_1_68' title='bbox 1826 1201 1971 1274; x_wconf 88' lang='grc' dir='ltr'>ἐχειν</span> 
     </span>
    </p>
   </div>
   <div class='ocr_carea' id='block_1_14' title="bbox 385 1292 1045 1364">
    <p class='ocr_par' dir='ltr' id='par_1_14' title="bbox 385 1292 1045 1364">
     <span class='ocr_line' id='line_1_14' title="bbox 385 1292 1045 1364; baseline 0.003 -18"><span class='ocrx_word' id='word_1_69' title='bbox 385 1292 632 1356; x_wconf 69' lang='grc' dir='ltr'>ἅπαντας</span> <span class='ocrx_word' id='word_1_70' title='bbox 660 1292 782 1364; x_wconf 88' lang='grc' dir='ltr'>μεθ’</span> <span class='ocrx_word' id='word_1_71' title='bbox 816 1294 1045 1348; x_wconf 78' lang='grc' dir='ltr'><strong>ἑαυτῶν.</strong></span> 
     </span>
    </p>
   </div>
   <div class='ocr_carea' id='block_1_15' title="bbox 354 1368 1370 1462">
    <p class='ocr_par' dir='ltr' id='par_1_15' title="bbox 354 1368 1370 1462">
     <span class='ocr_line' id='line_1_15' title="bbox 354 1368 1370 1462; baseline 0.002 -3"><span class='ocrx_word' id='word_1_72' title='bbox 354 1368 359 1378; x_wconf 76' lang='grc'><strong>’</strong></span> <span class='ocrx_word' id='word_1_73' title='bbox 1014 1406 1267 1462; x_wconf 80' lang='grc' dir='ltr'><strong>ΚΕΦΔΛ.</strong></span> <span class='ocrx_word' id='word_1_74' title='bbox 1295 1408 1370 1461; x_wconf 70' lang='grc' dir='ltr'>Γι.</span> 
     </span>
    </p>
   </div>
   <div class='ocr_carea' id='block_1_16' title="bbox 457 1517 1963 1596">
    <p class='ocr_par' dir='ltr' id='par_1_16' title="bbox 457 1517 1963 1596">
     <span class='ocr_line' id='line_1_16' title="bbox 457 1517 1963 1596; baseline 0.005 -26"><span class='ocrx_word' id='word_1_75' title='bbox 457 1534 477 1569; x_wconf 74' lang='grc' dir='ltr'><strong>ι</strong></span> <span class='ocrx_word' id='word_1_76' title='bbox 510 1517 736 1584; x_wconf 74' lang='grc' dir='ltr'>Ἄνδρες</span> <span class='ocrx_word' id='word_1_77' title='bbox 772 1518 1124 1591; x_wconf 82' lang='grc' dir='ltr'><strong>Ἰσραηλῖται,</strong></span> <span class='ocrx_word' id='word_1_78' title='bbox 1148 1520 1203 1574; x_wconf 90' lang='grc' dir='ltr'><strong>τί</strong></span> <span class='ocrx_word' id='word_1_79' title='bbox 1234 1520 1543 1593; x_wconf 75' lang='grc' dir='ltr'>θαυμάζετε</span> <span class='ocrx_word' id='word_1_80' title='bbox 1573 1521 1664 1577; x_wconf 82' lang='grc' dir='ltr'>ἐπὶ</span> <span class='ocrx_word' id='word_1_81' title='bbox 1693 1522 1903 1596; x_wconf 82' lang='grc' dir='ltr'>τούτῳ;</span> <span class='ocrx_word' id='word_1_82' title='bbox 1944 1543 1963 1578; x_wconf 80' lang='grc' dir='ltr'><strong>ι</strong></span> 
     </span>
    </p>
   </div>
   <div class='ocr_carea' id='block_1_17' title="bbox 450 1694 1965 1776">
    <p class='ocr_par' dir='ltr' id='par_1_17' title="bbox 450 1694 1965 1776">
     <span class='ocr_line' id='line_1_17' title="bbox 450 1694 1965 1776; baseline 0.009 -29"><span class='ocrx_word' id='word_1_83' title='bbox 450 1694 795 1765; x_wconf 84' lang='grc' dir='ltr'>Σημειωτέον</span> <span class='ocrx_word' id='word_1_84' title='bbox 832 1697 914 1752; x_wconf 82' lang='grc' dir='ltr'>ὅτι</span> <span class='ocrx_word' id='word_1_85' title='bbox 945 1699 1050 1753; x_wconf 83' lang='grc' dir='ltr'>κᾶν</span> <span class='ocrx_word' id='word_1_86' title='bbox 1082 1700 1286 1771; x_wconf 80' lang='grc' dir='ltr'>σημεῖά</span> <span class='ocrx_word' id='word_1_87' title='bbox 1312 1717 1397 1765; x_wconf 87' lang='grc' dir='ltr'><strong>τις</strong></span> <span class='ocrx_word' id='word_1_88' title='bbox 1436 1704 1588 1774; x_wconf 77' lang='grc' dir='ltr'>ποιῇ,</span> <span class='ocrx_word' id='word_1_89' title='bbox 1621 1704 1722 1760; x_wconf 80' lang='grc' dir='ltr'><strong>οὐκ</strong></span> <span class='ocrx_word' id='word_1_90' title='bbox 1761 1705 1965 1776; x_wconf 79' lang='grc' dir='ltr'>ὀφείλει</span> 
     </span>
    </p>
   </div>
   <div class='ocr_carea' id='block_1_18' title="bbox 377 1787 1541 1869">
    <p class='ocr_par' dir='ltr' id='par_1_18' title="bbox 377 1787 1541 1869">
     <span class='ocr_line' id='line_1_18' title="bbox 377 1787 1541 1869; baseline 0.01 -29"><span class='ocrx_word' id='word_1_91' title='bbox 377 1787 729 1859; x_wconf 84' lang='grc' dir='ltr'>ἐπαίρεσθαι.</span> <span class='ocrx_word' id='word_1_92' title='bbox 1534 1861 1541 1869; x_wconf 45' lang='grc'><strong>,</strong></span> 
     </span>
    </p>
   </div>
   <div class='ocr_carea' id='block_1_19' title="bbox 457 1881 1961 1962">
    <p class='ocr_par' dir='ltr' id='par_1_19' title="bbox 457 1881 1961 1962">
     <span class='ocr_line' id='line_1_19' title="bbox 457 1881 1961 1962; baseline 0.011 -30"><span class='ocrx_word' id='word_1_93' title='bbox 457 1898 476 1930; x_wconf 77' lang='grc' dir='ltr'><strong>ι</strong></span> <span class='ocrx_word' id='word_1_94' title='bbox 513 1881 625 1934; x_wconf 75' lang='grc' dir='ltr'>Καὶ</span> <span class='ocrx_word' id='word_1_95' title='bbox 654 1883 687 1951; x_wconf 81' lang='grc' dir='ltr'>ἡ</span> <span class='ocrx_word' id='word_1_96' title='bbox 719 1882 903 1947; x_wconf 81' lang='grc' dir='ltr'><strong>πίστις</strong></span> <span class='ocrx_word' id='word_1_97' title='bbox 936 1884 968 1953; x_wconf 80' lang='grc' dir='ltr'><strong>ἡ</strong></span> <span class='ocrx_word' id='word_1_98' title='bbox 995 1884 1062 1937; x_wconf 85' lang='grc' dir='ltr'>δι’</span> <span class='ocrx_word' id='word_1_99' title='bbox 1092 1883 1259 1938; x_wconf 82' lang='grc' dir='ltr'>αὐτοῦ</span> <span class='ocrx_word' id='word_1_100' title='bbox 1289 1885 1487 1941; x_wconf 77' lang='grc' dir='ltr'>ἔδωκεν</span> <span class='ocrx_word' id='word_1_101' title='bbox 1525 1888 1678 1960; x_wconf 85' lang='grc' dir='ltr'>αὑτῷ</span> <span class='ocrx_word' id='word_1_102' title='bbox 1705 1890 1803 1962; x_wconf 79' lang='grc' dir='ltr'>τὴν</span> <span class='ocrx_word' id='word_1_103' title='bbox 1842 1891 1961 1947; x_wconf 83' lang='grc' dir='ltr'>ὁλο-</span> 
     </span>
    </p>
   </div>
   <div class='ocr_carea' id='block_1_20' title="bbox 377 1971 1658 2050">
    <p class='ocr_par' dir='ltr' id='par_1_20' title="bbox 377 1971 1658 2050">
     <span class='ocr_line' id='line_1_20' title="bbox 377 1971 1658 2050; baseline 0.005 -25"><span class='ocrx_word' id='word_1_104' title='bbox 377 1971 610 2042; x_wconf 87' lang='grc' dir='ltr'>κληρίαν</span> <span class='ocrx_word' id='word_1_105' title='bbox 646 1972 853 2044; x_wconf 81' lang='grc' dir='ltr'>ταύτην</span> <span class='ocrx_word' id='word_1_106' title='bbox 880 1974 1139 2029; x_wconf 72' lang='grc' dir='ltr'>ἀπέναντι</span> <span class='ocrx_word' id='word_1_107' title='bbox 1175 1977 1394 2033; x_wconf 85' lang='grc' dir='ltr'>πάντων</span> <span class='ocrx_word' id='word_1_108' title='bbox 1421 1979 1598 2050; x_wconf 88' lang='grc' dir='ltr'>ὑμῶν.</span> <span class='ocrx_word' id='word_1_109' title='bbox 1641 1999 1658 2032; x_wconf 84' lang='grc' dir='ltr'><strong>ι</strong></span> 
     </span>
    </p>
   </div>
   <div class='ocr_carea' id='block_1_21' title="bbox 446 2143 1960 2227">
    <p class='ocr_par' dir='ltr' id='par_1_21' title="bbox 446 2143 1960 2227">
     <span class='ocr_line' id='line_1_21' title="bbox 446 2143 1960 2227; baseline 0.009 -31"><span class='ocrx_word' id='word_1_110' title='bbox 446 2143 555 2197; x_wconf 74' lang='grc' dir='ltr'><strong>Καὶ</strong></span> <span class='ocrx_word' id='word_1_111' title='bbox 592 2143 629 2211; x_wconf 82' lang='grc' dir='ltr'><strong><em>ή</em></strong></span> <span class='ocrx_word' id='word_1_112' title='bbox 666 2145 869 2213; x_wconf 78' lang='grc' dir='ltr'>πίστις</span> <span class='ocrx_word' id='word_1_113' title='bbox 911 2147 950 2216; x_wconf 80' lang='grc' dir='ltr'><strong><em>ή</em></strong></span> <span class='ocrx_word' id='word_1_114' title='bbox 989 2147 1063 2201; x_wconf 84' lang='grc' dir='ltr'>δι’</span> <span class='ocrx_word' id='word_1_115' title='bbox 1097 2149 1286 2204; x_wconf 83' lang='grc' dir='ltr'>αὐτοῦ</span> <span class='ocrx_word' id='word_1_116' title='bbox 1307 2167 1320 2182; x_wconf 80' lang='lat'><strong><em>°</em></strong></span> <span class='ocrx_word' id='word_1_117' title='bbox 1354 2151 1434 2205; x_wconf 82' lang='grc' dir='ltr'>ὅτι</span> <span class='ocrx_word' id='word_1_118' title='bbox 1466 2151 1555 2206; x_wconf 82' lang='grc' dir='ltr'>διὰ</span> <span class='ocrx_word' id='word_1_119' title='bbox 1596 2151 1831 2219; x_wconf 87' lang='grc' dir='ltr'>πίστεως</span> <span class='ocrx_word' id='word_1_120' title='bbox 1860 2155 1960 2227; x_wconf 82' lang='grc' dir='ltr'>τῆς</span> 
     </span>
    </p>
   </div>
   <div class='ocr_carea' id='block_1_22' title="bbox 372 2234 1958 2317">
    <p class='ocr_par' dir='ltr' id='par_1_22' title="bbox 372 2234 1958 2317">
     <span class='ocr_line' id='line_1_22' title="bbox 372 2234 1958 2317; baseline 0.011 -33"><span class='ocrx_word' id='word_1_121' title='bbox 372 2234 455 2296; x_wconf 73' lang='grc' dir='ltr'>εἰς</span> <span class='ocrx_word' id='word_1_122' title='bbox 483 2235 718 2304; x_wconf 85' lang='grc' dir='ltr'>Χριστὸν</span> <span class='ocrx_word' id='word_1_123' title='bbox 748 2236 1031 2307; x_wconf 79' lang='grc' dir='ltr'>ὑγιάζεταί</span> <span class='ocrx_word' id='word_1_124' title='bbox 1070 2258 1189 2306; x_wconf 86' lang='grc' dir='ltr'>τις·</span> <span class='ocrx_word' id='word_1_125' title='bbox 1235 2242 1318 2295; x_wconf 85' lang='grc' dir='ltr'>δεῖ</span> <span class='ocrx_word' id='word_1_126' title='bbox 1358 2238 1453 2297; x_wconf 78' lang='grc' dir='ltr'><strong>οὖν</strong></span> <span class='ocrx_word' id='word_1_127' title='bbox 1496 2246 1822 2317; x_wconf 76' lang='grc' dir='ltr'>ἀμφοτέρων</span> <span class='ocrx_word' id='word_1_128' title='bbox 1860 2247 1958 2317; x_wconf 85' lang='grc' dir='ltr'>τὴν</span> 
     </span>
    </p>
   </div>
   <div class='ocr_carea' id='block_1_23' title="bbox 373 2325 1957 2405">
    <p class='ocr_par' dir='ltr' id='par_1_23' title="bbox 373 2325 1957 2405">
     <span class='ocr_line' id='line_1_23' title="bbox 373 2325 1957 2405; baseline 0.009 -26"><span class='ocrx_word' id='word_1_129' title='bbox 373 2325 557 2379; x_wconf 87' lang='grc' dir='ltr'>πίστιν</span> <span class='ocrx_word' id='word_1_130' title='bbox 605 2328 966 2400; x_wconf 86' lang='grc' dir='ltr'>συνδραμεῖν,</span> <span class='ocrx_word' id='word_1_131' title='bbox 1017 2333 1113 2385; x_wconf 75' lang='grc' dir='ltr'><strong>καὶ</strong></span> <span class='ocrx_word' id='word_1_132' title='bbox 1170 2333 1266 2388; x_wconf 87' lang='grc' dir='ltr'><strong>τοῦ</strong></span> <span class='ocrx_word' id='word_1_133' title='bbox 1305 2334 1670 2405; x_wconf 77' lang='grc' dir='ltr'>ὑγιαζομένου</span> <span class='ocrx_word' id='word_1_134' title='bbox 1718 2339 1813 2391; x_wconf 72' lang='grc' dir='ltr'><strong>καὶ</strong></span> <span class='ocrx_word' id='word_1_135' title='bbox 1862 2339 1957 2392; x_wconf 90' lang='grc' dir='ltr'><strong>τοῦ</strong></span> 
     </span>
    </p>
   </div>
   <div class='ocr_carea' id='block_1_24' title="bbox 370 2416 1956 2502">
    <p class='ocr_par' dir='ltr' id='par_1_24' title="bbox 370 2416 1956 2502">
     <span class='ocr_line' id='line_1_24' title="bbox 370 2416 1956 2502; baseline 0.009 -33"><span class='ocrx_word' id='word_1_136' title='bbox 370 2416 843 2491; x_wconf 84' lang='grc' dir='ltr'>ὑπερευχομένου·</span> <span class='ocrx_word' id='word_1_137' title='bbox 879 2422 1067 2493; x_wconf 85' lang='grc' dir='ltr'>ὅμοιον</span> <span class='ocrx_word' id='word_1_138' title='bbox 1109 2425 1206 2478; x_wconf 75' lang='grc' dir='ltr'>ἐπὶ</span> <span class='ocrx_word' id='word_1_139' title='bbox 1234 2425 1332 2479; x_wconf 89' lang='grc' dir='ltr'><strong>τοῦ</strong></span> <span class='ocrx_word' id='word_1_140' title='bbox 1378 2426 1690 2497; x_wconf 86' lang='grc' dir='ltr'>παραλύτου</span> <span class='ocrx_word' id='word_1_141' title='bbox 1736 2430 1956 2502; x_wconf 78' lang='grc' dir='ltr'>καὶτῆς</span> 
     </span>
    </p>
   </div>
   <div class='ocr_carea' id='block_1_25' title="bbox 368 2510 792 2591">
    <p class='ocr_par' dir='ltr' id='par_1_25' title="bbox 368 2510 792 2591">
     <span class='ocr_line' id='line_1_25' title="bbox 368 2510 792 2591; baseline 0.019 -31"><span class='ocrx_word' id='word_1_142' title='bbox 368 2510 664 2584; x_wconf 75' lang='grc' dir='ltr'>αίμοῤῥοού</span> <span class='ocrx_word' id='word_1_143' title='bbox 674 2531 792 2591; x_wconf 74' lang='grc' dir='ltr'>σης.</span> 
     </span>
    </p>
   </div>
   <div class='ocr_carea' id='block_1_26' title="bbox 975 2628 1341 2687">
    <p class='ocr_par' dir='ltr' id='par_1_26' title="bbox 975 2628 1341 2687">
     <span class='ocr_line' id='line_1_26' title="bbox 975 2628 1341 2687; baseline 0.014 -6"><span class='ocrx_word' id='word_1_144' title='bbox 975 2628 1233 2684; x_wconf 78' lang='grc' dir='ltr'><strong>ΚΕΦΑΛ.</strong></span> <span class='ocrx_word' id='word_1_145' title='bbox 1266 2631 1341 2687; x_wconf 89' lang='grc' dir='ltr'><strong>Ε’.</strong></span> 
     </span>
    </p>
   </div>
   <div class='ocr_carea' id='block_1_27' title="bbox 442 2735 1953 2823">
    <p class='ocr_par' dir='ltr' id='par_1_27' title="bbox 442 2735 1953 2823">
     <span class='ocr_line' id='line_1_27' title="bbox 442 2735 1953 2823; baseline 0.012 -37"><span class='ocrx_word' id='word_1_146' title='bbox 442 2755 459 2785; x_wconf 75' lang='grc' dir='ltr'><strong>ι</strong></span> <span class='ocrx_word' id='word_1_147' title='bbox 507 2735 669 2807; x_wconf 77' lang='grc' dir='ltr'>Ἀνὴρ</span> <span class='ocrx_word' id='word_1_148' title='bbox 697 2737 757 2790; x_wconf 88' lang='grc' dir='ltr'><strong>δέ</strong></span> <span class='ocrx_word' id='word_1_149' title='bbox 796 2756 880 2803; x_wconf 88' lang='grc' dir='ltr'><strong>τις</strong></span> <span class='ocrx_word' id='word_1_150' title='bbox 918 2741 1142 2813; x_wconf 83' lang='grc' dir='ltr'>ὀνόματι</span> <span class='ocrx_word' id='word_1_151' title='bbox 1195 2741 1474 2811; x_wconf 83' lang='grc' dir='ltr'>Ἀνανίας,</span> <span class='ocrx_word' id='word_1_152' title='bbox 1522 2748 1619 2801; x_wconf 80' lang='grc' dir='ltr'><strong>σὺν</strong></span> <span class='ocrx_word' id='word_1_153' title='bbox 1663 2749 1953 2823; x_wconf 71' lang='grc' dir='ltr'>Σαπφείρᾳ.</span> 
     </span>
    </p>
   </div>
   <div class='ocr_carea' id='block_1_28' title="bbox 363 2828 1954 2913">
    <p class='ocr_par' dir='ltr' id='par_1_28' title="bbox 363 2828 1954 2913">
     <span class='ocr_line' id='line_1_28' title="bbox 363 2828 1954 2913; baseline 0.013 -36"><span class='ocrx_word' id='word_1_154' title='bbox 363 2828 432 2897; x_wconf 74' lang='grc' dir='ltr'>τῇ</span> <span class='ocrx_word' id='word_1_155' title='bbox 466 2829 687 2894; x_wconf 72' lang='grc' dir='ltr'>γυναικὶ</span> <span class='ocrx_word' id='word_1_156' title='bbox 716 2829 912 2897; x_wconf 85' lang='grc' dir='ltr'>αὑτοῦ,</span> <span class='ocrx_word' id='word_1_157' title='bbox 939 2833 1191 2908; x_wconf 87' lang='grc' dir='ltr'>ἐπώλησε</span> <span class='ocrx_word' id='word_1_158' title='bbox 1234 2839 1450 2910; x_wconf 82' lang='grc' dir='ltr'>κτῆμα,</span> <span class='ocrx_word' id='word_1_159' title='bbox 1496 2835 1589 2893; x_wconf 74' lang='grc' dir='ltr'>κάι</span> <span class='ocrx_word' id='word_1_160' title='bbox 1634 2842 1954 2913; x_wconf 72' lang='grc' dir='ltr'>ἐνοσφίσατο</span> 
     </span>
    </p>
   </div>
   <div class='ocr_carea' id='block_1_29' title="bbox 362 2917 1524 2993">
    <p class='ocr_par' dir='ltr' id='par_1_29' title="bbox 362 2917 1524 2993">
     <span class='ocr_line' id='line_1_29' title="bbox 362 2917 1524 2993; baseline 0.016 -25"><span class='ocrx_word' id='word_1_161' title='bbox 362 2917 470 2970; x_wconf 84' lang='grc' dir='ltr'><strong>ἀπὸ</strong></span> <span class='ocrx_word' id='word_1_162' title='bbox 507 2919 605 2990; x_wconf 83' lang='grc' dir='ltr'>τῆς</span> <span class='ocrx_word' id='word_1_163' title='bbox 634 2922 822 2993; x_wconf 82' lang='grc' dir='ltr'>τιμῆς.</span> <span class='ocrx_word' id='word_1_164' title='bbox 852 2942 871 2974; x_wconf 76' lang='grc' dir='ltr'><strong>ι</strong></span> <span class='ocrx_word' id='word_1_165' title='bbox 1517 2978 1524 2987; x_wconf 95' lang='grc'><strong>.</strong></span> 
     </span>
    </p>
   </div>
   <div class='ocr_carea' id='block_1_30' title="bbox 435 3008 1945 3096">
    <p class='ocr_par' dir='ltr' id='par_1_30' title="bbox 435 3008 1945 3096">
     <span class='ocr_line' id='line_1_30' title="bbox 435 3008 1945 3096; baseline 0.015 -35"><span class='ocrx_word' id='word_1_166' title='bbox 435 3008 498 3061; x_wconf 74' lang='lat' dir='ltr'><strong>Ei</strong></span> <span class='ocrx_word' id='word_1_167' title='bbox 523 3010 686 3082; x_wconf 83' lang='grc' dir='ltr'>μέρος</span> <span class='ocrx_word' id='word_1_168' title='bbox 716 3014 983 3086; x_wconf 84' lang='grc' dir='ltr'>ἀργυρίου</span> <span class='ocrx_word' id='word_1_169' title='bbox 1008 3029 1034 3058; x_wconf 77' lang='grc' dir='ltr'>ι</span> <span class='ocrx_word' id='word_1_170' title='bbox 1070 3022 1536 3094; x_wconf 84' lang='grc' dir='ltr'>σφετερισάμενος</span> <span class='ocrx_word' id='word_1_171' title='bbox 1559 3026 1623 3081; x_wconf 88' lang='grc' dir='ltr'><strong>ἐκ</strong></span> <span class='ocrx_word' id='word_1_172' title='bbox 1645 3026 1754 3082; x_wconf 87' lang='grc' dir='ltr'><strong>τῶν</strong></span> <span class='ocrx_word' id='word_1_173' title='bbox 1779 3029 1945 3096; x_wconf 84' lang='grc' dir='ltr'>ίδίων,</span> 
     </span>
    </p>
   </div>
   <div class='ocr_carea' id='block_1_31' title="bbox 2080 510 2598 580">
    <p class='ocr_par' dir='ltr' id='par_1_31' title="bbox 2080 510 2598 580">
     <span class='ocr_line' id='line_1_31' title="bbox 2080 510 2598 580; baseline 0.006 -19"><span class='ocrx_word' id='word_1_174' title='bbox 2080 510 2237 580; x_wconf 88' lang='lat' dir='ltr'><strong>quasi</strong></span> <span class='ocrx_word' id='word_1_175' title='bbox 2271 520 2598 567; x_wconf 78' lang='lat' dir='ltr'><strong>moventem.</strong></span> 
     </span>
    </p>
   </div>
   <div class='ocr_carea' id='block_1_32' title="bbox 2739 617 2998 675">
    <p class='ocr_par' dir='ltr' id='par_1_32' title="bbox 2739 617 2998 675">
     <span class='ocr_line' id='line_1_32' title="bbox 2739 617 2998 675; baseline -0.008 -1"><span class='ocrx_word' id='word_1_176' title='bbox 2739 619 2892 675; x_wconf 80' lang='lat' dir='ltr'><strong>CAP.</strong></span> <span class='ocrx_word' id='word_1_177' title='bbox 2932 617 2998 674; x_wconf 76' lang='lat' dir='ltr'><strong>ll.</strong></span> 
     </span>
    </p>
   </div>
   <div class='ocr_carea' id='block_1_33' title="bbox 2148 731 3662 791">
    <p class='ocr_par' dir='ltr' id='par_1_33' title="bbox 2148 731 3662 791">
     <span class='ocr_line' id='line_1_33' title="bbox 2148 731 3662 791; baseline -0.003 -2"><span class='ocrx_word' id='word_1_178' title='bbox 2148 735 2311 790; x_wconf 69' lang='lat' dir='ltr'><strong>Vens.</strong></span> <span class='ocrx_word' id='word_1_179' title='bbox 2360 736 2450 791; x_wconf 68' lang='lat'><strong>45.</strong></span> <span class='ocrx_word' id='word_1_180' title='bbox 2511 753 2529 787; x_wconf 79' lang='grc' dir='ltr'><strong>ι</strong></span> <span class='ocrx_word' id='word_1_181' title='bbox 2564 735 2945 790; x_wconf 85' lang='lat' dir='ltr'><strong>Possessiones</strong></span> <span class='ocrx_word' id='word_1_182' title='bbox 2989 741 3043 789; x_wconf 90' lang='lat' dir='ltr'><strong>et</strong></span> <span class='ocrx_word' id='word_1_183' title='bbox 3084 731 3417 788; x_wconf 76' lang='lat' dir='ltr'><strong>substantias</strong></span> <span class='ocrx_word' id='word_1_184' title='bbox 3461 732 3662 786; x_wconf 78' lang='lat' dir='ltr'><strong>vende-</strong></span> 
     </span>
    </p>
   </div>
   <div class='ocr_carea' id='block_1_34' title="bbox 2076 823 3662 895">
    <p class='ocr_par' dir='ltr' id='par_1_34' title="bbox 2076 823 3662 895">
     <span class='ocr_line' id='line_1_34' title="bbox 2076 823 3662 895; baseline -0.003 -14"><span class='ocrx_word' id='word_1_185' title='bbox 2076 827 2244 894; x_wconf 89' lang='lat' dir='ltr'><strong>bant,</strong></span> <span class='ocrx_word' id='word_1_186' title='bbox 2309 837 2365 884; x_wconf 87' lang='lat' dir='ltr'><strong>et</strong></span> <span class='ocrx_word' id='word_1_187' title='bbox 2417 828 2732 882; x_wconf 75' lang='lat' dir='ltr'><strong>dividebant</strong></span> <span class='ocrx_word' id='word_1_188' title='bbox 2789 825 2877 880; x_wconf 89' lang='lat' dir='ltr'><strong>illa</strong></span> <span class='ocrx_word' id='word_1_189' title='bbox 2933 825 3184 881; x_wconf 87' lang='lat' dir='ltr'><strong>omnibus</strong></span> <span class='ocrx_word' id='word_1_190' title='bbox 3246 831 3408 895; x_wconf 94' lang='lat' dir='ltr'><strong>prout</strong></span> <span class='ocrx_word' id='word_1_191' title='bbox 3462 823 3662 894; x_wconf 81' lang='lat' dir='ltr'><strong>cuique</strong></span> 
     </span>
    </p>
   </div>
   <div class='ocr_carea' id='block_1_35' title="bbox 2074 929 2430 985">
    <p class='ocr_par' dir='ltr' id='par_1_35' title="bbox 2074 929 2430 985">
     <span class='ocr_line' id='line_1_35' title="bbox 2074 929 2430 985; baseline -0.008 -10"><span class='ocrx_word' id='word_1_192' title='bbox 2074 933 2211 985; x_wconf 84' lang='lat' dir='ltr'><strong>opus</strong></span> <span class='ocrx_word' id='word_1_193' title='bbox 2239 929 2377 974; x_wconf 84' lang='lat' dir='ltr'><strong>erat.</strong></span> <span class='ocrx_word' id='word_1_194' title='bbox 2411 938 2430 972; x_wconf 76' lang='grc' dir='ltr'><strong>ι</strong></span> 
     </span>
    </p>
   </div>
   <div class='ocr_carea' id='block_1_36' title="bbox 2145 1009 3662 1082">
    <p class='ocr_par' dir='ltr' id='par_1_36' title="bbox 2145 1009 3662 1082">
     <span class='ocr_line' id='line_1_36' title="bbox 2145 1009 3662 1082; baseline 0.001 -18"><span class='ocrx_word' id='word_1_195' title='bbox 2145 1010 2454 1067; x_wconf 86' lang='lat' dir='ltr'><strong>Notandum</strong></span> <span class='ocrx_word' id='word_1_196' title='bbox 2496 1012 2641 1082; x_wconf 88' lang='lat' dir='ltr'><strong>quod</strong></span> <span class='ocrx_word' id='word_1_197' title='bbox 2669 1011 2822 1078; x_wconf 86' lang='lat' dir='ltr'><strong>quasi</strong></span> <span class='ocrx_word' id='word_1_198' title='bbox 2869 1011 2939 1066; x_wconf 91' lang='lat' dir='ltr'><strong>de</strong></span> <span class='ocrx_word' id='word_1_199' title='bbox 2986 1026 3093 1066; x_wconf 89' lang='lat' dir='ltr'><strong>una</strong></span> <span class='ocrx_word' id='word_1_200' title='bbox 3127 1009 3306 1065; x_wconf 90' lang='lat' dir='ltr'><strong>anima</strong></span> <span class='ocrx_word' id='word_1_201' title='bbox 3350 1017 3406 1064; x_wconf 90' lang='lat' dir='ltr'><strong>et</strong></span> <span class='ocrx_word' id='word_1_202' title='bbox 3444 1009 3512 1064; x_wconf 88' lang='lat' dir='ltr'><strong>de</strong></span> <span class='ocrx_word' id='word_1_203' title='bbox 3551 1024 3662 1066; x_wconf 88' lang='lat' dir='ltr'><strong>uno</strong></span> 
     </span>
    </p>
   </div>
   <div class='ocr_carea' id='block_1_37' title="bbox 2076 1103 3660 1176">
    <p class='ocr_par' dir='ltr' id='par_1_37' title="bbox 2076 1103 3660 1176">
     <span class='ocr_line' id='line_1_37' title="bbox 2076 1103 3660 1176; baseline -0.001 -16"><span class='ocrx_word' id='word_1_204' title='bbox 2076 1120 2306 1174; x_wconf 88' lang='lat' dir='ltr'><strong>corpore</strong></span> <span class='ocrx_word' id='word_1_205' title='bbox 2334 1106 2411 1160; x_wconf 92' lang='lat' dir='ltr'><strong>sic</strong></span> <span class='ocrx_word' id='word_1_206' title='bbox 2440 1112 2659 1175; x_wconf 86' lang='lat' dir='ltr'><strong>oportet</strong></span> <span class='ocrx_word' id='word_1_207' title='bbox 2705 1104 2947 1176; x_wconf 81' lang='lat' dir='ltr'><strong>cogitare</strong></span> <span class='ocrx_word' id='word_1_208' title='bbox 2982 1106 3050 1160; x_wconf 91' lang='lat' dir='ltr'><strong>de</strong></span> <span class='ocrx_word' id='word_1_209' title='bbox 3089 1104 3235 1160; x_wconf 90' lang='lat' dir='ltr'><strong>omni</strong></span> <span class='ocrx_word' id='word_1_210' title='bbox 3267 1103 3449 1171; x_wconf 82' lang='lat' dir='ltr'><strong>ﬁdeli;</strong></span> <span class='ocrx_word' id='word_1_211' title='bbox 3481 1111 3534 1158; x_wconf 90' lang='lat' dir='ltr'><strong>et</strong></span> <span class='ocrx_word' id='word_1_212' title='bbox 3557 1104 3660 1158; x_wconf 69' lang='lat' dir='ltr'><strong>Pie-</strong></span> 
     </span>
    </p>
   </div>
   <div class='ocr_carea' id='block_1_38' title="bbox 2073 1191 3663 1252">
    <p class='ocr_par' dir='ltr' id='par_1_38' title="bbox 2073 1191 3663 1252">
     <span class='ocr_line' id='line_1_38' title="bbox 2073 1191 3663 1252; baseline -0.002 -2"><span class='ocrx_word' id='word_1_213' title='bbox 2073 1194 2252 1250; x_wconf 69' lang='lat' dir='ltr'><strong>clesize</strong></span> <span class='ocrx_word' id='word_1_214' title='bbox 2289 1195 2372 1250; x_wconf 76' lang='lat' dir='ltr'><strong>lex</strong></span> <span class='ocrx_word' id='word_1_215' title='bbox 2402 1196 2517 1250; x_wconf 89' lang='lat' dir='ltr'><strong>vult</strong></span> <span class='ocrx_word' id='word_1_216' title='bbox 2552 1205 2609 1250; x_wconf 89' lang='lat' dir='ltr'><strong>ut</strong></span> <span class='ocrx_word' id='word_1_217' title='bbox 2637 1210 2826 1252; x_wconf 90' lang='lat' dir='ltr'><strong>omnes</strong></span> <span class='ocrx_word' id='word_1_218' title='bbox 2861 1207 3204 1251; x_wconf 86' lang='lat' dir='ltr'><strong>communem</strong></span> <span class='ocrx_word' id='word_1_219' title='bbox 3233 1192 3374 1249; x_wconf 87' lang='lat' dir='ltr'><strong>inter</strong></span> <span class='ocrx_word' id='word_1_220' title='bbox 3420 1208 3480 1249; x_wconf 88' lang='lat' dir='ltr'><strong>se</strong></span> <span class='ocrx_word' id='word_1_221' title='bbox 3521 1191 3663 1248; x_wconf 86' lang='lat' dir='ltr'><strong>invi-</strong></span> 
     </span>
    </p>
   </div>
   <div class='ocr_carea' id='block_1_39' title="bbox 2074 1287 2598 1359">
    <p class='ocr_par' dir='ltr' id='par_1_39' title="bbox 2074 1287 2598 1359">
     <span class='ocr_line' id='line_1_39' title="bbox 2074 1287 2598 1359; baseline 0.006 -16"><span class='ocrx_word' id='word_1_222' title='bbox 2074 1300 2190 1344; x_wconf 88' lang='lat' dir='ltr'><strong>cem</strong></span> <span class='ocrx_word' id='word_1_223' title='bbox 2219 1295 2383 1359; x_wconf 88' lang='lat' dir='ltr'><strong>agant</strong></span> <span class='ocrx_word' id='word_1_224' title='bbox 2411 1287 2598 1347; x_wconf 88' lang='lat' dir='ltr'><strong>vitam.</strong></span> 
     </span>
    </p>
   </div>
   <div class='ocr_carea' id='block_1_40' title="bbox 2713 1398 3007 1456">
    <p class='ocr_par' dir='ltr' id='par_1_40' title="bbox 2713 1398 3007 1456">
     <span class='ocr_line' id='line_1_40' title="bbox 2713 1398 3007 1456; baseline -0.007 0"><span class='ocrx_word' id='word_1_225' title='bbox 2713 1398 2873 1456; x_wconf 75' lang='lat' dir='ltr'><strong>CAP.</strong></span> <span class='ocrx_word' id='word_1_226' title='bbox 2918 1399 3007 1454; x_wconf 81' lang='lat' dir='ltr'><strong>III.</strong></span> 
     </span>
    </p>
   </div>
   <div class='ocr_carea' id='block_1_41' title="bbox 2142 1506 3651 1590">
    <p class='ocr_par' dir='ltr' id='par_1_41' title="bbox 2142 1506 3651 1590">
     <span class='ocr_line' id='line_1_41' title="bbox 2142 1506 3651 1590; baseline -0.006 -20"><span class='ocrx_word' id='word_1_227' title='bbox 2142 1514 2307 1571; x_wconf 71' lang='lat' dir='ltr'><strong>Vens.</strong></span> <span class='ocrx_word' id='word_1_228' title='bbox 2364 1513 2451 1569; x_wconf 75' lang='lat' dir='ltr'><strong>t2.</strong></span> <span class='ocrx_word' id='word_1_229' title='bbox 2493 1513 2532 1566; x_wconf 77' lang='grc' dir='ltr'><strong>ἰ</strong></span> <span class='ocrx_word' id='word_1_230' title='bbox 2569 1511 2680 1569; x_wconf 77' lang='lat' dir='ltr'><strong>Viri</strong></span> <span class='ocrx_word' id='word_1_231' title='bbox 2730 1512 3036 1590; x_wconf 60' lang='lat' dir='ltr'><strong>Israelita,</strong></span> <span class='ocrx_word' id='word_1_232' title='bbox 3080 1510 3210 1583; x_wconf 89' lang='lat' dir='ltr'><strong>quid</strong></span> <span class='ocrx_word' id='word_1_233' title='bbox 3276 1507 3552 1565; x_wconf 85' lang='lat' dir='ltr'><strong>miramini</strong></span> <span class='ocrx_word' id='word_1_234' title='bbox 3597 1506 3651 1564; x_wconf 92' lang='lat' dir='ltr'><strong>in</strong></span> 
     </span>
    </p>
   </div>
   <div class='ocr_carea' id='block_1_42' title="bbox 2071 1608 3647 1772">
    <p class='ocr_par' dir='ltr' id='par_1_42' title="bbox 2071 1608 3647 1772">
     <span class='ocr_line' id='line_1_42' title="bbox 2071 1608 3647 1772; baseline -0.004 -16"><span class='ocrx_word' id='word_1_235' title='bbox 2071 1608 2448 1756; x_wconf 48' lang='grc' dir='ltr'><strong>110Ιίθίιιέιιιάιιηι</strong></span> <span class='ocrx_word' id='word_1_236' title='bbox 2472 1699 2616 1772; x_wconf 80' lang='lat' dir='ltr'><strong>quod</strong></span> <span class='ocrx_word' id='word_1_237' title='bbox 2642 1697 2747 1756; x_wconf 83' lang='lat' dir='ltr'><strong>etsi</strong></span> <span class='ocrx_word' id='word_1_238' title='bbox 2775 1699 2929 1768; x_wconf 86' lang='lat' dir='ltr'><strong>signa</strong></span> <span class='ocrx_word' id='word_1_239' title='bbox 2954 1697 3077 1767; x_wconf 87' lang='lat' dir='ltr'><strong>quis</strong></span> <span class='ocrx_word' id='word_1_240' title='bbox 3110 1697 3299 1765; x_wconf 80' lang='lat' dir='ltr'><strong>faciat,</strong></span> <span class='ocrx_word' id='word_1_241' title='bbox 3330 1695 3647 1767; x_wconf 85' lang='lat' dir='ltr'><strong>superbien-</strong></span> 
     </span>
    </p>
   </div>
   <div class='ocr_carea' id='block_1_43' title="bbox 1993 1780 2466 1849">
    <p class='ocr_par' dir='ltr' id='par_1_43' title="bbox 1993 1780 2466 1849">
     <span class='ocr_line' id='line_1_43' title="bbox 1993 1780 2466 1849; baseline -0.002 0"><span class='ocrx_word' id='word_1_242' title='bbox 1993 1780 2049 1841; x_wconf 76' lang='grc' dir='ltr'><strong>Β</strong></span> <span class='ocrx_word' id='word_1_243' title='bbox 2069 1794 2195 1849; x_wconf 84' lang='lat' dir='ltr'><strong>dum</strong></span> <span class='ocrx_word' id='word_1_244' title='bbox 2231 1808 2335 1848; x_wconf 90' lang='lat' dir='ltr'><strong>non</strong></span> <span class='ocrx_word' id='word_1_245' title='bbox 2362 1801 2466 1849; x_wconf 83' lang='lat' dir='ltr'><strong>est.</strong></span> 
     </span>
    </p>
   </div>
   <div class='ocr_carea' id='block_1_44' title="bbox 2137 1880 3651 1952">
    <p class='ocr_par' dir='ltr' id='par_1_44' title="bbox 2137 1880 3651 1952">
     <span class='ocr_line' id='line_1_44' title="bbox 2137 1880 3651 1952; baseline -0.003 -14"><span class='ocrx_word' id='word_1_246' title='bbox 2137 1882 2303 1938; x_wconf 75' lang='lat' dir='ltr'><strong>Vens.</strong></span> <span class='ocrx_word' id='word_1_247' title='bbox 2333 1884 2421 1939; x_wconf 79' lang='grc'><strong>16.</strong></span> <span class='ocrx_word' id='word_1_248' title='bbox 2451 1904 2470 1936; x_wconf 74' lang='grc' dir='ltr'><strong>ι</strong></span> <span class='ocrx_word' id='word_1_249' title='bbox 2504 1883 2567 1939; x_wconf 85' lang='grc' dir='ltr'>Ει</span> <span class='ocrx_word' id='word_1_250' title='bbox 2597 1883 2751 1949; x_wconf 81' lang='lat' dir='ltr'><strong>ﬁdes,</strong></span> <span class='ocrx_word' id='word_1_251' title='bbox 2779 1897 2900 1952; x_wconf 73' lang='lat' dir='ltr'><strong>qua:</strong></span> <span class='ocrx_word' id='word_1_252' title='bbox 2925 1897 3021 1952; x_wconf 90' lang='lat' dir='ltr'><strong>per</strong></span> <span class='ocrx_word' id='word_1_253' title='bbox 3051 1898 3175 1940; x_wconf 91' lang='lat' dir='ltr'><strong>eum</strong></span> <span class='ocrx_word' id='word_1_254' title='bbox 3202 1890 3308 1947; x_wconf 87' lang='lat' dir='ltr'><strong>est,</strong></span> <span class='ocrx_word' id='word_1_255' title='bbox 3338 1880 3485 1936; x_wconf 85' lang='lat' dir='ltr'><strong>dedit</strong></span> <span class='ocrx_word' id='word_1_256' title='bbox 3509 1880 3651 1935; x_wconf 86' lang='lat' dir='ltr'><strong>inte-</strong></span> 
     </span>
    </p>
   </div>
   <div class='ocr_carea' id='block_1_45' title="bbox 2063 1974 3648 2047">
    <p class='ocr_par' dir='ltr' id='par_1_45' title="bbox 2063 1974 3648 2047">
     <span class='ocr_line' id='line_1_45' title="bbox 2063 1974 3648 2047; baseline -0.001 -19"><span class='ocrx_word' id='word_1_257' title='bbox 2063 1991 2217 2046; x_wconf 84' lang='lat' dir='ltr'><strong>gram</strong></span> <span class='ocrx_word' id='word_1_258' title='bbox 2263 1976 2555 2031; x_wconf 82' lang='lat' dir='ltr'><strong>sanitatem</strong></span> <span class='ocrx_word' id='word_1_259' title='bbox 2605 1980 2764 2033; x_wconf 84' lang='lat' dir='ltr'><strong>istam</strong></span> <span class='ocrx_word' id='word_1_260' title='bbox 2810 1977 2867 2031; x_wconf 87' lang='lat' dir='ltr'><strong>in</strong></span> <span class='ocrx_word' id='word_1_261' title='bbox 2917 1984 3211 2047; x_wconf 87' lang='lat' dir='ltr'><strong>conspectu</strong></span> <span class='ocrx_word' id='word_1_262' title='bbox 3258 1974 3502 2029; x_wconf 91' lang='lat' dir='ltr'><strong>omnium</strong></span> <span class='ocrx_word' id='word_1_263' title='bbox 3555 1986 3648 2027; x_wconf 86' lang='lat' dir='ltr'><strong>ve-</strong></span> 
     </span>
    </p>
   </div>
   <div class='ocr_carea' id='block_1_46' title="bbox 2061 2078 2260 2124">
    <p class='ocr_par' dir='ltr' id='par_1_46' title="bbox 2061 2078 2260 2124">
     <span class='ocr_line' id='line_1_46' title="bbox 2061 2078 2260 2124; baseline -0.01 0"><span class='ocrx_word' id='word_1_264' title='bbox 2061 2078 2260 2124; x_wconf 86' lang='lat' dir='ltr'><strong>strum.</strong></span> 
     </span>
    </p>
   </div>
   <div class='ocr_carea' id='block_1_47' title="bbox 2135 2158 3651 2232">
    <p class='ocr_par' dir='ltr' id='par_1_47' title="bbox 2135 2158 3651 2232">
     <span class='ocr_line' id='line_1_47' title="bbox 2135 2158 3651 2232; baseline -0.009 -12"><span class='ocrx_word' id='word_1_265' title='bbox 2135 2160 2202 2214; x_wconf 82' lang='lat' dir='ltr'><strong>El</strong></span> <span class='ocrx_word' id='word_1_266' title='bbox 2233 2160 2368 2230; x_wconf 74' lang='lat' dir='ltr'><strong>ﬁdes</strong></span> <span class='ocrx_word' id='word_1_267' title='bbox 2389 2179 2508 2230; x_wconf 78' lang='lat' dir='ltr'><strong>qua:</strong></span> <span class='ocrx_word' id='word_1_268' title='bbox 2536 2179 2630 2232; x_wconf 85' lang='lat' dir='ltr'><strong>per</strong></span> <span class='ocrx_word' id='word_1_269' title='bbox 2649 2180 2768 2219; x_wconf 81' lang='lat' dir='ltr'><strong>eum</strong></span> <span class='ocrx_word' id='word_1_270' title='bbox 2794 2172 2868 2218; x_wconf 80' lang='lat' dir='ltr'><strong>est</strong></span> <span class='ocrx_word' id='word_1_271' title='bbox 2893 2178 2912 2220; x_wconf 89' lang='lat'><strong><em>:</em></strong></span> <span class='ocrx_word' id='word_1_272' title='bbox 2942 2161 3070 2232; x_wconf 85' lang='lat' dir='ltr'><strong>quia</strong></span> <span class='ocrx_word' id='word_1_273' title='bbox 3103 2174 3200 2232; x_wconf 88' lang='lat' dir='ltr'><strong>per</strong></span> <span class='ocrx_word' id='word_1_274' title='bbox 3222 2158 3381 2214; x_wconf 83' lang='lat' dir='ltr'><strong>tidem</strong></span> <span class='ocrx_word' id='word_1_275' title='bbox 3409 2170 3531 2227; x_wconf 66' lang='lat' dir='ltr'><strong>quae</strong></span> <span class='ocrx_word' id='word_1_276' title='bbox 3554 2169 3651 2224; x_wconf 86' lang='lat' dir='ltr'><strong>per</strong></span> 
     </span>
    </p>
   </div>
   <div class='ocr_carea' id='block_1_48' title="bbox 2060 2252 3649 2324">
    <p class='ocr_par' dir='ltr' id='par_1_48' title="bbox 2060 2252 3649 2324">
     <span class='ocr_line' id='line_1_48' title="bbox 2060 2252 3649 2324; baseline -0.007 -15"><span class='ocrx_word' id='word_1_277' title='bbox 2060 2252 2344 2309; x_wconf 87' lang='lat' dir='ltr'><strong>Christum</strong></span> <span class='ocrx_word' id='word_1_278' title='bbox 2384 2265 2471 2310; x_wconf 88' lang='lat' dir='ltr'><strong>est</strong></span> <span class='ocrx_word' id='word_1_279' title='bbox 2514 2265 2741 2310; x_wconf 88' lang='lat' dir='ltr'><strong>sanatur</strong></span> <span class='ocrx_word' id='word_1_280' title='bbox 2776 2255 2973 2324; x_wconf 88' lang='lat' dir='ltr'><strong>aliquis</strong></span> <span class='ocrx_word' id='word_1_281' title='bbox 3002 2260 3257 2323; x_wconf 87' lang='lat' dir='ltr'><strong>:oportet</strong></span> <span class='ocrx_word' id='word_1_282' title='bbox 3290 2264 3421 2319; x_wconf 83' lang='lat' dir='ltr'><strong>ergo</strong></span> <span class='ocrx_word' id='word_1_283' title='bbox 3450 2256 3507 2302; x_wconf 89' lang='lat' dir='ltr'><strong>ut</strong></span> <span class='ocrx_word' id='word_1_284' title='bbox 3530 2262 3649 2301; x_wconf 90' lang='lat' dir='ltr'><strong>am-</strong></span> 
     </span>
    </p>
   </div>
   <div class='ocr_carea' id='block_1_49' title="bbox 2061 2342 3650 2414">
    <p class='ocr_par' dir='ltr' id='par_1_49' title="bbox 2061 2342 3650 2414">
     <span class='ocr_line' id='line_1_49' title="bbox 2061 2342 3650 2414; baseline -0.008 -11"><span class='ocrx_word' id='word_1_285' title='bbox 2061 2347 2250 2403; x_wconf 89' lang='lat' dir='ltr'><strong>borum</strong></span> <span class='ocrx_word' id='word_1_286' title='bbox 2287 2347 2771 2414; x_wconf 82' lang='lat' dir='ltr'><strong>ﬁdes-concurrat,</strong></span> <span class='ocrx_word' id='word_1_287' title='bbox 2820 2357 2875 2403; x_wconf 88' lang='lat' dir='ltr'><strong>et</strong></span> <span class='ocrx_word' id='word_1_288' title='bbox 2918 2347 3088 2403; x_wconf 83' lang='lat' dir='ltr'><strong>sanati</strong></span> <span class='ocrx_word' id='word_1_289' title='bbox 3124 2356 3186 2413; x_wconf 85' lang='lat' dir='ltr'><strong>et</strong></span> <span class='ocrx_word' id='word_1_290' title='bbox 3230 2342 3437 2399; x_wconf 80' lang='lat' dir='ltr'><strong>orantis</strong></span> <span class='ocrx_word' id='word_1_291' title='bbox 3481 2342 3650 2409; x_wconf 71' lang='lat' dir='ltr'><strong>Super</strong></span> 
     </span>
    </p>
   </div>
   <div class='ocr_carea' id='block_1_50' title="bbox 2061 2432 3646 2508">
    <p class='ocr_par' dir='ltr' id='par_1_50' title="bbox 2061 2432 3646 2508">
     <span class='ocr_line' id='line_1_50' title="bbox 2061 2432 3646 2508; baseline -0.006 -16"><span class='ocrx_word' id='word_1_292' title='bbox 2061 2437 2374 2506; x_wconf 82' lang='lat' dir='ltr'><strong>inﬁrmum;</strong></span> <span class='ocrx_word' id='word_1_293' title='bbox 2418 2438 2499 2494; x_wconf 87' lang='lat' dir='ltr'><strong>sic</strong></span> <span class='ocrx_word' id='word_1_294' title='bbox 2542 2449 2596 2494; x_wconf 89' lang='lat' dir='ltr'><strong>et</strong></span> <span class='ocrx_word' id='word_1_295' title='bbox 2624 2440 2693 2494; x_wconf 86' lang='lat' dir='ltr'><strong>de</strong></span> <span class='ocrx_word' id='word_1_296' title='bbox 2733 2438 3032 2508; x_wconf 79' lang='lat' dir='ltr'><strong>paralytico</strong></span> <span class='ocrx_word' id='word_1_297' title='bbox 3074 2445 3130 2491; x_wconf 92' lang='lat' dir='ltr'><strong>et</strong></span> <span class='ocrx_word' id='word_1_298' title='bbox 3161 2436 3227 2490; x_wconf 84' lang='lat' dir='ltr'><strong>de</strong></span> <span class='ocrx_word' id='word_1_299' title='bbox 3258 2432 3486 2488; x_wconf 82' lang='lat' dir='ltr'><strong>muliere</strong></span> <span class='ocrx_word' id='word_1_300' title='bbox 3523 2444 3646 2499; x_wconf 70' lang='lat' dir='ltr'><strong>quae</strong></span> 
     </span>
    </p>
   </div>
   <div class='ocr_carea' id='block_1_51' title="bbox 2060 2526 2930 2599">
    <p class='ocr_par' dir='ltr' id='par_1_51' title="bbox 2060 2526 2930 2599">
     <span class='ocr_line' id='line_1_51' title="bbox 2060 2526 2930 2599; baseline -0.006 -15"><span class='ocrx_word' id='word_1_301' title='bbox 2060 2528 2345 2599; x_wconf 80' lang='lat' dir='ltr'><strong>sanguinis</strong></span> <span class='ocrx_word' id='word_1_302' title='bbox 2372 2526 2574 2583; x_wconf 79' lang='lat' dir='ltr'><strong>ﬂuxum</strong></span> <span class='ocrx_word' id='word_1_303' title='bbox 2603 2528 2930 2597; x_wconf 89' lang='lat' dir='ltr'><strong>patiebatur.</strong></span> 
     </span>
    </p>
   </div>
   <div class='ocr_carea' id='block_1_52' title="bbox 2720 2638 2981 2694">
    <p class='ocr_par' dir='ltr' id='par_1_52' title="bbox 2720 2638 2981 2694">
     <span class='ocr_line' id='line_1_52' title="bbox 2720 2638 2981 2694; baseline -0.008 0"><span class='ocrx_word' id='word_1_304' title='bbox 2720 2638 2874 2694; x_wconf 79' lang='lat' dir='ltr'><strong>CAP.</strong></span> <span class='ocrx_word' id='word_1_305' title='bbox 2917 2638 2981 2693; x_wconf 71' lang='grc' dir='ltr'><strong>ν.</strong></span> 
     </span>
    </p>
   </div>
   <div class='ocr_carea' id='block_1_53' title="bbox 2135 2745 3641 2819">
    <p class='ocr_par' dir='ltr' id='par_1_53' title="bbox 2135 2745 3641 2819">
     <span class='ocr_line' id='line_1_53' title="bbox 2135 2745 3641 2819; baseline -0.005 -11"><span class='ocrx_word' id='word_1_306' title='bbox 2135 2751 2297 2809; x_wconf 74' lang='lat' dir='ltr'><strong>Vens.</strong></span> <span class='ocrx_word' id='word_1_307' title='bbox 2333 2752 2451 2807; x_wconf 75' lang='lat'><strong>1-2.</strong></span> <span class='ocrx_word' id='word_1_308' title='bbox 2495 2770 2513 2804; x_wconf 78' lang='grc' dir='ltr'><strong>ι</strong></span> <span class='ocrx_word' id='word_1_309' title='bbox 2543 2750 2641 2807; x_wconf 73' lang='lat' dir='ltr'><strong>Vir</strong></span> <span class='ocrx_word' id='word_1_310' title='bbox 2672 2758 2854 2806; x_wconf 88' lang='lat' dir='ltr'><strong>autem</strong></span> <span class='ocrx_word' id='word_1_311' title='bbox 2878 2749 3098 2819; x_wconf 90' lang='lat' dir='ltr'><strong>quidam</strong></span> <span class='ocrx_word' id='word_1_312' title='bbox 3128 2747 3346 2801; x_wconf 85' lang='lat' dir='ltr'><strong>nomine</strong></span> <span class='ocrx_word' id='word_1_313' title='bbox 3377 2745 3641 2813; x_wconf 83' lang='lat' dir='ltr'><strong>Ananias,</strong></span> 
     </span>
    </p>
   </div>
   <div class='ocr_carea' id='block_1_54' title="bbox 2055 2837 3639 2915">
    <p class='ocr_par' dir='ltr' id='par_1_54' title="bbox 2055 2837 3639 2915">
     <span class='ocr_line' id='line_1_54' title="bbox 2055 2837 3639 2915; baseline -0.006 -14"><span class='ocrx_word' id='word_1_314' title='bbox 2055 2860 2178 2901; x_wconf 90' lang='lat' dir='ltr'><strong>cum</strong></span> <span class='ocrx_word' id='word_1_315' title='bbox 2227 2842 2458 2915; x_wconf 76' lang='lat' dir='ltr'><strong>Sapltira</strong></span> <span class='ocrx_word' id='word_1_316' title='bbox 2494 2859 2667 2900; x_wconf 76' lang='lat' dir='ltr'><strong>uxore</strong></span> <span class='ocrx_word' id='word_1_317' title='bbox 2699 2859 2821 2911; x_wconf 88' lang='lat' dir='ltr'><strong>sua,</strong></span> <span class='ocrx_word' id='word_1_318' title='bbox 2861 2840 3107 2899; x_wconf 84' lang='lat' dir='ltr'><strong>vendidit</strong></span> <span class='ocrx_word' id='word_1_319' title='bbox 3147 2854 3362 2912; x_wconf 80' lang='lat' dir='ltr'><strong>agrum,</strong></span> <span class='ocrx_word' id='word_1_320' title='bbox 3404 2846 3461 2894; x_wconf 88' lang='lat' dir='ltr'><strong>et</strong></span> <span class='ocrx_word' id='word_1_321' title='bbox 3487 2837 3639 2893; x_wconf 88' lang='lat' dir='ltr'><strong>l&#39;rau-</strong></span> 
     </span>
    </p>
   </div>
   <div class='ocr_carea' id='block_1_55' title="bbox 2054 2935 2720 3006">
    <p class='ocr_par' dir='ltr' id='par_1_55' title="bbox 2054 2935 2720 3006">
     <span class='ocr_line' id='line_1_55' title="bbox 2054 2935 2720 3006; baseline -0.003 -16"><span class='ocrx_word' id='word_1_322' title='bbox 2054 2935 2203 2990; x_wconf 86' lang='lat' dir='ltr'><strong>davit</strong></span> <span class='ocrx_word' id='word_1_323' title='bbox 2229 2935 2296 2990; x_wconf 90' lang='lat' dir='ltr'><strong>de</strong></span> <span class='ocrx_word' id='word_1_324' title='bbox 2326 2936 2511 3006; x_wconf 83' lang='lat' dir='ltr'><strong>pretio</strong></span> <span class='ocrx_word' id='word_1_325' title='bbox 2528 2935 2666 3006; x_wconf 90' lang='lat' dir='ltr'><strong>agri.</strong></span> <span class='ocrx_word' id='word_1_326' title='bbox 2700 2954 2720 2988; x_wconf 75' lang='grc' dir='ltr'><strong>ι</strong></span> 
     </span>
    </p>
   </div>
   <div class='ocr_carea' id='block_1_56' title="bbox 2127 3024 3642 3099">
    <p class='ocr_par' dir='ltr' id='par_1_56' title="bbox 2127 3024 3642 3099">
     <span class='ocr_line' id='line_1_56' title="bbox 2127 3024 3642 3099; baseline -0.001 -17"><span class='ocrx_word' id='word_1_327' title='bbox 2127 3026 2185 3083; x_wconf 92' lang='lat' dir='ltr'><strong>Si</strong></span> <span class='ocrx_word' id='word_1_328' title='bbox 2219 3037 2430 3094; x_wconf 88' lang='lat' dir='ltr'><strong>partem</strong></span> <span class='ocrx_word' id='word_1_329' title='bbox 2465 3029 2672 3099; x_wconf 78' lang='lat' dir='ltr'><strong>argenti</strong></span> <span class='ocrx_word' id='word_1_330' title='bbox 2706 3043 2737 3085; x_wconf 91' lang='lat' dir='ltr'><strong>e</strong></span> <span class='ocrx_word' id='word_1_331' title='bbox 2772 3027 3010 3099; x_wconf 83' lang='lat' dir='ltr'><strong>propriis</strong></span> <span class='ocrx_word' id='word_1_332' title='bbox 3057 3040 3349 3082; x_wconf 84' lang='lat' dir='ltr'><strong>reservans</strong></span> <span class='ocrx_word' id='word_1_333' title='bbox 3380 3024 3507 3091; x_wconf 83' lang='lat' dir='ltr'><strong>sibi,</strong></span> <span class='ocrx_word' id='word_1_334' title='bbox 3540 3037 3642 3080; x_wconf 89' lang='lat' dir='ltr'><strong>nec</strong></span> 
     </span>
    </p>
   </div>
   <div class='ocr_carea' id='block_1_57' title="bbox 361 3099 1943 3205">
    <p class='ocr_par' dir='ltr' id='par_1_57' title="bbox 361 3099 1943 3205">
     <span class='ocr_line' id='line_1_57' title="bbox 361 3099 1943 3205; baseline 0.015 -55"><span class='ocrx_word' id='word_1_335' title='bbox 361 3099 513 3205; x_wconf 39' lang='lat' dir='ltr'><strong>aut}?</strong></span> <span class='ocrx_word' id='word_1_336' title='bbox 546 3101 882 3205; x_wconf 44' lang='grc' dir='ltr'>μὴ’τδΑπᾶν</span> <span class='ocrx_word' id='word_1_337' title='bbox 930 3108 1082 3179; x_wconf 74' lang='grc' dir='ltr'>παρὰ</span> <span class='ocrx_word' id='word_1_338' title='bbox 1115 3112 1246 3176; x_wconf 82' lang='grc' dir='ltr'>τοὺς</span> <span class='ocrx_word' id='word_1_339' title='bbox 1284 3114 1451 3180; x_wconf 83' lang='grc' dir='ltr'>πόδας</span> <span class='ocrx_word' id='word_1_340' title='bbox 1484 3117 1593 3170; x_wconf 86' lang='grc' dir='ltr'><strong>τῶν</strong></span> <span class='ocrx_word' id='word_1_341' title='bbox 1636 3120 1943 3174; x_wconf 77' lang='grc' dir='ltr'>ἀποστόλων</span> 
     </span>
    </p>
   </div>
   <div class='ocr_carea' id='block_1_58' title="bbox 2048 3099 3634 3205">
    <p class='ocr_par' dir='ltr' id='par_1_58' title="bbox 2058 3120 3634 3190">
     <span class='ocr_line' id='line_1_58' title="bbox 2058 3120 3634 3190; baseline -0.003 -17"><span class='ocrx_word' id='word_1_342' title='bbox 2058 3128 2228 3174; x_wconf 87' lang='lat' dir='ltr'><strong>totum</strong></span> <span class='ocrx_word' id='word_1_343' title='bbox 2279 3122 2345 3176; x_wconf 88' lang='lat' dir='ltr'><strong>ad</strong></span> <span class='ocrx_word' id='word_1_344' title='bbox 2377 3121 2747 3190; x_wconf 89' lang='lat' dir='ltr'><strong>apostolorum</strong></span> <span class='ocrx_word' id='word_1_345' title='bbox 2790 3120 2960 3190; x_wconf 87' lang='lat' dir='ltr'><strong>pedes</strong></span> <span class='ocrx_word' id='word_1_346' title='bbox 2990 3131 3200 3190; x_wconf 87' lang='lat' dir='ltr'><strong>ponens</strong></span> <span class='ocrx_word' id='word_1_347' title='bbox 3236 3126 3484 3172; x_wconf 86' lang='lat' dir='ltr'><strong>mortuus</strong></span> <span class='ocrx_word' id='word_1_348' title='bbox 3530 3124 3634 3178; x_wconf 87' lang='lat' dir='ltr'><strong>est.</strong></span> 
     </span>
    </p>
   </div>
   <div class='ocr_carea' id='block_1_59' title="bbox 357 3187 1943 3282">
    <p class='ocr_par' dir='ltr' id='par_1_59' title="bbox 357 3187 1943 3282">
     <span class='ocr_line' id='line_1_59' title="bbox 357 3187 1943 3282; baseline 0.015 -42"><span class='ocrx_word' id='word_1_349' title='bbox 357 3187 531 3282; x_wconf 74' lang='grc' dir='ltr'>τιθεὶς</span> <span class='ocrx_word' id='word_1_350' title='bbox 553 3201 576 3230; x_wconf 76' lang='grc' dir='ltr'><strong>ο</strong></span> <span class='ocrx_word' id='word_1_351' title='bbox 625 3193 898 3262; x_wconf 86' lang='grc' dir='ltr'>ἀπέθανε,</span> <span class='ocrx_word' id='word_1_352' title='bbox 934 3197 988 3250; x_wconf 86' lang='grc' dir='ltr'><strong>τί</strong></span> <span class='ocrx_word' id='word_1_353' title='bbox 1020 3199 1084 3269; x_wconf 77' lang='grc' dir='ltr'>δὴ</span> <span class='ocrx_word' id='word_1_354' title='bbox 1123 3203 1220 3255; x_wconf 73' lang='grc' dir='ltr'><strong>καὶ</strong></span> <span class='ocrx_word' id='word_1_355' title='bbox 1255 3205 1502 3277; x_wconf 84' lang='grc' dir='ltr'>φήσομεν</span> <span class='ocrx_word' id='word_1_356' title='bbox 1541 3209 1671 3278; x_wconf 76' lang='grc' dir='ltr'>περὶ</span> <span class='ocrx_word' id='word_1_357' title='bbox 1709 3210 1820 3262; x_wconf 87' lang='grc' dir='ltr'><strong>τῶν</strong></span> <span class='ocrx_word' id='word_1_358' title='bbox 1869 3210 1943 3282; x_wconf 80' lang='grc' dir='ltr'><strong>μὴ</strong></span> 
     </span>
    </p>
   </div>
   <div class='ocr_carea' id='block_1_60' title="bbox 2048 3187 3638 3282">
    <p class='ocr_par' dir='ltr' id='par_1_60' title="bbox 2050 3187 3638 3282">
     <span class='ocr_line' id='line_1_60' title="bbox 2050 3187 3638 3282; baseline 0 -19"><span class='ocrx_word' id='word_1_359' title='bbox 2050 3211 2180 3280; x_wconf 93' lang='lat' dir='ltr'><strong>quid</strong></span> <span class='ocrx_word' id='word_1_360' title='bbox 2213 3187 2460 3268; x_wconf 73' lang='lat' dir='ltr'><strong>dicemus</strong></span> <span class='ocrx_word' id='word_1_361' title='bbox 2491 3213 2559 3266; x_wconf 85' lang='lat' dir='ltr'><strong>de</strong></span> <span class='ocrx_word' id='word_1_362' title='bbox 2602 3212 2668 3266; x_wconf 89' lang='lat' dir='ltr'><strong>iis</strong></span> <span class='ocrx_word' id='word_1_363' title='bbox 2715 3187 2807 3282; x_wconf 85' lang='lat' dir='ltr'><strong>qui</strong></span> <span class='ocrx_word' id='word_1_364' title='bbox 2848 3187 3060 3282; x_wconf 82' lang='lat' dir='ltr'><strong>seipsos</strong></span> <span class='ocrx_word' id='word_1_365' title='bbox 3093 3225 3198 3265; x_wconf 90' lang='lat' dir='ltr'><strong>non</strong></span> <span class='ocrx_word' id='word_1_366' title='bbox 3245 3209 3485 3264; x_wconf 74' lang='lat' dir='ltr'><strong>letaliter</strong></span> <span class='ocrx_word' id='word_1_367' title='bbox 3527 3206 3638 3263; x_wconf 89' lang='lat' dir='ltr'><strong>Deo</strong></span> 
     </span>
    </p>
   </div>
   <div class='ocr_carea' id='block_1_61' title="bbox 356 3279 1945 3369">
    <p class='ocr_par' dir='ltr' id='par_1_61' title="bbox 356 3279 1945 3369">
     <span class='ocr_line' id='line_1_61' title="bbox 356 3279 1945 3369; baseline 0.014 -39"><span class='ocrx_word' id='word_1_368' title='bbox 356 3279 661 3352; x_wconf 85' lang='grc' dir='ltr'>ὁλοσχερῶς</span> <span class='ocrx_word' id='word_1_369' title='bbox 694 3285 925 3350; x_wconf 80' lang='grc' dir='ltr'>ἑαυτοὺς</span> <span class='ocrx_word' id='word_1_370' title='bbox 956 3293 1344 3361; x_wconf 86' lang='grc' dir='ltr'>προσαγόντων</span> <span class='ocrx_word' id='word_1_371' title='bbox 1374 3295 1453 3366; x_wconf 86' lang='grc' dir='ltr'>τῷ</span> <span class='ocrx_word' id='word_1_372' title='bbox 1491 3296 1643 3366; x_wconf 83' lang='grc' dir='ltr'>Θεῷ,</span> <span class='ocrx_word' id='word_1_373' title='bbox 1676 3297 1813 3352; x_wconf 83' lang='grc' dir='ltr'>ἀλλὰ</span> <span class='ocrx_word' id='word_1_374' title='bbox 1849 3279 1945 3369; x_wconf 56' lang='grc' dir='ltr'><strong>μεέ</strong></span> 
     </span>
    </p>
   </div>
   <div class='ocr_carea' id='block_1_62' title="bbox 361 3370 1942 3460">
    <p class='ocr_par' dir='ltr' id='par_1_62' title="bbox 361 3370 1942 3460">
     <span class='ocr_line' id='line_1_62' title="bbox 361 3370 1942 3460; baseline 0.015 -39"><span class='ocrx_word' id='word_1_375' title='bbox 361 3370 528 3438; x_wconf 79' lang='grc' dir='ltr'>ρικῶς</span> <span class='ocrx_word' id='word_1_376' title='bbox 562 3373 658 3442; x_wconf 83' lang='grc' dir='ltr'><strong>μὲν</strong></span> <span class='ocrx_word' id='word_1_377' title='bbox 689 3374 758 3428; x_wconf 78' lang='grc' dir='ltr'>τὰ</span> <span class='ocrx_word' id='word_1_378' title='bbox 780 3375 873 3429; x_wconf 86' lang='grc' dir='ltr'><strong>τοῦ</strong></span> <span class='ocrx_word' id='word_1_379' title='bbox 902 3377 1039 3431; x_wconf 87' lang='grc' dir='ltr'>Θεοῦ</span> <span class='ocrx_word' id='word_1_380' title='bbox 1063 3381 1384 3446; x_wconf 81' lang='grc' dir='ltr'>ποιούντων,</span> <span class='ocrx_word' id='word_1_381' title='bbox 1417 3387 1465 3439; x_wconf 89' lang='grc' dir='ltr'><strong>εί</strong></span> <span class='ocrx_word' id='word_1_382' title='bbox 1490 3386 1666 3457; x_wconf 81' lang='grc' dir='ltr'>τύχοι,</span> <span class='ocrx_word' id='word_1_383' title='bbox 1699 3392 1942 3460; x_wconf 82' lang='grc' dir='ltr'>μερικῶς</span> 
     </span>
    </p>
   </div>
   <div class='ocr_carea' id='block_1_63' title="bbox 354 3460 1942 3553">
    <p class='ocr_par' dir='ltr' id='par_1_63' title="bbox 354 3460 1942 3553">
     <span class='ocr_line' id='line_1_63' title="bbox 354 3460 1942 3553; baseline 0.016 -41"><span class='ocrx_word' id='word_1_384' title='bbox 354 3460 411 3512; x_wconf 81' lang='grc' dir='ltr'>δὲ</span> <span class='ocrx_word' id='word_1_385' title='bbox 433 3465 552 3526; x_wconf 85' lang='grc' dir='ltr'>ταῖς</span> <span class='ocrx_word' id='word_1_386' title='bbox 586 3463 743 3529; x_wconf 80' lang='grc' dir='ltr'>ἰδίαις</span> <span class='ocrx_word' id='word_1_387' title='bbox 767 3468 1086 3540; x_wconf 86' lang='grc' dir='ltr'>ἐπιθυμίαις</span> <span class='ocrx_word' id='word_1_388' title='bbox 1114 3472 1509 3543; x_wconf 73' lang='grc' dir='ltr'>δουλευόντωνς</span> <span class='ocrx_word' id='word_1_389' title='bbox 1534 3476 1615 3543; x_wconf 82' lang='grc' dir='ltr'><strong>οἷς</strong></span> <span class='ocrx_word' id='word_1_390' title='bbox 1641 3481 1942 3553; x_wconf 81' lang='grc' dir='ltr'>ἀπαντήσει</span> 
     </span>
    </p>
   </div>
   <div class='ocr_carea' id='block_1_64' title="bbox 356 3552 1940 3634">
    <p class='ocr_par' dir='ltr' id='par_1_64' title="bbox 356 3552 1940 3634">
     <span class='ocr_line' id='line_1_64' title="bbox 356 3552 1940 3634; baseline 0.016 -31"><span class='ocrx_word' id='word_1_391' title='bbox 356 3552 491 3605; x_wconf 74' lang='grc' dir='ltr'>πολὺ</span> <span class='ocrx_word' id='word_1_392' title='bbox 534 3556 736 3624; x_wconf 77' lang='grc' dir='ltr'>μείζων</span> <span class='ocrx_word' id='word_1_393' title='bbox 777 3563 1049 3631; x_wconf 80' lang='grc' dir='ltr'>τιμωρία’</span> <span class='ocrx_word' id='word_1_394' title='bbox 1082 3563 1157 3627; x_wconf 82' lang='grc' dir='ltr'>ὡς</span> <span class='ocrx_word' id='word_1_395' title='bbox 1203 3565 1431 3620; x_wconf 80' lang='grc' dir='ltr'>δυνατοῦ</span> <span class='ocrx_word' id='word_1_396' title='bbox 1473 3568 1625 3634; x_wconf 79' lang='grc' dir='ltr'>ὄντος</span> <span class='ocrx_word' id='word_1_397' title='bbox 1660 3572 1757 3625; x_wconf 89' lang='grc' dir='ltr'><strong>τοῦ</strong></span> <span class='ocrx_word' id='word_1_398' title='bbox 1805 3575 1940 3627; x_wconf 83' lang='grc' dir='ltr'>Θεοῦ</span> 
     </span>
    </p>
   </div>
   <div class='ocr_carea' id='block_1_65' title="bbox 355 3645 1938 3726">
    <p class='ocr_par' dir='ltr' id='par_1_65' title="bbox 355 3645 1938 3726">
     <span class='ocr_line' id='line_1_65' title="bbox 355 3645 1938 3726; baseline 0.015 -33"><span class='ocrx_word' id='word_1_399' title='bbox 355 3645 450 3695; x_wconf 84' lang='grc' dir='ltr'><strong>καὶ</strong></span> <span class='ocrx_word' id='word_1_400' title='bbox 480 3645 657 3716; x_wconf 59' lang='grc' dir='ltr'>ψυχὴν</span> <span class='ocrx_word' id='word_1_401' title='bbox 687 3649 781 3701; x_wconf 74' lang='grc' dir='ltr'><strong>καὶ</strong></span> <span class='ocrx_word' id='word_1_402' title='bbox 813 3650 975 3720; x_wconf 86' lang='grc' dir='ltr'>σῶμα</span> <span class='ocrx_word' id='word_1_403' title='bbox 1016 3654 1073 3705; x_wconf 83' lang='grc' dir='ltr'><strong>ὲν</strong></span> <span class='ocrx_word' id='word_1_404' title='bbox 1109 3655 1301 3726; x_wconf 81' lang='grc' dir='ltr'>γεέννῃ</span> <span class='ocrx_word' id='word_1_405' title='bbox 1338 3657 1631 3713; x_wconf 84' lang='grc' dir='ltr'>ἁπολέσαι’</span> <span class='ocrx_word' id='word_1_406' title='bbox 1674 3661 1849 3715; x_wconf 88' lang='grc' dir='ltr'>ταῦτα</span> <span class='ocrx_word' id='word_1_407' title='bbox 1881 3664 1938 3717; x_wconf 76' lang='grc' dir='ltr'>δὲ</span> 
     </span>
    </p>
   </div>
   <div class='ocr_carea' id='block_1_66' title="bbox 354 3734 1938 3819">
    <p class='ocr_par' dir='ltr' id='par_1_66' title="bbox 354 3734 1938 3819">
     <span class='ocr_line' id='line_1_66' title="bbox 354 3734 1938 3819; baseline 0.015 -34"><span class='ocrx_word' id='word_1_408' title='bbox 354 3734 518 3803; x_wconf 77' lang='grc' dir='ltr'>λέγω,</span> <span class='ocrx_word' id='word_1_409' title='bbox 547 3736 635 3791; x_wconf 76' lang='grc' dir='ltr'>διὰ</span> <span class='ocrx_word' id='word_1_410' title='bbox 664 3742 792 3805; x_wconf 77' lang='grc' dir='ltr'>τοὺς</span> <span class='ocrx_word' id='word_1_411' title='bbox 825 3743 899 3813; x_wconf 82' lang='grc' dir='ltr'>μὴ</span> <span class='ocrx_word' id='word_1_412' title='bbox 925 3743 1144 3814; x_wconf 83' lang='grc' dir='ltr'>θερμῶς</span> <span class='ocrx_word' id='word_1_413' title='bbox 1169 3747 1538 3814; x_wconf 83' lang='grc' dir='ltr'>ἀπαιτοῦντας</span> <span class='ocrx_word' id='word_1_414' title='bbox 1560 3751 1687 3816; x_wconf 74' lang='grc' dir='ltr'>τοὺς</span> <span class='ocrx_word' id='word_1_415' title='bbox 1713 3756 1938 3819; x_wconf 81' lang='grc' dir='ltr'>πιστοὺς</span> 
     </span>
    </p>
   </div>
   <div class='ocr_carea' id='block_1_67' title="bbox 355 3827 474 3899">
    <p class='ocr_par' dir='ltr' id='par_1_67' title="bbox 355 3827 474 3899">
     <span class='ocr_line' id='line_1_67' title="bbox 355 3827 474 3899; baseline 0 -19"><span class='ocrx_word' id='word_1_416' title='bbox 355 3827 474 3899; x_wconf 77' lang='grc' dir='ltr'>ζῇν.</span> 
     </span>
    </p>
   </div>
   <div class='ocr_carea' id='block_1_68' title="bbox 430 3921 1938 4006">
    <p class='ocr_par' dir='ltr' id='par_1_68' title="bbox 430 3921 1938 4006">
     <span class='ocr_line' id='line_1_68' title="bbox 430 3921 1938 4006; baseline 0.012 -35"><span class='ocrx_word' id='word_1_417' title='bbox 430 3939 447 3971; x_wconf 80' lang='grc' dir='ltr'><strong>ι</strong></span> <span class='ocrx_word' id='word_1_418' title='bbox 486 3921 796 3986; x_wconf 86' lang='grc' dir='ltr'>Συνειδυίας</span> <span class='ocrx_word' id='word_1_419' title='bbox 826 3925 921 3978; x_wconf 70' lang='grc' dir='ltr'><strong>καὶ</strong></span> <span class='ocrx_word' id='word_1_420' title='bbox 947 3927 1046 3996; x_wconf 76' lang='grc' dir='ltr'>τῆς</span> <span class='ocrx_word' id='word_1_421' title='bbox 1073 3927 1354 3994; x_wconf 78' lang='grc' dir='ltr'>γυναικὸς,</span> <span class='ocrx_word' id='word_1_422' title='bbox 1379 3931 1474 3983; x_wconf 77' lang='grc' dir='ltr'><strong>καὶ</strong></span> <span class='ocrx_word' id='word_1_423' title='bbox 1507 3931 1738 4001; x_wconf 79' lang='grc' dir='ltr'>ἐνέγκας</span> <span class='ocrx_word' id='word_1_424' title='bbox 1771 3933 1938 4006; x_wconf 83' lang='grc' dir='ltr'>μέρος</span> 
     </span>
    </p>
   </div>
   <div class='ocr_carea' id='block_1_69' title="bbox 350 4013 1731 4093">
    <p class='ocr_par' dir='ltr' id='par_1_69' title="bbox 350 4013 1731 4093">
     <span class='ocr_line' id='line_1_69' title="bbox 350 4013 1731 4093; baseline 0.01 -31"><span class='ocrx_word' id='word_1_425' title='bbox 350 4027 404 4063; x_wconf 87' lang='grc' dir='ltr'><strong>τι</strong></span> <span class='ocrx_word' id='word_1_426' title='bbox 437 4013 585 4083; x_wconf 76' lang='grc' dir='ltr'>παρά</span> <span class='ocrx_word' id='word_1_427' title='bbox 612 4014 738 4079; x_wconf 80' lang='grc' dir='ltr'>τοὺς</span> <span class='ocrx_word' id='word_1_428' title='bbox 771 4017 938 4079; x_wconf 86' lang='grc' dir='ltr'>πόδας</span> <span class='ocrx_word' id='word_1_429' title='bbox 968 4018 1076 4071; x_wconf 90' lang='grc' dir='ltr'><strong>τῶν</strong></span> <span class='ocrx_word' id='word_1_430' title='bbox 1110 4020 1424 4074; x_wconf 85' lang='grc' dir='ltr'>ἀποστόλων</span> <span class='ocrx_word' id='word_1_431' title='bbox 1457 4022 1672 4093; x_wconf 77' lang='grc' dir='ltr'>έθηκεν.</span> <span class='ocrx_word' id='word_1_432' title='bbox 1712 4044 1731 4076; x_wconf 71' lang='grc' dir='ltr'><strong>ι</strong></span> 
     </span>
    </p>
   </div>
   <div class='ocr_carea' id='block_1_70' title="bbox 423 4104 1933 4188">
    <p class='ocr_par' dir='ltr' id='par_1_70' title="bbox 423 4104 1933 4188">
     <span class='ocr_line' id='line_1_70' title="bbox 423 4104 1933 4188; baseline 0.011 -32"><span class='ocrx_word' id='word_1_433' title='bbox 423 4104 768 4173; x_wconf 84' lang='grc' dir='ltr'>Σημειωτέον</span> <span class='ocrx_word' id='word_1_434' title='bbox 821 4109 904 4161; x_wconf 81' lang='grc' dir='ltr'>ὃτι</span> <span class='ocrx_word' id='word_1_435' title='bbox 953 4111 1048 4162; x_wconf 79' lang='grc' dir='ltr'><strong>καὶ</strong></span> <span class='ocrx_word' id='word_1_436' title='bbox 1088 4111 1152 4164; x_wconf 85' lang='grc' dir='ltr'><strong>τὸ</strong></span> <span class='ocrx_word' id='word_1_437' title='bbox 1204 4113 1502 4167; x_wconf 79' lang='grc' dir='ltr'>συνειδέναι</span> <span class='ocrx_word' id='word_1_438' title='bbox 1546 4133 1599 4169; x_wconf 86' lang='grc' dir='ltr'><strong>τι</strong></span> <span class='ocrx_word' id='word_1_439' title='bbox 1647 4116 1933 4188; x_wconf 91' lang='grc' dir='ltr'>γινόμενον</span> 
     </span>
    </p>
   </div>
   <div class='ocr_carea' id='block_1_71' title="bbox 351 4196 1786 4276">
    <p class='ocr_par' dir='ltr' id='par_1_71' title="bbox 351 4196 1786 4276">
     <span class='ocr_line' id='line_1_71' title="bbox 351 4196 1786 4276; baseline 0.013 -30"><span class='ocrx_word' id='word_1_440' title='bbox 351 4196 481 4266; x_wconf 78' lang='grc' dir='ltr'>παρ’</span> <span class='ocrx_word' id='word_1_441' title='bbox 514 4196 673 4250; x_wconf 80' lang='grc' dir='ltr'>ἄλλου</span> <span class='ocrx_word' id='word_1_442' title='bbox 706 4200 895 4264; x_wconf 81' lang='grc' dir='ltr'>κακὸν,</span> <span class='ocrx_word' id='word_1_443' title='bbox 929 4204 1023 4255; x_wconf 76' lang='grc' dir='ltr'><strong>καὶ</strong></span> <span class='ocrx_word' id='word_1_444' title='bbox 1062 4205 1272 4274; x_wconf 82' lang='grc' dir='ltr'>σιωπᾷν</span> <span class='ocrx_word' id='word_1_445' title='bbox 1292 4243 1310 4267; x_wconf 79' lang='lat'><strong>,</strong></span> <span class='ocrx_word' id='word_1_446' title='bbox 1333 4207 1579 4276; x_wconf 79' lang='grc' dir='ltr'>ἁμαρτία</span> <span class='ocrx_word' id='word_1_447' title='bbox 1620 4209 1786 4264; x_wconf 80' lang='grc' dir='ltr'>ἐστίν.</span> 
     </span>
    </p>
   </div>
   <div class='ocr_carea' id='block_1_72' title="bbox 427 4285 1931 4372">
    <p class='ocr_par' dir='ltr' id='par_1_72' title="bbox 427 4285 1931 4372">
     <span class='ocr_line' id='line_1_72' title="bbox 427 4285 1931 4372; baseline 0.012 -33"><span class='ocrx_word' id='word_1_448' title='bbox 427 4308 444 4339; x_wconf 73' lang='grc' dir='ltr'><strong>ι</strong></span> <span class='ocrx_word' id='word_1_449' title='bbox 493 4285 627 4342; x_wconf 84' lang='grc' dir='ltr'>Εἷπε</span> <span class='ocrx_word' id='word_1_450' title='bbox 671 4290 726 4344; x_wconf 77' lang='grc' dir='ltr'>δὲ</span> <span class='ocrx_word' id='word_1_451' title='bbox 770 4294 798 4344; x_wconf 88' lang='grc' dir='ltr'><strong>ὁ</strong></span> <span class='ocrx_word' id='word_1_452' title='bbox 832 4293 1066 4365; x_wconf 85' lang='grc' dir='ltr'>Πέτρος’</span> <span class='ocrx_word' id='word_1_453' title='bbox 1118 4296 1359 4362; x_wconf 76' lang='grc' dir='ltr'>Ἀνανία,</span> <span class='ocrx_word' id='word_1_454' title='bbox 1385 4298 1526 4351; x_wconf 88' lang='grc' dir='ltr'>διατί</span> <span class='ocrx_word' id='word_1_455' title='bbox 1554 4300 1875 4372; x_wconf 84' lang='grc' dir='ltr'>ἐπλήρωσεν</span> <span class='ocrx_word' id='word_1_456' title='bbox 1903 4318 1931 4357; x_wconf 89' lang='grc' dir='ltr'><strong>ο</strong></span> 
     </span>
    </p>
   </div>
   <div class='ocr_carea' id='block_1_73' title="bbox 349 4378 1929 4465">
    <p class='ocr_par' dir='ltr' id='par_1_73' title="bbox 349 4378 1929 4465">
     <span class='ocr_line' id='line_1_73' title="bbox 349 4378 1929 4465; baseline 0.011 -35"><span class='ocrx_word' id='word_1_457' title='bbox 349 4378 590 4443; x_wconf 82' lang='grc' dir='ltr'>Σατανᾶς</span> <span class='ocrx_word' id='word_1_458' title='bbox 618 4382 717 4452; x_wconf 83' lang='grc' dir='ltr'>τὴν</span> <span class='ocrx_word' id='word_1_459' title='bbox 750 4384 980 4455; x_wconf 84' lang='grc' dir='ltr'>καρδίαν</span> <span class='ocrx_word' id='word_1_460' title='bbox 1013 4401 1129 4450; x_wconf 86' lang='grc' dir='ltr'>σου,</span> <span class='ocrx_word' id='word_1_461' title='bbox 1168 4387 1473 4455; x_wconf 81' lang='grc' dir='ltr'>ψεύσασθαί</span> <span class='ocrx_word' id='word_1_462' title='bbox 1506 4407 1564 4443; x_wconf 86' lang='grc' dir='ltr'><strong>σε</strong></span> <span class='ocrx_word' id='word_1_463' title='bbox 1596 4392 1656 4445; x_wconf 82' lang='grc' dir='ltr'>τὸ</span> <span class='ocrx_word' id='word_1_464' title='bbox 1702 4394 1929 4465; x_wconf 84' lang='grc' dir='ltr'>Πνεῦμα</span> 
     </span>
    </p>
   </div>
   <div class='ocr_carea' id='block_1_74' title="bbox 2045 3298 3633 3372">
    <p class='ocr_par' dir='ltr' id='par_1_74' title="bbox 2045 3298 3633 3372">
     <span class='ocr_line' id='line_1_74' title="bbox 2045 3298 3633 3372; baseline -0.003 -16"><span class='ocrx_word' id='word_1_465' title='bbox 2045 3300 2315 3367; x_wconf 79' lang='lat' dir='ltr'><strong>oll&#39;crunt,</strong></span> <span class='ocrx_word' id='word_1_466' title='bbox 2363 3302 2461 3357; x_wconf 87' lang='lat' dir='ltr'><strong>sed</strong></span> <span class='ocrx_word' id='word_1_467' title='bbox 2505 3302 2704 3372; x_wconf 89' lang='lat' dir='ltr'><strong>partim</strong></span> <span class='ocrx_word' id='word_1_468' title='bbox 2749 3303 2890 3357; x_wconf 80' lang='lat' dir='ltr'><strong>forte</strong></span> <span class='ocrx_word' id='word_1_469' title='bbox 2938 3317 3061 3371; x_wconf 65' lang='lat' dir='ltr'><strong>qua:</strong></span> <span class='ocrx_word' id='word_1_470' title='bbox 3098 3299 3194 3356; x_wconf 88' lang='lat' dir='ltr'><strong>Dei</strong></span> <span class='ocrx_word' id='word_1_471' title='bbox 3240 3310 3371 3355; x_wconf 84' lang='lat' dir='ltr'><strong>sunt</strong></span> <span class='ocrx_word' id='word_1_472' title='bbox 3409 3298 3633 3362; x_wconf 82' lang='lat' dir='ltr'><strong>faciunt,</strong></span> 
     </span>
    </p>
   </div>
   <div class='ocr_carea' id='block_1_75' title="bbox 2044 3389 3636 3464">
    <p class='ocr_par' dir='ltr' id='par_1_75' title="bbox 2044 3389 3636 3464">
     <span class='ocr_line' id='line_1_75' title="bbox 2044 3389 3636 3464; baseline -0.001 -17"><span class='ocrx_word' id='word_1_473' title='bbox 2044 3402 2255 3464; x_wconf 84' lang='lat' dir='ltr'><strong>partem</strong></span> <span class='ocrx_word' id='word_1_474' title='bbox 2287 3395 2523 3463; x_wconf 88' lang='lat' dir='ltr'><strong>propriis</strong></span> <span class='ocrx_word' id='word_1_475' title='bbox 2553 3393 3016 3464; x_wconf 84' lang='lat' dir='ltr'><strong>concupiscentiis</strong></span> <span class='ocrx_word' id='word_1_476' title='bbox 3052 3392 3395 3447; x_wconf 69' lang='lat' dir='ltr'><strong>inserviunt?</strong></span> <span class='ocrx_word' id='word_1_477' title='bbox 3424 3389 3636 3456; x_wconf 85' lang='lat' dir='ltr'><strong>Quibus</strong></span> 
     </span>
    </p>
   </div>
   <div class='ocr_carea' id='block_1_76' title="bbox 2044 3482 3633 3556">
    <p class='ocr_par' dir='ltr' id='par_1_76' title="bbox 2044 3482 3633 3556">
     <span class='ocr_line' id='line_1_76' title="bbox 2044 3482 3633 3556; baseline -0.003 -17"><span class='ocrx_word' id='word_1_478' title='bbox 2044 3483 2316 3554; x_wconf 84' lang='lat' dir='ltr'><strong>intligetur</strong></span> <span class='ocrx_word' id='word_1_479' title='bbox 2356 3488 2526 3540; x_wconf 89' lang='lat' dir='ltr'><strong>multo</strong></span> <span class='ocrx_word' id='word_1_480' title='bbox 2569 3486 2743 3556; x_wconf 90' lang='lat' dir='ltr'><strong>major</strong></span> <span class='ocrx_word' id='word_1_481' title='bbox 2784 3498 2967 3556; x_wconf 65' lang='lat' dir='ltr'><strong>paena,</strong></span> <span class='ocrx_word' id='word_1_482' title='bbox 3015 3498 3138 3538; x_wconf 84' lang='lat' dir='ltr'><strong>cum</strong></span> <span class='ocrx_word' id='word_1_483' title='bbox 3199 3482 3373 3552; x_wconf 86' lang='lat' dir='ltr'><strong>possit</strong></span> <span class='ocrx_word' id='word_1_484' title='bbox 3402 3482 3542 3537; x_wconf 88' lang='lat' dir='ltr'><strong>Deus</strong></span> <span class='ocrx_word' id='word_1_485' title='bbox 3576 3491 3633 3536; x_wconf 91' lang='lat' dir='ltr'><strong>et</strong></span> 
     </span>
    </p>
   </div>
   <div class='ocr_carea' id='block_1_77' title="bbox 2042 3574 3628 3647">
    <p class='ocr_par' dir='ltr' id='par_1_77' title="bbox 2042 3574 3628 3647">
     <span class='ocr_line' id='line_1_77' title="bbox 2042 3574 3628 3647; baseline -0.001 -18"><span class='ocrx_word' id='word_1_486' title='bbox 2042 3577 2279 3631; x_wconf 89' lang='lat' dir='ltr'><strong>animam</strong></span> <span class='ocrx_word' id='word_1_487' title='bbox 2324 3587 2380 3632; x_wconf 88' lang='lat' dir='ltr'><strong>et</strong></span> <span class='ocrx_word' id='word_1_488' title='bbox 2408 3592 2605 3646; x_wconf 91' lang='lat' dir='ltr'><strong>corpus</strong></span> <span class='ocrx_word' id='word_1_489' title='bbox 2648 3578 2703 3632; x_wconf 91' lang='lat' dir='ltr'><strong>in</strong></span> <span class='ocrx_word' id='word_1_490' title='bbox 2740 3579 3040 3647; x_wconf 85' lang='lat' dir='ltr'><strong>gehennam</strong></span> <span class='ocrx_word' id='word_1_491' title='bbox 3070 3574 3340 3644; x_wconf 90' lang='lat' dir='ltr'><strong>perdere:</strong></span> <span class='ocrx_word' id='word_1_492' title='bbox 3371 3574 3486 3629; x_wconf 84' lang='lat' dir='ltr'><strong>haec</strong></span> <span class='ocrx_word' id='word_1_493' title='bbox 3526 3589 3628 3628; x_wconf 82' lang='lat' dir='ltr'><strong>au-</strong></span> 
     </span>
    </p>
   </div>
   <div class='ocr_carea' id='block_1_78' title="bbox 2041 3664 3631 3740">
    <p class='ocr_par' dir='ltr' id='par_1_78' title="bbox 2041 3664 3631 3740">
     <span class='ocr_line' id='line_1_78' title="bbox 2041 3664 3631 3740; baseline 0.001 -20"><span class='ocrx_word' id='word_1_494' title='bbox 2041 3674 2150 3721; x_wconf 89' lang='lat' dir='ltr'><strong>tem</strong></span> <span class='ocrx_word' id='word_1_495' title='bbox 2193 3668 2336 3736; x_wconf 87' lang='lat' dir='ltr'><strong>dico,</strong></span> <span class='ocrx_word' id='word_1_496' title='bbox 2370 3679 2592 3739; x_wconf 89' lang='lat' dir='ltr'><strong>propter</strong></span> <span class='ocrx_word' id='word_1_497' title='bbox 2631 3683 2728 3725; x_wconf 88' lang='lat' dir='ltr'><strong>eos</strong></span> <span class='ocrx_word' id='word_1_498' title='bbox 2777 3669 2869 3740; x_wconf 85' lang='lat' dir='ltr'><strong>qui</strong></span> <span class='ocrx_word' id='word_1_499' title='bbox 2920 3683 3028 3725; x_wconf 90' lang='lat' dir='ltr'><strong>non</strong></span> <span class='ocrx_word' id='word_1_500' title='bbox 3069 3668 3294 3739; x_wconf 78' lang='lat' dir='ltr'><strong>exigunt</strong></span> <span class='ocrx_word' id='word_1_501' title='bbox 3336 3674 3396 3721; x_wconf 93' lang='lat' dir='ltr'><strong>ut</strong></span> <span class='ocrx_word' id='word_1_502' title='bbox 3438 3664 3631 3723; x_wconf 84' lang='lat' dir='ltr'><strong>ﬁdeles</strong></span> 
     </span>
    </p>
   </div>
   <div class='ocr_carea' id='block_1_79' title="bbox 2042 3758 2632 3815">
    <p class='ocr_par' dir='ltr' id='par_1_79' title="bbox 2042 3758 2632 3815">
     <span class='ocr_line' id='line_1_79' title="bbox 2042 3758 2632 3815; baseline 0.002 -2"><span class='ocrx_word' id='word_1_503' title='bbox 2042 3774 2162 3813; x_wconf 90' lang='lat' dir='ltr'><strong>cum</strong></span> <span class='ocrx_word' id='word_1_504' title='bbox 2189 3758 2401 3814; x_wconf 79' lang='lat' dir='ltr'><strong>fervore</strong></span> <span class='ocrx_word' id='word_1_505' title='bbox 2426 3760 2632 3815; x_wconf 82' lang='lat' dir='ltr'><strong>vivant.</strong></span> 
     </span>
    </p>
   </div>
   <div class='ocr_carea' id='block_1_80' title="bbox 2118 3937 3622 4008">
    <p class='ocr_par' dir='ltr' id='par_1_80' title="bbox 2118 3937 3622 4008">
     <span class='ocr_line' id='line_1_80' title="bbox 2118 3937 3622 4008; baseline 0.003 -17"><span class='ocrx_word' id='word_1_506' title='bbox 2118 3957 2137 3991; x_wconf 76' lang='grc' dir='ltr'><strong>σ</strong></span> <span class='ocrx_word' id='word_1_507' title='bbox 2169 3938 2398 3995; x_wconf 83' lang='lat' dir='ltr'><strong>Conscia</strong></span> <span class='ocrx_word' id='word_1_508' title='bbox 2422 3952 2593 3994; x_wconf 79' lang='lat' dir='ltr'><strong>uxore</strong></span> <span class='ocrx_word' id='word_1_509' title='bbox 2617 3952 2711 3993; x_wconf 88' lang='lat' dir='ltr'><strong>sua</strong></span> <span class='ocrx_word' id='word_1_510' title='bbox 2740 3947 2794 3993; x_wconf 88' lang='lat' dir='ltr'><strong>et</strong></span> <span class='ocrx_word' id='word_1_511' title='bbox 2816 3937 3048 3993; x_wconf 68' lang='grc' dir='ltr'>σείει-επις</span> <span class='ocrx_word' id='word_1_512' title='bbox 3073 3948 3279 4008; x_wconf 89' lang='lat' dir='ltr'><strong>partem</strong></span> <span class='ocrx_word' id='word_1_513' title='bbox 3309 3943 3622 4008; x_wconf 83' lang='lat' dir='ltr'><strong>quamdam,</strong></span> 
     </span>
    </p>
   </div>
   <div class='ocr_carea' id='block_1_81' title="bbox 2040 4028 3010 4101">
    <p class='ocr_par' dir='ltr' id='par_1_81' title="bbox 2040 4028 3010 4101">
     <span class='ocr_line' id='line_1_81' title="bbox 2040 4028 3010 4101; baseline -0.004 -17"><span class='ocrx_word' id='word_1_514' title='bbox 2040 4030 2107 4086; x_wconf 91' lang='lat' dir='ltr'><strong>ad</strong></span> <span class='ocrx_word' id='word_1_515' title='bbox 2151 4032 2318 4101; x_wconf 85' lang='lat' dir='ltr'><strong>pedes</strong></span> <span class='ocrx_word' id='word_1_516' title='bbox 2351 4028 2717 4099; x_wconf 83' lang='lat' dir='ltr'><strong>apostolorum</strong></span> <span class='ocrx_word' id='word_1_517' title='bbox 2753 4029 2951 4099; x_wconf 83' lang='lat' dir='ltr'><strong>posuit.</strong></span> <span class='ocrx_word' id='word_1_518' title='bbox 2991 4048 3010 4079; x_wconf 75' lang='grc' dir='ltr'><strong>ι</strong></span> 
     </span>
    </p>
   </div>
   <div class='ocr_carea' id='block_1_82' title="bbox 2110 4120 3623 4190">
    <p class='ocr_par' dir='ltr' id='par_1_82' title="bbox 2110 4120 3623 4190">
     <span class='ocr_line' id='line_1_82' title="bbox 2110 4120 3623 4190; baseline 0.003 -16"><span class='ocrx_word' id='word_1_519' title='bbox 2110 4120 2418 4175; x_wconf 87' lang='lat' dir='ltr'><strong>Notandum</strong></span> <span class='ocrx_word' id='word_1_520' title='bbox 2454 4121 2597 4190; x_wconf 87' lang='lat' dir='ltr'><strong>quod</strong></span> <span class='ocrx_word' id='word_1_521' title='bbox 2632 4121 2912 4177; x_wconf 83' lang='lat' dir='ltr'><strong>conscium</strong></span> <span class='ocrx_word' id='word_1_522' title='bbox 2955 4136 3076 4178; x_wconf 91' lang='lat' dir='ltr'><strong>esse</strong></span> <span class='ocrx_word' id='word_1_523' title='bbox 3109 4123 3174 4179; x_wconf 91' lang='lat' dir='ltr'><strong>de</strong></span> <span class='ocrx_word' id='word_1_524' title='bbox 3215 4123 3357 4178; x_wconf 85' lang='lat' dir='ltr'><strong>malo</strong></span> <span class='ocrx_word' id='word_1_525' title='bbox 3398 4122 3623 4179; x_wconf 78' lang='lat' dir='ltr'><strong>alterius</strong></span> 
     </span>
    </p>
   </div>
   <div class='ocr_carea' id='block_1_83' title="bbox 2037 4212 3463 4283">
    <p class='ocr_par' dir='ltr' id='par_1_83' title="bbox 2037 4212 3463 4283">
     <span class='ocr_line' id='line_1_83' title="bbox 2037 4212 3463 4283; baseline 0.004 -15"><span class='ocrx_word' id='word_1_526' title='bbox 2037 4221 2091 4268; x_wconf 89' lang='lat' dir='ltr'><strong>et</strong></span> <span class='ocrx_word' id='word_1_527' title='bbox 2114 4212 2277 4268; x_wconf 90' lang='lat' dir='ltr'><strong>silere</strong></span> <span class='ocrx_word' id='word_1_528' title='bbox 2302 4222 2585 4282; x_wconf 90' lang='lat' dir='ltr'><strong>peccatum</strong></span> <span class='ocrx_word' id='word_1_529' title='bbox 2615 4224 2723 4270; x_wconf 86' lang='lat' dir='ltr'><strong>est.</strong></span> <span class='ocrx_word' id='word_1_530' title='bbox 3455 4274 3463 4283; x_wconf 75' lang='grc'><strong>,</strong></span> 
     </span>
    </p>
   </div>
   <div class='ocr_carea' id='block_1_84' title="bbox 2112 4305 3622 4379">
    <p class='ocr_par' dir='ltr' id='par_1_84' title="bbox 2112 4305 3622 4379">
     <span class='ocr_line' id='line_1_84' title="bbox 2112 4305 3622 4379; baseline 0.004 -19"><span class='ocrx_word' id='word_1_531' title='bbox 2112 4305 2277 4362; x_wconf 71' lang='lat' dir='ltr'><strong>Vsus.</strong></span> <span class='ocrx_word' id='word_1_532' title='bbox 2305 4307 2361 4361; x_wconf 80' lang='grc'>5.</span> <span class='ocrx_word' id='word_1_533' title='bbox 2412 4325 2430 4358; x_wconf 78' lang='grc' dir='ltr'><strong>ι</strong></span> <span class='ocrx_word' id='word_1_534' title='bbox 2463 4305 2815 4363; x_wconf 81' lang='lat' dir='ltr'><strong>Dixitautem</strong></span> <span class='ocrx_word' id='word_1_535' title='bbox 2857 4308 3091 4379; x_wconf 82' lang='lat' dir='ltr'><strong>Petrus;</strong></span> <span class='ocrx_word' id='word_1_536' title='bbox 3123 4308 3354 4377; x_wconf 81' lang='lat' dir='ltr'><strong>Anania,</strong></span> <span class='ocrx_word' id='word_1_537' title='bbox 3395 4326 3493 4366; x_wconf 83' lang='lat' dir='ltr'><strong>cur</strong></span> <span class='ocrx_word' id='word_1_538' title='bbox 3538 4327 3622 4367; x_wconf 84' lang='lat' dir='ltr'><strong>re-</strong></span> 
     </span>
    </p>
   </div>
   <div class='ocr_carea' id='block_1_85' title="bbox 2037 4398 3615 4472">
    <p class='ocr_par' dir='ltr' id='par_1_85' title="bbox 2037 4398 3615 4472">
     <span class='ocr_line' id='line_1_85' title="bbox 2037 4398 3615 4472; baseline 0.005 -21"><span class='ocrx_word' id='word_1_539' title='bbox 2037 4398 2207 4468; x_wconf 85' lang='lat' dir='ltr'><strong>plevit</strong></span> <span class='ocrx_word' id='word_1_540' title='bbox 2236 4399 2470 4455; x_wconf 87' lang='lat' dir='ltr'><strong>Satanas</strong></span> <span class='ocrx_word' id='word_1_541' title='bbox 2501 4414 2598 4455; x_wconf 91' lang='lat' dir='ltr'><strong>cor</strong></span> <span class='ocrx_word' id='word_1_542' title='bbox 2625 4409 2777 4456; x_wconf 90' lang='lat' dir='ltr'><strong>tuum</strong></span> <span class='ocrx_word' id='word_1_543' title='bbox 2805 4402 3022 4458; x_wconf 89' lang='lat' dir='ltr'><strong>mentiri</strong></span> <span class='ocrx_word' id='word_1_544' title='bbox 3054 4410 3107 4458; x_wconf 89' lang='lat' dir='ltr'><strong>te</strong></span> <span class='ocrx_word' id='word_1_545' title='bbox 3146 4403 3372 4472; x_wconf 86' lang='lat' dir='ltr'><strong>Spiritui</strong></span> <span class='ocrx_word' id='word_1_546' title='bbox 3403 4415 3615 4471; x_wconf 89' lang='lat' dir='ltr'><strong>sancto,</strong></span> 
     </span>
    </p>
   </div>
   <div class='ocr_carea' id='block_1_86' title="bbox 346 4470 1943 4564">
    <p class='ocr_par' dir='ltr' id='par_1_86' title="bbox 346 4470 1928 4558">
     <span class='ocr_line' id='line_1_86' title="bbox 346 4470 1928 4558; baseline 0.012 -36"><span class='ocrx_word' id='word_1_547' title='bbox 346 4472 408 4523; x_wconf 73' lang='grc' dir='ltr'>τὸ</span> <span class='ocrx_word' id='word_1_548' title='bbox 451 4470 634 4540; x_wconf 72' lang='grc' dir='ltr'>ἅγιον,</span> <span class='ocrx_word' id='word_1_549' title='bbox 676 4475 771 4528; x_wconf 67' lang='grc' dir='ltr'><strong>καὶ</strong></span> <span class='ocrx_word' id='word_1_550' title='bbox 804 4476 1162 4545; x_wconf 81' lang='grc' dir='ltr'>νοσφίσασθαι</span> <span class='ocrx_word' id='word_1_551' title='bbox 1194 4479 1302 4533; x_wconf 79' lang='grc' dir='ltr'><strong>ἀπὸ</strong></span> <span class='ocrx_word' id='word_1_552' title='bbox 1344 4480 1445 4552; x_wconf 82' lang='grc' dir='ltr'>τῆς</span> <span class='ocrx_word' id='word_1_553' title='bbox 1492 4485 1657 4556; x_wconf 87' lang='grc' dir='ltr'>τιμῆς</span> <span class='ocrx_word' id='word_1_554' title='bbox 1690 4486 1784 4540; x_wconf 86' lang='grc' dir='ltr'><strong>τοῦ</strong></span> <span class='ocrx_word' id='word_1_555' title='bbox 1828 4504 1928 4558; x_wconf 86' lang='grc' dir='ltr'><strong>χω-</strong></span> 
     </span>
    </p>
   </div>
   <div class='ocr_carea' id='block_1_87' title="bbox 2048 4470 2904 4564">
    <p class='ocr_par' dir='ltr' id='par_1_87' title="bbox 2048 4491 2904 4564">
     <span class='ocr_line' id='line_1_87' title="bbox 2048 4491 2904 4564; baseline 0 -18"><span class='ocrx_word' id='word_1_556' title='bbox 2048 4501 2090 4546; x_wconf 73' lang='lat' dir='ltr'><strong>:t</strong></span> <span class='ocrx_word' id='word_1_557' title='bbox 2119 4491 2381 4549; x_wconf 80' lang='lat' dir='ltr'><strong>fraudare</strong></span> <span class='ocrx_word' id='word_1_558' title='bbox 2406 4493 2472 4548; x_wconf 88' lang='lat' dir='ltr'><strong>de</strong></span> <span class='ocrx_word' id='word_1_559' title='bbox 2503 4494 2680 4564; x_wconf 86' lang='lat' dir='ltr'><strong>pretio</strong></span> <span class='ocrx_word' id='word_1_560' title='bbox 2705 4493 2852 4562; x_wconf 81' lang='lat' dir='ltr'><strong>agri?</strong></span> <span class='ocrx_word' id='word_1_561' title='bbox 2885 4513 2904 4546; x_wconf 74' lang='grc' dir='ltr'><strong>ι</strong></span> 
     </span>
    </p>
   </div>
   <div class='ocr_carea' id='block_1_88' title="bbox 350 4577 546 4631">
    <p class='ocr_par' dir='ltr' id='par_1_88' title="bbox 350 4577 546 4631">
     <span class='ocr_line' id='line_1_88' title="bbox 350 4577 546 4631; baseline 0.01 -20"><span class='ocrx_word' id='word_1_562' title='bbox 350 4577 466 4631; x_wconf 81' lang='grc' dir='ltr'>ριου</span> <span class='ocrx_word' id='word_1_563' title='bbox 488 4577 502 4624; x_wconf 89' lang='grc'><strong>;</strong></span> <span class='ocrx_word' id='word_1_564' title='bbox 529 4582 546 4613; x_wconf 78' lang='grc' dir='ltr'><strong>ι</strong></span> 
     </span>
    </p>
   </div>
   <div class='ocr_carea' id='block_1_89' title="bbox 420 4654 1927 4735">
    <p class='ocr_par' dir='ltr' id='par_1_89' title="bbox 420 4654 1927 4735">
     <span class='ocr_line' id='line_1_89' title="bbox 420 4654 1927 4735; baseline 0.012 -31"><span class='ocrx_word' id='word_1_565' title='bbox 420 4654 495 4724; x_wconf 83' lang='grc'><strong>(1)</strong></span> <span class='ocrx_word' id='word_1_566' title='bbox 528 4655 589 4707; x_wconf 80' lang='grc' dir='ltr'>Εἰ</span> <span class='ocrx_word' id='word_1_567' title='bbox 618 4657 646 4709; x_wconf 90' lang='grc' dir='ltr'>ὁ</span> <span class='ocrx_word' id='word_1_568' title='bbox 678 4657 920 4722; x_wconf 82' lang='grc' dir='ltr'>Σατανᾶς</span> <span class='ocrx_word' id='word_1_569' title='bbox 950 4659 1108 4714; x_wconf 87' lang='grc' dir='ltr'>τοῦτο</span> <span class='ocrx_word' id='word_1_570' title='bbox 1154 4662 1412 4734; x_wconf 79' lang='grc' dir='ltr'>ἐποίησε,</span> <span class='ocrx_word' id='word_1_571' title='bbox 1453 4664 1506 4717; x_wconf 85' lang='grc' dir='ltr'><strong>τί</strong></span> <span class='ocrx_word' id='word_1_572' title='bbox 1542 4666 1704 4730; x_wconf 68' lang='grc' dir='ltr'>αὐτὸς</span> <span class='ocrx_word' id='word_1_573' title='bbox 1754 4668 1927 4735; x_wconf 76' lang='grc' dir='ltr'>αἴτιος</span> 
     </span>
    </p>
   </div>
   <div class='ocr_carea' id='block_1_90' title="bbox 344 4744 1927 4831">
    <p class='ocr_par' dir='ltr' id='par_1_90' title="bbox 344 4744 1927 4831">
     <span class='ocr_line' id='line_1_90' title="bbox 344 4744 1927 4831; baseline 0.011 -35"><span class='ocrx_word' id='word_1_574' title='bbox 344 4744 570 4813; x_wconf 89' lang='grc' dir='ltr'>γέγονεν</span> <span class='ocrx_word' id='word_1_575' title='bbox 590 4785 605 4811; x_wconf 95' lang='grc'><strong>,</strong></span> <span class='ocrx_word' id='word_1_576' title='bbox 634 4750 662 4802; x_wconf 84' lang='grc' dir='ltr'><strong>ὁ</strong></span> <span class='ocrx_word' id='word_1_577' title='bbox 687 4749 981 4821; x_wconf 77' lang='grc' dir='ltr'>δεξάμενος</span> <span class='ocrx_word' id='word_1_578' title='bbox 1018 4753 1182 4806; x_wconf 86' lang='grc' dir='ltr'>αὐτοῦ</span> <span class='ocrx_word' id='word_1_579' title='bbox 1212 4754 1313 4826; x_wconf 83' lang='grc' dir='ltr'>τὴν</span> <span class='ocrx_word' id='word_1_580' title='bbox 1350 4757 1628 4827; x_wconf 77' lang='grc' dir='ltr'>ἐνέργειαν</span> <span class='ocrx_word' id='word_1_581' title='bbox 1660 4760 1753 4811; x_wconf 77' lang='grc' dir='ltr'><strong>καὶ</strong></span> <span class='ocrx_word' id='word_1_582' title='bbox 1788 4760 1927 4831; x_wconf 86' lang='grc' dir='ltr'>πλη-</span> 
     </span>
    </p>
   </div>
   <div class='ocr_carea' id='block_1_91' title="bbox 348 4838 1925 4921">
    <p class='ocr_par' dir='ltr' id='par_1_91' title="bbox 348 4838 1925 4921">
     <span class='ocr_line' id='line_1_91' title="bbox 348 4838 1925 4921; baseline 0.01 -32"><span class='ocrx_word' id='word_1_583' title='bbox 348 4838 574 4908; x_wconf 86' lang='grc' dir='ltr'>ρωθείς;</span> <span class='ocrx_word' id='word_1_584' title='bbox 636 4841 775 4895; x_wconf 86' lang='grc' dir='ltr'>Ἀλλ’</span> <span class='ocrx_word' id='word_1_585' title='bbox 805 4843 910 4896; x_wconf 83' lang='grc' dir='ltr'>ἔδει</span> <span class='ocrx_word' id='word_1_586' title='bbox 946 4844 1272 4921; x_wconf 78' lang='grc' dir='ltr'>διορθῶσαι,</span> <span class='ocrx_word' id='word_1_587' title='bbox 1318 4849 1502 4918; x_wconf 73' lang='grc' dir='ltr'>φησίνο</span> <span class='ocrx_word' id='word_1_588' title='bbox 1550 4849 1665 4903; x_wconf 84' lang='grc' dir='ltr'>ἀλλ’</span> <span class='ocrx_word' id='word_1_589' title='bbox 1712 4851 1814 4904; x_wconf 78' lang='grc' dir='ltr'><strong>οὐκ</strong></span> <span class='ocrx_word' id='word_1_590' title='bbox 1859 4852 1925 4905; x_wconf 81' lang='grc' dir='ltr'>ἂν</span> 
     </span>
    </p>
   </div>
   <div class='ocr_carea' id='block_1_92' title="bbox 342 4927 1922 5014">
    <p class='ocr_par' dir='ltr' id='par_1_92' title="bbox 342 4927 1922 5014">
     <span class='ocr_line' id='line_1_92' title="bbox 342 4927 1922 5014; baseline 0.009 -30"><span class='ocrx_word' id='word_1_591' title='bbox 342 4927 650 5003; x_wconf 80' lang='grc' dir='ltr'>διωρθώθη’</span> <span class='ocrx_word' id='word_1_592' title='bbox 699 4936 727 4987; x_wconf 88' lang='grc' dir='ltr'>ὁ</span> <span class='ocrx_word' id='word_1_593' title='bbox 760 4935 869 5007; x_wconf 75' lang='grc' dir='ltr'>γὰρ</span> <span class='ocrx_word' id='word_1_594' title='bbox 911 4937 1141 4992; x_wconf 85' lang='grc' dir='ltr'>τοιαῦτα</span> <span class='ocrx_word' id='word_1_595' title='bbox 1182 4939 1326 5011; x_wconf 89' lang='grc' dir='ltr'>ὁρῶν</span> <span class='ocrx_word' id='word_1_596' title='bbox 1369 4941 1464 4995; x_wconf 73' lang='grc' dir='ltr'>καὶ</span> <span class='ocrx_word' id='word_1_597' title='bbox 1505 4942 1580 5012; x_wconf 84' lang='grc' dir='ltr'>μὴ</span> <span class='ocrx_word' id='word_1_598' title='bbox 1634 4943 1922 5014; x_wconf 80' lang='grc' dir='ltr'>κερδάνας,</span> 
     </span>
    </p>
   </div>
   <div class='ocr_carea' id='block_1_93' title="bbox 343 5021 1922 5104">
    <p class='ocr_par' dir='ltr' id='par_1_93' title="bbox 343 5021 1922 5104">
     <span class='ocr_line' id='line_1_93' title="bbox 343 5021 1922 5104; baseline 0.011 -31"><span class='ocrx_word' id='word_1_599' title='bbox 343 5021 526 5093; x_wconf 87' lang='grc' dir='ltr'>πολλῷ</span> <span class='ocrx_word' id='word_1_600' title='bbox 561 5025 762 5094; x_wconf 81' lang='grc' dir='ltr'>μᾶλλον</span> <span class='ocrx_word' id='word_1_601' title='bbox 800 5028 900 5081; x_wconf 82' lang='grc' dir='ltr'><strong>οὐκ</strong></span> <span class='ocrx_word' id='word_1_602' title='bbox 938 5027 1005 5083; x_wconf 81' lang='grc' dir='ltr'><strong>ἂν</strong></span> <span class='ocrx_word' id='word_1_603' title='bbox 1044 5030 1249 5101; x_wconf 80' lang='grc' dir='ltr'>ἑτέρως</span> <span class='ocrx_word' id='word_1_604' title='bbox 1293 5032 1604 5104; x_wconf 85' lang='grc' dir='ltr'>ἐκέρδανεν.</span> <span class='ocrx_word' id='word_1_605' title='bbox 1655 5036 1770 5089; x_wconf 81' lang='grc' dir='ltr'><strong>Οὐκ</strong></span> <span class='ocrx_word' id='word_1_606' title='bbox 1813 5036 1922 5091; x_wconf 81' lang='grc' dir='ltr'>ἔδει</span> 
     </span>
    </p>
   </div>
   <div class='ocr_carea' id='block_1_94' title="bbox 341 5113 1920 5197">
    <p class='ocr_par' dir='ltr' id='par_1_94' title="bbox 341 5113 1920 5197">
     <span class='ocr_line' id='line_1_94' title="bbox 341 5113 1920 5197; baseline 0.011 -32"><span class='ocrx_word' id='word_1_607' title='bbox 341 5113 522 5168; x_wconf 81' lang='grc' dir='ltr'>τοίνυν</span> <span class='ocrx_word' id='word_1_608' title='bbox 543 5116 733 5181; x_wconf 81' lang='grc' dir='ltr'>ἁπλῶς</span> <span class='ocrx_word' id='word_1_609' title='bbox 756 5120 1048 5189; x_wconf 85' lang='grc' dir='ltr'>παρελθεῖν</span> <span class='ocrx_word' id='word_1_610' title='bbox 1069 5123 1128 5175; x_wconf 80' lang='grc' dir='ltr'><strong>τὸ</strong></span> <span class='ocrx_word' id='word_1_611' title='bbox 1150 5123 1391 5192; x_wconf 85' lang='grc' dir='ltr'>γεγονὸς,</span> <span class='ocrx_word' id='word_1_612' title='bbox 1415 5124 1533 5178; x_wconf 83' lang='grc' dir='ltr'>ἀλλ’</span> <span class='ocrx_word' id='word_1_613' title='bbox 1551 5125 1626 5189; x_wconf 86' lang='grc' dir='ltr'>ὡς</span> <span class='ocrx_word' id='word_1_614' title='bbox 1650 5127 1920 5197; x_wconf 80' lang='grc' dir='ltr'>σηπεδόνα</span> 
     </span>
    </p>
   </div>
   <div class='ocr_carea' id='block_1_95' title="bbox 340 5207 1917 5289">
    <p class='ocr_par' dir='ltr' id='par_1_95' title="bbox 340 5207 1917 5289">
     <span class='ocr_line' id='line_1_95' title="bbox 340 5207 1917 5289; baseline 0.011 -31"><span class='ocrx_word' id='word_1_615' title='bbox 340 5207 723 5279; x_wconf 81' lang='grc' dir='ltr'>ἐκτμηθῆναι,</span> <span class='ocrx_word' id='word_1_616' title='bbox 757 5211 844 5263; x_wconf 80' lang='grc' dir='ltr'>ἵνα</span> <span class='ocrx_word' id='word_1_617' title='bbox 883 5212 958 5284; x_wconf 74' lang='grc' dir='ltr'>μὴ</span> <span class='ocrx_word' id='word_1_618' title='bbox 991 5212 1070 5282; x_wconf 85' lang='grc' dir='ltr'>τῷ</span> <span class='ocrx_word' id='word_1_619' title='bbox 1111 5213 1284 5285; x_wconf 78' lang='grc' dir='ltr'>λοιπῷ</span> <span class='ocrx_word' id='word_1_620' title='bbox 1330 5215 1647 5287; x_wconf 86' lang='grc' dir='ltr'>λυμήνηται·</span> <span class='ocrx_word' id='word_1_621' title='bbox 1681 5217 1917 5289; x_wconf 88' lang='grc' dir='ltr'>σώματι.</span> 
     </span>
    </p>
   </div>
   <div class='ocr_carea' id='block_1_96' title="bbox 340 5296 1924 5381">
    <p class='ocr_par' dir='ltr' id='par_1_96' title="bbox 340 5296 1924 5381">
     <span class='ocr_line' id='line_1_96' title="bbox 340 5296 1924 5381; baseline 0.011 -33"><span class='ocrx_word' id='word_1_622' title='bbox 340 5296 457 5350; x_wconf 85' lang='grc' dir='ltr'>Νῦν</span> <span class='ocrx_word' id='word_1_623' title='bbox 485 5301 583 5370; x_wconf 84' lang='grc' dir='ltr'>μὲν</span> <span class='ocrx_word' id='word_1_624' title='bbox 608 5302 718 5370; x_wconf 84' lang='grc' dir='ltr'><strong>γὰρ</strong></span> <span class='ocrx_word' id='word_1_625' title='bbox 739 5303 838 5356; x_wconf 64' lang='grc' dir='ltr'><strong>καὶ</strong></span> <span class='ocrx_word' id='word_1_626' title='bbox 851 5297 1006 5367; x_wconf 71' lang='grc' dir='ltr'>οὗτος</span> <span class='ocrx_word' id='word_1_627' title='bbox 1028 5304 1305 5373; x_wconf 84' lang='grc' dir='ltr'>ὠφέληται</span> <span class='ocrx_word' id='word_1_628' title='bbox 1331 5307 1403 5376; x_wconf 86' lang='grc' dir='ltr'>μὴ</span> <span class='ocrx_word' id='word_1_629' title='bbox 1428 5307 1708 5378; x_wconf 82' lang='grc' dir='ltr'>προελθὼν</span> <span class='ocrx_word' id='word_1_630' title='bbox 1732 5326 1924 5381; x_wconf 86' lang='grc' dir='ltr'>περαι-</span> 
     </span>
    </p>
   </div>
   <div class='ocr_carea' id='block_1_97' title="bbox 337 5386 1917 5470">
    <p class='ocr_par' dir='ltr' id='par_1_97' title="bbox 337 5386 1917 5470">
     <span class='ocr_line' id='line_1_97' title="bbox 337 5386 1917 5470; baseline 0.01 -32"><span class='ocrx_word' id='word_1_631' title='bbox 337 5386 484 5458; x_wconf 83' lang='grc' dir='ltr'>τέρω</span> <span class='ocrx_word' id='word_1_632' title='bbox 515 5393 714 5455; x_wconf 83' lang='grc' dir='ltr'>κακίας</span> <span class='ocrx_word' id='word_1_633' title='bbox 734 5432 748 5457; x_wconf 90' lang='grc'><strong>,</strong></span> <span class='ocrx_word' id='word_1_634' title='bbox 779 5392 873 5446; x_wconf 72' lang='grc' dir='ltr'>καὶ</span> <span class='ocrx_word' id='word_1_635' title='bbox 906 5395 954 5447; x_wconf 92' lang='grc' dir='ltr'><strong>οί</strong></span> <span class='ocrx_word' id='word_1_636' title='bbox 981 5393 1157 5447; x_wconf 77' lang='grc' dir='ltr'>λοιποὶ</span> <span class='ocrx_word' id='word_1_637' title='bbox 1193 5398 1600 5470; x_wconf 85' lang='grc' dir='ltr'>σπουδαιότεροι</span> <span class='ocrx_word' id='word_1_638' title='bbox 1635 5402 1917 5470; x_wconf 82' lang='grc' dir='ltr'>γεγόνασι·</span> 
     </span>
    </p>
   </div>
   <div class='ocr_carea' id='block_1_98' title="bbox 410 5563 1879 5641">
    <p class='ocr_par' dir='ltr' id='par_1_98' title="bbox 410 5563 1879 5641">
     <span class='ocr_line' id='line_1_98' title="bbox 410 5563 1879 5641; baseline 0.01 -24"><span class='ocrx_word' id='word_1_639' title='bbox 410 5575 433 5604; x_wconf 69' lang='grc' dir='ltr'><strong>δ</strong></span> <span class='ocrx_word' id='word_1_640' title='bbox 465 5563 525 5618; x_wconf 81' lang='lat' dir='ltr'><strong>C.</strong></span> <span class='ocrx_word' id='word_1_641' title='bbox 552 5564 614 5619; x_wconf 87' lang='lat' dir='ltr'><strong>C.</strong></span> <span class='ocrx_word' id='word_1_642' title='bbox 640 5565 909 5636; x_wconf 77' lang='grc' dir='ltr'>ἀργύρου.</span> <span class='ocrx_word' id='word_1_643' title='bbox 987 5568 1015 5607; x_wconf 69' lang='grc' dir='ltr'><strong>ι)</strong></span> <span class='ocrx_word' id='word_1_644' title='bbox 1054 5568 1117 5624; x_wconf 82' lang='lat' dir='ltr'><strong>C.</strong></span> <span class='ocrx_word' id='word_1_645' title='bbox 1146 5569 1206 5625; x_wconf 89' lang='lat' dir='ltr'><strong>C.</strong></span> <span class='ocrx_word' id='word_1_646' title='bbox 1235 5573 1330 5625; x_wconf 73' lang='grc' dir='ltr'><strong>καὶ</strong></span> <span class='ocrx_word' id='word_1_647' title='bbox 1359 5575 1407 5628; x_wconf 83' lang='grc' dir='ltr'><strong>ό.</strong></span> <span class='ocrx_word' id='word_1_648' title='bbox 1489 5584 1510 5614; x_wconf 64' lang='grc' dir='ltr'><strong>ε</strong></span> <span class='ocrx_word' id='word_1_649' title='bbox 1545 5574 1606 5629; x_wconf 88' lang='lat' dir='ltr'><strong>C.</strong></span> <span class='ocrx_word' id='word_1_650' title='bbox 1644 5575 1707 5631; x_wconf 88' lang='lat' dir='ltr'><strong>C.</strong></span> <span class='ocrx_word' id='word_1_651' title='bbox 1746 5577 1879 5641; x_wconf 82' lang='grc' dir='ltr'>θείς.</span> 
     </span>
    </p>
   </div>
   <div class='ocr_carea' id='block_1_99' title="bbox 2106 4667 3615 4741">
    <p class='ocr_par' dir='ltr' id='par_1_99' title="bbox 2106 4667 3615 4741">
     <span class='ocr_line' id='line_1_99' title="bbox 2106 4667 3615 4741; baseline 0.005 -17"><span class='ocrx_word' id='word_1_652' title='bbox 2106 4668 2172 4724; x_wconf 81' lang='lat' dir='ltr'><strong>Si</strong></span> <span class='ocrx_word' id='word_1_653' title='bbox 2198 4667 2328 4724; x_wconf 82' lang='lat' dir='ltr'><strong>illud</strong></span> <span class='ocrx_word' id='word_1_654' title='bbox 2357 4668 2485 4725; x_wconf 81' lang='lat' dir='ltr'><strong>fecit</strong></span> <span class='ocrx_word' id='word_1_655' title='bbox 2527 4668 2781 4736; x_wconf 87' lang='lat' dir='ltr'><strong>Satanas,</strong></span> <span class='ocrx_word' id='word_1_656' title='bbox 2810 4671 3090 4741; x_wconf 83' lang='lat' dir='ltr'><strong>quomodo</strong></span> <span class='ocrx_word' id='word_1_657' title='bbox 3138 4687 3264 4738; x_wconf 79' lang='lat' dir='ltr'><strong>reus</strong></span> <span class='ocrx_word' id='word_1_658' title='bbox 3305 4672 3394 4728; x_wconf 87' lang='lat' dir='ltr'><strong>ille</strong></span> <span class='ocrx_word' id='word_1_659' title='bbox 3435 4674 3615 4731; x_wconf 85' lang='lat' dir='ltr'><strong>l‘actus</strong></span> 
     </span>
    </p>
   </div>
   <div class='ocr_carea' id='block_1_100' title="bbox 2033 4760 3615 4835">
    <p class='ocr_par' dir='ltr' id='par_1_100' title="bbox 2033 4760 3615 4835">
     <span class='ocr_line' id='line_1_100' title="bbox 2033 4760 3615 4835; baseline 0.005 -21"><span class='ocrx_word' id='word_1_660' title='bbox 2033 4768 2142 4824; x_wconf 90' lang='lat' dir='ltr'><strong>est,</strong></span> <span class='ocrx_word' id='word_1_661' title='bbox 2166 4761 2257 4830; x_wconf 89' lang='lat' dir='ltr'><strong>qui</strong></span> <span class='ocrx_word' id='word_1_662' title='bbox 2286 4760 2456 4829; x_wconf 86' lang='lat' dir='ltr'><strong>ipsius</strong></span> <span class='ocrx_word' id='word_1_663' title='bbox 2484 4762 2860 4830; x_wconf 85' lang='lat' dir='ltr'><strong>operationem</strong></span> <span class='ocrx_word' id='word_1_664' title='bbox 2893 4763 3119 4833; x_wconf 84' lang='lat' dir='ltr'><strong>recepit,</strong></span> <span class='ocrx_word' id='word_1_665' title='bbox 3147 4764 3373 4835; x_wconf 89' lang='lat' dir='ltr'><strong>ipsoque</strong></span> <span class='ocrx_word' id='word_1_666' title='bbox 3403 4776 3489 4821; x_wconf 89' lang='lat' dir='ltr'><strong>est</strong></span> <span class='ocrx_word' id='word_1_667' title='bbox 3527 4782 3615 4822; x_wconf 87' lang='lat' dir='ltr'><strong>re-</strong></span> 
     </span>
    </p>
   </div>
   <div class='ocr_carea' id='block_1_101' title="bbox 2035 4850 3614 4926">
    <p class='ocr_par' dir='ltr' id='par_1_101' title="bbox 2035 4850 3614 4926">
     <span class='ocr_line' id='line_1_101' title="bbox 2035 4850 3614 4926; baseline 0.004 -22"><span class='ocrx_word' id='word_1_668' title='bbox 2035 4850 2255 4921; x_wconf 82' lang='lat' dir='ltr'><strong>pletus?</strong></span> <span class='ocrx_word' id='word_1_669' title='bbox 2296 4851 2404 4907; x_wconf 88' lang='lat' dir='ltr'><strong>Sed</strong></span> <span class='ocrx_word' id='word_1_670' title='bbox 2438 4854 2729 4922; x_wconf 89' lang='lat' dir='ltr'><strong>oportebat</strong></span> <span class='ocrx_word' id='word_1_671' title='bbox 2758 4863 2816 4908; x_wconf 92' lang='lat' dir='ltr'><strong>ut</strong></span> <span class='ocrx_word' id='word_1_672' title='bbox 2856 4855 3245 4925; x_wconf 89' lang='lat' dir='ltr'><strong>corrigeretur,</strong></span> <span class='ocrx_word' id='word_1_673' title='bbox 3286 4856 3485 4926; x_wconf 89' lang='lat' dir='ltr'><strong>inquit,</strong></span> <span class='ocrx_word' id='word_1_674' title='bbox 3518 4858 3614 4913; x_wconf 89' lang='lat' dir='ltr'><strong>sed</strong></span> 
     </span>
    </p>
   </div>
   <div class='ocr_carea' id='block_1_102' title="bbox 2038 4944 3609 5017">
    <p class='ocr_par' dir='ltr' id='par_1_102' title="bbox 2038 4944 3609 5017">
     <span class='ocr_line' id='line_1_102' title="bbox 2038 4944 3609 5017; baseline 0.004 -21"><span class='ocrx_word' id='word_1_675' title='bbox 2038 4957 2142 4998; x_wconf 91' lang='lat' dir='ltr'><strong>non</strong></span> <span class='ocrx_word' id='word_1_676' title='bbox 2169 4951 2449 4997; x_wconf 90' lang='lat' dir='ltr'><strong>correctus</strong></span> <span class='ocrx_word' id='word_1_677' title='bbox 2477 4954 2594 5008; x_wconf 89' lang='lat' dir='ltr'><strong>est;</strong></span> <span class='ocrx_word' id='word_1_678' title='bbox 2626 4944 2746 4999; x_wconf 88' lang='lat' dir='ltr'><strong>talia</strong></span> <span class='ocrx_word' id='word_1_679' title='bbox 2770 4945 2914 4999; x_wconf 87' lang='lat' dir='ltr'><strong>enim</strong></span> <span class='ocrx_word' id='word_1_680' title='bbox 2936 4946 3147 5011; x_wconf 87' lang='lat' dir='ltr'><strong>videns,</strong></span> <span class='ocrx_word' id='word_1_681' title='bbox 3175 4961 3275 5002; x_wconf 90' lang='lat' dir='ltr'><strong>nec</strong></span> <span class='ocrx_word' id='word_1_682' title='bbox 3298 4947 3609 5017; x_wconf 81' lang='lat' dir='ltr'><strong>proﬁciens,</strong></span> 
     </span>
    </p>
   </div>
   <div class='ocr_carea' id='block_1_103' title="bbox 2034 5035 3613 5111">
    <p class='ocr_par' dir='ltr' id='par_1_103' title="bbox 2034 5035 3613 5111">
     <span class='ocr_line' id='line_1_103' title="bbox 2034 5035 3613 5111; baseline 0.005 -22"><span class='ocrx_word' id='word_1_683' title='bbox 2034 5035 2208 5090; x_wconf 81' lang='lat' dir='ltr'><strong>multo</strong></span> <span class='ocrx_word' id='word_1_684' title='bbox 2240 5036 2414 5108; x_wconf 86' lang='lat' dir='ltr'><strong>magis</strong></span> <span class='ocrx_word' id='word_1_685' title='bbox 2441 5052 2541 5092; x_wconf 89' lang='lat' dir='ltr'><strong>nec</strong></span> <span class='ocrx_word' id='word_1_686' title='bbox 2569 5037 3000 5109; x_wconf 26' lang='lat' dir='ltr'><strong>aliterrprol‘ecit.</strong></span> <span class='ocrx_word' id='word_1_687' title='bbox 3028 5040 3146 5095; x_wconf 85' lang='lat' dir='ltr'><strong>Non</strong></span> <span class='ocrx_word' id='word_1_688' title='bbox 3174 5056 3306 5111; x_wconf 90' lang='lat' dir='ltr'><strong>ergo</strong></span> <span class='ocrx_word' id='word_1_689' title='bbox 3328 5042 3613 5110; x_wconf 85' lang='lat' dir='ltr'><strong>oportebat</strong></span> 
     </span>
    </p>
   </div>
   <div class='ocr_carea' id='block_1_104' title="bbox 2031 5127 3611 5204">
    <p class='ocr_par' dir='ltr' id='par_1_104' title="bbox 2031 5127 3611 5204">
     <span class='ocr_line' id='line_1_104' title="bbox 2031 5127 3611 5204; baseline 0.003 -21"><span class='ocrx_word' id='word_1_690' title='bbox 2031 5127 2353 5198; x_wconf 86' lang='lat' dir='ltr'><strong>simpliciter</strong></span> <span class='ocrx_word' id='word_1_691' title='bbox 2399 5130 2673 5185; x_wconf 89' lang='lat' dir='ltr'><strong>dimittere</strong></span> <span class='ocrx_word' id='word_1_692' title='bbox 2706 5132 2849 5201; x_wconf 90' lang='lat' dir='ltr'><strong>quod</strong></span> <span class='ocrx_word' id='word_1_693' title='bbox 2882 5130 3084 5187; x_wconf 81' lang='lat' dir='ltr'><strong>factum</strong></span> <span class='ocrx_word' id='word_1_694' title='bbox 3135 5141 3242 5198; x_wconf 89' lang='lat' dir='ltr'><strong>est,</strong></span> <span class='ocrx_word' id='word_1_695' title='bbox 3280 5135 3375 5189; x_wconf 90' lang='lat' dir='ltr'><strong>sed</strong></span> <span class='ocrx_word' id='word_1_696' title='bbox 3416 5143 3475 5189; x_wconf 89' lang='lat' dir='ltr'><strong>ut</strong></span> <span class='ocrx_word' id='word_1_697' title='bbox 3519 5150 3611 5204; x_wconf 83' lang='lat' dir='ltr'><strong>pu-</strong></span> 
     </span>
    </p>
   </div>
   <div class='ocr_carea' id='block_1_105' title="bbox 2029 5221 3606 5293">
    <p class='ocr_par' dir='ltr' id='par_1_105' title="bbox 2029 5221 3606 5293">
     <span class='ocr_line' id='line_1_105' title="bbox 2029 5221 3606 5293; baseline 0.003 -18"><span class='ocrx_word' id='word_1_698' title='bbox 2029 5221 2380 5277; x_wconf 83' lang='lat' dir='ltr'><strong>tredosecari</strong></span> <span class='ocrx_word' id='word_1_699' title='bbox 2407 5223 2659 5289; x_wconf 80' lang='lat' dir='ltr'><strong>debebat,</strong></span> <span class='ocrx_word' id='word_1_700' title='bbox 2691 5238 2760 5277; x_wconf 84' lang='lat' dir='ltr'><strong>ne</strong></span> <span class='ocrx_word' id='word_1_701' title='bbox 2806 5223 3069 5293; x_wconf 85' lang='lat' dir='ltr'><strong>reliquum</strong></span> <span class='ocrx_word' id='word_1_702' title='bbox 3101 5238 3299 5293; x_wconf 86' lang='lat' dir='ltr'><strong>corpus</strong></span> <span class='ocrx_word' id='word_1_703' title='bbox 3340 5226 3606 5281; x_wconf 87' lang='lat' dir='ltr'><strong>inliceret.</strong></span> 
     </span>
    </p>
   </div>
   <div class='ocr_carea' id='block_1_106' title="bbox 2032 5310 3608 5384">
    <p class='ocr_par' dir='ltr' id='par_1_106' title="bbox 2032 5310 3608 5384">
     <span class='ocr_line' id='line_1_106' title="bbox 2032 5310 3608 5384; baseline 0.004 -20"><span class='ocrx_word' id='word_1_704' title='bbox 2032 5310 2183 5366; x_wconf 85' lang='lat' dir='ltr'><strong>Nunc</strong></span> <span class='ocrx_word' id='word_1_705' title='bbox 2215 5313 2360 5366; x_wconf 88' lang='lat' dir='ltr'><strong>enim</strong></span> <span class='ocrx_word' id='word_1_706' title='bbox 2392 5321 2446 5366; x_wconf 88' lang='lat' dir='ltr'><strong>et</strong></span> <span class='ocrx_word' id='word_1_707' title='bbox 2472 5314 2558 5367; x_wconf 73' lang='lat' dir='ltr'><strong>isti</strong></span> <span class='ocrx_word' id='word_1_708' title='bbox 2591 5314 2911 5376; x_wconf 82' lang='lat' dir='ltr'><strong>consulitur,</strong></span> <span class='ocrx_word' id='word_1_709' title='bbox 2951 5314 3093 5368; x_wconf 87' lang='lat' dir='ltr'><strong>ineo</strong></span> <span class='ocrx_word' id='word_1_710' title='bbox 3119 5315 3261 5384; x_wconf 89' lang='lat' dir='ltr'><strong>quod</strong></span> <span class='ocrx_word' id='word_1_711' title='bbox 3287 5316 3352 5369; x_wconf 89' lang='lat' dir='ltr'><strong>ad</strong></span> <span class='ocrx_word' id='word_1_712' title='bbox 3381 5317 3608 5370; x_wconf 87' lang='lat' dir='ltr'><strong>ulterio-</strong></span> 
     </span>
    </p>
   </div>
   <div class='ocr_carea' id='block_1_107' title="bbox 2032 5404 3611 5476">
    <p class='ocr_par' dir='ltr' id='par_1_107' title="bbox 2032 5404 3611 5476">
     <span class='ocr_line' id='line_1_107' title="bbox 2032 5404 3611 5476; baseline 0.003 -18"><span class='ocrx_word' id='word_1_713' title='bbox 2032 5418 2145 5459; x_wconf 85' lang='lat' dir='ltr'><strong>rem</strong></span> <span class='ocrx_word' id='word_1_714' title='bbox 2190 5404 2452 5460; x_wconf 86' lang='lat' dir='ltr'><strong>malitiam</strong></span> <span class='ocrx_word' id='word_1_715' title='bbox 2500 5421 2605 5461; x_wconf 91' lang='lat' dir='ltr'><strong>non</strong></span> <span class='ocrx_word' id='word_1_716' title='bbox 2637 5406 3018 5476; x_wconf 85' lang='lat' dir='ltr'><strong>progreditur;</strong></span> <span class='ocrx_word' id='word_1_717' title='bbox 3061 5414 3115 5461; x_wconf 87' lang='lat' dir='ltr'><strong>ct</strong></span> <span class='ocrx_word' id='word_1_718' title='bbox 3158 5404 3350 5475; x_wconf 86' lang='lat' dir='ltr'><strong>reliqui</strong></span> <span class='ocrx_word' id='word_1_719' title='bbox 3382 5406 3611 5476; x_wconf 79' lang='lat' dir='ltr'><strong>diligen-</strong></span> 
     </span>
    </p>
   </div>
   <div class='ocr_carea' id='block_1_108' title="bbox 415 5718 2645 5811">
    <p class='ocr_par' dir='ltr' id='par_1_108' title="bbox 415 5718 2645 5811">
     <span class='ocr_line' id='line_1_108' title="bbox 415 5718 2645 5811; baseline 0.008 -35"><span class='ocrx_word' id='word_1_720' title='bbox 415 5721 492 5796; x_wconf 81' lang='grc' dir='ltr'><strong>(Ι)</strong></span> <span class='ocrx_word' id='word_1_721' title='bbox 522 5718 635 5795; x_wconf 78' lang='lat' dir='ltr'><strong>Hoc</strong></span> <span class='ocrx_word' id='word_1_722' title='bbox 688 5723 949 5781; x_wconf 85' lang='lat' dir='ltr'><strong>scholium</strong></span> <span class='ocrx_word' id='word_1_723' title='bbox 983 5726 1264 5799; x_wconf 74' lang='lat' dir='ltr'><strong>Clirysosl.</strong></span> <span class='ocrx_word' id='word_1_724' title='bbox 1313 5733 1401 5789; x_wconf 78' lang='lat' dir='ltr'><strong>dat</strong></span> <span class='ocrx_word' id='word_1_725' title='bbox 1446 5736 1567 5794; x_wconf 81' lang='lat' dir='ltr'><strong>cod.</strong></span> <span class='ocrx_word' id='word_1_726' title='bbox 1620 5738 1787 5795; x_wconf 77' lang='lat' dir='ltr'><strong>Cois].</strong></span> <span class='ocrx_word' id='word_1_727' title='bbox 1822 5739 1906 5797; x_wconf 79' lang='lat' dir='ltr'><strong>Cf.</strong></span> <span class='ocrx_word' id='word_1_728' title='bbox 1950 5740 2142 5805; x_wconf 78' lang='lat' dir='ltr'><strong>Chrvs.</strong></span> <span class='ocrx_word' id='word_1_729' title='bbox 2180 5741 2316 5811; x_wconf 77' lang='lat' dir='ltr'><strong>Opp.</strong></span> <span class='ocrx_word' id='word_1_730' title='bbox 2359 5750 2397 5797; x_wconf 91' lang='grc' dir='ltr'><strong>ι.</strong></span> <span class='ocrx_word' id='word_1_731' title='bbox 2432 5739 2522 5809; x_wconf 72' lang='lat' dir='ltr'><strong>IX,</strong></span> <span class='ocrx_word' id='word_1_732' title='bbox 2556 5742 2645 5798; x_wconf 82' lang='lat'><strong>99.</strong></span> 
     </span>
    </p>
   </div>
  </div>
