4068 6126
566 294 704 364 1527

1658 307 1994 368 ΑΜΜΟΝΙΙ
2036 297 2572 370 ALEXANDRINI

3699 313 3815 377 1533

565 415 731 467 tiores
761 411 918 492 fiunt.
957 412 1110 473 Tunc
1146 435 1272 474 vero
1307 417 1487 470 evenit
1530 419 1863 471 contrarium
1897 437 1909 472 :
1945 434 2144 473 secun-

2260 418 2368 470 τότε
2394 418 2449 470 δέ
2474 417 2540 472 ἂν
2571 417 2885 472 τούναντίον
2916 419 3136 491 συνέ6·η’
3162 419 3415 491 δεύτερον
3441 420 3706 492 ἠλέγχθη,
3736 428 3815 478 καὶ

565 505 694 556 dum
727 515 953 574 argutus
996 518 1102 573 est,
1147 517 1202 563 et
1230 507 1465 563 ostendit
1497 510 1639 575 quod
1673 507 1820 561 illum
1854 524 1957 562 non
1994 509 2150 564 latuit

567 599 710 666 quod
744 595 946 650 factum
975 606 1090 664 est;
1129 607 1184 654 et
1218 609 1347 655 tunc
1372 599 1636 670 judicium
1666 599 1777 654 fert
1805 618 1818 654 :
1851 600 1986 655 cur?
2017 615 2152 670 qua-

569 705 692 742 nam
727 689 1028 746 intentione
1061 690 1115 746 id
1163 690 1384 749 fecisti?
1423 692 1626 749 habere
1668 693 1921 770 volebas;
1953 695 2152 750 habere

566 777 799 833 debebas
833 779 901 834 ab
947 780 1104 836 initio
1142 796 1245 838 nec
1293 781 1570 852 polliceri;
1608 782 1897 836 exitiosum
1931 781 2152 835 sacrile—

565 870 732 939 gium,
759 886 791 925 ο
815 873 1048 942 optime!
1077 872 1179 930 llic
1218 875 1364 930 enim
1397 875 1647 930 fortassis
1689 875 1864 930 aliena
1895 874 2151 944 concupi-

565 964 660 1030 vit,
711 965 807 1020 tibi
841 974 928 1020 tua
968 970 1247 1038 possidere
1297 968 1527 1035 licebat;
1575 984 1676 1024 cur
1713 970 1881 1039 igitur
1923 984 1985 1023 ea
2029 983 2152 1038 quae

567 1071 795 1112 voveras
837 1057 989 1124 Deo,
1039 1059 1396 1128 subripuisti?
1463 1059 1633 1113 multo
1693 1069 2004 1126 contemptu
2069 1056 2151 1112 sic

565 1149 752 1217 egisti;
784 1149 998 1204 veniam
1042 1166 1147 1206 non
1197 1163 1437 1207 meretur
1462 1151 1699 1216 factum;
1745 1149 2150 1205 excusationem

568 1255 674 1295 non
701 1241 882 1296 habet.
915 1240 991 1297 Ne
1017 1257 1145 1312 ergo
1174 1243 1618 1299 scandalizemini
1641 1245 1688 1298 si
1715 1244 1807 1312 qui
1836 1258 1979 1298 nunc
2011 1258 2150 1312 quo-

569 1347 674 1401 que
712 1341 843 1387 sunt
892 1334 1143 1404 sacrilegi
1179 1353 1192 1388 :
1228 1336 1273 1390 si
1327 1337 1470 1390 enim
1521 1344 1649 1390 tunc
1689 1336 1940 1402 aderant,
1986 1335 2155 1389 multo

573 1425 745 1495 magis
792 1441 970 1490 nunc,
1012 1427 1231 1497 quando
1289 1427 1460 1482 multa
1509 1427 1647 1482 mala
1694 1425 1994 1498 pullulant;
2061 1427 2155 1480 sed

574 1520 720 1587 ipsos
737 1533 1030 1590 arguamus
1058 1536 1240 1576 coram
1272 1521 1544 1585 omnibus,
1580 1530 1636 1575 ut
1677 1530 1731 1575 et
1759 1519 1951 1590 reliqui
1993 1521 2154 1572 timo-

577 1628 686 1664 rem
717 1612 969 1668 habeant.

645 1704 805 1758 Vens.
845 1704 897 1759 8.
948 1724 965 1756 ι
995 1705 1141 1760 Dixit
1164 1716 1343 1759 autem
1374 1705 1422 1760 ei
1460 1705 1651 1759 Petrus
1686 1723 1699 1757 :
1731 1704 1824 1758 Dic
1859 1703 2015 1768 mihi,
2045 1718 2156 1756 mu-

2251 509 2523 563 δείκνυσιν
2553 511 2634 564 ὅτι
2663 511 2763 563 οὐκ
2793 510 2986 564 ἔλαθεν
3016 511 3178 564 αὐτὸν
3208 511 3269 564 τὸ
3301 513 3557 580 γεγονὸςο
3594 515 3684 566 καὶ
3714 517 3814 568 τότε

2253 602 2630 668 καταδικάζει.
2667 603 2820 656 Διατί
2849 604 2940 669 δέ;
2978 605 3042 657 ἐκ
3082 603 3244 667 ποίας
3276 604 3660 674 προαιρέσεως
3685 607 3816 662 τοῦτο

2255 695 2596 765 πεποίηκας;
2623 695 2853 758 ’Πθελες
2878 695 3045 765 ἔχειν’
3067 695 3176 749 ἔδει
3195 694 3339 765 ἔχειν
3357 694 3416 763 ἐξ
3436 696 3639 767 ἀρχῆς,
3654 698 3739 749 καὶ
3756 698 3816 770 μὴ

2255 787 2608 858 ὑποσχέσθαι·
2639 787 2850 860 χαλεπή
2876 789 2960 850 τίς
2989 790 3137 840 ἐστιν
3158 789 3191 856 ἠ
3229 787 3539 857 ἱεροσυλία,
3571 789 3812 858 ἀγαπητέ’

2252 880 2281 932 ὁ
2315 879 2412 950 μὲν
2443 879 2552 950 γὰρ
2585 879 2934 950 ἐπεθύμησεν
2966 879 3096 943 ἴσως
3138 878 3462 949 ἀλλοτρίων,
3504 881 3589 932 σοὶ
3623 880 3678 932 δὲ
3713 881 3814 951 ἐξῆν

2254 972 2400 1042 ἔχειν
2423 971 2491 1025 τὰ
2533 971 2621 1026 σά·
2651 972 2704 1024 τί
2734 971 2912 1024 τοίνυν
2943 972 3208 1041 ἐποίησας
3239 970 3379 1023 αὐτὰ
3423 971 3567 1041 ἱερὰ,
3602 971 3692 1024 καὶ
3716 971 3814 1023 τότε

2254 1058 2445 1123 ἔλαϐες
2476 1059 2645 1125 αὐτάς
2681 1061 2790 1112 ἀπὸ
2820 1058 3022 1130 πολλῆς
3054 1060 3525 1130 καταφρονήσεως
3558 1059 3706 1112 τοῦτο
3737 1077 3815 1111 πε-

2255 1151 2510 1222 ποίηκας’
2555 1153 2656 1207 οὐκ
2693 1150 2808 1222 ἔχει
2841 1152 2900 1204 τὸ
2937 1152 3234 1220 γενόμενον
3280 1149 3656 1222 συγγνώμηνο
3685 1152 3814 1215 ἐκτός

2255 1248 2402 1300 ἐστιν
2438 1246 2753 1315 ἀπολογίας.
2796 1246 2889 1318 Μὴ
2931 1244 3356 1310 σκανδαλίζεσθε
3386 1244 3594 1308 τοίνυν,
3623 1245 3672 1295 εί
3695 1261 3814 1304 τινες

2257 1340 2349 1392 καὶ
2389 1338 2485 1391 νῦν
2528 1339 2666 1392 είσὶν
2713 1339 3014 1410 ἱερόσυλοι·
3057 1340 3106 1390 εί
3151 1337 3262 1408 γὰρ
3300 1337 3422 1390 τότε
3453 1333 3628 1407 ἦσαν,
3665 1336 3814 1406 πολλῷ

2260 1432 2458 1502 μᾶλλον
2491 1430 2610 1495 νῦν,
2644 1434 2734 1486 ὅτε
2763 1432 2935 1485 πολλὰ
2959 1431 3026 1484 τὰ
3052 1432 3222 1484 κακά·
3261 1431 3377 1484 ἀλλ’
3407 1431 3716 1500 ἐλέγχωμεν
3738 1432 3812 1482 αὖ.

2213 1593 2218 1598 λ
2256 1527 2384 1590 τοὺς
2417 1527 2509 1578 ἐπὶ
2543 1526 2782 1589 πάντων,
2812 1525 2898 1578 ἵνα
2926 1526 3022 1579 καὶ.
3054 1526 3104 1578 οἱ
3143 1524 3325 1576 λοιποὶ
3354 1524 3526 1592 φόϐον
3556 1524 3729 1593 ἔχωσι.

2335 1723 2352 1755 ι
2401 1703 2700 1774 ’Λπεκρίθη
2727 1703 2784 1756 δὲ
2819 1704 3030 1774 Πέτρος
3066 1703 3202 1776 πρὸς
3231 1702 3404 1770 αὐτήν
3425 1719 3442 1733 ο
3479 1699 3613 1754 Εἰπέ
3645 1716 3742 1770 μοι,
3773 1699 3810 1749 εί

574 1796 708 1860 I.er,
763 1798 807 1852 si
869 1797 1004 1850 tanti
1054 1813 1240 1865 agrum
1301 1797 1659 1852 vendidistis?
1706 1797 1776 1850 At
1829 1795 1917 1850 illa
1969 1796 2150 1851 dixit:

2260 1795 2516 1849 τοσούτου
2546 1795 2605 1848 τὸ
2635 1795 2833 1865 χωρίον
2863 1795 3156 1861 ἀπέδοσθε;
3189 1795 3251 1848 'H
3269 1795 3324 1848 δὲ
3342 1789 3492 1846 εἷπε·
3510 1793 3633 1857 Ναὶ,
3658 1789 3808 1844 τοσού-

573 1887 746 1940 Ιίιῖειιιι
785 1888 942 1942 tanti.
980 1907 996 1939 ι

642 1981 1008 2051 lutcrrogari,
1065 1996 1165 2034 nec
1219 1981 1493 2049 propriam
1545 1979 1756 2050 culpam
1811 1977 2006 2044 fateri,
2061 1979 2156 2034 sed

570 2093 598 2123 ιτ
627 2082 816 2126 contra
860 2087 1106 2141 quaerere
1144 2075 1416 2142 quomodo
1452 2073 1696 2142 ignOtum
1741 2081 2022 2128 remaneat
2063 2086 2159 2140 per

572 2163 1015 2234 denegationem,
1068 2165 1224 2217 venia
1279 2163 1560 2233 indignum
1597 2165 1831 2231 malum;
1871 2165 2054 2232 itaque
2103 2172 2158 2218 et

569 2255 857 2310 confestim
909 2255 1110 2324 ingruit
1141 2270 1321 2323 pmna.
1370 2254 1462 2310 Sic
1495 2256 1802 2310 invenimus
1835 2265 1888 2310 et
1917 2257 1983 2310 de
2022 2256 2154 2311 Cain

571 2350 660 2417 qui
685 2349 908 2403 audiens
934 2365 946 2402 :
975 2346 1076 2402 Ubi
1101 2357 1176 2402 est
1201 2347 1329 2402 Abel
1351 2348 1518 2417 frater
1545 2350 1706 2402 tuus?
1731 2348 1865 2403 dixit
1893 2367 1904 2402 :
1938 2347 2154 2412 Nescio,

571 2450 628 2496 et
653 2443 832 2497 statim
865 2450 986 2513 post
1014 2443 1129 2497 haec
1159 2442 1470 2496 maledictio
1497 2442 1868 2510 subsequitur.

645 2628 809 2683 Vens.
844 2626 930 2681 l7.
973 2625 1102 2692 Quae
1135 2635 1218 2682 est
1248 2624 1473 2680 haeresis
1506 2623 1952 2680 Sadducaeorum.
1987 2641 2006 2674 ι

643 2719 958 2775 Notandum
992 2720 1135 2790 quod
1165 2718 1408 2774 haeretici
1445 2726 1572 2773 sunt
1601 2716 1906 2772 Sadducaai.

645 2811 811 2866 Vsus.
848 2811 936 2866 18.
983 2829 1002 2863 ‹
1031 2811 1097 2866 Ει
1126 2809 1430 2876 iniecerunt
1468 2823 1660 2862 manus
1689 2807 1742 2861 in
1778 2805 2072 2876 aposmlos,
2107 2814 2163 2861 et

577 2912 874 2970 posuerunt
905 2917 999 2958 eos
1037 2903 1090 2956 in
1115 2903 1363 2957 custodia
1397 2899 1632 2971 publica.
1670 2919 1688 2950 ι

649 2993 802 3050 Nunc
830 2995 1202 3050 vehementius
1234 3007 1328 3048 eos
1367 2991 1789 3063 aggrediuntur;
1839 3005 1946 3044 non
1978 2989 2158 3044 statim

577 3089 726 3158 ipsos
752 3090 1035 3158 judicavit,
1087 3103 1314 3156 sperans
1352 3090 1495 3158 quod
1539 3089 1697 3145 miles
1743 3086 1908 3142 futuri
1952 3093 2161 3152 essent,
2190 3119 2232 3178 ο

579 3191 634 3237 et
656 3182 1033 3238 vehementius
1059 3196 1151 3237 eos
1182 3181 1445 3236 adoritur.

651 3274 816 3329 Vens.
857 3274 946 3340 19,
978 3272 1069 3328 20.
1117 3291 1136 3325 ι
1168 3272 1408 3343 Angelus
1449 3281 1630 3328 autem
1664 3272 1878 3326 Domini
1919 3287 2016 3340 per
2059 3287 2161 3327 no—

582 3377 721 3422 ctem
751 3366 960 3436 aperuit
986 3364 1180 3436 januas
1203 3365 1468 3430 carceris,
1507 3372 1563 3418 et
1590 3364 1828 3418 educens
1859 3377 1953 3418 eos
1980 3363 2122 3418 dixit
2147 3381 2161 3419 :

584 3458 698 3522 lte,
747 3467 801 3514 et
848 3467 1058 3512 stantes
1115 3455 1394 3525 loquimini
1440 3455 1492 3508 in
1545 3454 1743 3523 templo
1787 3453 1928 3522 plebi
1981 3455 2163 3510 omnia

585 3551 746 3606 verba
773 3551 896 3604 vita:
928 3550 1107 3618 hujus.
1140 3568 1158 3599 ι

659 3641 711 3695 Id
751 3652 806 3696 et
849 3642 902 3696 in
963 3641 1176 3695 illorum
1230 3639 1663 3694 consolationem
1710 3638 1911 3693 factum
1955 3647 2074 3703 est,
2115 3648 2170 3693 et

588 3737 777 3789 horum
820 3734 1024 3788 utilitas
1070 3734 1578 3800 documentumque.
1606 3729 1674 3784 Ει
1713 3730 1872 3800 paulo
1899 3739 2015 3798 post
2043 3745 2062 3782 :
2085 3729 2168 3784 lu-

585 3823 908 3894 quireudutn
950 3838 1079 3894 ergo
1117 3824 1352 3890 primum
1391 3829 1530 3885 erat,
1571 3820 1850 3886 Quomodo
1880 3819 2168 3876 exivistis?

585 3916 624 3968 li
679 3928 807 3968 vero
842 3914 997 3982 quasi
1047 3911 1180 3966 nihil
1219 3911 1510 3978 evenisset,
1560 3911 1896 3978 interrogant
1929 3928 1942 3964 :
1979 3909 2169 3964 Nonne

583 4006 938 4074 prwcipiendo
967 4004 1312 4075 praecepimus
1343 4003 1485 4057 vobis
1517 4019 1579 4058 ne
1609 4003 1866 4057 doreretis
1885 4004 1911 4058 Ρ
1945 4002 2012 4056 Et.
2041 4017 2169 4057 ecce

587 4114 684 4167 per
711 4097 847 4152 alios
887 4097 1113 4150 audiunt
1146 4095 1326 4149 omnia
1355 4111 1367 4148 :
1399 4094 1585 4148 vident
1619 4094 1862 4147 clausum
1891 4108 2166 4147 carcerem

587 4205 710 4243 cum
734 4188 1032 4258 diligentia,
1068 4197 1120 4241 et
1151 4191 1402 4242 custodes
1426 4195 1637 4242 Stantes
1658 4195 1784 4240 ante
1802 4185 2022 4254 januas.

665 4367 829 4422 Vens.
873 4367 964 4423 22.
1011 4386 1029 4419 ι
1059 4367 1192 4422 Cum
1224 4376 1405 4422 autem
1449 4367 1726 4423 venissent
1763 4367 2020 4432 ministri,
2065 4386 2168 4423 non

589 4463 912 4516 invenerunt
951 4461 1072 4515 illos
1113 4461 1164 4513 in
1199 4461 1467 4516 euswdia.
1505 4479 1524 4511 ι

658 4554 715 4608 Si
750 4553 872 4608 illos
901 4553 1222 4607 eduxissent
1269 4552 1546 4618 custodes,
1583 4553 1723 4605 sicut
1753 4552 1840 4606 isti
1887 4555 2169 4622 putabant,

590 4647 949 4717 :mlugissent,
977 4646 1021 4702 si
1058 4646 1224 4702 etiam
1252 4645 1529 4702 conciliati
1553 4645 1840 4712 abiissent,
1882 4657 1936 4701 et
1963 4647 2011 4701 si
2054 4647 2173 4703 illos

588 4737 910 4794 eduxissent
952 4737 1065 4804 isti,
1122 4753 1226 4793 non
1276 4751 1407 4792 sane
1451 4737 1504 4792 in
1541 4735 1740 4806 templo
1782 4737 2172 4803 constitissent,

591 4833 686 4887 sed
717 4831 1088 4904 aufugissent;
1125 4831 1178 4886 id
1211 4841 1393 4888 autem
1434 4844 1591 4886 nemo
1621 4838 1730 4884 tam
1760 4839 1943 4884 mente
1983 4838 2175 4900 captus

587 4925 680 4994 qui
717 4940 823 4981 non
853 4926 1160 4996 intelligat.’

663 5013 828 5071 Vens.
882 5016 973 5071 56.
1024 5014 1294 5070 «Exstitit
1347 5014 1634 5080 Theodas,
1695 5014 1882 5070 dicens
1928 5029 1988 5070 se
2047 5028 2171 5070 esse

591 5105 846 5175 aliquem.
883 5125 902 5158 ι

664 5196 916 5254 'l‘heodas
951 5199 1313 5255 liaeresiarcha
1359 5198 1603 5256 etJudas
1633 5199 1887 5256 Galilteus
1935 5200 1988 5256 in
2037 5208 2172 5254 tem-

593 5306 724 5360 pore
764 5292 1100 5348 recensionis
1131 5291 1329 5347 mortui
1359 5304 1502 5347 sunt.

665 5447 690 5484 σ¹
717 5444 780 5499 C.
817 5443 878 5499 C.
908 5460 1017 5499 om.
1049 5447 1077 5497 ὁ
1100 5444 1324 5513 ἁδελφός
1358 5462 1472 5498 σου.

672 5606 744 5676 ('2)
779 5607 897 5665 Hmc
923 5619 975 5662 et
995 5609 1260 5663 scholium
1288 5623 1520 5677 sequens
1540 5608 1672 5662 Cod.
1700 5605 1982 5677 (ZnisLdat
2004 5604 2177 5677 Clu-y-

597 5674 856 5747 sostomo,
882 5687 935 5747 et
961 5680 1132 5740 reinsa
1164 5682 1346 5747 paucis
1368 5674 1594 5734 mutatis
1617 5688 1831 5734 exstant
1868 5675 2006 5731 inter
2038 5674 2172 5746 Opp.

598 5744 882 5825 Qhryaost.
920 5746 1010 5813 IX,
1046 5749 1167 5804 105.

2260 1901 2374 1939 του.
2405 1904 2423 1935 ι

2331 1979 2404 2031 Τὸ
2473 1978 2815 2050 ἐρωτηθῆναι
2887 1981 2982 2033 καὶ

2259 2074 2542 2142 πταῖσμα,
2601 2073 2740 2126 ἀλλὰ
2785 2074 2881 2128 καὶ
2934 2074 2992 2127 τὸ
3035 2073 3276 2126 ἐναντίον
3327 2073 3520 2143 ζητεῖν
3563 2071 3726 2125 λαθεῖν
3754 2069 3806 2122 δι’

2258 2165 2582 2237 ἀρνήσεως,
2632 2165 3022 2234 ἀσύγγνωστον
3059 2165 3262 2217 κακόν’
3299 2165 3380 2217 διδ
3430 2165 3524 2218 καὶ
3563 2162 3803 2231 ἐπιφθάνει

2259 2257 2424 2322 εὐθὺς
2466 2260 2500 2329 ἡ
2544 2259 2810 2329 τιμωρία.
2866 2257 3056 2320 Οὕτως
3103 2257 3446 2328 εὑρίσκομεν
3498 2259 3586 2310 καὶ
3616 2255 3696 2307 ἐπὶ
3729 2253 3802 2306 τοῦ

2260 2353 2424 2416 xm,
2469 2351 2530 2413 ὃς
2573 2352 2852 2418 ἀκούσας,
2889 2352 3012 2406 Ποῦ
3064 2352 3237 2405 ἐστιν
3294 2353 3474 2405 Ἅϐελ
3520 2354 3552 2405 ό
3587 2348 3802 2416 ἁδελφός

2261 2459 2376 2498 σου
2399 2442 2445 2510 ά,
2479 2438 2653 2509 εἶπεν,
2682 2445 2805 2497 Οὐκ
2841 2440 2994 2497 οἶδα·
3019 2443 3114 2496 καὶ
3159 2443 3345 2496 λοιπὸν
3381 2445 3415 2513 ἡ
3463 2443 3659 2514 κατάρα
3696 2438 3803 2509 μετᾶ

2261 2535 2434 2590 ταῦτα
2464 2535 2773 2604 ἐπιφθάνει.

2339 2647 2359 2681 ι
2401 2629 2465 2686 Ἡ
2489 2624 2624 2683 οὖσα
2654 2629 2867 2699 αἵρεσις
2896 2627 3006 2680 τῶν
3048 2625 3450 2681 Σαδδουκαίων.
3487 2648 3506 2677 ι

2333 2721 2675 2792 Σημειωτέον
2701 2721 2782 2774 ὅτι
2809 2718 3074 2788 αἱρετικοί
3116 2719 3261 2771 εἰσιν
3289 2721 3339 2772 οἱ
3372 2717 3719 2771 Σαδδουκαῖοι.

2341 2833 2359 2866 ι
2395 2814 2507 2868 Καὶ
2543 2811 2811 2866 ἐπέϐαλον
2844 2810 2942 2874 τὰς
2977 2812 3168 2881 χεῖρας
3204 2811 3301 2863 ἐπὶ
3337 2811 3466 2874 τοὺς
3500 2807 3798 2868 ἀποστολους,

2266 2905 2360 2961 καὶ
2390 2903 2575 2957 ἔθεντο
2603 2903 2800 2963 αὐτοὺς
2827 2902 2884 2953 ἐν
2917 2904 3148 2969 τηρήσει
3177 2898 3240 2968 δη
3251 2898 3438 2969 μοσίᾳ..
3476 2915 3494 2948 ι

2333 2995 2452 3050 Νῦν
2489 2994 2847 3066 σφοδρότερον
2876 2992 3061 3053 αὐτοῖς
3103 2989 3475 3044 ἐπιτίθενται·
3515 2988 3609 3041 οὐκ
3636 2983 3801 3042 εὐθέως

2267 3089 2463 3152 αὐτοὺς
2485 3087 2690 3158 ἔκρινε,
2718 3085 3036 3156 προσδοκῶν
3063 3084 3225 3138 πάλιν
3252 3083 3462 3152 πράους
3489 3076 3708 3139 ἔσεσθαι,
3729 3071 3804 3127 καὶ

2269 3180 2626 3251 σφοδρότερον
2655 3178 2838 3242 αὐτοῖς
2868 3178 3176 3232 ἐπιτίθεται
3209 3175 3310 3247 (2).

2343 3293 2362 3325 ‹
2403 3272 2668 3342 Ἀγγελος
2701 3271 2759 3324 δὲ
2796 3273 3004 3341 Κυρίου
3033 3270 3124 3324 διὰ
3155 3271 3255 3338 τῆς
3285 3267 3470 3328 νυκτὸς
3491 3263 3690 3327 ἀνοίξας
3716 3257 3807 3320 τὰς

2267 3365 2438 3436 θύρας
2470 3366 2571 3434 τῆς
2602 3364 2873 3434 φυλακῆς,
2901 3361 3190 3430 ἐξαγαιγὼν
3226 3376 3282 3412 τε
3336 3357 3520 3414 αὐτοὺς
3549 3348 3688 3404 εἷπεο.
3711 3350 3805 3402 [Ιο-

2270 3455 2516 3529 ρεύεσθε,
2539 3457 2633 3508 καὶ
2659 3455 2945 3518 σταθέντες
2985 3454 3200 3506 λαλεῖτε
3239 3453 3292 3505 ἐν
3327 3448 3402 3519 τῷ
3437 3443 3562 3517 ἱερῷ
3602 3441 3676 3511 τῷ
3707 3437 3804 3507 λαῷ

2269 3547 2446 3602 πάντα
2478 3546 2544 3599 τὰ
2577 3547 2799 3616 ῥήματα
2831 3545 2930 3615 τῆς
2966 3544 3113 3614 ζωῆς
3151 3542 3376 3612 ταύτης.
3416 3559 3432 3591 ι

2341 3639 2512 3693 Τοῦτο
2551 3640 2645 3692 καὶ¹
2685 3639 2765 3700 εἰς
2799 3637 3025 3691 ἐκείνων
3066 3634 3418 3706 παραμυθίαν
3454 3630 3687 3700 γέγονεν·
3727 3620 3802 3674 καὶ

2269 3731 2472 3788 τούτων
2507 3731 2746 3799 ὠφέλεια
2792 3730 2886 3782 καὶ
2921 3727 3264 3782 διδασκαλία.
3314 3724 3423 3778 Καὶ
3466 3720 3584 3792 μετ’
3626 3716 3798 3780 ὀλίγα·

2272 3825 2400 3878 Δέον
2433 3824 2611 3877 τοίνυν
2642 3824 2914 3893 ἐρωτῆσαι
2946 3819 3164 3891 πρῶτον
3188 3859 3203 3884 ,
3232 3817 3358 3880 Πῶς
3392 3814 3663 3884 ἐξήλθετε;
3696 3807 3737 3859 οἱ
3756 3801 3801 3856 δὲ

2271 3919 2346 3978 ὠς
2410 3916 2625 3978 οὐδενὸς
2682 3913 2974 3985 γενομένου
3035 3910 3286 3984 ἐρωτῶσι
3356 3909 3619 3977 λέγοντες,
3685 3893 3801 3962 Οὐχί

2273 4008 2634 4078 παραγγελία
2657 4007 3142 4075 παρηγγείλαμεν
3172 4003 3316 4072 ὑμῖν
3350 4000 3439 4070 ,ιιὴ
3464 3995 3687 4056 ,λαλεῖη
3715 3985 3800 4041 Καὶ

2273 4103 2374 4172 ὅρα
2415 4101 2484 4154 δι’
2540 4099 2742 4168 ἐτέρων
2803 4098 3169 4168 μανθάνουσιν
3223 4094 3486 4148 ἅπανταο
3541 4087 3684 4160 ὁρῶσι
3727 4094 3798 4131 κε·

2274 4191 2603 4260 κλεισμένην
2646 4188 2745 4258 τὴν
2795 4187 3045 4259 φυλακὴν
3093 4186 3212 4256 μετ’
3244 4185 3546 4254 ἀσφαλείας
3587 4177 3667 4233 καὶ
3705 4171 3798 4229 τοὺς

2275 4284 2522 4356 φύλακας
2547 4283 2786 4345 ἑστῶτας
2819 4281 2922 4352 πρὸ
2946 4280 3054 4333 τῶν
3091 4279 3292 4351 θυρῶν.

2352 4397 2370 4429 ι
2410 4378 2472 4430 υἱ
2503 4375 2559 4429 δὲ
2584 4373 2856 4444 ὑπηρέται
2881 4372 3323 4444 παραγενόμενοι
3355 4370 3456 4442 οὐχ
3481 4362 3630 4438 εὗρον
3651 4353 3796 4415 αὐτοὺς

3061 1978 3136 2049 μὴ
3189 1977 3534 2048 ὁμολογῆσαι
3595 1977 3648 2028 τὸ
3703 1975 3805 2026 ἴδιον

2206 4467 2249 4521 D
2278 4474 2336 4526 ἐν
2370 4471 2435 4538 τῇ
2478 4467 2718 4536 φυλακῇ.
2759 4484 2778 4515 ι

2341 4562 2402 4612 EE
2446 4557 2703 4624 ἐξέϐαλον
2739 4555 2936 4618 αὐτοὺς
2981 4555 3028 4606 οἱ
3073 4553 3340 4621 φύλακες,
3384 4551 3462 4614 ῶς
3504 4547 3682 4601 ἐκεῖνοι
3717 4535 3797 4624 Mf

2275 4648 2462 4719 μιξον,
2497 4648 2699 4717 ἔφυγον
2734 4646 2821 4711 ἂν,
2865 4643 2984 4712 εἴγε
3027 4642 3343 4705 πεισθέντες
3390 4639 3643 4710 ἐξῆλθον·
3668 4629 3741 4685 καὶ
3765 4623 3796 4674 εἶ

2275 4738 2530 4803 ἐξέϐαλον
2552 4735 2749 4798 αὐτοὺς
2773 4736 2993 4797 ἐκεῖνοι,
3017 4733 3118 4787 οὐκ
3144 4732 3212 4786 ἂν
3238 4733 3319 4796 εἰς
3344 4732 3407 4785 τὸ
3431 4730 3573 4801 ἱερὸν
3592 4726 3796 4790 ἔστησαν.

2276 4833 2391 4886 ἀλλ’
2428 4831 2744 4902 ἀπέδρασαν
2777 4827 2842 4882 ἄν
2869 4843 2882 4858 ο
2919 4827 3077 4880 τοῦτο
3103 4825 3158 4879 δέ
3188 4825 3366 4890 οὐδεὶς
3405 4822 3578 4885 οὕτως
3605 4815 3797 4882 ἀνόητοῖν

2279 4922 2418 4975 ὥστε
2449 4920 2523 4990 μὴ
2555 4917 2803 4971 συνιδεῖν.

2355 5031 2374 5065 ε
2425 5010 2651 5081 ’Δνέστη
2689 5008 2892 5071 Θευδᾶς
2937 5006 3113 5077 λέγων
3153 5001 3293 5061 εἷναί
3347 5021 3473 5060 τινα
3522 4996 3693 5056 ἑαυτὸν
3729 4985 3798 5059 μέ·

2281 5123 2402 5174 γαν.
2450 5122 2470 5156 ι
3317 5151 3328 5164 .

2351 5198 2556 5262 Θευδᾶς
2610 5200 2685 5268 (5)
2741 5197 3098 5268 αἱρεσιὰρχης
3158 5194 3252 5248 καὶ
3324 5190 3526 5253 Ἰούδας
3573 5174 3802 5239 Γαλιλαῖος

2282 5292 2376 5352 ὲτξι
2398 5288 2506 5344 τῶν
2535 5290 2746 5362 χρόνων
2786 5289 2888 5358 τῆς
2917 5285 3244 5359 ἀπογραφῆς
3271 5281 3662 5350 κατελύθησαν.

2363 5607 2434 5677 (5)
2466 5607 2586 5661 llaec
2616 5607 2754 5662 inter
2777 5602 3232 5677 anonymahabet
3253 5608 3440 5659 catena
3469 5585 3712 5654 Cramcrii
3731 5573 3802 5638 Sed

2286 5675 2423 5735 Cod.
2453 5678 2617 5734 Coisl.
2650 5675 2940 5734 Ammonio
2981 5675 3190 5731 tribuit.
