4068 6126
355 277 491 343 1529

1263 283 1728 347 FRAGMENTA
1766 287 1849 349 IN
1889 286 2078 351 ACTA
2116 290 2696 358 APOSTOLORUM.

3480 298 3632 367 1530

428 410 449 484 ι
489 391 554 448 οι
587 391 688 465 μὲν
711 387 805 449 οὖν
831 393 1159 467 ἐπορεύοντο
1178 396 1467 469 χαίροντες
1499 400 1609 455 ἀπὸ
1637 399 1934 471 προσώπου

2131 405 2291 462 Vens.
2340 407 2431 462 Μ.
2478 427 2497 460 ι
2530 406 2598 463 Et
2645 409 2721 464 illi
2766 409 2981 481 quidem
3036 410 3189 469 ibant
3235 408 3536 484 gaudentes
3602 425 3631 461 a

354 483 450 537 τοῦ
484 486 787 558 συνεδρίου.
818 506 839 540 ι

384 602 406 618 ο
440 575 608 646 ’Υπὲρ
635 578 744 633 τοῦ
775 579 1070 650 ὀνόματος
1109 580 1510 652 ἀτιμασθῆναι·
1549 581 1628 654 τῷ
1666 582 1940 655 καθολικῷ

355 670 707 740 χρησάμενος
730 672 1030 743 ἐδήλωσεν,
1055 675 1137 728 ὅτι
1157 674 1291 739 Θεὸς
1310 670 1378 746 ἦν
1404 677 1434 730 ὁ
1469 676 1699 747 Ἰησοῦς.
1725 678 1938 749 Ὠσπερ

357 761 463 831 γάρ
491 778 577 826 τις
622 761 818 831 λέγων,
854 765 1026 829 Αὐτὸς
1063 761 1239 831 εἶπεν,
1282 766 1342 824 ἿΟ
1368 766 1448 822 ὢν
1478 764 1627 837 εἷπε,
1666 768 1759 824 τὸν
1804 769 1941 824 Θεδν

360 850 639 921 σημαίνει·
670 851 845 918 οὕτως
875 856 968 909 καὶ
998 857 1028 915 δ
1054 856 1326 926 ἀορίστως
1355 855 1415 910 τὸ
1452 857 1627 930 ὄνομα
1661 860 1824 931 μόνον
1855 861 1938 915 εἰ·

356 940 495 1008 πὼν,
526 941 726 1013 ὁμοίως
756 944 858 1015 τὴν
886 946 1035 1000 θείαν
1066 946 1164 1001 τοῦ
1204 944 1380 1019 Ἰησοῦ
1411 948 1600 1005 οὐσίαν
1629 952 1930 1027 ἐσῄμανεν.

928 1121 1183 1176 tineae.
1227 1125 1318 1191 ς’.

492 1228 601 1280 Καὶ
638 1228 1071 1299 προσευξάμενοι
1104 1230 1384 1303 ἐπέθηκαν
1435 1233 1622 1297 αὐτοῖς
1667 1235 1768 1300 τὰς
1819 1237 1935 1307 χεῖ-

361 1333 477 1389 ρας.
525 1337 545 1370 ι

424 1408 768 1479 Σημειωτὲον
803 1409 886 1463 ὅτι
922 1410 991 1464 δι’
1022 1412 1192 1483 εὐχῆς
1226 1413 1323 1467 καὶ
1355 1413 1655 1480 ἐπιθέσεως
1676 1415 1788 1470 τῶν
1821 1435 1939 1488 χει-

357 1500 466 1572 ρῶν
485 1501 594 1553 τῶν
619 1503 942 1574 ἡγουμένων
966 1502 1043 1575 τῷ
1074 1505 1218 1575 λόγῳ
1242 1507 1276 1578 η
1297 1508 1621 1578 χειροτονία,
1645 1510 1739 1563 καὶ
1758 1511 1792 1580 ἠ
1820 1509 1944 1573 ἀξία

353 1596 450 1662 τῆς
492 1595 770 1660 διακονίας
812 1598 970 1670 ἐδόθη
1019 1598 1076 1665 ἐξ
1110 1600 1286 1670 ἀρχῆς
1330 1603 1446 1664 τοῖς
1490 1600 1798 1668 διακόνοις,
1845 1603 1942 1656 καὶ

354 1685 511 1739 τοῦτο
551 1686 713 1751 ’ἔθος
743 1687 906 1759 μέχρι
934 1691 1030 1744 καὶ
1068 1688 1164 1744 νῦν
1193 1689 1448 1755 σώζεται.

430 1797 449 1830 ι
495 1778 555 1832 '0
582 1778 602 1817 ῐ
635 1779 921 1852 ἄνθρωπος
952 1777 1106 1847 οὗτος
1142 1783 1203 1836 οὐ
1248 1783 1483 1838 παύεται
1513 1783 1691 1844 λαλῶν
1718 1787 1941 1857 ῥήματα

358 1867 656 1941 βλάσφημα
688 1873 827 1925 κατά
859 1872 955 1926 τοῦ
982 1874 1148 1928 τόπου
1181 1875 1277 1928 τοῦ
1313 1875 1470 1944 ἁγίου
1499 1875 1693 1931 τούτου
1722 1879 1818 1932 καὶ
1848 1878 1943 1933 τοῦ

356 1955 543 2026 νόμου·
575 1958 896 2030 ἀκηκόαμεν
934 1962 1043 2032 γὰρ
1077 1964 1246 2016 αὑτοῦ
1278 1964 1554 2033 λέγοντος.
1599 1985 1617 2018 ι

426 2014 767 2118 έημειωτέον
797 2014 907 2105 ,ὅτι
945 2014 1137 2107 ἀὗταί
1768 2014 1978 2132 ἀληθῆ·

357 2139 750 2208 προεφήτευον,
792 2143 886 2196 καὶ
919 2143 993 2214 μὴ
1031 2145 1371 2217 βουλόμενοι,
1400 2149 1661 2222 περὶτῆς
1682 2151 1778 2204 τοῦ
1815 2152 1945 2205 ναοῦ

352 2230 631 2296 ἀπωλείας
671 2235 766 2286 καὶ
816 2236 917 2305 τῆς
961 2237 1271 2309 ἐναλλαγῆς
1309 2239 1411 2310 τῆς
1459 2241 1599 2296 κατά
1644 2242 1739 2297 τὸν
1779 2243 1946 2315 νόμον

356 2339 424 2374 σα
430 2324 630 2393 ρκικῆς
659 2322 938 2396 λατρείας.

429 2430 448 2463 ι
483 2416 593 2467 Καὶ
627 2417 995 2487 μετετέθησαν
1029 2421 1111 2483 είς
1145 2421 1350 2493 Συχὲμ.
1384 2423 1478 2476 καὶ
1507 2425 1771 2497 ἐτέθησαν
1790 2428 1848 2482 ἐν
1867 2427 1947 2499 τῷ

356 2506 603 2576 μνήματι
630 2501 674 2575 ᾧ
702 2509 955 2578 ὠνήσατο
1000 2510 1252 2583 Ἀϐραὰμ
1273 2515 1439 2584 τιμῆς
1463 2515 1754 2588 ἀργυρίου,
1791 2519 1945 2591 παρὰ

352 2596 461 2649 τῶν
502 2596 635 2650 υἱῶν
678 2597 910 2670 Ἑμμὼρ
941 2601 999 2653 ἐν
1027 2602 1235 2672 Συχέμ.
1279 2622 1300 2656 ι

425 2688 772 2757 Σημειωτέον
802 2691 879 2761 (4)
932 2692 1012 2746 ὅτι
1057 2695 1138 2757 είς
1172 2696 1357 2767 Συχὲμ
1393 2697 1678 2769 ἐτάφησαν
1723 2702 1774 2756 oi
1813 2705 1944 2773 περὶ

352 2776 448 2828 τὸν
486 2777 740 2848 Ἀϐραὰμ
774 2779 868 2833 καὶ
893 2781 942 2833 οἱ
974 2783 1336 2854 πατριάρχαι·
1362 2786 1485 2856 ἥτις
1522 2788 1770 2843 ἐκαλεῖτο
1800 2790 1942 2862 τάχα

356 2864 579 2934 Σίκιμα·
598 2869 768 2938 αὐτὴν
784 2869 892 2939 γὰρ
915 2870 1163 2942 ὠνήσατο
1180 2875 1333 2945 παρὰ
1365 2875 1596 2949 Ἑμμὼρ
1610 2880 1639 2932 ὁ
1666 2879 1940 2951 Ἀϐραὰμ,

357 2953 444 3007 ῐνα
471 2955 617 3028 ϐάψῃ
645 2958 761 3011 ἐκεῖ
785 2959 1024 3031 Σάρραν.

970 3076 1225 3131 ΚΕΦΑΛ.
1262 3080 1337 3134 Ζ’.

431 3197 450 3229 ι
487 3181 598 3233 Καὶ
626 3181 967 3254 ἀνεθρέψατο
995 3186 1158 3240 αὐτὸν
1184 3188 1350 3260 ἐαυτῇ
1377 3190 1458 3253 εἰς
1492 3191 1630 3246 υἱόν.
1671 3210 1689 3244 ι

425 3270 563 3324 Οὔτε
599 3275 867 3344 Μωῢσῆς,
896 3275 1019 3328 οὔτε
1052 3280 1099 3331 oi
1131 3280 1260 3348 περὶ
1308 3281 1559 3335 Ἀνανίαν
1605 3283 1703 3337 καὶ
1745 3284 1944 3356 Δανιὴλ

354 3360 559 3432 ἔμαθον
585 3363 652 3417 ἂν
680 3364 780 3432 τὴν
809 3364 966 3436 ξένην
992 3368 1265 3432 παιδείαν,
1297 3372 1343 3423 εί
1377 3372 1450 3441 μὴ
1477 3372 1694 3447 ἀνάγκῃ
1724 3375 1820 3428 καὶ
1851 3374 1944 3446 βίᾳ

356 3455 653 3508 δεσποτῶν·
700 3457 793 3509 καὶ
827 3458 935 3529 γάρ
971 3459 1029 3513 ἐν
1056 3461 1234 3514 οὐδενὶ
1261 3462 1400 3534 αὐτῇ
1429 3463 1748 3535 κέχρηνται·
1778 3467 1827 3519 εί
1861 3469 1938 3538 μή

357 3562 461 3598 που
505 3547 647 3599 εῐποι
672 3565 788 3613 τις,
819 3549 902 3602 ὃτι
936 3551 1100 3604 καλὸν
1133 3552 1327 3623 μαθεῖν
1366 3555 1505 3625 πρὸς
1544 3557 1605 3609 τὶ)
1642 3557 1942 3629 ἀνατρέψαι

355 3639 455 3700 τὰς
483 3638 708 3693 ἐκείνων
735 3639 974 3705 ἀπάτας.

435 3856 452 3888 ι
493 3837 646 3902 Ἰδοὺ,
665 3835 855 3908 θεωρῶ
872 3836 998 3899 τοὺς
1019 3836 1283 3907 οὐρανοὺς
1309 3838 1713 3908 ἀνεῳγμένους,
1744 3840 1943 3895 καὶτὸν

357 3926 486 3980 Υίὸν
514 3928 608 3980 τοῦ
644 3925 931 3996 ἀνθρώπου
959 3927 1171 3979 ἑστῶτα
1203 3928 1265 3979 ἐκ
1297 3927 1486 3992 δεξιῶν
1517 3929 1610 3982 τοῦ
1642 3929 1799 3982 Θεοῦ.
1840 3950 1859 3981 ι

428 4017 558 4069 Θεὸν
591 4016 718 4069 ἰδεῖν
747 4015 1028 4069 ἀδύνατον·
1062 4016 1140 4069 διὸ
1168 4012 1310 4080 εἷπε,
1341 4018 1531 4082 δόξαν
1547 4019 1717 4072 Θεοῦ·
1740 4016 1944 4089 ταύτην

354 4105 454 4176 τὴν
490 4105 648 4173 δόξαν
693 4104 851 4158 καλεῖ
880 4104 1014 4157 Θεὸν
1054 4107 1532 4176 καταχρηστικῶς.
1578 4105 1670 4158 Διὸ
1709 4122 1948 4176 σημειω-

357 4198 477 4250 τέον
510 4198 592 4250 ὅτι
626 4198 677 4249 οἱ
706 4196 991 4267 λεγόμενοι
1031 4196 1338 4266 ἑωρακέναι
1365 4196 1518 4262 Θεὸν,
1558 4196 1715 4263 δόξαν
1740 4196 1927 4268 ἐώρων

358 4289 530 4353 θείαν,
558 4291 590 4362 ἢ
633 4293 689 4342 ἐν
712 4289 924 4360 πυρὶ,ἢ
958 4290 1016 4344 ἐν
1052 4288 1230 4359 στόλῳ
1261 4290 1515 4360 νεφέλης,
1552 4289 1585 4361 ἢ
1616 4292 1674 4344 ἐν
1715 4307 1947 4360 σαπφει-

361 4382 555 4452 ροειδεῖ
578 4380 836 4450 ὁράματι,
868 4378 901 4449 ἢ
932 4380 1321 4450 ὴλεκτροειδεῖ.

959 4494 1215 4548 ΚΕΦΑΛ.
1251 4495 1336 4547 Η’.

434 4629 453 4660 ι
509 4613 805 4682 Προσεῖχον
850 4611 907 4663 δὲ
942 4608 1113 4680 αὐτῷ,
1146 4607 1236 4661 διὰ
1276 4608 1340 4661 τὸ
1391 4607 1563 4679 ἱκανῷ
1597 4608 1776 4679 χρόνῳ
1825 4611 1948 4673 ταῖς

362 4701 618 4770 μαγείαις
648 4702 1001 4769 ἐξεστακέναι
1029 4700 1248 4764 αὐτούς.
1289 4721 1309 4754 ι

430 4793 773 4863 Σημειωτέον
793 4795 873 4847 ὅτι
895 4793 955 4847 οὐ
979 4794 1061 4847 δεῖ
1080 4792 1180 4864 μὲν
1210 4793 1534 4864 πλησιάζειν
1558 4780 1774 4866 μάγοις·
1806 4794 1946 4867 πλὴν

360 4885 407 4935 εἰ
435 4884 737 4954 ἀπατηθείς
763 4903 844 4948 τις
866 4886 1141 4956 ἐποίησεν,
1171 4887 1492 4957 ἀφιστάσθω
1518 4888 1750 4959 ταχέως·
1779 4889 1812 4958 ἠ
1834 4889 1944 4962 γὰρ

358 4976 594 5047 ἐπιμονὴ
625 4977 657 5045 ή
693 4977 750 5030 ἐν
783 4979 897 5041 τοῖς
929 4980 1120 5041 κακοῖς
1151 4980 1233 5043 είς
1260 4979 1518 5034 ἔκστασιν
1548 4979 1672 5049 ἄγει
1700 4982 1945 5052 φρενῶν,

361 5067 501 5120 ὥστε
534 5070 609 5139 μὴ
641 5068 875 5122 συνιέναι
905 5069 974 5122 τὰ
1001 5071 1265 5142 γινόμενα
1292 5072 1592 5142 διακρῖναι.

439 5265 457 5299 ι
492 5248 626 5301 Τότε
674 5249 1008 5303 ἐπετίθεσαν
1054 5251 1154 5315 τὰς
1189 5254 1380 5322 χεῖρας
1429 5253 1517 5305 ἐπ’
1565 5255 1797 5323 αὐτοὺς,
1851 5259 1944 5310 καὶ

362 5336 667 5407 ἐλάμϐανον
702 5339 928 5410 Πνεῦμα
961 5340 1136 5409 ἅγιον.
1174 5361 1192 5394 ι
1766 5338 1774 5344 ’

437 5553 460 5580 ε
487 5541 549 5595 C.
582 5540 642 5594 C.
678 5538 835 5591 τοῦτο
856 5539 936 5592 τό.
1023 5540 1040 5577 ί
1080 5540 1210 5596 Cod.
1236 5541 1316 5595 ὅτι
1351 5545 1399 5597 ὁ.

437 5718 511 5787 (τί)
547 5720 661 5777 lioc
699 5718 966 5807 scholium
998 5722 1233 5791 assignat
1272 5721 1577 5799 Ammoniu
1600 5724 1736 5784 Cod.
1767 5725 1934 5784 Coisl.

1395 5919 1425 5948 4

2042 508 2341 568 conspectu
2376 501 2624 558 concilii.
2664 519 2685 555 ι

2101 588 2227 644 Pro
2274 590 2485 645 nuntiate
2524 589 2710 664 [Iesu]
2755 590 3137 649 conumeliam
3185 594 3330 662 pati;
3378 593 3623 662 generali

2043 689 2207 736 utens
2247 682 2639 741 demonstravit
2675 684 2818 754 quod
2853 685 3000 741 Deus
3043 693 3164 739 erat
3199 682 3359 739 Jesus
3387 697 3403 736 :
3433 697 3628 753 quem-

2043 773 2333 833 admodum
2358 775 2543 831 dicens
2574 778 2831 846 quidam;
2864 777 2983 847 ipse
3008 776 3167 844 dixit,
3206 774 3312 842 Qui
3346 783 3432 829 est
3458 772 3623 839 dixit;

2044 867 2215 923 Deum
2259 867 2557 939 signiﬁcat,
2591 870 2673 926 sie
2712 879 2766 926 et
2795 870 2890 939 qui
2921 870 3129 940 absque
3166 866 3484 924 deﬁnitione
3527 878 3626 919 no-

2042 973 2165 1013 men
2199 966 2408 1014 tantum
2442 960 2598 1028 dicit,
2621 961 2874 1017 similiter
2898 961 3136 1017 divinam
3164 958 3291 1016 Jesu
3320 956 3618 1015 essentiam

2042 1047 2393 1119 signiﬁcavit.

2684 1141 2842 1198 CAP.
2886 1140 2973 1199 VI.

2116 1253 2281 1312 Vens.
2312 1255 2366 1312 5.
2415 1273 2434 1308 ι
2475 1255 2543 1312 Et
2569 1265 2791 1313 orantes
2832 1257 3207 1329 imposuerunt
3238 1257 3320 1313 eis
3348 1270 3563 1314 manus.
3600 1274 3621 1308 ι

2114 1430 2420 1489 Notandum
2464 1432 2611 1503 quod
2642 1446 2739 1503 per
2769 1446 2959 1503 preces
3011 1441 3065 1488 ct
3111 1447 3366 1487 manuum
3409 1432 3476 1487 ad
3508 1447 3626 1487 ver-

2043 1523 2171 1579 bum
2209 1522 2586 1578 accedentium
2632 1521 3034 1592 impositionem
3061 1520 3367 1584 ordinatio,
3416 1529 3472 1573 et
3510 1519 3627 1573 dia-

2043 1620 2273 1668 conatus
2297 1612 2532 1682 dignitas
2556 1611 2802 1668 diaconis
2841 1613 2910 1668 ab
2934 1611 3089 1668 initio
3116 1612 3242 1666 data
3273 1618 3388 1676 est;
3428 1619 3483 1663 et
3512 1624 3630 1665 mus

2043 1701 2133 1757 ille
2162 1718 2332 1773 usque
2357 1704 2424 1759 ad
2448 1718 2546 1759 nos
2574 1712 2914 1772 perseverat.

2128 1794 2296 1850 Vsns.
2342 1795 2431 1848 l5.
2474 1812 2493 1846 ι
2547 1793 2722 1850 Homo
2763 1795 2869 1850 iste
2908 1809 3015 1850 non
3055 1802 3232 1849 cessat
3278 1792 3422 1862 loqui
3470 1792 3630 1846 verba
3707 1844 3715 1851 _

2047 1884 2398 1956 blasphemia:
2429 1887 2693 1941 adversus
2732 1887 2907 1941 locum
2949 1895 3196 1939 sanctum
3234 1895 3288 1939 et
3324 1883 3495 1954 legem
3532 1883 3629 1955 (4).

2048 1978 2365 2033 Audivimus
2397 1979 2541 2034 enim
2573 1993 2696 2033 eum
2731 1978 3024 2033 dicentem.
3056 1995 3074 2027 ι

2116 2067 2425 2124 Notandum
2477 2072 2619 2139 quod
2660 2070 2760 2141 ipsi
2794 2069 2914 2125 falsi
2953 2077 3120 2124 testes
3167 2081 3292 2121 vera
3338 2066 3634 2138 prolihcta-

2047 2161 2180 2216 bant
2207 2171 2263 2217 et
2291 2162 2469 2228 inviti,
2499 2164 2566 2216 de
2596 2162 2781 2231 templi
2813 2162 2967 2216 ruina
3007 2168 3062 2215 et
3098 2159 3478 2214 immutatione
3508 2173 3630 2213 car-

2049 2254 2188 2310 nalis
2214 2254 2370 2324 juxta
2394 2253 2569 2325 legem
2603 2253 2796 2310 iatriaz.

2119 2430 2288 2487 Vens.
2328 2428 2418 2486 16.
2483 2446 2502 2481 ι
2538 2430 2605 2485 Ει
2659 2428 2907 2484 translati
2960 2427 3013 2482 in
3070 2424 3315 2491 Sichem,
3362 2431 3418 2480 et
3468 2422 3632 2494 positi

2046 2527 2173 2575 sunt
2218 2523 2273 2573 in
2321 2518 2571 2589 sepulcro
2603 2518 2747 2588 quod
2805 2518 2939 2571 emit
2984 2516 3261 2572 Abraham
3318 2513 3493 2584 pretio
3544 2527 3632 2566 ar-

2045 2610 2193 2680 genti
2227 2624 2259 2664 a
2286 2609 2412 2665 (iiiis
2450 2606 2651 2665 iiemor
2675 2606 2770 2662 ﬁlii
2804 2606 3046 2663 Sichem.
3077 2624 3098 2660 ι

2118 2701 2423 2756 Notandum
2454 2709 2536 2757 est
2558 2701 2609 2755 in
2656 2698 2876 2763 Siehem
2903 2697 3176 2754 Abraham
3208 2704 3265 2751 et
3294 2694 3632 2766 patriarchas

2044 2792 2286 2863 sepultos
2316 2791 2508 2848 fuisse.
2562 2790 2784 2847 Sichem
2836 2789 3027 2845 eadem
3078 2787 3220 2843 forte
3256 2801 3322 2841 ac
3364 2785 3631 2841 Sichima.

2047 2883 2197 2942 lianc
2239 2885 2382 2940 enim
2425 2884 2495 2941 ab
2528 2883 2728 2945 [leuior
2767 2881 2901 2938 emit
2933 2879 3208 2936 Abraham
3258 2878 3328 2935 ad
3363 2874 3634 2948 sepelien-

2047 2975 2175 3033 dum
2201 2990 2397 3046 corpus
2421 2975 2593 3031 Sam.

2689 3084 2844 3140 CAP.
2894 3082 3000 3139 VII.

2117 3197 2282 3255 Vnus.
2316 3198 2411 3255 2L
2457 3218 2475 3251 ι
2504 3199 2570 3253 Ει
2608 3198 2835 3253 nutrivit
2864 3212 2987 3252 eum
3018 3196 3122 3253 sibi
3152 3196 3204 3252 in
3236 3196 3425 3252 filium.
3466 3214 3484 3247 ι

2114 3289 2229 3346 Nec
2260 3290 2497 3362 Moyses,
2525 3305 2625 3346 nec
2655 3290 2897 3346 Ananias
2926 3300 2980 3345 et
3014 3288 3198 3344 Daniel
3233 3296 3290 3344 et
3326 3286 3460 3343 socii
3492 3285 3633 3340 didi-

2044 3383 2251 3439 cissent
2289 3398 2431 3437 vana
2459 3383 2805 3446 documenta,
2850 3382 2955 3436 nisi
3001 3396 3067 3436 ex
3098 3380 3425 3435 necessitate
3451 3386 3505 3433 et
3534 3377 3636 3432 im-

2044 3475 2195 3547 perio
2218 3474 2649 3539 dominantium;
2700 3474 2903 3528 etenim
2946 3471 3141 3527 talibus
3185 3468 3530 3525 documentis
3558 3468 3628 3524 ad

2044 3564 2274 3618 nihilum
2313 3564 2395 3618 nsi
2425 3572 2572 3626 sunt,
2622 3563 2676 3617 ni
2712 3562 2852 3617 forte
2879 3561 3023 3616 dicat
3055 3561 3276 3630 quidam
3316 3559 3459 3627 quod
3508 3557 3632 3625 pul-

2045 3654 2238 3709 chrum
2301 3654 2371 3707 sit
2414 3653 2629 3707 discere
2681 3654 2747 3707 ad
2809 3649 3169 3706 coniutandas
3230 3649 3423 3703 horum
3474 3646 3632 3700 vani-

2048 3752 2208 3799 tates.

2115 3853 2285 3906 Vens.
2320 3851 2411 3906 55.
2458 3871 2477 3905 ι
2509 3852 2647 3907 Ecce
2679 3852 2834 3906 video
2866 3852 3037 3906 caelos
3070 3859 3312 3921 apertos,
3350 3858 3405 3905 et
3435 3848 3632 3905 Filium

2049 3944 2280 3998 hominis
2309 3951 2540 3998 stantem
2570 3958 2600 3996 a
2623 3944 2828 3998 dextris
2853 3944 2964 3997 Dei.
2997 3962 3016 3994 ι

2118 4034 2289 4089 Deum
2317 4034 2498 4088 videre
2522 4034 2857 4102 impossibile
2886 4052 2901 4089 :
2927 4034 3046 4088 ideo
3077 4034 3153 4087 ait
3183 4050 3197 4087 :
3225 4030 3464 4087 Gloriam
3497 4030 3632 4097 Dei;

2049 4127 2189 4181 hanc
2218 4126 2449 4196 gloriam
2478 4134 2637 4181 vocat
2666 4126 2855 4192 Deum,
2889 4141 2988 4195 per
3025 4111 3426 4192 catachresim;
3452 4125 3633 4192 itaque

2053 4219 2349 4274 notandum
2377 4219 2523 4289 quod
2556 4221 2647 4290 qui
2673 4220 2876 4275 vidisse
2908 4218 3075 4274 Deum
3107 4221 3380 4285 dicuntur,
3403 4217 3629 4288 gloriam

2049 4321 2452 4379 conspexerunt
2475 4312 2715 4367 divinam
2740 4354 2755 4379 ,
2792 4321 2885 4366 aut
2916 4312 2968 4366 in
3004 4312 3145 4381 igne,
3174 4320 3268 4364 aut
3301 4310 3355 4363 in
3382 4308 3630 4365 columna

1975 4425 2026 4487 ι)
2052 4401 2230 4469 nubis,
2257 4412 2350 4458 aut
2374 4402 2427 4457 in
2460 4404 2666 4458 visione
2697 4403 2850 4472 quasi
2876 4402 3115 4473 sapphiri
3141 4410 3234 4455 aut
3257 4400 3466 4456 electri.

2674 4516 2826 4572 CAP.
2869 4515 3006 4574 Vill.

2118 4627 2285 4684 Vens.
2312 4628 2399 4683 ii.
2445 4646 2464 4680 ι
2498 4628 2864 4683 Atlendehant
2887 4636 3065 4682 autem
3091 4642 3213 4681 eum
3241 4632 3466 4696 propter
3487 4625 3630 4695 quod

2046 4729 2200 4775 certo
2232 4727 2476 4788 tempore
2517 4718 2710 4788 magiis
2743 4718 3110 4772 dementasset
3139 4731 3254 4771 eos.
3296 4733 3317 4767 ι

2126 4808 2433 4865 Notandum
2468 4809 2609 4878 quod
2656 4808 2897 4877 magicos
2930 4805 3283 4875 frequentare
3325 4818 3430 4859 non
3468 4817 3631 4875 opor~

2055 4908 2168 4966 tet;
2214 4908 2453 4952 attamen
2501 4899 2546 4953 si
2599 4898 2862 4967 deceptus
2903 4898 3121 4966 quidam
3168 4896 3299 4961 fuit,
3342 4895 3630 4950 confestim

2055 4991 2312 5056 recedat;
2367 5005 2603 5060 namque
2652 5004 2802 5044 mora
2847 4990 2990 5060 apud
3046 4989 3238 5054 malos,
3295 4988 3347 5042 in
3386 5002 3628 5044 errorem

2048 5079 2255 5134 inducit
2298 5079 2579 5145 mentium,
2628 5078 2701 5133 ita
2751 5089 2808 5133 ut
2859 5094 2967 5134 non
2998 5079 3336 5148 intelligatur
3380 5088 3437 5131 ut
3484 5076 3629 5132 facta

2042 5171 2381 5242 iudicentur-

2123 5260 2286 5316 Vsns.
2319 5260 2407 5315 Π.
2450 5279 2468 5312 ι
2502 5260 2653 5315 Tunc
2686 5261 3042 5332 imponebant
3067 5277 3260 5318 manus
3286 5276 3447 5327 super
3480 5260 3626 5323 illos.

2050 5363 2106 5411 et
2129 5353 2463 5426 accipiebant
2495 5352 2757 5426 Spiritum
2788 5363 3057 5411 sanctum.
3096 5372 3116 5407 ι
