4068 6126
589 260 717 328 1531
1644 268 1978 330 AMMONII
2019 269 2545 331 ALEXANDRINI
3677 261 3793 328 i532

664 372 799 428 Illud
843 375 1153 431 sciscitatus
1197 382 1282 430 est
1309 374 1524 444 quidam
1553 392 1566 427 :
1593 374 1700 428 Cur
1747 375 2021 446 Philippus
2052 378 2144 431 ba-

2327 375 2590 446 Ἐζήτησέ
2623 391 2705 438 τις
2733 373 2914 430 τοῦτο*
2943 373 3096 427 Διατί
3120 373 3148 427 6
3174 371 3434 435 Φίλιππος
3470 369 3576 424 οὐκ
3599 373 3793 444 εποίησε

587 448 818 534 ριὶαειιυε
868 466 934 520 ab
981 466 1098 534 ipso
1155 480 1259 520 non
1307 465 1529 534 Spiritui
1585 475 1774 521 sancto
1819 468 2144 538 participare

2251 466 2378 527 τοὺς
2421 466 2512 519 ὑπ’
2549 466 2712 519 αὐτοῦ
2747 465 3139 537 βαπτισθέντας
3177 464 3468 534 μετασχεῖν
3503 461 3792 531 Πνεύματος

589 557 749 612 fecit?
777 557 843 612 ad
869 570 1028 627 quem
1054 565 1267 626 oportet
1288 558 1638 626 respondere,
1670 557 1762 611 Dei
1785 559 1962 628 gratia
1994 558 2144 628 adju-

2251 557 2437 625 ἀγίου;
2464 557 2605 628 Πρὸς
2627 558 2686 612 ὃν
2709 566 2736 605 σ
2768 557 2850 611 δεῖ
2874 554 3317 626 ἀπολογήσασθαι
3341 553 3477 606 Θεοῦ
3509 553 3682 624 χάριτι
3698 568 3712 584 ο
3730 555 3792 608 ὅτι

585 658 764 713 vante,
795 648 916 716 quia
952 649 995 703 si
1029 649 1082 702 in
1113 647 1380 718 principio
1424 662 1548 702 cum
1575 648 1866 718 baptizavit
1901 647 2149 706 Samari-

589 753 746 795 tanos
771 739 1076 810 Philippus,
1121 755 1280 795 nemo
1315 739 1575 809 Spiritum
1613 751 1858 796 sanctum
1906 745 2146 811 accepit;

585 832 677 885 sed
721 831 917 886 deinde
963 830 1124 886 simul
1181 839 1344 901 atque
1393 833 1596 901 precati
1638 843 1764 886 sunt
1807 831 2042 888 Joannes
2092 842 2149 888 et

583 921 798 984 Petrus,
825 920 971 974 dedit
1002 935 1097 990 per
1119 935 1373 974 manuum
1401 921 1571 990 ipsius
1605 921 2000 989 impositionem
2027 938 2148 977 san-

583 1023 727 1065 ctum
767 1012 1026 1080 Spiritum
1064 1012 1388 1081 baptizatis;
1431 1014 1702 1067 communi
1753 1015 1895 1068 enim
1928 1016 2147 1069 nomine

582 1112 634 1154 et
664 1116 767 1155 non
804 1102 1028 1157 deﬁnito
1059 1103 1193 1157 dixit
1229 1102 1530 1171 Scriptura.
1559 1103 1683 1172 quia
1729 1103 1974 1158 manibus
2015 1119 2144 1172 apo-

582 1192 844 1247 stolorum
880 1207 1043 1262 super
1096 1192 1284 1247 ﬁdeles
1317 1195 1582 1262 impositis
1615 1195 1863 1262 apparuit
1909 1194 2144 1263 Spiritus

580 1283 786 1349 gratia;
827 1297 930 1335 non
975 1283 1111 1336 dixit
1142 1283 1265 1351 quia
1301 1297 1395 1351 per
1426 1283 1599 1337 solum
1638 1281 1853 1338 Petrum
1907 1293 1961 1338 et
1990 1283 2148 1338 Joan-

582 1391 730 1438 nem,
767 1376 861 1428 sed
890 1373 1093 1443 absque
1119 1377 1457 1429 restrictione
1488 1376 1715 1444 loquens
1748 1375 2054 1447 Philippum
2091 1386 2146 1433 et

581 1464 1030 1533 comprehendit;
1088 1465 1280 1519 deinde
1335 1480 1438 1518 non
1497 1475 1678 1534 utpote
1727 1466 2009 1535 imperitus
2065 1469 2144 1522 vel

2249 1465 2366 1519 πὼν
2402 1462 2805 1535 συμπεριέλαϐε
2836 1462 2928 1516 καὶ
2966 1461 3058 1514 τὸν
3091 1460 3382 1514 Φίλιππον·
3419 1461 3608 1512 ἔπειτα
3639 1459 3690 1512 δὲ
3712 1459 3788 1526 οὐχ

583 1557 834 1626 indignus
883 1555 1162 1626 Philippus
1205 1557 1464 1626 Spiritum
1511 1574 1614 1612 non
1655 1572 1816 1627 super
1845 1559 2144 1627 baptizatos

2248 1556 2322 1619 ὡς
2357 1555 2580 1625 εὐτελὴς
2627 1554 2660 1624 ἢ
2696 1552 2913 1618 ἀνάξιος
2953 1555 2980 1606 6
3023 1553 3291 1616 Φίλιππος
3334 1551 3400 1604 οὐ
3451 1551 3714 1620 κατήγαγε
3740 1549 3786 1600 τὸ

579 1646 646 1700 ab
674 1646 788 1712 ipso
816 1632 1149 1700 descendere
1181 1646 1328 1712 fecit,
1363 1648 1579 1716 quando
1612 1655 1669 1702 et
1703 1650 1815 1715 ipse
1853 1648 2144 1718 inscriptus

2248 1647 2474 1716 Πνεῦμα
2514 1647 2606 1700 ἐπὶ
2655 1647 2782 1709 τοὺς
2833 1645 2924 1698 ὑπ’
2977 1643 3142 1697 αὐτοῦ
3186 1641 3629 1714 βαπτισθέντας,
3658 1639 3786 1692 ὁπότε

576 1745 660 1790 est
703 1738 853 1806 signa
890 1737 1117 1801 faciens,
1172 1739 1224 1791 in
1273 1740 1584 1792 morborum
1629 1739 1942 1794 sanationes
1987 1749 2039 1794 et
2081 1741 2144 1794 ad

2250 1739 2346 1790 καὶ
2392 1737 2555 1799 αὐτὸς
2599 1735 2884 1806 ἀνεγράφη
2932 1735 3135 1802 σημεῖα
3180 1729 3512 1800 πεποιηκὼς
3551 1731 3606 1781 ἐν
3646 1727 3782 1780 idaea:

577 1827 852 1879 daemones
886 1827 1271 1894 expellendos;
1301 1829 1394 1882 sed
1423 1828 1547 1896 quia
1586 1827 1689 1882 illis
1716 1830 1766 1883 id
1798 1830 2015 1884 evenire
2039 1845 2143 1885 non

2251 1826 2422 1879 νόσων
2455 1827 2548 1879 καὶ
2579 1824 2828 1885 ἐκϐολαῖς
2855 1822 3147 1892 δαιμόνωνο
3201 1819 3317 1872 ἀλλ’
3351 1819 3441 1871 ὅτι
3485 1816 3580 1869 οὐκ
3622 1813 3785 1885 ηὔξατο

579 1928 832 1984 precatus
861 1925 966 1980 est,
1000 1918 1078 1971 sic
1109 1933 1250 1987 saepe
1298 1929 1553 1988 reputans
1599 1920 1703 1974 illis
1735 1930 1942 1975 tantum
1980 1937 2144 1992 usque

2249 1916 2406 1969 τοῦτο
2450 1917 2631 1978 αὐτοῖς
2670 1914 2950 1983 ὑπάρξαι,
2985 1912 3127 1966 οὕτω
3173 1911 3442 1973 πολλάκις
3473 1907 3782 1976 λογισάμενος

577 2008 642 2060 ad
670 2008 770 2062 hoc
796 2010 1049 2076 expedire
1104 2019 1355 2078 Ianquam
1390 2011 1479 2079 qui
1513 2012 1686 2067 adhuc
1713 2013 1887 2068 idonei
1929 2029 2031 2069 non
2063 2029 2144 2070 es-

2249 2003 2388 2058 εῑναι
2419 2004 2554 2068 τέως
2586 2004 2767 2067 αὐτοῖς
2794 2003 3092 2073 συμφέρον,
3115 2001 3190 2064 ὡς
3219 2000 3408 2071 ἀκμὴν
3435 2000 3509 2069 μὴ
3535 1994 3664 2052 οὖσιν
3685 1999 3781 2047 ἐπι-

577 2108 697 2153 sent
727 2100 817 2169 qui
848 2098 1108 2170 Spiritum
1141 2102 1463 2170 reciperent.

2248 2095 2477 2166 τηδείοις
2513 2095 2644 2165 πρὸς
2668 2094 2765 2165 τὴν
2795 2093 2890 2147 τοῦ
2922 2091 3243 2163 Πνεύματος
3274 2091 3569 2162 ὑποδοχήν.

1216 2215 1368 2272 CAP.
1414 2216 1508 2271 IX.

2853 2210 3107 2264 ΚΕΦΑΛ.
3147 2209 3227 2260 Θν.

651 2322 809 2378 Vsus.
836 2325 890 2379 3.
937 2343 955 2376 ι
985 2323 1176 2381 Subito
1222 2326 1584 2382 circumfulsit
1623 2344 1743 2384 eum
1775 2330 1862 2383 lux
1893 2331 1958 2386 de
1987 2331 2143 2388 cre'o.

2325 2340 2344 2374 ι
2389 2318 2676 2390 Ἐξαίφνης
2711 2335 2770 2374 τε
2804 2317 2966 2373 αὐτὸν
3013 2313 3394 2387 περιήστραψε
3443 2310 3555 2382 φῶς
3603 2311 3657 2364 ἐκ
3701 2307 3774 2362 τοῦ

575 2412 640 2467 Et
672 2415 876 2470 cadens
904 2416 956 2468 in
984 2424 1184 2470 terram
1213 2417 1419 2471 audivit
1447 2433 1634 2474 vocem
1668 2421 1933 2475 dicentem
1965 2423 2089 2478 sibi.
2123 2441 2141 2474 ι

2249 2413 2502 2482 οὐρανοῦ,
2549 2411 2647 2464 καὶ
2713 2408 2896 2464 πεσὼν
2939 2409 3033 2462 ἐπὶ
3079 2407 3179 2478 τὴν
3229 2407 3332 2478 γῆν
3386 2406 3585 2475 ἤκουσε
3630 2401 3776 2470 φωνὴν

2249 2503 2519 2572 λέγουσαν
2542 2503 2711 2574 αὐτῷ.
2743 2521 2762 2554 ι

2334 2594 2630 2666 Ἐωρακὼς
2659 2595 2750 2648 τὸν
2788 2592 3015 2664 Ἰησοῦν,
3049 2590 3144 2644 καὶ
3175 2589 3252 2661 μὴ
3277 2589 3462 2660 φέρων
3482 2588 3541 2641 τὸ
3564 2587 3679 2640 πολὺ
3699 2581 3769 2635 τοῦ

2249 2685 2449 2755 φωτὸς,
2480 2685 2792 2756 ἀπελιθώθη
2823 2684 2885 2737 τὸ
2914 2684 3227 2754 διορατικδν
3275 2681 3382 2750 τῆς
3410 2680 3584 2750 ψυχῆς
3612 2677 3692 2731 καὶ
3729 2673 3769 2725 r6

2248 2776 2475 2842 ζωτικόν
2500 2792 2514 2808 ⁸
2549 2777 2632 2830 διὸ
2661 2777 2757 2830 καὶ
2780 2775 2954 2829 δοκῶν
2985 2775 3130 2846 ἔχειν
3161 2772 3480 2842 ὀφθαλμοὺς
3505 2771 3597 2838 οὐχ
3633 2767 3765 2836 ἑώρα.

2249 653 2298 704 εί
2327 651 2422 704 καὶ
2457 651 2556 719 τὴν
2593 649 2768 720 ἀρχὴν
2808 650 2896 702 ὅτε
2927 647 3188 701 ἐϐάπτισε
3219 645 3343 707 τοὺς
3382 645 3440 696 ὲν
3488 644 3793 714 Σαμαρείαό

2247 741 2530 804 Φίλιππος,
2563 739 2740 802 οὐδεὶς
2769 737 2925 792 ἔλαϐε
2953 737 3175 805 Πνεῦμα
3200 735 3371 804 ἅγιον·
3399 733 3519 787 ἀλλ’
3547 735 3638 787 οῦν
3667 734 3794 786 ὔστε-

2253 848 2345 902 ρον
2371 831 2510 901 μετὰ
2551 829 2611 883 τὸ
2638 828 2900 906 εῦξασθαι
2927 828 3179 893 Ἰωάννην
3215 825 3311 880 καὶ
3350 825 3583 896 Πέτρον,
3625 825 3790 877 δέδωκε

2247 920 2336 974 διὰ
2385 921 2484 991 τῆς
2533 919 2641 972 τῶν
2680 919 2876 991 χειρῶν
2924 917 3091 971 αὑτοῦ
3129 919 3154 958 ιι
3213 916 3522 980 ἐπιθέσεως
3557 916 3617 970 τὸ
3663 917 3792 984 ἄτιον

2250 1010 2475 1080 Πνεῦμα
2515 1012 2627 1072 τοῖς
2675 1008 3038 1078 βαπτισθεῖσιο
3087 1006 3252 1080 κοινῷ
3308 1005 3422 1076 γὰρ
3463 1006 3680 1076 ὀνόματι
3720 1009 3794 1058 καὶ

2248 1101 2485 1171 ἀορίστῳ
2533 1095 2683 1152 εἶπεν
2713 1101 2746 1169 ἡ
2796 1097 3025 1167 Γραφὴ,
3069 1099 3152 1151 ὅτι
3196 1097 3286 1150 διὰ
3327 1096 3440 1150 τῶν
3485 1096 3676 1166 χειρῶν
3706 1097 3792 1149 τῶν

2249 1192 2561 1244 ἀποστόλων
2601 1189 2989 1259 ἐπιτιθεμένων
3019 1190 3111 1240 ὲπι
3153 1190 3266 1250 τοῖς
3298 1189 3517 1250 πιστοῖς
3536 1229 3551 1253 ,
3582 1187 3791 1257 ὲπέλαμο

2247 1284 2348 1353 ψεν
2381 1285 2398 1323 i
2437 1284 2470 1352 ή
2502 1283 2593 1335 τοῦ
2621 1280 2939 1351 Πνεύματος
2973 1279 3154 1350 χάρις.
3181 1277 3298 1333 Οὐκ
3327 1273 3485 1330 εἶπεν
3517 1279 3596 1330 ὅτι
3623 1278 3700 1330 διὰ
3724 1279 3792 1346 μό-

2247 1392 2340 1428 νου
2372 1373 2578 1444 Πέτρου
2614 1373 2707 1425 καὶ¹
2753 1371 3024 1434 Ἰωάννου,
3059 1369 3174 1423 ἀλλ’
3205 1365 3695 1439 ἀπροσδιορίστωςὶ
3727 1368 3789 1418 εξ-

648 2585 790 2642 Vidtt
817 2588 998 2644 Jesnm
1045 2605 1143 2646 nec
1171 2592 1391 2650 luminis
1423 2592 1809 2648 abundantiam
1849 2594 2143 2660 sustinens,

572 2678 749 2744 quoad
783 2681 978 2735 mentis
1020 2681 1431 2755 intelligentiam
1465 2695 1519 2740 et
1543 2686 1928 2741 animationem
1971 2694 2146 2754 stupe-

575 2766 753 2823 factus
781 2779 900 2837 est;
939 2773 1123 2842 itaque
1155 2785 1209 2830 et
1255 2778 1443 2832 oculos
1473 2777 1674 2833 habere
1716 2780 1808 2849 qui
1851 2780 2145 2848 apparebat

573 2873 678 2912 non
710 2860 945 2929 videbat,
979 2873 1034 2917 et
1059 2879 1120 2919 os
1145 2865 1347 2922 habens
1373 2883 1483 2922 non
1515 2869 1904 2934 manducabat;
1940 2883 2143 2939 usque-

2248 2869 2341 2922 καὶ
2371 2868 2510 2938 ἔχων
2537 2868 2711 2938 στόμα
2758 2869 2858 2921 οὐκ
2890 2867 3110 2938 ἧσθιενυ
3154 2865 3262 2928 ἕως
3303 2858 3365 2918 οὗ
3411 2861 3686 2920 πιστεύσας
3710 2855 3768 2923 τῷ

571 2965 678 3016 quo
728 2951 954 3007 Ananiae
1003 2955 1104 3022 ipsi
1151 2958 1376 3011 verbum
1421 2958 1661 3029 loquenti
1715 2962 2139 3032 obtemperans,

2259 2959 2478 3030 Ἀνανίᾳ
2521 2959 2729 3027 λέγοντι
2767 2957 2917 3028 αὐτῷ
2965 2958 3054 3011 τὸν
3085 2956 3268 3024 λόγον,
3336 2955 3494 3024 ίάθηο
3532 2950 3658 3020 μετὰ
3683 2947 3768 3016 γὰρ

570 3049 795 3096 sanatus
834 3052 952 3108 est;
1004 3059 1125 3099 cum
1165 3047 1270 3101 lide
1311 3050 1456 3103 enim
1499 3052 1684 3106 videre
1724 3053 1921 3120 coepit;
1957 3065 2138 3123 postea

2248 3050 2343 3121 τὴν
2372 3051 2555 3104 πίστιν
2601 3050 2805 3121 ἤρξατο
2833 3049 3050 3119 βλέπειν
3077 3065 3090 3079 ·
3122 3047 3312 3101 λοιπὸν
3350 3042 3656 3110 ἐϐαπτίσθη,
3694 3038 3770 3091 καὶ

569 3128 879 3198 baptizatus
912 3141 1028 3188 est:
1063 3134 1249 3204 sicque
1290 3139 1462 3207 magis
1503 3141 1609 3195 cibi
1646 3143 1941 3211 spiritualis
1969 3145 2140 3212 parti-

2248 3143 2386 3196 οὕτω
2420 3143 2629 3212 τροφῆς
2661 3141 2859 3210 μᾶλλον
2923 3143 3023 3209 τῆς
3074 3137 3450 3209 πνευματικῆς
3487 3129 3766 3204 μετασχὼν,

569 3237 698 3292 ceps
722 3238 887 3280 sanus
912 3227 1184 3296 surrexit;
1213 3230 1512 3284 notandum
1539 3246 1665 3285 vero
1695 3233 1834 3298 quod
1866 3234 2140 3302 baptizare

2248 3232 2561 3302 ἀνέσφηλεν.
2606 3231 2946 3303 Σημειωτέον
2995 3231 3074 3292 δὲ,
3107 3231 3189 3282 ὅτι
3226 3229 3307 3281 δεῖ
3352 3226 3551 3295 πρῶτον
3588 3219 3766 3290 βαπτί-

569 3313 746 3381 primo
775 3323 1009 3382 oportet,
1041 3326 1097 3371 et
1139 3319 1218 3373 sic
1253 3319 1570 3388 participem
1611 3320 1716 3376 cibi
1764 3321 1975 3388 facere;
2022 3325 2141 3380 ideo

2248 3323 2380 3386 ζειν,
2438 3322 2533 3374 καὶ
2585 3320 2726 3374 οὕτω
2791 3321 3134 3392 μεταδιδόναι
3191 3319 3415 3390 τροφῆςο
3469 3313 3543 3367 διὸ
3592 3308 3766 3370 κακῶς

570 3403 710 3457 male
732 3415 895 3474 agunt
922 3407 1012 3476 qui
1044 3418 1165 3476 post
1188 3410 1364 3464 cibum
1396 3410 1607 3465 adultos
1629 3411 1924 3480 baptizant.

2248 3411 2488 3468 ποιοῦσιν
2524 3416 2573 3467 οί
2597 3415 2736 3482 μετὰ
2759 3414 2964 3485 τροφὴν
2986 3414 3113 3477 τοὺς
3156 3411 3384 3473 τελείους
3417 3405 3765 3478 βαπτίζοντες.

642 3492 808 3548 Vens.
847 3494 934 3548 10.
980 3515 997 3546 ι
1028 3496 1158 3550 Erat
1205 3508 1384 3551 autem
1429 3499 1646 3567 quidam
1696 3501 1989 3570 discipulus
2043 3501 2138 3558 Da-

2319 3527 2339 3560 ι
2382 3502 2490 3560 Ἦν
2512 3507 2569 3560 δέ
2595 3524 2676 3571 τις
2701 3506 2951 3576 μαθητὴς
2984 3507 3043 3558 ἐν
3074 3501 3347 3576 Δαμασκῷ
3371 3500 3585 3569 ὀνόματι
3631 3494 3765 3545 Ἀνα-

570 3584 762 3648 masci,
793 3585 1012 3640 nomine
1035 3586 1294 3642 Ananias.
1328 3606 1347 3638 ι

641 3672 780 3738 Quia
831 3682 883 3729 et
935 3674 1172 3731 Ananias
1223 3678 1481 3734 diaconus
1527 3690 1675 3749 erat;
1730 3682 1872 3738 sicut
1921 3693 1974 3739 et
2024 3686 2140 3754 ipse

572 3764 772 3821 Paulus
805 3773 1040 3821 testatur
1073 3769 1126 3823 in
1173 3771 1473 3827 canonibus
1509 3775 1762 3842 quoniam
1792 3777 2138 3847 presbytero-

571 3870 688 3908 rum
723 3856 774 3908 in
806 3855 1050 3912 Samaria
1081 3858 1260 3928 inopia
1307 3870 1424 3916 erat
1457 3872 1679 3932 propter
1709 3863 1906 3919 factum
1953 3881 2138 3936 perse-

567 3946 862 4002 cntionem.

642 4035 800 4092 Vens.
852 4039 938 4092 12.
983 4058 1002 4091 ‹
1035 4039 1173 4094 Ecce
1216 4042 1356 4096 enim
1389 4054 1526 4107 orat,
1574 4053 1628 4100 et
1678 4045 1811 4099 vidit
1847 4046 1898 4099 in
1933 4047 2140 4102 visione

566 4125 742 4179 virum
774 4128 989 4182 nomine
1028 4131 1314 4198 Ananiam,
1360 4132 1722 4189 introeuntem
1761 4145 1816 4190 et
1850 4136 2136 4206 imponen-

570 4225 674 4270 Iem
702 4217 804 4271 sibi
831 4234 1021 4274 manus
1055 4231 1112 4275 ut
1144 4225 1316 4279 visum
1348 4227 1598 4296 recipiat.
1634 4247 1653 4281 ι

2248 4217 2387 4310 αὐτῷ
2424 4242 2603 4309 χεῖρα,
2640 4241 2788 4302 ὅπως
2816 4217 3114 4313 ἀναϐλέψῃ.
3147 4257 3166 4290 ι

637 4306 941 4364 Notandum
978 4316 1119 4382 quod
1153 4315 1264 4371 haec
1313 4318 1474 4373 verba
1522 4318 1774 4373 dicuntur
1817 4334 1938 4390 qua:
1983 4336 2136 4376 com-

2308 4306 2652 4400 Σημ-ειωτέον
2708 4330 2791 4382 ὅτι
2854 4306 3042 4382 ἐκεῖνα
3066 4306 3154 4381 ’τὰ
3209 4328 3494 4398 ῥήματαω
3553 4321 3753 4388 λέγεται.

567 4401 744 4456 munis
791 4403 1041 4460 utilitatis
1082 4416 1210 4461 sunt
1258 4416 1314 4461 et
1360 4410 1424 4462 ad
1486 4411 1739 4478 pietatem
1792 4411 2130 4479 inserviunt;

2248 4420 2383 4489 Ξπερ
2424 4420 2730 4491 κοινωφελῆ
2769 4422 2907 4485 ἐστι,
2955 4421 3051 4472 καὶ
3094 4419 3468 4490 συμϐάλλεται
3509 4417 3583 4478 είς
3609 4407 3752 4464 θεοπέ-

565 4507 687 4560 quaa
722 4492 886 4548 habet
925 4496 976 4548 in
1014 4498 1220 4551 visione
1255 4497 1462 4552 Domini
1493 4510 1585 4554 ant
1616 4500 1828 4570 angeli;
1877 4501 1931 4555 in
1960 4517 2132 4571 quan-

2248 4512 2392 4565 ϐειαν
2417 4527 2431 4542 ο
2463 4512 2561 4564 ὅσα
2599 4511 2712 4581 ἔχει
2741 4512 2836 4564 τοῦ
2870 4511 3078 4581 Κυρίου
3111 4510 3212 4580 τὴν
3263 4510 3602 4578 παράστασιν
3627 4502 3654 4571 ἦ
3682 4501 3755 4562 ἀτ·

569 4591 679 4636 tum
722 4599 848 4638 vero
891 4595 1018 4640 sunt
1071 4588 1346 4655 specialia,
1400 4605 1504 4646 non
1547 4591 1646 4644 fari
1695 4593 1825 4648 utile
1858 4593 1987 4660 fuit;
2030 4596 2134 4650 nisi

2248 4601 2403 4670 γέλου
2429 4617 2442 4631 ·
2477 4600 2598 4653 καθ’
2619 4601 2678 4653 6v
2709 4600 2774 4654 ἂν
2801 4601 2859 4654 δέ
2887 4603 3034 4655 ἐστιν
3066 4601 3230 4666 ἰδικὰ,
3264 4602 3366 4654 οὐκ
3391 4598 3590 4668 ὀφείλει
3614 4590 3753 4646 λαλεῖ·

566 4673 704 4727 forte
743 4688 887 4731 esset
914 4679 1129 4747 propria
1161 4677 1310 4732 Sauli
1345 4679 1568 4735 utilitas.
1609 4679 1716 4736 Sed
1749 4683 1963 4739 sanatio
1995 4686 2130 4740 mira

2248 4693 2398 4746 σθαι·
2433 4693 2573 4763 πλὴν
2607 4693 2655 4745 εί
2687 4693 2785 4746 καὶ⁴
2817 4693 2960 4762 ίδικὴ
2993 4691 3087 4746 τοῦ
3115 4691 3324 4746 Σαύλου
3355 4688 3426 4762 ἦν
3468 4693 3500 4758 ἠ
3535 4684 3751 4754 ὠφέλειαν

566 4770 959 4835 superveniens
986 4771 1050 4824 ad
1079 4771 1333 4840 pietatem
1368 4774 1641 4828 hominem
1672 4775 1919 4830 advocat.

2248 4786 2353 4838 ἀλλ’
2385 4785 2477 4839 οὖν
2514 4785 2656 4848 ἴασις
2679 4784 2980 4856 παράδοξος
3003 4784 3262 4854 συμϐᾶσα
3303 4783 3470 4837 πάλιν
3498 4783 3576 4843 είς
3609 4770 3752 4828 θεοσέ-

2237 4877 2389 4930 ϐειαν
2404 4876 2494 4930 τὸν
2527 4876 2817 4948 ἄνθρωπον
2853 4877 3276 4947 προσκαλεῖται.

2313 4984 2332 5017 ι
2396 4967 2691 5038 Ἀπεκρίθη
2732 4967 2790 5020 δὲ
2846 4968 3127 5034 Ἀνανίας,
3180 4967 3378 5038 Κύριε,
3433 4966 3628 5034 ηκουσα
3673 4951 3756 5009 ἀπὸ

2238 5055 2448 5110 πολλῶν
2500 5057 2629 5126 περὶ
2663 5057 2756 5110 τοῦ
2814 5057 3007 5127 ἀνδρὸς
3071 5057 3287 5119 τούτου,
3355 5057 3456 5110 ὅσα
3502 5050 3634 5106 κακὰ
3672 5045 3756 5102 103;

2241 5147 2414 5215 ἁγίοις
2439 5164 2530 5199 σου
2560 5148 2813 5218 ἐποίησεν
2847 5149 2904 5200 ὲν
2947 5149 3328 5218 Ἰερουσαλήμ.
3361 5166 3378 5198 ι

2309 5238 2374 5291 Τί
2406 5237 2583 5306 λέγεις
2610 5239 2719 5310 (5);
2760 5241 2788 5292 ὁ
2820 5239 2952 5302 Θεὸς
2971 5239 3142 5306 λέγει,
3167 5240 3261 5292 καὶ
3302 5240 3365 5291 σὺ
3397 5229 3754 5307 ἀμφιϐάλλειςί

2243 3604 2384 3666 νίας.
2426 3623 2443 3654 ι

2316 3695 2438 3747 ’Ότι
2477 3695 2569 3748 καὶ
2611 3694 2860 3758 Ἀνανίας
2893 3694 3139 3756 διάκονος
3184 3687 3290 3764 ἦν·
3327 3689 3400 3753 ὡς
3449 3689 3536 3742 καὶ
3581 3687 3604 3724 k
3631 3681 3763 3740 αὖτδς

2243 3786 2458 3850 Παῦλος
2514 3790 2781 3859 μαρτυρεῖ
2827 3789 2885 3840 ἐν
2931 3789 3043 3850 τοῖς
3093 3786 3283 3840 κανόσι
3319 3784 3410 3837 διὰ
3449 3781 3506 3835 τὸ
3547 3768 3756 3830 σπάνινι

2242 3873 2383 3931 εἶναι
2429 3879 2819 3949 πρεσϐυτέρων
2873 3879 2930 3932 ὲν
2963 3876 3248 3948 Σαμαρείᾳ
3287 3875 3379 3930 διὰ
3401 3873 3490 3929 τὸν
3537 3868 3756 3940 γεγονότα

2239 3966 2498 4036 διωγμόν.

2317 4079 2336 4111 ‹
2387 4059 2517 4112 Ἰδοὺ
2550 4058 2660 4128 γὰρ
2708 4058 3097 4130 προσεύχεται,
3134 4060 3230 4112 καὶ
3284 4054 3428 4112 εἶδεν
3469 4057 3523 4108 ὲν
3566 4052 3755 4122 ὁράματι

2238 4149 2407 4219 ἄνδρα
2459 4149 2710 4202 Ἀνανίαν
2757 4149 2987 4219 ὀνόματι
3043 4149 3358 4203 εἰσελθόντα
3411 4148 3501 4201 καὶ
3551 4140 3756 4197 ἐπιθέντα

634 4950 799 5006 Vens.
834 4953 920 5006 l3.
966 4971 984 5004 ι
1015 4953 1316 5024 Respondit
1355 4967 1538 5012 autem
1571 4958 1808 5012 Ananias
1836 4977 1850 5013 :
1884 4959 2130 5026 Domine,

567 5045 743 5099 audivi
792 5061 821 5100 a
872 5046 1056 5100 multis
1089 5046 1156 5102 de
1184 5049 1300 5102 viro
1343 5050 1466 5113 hoc,
1514 5061 1715 5120 quanta
1763 5051 1900 5105 mala
1948 5051 2138 5106 fecerit

567 5134 768 5189 eunetis
794 5136 899 5188 luis
926 5135 975 5188 in
1002 5133 1324 5191 Jerusalem.
1364 5157 1381 5188 ι

639 5223 781 5289 Quid
824 5224 996 5281 dicis?
1047 5227 1186 5282 Deus
1228 5229 1377 5294 dicit,
1409 5241 1462 5284 et
1507 5237 1562 5283 tu
1596 5229 1848 5284 dubitas?
1891 5229 2138 5286 Nondum

641 5370 665 5408 ε
684 5368 837 5448 0.,(1.
871 5371 918 5452 ξε
995 5370 1024 5452 ξ³
1056 5371 1119 5426 C.
1151 5371 1454 5452 ClégU‘EOt-j.
1507 5371 1554 5452 _i
1583 5373 1642 5428 C.
1671 5373 1734 5427 C.
1761 5375 2096 5452 ﬁerinisi-rev.

2248 5384 2270 5433 ί.
2305 5354 2363 5432 cl
2396 5380 2542 5452 {ma
2567 5380 2784 5452 προσδέξ
2814 5380 2864 5452 ,ιι
2890 5379 2950 5434 c.
2979 5379 3039 5434 c.
3069 5394 3177 5434 0m.
3204 5377 3317 5432 καί.
3385 5374 3402 5414 ι
3436 5375 3496 5428 c.
3527 5372 3586 5426 (ς.
3625 5361 3751 5420 κινδ-

567 5453 621 5490 σι
641 5457 652 5469 ·
684 5439 840 5491 τοῦτο
871 5440 926 5493 δὲ
951 5444 1173 5510 γέγονεν
1201 5443 1289 5496 διὰ
1318 5443 1376 5495 τὸ
1415 5443 1644 5514 σπὰνην.
1723 5456 1761 5482 ιη
1787 5445 1841 5498 In
1869 5439 2036 5515 marg.
2063 5447 2144 5499 όνε

2251 5465 2338 5504 τα.
2382 5449 2474 5503 Sic
2513 5439 2644 5505 Cod.
2682 5449 2848 5504 Coisl.

569 5653 588 5699 ι
635 5573 1200 5713 ἕξλῖὶοάὶ-ὃξοίῗιέἑιωο
1229 5579 1595 5651 Chrysostnmi
1636 5596 1752 5637 esse
1780 5582 1928 5649 dicit,
1954 5594 2007 5636 et
2035 5585 2205 5654 reipsa
2243 5588 2424 5656 paucis
2463 5587 2682 5642 mutatis
2736 5587 3072 5658 reperiuntur
3134 5584 3272 5638 inter
3334 5580 3467 5651 Opp.
3511 5576 3753 5663 Clirysosh

596 5684 608 5701 .
777 5684 812 5699 ..
951 5687 964 5713 ,
1107 5685 1123 5703 ,
