  <div class='ocr_page' id='page_1' title='image "/cluster/home/n/w/nwhite01/storage/ocr_20150623/85/mdp.39015032042783/772.png"; bbox 0 0 4068 6126; ppageno 0'>
   <div class='ocr_carea' id='block_1_1' title="bbox 389 296 1942 395">
    <p class='ocr_par' dir='ltr' id='par_1_1' title="bbox 389 296 1942 378">
     <span class='ocr_line' id='line_1_1' title="bbox 389 296 1942 378; baseline 0.014 -22"><span class='ocrx_word' id='word_1_1' title='bbox 389 296 524 357; x_wconf 79' lang='grc'><strong>1533</strong></span> <span class='ocrx_word' id='word_1_2' title='bbox 1288 307 1749 373; x_wconf 79' lang='lat' dir='ltr'><strong>FRAGMENTA</strong></span> <span class='ocrx_word' id='word_1_3' title='bbox 1794 316 1876 378; x_wconf 83' lang='lat' dir='ltr'><strong>IN</strong></span> <span class='ocrx_word' id='word_1_4' title='bbox 1915 320 1942 377; x_wconf 74' lang='grc' dir='ltr'><em>Α</em></span> 
     </span>
    </p>
   </div>
   <div class='ocr_carea' id='block_1_2' title="bbox 2046 296 3626 395">
    <p class='ocr_par' dir='ltr' id='par_1_2' title="bbox 2046 322 3626 395">
     <span class='ocr_line' id='line_1_2' title="bbox 2046 322 3626 395; baseline 0.009 -14"><span class='ocrx_word' id='word_1_5' title='bbox 2046 322 2104 380; x_wconf 85' lang='grc' dir='ltr'>Ἀ</span> <span class='ocrx_word' id='word_1_6' title='bbox 2141 322 2714 387; x_wconf 85' lang='lat' dir='ltr'><strong>APOSTOLORUM.</strong></span> <span class='ocrx_word' id='word_1_7' title='bbox 3489 328 3626 395; x_wconf 72' lang='grc'><strong>1534</strong></span> 
     </span>
    </p>
   </div>
   <div class='ocr_carea' id='block_1_3' title="bbox 384 407 1942 511">
    <p class='ocr_par' dir='ltr' id='par_1_3' title="bbox 384 407 1942 499">
     <span class='ocr_line' id='line_1_3' title="bbox 384 407 1942 499; baseline 0.017 -39"><span class='ocrx_word' id='word_1_8' title='bbox 384 407 538 461; x_wconf 66' lang='grc' dir='ltr'>οὔπω</span> <span class='ocrx_word' id='word_1_9' title='bbox 586 409 765 476; x_wconf 83' lang='grc' dir='ltr'>καλῶς</span> <span class='ocrx_word' id='word_1_10' title='bbox 823 412 1088 485; x_wconf 72' lang='grc' dir='ltr'>ᾔδεισανιι</span> <span class='ocrx_word' id='word_1_11' title='bbox 1145 417 1244 489; x_wconf 76' lang='grc' dir='ltr'>τὴν</span> <span class='ocrx_word' id='word_1_12' title='bbox 1272 420 1500 492; x_wconf 87' lang='grc' dir='ltr'>δύναμιν</span> <span class='ocrx_word' id='word_1_13' title='bbox 1543 426 1638 479; x_wconf 84' lang='grc' dir='ltr'><strong>τοῦ</strong></span> <span class='ocrx_word' id='word_1_14' title='bbox 1686 429 1942 499; x_wconf 75' lang='grc' dir='ltr'><strong>Χριστοῦ.</strong></span> 
     </span>
    </p>
   </div>
   <div class='ocr_carea' id='block_1_4' title="bbox 2046 407 3621 511">
    <p class='ocr_par' dir='ltr' id='par_1_4' title="bbox 2051 435 3621 508">
     <span class='ocr_line' id='line_1_4' title="bbox 2051 435 3621 508; baseline 0.003 -19"><span class='ocrx_word' id='word_1_15' title='bbox 2051 435 2188 491; x_wconf 89' lang='lat' dir='ltr'><strong>bene</strong></span> <span class='ocrx_word' id='word_1_16' title='bbox 2228 445 2489 491; x_wconf 89' lang='lat' dir='ltr'><strong>noverant</strong></span> <span class='ocrx_word' id='word_1_17' title='bbox 2518 437 2717 493; x_wconf 87' lang='lat' dir='ltr'><strong>Christi</strong></span> <span class='ocrx_word' id='word_1_18' title='bbox 2757 438 3031 493; x_wconf 85' lang='lat' dir='ltr'><strong>virtutem.</strong></span> <span class='ocrx_word' id='word_1_19' title='bbox 3086 437 3150 491; x_wconf 80' lang='lat' dir='ltr'><strong>Et</strong></span> <span class='ocrx_word' id='word_1_20' title='bbox 3181 437 3342 506; x_wconf 83' lang='lat' dir='ltr'><strong>paulo</strong></span> <span class='ocrx_word' id='word_1_21' title='bbox 3373 449 3488 508; x_wconf 75' lang='lat' dir='ltr'><strong>post</strong></span> <span class='ocrx_word' id='word_1_22' title='bbox 3514 454 3533 493; x_wconf 92' lang='lat'><strong><em>:</em></strong></span> <span class='ocrx_word' id='word_1_23' title='bbox 3561 441 3621 496; x_wconf 89' lang='lat' dir='ltr'><strong>Si</strong></span> 
     </span>
    </p>
   </div>
   <div class='ocr_carea' id='block_1_5' title="bbox 387 498 1942 604">
    <p class='ocr_par' dir='ltr' id='par_1_5' title="bbox 387 498 1942 604">
     <span class='ocr_line' id='line_1_5' title="bbox 387 498 1942 604; baseline 0.017 -55"><span class='ocrx_word' id='word_1_24' title='bbox 387 498 518 604; x_wconf 32' lang='grc' dir='ltr'>καί,</span> <span class='ocrx_word' id='word_1_25' title='bbox 544 500 671 566; x_wconf 81' lang='grc' dir='ltr'>μετ’</span> <span class='ocrx_word' id='word_1_26' title='bbox 726 502 901 604; x_wconf 64' lang='grc' dir='ltr'>όλίγα</span> <span class='ocrx_word' id='word_1_27' title='bbox 935 521 948 535; x_wconf 79' lang='grc' dir='ltr'><strong><em>ο</em></strong></span> <span class='ocrx_word' id='word_1_28' title='bbox 980 507 1043 559; x_wconf 80' lang='lat' dir='ltr'><strong>Ei</strong></span> <span class='ocrx_word' id='word_1_29' title='bbox 1079 507 1215 577; x_wconf 73' lang='grc' dir='ltr'>πρὸς</span> <span class='ocrx_word' id='word_1_30' title='bbox 1258 512 1423 565; x_wconf 74' lang='grc' dir='ltr'>αὐτὸν</span> <span class='ocrx_word' id='word_1_31' title='bbox 1456 514 1700 582; x_wconf 78' lang='grc' dir='ltr'><strong>ἀντεῖπε,</strong></span> <span class='ocrx_word' id='word_1_32' title='bbox 1744 498 1942 593; x_wconf 3' lang='grc' dir='ltr'>ϐπολλῷ</span> 
     </span>
    </p>
   </div>
   <div class='ocr_carea' id='block_1_6' title="bbox 2046 498 3621 604">
    <p class='ocr_par' dir='ltr' id='par_1_6' title="bbox 2051 498 3621 598">
     <span class='ocr_line' id='line_1_6' title="bbox 2051 498 3621 598; baseline 0.003 -19"><span class='ocrx_word' id='word_1_33' title='bbox 2051 539 2235 580; x_wconf 89' lang='lat' dir='ltr'><strong>coram</strong></span> <span class='ocrx_word' id='word_1_34' title='bbox 2289 525 2378 581; x_wconf 91' lang='lat' dir='ltr'><strong>illo</strong></span> <span class='ocrx_word' id='word_1_35' title='bbox 2423 528 2782 593; x_wconf 90' lang='lat' dir='ltr'><strong>contradicit,</strong></span> <span class='ocrx_word' id='word_1_36' title='bbox 2837 527 3007 581; x_wconf 89' lang='lat' dir='ltr'><strong>multo</strong></span> <span class='ocrx_word' id='word_1_37' title='bbox 3055 528 3229 596; x_wconf 79' lang='lat' dir='ltr'><strong>magis</strong></span> <span class='ocrx_word' id='word_1_38' title='bbox 3277 530 3322 584; x_wconf 88' lang='lat' dir='ltr'><strong>si</strong></span> <span class='ocrx_word' id='word_1_39' title='bbox 3373 498 3621 598; x_wconf 77' lang='lat' dir='ltr'><strong>angelum</strong></span> 
     </span>
    </p>
   </div>
   <div class='ocr_carea' id='block_1_7' title="bbox 389 589 1942 695">
    <p class='ocr_par' dir='ltr' id='par_1_7' title="bbox 389 589 1942 695">
     <span class='ocr_line' id='line_1_7' title="bbox 389 589 1942 695; baseline 0.019 -58"><span class='ocrx_word' id='word_1_40' title='bbox 389 589 593 695; x_wconf 54' lang='grc' dir='ltr'>μάλλον</span> <span class='ocrx_word' id='word_1_41' title='bbox 625 594 701 695; x_wconf 48' lang='grc' dir='ltr'><strong>εἰ-</strong></span> <span class='ocrx_word' id='word_1_42' title='bbox 722 592 953 695; x_wconf 53' lang='grc' dir='ltr'>ἀγγελον</span> <span class='ocrx_word' id='word_1_43' title='bbox 1015 596 1264 670; x_wconf 66' lang='grc' dir='ltr'>ἔπεμψεο</span> <span class='ocrx_word' id='word_1_44' title='bbox 1322 603 1412 656; x_wconf 86' lang='grc' dir='ltr'><strong>διά</strong></span> <span class='ocrx_word' id='word_1_45' title='bbox 1451 602 1612 660; x_wconf 77' lang='grc' dir='ltr'>τοῦτό</span> <span class='ocrx_word' id='word_1_46' title='bbox 1662 610 1783 664; x_wconf 80' lang='grc' dir='ltr'>οὐδὲ</span> <span class='ocrx_word' id='word_1_47' title='bbox 1840 589 1942 684; x_wconf 65' lang='grc' dir='ltr'><strong>πρδ</strong></span> 
     </span>
    </p>
   </div>
   <div class='ocr_carea' id='block_1_8' title="bbox 2046 589 3623 695">
    <p class='ocr_par' dir='ltr' id='par_1_8' title="bbox 2055 589 3623 689">
     <span class='ocr_line' id='line_1_8' title="bbox 2055 589 3623 689; baseline 0.001 -19"><span class='ocrx_word' id='word_1_48' title='bbox 2055 615 2332 680; x_wconf 88' lang='lat' dir='ltr'><strong>misisset;</strong></span> <span class='ocrx_word' id='word_1_49' title='bbox 2363 628 2651 686; x_wconf 76' lang='lat' dir='ltr'><strong>propterea</strong></span> <span class='ocrx_word' id='word_1_50' title='bbox 2685 589 2933 689; x_wconf 79' lang='lat' dir='ltr'><strong>necante</strong></span> <span class='ocrx_word' id='word_1_51' title='bbox 2962 618 3135 685; x_wconf 85' lang='lat' dir='ltr'><strong>ipsum</strong></span> <span class='ocrx_word' id='word_1_52' title='bbox 3148 589 3623 686; x_wconf 47' lang='lat' dir='ltr'><strong>l’hilippus-audit</strong></span> 
     </span>
    </p>
   </div>
   <div class='ocr_carea' id='block_1_9' title="bbox 385 684 1942 777">
    <p class='ocr_par' dir='ltr' id='par_1_9' title="bbox 385 684 1938 777">
     <span class='ocr_line' id='line_1_9' title="bbox 385 684 1938 777; baseline 0.016 -45"><span class='ocrx_word' id='word_1_53' title='bbox 385 684 574 777; x_wconf 73' lang='grc' dir='ltr'>τούτου</span> <span class='ocrx_word' id='word_1_54' title='bbox 615 684 936 777; x_wconf 32' lang='grc' dir='ltr'>ό-Φίλιππος</span> <span class='ocrx_word' id='word_1_55' title='bbox 966 688 1153 742; x_wconf 87' lang='grc' dir='ltr'>ἀκούει</span> <span class='ocrx_word' id='word_1_56' title='bbox 1202 692 1264 743; x_wconf 70' lang='grc' dir='ltr'>τὸ</span> <span class='ocrx_word' id='word_1_57' title='bbox 1318 694 1620 765; x_wconf 85' lang='grc' dir='ltr'>γινόμενον,</span> <span class='ocrx_word' id='word_1_58' title='bbox 1680 699 1794 757; x_wconf 84' lang='grc' dir='ltr'>ἀλλ’</span> <span class='ocrx_word' id='word_1_59' title='bbox 1837 705 1938 776; x_wconf 79' lang='grc' dir='ltr'><strong>ὁρᾷ</strong></span> 
     </span>
    </p>
   </div>
   <div class='ocr_carea' id='block_1_10' title="bbox 2046 684 3622 777">
    <p class='ocr_par' dir='ltr' id='par_1_10' title="bbox 2052 684 3622 777">
     <span class='ocr_line' id='line_1_10' title="bbox 2052 684 3622 777; baseline 0.003 -19"><span class='ocrx_word' id='word_1_60' title='bbox 2052 705 2274 770; x_wconf 81' lang='lat' dir='ltr'><strong>factum,</strong></span> <span class='ocrx_word' id='word_1_61' title='bbox 2299 684 2395 763; x_wconf 82' lang='lat' dir='ltr'><strong>sed</strong></span> <span class='ocrx_word' id='word_1_62' title='bbox 2425 684 2570 761; x_wconf 87' lang='lat' dir='ltr'><strong>videt</strong></span> <span class='ocrx_word' id='word_1_63' title='bbox 2597 684 2883 777; x_wconf 76' lang='lat' dir='ltr'><strong>angelum;</strong></span> <span class='ocrx_word' id='word_1_64' title='bbox 2913 715 2967 760; x_wconf 90' lang='lat' dir='ltr'><strong>et</strong></span> <span class='ocrx_word' id='word_1_65' title='bbox 2987 684 3134 761; x_wconf 83' lang='lat' dir='ltr'><strong>tunc</strong></span> <span class='ocrx_word' id='word_1_66' title='bbox 3162 684 3396 775; x_wconf 82' lang='lat' dir='ltr'><strong>Spiritus</strong></span> <span class='ocrx_word' id='word_1_67' title='bbox 3424 709 3622 776; x_wconf 83' lang='lat' dir='ltr'><strong>praeei-</strong></span> 
     </span>
    </p>
   </div>
   <div class='ocr_carea' id='block_1_11' title="bbox 384 771 1946 862">
    <p class='ocr_par' dir='ltr' id='par_1_11' title="bbox 384 771 1946 862">
     <span class='ocr_line' id='line_1_11' title="bbox 384 771 1946 862; baseline 0.015 -38"><span class='ocrx_word' id='word_1_68' title='bbox 384 771 767 862; x_wconf 68' lang='grc' dir='ltr'>τδνᾶγγελον·</span> <span class='ocrx_word' id='word_1_69' title='bbox 798 777 891 830; x_wconf 70' lang='grc' dir='ltr'><strong>καὶ</strong></span> <span class='ocrx_word' id='word_1_70' title='bbox 919 778 1043 831; x_wconf 87' lang='grc' dir='ltr'>τότε</span> <span class='ocrx_word' id='word_1_71' title='bbox 1073 780 1133 832; x_wconf 82' lang='grc' dir='ltr'><strong>τὸ</strong></span> <span class='ocrx_word' id='word_1_72' title='bbox 1180 782 1407 854; x_wconf 82' lang='grc' dir='ltr'><strong>Πνεῦμα</strong></span> <span class='ocrx_word' id='word_1_73' title='bbox 1440 789 1764 857; x_wconf 80' lang='grc' dir='ltr'><strong>προστάττει</strong></span> <span class='ocrx_word' id='word_1_74' title='bbox 1797 771 1946 862; x_wconf 71' lang='grc' dir='ltr'>αὐτῷ</span> 
     </span>
    </p>
   </div>
   <div class='ocr_carea' id='block_1_12' title="bbox 385 859 1943 943">
    <p class='ocr_par' dir='ltr' id='par_1_12' title="bbox 385 859 1943 943">
     <span class='ocr_line' id='line_1_12' title="bbox 385 859 1943 943; baseline 0.016 -33"><span class='ocrx_word' id='word_1_75' title='bbox 385 859 709 931; x_wconf 82' lang='grc' dir='ltr'>κολληθῆναι</span> <span class='ocrx_word' id='word_1_76' title='bbox 750 863 828 933; x_wconf 78' lang='grc' dir='ltr'>τῷ</span> <span class='ocrx_word' id='word_1_77' title='bbox 876 865 1117 937; x_wconf 76' lang='grc' dir='ltr'>ἅρματιο</span> <span class='ocrx_word' id='word_1_78' title='bbox 1147 869 1249 939; x_wconf 71' lang='grc' dir='ltr'>ὄρει</span> <span class='ocrx_word' id='word_1_79' title='bbox 1286 871 1343 924; x_wconf 79' lang='grc' dir='ltr'>δὲ</span> <span class='ocrx_word' id='word_1_80' title='bbox 1376 874 1609 931; x_wconf 84' lang='grc' dir='ltr'>ἐνταῦθα</span> <span class='ocrx_word' id='word_1_81' title='bbox 1639 880 1757 943; x_wconf 83' lang='grc' dir='ltr'><strong>πῶς</strong></span> <span class='ocrx_word' id='word_1_82' title='bbox 1779 859 1943 935; x_wconf 83' lang='grc' dir='ltr'>αὑτοῦ</span> 
     </span>
    </p>
   </div>
   <div class='ocr_carea' id='block_1_13' title="bbox 386 951 1949 1045">
    <p class='ocr_par' dir='ltr' id='par_1_13' title="bbox 386 951 1949 1045">
     <span class='ocr_line' id='line_1_13' title="bbox 386 951 1949 1045; baseline 0.015 -41"><span class='ocrx_word' id='word_1_83' title='bbox 386 951 477 1004; x_wconf 83' lang='grc' dir='ltr'><strong>τὸν</strong></span> <span class='ocrx_word' id='word_1_84' title='bbox 500 951 661 1020; x_wconf 83' lang='grc' dir='ltr'>φόϐον</span> <span class='ocrx_word' id='word_1_85' title='bbox 681 954 1036 1026; x_wconf 80' lang='grc' dir='ltr'><strong>ὑποτέμνεται</strong></span> <span class='ocrx_word' id='word_1_86' title='bbox 1060 976 1072 989; x_wconf 84' lang='grc'><em>’</em></span> <span class='ocrx_word' id='word_1_87' title='bbox 1109 960 1289 1033; x_wconf 85' lang='grc' dir='ltr'>Πηρός</span> <span class='ocrx_word' id='word_1_88' title='bbox 1317 965 1454 1030; x_wconf 89' lang='grc' dir='ltr'>ἐστι,</span> <span class='ocrx_word' id='word_1_89' title='bbox 1485 969 1639 1036; x_wconf 74' lang='grc' dir='ltr'>φησὶ,</span> <span class='ocrx_word' id='word_1_90' title='bbox 1673 972 1766 1024; x_wconf 77' lang='grc' dir='ltr'>καὶ</span> <span class='ocrx_word' id='word_1_91' title='bbox 1794 972 1949 1045; x_wconf 76' lang='grc' dir='ltr'>εὔχε-</span> 
     </span>
    </p>
   </div>
   <div class='ocr_carea' id='block_1_14' title="bbox 364 1045 1939 1133">
    <p class='ocr_par' dir='ltr' id='par_1_14' title="bbox 364 1045 1939 1133">
     <span class='ocr_line' id='line_1_14' title="bbox 364 1045 1939 1133; baseline 0.015 -38"><span class='ocrx_word' id='word_1_92' title='bbox 364 1060 495 1133; x_wconf 30' lang='grc' dir='ltr'>χται,</span> <span class='ocrx_word' id='word_1_93' title='bbox 534 1045 627 1097; x_wconf 73' lang='grc' dir='ltr'><strong>καὶ</strong></span> <span class='ocrx_word' id='word_1_94' title='bbox 657 1045 722 1099; x_wconf 84' lang='grc' dir='ltr'><strong>σὺ</strong></span> <span class='ocrx_word' id='word_1_95' title='bbox 770 1046 1046 1116; x_wconf 80' lang='grc' dir='ltr'>δέδοικας;</span> <span class='ocrx_word' id='word_1_96' title='bbox 1083 1050 1225 1105; x_wconf 72' lang='grc' dir='ltr'>οὕτω</span> <span class='ocrx_word' id='word_1_97' title='bbox 1271 1055 1364 1108; x_wconf 77' lang='grc' dir='ltr'><strong>καὶ</strong></span> <span class='ocrx_word' id='word_1_98' title='bbox 1388 1057 1628 1125; x_wconf 85' lang='grc' dir='ltr'>Μωῦσῆς</span> <span class='ocrx_word' id='word_1_99' title='bbox 1660 1063 1939 1129; x_wconf 73' lang='grc' dir='ltr'><strong>φοϐεῖται⁸</strong></span> 
     </span>
    </p>
   </div>
   <div class='ocr_carea' id='block_1_15' title="bbox 384 1131 1940 1239">
    <p class='ocr_par' dir='ltr' id='par_1_15' title="bbox 384 1131 1940 1239">
     <span class='ocr_line' id='line_1_15' title="bbox 384 1131 1940 1239; baseline 0.017 -56"><span class='ocrx_word' id='word_1_100' title='bbox 384 1131 543 1239; x_wconf 30' lang='grc' dir='ltr'>ὥὶστε.</span> <span class='ocrx_word' id='word_1_101' title='bbox 563 1133 631 1186; x_wconf 79' lang='grc' dir='ltr'><strong>τά</strong></span> <span class='ocrx_word' id='word_1_102' title='bbox 660 1137 878 1235; x_wconf 71' lang='grc' dir='ltr'>ῥήματα</span> <span class='ocrx_word' id='word_1_103' title='bbox 901 1140 1236 1212; x_wconf 87' lang='grc' dir='ltr'>φοϐουμένου</span> <span class='ocrx_word' id='word_1_104' title='bbox 1265 1140 1334 1215; x_wconf 82' lang='grc' dir='ltr'>ἦν</span> <span class='ocrx_word' id='word_1_105' title='bbox 1363 1147 1454 1200; x_wconf 75' lang='grc' dir='ltr'>καὶ</span> <span class='ocrx_word' id='word_1_106' title='bbox 1475 1149 1940 1224; x_wconf 86' lang='grc' dir='ltr'>ἀναϐαλλομένου,</span> 
     </span>
    </p>
   </div>
   <div class='ocr_carea' id='block_1_16' title="bbox 382 1238 899 1290">
    <p class='ocr_par' dir='ltr' id='par_1_16' title="bbox 382 1238 899 1290">
     <span class='ocr_line' id='line_1_16' title="bbox 382 1238 899 1290; baseline 0.012 -16"><span class='ocrx_word' id='word_1_107' title='bbox 382 1238 483 1275; x_wconf 87' lang='grc' dir='ltr'><strong>ουκ</strong></span> <span class='ocrx_word' id='word_1_108' title='bbox 519 1240 899 1290; x_wconf 88' lang='grc' dir='ltr'>απιστουντος.</span> 
     </span>
    </p>
   </div>
   <div class='ocr_carea' id='block_1_17' title="bbox 457 1308 1942 1404">
    <p class='ocr_par' dir='ltr' id='par_1_17' title="bbox 457 1308 1942 1404">
     <span class='ocr_line' id='line_1_17' title="bbox 457 1308 1942 1404; baseline 0.016 -40"><span class='ocrx_word' id='word_1_109' title='bbox 457 1334 476 1364; x_wconf 79' lang='grc' dir='ltr'><strong>ι</strong></span> <span class='ocrx_word' id='word_1_110' title='bbox 510 1313 621 1367; x_wconf 75' lang='grc' dir='ltr'>Καὶ</span> <span class='ocrx_word' id='word_1_111' title='bbox 654 1308 756 1369; x_wconf 84' lang='grc' dir='ltr'>ὦδε</span> <span class='ocrx_word' id='word_1_112' title='bbox 816 1317 930 1390; x_wconf 79' lang='grc' dir='ltr'>ἔχει</span> <span class='ocrx_word' id='word_1_113' title='bbox 978 1318 1230 1386; x_wconf 79' lang='grc' dir='ltr'>ἐξουσίαν</span> <span class='ocrx_word' id='word_1_114' title='bbox 1270 1329 1422 1398; x_wconf 83' lang='grc' dir='ltr'><strong>παρά</strong></span> <span class='ocrx_word' id='word_1_115' title='bbox 1459 1328 1569 1383; x_wconf 85' lang='grc' dir='ltr'><strong>τῶν</strong></span> <span class='ocrx_word' id='word_1_116' title='bbox 1617 1331 1942 1404; x_wconf 86' lang='grc' dir='ltr'>ἀρχιερέων,</span> 
     </span>
    </p>
   </div>
   <div class='ocr_carea' id='block_1_18' title="bbox 380 1403 1942 1492">
    <p class='ocr_par' dir='ltr' id='par_1_18' title="bbox 380 1403 1942 1492">
     <span class='ocr_line' id='line_1_18' title="bbox 380 1403 1942 1492; baseline 0.013 -35"><span class='ocrx_word' id='word_1_117' title='bbox 380 1403 540 1475; x_wconf 70' lang='grc' dir='ltr'>δῆσαι</span> <span class='ocrx_word' id='word_1_118' title='bbox 576 1405 785 1471; x_wconf 82' lang='grc' dir='ltr'>πάντας</span> <span class='ocrx_word' id='word_1_119' title='bbox 805 1410 933 1472; x_wconf 83' lang='grc' dir='ltr'>τοὺς</span> <span class='ocrx_word' id='word_1_120' title='bbox 958 1409 1426 1485; x_wconf 79' lang='grc' dir='ltr'>ἐπικαλουμένους</span> <span class='ocrx_word' id='word_1_121' title='bbox 1458 1418 1517 1472; x_wconf 64' lang='grc' dir='ltr'>τὸ</span> <span class='ocrx_word' id='word_1_122' title='bbox 1552 1419 1724 1492; x_wconf 76' lang='grc' dir='ltr'>ὄνομά</span> <span class='ocrx_word' id='word_1_123' title='bbox 1753 1403 1873 1477; x_wconf 86' lang='grc' dir='ltr'>σου.</span> <span class='ocrx_word' id='word_1_124' title='bbox 1922 1442 1942 1477; x_wconf 70' lang='grc' dir='ltr'><strong>ι</strong></span> 
     </span>
    </p>
   </div>
   <div class='ocr_carea' id='block_1_19' title="bbox 451 1584 1950 1673">
    <p class='ocr_par' dir='ltr' id='par_1_19' title="bbox 451 1584 1950 1673">
     <span class='ocr_line' id='line_1_19' title="bbox 451 1584 1950 1673; baseline 0.011 -33"><span class='ocrx_word' id='word_1_125' title='bbox 451 1584 622 1667; x_wconf 86' lang='grc' dir='ltr'>Πόθεν</span> <span class='ocrx_word' id='word_1_126' title='bbox 658 1587 733 1659; x_wconf 85' lang='grc'><strong>(6)</strong></span> <span class='ocrx_word' id='word_1_127' title='bbox 761 1588 917 1642; x_wconf 85' lang='grc' dir='ltr'>τοῦτο</span> <span class='ocrx_word' id='word_1_128' title='bbox 958 1590 1150 1661; x_wconf 81' lang='grc' dir='ltr'>δῆλον;</span> <span class='ocrx_word' id='word_1_129' title='bbox 1182 1592 1344 1658; x_wconf 74' lang='grc' dir='ltr'>Εἰκὸς</span> <span class='ocrx_word' id='word_1_130' title='bbox 1366 1591 1435 1667; x_wconf 80' lang='grc' dir='ltr'>ἦν</span> <span class='ocrx_word' id='word_1_131' title='bbox 1468 1597 1664 1663; x_wconf 77' lang='grc' dir='ltr'>αὐτοὺς</span> <span class='ocrx_word' id='word_1_132' title='bbox 1707 1601 1766 1655; x_wconf 85' lang='grc' dir='ltr'>ὲν</span> <span class='ocrx_word' id='word_1_133' title='bbox 1800 1601 1950 1673; x_wconf 84' lang='grc' dir='ltr'>φόϐῳ</span> 
     </span>
    </p>
   </div>
   <div class='ocr_carea' id='block_1_20' title="bbox 380 1677 1948 1757">
    <p class='ocr_par' dir='ltr' id='par_1_20' title="bbox 380 1677 1948 1757">
     <span class='ocr_line' id='line_1_20' title="bbox 380 1677 1948 1757; baseline 0.012 -27"><span class='ocrx_word' id='word_1_134' title='bbox 380 1677 538 1742; x_wconf 80' lang='grc' dir='ltr'>δντας</span> <span class='ocrx_word' id='word_1_135' title='bbox 587 1681 1089 1752; x_wconf 83' lang='grc' dir='ltr'>περιεργάζεσθαι·</span> <span class='ocrx_word' id='word_1_136' title='bbox 1141 1685 1240 1755; x_wconf 84' lang='grc' dir='ltr'><strong>οὐχ</strong></span> <span class='ocrx_word' id='word_1_137' title='bbox 1292 1687 1368 1751; x_wconf 88' lang='grc' dir='ltr'>ὡς</span> <span class='ocrx_word' id='word_1_138' title='bbox 1441 1690 1540 1743; x_wconf 86' lang='grc' dir='ltr'><strong>οὐκ</strong></span> <span class='ocrx_word' id='word_1_139' title='bbox 1597 1691 1799 1757; x_wconf 79' lang='grc' dir='ltr'>εἰδότος</span> <span class='ocrx_word' id='word_1_140' title='bbox 1851 1695 1948 1749; x_wconf 86' lang='grc' dir='ltr'><strong>τοῦ</strong></span> 
     </span>
    </p>
   </div>
   <div class='ocr_carea' id='block_1_21' title="bbox 2049 797 3623 867">
    <p class='ocr_par' dir='ltr' id='par_1_21' title="bbox 2049 797 3623 867">
     <span class='ocr_line' id='line_1_21' title="bbox 2049 797 3623 867; baseline 0.001 -16"><span class='ocrx_word' id='word_1_141' title='bbox 2049 797 2127 867; x_wconf 86' lang='lat' dir='ltr'><strong>pit</strong></span> <span class='ocrx_word' id='word_1_142' title='bbox 2160 797 2258 866; x_wconf 90' lang='lat' dir='ltr'><strong>ipsi</strong></span> <span class='ocrx_word' id='word_1_143' title='bbox 2309 806 2367 851; x_wconf 91' lang='lat' dir='ltr'><strong>ut</strong></span> <span class='ocrx_word' id='word_1_144' title='bbox 2401 798 2465 851; x_wconf 89' lang='lat' dir='ltr'><strong>ad</strong></span> <span class='ocrx_word' id='word_1_145' title='bbox 2515 812 2734 852; x_wconf 90' lang='lat' dir='ltr'><strong>currum</strong></span> <span class='ocrx_word' id='word_1_146' title='bbox 2783 798 3041 867; x_wconf 81' lang='lat' dir='ltr'><strong>adjungat</strong></span> <span class='ocrx_word' id='word_1_147' title='bbox 3085 812 3180 863; x_wconf 88' lang='lat' dir='ltr'><strong>se;</strong></span> <span class='ocrx_word' id='word_1_148' title='bbox 3226 797 3297 852; x_wconf 88' lang='lat' dir='ltr'><strong>ibi</strong></span> <span class='ocrx_word' id='word_1_149' title='bbox 3325 812 3457 853; x_wconf 90' lang='lat' dir='ltr'><strong>vero</strong></span> <span class='ocrx_word' id='word_1_150' title='bbox 3501 799 3623 853; x_wconf 83' lang='lat' dir='ltr'><strong>vide</strong></span> 
     </span>
    </p>
   </div>
   <div class='ocr_carea' id='block_1_22' title="bbox 2049 886 3623 956">
    <p class='ocr_par' dir='ltr' id='par_1_22' title="bbox 2049 886 3623 956">
     <span class='ocr_line' id='line_1_22' title="bbox 2049 886 3623 956; baseline 0.001 -15"><span class='ocrx_word' id='word_1_151' title='bbox 2049 887 2315 956; x_wconf 88' lang='lat' dir='ltr'><strong>quomodo</strong></span> <span class='ocrx_word' id='word_1_152' title='bbox 2357 886 2603 943; x_wconf 87' lang='lat' dir='ltr'><strong>timorem</strong></span> <span class='ocrx_word' id='word_1_153' title='bbox 2650 896 2897 942; x_wconf 81' lang='lat' dir='ltr'><strong>avertere</strong></span> <span class='ocrx_word' id='word_1_154' title='bbox 2941 897 3339 943; x_wconf 75' lang='lat' dir='ltr'><strong>curetzczecus</strong></span> <span class='ocrx_word' id='word_1_155' title='bbox 3384 897 3490 954; x_wconf 88' lang='lat' dir='ltr'><strong>est,</strong></span> <span class='ocrx_word' id='word_1_156' title='bbox 3539 889 3623 942; x_wconf 91' lang='lat' dir='ltr'><strong>in-</strong></span> 
     </span>
    </p>
   </div>
   <div class='ocr_carea' id='block_1_23' title="bbox 2049 977 3621 1048">
    <p class='ocr_par' dir='ltr' id='par_1_23' title="bbox 2049 977 3621 1048">
     <span class='ocr_line' id='line_1_23' title="bbox 2049 977 3621 1048; baseline -0.001 -17"><span class='ocrx_word' id='word_1_157' title='bbox 2049 978 2186 1048; x_wconf 89' lang='lat' dir='ltr'><strong>quit,</strong></span> <span class='ocrx_word' id='word_1_158' title='bbox 2225 988 2278 1032; x_wconf 92' lang='lat' dir='ltr'><strong>et</strong></span> <span class='ocrx_word' id='word_1_159' title='bbox 2304 987 2444 1044; x_wconf 88' lang='lat' dir='ltr'><strong>orat,</strong></span> <span class='ocrx_word' id='word_1_160' title='bbox 2478 986 2532 1032; x_wconf 91' lang='lat' dir='ltr'><strong>et</strong></span> <span class='ocrx_word' id='word_1_161' title='bbox 2575 988 2629 1033; x_wconf 92' lang='lat' dir='ltr'><strong>tu</strong></span> <span class='ocrx_word' id='word_1_162' title='bbox 2666 978 2861 1033; x_wconf 89' lang='lat' dir='ltr'><strong>times?</strong></span> <span class='ocrx_word' id='word_1_163' title='bbox 2887 977 2977 1032; x_wconf 92' lang='lat' dir='ltr'><strong>Sic</strong></span> <span class='ocrx_word' id='word_1_164' title='bbox 3004 988 3057 1031; x_wconf 91' lang='lat' dir='ltr'><strong>et</strong></span> <span class='ocrx_word' id='word_1_165' title='bbox 3094 977 3305 1047; x_wconf 82' lang='lat' dir='ltr'><strong>Moyses</strong></span> <span class='ocrx_word' id='word_1_166' title='bbox 3331 977 3621 1047; x_wconf 81' lang='lat' dir='ltr'><strong>formidat;</strong></span> 
     </span>
    </p>
   </div>
   <div class='ocr_carea' id='block_1_24' title="bbox 2049 1067 3625 1140">
    <p class='ocr_par' dir='ltr' id='par_1_24' title="bbox 2049 1067 3625 1140">
     <span class='ocr_line' id='line_1_24' title="bbox 2049 1067 3625 1140; baseline 0.001 -16"><span class='ocrx_word' id='word_1_167' title='bbox 2049 1069 2191 1124; x_wconf 90' lang='lat' dir='ltr'><strong>unde</strong></span> <span class='ocrx_word' id='word_1_168' title='bbox 2216 1068 2467 1124; x_wconf 86' lang='lat' dir='ltr'><strong>timentes</strong></span> <span class='ocrx_word' id='word_1_169' title='bbox 2493 1069 2656 1125; x_wconf 87' lang='lat' dir='ltr'><strong>verba</strong></span> <span class='ocrx_word' id='word_1_170' title='bbox 2699 1077 2857 1125; x_wconf 90' lang='lat' dir='ltr'><strong>erant</strong></span> <span class='ocrx_word' id='word_1_171' title='bbox 2889 1079 2943 1124; x_wconf 91' lang='lat' dir='ltr'><strong>et</strong></span> <span class='ocrx_word' id='word_1_172' title='bbox 2968 1067 3419 1140; x_wconf 89' lang='lat' dir='ltr'><strong>procrastinantis</strong></span> <span class='ocrx_word' id='word_1_173' title='bbox 3456 1078 3511 1125; x_wconf 88' lang='lat' dir='ltr'><strong>et</strong></span> <span class='ocrx_word' id='word_1_174' title='bbox 3541 1069 3625 1125; x_wconf 85' lang='lat' dir='ltr'><strong>in-</strong></span> 
     </span>
    </p>
   </div>
   <div class='ocr_carea' id='block_1_25' title="bbox 2047 1158 3070 1217">
    <p class='ocr_par' dir='ltr' id='par_1_25' title="bbox 2047 1158 3070 1217">
     <span class='ocr_line' id='line_1_25' title="bbox 2047 1158 3070 1217; baseline 0 0"><span class='ocrx_word' id='word_1_175' title='bbox 2047 1159 2278 1217; x_wconf 87' lang='lat' dir='ltr'><strong>creduli.</strong></span> <span class='ocrx_word' id='word_1_176' title='bbox 3064 1158 3070 1163; x_wconf 81' lang='grc'><em>’</em></span> 
     </span>
    </p>
   </div>
   <div class='ocr_carea' id='block_1_26' title="bbox 2118 1332 3621 1408">
    <p class='ocr_par' dir='ltr' id='par_1_26' title="bbox 2118 1332 3621 1408">
     <span class='ocr_line' id='line_1_26' title="bbox 2118 1332 3621 1408; baseline 0.001 -17"><span class='ocrx_word' id='word_1_177' title='bbox 2118 1334 2286 1391; x_wconf 72' lang='lat' dir='ltr'><strong>Vens.</strong></span> <span class='ocrx_word' id='word_1_178' title='bbox 2320 1334 2410 1391; x_wconf 76' lang='grc'><strong>14.</strong></span> <span class='ocrx_word' id='word_1_179' title='bbox 2459 1352 2478 1385; x_wconf 82' lang='grc' dir='ltr'><strong>ι</strong></span> <span class='ocrx_word' id='word_1_180' title='bbox 2510 1333 2579 1390; x_wconf 88' lang='grc' dir='ltr'>Ει</span> <span class='ocrx_word' id='word_1_181' title='bbox 2627 1333 2717 1389; x_wconf 91' lang='lat' dir='ltr'><strong>hic</strong></span> <span class='ocrx_word' id='word_1_182' title='bbox 2755 1332 2918 1390; x_wconf 85' lang='lat' dir='ltr'><strong>habet</strong></span> <span class='ocrx_word' id='word_1_183' title='bbox 2949 1343 3270 1404; x_wconf 89' lang='lat' dir='ltr'><strong>potestatem</strong></span> <span class='ocrx_word' id='word_1_184' title='bbox 3306 1351 3336 1391; x_wconf 92' lang='lat' dir='ltr'><strong>a</strong></span> <span class='ocrx_word' id='word_1_185' title='bbox 3362 1337 3621 1408; x_wconf 89' lang='lat' dir='ltr'><strong>principi-</strong></span> 
     </span>
    </p>
   </div>
   <div class='ocr_carea' id='block_1_27' title="bbox 2049 1424 3620 1497">
    <p class='ocr_par' dir='ltr' id='par_1_27' title="bbox 2049 1424 3620 1497">
     <span class='ocr_line' id='line_1_27' title="bbox 2049 1424 3620 1497; baseline 0.001 -14"><span class='ocrx_word' id='word_1_186' title='bbox 2049 1428 2151 1485; x_wconf 88' lang='lat' dir='ltr'><strong>bus</strong></span> <span class='ocrx_word' id='word_1_187' title='bbox 2193 1426 2537 1482; x_wconf 86' lang='lat' dir='ltr'><strong>sacerdotum</strong></span> <span class='ocrx_word' id='word_1_188' title='bbox 2580 1424 2833 1496; x_wconf 76' lang='lat' dir='ltr'><strong>alligandi</strong></span> <span class='ocrx_word' id='word_1_189' title='bbox 2879 1439 3067 1482; x_wconf 90' lang='lat' dir='ltr'><strong>omnes</strong></span> <span class='ocrx_word' id='word_1_190' title='bbox 3101 1428 3190 1497; x_wconf 85' lang='lat' dir='ltr'><strong>qui</strong></span> <span class='ocrx_word' id='word_1_191' title='bbox 3232 1428 3490 1485; x_wconf 82' lang='lat' dir='ltr'><strong>invocant</strong></span> <span class='ocrx_word' id='word_1_192' title='bbox 3518 1443 3620 1485; x_wconf 91' lang='lat' dir='ltr'><strong>no-</strong></span> 
     </span>
    </p>
   </div>
   <div class='ocr_carea' id='block_1_28' title="bbox 2006 1537 2428 1585">
    <p class='ocr_par' dir='ltr' id='par_1_28' title="bbox 2006 1537 2428 1585">
     <span class='ocr_line' id='line_1_28' title="bbox 2006 1537 2428 1585; baseline 0.005 -6"><span class='ocrx_word' id='word_1_193' title='bbox 2006 1576 2011 1579; x_wconf 22' lang='lat'><strong>.</strong></span> <span class='ocrx_word' id='word_1_194' title='bbox 2049 1544 2171 1585; x_wconf 88' lang='lat' dir='ltr'><strong>men</strong></span> <span class='ocrx_word' id='word_1_195' title='bbox 2203 1537 2375 1583; x_wconf 90' lang='lat' dir='ltr'><strong>tuum.</strong></span> <span class='ocrx_word' id='word_1_196' title='bbox 2408 1546 2428 1580; x_wconf 72' lang='grc' dir='ltr'><strong>ι</strong></span> 
     </span>
    </p>
   </div>
   <div class='ocr_carea' id='block_1_29' title="bbox 2123 1608 3618 1686">
    <p class='ocr_par' dir='ltr' id='par_1_29' title="bbox 2123 1608 3618 1686">
     <span class='ocr_line' id='line_1_29' title="bbox 2123 1608 3618 1686; baseline -0.005 -14"><span class='ocrx_word' id='word_1_197' title='bbox 2123 1616 2279 1673; x_wconf 85' lang='lat' dir='ltr'><strong>Unde</strong></span> <span class='ocrx_word' id='word_1_198' title='bbox 2306 1616 2437 1670; x_wconf 90' lang='lat' dir='ltr'><strong>illud</strong></span> <span class='ocrx_word' id='word_1_199' title='bbox 2467 1614 2787 1686; x_wconf 76' lang='lat' dir='ltr'><strong>cognitum?</strong></span> <span class='ocrx_word' id='word_1_200' title='bbox 2816 1612 3038 1668; x_wconf 81' lang='lat' dir='ltr'><strong>Videtur</strong></span> <span class='ocrx_word' id='word_1_201' title='bbox 3065 1610 3208 1681; x_wconf 86' lang='lat' dir='ltr'><strong>quod</strong></span> <span class='ocrx_word' id='word_1_202' title='bbox 3235 1608 3503 1666; x_wconf 85' lang='lat' dir='ltr'><strong>curiosius</strong></span> <span class='ocrx_word' id='word_1_203' title='bbox 3526 1609 3618 1665; x_wconf 81' lang='lat' dir='ltr'><strong>ob-</strong></span> 
     </span>
    </p>
   </div>
   <div class='ocr_carea' id='block_1_30' title="bbox 2052 1699 3618 1777">
    <p class='ocr_par' dir='ltr' id='par_1_30' title="bbox 2052 1699 3618 1777">
     <span class='ocr_line' id='line_1_30' title="bbox 2052 1699 3618 1777; baseline -0.006 -12"><span class='ocrx_word' id='word_1_204' title='bbox 2052 1708 2343 1765; x_wconf 83' lang='lat' dir='ltr'><strong>servabant</strong></span> <span class='ocrx_word' id='word_1_205' title='bbox 2388 1712 2577 1777; x_wconf 83' lang='lat' dir='ltr'><strong>utpote</strong></span> <span class='ocrx_word' id='word_1_206' title='bbox 2631 1707 2684 1760; x_wconf 91' lang='lat' dir='ltr'><strong>in</strong></span> <span class='ocrx_word' id='word_1_207' title='bbox 2737 1704 2935 1759; x_wconf 86' lang='lat' dir='ltr'><strong>timore</strong></span> <span class='ocrx_word' id='word_1_208' title='bbox 2977 1704 3259 1773; x_wconf 76' lang='lat' dir='ltr'><strong>degentes;</strong></span> <span class='ocrx_word' id='word_1_209' title='bbox 3310 1714 3420 1754; x_wconf 91' lang='lat' dir='ltr'><strong>non</strong></span> <span class='ocrx_word' id='word_1_210' title='bbox 3457 1699 3618 1767; x_wconf 82' lang='lat' dir='ltr'><strong>quasi</strong></span> 
     </span>
    </p>
   </div>
   <div class='ocr_carea' id='block_1_31' title="bbox 380 1771 1942 1864">
    <p class='ocr_par' dir='ltr' id='par_1_31' title="bbox 380 1771 1942 1847">
     <span class='ocr_line' id='line_1_31' title="bbox 380 1771 1942 1847; baseline 0.01 -24"><span class='ocrx_word' id='word_1_211' title='bbox 380 1771 616 1841; x_wconf 81' lang='grc' dir='ltr'>Χριστοῦ</span> <span class='ocrx_word' id='word_1_212' title='bbox 639 1773 812 1827; x_wconf 89' lang='grc' dir='ltr'>ταῦτα</span> <span class='ocrx_word' id='word_1_213' title='bbox 835 1774 1004 1843; x_wconf 83' lang='grc' dir='ltr'>λέγει,</span> <span class='ocrx_word' id='word_1_214' title='bbox 1026 1776 1183 1844; x_wconf 85' lang='grc' dir='ltr'>ἀλλά,</span> <span class='ocrx_word' id='word_1_215' title='bbox 1206 1776 1422 1832; x_wconf 85' lang='grc' dir='ltr'>Τούτων</span> <span class='ocrx_word' id='word_1_216' title='bbox 1439 1778 1626 1847; x_wconf 74' lang='grc' dir='ltr'>ὄντων,</span> <span class='ocrx_word' id='word_1_217' title='bbox 1650 1782 1765 1847; x_wconf 86' lang='grc' dir='ltr'>πῶς</span> <span class='ocrx_word' id='word_1_218' title='bbox 1790 1784 1942 1838; x_wconf 86' lang='grc' dir='ltr'>δύνα-</span> 
     </span>
    </p>
   </div>
   <div class='ocr_carea' id='block_1_32' title="bbox 2046 1771 3620 1864">
    <p class='ocr_par' dir='ltr' id='par_1_32' title="bbox 2051 1771 3620 1862">
     <span class='ocr_line' id='line_1_32' title="bbox 2051 1771 3620 1862; baseline -0.007 -7"><span class='ocrx_word' id='word_1_219' title='bbox 2051 1802 2286 1855; x_wconf 85' lang='lat' dir='ltr'><strong>nesciret</strong></span> <span class='ocrx_word' id='word_1_220' title='bbox 2311 1771 2565 1854; x_wconf 73' lang='lat' dir='ltr'><strong>Christus</strong></span> <span class='ocrx_word' id='word_1_221' title='bbox 2605 1799 2720 1851; x_wconf 62' lang='lat' dir='ltr'><strong>haec</strong></span> <span class='ocrx_word' id='word_1_222' title='bbox 2764 1796 2929 1861; x_wconf 91' lang='lat' dir='ltr'><strong>dicit;</strong></span> <span class='ocrx_word' id='word_1_223' title='bbox 2972 1771 3070 1849; x_wconf 81' lang='lat' dir='ltr'><strong>sed</strong></span> <span class='ocrx_word' id='word_1_224' title='bbox 3116 1792 3205 1847; x_wconf 88' lang='lat' dir='ltr'><strong>bis</strong></span> <span class='ocrx_word' id='word_1_225' title='bbox 3235 1791 3449 1862; x_wconf 86' lang='lat' dir='ltr'><strong>positis,</strong></span> <span class='ocrx_word' id='word_1_226' title='bbox 3484 1804 3620 1861; x_wconf 85' lang='lat' dir='ltr'><strong>quo-</strong></span> 
     </span>
    </p>
   </div>
   <div class='ocr_carea' id='block_1_33' title="bbox 379 1867 1941 1944">
    <p class='ocr_par' dir='ltr' id='par_1_33' title="bbox 379 1867 1941 1944">
     <span class='ocr_line' id='line_1_33' title="bbox 379 1867 1941 1944; baseline 0.008 -27"><span class='ocrx_word' id='word_1_227' title='bbox 379 1882 488 1931; x_wconf 87' lang='grc' dir='ltr'>ται,</span> <span class='ocrx_word' id='word_1_228' title='bbox 509 1867 664 1936; x_wconf 83' lang='grc' dir='ltr'>φησὶ,</span> <span class='ocrx_word' id='word_1_229' title='bbox 695 1867 869 1921; x_wconf 87' lang='grc' dir='ltr'>ταῦτα</span> <span class='ocrx_word' id='word_1_230' title='bbox 893 1868 1150 1936; x_wconf 87' lang='grc' dir='ltr'>γενέσθαι</span> <span class='ocrx_word' id='word_1_231' title='bbox 1173 1887 1186 1935; x_wconf 90' lang='lat'><strong>;</strong></span> <span class='ocrx_word' id='word_1_232' title='bbox 1220 1873 1342 1924; x_wconf 77' lang='grc' dir='ltr'>ἐπεὶ</span> <span class='ocrx_word' id='word_1_233' title='bbox 1364 1872 1459 1926; x_wconf 78' lang='grc' dir='ltr'><strong>καὶ</strong></span> <span class='ocrx_word' id='word_1_234' title='bbox 1487 1875 1685 1928; x_wconf 84' lang='grc' dir='ltr'>ἐκεῖνοι</span> <span class='ocrx_word' id='word_1_235' title='bbox 1702 1874 1941 1944; x_wconf 84' lang='grc' dir='ltr'>λέγουσι,</span> 
     </span>
    </p>
   </div>
   <div class='ocr_carea' id='block_1_34' title="bbox 387 1958 1945 2037">
    <p class='ocr_par' dir='ltr' id='par_1_34' title="bbox 387 1958 1945 2037">
     <span class='ocr_line' id='line_1_34' title="bbox 387 1958 1945 2037; baseline 0.007 -25"><span class='ocrx_word' id='word_1_236' title='bbox 387 1960 483 2025; x_wconf 84' lang='grc' dir='ltr'>Τίς</span> <span class='ocrx_word' id='word_1_237' title='bbox 515 1958 767 2015; x_wconf 81' lang='grc' dir='ltr'>δύναται</span> <span class='ocrx_word' id='word_1_238' title='bbox 799 1961 1065 2031; x_wconf 81' lang='grc' dir='ltr'>σωθῆναι</span> <span class='ocrx_word' id='word_1_239' title='bbox 1080 1981 1100 2030; x_wconf 86' lang='grc'><strong><em>;</em></strong></span> <span class='ocrx_word' id='word_1_240' title='bbox 1128 1962 1288 2019; x_wconf 82' lang='grc' dir='ltr'>τοῦτο</span> <span class='ocrx_word' id='word_1_241' title='bbox 1306 1965 1594 2037; x_wconf 81' lang='grc' dir='ltr'>γεγένηται</span> <span class='ocrx_word' id='word_1_242' title='bbox 1612 1967 1701 2022; x_wconf 82' lang='grc' dir='ltr'>ἵνα</span> <span class='ocrx_word' id='word_1_243' title='bbox 1721 1968 1945 2022; x_wconf 88' lang='grc' dir='ltr'>πιστεύ-</span> 
     </span>
    </p>
   </div>
   <div class='ocr_carea' id='block_1_35' title="bbox 383 2050 1942 2131">
    <p class='ocr_par' dir='ltr' id='par_1_35' title="bbox 383 2050 1942 2131">
     <span class='ocr_line' id='line_1_35' title="bbox 383 2050 1942 2131; baseline 0.007 -29"><span class='ocrx_word' id='word_1_244' title='bbox 383 2067 450 2120; x_wconf 81' lang='grc' dir='ltr'>σῃ</span> <span class='ocrx_word' id='word_1_245' title='bbox 482 2050 561 2120; x_wconf 83' lang='grc' dir='ltr'><strong>τῷ</strong></span> <span class='ocrx_word' id='word_1_246' title='bbox 585 2051 866 2122; x_wconf 80' lang='grc' dir='ltr'>ἐρχομένῳ</span> <span class='ocrx_word' id='word_1_247' title='bbox 886 2068 899 2082; x_wconf 78' lang='grc'><strong><em>⁸</em></strong></span> <span class='ocrx_word' id='word_1_248' title='bbox 923 2054 980 2106; x_wconf 89' lang='grc' dir='ltr'><strong>ἐν</strong></span> <span class='ocrx_word' id='word_1_249' title='bbox 1005 2053 1198 2124; x_wconf 81' lang='grc' dir='ltr'>ὀνείρῳ</span> <span class='ocrx_word' id='word_1_250' title='bbox 1220 2051 1347 2120; x_wconf 74' lang='grc' dir='ltr'>εἶδε,</span> <span class='ocrx_word' id='word_1_251' title='bbox 1370 2058 1747 2128; x_wconf 87' lang='grc' dir='ltr'>προεμήνυσεν</span> <span class='ocrx_word' id='word_1_252' title='bbox 1772 2058 1942 2131; x_wconf 81' lang='grc' dir='ltr'>αὐτῷ’</span> 
     </span>
    </p>
   </div>
   <div class='ocr_carea' id='block_1_36' title="bbox 382 2140 1947 2219">
    <p class='ocr_par' dir='ltr' id='par_1_36' title="bbox 382 2140 1947 2219">
     <span class='ocr_line' id='line_1_36' title="bbox 382 2140 1947 2219; baseline 0.008 -28"><span class='ocrx_word' id='word_1_253' title='bbox 382 2140 763 2211; x_wconf 73' lang='grc' dir='ltr'>προσεύχεται,</span> <span class='ocrx_word' id='word_1_254' title='bbox 799 2144 988 2213; x_wconf 77' lang='grc' dir='ltr'>φησὶν,</span> <span class='ocrx_word' id='word_1_255' title='bbox 1016 2144 1094 2215; x_wconf 79' lang='grc' dir='ltr'>μὴ</span> <span class='ocrx_word' id='word_1_256' title='bbox 1136 2145 1325 2213; x_wconf 85' lang='grc' dir='ltr'>φοϐοῦ.</span> <span class='ocrx_word' id='word_1_257' title='bbox 1358 2147 1468 2201; x_wconf 75' lang='grc' dir='ltr'><strong>Καὶ</strong></span> <span class='ocrx_word' id='word_1_258' title='bbox 1489 2149 1617 2214; x_wconf 81' lang='grc' dir='ltr'>μετ’</span> <span class='ocrx_word' id='word_1_259' title='bbox 1649 2150 1844 2219; x_wconf 72' lang='grc' dir='ltr'>ὀλίγα.</span> <span class='ocrx_word' id='word_1_260' title='bbox 1877 2180 1947 2191; x_wconf 91' lang='grc'><strong>-</strong></span> 
     </span>
    </p>
   </div>
   <div class='ocr_carea' id='block_1_37' title="bbox 374 2229 1947 2306">
    <p class='ocr_par' dir='ltr' id='par_1_37' title="bbox 374 2229 1947 2306">
     <span class='ocr_line' id='line_1_37' title="bbox 374 2229 1947 2306; baseline 0.01 -23"><span class='ocrx_word' id='word_1_261' title='bbox 374 2229 532 2296; x_wconf 79' lang='grc' dir='ltr'>Εἷδε,</span> <span class='ocrx_word' id='word_1_262' title='bbox 564 2235 750 2305; x_wconf 76' lang='grc' dir='ltr'>φησὶν,</span> <span class='ocrx_word' id='word_1_263' title='bbox 780 2235 850 2289; x_wconf 86' lang='grc' dir='ltr'><strong>ἐν</strong></span> <span class='ocrx_word' id='word_1_264' title='bbox 870 2236 1113 2305; x_wconf 74' lang='grc' dir='ltr'>ὁράματι</span> <span class='ocrx_word' id='word_1_265' title='bbox 1140 2237 1331 2306; x_wconf 73' lang='grc' dir='ltr'>ἄνδρα</span> <span class='ocrx_word' id='word_1_266' title='bbox 1365 2241 1646 2295; x_wconf 79' lang='grc' dir='ltr'><strong>Ἀνανίαν</strong></span> <span class='ocrx_word' id='word_1_267' title='bbox 1669 2258 1681 2272; x_wconf 92' lang='grc'><strong>·</strong></span> <span class='ocrx_word' id='word_1_268' title='bbox 1701 2243 1791 2296; x_wconf 81' lang='grc' dir='ltr'><strong>διὰ</strong></span> <span class='ocrx_word' id='word_1_269' title='bbox 1823 2244 1947 2298; x_wconf 86' lang='grc' dir='ltr'><strong>τοῦ-</strong></span> 
     </span>
    </p>
   </div>
   <div class='ocr_carea' id='block_1_38' title="bbox 379 2326 1944 2404">
    <p class='ocr_par' dir='ltr' id='par_1_38' title="bbox 379 2326 1944 2404">
     <span class='ocr_line' id='line_1_38' title="bbox 379 2326 1944 2404; baseline 0.008 -28"><span class='ocrx_word' id='word_1_270' title='bbox 379 2341 439 2376; x_wconf 88' lang='grc' dir='ltr'><strong>το</strong></span> <span class='ocrx_word' id='word_1_271' title='bbox 469 2326 577 2395; x_wconf 85' lang='grc' dir='ltr'>γὰρ</span> <span class='ocrx_word' id='word_1_272' title='bbox 607 2328 665 2380; x_wconf 92' lang='grc' dir='ltr'><strong>ἐν</strong></span> <span class='ocrx_word' id='word_1_273' title='bbox 713 2328 970 2398; x_wconf 82' lang='grc' dir='ltr'>ὁράματι,</span> <span class='ocrx_word' id='word_1_274' title='bbox 1002 2329 1189 2400; x_wconf 83' lang='grc' dir='ltr'>ἐπειδὴ</span> <span class='ocrx_word' id='word_1_275' title='bbox 1227 2330 1401 2402; x_wconf 83' lang='grc' dir='ltr'>πηρὺς</span> <span class='ocrx_word' id='word_1_276' title='bbox 1424 2327 1504 2404; x_wconf 28' lang='grc' dir='ltr'>,ἦν</span> <span class='ocrx_word' id='word_1_277' title='bbox 1526 2350 1541 2364; x_wconf 81' lang='grc' dir='ltr'><strong>ο</strong></span> <span class='ocrx_word' id='word_1_278' title='bbox 1576 2334 1671 2386; x_wconf 75' lang='grc' dir='ltr'>καὶ</span> <span class='ocrx_word' id='word_1_279' title='bbox 1700 2334 1822 2387; x_wconf 79' lang='grc' dir='ltr'><strong>ούδέ</strong></span> <span class='ocrx_word' id='word_1_280' title='bbox 1850 2334 1944 2389; x_wconf 79' lang='grc' dir='ltr'><strong>τοῦ</strong></span> 
     </span>
    </p>
   </div>
   <div class='ocr_carea' id='block_1_39' title="bbox 381 2413 1946 2494">
    <p class='ocr_par' dir='ltr' id='par_1_39' title="bbox 381 2413 1946 2494">
     <span class='ocr_line' id='line_1_39' title="bbox 381 2413 1946 2494; baseline 0.009 -28"><span class='ocrx_word' id='word_1_281' title='bbox 381 2414 656 2485; x_wconf 83' lang='grc' dir='ltr'>θαύματος</span> <span class='ocrx_word' id='word_1_282' title='bbox 686 2418 717 2485; x_wconf 82' lang='grc' dir='ltr'><strong>ή</strong></span> <span class='ocrx_word' id='word_1_283' title='bbox 753 2417 1025 2489; x_wconf 83' lang='grc' dir='ltr'>ὑπερϐολὴ</span> <span class='ocrx_word' id='word_1_284' title='bbox 1051 2413 1163 2472; x_wconf 78' lang='grc' dir='ltr'>εἷλε</span> <span class='ocrx_word' id='word_1_285' title='bbox 1194 2420 1285 2474; x_wconf 75' lang='grc' dir='ltr'><strong>τὸν</strong></span> <span class='ocrx_word' id='word_1_286' title='bbox 1320 2421 1590 2494; x_wconf 84' lang='grc' dir='ltr'>μαθητὴν,</span> <span class='ocrx_word' id='word_1_287' title='bbox 1627 2423 1800 2488; x_wconf 76' lang='grc' dir='ltr'>οὕτως</span> <span class='ocrx_word' id='word_1_288' title='bbox 1821 2427 1946 2494; x_wconf 88' lang='grc' dir='ltr'>ἐφο-</span> 
     </span>
    </p>
   </div>
   <div class='ocr_carea' id='block_1_40' title="bbox 382 2506 1947 2584">
    <p class='ocr_par' dir='ltr' id='par_1_40' title="bbox 382 2506 1947 2584">
     <span class='ocr_line' id='line_1_40' title="bbox 382 2506 1947 2584; baseline 0.008 -25"><span class='ocrx_word' id='word_1_289' title='bbox 382 2506 526 2575; x_wconf 85' lang='grc' dir='ltr'>βεῖτο</span> <span class='ocrx_word' id='word_1_290' title='bbox 552 2524 565 2537; x_wconf 81' lang='lat'><strong><em>°</em></strong></span> <span class='ocrx_word' id='word_1_291' title='bbox 594 2509 695 2579; x_wconf 83' lang='grc' dir='ltr'><strong>ὅρα</strong></span> <span class='ocrx_word' id='word_1_292' title='bbox 725 2508 802 2573; x_wconf 85' lang='grc' dir='ltr'><strong>δὲ,</strong></span> <span class='ocrx_word' id='word_1_293' title='bbox 844 2509 1054 2563; x_wconf 67' lang='grc' dir='ltr'>Παῦλον</span> <span class='ocrx_word' id='word_1_294' title='bbox 1079 2511 1277 2580; x_wconf 81' lang='grc' dir='ltr'>τυφλὸν</span> <span class='ocrx_word' id='word_1_295' title='bbox 1305 2510 1433 2565; x_wconf 74' lang='grc' dir='ltr'>ὄντα</span> <span class='ocrx_word' id='word_1_296' title='bbox 1457 2512 1753 2584; x_wconf 77' lang='grc' dir='ltr'>ἀναϐλέψαι</span> <span class='ocrx_word' id='word_1_297' title='bbox 1773 2515 1947 2582; x_wconf 72' lang='grc' dir='ltr'>οὕτως</span> 
     </span>
    </p>
   </div>
   <div class='ocr_carea' id='block_1_41' title="bbox 379 2598 732 2668">
    <p class='ocr_par' dir='ltr' id='par_1_41' title="bbox 379 2598 732 2668">
     <span class='ocr_line' id='line_1_41' title="bbox 379 2598 732 2668; baseline 0.003 -18"><span class='ocrx_word' id='word_1_298' title='bbox 379 2598 600 2668; x_wconf 80' lang='grc' dir='ltr'>ἐποίησε</span> <span class='ocrx_word' id='word_1_299' title='bbox 634 2598 732 2667; x_wconf 76' lang='lat'><strong>(7).</strong></span> 
     </span>
    </p>
   </div>
   <div class='ocr_carea' id='block_1_42' title="bbox 451 2710 1943 2792">
    <p class='ocr_par' dir='ltr' id='par_1_42' title="bbox 451 2710 1943 2792">
     <span class='ocr_line' id='line_1_42' title="bbox 451 2710 1943 2792; baseline 0.007 -28"><span class='ocrx_word' id='word_1_300' title='bbox 451 2710 614 2782; x_wconf 86' lang='grc' dir='ltr'>Ὅρα,</span> <span class='ocrx_word' id='word_1_301' title='bbox 674 2714 827 2781; x_wconf 73' lang='grc' dir='ltr'>φησὶ,</span> <span class='ocrx_word' id='word_1_302' title='bbox 885 2713 991 2766; x_wconf 84' lang='grc' dir='ltr'>τίνι</span> <span class='ocrx_word' id='word_1_303' title='bbox 1043 2731 1109 2785; x_wconf 88' lang='grc' dir='ltr'><strong>με</strong></span> <span class='ocrx_word' id='word_1_304' title='bbox 1146 2715 1495 2787; x_wconf 79' lang='grc' dir='ltr'>παραδίδωςο</span> <span class='ocrx_word' id='word_1_305' title='bbox 1546 2718 1820 2790; x_wconf 86' lang='grc' dir='ltr'>φοϐοῦμαι</span> <span class='ocrx_word' id='word_1_306' title='bbox 1869 2722 1943 2792; x_wconf 80' lang='grc' dir='ltr'>μή</span> 
     </span>
    </p>
   </div>
   <div class='ocr_carea' id='block_1_43' title="bbox 377 2802 1946 2881">
    <p class='ocr_par' dir='ltr' id='par_1_43' title="bbox 377 2802 1946 2881">
     <span class='ocr_line' id='line_1_43' title="bbox 377 2802 1946 2881; baseline 0.008 -27"><span class='ocrx_word' id='word_1_307' title='bbox 377 2802 511 2855; x_wconf 82' lang='grc' dir='ltr'>ποτέ</span> <span class='ocrx_word' id='word_1_308' title='bbox 570 2821 636 2873; x_wconf 89' lang='grc' dir='ltr'><strong>με</strong></span> <span class='ocrx_word' id='word_1_309' title='bbox 694 2805 776 2866; x_wconf 82' lang='grc' dir='ltr'>εἰς</span> <span class='ocrx_word' id='word_1_310' title='bbox 832 2805 1183 2876; x_wconf 85' lang='grc' dir='ltr'>Ἱεροσόλυμα</span> <span class='ocrx_word' id='word_1_311' title='bbox 1241 2809 1538 2880; x_wconf 79' lang='grc' dir='ltr'><strong>ἀπαγάγῃ·</strong></span> <span class='ocrx_word' id='word_1_312' title='bbox 1590 2811 1643 2863; x_wconf 92' lang='grc' dir='ltr'><strong>τί</strong></span> <span class='ocrx_word' id='word_1_313' title='bbox 1675 2828 1743 2881; x_wconf 90' lang='grc' dir='ltr'><strong>με</strong></span> <span class='ocrx_word' id='word_1_314' title='bbox 1777 2814 1860 2875; x_wconf 82' lang='grc' dir='ltr'><strong>είς</strong></span> <span class='ocrx_word' id='word_1_315' title='bbox 1886 2813 1946 2866; x_wconf 86' lang='grc' dir='ltr'><strong>τὸ</strong></span> 
     </span>
    </p>
   </div>
   <div class='ocr_carea' id='block_1_44' title="bbox 381 2894 1945 2968">
    <p class='ocr_par' dir='ltr' id='par_1_44' title="bbox 381 2894 1945 2968">
     <span class='ocr_line' id='line_1_44' title="bbox 381 2894 1945 2968; baseline 0.006 -21"><span class='ocrx_word' id='word_1_316' title='bbox 381 2894 554 2965; x_wconf 84' lang='grc' dir='ltr'>στόμα</span> <span class='ocrx_word' id='word_1_317' title='bbox 584 2895 877 2964; x_wconf 86' lang='grc' dir='ltr'>ἐμϐάλλεις</span> <span class='ocrx_word' id='word_1_318' title='bbox 920 2896 1014 2950; x_wconf 89' lang='grc' dir='ltr'><strong>τοῦ</strong></span> <span class='ocrx_word' id='word_1_319' title='bbox 1042 2897 1293 2963; x_wconf 86' lang='grc' dir='ltr'>λέοντος;</span> <span class='ocrx_word' id='word_1_320' title='bbox 1340 2900 1614 2968; x_wconf 81' lang='grc' dir='ltr'>Φοϐεῖται,</span> <span class='ocrx_word' id='word_1_321' title='bbox 1642 2904 1738 2955; x_wconf 76' lang='grc' dir='ltr'><strong>καὶ</strong></span> <span class='ocrx_word' id='word_1_322' title='bbox 1771 2903 1945 2957; x_wconf 85' lang='grc' dir='ltr'>ταῦτα</span> 
     </span>
    </p>
   </div>
   <div class='ocr_carea' id='block_1_45' title="bbox 377 2987 1943 3066">
    <p class='ocr_par' dir='ltr' id='par_1_45' title="bbox 377 2987 1943 3066">
     <span class='ocr_line' id='line_1_45' title="bbox 377 2987 1943 3066; baseline 0.006 -27"><span class='ocrx_word' id='word_1_323' title='bbox 377 2987 547 3056; x_wconf 84' lang='grc' dir='ltr'>λέγει,</span> <span class='ocrx_word' id='word_1_324' title='bbox 577 2988 665 3041; x_wconf 86' lang='grc' dir='ltr'><strong>ῖνα</strong></span> <span class='ocrx_word' id='word_1_325' title='bbox 698 2988 960 3059; x_wconf 87' lang='grc' dir='ltr'>μάθωμεν</span> <span class='ocrx_word' id='word_1_326' title='bbox 978 2988 1076 3059; x_wconf 81' lang='grc' dir='ltr'>τὴν</span> <span class='ocrx_word' id='word_1_327' title='bbox 1099 2990 1299 3061; x_wconf 85' lang='grc' dir='ltr'>ἀρετὴν</span> <span class='ocrx_word' id='word_1_328' title='bbox 1320 2992 1587 3048; x_wconf 82' lang='grc' dir='ltr'>πάντοθεν</span> <span class='ocrx_word' id='word_1_329' title='bbox 1610 2995 1704 3047; x_wconf 86' lang='grc' dir='ltr'><strong>τοῦ</strong></span> <span class='ocrx_word' id='word_1_330' title='bbox 1729 2996 1943 3066; x_wconf 78' lang='grc' dir='ltr'>ἀνδρόςο</span> 
     </span>
    </p>
   </div>
   <div class='ocr_carea' id='block_1_46' title="bbox 375 3078 1943 3159">
    <p class='ocr_par' dir='ltr' id='par_1_46' title="bbox 375 3078 1943 3159">
     <span class='ocr_line' id='line_1_46' title="bbox 375 3078 1943 3159; baseline 0.007 -28"><span class='ocrx_word' id='word_1_331' title='bbox 375 3078 437 3132; x_wconf 80' lang='grc' dir='ltr'><strong>τδ</strong></span> <span class='ocrx_word' id='word_1_332' title='bbox 482 3078 581 3150; x_wconf 85' lang='grc' dir='ltr'><strong>μὲν</strong></span> <span class='ocrx_word' id='word_1_333' title='bbox 616 3079 725 3151; x_wconf 73' lang='grc' dir='ltr'>γὰρ</span> <span class='ocrx_word' id='word_1_334' title='bbox 756 3084 910 3152; x_wconf 75' lang='grc' dir='ltr'>παρὰ</span> <span class='ocrx_word' id='word_1_335' title='bbox 960 3081 1236 3135; x_wconf 85' lang='grc' dir='ltr'>Ἰουδαίων</span> <span class='ocrx_word' id='word_1_336' title='bbox 1256 3082 1428 3136; x_wconf 84' lang='grc' dir='ltr'>ταῦτα</span> <span class='ocrx_word' id='word_1_337' title='bbox 1455 3084 1710 3153; x_wconf 87' lang='grc' dir='ltr'>λέγεσθαι</span> <span class='ocrx_word' id='word_1_338' title='bbox 1727 3087 1943 3159; x_wconf 89' lang='grc' dir='ltr'>θαυμα-</span> 
     </span>
    </p>
   </div>
   <div class='ocr_carea' id='block_1_47' title="bbox 378 3170 1944 3251">
    <p class='ocr_par' dir='ltr' id='par_1_47' title="bbox 378 3170 1944 3251">
     <span class='ocr_line' id='line_1_47' title="bbox 378 3170 1944 3251; baseline 0.007 -29"><span class='ocrx_word' id='word_1_339' title='bbox 378 3171 501 3223; x_wconf 79' lang='grc' dir='ltr'>στὸν</span> <span class='ocrx_word' id='word_1_340' title='bbox 531 3171 717 3224; x_wconf 77' lang='grc' dir='ltr'>οὐδέν’</span> <span class='ocrx_word' id='word_1_341' title='bbox 750 3170 812 3224; x_wconf 86' lang='grc' dir='ltr'>τὸ</span> <span class='ocrx_word' id='word_1_342' title='bbox 844 3172 899 3224; x_wconf 85' lang='grc' dir='ltr'>δὲ</span> <span class='ocrx_word' id='word_1_343' title='bbox 928 3172 1023 3225; x_wconf 82' lang='grc' dir='ltr'>καὶ</span> <span class='ocrx_word' id='word_1_344' title='bbox 1058 3172 1284 3238; x_wconf 86' lang='grc' dir='ltr'>τούτους</span> <span class='ocrx_word' id='word_1_345' title='bbox 1322 3174 1466 3229; x_wconf 77' lang='grc' dir='ltr'>οὕτω</span> <span class='ocrx_word' id='word_1_346' title='bbox 1505 3178 1788 3245; x_wconf 85' lang='grc' dir='ltr'>φοϐεῖσθαι</span> <span class='ocrx_word' id='word_1_347' title='bbox 1847 3180 1944 3251; x_wconf 85' lang='grc' dir='ltr'>μέ-</span> 
     </span>
    </p>
   </div>
   <div class='ocr_carea' id='block_1_48' title="bbox 374 3265 1941 3339">
    <p class='ocr_par' dir='ltr' id='par_1_48' title="bbox 374 3265 1941 3339">
     <span class='ocr_line' id='line_1_48' title="bbox 374 3265 1941 3339; baseline 0.008 -25"><span class='ocrx_word' id='word_1_348' title='bbox 374 3278 558 3330; x_wconf 89' lang='grc' dir='ltr'>γιστον</span> <span class='ocrx_word' id='word_1_349' title='bbox 590 3265 891 3334; x_wconf 82' lang='grc' dir='ltr'>τεκμήριον</span> <span class='ocrx_word' id='word_1_350' title='bbox 918 3266 1017 3335; x_wconf 80' lang='grc' dir='ltr'>τῆς</span> <span class='ocrx_word' id='word_1_351' title='bbox 1035 3266 1130 3319; x_wconf 89' lang='grc' dir='ltr'><strong>τοῦ</strong></span> <span class='ocrx_word' id='word_1_352' title='bbox 1153 3268 1288 3321; x_wconf 87' lang='grc' dir='ltr'>Θεοῦ</span> <span class='ocrx_word' id='word_1_353' title='bbox 1319 3269 1603 3339; x_wconf 89' lang='grc' dir='ltr'>δυνάμεως</span> <span class='ocrx_word' id='word_1_354' title='bbox 1632 3271 1907 3327; x_wconf 84' lang='grc' dir='ltr'>δείκνυται</span> <span class='ocrx_word' id='word_1_355' title='bbox 1927 3289 1941 3305; x_wconf 85' lang='grc'>⁶</span> 
     </span>
    </p>
   </div>
   <div class='ocr_carea' id='block_1_49' title="bbox 375 3352 1944 3431">
    <p class='ocr_par' dir='ltr' id='par_1_49' title="bbox 375 3352 1944 3431">
     <span class='ocr_line' id='line_1_49' title="bbox 375 3352 1944 3431; baseline 0.007 -26"><span class='ocrx_word' id='word_1_356' title='bbox 375 3354 471 3405; x_wconf 77' lang='grc' dir='ltr'><strong>καὶ</strong></span> <span class='ocrx_word' id='word_1_357' title='bbox 496 3353 659 3420; x_wconf 85' lang='grc' dir='ltr'>φόϐος</span> <span class='ocrx_word' id='word_1_358' title='bbox 689 3352 997 3420; x_wconf 83' lang='grc' dir='ltr'>δείκνυται,</span> <span class='ocrx_word' id='word_1_359' title='bbox 1045 3356 1142 3407; x_wconf 82' lang='grc' dir='ltr'><strong>καὶ</strong></span> <span class='ocrx_word' id='word_1_360' title='bbox 1174 3356 1390 3428; x_wconf 84' lang='grc' dir='ltr'>ὑπακοὴ</span> <span class='ocrx_word' id='word_1_361' title='bbox 1433 3358 1635 3429; x_wconf 81' lang='grc' dir='ltr'>μείζων</span> <span class='ocrx_word' id='word_1_362' title='bbox 1679 3362 1818 3431; x_wconf 84' lang='grc' dir='ltr'>μετὰ</span> <span class='ocrx_word' id='word_1_363' title='bbox 1853 3361 1944 3416; x_wconf 80' lang='grc' dir='ltr'><strong>τὸν</strong></span> 
     </span>
    </p>
   </div>
   <div class='ocr_carea' id='block_1_50' title="bbox 375 3441 1345 3519">
    <p class='ocr_par' dir='ltr' id='par_1_50' title="bbox 375 3441 1345 3519">
     <span class='ocr_line' id='line_1_50' title="bbox 375 3441 1345 3519; baseline 0.008 -26"><span class='ocrx_word' id='word_1_364' title='bbox 375 3441 537 3509; x_wconf 86' lang='grc' dir='ltr'>φόϐον</span> <span class='ocrx_word' id='word_1_365' title='bbox 559 3458 574 3473; x_wconf 75' lang='grc' dir='ltr'><strong>ο</strong></span> <span class='ocrx_word' id='word_1_366' title='bbox 619 3442 790 3507; x_wconf 76' lang='grc' dir='ltr'>ὅντως</span> <span class='ocrx_word' id='word_1_367' title='bbox 821 3442 931 3517; x_wconf 76' lang='grc' dir='ltr'><strong>γάρ</strong></span> <span class='ocrx_word' id='word_1_368' title='bbox 954 3445 1136 3516; x_wconf 78' lang='grc' dir='ltr'>ἰσχύος</span> <span class='ocrx_word' id='word_1_369' title='bbox 1163 3447 1345 3519; x_wconf 80' lang='grc' dir='ltr'>χρεία.</span> 
     </span>
    </p>
   </div>
   <div class='ocr_carea' id='block_1_51' title="bbox 451 3545 1945 3633">
    <p class='ocr_par' dir='ltr' id='par_1_51' title="bbox 451 3545 1945 3633">
     <span class='ocr_line' id='line_1_51' title="bbox 451 3545 1945 3633; baseline 0.007 -25"><span class='ocrx_word' id='word_1_370' title='bbox 451 3575 470 3608; x_wconf 81' lang='grc'><em>‹</em></span> <span class='ocrx_word' id='word_1_371' title='bbox 497 3552 632 3610; x_wconf 72' lang='lat' dir='ltr'><strong>Eine</strong></span> <span class='ocrx_word' id='word_1_372' title='bbox 648 3557 702 3610; x_wconf 83' lang='grc' dir='ltr'>δὲ</span> <span class='ocrx_word' id='word_1_373' title='bbox 715 3559 851 3629; x_wconf 81' lang='grc' dir='ltr'>πρὸς</span> <span class='ocrx_word' id='word_1_374' title='bbox 872 3559 1034 3612; x_wconf 75' lang='grc' dir='ltr'>αὑτὸν</span> <span class='ocrx_word' id='word_1_375' title='bbox 1059 3560 1087 3612; x_wconf 82' lang='grc' dir='ltr'>ὁ</span> <span class='ocrx_word' id='word_1_376' title='bbox 1105 3545 1310 3631; x_wconf 81' lang='grc' dir='ltr'>Κύριος</span> <span class='ocrx_word' id='word_1_377' title='bbox 1327 3578 1342 3592; x_wconf 75' lang='grc'><strong><em>⁸</em></strong></span> <span class='ocrx_word' id='word_1_378' title='bbox 1362 3562 1629 3633; x_wconf 87' lang='grc' dir='ltr'>Πορεύου,</span> <span class='ocrx_word' id='word_1_379' title='bbox 1647 3565 1730 3617; x_wconf 85' lang='grc' dir='ltr'>ὅτι</span> <span class='ocrx_word' id='word_1_380' title='bbox 1753 3566 1945 3630; x_wconf 83' lang='grc' dir='ltr'>σκεῦος</span> 
     </span>
    </p>
   </div>
   <div class='ocr_carea' id='block_1_52' title="bbox 376 3645 1934 3727">
    <p class='ocr_par' dir='ltr' id='par_1_52' title="bbox 376 3645 1934 3727">
     <span class='ocr_line' id='line_1_52' title="bbox 376 3645 1934 3727; baseline 0.006 -26"><span class='ocrx_word' id='word_1_381' title='bbox 376 3647 604 3719; x_wconf 80' lang='grc' dir='ltr'>ἐκλογῆς</span> <span class='ocrx_word' id='word_1_382' title='bbox 635 3649 751 3701; x_wconf 85' lang='grc' dir='ltr'>ἐστί</span> <span class='ocrx_word' id='word_1_383' title='bbox 783 3667 874 3719; x_wconf 87' lang='grc' dir='ltr'><strong>μοι</strong></span> <span class='ocrx_word' id='word_1_384' title='bbox 913 3645 1087 3714; x_wconf 75' lang='grc' dir='ltr'>οὗτος,</span> <span class='ocrx_word' id='word_1_385' title='bbox 1122 3650 1214 3704; x_wconf 85' lang='grc' dir='ltr'><strong>τοῦ</strong></span> <span class='ocrx_word' id='word_1_386' title='bbox 1244 3652 1509 3721; x_wconf 81' lang='grc' dir='ltr'>βαστάσαι</span> <span class='ocrx_word' id='word_1_387' title='bbox 1536 3654 1599 3707; x_wconf 82' lang='grc' dir='ltr'>τὸ</span> <span class='ocrx_word' id='word_1_388' title='bbox 1623 3655 1798 3726; x_wconf 85' lang='grc' dir='ltr'>δνομά</span> <span class='ocrx_word' id='word_1_389' title='bbox 1832 3674 1934 3727; x_wconf 89' lang='grc' dir='ltr'><strong>μου</strong></span> 
     </span>
    </p>
   </div>
   <div class='ocr_carea' id='block_1_53' title="bbox 373 3740 1935 3817">
    <p class='ocr_par' dir='ltr' id='par_1_53' title="bbox 373 3740 1935 3817">
     <span class='ocr_line' id='line_1_53' title="bbox 373 3740 1935 3817; baseline 0.004 -25"><span class='ocrx_word' id='word_1_390' title='bbox 373 3740 608 3795; x_wconf 85' lang='grc' dir='ltr'>ἐνώπιον</span> <span class='ocrx_word' id='word_1_391' title='bbox 643 3740 813 3795; x_wconf 87' lang='grc' dir='ltr'>ἐθνῶν</span> <span class='ocrx_word' id='word_1_392' title='bbox 854 3760 913 3795; x_wconf 89' lang='grc' dir='ltr'><strong>τε</strong></span> <span class='ocrx_word' id='word_1_393' title='bbox 950 3743 1040 3796; x_wconf 73' lang='grc' dir='ltr'><strong>καὶ</strong></span> <span class='ocrx_word' id='word_1_394' title='bbox 1072 3742 1357 3813; x_wconf 85' lang='grc' dir='ltr'>βασιλέων,</span> <span class='ocrx_word' id='word_1_395' title='bbox 1394 3744 1529 3798; x_wconf 86' lang='grc' dir='ltr'>υίῶν</span> <span class='ocrx_word' id='word_1_396' title='bbox 1552 3763 1611 3799; x_wconf 88' lang='grc' dir='ltr'><strong>τε</strong></span> <span class='ocrx_word' id='word_1_397' title='bbox 1646 3746 1882 3817; x_wconf 85' lang='grc' dir='ltr'>Ἰσραήλ.</span> <span class='ocrx_word' id='word_1_398' title='bbox 1917 3764 1935 3798; x_wconf 75' lang='grc' dir='ltr'><strong>ι</strong></span> 
     </span>
    </p>
   </div>
   <div class='ocr_carea' id='block_1_54' title="bbox 451 3943 1941 4016">
    <p class='ocr_par' dir='ltr' id='par_1_54' title="bbox 451 3943 1941 4016">
     <span class='ocr_line' id='line_1_54' title="bbox 451 3943 1941 4016; baseline 0.003 -19"><span class='ocrx_word' id='word_1_399' title='bbox 451 3944 622 4014; x_wconf 92' lang='grc'><strong>(8)</strong></span> <span class='ocrx_word' id='word_1_400' title='bbox 684 3943 779 3996; x_wconf 84' lang='grc' dir='ltr'>Ἐκ</span> <span class='ocrx_word' id='word_1_401' title='bbox 836 3944 1159 4014; x_wconf 82' lang='grc' dir='ltr'>περιουσίας</span> <span class='ocrx_word' id='word_1_402' title='bbox 1198 3945 1289 3999; x_wconf 82' lang='grc' dir='ltr'>τὸν</span> <span class='ocrx_word' id='word_1_403' title='bbox 1349 3945 1514 4014; x_wconf 83' lang='grc' dir='ltr'>φόϐον</span> <span class='ocrx_word' id='word_1_404' title='bbox 1576 3945 1787 4011; x_wconf 76' lang='grc' dir='ltr'>ἔλυσεν,</span> <span class='ocrx_word' id='word_1_405' title='bbox 1825 3947 1941 4016; x_wconf 77' lang='grc' dir='ltr'>εἴγε</span> 
     </span>
    </p>
   </div>
   <div class='ocr_carea' id='block_1_55' title="bbox 382 4034 1942 4108">
    <p class='ocr_par' dir='ltr' id='par_1_55' title="bbox 382 4034 1942 4108">
     <span class='ocr_line' id='line_1_55' title="bbox 382 4034 1942 4108; baseline 0.004 -21"><span class='ocrx_word' id='word_1_406' title='bbox 382 4035 564 4105; x_wconf 88' lang='grc' dir='ltr'>μέλλοι</span> <span class='ocrx_word' id='word_1_407' title='bbox 600 4034 741 4088; x_wconf 77' lang='grc' dir='ltr'>οὕτω</span> <span class='ocrx_word' id='word_1_408' title='bbox 779 4034 1076 4106; x_wconf 83' lang='grc' dir='ltr'>προθύμως</span> <span class='ocrx_word' id='word_1_409' title='bbox 1104 4035 1171 4089; x_wconf 71' lang='grc' dir='ltr'>τὰ</span> <span class='ocrx_word' id='word_1_410' title='bbox 1193 4037 1436 4106; x_wconf 82' lang='grc' dir='ltr'>ἡμέτερα</span> <span class='ocrx_word' id='word_1_411' title='bbox 1462 4040 1704 4108; x_wconf 87' lang='grc' dir='ltr'>φρονεῖν,</span> <span class='ocrx_word' id='word_1_412' title='bbox 1741 4038 1818 4102; x_wconf 83' lang='grc' dir='ltr'>ὡς</span> <span class='ocrx_word' id='word_1_413' title='bbox 1847 4039 1942 4093; x_wconf 77' lang='grc' dir='ltr'>καὶ</span> 
     </span>
    </p>
   </div>
   <div class='ocr_carea' id='block_1_56' title="bbox 379 4125 1937 4196">
    <p class='ocr_par' dir='ltr' id='par_1_56' title="bbox 379 4125 1937 4196">
     <span class='ocr_line' id='line_1_56' title="bbox 379 4125 1937 4196; baseline 0.003 -17"><span class='ocrx_word' id='word_1_414' title='bbox 379 4125 550 4179; x_wconf 78' lang='grc' dir='ltr'>πολλὰ</span> <span class='ocrx_word' id='word_1_415' title='bbox 583 4126 835 4196; x_wconf 85' lang='grc' dir='ltr'>πάσχειν.</span> <span class='ocrx_word' id='word_1_416' title='bbox 873 4126 1098 4192; x_wconf 81' lang='grc' dir='ltr'>Σκεῦος</span> <span class='ocrx_word' id='word_1_417' title='bbox 1134 4127 1190 4179; x_wconf 80' lang='grc' dir='ltr'>δὲ</span> <span class='ocrx_word' id='word_1_418' title='bbox 1247 4127 1495 4182; x_wconf 80' lang='grc' dir='ltr'>καλεῖται</span> <span class='ocrx_word' id='word_1_419' title='bbox 1545 4128 1789 4194; x_wconf 84' lang='grc' dir='ltr'>δικαίως,</span> <span class='ocrx_word' id='word_1_420' title='bbox 1823 4130 1937 4183; x_wconf 85' lang='grc' dir='ltr'>δει-</span> 
     </span>
    </p>
   </div>
   <div class='ocr_carea' id='block_1_57' title="bbox 2046 1879 3615 1959">
    <p class='ocr_par' dir='ltr' id='par_1_57' title="bbox 2046 1879 3615 1959">
     <span class='ocr_line' id='line_1_57' title="bbox 2046 1879 3615 1959; baseline -0.007 -13"><span class='ocrx_word' id='word_1_421' title='bbox 2046 1893 2205 1947; x_wconf 89' lang='lat' dir='ltr'><strong>modo</strong></span> <span class='ocrx_word' id='word_1_422' title='bbox 2254 1898 2503 1959; x_wconf 89' lang='lat' dir='ltr'><strong>possunt,</strong></span> <span class='ocrx_word' id='word_1_423' title='bbox 2551 1888 2650 1951; x_wconf 84' lang='lat' dir='ltr'><strong>ait,</strong></span> <span class='ocrx_word' id='word_1_424' title='bbox 2696 1887 2796 1940; x_wconf 85' lang='lat' dir='ltr'><strong>ista</strong></span> <span class='ocrx_word' id='word_1_425' title='bbox 2847 1883 3006 1940; x_wconf 84' lang='lat' dir='ltr'><strong>esse?</strong></span> <span class='ocrx_word' id='word_1_426' title='bbox 3049 1889 3311 1953; x_wconf 81' lang='lat' dir='ltr'><strong>tanquam</strong></span> <span class='ocrx_word' id='word_1_427' title='bbox 3370 1895 3494 1937; x_wconf 84' lang='lat' dir='ltr'><strong>eum</strong></span> <span class='ocrx_word' id='word_1_428' title='bbox 3537 1879 3615 1935; x_wconf 85' lang='lat' dir='ltr'><strong>illi</strong></span> 
     </span>
    </p>
   </div>
   <div class='ocr_carea' id='block_1_58' title="bbox 2046 1972 3622 2047">
    <p class='ocr_par' dir='ltr' id='par_1_58' title="bbox 2046 1972 3622 2047">
     <span class='ocr_line' id='line_1_58' title="bbox 2046 1972 3622 2047; baseline -0.011 -7"><span class='ocrx_word' id='word_1_429' title='bbox 2046 1987 2279 2041; x_wconf 88' lang='lat' dir='ltr'><strong>dicunt:</strong></span> <span class='ocrx_word' id='word_1_430' title='bbox 2313 1981 2444 2047; x_wconf 79' lang='lat' dir='ltr'><strong>Quis</strong></span> <span class='ocrx_word' id='word_1_431' title='bbox 2490 1989 2651 2047; x_wconf 76' lang='lat' dir='ltr'><strong>potest</strong></span> <span class='ocrx_word' id='word_1_432' title='bbox 2688 1978 2863 2032; x_wconf 77' lang='lat' dir='ltr'><strong>salvus</strong></span> <span class='ocrx_word' id='word_1_433' title='bbox 2903 1976 3059 2045; x_wconf 77' lang='lat' dir='ltr'><strong>ﬁeri?</strong></span> <span class='ocrx_word' id='word_1_434' title='bbox 3086 1973 3288 2029; x_wconf 81' lang='lat' dir='ltr'><strong>factum</strong></span> <span class='ocrx_word' id='word_1_435' title='bbox 3335 1981 3420 2028; x_wconf 90' lang='lat' dir='ltr'><strong>est</strong></span> <span class='ocrx_word' id='word_1_436' title='bbox 3467 1972 3522 2027; x_wconf 87' lang='lat' dir='ltr'><strong>id</strong></span> <span class='ocrx_word' id='word_1_437' title='bbox 3563 1981 3622 2024; x_wconf 88' lang='lat' dir='ltr'><strong>ut</strong></span> 
     </span>
    </p>
   </div>
   <div class='ocr_carea' id='block_1_59' title="bbox 2047 2061 3622 2129">
    <p class='ocr_par' dir='ltr' id='par_1_59' title="bbox 2047 2061 3622 2129">
     <span class='ocr_line' id='line_1_59' title="bbox 2047 2061 3622 2129; baseline -0.009 0"><span class='ocrx_word' id='word_1_438' title='bbox 2047 2074 2296 2129; x_wconf 80' lang='lat' dir='ltr'><strong>ﬁduciam</strong></span> <span class='ocrx_word' id='word_1_439' title='bbox 2325 2071 2523 2125; x_wconf 90' lang='lat' dir='ltr'><strong>habeat</strong></span> <span class='ocrx_word' id='word_1_440' title='bbox 2547 2068 2784 2123; x_wconf 88' lang='lat' dir='ltr'><strong>venienti</strong></span> <span class='ocrx_word' id='word_1_441' title='bbox 2813 2084 2828 2121; x_wconf 89' lang='lat'><strong>:</strong></span> <span class='ocrx_word' id='word_1_442' title='bbox 2859 2066 2914 2121; x_wconf 92' lang='lat' dir='ltr'><strong>in</strong></span> <span class='ocrx_word' id='word_1_443' title='bbox 2943 2065 3148 2121; x_wconf 88' lang='lat' dir='ltr'><strong>somnis</strong></span> <span class='ocrx_word' id='word_1_444' title='bbox 3172 2062 3328 2127; x_wconf 87' lang='lat' dir='ltr'><strong>vidit,</strong></span> <span class='ocrx_word' id='word_1_445' title='bbox 3361 2061 3622 2117; x_wconf 87' lang='lat' dir='ltr'><strong>indicavit</strong></span> 
     </span>
    </p>
   </div>
   <div class='ocr_carea' id='block_1_60' title="bbox 2046 2156 3620 2236">
    <p class='ocr_par' dir='ltr' id='par_1_60' title="bbox 2046 2156 3620 2236">
     <span class='ocr_line' id='line_1_60' title="bbox 2046 2156 3620 2236; baseline -0.012 -13"><span class='ocrx_word' id='word_1_446' title='bbox 2046 2168 2146 2236; x_wconf 90' lang='lat' dir='ltr'><strong>ipsi</strong></span> <span class='ocrx_word' id='word_1_447' title='bbox 2177 2183 2193 2220; x_wconf 90' lang='lat'><strong>:</strong></span> <span class='ocrx_word' id='word_1_448' title='bbox 2222 2173 2361 2230; x_wconf 85' lang='lat' dir='ltr'><strong>orat,</strong></span> <span class='ocrx_word' id='word_1_449' title='bbox 2408 2163 2601 2231; x_wconf 87' lang='lat' dir='ltr'><strong>inquit,</strong></span> <span class='ocrx_word' id='word_1_450' title='bbox 2653 2174 2721 2216; x_wconf 90' lang='lat' dir='ltr'><strong>ne</strong></span> <span class='ocrx_word' id='word_1_451' title='bbox 2754 2160 2966 2214; x_wconf 88' lang='lat' dir='ltr'><strong>timeas.</strong></span> <span class='ocrx_word' id='word_1_452' title='bbox 3018 2156 3087 2211; x_wconf 82' lang='lat' dir='ltr'><strong>Et</strong></span> <span class='ocrx_word' id='word_1_453' title='bbox 3142 2163 3260 2225; x_wconf 78' lang='lat' dir='ltr'><strong>post</strong></span> <span class='ocrx_word' id='word_1_454' title='bbox 3304 2166 3519 2223; x_wconf 81' lang='lat' dir='ltr'><strong>pauca:</strong></span> <span class='ocrx_word' id='word_1_455' title='bbox 3557 2180 3620 2193; x_wconf 85' lang='lat'><strong>—-</strong></span> 
     </span>
    </p>
   </div>
   <div class='ocr_carea' id='block_1_61' title="bbox 2059 2239 3620 2322">
    <p class='ocr_par' dir='ltr' id='par_1_61' title="bbox 2059 2239 3620 2322">
     <span class='ocr_line' id='line_1_61' title="bbox 2059 2239 3620 2322; baseline -0.01 -13"><span class='ocrx_word' id='word_1_456' title='bbox 2059 2255 2224 2320; x_wconf 80' lang='lat' dir='ltr'><strong>l’idit,</strong></span> <span class='ocrx_word' id='word_1_457' title='bbox 2263 2253 2463 2322; x_wconf 81' lang='lat' dir='ltr'><strong>inquit,</strong></span> <span class='ocrx_word' id='word_1_458' title='bbox 2507 2252 2562 2305; x_wconf 83' lang='lat' dir='ltr'><strong>in</strong></span> <span class='ocrx_word' id='word_1_459' title='bbox 2602 2250 2801 2304; x_wconf 77' lang='lat' dir='ltr'><strong>visione</strong></span> <span class='ocrx_word' id='word_1_460' title='bbox 2848 2247 3114 2301; x_wconf 81' lang='lat' dir='ltr'><strong>hominem</strong></span> <span class='ocrx_word' id='word_1_461' title='bbox 3163 2244 3449 2296; x_wconf 78' lang='lat' dir='ltr'><strong>Anartium.</strong></span> <span class='ocrx_word' id='word_1_462' title='bbox 3494 2239 3620 2295; x_wconf 87' lang='lat' dir='ltr'><strong>Ideo</strong></span> 
     </span>
    </p>
   </div>
   <div class='ocr_carea' id='block_1_62' title="bbox 2045 2329 3617 2410">
    <p class='ocr_par' dir='ltr' id='par_1_62' title="bbox 2045 2329 3617 2410">
     <span class='ocr_line' id='line_1_62' title="bbox 2045 2329 3617 2410; baseline -0.011 -9"><span class='ocrx_word' id='word_1_463' title='bbox 2045 2344 2190 2401; x_wconf 85' lang='lat' dir='ltr'><strong>enim</strong></span> <span class='ocrx_word' id='word_1_464' title='bbox 2226 2345 2278 2398; x_wconf 92' lang='lat' dir='ltr'><strong>in</strong></span> <span class='ocrx_word' id='word_1_465' title='bbox 2311 2343 2541 2406; x_wconf 83' lang='lat' dir='ltr'><strong>visione,</strong></span> <span class='ocrx_word' id='word_1_466' title='bbox 2587 2338 2716 2410; x_wconf 89' lang='lat' dir='ltr'><strong>quia</strong></span> <span class='ocrx_word' id='word_1_467' title='bbox 2751 2350 2928 2393; x_wconf 69' lang='lat' dir='ltr'><strong>caecus</strong></span> <span class='ocrx_word' id='word_1_468' title='bbox 2957 2343 3114 2402; x_wconf 88' lang='lat' dir='ltr'><strong>erat;</strong></span> <span class='ocrx_word' id='word_1_469' title='bbox 3149 2347 3249 2388; x_wconf 91' lang='lat' dir='ltr'><strong>nec</strong></span> <span class='ocrx_word' id='word_1_470' title='bbox 3269 2330 3498 2402; x_wconf 71' lang='lat' dir='ltr'><strong>prodigii</strong></span> <span class='ocrx_word' id='word_1_471' title='bbox 3531 2329 3617 2384; x_wconf 87' lang='lat' dir='ltr'><strong>in-</strong></span> 
     </span>
    </p>
   </div>
   <div class='ocr_carea' id='block_1_63' title="bbox 2045 2423 3620 2503">
    <p class='ocr_par' dir='ltr' id='par_1_63' title="bbox 2045 2423 3620 2503">
     <span class='ocr_line' id='line_1_63' title="bbox 2045 2423 3620 2503; baseline -0.011 -11"><span class='ocrx_word' id='word_1_472' title='bbox 2045 2435 2262 2493; x_wconf 88' lang='lat' dir='ltr'><strong>solitum</strong></span> <span class='ocrx_word' id='word_1_473' title='bbox 2304 2432 2625 2503; x_wconf 81' lang='lat' dir='ltr'><strong>discipulum</strong></span> <span class='ocrx_word' id='word_1_474' title='bbox 2670 2427 2875 2497; x_wconf 83' lang='lat' dir='ltr'><strong>rapuit,</strong></span> <span class='ocrx_word' id='word_1_475' title='bbox 2924 2425 3018 2495; x_wconf 90' lang='lat' dir='ltr'><strong>qui</strong></span> <span class='ocrx_word' id='word_1_476' title='bbox 3070 2425 3150 2480; x_wconf 89' lang='lat' dir='ltr'><strong>sic</strong></span> <span class='ocrx_word' id='word_1_477' title='bbox 3187 2423 3455 2478; x_wconf 87' lang='lat' dir='ltr'><strong>timebat:</strong></span> <span class='ocrx_word' id='word_1_478' title='bbox 3490 2433 3620 2476; x_wconf 88' lang='lat' dir='ltr'><strong>ecce</strong></span> 
     </span>
    </p>
   </div>
   <div class='ocr_carea' id='block_1_64' title="bbox 2047 2511 3526 2586">
    <p class='ocr_par' dir='ltr' id='par_1_64' title="bbox 2047 2511 3526 2586">
     <span class='ocr_line' id='line_1_64' title="bbox 2047 2511 3526 2586; baseline -0.014 -1"><span class='ocrx_word' id='word_1_479' title='bbox 2047 2537 2226 2585; x_wconf 92' lang='lat' dir='ltr'><strong>autem</strong></span> <span class='ocrx_word' id='word_1_480' title='bbox 2251 2526 2475 2581; x_wconf 89' lang='lat' dir='ltr'><strong>Paulum</strong></span> <span class='ocrx_word' id='word_1_481' title='bbox 2510 2537 2715 2579; x_wconf 68' lang='lat' dir='ltr'><strong>crecum</strong></span> <span class='ocrx_word' id='word_1_482' title='bbox 2739 2520 2915 2576; x_wconf 90' lang='lat' dir='ltr'><strong>visum</strong></span> <span class='ocrx_word' id='word_1_483' title='bbox 2944 2518 3190 2586; x_wconf 85' lang='lat' dir='ltr'><strong>recipere</strong></span> <span class='ocrx_word' id='word_1_484' title='bbox 3213 2515 3294 2571; x_wconf 87' lang='lat' dir='ltr'><strong>sic</strong></span> <span class='ocrx_word' id='word_1_485' title='bbox 3325 2511 3526 2569; x_wconf 83' lang='lat' dir='ltr'><strong>eﬂ‘ecit.</strong></span> 
     </span>
    </p>
   </div>
   <div class='ocr_carea' id='block_1_65' title="bbox 2118 2712 3612 2795">
    <p class='ocr_par' dir='ltr' id='par_1_65' title="bbox 2118 2712 3612 2795">
     <span class='ocr_line' id='line_1_65' title="bbox 2118 2712 3612 2795; baseline -0.012 -11"><span class='ocrx_word' id='word_1_486' title='bbox 2118 2730 2276 2795; x_wconf 87' lang='lat' dir='ltr'><strong>Ecce,</strong></span> <span class='ocrx_word' id='word_1_487' title='bbox 2311 2728 2410 2793; x_wconf 87' lang='lat' dir='ltr'><strong>ait,</strong></span> <span class='ocrx_word' id='word_1_488' title='bbox 2441 2727 2528 2783; x_wconf 91' lang='lat' dir='ltr'><strong>cui</strong></span> <span class='ocrx_word' id='word_1_489' title='bbox 2579 2739 2666 2781; x_wconf 88' lang='lat' dir='ltr'><strong>me</strong></span> <span class='ocrx_word' id='word_1_490' title='bbox 2702 2721 2905 2787; x_wconf 87' lang='lat' dir='ltr'><strong>tradis;</strong></span> <span class='ocrx_word' id='word_1_491' title='bbox 2936 2732 3129 2774; x_wconf 89' lang='lat' dir='ltr'><strong>vereor</strong></span> <span class='ocrx_word' id='word_1_492' title='bbox 3158 2730 3227 2770; x_wconf 90' lang='lat' dir='ltr'><strong>ne</strong></span> <span class='ocrx_word' id='word_1_493' title='bbox 3256 2714 3396 2768; x_wconf 77' lang='lat' dir='ltr'><strong>forte</strong></span> <span class='ocrx_word' id='word_1_494' title='bbox 3426 2727 3512 2767; x_wconf 91' lang='lat' dir='ltr'><strong>me</strong></span> <span class='ocrx_word' id='word_1_495' title='bbox 3557 2712 3612 2766; x_wconf 92' lang='lat' dir='ltr'><strong>in</strong></span> 
     </span>
    </p>
   </div>
   <div class='ocr_carea' id='block_1_66' title="bbox 2045 2802 3620 2884">
    <p class='ocr_par' dir='ltr' id='par_1_66' title="bbox 2045 2802 3620 2884">
     <span class='ocr_line' id='line_1_66' title="bbox 2045 2802 3620 2884; baseline -0.017 -3"><span class='ocrx_word' id='word_1_496' title='bbox 2045 2822 2346 2881; x_wconf 82' lang='lat' dir='ltr'><strong>Jerusalem</strong></span> <span class='ocrx_word' id='word_1_497' title='bbox 2382 2821 2599 2884; x_wconf 86' lang='lat' dir='ltr'><strong>trahat;</strong></span> <span class='ocrx_word' id='word_1_498' title='bbox 2636 2832 2734 2871; x_wconf 92' lang='lat' dir='ltr'><strong>cur</strong></span> <span class='ocrx_word' id='word_1_499' title='bbox 2764 2828 2849 2869; x_wconf 92' lang='lat' dir='ltr'><strong>me</strong></span> <span class='ocrx_word' id='word_1_500' title='bbox 2878 2813 2930 2868; x_wconf 95' lang='lat' dir='ltr'><strong>in</strong></span> <span class='ocrx_word' id='word_1_501' title='bbox 2957 2826 3018 2867; x_wconf 90' lang='lat' dir='ltr'><strong>os</strong></span> <span class='ocrx_word' id='word_1_502' title='bbox 3040 2808 3214 2865; x_wconf 87' lang='lat' dir='ltr'><strong>leonis</strong></span> <span class='ocrx_word' id='word_1_503' title='bbox 3241 2805 3456 2874; x_wconf 79' lang='lat' dir='ltr'><strong>injicis?</strong></span> <span class='ocrx_word' id='word_1_504' title='bbox 3476 2802 3620 2859; x_wconf 83' lang='lat' dir='ltr'><strong>For-</strong></span> 
     </span>
    </p>
   </div>
   <div class='ocr_carea' id='block_1_67' title="bbox 2047 2893 3616 2979">
    <p class='ocr_par' dir='ltr' id='par_1_67' title="bbox 2047 2893 3616 2979">
     <span class='ocr_line' id='line_1_67' title="bbox 2047 2893 3616 2979; baseline -0.015 -10"><span class='ocrx_word' id='word_1_505' title='bbox 2047 2915 2236 2979; x_wconf 86' lang='lat' dir='ltr'><strong>midat,</strong></span> <span class='ocrx_word' id='word_1_506' title='bbox 2281 2922 2336 2967; x_wconf 92' lang='lat' dir='ltr'><strong>et</strong></span> <span class='ocrx_word' id='word_1_507' title='bbox 2386 2912 2500 2965; x_wconf 73' lang='lat' dir='ltr'><strong>hzec</strong></span> <span class='ocrx_word' id='word_1_508' title='bbox 2538 2908 2684 2962; x_wconf 81' lang='lat' dir='ltr'><strong>fatur</strong></span> <span class='ocrx_word' id='word_1_509' title='bbox 2724 2915 2782 2965; x_wconf 89' lang='lat' dir='ltr'><strong>ut</strong></span> <span class='ocrx_word' id='word_1_510' title='bbox 2831 2904 3108 2958; x_wconf 87' lang='lat' dir='ltr'><strong>discamus</strong></span> <span class='ocrx_word' id='word_1_511' title='bbox 3156 2896 3469 2954; x_wconf 90' lang='lat' dir='ltr'><strong>omnimodo</strong></span> <span class='ocrx_word' id='word_1_512' title='bbox 3512 2893 3616 2947; x_wconf 85' lang='lat' dir='ltr'><strong>viri</strong></span> 
     </span>
    </p>
   </div>
   <div class='ocr_carea' id='block_1_68' title="bbox 2045 2982 3618 3069">
    <p class='ocr_par' dir='ltr' id='par_1_68' title="bbox 2045 2982 3618 3069">
     <span class='ocr_line' id='line_1_68' title="bbox 2045 2982 3618 3069; baseline -0.015 -10"><span class='ocrx_word' id='word_1_513' title='bbox 2045 3006 2338 3069; x_wconf 88' lang='lat' dir='ltr'><strong>virtutem;</strong></span> <span class='ocrx_word' id='word_1_514' title='bbox 2386 3012 2620 3069; x_wconf 83' lang='lat' dir='ltr'><strong>namque</strong></span> <span class='ocrx_word' id='word_1_515' title='bbox 2675 3011 2704 3049; x_wconf 91' lang='lat' dir='ltr'><strong>a</strong></span> <span class='ocrx_word' id='word_1_516' title='bbox 2749 2993 2950 3048; x_wconf 73' lang='lat' dir='ltr'><strong>Judaeis</strong></span> <span class='ocrx_word' id='word_1_517' title='bbox 2995 2990 3110 3046; x_wconf 74' lang='lat' dir='ltr'><strong>haec</strong></span> <span class='ocrx_word' id='word_1_518' title='bbox 3153 2988 3426 3050; x_wconf 88' lang='lat' dir='ltr'><strong>dicantur,</strong></span> <span class='ocrx_word' id='word_1_519' title='bbox 3478 2982 3618 3037; x_wconf 85' lang='lat' dir='ltr'><strong>nihil</strong></span> 
     </span>
    </p>
   </div>
   <div class='ocr_carea' id='block_1_69' title="bbox 2055 3074 3616 3163">
    <p class='ocr_par' dir='ltr' id='par_1_69' title="bbox 2055 3074 3616 3163">
     <span class='ocr_line' id='line_1_69' title="bbox 2055 3074 3616 3163; baseline -0.016 -13"><span class='ocrx_word' id='word_1_520' title='bbox 2055 3096 2289 3159; x_wconf 90' lang='lat' dir='ltr'><strong>mirum;</strong></span> <span class='ocrx_word' id='word_1_521' title='bbox 2320 3094 2460 3163; x_wconf 91' lang='lat' dir='ltr'><strong>quod</strong></span> <span class='ocrx_word' id='word_1_522' title='bbox 2506 3104 2632 3144; x_wconf 89' lang='lat' dir='ltr'><strong>vero</strong></span> <span class='ocrx_word' id='word_1_523' title='bbox 2659 3086 2733 3141; x_wconf 91' lang='lat' dir='ltr'><strong>illi</strong></span> <span class='ocrx_word' id='word_1_524' title='bbox 2782 3084 2860 3139; x_wconf 91' lang='lat' dir='ltr'><strong>sic</strong></span> <span class='ocrx_word' id='word_1_525' title='bbox 2904 3083 3151 3146; x_wconf 88' lang='lat' dir='ltr'><strong>timeant,</strong></span> <span class='ocrx_word' id='word_1_526' title='bbox 3201 3077 3496 3132; x_wconf 78' lang='lat' dir='ltr'><strong>maximum</strong></span> <span class='ocrx_word' id='word_1_527' title='bbox 3538 3074 3616 3128; x_wconf 84' lang='lat' dir='ltr'><strong>si—</strong></span> 
     </span>
    </p>
   </div>
   <div class='ocr_carea' id='block_1_70' title="bbox 2049 3170 3619 3261">
    <p class='ocr_par' dir='ltr' id='par_1_70' title="bbox 2049 3170 3619 3261">
     <span class='ocr_line' id='line_1_70' title="bbox 2049 3170 3619 3261; baseline -0.014 -17"><span class='ocrx_word' id='word_1_528' title='bbox 2049 3204 2211 3261; x_wconf 76' lang='lat' dir='ltr'><strong>gnum</strong></span> <span class='ocrx_word' id='word_1_529' title='bbox 2247 3185 2484 3251; x_wconf 88' lang='lat' dir='ltr'><strong>ostendit</strong></span> <span class='ocrx_word' id='word_1_530' title='bbox 2528 3181 2623 3236; x_wconf 91' lang='lat' dir='ltr'><strong>Dei</strong></span> <span class='ocrx_word' id='word_1_531' title='bbox 2654 3178 2900 3242; x_wconf 88' lang='lat' dir='ltr'><strong>virtutis;</strong></span> <span class='ocrx_word' id='word_1_532' title='bbox 2931 3183 2985 3230; x_wconf 90' lang='lat' dir='ltr'><strong>et</strong></span> <span class='ocrx_word' id='word_1_533' title='bbox 3016 3174 3179 3228; x_wconf 90' lang='lat' dir='ltr'><strong>timor</strong></span> <span class='ocrx_word' id='word_1_534' title='bbox 3205 3170 3534 3261; x_wconf 80' lang='lat' dir='ltr'><strong>ostenditur,</strong></span> <span class='ocrx_word' id='word_1_535' title='bbox 3565 3176 3619 3223; x_wconf 92' lang='lat' dir='ltr'><strong>et</strong></span> 
     </span>
    </p>
   </div>
   <div class='ocr_carea' id='block_1_71' title="bbox 2020 3260 3618 3351">
    <p class='ocr_par' dir='ltr' id='par_1_71' title="bbox 2020 3260 3618 3351">
     <span class='ocr_line' id='line_1_71' title="bbox 2020 3260 3618 3351; baseline -0.013 -16"><span class='ocrx_word' id='word_1_536' title='bbox 2020 3260 2441 3351; x_wconf 9' lang='lat' dir='ltr'><strong>robtemperatio</strong></span> <span class='ocrx_word' id='word_1_537' title='bbox 2502 3271 2694 3327; x_wconf 89' lang='lat' dir='ltr'><strong>timore</strong></span> <span class='ocrx_word' id='word_1_538' title='bbox 2752 3267 2963 3338; x_wconf 86' lang='lat' dir='ltr'><strong>major;</strong></span> <span class='ocrx_word' id='word_1_539' title='bbox 3024 3278 3158 3320; x_wconf 87' lang='lat' dir='ltr'><strong>sane</strong></span> <span class='ocrx_word' id='word_1_540' title='bbox 3218 3263 3363 3318; x_wconf 87' lang='lat' dir='ltr'><strong>enim</strong></span> <span class='ocrx_word' id='word_1_541' title='bbox 3419 3260 3618 3314; x_wconf 89' lang='lat' dir='ltr'><strong>virtute</strong></span> 
     </span>
    </p>
   </div>
   <div class='ocr_carea' id='block_1_72' title="bbox 2045 3376 2340 3441">
    <p class='ocr_par' dir='ltr' id='par_1_72' title="bbox 2045 3376 2340 3441">
     <span class='ocr_line' id='line_1_72' title="bbox 2045 3376 2340 3441; baseline -0.017 -16"><span class='ocrx_word' id='word_1_542' title='bbox 2045 3384 2179 3441; x_wconf 83' lang='lat' dir='ltr'><strong>Opus</strong></span> <span class='ocrx_word' id='word_1_543' title='bbox 2201 3376 2340 3423; x_wconf 90' lang='lat' dir='ltr'><strong>erat.</strong></span> 
     </span>
    </p>
   </div>
   <div class='ocr_carea' id='block_1_73' title="bbox 2118 3543 3615 3623">
    <p class='ocr_par' dir='ltr' id='par_1_73' title="bbox 2118 3543 3615 3623">
     <span class='ocr_line' id='line_1_73' title="bbox 2118 3543 3615 3623; baseline -0.017 0"><span class='ocrx_word' id='word_1_544' title='bbox 2118 3567 2285 3623; x_wconf 76' lang='lat' dir='ltr'><strong>Vens.</strong></span> <span class='ocrx_word' id='word_1_545' title='bbox 2316 3565 2405 3621; x_wconf 84' lang='lat' dir='ltr'><strong>l5.</strong></span> <span class='ocrx_word' id='word_1_546' title='bbox 2448 3580 2467 3615; x_wconf 77' lang='grc' dir='ltr'><strong>ι</strong></span> <span class='ocrx_word' id='word_1_547' title='bbox 2497 3562 2643 3619; x_wconf 80' lang='lat' dir='ltr'><strong>Dixit</strong></span> <span class='ocrx_word' id='word_1_548' title='bbox 2668 3567 2845 3614; x_wconf 90' lang='lat' dir='ltr'><strong>autem</strong></span> <span class='ocrx_word' id='word_1_549' title='bbox 2874 3556 2941 3611; x_wconf 88' lang='lat' dir='ltr'><strong>ad</strong></span> <span class='ocrx_word' id='word_1_550' title='bbox 2967 3568 3090 3611; x_wconf 91' lang='lat' dir='ltr'><strong>eum</strong></span> <span class='ocrx_word' id='word_1_551' title='bbox 3117 3550 3413 3608; x_wconf 85' lang='lat' dir='ltr'><strong>Dominus:</strong></span> <span class='ocrx_word' id='word_1_552' title='bbox 3441 3543 3615 3609; x_wconf 71' lang='lat' dir='ltr'><strong>Vade,</strong></span> 
     </span>
    </p>
   </div>
   <div class='ocr_carea' id='block_1_74' title="bbox 2046 3645 3614 3730">
    <p class='ocr_par' dir='ltr' id='par_1_74' title="bbox 2046 3645 3614 3730">
     <span class='ocr_line' id='line_1_74' title="bbox 2046 3645 3614 3730; baseline -0.015 -15"><span class='ocrx_word' id='word_1_553' title='bbox 2046 3661 2304 3730; x_wconf 86' lang='lat' dir='ltr'><strong>quoniam</strong></span> <span class='ocrx_word' id='word_1_554' title='bbox 2337 3671 2435 3711; x_wconf 88' lang='lat' dir='ltr'><strong>vas</strong></span> <span class='ocrx_word' id='word_1_555' title='bbox 2462 3652 2745 3710; x_wconf 90' lang='lat' dir='ltr'><strong>electionis</strong></span> <span class='ocrx_word' id='word_1_556' title='bbox 2779 3659 2865 3706; x_wconf 89' lang='lat' dir='ltr'><strong>est</strong></span> <span class='ocrx_word' id='word_1_557' title='bbox 2906 3647 3039 3703; x_wconf 91' lang='lat' dir='ltr'><strong>mihi</strong></span> <span class='ocrx_word' id='word_1_558' title='bbox 3073 3645 3188 3715; x_wconf 76' lang='lat' dir='ltr'><strong>iste</strong></span> <span class='ocrx_word' id='word_1_559' title='bbox 3222 3651 3281 3697; x_wconf 93' lang='lat' dir='ltr'><strong>ut</strong></span> <span class='ocrx_word' id='word_1_560' title='bbox 3307 3646 3614 3730; x_wconf 68' lang='lat' dir='ltr'><strong>portetno-</strong></span> 
     </span>
    </p>
   </div>
   <div class='ocr_carea' id='block_1_75' title="bbox 2044 3725 3614 3810">
    <p class='ocr_par' dir='ltr' id='par_1_75' title="bbox 2044 3725 3614 3810">
     <span class='ocr_line' id='line_1_75' title="bbox 2044 3725 3614 3810; baseline -0.017 -4"><span class='ocrx_word' id='word_1_561' title='bbox 2044 3725 2168 3806; x_wconf 81' lang='lat' dir='ltr'><strong>men</strong></span> <span class='ocrx_word' id='word_1_562' title='bbox 2229 3761 2408 3802; x_wconf 89' lang='lat' dir='ltr'><strong>meum</strong></span> <span class='ocrx_word' id='word_1_563' title='bbox 2472 3758 2658 3800; x_wconf 87' lang='lat' dir='ltr'><strong>coram</strong></span> <span class='ocrx_word' id='word_1_564' title='bbox 2701 3741 2950 3810; x_wconf 77' lang='lat' dir='ltr'><strong>gentibus</strong></span> <span class='ocrx_word' id='word_1_565' title='bbox 3006 3743 3061 3792; x_wconf 89' lang='lat' dir='ltr'><strong>et</strong></span> <span class='ocrx_word' id='word_1_566' title='bbox 3106 3733 3325 3805; x_wconf 77' lang='lat' dir='ltr'><strong>regibus</strong></span> <span class='ocrx_word' id='word_1_567' title='bbox 3391 3738 3446 3784; x_wconf 90' lang='lat' dir='ltr'><strong>et</strong></span> <span class='ocrx_word' id='word_1_568' title='bbox 3487 3725 3614 3782; x_wconf 84' lang='lat' dir='ltr'><strong>ﬁliis</strong></span> 
     </span>
    </p>
   </div>
   <div class='ocr_carea' id='block_1_76' title="bbox 2046 3839 2292 3895">
    <p class='ocr_par' dir='ltr' id='par_1_76' title="bbox 2046 3839 2292 3895">
     <span class='ocr_line' id='line_1_76' title="bbox 2046 3839 2292 3895; baseline -0.02 0"><span class='ocrx_word' id='word_1_569' title='bbox 2046 3839 2230 3895; x_wconf 87' lang='lat' dir='ltr'><strong>Israel.</strong></span> <span class='ocrx_word' id='word_1_570' title='bbox 2271 3856 2292 3890; x_wconf 68' lang='grc' dir='ltr'><strong>ι</strong></span> 
     </span>
    </p>
   </div>
   <div class='ocr_carea' id='block_1_77' title="bbox 2115 3928 3615 4007">
    <p class='ocr_par' dir='ltr' id='par_1_77' title="bbox 2115 3928 3615 4007">
     <span class='ocr_line' id='line_1_77' title="bbox 2115 3928 3615 4007; baseline -0.018 0"><span class='ocrx_word' id='word_1_571' title='bbox 2115 3950 2466 4007; x_wconf 79' lang='lat' dir='ltr'><strong>Abundanter</strong></span> <span class='ocrx_word' id='word_1_572' title='bbox 2498 3944 2746 3998; x_wconf 89' lang='lat' dir='ltr'><strong>timorem</strong></span> <span class='ocrx_word' id='word_1_573' title='bbox 2772 3937 3033 4001; x_wconf 77' lang='lat' dir='ltr'><strong>excussit,</strong></span> <span class='ocrx_word' id='word_1_574' title='bbox 3075 3935 3118 3991; x_wconf 91' lang='lat' dir='ltr'><strong>si</strong></span> <span class='ocrx_word' id='word_1_575' title='bbox 3156 3943 3335 3988; x_wconf 91' lang='lat' dir='ltr'><strong>tamen</strong></span> <span class='ocrx_word' id='word_1_576' title='bbox 3362 3930 3443 3987; x_wconf 88' lang='lat' dir='ltr'><strong>sic</strong></span> <span class='ocrx_word' id='word_1_577' title='bbox 3470 3928 3615 3982; x_wconf 77' lang='lat' dir='ltr'><strong>futu-</strong></span> 
     </span>
    </p>
   </div>
   <div class='ocr_carea' id='block_1_78' title="bbox 2047 4017 3613 4111">
    <p class='ocr_par' dir='ltr' id='par_1_78' title="bbox 2047 4017 3613 4111">
     <span class='ocr_line' id='line_1_78' title="bbox 2047 4017 3613 4111; baseline -0.021 -9"><span class='ocrx_word' id='word_1_578' title='bbox 2047 4062 2142 4102; x_wconf 87' lang='lat' dir='ltr'><strong>rus</strong></span> <span class='ocrx_word' id='word_1_579' title='bbox 2170 4051 2255 4099; x_wconf 91' lang='lat' dir='ltr'><strong>est</strong></span> <span class='ocrx_word' id='word_1_580' title='bbox 2283 4041 2486 4111; x_wconf 91' lang='lat' dir='ltr'><strong>optime</strong></span> <span class='ocrx_word' id='word_1_581' title='bbox 2531 4034 2810 4091; x_wconf 88' lang='lat' dir='ltr'><strong>nobiscum</strong></span> <span class='ocrx_word' id='word_1_582' title='bbox 2855 4028 3116 4099; x_wconf 76' lang='lat' dir='ltr'><strong>cogitare,</strong></span> <span class='ocrx_word' id='word_1_583' title='bbox 3156 4025 3298 4079; x_wconf 88' lang='lat' dir='ltr'><strong>sicut</strong></span> <span class='ocrx_word' id='word_1_584' title='bbox 3341 4028 3396 4076; x_wconf 87' lang='lat' dir='ltr'><strong>et</strong></span> <span class='ocrx_word' id='word_1_585' title='bbox 3443 4017 3613 4072; x_wconf 89' lang='lat' dir='ltr'><strong>multa</strong></span> 
     </span>
    </p>
   </div>
   <div class='ocr_carea' id='block_1_79' title="bbox 2045 4117 3613 4213">
    <p class='ocr_par' dir='ltr' id='par_1_79' title="bbox 2045 4117 3613 4213">
     <span class='ocr_line' id='line_1_79' title="bbox 2045 4117 3613 4213; baseline -0.023 -17"><span class='ocrx_word' id='word_1_586' title='bbox 2045 4139 2177 4213; x_wconf 91' lang='lat' dir='ltr'><strong>pati.</strong></span> <span class='ocrx_word' id='word_1_587' title='bbox 2210 4137 2315 4192; x_wconf 80' lang='lat' dir='ltr'><strong>Vas</strong></span> <span class='ocrx_word' id='word_1_588' title='bbox 2351 4145 2485 4188; x_wconf 88' lang='lat' dir='ltr'><strong>vero</strong></span> <span class='ocrx_word' id='word_1_589' title='bbox 2529 4136 2678 4184; x_wconf 84' lang='lat' dir='ltr'><strong>recte</strong></span> <span class='ocrx_word' id='word_1_590' title='bbox 2711 4130 2955 4187; x_wconf 84' lang='lat' dir='ltr'><strong>vocatur,</strong></span> <span class='ocrx_word' id='word_1_591' title='bbox 2997 4117 3316 4213; x_wconf 76' lang='lat' dir='ltr'><strong>ostendente</strong></span> <span class='ocrx_word' id='word_1_592' title='bbox 3359 4120 3613 4213; x_wconf 67' lang='lat' dir='ltr'><strong>sermone</strong></span> 
     </span>
    </p>
   </div>
   <div class='ocr_carea' id='block_1_80' title="bbox 377 4197 1942 4301">
    <p class='ocr_par' dir='ltr' id='par_1_80' title="bbox 377 4218 1940 4294">
     <span class='ocr_line' id='line_1_80' title="bbox 377 4218 1940 4294; baseline 0.004 -24"><span class='ocrx_word' id='word_1_593' title='bbox 377 4219 602 4282; x_wconf 89' lang='grc' dir='ltr'>κνύντος</span> <span class='ocrx_word' id='word_1_594' title='bbox 639 4218 733 4272; x_wconf 88' lang='grc' dir='ltr'><strong>τοῦ</strong></span> <span class='ocrx_word' id='word_1_595' title='bbox 783 4219 940 4288; x_wconf 83' lang='grc' dir='ltr'>λόγου</span> <span class='ocrx_word' id='word_1_596' title='bbox 993 4220 1069 4283; x_wconf 84' lang='grc' dir='ltr'>ὡς</span> <span class='ocrx_word' id='word_1_597' title='bbox 1124 4220 1224 4273; x_wconf 74' lang='grc' dir='ltr'><strong>οὐκ</strong></span> <span class='ocrx_word' id='word_1_598' title='bbox 1259 4220 1374 4274; x_wconf 81' lang='grc' dir='ltr'>ἔστι</span> <span class='ocrx_word' id='word_1_599' title='bbox 1412 4222 1616 4293; x_wconf 86' lang='grc' dir='ltr'>φυσικὴ</span> <span class='ocrx_word' id='word_1_600' title='bbox 1658 4224 1691 4294; x_wconf 78' lang='grc' dir='ltr'>ἡ</span> <span class='ocrx_word' id='word_1_601' title='bbox 1751 4222 1940 4277; x_wconf 86' lang='grc' dir='ltr'>κακία.</span> 
     </span>
    </p>
   </div>
   <div class='ocr_carea' id='block_1_81' title="bbox 2046 4197 3608 4301">
    <p class='ocr_par' dir='ltr' id='par_1_81' title="bbox 2046 4197 3608 4301">
     <span class='ocr_line' id='line_1_81' title="bbox 2046 4197 3608 4301; baseline -0.025 -16"><span class='ocrx_word' id='word_1_602' title='bbox 2046 4197 2185 4301; x_wconf 71' lang='lat' dir='ltr'><strong>quod</strong></span> <span class='ocrx_word' id='word_1_603' title='bbox 2210 4242 2315 4282; x_wconf 93' lang='lat' dir='ltr'><strong>non</strong></span> <span class='ocrx_word' id='word_1_604' title='bbox 2340 4233 2426 4279; x_wconf 85' lang='lat' dir='ltr'><strong>est</strong></span> <span class='ocrx_word' id='word_1_605' title='bbox 2464 4215 2727 4275; x_wconf 86' lang='lat' dir='ltr'><strong>naturalis</strong></span> <span class='ocrx_word' id='word_1_606' title='bbox 2755 4207 3144 4301; x_wconf 58' lang='lat' dir='ltr'><strong>malitia.__Vas,</strong></span> <span class='ocrx_word' id='word_1_607' title='bbox 3170 4200 3364 4271; x_wconf 91' lang='lat' dir='ltr'><strong>inquit,</strong></span> <span class='ocrx_word' id='word_1_608' title='bbox 3384 4197 3608 4301; x_wconf 58' lang='lat' dir='ltr'><strong>electio:</strong></span> 
     </span>
    </p>
   </div>
   <div class='ocr_carea' id='block_1_82' title="bbox 377 4294 1942 4390">
    <p class='ocr_par' dir='ltr' id='par_1_82' title="bbox 377 4311 1941 4387">
     <span class='ocr_line' id='line_1_82' title="bbox 377 4311 1941 4387; baseline 0.003 -21"><span class='ocrx_word' id='word_1_609' title='bbox 377 4311 624 4377; x_wconf 68' lang='grc' dir='ltr'>Σκεῦας,</span> <span class='ocrx_word' id='word_1_610' title='bbox 654 4312 838 4383; x_wconf 74' lang='grc' dir='ltr'>φησὶν,</span> <span class='ocrx_word' id='word_1_611' title='bbox 873 4311 1129 4382; x_wconf 76' lang='grc' dir='ltr'>ἐκλογῆς</span> <span class='ocrx_word' id='word_1_612' title='bbox 1156 4329 1170 4344; x_wconf 92' lang='grc'><strong>·</strong></span> <span class='ocrx_word' id='word_1_613' title='bbox 1206 4312 1265 4366; x_wconf 85' lang='grc' dir='ltr'><strong>τὸ</strong></span> <span class='ocrx_word' id='word_1_614' title='bbox 1296 4314 1518 4384; x_wconf 84' lang='grc' dir='ltr'>δόκιμον</span> <span class='ocrx_word' id='word_1_615' title='bbox 1561 4316 1667 4387; x_wconf 76' lang='grc' dir='ltr'>γὰρ</span> <span class='ocrx_word' id='word_1_616' title='bbox 1717 4316 1941 4386; x_wconf 87' lang='grc' dir='ltr'>ἐκλεγό-</span> 
     </span>
    </p>
   </div>
   <div class='ocr_carea' id='block_1_83' title="bbox 2046 4294 3606 4390">
    <p class='ocr_par' dir='ltr' id='par_1_83' title="bbox 2046 4294 3606 4390">
     <span class='ocr_line' id='line_1_83' title="bbox 2046 4294 3606 4390; baseline -0.022 -17"><span class='ocrx_word' id='word_1_617' title='bbox 2046 4294 2125 4372; x_wconf 71' lang='lat' dir='ltr'><strong>nis</strong></span> <span class='ocrx_word' id='word_1_618' title='bbox 2158 4330 2176 4369; x_wconf 91' lang='lat'><strong><em>:</em></strong></span> <span class='ocrx_word' id='word_1_619' title='bbox 2205 4313 2486 4385; x_wconf 87' lang='lat' dir='ltr'><strong>probatum</strong></span> <span class='ocrx_word' id='word_1_620' title='bbox 2518 4307 2661 4362; x_wconf 90' lang='lat' dir='ltr'><strong>enim</strong></span> <span class='ocrx_word' id='word_1_621' title='bbox 2696 4301 2962 4371; x_wconf 81' lang='lat' dir='ltr'><strong>eligimus.</strong></span> <span class='ocrx_word' id='word_1_622' title='bbox 2994 4294 3072 4349; x_wconf 82' lang='lat' dir='ltr'><strong>Ne</strong></span> <span class='ocrx_word' id='word_1_623' title='bbox 3098 4301 3279 4347; x_wconf 89' lang='lat' dir='ltr'><strong>autem</strong></span> <span class='ocrx_word' id='word_1_624' title='bbox 3306 4295 3460 4390; x_wconf 67' lang='lat' dir='ltr'><strong>putet</strong></span> <span class='ocrx_word' id='word_1_625' title='bbox 3483 4294 3606 4353; x_wconf 80' lang='lat' dir='ltr'><strong>quis</strong></span> 
     </span>
    </p>
   </div>
   <div class='ocr_carea' id='block_1_84' title="bbox 372 4379 1942 4481">
    <p class='ocr_par' dir='ltr' id='par_1_84' title="bbox 372 4379 1942 4478">
     <span class='ocr_line' id='line_1_84' title="bbox 372 4379 1942 4478; baseline 0.005 -25"><span class='ocrx_word' id='word_1_626' title='bbox 372 4402 537 4474; x_wconf 85' lang='grc' dir='ltr'>μεθα.</span> <span class='ocrx_word' id='word_1_627' title='bbox 575 4379 726 4472; x_wconf 79' lang='grc' dir='ltr'>Μηδέ</span> <span class='ocrx_word' id='word_1_628' title='bbox 754 4403 951 4474; x_wconf 87' lang='grc' dir='ltr'>νομίσῃ</span> <span class='ocrx_word' id='word_1_629' title='bbox 989 4379 1187 4466; x_wconf 74' lang='grc' dir='ltr'>τιςὸτι</span> <span class='ocrx_word' id='word_1_630' title='bbox 1220 4379 1468 4458; x_wconf 68' lang='grc' dir='ltr'>ἀπιστῶν</span> <span class='ocrx_word' id='word_1_631' title='bbox 1496 4379 1610 4468; x_wconf 73' lang='grc' dir='ltr'>τοῖς</span> <span class='ocrx_word' id='word_1_632' title='bbox 1626 4379 1942 4478; x_wconf 72' lang='grc' dir='ltr'>λεγομένοις</span> 
     </span>
    </p>
   </div>
   <div class='ocr_carea' id='block_1_85' title="bbox 2046 4379 3611 4481">
    <p class='ocr_par' dir='ltr' id='par_1_85' title="bbox 2046 4379 3611 4481">
     <span class='ocr_line' id='line_1_85' title="bbox 2046 4379 3611 4481; baseline -0.024 -16"><span class='ocrx_word' id='word_1_633' title='bbox 2046 4402 2185 4481; x_wconf 70' lang='grc' dir='ltr'><strong><em>ἶνιοά</em></strong></span> <span class='ocrx_word' id='word_1_634' title='bbox 2205 4379 2376 4462; x_wconf 62' lang='grc' dir='ltr'>οἰοιίε</span> <span class='ocrx_word' id='word_1_635' title='bbox 2410 4397 2718 4456; x_wconf 89' lang='lat' dir='ltr'><strong>incredulus</strong></span> <span class='ocrx_word' id='word_1_636' title='bbox 2746 4396 2859 4449; x_wconf 66' lang='lat' dir='ltr'><strong>haec</strong></span> <span class='ocrx_word' id='word_1_637' title='bbox 2886 4391 3156 4458; x_wconf 89' lang='lat' dir='ltr'><strong>loquatur,</strong></span> <span class='ocrx_word' id='word_1_638' title='bbox 3200 4397 3306 4436; x_wconf 91' lang='lat' dir='ltr'><strong>non</strong></span> <span class='ocrx_word' id='word_1_639' title='bbox 3332 4379 3611 4481; x_wconf 71' lang='lat' dir='ltr'><strong>Christum</strong></span> 
     </span>
    </p>
   </div>
   <div class='ocr_carea' id='block_1_86' title="bbox 372 4469 1942 4568">
    <p class='ocr_par' dir='ltr' id='par_1_86' title="bbox 372 4469 1934 4568">
     <span class='ocr_line' id='line_1_86' title="bbox 372 4469 1934 4568; baseline 0.007 -27"><span class='ocrx_word' id='word_1_640' title='bbox 372 4469 546 4545; x_wconf 65' lang='grc' dir='ltr'>ταῦτά</span> <span class='ocrx_word' id='word_1_641' title='bbox 568 4469 753 4562; x_wconf 83' lang='grc' dir='ltr'>φησιν,</span> <span class='ocrx_word' id='word_1_642' title='bbox 786 4469 906 4547; x_wconf 77' lang='grc' dir='ltr'><strong>ούδέ</strong></span> <span class='ocrx_word' id='word_1_643' title='bbox 925 4469 1253 4565; x_wconf 56' lang='grc' dir='ltr'>ἠπατῆσθαι</span> <span class='ocrx_word' id='word_1_644' title='bbox 1282 4495 1517 4565; x_wconf 78' lang='grc' dir='ltr'>νομίζων</span> <span class='ocrx_word' id='word_1_645' title='bbox 1539 4497 1629 4551; x_wconf 85' lang='grc' dir='ltr'><strong>τὸν</strong></span> <span class='ocrx_word' id='word_1_646' title='bbox 1649 4469 1889 4568; x_wconf 75' lang='grc' dir='ltr'>Χριστόν</span> <span class='ocrx_word' id='word_1_647' title='bbox 1916 4469 1934 4530; x_wconf 50' lang='grc' dir='ltr'><strong>ί</strong></span> 
     </span>
    </p>
   </div>
   <div class='ocr_carea' id='block_1_87' title="bbox 2046 4469 3610 4568">
    <p class='ocr_par' dir='ltr' id='par_1_87' title="bbox 2046 4469 3610 4568">
     <span class='ocr_line' id='line_1_87' title="bbox 2046 4469 3610 4568; baseline -0.024 -10"><span class='ocrx_word' id='word_1_648' title='bbox 2046 4469 2225 4558; x_wconf 70' lang='lat' dir='ltr'><strong>fallere</strong></span> <span class='ocrx_word' id='word_1_649' title='bbox 2257 4498 2561 4560; x_wconf 88' lang='lat' dir='ltr'><strong>arbitrans;</strong></span> <span class='ocrx_word' id='word_1_650' title='bbox 2591 4489 2732 4545; x_wconf 86' lang='lat' dir='ltr'><strong>absit</strong></span> <span class='ocrx_word' id='word_1_651' title='bbox 2768 4506 2783 4541; x_wconf 91' lang='lat'><strong>:</strong></span> <span class='ocrx_word' id='word_1_652' title='bbox 2818 4486 2915 4540; x_wconf 90' lang='lat' dir='ltr'><strong>sed</strong></span> <span class='ocrx_word' id='word_1_653' title='bbox 2941 4482 3138 4536; x_wconf 89' lang='lat' dir='ltr'><strong>timens</strong></span> <span class='ocrx_word' id='word_1_654' title='bbox 3168 4483 3223 4531; x_wconf 84' lang='lat' dir='ltr'><strong>et</strong></span> <span class='ocrx_word' id='word_1_655' title='bbox 3261 4482 3502 4568; x_wconf 65' lang='lat' dir='ltr'><strong>tremens</strong></span> <span class='ocrx_word' id='word_1_656' title='bbox 3530 4469 3610 4522; x_wconf 83' lang='lat' dir='ltr'><strong>di-</strong></span> 
     </span>
    </p>
   </div>
   <div class='ocr_carea' id='block_1_88' title="bbox 376 4562 1942 4659">
    <p class='ocr_par' dir='ltr' id='par_1_88' title="bbox 376 4562 1928 4659">
     <span class='ocr_line' id='line_1_88' title="bbox 376 4562 1928 4659; baseline 0.005 -23"><span class='ocrx_word' id='word_1_657' title='bbox 376 4582 451 4652; x_wconf 84' lang='grc' dir='ltr'>μὴ</span> <span class='ocrx_word' id='word_1_658' title='bbox 509 4583 754 4651; x_wconf 84' lang='grc' dir='ltr'>γένοιτο·</span> <span class='ocrx_word' id='word_1_659' title='bbox 819 4562 969 4638; x_wconf 13' lang='grc' dir='ltr'>ἀλλ-ἀί</span> <span class='ocrx_word' id='word_1_660' title='bbox 1022 4562 1358 4656; x_wconf 74' lang='grc' dir='ltr'>φοϐούμενος</span> <span class='ocrx_word' id='word_1_661' title='bbox 1406 4589 1500 4640; x_wconf 74' lang='grc' dir='ltr'><strong>καὶ</strong></span> <span class='ocrx_word' id='word_1_662' title='bbox 1530 4562 1772 4659; x_wconf 79' lang='grc' dir='ltr'>τρέμων,</span> <span class='ocrx_word' id='word_1_663' title='bbox 1803 4591 1928 4644; x_wconf 79' lang='grc' dir='ltr'><strong>οὐδέ</strong></span> 
     </span>
    </p>
   </div>
   <div class='ocr_carea' id='block_1_89' title="bbox 2046 4562 3611 4659">
    <p class='ocr_par' dir='ltr' id='par_1_89' title="bbox 2046 4562 3611 4659">
     <span class='ocr_line' id='line_1_89' title="bbox 2046 4562 3611 4659; baseline -0.026 -9"><span class='ocrx_word' id='word_1_664' title='bbox 2046 4594 2144 4650; x_wconf 82' lang='lat' dir='ltr'><strong>rtis</strong></span> <span class='ocrx_word' id='word_1_665' title='bbox 2173 4606 2278 4647; x_wconf 92' lang='lat' dir='ltr'><strong>non</strong></span> <span class='ocrx_word' id='word_1_666' title='bbox 2304 4580 2719 4655; x_wconf 88' lang='lat' dir='ltr'><strong>obtemperavit,</strong></span> <span class='ocrx_word' id='word_1_667' title='bbox 2747 4575 2900 4633; x_wconf 90' lang='lat' dir='ltr'><strong>Pauli</strong></span> <span class='ocrx_word' id='word_1_668' title='bbox 2932 4569 3147 4627; x_wconf 91' lang='lat' dir='ltr'><strong>nomine</strong></span> <span class='ocrx_word' id='word_1_669' title='bbox 3171 4564 3377 4621; x_wconf 86' lang='lat' dir='ltr'><strong>audito.</strong></span> <span class='ocrx_word' id='word_1_670' title='bbox 3409 4562 3611 4659; x_wconf 78' lang='lat' dir='ltr'><strong>Perse-</strong></span> 
     </span>
    </p>
   </div>
   <div class='ocr_carea' id='block_1_90' title="bbox 373 4649 1942 4751">
    <p class='ocr_par' dir='ltr' id='par_1_90' title="bbox 373 4649 1929 4751">
     <span class='ocr_line' id='line_1_90' title="bbox 373 4649 1929 4751; baseline 0.008 -27"><span class='ocrx_word' id='word_1_671' title='bbox 373 4649 628 4745; x_wconf 78' lang='grc' dir='ltr'>προσεῖχε</span> <span class='ocrx_word' id='word_1_672' title='bbox 661 4677 772 4739; x_wconf 88' lang='grc' dir='ltr'>τοῖς</span> <span class='ocrx_word' id='word_1_673' title='bbox 802 4649 1134 4746; x_wconf 81' lang='grc' dir='ltr'>λεγομένοις,</span> <span class='ocrx_word' id='word_1_674' title='bbox 1162 4649 1400 4742; x_wconf 73' lang='grc' dir='ltr'>ἀκούσας</span> <span class='ocrx_word' id='word_1_675' title='bbox 1427 4681 1486 4733; x_wconf 74' lang='grc' dir='ltr'>τὸ</span> <span class='ocrx_word' id='word_1_676' title='bbox 1510 4649 1678 4751; x_wconf 75' lang='grc' dir='ltr'>ὄνομα</span> <span class='ocrx_word' id='word_1_677' title='bbox 1697 4649 1929 4737; x_wconf 86' lang='grc' dir='ltr'>Παύλου.</span> 
     </span>
    </p>
   </div>
   <div class='ocr_carea' id='block_1_91' title="bbox 2046 4649 3609 4751">
    <p class='ocr_par' dir='ltr' id='par_1_91' title="bbox 2046 4649 3609 4747">
     <span class='ocr_line' id='line_1_91' title="bbox 2046 4649 3609 4747; baseline -0.024 -7"><span class='ocrx_word' id='word_1_678' title='bbox 2046 4649 2198 4742; x_wconf 81' lang='lat' dir='ltr'><strong>cutor</strong></span> <span class='ocrx_word' id='word_1_679' title='bbox 2224 4690 2278 4737; x_wconf 91' lang='lat' dir='ltr'><strong>et</strong></span> <span class='ocrx_word' id='word_1_680' title='bbox 2303 4649 2648 4747; x_wconf 78' lang='lat' dir='ltr'><strong>blasphemus</strong></span> <span class='ocrx_word' id='word_1_681' title='bbox 2685 4679 2740 4726; x_wconf 91' lang='lat' dir='ltr'><strong>et</strong></span> <span class='ocrx_word' id='word_1_682' title='bbox 2771 4661 3191 4725; x_wconf 89' lang='lat' dir='ltr'><strong>contumeliosus</strong></span> <span class='ocrx_word' id='word_1_683' title='bbox 3216 4697 3232 4726; x_wconf 93' lang='lat'><strong>,</strong></span> <span class='ocrx_word' id='word_1_684' title='bbox 3259 4665 3437 4726; x_wconf 66' lang='lat' dir='ltr'><strong>praeco</strong></span> <span class='ocrx_word' id='word_1_685' title='bbox 3461 4649 3609 4705; x_wconf 87' lang='lat' dir='ltr'><strong>orbis</strong></span> 
     </span>
    </p>
   </div>
   <div class='ocr_carea' id='block_1_92' title="bbox 383 4764 1942 4846">
    <p class='ocr_par' dir='ltr' id='par_1_92' title="bbox 383 4764 1936 4846">
     <span class='ocr_line' id='line_1_92' title="bbox 383 4764 1936 4846; baseline 0.006 -29"><span class='ocrx_word' id='word_1_686' title='bbox 383 4764 444 4817; x_wconf 80' lang='lat'><strong>&#39;0</strong></span> <span class='ocrx_word' id='word_1_687' title='bbox 485 4765 719 4836; x_wconf 83' lang='grc' dir='ltr'>διώκτης</span> <span class='ocrx_word' id='word_1_688' title='bbox 762 4769 855 4821; x_wconf 73' lang='grc' dir='ltr'>καὶ</span> <span class='ocrx_word' id='word_1_689' title='bbox 905 4767 1225 4839; x_wconf 84' lang='grc' dir='ltr'>βλάσφημος</span> <span class='ocrx_word' id='word_1_690' title='bbox 1276 4771 1370 4825; x_wconf 70' lang='grc' dir='ltr'><strong>καὶ</strong></span> <span class='ocrx_word' id='word_1_691' title='bbox 1424 4771 1726 4845; x_wconf 81' lang='grc' dir='ltr'>ὑϐριστὴς,</span> <span class='ocrx_word' id='word_1_692' title='bbox 1760 4775 1936 4846; x_wconf 78' lang='grc' dir='ltr'>κῆρυξ</span> 
     </span>
    </p>
   </div>
   <div class='ocr_carea' id='block_1_93' title="bbox 2046 4764 2442 4846">
    <p class='ocr_par' dir='ltr' id='par_1_93' title="bbox 2046 4774 2442 4831">
     <span class='ocr_line' id='line_1_93' title="bbox 2046 4774 2442 4831; baseline -0.013 -1"><span class='ocrx_word' id='word_1_693' title='bbox 2046 4774 2442 4831; x_wconf 81' lang='lat' dir='ltr'><strong>manifestatur.</strong></span> 
     </span>
    </p>
   </div>
   <div class='ocr_carea' id='block_1_94' title="bbox 371 4857 1257 4929">
    <p class='ocr_par' dir='ltr' id='par_1_94' title="bbox 371 4857 1257 4929">
     <span class='ocr_line' id='line_1_94' title="bbox 371 4857 1257 4929; baseline 0.007 -19"><span class='ocrx_word' id='word_1_694' title='bbox 371 4857 473 4926; x_wconf 79' lang='grc' dir='ltr'>τῆς</span> <span class='ocrx_word' id='word_1_695' title='bbox 503 4859 827 4929; x_wconf 81' lang='grc' dir='ltr'>οἰκουμένης</span> <span class='ocrx_word' id='word_1_696' title='bbox 852 4861 1257 4916; x_wconf 85' lang='grc' dir='ltr'>ἀποδείκνυται.</span> 
     </span>
    </p>
   </div>
   <div class='ocr_carea' id='block_1_95' title="bbox 449 4942 1930 5027">
    <p class='ocr_par' dir='ltr' id='par_1_95' title="bbox 449 4942 1930 5027">
     <span class='ocr_line' id='line_1_95' title="bbox 449 4942 1930 5027; baseline 0.007 -25"><span class='ocrx_word' id='word_1_697' title='bbox 449 4971 468 5001; x_wconf 85' lang='grc'><strong>‹</strong></span> <span class='ocrx_word' id='word_1_698' title='bbox 514 4942 687 5004; x_wconf 75' lang='grc' dir='ltr'>Σαοὺλ</span> <span class='ocrx_word' id='word_1_699' title='bbox 711 4952 925 5022; x_wconf 82' lang='grc' dir='ltr'>ἀδελφὲ,</span> <span class='ocrx_word' id='word_1_700' title='bbox 957 4956 984 5008; x_wconf 88' lang='grc' dir='ltr'>ὁ</span> <span class='ocrx_word' id='word_1_701' title='bbox 1013 4954 1216 5025; x_wconf 84' lang='grc' dir='ltr'>Κύριος</span> <span class='ocrx_word' id='word_1_702' title='bbox 1248 4954 1557 5010; x_wconf 89' lang='grc' dir='ltr'>ἀπέσταλκέ</span> <span class='ocrx_word' id='word_1_703' title='bbox 1588 4974 1656 5027; x_wconf 87' lang='grc' dir='ltr'><strong>με</strong></span> <span class='ocrx_word' id='word_1_704' title='bbox 1702 4958 1930 5027; x_wconf 87' lang='grc' dir='ltr'>Ἰησοῦς,</span> 
     </span>
    </p>
   </div>
   <div class='ocr_carea' id='block_1_96' title="bbox 375 5039 1927 5122">
    <p class='ocr_par' dir='ltr' id='par_1_96' title="bbox 375 5039 1927 5122">
     <span class='ocr_line' id='line_1_96' title="bbox 375 5039 1927 5122; baseline 0.008 -30"><span class='ocrx_word' id='word_1_705' title='bbox 375 5044 403 5098; x_wconf 83' lang='grc' dir='ltr'>ὁ</span> <span class='ocrx_word' id='word_1_706' title='bbox 435 5043 621 5112; x_wconf 85' lang='grc' dir='ltr'>ὀφθείς</span> <span class='ocrx_word' id='word_1_707' title='bbox 656 5062 735 5098; x_wconf 86' lang='grc' dir='ltr'><strong>σοι</strong></span> <span class='ocrx_word' id='word_1_708' title='bbox 767 5046 826 5097; x_wconf 87' lang='grc' dir='ltr'><strong>ἐν</strong></span> <span class='ocrx_word' id='word_1_709' title='bbox 876 5048 942 5117; x_wconf 80' lang='grc' dir='ltr'>τῇ</span> <span class='ocrx_word' id='word_1_710' title='bbox 995 5046 1099 5116; x_wconf 83' lang='grc' dir='ltr'><strong>ὁδῷ</strong></span> <span class='ocrx_word' id='word_1_711' title='bbox 1139 5039 1394 5119; x_wconf 71' lang='grc' dir='ltr'>ᾗῆρχου,</span> <span class='ocrx_word' id='word_1_712' title='bbox 1428 5050 1577 5113; x_wconf 86' lang='grc' dir='ltr'>ὅπως</span> <span class='ocrx_word' id='word_1_713' title='bbox 1615 5049 1927 5122; x_wconf 77' lang='grc' dir='ltr'>ἀναϐλέψῃς</span> 
     </span>
    </p>
   </div>
   <div class='ocr_carea' id='block_1_97' title="bbox 373 5137 1346 5210">
    <p class='ocr_par' dir='ltr' id='par_1_97' title="bbox 373 5137 1346 5210">
     <span class='ocr_line' id='line_1_97' title="bbox 373 5137 1346 5210; baseline 0.003 -19"><span class='ocrx_word' id='word_1_714' title='bbox 373 5137 469 5191; x_wconf 69' lang='grc' dir='ltr'><strong>καὶ</strong></span> <span class='ocrx_word' id='word_1_715' title='bbox 497 5138 741 5209; x_wconf 82' lang='grc' dir='ltr'>πλησθῇς</span> <span class='ocrx_word' id='word_1_716' title='bbox 766 5139 1078 5210; x_wconf 86' lang='grc' dir='ltr'>Πνεύματος</span> <span class='ocrx_word' id='word_1_717' title='bbox 1108 5140 1282 5209; x_wconf 80' lang='grc' dir='ltr'>ἁγίου.</span> <span class='ocrx_word' id='word_1_718' title='bbox 1329 5161 1346 5193; x_wconf 76' lang='grc' dir='ltr'><strong>ι</strong></span> 
     </span>
    </p>
   </div>
   <div class='ocr_carea' id='block_1_98' title="bbox 443 5229 1928 5305">
    <p class='ocr_par' dir='ltr' id='par_1_98' title="bbox 443 5229 1928 5305">
     <span class='ocr_line' id='line_1_98' title="bbox 443 5229 1928 5305; baseline 0.005 -23"><span class='ocrx_word' id='word_1_719' title='bbox 443 5229 553 5282; x_wconf 72' lang='grc' dir='ltr'>Καὶ</span> <span class='ocrx_word' id='word_1_720' title='bbox 579 5233 612 5301; x_wconf 79' lang='grc' dir='ltr'>ἡ</span> <span class='ocrx_word' id='word_1_721' title='bbox 644 5230 786 5294; x_wconf 71' lang='grc' dir='ltr'>ἴασις</span> <span class='ocrx_word' id='word_1_722' title='bbox 813 5230 901 5285; x_wconf 81' lang='grc' dir='ltr'><strong>διὰ</strong></span> <span class='ocrx_word' id='word_1_723' title='bbox 917 5232 1012 5302; x_wconf 80' lang='grc' dir='ltr'>τῆς</span> <span class='ocrx_word' id='word_1_724' title='bbox 1027 5231 1133 5284; x_wconf 85' lang='grc' dir='ltr'><strong>τῶν</strong></span> <span class='ocrx_word' id='word_1_725' title='bbox 1149 5232 1350 5302; x_wconf 83' lang='grc' dir='ltr'>χειρῶν</span> <span class='ocrx_word' id='word_1_726' title='bbox 1375 5233 1672 5299; x_wconf 85' lang='grc' dir='ltr'>ἐπιθέσεως</span> <span class='ocrx_word' id='word_1_727' title='bbox 1700 5234 1928 5305; x_wconf 84' lang='grc' dir='ltr'>γίνεται,</span> 
     </span>
    </p>
   </div>
   <div class='ocr_carea' id='block_1_99' title="bbox 2112 4930 3610 5014">
    <p class='ocr_par' dir='ltr' id='par_1_99' title="bbox 2112 4930 3610 5014">
     <span class='ocr_line' id='line_1_99' title="bbox 2112 4930 3610 5014; baseline -0.023 -1"><span class='ocrx_word' id='word_1_728' title='bbox 2112 4958 2275 5014; x_wconf 76' lang='lat' dir='ltr'><strong>Vens.</strong></span> <span class='ocrx_word' id='word_1_729' title='bbox 2335 4954 2423 5008; x_wconf 82' lang='lat' dir='ltr'><strong>l7.</strong></span> <span class='ocrx_word' id='word_1_730' title='bbox 2468 4948 2679 5005; x_wconf 77' lang='lat' dir='ltr'><strong>«Sanle</strong></span> <span class='ocrx_word' id='word_1_731' title='bbox 2738 4946 2926 5010; x_wconf 78' lang='lat' dir='ltr'><strong>frater,</strong></span> <span class='ocrx_word' id='word_1_732' title='bbox 2999 4937 3257 4996; x_wconf 85' lang='lat' dir='ltr'><strong>Dominus</strong></span> <span class='ocrx_word' id='word_1_733' title='bbox 3312 4930 3461 4987; x_wconf 89' lang='lat' dir='ltr'><strong>misit</strong></span> <span class='ocrx_word' id='word_1_734' title='bbox 3522 4940 3610 4981; x_wconf 90' lang='lat' dir='ltr'><strong>me</strong></span> 
     </span>
    </p>
   </div>
   <div class='ocr_carea' id='block_1_100' title="bbox 2042 5020 3606 5117">
    <p class='ocr_par' dir='ltr' id='par_1_100' title="bbox 2042 5020 3606 5117">
     <span class='ocr_line' id='line_1_100' title="bbox 2042 5020 3606 5117; baseline -0.021 -12"><span class='ocrx_word' id='word_1_735' title='bbox 2042 5050 2197 5106; x_wconf 79' lang='lat' dir='ltr'><strong>Jesus</strong></span> <span class='ocrx_word' id='word_1_736' title='bbox 2220 5045 2310 5117; x_wconf 88' lang='lat' dir='ltr'><strong>qui</strong></span> <span class='ocrx_word' id='word_1_737' title='bbox 2337 5043 2585 5114; x_wconf 88' lang='lat' dir='ltr'><strong>apparuit</strong></span> <span class='ocrx_word' id='word_1_738' title='bbox 2606 5039 2697 5094; x_wconf 88' lang='lat' dir='ltr'><strong>tibi</strong></span> <span class='ocrx_word' id='word_1_739' title='bbox 2730 5038 2783 5093; x_wconf 95' lang='lat' dir='ltr'><strong>in</strong></span> <span class='ocrx_word' id='word_1_740' title='bbox 2810 5036 2898 5089; x_wconf 87' lang='lat' dir='ltr'><strong>via</strong></span> <span class='ocrx_word' id='word_1_741' title='bbox 2921 5046 3028 5103; x_wconf 83' lang='lat' dir='ltr'><strong>qua</strong></span> <span class='ocrx_word' id='word_1_742' title='bbox 3048 5027 3303 5085; x_wconf 82' lang='lat' dir='ltr'><strong>veniebas</strong></span> <span class='ocrx_word' id='word_1_743' title='bbox 3334 5032 3392 5079; x_wconf 92' lang='lat' dir='ltr'><strong>ut</strong></span> <span class='ocrx_word' id='word_1_744' title='bbox 3422 5020 3606 5075; x_wconf 84' lang='lat' dir='ltr'><strong>videas</strong></span> 
     </span>
    </p>
   </div>
   <div class='ocr_carea' id='block_1_101' title="bbox 2045 5133 2946 5209">
    <p class='ocr_par' dir='ltr' id='par_1_101' title="bbox 2045 5133 2946 5209">
     <span class='ocr_line' id='line_1_101' title="bbox 2045 5133 2946 5209; baseline -0.022 -11"><span class='ocrx_word' id='word_1_745' title='bbox 2045 5152 2093 5198; x_wconf 81' lang='lat' dir='ltr'><strong>et</strong></span> <span class='ocrx_word' id='word_1_746' title='bbox 2124 5137 2401 5209; x_wconf 75' lang='lat' dir='ltr'><strong>impleatis</strong></span> <span class='ocrx_word' id='word_1_747' title='bbox 2429 5133 2664 5204; x_wconf 86' lang='lat' dir='ltr'><strong>Spiritus</strong></span> <span class='ocrx_word' id='word_1_748' title='bbox 2690 5137 2897 5184; x_wconf 84' lang='lat' dir='ltr'><strong>sancto.</strong></span> <span class='ocrx_word' id='word_1_749' title='bbox 2926 5143 2946 5177; x_wconf 72' lang='grc' dir='ltr'><strong>ι</strong></span> 
     </span>
    </p>
   </div>
   <div class='ocr_carea' id='block_1_102' title="bbox 2112 5221 3605 5298">
    <p class='ocr_par' dir='ltr' id='par_1_102' title="bbox 2112 5221 3605 5298">
     <span class='ocr_line' id='line_1_102' title="bbox 2112 5221 3605 5298; baseline -0.012 -10"><span class='ocrx_word' id='word_1_750' title='bbox 2112 5233 2178 5287; x_wconf 86' lang='lat' dir='ltr'><strong>Et</strong></span> <span class='ocrx_word' id='word_1_751' title='bbox 2216 5230 2427 5288; x_wconf 86' lang='lat' dir='ltr'><strong>sanatio</strong></span> <span class='ocrx_word' id='word_1_752' title='bbox 2460 5243 2558 5298; x_wconf 89' lang='lat' dir='ltr'><strong>per</strong></span> <span class='ocrx_word' id='word_1_753' title='bbox 2603 5241 2856 5282; x_wconf 88' lang='lat' dir='ltr'><strong>manuum</strong></span> <span class='ocrx_word' id='word_1_754' title='bbox 2899 5222 3297 5293; x_wconf 83' lang='lat' dir='ltr'><strong>impositionem</strong></span> <span class='ocrx_word' id='word_1_755' title='bbox 3341 5221 3420 5286; x_wconf 83' lang='lat' dir='ltr'><strong>lit,</strong></span> <span class='ocrx_word' id='word_1_756' title='bbox 3453 5225 3605 5298; x_wconf 65' lang='lat' dir='ltr'><strong>quasi</strong></span> 
     </span>
    </p>
   </div>
   <div class='ocr_carea' id='block_1_103' title="bbox 451 5382 956 5455">
    <p class='ocr_par' dir='ltr' id='par_1_103' title="bbox 451 5382 956 5455">
     <span class='ocr_line' id='line_1_103' title="bbox 451 5382 956 5455; baseline 0.006 -20"><span class='ocrx_word' id='word_1_757' title='bbox 451 5389 476 5420; x_wconf 72' lang='grc' dir='ltr'>π</span> <span class='ocrx_word' id='word_1_758' title='bbox 512 5382 701 5441; x_wconf 78' lang='lat' dir='ltr'><strong>Montf.</strong></span> <span class='ocrx_word' id='word_1_759' title='bbox 728 5384 956 5455; x_wconf 79' lang='grc' dir='ltr'>ᾗδησαν.</span> 
     </span>
    </p>
   </div>
   <div class='ocr_carea' id='block_1_104' title="bbox 378 5538 1929 5663">
    <p class='ocr_par' dir='ltr' id='par_1_104' title="bbox 378 5538 1929 5663">
     <span class='ocr_line' id='line_1_104' title="bbox 378 5538 1929 5663; baseline 0.01 -75"><span class='ocrx_word' id='word_1_760' title='bbox 378 5538 529 5663; x_wconf 43' lang='lat' dir='ltr'><strong>“to:</strong></span> <span class='ocrx_word' id='word_1_761' title='bbox 543 5538 690 5661; x_wconf 38' lang='lat' dir='ltr'><strong>Egon.</strong></span> <span class='ocrx_word' id='word_1_762' title='bbox 720 5538 883 5592; x_wconf 79' lang='lat' dir='ltr'><strong>Cois].</strong></span> <span class='ocrx_word' id='word_1_763' title='bbox 916 5538 1004 5591; x_wconf 86' lang='lat' dir='ltr'><strong>dat</strong></span> <span class='ocrx_word' id='word_1_764' title='bbox 1035 5538 1440 5609; x_wconf 81' lang='lat' dir='ltr'><strong>Chrysostomo.</strong></span> <span class='ocrx_word' id='word_1_765' title='bbox 1469 5540 1553 5600; x_wconf 78' lang='lat' dir='ltr'><strong>Cf.</strong></span> <span class='ocrx_word' id='word_1_766' title='bbox 1573 5541 1709 5616; x_wconf 89' lang='lat' dir='ltr'><strong>Opp.</strong></span> <span class='ocrx_word' id='word_1_767' title='bbox 1737 5542 1929 5617; x_wconf 85' lang='lat' dir='ltr'><strong>Chrys.</strong></span> 
     </span>
    </p>
   </div>
   <div class='ocr_carea' id='block_1_105' title="bbox 449 5677 1278 5752">
    <p class='ocr_par' dir='ltr' id='par_1_105' title="bbox 449 5677 1278 5752">
     <span class='ocr_line' id='line_1_105' title="bbox 449 5677 1278 5752; baseline 0.007 -21"><span class='ocrx_word' id='word_1_768' title='bbox 449 5678 523 5747; x_wconf 85' lang='lat'><strong>(7)</strong></span> <span class='ocrx_word' id='word_1_769' title='bbox 559 5677 640 5732; x_wconf 65' lang='grc' dir='ltr'>(Ξῖ.</span> <span class='ocrx_word' id='word_1_770' title='bbox 676 5678 809 5749; x_wconf 76' lang='lat' dir='ltr'><strong>Opp.</strong></span> <span class='ocrx_word' id='word_1_771' title='bbox 841 5680 1028 5752; x_wconf 78' lang='lat' dir='ltr'><strong>Chrys.</strong></span> <span class='ocrx_word' id='word_1_772' title='bbox 1062 5678 1149 5734; x_wconf 83' lang='grc' dir='ltr'>ΙΧ.</span> <span class='ocrx_word' id='word_1_773' title='bbox 1180 5680 1278 5737; x_wconf 83' lang='grc'><strong>158</strong></span> 
     </span>
    </p>
   </div>
   <div class='ocr_carea' id='block_1_106' title="bbox 2107 5546 3598 5620">
    <p class='ocr_par' dir='ltr' id='par_1_106' title="bbox 2107 5546 3598 5620">
     <span class='ocr_line' id='line_1_106' title="bbox 2107 5546 3598 5620; baseline 0.003 -18"><span class='ocrx_word' id='word_1_774' title='bbox 2107 5546 2183 5615; x_wconf 90' lang='grc'><strong>(8)</strong></span> <span class='ocrx_word' id='word_1_775' title='bbox 2215 5548 2345 5614; x_wconf 70' lang='lat' dir='ltr'><strong>Qum</strong></span> <span class='ocrx_word' id='word_1_776' title='bbox 2374 5549 2442 5620; x_wconf 86' lang='lat' dir='ltr'><strong>de</strong></span> <span class='ocrx_word' id='word_1_777' title='bbox 2492 5548 2967 5620; x_wconf 65' lang='lat' dir='ltr'><strong>cateria__Cratti_eri</strong></span> <span class='ocrx_word' id='word_1_778' title='bbox 2999 5549 3082 5605; x_wconf 93' lang='lat' dir='ltr'><strong>hic</strong></span> <span class='ocrx_word' id='word_1_779' title='bbox 3134 5563 3440 5607; x_wconf 82' lang='lat' dir='ltr'><strong>resecamus</strong></span> <span class='ocrx_word' id='word_1_780' title='bbox 3483 5549 3598 5620; x_wconf 73' lang='lat' dir='ltr'><strong>lege</strong></span> 
     </span>
    </p>
   </div>
   <div class='ocr_carea' id='block_1_107' title="bbox 2036 5617 2921 5691">
    <p class='ocr_par' dir='ltr' id='par_1_107' title="bbox 2036 5617 2921 5691">
     <span class='ocr_line' id='line_1_107' title="bbox 2036 5617 2921 5691; baseline 0.001 -19"><span class='ocrx_word' id='word_1_781' title='bbox 2036 5617 2173 5672; x_wconf 84' lang='lat' dir='ltr'><strong>inter</strong></span> <span class='ocrx_word' id='word_1_782' title='bbox 2207 5626 2339 5689; x_wconf 70' lang='lat' dir='ltr'><strong>(ipp.</strong></span> <span class='ocrx_word' id='word_1_783' title='bbox 2366 5619 2647 5691; x_wconf 83' lang='lat' dir='ltr'><strong>Chrysost.</strong></span> <span class='ocrx_word' id='word_1_784' title='bbox 2674 5618 2764 5686; x_wconf 80' lang='lat' dir='ltr'><strong>IX,</strong></span> <span class='ocrx_word' id='word_1_785' title='bbox 2800 5618 2921 5673; x_wconf 79' lang='grc'><strong>158.</strong></span> 
     </span>
    </p>
   </div>
  </div>
