4068 6126
578 304 581 309 ·
607 269 745 338 1535

1758 267 2096 330 AMMONII
2129 262 2620 327 ALEXANDRIN
2625 263 2655 323 Ι

3688 252 3805 319 1536

602 379 865 434 afferente
894 376 1131 434 divinam
1163 376 1461 434 sanationis
1494 375 1788 433 efﬁcaciam
1815 376 1987 431 forma
2014 375 2152 430 ordi-

2265 370 2342 435 ὡς
2367 370 2700 440 κατάγοντας
2729 368 2880 423 θείαν
2909 364 3141 435 δύναμιν
3187 344 3402 434 ίατικῖιν
3422 361 3516 416 τοῦ
3549 362 3796 432 σχήματος

602 468 857 534 nationis,
885 476 940 524 et
966 482 1222 524 manuum
1251 482 1417 540 super
1446 468 1749 537 baptizatos
1779 466 2161 538 impositionis.

673 640 838 697 Vens.
884 641 975 696 56.
1026 660 1047 694 ι
1075 641 1133 696 ln
1167 641 1336 713 Joppe
1376 652 1558 700 autem
1599 644 1703 701 fuit
1728 645 1970 714 quaedam
2002 644 2165 699 disci-

600 729 756 800 pula,
812 731 1036 788 nomine
1082 730 1315 791 Tabitha
1355 748 1522 804 :quaa
1570 733 1919 805 interpretata
1967 734 2166 790 dicitur

598 818 822 873 Dorcas.
856 837 876 870 ι

666 907 973 965 Notandum
1030 919 1114 967 est
1161 910 1305 981 ipsas
1362 910 1588 967 feminas
1634 912 2011 983 discipularum
2065 926 2163 967 no-

595 997 742 1054 mine
768 1009 823 1055 ct
857 1003 1194 1071 cognominis
1217 1002 1419 1059 honore
1446 1003 1681 1074 dignari.
1711 1003 1975 1060 Miserunt
2000 1017 2162 1075 porro

595 1090 701 1145 duo
749 1091 992 1147 homines
1026 1093 1092 1146 ad
1141 1092 1287 1148 illum
1317 1110 1334 1148 :
1366 1094 1476 1149 imo
1528 1093 1659 1148 ﬁdes
1699 1107 1885 1148 eorum
1921 1093 2012 1163 qui
2062 1092 2161 1147 ali-

596 1180 722 1248 quid
758 1179 883 1234 mali
927 1182 1228 1250 patiuntur,
1275 1182 1582 1237 sanationes
1608 1182 1805 1249 efﬁcit;
1839 1196 1968 1237 ecce
2014 1181 2157 1237 enim

592 1279 651 1324 et
704 1270 792 1325 hic
850 1270 945 1341 qui
1009 1272 1239 1326 credunt
1283 1272 1396 1327 sola
1457 1271 1604 1326 Petri
1654 1273 1938 1343 praesentia
2012 1287 2158 1327 mor-

562 1430 567 1435 .
597 1370 745 1414 tuum
779 1376 937 1430 posse
975 1364 1250 1431 suscitari,
1284 1367 1392 1421 voti
1428 1366 1561 1420 fiunt
1595 1376 1893 1437 compotes.
1932 1364 2159 1422 Verum-

596 1455 774 1504 tamen
811 1467 915 1506 non
958 1454 1349 1527 qualiscunque
1384 1456 1519 1512 ﬁdes
1545 1453 1733 1511 efﬁcax
1760 1463 1866 1522 est,
1903 1456 1996 1512 sed
2027 1455 2158 1513 ﬁdes

597 1537 652 1595 in
678 1551 918 1598 sanctos.

662 1648 826 1708 Vitas.
865 1652 956 1709 42.
1004 1672 1024 1707 ι
1051 1654 1247 1711 Notum
1288 1667 1466 1713 autem
1511 1658 1719 1715 factum
1761 1670 1849 1717 est
1891 1677 1990 1733 per
2036 1663 2155 1719 uni-

590 1752 802 1795 versam
825 1739 1052 1814 Joppen,
1089 1758 1143 1800 et
1186 1747 1532 1803 crediderunt
1575 1750 1732 1805 multi
1760 1750 1815 1806 in
1853 1751 2102 1810 Domino.
2133 1773 2153 1807 ι

628 1828 965 1887 Notandum
1011 1844 1116 1901 est,
1160 1850 1266 1891 non
1303 1838 1462 1894 modo
1484 1853 1611 1910 erga
1657 1840 1920 1909 inﬁdeles,
1970 1858 2156 1899 verum

588 1920 756 1976 etiam
803 1937 931 1994 erga
980 1935 1199 1983 sanctos
1254 1928 1514 1984 miracula
1550 1933 1776 2001 patrari,
1825 1942 1885 1987 ut
1912 1934 2160 1990 videlicet

589 2011 681 2067 alii
739 2015 961 2070 credant
1004 2032 1179 2074 :ecee
1228 2020 1394 2085 enim,
1442 2021 1550 2077 hoc
1598 2023 1862 2079 miraculo
1918 2035 2154 2095 patrato,

590 2102 743 2157 multi
788 2108 1052 2174 credunt;
1081 2109 1268 2180 sicque
1310 2110 1617 2170 inﬁdelibus
1657 2114 1746 2169 illa
1780 2127 2009 2183 prosunt
2053 2117 2156 2171 mi-

589 2194 794 2261 racula,
834 2214 939 2253 non
982 2200 1234 2258 videlicet
1273 2203 1587 2271 creditoris,
1622 2207 1749 2276 quin
1783 2206 1938 2279 signa
1986 2208 2156 2262 vidis-

590 2294 737 2353 sent,
791 2304 915 2345 cnm
962 2293 1137 2349 sancti
1194 2293 1279 2351 vel
1342 2296 1544 2365 absque
1593 2298 1854 2353 miraculo
1909 2298 2151 2360 credant,

588 2375 733 2443 quod
763 2377 859 2434 Dei
904 2394 1095 2438 servus
1138 2393 1409 2440 mortuum
1445 2385 1607 2441 facile
1648 2387 1913 2444 suscitare
1954 2387 2150 2458 possit.

584 2467 834 2540 Alioquin
864 2473 1081 2541 quinam
1104 2488 1228 2530 eum
1256 2476 1691 2533 arcessiverunt?

1236 2690 1391 2749 CAP.
1434 2692 1502 2748 Χ.

663 2816 825 2875 Vens.
877 2819 933 2875 4.
977 2842 995 2875 ι
1023 2820 1313 2881 Orationes
1360 2836 1466 2882 tua:
1529 2837 1586 2884 et
1635 2828 1995 2901 eleemosyna'.
2046 2838 2153 2886 tua:

581 2912 948 2969 ascenderunt
977 2915 1031 2970 in
1061 2918 1380 2972 memoriam
1415 2920 1470 2972 in
1507 2929 1798 2990 conspectu
1835 2919 1947 2977 Dei.
1982 2939 2003 2974 ι

650 3000 954 3059 Notandum
1001 3009 1144 3076 quod
1190 2994 1288 3079 "qui
1340 3018 1451 3065 toto
1496 3013 1659 3067 corde
1707 3021 1763 3068 et
1815 3012 2147 3070 conscientia
2177 3050 2221 3109 ο

578 3107 714 3165 pura
747 3092 916 3149 Deum
953 3108 1209 3166 precatur
1250 3107 1307 3154 et
1344 3101 1742 3173 eleemosynam
1774 3104 1887 3169 dat,
1934 3119 2039 3160 non
2070 3105 2149 3160 sie

580 3193 848 3251 remanet,
884 3186 979 3241 sed
1007 3187 1149 3244 Deus
1196 3203 1294 3260 per
1341 3190 1517 3260 angeli
1549 3200 1643 3245 aut
1687 3193 1760 3261 pii
1791 3195 2027 3249 hominis
2068 3196 2148 3249 vi-

579 3275 785 3329 sionem
816 3276 916 3345 ipsi
943 3292 1126 3333 velam
1172 3280 1408 3336 ostendit
1438 3281 1594 3336 ﬁdem
1621 3296 1724 3350 qua
1753 3284 1872 3352 quis
1917 3284 2146 3340 salutem

579 3368 968 3438 consequitur;
1002 3370 1183 3440 itaque
1215 3370 1268 3425 in
1299 3386 1405 3435 quo
1431 3372 1551 3440 quis
1585 3372 1688 3427 hoc
1720 3373 1801 3429 vel
1834 3375 1964 3430 illud
1991 3375 2147 3445 igno-

580 3467 687 3524 rat,
722 3460 768 3513 si
802 3459 913 3514 Deo
943 3460 1199 3529 placitum
1250 3471 1334 3518 est
1363 3463 1447 3518 vel
1474 3478 1602 3528 non,
1633 3471 1743 3520 toto
1775 3469 1939 3523 corde
1974 3466 2145 3523 Deum

578 3548 787 3614 precari
814 3550 1049 3619 expedit,
1081 3562 1134 3607 et
1158 3554 1415 3622 panditur
1455 3554 1553 3624 ipsi
1587 3555 1820 3623 veritas;
1848 3560 2145 3626 prasertim

576 3649 706 3692 vero
735 3639 782 3693 si
825 3639 967 3693 circa
1002 3640 1160 3696 ﬁdem
1196 3651 1373 3712 egeat,
1406 3646 1676 3715 quomodo
1708 3648 1951 3718 cogitare
1986 3664 2147 3719 opor-

578 3735 676 3793 tet,
707 3737 799 3787 aut
829 3729 882 3784 in
910 3744 1067 3800 quem
1097 3732 1348 3789 fiduciam
1383 3750 1616 3805 ponere;
1657 3737 1777 3793 ideo
1805 3739 1986 3794 multa:
2021 3751 2148 3795 sunt

577 3818 811 3876 haereses
861 3821 914 3876 in
958 3823 1044 3879 his
1089 3824 1181 3894 qui
1228 3824 1523 3881 Christiani
1572 3843 1693 3883 esse
1738 3831 2034 3885 videntur:
2069 3833 2147 3887 sic

540 3924 543 3927 '
576 3909 729 3965 aiunt
766 3920 824 3966 et
868 3912 1012 3968 inter
1052 3924 1272 3971 sanctos
1302 3916 1521 3973 Patrem
1570 3928 1622 3974 et
1660 3920 1971 3992 episcOpnm
2010 3921 2148 3978 Gre-

544 4001 823 4071 ‘gorium,
875 4017 970 4074 per
1020 4006 1287 4063 visionem
1339 4019 1499 4066 nocte
1556 4011 1813 4070 didicisse
1863 4013 2146 4070 Trinitatis

575 4095 889 4163 mysterium
919 4100 1193 4165 quomodo
1218 4100 1444 4156 credere
1473 4112 1707 4172 oportet.

649 4202 809 4258 Vens.
858 4204 913 4258 8.
962 4205 1213 4274 «Quibus
1263 4223 1388 4266 cum
1438 4223 1721 4270 narrasset
1749 4216 1954 4283 omnia,
1994 4216 2146 4271 misit

575 4290 697 4346 illos
725 4293 777 4347 in
807 4292 1033 4364 Joppen.
1067 4316 1086 4351 ι

2266 462 2358 514 ἐπὶ
2376 462 2475 531 τῆς
2503 459 2857 532 χειροτονίας,
2883 456 2983 513 καὶ,
3012 455 3109 524 τῆς
3141 454 3234 509 ἐπὶ
3264 453 3376 507 τῶν
3417 451 3792 523 βαπτισθέντων

2266 551 2625 623 χειροθεσίας.

2342 661 2361 694 ‹
2409 641 2498 695 Ἑν
2541 642 2733 712 Ἰόππῃ
2749 640 2806 695 δέ
2845 657 2930 703 τις
2957 635 3025 708 ἦν
3060 636 3354 710 ’μαθήτρια
3393 633 3621 703 ὀνόματι
3655 629 3795 686 Ταϐι-

2265 733 2364 789 θά·
2399 734 2434 806 ἢ
2466 711 2931 804 διερμηκῖευομένη
2953 728 3172 798 λέγεται
3202 724 3451 793 Δορκάς.
3492 742 3510 773 ι

2333 906 2673 977 Σημειωτέον
2700 904 2774 977 (9)
2807 905 2889 958 ὅτι
2916 902 3011 979 καὶ
3042 903 3202 973 μέχρι
3229 895 3519 968 γυναικῶν
3547 895 3726 964 φθάνει
3748 893 3791 946 τὸ

2260 995 2372 1049 τῶν
2412 994 2731 1065 μαθητριῶν
2767 993 2935 1063 ὄνομα
2968 991 3063 1045 καὶ
3091 993 3124 1061 ἡ
3162 988 3291 1055 ἀξία
3328 988 3428 1057 τῆς
3467 983 3791 1052 ἐπωνυμίας·

2260 1085 2587 1140 ἀπέστειλαν
2630 1084 2688 1138 δὲ
2743 1083 2836 1136 δύο
2869 1082 3070 1153 ἄνδρας
3122 1080 3261 1151 πρὸς
3318 1077 3486 1131 αὐτόν
3511 1092 3526 1104 ’
3564 1074 3792 1146 μᾶλλονὴ

2261 1176 2441 1240 πίστις
2471 1175 2580 1228 τῶν
2619 1174 2938 1243 πασχόντων
2989 1172 3088 1236 τάς
3125 1172 3301 1234 ἰάσεις
3353 1167 3673 1240 ἐργάζεται·
3705 1165 3792 1217 ἰδοὺ

2258 1265 2367 1337 γὰρ
2401 1266 2498 1320 καὶ
2525 1260 2626 1318 ὧδε
2661 1266 2708 1318 οἱ
2752 1263 3141 1324 πιστεύσαντες
3161 1303 3175 1322 .
3208 1263 3289 1347 ὅτι
3337 1260 3427 1312 διὰ
3452 1259 3552 1328 τῆς
3595 1256 3681 1307 τοῦ
3706 1255 3791 1307 1ῐέ-

2257 1376 2386 1432 τρου
2418 1357 2718 1429 παρουσίας
2742 1355 2967 1409 δύναται
2992 1354 3290 1424 ἀναστῆναι
3315 1349 3535 1421 νεκρὸς,
3562 1347 3789 1414 ἐπέτυχον

2256 1449 2351 1504 τοῦ
2387 1446 2599 1502 σκοποῦ
2623 1464 2638 1477 ⁸
2669 1445 2808 1518 πλὴν
2840 1446 2938 1516 οὐχ
2989 1445 3277 1515 οίαδήποτε
3303 1441 3491 1503 πίστις
3523 1436 3790 1508 συμϐάλλε-

2257 1556 2366 1605 ται,
2393 1538 2505 1592 ἀλλ’
2526 1540 2560 1606 ή
2587 1538 2667 1601 εἰς
2691 1536 2818 1599 τοὺς
2847 1535 3005 1600 ὄντας
3037 1533 3252 1604 ἁγίους.

2335 1668 2354 1701 ι
2393 1647 2636 1703 Γνωστὸν
2672 1647 2728 1700 δὲ
2762 1646 2978 1715 ἐγένετο
3007 1643 3127 1699 καθ’
3158 1642 3285 1713 ὅλης
3306 1641 3407 1710 τῆς
3448 1638 3685 1706 Ἰόππης,
3712 1633 3785 1688 καὶ

2262 1739 2447 1794 πολλοὶ
2480 1737 2766 1792 ἐπίστευον
2797 1737 2889 1791 ἐπὶ
2910 1735 2999 1790 τὸν
3030 1737 3260 1805 Κύριον.
3297 1752 3316 1785 ι

2333 1826 2675 1900 Σημειωτέον
2707 1824 2818 1895 (10)
2851 1825 2932 1877 ὅτι
2961 1822 3022 1875 οὐ
3050 1821 3232 1893 μόνοις
3258 1820 3371 1880 τοῖς
3408 1816 3653 1877 ἀπίστοις
3680 1810 3787 1864 ἀλλὰ

2261 1919 2356 1972 καὶ
2405 1920 2518 1981 τοῖς
2574 1916 2750 1985 ἀγίοις
2791 1913 3001 1983 ἐγίνετο
3035 1912 3238 1982 σημεῖα
3296 1906 3691 1975 οἰκονομικῶς·
3723 1901 3792 1953 ἶνα

2259 2012 2408 2069 ἄλλοι
2438 2012 2601 2066 πάλιν
2627 2008 2991 2064 πιστεύσωσιν
3013 2025 3027 2040 -
3063 2004 3174 2058 ἰδοῦ
3204 2002 3313 2074 γὰρ
3344 2002 3490 2072 μετά
3508 1998 3567 2052 τὸ
3600 1997 3790 2067 σημεῖον

2259 2102 2416 2158 τοῦτο
2460 2101 2621 2155 πάλιν
2671 2099 2857 2153 πολλοὶ
2902 2097 3263 2150 ἐπίστευσαν·
3290 2092 3367 2153 ὡς
3400 2087 3549 2145 εἶναι
3573 2088 3713 2142 πάλιν
3736 2085 3789 2136 τὰ

2258 2196 2459 2267 σημεῖα
2477 2195 2588 2256 τοῖς
2610 2192 2879 2253 ἀπίστοις,
2898 2189 2946 2243 οἳ
2966 2189 3064 2241 οὐκ
3082 2184 3195 2259 [ἂν]
3215 2185 3389 2248 ἄλλως
3418 2184 3735 2277 ἐπίστευσαν,
3750 2179 3786 2277 εί

2259 2285 2333 2357 μὴ
2363 2284 2525 2338 πάλιν
2565 2277 2707 2335 εἶδον
2757 2281 2961 2349 σημεῖα
2989 2294 3004 2309 ·
3050 2276 3160 2330 τῶν
3211 2274 3382 2343 ἁγίων
3447 2274 3541 2367 καὶ.
3586 2271 3788 2367 algam-3

2260 2375 2492 2446 σημείου
2538 2370 2925 2437 πιστευόντων,
2959 2368 3043 2421 ὅτι
3069 2365 3297 2429 δυνατός
3326 2367 3482 2420 ἐστιν
3516 2365 3543 2416 ό
3569 2361 3652 2415 τοῦ
3676 2360 3783 2413 Θεοῦ

2252 2466 2437 2531 δοῦλος
2467 2463 2767 2533 ἀναστῆσαι
2797 2458 3068 2530 ἀμελλητὶ
3097 2455 3294 2528 νεκρόν
3314 2470 3329 2486 ο
3363 2453 3492 2509 ἐπεὶ
3523 2451 3632 2513 πῶς
3655 2447 3783 2502 αὒτδν

2267 2554 2684 2627 μετεστείλαντο
2711 2566 2727 2617 ;

2864 2680 3118 2736 ΚΕΦΔΛ.
3153 2678 3212 2735 I'.

2329 2837 2349 2872 ι
2385 2818 2448 2872 Δί
2497 2815 2795 2890 προσευχαί
2828 2829 2923 2867 σου
2953 2810 3049 2864 καὶ
3084 2809 3144 2863 αἱ
3199 2806 3569 2890 ἐλεημοσύναι
3601 2818 3683 2854 σου
3713 2801 3786 2852 ἀνθ

2254 2908 2459 2977 ἐϐησαν
2488 2889 2569 2969 είς
2599 2904 2941 2976 μνημόσυνον
2979 2896 3290 2970 ἔμπροσθεν
3319 2893 3416 2949 τοῦ
3452 2889 3608 2946 Θεοῦ.
3638 2906 3656 2940 ι
3724 2915 3755 2951 ι.

2321 2997 2667 3070 Σημειωτέον
2710 2997 2793 3050 ὅτι
2832 2992 3070 3054 ἐκτενῶς
3114 2990 3210 3043 καὶ¹
3254 2985 3510 3056 καθαρῶς
3540 2977 3791 3070 συνειδότι,

2257 3067 2508 3163 δεόμενος
2545 3088 2638 3141 τοῦ
2658 3086 2797 3141 Θεοῦ
2825 3085 2921 3139 καὶ
2945 3081 3116 3137 ποιῶν
3145 3073 3549 3175 ἐλεημοσύνας,
3569 3070 3627 3175 of:
3658 3067 3787 3175 μένει

2255 3180 2447 3245 οὕτως,
2477 3180 2593 3234 ἀλλ’
2622 3180 2652 3232 ό
2672 3177 2805 3241 Θεὸς
2826 3176 2895 3230 δι’
2925 3173 3195 3236 ὀπτασίας
3217 3169 3447 3239 ἀγγέλου
3471 3168 3502 3234 ῆ
3524 3163 3791 3232 ἀνθρώπου

2255 3274 2562 3338 θεοσεϐοῦς,
2629 3272 2876 3326 δείκνυσι
2921 3269 3022 3339 τὴν
3068 3265 3249 3338 άληθῆ
3287 3263 3480 3319 πίστιν,
3508 3254 3575 3309 δι’
3619 3247 3682 3321 ἧς
3710 3263 3790 3339 τις

2257 3365 2490 3431 σώζεται
2510 3381 2523 3395 ⁸
2564 3363 2705 3418 ὥστε
2733 3359 2826 3418 οὖν
2854 3366 2913 3416 ὲν
3051 3376 3136 3423 τις
3189 3354 3364 3447 ἀγνοεῖ
3578 3341 3695 3447 setis
3732 3338 3790 3391 τὸ

2254 3459 2506 3529 πρᾶγμα,
2538 3454 2726 3526 εἱΘεῷ
2763 3454 2999 3526 ἀρέσκον
3028 3451 3181 3504 ἐστὶν
3225 3447 3260 3518 ἦ
3292 3443 3377 3542 οῦ,
3406 3437 3787 3542 dedignante;

2253 3519 2358 3611 νὼς
2382 3519 2642 3618 δεηθῆναι
2671 3545 2763 3599 τοῦ
2793 3541 2952 3607 Θεοῦ,
2997 3540 3091 3596 καὶ
3121 3532 3555 3630 ἀποκαλύπτεται
3576 3524 3716 3630 αὕτη)
3736 3519 3785 3630 1:?

2252 3610 2476 3708 ἀληθέςί
2502 3610 2735 3708 μάλιστα
2763 3635 2820 3688 δὲ
2851 3635 2901 3686 εί
2943 3641 2968 3669 °
2994 3630 3125 3704 περὶ
3158 3629 3257 3698 τὴν
3295 3625 3479 3720 πίστιν
3505 3616 3707 3720 attat-25?:
3733 3610 3783 3662 τδ

2254 3730 2371 3794 πῶς
2396 3731 2478 3784 δεῖ
2498 3731 2713 3801 φρονεῖν
2736 3728 2768 3797 ἢ
2789 3726 2894 3780 τίνι
2937 3722 3229 3778 πιστεῦσαι
3250 3735 3266 3750 ⁸
3290 3716 3424 3772 διότι
3449 3709 3636 3812 ποῖιλαί
3663 3709 3782 3812 εἰσιν

2252 3822 2490 3893 αἱρέσεις
2543 3822 2601 3874 ὲν
2631 3821 2739 3882 τοῖς
2778 3815 3028 3872 δοκοῦσιν
3057 3810 3199 3868 εἶναι
3225 3806 3571 3880 Χριστιανοῖς
3599 3817 3612 3830 ·
3639 3806 3785 3857 οὓτως

2251 3913 2467 3981 λέγουσι
2504 3911 2600 3964 καὶ
2661 3909 2753 3963 τὸν
2784 3910 2842 3961 ἐν
2881 3906 3058 3976 ἁγίοις
3102 3902 3327 3972 Πατέρα
3387 3899 3483 3954 καὶ
3525 3894 3786 3995 ἐπίσκοπον

2251 3975 2573 4074 Γρηγόριον,
2630 3999 2697 4053 δι’
2745 3996 3014 4060 ὀπτασίας
3061 3995 3281 4063 νύκτωρ
3341 3984 3705 4059 κατηχηθῆναι
3736 3975 3785 4026 τὸ

2254 4095 2549 4165 μυστήριον
2584 4091 2686 4160 τῆς
2719 4089 2949 4159 Τριάδος
2984 4088 3132 4149 ὅπως
3157 4086 3238 4138 δεῖ
3276 4083 3522 4154 φρονεῖν.

2327 4224 2346 4257 ι
2379 4205 2488 4259 Καὶ
2534 4200 2943 4273 ἐξηγησάμενος
2983 4200 3168 4261 αὐτοῖς
3207 4199 3456 4254 ἅπαντα.
3506 4182 3783 4246 ἀπέστειλεν

2249 4297 2447 4360 αὐτοὺς
2469 4297 2549 4359 εἰς
2566 4297 2667 4365 τὴν
2708 4292 2959 4361 Ἰόππην.
2992 4308 3011 4341 ι

643 4381 947 4441 Notandum
970 4390 1114 4458 quod
1140 4405 1246 4447 non
1274 4393 1498 4462 impedit
1532 4396 1723 4451 militia
1756 4398 2056 4467 pietatem;
2091 4413 2145 4457 et

2319 4386 2664 4459 Σημειωτέον
2690 4386 2772 4439 ὃτι
2822 4383 2923 4437 οὐκ
2970 4378 3257 4451 ἐμποδίζει
3292 4378 3325 4446 ή
3372 4372 3632 4446 στρατεία
3673 4360 3781 4435 πρὸς

2253 4481 2273 4489 -
2387 4480 2438 4489 .-
2687 4479 2698 4489 .
2777 4479 2801 4489 ..
2892 4474 2932 4489 ιιι
3004 4474 3028 4489 η
3130 4471 3222 4489 ,ομ
3249 4469 3451 4489 ι.-.ε----
3480 4463 3656 4489 .--ιέὶ
3680 4460 3777 4489 ἕως-

573 4471 722 4539 illud,
744 4475 886 4544 quod
920 4490 1018 4532 nec
1044 4478 1336 4536 dissolutos
1367 4497 1466 4538 nec
1490 4484 1703 4554 impios,
1733 4464 1828 4543 sed
1850 4490 1969 4557 pios
1988 4464 2136 4546 misit

2253 4480 2559 4535 θεοσέϐειαν
2587 4495 2602 4511 ο
2638 4479 2860 4532 κάκεῖνο
2886 4474 2964 4537 δὲ,
3002 4474 3085 4526 ὅτι
3122 4471 3225 4524 οὐκ
3242 4469 3524 4529 ἀτάκτους
3545 4464 3658 4517 ούδέ
3677 4464 3777 4557 ἐισεῖ

573 4564 640 4617 ad
677 4561 892 4619 Petrum
925 4565 1239 4635 Cornelius;
1270 4578 1325 4625 et
1352 4573 1494 4640 quod
1533 4583 1589 4628 et
1621 4574 1751 4631 illud
1788 4577 2130 4634 manifestam

572 4654 739 4724 ipsius
784 4659 1149 4728 sanctitatem,
1202 4676 1394 4733 nempe
1434 4666 1527 4734 qui
1561 4667 1663 4721 sibi
1706 4669 2036 4739 adiungebat
2081 4679 2136 4725 et

571 4744 880 4816 frequentes
933 4748 1165 4806 habebat
1203 4753 1321 4821 pios
1359 4756 1542 4823 viros,
1575 4758 1731 4828 juxta
1778 4759 1908 4815 illud
1946 4778 1961 4815 :
2001 4761 2134 4817 Cum

571 4843 754 4888 sancto
784 4844 997 4891 sanctus
1025 4839 1152 4906 eris,
1175 4849 1230 4895 ct
1251 4855 1369 4911 quae
1395 4856 1713 4915 sequuntur.

638 4999 817 5067 Vens.
856 5012 943 5068 1⁸5.
990 5030 1010 5064 ι
1039 5012 1106 5068 Ει
1143 5013 1285 5072 facta
1333 5027 1418 5075 est
1458 5034 1559 5077 vox
1605 5021 1674 5076 ad
1720 5035 1843 5075 eum
1878 5041 1892 5077 :
1925 5022 2129 5094 Surge,

564 5101 745 5168 Detre,
781 5103 989 5170 occide,
1021 5113 1076 5159 et
1113 5108 1394 5164 manduca.
1426 5112 1515 5166 Ait
1540 5120 1721 5168 autem
1752 5110 1946 5169 Petrus
1977 5115 2129 5171 :Ab-

636 5262 662 5291 ο
692 5254 824 5310 Cod.
849 5254 1015 5312 Cois].
1047 5256 1104 5311 δὲ
1138 5258 1199 5329 ὴ.

637 5408 725 5483 (9)’
746 5412 869 5483 μσς
909 5414 1173 5469 scholium
1219 5421 1412 5469 catena
1451 5412 1691 5469 Cramcri
1739 5414 1830 5468 dat
1880 5413 2128 5483 Didyme,

567 5480 704 5533 [ὶοιιζ
731 5480 894 5537 Cuisl.
922 5485 1226 5538 Ammonio.

2241 4570 2376 4636 ϐεῖς,
2434 4567 2573 4623 ἀλλά
2627 4566 2898 4629 θεοσεϐεῖς
2945 4563 3160 4633 ἔπεμψε
3206 4561 3348 4633 πρὸς
3387 4560 3499 4614 τδν⁶
3539 4546 3781 4649 Πέτρονξ

2242 4661 2569 4734 Κορνήλιος·
2607 4659 2702 4713 καὶ
2726 4659 2808 4714 ὅτι
2843 4658 2938 4711 καὶ
2970 4656 3131 4711 τοῦτο
3169 4655 3376 4725 δεῖγμα.
3429 4649 3503 4725 ἦν
3532 4651 3626 4719 τῆς
3648 4646 3779 4738 αὐτού

2238 4751 2533 4822 ὁσιότητος,
2566 4749 2627 4803 τὸ
2658 4747 3055 4815 συγκολλᾶσθαι
3089 4746 3182 4800 καὶ
3212 4746 3365 4815 ἔχειν
3409 4745 3582 4813 ἐγγὺς
3621 4740 3778 4822 ἑαυτον

2241 4819 2512 4901 θεοσεϐεῖς
2535 4837 2751 4909 ἄνδρας,
2770 4835 2859 4891 διὰ
2882 4834 3137 4903 τὺ,Μετὰ
3157 4837 3335 4890 ὁσίου
3358 4833 3537 4898 ὅσιος
3558 4832 3686 4896 ἔσῃ,
3711 4819 3783 4877 καὶ

2240 4929 2311 4985 τὰ
2343 4929 2468 4999 ἑξῆς
2493 4927 2627 5002 (ιι).

2316 5038 2335 5072 ι
2368 5018 2713 5088 Καὶνὲγένετο
2735 5017 2886 5088 φωνὴ
2912 5015 3049 5089 πρὸς
3073 5015 3236 5107 αὐτόν
3252 5030 3270 5049 ο
3298 5012 3606 5107 Ἀναστὰςἒ
3617 5008 3783 5107 Πέτρε.

2234 5113 2394 5168 θῦσον
2422 5112 2517 5167 καὶ
2544 5110 2706 5182 φάγε.
2750 5109 2810 5164 '0
2846 5109 2906 5163 δὲ
2938 5110 3145 5181 Πέτρος
3165 5102 3319 5163 εἷπε·
3356 5102 3664 5179 Μηδαμῶς,
3687 5098 3780 5150 Κύ-

2275 5428 2442 5469 ιοιιιο.
3574 5480 3598 5482 _
3763 5470 3775 5482 .

2275 5428 2291 5464 ι
2351 5430 2363 5464 ι
2428 5452 2442 5469 .

2241 5429 2274 5467 n
2295 5427 2347 5552 fil
2355 5428 2421 5552 1ιῖ
2439 5482 2599 5537 Plura
2631 5485 2719 5540 hic
2753 5485 3038 5540 Ammonio
3065 5484 3288 5540 ascribit
3329 5493 3533 5539 catena
3560 5470 3775 5552 Cra_meri

641 5547 755 5619 (l0)
790 5551 898 5608 lloc
914 5553 1257 5625 scholimnin
1282 5561 1471 5625 catena
1501 5552 2125 5625 Qran1e_ri_s_nbnomine
2224 5546 2344 5625 quae
2376 5546 2506 5625 Cod.
2534 5553 2695 5625 Coisl.
2744 5554 2835 5625 dat
2882 5555 3287 5625 Chrysostomo.
3320 5552 3452 5611 line
3496 5553 3615 5622 lege
3657 5546 3775 5602 inter

572 5616 937 5686 Clirysostortti
989 5622 1337 5689 inscribitur;
1367 5622 1462 5679 sed
1504 5623 1638 5679 God.
1669 5622 1835 5678 Coisl.
1870 5622 1961 5677 dat
2002 5622 2125 5676 Am-
2225 5616 2417 5693 Chrys.
2451 5622 2585 5694 Opp.
2613 5621 2706 5690 IX,
2744 5622 2862 5679 ΗΞ.

3954 778 3966 1247 Η
