4068 6126
362 284 495 370 1'53:

1273 301 1730 401 FRAGMENTA
1776 305 1856 365 IN
1897 281 2086 369 ACTA
2128 309 2705 373 APOSTOLORUM.

3484 314 3624 385 1538

361 440 474 496 pta°
515 421 596 476 ὅτι
630 420 886 477 οὐδέποτε
924 419 1128 492 ἔφαγον
1162 422 1266 475 πᾶν
1312 422 1489 474 κοινὸν
1541 422 1636 476 καὶ
1679 421 1925 491 ἀκάθαρ-

2035 418 2122 483 sit,
2157 418 2398 485 Domine,
2432 421 2556 490 quia
2590 434 2867 490 nunquam
2910 420 3227 478 manducavi
3269 435 3429 478 omne
3466 439 3619 482 com-

355 532 469 570 τον.
511 533 531 566 ι

424 608 646 664 Μᾶλλον
696 608 731 681 ἢ
772 608 951 663 πάντα
1006 608 1295 682 ἀκάθαρτα
1326 602 1397 680 ἦν
1427 608 1485 660 ὲν
1514 607 1592 678 τῷ
1641 607 1825 662 σκεύει
1856 608 1936 682 τῷ

354 701 645 756 ὀθονοειδεῖ
678 674 731 769 v,
760 700 794 772 ἢ
832 699 1119 764 δεικτικῶς
1153 674 1207 771 η’
1424 674 1580 765 αύτῷ
1604 708 1632 750 (ι
1659 674 1936 771 ἐσήμανεν

357 795 422 845 ὲκ
468 792 580 845 τῶν
625 791 956 862 ἀκαθάρτων
1001 792 1235 859 φαγεῖν·
1271 790 1304 860 ἢ
1354 788 1451 842 καὶ
1495 787 1662 859 κοινῷ
1714 789 1936 860 ὀνόματι

356 888 623 959 ἀορίστως
674 882 905 936 εἰποῦσα
950 883 984 951 ή
1020 881 1171 950 φωνή
1196 878 1527 943 σ’Δναστὰς,
1568 880 1708 949 φάγε
1731 879 1760 932 6
1789 879 1939 934 δοκεῖ

357 997 441 1033 σοι
484 981 555 1031 ,ὲκ
579 976 690 1030 τῶν
706 973 1076 1044 φαινομένων,
1113 971 1340 1040 ἐποίησε
1375 972 1468 1026 τὸν
1496 973 1705 1043 Πέτρον
1728 974 1931 1026 εἰπεῖν·

356 1064 672 1136 Μηδαμῶς,
704 1065 903 1131 Κύριε,
937 1061 1025 1114 ὅτι
1066 1059 1354 1115 οὐδέποτε
1386 1059 1613 1131 ἔφαγον
1638 1059 1764 1118 πᾶν
1810 1078 1933 1115 κοι-

355 1162 485 1213 νόν.
513 1184 585 1197 --
618 1154 798 1209 Τοῦτο
819 1152 889 1206 δὲ
913 1150 1153 1222 ἐγένετο
1193 1150 1292 1205 ἐπὶ
1328 1151 1455 1220 τρίς
1483 1160 1528 1206 ι’.

430 1350 450 1384 ι
496 1329 671 1383 Τοῦτο
712 1328 769 1382 δὲ
816 1328 1038 1396 ἐγένετο
1081 1327 1178 1382 ἐπὶ
1214 1326 1370 1398 τρίςηο
1406 1328 1503 1382 καὶ
1552 1328 1833 1400 ἀνελήφθη
1871 1330 1935 1384 τὸ

360 1424 550 1485 σκεῦος
586 1424 667 1485 είς
692 1421 784 1475 τὸν
814 1420 1067 1491 οὐρανόν.
1101 1438 1121 1470 ι

422 1518 496 1569 Τὸ
525 1516 625 1587 τῆς
668 1514 901 1585 Τριάδος
946 1511 1222 1566 δείκνυσιν
1266 1508 1419 1580 αύτῷ
1466 1510 1528 1563 τὸ
1566 1512 1783 1581 ,ἀληθὲς
1834 1514 1932 1585 τῆς

353 1608 656 1672 ὀπτασίας·
713 1606 906 1678 ὥσπερ
938 1605 1034 1658 καὶ
1072 1605 1105 1673 ἡ
1162 1603 1245 1665 εἰς
1292 1612 1314 1640 ⁸
1370 1602 1578 1672 Τριάδα
1629 1603 1808 1669 πίστις
1833 1606 1934 1676 τὴν

352 1700 526 1771 ἀληθῆ
559 1697 874 1751 θεοσέϐειαν
908 1695 1258 1767 παρίστησιν.

2042 527 2203 565 tnune
2233 520 2286 565 et
2317 511 2674 566 immundum.
2708 530 2727 562 ι

2111 602 2298 657 Potius
2327 611 2419 656 aut
2449 610 2647 657 cuneta
2691 602 2968 657 immunda
3008 611 3167 658 erant
3215 603 3269 658 in
3296 619 3423 660 vase
3462 606 3616 663 lintei

2037 692 2221 759 magni
2268 690 2507 759 speciem
2554 690 2849 760 praebente,
2902 699 2997 745 aut
3042 691 3475 749 demonstrativa
3513 709 3619 749 vox

2038 782 2114 836 illi
2152 780 2482 853 signiﬁcavit
2521 789 2580 835 ut
2602 780 2670 836 de
2701 780 2995 838 inmundis
3024 781 3415 849 manducaret;
3444 794 3539 839 aut
3565 794 3623 839 et

2035 871 2312 927 communi
2367 868 2591 924 nomine
2651 877 2707 924 et
2766 884 2872 923 non
2933 870 3159 926 deﬁnite
3215 870 3409 927 dicens
3458 886 3616 926 vox:

2038 964 2233 1034 Surge,
2278 963 2550 1017 manduca
2592 964 2735 1031 quod
2763 963 2941 1034 placet
2980 963 3073 1018 tibi
3107 977 3174 1019 ex
3207 963 3616 1034 apparentibus,

2035 1070 2199 1110 causa
2237 1053 2338 1108 fuit
2371 1070 2471 1109 cur
2500 1053 2699 1109 Petrus
2734 1054 2933 1110 dixerit
2962 1072 2979 1110 :
3006 1054 3179 1121 Absit,
3208 1054 3455 1122 Domine,
3489 1057 3618 1126 quia

2035 1161 2303 1214 nunquam
2338 1144 2661 1199 manducavi
2693 1160 2843 1200 omne
2864 1161 3161 1202 commune.
3204 1173 3276 1187 —-
3300 1144 3416 1199 Hoc
3442 1155 3617 1202 autem

2033 1237 2231 1306 factum
2259 1244 2336 1290 est
2372 1252 2465 1304 per
2497 1245 2599 1292 ter.

2106 1326 2274 1384 Vsus.
2320 1327 2410 1382 16.
2457 1346 2475 1380 ι
2510 1326 2623 1383 lloc
2674 1336 2856 1382 autem
2883 1326 3089 1383 factum
3144 1340 3226 1384 est
3254 1343 3353 1398 per
3403 1336 3524 1396 ter;
3561 1336 3618 1383 et

2034 1432 2312 1492 receptum
2345 1432 2433 1477 εει
2462 1436 2558 1476 vas
2586 1421 2637 1475 in
2672 1420 2894 1477 coelum.
2920 1439 2947 1473 -ι

2105 1511 2393 1568 Trinitatis
2416 1511 2715 1567 assimilata
2739 1511 2944 1567 mentio
2967 1511 3065 1581 ipsi
3085 1511 3306 1567 visionis
3327 1511 3617 1567 veritatem

2031 1605 2260 1677 probat;
2291 1603 2435 1660 sicut
2460 1612 2515 1659 et
2548 1604 2601 1659 in
2626 1602 2947 1658 Trinitatem
2981 1602 3114 1657 ﬁdes
3133 1616 3319 1657 veram
3352 1602 3609 1671 pietatem

2033 1699 2257 1753 excitat.

431 1808 449 1841 ι
492 1790 605 1841 Καὶ
643 1788 996 1857 φωνήσαντες
1024 1782 1414 1847 ἐπυνθάνοντο,
1446 1782 1497 1835 εί
1539 1783 1723 1854 Σίμων
1751 1786 1779 1838 6
1808 1787 1930 1840 ἐπι-

2110 1789 2280 1845 Vens.
2309 1788 2400 1843 l8.
2439 1805 2458 1838 ι
2494 1783 2561 1838 Ει
2593 1799 2715 1838 cum
2757 1795 3069 1853 vocassent,
3130 1784 3541 1855 interrogabant
3570 1781 3617 1839 εἰ

352 1879 685 1951 καλούμενος
718 1879 926 1949 Πέτρος
954 1877 1142 1931 ἐνθάδε
1176 1874 1464 1940 ξενίζεται.
1502 1874 1608 1927 Τοῦ
1639 1876 1697 1929 δὲ
1728 1878 1935 1951 Πέτρου

350 1972 733 2042 διανοουμένου
774 1970 906 2041 περὶ¹
953 1968 1047 2022 τοῦ
1091 1969 1389 2040 ὁράματος,
1437 1960 1559 2018 εἶπε
1605 1967 1666 2021 τὸ
1712 1970 1937 2042 Πνεῦμα

353 2065 522 2137 αὐτῷ.
558 2084 576 2116 ι

423 2156 765 2228 Σημειωτέον
812 2157 895 2211 ὅτι
939 2155 999 2209 ού
1044 2156 1126 2209 δεῖ
1156 2175 1278 2211 τινα
1322 2159 1501 2231 ἐαυτῷ
1534 2158 1813 2214 αὐθεντεῖν
1840 2159 1933 2213 καὶ

351 2252 699 2321 καινοτομίας
735 2250 976 2319 εἰσάγειν
1003 2251 1061 2302 ὲν
1088 2252 1153 2321 τῇ
1195 2251 1396 2304 πίστει·
1434 2253 1568 2306 ὅπου
1604 2251 1743 2317 μετὰ
1768 2252 1935 2306 ὀπτα-

353 2344 472 2397 σίαν
500 2347 526 2397 6
555 2344 761 2414 Πέτρος
787 2343 1038 2395 τοσοῦτον
1060 2342 1332 2412 διηπόρει,
1366 2342 1507 2397 ὥστε
1534 2346 1625 2399 καὶ
1654 2348 1670 2381 ί
1709 2343 1934 2416 Πνεῦμα

351 2434 510 2486 αὐτὸν
550 2430 990 2505 προτρέψασθαι·
1026 2432 1108 2484 δεῖ
1153 2431 1246 2486 οὖν
1276 2433 1371 2486 καὶ
1419 2433 1570 2498 θείας
1618 2434 1935 2507 προτροπῆς

349 2526 409 2577 ἐν
448 2527 560 2587 τοῖς
598 2522 816 2577 δοκοῦσι
849 2522 1002 2593 παρὰ
1038 2523 1243 2577 κανόνα
1271 2523 1540 2592 γίνεσθαι,
1579 2523 1656 2589 ὡς
1682 2525 1777 2578 καὶ
1821 2523 1934 2578 ἄνω

349 2616 443 2668 ἐπὶ
471 2615 562 2668 τοῦ
592 2614 965 2685 βαπτίσματος
990 2614 1259 2668 Φιλίππου
1283 2615 1673 2686 σεσημείωται·
1696 2615 1756 2669 ὃν
1782 2611 1935 2671 εἷπον

349 2709 597 2761 διάκονον
629 2706 757 2759 ὄντα
790 2706 863 2777 μὴ
896 2706 1155 2760 δύνασθαι
1187 2707 1311 2777 δίχα
1342 2708 1588 2780 ἀνάγκης
1625 2705 1932 2779 βαπτίζειν.

426 2814 445 2847 ι
493 2797 551 2849 ’0
581 2795 637 2847 δὲ
678 2795 880 2863 Πέτρος
903 2795 1120 2865 ἤγειρεν
1149 2795 1312 2849 αὐτὸν
1340 2797 1515 2866 λέγων
1539 2814 1554 2827 ·
1604 2797 1932 2869 Ἀνάστηθι,

350 2885 443 2938 καὶ
473 2884 584 2954 ἐγὼ
612 2884 770 2947 αὐτὸς
804 2883 1087 2954 ἄνθρωπός
1127 2886 1265 2954 εἰμι.
1304 2886 1412 2939 Καὶ
1448 2884 1748 2956 συνομιλῶν
1785 2886 1935 2957 αὐτῷ

349 2974 564 3046 εἰσῆλθε
586 2992 600 3006 ο
639 2976 732 3028 καὶ
756 2975 1000 3044 εὑρίσκει
1032 2974 1455 3045 συνεληλυθότας
1485 2975 1734 3039 πολλούς.
1768 2995 1789 3029 ι

421 3069 480 3119 Ei
512 3068 540 3119 6
568 3068 776 3138 Πέτρος
807 3068 835 3119 6
862 3066 1111 3129 τοσοῦτος
1139 3069 1237 3120 οὐκ
1283 3067 1542 3138 ἠνέσχετο
1573 3067 1665 3122 τοῦ
1695 3086 1934 3141 προσπε-

349 3161 534 3224 σόντος
558 3158 729 3229 αὐτῷ,
773 3159 888 3211 ἴσον
924 3158 1116 3211 ἑαυτὸν
1160 3156 1331 3210 ποιῶν
1379 3158 1460 3229 τῷ
1492 3159 1800 3231 Κορνηλίῳ,
1836 3163 1929 3215 καὶ

345 3250 517 3303 ταῦτα
542 3248 621 3301 ἔτι
653 3248 768 3300 ὄντι
793 3245 1013 3317 ὲθνικῷ,
1040 3247 1092 3300 τί
1120 3247 1202 3300 δεῖ
1225 3248 1398 3300 εἰπεῖν
1430 3248 1559 3318 περὶ
1587 3248 1698 3304 τῶν
1725 3249 1930 3306 λοιπῶν

346 3340 682 3411 ἀνθρώπων;

423 3472 441 3505 ι
480 3455 588 3507 Καί
626 3471 715 3523 μοι
743 3454 770 3506 6
800 3451 931 3513 Θεὸς
971 3450 1139 3515 ἔδειξε
1171 3450 1378 3523 μηδένα
1410 3451 1589 3505 κοινὸν
1620 3451 1652 3523 ἢ
1683 3451 1930 3526 ἀκάθαρ-

347 3563 438 3599 τον
470 3545 650 3612 λέγειν
683 3544 985 3614 ἄνθρωπον.
1021 3562 1038 3593 ι

343 3663 374 3685 .-
421 3637 759 3707 Σημειωτέον
803 3637 885 3688 ὅτι
932 3633 1093 3696 αὐτὸς
1135 3634 1163 3686 6
1195 3633 1326 3695 Θεὸς
1372 3634 1640 3703 ἐπέτρεψε
1685 3634 1760 3703 τῷ
1792 3636 1929 3706 Χρι-

350 3729 550 3799 στιανῷ
582 3729 716 3798 λαῷ,
756 3726 960 3797 μηδένα
998 3725 1284 3795 ἄνθρωπον
1326 3725 1505 3777 κοινὸν
1543 3726 1576 3794 ἢ
1620 3724 1931 3794 ἀκάθαρτον

348 3823 548 3891 λέγειν,
579 3820 713 3874 ἀλλὰ
736 3819 974 3871 συνεῖναι
999 3815 1180 3878 αὐτοῖς
1200 3830 1212 3846 ·
1249 3815 1345 3868 ἆτε
1376 3814 1564 3867 ἐλπίδα
1600 3813 1812 3885 ἔχοντες
1834 3812 1928 3867 τοῦ

349 3911 628 3967 πιστεύειν
659 3908 894 3982 μάλιστα
921 3907 1000 3969 εἰς
1030 3904 1122 3958 τὸν
1150 3904 1409 3975 Χριστόν.

425 4042 445 4076 ι
503 4022 644 4077 Ἀλλ’
688 4021 746 4074 ὲν
787 4019 948 4071 παντὶ
998 4017 1140 4071 ἔθνει
1180 4019 1208 4069 6
1253 4014 1587 4087 φοϐούμενος
1635 4015 1796 4072 αὐτὸν
1834 4018 1931 4070 καὶ

352 4115 714 4187 ἐργαζόμενος
741 4109 1110 4180 δικαιοσύνην,
1140 4108 1328 4171 δεκτὸς
1359 4106 1508 4179 αύτῷ
1541 4108 1681 4161 ἐστι.
1717 4126 1736 4161 ι

422 4206 536 4278 Πρὸ
578 4203 672 4258 τοῦ
717 4199 810 4256 οῦν
841 4199 1093 4268 δέξασθαι
1118 4208 1146 4236 ιι
1180 4199 1272 4253 τὸν
1300 4198 1799 4270 δικαιοπραγοῦντα
1842 4198 1931 4255 διὰ

347 4300 448 4369 τῆς
473 4301 552 4361 εἰς
592 4294 784 4349 ἑαυτὸν
823 4292 1060 4356 πίστεως
1092 4292 1121 4343 ὁ
1155 4291 1390 4363 Χριστὸς
1440 4292 1521 4354 εἰς
1552 4291 1653 4363 τὴν
1697 4292 1924 4364 Ἐκκλη-

347 4394 492 4455 σίαν,
540 4390 632 4441 καὶ
662 4386 930 4455 πιστεύσῃ
957 4393 981 4420 ν
1022 4386 1137 4443 τοῖς
1175 4382 1341 4446 θείοις
1381 4383 1477 4434 καὶ
1521 4383 1799 4454 ἀληθινοῖς
1837 4384 1929 4438 δό-

345 4500 570 4554 γμασιν,
595 4479 961 4549 ἁπρόσδεκτος
994 4474 1089 4541 ὢν,
1117 4474 1217 4526 οὐκ
1248 4472 1556 4544 εἰσέρχεται
1587 4474 1669 4538 εἰς
1695 4474 1792 4546 τὴν
1818 4474 1925 4529 τῶν

345 4572 591 4646 οὐρανῶν
627 4569 926 4641 βασιλείαν.

424 4686 443 4718 ι
481 4665 601 4717 Ἔτι
643 4661 932 4723 λαλοῦντος
967 4658 1062 4711 τοῦ
1091 4657 1302 4728 Πέτρου
1338 4656 1408 4710 τά
1449 4659 1673 4729 ῥήματα
1720 4659 1924 4726 ταῦτα,

347 4759 508 4811 ἔπεσε
537 4757 598 4810 τὸ
623 4755 846 4827 Πνεῦμα
873 4753 932 4806 τὸ
954 4754 1107 4821 ἅγιον
1134 4751 1225 4804 ἐπὶ
1251 4750 1457 4815 πάντας
1481 4753 1606 4816 τοὺς
1632 4752 1926 4818 ἀκούοντας

347 4851 437 4903 τὸν
463 4849 638 4917 λόγον.
685 4866 703 4899 ι

348 4932 373 4944 “
417 4940 760 5011 Σημειωτέον
785 4937 984 4991 ὅτιούκ
1005 4935 1122 5010 [ἂν]
1141 4935 1313 4999 ἄλλως
1342 4936 1577 4989 ἐπέπεσε
1607 4936 1667 4989 τὸ
1698 4936 1924 5007 Πνεῦμα

345 5034 405 5086 τὸ
432 5034 585 5100 ἆγιον
613 5031 704 5084 ἐπὶ
724 5029 815 5083 τὸν
837 5028 1134 5098 Κορνήλιον
1160 5028 1253 5081 καὶ
1279 5027 1404 5090 τοὺς
1433 5028 1530 5079 σὺν
1560 5026 1728 5099 αὐτῷ,
1748 5030 1924 5082 καίτοι

350 5121 800 5195 μαρτνρηθέντας
844 5116 981 5170 εἶναι
1020 5116 1292 5180 θεοσεϐεῖς
1325 5118 1419 5170 καὶ
1447 5118 1722 5182 δικαίους,
1767 5121 1817 5172 εί
1849 5120 1923 5191 μὴ

348 5210 863 5284 προκατηχηθέντας
901 5209 993 5260 τὸν
1036 5209 1135 5278 τῆς
1175 5207 1412 5270 πίστεως
1462 5206 1643 5276 λόγον,
1686 5209 1924 5279 ἥκουσαν

349 5305 442 5358 καὶ
473 5302 819 5357 ἐπίστευσαν·
842 5299 917 5362 ὡς
947 5298 1040 5351 καὶ
1068 5297 1220 5349 ἐνθεν
1245 5297 1403 5366 δῆλον
1433 5293 1594 5364 εἶναι,
1624 5298 1708 5352 ὅτι
1734 5300 1761 5352 ὁ
1785 5299 1927 5353 ἐθνι-

350 5394 464 5458 κὸς,
493 5394 598 5446 κᾶν
627 5391 768 5445 πάνυ
796 5389 1002 5450 δίκαιος
1024 5384 1081 5459 ᾖ,
1111 5386 1370 5440 οὐδέποτε
1395 5388 1805 5460 μεταλαμϐάνει
1828 5390 1927 5461 τῆς

1960 4447 2004 4501 D

2039 1883 2228 1939 Simon
2253 1880 2343 1950 qui
2391 1875 2808 1948 cognominatur
2836 1877 3053 1940 Petrus,
3091 1876 3202 1931 illic
3234 1876 3461 1931 haberet
3509 1875 3614 1929 ho-

2036 1978 2282 2045 spitium.
2332 1974 2494 2029 Petro
2536 1981 2717 2027 autem
2761 1971 3036 2042 cogitante
3081 1971 3149 2025 de
3200 1970 3431 2035 visione,
3483 1969 3618 2024 dixit

2037 2069 2274 2140 Spiritus
2305 2068 2377 2121 ei.
2412 2085 2433 2119 ι

2106 2161 2413 2216 Notandum
2438 2158 2581 2229 quod
2618 2157 2911 2227 quemdam
2945 2155 3326 2212 auctoritatem
3358 2152 3462 2209 sibi
3487 2154 3618 2208 dare

2036 2268 2143 2309 non
2164 2260 2399 2322 oportet,
2426 2260 2481 2306 et
2506 2255 2779 2305 novitates
2797 2249 3055 2304 inducere
3083 2248 3149 2302 ad
3170 2247 3326 2301 ﬁdem
3355 2261 3370 2311 ;
3403 2242 3618 2315 quando

2035 2354 2156 2415 post
2190 2344 2459 2399 visionem
2484 2341 2678 2397 Petrus
2708 2342 2787 2396 sic
2817 2340 3057 2404 hmsilat,
3091 2353 3251 2404 quem
3293 2347 3348 2392 et
3383 2336 3619 2407 Spiritus

2037 2437 2271 2492 incitare
2309 2435 2488 2491 debet.
2520 2434 2745 2503 Oportet
2786 2447 2917 2500 ergo
2976 2440 3030 2484 et
3069 2430 3247 2484 divina
3297 2429 3617 2484 incitatione

2039 2526 2155 2580 ﬁeri
2184 2526 2328 2596 quod
2376 2533 2567 2580 contra
2618 2520 2861 2592 regulam
2902 2518 3137 2584 videtur,
3165 2517 3308 2573 sicut
3347 2530 3507 2585 supra
3550 2515 3618 2570 de

2035 2613 2266 2684 Philippi
2303 2613 2633 2684 baptismate
2681 2621 2934 2675 notatur;
2993 2621 3153 2679 quem
3203 2607 3449 2664 dicebam
3497 2606 3617 2661 dia-

2035 2722 2230 2763 conum
2259 2721 2364 2761 non
2397 2720 2554 2777 posse
2580 2706 2787 2773 absque
2817 2701 3141 2757 necessitate
3174 2700 3479 2769 baptizare.

2109 2796 2272 2852 Vnus.
2302 2794 2394 2851 26.
2428 2814 2445 2848 ι
2485 2795 2676 2851 Petrus
2714 2807 2846 2847 vero
2900 2791 3135 2846 elevavit
3187 2803 3312 2845 eum
3369 2789 3563 2845 dicens
3597 2805 3613 2843 :

2038 2887 2234 2960 Surge,
2269 2898 2324 2943 et
2347 2903 2448 2957 ego
2478 2888 2591 2956 ipse
2622 2888 2783 2941 homo
2810 2901 2927 2939 smn
2963 2900 2979 2950 ;
3016 2893 3071 2937 et
3107 2882 3336 2952 loquens
3366 2896 3489 2937 cum
3527 2879 3620 2936 illo

2036 2981 2359 3044 intravit,et
2402 2978 2610 3034 invenit
2635 2979 2835 3033 multos
2867 2975 2960 3045 qui
3000 2982 3395 3029 convenerant.
3434 2989 3454 3024 ι

2110 3070 2166 3125 Si
2196 3068 2390 3125 Petrus
2430 3068 2554 3123 talis
2596 3082 2704 3140 non
2750 3066 2969 3121 sinebat
3009 3071 3069 3117 ut
3096 3073 3220 3117 ante
3264 3063 3437 3132 ipsum
3489 3076 3619 3132 pro-

2034 3170 2395 3225 sterneretur,
2426 3174 2611 3229 parem
2637 3173 2695 3213 se
2722 3156 2999 3210 aestimans
3029 3152 3301 3220 Cornelio,
3336 3163 3391 3209 et
3422 3152 3473 3208 id
3491 3167 3616 3207 eum

2032 3254 2211 3307 adhuc
2230 3251 2481 3306 ethnicus
2512 3258 2678 3314 esset,
2708 3248 2833 3319 quid
2858 3247 3039 3302 dicere
3064 3255 3282 3318 oportet
3306 3245 3371 3302 de
3400 3245 3618 3301 caeteris

2030 3341 2342 3398 hominibus
2369 3340 2394 3393 ?

2108 3455 2267 3511 Vens.
2298 3454 2387 3511 28.
2433 3473 2452 3506 ι
2489 3452 2553 3507 Et
2584 3453 2713 3508 mihi
2746 3449 2983 3508 ostendit
3014 3446 3159 3504 Deus
3179 3447 3446 3503 neminem
3466 3460 3617 3501 com-

2030 3563 2248 3603 munem
2289 3555 2381 3600 aut
2412 3545 2744 3601 immundum
2771 3543 2952 3599 dicere
2984 3540 3280 3597 hominem.
3325 3556 3344 3590 ι

2101 3638 2404 3692 Notandum
2434 3638 2575 3707 quod
2601 3636 2745 3691 Deus
2769 3635 2882 3704 ipse
2913 3631 3110 3705 p0pulo
3128 3629 3437 3687 Christiano
3462 3643 3616 3684 man-

2033 3735 2201 3795 davit,
2260 3732 2532 3786 neminem
2585 3744 2928 3785 communem
2981 3736 3074 3782 aut
3109 3727 3447 3783 immundum
3486 3736 3616 3794 pro-

2033 3823 2307 3890 nuntiare,
2331 3821 2426 3876 sed
2474 3820 2777 3874 consociari
2821 3818 2993 3887 ipsis;
3032 3825 3287 3886 tanquam
3332 3828 3482 3884 spem
3513 3813 3613 3869 lia-

2031 3916 2220 3970 bentes
2250 3911 2550 3982 praesertim
2582 3911 2686 3966 ﬁde
2715 3910 2769 3964 in
2798 3908 3102 3963 Christum.

2102 4025 2266 4079 Vens.
2300 4023 2390 4078 55.
2426 4041 2445 4074 ι
2485 4022 2593 4078 Sed
2618 4022 2672 4077 in
2706 4021 2851 4077 omni
2904 4028 3068 4090 gente
3098 4018 3190 4088 qui
3225 4018 3379 4073 timet
3408 4031 3533 4073 eum
3560 4026 3616 4074 et

2032 4113 2585 4188 operaturjustitiam
2622 4120 2878 4183 acceptus
2907 4119 2992 4167 est
3030 4108 3127 4164 illi.
3169 4127 3189 4161 ι

2099 4208 2420 4277 Antequam
2456 4205 2712 4260 admittat
2752 4203 2845 4272 qui
2887 4211 3149 4272 operatur
3195 4199 3465 4269 justitiam
3516 4213 3614 4270 per

2032 4301 2193 4356 ﬁdem
2232 4300 2285 4355 in
2336 4298 2512 4367 ipsum
2570 4295 2820 4351 Christus
2859 4294 2913 4350 in
2946 4292 3266 4358 Ecclesiam,
3318 4302 3373 4346 et
3414 4290 3612 4347 divinis

2032 4393 2287 4462 verisque
2315 4388 2662 4460 dogmatibus
2704 4387 2863 4442 ﬁdem
2909 4385 3128 4447 habeat,
3182 4400 3287 4439 non
3328 4394 3413 4439 est
3462 4397 3612 4439 acce-

2034 4496 2185 4555 ptus,
2220 4497 2327 4537 non
2363 4481 2532 4536 intrat
2557 4480 2609 4534 in
2640 4478 2906 4534 cmlorum
2939 4492 3187 4546 regnum.

2108 4657 2277 4712 Vens.
2310 4656 2402 4712 44.
2446 4673 2465 4707 ι
2495 4655 2689 4711 Adhuc
2740 4654 2992 4725 loquente
3032 4653 3193 4707 Petro
3249 4652 3411 4706 verba
3472 4651 3609 4718 haec,

2033 4749 2230 4804 cecidit
2259 4748 2496 4816 Spiritus
2525 4756 2747 4802 sanctus
2785 4761 2948 4816 super
2973 4760 3164 4801 onmcs
3196 4744 3286 4815 qui
3318 4744 3610 4799 audiebant

2030 4838 2280 4894 verbum.
2322 4856 2341 4890 ι

2107 4930 2417 4986 Notandum
2447 4930 2589 4999 quod
2626 4944 2733 4984 non
2776 4927 2936 4984 aliter
2979 4928 3174 4984 cecidit
3209 4926 3447 4997 Spiritus
3476 4940 3610 4982 san-

2032 5034 2157 5080 ctus
2190 5036 2357 5092 super
2394 5021 2707 5076 Cornelium
2745 5031 2800 5076 et
2839 5037 2934 5077 eos
2978 5023 3068 5091 qui
3119 5037 3240 5075 cum
3277 5022 3395 5090 ipso
3428 5028 3606 5085 erant,

2032 5131 2163 5173 sane
2194 5114 2563 5171 testimOninm
2586 5115 2728 5185 quod
2759 5115 2831 5186 pii
2866 5121 2920 5170 et
2941 5114 3070 5183 jnsti
3114 5122 3296 5167 essent
3324 5113 3605 5177 habentes,

2044 5208 2148 5262 nisi
2183 5208 2325 5277 quod
2376 5206 2499 5261 ﬁdei
2545 5221 2853 5263 sermonem
2907 5206 3131 5259 auribus
3188 5204 3603 5274 percepissent;

2034 5299 2321 5353 audierunt
2348 5307 2402 5354 ct
2432 5299 2799 5354 crediderunt.
2843 5298 2968 5353 Inde
2989 5306 3132 5367 patet
3164 5296 3306 5365 quod
3334 5293 3605 5357 ethnicus.

2037 5390 2163 5447 licet
2186 5393 2409 5447 omnino
2449 5392 2631 5462 justus
2664 5394 2753 5457 sit,
2805 5402 3147 5459 nequaquam
3199 5385 3435 5455 Spiritus
3476 5382 3606 5438 doni

427 5568 604 5625 PCod.
629 5567 795 5641 Coisl.
825 5564 1114 5641 600~Jost_8ﬁ.
1194 5562 1307 5641 ‘I_C.
1342 5563 1506 5620 Coisl.
1541 5567 1750 5640 αὐτῷή
1780 5569 1930 5641 φωνή

2035 5567 2144 5641 ςϐ.
2164 5568 2327 5625 Coisl.
2348 5568 2610 5641 ὲπιτρεῖς.
2689 5576 2710 5604 ³
2736 5565 2871 5621 Cod.
2913 5560 3082 5641 Cpisl.
3106 5561 3188 5641 εἰς
3212 5560 3334 5633 τήν.
3415 5558 3435 5597 ί
3469 5558 3602 5641 (Sed.

351 5643 518 5700 Coisl.
584 5641 677 5693 καὶ
744 5640 821 5691 τό.
897 5634 1095 5699 υδὲξαι
1161 5636 1323 5701 prim.
1382 5651 1528 5695 man.
1564 5634 1710 5694 corr.

352 5710 650 5769 πιστεύσει.
692 5709 819 5780 Leg.
856 5706 959 5767 κᾷν
987 5704 1270 5778 πιστεύσῃ.

1748 5628 1930 5709 postea

2035 5638 2236 5702 ξασθαι.
2312 5647 2340 5677 ν
2380 5628 2734 5693 Ριὶἱιι.ἠιηη.
2784 5631 3055 5705 πιστεύσῃ
3103 5631 3227 5687 dein
3266 5628 3434 5687 'corr.
3472 5628 3604 5699 aliq.
