4068 6126
514 235 654 303 1539

1681 226 2021 289 AMMONII
2064 227 2603 289 ALEXANDRINI

3670 222 3796 292 1540

513 348 789 420 particeps
838 345 1129 418 accipitur,
1176 343 1270 415 qui
1313 356 1455 400 verae
1499 340 1622 397 lidei
1675 355 1783 396 non
1818 342 2094 411 particeps

2202 339 2289 393 τοῦ
2324 338 2645 411 Πνεύματος
2684 339 2895 410 δωρεᾶς
2916 380 2932 406 ,
2969 338 3240 410 ἀμέτοχος
3283 336 3357 391 ὢν
3384 334 3489 391 καὶ
3524 337 3794 405 ἄγνωστος

512 449 569 495 et
606 439 843 496 nescius.

1158 545 1315 603 CAP.
1353 545 1445 601 XI.

550 692 559 699 -
613 663 776 719 Vens.
837 660 924 715 I8.
979 678 1000 712 ‹
1063 658 1522 714 Gloriﬁcavcrunt
1587 657 1757 713 Deum
1812 659 2096 713 dicentes:

517 754 660 824 Ergo
685 760 739 806 et
756 750 1007 820 gentibus
1023 749 1398 819 paenitentiam
1423 748 1571 803 dedit
1594 748 1734 803 Deus
1761 748 1827 802 ad
1856 749 2044 802 vitam.
2075 768 2093 801 ι

581 843 717 910 Quia
750 841 883 896 tides
910 842 965 895 in
995 839 1275 895 Christum
1324 841 1701 910 paenitentiam
1742 838 1969 908 habens,
2002 854 2101 911 pro

514 937 600 991 his
625 935 713 1004 qui
747 948 936 1014 recens
965 934 1140 1006 parati
1170 941 1300 989 sunt
1329 941 1383 989 et
1411 933 1663 1003 dogmata
1691 932 2003 998 audierunt,
2031 933 2099 986 ad

513 1029 679 1083 vitam
711 1027 953 1082 adducit.

523 1137 527 1141 ν
590 1115 753 1173 Vsus.
812 1117 904 1172 ‘26.
956 1135 974 1169 ι
1008 1116 1075 1171 Et
1110 1114 1576 1185 cognominavisse
1625 1114 1859 1185 primum
1906 1112 2101 1169 Antio-

512 1209 649 1265 cilia:
676 1208 972 1277 discipulos
1007 1206 1367 1262 Christianos.
1404 1225 1424 1259 ι

573 1297 880 1354 Notandum
924 1297 1065 1367 quod
1098 1297 1396 1365 praesertim
1427 1294 1496 1349 ob
1529 1293 1631 1349 hoc
1657 1295 1788 1350 sede
1840 1295 2097 1365 primaria

515 1391 736 1460 dignata
768 1389 843 1443 sit
883 1388 1197 1455 Antiochia,
1245 1387 1298 1440 in
1325 1400 1429 1455 qua
1457 1385 1691 1455 primunt
1729 1385 2096 1456 COgnominati

514 1491 640 1537 sunt
674 1481 858 1534 ﬁdeles
881 1477 1195 1533 Christiani.

577 1570 738 1627 Vens.
771 1570 858 1626 3t).
891 1588 911 1623 ι
946 1569 1222 1625 Mittentes
1250 1568 1316 1624 ad
1347 1568 1588 1625 seniores
1619 1583 1716 1639 per
1744 1582 1940 1643 manus
1960 1568 2097 1624 Bar-

408 1740 411 1745 η
513 1666 669 1720 ιιιώω
705 1672 760 1719 et
782 1663 954 1718 Sauli.
991 1681 1010 1715 ι

570 1758 760 1826 Itaque
804 1755 1081 1810 seniorum
1130 1752 1407 1808 habebant
1453 1752 1778 1823 dignitatem
1834 1751 2093 1824 apostoli,

514 1848 657 1920 quod
689 1856 742 1902 et
772 1845 826 1900 in
861 1845 967 1899 alio
997 1854 1242 1898 notatum
1272 1852 1357 1899 est
1390 1843 1592 1914 capite.

1138 1956 1293 2012 CAP.
1333 1954 1454 2010 XII.

571 2072 740 2129 Vens.
775 2071 827 2129 1.
867 2088 887 2123 ι
924 2070 1124 2127 Eodem
1150 2080 1332 2128 autem
1362 2079 1614 2142 tempore
1669 2072 1820 2129 misit
1858 2073 2101 2132 Herodes

511 2182 614 2222 rex
646 2180 840 2222 manus
877 2173 937 2219 ut
966 2161 1230 2236 aﬂligeret
1267 2163 1533 2233 quosdam
1569 2163 1637 2219 de
1666 2162 1927 2221 Ecclesia.
1965 2183 1986 2218 ι

571 2345 707 2401 Vide
736 2343 880 2416 quod
917 2342 1105 2399 ﬁdeles
1131 2342 1382 2398 homines
1411 2350 1467 2397 et
1498 2341 1715 2398 illorum
1745 2346 2100 2415 congregatio

510 2437 755 2495 Ecclesia
778 2445 1025 2492 vocatur.

564 2528 733 2584 Vens.
762 2528 818 2583 2.
856 2545 875 2580 ι
919 2523 1131 2582 Occidit
1160 2533 1339 2580 autem
1366 2522 1627 2580 Iacobum
1664 2523 1889 2582 fratrem
1924 2524 2095 2583 Joan-

511 2622 598 2678 nis
633 2621 831 2691 gladio.
871 2638 892 2673 ι

552 2711 879 2785 Notandum
936 2709 1082 2781 quod
1138 2705 1372 2764 Iacobus
1432 2707 1640 2778 primus
1692 2717 1900 2782 martyr
1929 2708 2030 2765 fuit
2068 2725 2100 2767 e

512 2805 793 2862 duodecim
847 2801 1129 2871 discipulis
1180 2800 1250 2856 ab
1309 2798 1525 2856 Herode
1568 2812 1664 2855 aut
1697 2810 1969 2857 mactatus
2003 2812 2099 2859 aut

511 2898 687 2965 capite
715 2903 1021 2950 truncatus.

580 2987 750 3042 Vens.
777 2986 864 3038 12.
906 3002 927 3036 ι
964 2984 1125 3040 Venit
1154 2984 1222 3039 ad
1248 2983 1468 3038 domum
1506 2982 1690 3038 Mariae
1723 2984 1915 3041 matris
1934 2983 2099 3040 Joan-

2201 431 2303 502 τῆς
2332 431 2597 504 ἀληθινῆς
2633 433 2893 494 πίστεως.

2794 544 3047 600 ΚΕΦΑΛ.
3086 540 3187 598 IA'.

2277 628 2306 709 ί
2344 654 2626 722 Ἐδόξαζον
2652 654 2745 710 τὸν
2782 654 2937 720 Θεὸν,
2966 653 3215 723 λέγοντες
3244 667 3259 683 ⁸
3295 654 3442 723 ’Δρα
3466 667 3537 719 γε
3573 650 3668 705 καὶ
3696 654 3792 714 τοῖς

2203 748 2415 805 ἔθνεσιν
2442 752 2471 803 6
2502 749 2634 812 Θεὸς
2658 748 2759 820 τὴν
2795 748 3084 819 μετάνοιαν
3121 748 3202 809 εἰς
3232 745 3377 816 ζωὴν
3404 744 3641 798 ἔδωκεν.
3675 763 3694 797 ι

2275 842 2399 896 Ὀτι
2432 844 2467 914 ἡ
2496 842 2578 906 είς
2609 840 2847 912 Χριστὸν
2876 840 3083 904 πίστις,
3133 838 3432 909 μετάνοιαν
3471 837 3678 906 ἔχουσα
3711 839 3787 889 ἐπ’

2202 937 2316 1000 τοῖς
2352 933 2546 1006 πρώην
2574 934 2898 1007 πραχθεῖσιν
2929 932 3113 996 αὐτοῖς
3142 930 3177 1002 ἢ
3214 929 3691 1000 δογματισθεῖσιν,
3722 932 3792 993 είς

2204 1025 2351 1095 ζωὴν
2380 1025 2529 1095 ἄγει.

2279 1137 2297 1169 t
2336 1117 2689 1189 Χρηματίσαι
2730 1133 2790 1169 τε
2826 1114 3060 1187 πρώτως
3095 1115 3154 1168 ὲν
3195 1112 3513 1182 Ἀντιοχείᾳ.
3538 1113 3663 1176 τοὺς
3696 1128 3785 1182 μι-

2203 1209 2372 1281 θητὰς
2401 1207 2786 1280 Χριστιανούς.
2823 1226 2842 1259 ι
3718 1243 3723 1249 .

2273 1301 2616 1373 Σημειωτέον
2677 1301 2759 1355 ὅτι
2811 1299 3012 1370 μᾶλλον
3062 1298 3151 1353 διὰ
3196 1298 3355 1353 τοῦτο
3407 1300 3445 1370 ἡ
3512 1297 3786 1369 Ἀντιόχεια

2203 1392 2395 1465 θρόνου
2425 1392 2630 1465 ἠξιώθη
2657 1393 3005 1464 ἀρχοντικοῦ⁶
3033 1393 3222 1465 ἐπειδὴ
3244 1384 3364 1446 ἐκεῖ
3388 1391 3614 1464 πρῶτον
3644 1392 3787 1461 ἐχρη-

2204 1486 2438 1557 μάτισαν
2468 1483 2519 1537 οἱ
2556 1483 2740 1537 πιστοὶ
2768 1483 3107 1553 Χριστιανοί.

2303 1599 2320 1628 ι
2365 1575 2811 1638 Ἀποστείλαντες
2868 1574 3007 1646 πρὸς
3065 1573 3193 1639 τοὺς
3251 1571 3670 1644 πρεσϐυτέρους
3711 1567 3783 1622 διὰ

2203 1668 2383 1741 χειρὸς
2416 1666 2673 1739 Βαρνάϐα
2699 1666 2795 1720 καὶ
2818 1664 3047 1743 Σαύλου.
3088 1684 3106 1716 ι

2276 1762 2438 1816 Ὥστε
2476 1757 2568 1814 οὖν
2616 1760 2711 1813 καὶ
2751 1757 3138 1830 πρεσϐυτέρων
3178 1753 3323 1829 εῐχον
3362 1758 3530 1825 ἀξίαν
3564 1760 3612 1812 οἱ
3662 1756 3779 1812 ἁπό-

2201 1853 2400 1907 στολοι·
2439 1853 2536 1905 καὶ
2562 1853 2618 1904 ὲν
2649 1850 2795 1922 ἄλλῳ
2825 1850 2883 1902 δὲ
2903 1849 3189 1921 κεφαλαίῳ
3217 1850 3626 1921 σεσημείωται.

2790 1963 3047 2018 ΚΕΦΑΛ.
3089 1961 3192 2017 ῙΒ’.

2274 2091 2293 2124 ι
2330 2072 2469 2126 Κατ’
2495 2071 2702 2124 ἐκεῖνον
2731 2069 2790 2122 δὲ
2823 2067 2914 2122 τὸν
2948 2067 3142 2136 καιρὸν
3182 2065 3463 2121 ἐπέϐαλεν
3504 2063 3772 2138 Ἡρώδηςὸ

2201 2157 2452 2230 βασιλεὺς
2491 2158 2592 2220 τὰς
2626 2158 2817 2229 χεῖρας
2874 2154 3126 2210 κακῶσαί
3169 2170 3325 2219 τινας
3378 2154 3499 2210 τῶν
3548 2153 3648 2208 ἀπὸ
3686 2154 3769 2223 τῆς

2211 2250 2564 2322 Ἐκκλησίας.
2601 2267 2620 2301 ι

2268 2341 2378 2395 Θέα
2406 2342 2489 2395 ὅτι
2506 2341 2555 2392 οἱ
2575 2339 2758 2393 πιστοὶ
2781 2338 2991 2410 ἄνδρες,
3021 2338 3201 2392 καὶτὸ
3225 2337 3285 2405 ἐξ
3312 2338 3502 2393 αὐτῶν
3526 2339 3762 2408 σύστημα,

2212 2427 2512 2507 Ἐκκλησία
2548 2434 2821 2489 καλεῖται.

2276 2548 2295 2582 ι
2350 2529 2555 2582 Ἀνεῖλε
2587 2528 2645 2581 δὲ
2688 2525 2947 2581 Ἰάκωϐον
2999 2526 3092 2579 τὸν
3132 2524 3370 2594 ἀδελφὸν
3409 2522 3651 2582 Ἰωάννου
3679 2540 3761 2594 μα-

2198 2621 2386 2694 χαίρᾳ.
2427 2639 2444 2673 r

2272 2712 2615 2785 Σημειωτέον
2669 2713 2754 2766 ὅτι
2820 2710 3076 2775 Ἰάκωϐος
3127 2707 3353 2781 πρῶτος
3413 2707 3760 2781 ἐμαρτύρησεν

2198 2806 2307 2860 ἀπὸ
2333 2804 2441 2859 τῶν
2471 2804 2681 2859 δώδεκα
2706 2804 2993 2877 μαθητῶν,
3023 2801 3130 2857 ὑπῦ
3164 2803 3411 2875 Ἡρώδου
3433 2802 3467 2873 ἢ
3501 2797 3759 2871 σφαγεὶςῆ

2204 2897 2549 2970 ἀποτμηθεὶς
2571 2898 2670 2969 τὴν
2699 2899 2969 2969 κεφαλήν.

2277 3011 2297 3045 ‹
2321 2987 2524 3045 Ἦλθεν
2556 2990 2647 3043 ἐπὶ
2672 2990 2771 3061 τὴν
2796 2988 2975 3043 οἰκίαν
2998 2988 3219 3059 Μαρίας
3241 2987 3344 3058 τῆς
3367 2986 3567 3059 μητρὸς
3603 2982 3761 3037 Ἰωάν-

514 3079 598 3136 nis
649 3079 741 3148 qui
804 3074 1216 3146 cognominatus
1246 3083 1330 3129 est
1364 3073 1600 3140 Marcus,
1630 3076 1720 3130 ubi
1751 3085 1908 3131 erant
1943 3077 2096 3132 multi

2202 3102 2294 3138 vou
2328 3082 2425 3137 τοῦ
2458 3081 2894 3152 ἐπικαλουμένου
2921 3080 3174 3151 Μάρκου,
3209 3074 3273 3134 οὗ
3299 3075 3440 3150 ἦσαν
3466 3076 3631 3131 ἱκανοὶ
3654 3090 3762 3126 ow-

512 3169 827 3241 congregati
850 3176 904 3223 et
936 3174 1177 3221 orantes.
1219 3181 1240 3216 ι

569 3261 779 3316 Forsan
806 3259 910 3313 iste
940 3264 1026 3312 est
1060 3253 1276 3310 Marcus
1317 3252 1651 3324 evangelista
1677 3269 1775 3324 per
1802 3271 1960 3325 quem
2015 3259 2099 3313 di.

513 3362 644 3408 cunt
664 3350 884 3405 Petrum
915 3345 1271 3417 Evangelium
1303 3344 1717 3401 disseminasse.
1759 3347 1897 3402 Nam
1926 3348 2095 3406 Marci

516 3441 886 3511 Evangelium,
911 3440 1069 3509 .Pelri
1099 3438 1301 3493 dicitur
1327 3450 1454 3492 esse
1482 3452 1498 3502 ;
1532 3438 1675 3505 quod
1698 3439 1993 3496 verisimile
2015 3451 2100 3498 est

512 3549 579 3589 ex
604 3547 669 3588 eo
703 3532 849 3603 quod
879 3538 934 3586 et
978 3528 1120 3599 apud
1144 3528 1320 3596 ipsum
1348 3538 1697 3584 remanerent
1727 3539 1783 3586 et
1819 3529 2017 3589 Petrus
2045 3544 2100 3590 et

513 3623 727 3696 reliqui.

567 3711 836 3770 Vsas.i5.
871 3728 890 3763 ι
926 3708 1004 3765 llli
1033 3715 1217 3763 autem
1246 3706 1525 3763 dicebant:
1547 3707 1787 3780 Angelus
1804 3712 1920 3781 ejus
1944 3719 2046 3768 est.
2074 3730 2093 3765 ι

576 3803 831 3858 Attamen
898 3798 1197 3855 notandum
1260 3799 1313 3853 in
1372 3798 1568 3870 primis
1619 3801 1762 3869 quod
1814 3802 2096 3858 hominum

514 3896 883 3966 unusquisque
907 3892 1007 3947 viae
1051 3890 1329 3946 custodem
1385 3890 1568 3958 habet,
1597 3901 1654 3947 et
1702 3894 1843 3962 quod
1894 3894 2099 3950 indesi-

516 3999 711 4044 nenter
751 3985 976 4056 angelos
998 3981 1425 4039 considerabant
1472 3983 1683 4048 ﬁdeles,
1718 3986 1861 4040 sicut
1887 3984 2098 4055 Philip-

514 4096 615 4152 pus
664 4091 720 4134 et
767 4078 912 4133 Petri
965 4087 1020 4131 et
1068 4074 1297 4130 Joannis
1343 4075 1498 4143 sacii,
1552 4086 1607 4131 et
1656 4075 1797 4144 alii;
1851 4078 2098 4137 inﬁdeles

514 4174 659 4228 enim
686 4186 792 4225 non
820 4168 1021 4235 vident,
1055 4167 1181 4223 licet
1203 4182 1307 4224 non
1341 4167 1498 4240 longe
1542 4169 1651 4224 sint
1679 4170 1748 4225 ab
1791 4171 1913 4227 illis.
1938 4171 2099 4229 Certe

516 4279 624 4319 non
653 4261 786 4317 vidit
815 4260 990 4331 ipsum
1017 4260 1415 4331 percutientem
1434 4261 1684 4331 angelum
1713 4262 1972 4328 Herodes,
2000 4267 2097 4320 sed

2204 3172 2559 3245 ηθροισμένοι
2592 3175 2686 3226 καὶ
2713 3170 3167 3249 προσευχόμενοι.
3205 3189 3225 3222 ι

2273 3264 2431 3336 Τάχα
2476 3258 2634 3328 οὗτός
2678 3266 2796 3318 ἐστι
2830 3264 3058 3335 Μάρκος
3099 3264 3127 3315 6
3174 3259 3572 3331 εὐαγγελιστὴς,
3608 3256 3672 3309 δι’
3693 3248 3752 3309 οὗ

2201 3354 2450 3423 λέγουσιν
2477 3356 2557 3408 ὅτι
2594 3354 2800 3426 Πέτρος
2833 3352 3227 3423 εὐαγγελίσατο
3249 3361 3292 3388 κ·
3322 3354 3381 3404 τὸ
3405 3350 3510 3420 γὰρ
3534 3346 3754 3416 Μάρκου

2201 3448 2553 3518 Εὑαγγέλιον,
2579 3449 2792 3521 Πέτρου
2813 3448 3032 3518 λέγεται
3063 3442 3227 3502 εἶναι·
3253 3446 3467 3508 πιθανὸς
3482 3445 3535 3499 δὲ
3562 3445 3589 3497 6
3614 3441 3756 3510 λόγος

2200 3542 2260 3610 ἐξ
2287 3535 2362 3597 ὧν
2391 3542 2487 3597 καὶ
2523 3543 2659 3614 πρὸς
2685 3543 2848 3596 αὑτὸν
2882 3541 3189 3612 κατέμενον
3216 3543 3244 3596 ὅ
3283 3560 3339 3596 τε
3372 3540 3574 3611 Πέτρος
3595 3537 3679 3590 καὶ
3712 3535 3755 3588 οἱ

2199 3634 2400 3689 λοιποί.

2275 3745 2296 3781 t
2334 3729 2398 3782 υἱ
2424 3727 2481 3782 δὲ
2508 3726 2692 3795 ἔλεγον
2711 3741 2724 3755 ·
2755 3725 2814 3779 ’0
2847 3725 3076 3796 ἄγγελος
3109 3722 3276 3779 αὐτοῦ
3306 3726 3501 3779 ἐστιν.»

2271 3819 2422 3883 Τέως
2459 3818 2796 3889 σημειωτέον
2846 3819 2905 3872 ἐν
2952 3817 3227 3888 πρώτοις,
3277 3818 3360 3872 ὃτι
3402 3818 3622 3879 ’ἕκαστος
3662 3813 3751 3866 τῶν

2200 3909 2505 3981 ἀνθρώπων
2536 3909 2649 3980 ἔχει
2670 3910 2881 3981 ὁδηγόν·
2915 3910 3011 3964 καὶ
3032 3909 3114 3963 ὅτι
3138 3909 3387 3981 συνεχῶς
3417 3909 3594 3981 ἐώρων
3616 3905 3751 3973 ἀγγέ-

2198 4002 2325 4066 λους
2354 4004 2402 4056 οἱ
2433 4001 2634 4055 πιστοί·
2662 4001 2738 4065 ὡς
2776 4003 2805 4055 6
2831 4001 3098 4065 Φίλιππος
3129 4004 3221 4054 καὶ
3249 4003 3298 4055 οἱ
3342 4002 3473 4071 περὶ
3503 4011 3525 4048 3‘
3579 3998 3748 4066 Πέτρον

2199 4096 2295 4150 καὶ
2336 4095 2588 4168 Ἰωάννην
2614 4096 2711 4149 καὶ
2738 4095 2788 4148 οἱ
2817 4094 2990 4150 ἄλλοι·
3013 4095 3062 4147 οἱ
3086 4094 3197 4165 γὰρ
3225 4094 3452 4160 ἄπιστοι
3476 4094 3571 4164 οὐχ
3592 4089 3746 4161 ὁρῶσι,

2199 4188 2302 4242 κᾶν
2341 4187 2571 4257 πλησίον
2597 4181 2729 4241 ὦσιν
2756 4186 2958 4240 αὐτῶν⁸
2989 4186 3182 4258 ἀμέλει
3206 4187 3235 4240 6
3276 4184 3529 4257 Ἡρώδης
3555 4185 3643 4238 οὐκ
3664 4175 3746 4234 εἶδε

2200 4280 2291 4333 τὸν
2322 4278 2644 4343 πατάξαντα
2667 4278 2830 4333 αὑτὸν
2855 4277 3090 4347 ἄγγελον
3109 4293 3127 4309 ⁵
3158 4277 3297 4331 ἀλλὰ
3318 4278 3424 4350 τῆς
3454 4277 3552 4349 μὲν
3572 4272 3748 4345 πληγῆς

516 4357 732 4426 plagam
765 4355 957 4421 sensit;
988 4352 1113 4423 quis
1135 4367 1263 4409 vero
1284 4354 1596 4424 percutiens
1620 4364 1761 4420 erat,
1796 4357 1940 4412 hunc
1989 4371 2095 4413 non

2204 4370 2424 4443 ᾔσθετο,
2459 4369 2545 4434 τίς
2567 4370 2620 4423 δὲ
2646 4370 2674 4422 ὁ
2699 4368 2908 4442 πλήξας
2932 4368 3034 4423 οὐκ
3066 4367 3354 4423 ἐθεάσατο.

515 4448 651 4503 vidit
680 4445 939 4501 Herodes.

1155 4556 1307 4613 CAP.
1351 4556 1491 4613 XIII.

575 4675 742 4732 Vzas.
781 4675 833 4730 1.
865 4692 884 4726 ι
922 4673 1087 4728 Erant
1114 4682 1294 4729 autem
1326 4673 1381 4728 in
1421 4672 1663 4729 Ecclesia
1703 4689 1823 4745 quae
1848 4677 2102 4732 eratAn-

519 4771 734 4824 tiochite
764 4768 1043 4838 prophetae
1067 4775 1122 4821 et
1142 4765 1394 4822 doctores
1420 4766 1473 4821 in
1495 4767 1713 4837 quibus,
1739 4766 2012 4825 Barnabas
2045 4780 2104 4826 ct

521 4864 712 4918 Simon
746 4861 840 4932 qui
883 4859 1180 4916 vocabatur
1222 4858 1408 4929 Niger,
1460 4869 1516 4917 et
1560 4859 1763 4917 Lucius
1814 4860 2098 4932 Cyrcnen-

518 4955 620 5019 sis,
657 4973 676 5007 ι
715 4964 825 5009 etc.

582 5049 888 5104 Notandum
915 5047 1057 5115 quod
1087 5054 1145 5099 et
1179 5042 1378 5099 Paulus
1401 5052 1456 5099 et
1493 5042 1771 5101 Barnabas
1809 5060 1933 5101 cum
1975 5062 2095 5118 pro-

522 5140 700 5210 phetis
739 5138 1109 5194 includuntur.

572 5251 591 5285 ι
623 5231 688 5286 Ει
714 5230 1004 5295 Manahen,
1045 5227 1136 5299 qui
1171 5236 1291 5284 erat
1324 5225 1554 5284 Herodis
1598 5229 1887 5285 tetrarchae
1932 5229 2100 5285 colla-

522 5333 764 5379 ctaneus.
800 5340 820 5375 ι

576 5413 717 5469 Ecce
759 5409 1179 5482 uniuscujusque
1220 5425 1423 5479 mores,
1467 5424 1566 5466 nec
1616 5409 1806 5481 prima:
1854 5408 2102 5465 infantia:

2809 4567 3061 4622 ΚΕΦᾹΛ.
3096 4565 3199 4622 Il".

2283 4701 2301 4734 ι
2338 4677 2522 4736 *Ησαν
2553 4679 2611 4735 δέ
2656 4696 2800 4744 τινες
2843 4681 2902 4735 ἐν
2949 4679 3252 4751 Ἀντιοχείᾳ
3298 4678 3444 4733 κατά
3491 4675 3586 4746 τὴν
3617 4665 3748 4724 οὖσαν

2219 4770 2547 4840 Ἐκκλησίαν
2579 4769 2855 4840 προφῆται
2887 4770 2981 4822 καὶ
2998 4767 3334 4834 διδάσκαλοι,
3363 4768 3394 4820 6
3419 4784 3479 4820 τε
3503 4757 3746 4833 Βαρνϋις

2209 4861 2307 4915 καὶ
2353 4860 2576 4930 Συμεὼν
2627 4860 2656 4911 ὁ
2708 4858 3037 4930 καλούμενος
3087 4859 3285 4930 Νίγερ,
3338 4856 3435 4910 καὶ
3484 4842 3749 4908 Λούκιοςὸ

2210 4953 2537 5024 Κυρηναῖος.
2579 4970 2599 5004 ι

2281 5021 2627 5116 ἶτίμειωτέον
2674 5044 2758 5097 ὅτι
2805 5045 2898 5097 καὶ
2942 5042 3155 5105 Παῦλος
3183 5041 3278 5096 καὶ
3326 5035 3604 5111 Βαρνάϐας
3640 5021 3749 5099 μετὰ

2206 5134 2313 5188 τῶν
2347 5135 2643 5207 προφητῶν
2677 5134 3083 5205 κατετάγησαν.

2285 5246 2304 5279 ι
2336 5229 2567 5299 Μαναήν
2596 5244 2655 5282 τε
2700 5227 2761 5281 Ἦ
2774 5226 2942 5297 ρώδου
2968 5224 3064 5280 τοῦ
3094 5222 3395 5295 τετράρχου
3418 5219 3743 5288 σύντροφοςοθ

2296 5418 2428 5473 Ἰδοὺ
2457 5421 2486 5473 6
2508 5422 2707 5496 τρόπος
2737 5421 2994 5489 ἑκάστου,
3036 5420 3131 5474 καὶ
3153 5417 3255 5472 οὐκ
3286 5419 3349 5471 ὲκ
3376 5426 3397 5453 ι
3431 5410 3612 5472 παιδὸς
3637 5405 3743 5459 ἀνα·

596 5558 618 5585 ι
649 5544 784 5609 Cod,
814 5544 981 5601 Coisl.
1015 5546 1171 5617 εὐηγ.
1248 5554 1276 5594 1
1316 5544 1450 5601 Cod.
1481 5543 1644 5601 Coisl.
1686 5543 1716 5596 6
1742 5540 1891 5613 περί.
1968 5550 1992 5579 ι
2019 5541 2096 5598 Co

2202 5547 2354 5606 Zoisl.
2389 5553 2542 5626 οὖχή
2578 5557 2663 5611 ἐκ.

599 5656 710 5728 (l2)
738 5656 866 5713 Cod.
896 5657 1063 5713 Coisl.
1093 5659 1206 5713 inec
1239 5658 1525 5713 Ammonio
1555 5655 1817 5726 assignat.
