4068 6126
358 236 488 306 1541

1260 246 1722 314 FRAGMENTA
1766 247 1848 308 IN
1895 250 2083 310 ACTA
2121 252 2703 318 APOSTOLORUM.

3489 256 3627 326 1542

348 360 524 431 τροφὴ
556 358 754 425 σώζει·
794 359 957 431 βλέπε
985 358 1094 431 γὰρ
1121 358 1239 423 πῶς
1270 361 1300 414 ό
1347 360 1449 431 μὲν
1497 361 1747 434 Ἡρώδης
1776 364 1932 418 κάκι·

2042 367 2290 423 educatio
2319 369 2511 424 salvat.
2583 368 2713 426 Vide
2742 382 2903 439 quam
2926 370 3197 439 pessimus
3228 378 3343 426 eral
3373 370 3476 428 iste
3515 375 3626 429 lle-

351 468 477 515 στος
505 448 592 522 ἦν,
635 453 710 523 μὴ
748 452 1029 523 βουληθεὶς
1059 451 1418 523 μετανοῆσαι·
1452 451 1482 505 ὁ
1501 451 1558 506 δὲ
1587 452 1780 507 τούτου
1812 453 1938 509 σύν·
1978 521 1984 527 ν

349 560 549 613 τροφος
578 544 825 615 Μαναὴν,
855 542 1111 597 τοσοῦτον
1157 541 1502 615 μετεϐλήθη,
1545 544 1628 598 ὄτι
1667 545 1763 600 καὶ
1800 563 1936 618 προ·-

353 633 580 703 φητείας
604 631 830 704 ἠξιώθη.

428 741 448 774 ι
495 722 968 795 Λειτουργούντων
998 724 1056 778 δὲ
1097 724 1279 779 αὐτῶν
1343 724 1420 797 τῷ
1464 724 1659 798 Κυρίῳ
1701 726 1796 782 καὶ
1837 745 1936 799 νη-

353 815 673 879 στευόντων,
704 811 825 869 εἷπε
854 818 916 869 τὸ
946 816 1174 888 Πνεῦμα
1196 817 1257 871 τὸ
1294 815 1507 886 ἅγιον.»

424 907 767 977 Σημειωτέον
802 908 885 960 ὅτι
920 908 981 961 ού
1010 911 1123 972 τοῖς
1155 908 1387 979 τυχοῦσι
1418 908 1571 962 λαλεῖ
1607 910 1667 964 τὸ
1708 909 1938 982 Πνεῦμα

348 997 413 1049 τὺ
451 997 628 1062 ἅγιον,
678 996 816 1051 ἁλλά
868 1000 982 1063 τοῖς
1030 999 1443 1072 λειτουργοῦσιν
1492 1000 1643 1073 αύτῷ
1700 1004 1797 1056 καὶ
1841 1019 1938 1074 νη-

353 1087 622 1140 στεύουσι·
652 1089 746 1141 καὶ
791 1088 954 1143 πάλιν
987 1091 1344 1161 σημειωτέον,
1371 1092 1453 1146 ὅτι
1482 1092 1581 1163 οὐχ
1629 1091 1705 1157 ὡς
1746 1091 1941 1163 ἔτυχεν

349 1178 716 1249 ἐχειροτόνουν
756 1181 883 1244 τοὺς
924 1180 1244 1248 διακόνους,
1280 1182 1421 1236 ἀλλά
1470 1182 1937 1255 προνηστεύοντες

351 1271 446 1323 καὶ
475 1271 780 1339 εὐχόμενοι·
820 1270 916 1324 καὶ
962 1271 1073 1326 ἰδοὺ
1106 1272 1269 1326 πάλιν
1312 1274 1591 1344 ἐπέθηκαν
1617 1274 1716 1338 τὰς
1748 1276 1939 1345 χεῖρας

347 1364 462 1424 τοῖς
487 1363 616 1432 περὶ
644 1361 868 1432 Σαῦλον·
898 1363 975 1427 ὡς
1004 1366 1069 1418 ὲκ
1101 1364 1295 1418 τούτου
1319 1365 1704 1436 στοχάζεσθαι,
1732 1366 1817 1419 ὅτι
1845 1365 1937 1419 τὸν

348 1449 441 1502 τοῦ
481 1450 730 1504 διακόνου
778 1452 984 1524 βαθμὸν
1023 1455 1114 1510 διά
1138 1456 1241 1528 τῆς
1268 1457 1665 1529 ἐπιγενομένης
1692 1456 1937 1529 χειροθε-

351 1542 472 1607 σίας
499 1544 870 1616 ὑπερέϐησαν.

428 1677 447 1708 ι
483 1659 639 1712 Μετά
669 1659 726 1711 δὲ
757 1658 853 1731 τὴν
876 1660 1186 1730 ἀνάγνωσιν
1212 1658 1307 1715 τοῦ
1330 1661 1498 1734 νόμου
1524 1661 1618 1716 καὶ
1648 1660 1762 1714 τῶν
1800 1677 1937 1733 προ-

352 1748 558 1819 φητῶν,
602 1748 929 1802 ἀπέστειλαν
976 1753 1026 1804 oi
1074 1753 1519 1823 ἀρχισυνάγωγοι
1563 1752 1702 1824 πρὸς
1738 1752 1936 1818 αὐτοὺς

350 1839 626 1907 λέγοντες·
657 1842 883 1911 ’Ἄνδρες
908 1842 1149 1914 ἀδελφοὶ,
1183 1846 1236 1897 εί
1262 1847 1346 1910 τίς
1370 1848 1519 1901 ἐστιν
1540 1847 1599 1900 ἐν
1621 1847 1751 1918 ὑμῖν
1782 1845 1936 1915 λόγος

349 1933 752 2004 παρακλήσεως
785 1936 921 2005 πρὸς
956 1936 1050 1990 τὸν
1078 1937 1226 2002 λαὸν,
1262 1939 1472 2007 λέγετε.
1513 1962 1533 1996 ι

425 2025 585 2088 Ἐθος
612 2028 726 2090 τοῖς
784 2028 1062 2093 Ἰουδαίοις
1109 2031 1170 2084 ὲν
1198 2033 1311 2096 τοῖς
1348 2033 1623 2094 Σάὄσασιν
1663 2042 1935 2116 ἀναγινώ-

351 2135 504 2171 σκειν
536 2119 628 2172 τὸν
650 2119 816 2186 νόμον
856 2122 1146 2187 Μωῦσέως
1185 2124 1282 2178 καὶ
1320 2126 1447 2191 τοὺς
1477 2134 1800 2206 προφήτας,’
1841 2140 1936 2194 καὶ

352 2209 491 2280 μετά
521 2209 622 2281 τὴν
644 2211 852 2265 τούτων
881 2213 1188 2282 ἀνάγνωσιν
1220 2219 1579 2289 προσομιλεῖν
1609 2226 1703 2279 καὶ
1728 2228 1936 2300 ἐξηγεῖ-

349 2301 511 2355 σθαι·
543 2303 625 2356 διὸ
654 2308 749 2357 καὶ
776 2306 824 2357 οἱ
866 2305 1140 2359 Ἰουδαίων
1170 2309 1612 2381 ἀρχισυνάγωγοι
1651 2318 1792 2386 μετά
1835 2320 1934 2392 τὴν

347 2394 657 2464 ἀνάγνωσιν
695 2398 1101 2469 προετρέποντο
1137 2401 1266 2465 τοὺς
1295 2402 1425 2472 περὶ
1457 2403 1671 2463 Παῦλον
1702 2409 1934 2481 λαλῆσαι

347 2490 773 2558 παραινετικοὺς
800 2490 994 2559 λόγους
1025 2494 1093 2563 τῇ
1128 2498 1448 2569 συναγωγῇ.

425 2618 443 2649 ι
484 2599 582 2652 Διά
612 2600 770 2654 τοῦτο
799 2602 926 2674 ὑμῖν
949 2603 1144 2673 ἄφεσις
1169 2605 1455 2678 ἁμαρτιῶν
1479 2612 1929 2681 καταγγέλλεται·

346 2692 442 2744 καὶ
464 2691 572 2744 ἀπὸ
608 2692 849 2759 πάντων,
883 2687 958 2747 ὧν
1002 2697 1105 2750 οὐκ
1134 2697 1443 2770 ἠδυνήθητε
1480 2701 1540 2757 ἐν
1575 2703 1726 2776 νόμῳ
1764 2706 1933 2760 Μωῦ-

348 2783 488 2846 σέως
510 2783 889 2856 δικαιωθῆναι,
920 2788 977 2840 ἐν
1005 2787 1183 2858 τούτῳ
1208 2792 1315 2857 πᾶς
1338 2792 1366 2844 ὁ
1392 2792 1667 2850 πιστεύων
1691 2795 1934 2852 δικαιοῦ-

344 2892 459 2930 ται.
500 2895 520 2928 ι
1234 2911 1257 2951 ι

415 2992 760 3064 Σημειωῖέον
806 2994 887 3047 ὅτι
919 2995 948 3047 ὁ
989 2997 1070 3060 εἰς
1098 2996 1191 3052 τὸν
1224 2999 1463 3071 Χριστὸν
1505 3004 1798 3073 πιστεύων,
1836 3009 1933 3063 καὶ

2042 460 2205 515 rodes
2243 460 2335 529 qui
2368 461 2610 517 converti
2639 462 2878 516 nolebat.
2927 461 3313 519 Collaetaneus
3343 463 3461 533 ejus
3509 465 3625 519 Ma-

2039 552 2221 607 nahen
2280 561 2544 622 quantum
2588 561 2831 608 mutatus
2879 552 2972 608 nui
3021 553 3162 608 dono
3206 554 3502 625 prophetia:
3544 557 3628 611 di-

2039 658 2178 712 gnus
2210 643 2519 700 haberetur.

2098 736 2261 791 Vens.
2293 736 2348 790 2.
2390 753 2412 789 ι
2440 735 2867 791 Ministrantibus
2904 744 3085 792 autem
3129 736 3238 793 illis
3281 736 3513 797 Domino
3564 748 3623 797 et

2033 825 2429 897 jejunantibus,
2455 828 2589 883 dixit
2619 827 2854 899 Spiritus
2884 838 3124 883 sanctus.
3162 845 3182 880 ι

2114 919 2421 975 Notandum
2453 921 2598 991 quod
2633 935 2738 974 non
2777 920 2825 975 ei
2853 920 2944 991 qui
2983 921 3192 990 primus
3218 921 3440 977 obvenit
3476 921 3624 978 fatur

2040 1012 2276 1082 Spiritus
2307 1022 2550 1076 sanctus,
2571 1013 2665 1067 sed
2693 1012 3128 1068 ministrantibus
3152 1022 3207 1068 et
3233 1013 3622 1085 jejunantibus.

2038 1101 2105 1158 Et
2128 1103 2321 1158 iterum
2346 1102 2641 1158 notandum
2662 1102 2804 1172 quod
2822 1117 2926 1157 non
2948 1102 3086 1157 sicut
3115 1103 3166 1157 in
3192 1119 3351 1158 manu
3372 1116 3490 1160 erat
3506 1121 3624 1161 ma-

2039 1210 2141 1250 nus
2173 1193 2547 1264 imposuerunt
2568 1207 2732 1263 super
2751 1192 3031 1259 diaconos,
3068 1193 3160 1248 sed
3189 1194 3338 1263 prius
3354 1211 3519 1265 super
3541 1195 3625 1265 je-

2032 1286 2289 1357 junantes
2310 1292 2598 1339 etorantes
2621 1300 2636 1346 ;
2661 1285 2755 1339 sed
2774 1298 2902 1339 ecce
2925 1285 3102 1340 adhuc
3136 1300 3326 1340 manus
3354 1286 3625 1355 imposue-

2039 1386 2168 1434 runt
2194 1393 2356 1446 super
2382 1375 2629 1431 Saulum.
2662 1375 2943 1445 Tanquam
2996 1375 3190 1430 exinde
3245 1391 3462 1431 omnem
3512 1376 3627 1446 pie-

2038 1477 2206 1525 tatem
2250 1468 2567 1535 inferentes,
2621 1469 2749 1537 quia
2805 1469 3019 1523 diaconi
3043 1468 3269 1539 gradum
3297 1483 3394 1538 per
3428 1483 3624 1539 super-

2038 1562 2349 1618 venientem
2378 1561 2777 1617 ordinationem
2810 1560 3166 1616 excedebant.

1966 1716 2011 1772 Β
2102 1678 2271 1734 Vsus.
2302 1676 2392 1732 15.
2427 1695 2448 1729 ι
2482 1675 2613 1732 Post
2634 1675 2925 1730 lectionem
2951 1682 3136 1728 autem
3165 1672 3298 1745 legis
3319 1684 3371 1730 et
3393 1673 3627 1743 prophe-

2041 1776 2241 1833 tarum,
2273 1767 2539 1822 miserunt
2582 1765 2854 1835 principes
2887 1779 3173 1835 synagoga
3208 1766 3276 1818 ad
3315 1779 3410 1819 eos
3436 1764 3624 1818 dicen-

2040 1868 2122 1914 tes
2155 1877 2170 1914 :
2212 1858 2324 1915 Viri
2353 1859 2573 1924 fratres,
2604 1859 2646 1912 si
2672 1855 2793 1928 quis
2821 1865 2907 1913 est
2944 1858 2999 1912 in
3031 1857 3186 1912 vobis
3225 1871 3407 1913 sermo
3427 1856 3626 1912 exhor-

2041 1947 2263 2002 tationis
2288 1946 2354 2001 ad
2392 1946 2604 2016 plebem
2632 1946 2815 2002 dicite.
2859 1964 2880 1999 ο

2095 2037 2211 2094 Mos
2242 2040 2383 2107 apud
2433 2053 2526 2094 eos
2555 2038 2818 2093 Sabbatis
2846 2038 3061 2107 legendi
3114 2038 3316 2109 Moysis
3367 2037 3539 2108 legem
3569 2045 3626 2094 et

2037 2130 2331 2200 prophetas
2365 2144 2382 2194 ;
2417 2139 2470 2184 et
2495 2138 2616 2199 post
2651 2129 2868 2184 illorum
2903 2128 3101 2199 legem,
3151 2131 3469 2185 concionem
3522 2133 3623 2185 ha-

2036 2220 2167 2275 bere
2191 2229 2245 2273 et
2270 2218 2562 2287 explanare
2593 2235 2609 2284 ;
2646 2218 2832 2288 itaque
2855 2228 2910 2273 et
2941 2217 3249 2273 Iudaeorum
3311 2220 3625 2291 archisyna—

2037 2312 2157 2382 gogi
2191 2320 2313 2381 post
2360 2310 2651 2365 lectionem
2702 2309 2929 2364 Paulum
2977 2318 3032 2365 et
3064 2324 3159 2365 eos
3215 2311 3307 2380 qui
3353 2325 3478 2366 cum
3533 2312 3624 2366 illo

2036 2412 2194 2456 erant
2227 2402 2530 2456 invitabant
2576 2410 2637 2455 ut
2667 2400 3065 2458 exhortationis
3114 2415 3396 2458 sermones
3427 2402 3493 2457 ad
3542 2415 3626 2475 sy-

2038 2507 2301 2563 nagogam
2341 2501 2704 2562 exponerent.

2086 2605 2255 2662 Vnus.
2284 2607 2373 2663 59.
2413 2625 2432 2660 ι
2464 2605 2568 2662 Per
2617 2606 2719 2661 hoc
2758 2605 2915 2662 vobis
2977 2604 3227 2661 remissio
3261 2612 3614 2675 peccatorum

2036 2700 2437 2767 annuutiatur;
2473 2706 2527 2754 et
2549 2699 2617 2753 ab
2644 2699 2897 2755 omnibus
2946 2699 3147 2769 quibus
3202 2712 3309 2753 non
3352 2697 3620 2769 potuistis

2037 2792 2090 2847 in
2120 2792 2236 2862 lege
2282 2790 2449 2863 Moysi
2473 2790 2801 2862 justiﬁeare.
2841 2789 2899 2845 ln
2936 2790 3041 2846 hoc
3091 2789 3270 2846 omnis
3303 2789 3396 2858 qui
3445 2789 3621 2844 credit

2031 2883 2386 2953 juStiﬁcatur.
2406 2882 2443 2937 ἰ

2082 2995 2391 3053 Notandum
2419 2996 2562 3068 quod
2593 2996 2685 3067 qui
2725 2996 2778 3051 in
2810 2994 3092 3050 Christum
3133 2996 3331 3060 credit,
3368 3006 3425 3052 et
3457 2995 3619 3064 justi-

341 3048 672 3150 6txaio6mt,
716 3087 812 3140 καὶ
848 3048 1067 3158 ἄφεσιν.
1090 3048 1798 3166 ό,

2082 3048 2391 3053 η-η---ηω
2425 3048 2562 3068 τ--ν
2600 3048 2626 3067 τ
2671 3048 2685 3051 -
2824 3048 3021 3050 -κρ-κ-
3066 3048 3087 3049 η
3375 3048 3423 3052 η
3457 3048 3588 3064 ,ην

2042 3088 2231 3142 licatur
2281 3097 2337 3142 et
2389 3088 2766 3143 remissionem
2828 3096 3176 3154 peccatorum
3242 3089 3614 3159 consequitur.

342 3178 505 3247 νόμος
538 3178 816 3243 Μωῦσέως
840 3181 940 3234 οὐκ
973 3181 1176 3247 ἄδικος,
1202 3184 1339 3238 ἀλλά
1371 3186 1628 3258 σκληρὸς,
1651 3190 1746 3243 καὶ
1773 3190 1930 3245 δυνά-

345 3286 505 3338 μενος
533 3269 589 3323 δὲ
617 3270 907 3325 δικαιῶσαι
940 3272 1031 3326 τὸν
1058 3274 1364 3344 ἀμέμπτως
1400 3277 1580 3333 πάντα
1608 3279 1678 3333 τά
1719 3280 1812 3334 τοῦ
1842 3282 1931 3335 νό-

347 3380 450 3432 μου
505 3363 833 3419 τελέσαντα·
888 3365 969 3418 διὸ
1003 3366 1264 3429 ἀδύνατος
1298 3368 1377 3432 εἰς
1426 3369 1770 3442 κατόρθωσιν
1815 3376 1929 3437 τοῖς

341 3452 651 3523 ἀνθρώποις
680 3456 855 3526 ἐφάνη
876 3497 890 3522 ,
928 3455 1016 3509 διά
1060 3456 1120 3508 τὸ
1150 3456 1240 3510 τὸν
1268 3457 1350 3511 ἐνί
1389 3460 1649 3514 πταίοντα
1680 3462 1927 3530 γίνεσθαι

341 3545 561 3598 πάντων
596 3545 795 3616 ἔνοχονο
825 3547 925 3617 οὐχ
951 3548 981 3599 ὁ
1009 3548 1171 3617 νόμος
1196 3548 1291 3601 οῦν
1319 3549 1418 3602 οὑκ
1439 3550 1670 3620 ἠδύνατο
1699 3553 1925 3606 δικαιῶο

344 3653 460 3700 σαι,
494 3636 627 3690 ἀλλὰ
677 3638 737 3690 τὸ
783 3637 1176 3709 ἀκατόρθωτον
1226 3639 1391 3691 αὐτοῦ
1428 3640 1726 3705 ἀδυνάτους
1755 3643 1927 3696 ἐποίει

2032 3178 2167 3234 Nam
2193 3178 2391 3251 Moysis
2414 3180 2498 3235 lex
2529 3195 2635 3235 non
2669 3177 2869 3249 lnjusta
2904 3181 3019 3247 sed,
3046 3182 3202 3248 dura,
3235 3190 3290 3236 et
3314 3182 3618 3252 justilicare

2030 3271 2215 3327 valens
2245 3287 2369 3327 eum
2400 3272 2490 3342 qui
2548 3273 2760 3344 integre
2796 3272 2928 3345 legis
2965 3279 3160 3327 cuncta
3189 3272 3403 3341 perﬁcit
3441 3291 3457 3341 ;
3490 3273 3616 3329 ideo

2033 3365 2209 3434 impar
2242 3367 2359 3421 visa
2383 3374 2465 3421 est
2499 3380 2619 3434 quae
2647 3366 2895 3421 homines
2930 3365 3211 3420 reduceret
3243 3365 3403 3435 quia:
3434 3366 3527 3435 qui
3560 3369 3614 3420 in

2030 3471 2136 3510 uno
2171 3456 2367 3511 cecidit
2406 3455 2579 3511 laetus
2603 3466 2689 3511 est
2738 3458 2976 3512 omnium
3009 3471 3133 3510 reus
3165 3472 3183 3524 ;
3214 3471 3320 3510 non
3350 3470 3479 3526 ergo
3527 3455 3615 3511 lex

2023 3547 2326 3616 jnstiﬂcare
2360 3548 2546 3614 valuit,
2589 3551 2683 3603 sed
2715 3549 2860 3617 quod
2903 3556 3022 3602 erat
3064 3548 3241 3616 impar
3276 3549 3330 3601 in
3367 3548 3503 3618 ipsa,
3534 3547 3616 3601 in-

2031 3654 2262 3708 capaces
2307 3639 2540 3694 faciebat
2595 3641 2846 3695 homines
2884 3640 2975 3710 qui
3010 3655 3107 3709 per
3137 3640 3270 3710 legis
3296 3640 3612 3710 praescripta

339 3731 467 3791 τοὺς
503 3728 820 3800 ἀνθρώπους
861 3730 950 3782 διὰ
979 3729 1087 3782 τῶν
1116 3730 1346 3783 ἐντολῶν
1376 3731 1469 3783 τοῦ
1501 3734 1669 3802 νόμου
1698 3733 1924 3788 δικαιω-

2051 3730 2475 3793 ustilicarentur,
2519 3731 2664 3784 sicut
2711 3741 2894 3785 textus
2925 3732 3056 3786 dicit
3088 3749 3102 3786 :
3136 3733 3324 3801 quibus
3367 3749 3470 3787 non
3513 3748 3612 3802 po-

342 3820 499 3890 θῆναι
521 3837 534 3852 ο
577 3821 761 3884 καθὼς
800 3822 894 3874 καὶ
920 3821 980 3873 τὸ
1012 3822 1164 3892 ῥῆμά
1195 3838 1380 3892 φησιν,
1414 3816 1532 3876 τΩν
1559 3825 1672 3877 οὐκ
1696 3823 1925 3894 ἠδυνή-

341 3915 481 3979 θητε
504 3912 573 3964 ἐν
603 3913 767 3981 νόμῳ
795 3910 1092 3977 Μωῢσέως
1121 3911 1535 3981 δικαιωθῆναι.

417 4021 438 4054 c
489 4002 773 4068 Ἑξιόντων
821 4002 879 4055 δὲ
928 4002 1105 4055 αὐτῶν
1158 4003 1240 4066 εἰς
1276 4001 1337 4054 τὸ
1390 4003 1595 4073 μεταξὺ
1643 4003 1924 4059 Σάϐϐατον

339 4095 684 4166 παρεκάλουν
713 4093 1011 4164 λαληθῆναι
1039 4093 1227 4154 αὐτοῖς
1252 4091 1321 4145 τά
1353 4095 1576 4165 ῥήματα
1598 4093 1795 4148 ταῦτα.
1828 4114 1847 4147 ι

405 4187 508 4250 Ε’ίς
533 4187 599 4239 τὸ
625 4184 855 4255 μεταξὺ
882 4184 1217 4240 Σάϐϐατον·
1245 4184 1369 4238 ἀντὶ
1404 4183 1523 4251 τοῦ,
1559 4184 1620 4239 τὸ
1643 4197 1670 4226 ι
1723 4187 1920 4258 ἐσόμε-

339 4292 450 4341 νον,
480 4276 555 4339 ὼς
590 4275 878 4345 σαφηνίζει
911 4274 1064 4327 κάτω
1088 4273 1220 4346 (15).

417 4409 434 4441 ι
474 4388 583 4443 Καὶ
605 4388 705 4442 οὐκ
742 4388 924 4454 ἀξίους
954 4389 1173 4459 κρίνετε
1212 4386 1463 4451 ἑαυτούς.
1510 4406 1528 4439 ι

413 4504 575 4557 Ὥστε
615 4503 708 4558 οῦν
734 4506 761 4558 ὁ
789 4503 920 4568 Θεὸς
950 4503 1104 4558 οὐδὲν
1136 4502 1354 4569 ἀνάξιον
1383 4503 1531 4572 λέγει
1558 4503 1653 4557 τοῦ
1682 4504 1925 4576 σωθῆναι

338 4600 373 4668 ἢ
399 4599 478 4663 εἰς
510 4601 608 4670 τὴν
636 4598 915 4668 βασιλείαν
940 4597 1103 4651 αὐτοῦ
1131 4597 1415 4662 εἰσελθεῖν,
1435 4597 1558 4652 οῦτε
1597 4603 1657 4653 τὸ
1682 4599 1925 4654 ἐναντίον

337 4689 546 4758 κρίνειν
589 4690 616 4729 ι)
645 4690 734 4743 τὸν
765 4690 1048 4762 ἄνθρωπον
1077 4687 1228 4753 ἄξιον
1272 4683 1410 4742 εἶναι
1459 4688 1766 4753 κολάσεωςο
1803 4688 1920 4743 ἀλλ’

339 4784 498 4853 ἡμεῖς
541 4782 766 4845 ἑαυτοὺς
806 4783 1065 4853 κρίνομεν
1123 4780 1265 4834 κατὰ
1309 4780 1407 4850 τὴν
1460 4781 1709 4835 ἑκούσιον
1762 4780 1921 4852 ήμῶν

339 4874 558 4936 κακίαν,
579 4874 831 4937 ἀναξίους
859 4874 957 4943 μὲν
982 4873 1081 4942 τῆς
1109 4872 1330 4925 αἰωνίου
1360 4870 1526 4941 ζωῆς,
1550 4870 1735 4936 ἀξίους
1752 4872 1807 4924 δὲ
1821 4872 1921 4942 τῆς

337 4968 556 5020 αἰωνίου
579 4966 850 5026 κολάσεως
873 4980 888 4994 ο
925 4965 1066 5017 ὥστε
1106 4960 1198 5018 οῦν
1223 4964 1280 5017 ἐν
1310 4966 1442 5035 ἡμῖν
1471 4965 1504 5033 ἡ
1533 4963 1736 5035 κρίσις,
1764 4964 1824 5018 τό
1854 4981 1913 5018 τε

335 5057 434 5127 τῆς
465 5054 762 5126 μελλούσης
794 5055 1183 5118 καταστάσεως
1207 5057 1495 5127 κλήρωμα.

413 5167 432 5200 ι
471 5149 580 5201 Καὶ
612 5148 959 5214 ἐπίστευσαν,
989 5149 1104 5202 ὅσοι
1138 5144 1278 5219 ἦσαν
1309 5146 1633 5218 τεταγμένοι
1663 5149 1743 5212 είς
1774 5145 1920 5219 ζωὴν

341 5239 577 5295 αἰώνιον.
616 5258 632 5291 ι

413 5427 439 5454 ⁸
470 5417 602 5473 Cod.
640 5415 806 5473 Cuisl.
846 5429 955 5468 om.
985 5412 1067 5465 τό.
1146 5413 1174 5453 δ
1200 5411 1336 5469 Cod.
1364 5413 1531 5469 Coisl.
1566 5414 1772 5485 κρίνει.

2029 3819 2204 3872 (tristis
2239 3819 2292 3871 in
2317 3818 2426 3888 lege
2453 3817 2630 3887 Moysi
2646 3818 2962 3887 justiﬁcari.

2084 4001 2245 4056 Vens.
2283 3999 2372 4054 42.
2411 4018 2431 4052 ι
2473 3996 2820 4054 Exeunlibus
2853 4004 3035 4052 autem
3090 3998 3196 4054 illis
3244 4000 3508 4070 rogabant
3552 4009 3611 4056 ut

2025 4092 2349 4148 intermedio
2382 4092 2620 4148 Sabbato
2657 4090 3009 4162 loquerentur
3052 4091 3156 4146 sibi
3204 4092 3365 4146 verba
3412 4092 3544 4147 haec.
3584 4112 3604 4145 ι

2071 4184 2398 4241 Intermedio
2450 4184 2680 4241 Sabbato
2723 4201 2820 4256 pro
2871 4186 3082 4249 futuro,
3134 4194 3192 4267 nt
3244 4195 3467 4256 apparet
3524 4187 3610 4241 in-

2022 4277 2125 4333 ira.

1955 4384 2000 4439 ι)
2082 4393 2248 4450 Vens.
2285 4394 2376 4449 46.
2406 4412 2424 4445 ‹
2463 4393 2531 4448 Ει
2563 4393 2812 4464 indignos
2846 4390 3236 4461 vosjudicatis.
3281 4410 3300 4444 ι

2087 4506 2217 4560 Inde
2247 4520 2380 4575 ergo
2413 4506 2553 4559 Deus
2587 4505 2856 4559 ueiuinem
2890 4501 3166 4571 indignum
3214 4478 3346 4553 dicit
3373 4497 3465 4568 qui
3503 4498 3611 4552 sal-

2033 4607 2188 4653 vetur
2213 4608 2308 4652 aut
2349 4597 2403 4652 in
2437 4611 2659 4665 regnum
2693 4593 2809 4662 eius
2844 4595 3029 4658 intret,
3058 4607 3160 4646 nec
3190 4605 3220 4646 e
3246 4600 3434 4646 contra
3465 4589 3611 4656 judi-

2027 4698 2118 4745 cat
2143 4687 2417 4743 hominem
2437 4688 2782 4742 damnatione
2804 4686 3023 4755 dignum
3052 4698 3175 4738 esse
3208 4698 3222 4747 ;
3259 4682 3353 4737 sed
3378 4691 3613 4734 nosmet-

2029 4782 2178 4851 ipsos
2200 4780 2509 4848 judicamus
2539 4795 2635 4849 per
2677 4778 2903 4832 liberam
2938 4785 3178 4831 nostram
3210 4772 3495 4837 malitiam,
3527 4773 3611 4825 in-

2026 4873 2220 4943 dignos
2243 4870 2458 4941 quidem
2488 4877 2688 4923 mterna
2723 4868 2858 4932 vita,
2888 4877 3089 4921 aeterna
3119 4879 3243 4920 vero
3265 4861 3612 4918 damnatione

2023 4963 2210 5031 dignos
2246 4978 2261 5026 ;
2297 4960 2478 5028 itaque
2509 4973 2637 5028 ergo
2676 4968 2858 5012 nostra
2879 4956 3172 5019 sententia,
3220 4963 3402 5009 nostra
3428 4950 3601 5005 beati-

2024 5053 2224 5107 tudinis
2246 5050 2436 5105 futura:
2461 5065 2601 5104 sors.

2082 5144 2245 5199 Vens.
2278 5144 2369 5200 L8.
2407 5161 2426 5194 ι
2463 5142 2528 5198 Ει
2572 5142 2920 5198 crediderunt
2965 5143 3229 5209 quotquot
3266 5141 3423 5191 erant
3468 5145 3608 5201 pre-

2031 5238 2265 5294 ordinali
2303 5239 2368 5291 ad
2397 5239 2559 5291 vitam
2602 5247 2884 5291 mternam.
2931 5252 2950 5285 ι

410 5601 522 5671 (l3)
555 5599 685 5666 Quae
721 5597 808 5655 hic
837 5595 890 5651 in
919 5603 1110 5652 catena
1134 5594 1375 5652 Crameri
1433 5596 1532 5651 sub
1600 5594 1820 5652 nomine
1885 5592 2155 5650 Ammonii
2212 5589 2612 5657 inscribuntur,
2675 5588 2854 5658 legere
2887 5594 2967 5643 est
3019 5586 3156 5641 inter
3224 5581 3419 5656 Chrys.
3462 5578 3602 5654 Opp.

340 5668 430 5737 ix;
459 5673 590 5752 eat.
