4068 6126
495 296 633 370 ιω
1659 283 1999 348 AMMONII
2036 284 2101 344 Α]

2178 283 2571 346 ἱΧΑΝΒΒΙΝΙ
3634 280 3784 350 1544

543 417 735 484 itaque
781 407 1077 466 secundum
1122 398 1523 474 praescieutiam
1590 396 1943 468 pmordinati
2005 393 2076 448 ad
2107 400 2149 456 Α

2249 395 2413 449 Ὥστε
2468 393 2612 449 κατά
2663 393 2763 464 μὲν
2814 393 3126 464 πρόγνωσιν
3171 394 3220 446 oi.
3270 393 3623 463 τεταγμένοι
3685 399 3782 464 εις

493 478 661 566 vitant
698 505 785 560 isti
827 498 1193 560 crediderunt,
1259 490 1477 564 propria
1542 487 1901 544 nihilominus
1952 501 2080 543 sen—

2186 487 2361 556 ζωὴν,
2415 478 2566 540 οὗτοι
2614 486 2968 547 ἐπίστευσαν,
3020 483 3163 555 πλὴν
3206 484 3384 556 οἰκείᾳ
3441 484 3638 556 γνώμῃ
3678 487 3781 540 καὶ

496 604 664 660 tentia
698 607 753 654 et
805 593 1111 650 delectione
1139 607 1154 655 ;
1182 588 1277 644 Dei
1319 585 1465 642 enim
1501 569 1851 654 praescientia
1898 581 2083 637 volun-

2186 580 2505 655 προαιρέσει
2527 596 2541 610 ⁸
2574 580 2608 651 ἡ
2640 578 2750 650 γάρ
2777 578 2870 632 τοῦ
2903 577 3040 632 Θεοῦ
3086 577 3397 647 πρόγνωσις
3424 577 3529 631 οὐκ
3559 578 3782 646 ἀναιρεῖ

495 695 623 750 tatis
661 696 863 746 nostra:
914 699 1021 738 non
1059 681 1198 736 tollit
1248 678 1483 734 liberum
1534 676 1872 740 arbitrium;
1909 672 2084 742 siqui-

2184 674 2285 744 τῆς
2327 672 2606 743 ἡμετέρας
2637 670 2949 742 βουλήσεως
2975 670 3038 723 τὺ
3071 669 3418 735 αὐτεξούσιον
3443 686 3457 699 ·
3498 671 3636 725 ὅπου
3668 672 3781 743 πρὸ

488 788 612 841 dem
643 790 771 836 ante
799 776 987 832 mundi
1019 770 1469 830 constitutionem
1493 767 1916 839 prmdestiuatus
1939 765 2082 820 Pau-

2186 763 2497 834 καταϐολῆς
2539 764 2745 835 κόσμου
2776 761 3128 834 προορισθεὶς
3159 763 3188 816 ό
3216 760 3456 828 Παῦλος,
3493 764 3641 818 κατά
3677 766 3779 836 τὴν

486 877 572 932 lus
593 875 747 945 juxta
770 870 863 925 Dei
884 864 1285 938 praescientiam
1313 862 1404 932 qui
1434 876 1532 916 vas
1554 859 1834 916 electionis
1862 858 2082 914 futurus

2183 857 2279 912 τοῦ
2320 857 2475 910 Θείου
2504 869 2527 897 ο
2574 857 2909 928 πρόγνωσιν,
2957 855 3152 920 σκεῦος
3203 855 3464 910 ἐκλεκτὸν
3513 857 3775 923 ἔσεσθαι,

485 976 651 1033 esset,
681 978 788 1018 non
820 961 876 1016 in
925 968 1083 1015 utero
1114 956 1305 1013 matris
1359 954 1492 1010 illud
1521 962 1803 1009 assecutus
1833 959 1939 1015 est,
1978 964 2081 1004 nec

2183 949 2285 1004 οὐκ
2330 951 2397 1002 ἐκ
2445 947 2653 1012 κοιλίας
2701 950 2908 1020 μητρὸς
2938 948 3097 1019 ἔτυχε
3145 947 3373 1015 τούτου,
3421 949 3545 1003 οὐδὲ
3578 952 3639 1004 ἐν
3678 951 3779 1022 νέᾳ

487 1073 674 1122 tenera
710 1055 764 1109 in
795 1062 977 1117 aetate,
1008 1051 1101 1106 sed
1132 1049 1186 1103 in
1213 1047 1475 1116 temporis
1509 1045 1743 1100 decursu
1767 1043 1987 1113 quando
2012 1041 2093 1096 ad

2184 1040 2405 1113 ἡλικίᾳ,
2437 1040 2575 1094 ἀλλά
2606 1040 2748 1111 μετά
2782 1039 3067 1111 προκοπὴν
3099 1040 3323 1110 χρόνους
3348 1042 3438 1095 ὅτε
3466 1037 3617 1112 εἶχεν
3642 1044 3778 1096 ἑαυ-

486 1149 698 1221 pulchri
727 1158 785 1201 et
827 1144 954 1199 boni
1018 1141 1266 1197 notitiam
1302 1139 1521 1194 devenit
1550 1153 1564 1203 ;
1592 1146 1646 1191 et
1696 1135 1848 1206 juxta
1911 1134 2081 1203 ipsius

2181 1129 2280 1183 τοῦ
2316 1131 2519 1199 γνῶσιν
2552 1130 2719 1186 καλοῦ
2749 1132 2845 1184 καὶ
2877 1130 3087 1200 ἀγαθοῦ
3109 1146 3123 1161 ⁸
3154 1134 3249 1185 καὶ
3276 1133 3422 1188 κατά
3446 1134 3543 1203 τὴν
3572 1135 3776 1188 ἑαυτοῦ

484 1240 677 1309 agendi
707 1236 976 1291 rationem
1002 1230 1118 1286 lteri
1145 1229 1495 1299 biasphemus
1527 1235 1582 1281 et
1600 1234 1935 1297 persecutor,
1958 1234 2081 1295 post

2181 1221 2409 1294 γνώμην
2435 1223 2630 1295 πρώην
2663 1223 2984 1294 βλάσφημος
3021 1223 3099 1278 ὢν
3129 1225 3224 1278 καὶ
3254 1225 3512 1297 διώκτης,
3544 1226 3774 1299 ὕστερον

487 1331 603 1384 h:ec
634 1327 761 1383 Iesu
790 1324 963 1395 gratia
1019 1335 1321 1377 conversus
1362 1317 1717 1373 tremefactus
1769 1317 1825 1371 in
1866 1318 2078 1372 visione

2179 1314 2274 1368 διὰ
2321 1317 2423 1386 τῆς
2464 1317 2559 1369 τοῦ
2624 1315 2851 1387 Ἰησοῦά
2890 1317 3117 1388 χάριτος
3170 1318 3451 1387 μετέγνω,
3511 1320 3775 1391 φοϐηθεὶς

484 1437 584 1491 per
609 1423 777 1483 viam,
808 1426 862 1469 et
887 1416 1119 1469 libenter
1141 1414 1193 1467 in
1219 1411 1404 1466 Jesum
1429 1413 1676 1466 credens.
1718 1409 1869 1465 Dicat
1895 1419 2076 1465 autem

2178 1406 2279 1478 τὴν
2319 1408 2378 1459 ἐν
2418 1411 2483 1479 τῇ
2524 1408 2632 1479 6δῷ
2668 1409 2959 1474 ὀπτασίαν,
3006 1411 3101 1463 καὶ
3151 1410 3292 1464 ἑκὼν
3338 1413 3644 1477 πιστεύσας
3695 1413 3775 1485 τῷ

487 1512 717 1581 quilibet
749 1529 761 1565 :
799 1509 908 1564 Cur
932 1523 1064 1577 ergo
1108 1518 1206 1560 nec
1236 1520 1383 1560 nunc
1416 1504 1662 1559 fittimor
1686 1504 1980 1557 infidelium
2019 1513 2079 1557 ut

2192 1499 2390 1569 Ἰησοῦ.
2422 1501 2487 1555 Εἰ
2512 1501 2570 1554 δέ
2601 1502 2683 1566 τίς
2717 1518 2851 1572 φησι
2871 1545 2886 1568 ,
2917 1503 3071 1556 Διατί
3097 1498 3192 1557 οὖν
3217 1505 3315 1557 καὶ
3346 1504 3442 1558 νῦν
3464 1506 3527 1559 οῦ
3560 1506 3775 1576 γίνεται

487 1611 878 1657 convertantur
906 1600 930 1653 ?
967 1597 1427 1667 respondendum,
1460 1597 1603 1666 quod
1634 1611 1743 1651 non
1775 1596 1939 1650 homo
1957 1610 2075 1649 om-

2179 1593 2344 1662 φόϐος
2394 1595 2505 1656 τοῖς
2563 1594 2889 1648 ἀπιστοῦσιν
2938 1596 3026 1649 ἵνα
3067 1597 3431 1666 μεταγνῶσιν,
3468 1600 3653 1653 ἐκεῖνο
3684 1600 3770 1653 λε-

485 1696 573 1750 nis
628 1694 684 1747 in
718 1691 1008 1747 formidine
1077 1688 1436 1753 convertitur,
1482 1687 1579 1743 sed
1625 1688 1716 1757 qui
1746 1688 1889 1742 bona
1922 1687 2072 1742 dele-

2178 1684 2357 1739 κτὲον·
2382 1685 2463 1738 ὅτι
2490 1685 2549 1738 ού
2578 1687 2686 1748 πᾶς
2708 1685 2804 1740 ἄνθ
2813 1704 2996 1757 ρωπος
3025 1687 3260 1755 ἐκφόϐος
3288 1700 3311 1728 ε
3347 1693 3623 1758 μετανοεῖ*
3650 1691 3763 1745 ἀλλ’

485 1787 668 1843 ctione
697 1785 787 1855 pia
822 1793 1131 1854 operatur;
1169 1794 1267 1851 per
1312 1779 1472 1834 fidem
1522 1793 1553 1832 a
1602 1754 1853 1847 patribus
1899 1779 2067 1832 tradi-

2172 1777 2200 1827 ὁ
2225 1775 2404 1845 ἀγαθῇ
2441 1776 2761 1846 προαιρέσει
2791 1754 2959 1831 ποιῶν
2986 1754 3260 1842 θεοσεὸείς
3294 1754 3546 1849 πράξεις’
3572 1783 3682 1837 ὑπὸ
3707 1783 3765 1837 δὲ

485 1890 595 1932 tam
623 1878 677 1931 in
734 1889 974 1929 errorem
1006 1873 1258 1927 inductus
1301 1873 1447 1925 circa
1493 1867 1740 1924 veritatis
1797 1868 2066 1938 cognitio-

2173 1866 2273 1936 τῆς
2314 1868 2803 1940 πατροπαραδότου
2854 1869 3090 1934 πίστεως
3139 1871 3498 1940 πλανώμενος
3556 1871 3711 1942 ποιρά
3738 1870 3757 1909 ί

484 1983 635 2033 nem,
670 1965 859 2037 quales
901 1962 1194 2018 Cornelius
1237 1970 1294 2016 et
1325 1959 1527 2015 Paulus
1576 1967 1633 2014 et
1669 1958 1941 2022 Clemens,
1973 1958 2064 2028 qui

2170 1957 2271 2027 τὴν
2299 1957 2394 2010 τοῦ
2438 1957 2608 2024 ὅντως
2643 1959 2881 2030 ἀληθοῦς
2909 1961 3133 2029 γνῶσινο
3169 1958 3281 2026 οἷος
3326 1958 3396 2033 ἦν
3433 1962 3759 2035 Κορνήλιος,

485 2059 691 2128 absque
716 2055 1102 2127 disputationis
1124 2068 1264 2108 vano
1290 2067 1478 2107 amore
1498 2052 1786 2107 credentes
1814 2050 2067 2121 Scriptu-

2173 2048 2268 2103 καὶ
2294 2049 2525 2115 Παῦλος,
2551 2052 2646 2104 καὶ
2664 2052 2920 2123 Κλήμης·
2943 2053 3140 2118 οἵτινες
3160 2054 3521 2123 ἀφιλονείκως
3542 2057 3760 2110 πιστεύ-

485 2165 669 2204 rarum
713 2148 854 2203 veris
876 2146 1218 2202 documentis
1247 2143 1439 2198 salvati
1484 2152 1631 2210 sunt,
1685 2143 1911 2213 bneque
1939 2156 2065 2198 cum

2176 2159 2372 2206 σαντες
2400 2147 2466 2215 τῇ
2487 2143 2687 2215 ἀληθεῖ
2708 2145 2812 2199 τῶν
2842 2147 3075 2218 Γραφῶν
3100 2147 3427 2221 διδασκαλίᾳ
3454 2147 3755 2220 ἐσώθησαν·

484 2237 915 2295 deinstitutione
953 2236 1129 2289 aliena
1157 2250 1187 2289 a
1222 2235 1328 2290 fide
1361 2234 1547 2289 divina
1577 2243 1782 2289 essent.

2172 2237 2266 2290 καὶ
2299 2235 2475 2290 ταῦτα
2498 2236 2651 2301 ὄντες
2675 2239 2738 2292 ἐκ
2765 2239 2861 2310 τῆς
2886 2240 3087 2305 ἔξωθεν
3118 2243 3390 2306 παιδείας.

556 2328 721 2384 Vsus.
755 2328 846 2383 50.
879 2343 900 2378 ι
938 2326 1109 2381 Judaei
1143 2335 1322 2380 autem
1363 2325 1778 2390 concitaverunt
1808 2324 2065 2380 mulieres

2249 2345 2268 2378 ι
2305 2325 2372 2381 Οἱ
2406 2327 2465 2380 δὲ
2506 2326 2749 2380 Ἰουδαίοι
2788 2328 3155 2401 παρώτρυναν
3184 2331 3287 2394 τάς
3327 2332 3632 2403 σεόομένας
3658 2350 3753 2402 γυ-

484 2422 767 2491 religiosas
804 2428 859 2475 et
889 2420 1170 2486 honestas,
1212 2427 1271 2473 et
1295 2418 1501 2486 primos
1524 2417 1781 2483 civitatis,
1810 2426 1867 2473 et
1908 2418 2063 2473 exci-

2170 2418 2362 2482 ναῖκας
2407 2418 2507 2482 τὰς
2539 2418 2906 2490 εὐσχήμονας,
2951 2423 3044 2475 καὶ
3076 2425 3201 2486 τοὺς
3243 2423 3497 2495 πρώτους
3535 2426 3632 2495 τῆς
3662 2425 3756 2477 πό-

483 2523 734 2568 taverunt
762 2512 1195 2584 persecutionem
1221 2511 1275 2565 in
1306 2508 1530 2567 Paulum
1555 2517 1610 2564 et
1638 2508 1967 2575 Barnabam,
2008 2516 2066 2565 et

2169 2509 2336 2575 λεως,
2368 2510 2466 2563 καὶ
2512 2511 2815 2597 ἐπήγειραν
2858 2511 3099 2584 διωγμὸν
3139 2516 3233 2567 ἐπὶ
3268 2514 3362 2569 τὸν
3410 2515 3622 2569 Παῦλον
3664 2517 3756 2570 καὶ

481 2602 756 2671 eiecerunt
779 2616 872 2658 eos
901 2602 965 2657 de
987 2599 1182 2656 finibus
1202 2599 1337 2655 suis.
1369 2616 1389 2650 ι

2171 2599 2480 2671 Βαρνάϐαν,
2545 2602 2640 2655 καὶ
2686 2600 2940 2668 ἐξέὅσιλον
3002 2604 3201 2671 αὐτοὺς
3260 2605 3369 2658 ἀπὸ
3417 2605 3530 2660 τῶν
3592 2606 3752 2677 ὁρίων

2171 2691 2372 2748 αὐτῶν.
2408 2712 2428 2746 ι

538 2779 807 2835 Honestas
857 2778 993 2834 dicit
1046 2775 1241 2832 divites
1267 2776 1562 2848 religiosas,
1585 2793 1691 2834 non
1739 2777 1945 2845 fideles,
1968 2780 2063 2836 sed

2243 2782 2654 2853 Εὺσχήμονας
2680 2784 2829 2856 λέγει
2867 2785 2964 2848 τὰς
2996 2785 3278 2849 πλουσίας*
3314 2785 3649 2857 σεϐομένας
3677 2785 3750 2851 δὲ,

480 2872 696 2928 Graecas
723 2871 937 2927 Judaeas
968 2886 983 2936 ;
1014 2878 1259 2926 attamen
1295 2879 1554 2940 tauquam
1587 2870 1809 2940 pessimi
1853 2879 1909 2926 et
1934 2871 2062 2926 imi-

2171 2874 2231 2928 οὐ
2256 2874 2355 2939 τὰς
2387 2875 2589 2940 πιστὰς
2612 2876 2782 2946 λέγει,
2822 2877 2959 2933 ἀλλὰ
2989 2877 3087 2942 τάς
3128 2878 3440 2950 Ἑλληνίδας
3471 2880 3590 2951 ἦτοι
3633 2880 3755 2934 Ἰου-

482 2972 686 3017 latores
723 2961 983 3016 daemonis
1005 2961 1178 3029 patris
1214 2960 1343 3015 mali
1381 2970 1437 3015 et
1493 2962 1917 3032 transgressoris
1966 2978 2063 3033 per

2169 2968 2345 3035 δαίαςο
2379 2972 2518 3040 πλὴν
2547 2972 2623 3035 ὡς
2649 2972 2903 3026 κάκιστοι
2929 2974 3024 3025 καὶ
3056 2972 3296 3042 μιμηταὶ
3318 2972 3413 3025 τοῦ
3440 2972 3750 3043 ἀρχεκάκου

481 3053 739 3110 mulieres
771 3052 1140 3107 intercludere
1180 3053 1494 3108 hominibus
1541 3052 1730 3110 salutis
1753 3054 1895 3109 viam
1932 3052 2063 3111 don-

2170 3061 2424 3135 δσιίμονος
2454 3066 2551 3118 καὶ
2578 3063 2920 3135 παραϐάτου,
2952 3063 3038 3117 διὰ
3061 3063 3174 3117 τῶν
3200 3064 3478 3132 γυναικῶν
3497 3062 3751 3117 ἀποκλεῖ-

481 3149 711 3209 tendunt
740 3165 754 3202 :
782 3145 1238 3218 quemadmodum
1274 3149 1378 3202 iste
1414 3161 1513 3217 per
1545 3148 1710 3201 Evam
1744 3149 2061 3205 intercludit

2177 3112 2421 3135 ν-ν-Γν--τ
2457 3112 2550 3118 --ω
2585 3112 2920 3135 “rw—mn,
2958 3112 3038 3117 ww
3211 3112 3467 3132 .-~——--—~
3501 3112 3724 3117 ψηφη-

2166 3172 2258 3210 σαι
2309 3158 2673 3223 σπουδάζουσι
2702 3161 2817 3222 τοῖς
2858 3157 3168 3228 ἀνθρώποις
3206 3158 3307 3229 τὴν
3345 3158 3466 3211 ὁδὸν
3492 3159 3593 3227 τῆς
3640 3172 3752 3210 σω-

480 3241 546 3297 ad
577 3252 789 3311 tempus
818 3238 1127 3295 hominibus
1153 3237 1487 3309 paradisum,
1525 3248 1684 3307 quem
1726 3237 1871 3293 Deus
1906 3238 2063 3297 Jesus

2163 3252 2394 3323 τηρίας·
2433 3252 2622 3324 ῶσπερ
2666 3255 2921 3317 κάκεῖνος
2974 3252 3065 3307 διά
3110 3254 3212 3324 τῆς
3257 3251 3402 3314 Εὔας
3449 3248 3747 3303 ἀπέκλεισε

480 3332 829 3389 credentibus
860 3331 913 3385 in
940 3330 1159 3386 nomine
1183 3332 1301 3401 ejus
1327 3331 1525 3385 iterum
1557 3329 1764 3399 pandit,
1810 3330 2063 3401 ipsosque

2164 3343 2301 3415 πρὸς
2348 3342 2541 3415 καιρὸν
2587 3345 2702 3407 τοῖς
2742 3342 3054 3414 ἀνθρώποις
3081 3343 3172 3398 τὸν
3220 3340 3567 3413 παράδεισον,
3611 3338 3674 3392 ὃν
3719 3341 3753 3392 ὁ

480 3424 592 3479 illic
627 3423 857 3478 introire
898 3421 1048 3484 fecit,
1079 3437 1310 3490 quorum
1341 3420 1552 3490 primus
1580 3434 1707 3473 cum
1732 3419 1852 3490 ipso
1884 3420 2059 3475 intra-

2162 3434 2296 3498 Θεὸς
2335 3433 2542 3506 Ἰησοῦς
2581 3435 2783 3507 ἀνέῳξε
2817 3436 2977 3490 πάλιν
3023 3443 3136 3500 τοῖς
3174 3434 3522 3488 πιστεύουσιν
3564 3432 3662 3486 ἐπὶ
3687 3431 3751 3484 τὸ

477 3519 557 3570 vlt
580 3516 742 3569 latro.
2163 3525 2337 3594 ὄνομα
2375 3525 2564 3591 αὐτοῦ,
2601 3526 2696 3581 καὶ
2729 3529 3027 3599 εἰσήγαγεν
3056 3529 3252 3592 αὐτοὺς
3287 3528 3438 3580 ἐκεῖ·
3484 3518 3560 3579 ὧν
3594 3523 3752 3595 πρῶ-

2162 3633 2253 3681 τος
2282 3616 2502 3688 εἰσῆλθε
2536 3618 2633 3673 σὺν
2663 3619 2813 3690 αύτῴ
2842 3622 2869 3673 ό
2899 3620 3127 3693 λῃστής.

1114 3705 1265 3764 CAP.
1292 3704 1445 3787 xw.
1642 3719 1686 3777 ί-

1642 3776 1645 3777 ,
1666 3719 1686 3730 ’
2756 3732 3008 3787 ΚΕΦΑΛ.
3052 3733 3149 3786 ΙΔ¹.

531 3825 698 3882 Vens.
722 3822 778 3877 2.
812 3840 832 3874 ι
871 3821 973 3889 Qui
1003 3834 1133 3877 vero
1184 3821 1449 3878 increduli
1486 3822 1709 3880 fuerunt
1733 3823 1907 3883 Judaei
1936 3843 2061 3885 sus-

2237 3862 2257 3896 ι
2320 3845 2385 3898 Οἱ
2432 3844 2489 3898 δὲ
2529 3842 2932 3917 ἀπειθήσαντες
2988 3844 3234 3897 Ἰουδαῖοι
3299 3844 3604 3915 ἐπήγειραν
3650 3842 3743 3896 καὶ

474 3914 866 3968 citaveruntct
907 3911 975 3964 ad
1024 3909 1363 3965 iracundiam
1386 3913 1799 3971 concitaverunt
1847 3919 2059 3976 animas

2160 3933 2452 3989 ἐκάκωσαν
2475 3934 2574 3999 τάς
2599 3934 2777 4006 ψυχὰς
2793 3935 2902 3990 τῶν
2924 3934 3095 3989 ἐθνῶν
3117 3933 3261 3988 κατὰ
3288 3932 3399 3987 τῶν
3419 3933 3683 4003 ἀδελφῶν.
3718 3951 3734 3984 ι

475 4003 1019 4098 εε¹¹ξ“¹¹“,³άνθ¹’⁸¹¹⁵
1058 4000 1276 4098 amnes“
1311 4022 1333 4057 ³
1380 4096 1390 4098 ς
1479 4097 1484 4098 ί
2239 4027 2573 4098 Ἐπήγειραν
2621 4026 2766 4080 κατά
2792 4027 2904 4081 τῶν
2949 4026 3184 4082 πιστῶν*
3220 4027 3272 4082 οἱ
3323 4025 3568 4080 Ἰουδαῖοι
3616 4042 3739 4080 συν-

578 4095 998 4148 Suscitaverunt
1046 4094 1307 4152 adversus
1362 4096 1571 4156 ﬁdeles.
1623 4098 1795 4156 Judaei
1851 4102 2059 4162 Graecis
2158 4116 2184 4171 δ

2158 4094 2415 4182 δυάζουσι
2442 4094 2814 4190 [συνδιάξουσι
2848 4117 2999 4191 cod.]
3031 4118 3172 4190 μετά
3209 4118 3505 4190 Ἑλλήνων,
3535 4119 3622 4172 ἵνα
3649 4118 3742 4171 καὶ

471 4187 881 4250 consociantur,
920 4195 980 4240 ut
1028 4197 1083 4242 et
1131 4188 1185 4242 in
1215 4191 1219 4195 ⁷
1245 4189 1350 4244 hoc
1403 4191 1682 4261 impletum
1719 4192 1886 4250 fuerit
1914 4197 2054 4266 quod

2157 4210 2216 4263 ἐν
2244 4208 2422 4280 τούτῳ
2443 4187 2565 4282 -πλη
2574 4208 2720 4282 ρωθῇ
2769 4210 2832 4264 τὸ
2858 4187 3150 4283 εἰρημένον
3174 4211 3233 4264 ἐν
3256 4187 3527 4282 Ψαλμοῖς·
3564 4208 3739 4265 Ἶνατι

472 4277 682 4331 dictum
709 4284 793 4330 est
830 4277 884 4331 in
908 4276 1144 4334 Psalmis
1173 4297 1187 4334 :
1217 4279 1394 4345 Quare
1425 4282 1752 4352 fremuerunt
1777 4299 1973 4356 gentes,
2005 4299 2054 4345 et

2155 4276 2466 4372 ἐφρύαξαν
2520 4276 2669 4370 ἔθνη
2753 4302 2853 4357 καὶ
3092 4276 3479 4373 ἐμελέτησαν.
3546 4300 3738 4365 κεγά;

469 4365 649 4432 pepuli
674 4368 915 4420 meditati
942 4378 1063 4422 sunt
1089 4369 1272 4424 inania
1303 4371 1319 4402 ⁵
1342 4370 1365 4424 ?
1392 4371 1611 4429 Scilicet
1667 4376 1912 4433 ﬁdelibus
1938 4380 2053 4435 fra-

2156 4394 2350 4466 Καίτοι
2375 4397 2486 4448 τῶν
2507 4396 2713 4448 πιστῶν
2744 4395 3007 4466 ἀδελφοὺς
3038 4395 3238 4459 αὐτοὺς
3261 4395 3578 4450 καλούντων
3605 4410 3739 4448 παν-

474 4466 582 4512 tres
614 4457 758 4528 ipsos
778 4460 1114 4515 -vocantibus
1139 4462 1338 4531 ubique
1394 4464 1447 4517 in
1479 4465 1950 4525 exhortationibus
1998 4480 2054 4526 et

2156 4486 2324 4557 ταχοῦ
2370 4487 2428 4540 ἐν
2461 4490 2582 4551 ταῖς
2614 4489 3007 4559 παραινέσεσι,
3037 4488 3135 4541 καὶ
3162 4487 3467 4557 λεγόντων,
3492 4488 3734 4556 Ἄνδρες

474 4548 782 4604 dicentibus
815 4567 829 4603 :
876 4548 991 4603 Viri
1020 4550 1235 4619 fratres.
1277 4551 1367 4607 Sic
1390 4554 1532 4608 enim
1559 4566 1613 4610 et
1640 4553 1889 4614 Psalmus
1934 4575 2054 4629 pro-

2150 4548 2424 4649 ἀδελφοί.
2448 4548 2604 4632 Οὕτω
2630 4548 2741 4652 γάρ
2760 4582 2856 4634 καὶ
2883 4581 2912 4634 ὁ
2952 4548 3168 4651 ψαλμὺς
3197 4548 3581 4652 προεφήτευσε
3614 4548 3738 4648 περὶ

469 4638 716 4709 phetavit
761 4641 827 4694 de
868 4638 1098 4694 Domino
1132 4642 1273 4696 idem
1302 4641 1536 4700 faciente
1563 4655 1619 4701 et
1643 4647 1858 4703 dicente
1894 4655 2053 4723 quasi

2150 4671 2245 4724 τοῦ
2289 4672 2534 4743 Κυρίου,
2588 4674 2651 4726 τὸ
2704 4638 2837 4727 ἀύτὸ
2888 4671 3174 4734 ποιοῦντος
3217 4638 3312 4727 καὶ
3363 4674 3616 4741 λέγοντος
3667 4671 3738 4732 ὡς

468 4731 520 4784 in
545 4729 752 4786 Christi
783 4728 910 4787 Jesu
938 4747 1170 4804 persona
1205 4752 1220 4790 :
1257 4734 1540 4794 Nuntiabo
1567 4756 1753 4796 nomen
1775 4752 1922 4798 tuum
1938 4745 2052 4815 fra—

2150 4765 2215 4816 ὲκ
2254 4762 2549 4835 προσώπου
2592 4764 2689 4817 τοῦ
2737 4764 2978 4836 Χριστοῦ
3027 4764 3240 4836 Ἰησοῦ·
3289 4764 3632 4836 Ἀπαγγελῶ
3675 4762 3735 4818 τὸ

466 4823 636 4877 tribus
670 4824 797 4879 nteit
821 4826 841 4857 ³
870 4864 885 4880 .

538 4907 681 4929 11-..Α
740 4909 771 4929 η
879 4911 894 4929 Ι
941 4913 1046 4929 .,||I
1165 4925 1175 4929 _
1424 4920 1446 4929 ρ
1758 4926 1768 4929 -
1838 4925 1850 4929 -
1894 4927 1904 4929 μ

1758 4926 1768 4929 _
1838 4925 1850 4929 Α
1894 4927 1904 4929 4
2153 4823 2344 4924 ὄνομα
2377 4872 2499 4910 σου
2526 4855 2651 4923 τοῖς
2678 4823 2963 4927 ἀδελφοῖς
2981 4823 3121 4929 μου.

538 4907 703 4964 Vens.
739 4909 793 4966 6.
826 4930 845 4963 ι
877 4911 1264 4985 lntelligeutes,
1315 4920 1671 4992 confugerunt
1704 4926 1769 4978 ad
1802 4925 2050 4985 civitates

2230 4907 2603 5011 ι’Συνιδόντες
2621 4907 2955 5018 ἒιατὲφυῖγονῖ
2981 4907 3065 5014 είς
3110 4949 3211 5013 τὰς
3249 4948 3436 5014 πόλεις
3468 4949 3570 5020 τῆς
3629 4951 3734 5004 Avo

466 5000 772 5074 Lycaoniae,
803 5001 1051 5073 Lystram
1085 5018 1140 5062 et
1184 5010 1417 5077 Derben,
1448 5017 1833 5073 etunivcrsam
1867 5021 1918 5076 in
1941 5021 2049 5076 cir-

2154 5035 2395 5100 καονίας,
2409 5000 2662 5109 Λύστραν
2676 5000 3008 5113 ΫκαὶιΔέρθην
3019 5000 3134 5096 ’καί
3277 5000 3612 5113 ῥίξίωρξν,
3629 5000 3733 5096 κά-

467 5095 614 5148 cuitu
646 5096 918 5166 regionem
946 5111 961 5179 ς
987 5108 1043 5153 et
1063 5098 1134 5154 ibi
1167 5103 1604 5171 evangelizantes
1626 5120 1802 5165 erant.
1846 5131 1864 5162 ι

1388 5105 1604 5163 ιὶιειηιεε
1626 5120 1802 5165 erant.
1846 5131 1864 5162 ι
2153 5125 2242 5177 κεῖ
2268 5120 2410 5195 ἦσαν
2444 5095 2994 5200 εὐαγγελιζόμενοι..)

538 5182 968 5257 Haudquaquam
1013 5189 1166 5246 nefas
1203 5204 1285 5248 est
1342 5206 1560 5255 sanctos
1601 5201 1724 5270 fuga
1758 5219 1817 5258 se
1847 5208 2048 5263 subdu-

2220 5216 2388 5270 Οὐδὲν
2434 5212 2529 5273 οὖν
2584 5218 2784 5275 ἄτοπον
2824 5225 2874 5276 εί
2924 5226 3024 5276 οἱ⁵
3074 5224 3220 5294 ἅγιοι
3269 5226 3583 5295 φεύγουσιιι
3612 5226 3732 5287 τοὺς

467 5288 591 5332 rere
614 5278 865 5334 manibus
898 5279 1307 5351 insidiantium;
1346 5300 1521 5358 neque
1563 5290 1685 5346 ideo
1725 5295 2045 5353 existimau-

2154 5306 2528 5364 ἐπιϐουλεύειν
2551 5311 2747 5376 αὐτοὺς
2773 5315 2785 5353 ί
2828 5313 3121 5384 μέλλοντας
3143 5334 3156 5347 ·
3177 5316 3273 5370 καὶ
3299 5317 3360 5370 οὐ
3391 5317 3642 5372 δοκοῦσιν
3672 5318 3732 5371 ἐκ

538 5455 556 5486 ⁸
593 5457 718 5513 Psal
767 5474 827 5527 ιι,
861 5461 912 5514 l.
989 5463 1010 5493 ¹
1038 5460 1186 5519 Psal.
1215 5479 1329 5530 χιι,
1361 5464 1451 5522 25.

542 5612 563 5641 °
591 5613 909 5673 Cod.Coisl.
940 5620 1098 5674 Θεοῦ.
1173 5623 1199 5663 ά
1231 5623 1363 5678 Cod.
1388 5626 1554 5684 Cuisl.
1589 5628 1849 5699 Χριστοῦ.
1934 5644 1956 5671 ο
1978 5631 2072 5688 ϐο(

466 5691 577 5736 om.
606 5685 656 5737 οἱ
739 5686 764 5727 ιι
788 5686 918 5743 Cod.
950 5690 1117 5745 Coisl.
1153 5694 1418 5763 φεύγωσι.
1487 5699 1502 5737 i
1535 5698 1666 5754 Cod.
1696 5701 1760 5755 (ὲ.
1798 5701 2000 5766 αὐτοῖς.

2141 5637 2306 5694 Cois].
2347 5642 2411 5694 ἐκ
2439 5643 2625 5711 φόϐου.
2711 5646 2727 5684 ί
2763 5646 2893 5704 COd.
2925 5649 3091 5708 (ἑοῖσι.
3125 5653 3273 5723 περί.
3350 5663 3377 5704 6
3409 5653 3725 5714 Cod.Coisl.
