4068 6126
520 236 657 302 1547

1653 236 2001 297 ΑΜΜΟΝΙΙ
2042 234 2578 295 ALEXANDRINI

3639 231 3794 300 1548

520 352 719 423 esciplt
751 350 927 409 luetus
956 348 1443 418 iuexstinguibilis;
1480 361 1596 415 quae
1647 361 1827 403 autem
1878 359 1960 404 est
2008 365 2084 404 se-

2196 347 2501 419 διαδέχεται
2551 347 2785 418 δάκρυον
2834 345 3260 401 ἀκατάπαυστον
3284 352 3305 374 ⁸
3328 362 3342 375 ·
3382 343 3484 416 τὴν
3533 343 3591 398 δὲ
3639 344 3796 400 κατὰ

520 445 755 502 cundum
788 441 980 506 Deum,
1029 454 1150 496 eam
1201 438 1406 509 excipit
1456 438 1642 494 laetitia
1696 448 1750 493 et
1789 442 2093 509 gaudium:

518 537 784 607 siquidem
811 532 1026 601 aliquod
1057 532 1108 585 in
1142 531 1243 585 hac
1264 532 1372 586 vita
1411 532 1543 585 tanti
1580 532 1703 585 doni
1734 532 1924 601 pignus
1953 533 2095 585 acci-
2136 604 2143 621 Ι

519 628 750 696 pientes,
778 621 1124 683 inenarrabili
1156 621 1341 677 lzetitia
1366 620 1762 689 perfunduntur
1788 622 2097 691 quicunque

519 720 597 773 sic
624 718 932 780 tristantur,
968 725 1020 769 et
1051 713 1143 782 qui
1182 728 1325 767 nunc
1352 713 1405 765 in
1438 711 1693 781 laerymis
1729 713 1934 765 semina
1968 713 2093 765 mit-

521 820 661 873 Iunt,
688 808 723 863 ii
752 821 876 862 cum
911 805 1274 860 exsultatione
1306 802 1516 856 fruetus
1545 804 1668 857 hinc
1696 804 1957 857 abeuntes
1978 804 2090 858 col-

517 905 720 972 ligent:
751 900 868 955 haec
898 907 981 953 est
1006 897 1293 952 exsultatio
1317 911 1440 950 cum
1466 905 1700 949 tremore
1728 895 1780 949 in
1819 896 1997 949 anima
2024 892 2096 948 εί

513 992 608 1046 Dei
636 991 829 1045 timore
865 997 1046 1042 enata.

582 1080 750 1135 Vens.
780 1079 870 1134 22.
904 1096 924 1130 ι
956 1077 1021 1131 Ει
1053 1092 1175 1131 cum
1204 1077 1621 1132 constituissent
1649 1075 1758 1131 illis
1785 1089 1882 1144 per
1905 1077 2092 1146 singu-

512 1172 593 1228 las
617 1171 887 1227 Ecclesias
913 1168 1282 1238 presbyteros,
1308 1175 1365 1222 et
1385 1175 1635 1221 orassent
1661 1180 1782 1220 cum
1805 1165 2093 1236 jejunatio-

515 1264 701 1324 nibus,
731 1261 1246 1314 cormneudaveruut
1274 1271 1366 1313 eos
1396 1256 1623 1311 Domino
1653 1256 1704 1309 in
1726 1269 1884 1324 quem
1914 1256 2091 1310 credi—

512 1336 725 1407 tierunt.
760 1368 779 1403 ι

584 1444 660 1498 Ex
694 1443 794 1497 ltoc
821 1443 988 1510 liquet
1013 1440 1316 1494 Barnabam
1348 1448 1402 1494 et
1440 1437 1661 1493 Paulum
1692 1437 1983 1507 episcopali
2008 1438 2089 1491 di—

513 1536 719 1603 gnitate
743 1550 863 1587 esse
901 1534 1126 1586 donatos
1154 1569 1170 1595 ,
1224 1530 1369 1600 quod
1406 1528 1738 1583 instituerint
1772 1544 1876 1585 non
1908 1527 2084 1580 solum

512 1628 790 1688 diaconos,
820 1624 915 1679 sed
943 1623 1106 1678 etiam
1139 1624 1508 1692 presbyteros.
1536 1619 1655 1675 Jam
1689 1631 1866 1673 autem
1899 1618 2082 1674 notavi

2198 436 2359 505 Θεὸν,
2404 436 2715 507 εὐφροσύνη
2761 437 2857 490 καὶ
2885 435 3065 506 χαρά·
3103 436 3307 504 ὄπουγε
3350 435 3447 489 καὶ
3479 436 3541 488 ιν
3567 435 3650 507 τῷ
3685 434 3792 491 νῦν

2199 528 2300 599 βίῳ
2338 528 2632 599 ἀρραϐῶνα
2682 528 2783 598 τῆς
2830 527 3087 597 τοιαύτης
3124 526 3333 598 δωρεᾶς
3366 526 3787 598 λαμϐάνοντες,

2194 622 2586 693 ἀνεκδιήγητον
2625 621 2801 692 χαράν
2840 620 3059 690 ἔχουσιν
3107 621 3155 674 oi
3196 618 3370 683 οὔτως
3408 619 3789 691 λυπούμενοι·

2197 714 2289 766 καλ⁸
2318 713 2412 766 νῦν
2443 713 2512 766 τά
2551 714 2843 783 σπέρματα
2892 715 2950 765 ἐν
2996 711 3265 783 κλαυθμῷ
3300 711 3742 777 καταϐάλλοντες
3768 757 3787 781 ,

2192 805 2322 868 τοὺς
2343 804 2590 875 καρποὺς
2612 806 2670 858 ἐν
2693 806 3015 874 ἀγαλλιάσει
3039 804 3178 874 μετὰ
3198 805 3299 875 τὴν
3325 803 3480 857 ἐνθεν
3508 805 3793 875 ἐκδημίαν

2194 896 2673 967 ἀπολαμϐάνουσιν
2695 911 2712 926 ⁸
2738 896 2878 968 αῦτη
2911 897 3060 949 ἐστὶν
3081 897 3113 967 ἡ
3146 895 3410 967 ἔντρομος
3431 897 3790 965 ἀγαλλὶασις.

2192 991 2225 1059 ἠ
2260 987 2403 1042 κατά
2426 988 2518 1042 τὸν
2546 988 2640 1043 τοῦ
2670 988 2807 1042 Θεοῦ
2841 990 3005 1058 φόϐον
3034 988 3297 1058 γινομένη
3329 991 3395 1059 τῇ
3427 989 3595 1059 ψυχῇ.

2268 1097 2288 1130 α
2357 1080 2851 1150 Χειροτονήσαντες
2899 1079 2958 1133 δὲ
3016 1080 3201 1142 αὐτοῖς
3256 1079 3380 1133 κατ’
3444 1079 3791 1149 Ἐκκλησὲαν

2192 1169 2597 1240 πρεσϐυτέρους
2621 1208 2638 1234 ,
2667 1168 3100 1240 προσευξάμενοι
3145 1170 3283 1239 μετά
3312 1170 3601 1239 νηστειῶν,
3631 1178 3789 1239 παρ-

2191 1259 2375 1312 έθεντο
2402 1261 2596 1321 αὐτοὺς
2626 1258 2704 1330 τῷ
2733 1258 2923 1329 Κυρίῳ
2950 1259 3032 1321 είς
3060 1257 3121 1311 ὃν
3154 1258 3620 1311 πεπιστεύκεισαν
3678 1278 3700 1310 ι

2264 1437 2406 1506 Ὅρα
2444 1436 2527 1489 ὅτι
2551 1437 2645 1490 καὶ
2682 1438 2731 1489 οἱ
2783 1436 2914 1507 περὶ
2954 1436 3168 1491 Παῦλον
3208 1438 3303 1490 καὶ
3332 1436 3616 1508 Βαρνάϐαν
3657 1441 3781 1491 ἐπι-

2191 1527 2412 1580 σκόπων
2448 1525 2594 1597 εἶχον
2644 1528 2824 1594 ἀξίαν,
2873 1529 2931 1595 ἐξ
2965 1521 3039 1581 ὧν
3085 1528 3461 1600 ἐχειροτόνουν
3509 1531 3570 1582 ού
3614 1532 3788 1601 μόνον

2190 1621 2468 1685 διακόνους
2517 1621 2654 1674 ἀλλὰ
2712 1621 2807 1675 καὶ
2863 1622 3290 1695 πρεσϐυτέρους.
3345 1623 3456 1677 Καὶ
3493 1624 3673 1677 ὀπίσω
3720 1624 3786 1677 δὲ

510 1732 634 1773 eum
652 1714 1086 1786 jejunationibtts
1116 1713 1528 1769 morationibus
1568 1711 1862 1780 discipulos
1890 1726 2083 1766 manus

2190 1714 2644 1785 ἐσημειωσάμην,
2674 1714 2754 1767 ὅτι
2778 1714 2920 1783 μετὰ
2949 1713 3215 1785 νηστειῶν
3236 1715 3330 1767 καὶ
3353 1713 3529 1785 εὐχῶν
3552 1716 3785 1768 ἐποίουν

510 1811 826 1880 imponere;
877 1809 980 1863 hoc
1010 1820 1226 1877 quoque
1258 1805 1461 1871 notavi,
1494 1804 1704 1859 scilicet
1740 1803 2000 1859 Barnabas
2030 1814 2084 1860 et

507 1903 678 1958 Paulo
700 1915 893 1956 manus
915 1900 1080 1954 fuisse
1109 1898 1390 1968 impositas
1419 1896 1474 1950 in
1498 1882 1698 1961 Mileto,
1727 1911 1928 1964 eosque
1961 1896 2085 1951 inde

506 2002 772 2050 exeuntes
815 1992 1145 2063 praedicasse
1189 1988 1244 2044 in
1284 1987 1594 2043 civitatibus
1645 2002 1815 2056 usque
1837 1986 1902 2039 ad
1946 1987 2082 2041 Pisi-

507 2085 655 2140 diam
690 2085 822 2141 etin
862 2082 1115 2141 erunibus
1148 2082 1215 2137 iis
1253 2096 1372 2150 qua:
1404 2081 1685 2148 hucusque
1733 2086 1860 2133 sunt
1895 2092 2083 2133 recen-

506 2176 625 2230 sitte
650 2190 667 2241 ;
697 2174 913 2229 cuidam
954 2188 1084 2229 vero
1122 2170 1418 2241 exemplari
1464 2168 1677 2224 occurri
1735 2168 2080 2223 Antiochiam

506 2280 607 2336 pro
632 2264 815 2357 Mileto
841 2263 1083 2329 babenti,
1109 2262 1253 2331 quod
1295 2260 1423 2315 mihi
1448 2258 1783 2329 probabilius
1811 2259 2043 2313 videtur.

1134 2445 1286 2501 CAP.
1330 2444 1449 2501 XV.

580 2564 739 2619 Vens.
784 2565 836 2618 ι.
878 2579 897 2613 ι
928 2562 995 2616 Et
1026 2560 1244 2631 quidam
1265 2557 1660 2615 descendentes
1689 2554 1959 2640 de‘Judaza
1988 2556 2083 2610 do-

508 2661 702 2715 cebant
728 2657 962 2713 fratres:
992 2654 1125 2722 Quia
1160 2652 1259 2708 nisi
1292 2649 1752 2706 circumcidamiui
1785 2650 2080 2705 secundum

510 2767 714 2806 morem
748 2750 938 2822 Moysi,
971 2763 1075 2802 non
1112 2746 1338 2817 potestis
1366 2744 1589 2800 salvari.
1630 2760 1651 2795 ι

580 2843 719 2907 Quia
742 2842 846 2895 nisi
865 2837 1314 2896 circumcidamini
1351 2835 1634 2889 secundum
1661 2848 1854 2886 morem
1881 2829 2077 2900 Moysi,

508 2952 612 2987 non
648 2934 864 3003 potestis
924 2932 1141 2986 salvari.
1178 2928 1582 2984 Observandum
1621 2934 1703 2981 est
1745 2925 1876 2979 illud
1912 2924 2082 2979 fuisse

2187 1807 2238 1859 οί
2273 1806 2509 1877 μαθηταὶ
2536 1806 2633 1869 τὰς
2648 1806 2986 1878 χειροτονίας
3004 1807 3351 1878 ’ἐσημείωσα
3380 1808 3439 1860 δὲ
3466 1808 3564 1861 καὶ
3593 1808 3780 1873 τοῦτο,

2188 1898 2271 1952 ὅτι
2312 1898 2392 1961 είς
2433 1898 2673 1968 Μίλητον
2708 1897 3199 1969 ἐχειροτονήθησαν
3240 1899 3291 1951 οἱ
3323 1899 3454 1968 περὶ
3483 1898 3780 1968 Βαρνάϐαν

2188 1991 2284 2045 καὶ
2306 1990 2537 2044 Παῦλονδ
2564 1990 2657 2043 καὶ
2685 1989 2745 2053 ἐξ
2774 1990 2946 2060 αὐτῆς
2979 1989 3312 2057 ἐξελθόντες,
3345 1990 3780 2059 εύηγγελίσαντο

2184 2082 2286 2145 τὰς
2332 2081 2491 2153 μέχρι
2530 2081 2631 2151 τῆς
2666 2081 2913 2142 Πισιδίας
2963 2080 3180 2143 πόλεις,
3218 2078 3316 2133 καὶ⁹
3357 2080 3493 2143 ὅσας
3525 2080 3689 2144 ἄλλας
3744 2082 3777 2134 ὁ

2186 2172 2344 2241 λόγος
2371 2173 2465 2244 ἐσή
2476 2189 2609 2243 μανε
2637 2172 2775 2235 τέως
2794 2188 2808 2202 ·
2845 2172 2974 2225 ἄλλο
3002 2171 3059 2225 δὲ
3090 2171 3432 2243 ἀντίγραφον
3459 2167 3616 2243 εὗρον
3645 2172 3778 2244 ἔχον

2187 2267 2309 2323 am
2338 2266 2583 2336 Μιλήτου
2627 2265 2958 2337 Ἀντιόχειαν
2978 2303 2993 2330 ,
3024 2263 3054 2318 δ
3079 2266 3178 2318 καὶ
3211 2263 3590 2337 πιθανώτερόν
3618 2277 3645 2316 ι)
3676 2284 3775 2337 μοι

2192 2359 2399 2431 μᾶλλον.
2422 2359 2619 2429 ὲφάνη.

2786 2451 3044 2505 ΚΕΦᾹΛ.
3099 2452 3198 2506 IE'.

2263 2583 2282 2616 ι
2318 2564 2428 2617 Καί
2451 2582 2594 2627 τινες
2618 2564 2969 2627 κατελθόντες
2995 2565 3103 2618 ἀπὸ
3126 2566 3228 2635 τῆς
3275 2565 3564 2629 Ἰουδαίας,
3597 2567 3773 2621 ἐδίδα-

2190 2673 2318 2710 σκον
2345 2658 2470 2720 τοὺς
2495 2656 2755 2725 ἀδελφούς
2782 2672 2796 2687 ⁸
2830 2655 2953 2709 Ὂτι
2993 2655 3089 2709 ὲάν
3147 2656 3223 2727 μὴ
3272 2658 3655 2730 περιτμηθῆτε
3691 2657 3774 2730 τῷ

2188 2747 2298 2802 ἔθει
2334 2747 2428 2801 τοῦ
2460 2750 2765 2813 Μωῦσέως,
2794 2749 2853 2802 οὐ
2884 2748 3181 2820 δυνήσεσθε
3227 2750 3495 2821 σωθῆναι.
3536 2770 3556 2804 ι

2262 2839 2382 2893 Ὅτι
2420 2839 2529 2892 ἐὰν
2552 2838 2638 2909 μὴ
2688 2841 3125 2909 περιτέμνησθε
3163 2839 3244 2907 τῷ
3279 2841 3402 2896 ἔθει
3450 2844 3771 2910 Μωῦσέως,

2188 2932 2259 2985 οὐ
2292 2930 2556 2984 δύνασθε
2585 2929 2871 2997 σωθῆναι.
2902 2931 3247 3001 Σημειωτέον
3273 2933 3356 2985 ὅτι
3385 2931 3509 2994 ἔθος
3532 2934 3682 2988 καλεῖ
3712 2934 3776 2987 τὸ

509 3024 645 3094 legis
673 3033 998 3093 praeceptum
1026 3021 1169 3091 quod
1205 3020 1481 3088 Scriptura
1515 3033 1718 3074 morem
1757 3017 1891 3071 dicit
1922 3034 1935 3069 :
1975 3031 2077 3070 non

2188 3024 2410 3094 ἔννομον
2446 3023 2773 3093 πρόσταγμα
2817 3025 2850 3094 ἡ
2889 3023 3118 3095 Γραφή·
3164 3025 3286 3079 οὐδὲ
3326 3025 3435 3097 γὰρ
3481 3028 3775 3097 ἀγράφως,

508 3117 652 3169 enim
679 3129 776 3184 per
811 3128 1026 3179 manus,
1057 3113 1147 3166 sed
1191 3127 1285 3180 per
1307 3112 1647 3179 Seripturam
1697 3110 1812 3162 haec
1861 3107 2083 3161 tradidit

509 3209 737 3281 Moyses.
792 3206 900 3262 Aut
933 3205 1115 3260 forsan
1157 3205 1440 3257 solverunt
1480 3199 1730 3271 apostoli,
1787 3200 1911 3267 quia
1942 3214 2078 3260 mos,

508 3319 614 3356 non
660 3313 841 3355 autem
899 3300 1033 3370 legis
1084 3306 1382 3361 statutum;
1440 3294 1582 3364 qttod
1626 3302 1801 3346 tamen
1868 3290 2081 3345 nonnisi

508 3408 789 3463 perperam
814 3393 919 3446 dici
954 3399 1149 3461 potest,
1182 3389 1307 3457 quia
1332 3386 1588 3443 Ecclesia:
1613 3398 1792 3437 mores
1822 3397 1927 3436 non
1959 3391 2086 3436 sunt

506 3485 905 3540 eontetnuendi.

577 3573 743 3628 Vsus.
778 3573 831 3628 5.
870 3592 889 3624 ι
923 3574 1293 3626 Surrexerunt
1317 3577 1497 3624 autem
1535 3569 1752 3638 quidam
1792 3568 1859 3622 de
1888 3566 2082 3622 haeresi

500 3667 905 3721 Pharisazorum
934 3662 1024 3733 qui
1057 3662 1425 3726 crediderunt,
1455 3662 1701 3719 dicentes
1725 3678 1738 3715 :
1764 3660 1896 3727 Quia
1922 3675 2085 3730 opor-

509 3768 585 3811 tet
608 3756 918 3811 circumcidi
942 3770 1056 3828 eos,
1085 3753 1380 3826 praecipere
1404 3768 1618 3824 quoque
1644 3766 1863 3807 servare
1911 3751 2082 3823 legem

505 3850 698 3921 Muysi.
743 3867 763 3901 ι

575 3941 692 3995 Non
715 3956 780 3995 ex
810 3938 1065 4009 gentibus
1096 3937 1304 4003 ﬁdeles,
1350 3938 1444 3994 sed
1481 3954 1543 3992 ex
1574 3935 1800 4002 Iudaeis,
1847 3937 2083 3992 circum-

497 4031 609 4087 cidi
641 4032 927 4086 credentes
965 4036 1019 4083 et
1049 4027 1253 4082 servari
1296 4028 1474 4081 omnia
1505 4028 1636 4098 legis
1666 4026 1905 4081 earnalia
1943 4042 2081 4096 pra:-

503 4134 659 4193 cepta
728 4121 1181 4190 expostulabant;
1236 4120 1454 4189 quibus,
1513 4129 1696 4188 utpote
1747 4118 2081 4187 antiquatam

506 4215 676 4284 legem
709 4211 1044 4281 sapientibus
1090 4220 1145 4265 et
1199 4211 1431 4280 propriae
1484 4211 1867 4263 ostentationis
1908 4210 2080 4276 gratia

501 4299 689 4352 ﬁdeles
725 4297 1117 4352 circumcidere
1143 4297 1475 4362 volentibus,
1515 4297 1793 4365 discipuli,
1827 4297 1952 4351 licet
1980 4297 2080 4364 ipsi

2185 3118 2301 3171 ἀλλ’
2327 3116 2621 3188 ἐγγράφως
2656 3118 2749 3168 καὶ
2782 3116 2940 3171 τοῦτο
2973 3112 3092 3169 εἷπε
3121 3118 3365 3189 Μωῡσῆς
3392 3133 3405 3145 ·
3439 3119 3639 3191 ῆτάχα
3679 3119 3782 3171 καὶ

2184 3209 2275 3263 διὰ
2299 3210 2458 3262 τοῦτο
2487 3209 2651 3279 ἐλύθη
2690 3208 2800 3262 ἀπὸ
2824 3207 2933 3261 τῶν
2974 3209 3289 3263 ἀποστόλων
3317 3210 3474 3264 τοῦτο
3495 3253 3507 3275 ,
3541 3210 3619 3272 ὡς
3648 3211 3783 3275 ἔθος

2185 3296 2243 3350 ὃν
2276 3300 2369 3351 καὶ
2395 3299 2494 3367 οὐχ
2524 3299 2599 3362 ὡς
2620 3288 2851 3369 νόμιμον
2879 3312 2893 3327 ’
2927 3298 3069 3369 πλὴν
3099 3300 3253 3353 τοῦτο
3286 3301 3365 3353 δεῖ
3394 3316 3788 3369 καταχρηστι-

2186 3389 2297 3454 κῶς
2327 3398 2355 3439 1
2387 3391 2581 3454 είπεῖν,
2613 3390 2694 3445 ὃτι
2728 3391 2848 3444 οὐδὲ
2883 3390 2953 3445 τὰ
2995 3392 3097 3460 τῆς
3147 3391 3465 3461 Ἐκκλησίας
3504 3391 3608 3462 ἔθη
3653 3393 3780 3465 χρὴ

2186 3481 2656 3551 παραχαράττειν.

2265 3592 2282 3625 t
2334 3571 2729 3641 Ἐξανέστησαν
2761 3571 2818 3625 δέ
2861 3589 3005 3635 τινες
3046 3572 3155 3625 τῶν
3192 3571 3302 3624 ἀπὸ
3349 3570 3452 3640 τῆς
3498 3570 3776 3640 αἱρέσεως

2184 3663 2294 3716 τῶν
2340 3662 2650 3733 Φαρισαίων
2703 3662 3166 3726 πεπιστευκότες,
3216 3662 3510 3729 λέγοντες,
3559 3662 3639 3714 ὅτι
3687 3661 3777 3714 δεῖ

2187 3753 2539 3823 περιτέμνειν
2584 3753 2821 3821 αὐτοὺς,
2867 3752 3273 3824 παραγγέλλειν
3323 3769 3384 3806 τε
3434 3754 3625 3823 τηρεῖν
3674 3753 3772 3807 τὸν

2185 3845 2348 3915 νόμον
2377 3843 2657 3907 Μωῡσέως
2678 3885 2690 3897 .
2725 3863 2743 3896 ι

2257 3937 2369 4007 Ούχ
2412 3937 2461 3988 ot
2489 3937 2597 3989 ἀπὸ
2635 3936 2805 3990 ἐθνῶν
2854 3937 3072 4001 πιστοὶ,
3113 3936 3227 3991 ἀλλ’
3257 3939 3305 3990 oi
3332 3937 3440 3990 ἀπὸ
3497 3936 3770 3990 Ἰουδαίων

2184 4028 2425 4099 ἀπῄτουν
2462 4028 2586 4090 τοὺς
2622 4028 2850 4091 πιστοὺς
2887 4028 3354 4099 περιτέμνεσθαι,
3387 4028 3482 4081 καὶ
3516 4027 3583 4080 τά
3629 4026 3768 4080 ἀλλα

2182 4118 2277 4171 τοῦ
2307 4121 2472 4188 νόμου
2512 4119 2750 4188 σαρκικὰ
2781 4120 2956 4173 ποιεῖν
2976 4135 2989 4149 ·
3024 4118 3138 4184 οὓς,
3163 4120 3237 4183 ὡς
3265 4120 3347 4172 ἔτι
3379 4120 3449 4173 τά
3472 4118 3566 4173 τοῦ
3595 4119 3764 4187 νόμου

2182 4210 2275 4262 τοῦ
2325 4208 2555 4262 παλαιοῦ
2603 4210 2970 4280 φρονοῦντας,
3018 4210 3115 4264 καὶ
3161 4213 3242 4274 είς
3297 4210 3441 4267 ἰδίαν
3491 4209 3763 4277 καύχησιν

2185 4300 2437 4363 θέλοντας
2479 4305 2798 4373 περιτεμεῖν
2827 4303 2954 4367 τοὺς
2990 4304 3251 4367 πιστοὺς,
3300 4303 3400 4354 οὐκ
3435 4301 3761 4366 ἀπεδέξαντο

506 4393 571 4446 de
623 4390 1035 4446 circumcisione
1090 4388 1326 4456 fuerint,
1379 4404 1485 4442 non
1543 4392 2075 4457 obtemperaverunt,

2187 4394 2230 4445 oi
2258 4393 2499 4464 μαθηταί
2522 4410 2535 4423 ’
2567 4394 2746 4447 καίτοι
2771 4396 2865 4448 καὶ
2894 4395 3049 4449 αὐτοὶ
3078 4396 3142 4448 ὲκ
3170 4393 3473 4464 περιτομῆς
3499 4392 3677 4453 ὄντες·
3701 4389 3759 4443 ού

502 4482 629 4553 quia
659 4481 889 4552 propriae
922 4481 1184 4534 voluntati
1215 4480 1434 4533 minime
1468 4479 1837 4550 indulgebant,
1866 4482 1960 4534 sed
2000 4492 2078 4534 to-

508 4573 613 4626 tius
654 4572 836 4625 mundi
889 4571 1087 4625 bonum
1122 4569 1459 4638 quaerebant.
1497 4566 1802 4624 Notandum
1836 4586 1963 4625 vero
1997 4581 2080 4627 est.

503 4661 806 4716 Pharisatos
862 4660 1029 4715 fuisse
1100 4660 1406 4726 haereticos,
1442 4667 1497 4714 et
1532 4674 1625 4716 eos
1651 4660 1742 4729 qui
1794 4675 1899 4714 non
1935 4672 2080 4716 recte

504 4754 809 4809 sentiebant
832 4754 1007 4810 dictos
1037 4752 1225 4821 fuisse,
1266 4752 1429 4807 etiam
1460 4760 1587 4807 ante
1627 4751 1942 4815 Christum,
1974 4753 2081 4805 luc-

506 4844 727 4898 reticos.

575 4935 738 4991 Vens.
773 4935 825 4989 6.
867 4953 886 4986 ι
927 4911 1423 5004 Conveneruntque
1458 4936 1689 5005 apostoli
1748 4945 1804 4991 et
1836 4936 2081 4991 seniores

504 5029 687 5081 videre
707 5027 773 5080 de
801 5025 968 5080 verbo
996 5025 1113 5078 hoc.
1140 5041 1159 5075 ι

577 5123 714 5177 llinc
744 5123 906 5175 etiam
955 5120 1329 5189 eonjecturare
1351 5118 1475 5173 licet
1507 5118 1794 5189 quamdam
1823 5120 2081 5190 apostolis

508 5214 671 5267 fuisse
698 5214 1036 5282 dignitatem,
1063 5211 1500 5282 presbyterorum
1526 5211 1785 5279 dignitate
1816 5222 2075 5280 prmstan-

512 5305 697 5357 tiorem
724 5319 740 5367 ;
768 5318 834 5356 eo
866 5303 1009 5372 quod
1048 5320 1151 5357 non
1196 5302 1468 5357 communi
1524 5302 1742 5357 nomine
1774 5317 1896 5356 cum
1949 5304 2078 5372 ipsis

509 5394 879 5462 designantur.

584 5548 609 5575 ο
639 5541 773 5613 de.
803 5541 972 5595 Cuisl.
996 5542 1456 5595 ἀκατάπαυστον
1480 5540 1755 5613 gat).qu
1788 5542 1882 5594 ἐπὶ
1908 5542 2073 5613 λύπῃ.

2178 4486 2289 4556 γὰρ
2328 4486 2388 4538 τὸ
2439 4485 2569 4539 ίδιον
2613 4486 2824 4557 θέλημα
2859 4488 3085 4557 ἐζήτουν
3117 4486 3347 4557 στῆσαι,
3379 4484 3519 4537 ἀλλά
3558 4486 3621 4535 τὸ
3653 4498 3761 4535 κοι-

2180 4576 2419 4644 νωφελὲς
2469 4576 2563 4629 τοῦ
2607 4577 2833 4649 κόσμου.
2887 4577 3234 4649 Σημειωτέον
3271 4577 3330 4631 δὲ
3364 4578 3449 4629 ὅτι
3495 4575 3760 4646 αἱρετικοὶ

2180 4663 2321 4741 ἦσαν
2345 4669 2395 4722 oi
2427 4670 2745 4742 Φαρισαῖοι·
2783 4673 2879 4724 καὶ
2908 4672 2992 4724 ὅτι
3023 4670 3083 4723 τὸ
3109 4669 3216 4724 τῶν
3242 4668 3536 4739 αἱρετικῶν
3567 4667 3756 4735 ὄνομα.

2185 4761 2279 4813 καὶ
2309 4760 2414 4831 πρὸ
2446 4761 2558 4815 τῶν
2585 4763 2954 4833 Χριστιανῶν,
2989 4764 3101 4826 τοῖς
3135 4761 3235 4815 οὐκ
3262 4760 3440 4831 ὀρθῶς
3474 4758 3759 4830 φρονοῦσιν

2183 4852 2484 4907 ἐπετίθετο.

2260 4962 2277 4994 ι
2314 4942 2669 5014 Συνήχθησαν
2702 4944 2760 4997 δὲ
2789 4944 2838 4997 οἱ
2866 4943 3156 4998 ἀπόστολοι
3187 4942 3283 4996 καὶ
3319 4943 3368 4995 oi
3400 4941 3759 5014 πρεσϐύτεροι

2187 5034 2315 5088 ἰδεῖν
2344 5036 2477 5106 περὶ
2505 5034 2599 5088 τοῦ
2629 5036 2789 5105 λόγου
2819 5036 3031 5090 τούτου.
3066 5054 3087 5087 ι

2254 5125 2428 5178 Πάλιν
2474 5128 2571 5181 καὶ
2604 5127 2757 5180 ἔνθεν
2789 5126 3255 5199 ὲπιστοχάσασθαι
3275 5168 3291 5193 ,
3327 5127 3411 5180 ὄτι
3441 5124 3611 5193 ἀλλην
3643 5122 3762 5175 τινὰ

2186 5215 2343 5280 ἀξίαν
2376 5218 2847 5271 ὲπαναϐαίνουσαν
2879 5221 3005 5281 τοὺς
3031 5216 3440 5289 πρεσϐυτέρους
3470 5212 3616 5286 εἶχον
3644 5213 3758 5267 oi‘l'

2186 5308 2471 5363 ἀπόστολοι
2490 5325 2501 5338 ⁸
2518 5310 2597 5363 διὸ
2618 5312 2680 5364 οὐ
2709 5311 3143 5382 συμπεριέλαϐον
3164 5312 3363 5373 αὐτοὺς
3386 5313 3499 5373 τοῖς
3524 5307 3757 5381 πρεσϐυι

2185 5397 2366 5469 τέροις
2392 5400 2557 5469 κοινῴ
2586 5401 2810 5470 ὀνόματι
2840 5402 3048 5465 πάντας
3090 5403 3356 5471 σημᾶναι.

2180 5557 2207 5596 P
2233 5548 2367 5625 Cod.
2395 5548 2562 5625 Coisl.
2607 5552 2980 5625 πιθανότερον.
3091 5563 3121 5602 ιι
3148 5552 3279 5608 Cod.
3314 5552 3761 5625 καταχριστικῶς

508 5610 640 5664 Cod.
664 5611 827 5665 Cuisl.
869 5614 1324 5682 καταχρηστικόν.
1401 5615 1450 5661 (1⁵
1479 5610 1649 5666 Verba
1684 5609 1827 5681 εἶχον
1851 5615 1901 5665 oi
1936 5609 2058 5669 Ἀπζ

2193 5634 2256 5673 ue
2283 5620 2349 5673 ad
2376 5620 2771 5691 πρεσϐυτέροις
2808 5609 2981 5692 διήψι.
3015 5637 3126 5678 rec.
3165 5639 3236 5678 m.
3265 5625 3316 5678 in
3365 5609 3541 5693 marg.
