4068 6126
423 367 561 436 1553

1322 372 1777 436 FRAFMENTA
1820 370 1901 430 IN
1941 372 2127 430 ACTA
2170 369 2746 431 APOSTOLORUM.

3532 364 3669 426 IES-i'

421 485 634 555 θέλημα
673 484 735 537 τὸ
760 482 977 552 ἑαυτοῦ,
1014 483 1152 539 ἀλλά
1199 485 1352 555 παρά
1394 485 1494 553 τὴν
1534 485 1729 539 ἑαυτοῦ
1773 485 1991 555 θέλησιν

2107 484 2246 537 sterii
2289 483 2566 550 operibus,
2602 480 2970 552 prmtcrtttissa
2999 479 3294 545 voluntate,
3339 479 3663 532 inhwreret:

421 572 734 626 ἀκολουθεῖν
786 574 922 645 πρὸς
982 574 1045 628 τὸ
1096 573 1258 647 ἔργον
1301 574 1401 644 τῆς
1458 573 1764 634 διακονίαςο
1817 572 1989 636 οὕτως

423 664 648 734 ἐποίησε
677 666 771 719 καὶ
801 667 895 719 ἐπὶ
928 666 1022 721 τοῦ
1054 666 1340 739 Κορινθίου
1367 682 1380 695 ·
1422 666 1669 739 ἐκϐαλὼν
1695 665 1858 721 αὐτὸν
1888 665 1989 734 τῆς

436 754 798 825 Ἐκκλησίας,
852 757 947 811 καὶ
997 757 1158 822 αὐτὸς
1213 756 1353 826 ὑπὲρ
1400 755 1566 810 αὑτοῦ
1618 755 1986 825 παρακαλῶν,

423 844 588 912 ἡνίκα
612 846 977 916 μετεμελήθτγ
1000 845 1172 911 οὕτως
1190 843 1284 900 οὖν
1311 845 1332 885 ί
1358 846 1517 916 ἤθελε
1540 846 1744 900 καὶτὸν
1762 848 1990 917 Μάρκον

422 932 684 1003 δαμάσαι.
724 934 785 987 Ὀ
811 934 864 987 δὲ
900 935 1183 1007 Βαρνάϐας
1228 934 1597 1006 ἁπλούστερος
1621 934 1719 1000 ὣν,
1752 936 1991 1006 συνεχώ-

431 1041 596 1095 ρησεν
626 1025 775 1095 αὐτῷ
808 1026 1010 1096 μᾶλλον
1041 1028 1135 1080 καὶ
1159 1027 1283 1097 δίχα
1322 1026 1636 1097 ἐκπλήξεως
1666 1030 1692 1068 ⁸
1716 1027 1778 1080 τὸ
1808 1029 1991 1100 ἀμάρ-

421 1133 571 1184 τημα
594 1131 609 1147 ο
639 1115 697 1169 ὃν
726 1117 755 1169 ὁ
796 1115 1009 1180 Παῦλος
1043 1118 1343 1189 παρεκάλει
1372 1117 1567 1186 λέγων,
1601 1118 1675 1190 μὴ
1705 1117 1881 1183 οὕτως
1916 1118 1992 1181 ὡς

421 1204 577 1273 ἔτυχε
611 1204 702 1258 τὸν
739 1205 1187 1277 δραπετεύσαντα
1215 1213 1316 1280 τῆς
1351 1211 1598 1273 συνοδίας
1634 1209 1988 1281 προσλαϐεῖν,

420 1293 534 1346 ἀλλ’
565 1295 981 1365 ἀποστραφῆναι
1007 1299 1191 1357 αὐτὸν.
1220 1298 1355 1352 διότι
1381 1301 1482 1353 οὐκ
1511 1299 1713 1363 αὐτοὺς
1737 1300 1990 1370 ἐνύϐρισε

420 1384 574 1436 τοῦτο
608 1387 866 1455 ποιήσας,
898 1386 1036 1441 ἀλλὰ
1070 1389 1168 1458 τῆς
1200 1388 1481 1454 διακονίας
1529 1393 1951 1463 καταφρονήσας
1975 1431 1990 1456 ,

419 1475 509 1527 τὸν
537 1475 671 1528 Θεὸν
690 1476 1041 1543 ὲξουδένωσε.
1066 1478 1255 1550 Τούτῳ
1277 1476 1372 1535 οὖν
1390 1481 1679 1552 τῷισκοπῷ
1704 1483 1993 1551 ἀντέλεγεν

418 1569 446 1620 ὁ
473 1566 681 1630 Παῦλος
709 1567 788 1638 τῷ
821 1568 1080 1641 Βαρνάϐᾳ
1107 1585 1121 1601 ο
1157 1546 1352 1641 ἀμέλει
1386 1546 1507 1625 οῦδὲ
1538 1546 1826 1643 ὠργίζετο,
1860 1546 1995 1628 ἀλλὰ

420 1659 722 1729 παρεκάλει
755 1659 938 1723 αὐτὸν,
974 1660 1050 1723 ὥς
1088 1678 1251 1733 φησιν
1288 1664 1321 1734 ἡ
1364 1663 1555 1734 Γραφή
1583 1679 1597 1693 ο
1638 1664 1880 1729 Παῦλος
1926 1665 1994 1718 δὲ

419 1751 596 1818 ἠξίου
620 1766 635 1779 ⁸
661 1752 857 1806 οὐκοῦν
879 1755 907 1806 ό
932 1753 1028 1824 μὲν
1048 1753 1338 1824 Βαρνάϐας
1356 1755 1697 1825 χρηστότητα
1724 1752 1835 1827 εἶχε
1861 1757 1993 1827 πρὸς

2097 577 2238 630 haud
2270 577 2428 630 aliter
2453 576 2506 629 in
2530 574 2874 631 Corinthium
2910 589 2969 630 se
3002 572 3207 645 gessit,
3240 587 3359 626 eum
3395 571 3461 624 ab
3486 568 3666 623 Eccle-

2096 666 2173 720 sia
2203 680 2464 733 scparans
2495 674 2550 721 et
2600 665 2715 735 ipse
2764 678 2863 735 pro
2887 678 2953 719 eo
2986 671 3238 733 precatus
3262 702 3277 727 ,
3313 670 3665 729 posteaquam

2096 757 2471 828 pmnitentiatn
2511 758 2738 827 egisset;
2776 757 2855 813 sic
2887 771 3101 829 quoque
3152 753 3392 807 Marcum
3445 750 3667 805 domare

2096 845 2325 900 volebat.
2385 844 2658 902 Barnabas
2706 857 2914 913 autem,
2968 861 3091 901 cum
3148 842 3445 912 simplicior
3495 849 3664 901 esset.

2097 947 2373 1003 peccatum
2408 938 2612 1006 absque
2639 952 2798 1007 pcena
2830 939 2877 992 ei
2909 935 3267 999 condonavit;
3323 948 3481 1004 quem
3523 931 3666 986 Ρςηι-

2098 1025 2182 1082 lus
2206 1029 2449 1098 rogahat,
2473 1028 2655 1083 dicens
2673 1042 2780 1083 non
2808 1039 3061 1098 oportere
3085 1028 3157 1083 ita
3192 1038 3395 1082 temere
3422 1041 3545 1082 eum
3584 1042 3667 1078 re-

2099 1119 2281 1193 cipere
2331 1118 2421 1188 qui
2456 1133 2515 1175 se
2559 1120 2627 1173 ab
2661 1135 2846 1174 eorum
2875 1120 3140 1175 societate
3169 1118 3537 1179 subtraxerat,
3572 1116 3665 1168 scil

2103 1208 2385 1277 repellere,
2412 1223 2476 1262 eo
2501 1208 2641 1276 quod
2672 1225 2776 1263 non
2807 1224 2901 1265 eos
2927 1208 3121 1278 injuria
3163 1207 3435 1265 aﬂecissct
3472 1208 3553 1262 sic
3586 1206 3671 1258 fa-

2100 1300 2268 1363 ciens,
2306 1301 2398 1353 sed
2427 1299 2615 1365 Deum,
2656 1301 2915 1371 despecto
2950 1301 3277 1368 ministerio,
3312 1299 3672 1368 contempsis-

2099 1400 2201 1445 set.
2233 1388 2304 1443 Ea
2341 1391 2405 1446 de
2435 1406 2595 1444 causa
2623 1390 2879 1464 Barnabas
2909 1391 3108 1447 Paulus
3152 1392 3387 1459 restitit;
3429 1405 3528 1445 nec
3560 1390 3671 1442 ira-

2101 1484 2374 1550 scebatur,
2411 1485 2504 1539 sed
2528 1485 2916 1552 rogabateum,
2938 1492 2994 1537 ut
3019 1483 3149 1538 dicit
3183 1483 3462 1551 Scriptura
3497 1501 3510 1536 :
3538 1480 3674 1534 Pau-

2101 1571 2183 1627 lus
2216 1582 2392 1627 autem
2417 1576 2656 1643 rogabat.
2695 1573 2972 1627 Barnabas
3001 1573 3166 1643 igitur
3194 1573 3367 1642 magis
3411 1573 3477 1625 ad
3519 1586 3672 1624 man-

2100 1664 2441 1725 suetudinem
2473 1673 2592 1719 erat
2619 1678 2838 1733 pronus,
2876 1663 3074 1719 Paulus
3107 1672 3286 1718 autem
3313 1662 3379 1715 ad
3409 1660 3674 1716 severita-

2102 1763 2230 1820 tem,
2258 1765 2573 1827 peccatores
2609 1755 2676 1810 ad
2721 1763 2930 1823 tempus
2955 1753 3169 1809 diabolo
3199 1752 3423 1808 tradens
3452 1751 3504 1806 in
3535 1752 3677 1806 inte-

420 1846 544 1907 τοὺς
568 1844 841 1914 ὑπηκόους
865 1845 1106 1915 ἕτοιμον,
1133 1847 1162 1898 ὁ
1184 1846 1241 1899 δὲ
1268 1846 1481 1911 Παῦλος
1503 1848 1828 1917 ἀποτομίαν,
1862 1851 1997 1918 πρὸς

2107 1848 2264 1902 ritum
2291 1847 2475 1902 carnis
2506 1854 2564 1902 ut
2588 1846 2655 1901 ad
2691 1846 3070 1916 paenitentiam
3109 1845 3378 1901 venirent.
3438 1841 3677 1914 Uterque

422 1938 613 2008 καιρὸν
644 1937 934 2001 ἀποδιδοὺς
954 1939 1084 2003 τοὺς
1109 1940 1531 2011 καταφρονητάς
1561 1941 1637 2009 τῷ
1659 1941 1892 2011 διαϐόλῳ
1916 1943 1998 2005 είς

422 2028 643 2099 ϐλεθρον
686 2032 785 2096 τῆς
840 2029 1073 2100 σαρκὸς,
1124 2031 1211 2092 ἵνα
1265 2032 1736 2103 μεταμεληοὼσιν.
1790 2033 1999 2088 Οὐκοῦν

423 2121 724 2192 ἀμφότεροι
753 2121 896 2175 κατὰ
925 2122 1017 2175 τὸν
1041 2122 1245 2177 οἰκεῖον
1277 2124 1479 2178 σκοπὸν
1510 2124 1693 2187 καλῶς
1721 2124 1994 2197 ἔπραξαν·

424 2210 879 2283 ἀπεχωρίσθησαν
894 2212 953 2266 δὲ
975 2214 1075 2267 καὶ
1090 2213 1181 2267 διὰ
1195 2212 1356 2267 τοῦτο
1375 2215 1469 2268 ἀπ’
1486 2215 1750 2286 ἀλλήλωνο
1772 2217 2001 2287 ἐπείπερ

424 2300 691 2397 οὐκσῆσαν
722 2306 853 2375 μιᾶς
872 2304 1038 2372 ἕξεως
1058 2306 1391 2377 ἀμφότεροι·
1414 2308 1510 2361 καὶ
1538 2308 1771 2377 ἠδύνατο
1797 2310 1891 2362 καὶ
1919 2309 2002 2364 οῦς

424 2396 551 2460 τως,
579 2396 670 2449 διὰ
694 2398 795 2467 τῆς
825 2397 966 2466 ἀγαν
992 2399 1347 2465 ἀνεξικακίας
1376 2400 1451 2471 μὴ
1481 2400 1651 2454 θέλων
1678 2402 1887 2473 κρίνειν
1912 2403 2003 2458 ἀλ-

425 2486 534 2550 λον,
563 2488 884 2557 δυσωπῆσαι
909 2488 1036 2552 τοὺς
1069 2489 1329 2553 πιστούς·
1361 2492 1458 2545 καὶ
1486 2494 1515 2544 ὁ
1547 2492 1759 2556 Παῦλος
1789 2493 1876 2547 διά
1908 2494 2001 2547 τοῦ

428 2577 778 2630 ἐπιστατικοῦ
804 2575 1001 2630 ἑαυτοῦ
1026 2578 1122 2630 καὶ
1152 2576 1538 2647 ζηλοτυπικοῦ,
1569 2579 1741 2632 σῶσαι
1770 2579 1866 2633 καὶ
1896 2596 2001 2631 σω-

429 2668 684 2735 φρονίσαι
717 2669 845 2731 τοὺς
880 2667 1106 2738 ἀμελεῖς
1128 2685 1142 2699 ·
1181 2666 1324 2722 οὕτω
1357 2666 1467 2738 γάρ
1498 2667 1743 2721 διδάσκει
1792 2666 1966 2736 λέγων
1986 2684 2000 2699 ’

433 2757 746 2827 Ἔλεγεον,
781 2758 1159 2827 ἐπιτίμησον,
1195 2757 1655 2828 παρακάλεσον*
1690 2759 1789 2830 οὐχ
1817 2759 1894 2822 ὡς
1929 2758 2005 2830 μὴ

429 2849 717 2920 δυνάμενοι
734 2849 790 2904 δὲ
805 2850 994 2921 φέρειν
1015 2850 1261 2917 ἀλλήλων
1285 2850 1356 2905 τά
1375 2850 1736 2924 ἐλαττώματα
1760 2851 2006 2922 ἀπέστη-

2098 1936 2268 2007 igitur
2291 1949 2390 2008 pro
2415 1935 2519 1991 line
2544 1936 2753 1991 intento
2791 1943 2942 1990 recte
2991 1934 3151 2000 fecit;
3185 1928 3555 1989 discesserunt
3581 1948 3679 1986 au-

2101 2036 2208 2083 tem
2239 2026 2307 2081 ab
2337 2026 2594 2092 invicem,
2627 2035 2913 2097 propterea
2944 2027 3088 2097 quod
3120 2040 3224 2079 non
3252 2026 3492 2095 ejusdem
3524 2032 3680 2078 erant

2099 2118 2385 2174 sententia
2410 2118 2593 2175 ambo.
2619 2118 2720 2185 Qui
2749 2126 2967 2188 propter
2989 2117 3212 2173 nimiam
3240 2116 3559 2188 patientiam
3586 2129 3679 2169 ne-

2102 2211 2302 2266 minem
2331 2210 2553 2267 volebat
2574 2210 2845 2280 judicare,
2875 2211 2920 2266 is
2955 2211 3131 2281 potuit
3161 2208 3345 2264 fideles
3370 2206 3679 2278 persuasio-

2102 2317 2171 2357 ne
2199 2302 2455 2367 ﬂectere;
2490 2300 2689 2356 Paulus
2735 2317 2862 2356 vero
2892 2316 2989 2356 sua
3039 2300 3314 2369 vigilantia
3345 2309 3399 2354 et
3436 2313 3535 2354 suo
3562 2298 3679 2354 zelo

2103 2403 2421 2464 peccatores
2466 2393 2796 2449 emendare:
2834 2394 3027 2460 sicque
3080 2392 3195 2462 ipse
3226 2392 3405 2458 docet,
3439 2391 3627 2445 dicens
3660 2405 3676 2443 :

2104 2484 2301 2555 Argue,
2333 2486 2564 2554 increpa,
2599 2485 2809 2538 obsecra
2834 2484 2876 2537 ⁸.
2916 2481 3033 2539 Non
3062 2496 3191 2537 vero
3221 2482 3289 2537 ab
3318 2481 3547 2535 invicem
3568 2480 3681 2533 dis-

2105 2586 2383 2633 cesserunt
2432 2576 2636 2632 idcirco
2670 2576 2797 2645 quia
2847 2590 2951 2630 non
2995 2584 3244 2644 poterant
3284 2573 3422 2627 alter
3460 2571 3680 2626 alterius

2104 2666 2249 2723 ferre
2292 2667 2444 2733 vitia,
2494 2668 2585 2737 qui
2637 2667 2727 2721 diu
2777 2667 2935 2722 simul
2970 2666 3234 2730 vixerant,
3281 2662 3683 2724 laboraverant.

2107 2760 2364 2832 periculis
2386 2760 2772 2827 interfuerant;
2801 2760 2896 2815 sed
2931 2776 2996 2814 ne
3025 2760 3172 2830 quis,
3196 2758 3385 2813 videns
3412 2757 3681 2812 diversam

2107 2867 2296 2909 eorum
2326 2853 2518 2922 agendi
2557 2853 2844 2919 rationem,
2885 2853 2937 2906 in
2979 2851 3245 2906 alterutro
3284 2849 3685 2906 scandalizare-

433 2958 533 2993 σαν
553 2958 567 2973 ο
599 2941 803 3009 ὃπουγε
846 2942 1015 2995 πολὺν
1050 2942 1351 3013 συνέζησαν
1383 2942 1606 3014 χρόνον,
1633 2943 2002 3014 συγκαμόντες

2110 2955 2219 3011 tur,
2252 2946 2365 3000 sive
2397 2944 2618 2999 Paulmn
2659 2944 2973 2999 iracundum
2997 2943 3207 3006 dicens,
3235 2943 3349 2997 sive
3374 2939 3682 2995 Barnabam

431 3032 688 3102 ἀλλήλοις
721 3033 817 3086 καὶ
854 3033 1393 3100 συγκινδυνεύοντες·
1428 3034 1544 3089 ἀλλ’
1583 3035 1672 3088 ἵνα
1706 3036 1780 3105 μή
1826 3052 1911 3097 τις
1947 3036 2002 3088 τὸ

2110 3037 2192 3092 sui
2222 3039 2615 3101 immemorem,
2639 3045 2823 3105 utpote
2840 3045 3127 3106 peccantes
3148 3049 3251 3088 non
3281 3030 3689 3101 reprehenden-

431 3124 719 3194 ἀνώμαλον
747 3125 846 3194 τῆς
880 3125 1063 3177 αὐτῶν
1094 3126 1235 3196 ὁρῶν
1254 3127 1282 3167 ιι
1314 3126 1589 3191 πολιτείας
1636 3126 2002 3197 σκανδαλισθῇ

2119 3139 2247 3195 lem,
2282 3128 2375 3183 sed
2402 3142 2497 3183 eos
2536 3128 2921 3196 despicientem
2978 3127 3068 3195 qui
3123 3125 3409 3195 propriam;
3455 3122 3686 3177 salutem

432 3216 569 3285 πρὸς
598 3214 712 3279 ἕνα,
742 3214 774 3283 ἢ
806 3215 898 3267 τὸν
931 3215 1144 3269 Παῦλον
1185 3215 1407 3287 ὀργίλον
1430 3216 1634 3280 καλῶν.
1670 3217 1703 3288 ἢ
1744 3217 1837 3271 τὸν
1869 3217 2012 3289 Βαρ-

430 3303 602 3356 νάϐαν
663 3302 1080 3374 καταφρονητὴν
1140 3305 1236 3357 καὶ
1288 3303 1484 3358 ἑαυτοῦ
1548 3305 1871 3375 γινόμενονο
1934 3305 2009 3376 μὴ

434 3392 654 3446 θέλοντα
688 3392 745 3446 δὲ
785 3395 915 3457 τοὺς
962 3395 1380 3466 ἁμαρτάνοντας
1412 3396 1823 3467 ἐπιστομίζειν,
1872 3398 2011 3451 ἀλλά

437 3483 763 3555 παρορῶντα
793 3486 920 3548 τοὺς
952 3486 1047 3555 τῆς
1088 3486 1297 3540 ἑαυτῶν
1325 3486 1660 3556 ἀμελοῦντας
1694 3488 2004 3560 σωτηρίας⁹

436 3572 667 3636 ὲθνικοίς
717 3574 955 3643 μάλιστα
1011 3575 1301 3645 μέλλοντες
1349 3577 1842 3644 εὐαγγελίζεσθαι,
1898 3581 2010 3640 τοῖς

440 3662 709 3733 μηδεμίαν
753 3663 937 3735 έχουσι
991 3664 1264 3736 διάκρισιν
1307 3665 1474 3719 καλοῦ
1522 3668 1618 3720 καὶ
1667 3669 1873 3721 κακοῖν
1915 3671 2010 3722 καὶ

437 3753 697 3818 πολλάκις
735 3755 798 3807 ὲκ
830 3754 925 3807 τοῦ
956 3754 1216 3823 διαφόρου
1249 3755 1353 3824 τῆς
1380 3756 1557 3808 αὐτῶν
1592 3756 1870 3820 πολιτείας
1890 3798 1904 3818 ,
1936 3758 2011 3821 ὡς

436 3842 767 3913 ἀσύμφωνον
810 3845 1041 3911 ἐχόντων
1074 3842 1221 3908 ἕξιν,
1262 3843 1592 3913 ἀσύμφωνον
1629 3845 1723 3897 καὶ
1767 3844 1830 3897 τὸ
1880 3848 2012 3917 παρ’

439 3937 613 3990 αὐτῶν
688 3933 1174 4004 εὐαγγελιζόμενον
1244 3937 1544 4007 μυστήριον
1611 3938 2010 4004 ὑποπτεύοντες
2050 3936 2225 3994 εἶναι·
2263 3942 2402 4013 ὅπερ
2441 3942 2643 4012 μᾶλλον
2717 3942 3154 4013 ὑπονοήσαντες,

2116 3220 2540 3274 contemnebant
2575 3234 2591 3274 :
2624 3218 2765 3285 quod
2793 3226 2920 3271 tunc
2958 3216 3261 3284 prmsertim
3295 3222 3690 3268 crat-metuen-

2116 3308 2243 3363 dum
2281 3322 2401 3363 cum
2433 3308 2498 3362 ad
2522 3317 2711 3379 gentes
2737 3321 2859 3361 mox
2890 3316 3068 3362 essent
3107 3306 3258 3369 ituri,
3298 3318 3418 3374 quae
3444 3319 3552 3360 non
3587 3304 3685 3357 ha-

2118 3400 2307 3455 bentes
2346 3413 2452 3466 quo
2492 3399 2691 3453 bonum
2743 3412 2771 3451 a
2807 3397 2948 3452 malo
2984 3397 3382 3457 discernerent,
3422 3408 3584 3463 smpe,
3619 3393 3689 3445 ob

2117 3502 2304 3542 eorum
2328 3487 2596 3542 diversam
2626 3485 2817 3556 agendi
2860 3484 3124 3538 rationem
3156 3497 3184 3535 e
3209 3483 3423 3537 diversa
3470 3490 3689 3536 senten-

2115 3581 2188 3635 tia
2223 3588 2424 3643 ortam,
2452 3579 2725 3634 diversum
2752 3591 2966 3647 quoque
2989 3590 3109 3631 esse
3147 3573 3464 3646 mysterium
3492 3574 3559 3626 ab
3585 3571 3690 3624 illis

2114 3666 2459 3737 praedicatum
2480 3670 2903 3738 suspicarentur.
2922 3667 3036 3722 [Ioc
3062 3667 3436 3736 prazviilentes,
3454 3665 3520 3719 ab
3550 3663 3689 3717 iuvi-

2114 3771 2232 3810 cem
2268 3755 2651 3823 discesserunt,
2700 3773 2764 3812 eo
2797 3757 2954 3812 modo
3000 3757 3104 3811 rati
3135 3757 3327 3811 melius
3360 3753 3689 3824 implendum

2114 3861 2235 3901 esse
2266 3848 2649 3903 ministerium.

3236 3940 3552 4011 ἀπέστησαν
3600 3941 3700 3990 ἀπ’

440 4026 682 4097 ἀλλήλων
710 4040 723 4052 ·
749 4023 920 4088 οὕτως
942 4020 1002 4078 εὖ
1028 4023 1173 4095 ἔχειν
1198 4026 1481 4097 κρίναντες
1515 4027 1652 4099 πρὸς
1683 4029 1781 4100 τὴν
1809 4028 1904 4082 τοῦ
1932 4029 2092 4101 λόγου
2116 4033 2410 4087 διακονίαν.

1021 4138 1274 4194 ΚΕΦΑΛ.
1315 4140 1431 4207 ις’.

522 4272 538 4303 ι
572 4253 682 4307 Καὶ
720 4250 901 4307 λαϐὼν
934 4251 1255 4324 περιέτεμεν
1282 4252 1467 4319 αὑτὸν,
1502 4272 1522 4307 ι
1557 4272 1611 4309 κ.
1643 4272 1695 4310 τ.
1734 4258 1782 4312 λ.

513 4343 622 4412 Τὴν
654 4342 830 4396 αἰτίαν
860 4341 1028 4395 εἰπὼν
1064 4342 1133 4395 δι’
1167 4341 1236 4413 ἢν
1265 4344 1279 4383 ί
1312 4343 1602 4415 περιέτεμε
1633 4346 1726 4401 τὸν
1749 4345 2014 4416 Τιμόθεον

2734 4147 2885 4204 CAP.
2933 4148 3074 4205 XVI.

2194 4260 2363 4318 Vens.
2396 4262 2451 4320 5.
2493 4280 2511 4314 ι
2546 4260 2610 4317 Et
2638 4276 2919 4317 assumens
2952 4260 3289 4317 circumcidit
3336 4276 3497 4328 eum,
3520 4281 3540 4315 ι
3578 4273 3685 4318 etc.

2194 4353 2386 4408 Dicens
2418 4351 2616 4408 Paulus
2650 4366 2811 4421 quam
2842 4352 2911 4407 ob
2940 4365 3159 4406 causam
3204 4350 3550 4406 Timotheum
3578 4353 3688 4407 cir-

444 4437 469 4485 ὁ
499 4434 723 4498 Παῦλος,
748 4433 976 4503 ἐξέφυγε
996 4435 1062 4488 τὰ
1077 4434 1185 4487 τῶν
1207 4435 1624 4509 μεμψιμοίρωνὶ
1661 4439 2002 4511 ὲγκλήματα’

2111 4443 2390 4508 cumcidit,
2416 4441 2644 4497 crimina
2671 4443 3021 4513 querulorum
3046 4440 3261 4513 eﬂugit;
3289 4442 3455 4507 illius,
3488 4444 3680 4512 inquit,

456 4526 751 4591 Ἰουδαίας
774 4525 997 4595 πιστῆς
1032 4526 1138 4579 ἀπὸ
1178 4526 1448 4582 Ἰουδαίων
1491 4528 1643 4599 φησί·
1682 4530 2015 4601 σημειωτέον

444 4616 500 4666 δὲ
539 4617 619 4669 ὅτι
651 4616 904 4671 τοσοῦτον
935 4615 1074 4689 ἦσαν
1121 4617 1365 4671 Ἰουδαῖοι
1395 4618 1491 4672 τοῦ
1525 4620 1692 4691 νόμου
1735 4638 2019 4693 καταφρο-

446 4710 728 4773 νήσαντες,
764 4707 845 4760 ὅτι
879 4711 974 4760 καὶ
1011 4705 1265 4777 Ἕλλησιν
1297 4708 1612 4780 ιὲγαμοῦντο
1634 4748 1650 4775 ,
1692 4711 1789 4764 καὶ
1826 4710 2016 4782 Ἕλλη.

448 4794 592 4857 νίόας
628 4796 887 4866 ἐγάμουν.

518 4901 537 4934 ι
589 4885 674 4948 Ὠς
706 4884 763 4938 δὲ
802 4885 1179 4955 διεπορεύοντο
1205 4888 1304 4953 τάς
1329 4887 1530 4953 πόλεις,
1561 4889 1883 4961 παρεδίδουν
1916 4891 2015 4945 αὐ-

448 4975 559 5035 τοῖς
604 4974 899 5043 φυλάσσειν
931 4977 1000 5031 τά
1042 4977 1289 5048 δόγματα
1325 4979 1393 5033 τὰ
1438 4980 1745 5051 κεκριμένα
1776 4981 1884 5034 ὑπὸ
1914 4980 2023 5035 τῶν

452 5065 762 5120 ἀποστόλων
791 5069 883 5121 καὶ
910 5068 1296 5141 πρεσϐυτέρων
1319 5070 1426 5123 τῶν
1451 5072 1506 5124 ὲν
1547 5071 1959 5142 Ἰεροσολύμοις.
2002 5092 2021 5125 ι

515 5156 769 5226 Δόγματα
795 5158 819 5197 κ
850 5158 1033 5228 λέγει,
1053 5159 1113 5213 οὐ
1143 5160 1203 5212 τὸ
1231 5158 1250 5199 ι
1289 5162 1386 5231 τῆς
1414 5162 1681 5232 ὲνσάρκου
1713 5164 2024 5233 οίκονομίας

460 5248 761 5317 μυστήριον
786 5265 800 5280 ·
828 5250 965 5321 ὅπερ
994 5254 1284 5321 κηρύσσων
1317 5253 1497 5321 ἔλεγε·
1530 5254 1679 5322 Μηδ³
1708 5252 1785 5306 ἂν
1831 5253 1944 5323 ἐγὼ
1985 5254 2023 5322 ἢ

456 5336 647 5403 ἄλλος
678 5356 767 5406 τις
786 5382 799 5406 ,
832 5341 868 5410 ἣ
911 5343 1161 5413 ἄγγελος
1182 5345 1251 5408 ἐξ
1274 5346 1533 5412 οὐρανοῦ
1567 5346 2025 5417 εὐαγγεξιίσηται

525 5516 546 5545 ⁸
577 5517 618 5570 ll
655 5516 793 5570 Tim.
834 5533 907 5582 tv,
937 5519 991 5572 2.

2123 4532 2363 4589 mulieris
2394 4533 2601 4588 Iudaeae
2637 4533 2831 4601 ﬁdelis,
2892 4533 2944 4587 id
2999 4541 3082 4588 est
3131 4548 3200 4588 ex
3228 4530 3447 4587 Iudaeis.
3486 4530 3688 4588 Obser-

2121 4624 2351 4679 vandum
2401 4634 2484 4679 est
2537 4623 2962 4679 autemludatos
3001 4624 3073 4679 ita
3112 4623 3246 4693 legis
3288 4632 3691 4693 contemptores

2119 4715 2289 4772 fuisse
2312 4715 2506 4781 factos,
2524 4727 2581 4770 ut
2604 4730 2723 4771 cum
2753 4716 2954 4772 Graecis
2982 4716 3247 4771 connubia
3268 4716 3580 4786 jungerent.

2202 4889 2369 4947 Vens.
2400 4890 2454 4949 4.
2496 4910 2514 4943 ι
2560 4890 2695 4947 Cum
2753 4899 2931 4947 autem
2984 4888 3379 4960 pertransirent
3422 4888 3691 4955 civitates,

2132 4980 2417 5035 tradebant
2445 4981 2525 5036 eis
2555 4980 2830 5036 custodire
2852 4981 3127 5051 dogmata,
3146 4995 3266 5051 qua!
3296 4979 3693 5035 erantdecrcta

2126 5073 2195 5128 ab
2226 5072 2481 5142 apostolis
2507 5081 2563 5128 et
2586 5072 2916 5143 presbyteris
2938 5073 3029 5142 qui
3053 5082 3208 5127 erant
3234 5072 3639 5142 Hierosolymis.
3669 5091 3686 5122 ι

2200 5164 2459 5234 Dogmata
2487 5164 2697 5232 dicens,
2722 5179 2827 5219 non
2857 5164 2923 5218 ιο.
2947 5166 3092 5218 uitur
3116 5164 3184 5219 de
3208 5165 3466 5233 mysterio
3501 5163 3694 5215 divina:

2126 5255 2544 5321 incarnationis,
2577 5254 2647 5311 de
2681 5270 2790 5325 quo
2843 5255 3049 5309 dixerat
3080 5272 3093 5307 :
3131 5251 3193 5308 Si
3250 5270 3362 5324 ego,
3399 5262 3492 5305 aut
3528 5254 3691 5321 quivis

2132 5348 2289 5415 alius,
2315 5358 2406 5402 aut
2441 5354 2658 5419 angelus
2683 5348 2733 5402 d.
2770 5348 2899 5401 caelo
2937 5347 3367 5416 erangeiizarcrit
3393 5347 3533 5399 vobis
3559 5361 3691 5412 prte-

533 5669 552 5745 f
677 5668 747 5745 C_
789 5663 869 5721 οὗ.
953 5670 977 5709 8
1008 5670 1263 5739 ἐπιπλήξ.
1370 5669 1394 5708 δ
1432 5674 1491 5725 C.
1524 5674 1580 5727 C.
1665 5692 1769 5728 om.
1807 5673 1969 5744 ὀρῶν.

2124 5675 2183 5731 C.
2216 5673 2272 5727 C.
2305 5669 2391 5745 ἧς.
2507 5674 2523 5723 Ι
2567 5672 2623 5725 C.
2660 5669 2720 5726 C.
2758 5670 3142 5743 (tsp';tytiptov.
3257 5669 3279 5708 Β
3315 5667 3464 5723 (1.0.
3502 5668 3690 5736 δεῖμα.

459 5735 475 5777 ι
513 5739 661 5794 (1.0.
694 5738 851 5792 οὕτω.
