4068 6126
354 295 488 360 1555

1515 296 1852 358 ΑΜΜΟΝΙΙ
1888 299 2419 366 ALEXANDRINI

3466 292 3646 358 1556

354 419 587 479 tet-quam
646 407 938 478 accepistis,
990 424 1053 462 ne
1107 392 1415 474 credatis';
1446 408 1539 462 scd
1590 408 1829 477 loquitur
1858 409 1923 464 de

2036 413 2168 485 ὑμῖν
2194 416 2332 485 παρ’
2360 414 2394 471 ὃ
2419 414 2811 484 παρελάϐετε,
2838 406 3303 481 μεταπεωθῆτέ.
3345 404 3517 459 una;
3552 405 3643 457 τὰ

353 515 457 554 non
488 499 750 555 servanda
779 498 1195 553 circumcisione
1220 539 1236 566 ,
1268 508 1361 553 aut
1396 497 1520 554 aliis
1565 514 1685 568 qua:
1721 500 1773 552 in
1811 499 1927 570 lege

351 599 530 656 erant,
569 599 624 646 et
657 606 688 645 e
727 600 915 645 contra
947 590 1013 643 de
1047 588 1375 644 abstinentia
1418 590 1485 643 ah
1523 589 1858 661 idolothytis,
1895 606 1924 645 a

351 684 635 753 sanguine,
676 697 708 737 a
737 680 1010 737 sulfocatis
1035 688 1091 735 et
1142 694 1171 735 a
1207 678 1597 749 fornicatione;
1633 681 1748 736 haec
1780 683 1924 737 enim

352 774 566 829 fuerant
608 772 718 827 visa
775 771 1004 842 Spiritui
1029 782 1221 827 sancto
1247 780 1303 826 et
1333 772 1550 828 decreta
1579 788 1608 826 a
1645 774 1961 843 discipuliS'

351 866 441 934 qui
476 874 630 919 erant
657 863 1062 935 Hierosolymis,
1081 873 1136 919 et
1165 865 1507 931 conﬁrmata,
1540 873 1597 920 et
1619 866 1851 935 sancita,
1872 875 1929 922 et

351 958 418 1012 ab
444 956 801 1027 Antiochenis
832 964 1070 1027 recepta.

419 1134 587 1194 Vsus.
615 1135 673 1203 7,
703 1136 757 1193 8.
795 1152 813 1187 ι
843 1136 908 1191 Ει
934 1150 1040 1192 non
1080 1136 1331 1207 permisit
1374 1151 1468 1193 eos
1508 1134 1744 1205 Spiritus
1774 1133 1925 1192 Jesu.

314 1214 317 1217 ’
351 1226 487 1281 Cum
528 1237 711 1283 autem
744 1226 1173 1296 pertransissent
1214 1226 1445 1299 Mysiam
1468 1265 1484 1294 ,
1532 1224 1932 1283 descenderunt

352 1317 641 1375 Troadem.
685 1337 704 1372 ι

422 1407 730 1465 Notandum
760 1419 846 1465 est
870 1408 1007 1464 nihil
1035 1423 1103 1467 ex
1137 1409 1360 1479 proprio
1388 1423 1552 1467 sensu
1586 1409 1782 1466 fecisse
1802 1424 1933 1481 apo-

352 1499 541 1565 stolos,
574 1500 671 1556 sed
698 1498 931 1570 Spiritus
962 1501 1141 1556 sancti
1181 1500 1414 1571 impulsu
1455 1500 1651 1559 fecisse
1702 1509 1795 1556 aut
1823 1516 1931 1558 non

355 1588 568 1646 fecisse.
602 1587 793 1661 Itaque
820 1605 925 1647 non
946 1590 1065 1646 sine
1091 1591 1333 1661 periculo
1363 1591 1764 1663 vituperaretur
1790 1590 1932 1661 quod

354 1678 423 1732 ab
450 1679 714 1747 apostolis
752 1679 1036 1752 agebatur,
1069 1696 1244 1751 neque
1272 1692 1478 1737 temere
1508 1682 1934 1752 investigaretur

2029 509 2157 580 περὶ
2193 508 2289 562 τοῦ
2336 507 2411 579 μὴ
2440 504 2807 577 φυλάττεσθαι
2852 503 2951 573 τὴν
2989 489 3317 571 περιτομὴν,
3363 496 3459 550 καὶ
3510 496 3645 549 ὅσα

2026 602 2240 665 τούτοις
2261 602 2443 671 ὅμοια,
2463 599 2501 654 ἃ.
2532 601 2591 655 ἐν
2620 597 2698 669 τῷ
2725 598 2876 667 νόμῳ
2901 590 2972 664 ἦν
2990 609 3004 622 ·
3040 589 3179 645 ἀλλὰ
3208 590 3268 642 τὸ
3303 585 3643 658 ἀπέχεσθαι

2027 689 2416 755 εἰδωλοθύτων,
2451 689 2546 744 καὶ
2590 688 2828 759 αἵματος
2851 724 2867 749 ,
2901 682 2999 737 καὶ
3028 677 3258 734 πνικτοῦ
3281 717 3296 742 ,
3344 677 3443 731 καὶ
3468 692 3643 746 πορ-

2027 783 2198 845 νείας
2221 780 2394 836 ταῦτα
2419 781 2529 851 γὰρ
2555 775 2624 851 ἦν
2650 778 2881 846 δόξαντα
2910 773 2988 845 τῷ
3010 770 3152 843 ἁγίῳ
3181 767 3485 838 Πνεύματι,
3519 765 3644 820 καὶ

2029 874 2393 930 θεσπισθέντα
2410 872 2500 927 διὰ
2521 872 2630 925 τῶν
2661 872 2720 924 ἐν
2767 864 3169 939 Ἰεροσολύμοις
3201 858 3485 932 μαθητῶν,
3518 858 3645 910 καὶ

2032 965 2421 1037 βεδαιωθέντα,
2454 965 2550 1019 καὶ
2579 960 2972 1035 κραωνθὲντα,
3005 956 3103 1011 καὶ
3151 951 3412 1024 δεχθέντα
3458 948 3564 1004 διὰ
3589 958 3641 987 ιι

2028 1061 2137 1113 τῶν
2168 1061 2227 1114 ὲν
2276 1060 2601 1129 Ἀντιοχείᾳ.
3330 1102 3341 1107 _

2105 1170 2126 1203 ι
2157 1152 2267 1205 Καὶ
2297 1150 2398 1205 οὐκ
2429 1150 2611 1203 εῐασεν
2642 1146 2840 1208 αὐτοὺς
2876 1142 2936 1197 τὸ
2969 1140 3197 1211 Πνεῦμα
3222 1135 3399 1206 Ἰησοῦ
3422 1151 3438 1168 ’
3467 1150 3640 1204 παρ-

2030 1243 2276 1306 ελθόντες
2304 1242 2362 1295 δὲ
2390 1240 2491 1313 τὴν
2536 1239 2776 1303 Μυσίαν,
2834 1233 3151 1305 κατέδησαν
3181 1232 3262 1293 εἰς
3292 1224 3566 1298 Τρωάδα..
3605 1241 3631 1276 ι

2100 1419 2445 1493 Σημειωτέον
2484 1420 2568 1472 ὅτι
2604 1416 2759 1471 οὐδὲν
2804 1412 3023 1468 ἐποίουν
3066 1409 3176 1480 ιδία
3208 1403 3472 1475 αὐθεντία
3501 1410 3536 1439 η
3572 1401 3636 1455 οῖ

2032 1513 2351 1568 ἀπόστολον
2384 1510 2523 1566 ἀλλὰ
2554 1509 2734 1564 πάντα
2762 1506 2798 1563 ἃ
2830 1505 3069 1567 ἐποίουν,
3091 1501 3199 1555 ὑπὸ
3230 1497 3327 1553 τοῦ
3355 1494 3640 1565 Πνεύμαο

2032 1622 2123 1668 τος
2148 1604 2463 1673 νυττόμενοι
2489 1600 2730 1666 ἐποίουν,
2765 1597 2798 1668 ἦ
2829 1598 2930 1650 οὐκ
2951 1594 3189 1648 ἐποίουν·
3216 1586 3481 1676 ὥστε-οὖν
3510 1587 3633 1640 οὐκ

2035 1694 2321 1749 ἀκίνδυνον
2367 1689 2681 1763 μέμφεσθαι
2724 1688 2795 1742 τὰ
2822 1685 2930 1741 ὑπὸ
2969 1685 3079 1737 τῶν
3109 1680 3424 1736 ἀποστόλων
3454 1677 3631 1747 γινό-

353 1769 494 1836 quod
530 1782 560 1824 a
601 1780 796 1827 sancto
839 1770 1046 1842 Spiritu
1094 1771 1541 1842 praecipiebatur;
1593 1786 1927 1842 nequaquam

2036 1804 2194 1858 μενα,
2231 1786 2265 1859 ἦ
2296 1782 2775 1854 πολυπραγμονεῖν
2796 1779 2866 1833 τὰ
2890 1777 2997 1831 ὑπὸ
3023 1774 3119 1829 τοῦ
3149 1774 3470 1842 Πνεύματος
3493 1769 3630 1823 δια-

354 1860 520 1930 igitur
541 1869 625 1918 est
652 1861 1035 1931 inquirendum
1065 1878 1163 1918 cur
1205 1862 1444 1934 Spiritus
1471 1863 1640 1920 Paulo
1671 1879 1775 1920 non
1808 1880 1930 1935 per-

352 1951 565 2007 miserit
595 1952 648 2008 in
675 1951 806 2008 Asia
838 1954 1152 2023 praedicare.
1900 1940 1903 1943 ’

412 2043 582 2101 Vens.
613 2045 668 2101 9.
711 2066 729 2099 ι
763 2045 829 2101 Et
855 2047 992 2117 visio
1019 2061 1117 2116 per
1147 2056 1359 2104 noctem
1388 2046 1556 2104 Paulo
1581 2057 1798 2106 ostensa
1823 2058 1927 2106 est.

351 2134 451 2191 Vir
481 2136 701 2194 Macedo
734 2138 955 2208 quidam
983 2147 1101 2193 erat
1127 2151 1300 2204 stans,
1322 2150 1377 2195 et
1404 2138 1703 2210 deprecans
1728 2157 1852 2197 eum
1876 2153 1930 2198 et

349 2227 535 2282 dicens
577 2239 594 2280 :
632 2225 931 2283 Transiens
953 2227 1007 2282 in
1039 2226 1443 2295 Macedoniam,
1469 2229 1665 2299 adjnva
1697 2248 1816 2287 nos.
1856 2250 1875 2284 ι

419 2316 534 2372 Νοη
556 2318 665 2388 jam
692 2334 788 2388 per
809 2317 1082 2389 angelum,
1116 2327 1175 2375 ut
1205 2318 1511 2391 Philippus,
1537 2331 1598 2377 ut
1619 2322 1926 2389 Cornelius,

348 2417 601 2464 monetur
634 2425 648 2461 :
679 2408 775 2465 sed
812 2409 983 2480 quid?
1029 2410 1081 2464 in
1130 2410 1345 2467 visione
1382 2420 1608 2484 apparet
1639 2413 1688 2467 ei
1726 2414 1927 2484 aliquid

350 2497 595 2565 humani,
637 2512 742 2554 non
770 2499 884 2567 jam
914 2500 1127 2555 divini:
1167 2501 1257 2555 ubi
1289 2502 1434 2557 enim
1486 2502 1642 2557 facile
1679 2512 1763 2559 est
1809 2519 1930 2573 per-

344 2589 603 2655 suadere,
659 2590 992 2659 humanum;
1033 2592 1125 2647 ubi
1179 2601 1359 2647 autem
1394 2609 1498 2648 non
1539 2593 1641 2649 nisi
1685 2609 1782 2664 per
1823 2595 1928 2650 vim

348 2680 601 2749 multam,
624 2683 868 2739 divinum
905 2701 920 2740 :
954 2686 1211 2755 quoniam
1252 2699 1381 2756 ergo
1432 2687 1501 2742 ad
1527 2687 1930 2757 prazdicandum

347 2772 656 2830 incitandus
690 2786 873 2841 esset,
907 2776 1181 2832 somnium
1232 2777 1284 2831 ei
1336 2778 1712 2833 tantummodo
1760 2778 1930 2834 mitti-

347 2871 475 2931 tur;
508 2879 616 2918 non
650 2865 796 2920 enim
821 2867 1120 2936 praedicare
1170 2882 1280 2923 non
1318 2867 1562 2932 tulisset;
1598 2867 1651 2922 in
1697 2882 1820 2922 eum
1863 2867 1926 2921 fl-

346 2969 468 3008 nem
496 2957 696 3010 revelat
721 2955 955 3025 Spiritus
989 2967 1237 3024 sanctus,
1279 2959 1422 3014 sicut
1474 2968 1528 3015 et
1560 2958 1688 3014 alibi
1720 2959 1788 3013 ad
1824 2960 1926 3016 Ρο-

347 3057 491 3101 trum
525 3062 540 3102 :
565 3044 818 3115 Pergens,
847 3048 1043 3118 inquit,
1070 3048 1323 3105 descende
1346 3051 1368 3083 "
1396 3067 1412 3107 :
1446 3050 1623 3106 facilia
1651 3052 1795 3107 enim
1821 3067 1930 3107 non

349 3139 587 3193 faciebat
614 3136 872 3208 Spiritus,
915 3139 1012 3195 sed
1048 3141 1180 3196 satis
1205 3150 1325 3195 erat
1353 3142 1643 3197 somnium.
1666 3141 1932 3208 Quaecun-

351 3246 458 3299 (μισ
487 3231 700 3288 somnia
726 3231 1019 3287 utilitatem
1053 3239 1106 3287 et
1129 3232 1386 3301 pietatem
1411 3246 1520 3301 pra:
1550 3247 1609 3287 se
1637 3231 1840 3297 ferunt,
1866 3233 1934 3290 iis

352 3339 546 3392 parere
565 3332 814 3395 oportet;
838 3324 1135 3383 illiusmodi
1153 3324 1296 3381 enim
1321 3334 1533 3381 tantum
1563 3324 1617 3381 in
1645 3325 1930 3395 Scriptura

352 3412 688 3469 referuntur.

423 3502 708 3561 Vms.ll.
743 3522 762 3558 ι
799 3502 1127 3576 Navigantes
1171 3514 1353 3560 autem
1403 3520 1434 3560 a
1480 3506 1726 3573 Troade,
1778 3515 1931 3563 recto

351 3612 514 3651 cursu
540 3596 793 3653 venimus
823 3596 1290 3659 Samothraciam.
1311 3607 1367 3654 et
1392 3598 1642 3668 sequenti
1673 3599 1761 3654 die
1786 3597 1929 3654 Nea-

351 3689 537 3759 polim.
577 3708 599 3743 ι

422 3779 555 3834 Cum
586 3779 759 3835 Paulo
789 3780 841 3835 in
882 3781 1136 3837 omnibus
1183 3781 1294 3838 illis
1329 3780 1645 3838 civitatibus
1673 3795 1778 3837 una
1811 3790 1933 3837 erat

352 3872 564 3927 Lucas:
597 3873 864 3944 siquidem
891 3875 1129 3943 seipsum
1153 3872 1569 3942 comprehendit
1598 3888 1721 3931 cum
1752 3872 1885 3930 dicit
1911 3890 1927 3928 :

354 3965 726 4034 Quadrimus,
759 3977 899 4022 recto
917 3982 1077 4021 cursu
1102 3957 1356 4020 venimus.

425 4144 587 4202 Vens.
615 4147 704 4203 15.
749 4164 767 4199 ι
806 4146 903 4202 Die
953 4155 1134 4202 autem
1182 4147 1544 4204 Sabbatorum
1579 4148 1783 4219 egressi
1834 4164 1929 4204 su-

353 4252 470 4290 mus
501 4237 646 4292 foras
678 4237 866 4293 urbem
899 4238 1052 4309 juxta
1087 4239 1313 4306 ﬂumen,
1358 4241 1451 4295 ubi
1483 4240 1770 4296 videbatur
1799 4255 1928 4295 ora-

354 4330 427 4379 tio
463 4341 606 4382 esse.
639 4344 660 4380 ι

1958 3095 2002 3154 C

2031 1879 2349 1951 τυπούμενοι
2366 1896 2379 1911 ο
2395 1878 2453 1932 οὐ
2476 1877 2558 1929 δεῖ
2579 1869 2672 1929 οὖν
2699 1872 2904 1944 ζητεῖν,
2923 1867 3066 1924 διατί
3085 1867 3194 1937 ἄρα
3211 1864 3313 1918 οὐκ
3338 1860 3630 1932 ἐπέτρεψε

2031 1974 2092 2026 τὸ
2120 1970 2347 2041 Πνεῦμα
2372 1969 2450 2040 τῷ
2479 1964 2692 2037 Παύλῳ
2710 1961 2948 2033 κηρύξαι
2979 1960 3038 2014 ἐν
3078 1957 3255 2028 ’Δσίᾳ.

2109 2082 2126 2116 ι
2166 2063 2278 2117 Καὶ
2303 2062 2487 2132 ὅραμα
2515 2057 2605 2111 διὰ
2645 2055 2842 2118 νυκτὸς
2871 2052 3029 2123 ὤφθη
3075 2049 3155 2121 τῷ
3199 2046 3423 2117 Παύλῳ·
3472 2043 3630 2115 ἀνὴρ

2032 2154 2298 2212 Μακεδών
2325 2169 2411 2215 τις
2436 2146 2505 2223 ἦν
2560 2148 2734 2211 ἑστὼς
2755 2187 2771 2212 ,
2808 2146 2905 2200 καὶ
2939 2141 3276 2213 παρακαλῶν
3324 2137 3489 2193 αὐτὸν
3522 2138 3630 2192 καὶ

2031 2246 2206 2314 λέγων
2240 2261 2253 2274 ·
2285 2240 2486 2303 Διαϐὰς
2513 2241 2592 2300 είς
2622 2234 2982 2295 Μακεδονίαν,
3019 2230 3288 2302 βοήθησον
3314 2231 3504 2299 ἡμῖν.»

2337 2326 2450 2398 (15)
2467 2294 2808 2394 bt‘dﬁélou
2834 2294 3048 2377 καθάπέ
3056 2337 3087 2391 ρ
3104 2294 3409 2382 ’Φίλιπποξλ
3440 2294 3626 2370 καθά-

2033 2436 2137 2490 περ
2166 2417 2482 2489 Κορνήλιος·
2513 2414 2647 2468 ἀλλὰ
2679 2411 2763 2479 si;
2788 2411 2855 2464 δι’
2882 2411 3159 2481 ὁράματος
3183 2406 3439 2476 φαίνεται
3466 2403 3628 2474 αὐτῷ

2031 2511 2219 2565 λοιπὸν
2249 2504 2756 2579 ἀνθρωπινώτερον,
2783 2502 2971 2556 οὐκέτι
3001 2498 3276 2568 θειότερον
3297 2513 3312 2530 ·
3342 2494 3474 2549 ἔνθα
3504 2496 3626 2563 γὰρ

2033 2602 2253 2658 εὔκολον
2321 2599 2382 2657 τὸ
2433 2596 2744 2666 πεισθῆναι,
2801 2590 3296 2663 ἀνθρωπινώτερον
3324 2604 3339 2620 ·
3378 2585 3506 2640 ἔνθα
3559 2584 3625 2638 δὲ

2032 2695 2202 2766 πολλῇ
2234 2692 2346 2765 βίᾳ,
2371 2690 2664 2759 θειότερον·
2695 2684 2883 2755 ἐπειδὴ
2909 2684 3019 2753 γὰρ
3048 2681 3291 2752 κηρύξαι
3325 2679 3424 2750 μέν
3456 2676 3623 2748 ἠπεί-

2032 2804 2178 2857 γετο,
2208 2786 2368 2857 μόνον
2391 2786 2469 2846 είς
2507 2780 2667 2837 τοῦτο
2694 2778 2828 2847 δναρ
2854 2775 3108 2845 φαίνεται
3135 2772 3308 2843 αὐτῷ·
3341 2771 3415 2841 μὴ
3441 2768 3623 2841 κηρύ-

2033 2879 2121 2945 ξαι
2137 2879 2193 2932 δέ
2214 2877 2315 2930 οὐκ
2340 2874 2407 2929 ἂν
2429 2872 2690 2944 ἠνέσχετο
2708 2886 2721 2900 ·
2754 2869 2836 2930 είς
2858 2864 3020 2920 τοῦτο
3049 2862 3277 2933 Πνεῦμα
3294 2862 3451 2929 ἆγιον
3480 2860 3622 2913 ἀπο-

2033 2969 2328 3025 καλύπτειο
2358 2965 2501 3019 οὕτω
2531 2962 2625 3017 καὶ
2653 2962 2771 3013 ἐκεῖ
2803 2958 2882 3029 τῷ
2910 2958 3123 3028 Πέτρῳ,
3169 2952 3468 3016 Ἀναστὰς
3500 2966 3617 3005 xa-

2033 3061 2272 3129 τάὸηθιο
2303 3057 2366 3112 οὐ
2397 3055 2505 3126 γὰρ
2533 3055 2597 3126 δὴ
2627 3051 2722 3107 καὶ
2751 3050 2823 3104 τὰ
2852 3047 3052 3102 εὔκολα
3078 3047 3141 3099 τὸ
3166 3044 3396 3113 Πνεῦμα
3423 3039 3620 3111 εἰργά-

2036 3152 2180 3217 ζετο,
2219 3148 2335 3203 ἀλλ’
2359 3149 2521 3220 ἢρκει
2553 3145 2649 3200 καὶ
2681 3143 2838 3214 ὄναρ.

2108 3242 2250 3295 Ὅσα
2299 3240 2418 3292 ἐστὶ
2474 3235 2781 3305 κοινωφελῆ
2841 3230 3097 3303 ὁράματα
3145 3227 3241 3282 καὶ
3294 3221 3603 3283 θεοσεϐείας

2033 3333 2293 3404 ἐχόμενα,
2316 3329 2525 3393 τούτοις
2555 3329 2637 3382 δεῖ
2662 3326 2987 3397 πειθαρχεῖν
3014 3339 3029 3357 ·
3057 3318 3226 3376 ταῦτα
3248 3317 3356 3387 γὰρ
3383 3316 3476 3368 καὶ
3500 3315 3604 3366 ἁν-

2034 3425 2353 3496 εγράφησαν
2380 3422 2517 3492 μόνα
2549 3421 2608 3473 ἐν
2634 3422 2701 3490 τῇ
2725 3419 2942 3488 Γραφῇ.

2109 3532 2128 3565 ι
2187 3512 2539 3581 Ἀναχθὲντες
2558 3505 2652 3563 οὖν
2681 3507 2790 3563 ἀπὸ
2811 3505 3087 3576 Τρωάδος,
3120 3497 3611 3569 εὐθυδρομήσαμεν

2033 3607 2114 3670 εἰς
2139 3605 2521 3677 Σαμοθρᾴκην,
2557 3605 2624 3673 τῇ
2653 3600 2711 3654 δὲ
2741 3596 2974 3670 ἐπιούσῃ
3004 3599 3084 3660 εἰς
3109 3591 3404 3665 Νεᾴπολιν.
3442 3607 3462 3640 ι

2104 3781 2448 3855 Σημειωτέον
2475 3782 2560 3835 ὅτι
2591 3781 2692 3834 σὺν
2720 3779 2799 3851 τῷ
2834 3777 3033 3847 Παύλῳ
3059 3770 3128 3847 ἦν
3167 3775 3226 3827 ἐν
3255 3774 3377 3836 ταῖς
3420 3770 3609 3825 πόλεσι

2030 3875 2257 3939 ταύταις
2291 3878 2320 3931 ὁ
2351 3876 2569 3938 Λουκᾶς
2594 3889 2609 3906 ο
2630 3871 2706 3936 ὡς
2737 3871 2799 3935 ἐξ
2826 3864 2902 3925 ὧν
2937 3870 3033 3924 καὶ
3069 3867 3129 3921 τὸ
3161 3867 3456 3938 πρόσωπον
3483 3865 3611 3918 tatu-

2030 3967 2126 4022 τοῦ
2162 3965 2694 4038 συμπεριλαμϐάνει,
2724 3963 2902 4032 λέγων
2922 3979 2936 3993 ο
2984 3957 3609 4045 Ἐζητήσαμενζεὺθυ-

2031 4058 2437 4129 δρομήσαμεν.

2108 4168 2127 4201 ι
2162 4150 2243 4221 Τῇ
2276 4166 2336 4202 τε
2364 4147 2547 4221 ἡμέρᾳ
2574 4146 2685 4200 τῶν
2717 4144 3015 4199 Σαδῦἀτων
3043 4141 3342 4214 ἐξήλθομεν
3375 4139 3479 4205 ἔξω
3510 4139 3610 4209 τῆς

2033 4240 2242 4302 πόλεως
2287 4237 2437 4307 παρὰ
2484 4235 2753 4307 ποταμὸν,
2804 4226 2866 4289 οὗ
2928 4231 3210 4302 ἐνομίζετο
3268 4227 3550 4301 προσευχὴ
3584 4234 3612 4263 ⁸

2031 4325 2190 4384 εἶναι.
2222 4349 2241 4380 ι

419 4417 586 4471 Juxta
614 4419 810 4488 ﬂumen
840 4419 931 4473 ubi
959 4420 1236 4475 videbatur
1269 4422 1439 4475 oratio
1477 4437 1607 4475 esse.
1655 4422 1792 4489 Quia
1818 4437 1921 4476 non

2096 4419 2262 4488 Παρὰ
2289 4415 2557 4486 ποταμὸν
2580 4410 2651 4470 οὗ
2683 4411 2978 4483 ἐνομίζετο
3033 4408 3347 4480 προσευχῆ
3390 4408 3509 4481 (sic)
3537 4404 3615 4461 εἶ-

350 4515 470 4560 rrat
497 4507 566 4562 ibi
597 4521 869 4579 synagoga
898 4519 1118 4578 propter
1140 4510 1489 4579 paucitatem,
1514 4508 1668 4579 juxta
1702 4509 1922 4578 flumen,

354 4608 507 4655 extra
534 4599 746 4668 urbem,
779 4601 916 4657 clam
943 4602 1014 4673 pii
1047 4601 1539 4673 congregabantur.

429 4775 595 4834 Vnus.
630 4776 718 4833 l4.
752 4796 770 4830 ι
799 4777 867 4832 Ει
915 4779 1159 4848 quaedam
1208 4777 1404 4832 mulier
1467 4777 1684 4832 nomine
1736 4776 1924 4849 Lydia,

358 4869 683 4935 purpuraria
725 4868 965 4923 civitatis
1012 4866 1486 4939 Thyatirenorum,
1518 4866 1702 4921 colens
1733 4865 1925 4932 Deum,

360 4955 585 5010 audivit.
625 4976 645 5009 ι

435 5045 737 5103 Notandum
779 5047 1086 5118 praecedere
1137 5048 1454 5103 catecheses
1479 5089 1493 5111 ,
1536 5054 1610 5111 et,
1646 5058 1930 5118 postquam

365 5136 638 5191 auditores
668 5139 893 5193 verbum
931 5138 1258 5208 receperint,
1284 5136 1538 5206 subsequi
1573 5139 1926 5207 baptismum.

430 5292 450 5323 ⁸
472 5290 646 5346 Galat.
679 5307 719 5357 ι,
745 5291 800 5347 8.
875 5293 896 5325 "
924 5290 1047 5347 Act.
1076 5309 1132 5357 ι,
1163 5290 1255 5345 20.

2030 4526 2146 4563 ναι·
2177 4507 2378 4579 μᾶλλον
2401 4507 2474 4577 μὴ
2497 4503 2665 4574 οὔσης
2684 4506 2802 4558 ἐκεῖ
2822 4503 3145 4573 συναγωγῆς
3165 4501 3252 4555 διὰ
3269 4501 3329 4554 τὸ
3361 4499 3610 4564 σπάνιον,

2032 4600 2185 4671 παρὰ
2209 4600 2300 4655 τὸν
2330 4597 2577 4669 ποταμὸν
2607 4596 2712 4662 ἔξω
2735 4597 2834 4667 τῆς
2870 4594 3076 4658 πόλεως
3106 4593 3281 4664 λάθρα
3310 4592 3613 4663 συνήγοντο

2030 4693 2077 4745 οἱ
2116 4690 2278 4760 δῆθεν
2312 4687 2609 4751 θεοσεϐεῖς.

2108 4800 2125 4832 ι
2162 4780 2268 4833 Καί
2293 4797 2377 4844 τις
2407 4777 2546 4849 γυνὴ
2574 4778 2800 4848 ὀνόματι
2826 4776 3020 4841 Λυδία,
3054 4772 3477 4847 πορφυρόπωλις
3507 4772 3612 4826 πό-

2029 4875 2165 4939 λεως
2196 4858 2543 4945 Θυατείρων,
2570 4872 2840 4943 σεϐομένη
2871 4872 2963 4926 τὸν
3000 4870 3156 4934 Θεὸν,
3191 4868 3405 4941 ἤκουεν.
3443 4885 3462 4918 ο

2099 5046 2447 5117 Σημειωτέον
2478 5047 2563 5100 ὅτι
2591 5045 2672 5098 δεῖ
2702 5045 2920 5116 πρῶτον
2962 5043 3059 5107 τὰς
3090 5042 3421 5113 κατηχήσεις
3453 5040 3608 5129 γίνε-

2030 5139 2151 5192 σθαι
2185 5139 2282 5193 καὶ
2309 5141 2436 5194 ὅταν
2467 5139 2726 5206 δέξωνται
2750 5138 2842 5191 τὸν
2866 5135 3023 5206 λόγον
3047 5136 3094 5189 οἱ
3125 5134 3418 5199 ἀκούοντες
3438 5173 3452 5198 ,
3483 5133 3608 5187 τότε

447 5452 487 5485 ω
514 5448 749 5518 κρατυθ.
783 5448 876 5501 καὶ
907 5446 1055 5518 δεχθ.
1089 5446 1177 5500 διὰ
1204 5447 1327 5503 add.
1355 5462 1463 5503 rec.
1504 5463 1585 5500 in.
1653 5456 1682 5484 υ
1713 5448 1753 5503 C
1802 5447 1863 5503 C.
1899 5464 1927 5501 α

2036 5448 2208 5519 ντείᾳ.
2280 5456 2301 5480 °
2325 5446 2460 5503 Cod.
2498 5451 2801 5523 προσευχῇ

431 5598 545 5668 (l5)
575 5601 709 5676 Coti.
737 5602 1053 5676 Coisl_.__'i‘oti
1083 5604 1187 5676 Χρ.
1219 5602 1430 5661 Revera
1499 5604 1609 5659 hanc
1636 5603 1821 5672 paucis
1886 5602 2103 5658 mutatis
2147 5603 2324 5672 legere
2370 5614 2455 5660 est
2524 5602 2808 5675 Chrysost.
2858 5605 3045 5659 homil.
3105 5604 3157 5657 in
3223 5604 3355 5657 Acta
3414 5615 3606 5666 xxxiv,

368 5680 563 5724 nostra:
593 5673 722 5726 edit.
752 5673 843 5738 IX,
870 5672 995 5727 250.
