4068 6126
428 320 561 384 1557

1334 325 1794 388 FRAGMENTA
1840 327 1922 386 ΙΝ
1963 327 2147 388 ACTA
2191 325 2764 391 APOSTOLORUM.

3528 311 3666 386 1558

422 445 707 515 ἐπιφέρειν
751 443 848 499 καὶ
894 444 957 500 τὸ
987 444 1288 518 βάπτισμα.
1334 447 1400 500 Ei
1443 445 1503 507 δέ
1545 463 1632 508 τις
1669 445 1992 515 τολμήσειεν

2104 443 2213 499 Sed
2235 445 2278 498 si
2310 446 2432 515 quis
2465 446 2662 498 audeat
2710 443 2930 496 dicere:
2979 438 3121 494 Ecce
3170 452 3331 508 quem
3381 434 3494 491 vult
3525 437 3666 491 Deus

423 538 742 601 εἰπεῖν,’ὅτι
782 536 992 593 Ἰδοὺόν
1027 539 1277 609 βούλεται
1317 540 1347 591 ὁ
1391 533 1522 601 Θεὸς
1559 536 1760 602 σώζει*
1786 536 1845 588 ὃν
1888 535 1996 606 γὰρ

424 626 763 680 θέλειὲλεεῖ·
794 630 890 682 καὶ
917 624 978 684 οὗ
1009 629 1190 694 θέλει,
1218 627 1481 696 διανοίγει
1512 626 1613 694 τὴν
1647 626 1895 698 καρδίαν·
1922 625 2000 688 ὡς

425 716 605 787 ζητῶν
633 716 782 789 αὐτῷ
807 718 906 788 τὴν
927 720 1108 774 αἰτίαν
1136 718 1403 790 περιάψαι
1431 716 1522 771 τοῦ
1551 716 1820 781 σώζεσθαι
1852 716 1998 786 ἡμᾶς

427 807 458 876 ἢ
494 806 569 878 μὴ
603 806 901 871 σώζεσθαι·
936 808 1023 862 ἵνα
1058 807 1233 862 αἴτιον
1260 802 1403 862 εἶναι
1426 806 1521 859 τὸν
1552 804 1689 859 Θεὸν
1727 806 1993 876 φήσωσιν.

428 896 569 968 Ὅρα
597 897 726 968 γὰρ,
758 899 912 968 φησι,
944 897 1064 962 πῶς
1091 897 1327 970 διήνοιξε
1357 896 1458 968 τὴν
1492 897 1723 967 καρδίαν
1754 896 1855 965 τῆς
1885 896 1996 949 Λυ-

425 988 545 1053 δίας
567 1003 582 1019 ⁸
611 991 746 1059 πρὸς
782 989 841 1044 ὃν
872 991 955 1043 δεῖ
977 991 1153 1044 εἰπεῖν
1172 1006 1187 1020 ·
1227 987 1537 1058 Ἐρεννᾶτε
1569 988 1679 1055 τὰς
1709 986 1958 1057 Γραφάς
1979 1004 1994 1019 ο

425 1088 454 1138 ὁ
482 1083 590 1154 γὰρ
627 1084 701 1155 μὴ
735 1086 970 1156 ἐρευνῶν
998 1085 1099 1156 οὐχ
1135 1085 1383 1156 εὑρίσκει
1419 1084 1483 1138 τὸ
1526 1083 1883 1154 ζητούμενον.
1934 1081 1998 1136 Τί

423 1173 517 1229 οὖν
539 1193 721 1246 φαμεν
743 1177 880 1230 Θεοῦ
904 1178 1108 1248 χάριτι,
1141 1176 1171 1231 ὃ
1191 1178 1284 1231 ἐπὶ
1312 1177 1408 1231 τοῦ
1433 1176 1738 1247 Κορνηλίου
1765 1174 1958 1246 ἐλέχθη
1981 1188 1995 1240 ;

422 1268 505 1320 ὅτι
528 1267 763 1329 ἐκείνοις
792 1268 1001 1335 ἀνοίγει
1032 1268 1204 1338 θύραν
1233 1271 1261 1322 ὁ
1290 1267 1424 1331 Θεὸς
1460 1266 1573 1330 τοῖς
1604 1265 1875 1327 θεοσεϐῶς
1900 1265 2000 1335 μὲν

424 1357 579 1421 ζῶσι,
608 1356 986 1429 πλανωμένοις
1025 1360 1083 1414 δὲ
1119 1360 1251 1430 περὶ
1280 1360 1379 1432 τὴν
1409 1360 1617 1425 πίστιν,
1643 1358 1734 1413 διὰ
1761 1357 1865 1428 τὴν
1897 1374 2001 1412 πα.-

420 1450 828 1520 τροπαράδοτον
846 1451 1245 1505 κακοπιστίαν·
1282 1452 1392 1505 ἰδοὺ
1422 1450 1537 1525 γὰρ
1555 1451 1651 1505 καὶ
1680 1448 1818 1519 αὐτὴ
1844 1446 1998 1501 ἔσεσε

425 1539 523 1608 μὲν
535 1539 625 1593 τὸν
645 1540 801 1604 Θεὸν,
819 1543 1005 1612 ήγνόει
1024 1542 1081 1596 δὲ
1109 1542 1170 1597 τὸ
1189 1544 1306 1606 πῶς
1322 1544 1404 1597 δεῖ
1418 1544 1681 1613 σωθῆναι,
1699 1545 1837 1612 ὅπερ
1860 1543 1998 1613 αὐτῇ

420 1631 448 1682 ό
485 1631 691 1699 Κύριος
718 1633 1076 1703 ἀνεπλήρωσε
1111 1634 1200 1687 διὰ
1232 1634 1335 1705 τῆς
1368 1631 1602 1704 ἀληθοῦς
1626 1634 1996 1695 διδασκαλίαςο

2098 536 2307 591 salvum
2360 534 2519 600 facit;
2555 533 2712 602 cujus
2745 531 2888 586 enim
2916 529 3028 584 vult
3086 531 3394 596 miseretur,
3427 537 3482 584 et
3513 528 3667 597 cujus

2099 624 2216 678 vult
2240 638 2336 678 cor
2361 625 2531 693 aperit
2556 640 2573 690 ;
2623 622 2750 691 quia
2781 622 2836 676 in
2864 622 3033 676 Deum
3061 634 3283 673 causam
3316 618 3431 673 vult
3464 616 3671 672 referre

2099 729 2197 768 cur
2218 714 2489 768 salvemur
2508 721 2605 768 aut:
2625 727 2730 767 nou
2757 711 3062 777 salvemur;
3088 709 3131 763 si
3168 709 3234 762 ad
3293 709 3347 762 id
3383 706 3672 777 perﬁcien-

2099 805 2226 860 dum
2257 805 2443 860 dicat:
2486 804 2620 860 Vide
2662 800 2933 873 quomodo
2987 815 3085 854 cor
3133 797 3318 869 Lydia:
3357 799 3669 865 aperuerit;

2101 895 2173 949 illi
2225 893 2663 963 respondendum
2702 906 2717 944 :
2776 890 3105 947 δοταιαωὶηὲ
3138 887 3446 957 Scriptura;
3472 888 3532 953 ⁸;
3578 886 3670 957 qui

2097 987 2241 1040 enim
2277 1000 2385 1040 non
2433 994 2726 1048 scrutatur,
2774 983 3058 1053 quaesitum
3106 995 3213 1036 non
3265 978 3491 1035 invenit.
3522 979 3672 1045 Quo-

2101 1077 2260 1129 modo
2292 1074 2457 1142 igitur
2486 1072 2582 1127 Dei
2610 1073 2799 1142 gratiae
2840 1070 3131 1125 tribuimus
3153 1067 3305 1138 quod
3331 1069 3395 1123 de
3419 1067 3672 1122 Cornelio

2100 1166 2297 1219 dicitur
2316 1165 2337 1218 ?
2354 1164 2492 1231 Quia
2517 1163 2659 1217 Deus
2681 1171 2894 1232 portam
2923 1163 2989 1216 iis
3012 1161 3189 1230 aperit
3203 1161 3299 1231 qui
3331 1160 3473 1228 piam
3506 1160 3668 1215 vitam

2100 1258 2323 1325 degunt,
2346 1255 2444 1311 sed
2470 1255 2613 1309 circa
2644 1254 2823 1320 ﬁdem,
2858 1253 2926 1307 ob
2951 1267 3194 1309 errorem
3227 1267 3257 1307 a
3287 1252 3531 1321 patribus
3559 1232 3674 1306 tra-

2100 1350 2296 1412 ditum,
2331 1358 2544 1403 errant.
2569 1347 2710 1402 Ecce
2748 1347 2893 1400 enim
2918 1346 3086 1417 Lydia
3136 1358 3354 1414 quoque
3388 1344 3553 1398 Deum
3580 1358 3675 1399 co-

2100 1439 2268 1504 lcbat,
2297 1442 2392 1493 sed
2411 1439 2691 1494 nesciebat
2721 1438 2993 1508 quomodo
3017 1436 3219 1491 salvari
3240 1445 3507 1503 oporteat,
3529 1435 3675 1502 quod

2100 1532 2362 1587 Dominus
2397 1547 2491 1601 per
2520 1546 2702 1586 veram
2741 1530 3045 1585 doctrinam
3087 1529 3139 1582 in
3169 1544 3229 1581 ea
3280 1528 3522 1595 perfecte
3551 1539 3677 1594 0pc.

2102 1633 2252 1677 ratus
2280 1632 2366 1677 est
2401 1638 2416 1676 :
2451 1622 2648 1676 dicitur
2675 1621 2850 1673 colens
2878 1618 3068 1673 Deum.
3118 1618 3373 1681 Econtra,
3418 1616 3463 1669 si
3519 1616 3674 1682 cujus

421 1718 494 1783 Cu;
527 1719 588 1773 τὸ
619 1723 780 1790 ῥητόν
809 1739 941 1792 φησι
967 1740 980 1755 ’
1020 1723 1314 1793 Σεϐομένη
1346 1723 1455 1777 τὸν
1486 1724 1653 1778 Θεόν.
1693 1722 1788 1776 Ἐκ
1817 1722 1875 1776 δὲ
1900 1722 1999 1776 τοῦ

2105 1716 2244 1771 Deus
2270 1730 2367 1769 cor
2391 1729 2495 1769 non
2522 1713 2715 1782 aperit,
2742 1713 2862 1766 ideo
2887 1726 2991 1765 non
3013 1711 3205 1778 aperit,
3224 1707 3351 1777 quia
3375 1706 3571 1775 impius
3591 1715 3676 1759 est

423 1789 689 1878 ἐναντίου,
723 1814 853 1868 ὅταν
873 1789 908 1868 ⁷ό
936 1816 1069 1878 Θεὸς
1101 1789 1201 1869 οὐκ
1232 1814 1425 1885 ἀνοίγῃ
1446 1815 1676 1885 καρδίαν
1705 1814 1871 1879 τινὸς,
1905 1810 1995 1867 διὰ

2104 1818 2153 1861 et
2180 1809 2375 1861 frustra
2403 1806 2566 1859 verba
2592 1804 2742 1857 audit
2775 1820 2788 1854 :
2832 1803 3080 1871 quamvis
3130 1800 3271 1854 enim
3322 1797 3676 1853 validissimis

420 1904 578 1958 τοῦτο
606 1906 706 1958 οὐκ
731 1906 960 1974 ἀνοίγει.
996 1908 1160 1959 cnsili
1193 1907 1351 1969 ἄθεός
1402 1908 1550 1970 ἐστι,
1581 1905 1675 1958 καὶ
1703 1906 1783 1964 είς
1817 1905 1994 1975 μάτην

421 1994 634 2064 δέχεται
669 1997 793 2058 τοὺς
817 1996 1009 2064 λόγους
1027 2013 1040 2026 ·
1075 1997 1182 2051 κᾶν
1209 1997 1318 2067 γὰρ
1344 1995 1411 2049 δι’
1440 1995 1693 2064 ἐναργῶν
1719 2004 1748 2044 ει
1765 1994 1988 2048 ἀποδεί-

422 2085 557 2150 ξεων
602 2089 846 2160 συστήσῃ
886 2107 970 2152 τις
1020 2089 1111 2144 τὸν
1160 2089 1303 2143 θεῖον
1357 2088 1535 2156 λόγον,
1588 2087 1777 2157 ὥσπερ
1822 2088 1917 2139 καὶ
1945 2088 1997 2139 ot

420 2178 706 2233 ἀπόστολοι
740 2180 830 2233 διὰ,
877 2182 1120 2252 σημείων
1153 2179 1251 2236 καὶ
1281 2183 1529 2258 τεράτων
1549 2193 1562 2208 ⁶
1591 2179 1708 2233 ἀλλ’
1747 2174 1841 2232 οὖν
1870 2178 1992 2233 δουσι

419 2272 598 2325 λεύειν
626 2273 796 2328 θέλων
823 2277 935 2339 τοῖς
970 2275 1165 2329 ἑαυτοῦ
1200 2275 1399 2330 πάθεσι
1431 2275 1526 2326 καὶ⁵
1559 2284 1582 2311 ι’
1614 2273 1785 2344 κακίᾳ
1806 2313 1822 2338 ,
1856 2273 1993 2325 ἀπο-

419 2364 678 2435 τρέπεται
702 2366 796 2419 τὸν
822 2367 983 2433 λόγον
999 2383 1011 2395 ·
1035 2366 1196 2431 αὐτὸς
1229 2365 1409 2436 ἑαυτῷ
1434 2364 1606 2428 αἴτιος
1634 2364 1926 2433 γενόμενος
1945 2374 1991 2402 ³ο

419 2456 676 2511 οὐδέποτε
703 2457 813 2528 γὰρ
845 2461 874 2512 ὁ
915 2458 1048 2522 Θεὸς
1081 2458 1336 2528 συνεργεί
1380 2471 1488 2510 τινι
1519 2457 1601 2519 είς
1632 2456 1802 2510 κακόν
1828 2470 1841 2483 ’
1875 2453 1991 2509 ἀλλ’

2097 1896 2450 1965 argumentis,
2491 1905 2549 1948 ut
2593 1892 2819 1963 apostoli
2843 1892 3014 1960 signis
3038 1902 3093 1945 et
3123 1889 3380 1958 prodigiis
3423 1887 3514 1940 Dei
3551 1902 3673 1940 ver-

2092 1988 2219 2042 bum
2239 1989 2610 2053 confirmares,
2633 1986 2745 2041 suis
2761 1984 3168 2055 cupiditatibus,
3188 1996 3301 2037 sua:
3331 1979 3676 2051 pervet-sitati

2101 2083 2313 2137 servire
2370 2080 2575 2145 volens,
2639 2079 2863 2134 verbum
2918 2076 3160 2146 repellet,
3221 2074 3328 2129 sibi
3372 2073 3473 2143 ipsi
3513 2084 3677 2127 Causa

2102 2174 2299 2236 factus,
2328 2186 2601 2240 nunquam
2630 2172 2774 2225 enim
2809 2170 2951 2223 Deus
2997 2169 3047 2221 in
3079 2166 3277 2219 malum
3313 2162 3544 2232 adjutori
3570 2172 3676 2226 est,

2103 2266 2197 2320 sed
2229 2267 2280 2318 in
2304 2264 2524 2325 bonum,
2554 2270 2774 2331 propter
2794 2274 2943 2315 suam
2969 2259 3292 2320 bonitatem;
3314 2268 3678 2325 unumquem-

2102 2369 2206 2426 que
2231 2364 2410 2411 autem
2439 2364 2556 2425 post
2587 2368 2712 2409 suas
2741 2351 3066 2421 cupiditates
3088 2350 3167 2404 ire
3190 2349 3355 2415 sinit;
3385 2349 3676 2417 unusquis-

2102 2463 2228 2520 que,
2268 2455 2427 2517 prout
2452 2448 2583 2513 vult,
2616 2447 2769 2504 vivit.

421 2549 500 2611 εἰς
530 2550 629 2618 μὲν
662 2550 731 2603 τὰ
765 2550 907 2604 καλὰ
934 2552 1021 2605 διὰ
1051 2551 1150 2620 τὴν
1206 2550 1373 2604 αὑτοῦ
1435 2549 1763 2618 φιλαγαθίαν
1831 2547 2164 2603 συνευδοκεῖ·
2194 2547 2289 2598 ἐπὶ
2321 2546 2378 2598 δὲ
2442 2544 2651 2609 κακῶν,
2687 2543 2964 2614 συγχωρεῖ
3008 2535 3335 2613 πορεύεσθαι
3359 2534 3591 2591 ἕκαστον
3619 2536 3677 2589 ἐν

421 2646 532 2706 τοῖς
566 2644 969 2716 ὲπιθυμήσασιν
1005 2647 1190 2701 αὑτοῦ·
1218 2647 1355 2719 πρὸς
1378 2646 1407 2700 ὅ
1433 2643 1526 2700 οὖν
1555 2645 1703 2700 θέλει
1733 2649 1870 2723 σιιιςΙι
1902 2646 1991 2716 ζῇ.

498 2751 518 2785 ι
574 2733 723 2804 Αὕτη
775 2737 1251 2793 κατακολουθοῦσα
1300 2739 1380 2810 τῷ
1447 2741 1647 2809 Παύλῳ
1695 2742 1791 2795 καὶ
1834 2743 1994 2812 ἡμῖν,

2165 2735 2330 2793 Vens.
2364 2737 2450 2791 l7.
2487 2735 2641 2792 «Haec
2662 2736 2950 2791 subsecuta
2975 2731 3201 2787 Paulum
3231 2738 3286 2786 et
3316 2743 3436 2795 nos,
3469 2727 3673 2783 clama-

423 2824 619 2895 ἔκραξε
646 2826 900 2895 λέγουσα,
936 2823 1097 2884 Οὗτοι
1133 2833 1183 2883 οἱ
1218 2832 1499 2903 ἄνθρωποι
1528 2832 1707 2887 δοῦλοι
1739 2832 1836 2887 τοῦ
1859 2830 1997 2886 Θεοῦ

2104 2829 2186 2883 bat
2222 2829 2410 2883 dicens
2446 2845 2460 2882 :
2515 2828 2609 2882 isti
2646 2827 2897 2881 homines
2928 2825 3073 2880 servi
3126 2822 3219 2878 Dei
3267 2820 3473 2876 excelsi
3524 2827 3672 2884 sunt,

421 2915 516 2967 τοῦ
546 2916 772 2985 ὑψίστου
808 2920 968 2987 εἰσὶν,
999 2922 1194 2986 οἵτινες
1230 2922 1697 2991 καταγγέλλουσιν
1723 2924 1852 2995 ὑμῖν
1882 2923 1998 2977 ὁδὸν

2104 2922 2185 2990 qui
2209 2920 2537 2975 atmntttiant
2570 2919 2723 2974 vobis
2742 2918 2885 2972 viam
2919 2914 3131 2973 salutis.
3170 2933 3189 2966 ι

425 3010 719 3078 σωτηρίας.
769 3028 787 3060 ι

492 3101 565 3152 Τὸ
611 3102 711 3170 τῆς
751 3102 962 3167 Πυθοῦς
1000 3104 1219 3174 πνεῦμα
1253 3105 1513 3174 μαντείας
1547 3104 1721 3158 ἐποίει
1745 3118 1760 3134 ⁶
1807 3103 1895 3156 διὰ
1940 3102 1997 3156 δὲ
2025 3134 2066 3191 c

419 3192 578 3246 τοῦτο
602 3192 856 3257 Πύθωνος
885 3193 1102 3265 πνεῦμα
1142 3195 1420 3249 ἐκαλεῖτο·
1454 3195 1641 3267 ἐπειδὴ
1671 3197 1704 3265 ὴ
1740 3193 1914 3247 Πυθία
1944 3205 1994 3259 ιι,

420 3282 540 3352 ήτοι
565 3284 592 3334 ὁ
627 3285 685 3335 ὲν
713 3284 778 3353 τῇ
816 3281 991 3355 Πυθίᾳ
1018 3282 1248 3353 δαίμων,
1281 3283 1556 3336 Ἀπόλλων
1581 3292 1608 3320 ν
1642 3280 1997 3351 καλούμενος,

422 3373 768 3443 ὲμαντεύετο³
802 3373 897 3428 καὶ
924 3374 1110 3444 ἠπάτα
1141 3374 1266 3437 τοὺς
1301 3371 1645 3445 ἀνθρώπους,
1679 3373 1853 3440 λέγων
1896 3372 1998 3426 αὐ-

420 3467 531 3528 τοῖς
563 3465 629 3517 τὰ
656 3466 999 3535 γεγενημένα
1021 3483 1035 3496 ·
1069 3467 1221 3519 οὐδὲν
1249 3466 1358 3536 γὰρ
1388 3461 1456 3536 ἦν
1481 3466 1737 3537 δυσχερὲς
1766 3464 1846 3535 τῷ
1881 3463 2001 3518 δαί-

427 3572 547 3625 μονι
577 3555 709 3608 ίδεῖν
735 3555 805 3609 τὰ
846 3557 1115 3626 γενόμενα
1146 3559 1205 3609 ὲν
1244 3556 1434 3626 Ῥώμῃ
1465 3557 1734 3626 σήμερον,
1778 3555 1875 3609 καὶ
1904 3555 1997 3608 εὐ·

424 3645 520 3709 θὺς
559 3647 889 3715 ἀπαγγεῖλαι
932 3648 1106 3701 αὐτὰ·
1156 3646 1185 3698 ὃ
1230 3646 1324 3698 καὶ
1358 3646 1582 3715 ἐποίησε
1618 3644 1695 3714 τῷ
1734 3643 1956 3713 Κροίσῳ
1979 3684 1994 3709 ,

422 3737 543 3808 ἦτοι
572 3740 684 3801 τοῖς
716 3738 857 3808 ὑπὲρ
890 3737 1053 3790 αὑτοῦ
1093 3732 1537 3806 μαντευομένοις,
1572 3736 1739 3803 ἡνίκα
1769 3734 2001 3804 ἐπείρα-ε

424 3830 515 3894 ξεν
543 3831 705 3884 αὐτὸν
741 3833 769 3883 ὁ
814 3832 1048 3900 Κροῖσος
1080 3828 1170 3881 διὰ
1195 3828 1305 3881 τῶν
1335 3829 1416 3891 είς
1444 3828 1543 3897 τὴν
1575 3826 1784 3878 Πυθίαν
1808 3826 1998 3890 δντων,

423 3919 476 3971 τί
510 3922 657 3973 ποιεῖ
681 3919 923 3988 σήμερον
945 3921 974 3971 ό
1002 3919 1266 3988 Κροῖσοςς
1298 3917 1407 3970 Καὶ
1435 3917 1659 3979 ἀκόπως
1684 3915 1826 3985 ὁρῶν
1850 3915 1917 3967 τὰ
1943 3916 2002 3968 ὲν

424 4013 612 4082 Λυδίᾳ,
648 4012 849 4082 ἤρχετο
884 4010 1045 4074 εὐθὺς
1072 4011 1131 4063 ὲν
1152 4013 1216 4082 τῇ
1249 4009 1447 4080 Πυθίᾳ,
1481 4010 1577 4063 καὶ
1603 4006 1949 4077 ἀπήγγελλεν
1973 4013 2003 4043 ³

425 4105 611 4165 αὐτοῖς
633 4118 646 4132 ο
676 4102 862 4165 ἔλεγεν
894 4099 989 4156 οὖν
1028 4102 1158 4171 1:591
1195 4102 1305 4154 τῶν
1330 4100 1708 4171 παρελθόντων
1738 4097 1998 4169 εὐχερῶς.

425 4194 691 4257 Πολλάκις
725 4193 781 4247 δὲ
816 4193 910 4247 καὶ
949 4194 1078 4265 1:591
1106 4193 1216 4247 τῶν
1258 4192 1561 4262 μελλόντων
1595 4190 1749 4259 ἔλεγε
1805 4205 2001 4258 στοχα-

426 4288 580 4358 σμῷ,
633 4287 819 4360 ὥσπερ
855 4286 949 4340 τοῦ
996 4286 1183 4357 Κύρου
1205 4326 1219 4351 ,
1268 4285 1410 4356 ὀρῶν
1437 4283 1601 4337 αὐτοῦ
1631 4282 1733 4354 τὴν
1764 4281 2003 4353 ἀρχικὴν

424 4380 560 4445 ἕξιν,
579 4381 673 4434 καὶ
693 4383 791 4451 τὴν
826 4379 1199 4450 μεγαλοψυῒαν
1224 4379 1288 4430 ὲκ
1313 4376 1503 4437 παιδός
1522 4391 1536 4405 ο
1570 4375 1721 4427 οὐδὲν
1752 4370 1846 4427 οὖν
1873 4372 2001 4425 δυσ-

2172 3093 2509 3164 Ργιὴοιιῑεδαξ
2556 3090 2780 3158 spiritus
2824 3086 3133 3147 divinabat,
3178 3091 3234 3136 et
3284 3083 3403 3135 ideo
3457 3072 3700 3148 spiritus

2102 3186 2366 3258 Pythonis
2396 3184 2681 3237 dicebatur
2708 3193 2723 3245 ;
2784 3176 2974 3248 Pythia
3003 3189 3154 3245 ergo,
3180 3183 3275 3227 aut
3304 3174 3517 3228 daemon
3564 3170 3674 3234 ille,

2101 3276 2293 3346 Apollo
2321 3275 2523 3335 dictus,
2555 3271 2646 3341 qui
2674 3269 2729 3325 in
2762 3268 2851 3324 illa
2883 3276 3032 3331 erat,
3069 3264 3345 3320 divinabat
3394 3272 3451 3319 et
3498 3261 3676 3316 homi-

2102 3383 2198 3424 nes
2223 3364 2544 3435 decipiebat,
2599 3361 2873 3432 praeterita
2900 3359 3006 3413 illis
3054 3356 3340 3421 aperiens;
3395 3367 3499 3407 non
3531 3353 3674 3407 enim

2101 3457 2330 3513 daemoni
2355 3453 2571 3510 difficile
2595 3461 2713 3507 erat
2728 3450 2908 3505 videre
2928 3461 3044 3517 quae
3065 3445 3248 3499 [lenite
3270 3440 3430 3498 hodie
3453 3442 3675 3506 liebant,
3723 3472 3739 3481 ι

2102 3560 2157 3604 et
2191 3564 2250 3602 ca
2278 3547 2462 3603 statim
2493 3542 2736 3614 aperire,
2770 3540 2912 3611 quod
2937 3553 3034 3609 pro
3071 3536 3261 3591 Crasso
3282 3533 3414 3589 fecit
3455 3540 3550 3587 aut
3579 3545 3678 3600 pro

2102 3641 2169 3694 iis
2198 3641 2291 3708 qui
2328 3638 2395 3692 de
2435 3651 2502 3692 eo
2532 3633 2910 3698 consulebant,
2957 3628 3173 3700 quando
3208 3626 3433 3683 Croesus
3464 3639 3560 3693 per
3582 3636 3678 3678 eos

2103 3730 2191 3797 qui
2224 3729 2361 3796 apud
2392 3724 2640 3796 Pythiam
2663 3735 2840 3787 erant,
2869 3722 3112 3791 quaesivit
3139 3737 3153 3772 :
3190 3717 3328 3785 Quid
3373 3730 3515 3772 nunc
3547 3712 3678 3769 facit

2103 3816 2367 3873 Croesus?
2398 3817 2618 3884 Absque
2669 3812 2979 3869 diilicultate
3009 3812 3063 3865 itt
3105 3808 3274 3879 Lydia
3303 3822 3534 3862 cernens
3556 3820 3679 3875 qua:

2105 3913 2327 3972 ﬂebant,
2357 3910 2542 3964 statim
2595 3909 2647 3961 in
2677 3905 2927 3976 Pythiam
2974 3903 3200 3957 veniens
3249 3901 3330 3955 eis
3362 3897 3675 3963 nuntiavit;

2107 4000 2262 4054 facile
2283 3999 2445 4068 igitur
2473 4000 2538 4053 de
2581 3995 2873 4066 praeteritis
2919 3991 3263 4062 loquebatur.
3303 3988 3457 4059 Saepe
3508 3989 3673 4043 etiam

2104 4092 2170 4146 de
2201 4089 2396 4147 futuris
2427 4103 2522 4159 per
2554 4087 2926 4157 conjecturam
2947 4084 3160 4139 locutus
3182 4089 3288 4148 est,
3317 4079 3676 4151 quemadmo—

2105 4183 2229 4236 dum
2271 4180 2339 4236 de
2372 4178 2537 4250 Cyro,
2581 4193 2740 4247 quem
2783 4191 2811 4230 a
2840 4174 3068 4243 pueritia
3101 4181 3379 4228 strenuum
3422 4176 3475 4225 et
3501 4168 3679 4224 domi-

2106 4272 2343 4328 nationis
2370 4270 2623 4341 cupidum
2665 4266 2914 4331 videbat;
2947 4278 3052 4318 non
3089 4263 3235 4317 enim
3264 4262 3518 4323 daemoni,
3553 4276 3674 4315 cum

2108 4365 2179 4418 sit
2210 4364 2582 4432 incorporeus,
2638 4358 2853 4414 dillicile
2903 4366 3022 4411 erat
3048 4355 3234 4426 videre
3265 4354 3555 4423 longinqua
3578 4393 3594 4415 ,
3623 4361 3678 4403 et

427 4440 586 4544 χερες
650 4440 994 4542 ⁸τίξίδαίμονι
1044 4440 1326 4540 ασωμάτῳ
1370 4468 1484 4522 ὄντι
1520 4469 1652 4539 όρᾷν
1700 4465 1769 4520 τὰ
1808 4465 1999 4537 πόῤῥω

2109 4455 2355 4510 homines
2389 4452 2642 4521 decipere
2667 4450 2719 4503 in
2747 4447 2947 4518 quibus
2976 4461 3097 4501 eum
3122 4443 3498 4499 consulebant.
3526 4440 3676 4493 Alio-

427 4566 554 4619 ὅντα
577 4605 590 4629 ,
641 4565 736 4617 καὶ
778 4562 993 4633 ἀπατᾷν
1022 4561 1147 4623 τοὺς
1186 4557 1506 4629 ἀνθρώπους
1550 4559 1608 4610 ὲν
1647 4552 1730 4620 οἷς
1772 4556 2001 4624 ἐζήτουν

431 4656 794 4727 μαντεύεσθαι
816 4672 828 4686 ’
855 4655 1056 4723 ὃπουγε
1088 4653 1163 4714 ὡς
1192 4652 1285 4704 ἐπὶ
1314 4650 1375 4705 τὸ
1419 4650 1675 4702 πλεῖστον
1716 4648 1845 4717 περὶ
1890 4647 2003 4700 τῶν

428 4748 807 4818 παρελθόντων
839 4745 872 4816 ἢ
906 4745 1073 4798 ὄντων
1100 4743 1381 4814 ἐρωτῶσιν
1422 4741 1473 4793 οί
1502 4739 1834 4809 ἀφερέπονοι
1858 4779 1871 4800 ,
1904 4740 2002 4791 καὶ

428 4843 607 4894 πάντα
634 4840 709 4902 ὡς
742 4838 837 4890 ἐὰν
858 4846 887 4886 γ
918 4838 1173 4906 παραστῇ
1202 4834 1502 4898 ποιοῦντες,
1536 4831 1847 4902 ἐρωτῶντες
1877 4830 2006 4899 περὶ

429 4931 809 5001 ἁπολλομένων
835 4938 857 4965 ι
889 4927 1234 4998 πραγμάτων
1257 4925 1291 4997 ἢ
1312 4923 1442 4994 περὶ
1470 4922 1717 4975 ἀπόντων
1741 4913 1905 4990 ’τΑρα
1935 4919 2000 4990 ζῇ

429 5026 457 5077 ὁ
481 5023 555 5077 ὣν
578 5025 633 5075 ἐν
661 5022 793 5091 τῇδε
818 5021 884 5089 τῇ
917 5019 1071 5070 πόλει
1113 5017 1391 5083 ἀπόδημος
1415 5029 1430 5077 ;
1466 5013 1531 5064 Ὃ
1553 5051 1566 5074 ,
1602 5010 1678 5072 ὡς
1706 5006 1878 5071 εἷπον,
1914 5006 2004 5060 eii-

430 5116 587 5169 κολον
617 5125 641 5153 ιι
674 5108 742 5183 ἦν
772 5113 944 5163 εἰπεῖν
973 5107 1048 5178 τῷ
1074 5108 1308 5177 δαίμονι,
1339 5105 1372 5176 ἢ
1401 5102 1468 5156 δι’
1496 5100 1686 5173 ἀνδρὸς
1717 5099 1749 5170 ἢ
1795 5099 1882 5151 διὰ
1903 5115 2005 5165 γυ-

433 5206 616 5268 ναικὸς
658 5204 724 5267 δι’
767 5202 949 5256 αὐτῶν
990 5200 1202 5252 λαλῶν·
1246 5197 1438 5266 ἀμέλει
1469 5193 1601 5264 γοῦν
1634 5193 1726 5246 καὶ
1770 5193 1875 5254 ἕως
1911 5189 2005 5242 νῦν

430 5316 576 5361 τινες
603 5297 727 5359 τοὺς
760 5293 1159 5364 δαιμονῶντας.
1192 5292 1250 5345 ἐν
1281 5289 1359 5359 τῷ
1394 5276 1722 5356 καιρῷ’καθ’
1749 5284 1806 5338 ὃν
1834 5286 1861 5324 b
1891 5285 2006 5336 ὲπιυ

506 5454 527 5484 ⁸
556 5451 713 5505 Joan.
751 5464 802 5511 v,
833 5448 924 5500 59.

508 5599 535 5638 P
565 5587 627 5642 C.
665 5587 725 5640 Ο.
760 5585 970 5654 ἐπειδὴ.
1050 5595 1077 5633 ιι
1122 5584 1184 5637 C.
1326 5581 1596 5654 ἐναργῶν.

1676 5589 1697 5617 τ
1729 5580 1792 5632 (Σ.
1830 5578 1890 5629 (ἶ.
1922 5575 2015 5628 καὶ
2040 5575 2128 5642 τῇ.
2179 5605 2229 5642 λ,
2270 5570 2331 5624 C.
2359 5569 2764 5642 C._Yt~_zr3p:_.vo;.

2103 4547 2235 4617 quin
2269 4546 2335 4602 de
2369 4541 2665 4613 praeteritis
2709 4540 3030 4609 plerumque
3084 4543 3176 4589 aut
3206 4534 3271 4588 de
3320 4533 3678 4605 praesentibus

2105 4647 2356 4710 quaerunt
2400 4637 2649 4692 homines
2687 4647 2851 4686 mora:
2885 4629 3255 4695 impatientes,
3289 4625 3379 4694 qui
3407 4624 3588 4680 omnia
3622 4633 3679 4676 ut

2106 4732 2276 4785 menti
2303 4736 2620 4791 occurrunt,
2656 4726 2885 4787 faciunt,
2913 4728 3217 4790 qumreutes
3242 4719 3308 4771 de
3337 4716 3562 4787 perditis
3589 4724 3683 4767 aut

2107 4826 2175 4879 de
2219 4823 2560 4886 absentibus,
2610 4829 2671 4872 ut
2719 4815 2951 4884 exempli
3000 4813 3215 4884 gratia:
3268 4809 3483 4864 Vivitur
3509 4808 3598 4877 qui
3627 4807 3679 4860 in

2112 4914 2366 4987 taliurbe
2396 4913 2602 4966 advena
2640 4918 2721 4963 est
2743 4910 2768 4962 ?
2797 4907 2962 4977 quod,
2990 4915 3047 4958 ut
3076 4904 3210 4967 dixi,
3235 4903 3417 4956 dicere
3452 4897 3682 4953 daemoni

2112 5003 2269 5058 facile
2300 5011 2440 5066 erat,
2476 5001 2590 5055 sive
2625 5014 2721 5068 per
2767 4998 2977 5061 virum,
3014 4995 3125 5049 sive
3153 5007 3249 5063 per
3281 4990 3582 5053 mulierem,
3629 4987 3683 5040 in

2112 5096 2214 5159 eis,
2247 5094 2478 5158 scilicet,
2505 5091 2817 5160 loquendo;
2844 5104 3018 5158 usque
3048 5088 3204 5142 modo
3226 5085 3445 5155 quidam
3478 5088 3686 5136 tentant

2115 5188 2479 5243 daemoniacos
2514 5178 2853 5253 interrogare
2873 5198 2938 5235 eo
2967 5192 3206 5247 tempore
3232 5192 3338 5247 quo
3362 5192 3390 5229 a
3423 5173 3688 5230 da-moui-

2114 5278 2215 5333 bus
2266 5286 2587 5330 vexantur:
2644 5274 2787 5342 quod
2846 5280 2929 5323 est
2986 5269 3230 5337 impium.
3261 5296 3333 5308 —-
3379 5265 3685 5319 Notandum

2845 5566 2863 5601 ¹
2909 5562 2970 5619 C.
3000 5563 3061 5616 C.
3096 5579 3181 5623 τις
3207 5561 3368 5614 θέλει.
3481 5566 3512 5596 ιι
3540 5559 3597 5611 (1.
3622 5556 3687 5610 C.

436 5659 470 5724 ἡ
504 5627 996 5723 ὴ-ξῐδ’ία”ῲῆὲέἶ.”¹’ν
1680 5662 1705 5689 ι
1926 5627 2288 5715 ἀπήγγειλεν.
2366 5627 2562 5694 Ηλά.
2589 5627 2694 5689 ’ἐὰν
2734 5634 2938 5695 αὐτοῖς.
3015 5642 3038 5669 ³
3061 5632 3195 5687 C.C.
3218 5627 3687 5699 ἀπολλοιμμένων.

442 5722 544 5785 δα.
586 5727 646 5783 C.
675 5722 930 5780 εὒκωλον.
1009 5725 1035 5764 ι’
1059 5726 1115 5780 C.
1149 5724 1211 5779 (Ξ.
1239 5722 1286 5775 ὅ.
