4068 6126
421 284 556 353 1559

1573 286 1909 349 ΑΜΜΟΝΙΙ
1950 286 2247 348 ALEXAN
2259 287 2356 348 ΟΒ
2368 284 2477 346 lNI

3545 276 3700 342 1560

419 411 602 455 autem
633 405 715 451 est
762 396 1045 452 Christum
1091 409 1189 466 per
1229 386 1504 450 dzemones
1537 407 1676 464 quos
1694 394 1991 450 credebam

2092 392 2336 447 τίθενται
2362 393 2476 456 τοῖς
2513 388 2849 461 ἀνθρώποις,
2882 387 3187 460 πειρῶνται
3217 386 3504 457 ἐπερωτᾷν
3537 404 3695 441 τινα,

418 498 630 557 gentes,
661 485 827 540 fuisse
853 484 1244 553 praedicatum;
1296 498 1418 537 nam
1457 484 1827 537 testimonium
1852 496 1987 551 apo-

418 577 574 632 stolis
609 575 969 645 pet-bibebant
1004 574 1149 644 quod
1207 573 1346 628 servi
1396 581 1555 628 erant
1602 572 1718 637 Dei,
1762 581 1816 629 et
1843 571 1989 643 quod

419 667 673 723 salutaris
709 680 895 721 eorum
923 674 1040 720 erat
1075 664 1417 734 praedicatio,
1441 670 1497 719 et
1533 665 1676 734 quod
1705 662 1848 720 Deus
1871 670 1991 719 erat

417 759 591 823 Jesus,
641 773 743 811 non
780 771 930 811 mere
970 755 1172 821 homo,
1225 756 1662 826 quandoquidem
1718 756 1836 811 bazc
1871 763 1990 811 erat

419 850 547 905 Sila:
570 857 627 904 et
656 845 807 902 Pauli
841 847 1195 918 praedicatio;
1231 848 1381 917 quod
1421 857 1624 917 pugnat
1650 854 1840 903 contra
1886 846 1992 901 Ne-

418 942 689 996 storiauos
709 948 765 994 et
799 938 1187 995 Paulianistas.
1239 938 1537 1008 Postquam
1585 947 1766 994 autem
1822 951 1991 1008 saepe-

417 1044 642 1085 numero
672 1038 899 1085 testatus
929 1039 1045 1084 erat
1073 1030 1278 1085 daemon
1311 1029 1677 1099 apostolorum
1716 1028 1984 1099 praedica-

421 1124 621 1178 tionem
650 1137 768 1178 esse
796 1121 1115 1185 salutarem,
1149 1129 1280 1175 tunc
1318 1119 1479 1189 ejecit
1516 1134 1638 1176 eum
1667 1119 1887 1186 Paulus,
1922 1121 1989 1175 ad

417 1213 809 1271 ostendendum
833 1212 1184 1269 credentibus
1215 1212 1270 1267 in
1303 1228 1426 1268 eum
1460 1228 1526 1268 eo
1570 1212 1825 1269 fortiores
1871 1227 1992 1270 esse

417 1304 684 1373 quoslibet
711 1303 916 1369 ﬁdeles,
950 1316 1009 1358 se
1042 1316 1260 1372 quoque
1291 1310 1613 1372 potestatem
1652 1303 1852 1358 habere
1882 1303 1993 1359 das-

418 1410 659 1461 nmnem,
689 1404 749 1449 ut
775 1395 878 1450 sibi
908 1394 1232 1464 subjectum,
1255 1394 1373 1451 sive
1402 1409 1625 1450 manere
1645 1395 1857 1450 sinendi
1877 1395 1992 1450 sive

418 1484 689 1551 ejiciendi.
752 1482 885 1540 Vide
932 1494 1111 1539 autem
1167 1494 1431 1553 quantum
1464 1485 1737 1541 valuerint
1786 1481 2009 1542 Christi“

419 1590 703 1632 servorum
769 1575 931 1631 verba
962 1613 979 1640 ,
1039 1575 1307 1645 siquidem
1354 1576 1519 1631 simul
1573 1591 1637 1632 ac
1684 1576 1987 1647 jusserant,

417 1665 640 1721 exibant
671 1666 963 1721 dtemones.

488 1930 655 1989 Vsus.
679 1931 768 1986 23.
809 1948 827 1983 ι
853 1929 1232 2002 Pracipientes
1262 1934 1469 1990 custodi
1498 1940 1556 1989 ut
1593 1933 1879 2005 diligenter
1901 1949 1995 1991 cu-

417 2023 643 2078 stodiret
670 2038 784 2079 eos.
809 2042 829 2076 ι

494 2132 514 2167 ι
553 2113 689 2179 Cum
720 2127 1104 2186 cognoscerent
1133 2132 1320 2173 eorum
1352 2117 1631 2184 virtutem,
1662 2120 1875 2188 seipsos
1904 2117 1992 2176 fe-

416 2200 663 2258 fellerunt
689 2203 932 2260 dicentes
963 2224 978 2261 :
1020 2205 1161 2262 Tuto
1209 2220 1302 2261 eos
1361 2207 1595 2263 custodit
1627 2225 1644 2273 ;
1679 2210 1772 2264 sed
1806 2217 1860 2264 et
1891 2208 1994 2278 ipsi

420 2293 760 2351 testabantur
804 2310 900 2353 eos
947 2312 1066 2353 esse
1102 2297 1388 2367 ignobiles,
1424 2299 1516 2354 sed
1576 2314 1802 2370 magnos
1827 2315 1994 2370 quos-

417 2389 539 2440 dam
581 2387 728 2445 viros
768 2398 1088 2459 potestatem
1130 2390 1394 2447 habentes
1422 2391 1653 2449 faciendi
1689 2407 1787 2463 per
1809 2392 1993 2449 Domi-

417 2494 545 2534 num
569 2493 905 2551 qmecunque
928 2481 1145 2539 vellent.

488 2567 654 2626 Vens.
703 2571 797 2627 25.
850 2591 870 2624 ι
904 2571 1076 2628 Media
1134 2582 1313 2628 autem
1365 2583 1547 2637 nocte,
1604 2574 1799 2631 Paulus
1822 2584 1877 2630 et
1908 2573 1992 2629 Si-

418 2659 501 2716 las
561 2670 800 2729 orantes,
855 2662 1150 2719 laudabant
1206 2663 1504 2722 Deum:et
1552 2668 1841 2723 audiebant
1898 2681 1993 2724 eos

416 2751 508 2823 qui
543 2753 597 2807 in
627 2754 870 2810 custodia
912 2763 1087 2810 erant.
1125 2774 1145 2809 ι

493 2861 515 2896 ι
547 2841 893 2901 Psalmistam
936 2848 1108 2903 secuti
1132 2847 1402 2905 dicentem
1435 2866 1449 2904 :
1478 2849 1654 2904 Media
1697 2860 1844 2905 nocte
1872 2866 1993 2905 sur-

416 2931 598 3003 gebam
626 2933 696 2988 ad
714 2934 1064 3003 conﬁtendum
1090 2936 1183 2990 tibi
1204 2937 1279 2991 ’.ι

495 3107 661 3165 Vens.
692 3110 784 3175 29,
842 3111 931 3165 50.
964 3130 983 3163 ι
1024 3110 1307 3181 Petitoque
1366 3114 1569 3168 lumine
1631 3115 1993 3186 introgressus

419 3210 503 3259 est
538 3218 554 3257 :
598 3210 653 3256 et
683 3201 1034 3259 tremefactus
1085 3204 1317 3274 procidit
1348 3204 1514 3259 Paulo
1542 3213 1594 3257 et
1650 3205 1774 3261 Sila»
1805 3207 1870 3259 ad
1901 3222 1996 3274 pe.

422 3295 540 3350 des.
566 3294 629 3350 Et
661 3297 961 3366 producens
989 3309 1082 3350 eos
1111 3294 1258 3352 foras
1290 3297 1367 3352 ait
1401 3315 1414 3349 :
1446 3296 1690 3363 Domini,
1720 3296 1850 3366 quid
1910 3312 1996 3353 nte

419 3393 633 3454 oportet
663 3383 841 3440 facere
872 3392 931 3439 ut
957 3385 1137 3441 salvus
1164 3387 1285 3441 tiam
1303 3388 1357 3441 Ἰ»

493 3473 630 3528 Hine
657 3489 875 3543 quoque
902 3474 1086 3529 videre
1107 3485 1190 3529 est
1220 3490 1380 3544 quam
1433 3474 1601 3530 libera
1631 3476 1705 3531 sit
1773 3475 1908 3533 ﬁdes
1938 3477 1992 3532 in

419 3563 751 3619 hominibus.
782 3562 920 3618 Ecce
950 3563 1092 3619 enim
1142 3573 1264 3634 post
1308 3572 1514 3619 tantum
1549 3581 1803 3637 pavorem
1844 3566 1994 3622 solus

423 3662 607 3710 custos
632 3653 870 3709 carceris
894 3653 1128 3709 credidit
1158 3672 1171 3709 :
1204 3669 1328 3712 cum
1362 3664 1539 3714 tamen
1567 3659 1747 3728 potius
1777 3659 1995 3716 debuis-

421 3755 542 3802 sent
567 3747 635 3802 ad
658 3745 817 3800 [idem
843 3744 973 3801 ferri
999 3745 1091 3816 qui
1114 3755 1273 3803 erant
1294 3748 1346 3803 in
1385 3749 1649 3817 custodia,
1679 3750 1875 3821 quippe
1898 3750 1989 3821 qui

419 3834 723 3906 prodigium
757 3835 926 3906 magis
957 3844 1116 3891 erant
1140 3836 1371 3905 experti,
1407 3844 1463 3892 et
1492 3836 1697 3894 ferreas
1752 3838 1993 3895 manicas

417 3926 595 3983 subito
624 3936 907 3996 perruptas
931 3926 1177 3982 viderant
1209 3944 1225 3992 ;
1257 3929 1350 3984 sed
1372 3929 1501 3998 quia
1522 3931 1793 3993 _vecordes
1813 3938 1989 3994 erant,

418 4019 475 4073 in
501 4016 752 4088 praesenti
791 4017 1007 4074 fuerunt
1055 4019 1250 4086 territi,
1284 4020 1571 4076 commotis
1604 4021 1839 4075 careeris
1868 4021 1991 4075 fun-

417 4108 686 4163 damentis
713 4118 767 4163 et
782 4109 985 4178 apertis
1003 4108 1214 4180 ianuis;
1239 4118 1640 4179 contemptores
1667 4119 1844 4165 autem
1874 4109 1990 4177 Dei,

418 4208 537 4269 post
571 4209 777 4254 tantum
811 4199 1045 4269 signum,
1069 4202 1378 4257 nescierunt
1411 4202 1540 4271 quid
1565 4202 1728 4258 fuerit
1758 4201 1987 4269 factum,

417 4291 553 4345 adeo
585 4298 644 4343 ut
674 4304 772 4346 nec
798 4292 1035 4348 carceris
1064 4293 1295 4358 custodi,
1322 4307 1421 4349 nec
1437 4293 1607 4348 cuivis
1638 4292 1791 4348 alteri
1827 4293 1989 4348 locuti

2087 483 2226 554 ὅπερ
2272 482 2425 536 ἐστὶν
2468 481 2651 537 ἄθεον.
2688 479 3030 553 Σημειωτὲον
3074 480 3133 533 δὲ
3172 479 3257 533 ὅτι
3303 478 3401 531 καὶ
3430 477 3525 531 διὰ
3579 476 3700 530 τῶν

2087 573 2358 643 δαιμόνων
2402 565 2486 635 οἷς
2532 570 2821 624 ἐπίστευον
2863 569 2914 622 οἱ
2965 568 3232 640 Ἕλληνες
3268 566 3625 637 ἐκηρύττετο-
3670 568 3701 619 6

2089 662 2325 734 Χριστός
2357 678 2372 693 ·
2435 660 2531 716 καὶ
2566 659 2747 715 αὐτῶν
2778 659 3333 730 διαμαρτυρουμένων
3365 656 3463 711 καὶ
3492 657 3699 721 λεγόν-

2087 772 2218 821 των,
2242 754 2326 809 ὅτι
2358 755 2409 807 οἱ
2441 752 2733 807 ἀπόστολοι
2774 751 2954 806 δοῦλοί
2980 750 3090 804 εισι
3117 748 3213 803 τοῦ
3255 747 3417 802 θεοῦ·
3442 749 3549 802 καὶ
3580 765 3698 801 σωο

2088 845 2278 915 τήριόν
2319 845 2437 899 ἐστι
2480 842 2543 897 τὸ
2593 842 2725 914 παρ’
2755 841 2937 898 αὐτῶν
2975 842 3262 913 κήρυγμιν
3298 840 3393 894 καὶ
3424 842 3510 894 ὅτι
3548 840 3697 904 Θεὸς

2088 937 2117 989 6
2155 932 2383 1005 Ἰησοῦς,
2426 933 2488 987 ού
2534 932 2690 1003 ψιλὸς
2722 932 3049 1004 ἄνθρωπος·
3078 930 3244 985 τοῦτο
3292 930 3404 1002 γάρ
3430 941 3454 969 θ
3501 925 3581 1000 ἦν
3633 929 3700 982 τὸ

2091 1028 2353 1099 κήρυγμα
2385 1024 2495 1080 τῶν
2526 1025 2657 1096 περὶ
2696 1024 2860 1079 Σίλαν
2906 1023 3002 1078 καὶ
3034 1022 3251 1077 Παῦλον
3272 1035 3288 1052 ·
3343 1022 3590 1092 ἁρμόζει
3635 1023 3699 1077 δὲ

2089 1115 2232 1169 κατά
2262 1114 2647 1187 Νεστοριανῶν
2680 1116 2778 1170 καὶ
2820 1113 3263 1169 Παυλιανιστῶν.
3299 1115 3433 1167 Ὅτε
3492 1113 3557 1167 δὲ
3608 1113 3697 1167 δι-

2088 1192 2439 1280 εμαρτύρατο
2471 1207 2731 1272 πολλάκις
2756 1208 2785 1260 6
2813 1206 3047 1277 δαίμων,
3078 1206 3246 1262 ὅτιτὸ
3273 1206 3546 1278 κήρυγμα
3575 1206 3697 1260 τῶν

2089 1298 2404 1353 ἀποστόλων
2433 1297 2598 1363 σώζει
2617 1313 2632 1328 ·
2653 1298 2779 1351 τότε
2803 1299 2900 1352 καὶ
2917 1300 2946 1353 6
2970 1299 3185 1361 Παυλος
3206 1291 3464 1363 ἐξέϐαλεν
3493 1297 3694 1352 αὐτόν·

2092 1393 2180 1447 ἵνα
2208 1390 2359 1463 δείξῃ
2414 1393 2527 1456 τοῖς
2550 1390 2579 1431 (ι
2629 1391 2789 1445 αὐτὸν
2822 1390 2941 1461 (sic)
2983 1390 3356 1457 πιστεύουσιν,
3388 1391 3473 1444 ὅτι
3524 1376 3695 1460 ἰσχυ-

2094 1482 2313 1555 ρότερος
2342 1480 2510 1536 αὐτοῦ
2542 1478 2612 1554 ἦν
2641 1492 2666 1522 ο
2714 1483 2824 1545 πᾶς
2854 1480 3077 1547 πιστὸς,
3110 1482 3209 1534 καὶ
3244 1481 3498 1545 ἐξουσίαν
3535 1477 3697 1550 εἶχεν

2088 1573 2164 1637 ὡς
2189 1572 2538 1642 ὑποταγέντα
2559 1570 2712 1644 αὐτῷ
2736 1570 2829 1626 τὸν
2851 1570 3083 1642 δαίμονα
3105 1570 3466 1642 συγχωρῆσαι
3498 1573 3695 1639 μένειν

2090 1665 2187 1718 καὶ
2230 1662 2505 1719 ἀπολῦσαι
2528 1678 2543 1694 ·
2582 1662 2686 1733 δρα
2726 1661 2783 1716 δέ
2818 1659 2938 1725 πῶς
2979 1660 3253 1731 ἐνήργησε
3284 1659 3394 1714 τῶν
3437 1657 3693 1731 Χριστοῦ

2020 1737 2065 1793 Β
2093 1753 2296 1809 δούλων
2322 1756 2352 1809 6
2372 1753 2527 1822 λόγος
2551 1767 2565 1781 ο
2597 1753 2681 1807 ὅτι
2709 1751 2871 1816 εὐθὺς
2897 1750 3014 1822 ἅμα
3036 1753 3104 1822 τῇ
3132 1750 3379 1806 κελεύσει
3408 1751 3597 1806 αὐτῶν
3620 1751 3690 1805 τὰ

2095 1846 2346 1917 δαιμόνια
2374 1845 2544 1918 ἐξῄει.

2171 1956 2190 1991 ι
2220 1937 2696 2009 Παραγγείλαντες
2715 1934 2794 2006 τῷ
2811 1934 3184 2007 δεσμοφύλακι
3208 1934 3473 2004 ἀσφαλῶς
3491 1936 3686 2006 τηρεῖν

2097 2031 2317 2094 αὐτούς.
2353 2047 2372 2081 ι

2166 2122 2329 2175 Ὥστε
2361 2116 2458 2173 οὖν
2501 2118 2705 2182 εἰδότες
2739 2117 2923 2173 αὐτῶν
2955 2118 3055 2190 τὴν
3097 2118 3332 2190 δύναμιν
3364 2117 3684 2189 ἐφρεναπά-

2093 2232 2218 2269 τουν
2247 2213 2473 2276 ἑαυτοὺς
2502 2211 2787 2280 λέγοντες,
2833 2210 2916 2264 ὅτι
2946 2209 3207 2280 ἀσφαλῶς
3245 2210 3447 2273 αὐτοὺς
3480 2212 3645 2281 τηρεῖ
3664 2224 3678 2240 ο

2094 2307 2189 2361 καὶ
2215 2305 2565 2377 ἐμαρτύρουν
2595 2304 2692 2357 καὶ
2722 2302 2901 2370 αὐτοὶ,
2932 2303 3016 2357 ὅτι
3044 2302 3145 2356 οὐκ
3171 2296 3316 2372 ἦσαν
3339 2303 3388 2356 οἱ
3421 2302 3679 2371 τυχόντες

2093 2398 2408 2467 ἄνθρωποι,
2455 2396 2594 2451 ἀλλά
2648 2396 2877 2466 μεγάλοι
2926 2394 3104 2462 τινὲς,
3150 2392 3408 2460 ἐξουσίαν
3460 2394 3680 2466 ἔχοντες

2095 2492 2266 2545 ποιεῖν
2295 2489 2325 2543 δ
2354 2488 2569 2544 θέλουσι
2593 2486 2683 2543 διά
2719 2485 2816 2541 τοῦ
2844 2487 3076 2558 Κυρίου.

2171 2602 2190 2635 ι
2226 2582 2383 2636 Κατά
2406 2581 2463 2635 δὲ
2488 2580 2551 2634 τὸ
2583 2578 2937 2651 μεσονύκτιον
2963 2579 3178 2644 Παῦλος
3199 2580 3297 2634 καὶ
3325 2579 3491 2643 Σίλας
3512 2594 3680 2648 προσ-

2093 2675 2377 2747 ευχόμενοι
2406 2672 2610 2744 ὕμνουν
2634 2670 2727 2724 τὸν
2749 2669 2882 2725 Θεόν
2912 2685 2928 2700 ⁶
2959 2671 3315 2743 ἐπηκροῶντο
3341 2671 3403 2726 δὲ
3426 2669 3609 2723 αὐτῶν
3627 2669 3674 2721 οί

2093 2769 2328 2840 δέσμιοι.
2368 2786 2389 2821 ι

2164 2859 2254 2933 Τῷ
2299 2857 2592 2931 Ψαλμιρδῷ
2618 2858 2933 2930 πειθόμενοι
2976 2858 3195 2926 λέγοντι
3219 2872 3233 2887 ·
3261 2856 3676 2911 Mavortiam!-

2093 2952 2496 3022 ἐξεγειρόμην,
2557 2949 2668 3005 τοῦ
2721 2947 3218 3020 ἐξομολογεῖσθαι
3273 2963 3377 3002 σοι
3429 2946 3675 3001 ἐποίουν

2025 3062 2075 3126 c
2101 3042 2301 3097 τοῦτο.

2173 3153 2192 3185 ‹
2229 3133 2469 3203 Αίτήσας
2494 3131 2557 3187 δέ
2581 3131 2738 3201 φῶτα
2760 3131 3089 3203 είσεπήδησε
3106 3171 3123 3197 ,
3161 3131 3257 3186 καὶ
3285 3128 3543 3200 ἔντρομος
3569 3142 3667 3194 γε·

2096 3224 2318 3295 νόμενος
2372 3224 2683 3295 προσέπεσε
2732 3224 2811 3294 τῷ
2859 3222 3058 3294 Παύλῳ
3105 3223 3199 3276 καὶ
3246 3221 3324 3291 τῷ
3358 3219 3502 3289 Σίλᾳ.
3548 3217 3660 3269 Καὶ

2098 3313 2430 3386 προαγαγὼν
2464 3313 2663 3377 αὐτοὺς
2710 3313 2816 3382 ἔξω
2839 3352 2855 3379 ,
2899 3309 3024 3368 εἷπε
3049 3326 3067 3345 ⁸
3105 3312 3324 3382 Κύριοι,
3374 3308 3428 3362 τί
3463 3309 3544 3362 δεῖ
3589 3323 3660 3377 με

2096 3406 2274 3459 ποιεῖν
2304 3404 2393 3458 ἵνα
2424 3404 2619 3470 σωθῶ;
2658 3423 2679 3457 ι

2164 3493 2337 3550 Πάλιν
2362 3492 2513 3548 ἐνθεν
2538 3493 2653 3549 ἐστι
2683 3495 3056 3566 στοχάσασθαι
3081 3494 3143 3549 τὸ
3182 3491 3531 3558 αὐτεξούσιον
3568 3489 3667 3560 τῆς

2095 3583 2205 3637 τῶν
2226 3583 2531 3650 ἀνθρώπων
2560 3583 2819 3647 πίστεως.
2866 3585 2997 3639 Ἰδοὺ
3028 3585 3139 3655 γὰρ
3165 3582 3422 3638 τοσούτου
3448 3578 3667 3651 γενομέ-

2101 3689 2193 3727 νου
2219 3672 2385 3742 φόσου
2419 3672 2578 3742 μόνος
2603 3671 2632 3724 ὁ
2654 3671 2999 3743 δεσμοφύλαξ
3027 3674 3320 3728 ἐπίστευσε
3343 3689 3357 3702 ·
3395 3672 3573 3727 καίτοι
3602 3685 3665 3737 γε
3732 3692 3739 3695 τ

2095 3763 2202 3818 ἔδει
2246 3764 2481 3834 μάλιστα
2522 3763 2649 3827 τοὺς
2695 3762 2980 3834 δεσμώτας
3009 3763 3029 3803 ί
3085 3763 3380 3834 κινηθῆναι
3426 3762 3562 3833 πρὸς
3606 3759 3667 3811 τὸ

2095 3854 2406 3909 πιστεῦσαι·
2440 3855 2577 3908 ὅπου
2611 3870 2677 3923 γε
2720 3855 2815 3907 καὶ
2841 3854 3087 3918 πλείονος
3134 3853 3544 3925 ἐπειράσθησαν
3571 3850 3664 3918 τῆς

2095 3943 2544 4016 θαυματουργίας
2565 3958 2581 3972 ⁸
2616 3943 2771 4013 ἄφνω
2810 3942 2912 4007 τὰς
2942 3943 3174 4015 σιδηρᾶς
3201 3941 3385 3996 αὐτῶν
3417 3938 3666 4012 χειροπε-

2093 4036 2190 4101 δας
2218 4036 2523 4108 ἑωρακότες
2550 4033 2976 4106 διαρρηχθείσας
3018 4036 3064 4076 8·
3095 4033 3214 4088 ἀλλ’
3245 4032 3446 4103 ἠλίθιοι
3481 4032 3628 4091 ὄντες
3647 4066 3663 4091 ,

2094 4127 2230 4199 πρὸς
2274 4128 2372 4199 μὲν
2402 4127 2463 4181 τὸ
2509 4127 2687 4199 παρὸν
2727 4126 3057 4190 ἐδειλίασαν,
3108 4125 3222 4180 τῶν
3265 4123 3537 4196 θεμελίων
3575 4122 3667 4188 τῆς

2094 4219 2337 4288 φρουρᾶς
2353 4216 2790 4287 ἀνακινηθέντων
2809 4215 2904 4270 καὶ
2923 4214 3032 4269 τῶν
3053 4213 3231 4284 θυρῶν
3254 4208 3628 4283 ἁνεῳχθεισῶν
3650 4221 3666 4238 ·

2095 4308 2506 4380 καταφρονηταὶ
2542 4308 2600 4362 δὲ
2640 4307 2794 4371 ὄντες
2836 4305 2932 4361 τοῦ
2961 4305 3134 4373 Θεοῦ,
3178 4304 3319 4376 μετά
3347 4304 3410 4357 τὸ
3441 4304 3668 4374 πρᾶγμα

417 4378 618 4432 fuerint
644 4380 709 4434 de
743 4389 890 4436 tanto
908 4384 1135 4451 timore;
1168 4399 1289 4438 cum
1315 4391 1463 4440 certe
1481 4398 1574 4439 eos
1604 4385 1934 4454 oportuisset
1958 4401 1987 4440 a

2095 4378 2349 4451 τοσοῦτον
2381 4378 2708 4450 ἐπελάθοντο
2734 4392 2830 4449 τοῦ
2864 4395 3186 4463 γεγονότος,
3228 4392 3372 4445 ὥστε
3403 4390 3543 4461 μηδέ
3570 4390 3662 4442 λα-

416 4470 655 4524 carceris
702 4474 926 4527 custode
964 4482 1059 4526 aut
1104 4488 1132 4525 a
1177 4471 1345 4529 Paulo
1388 4488 1609 4528 causam
1641 4475 1828 4529 audire
1862 4488 1991 4545 pro-

419 4562 573 4633 digii,
608 4574 661 4618 et
689 4565 962 4621 multoties
984 4581 1051 4622 ex
1081 4566 1280 4636 pietate
1335 4569 1501 4624 corde
1546 4570 1852 4641 compungi.
1881 4569 1988 4623 Ar-

326 4716 333 4723 .
416 4654 589 4711 hitror
618 4665 799 4711 autem
842 4671 942 4727 ego
971 4657 1170 4728 aliquid
1208 4657 1312 4714 tale
1360 4658 1560 4714 factum
1623 4658 1792 4715 fuisse
1822 4661 1873 4715 in
1907 4661 1991 4715 in-

417 4750 594 4813 terno,
634 4765 754 4803 cum
819 4750 1080 4807 Dominus
1141 4761 1327 4807 noster
1382 4750 1546 4807 Jesus
1592 4752 1864 4818 Christus,
1897 4754 1987 4808 Dei

414 4838 678 4905 Verbum,
704 4842 811 4897 huc
845 4842 1122 4898 descendit
1148 4853 1359 4912 gustata
1387 4843 1773 4913 aliquantisper
1795 4855 1986 4900 morte.

413 4931 698 4987 Commota
745 4941 868 4987 sunt
918 4932 1263 4988 fundamenta
1300 4943 1494 4999 teme,
1526 4947 1579 4989 et
1614 4937 1985 4992 universorum:

416 5020 591 5079 soluta
624 5033 753 5078 sunt
782 5023 1031 5089 vincula;
1061 5024 1260 5094 quique
1312 5024 1582 5081 Salvatori
1612 5027 1825 5082 obviam
1874 5028 1989 5083 ive-

418 5124 543 5168 runt
572 5124 623 5167 et
652 5113 705 5167 in
735 5131 856 5168 eum
917 5115 1283 5181 crediderunt,
1310 5131 1501 5172 omnes
1526 5119 1657 5172 salvi
1685 5118 1809 5173 facti
1841 5129 1991 5183 sunt,

419 5202 563 5260 sicut
617 5206 852 5260 carceris
911 5216 1099 5263 custos
1148 5218 1202 5262 et
1246 5209 1441 5264 domus
1481 5209 1638 5280 ejus;
1690 5210 1994 5278 quicunque

418 5304 596 5350 autem
623 5312 748 5350 eum
774 5311 879 5350 non
912 5297 1319 5365 invocaverunt,
1366 5315 1541 5372 neque
1571 5302 1896 5357 studuerunt
1931 5304 1995 5356 de

487 5450 509 5483 τ’
547 5449 690 5506 Psal.
716 5466 910 5519 csvm,
943 5453 1033 5533 6i<

376 5564 381 5569 ι
420 5671 437 5685 .
478 5614 521 5685 ιῗ
646 5604 958 5685 (Ξς.τδ,.γάρο
1031 5607 1060 5651 ει
1086 5609 1146 5669 C.
1179 5610 1241 5665 C-
1273 5611 1385 5672 τοῖς
1444 5610 1544 5672 εἰς.

419 5671 447 5714 λ
476 5670 540 5731 C.
566 5672 629 5728 Ω.
658 5674 805 5729 ἄλλος

1664 5621 1685 5648 ⁸
1722 5608 1783 5664 C.
1812 5609 1872 5665 C.
1935 5604 2002 5680 ἦν
2063 5609 2250 5664 αὑτοῦ.

2085 4487 2250 4559 λῆσαι
2291 4487 2371 4558 τῷ
2413 4487 2783 4559 δεσμοφύλακι
2814 4488 2849 4558 ἢ
2897 4487 3041 4557 ἀλλῳ
3073 4486 3103 4526 h
3128 4486 3237 4539 nvi.
3264 4485 3359 4538 τὸν
3398 4481 3661 4553 γεγονότα

2083 4576 2255 4647 ῖρόὸον
2287 4592 2302 4608 ·
2330 4574 2366 4650 ἧ
2406 4578 2517 4649 γὰρ
2563 4578 2631 4633 ἂν
2671 4577 2908 4649 ἤμελλον
2934 4576 3039 4630 ὑπὸ
3070 4577 3167 4630 τοῦ
3195 4573 3607 4645 δεσμοφύλακος
3632 4568 3662 4639 ἦ

2089 4668 2196 4721 ὑπὸ
2218 4668 2327 4721 τῶν
2353 4667 2479 4739 περὶ
2503 4667 2712 4722 Παῦλον
2744 4668 2976 4721 ἀκοῦσαι
3002 4666 3062 4720 τδ
3086 4666 3259 4719 αἴτιον
3291 4664 3393 4734 τῆς
3420 4662 3655 4732 θαυματ-

2090 4758 2339 4827 ουργὶας,
2388 4755 2482 4809 καὶ⁵
2527 4755 2791 4819 πολλάκις
2819 4755 3196 4824 κατανυγῆναι
3224 4754 3304 4816 είς
3334 4750 3660 4805 θεοσέϐειαν.

2109 4847 2379 4917 Ἠγοῦμαι
2405 4846 2460 4900 δὲ
2487 4846 2581 4900 καί
2610 4863 2663 4898 τι
2690 4844 2931 4898 τοιοῦτον
2959 4843 3293 4914 γεγενῆσθαι
3321 4841 3415 4895 καὶ
3436 4842 3495 4893 ἐν
3521 4841 3662 4913 ᾅδου.

2096 4939 2239 4992 κατὰ
2270 4940 2363 4991 τὸν
2391 4939 2582 5011 καιρὸν
2612 4939 2819 4991 ἐκεῖνον
2854 4937 2979 4990 καθ’
3006 4937 3066 4989 δν
3097 4935 3368 5005 κατῆλθεν
3407 4936 3436 4987 6
3467 4934 3665 5004 Κύριος

2097 5029 2256 5099 ἡμῶν
2288 5029 2495 5102 Ἰησοῦς
2521 5031 2779 5101 Ἰἰριστὸς,
2806 5030 2834 5082 6
2857 5028 2951 5083 τοῦ
2985 5028 3119 5082 Θεοῦ
3140 5027 3311 5095 Λόγος
3334 5026 3509 5090 κάτω,
3536 5023 3664 5095 1:96;

2097 5121 2275 5189 ὀλίγον
2312 5121 2405 5175 τοῦ
2451 5122 2681 5176 θανάτου
2710 5120 3049 5191 γευσάμενος
3070 5136 3084 5149 ·
3124 5120 3218 5172 καὶ
3250 5117 3578 5186 ἐσείσθησαν
3602 5115 3663 5166 τὰ

2098 5211 2325 5281 θεμέλια
2359 5215 2460 5285 τῆς
2508 5214 2612 5284 γῆς
2633 5255 2648 5280 ,
2679 5216 2774 5268 καὶ
2815 5213 3034 5266 πάντων
3063 5209 3135 5264 τὰ
3160 5208 3336 5280 δεσμὰ
3379 5207 3661 5278 ἐλύθησαν’

2098 5303 2193 5357 καὶ
2222 5304 2336 5359 ὅσοι
2380 5304 2478 5377 μὲν
2506 5305 2883 5377 προσέδραμον
2923 5303 3002 5374 τῷ
3034 5301 3249 5372 Σωτῆρι
3294 5300 3386 5354 καὶ
3418 5298 3663 5354 ἐπίστευ-

2361 5609 2381 5651 ί
2410 5612 2471 5666 C.
2504 5610 2563 5666 C.
2598 5610 2878 5682 δεσμότας.
2997 5612 3024 5653 ⁸
3054 5609 3116 5666 C.
3143 5608 3206 5665 C.
3234 5605 3656 5680 διαῤῥηχθήσας.
