4068 6126
329 326 464 398 ιῦἓί

1234 335 1700 397 FARGMENTA
1739 335 1821 395 IN
1860 335 2049 396 ACTA
2086 336 2667 399 APOSTOLORUM.
2704 305 2709 322 ’

3459 341 3597 408 1562

326 455 428 492 σαν
460 439 540 501 εἰς
572 438 753 504 αὐτὸν,
804 438 1109 510 ἐσώθησαν,
1139 441 1215 505 ὡς
1253 443 1281 495 ό
1321 441 1669 512 δεσμοφύλαξ
1716 441 1810 495 καὶ
1856 443 1905 495 οί

2015 441 2313 498 incredibili
2347 445 2608 501 miraculo
2643 445 2989 516 investigare,
3027 446 3060 500 ii
3084 462 3276 503 omnes
3300 448 3351 502 in
3384 450 3596 505 inferno

324 528 492 582 αὐτοῦ
527 545 540 558 ·
579 531 773 584 ὅσοιδέ
821 532 1441 603 ἀποπροσεποιήσαντοί
1477 534 1589 590 καὶ,
1632 535 1733 587 οὐκ
1776 535 1906 587 άντ-

325 622 658 691 εποιήσαντο
680 617 696 670 i
734 621 830 674 τοῦ
855 622 1380 693 πολυπραγμονῆσαι
1404 625 1465 677 τὸ
1488 623 1789 696 παράδοξον
1813 623 1906 678 τοῦ

328 710 630 780 θαύματος,
665 705 1058 783 οὗτοιίέμειναν
1080 715 1240 769 πάλιν
1293 716 1351 766 ἐν
1377 715 1527 786 ᾅδου·
1573 715 1764 786 ὥσπερ
1795 717 1905 787 γὰρ

326 801 380 853 οἱ
415 803 542 872 περὶ
569 803 782 857 Παῦλον
821 803 1044 874 ἐξῆλθον
1089 804 1453 869 ἀπολυθέντες
1499 807 1574 860 ἔω
1617 808 1643 846 Ιι
1676 808 1784 861 ἀπὸ
1809 805 1908 878 τῆς

329 892 600 963 φυλακῆς,
629 893 771 948 οὕτω
794 895 889 948 καὶ
915 896 944 947 ό
964 895 1197 966 Χριστὸς
1223 895 1442 970 ἔννυχος
1471 897 1489 936 1
1517 899 1727 970 πρωῖας
1754 898 1909 952 ἀνελ-

329 979 442 1034 θὼν
457 982 562 1035 ἀπὸ
587 983 679 1036 τοῦ
703 983 885 1054 uoce,“
910 984 1004 1039 καὶ
1025 985 1334 1052 ἀπολυθεὶς,
1363 987 1448 1054 (οὐ
1473 989 1582 1058 γὰρ
1605 984 1672 1060 ἦν
1694 998 1722 1026 η
1746 989 1909 1042 αὐτὸν

330 1073 480 1136 εἰκὸς
500 1115 513 1136 ,
543 1073 675 1127 Θεὸν
701 1076 848 1143 ὄντα,
881 1076 1196 1147 κρατεῖσθαι
1220 1077 1326 1130 ὑπὸ
1363 1078 1458 1132 τοῦ
1474 1078 1763 1148 θανάτου),
1815 1080 1909 1133 άν-

330 1164 484 1236 έστη,
522 1167 614 1219 καὶ
665 1167 941 1238 συντυχὼν
987 1171 1102 1232 τοῖς
1143 1173 1356 1234 πιστοῖς
1401 1169 1568 1225 αὐτοῦ
1616 1171 1906 1242 μαθηταῖς,

330 1257 424 1309 καὶ
452 1259 571 1318 ταῖς
608 1259 737 1327 περὶ
769 1258 988 1329 Μαρίαν
1013 1261 1262 1329 γυναιξὶν
1293 1263 1350 1315 ἐν
1383 1261 1644 1333 πρώτοις,
1675 1263 1772 1316 καὶ
1801 1279 1908 1316 πα·-

332 1347 644 1418 ρακαλέσας
678 1349 873 1413 αὐτοὺς
914 1352 1007 1404 καὶ
1045 1337 1476 1424 παραθαρσύνας
1514 1354 1648 1424 πρὸς
1681 1354 1780 1425 τὴν
1821 1354 1909 1408 πί-

331 1455 472 1500 στιν,
509 1438 602 1490 καὶ
620 1438 795 1507 λέγων
822 1455 836 1470 ·
873 1441 1180 1509 Θαρσεῖτε,
1199 1443 1474 1514 ἀνελήφθη
1507 1445 1586 1506 είς
1617 1443 1906 1514 οὐρανοὺς,

330 1529 454 1599 ἐνδη
466 1531 645 1600 μήσας
677 1531 813 1604 πρὸς
839 1531 932 1584 τὸν
968 1533 1190 1603 Πατέρα
1215 1534 1409 1587 ἑαυτοῦ
1445 1534 1534 1588 τὸν
1565 1533 1697 1588 Θεόν
1723 1549 1738 1564 ⁸
1766 1533 1908 1588 οὕτω

328 1619 443 1691 γὰρ
475 1623 570 1673 καὶ
601 1622 649 1675 οί
681 1622 808 1692 περὶ
833 1622 994 1676 Σίλαν
1031 1623 1340 1689 ἐξελθόντες
1369 1624 1474 1678 ἀπὸ
1508 1625 1601 1678 τοῦ
1630 1624 1909 1695 δεσμωτη-

329 1709 489 1776 ρίου,
535 1711 630 1762 καὶ
674 1710 1030 1781 συντυχόντες
1061 1714 1182 1774 ταῖς
1223 1711 1356 1783 περὶ
1397 1712 1620 1779 Λυδίαν,
1663 1712 1759 1766 καὶ
1795 1715 1907 1776 τοῖς

2011 545 2414 594 remanserunt.
2461 536 2926 603 Quemadmodum
2963 538 3185 601 Paulus,
3226 539 3418 594 solutis
3471 541 3594 594 vin-

2008 626 2169 692 culis,
2195 642 2653 684 maneecarcere
2709 629 2902 695 exivit,
2946 629 3018 682 ita
3081 630 3330 686 Christus
3387 647 3596 685 summo

2009 732 2168 773 mane
2207 733 2274 772 ex
2323 718 2536 774 inferno
2570 729 2850 774 revertens
2902 730 2957 774 et
3008 722 3219 775 solutus
3248 761 3263 783 ,
3308 736 3414 774 non
3449 721 3590 774 enim

2009 808 2230 863 decebat
2261 822 2404 874 eum,
2438 816 2623 876 utpote
2679 809 2873 875 Deum,
2925 817 3100 863 morte
3145 809 3428 878 superari,
3480 824 3596 862 sur-

2010 901 2172 965 rexit,
2201 908 2256 955 et
2287 899 2534 954 ﬁdelibus
2581 899 2862 970 discipulis
2894 900 3030 966 suis,
3063 911 3118 954 et
3146 900 3331 954 Maria:
3366 901 3596 969 primum

2009 1006 2298 1063 apparens,
2327 1007 2422 1047 eos
2451 993 2766 1047 consolatus
2789 1002 2893 1060 est,
2930 1001 2984 1047 et
3010 993 3353 1049 conﬁrmavit
3385 994 3436 1046 in
3473 992 3596 1056 ﬁde,

2014 1095 2070 1140 et
2118 1083 2354 1140 dicens:
2396 1083 2585 1140 Fortes
2641 1093 2827 1152 estote,
2889 1094 3198 1154 assumptus
3251 1093 3337 1139 est
3398 1085 3450 1138 in
3485 1099 3600 1138 cce—
3703 1113 3706 1116 —

2011 1174 2117 1230 lntn
2142 1215 2158 1241 ,
2187 1177 2254 1232 ad
2287 1177 2449 1231 Deum
2482 1176 2700 1232 Patrem
2741 1193 2896 1233 suum
2931 1193 2988 1233 se
3018 1177 3305 1246 recipiens.
3336 1174 3601 1230 Similiter

2009 1266 2208 1321 Paulus
2237 1277 2291 1322 et
2321 1267 2462 1323 Silas
2489 1281 2521 1323 θ
2543 1282 2766 1324 carcere
2806 1277 3071 1323 exeuntes
3099 1307 3114 1333 ,
3147 1277 3200 1321 et
3223 1265 3388 1337 Lydia
3417 1265 3599 1320 fratri-

2009 1357 2217 1428 busque
2239 1357 2631 1428 visis,profeeti
2653 1366 2799 1414 sunt.
2829 1357 3132 1414 Notandum
3169 1365 3254 1413 est
3309 1365 3490 1412 autem
3526 1356 3602 1410 εἰς

2011 1463 2082 1503 ne
2113 1447 2219 1503 ﬁde
2251 1447 2306 1502 in
2333 1446 2608 1503 Christum
2655 1447 2990 1517 impossibile
3053 1461 3176 1502 esse
3207 1445 3417 1500 salvum
3449 1445 3598 1509 ﬁeri,

2009 1551 2109 1592 nec
2132 1544 2362 1602 castum,
2395 1549 2496 1591 nec
2528 1535 2786 1590 humilem
2822 1575 2836 1600 ,
2894 1549 2995 1590 nec
3063 1543 3403 1588 mansuetum
3429 1571 3445 1596 ,
3501 1543 3602 1584 nec

2009 1625 2051 1680 si
2088 1639 2250 1695 quem
2303 1623 2452 1679 dicas
2513 1637 2890 1692 quamcunque
2946 1623 3240 1686 virtutem,
3303 1619 3598 1675 secundum

2010 1715 2559 1784 pseudophilosophos
2591 1723 2645 1770 et
2670 1713 2886 1770 Judaeos
2908 1713 3349 1783 amplectentem.
3413 1695 3416 1700 ’

326 1805 543 1866 πιστοῖς
585 1803 836 1872 ἀδελφοῖς
860 1842 874 1867 ,
916 1804 1302 1876 ἀπεδήμησαν.
1346 1805 1691 1876 Σημειωτέον
1741 1805 1798 1859 δέ
1831 1805 1913 1860 ὄτι
1948 1805 2078 1861 ἄνευ
2104 1805 2200 1860 τοῦ
2229 1807 2519 1861 πιστεῦσαι
2578 1808 2657 1870 εἰς
2712 1806 2804 1860 τὸν
2846 1805 3075 1878 Ἰησοῦν,
3123 1803 3386 1859 ἀδύνατον
3421 1798 3602 1870 σωθῆ-

323 1910 449 1947 ναι’
481 1894 587 1948 κᾶν
619 1893 851 1964 σώφρων
873 1911 957 1957 τις
980 1890 1038 1968 ᾖ,
1072 1894 1176 1948 κᾶν
1206 1895 1483 1960 κενόδοξος
1505 1903 1552 1961 ο,
1585 1897 1689 1950 κᾶν
1710 1895 1911 1968 πραῢς,
1951 1899 2056 1952 κᾶν
2088 1899 2193 1953 εῐτι
2227 1899 2428 1970 δήποτε
2485 1887 2674 1968 ἕτερον
2700 1908 2728 1949 P
2780 1896 2943 1969 εἴπῃς
3000 1896 3204 1968 ἀρετῆς
3251 1893 3510 1964 ἐχόμενον
3537 1901 3564 1940 (ι
3584 1932 3600 1958 ,

320 1983 416 2038 διὰ
444 1986 570 2048 τοὺς
597 1985 1090 2054 ψευδοφιλοσόφους
1116 1987 1211 2042 καὶ
1241 1988 1370 2051 τοὺς
1401 1987 1716 2051 Ἰουδαίους.

408 2099 427 2134 ι
465 2080 576 2135 Καὶ
607 2080 875 2150 ἐλάλησαν
909 2081 1058 2152 αὐτῷ
1094 2083 1188 2138 τὸν
1220 2082 1379 2152 λόγον
1413 2082 1507 2137 τοῦ
1538 2083 1770 2155 Κυρίου,
1804 2087 1902 2140 σὺν

2076 2089 2244 2147 Vns.
2284 2091 2378 2146 52.
2410 2109 2428 2142 ι
2462 2091 2526 2145 Et
2556 2089 2717 2145 locuti
2747 2096 2875 2143 sunt
2901 2085 2952 2141 ei
2980 2084 3205 2141 verbum
3228 2081 3460 2146 Domini,
3481 2093 3601 2135 cum

321 2172 466 2226 πᾶσι
499 2174 611 2235 τοῖς
638 2173 694 2224 ἐν
721 2174 784 2242 τῇ
817 2173 967 2241 οἰκίᾳ
999 2173 1186 2227 αὐτοῦ.
1227 2191 1246 2225 ›

414 2262 542 2314 Ἰδοὺ
587 2263 748 2315 πάλιν
802 2262 900 2315 xui.
944 2255 1046 2314 ὧδε
1098 2262 1477 2331 προλαμϐάνει
1527 2264 1561 2334 ἡ
1611 2265 1916 2338 κατήχησις

317 2353 388 2407 τὸ
421 2353 722 2423 βάπτισμαο
756 2352 848 2407 διὰ
903 2352 995 2406 τὸν
1032 2352 1240 2406 τέλειον
1273 2353 1476 2425 ἄνδρα,
1510 2354 1743 2427 Ἕλληνα
1787 2358 1916 2412 ὅντα

319 2443 423 2497 καὶ
448 2443 554 2510 ἔξω
589 2444 802 2514 έχοντα,
835 2445 938 2498 οὐκ
968 2444 1172 2512 ὀφείλει
1210 2443 1498 2514 βαπτίζειν
1528 2462 1634 2511 τις,
1666 2448 1726 2500 ἐν
1756 2440 1800 2515 ᾧ
1840 2447 1914 2520 μὴ

316 2532 550 2588 δύναται
589 2533 822 2587 ἀκοῦσαι
848 2535 1008 2603 λόγον
1057 2535 1430 2606 κατηχητικὺν
1479 2537 1577 2590 καὶ
1616 2538 1914 2605 καταδέξα-

321 2624 493 2688 σθαι,
532 2625 770 2694 μάλιστα
814 2626 866 2678 εί
919 2625 1194 2696 μηδέποτε
1243 2627 1460 2699 ἐμυήθη
1504 2627 1680 2696 λόγων
1729 2629 1912 2683 θείωψ

322 2717 497 2786 βλέπε
523 2717 580 2770 δὲ
607 2718 688 2770 ὅτι
722 2717 811 2772 διὰ
838 2717 937 2789 τὴν
963 2719 1210 2789 ἀνάγκην
1244 2719 1407 2784 εὐθὺς
1439 2720 1579 2788 μετὰ
1621 2720 1720 2792 τήν
1779 2737 1913 2774 κατ-

315 2804 528 2876 ήχησιν
559 2805 970 2876 ἐπηκολούθησε
991 2807 1054 2859 τὸ
1090 2807 1374 2878 βάπτισμα
1405 2824 1419 2838 ·
1441 2808 1560 2872 δέος
1586 2808 1696 2879 γὰρ
1715 2804 1804 2880 ἦν,
1840 2809 1915 2881 μὴ

321 2897 656 2967 διωχθέντος
685 2899 780 2952 τοῦ
828 2898 1127 2969 δυναμένου
1183 2887 1482 2970 βαπτίσαι,
1517 2901 1679 2971 μείνῃ
1714 2887 1914 2971 ἀμέτοα

323 3007 426 3060 χος
467 2991 565 3059 τῆς
604 2990 748 3060 ζωῆς
786 2991 814 3042 ὁ
852 2990 1208 3062 βουλόμενος,
1250 2993 1341 3045 διὰ
1390 2993 1453 3046 τὸ
1507 2992 1584 3063 μὴ
1635 2987 1777 3045 εἶναι
1823 2991 1916 3045 τὸν

321 3098 492 3134 τουτο
530 3098 814 3136 ποιουντα.

409 3190 427 3223 ι
480 3171 816 3237 Ἐξελθόντες
849 3174 907 3228 δὲ
940 3177 1004 3228 ἐκ
1039 3175 1140 3245 τῆς
1182 3175 1428 3246 φυλακῆς
1467 3177 1719 3249 εἰσῆλθον
1772 3177 1912 3248 πρὸς

319 3265 431 3335 τὴν
449 3264 650 3317 Λυδίαν
672 3281 684 3293 ·
707 3265 802 3317 καὶ
836 3265 1034 3328 ἰδόντες
1058 3265 1185 3329 τοὺς
1211 3267 1496 3335 ἀδελφοὺς,
1528 3267 1914 3340 παρεκάλεσαν

320 3353 550 3420 αὐτοὺς,
589 3357 683 3408 καὶ
713 3356 959 3425 ἐξῆλθον.
1013 3374 1030 3408 ι

2017 2183 2272 2238 omnibus
2311 2183 2400 2251 qui
2433 2191 2591 2236 erant
2618 2181 2669 2234 in
2705 2183 2868 2234 domo
2900 2177 3040 2246 ejus.
3083 2194 3102 2227 ι

2086 2274 2228 2328 Ecce
2261 2273 2350 2328 bic
2372 2273 2536 2327 etiam
2589 2269 2890 2326 catecbesis
2931 2267 3258 2338 baptismum
3311 2262 3600 2332 praecedit;

2017 2366 2199 2434 itaque
2216 2365 2389 2419 virum
2414 2363 2702 2426 Gentilem,
2721 2364 3068 2432 quantumvis
3090 2356 3420 2428 perfectum,
3444 2367 3604 2407 nemo

2017 2458 2178 2512 debet
2225 2455 2526 2525 baptizare,
2571 2456 2616 2507 si
2653 2468 2756 2506 non
2815 2449 2988 2520 potuit
3017 2447 3345 2503 catechesim
3392 2444 3603 2505 audire,

2016 2548 2320 2618 praesertim
2352 2547 2398 2602 si
2435 2545 2672 2601 nondum
2705 2541 2907 2599 divinis
2934 2541 3116 2597 verbis
3147 2538 3312 2594 fuerit
3335 2537 3600 2591 initiatus.

2015 2639 2151 2696 Vide
2174 2648 2378 2704 autem,
2416 2644 2640 2707 propter
2673 2633 3073 2698 necessitatem,
3107 2630 3433 2700 baptismum
3477 2637 3606 2681 sta—

2018 2731 2111 2786 tim
2171 2728 2443 2784 eatecbesi
2497 2726 2908 2791 succedentem;
2946 2721 3296 2778 metuendum
3368 2732 3605 2788 namque

2016 2827 2137 2876 erat
2213 2834 2304 2885 ne,
2335 2833 2460 2874 cum
2501 2830 2625 2872 eum
2657 2822 3116 2886 persequerentur
3179 2812 3270 2882 qui
3326 2809 3606 2880 baptizare

2016 2919 2248 2984 poterat,
2302 2910 2428 2966 vitae
2491 2923 2685 2980 expers
2731 2915 3016 2970 maneret,
3081 2903 3348 2975 baptizari
3391 2902 3601 2964 volens,

2018 3019 2124 3060 non
2148 3011 2327 3059 autem
2350 3002 2557 3058 habens
2581 3001 2966 3071 baptizantem.

2087 3176 2370 3232 VsnsJO.
2412 3193 2431 3226 ι
2471 3175 2744 3229 Exeuntes
2790 3179 2970 3226 autem
3012 3169 3078 3224 de
3121 3180 3343 3222 carcere
3368 3206 3383 3230 ,
3435 3164 3605 3217 intro-

2025 3271 2208 3326 ierunt
2231 3270 2297 3323 ad
2326 3267 2549 3337 Lydiam
2581 3274 2670 3321 :et
2701 3265 2834 3320 visis
2859 3241 3118 3318 fratribus
3174 3259 3435 3330 consolati
3479 3263 3605 3309 sunt

2017 3376 2136 3425 eos,
2158 3370 2212 3414 et
2241 3359 2468 3429 profecti
2506 3366 2654 3413 sunt.
2693 3376 2712 3408 ι

408 3449 470 3500 Ὢ
524 3449 696 3517 πόσην
745 3443 891 3517 εἶχον
943 3447 1176 3516 ἀτυφίαν
1234 3446 1332 3500 καὶ
1379 3446 1634 3518 άγάπηνί
1681 3449 1764 3502 ὅτι
1812 3448 1911 3503 οὐκ

2088 3453 2359 3522 Oquanta
2410 3452 2490 3505 eis
2550 3459 2669 3504 erat
2727 3446 2992 3503 modestia
3045 3450 3099 3499 et
3149 3435 3440 3497 charitasi
3499 3433 3603 3502 Qui

321 3539 509 3602 ἄλλως
541 3539 833 3608 ἠνέσχοντο
871 3538 1216 3608 ἐκδημῆσαι,
1264 3538 1362 3590 καὶ
1406 3539 1581 3592 ταῦτα
1615 3540 1770 3610 παρὰ
1805 3541 1913 3595 τῶν

325 3631 660 3700 στρατηγῶν
692 3629 1218 3700 κατασπευδόμενοι,
1267 3629 1316 3680 εἰ
1370 3629 1446 3700 μὴ
1476 3629 1728 3699 εἰσῆλθον
1775 3632 1914 3700 πρὸς

324 3723 433 3792 τὴν
462 3720 655 3790 εὐτελῆ
685 3723 923 3790 γυναῖκα
947 3719 1040 3772 καὶ
1069 3719 1198 3781 τοὺς
1231 3718 1484 3785 λοιποὺς,
1515 3719 1610 3782 οὒς
1640 3719 1735 3773 καὶ
1760 3721 1915 3774 ἀδελ-

323 3815 469 3886 φοὺς
503 3815 755 3881 ἐκάλουν,
787 3813 882 3866 καὶ
910 3811 1270 3875 συνετάξαντο
1295 3811 1481 3873 αὐτοῖς
1511 3820 1557 3865 ι’.

927 3946 1178 4002 ΚΕΦΑΛ.
1211 3947 1310 3999 IZ'.

408 4082 427 4114 ι
476 4061 828 4132 Ζηλώσαντες
877 4059 934 4112 δέ
1003 4059 1290 4124 Ἰουδαῖοι,
1341 4058 1436 4112 καὶ
1483 4056 1915 4128 προσλαϐόμενοι

323 4156 442 4210 τῶν
472 4153 749 4225 ἀγοραίων
773 4151 972 4220 ἄνδρας
999 4150 1152 4213 τινὰς
1181 4150 1475 4221 πονηροὺς,
1499 4151 1594 4204 καὶ
1623 4148 1913 4220 ὀχλοποιή-

329 4263 546 4310 σαντες,
576 4243 865 4314 ἐθορύϐουν
893 4242 992 4313 τὴν
1028 4242 1201 4297 πόλιν.
1243 4260 1263 4294 ι

406 4335 596 4391 Διττοῦ
638 4336 788 4397 ϐντος
816 4332 911 4386 τοῦ
961 4333 1127 4404 ζήλου
1154 4374 1168 4400 ,
1208 4334 1299 4387 τὸν
1337 4333 1556 4404 χείρονα
1591 4329 1914 4402 ἐπετήδευον

347 4427 596 4482 Ἰουδαῖοι
621 4441 633 4453 ·
661 4425 821 4495 ζῆλον
851 4418 945 4477 οῦν
976 4417 1079 4478 ὧδε
1108 4424 1199 4476 τὸν
1229 4422 1422 4491 φθόνον
1453 4421 1629 4476 καλεῖ.

418 4538 435 4567 ι
474 4519 583 4571 Καὶ
610 4511 758 4570 οὗτοι
787 4516 989 4580 πάντες
1021 4516 1283 4569 ἀπέναντι
1318 4514 1429 4567 τῶν
1458 4511 1744 4582 δογμάτων
1771 4510 1914 4564 Καί-

341 4628 506 4681 σαρος
554 4610 895 4681 πράσσουσι,
935 4607 1159 4677 βασιλέα
1205 4605 1394 4676 ἕτερον
1435 4603 1688 4671 λέγοντες
1735 4595 1910 4664 εἶναι,

351 4702 578 4771 Ἰησοῦν.
635 4699 935 4772 Ἐτάραξαν
963 4699 1020 4752 δὲ
1047 4699 1138 4750 τὸν
1173 4696 1330 4768 ὄχλον
1370 4696 1465 4749 καὶ
1496 4695 1621 4758 τοὺς
1653 4691 1914 4764 πολιτάρ-

339 4810 439 4862 χας
468 4793 766 4853 ἀκούοντας
792 4790 986 4844 ταῦτα.
1027 4808 1045 4840 ι

410 4883 566 4937 Ούτω
611 4883 708 4952 μὲν
745 4889 766 4918 ⁸
815 4882 910 4935 καὶ
944 4882 994 4933 oi
1032 4879 1236 4933 τούτων
1270 4877 1510 4946 πατέρες
1562 4877 1911 4946 κατηγόρουν

339 4975 432 5027 τοῦ
470 4975 664 5046 Ἰησοῦ,
694 4975 944 5042 λέγοντες
965 4973 1047 5026 ὅτι
1080 4971 1304 5042 βασιλέα
1327 4969 1518 5022 ἐαυτὸν
1545 4967 1738 5020 καλεῖ·
1774 4965 1915 5035 πλὴν

347 5065 566 5127 ἐκεῖνοι,
608 5065 707 5118 κᾶν
736 5061 882 5134 εϊχόν
925 5082 1046 5116 τινα
1077 5062 1220 5116 κατὰ
1248 5061 1308 5114 τὸ
1351 5061 1679 5130 φαινόμενον
1708 5058 1920 5112 εὐαπά-

347 5171 513 5224 τητον
566 5156 744 5222 λόγον,
794 5156 928 5208 διότι
958 5155 1050 5225 ἔζη
1086 5156 1114 5206 ό
1149 5153 1659 5222 κατηγορούμενος,
1711 5145 1858 5205 οὗτοι
1902 5151 1918 5186 ι

345 5248 507 5300 ποίαν
553 5243 698 5317 εἶχον
727 5246 1013 5314 ἀποφυγὴν
1057 5245 1150 5297 τοῦ
1198 5245 1431 5313 ψεύδους
1454 5283 1469 5307 ,
1505 5243 1760 5311 λέγοντες
1787 5283 1800 5305 ,
1837 5242 1918 5296 ὅτι

354 5337 565 5404 Ἰησοῦν
609 5337 1037 5410 καταγγέλλουσι
1065 5347 1092 5375 ιι
1125 5335 1351 5404 βασιλέα
1373 5373 1387 5399 ,
1420 5334 1515 5387 τὸν
1554 5336 1677 5388 κατ’
1718 5333 1916 5397 αὐτοὺς

421 5517 434 5554 ί
476 5515 536 5568 C.
596 5513 656 5567 C.
704 5513 911 5581 ἀπεπρ.
977 5507 1008 5581 ii
1052 5509 1111 5560 (Ἰ.
1144 5511 1604 5580 Οὰντεποίησαν.

339 5651 894 5720 ctumsupplevimus.

341 5714 558 5784 αὐτούς.
581 5714 592 5719 ”
617 5714 655 5759 ἐ
690 5721 748 5777 C.
781 5720 839 5774 (Σ.
1049 5721 1066 5752 τ
1107 5720 1256 5774 (1.0.
1290 5717 1432 5773 οὗτοι
1461 5721 1534 5773 δέ.

1713 5511 1736 5548 ιι
1769 5511 1829 5564 C.
1861 5508 1922 5562 C.
1954 5507 2144 5560 ἕωθεν.

338 5591 364 5618 τ’
399 5583 452 5636 ltt
491 5598 658 5652 marg.
701 5575 940 5634 ahSt'iSSa
976 5580 1082 5652 leg.
1126 5582 1249 5652 add.
1279 5597 1384 5652 rec.
1416 5575 1486 5634 m'.
1518 5587 1568 5652 νσ¹
1599 5581 1771 5649 ἕννυχ’
1809 5597 1911 5652 ρωι

2015 5577 2112 5628 ελθ¹
2145 5576 2205 5628 τὸ
2226 5576 2320 5628 τοῦ
2351 5575 2474 5628 ἂδου
2509 5575 2700 5652 καὶητος

985 5657 1005 5677 ⁶
1029 5640 1109 5701 ἶὶ.
1141 5651 1200 5702 (1.
1231 5650 1323 5700 καὶ
1365 5651 1575 5705 ἀκενόδ.
1656 5662 1682 5700 Ρ
1712 5640 1770 5702 (ἶ.
1803 5640 1863 5702 (ἒ.
1897 5648 2097 5717 δήποτε
2123 5647 2217 5700 οῦν
2247 5646 2454 5714 ἕτερον.
2535 5654 2562 5697 τι
2588 5643 2646 5697 C.
2679 5642 2738 5694 Ο.
2773 5640 3030 5712 ἐχόμενον
3062 5640 3282 5709 αρετῆς,

1617 5731 1640 5758 ε
1678 5724 1734 5775 (3.
1771 5720 1831 5774 (1.
1869 5717 2298 5786 καταγγέλλωσι.

2015 3541 2285 3612 proﬁcisci
2341 3539 2650 3601 noluerunt,
2701 3537 2886 3592 liceta
2935 3531 3342 3605 magistratibus
3369 3524 3602 3588 dimissi,

2016 3632 2146 3700 quin
2203 3631 2518 3686 introissent
2555 3630 2621 3682 ad
2664 3627 2950 3698 ignobilem
2993 3625 3272 3679 mulierem
3302 3628 3357 3675 et
3381 3618 3448 3672 ad
3469 3615 3604 3669 alios

2016 3734 2151 3789 quos
2203 3719 2400 3774 fratres
2451 3717 2830 3786 appellabant,
2857 3725 2912 3772 et
2959 3714 3142 3771 se'eis
3182 3725 3340 3782 pares
3378 3705 3602 3764 effecis-

2017 3821 2160 3869 sent.

2621 3937 2774 3994 CAP.
2801 3934 2966 3991 XVII.

2094 4052 2262 4107 Vsus.
2297 4050 2388 4105 l5.
2424 4069 2442 4101 ι
2470 4047 2719 4104 Zeiantes
2769 4055 2948 4103 autem
2984 4043 3180 4112 Judaei,
3240 4049 3605 4097 assumentes-

2017 4159 2123 4216 que
2154 4145 2220 4199 de
2250 4142 2409 4213 vulgo
2450 4141 2597 4195 viros
2635 4139 2899 4208 quosdam
2932 4136 3124 4201 malos,
3158 4144 3212 4192 et.
3241 4135 3398 4190 turba
3432 4132 3601 4200 facta,

2015 4233 2430 4290 concitaverunt
2459 4231 2754 4286 civitatem.
2794 4247 2815 4281 ι
2850 4235 2857 4242 ‘

2089 4324 2294 4392 Duplex
2331 4322 2478 4378 zelus
2517 4337 2532 4376 :
2577 4321 2816 4391 peiorem
2876 4327 3179 4387 sequuntur
3224 4315 3396 4372 Judaei
3431 4332 3600 4383 ;nam

2017 4417 2106 4472 bic
2131 4429 2228 4485 pro
2263 4414 2462 4470 invidia
2487 4413 2638 4469 zelus
2665 4412 2880 4468 dicitur.

2094 4507 2259 4563 Vens.
2281 4506 2333 4571 7,
2367 4505 2422 4561 8.
2458 4523 2476 4558 ι
2522 4505 2588 4560 Hi
2646 4519 2836 4560 omnes
2863 4511 3054 4560 contra
3110 4502 3323 4557 decreta
3370 4500 3600 4556 Caesaris

2020 4602 2244 4666 faciunt,
2268 4613 2451 4668 regem
2486 4598 2648 4652 alium
2674 4597 2918 4652 dicentes
2939 4609 3060 4650 esse
3104 4593 3309 4649 Jesum.
3353 4591 3603 4647 Concita-

2018 4703 2218 4749 verunt
2245 4699 2427 4748 autem
2453 4691 2666 4763 plebem
2693 4697 2748 4745 et
2768 4688 3039 4758 principes
3061 4684 3297 4740 civitatis
3317 4683 3601 4738 audientes

1944 4780 1988 4834 Ι)
2019 4788 2156 4841 haec.
2198 4803 2216 4836 ι

2084 4873 2286 4929 Eodem
2322 4872 2480 4928 modo
2507 4869 2688 4926 Jesum
2715 4875 2898 4938 patres
2925 4881 3111 4923 eorum
3143 4864 3596 4928 criminabantur,

2016 4965 2262 5019 dicentes
2315 4977 2438 5016 eum
2464 4975 2524 5016 se
2561 4974 2738 5029 regem
2773 4958 2995 5024 facere;
3035 4957 3126 5025 qui
3188 4956 3382 5009 saltem
3449 4953 3599 5007 vide-

2023 5056 2221 5111 bantur
2254 5051 2610 5122 probabiliter
2639 5050 2837 5119 deeipi,
2857 5063 2922 5103 eo
2939 5048 3081 5117 quod
3114 5047 3318 5100 viveret
3345 5044 3599 5098 crimina-

2024 5159 2150 5214 tus;
2179 5146 2298 5200 istis
2329 5155 2507 5198 autem
2543 5143 2810 5212 quodnam
2863 5141 3114 5195 falsitatis
3169 5139 3444 5207 effugium,
3476 5152 3594 5190 cum

2029 5241 2218 5294 dicunt
2265 5237 2426 5288 istum
2455 5234 2734 5304 praedicari
2802 5247 3006 5301 regem,
3042 5245 3200 5298 quem
3227 5229 3325 5298 ipsi
3378 5227 3591 5282 occide—
3692 5223 3706 5228 ’

2036 5337 2160 5383 runt
2186 5317 2427 5381 ?Vivens
2451 5326 2664 5394 quidem
2698 5340 2831 5379 sane
2860 5331 3000 5388 erat,
3023 5323 3116 5376 sed
3150 5336 3252 5373 non
3277 5317 3592 5390 apparebat;

2259 5503 2364 5559 lC.
2397 5505 2436 5558 (1
2491 5503 2573 5556 Κύ
2621 5520 2696 5564 to;
2717 5502 2954 5570 ἕννυγον.
3055 5507 3092 5534 ω
3121 5498 3182 5550 (Σ.
3227 5495 3292 5550 C.
3339 5495 3396 5562 ἐξ
3442 5493 3590 5565 ᾅδου.

2261 5576 2320 5624 οῦ
2351 5575 2474 5624 ἂδου
2509 5521 2610 5624 xu?
2633 5558 2875 5624 τολυθεὶέ
2906 5570 2964 5621 οὐ
3004 5568 3113 5624 γὰρ
3143 5564 3230 5624 ἦν.
3266 5565 3402 5618 Hinc
3445 5563 3590 5616 defe-

2633 5563 2875 5632 τόλυθεὶξ
2906 5570 2964 5621 ού
3004 5568 3113 5639 γὰρ
3143 5564 3230 5635 ἦν.
3266 5565 3402 5618 Hinc
3445 5563 3594 5616 defe-

2635 5683 2646 5689 -
2679 5642 2738 5689 ('1.
2773 5640 3030 5689 évduavov
3062 5636 3282 5689 ἀρετῆς.
3364 5637 3413 5674 ἰ’
3441 5630 3505 5689 C.
3527 5631 3590 5686 C.
