4068 6126
528 374 667 441 1563

1678 357 2016 421 AMMONII
2053 350 2589 417 ALEXANDRINI

3652 337 3680 399 1
3691 335 3808 400 5ίέ4

525 504 628 544 nec
678 491 896 557 propter
938 495 1058 536 eum
1119 492 1216 534 cur
1272 478 1574 539 timerent,
1626 473 1890 526 habebant
1945 483 2095 540 reges

2201 463 2561 519 αποθανόντα·
2581 459 2700 530 ἦτοι
2726 457 2908 524 ζῶντα
2942 456 3061 526 μὲν,
3087 452 3149 507 οὔ
3175 449 3636 557 φαιώμεζοεέδα
3666 466 3737 501 πε
3748 452 3803 557 ,9:

406 564 409 565 7
524 591 706 642 terrae,
740 591 861 631 eum
917 590 1021 628 non
1072 572 1318 626 videntes
1367 565 1633 623 omnino:
1681 564 1868 619 deliria
1934 562 2097 632 igitur

524 671 953 726 criminationes.
1010 663 1389 718 Verumtamen
1445 673 1606 713 nosse
1673 654 1929 710 credendi
1967 661 2095 707 sunt

524 758 779 831 apostoli,
813 772 959 821 eutn,
997 753 1224 816 scilicet,
1250 751 1351 806 etsi
1399 765 1505 804 non
1554 756 1867 817 appareret,
1916 744 2094 815 reipsa

523 866 704 923 regem
727 864 866 915 esse,
892 847 1045 919 cujus
1067 845 1218 916 regni
1247 860 1355 899 non
1391 841 1490 897 erit
1525 840 1671 910 ﬁnis.

597 1118 763 1176 Vsus.
795 1118 881 1183 ii),
910 1116 995 1171 Η.
1031 1135 1051 1168 ι
1076 1114 1178 1183 Qui
1212 1128 1334 1168 cum
1360 1111 1656 1179 venissent,
1681 1110 1733 1166 in
1767 1123 2096 1182 synagogam

520 1211 830 1272 .lndzeorum
891 1207 1238 1263 introierunt.
1267 1203 1333 1258 Hi
1371 1212 1555 1258 autem
1600 1211 1757 1259 erant
1799 1201 2096 1256 nobiliores

521 1320 709 1359 eorum
737 1302 827 1371 qui
859 1309 985 1355 sunt
1008 1298 1431 1354 Thessalonicae.
1460 1314 1479 1348 ι

596 1395 709 1450 Hoc
754 1393 983 1464 angebat
1013 1389 1248 1456 Iudaeos,
1283 1390 1426 1444 sicut
1489 1402 1654 1459 supra
1713 1386 1913 1442 dictum
1965 1395 2092 1442 est:

523 1484 802 1539 mulierum
878 1481 1200 1536 nobiliarum
1259 1496 1453 1550 magna
1494 1478 1804 1535 multitudo.
1859 1477 2095 1533 Ditiores

523 1577 669 1631 enim
701 1575 958 1630 mulieres
1019 1589 1205 1630 secum
1261 1572 1460 1628 habere
1512 1571 1765 1626 volebant
1785 1571 1851 1625 ad
1886 1570 2095 1624 lucrum

522 1683 591 1723 ex
619 1669 699 1722 eis
725 1668 1066 1736 capiendum,
1099 1666 1317 1735 quando
1354 1663 1594 1718 avaritiae
1645 1672 1701 1716 et
1736 1663 1817 1717 sui
1851 1663 2094 1731 ipsorum

521 1774 700 1824 amor,
732 1774 824 1813 seu
847 1760 1035 1827 potius
1060 1758 1295 1823 daamon,
1324 1772 1418 1811 eos
1470 1756 1688 1810 tenebat
1717 1772 1732 1820 ;
1775 1755 1916 1809 unde
1933 1754 2095 1810 satis-

521 1852 756 1908 factione
781 1864 1002 1922 accepta
1029 1849 1285 1907 Iasonem
1312 1859 1365 1905 et
1391 1859 1620 1905 caeteros
1645 1849 1993 1903 dimiserunt.

608 2050 626 2082 ι
656 2030 757 2098 Qui
788 2037 1148 2098 susceperunt
1180 2028 1404 2084 verbum
1454 2043 1577 2083 cum
1625 2026 1771 2081 omni
1820 2026 2102 2090 aviditate,

518 2122 764 2192 quintidie
822 2130 1127 2177 scrutantes
1160 2121 1493 2191 Scripturas,
1523 2120 1570 2175 si
1597 2120 1711 2174 haec
1740 2118 1816 2173 ita
1847 2133 1907 2174 se
1938 2118 2103 2173 habe-

519 2224 662 2269 rent.
687 2234 706 2267 ι

593 2305 707 2360 Non
731 2316 787 2357 ut
807 2304 1071 2360 increduli
1104 2304 1509 2376 investigabant
1535 2347 1550 2370 ,
1587 2303 1855 2373 siquidem
1873 2302 2096 2374 jamjam

520 2397 883 2459 crediderant,
915 2397 1009 2450 sed
1038 2405 1095 2450 ttt
1127 2397 1301 2467 ignari
1331 2398 1567 2466 antiquae
1598 2396 1980 2464 prophetarum
2013 2395 2102 2448 do-

518 2487 707 2541 ctrina:
732 2504 745 2540 :
769 2486 847 2541 vel
879 2488 1054 2556 p0tius
1073 2503 1138 2542 eo
1169 2488 1339 2558 magis
1355 2487 1649 2541 credebant
1666 2486 1829 2556 quod,
1854 2484 2069 2555 Scriptu
2087 2513 2102 2526 -

520 2591 611 2629 ras
641 2586 966 2641 scrutantes,
994 2586 1233 2632 veterum
1264 2579 1649 2647 prophetarum
1681 2578 1839 2631 dictis
1871 2591 2101 2632 consen-

520 2667 625 2721 tire
661 2669 1041 2724 incarnationis
1066 2669 1275 2724 Domini
1329 2669 1768 2725 circumstantias
1831 2669 2095 2723 viderent.

605 2923 770 2983 Vens.
807 2928 893 2983 14.
932 2948 951 2981 ι
975 2927 1453 3002 Statimque~tunc
1501 2931 1725 2985 Paulum
1774 2932 2099 2987 dimiserunt

522 3014 720 3071 fratres
749 3031 805 3072 nt
834 3021 934 3074 iret
966 3036 1137 3089 usque
1167 3023 1236 3076 ad
1278 3037 1429 3077 mare
1458 3041 1474 3078 :
1515 3022 1657 3078 Silas
1714 3033 1894 3079 autem
1918 3032 1974 3079 et
1997 3022 2095 3079 Ti-

522 3108 771 3161 motheus
804 3122 1182 3166 remanserunt
1212 3113 1305 3167 ibi.
1333 3132 1353 3166 ι

593 3199 761 3255 Paulo
791 3194 933 3256 enim
958 3202 1076 3272 plus
1103 3219 1264 3272 quam
1288 3206 1409 3261 aliis
1430 3207 1795 3273 adhaerebant,
1827 3210 1949 3276 quia
1979 3210 2096 3279 ipse

521 3298 640 3343 erat
662 3292 764 3343 dux
796 3290 969 3355 verbi,
997 3301 1055 3345 ut
1076 3306 1236 3362 supra
1270 3294 1552 3349 manifeste
1582 3295 1912 3351 declaratum
1965 3308 2048 3353 est
2078 3317 2093 3354 :

520 3394 645 3432 nam
681 3394 743 3433 ex
770 3379 978 3452 Lystris
1008 3384 1240 3452 gentiles
1285 3399 1407 3439 eum
1450 3387 1718 3441 vocabant
1747 3386 2094 3457 Mercurium,

523 3467 648 3534 quia
688 3470 819 3538 ipse,
851 3472 1045 3541 inquit,
1076 3474 1317 3527 eratdua:
1339 3475 1517 3538 verbi;
1556 3491 1664 3545 quo
1704 3486 1884 3532 autem
1918 3480 2096 3537 minus

523 3559 754 3613 remisse
781 3571 987 3630 ageret,
1015 3577 1081 3618 eo
1103 3564 1274 3633 magis
1302 3578 1426 3620 eum
1449 3566 1682 3623 oderant
1707 3566 1900 3626 Judaei.

609 3817 773 3878 Vnus.
809 3823 897 3878 16.
931 3842 950 3877 ι
976 3822 1176 3881 Paulus
1194 3836 1372 3883 autem
1406 3843 1526 3885 cum
1553 3830 1783 3889 Athenis
1809 3847 1904 3891 eos
1935 3850 2099 3907 expe-

519 3925 717 3980 maret,
750 3917 1076 3973 incitabatur
1100 3920 1324 3989 spiritus
1354 3919 1474 3989 eius
1508 3922 1561 3976 in
1598 3923 1734 3992 ipso,
1757 3924 1946 3982 videns
1976 3927 2095 3983 ido-

519 4006 748 4061 lolatriae
776 4008 1013 4062 deditam
1042 4010 1344 4067 civitatem.
1386 4031 1405 4065 ι
1574 4066 1577 4069 η

526 4110 533 4118 ’
591 4099 1033 4155 Contristabatur
1062 4102 1254 4157 videns
1289 4102 1614 4160 idololatria:
1642 4106 1879 4162 deditam
1904 4108 2097 4164 civita-

524 4199 656 4254 tem,
685 4199 741 4244 et
783 4191 1114 4248 incitabatur
1142 4194 1211 4249 ad
1256 4195 1585 4265 loquendum
1615 4199 1682 4253 ad
1713 4214 1807 4255 eos
1827 4237 1844 4265 ,
1907 4216 2008 4255 nec
2037 4216 2096 4258 se

523 4282 805 4367 continere
834 4294 1047 4352 poterat
1072 4304 1088 4353 ;
1120 4286 1215 4341 sed
1243 4286 1556 4357 disputabat
1578 4306 1697 4345 cum
1731 4290 1798 4345 iis
1826 4293 1916 4360 qui
1953 4295 2094 4361 apud

523 4373 885 4431 Athenienses
938 4378 1213 4445 sapientes
1263 4394 1388 4435 esse
1437 4381 1783 4447 videbantur,
1826 4382 1878 4436 in
1907 4385 2095 4454 primis

521 4479 653 4520 vero
672 4481 791 4521 cum
825 4468 1128 4537 Epicureis,
1155 4470 1246 4539 qui
1271 4473 1451 4525 omnia
1473 4487 1593 4528 esse
1621 4473 1842 4528 fortuita
1868 4484 2093 4530 conten-

521 4557 725 4612 debant
750 4575 766 4626 ;
796 4560 848 4612 in
885 4575 1022 4629 quos
1068 4562 1370 4631 praesertim
1409 4563 1714 4617 orationem
1760 4565 2090 4633 intendebat,

527 4649 739 4715 dicens,
770 4662 1055 4720 postquam
1083 4667 1247 4706 unum
1280 4654 1445 4707 Deum
1478 4668 1598 4709 esse
1623 4655 1876 4711 omnibus
1908 4657 2090 4711 colen-

518 4743 647 4794 dum
673 4745 1057 4812 przedicaverat
1084 4744 1263 4800 :Dans
1291 4730 1529 4800 omnib’us
1547 4749 1703 4800 vitam
1722 4757 1770 4801 et
1787 4749 2092 4817 inspiratio-

515 4832 913 4898 nem,deﬁniens
937 4844 1136 4888 statuta
1160 4844 1414 4904 tempora,
1434 4845 1481 4889 et
1505 4841 1753 4891 terminos
1801 4838 2090 4891 habitatio-

522 4921 604 4973 nis
637 4937 840 4989 eorum,
870 4924 949 4978 sic
986 4926 1280 4981 omendens
1312 4925 1480 4980 Deum
1506 4928 1756 4983 omnibus
1786 4928 2089 4998 providere.

587 5190 749 5247 Vens.
768 5191 886 5247 99.:
900 5191 1080 5249 Genus
1104 5208 1233 5265 ergo
1256 5209 1379 5248 cum
1396 5193 1565 5249 simus
1585 5192 1698 5257 Dei,
1717 5210 1820 5248 non
1839 5196 2095 5250 debemus

519 5286 794 5338 testimare
846 5301 997 5346 auro,
1026 5294 1118 5339 aut
1165 5293 1410 5353 argento,
1440 5294 1534 5338 aut
1587 5285 2091 5355 lapidi,st-nlpturae

521 5372 657 5427 artis
679 5381 733 5427 et
763 5376 1105 5444 COgitationis
1148 5374 1400 5440 hominis,
1424 5375 1660 5430 divinum
1686 5390 1806 5429 esse
1834 5375 2029 5431 simile.
2063 5394 2083 5428 ι
2131 5447 2138 5462 Ι

593 5575 639 5607 ⁸⁸
664 5575 791 5647 Act.
825 5592 960 5640 ινιι,
988 5576 1080 5632 25.

588 5697 620 5759 Υ
643 5689 704 5742 C.
732 5690 794 5759 [ἶ.
820 5686 889 5759 ἦν
918 5691 1122 5753 αὐτοῖς.

521 5757 663 5826 ὁρῶν
700 5756 882 5810 οὖσαν.
961 5770 985 5798 ε
1012 5759 1075 5813 C.
1105 5762 1161 5815 (ἐ.
1203 5756 1530 5834 συζητήσηξ.
1606 5762 1633 5803 ἀ
1666 5766 1723 5820 (ἑ.
1759 5764 1820 5817 ’1,1.
1857 5765 2071 5818 ἑαυτοῦ.

1200 5700 1225 5728 κ
1346 5693 1406 5766 Cr.
1434 5693 1796 5766 xep6dvmsw.
1867 5703 1897 5741 γ
1924 5693 1985 5747 C.
2104 5694 2305 5759 αὐτοῖς.

2197 548 2259 608 οῦ
2294 552 2551 606 οὐδέποτε
2578 545 2725 619 εἶχον
2756 548 2806 599 oi
2830 546 2921 598 ἐπὶ
2943 544 3045 614 γῆς
3071 542 3313 612 βασιλεῖς
3342 536 3688 608 φοϐηθῆναι,
3726 536 3801 605 μὴ

2196 647 2434 719 ὁρῶντες
2478 643 2643 697 αὑτὸν
2676 639 2811 704 ὅλως
2844 637 3206 709 φαινόμενον*
3238 633 3405 702 λῆρος
3433 627 3530 684 οὖν
3555 631 3631 719 τὰ
3658 631 3794 700 παρ’

2199 718 2377 795 αύτῶν
2409 732 2863 806 κατηγορούμενα
2884 745 2898 759 ·
2925 727 3040 782 ἀλλ’
3075 726 3151 789 ὡς
3182 723 3332 777 ἔοικε
3360 721 3424 775 τὸ
3447 718 3660 789 ἀληθὶς
3691 732 3801 787 κη-

2199 833 2491 904 ρύσσοντες
2524 826 2745 899 ᾔδεισαν
2765 839 2779 854 ⁸
2815 822 2899 877 δτι
2924 821 2974 874 εί
3002 819 3097 873 καὶ
3130 814 3344 885 ἀφανὴς
3369 810 3436 885 ἦν
3458 822 3509 878 τ,
3544 811 3668 867 ἀλλ’
3703 809 3801 864 οῦν

2198 926 2368 988 δντως
2401 921 2654 994 βασιλεὺς
2688 914 2757 991 ἦν
2777 935 2793 951 ·
2832 915 2932 971 καὶ
2960 913 3070 983 τῆς
3093 910 3419 977 βασιλείας
3445 907 3647 963 αὑτοῦ
3680 907 3797 960 οὐκ

2199 1020 2371 1073 ἔσται
2403 1014 2603 1080 τέλος.

2276 1130 2293 1161 ι
2332 1108 2542 1171 Οἴτινες
2580 1100 3040 1173 παραγενόμενοι,
3078 1097 3159 1159 είς
3186 1094 3288 1165 τὴν
3314 1090 3646 1162 συναγωγὴν
3684 1089 3801 1143 τῶν

2214 1200 2484 1254 Ἰουδαίων
2512 1196 2783 1268 ἀπῄεσαν.
2814 1185 2977 1246 Οῦτοι
3008 1189 3068 1242 δὲ
3088 1182 3232 1258 ἦσαν
3266 1183 3661 1255 εὐγενέστεροι
3684 1182 3799 1235 τῶν

2199 1294 2257 1346 ἐν
2290 1288 2682 1361 Θεσσαλονίκῃ.
2715 1304 2736 1339 ι

2270 1380 2440 1434 Τοῦτο
2461 1378 2572 1448 γὰρ
2596 1377 2786 1430 ἔδακνε
2805 1373 2931 1435 τοὺς
2969 1368 3260 1431 Ἰουδαίους
3284 1364 3472 1428 καθὼς
3494 1364 3597 1418 καὶ
3617 1362 3799 1417 ὀπίσω

2199 1472 2335 1544 φησί
2357 1488 2373 1504 ·
2411 1466 2729 1525 Γυναικῶν
2747 1483 2811 1521 te
2839 1463 2960 1520 τῶν
2978 1462 3225 1531 πρώτων
3253 1459 3492 1526 πλῆθος
3516 1458 3641 1511 οὐκ
3664 1456 3794 1509 ὀλί-

2196 1580 2305 1633 γον
2323 1581 2336 1595 ο
2357 1561 2550 1633 ήθελον
2576 1561 2685 1633 γὰρ
2714 1558 2861 1629 ἔχειν
2892 1554 3013 1626 μεθ’
3038 1551 3250 1607 ἑαυτῶν
3269 1550 3369 1614 τὰς
3397 1547 3674 1609 πλουσίας
3696 1562 3796 1614 τυσ

2198 1653 2414 1716 ναῖκας,
2456 1650 2544 1704 ἵνα
2586 1646 2996 1719 κερδαίνωσινι
3032 1640 3095 1707 ἐξ
3124 1639 3326 1694 αὐτῶν·
3357 1639 3456 1692 καὶ
3479 1636 3597 1707 γὰρ
3628 1639 3661 1689 ὁ
3693 1638 3795 1705 τῆς

2199 1741 2639 1815 φιλοχρηματίας
2674 1740 2768 1793 καὶ
2802 1734 3205 1806 αῦταρεσκείας
3243 1731 3385 1803 ἔρως
3411 1730 3537 1799 ἦτοι
3577 1729 3797 1798 δαίμων

2131 1827 2178 1887 Β
2204 1838 2426 1906 ἐπεῖχεν
2458 1833 2658 1895 αὐτούς
2685 1839 2734 1880 γ·
2761 1830 2842 1883 διδ
2878 1829 2975 1883 καὶ
3003 1825 3262 1887 λαϐόντες
3291 1823 3557 1895 χρήματα
3586 1820 3797 1875 ἀπέλυ-

2211 1944 2311 1982 σαν
2334 1926 2427 1980 τδν
2473 1925 2697 1978 Ἱάσωνα
2731 1921 2827 1974 καὶ
2853 1921 2981 1980 τοὺς
3007 1914 3254 1977 λοιπούς.

2283 2039 2302 2071 ι
2339 2018 2551 2079 Οῖτινες
2582 2012 2832 2077 ἐδέξαντο
2866 2010 2960 2063 τὸν
2989 2008 3146 2076 λόγον
3184 2004 3324 2076 μετὰ
3359 2003 3544 2073 πάσης
3588 2000 3795 2070 «poliu-

2209 2110 2337 2181 μίας
2353 2151 2369 2177 ,
2395 2107 2518 2162 καθ’
2537 2105 2750 2177 ἡμέραν
2778 2100 3161 2171 ἀνακρίνοντες
3186 2096 3288 2160 τὰς
3313 2094 3568 2166 Γραφὰς,
3603 2095 3655 2146 εί
3679 2092 3793 2161 ἔχει

2205 2201 2377 2256 ταῦτα
2409 2198 2602 2261 οῦτως.
2642 2214 2661 2248 ι

2278 2291 2390 2360 Οὐχ
2430 2288 2505 2351 ὡς
2531 2290 2751 2342 ἄπιστοι
2780 2281 3074 2351 ἀνεζήτουν
3096 2296 3112 2311 ο
3143 2277 3249 2348 ἢδη
3287 2276 3402 2359 γὰρ
3433 2270 3579 2346 ἦσαν
3628 2289 3795 2327 πεπι-

2207 2358 2525 2443 στευκότες·
2578 2376 2694 2431 ἀλλ’
2726 2376 2804 2439 ὡς
2842 2374 3063 2444 ἄμοιροι
3095 2371 3198 2441 τῆς
3223 2369 3335 2422 τῶν
3364 2358 3624 2421 παλαιῶν
3655 2382 3792 2434 προ·-

2205 2472 2391 2544 φητῶν
2420 2470 2802 2543 παραδόσεως*
2854 2467 3061 2532 δπουγε
3106 2462 3311 2532 μᾶλλον
3341 2460 3432 2514 διὰ
3458 2459 3659 2513 τούτου
3702 2474 3795 2509 m-

2206 2566 2450 2636 στότεροι
2481 2562 2723 2632 ἐγίνοντο
2743 2600 2758 2625 ,
2791 2557 3123 2628 ἐρευνῶντες
3152 2554 3251 2617 τὰς
3280 2552 3530 2623 Γραφὰς,
3561 2551 3661 2604 καὶ
3700 2550 3788 2601 εὑ-

2205 2658 2489 2730 ρίσκοντες
2518 2656 2633 2717 τοῖς
2671 2651 2779 2706 τῶν
2821 2648 3071 2702 παλαιῶν
3105 2643 3409 2717 προφητῶν
3441 2643 3623 2710 λόγοις
3667 2658 3792 2730 συν-

2200 2729 2392 2819 ᾴδοντα
2414 2744 2484 2798 τὰ
2509 2760 2575 2797 πε
2585 2744 2638 2814 pi.
2664 2740 2764 2811 τῆς
2788 2739 3030 2810 ὲνσάρκα
3055 2745 3080 2774 ²
3101 2733 3200 2789 τοῦ
3230 2732 3444 2806 Κυρίου
3472 2729 3787 2800 οἰκονομίας

2201 2839 2531 2911 πράγματα.

2274 2948 2293 2981 ι
2325 2928 2543 2990 Εὐθέως
2566 2926 2623 2979 δὲ
2651 2923 2744 2978 τόν
2774 2938 2835 2975 τε
2874 2919 3091 2974 Παῦλον
3131 2913 3530 2981 ἐξαπέστειλαν
3558 2915 3609 2966 oi
3638 2912 3791 2966 ἀδελ-

2200 3020 2290 3091 φοὶ
2318 3019 2649 3090 πορεύεσθαι
2677 3014 2753 3078 ὡς
2784 3014 2878 3067 ἐπὶ
2905 3015 3006 3082 τὴν
3030 3010 3307 3065 Θάλασσαν
3329 3024 3343 3038 ⁸
3369 3007 3645 3076 ὑπέμενόν
3681 3022 3743 3057 τε
3762 3002 3791 3055 δ

2199 3130 2259 3165 τε
2288 3111 2447 3175 Σίλας
2468 3109 2566 3163 καὶ
2597 3109 2626 3162 δ
2654 3106 2917 3177 Τιμόθεος
2944 3105 3084 3158 ἐκεῖ.
3125 3121 3145 3155 ι

2270 3202 2360 3271 Τῷ
2388 3201 2497 3272 γὰρ
2530 3197 2727 3268 Παύλῳ
2757 3196 2959 3265 ὲνεϊχον
2993 3193 3194 3265 μᾶλλον
3237 3191 3385 3261 ἢπερ
3408 3191 3522 3250 τοῖς
3542 3187 3736 3249 ἄλλοις
3770 3199 3788 3216 ο

2195 3293 2332 3345 διότι
2361 3290 2525 3351 αὐτὸς
2549 3283 2618 3359 ἦν
2644 3288 2674 3340 δ
2703 3285 2799 3340 τοῦ
2828 3284 2991 3352 λόγου
3022 3280 3360 3352 καθηγητής·
3387 3277 3463 3340 ὡς
3484 3277 3581 3329 καὶ
3596 3275 3798 3330 ὀπίσω

2195 3383 2352 3438 τοῦτο
2381 3379 2566 3449 σαφῶς
2600 3375 2840 3449 ἐδηλώθη
2867 3392 2880 3407 θ
2912 3374 2970 3427 οῐ
2999 3391 3063 3427 τε
3085 3372 3191 3427 ἀπὸ
3224 3369 3327 3423 τῶν
3356 3365 3527 3420 ἐθνῶν
3574 3368 3634 3419 ὲν
3672 3367 3795 3419 Δύο

2197 3490 2379 3544 στροις
2400 3485 2429 3514 α
2479 3471 2710 3524 ἐκάλουν
2767 3468 2929 3522 αὐτὸν
2966 3466 3177 3537 Ἑρμῆν
3197 3478 3211 3492 ’
3238 3459 3429 3525 Αὐτὸς
3479 3457 3595 3527 γὰρ
3626 3453 3721 3527 ἦν
3752 3458 3784 3511 ὃ

2195 3566 2529 3635 ἡγούμενος
2552 3561 2658 3616 τοῦ
2682 3560 2889 3629 λόγον,
2919 3557 3085 3629 φησίν
3124 3570 3143 3588 ο
3169 3556 3283 3622 ὅσῳ
3299 3552 3359 3606 δὲ
3380 3551 3546 3614 αὐτὸς
3573 3549 3677 3601 οὐκ
3702 3549 3789 3600 ιν-

2195 3656 2389 3719 εδίδου,
2438 3652 2694 3707 τοσοῦτον
2740 3649 2951 3720 ἐγίνετο
3005 3648 3069 3703 τὸ
3112 3647 3235 3701 κατ’
3276 3641 3444 3698 αὐτοῦ
3475 3641 3631 3713 παρὰ
3676 3639 3786 3694 τῶν

2208 3745 2482 3800 Ἰουδαίων
2520 3746 2700 3814 μῖσος.
2785 3748 2799 3759 ⁴

2270 3855 2290 3888 ‹
2340 3837 2430 3891 Ἐν
2476 3836 2534 3889 δὲ
2577 3838 2698 3899 ταῖς
2747 3834 3006 3905 Ἀθήναις
3044 3829 3413 3901 ἐκδεχομένου
3443 3826 3644 3891 αὐτοὺς
3687 3822 3783 3879 τοῦ

2195 3925 2450 3991 Παύλου,
2505 3925 2860 3995 παρωξύνετο
2910 3922 2971 3976 τὸ
3016 3921 3239 3991 πνεῦμα
3270 3919 3438 3972 αὐτοῦ
3489 3920 3550 3972 ὲν
3596 3914 3777 3985 αὐτῷ,

2197 4016 2531 4086 θεωροῦντος
2563 4015 2890 4069 κατείδωλον
2914 4007 3081 4067 οὖσαν
3108 4012 3210 4083 τήν
3240 4010 3422 4064 πόλιν.
3454 4026 3475 4060 ι
3790 4079 3794 4082 ⁴

2279 4107 2560 4160 Ἑλυπεϊτο
2587 4106 2730 4176 ὀρῶν
2759 4105 2789 4146 Β
2824 4102 3152 4159 κατείδωλον
3193 4100 3297 4173 τὴν
3336 4101 3493 4155 πόλιν
3547 4097 3649 4154 καὶ
3701 4098 3777 4151 δι-

2194 4197 2478 4269 ηρεθίζετο
2504 4196 2686 4249 λαλεῖν
2715 4196 2852 4266 πρὸς
2876 4193 3095 4258 αὐτοὺς,
3117 4193 3215 4247 καὶ
3248 4193 3351 4246 οὐκ
3376 4189 3616 4262 ἠδύνατο
3648 4205 3778 4259 καρ-

2192 4291 2371 4359 τερεῖν
2420 4289 2512 4341 ἐπὶ
2547 4288 2740 4358 τούτῳ·
2778 4287 2912 4341 ἀλλὰ
2951 4287 3045 4340 καὶ⁵
3098 4286 3434 4357 συζητήσεις
3468 4294 3494 4323 ε
3543 4283 3779 4337 ἐποιεῖτο

2197 4378 2337 4450 μετὰ
2381 4377 2489 4430 τῶν
2541 4376 2845 4430 δοκούντων
2895 4373 3035 4429 εἶναι
3084 4374 3242 4446 παρὰ
3290 4376 3408 4437 τοῖς
3472 4372 3775 4443 Ἀθηναίοις

2197 4468 2397 4539 σοφῶν,
2447 4467 2682 4537 μάλιστα
2707 4468 2843 4538 μετὰ
2876 4466 2991 4520 τῶν
3014 4465 3434 4537 Ἐπικουρείων,
3458 4464 3570 4519 τῶν
3600 4466 3774 4534 ἀπρο-

2197 4560 2367 4631 νόητα
2406 4560 2676 4628 λεγόντων
2720 4556 2858 4614 εἶναι
2889 4558 2957 4613 τὰ
2991 4559 3168 4613 πάντα
3188 4575 3205 4591 ⁸
3230 4558 3370 4629 πρὸς
3412 4556 3511 4620 οῦς
3542 4557 3774 4627 μάλιστα

2196 4650 2288 4703 τὸν
2324 4648 2483 4718 λόγον
2512 4651 2953 4720 ἀποτεινόμενος,
2991 4650 3050 4702 ὲν
3078 4650 3144 4720 τῇ
3174 4646 3342 4702 αὐτοῦ
3369 4646 3399 4686 τι
3428 4646 3771 4715 διδασκαλίᾳ,

2201 4740 2341 4809 μετὰ
2366 4739 2428 4793 τὸ
2454 4739 2690 4810 κηρύξαι
2727 4741 2789 4793 τὸ
2830 4738 3009 4793 σέϐειν
3049 4739 3149 4792 ἕνα
3178 4739 3313 4792 Θεὸν
3345 4741 3463 4802 τοῖς
3495 4739 3692 4800 πᾶσιν,
3722 4738 3773 4788 ὲν

2196 4825 2279 4893 οἷς
2308 4847 2477 4901 φησι*
2507 4831 2702 4895 Αὐτὸς
2746 4829 2954 4895 διδοὺς
3005 4829 3157 4884 πᾶσι
3194 4829 3347 4897 ζωὴν
3390 4828 3492 4883 καὶ
3544 4829 3771 4896 πνοὴν,

2189 4922 2401 4988 ὁρίσας
2431 4920 2988 4990 προστεταγμένους
3033 4922 3313 4991 καιροὺς.
3369 4920 3467 4975 καὶ
3502 4920 3616 4987 τὰς
3651 4924 3773 4989 ὀροι

2191 5010 2400 5076 declat;
2435 5008 2874 5078 tﬁc'xaromlac
2898 5009 3116 5078 αὐτῶν,
3148 5010 3364 5073 δεικνὺς
3384 5008 3483 5062 τοῦ
3508 5007 3651 5063 Θεοῦ
3680 5008 3772 5079 τὴν

2193 5100 2484 5170 πρόνοιαν.

2270 5208 2290 5243 ι
2327 5191 2491 5254 Γένος
2514 5185 2608 5245 οὖν
2647 5191 2985 5262 ὑπάρχοντες
3015 5190 3113 5244 τοῦ
3142 5189 3302 5254 Θεοῦ,
3337 5192 3441 5243 οὐκ
3469 5190 3763 5260 ὀφείλομεν

2193 5281 2462 5350 νομίζειν,
2492 5280 2676 5353 χρυσῷ
2704 5281 2737 5351 ἢ
2769 5283 3020 5353 ἀργυρίῳ
3046 5281 3078 5351 ἢ
3111 5280 3266 5351 λίθῳ,
3298 5280 3628 5352 χαράγματι
3683 5279 3769 5332 τέο

2196 5391 2337 5446 χνης
2391 5374 2487 5428 καὶ
2548 5373 2899 5444 ἐνθυμήσεως
2935 5371 3225 5444 ἀνθρώπου
3246 5411 3260 5436 ,
3313 5373 3379 5426 τὸ
3405 5372 3568 5427 Θσῐον
3630 5366 3768 5427 εἶναι

2193 5466 2398 5535 ὅμοιον.
2416 5484 2439 5519 τ

2390 5704 2412 5732 ⁸
2443 5694 2504 5753 (ξ.
2532 5695 2592 5752 C.
2625 5696 2910 5765 ἑνσάρκου.
2990 5705 3013 5733 ι
3039 5691 3099 5748 C.
3137 5691 3199 5746 (Σ.
3238 5691 3463 5755 λύπαις,
3544 5691 3575 5734 δ
3609 5689 3669 5748 C.
3694 5688 3750 5745 ϐ.
