4068 6126
245 381 380 447 1565

1147 377 1242 436 FB
1254 372 1613 435 AGMENTA
1651 371 1735 432 ΙΝ
1774 370 1964 453 ACTA
2000 366 2577 430 APOSTOLORUM.

3360 360 3497 427 1566

308 489 620 562 Σημείωσαι
645 489 729 544 ὅτι
755 489 817 543 οὐ
846 488 1073 543 δύναται
1102 485 1229 550 νοῦς
1249 482 1542 554 ἀνθρώπου
1575 481 1812 537 καταλα-

1991 480 2163 536 Docet‘
2201 495 2306 533 non
2339 493 2497 547 posse
2531 485 2764 532 mentem
2811 475 3047 529 hominis
3077 474 3284 542 Deum,‘
3327 475 3491 531 sicuti

239 584 357 638 ϐεἷν
385 582 479 635 τὸν
502 581 659 647 Θεὸν,
692 580 768 644 ὡς
793 578 911 634 ἔστι
940 580 1103 649 φύσει
1135 588 1186 611 ⁸·
1221 578 1318 631 καὶ
1343 577 1468 639 τοὺς
1497 575 1749 645 λέγοντες
1790 572 1810 614 ί

239 673 712 743 ἀνθρωπόμορφον
751 669 813 726 τὸ
843 669 1022 734 Θεῖον,
1074 669 1157 722 δεῖ
1186 664 1566 736 ἐπιστομίζειν
1611 665 1677 718 ὲκ
1704 663 1816 717 τῶν

241 762 622 834 προκειμένων
657 759 869 832 ῥητῶν
903 762 953 813 εἰ
986 759 1095 828 γὰρ
1120 756 1345 810 δύναται
1367 752 1653 825 ἄνθρωπος
1680 751 1820 806 πλά-

243 871 354 917 σαι,
390 850 734 923 ἢγλύψαι,ἢ
779 850 985 920 γράψαι
1012 848 1320 917 ἄνθρωπον,
1356 844 1477 915 ἦτοι
1525 840 1814 925 ἀνθρώπου

239 942 511 1014 ὁμοίωμα,
538 942 571 1012 ἢ
613 940 775 997 ἀλλου
809 935 1195 1011 οἱουδηποτοῦν
1225 935 1319 989 ἐπὶ
1351 935 1455 1005 γῆς
1485 932 1815 1004 φαινομένου

238 1033 426 1087 εἰκόνα
452 1033 765 1087 ἑκτυπῶσαι
786 1048 801 1063 '
822 1030 1000 1086 σύδενὶ
1018 1029 1076 1084 δὲ
1107 1027 1252 1082 ἔοικε
1282 1027 1392 1080 τῶν
1421 1025 1816 1099 χειροποιήτων

240 1127 269 1178 ὁ
301 1125 452 1189 Θεὸς,
480 1124 622 1178 κατά
649 1121 712 1176 τὸ
738 1122 1028 1192 εἰρημένον
1055 1119 1135 1190 τῷ
1180 1117 1504 1188 ’Δποστόλῳ,
1536 1116 1645 1187 ἄρα
1674 1118 1814 1170 ἀπε-

243 1215 529 1287 ρίγραφον,
586 1212 971 1283 ἀκατάληπτον
991 1252 1006 1276 ,
1032 1210 1293 1275 ἀνείδεον,
1331 1208 1646 1278 ἀσώματον,
1680 1204 1811 1276 ἄδη-

241 1306 331 1357 λον
353 1305 413 1358 τὸ
428 1305 600 1357 Θεῖονο
624 1305 760 1375 μήτε
782 1300 1071 1372 ἀνθρώπου
1087 1299 1321 1371 μορφῇῆ
1346 1297 1474 1352 ἄλλο
1496 1294 1617 1368 (sic)
1647 1296 1673 1336 Β
1705 1296 1814 1348 τινὶ

241 1396 452 1458 ἐοικός·
491 1394 637 1457 εἰκὸς
670 1394 782 1464 γὰρ
808 1394 939 1456 τοὺς
976 1392 1248 1462 ’Έλληνας
1301 1390 1376 1461 μὴ
1428 1389 1590 1459 μόνον
1619 1386 1688 1441 τά
1719 1386 1818 1440 ἀν-

240 1484 621 1555 θρωπόμορφα
668 1483 832 1547 ξόανα
877 1483 1077 1547 σέϐειν,
1111 1481 1251 1536 ἀλλά
1295 1480 1389 1534 καὶ
1427 1479 1554 1541 τοὺς
1597 1476 1818 1539 ἀλλοίας

240 1577 401 1640 ὅνταὲ
427 1576 460 1617 ¹³
502 1576 719 1646 μορφῆς
747 1575 824 1640 ὼς
861 1574 1040 1639 θεοὺς,
1083 1568 1217 1638 οἷον,
1256 1571 1394 1632 ἴϐεις
1429 1570 1474 1635 ἱ,
1506 1568 1600 1623 καὶ
1627 1566 1816 1622 αἰλού-

244 1685 406 1738 ρους,
461 1669 557 1722 καὶ
611 1668 882 1739 πιθήκους
931 1666 983 1732 i,
1027 1666 1122 1719 καὶ
1175 1664 1312 1719 ἄλλα
1364 1661 1577 1725 τούτοις
1635 1676 1815 1732 παρα-

243 1761 471 1828 πλήσια.

1917 582 2110 628 natura
2156 583 2272 634 est,
2300 568 2767 638 comprehendere
2794 584 2815 634 -,
2847 567 3038 636 hisque
3069 567 3251 622 verbis
3282 576 3497 637 oportet

1918 665 1996 719 eis
2017 678 2080 718 os
2102 661 2389 720 occludere
2446 662 2537 730 qui
2564 660 2804 713 divinum
2830 659 2881 712 in
2914 657 3150 712 hominis
3171 657 3344 713 forma
3375 672 3494 713 esse

1918 756 2120 809 dicunt.
2151 752 2206 808 Si
2228 750 2372 807 enim
2400 760 2580 820 potest
2614 750 2775 804 homo
2829 749 3051 816 lingere,
3100 746 3188 800 vel
3244 747 3495 814 sculpere

1915 845 2298 902 veldelineare
2327 842 2446 899 sive
2490 840 2790 905 hominem,
2843 838 2958 892 sive
2998 836 3244 891 hominis
3303 836 3495 905 imagi-

1918 950 2062 999 nem,
2092 935 2175 989 vel
2200 936 2573 1001 cujuscunque
2602 929 2680 985 rei
2712 938 2941 985 terrena:
2959 927 3368 983 similitudinem
3403 928 3498 981 de-

1918 1029 2160 1098 pingere,
2188 1025 2316 1080 nulli
2344 1037 2521 1079 tamen
2576 1022 2856 1079 hominum
2903 1020 3053 1091 operi
3104 1019 3298 1075 similis
3329 1018 3494 1084 Deus,

1910 1123 2063 1193 juxta
2091 1120 2331 1193 Apostoli
2375 1120 2601 1185 dictum,
2631 1115 2888 1172 nimirum
2944 1113 3496 1182 incircumscriptum,

1918 1212 2482 1282 incomprehensibile,
2531 1210 2735 1280 absque
2789 1207 2959 1278 ﬁgura
2996 1247 3013 1275 ,
3073 1206 3497 1275 incorporeum,

1916 1304 2188 1360 invisibile
2228 1318 2356 1360 esse
2387 1302 2658 1367 divinum,
2715 1313 2818 1354 nec
2854 1298 3089 1353 hominis
3132 1295 3345 1363 forma},
3391 1308 3497 1350 nec

1918 1394 2090 1451 cuivis
2134 1392 2210 1447 rei
2250 1406 2371 1448 esse
2418 1388 2853 1458 simile:liquet‘
2891 1395 3069 1442 autem
3116 1384 3339 1440 Graecos
3387 1396 3494 1436 non

1918 1484 2090 1541 solum
2113 1484 2404 1539 simulacra
2451 1481 2735 1538 hominum
2791 1477 3067 1541 adorasse,
3118 1476 3212 1531 sed
3264 1475 3495 1529 diversas

1917 1575 2112 1647 ﬁgurae
2133 1575 2284 1642 deos,
2314 1581 2373 1628 ut
2398 1581 2549 1645 puta,
2585 1571 2721 1638 ibes,
2746 1568 2899 1632 feles.
2928 1566 3139 1632 simias,
3172 1574 3226 1621 et
3242 1564 3328 1620 his
3343 1563 3496 1619 simi-

320 1826 346 1902 i
381 1852 520 1913 Τοὺς
557 1850 656 1920 μὲν
683 1845 778 1903 οὖν
804 1848 1032 1919 χρόνους
1074 1847 1178 1915 τῆς
1229 1843 1452 1914 ἀγνοίας
1487 1843 1757 1915 ὑπεριδὼν
1790 1845 1819 1898 ὁ

1992 1838 2159 1893 Vens.
2192 1836 2283 1891 50.
2333 1854 2352 1888 ι
2377 1835 2440 1890 Et
2472 1843 2716 1905 tempora
2765 1831 2983 1904 quidem
3023 1826 3183 1897 hujus
3240 1827 3497 1897 ignoran-

242 1941 395 2007 Θεὸς,
424 1941 587 2025 τανῦν
615 1936 1117 2013 παραγγέλλειτοῆς
1138 1936 1475 2010 ἀνθρώποις.
1512 1953 1534 1988 ι

312 2117 521 2171 Οὐκοῦν
538 2118 585 2170 εί
615 2115 900 2188 ὑπερεῖδεν
915 2117 942 2169 ό
963 2114 1098 2178 Θεὸς
1120 2112 1190 2167 τά
1211 2112 1272 2178 ἐξ
1296 2108 1524 2181 ἀγνοίας
1552 2108 1821 2182 γενόμενα

241 2208 357 2270 τοῖς
383 2205 693 2277 ἀνθρώποις
724 2204 1151 2278 παραπτώματα
1215 2203 1326 2257 ἀπὸ
1376 2199 1688 2271 καταϐολῆς
1730 2199 1824 2254 κό-

245 2314 423 2369 σμου,
476 2298 572 2351 καὶ
611 2298 780 2352 παντὶ
810 2297 999 2352 δίδωσι
1040 2295 1151 2349 τῶν
1204 2292 1671 2366 παραπτωμάτων
1719 2290 1825 2361 ἄφ-

241 2412 379 2459 εσιν,
408 2396 636 2459 εἰκότως
680 2396 769 2448 ἐπ’
801 2394 1034 2464 ἐσχάτου
1062 2391 1173 2447 τῶν
1204 2390 1416 2462 καιρῶν
1436 2390 1821 2460 ἐπεδήμησενο

244 2487 333 2539 ἵνα
369 2487 453 2554 ἐφ’
486 2487 611 2539 ὅσον
654 2483 1022 2539 ἀναϐάλλεται
1075 2481 1177 2552 τὴν
1219 2481 1419 2535 ἑαυτοῦ
1467 2477 1811 2550 παρουσίαν,

241 2577 335 2629 ἐπὶ
368 2578 625 2630 τοσοῦτον
657 2574 846 2646 δειχθῇ
893 2572 1060 2627 αὐτοῦ
1096 2574 1130 2647 η
1164 2571 1475 2643 ἀμέτρητος
1517 2567 1826 2640 φιλανθρω-

242 2667 374 2720 πία·
423 2667 482 2733 ἐξ
513 2659 588 2720 ὧν
637 2661 1194 2731 πολυπλασιαζόμενα
1226 2660 1294 2714 τά
1339 2659 1488 2714 κακά
1527 2658 1822 2729 συγχωρεῖ,

242 2758 336 2810 καὶ
370 2754 480 2808 τῶν
514 2753 822 2825 μελλόντων
858 2752 1151 2819 συσφίγγει
1178 2748 1270 2801 τὸν
1297 2745 1496 2817 χρόνον
1520 2761 1534 2774 ·
1562 2743 1650 2797 ἵνα
1674 2745 1734 2796 ὲν
1753 2743 1822 2815 τῇ

242 2847 519 2917 ὀλιγότητι
545 2844 640 2898 τοῦ
674 2843 869 2914 χρόνου
901 2840 1144 2910 διασωθῇ
1186 2842 1218 2908 ή
1255 2837 1438 2901 πίστις
1457 2848 1473 2865 ⁵
1502 2834 1585 2888 διὸ
1611 2832 1677 2905 δὴ
1707 2832 1827 2886 ἔλε-

243 2954 338 3007 γεν
382 2937 566 2999 αὐτοῖς
599 2936 648 2976 k'
683 2931 837 3002 'Apa
879 2930 1072 2986 ἐλθὼν
1098 2933 1130 2983 ό
1185 2927 1319 2994 Υἱὸς
1353 2925 1460 2980 τοῦ
1510 2922 1826 2993 ἀνθρώπου

243 3032 491 3098 εὑρήσει
528 3028 645 3098 τὴν
680 3026 699 3067 ι
736 3029 949 3081 πίστιν
989 3023 1089 3078 ἐπὶ
1120 3021 1232 3091 τῆς
1280 3019 1438 3092 γῆς;
1474 3017 1591 3073 Καὶ
1626 3016 1704 3088 μή
1735 3030 1827 3086 μοι

243 3125 369 3192 λέγε
394 3163 408 3185 ,
445 3121 511 3174 Τί
552 3119 689 3192 πρὸς
724 3120 852 3181 τοὺς
902 3112 1398 3184 τετελευτηκότας;
1452 3111 1697 3177 Ὅπουγε
1731 3107 1827 3160 καὶ

1926 1930 2013 1984 tia:
2054 1927 2357 1999 despiciens
2388 1924 2552 1990 Deus,
2602 1937 2746 1979 nunc
2785 1921 3072 1977 annuntiat
3102 1919 3413 1991 hominibus
3440 1926 3499 1971 ut

1922 2033 2114 2075 omnes
2137 2018 2336 2087 ubique
2357 2015 2734 2085 paenitentiam
2766 2020 2947 2082 agant.
2977 2030 2998 2064 ι

2004 2109 2063 2166 Si
2094 2108 2258 2180 igitur
2286 2108 2426 2161 Deus
2448 2106 2643 2160 delicta
2677 2105 2744 2159 ab
2776 2102 3111 2169 hominibus,
3141 2115 3206 2157 ex
3228 2101 3490 2171 ignoran-

1924 2198 1997 2255 tia
2025 2236 2043 2265 ,
2078 2212 2108 2252 a
2146 2196 2332 2251 mundi
2384 2195 2788 2260 constitutione,
2841 2193 3090 2263 despicit,
3144 2191 3501 2258 omnibusque

1924 2290 2220 2356 condonat,
2259 2297 2405 2343 recte
2428 2287 2482 2342 in
2513 2286 2617 2342 ﬁne
2648 2295 2953 2355 temporum
3004 2284 3186 2351 venit;
3224 2299 3332 2354 quo
3352 2282 3499 2336 enim

1923 2380 2137 2448 longius
2186 2376 2365 2433 diﬁ'ert
2419 2392 2575 2432 suum
2627 2377 2942 2443 adventum,
2972 2388 3037 2430 eo
3058 2373 3183 2445 plus
3216 2389 3369 2427 suam
3397 2373 3502 2427 im-

1925 2484 2167 2526 mensam
2227 2467 2550 2523 charitatem
2631 2465 2989 2530 manifestat,
3052 2463 3500 2535 quandoquidem

1925 2559 2279 2630 multiplicata
2335 2559 2532 2615 delicta
2592 2558 2826 2613 remittit
2873 2565 2929 2612 et
2972 2556 3213 2612 futurum
3280 2566 3496 2623 tempus

1925 2652 2307 2716 abbreviat,ut
2364 2650 2624 2721 temporis
2663 2649 2962 2720 exiguitate
3017 2654 3267 2705 servetur
3325 2645 3495 2712 ﬁdes;

1926 2741 2158 2814 ideoque
2182 2743 2315 2797 dicit
2345 2759 2361 2799 :
2395 2740 2624 2796 Veniens
2665 2739 2843 2795 Filius
2906 2739 3137 2793 hominis
3172 2738 3396 2791 inveniet
3435 2736 3510 2814 ﬁ-Z

1925 2837 2042 2890 dem
2058 2810 2212 2904 super
2234 2841 2429 2889 terram
2460 2832 2547 2887 “‘3
2575 2831 2687 2888 Nec
2719 2831 2849 2885 mihi
2876 2830 3028 2886 dicas
3052 2846 3067 2885 :
3089 2827 3228 2896 Quid
3250 2828 3316 2882 ad
3353 2810 3511 2882 moro.

1928 2928 2092 2981 tuos?
2133 2924 2268 2980 Nam
2324 2925 2403 2980 eis
2455 2938 2673 2995 quoque
2731 2921 3088 2994 prmdicatum
3143 2928 3229 2975 est
3283 2918 3503 2988 pietatis

1927 3016 2249 3087 mysterium
2270 3056 2285 3084 ,
2313 3025 2369 3072 et
2394 3014 2485 3086 qui
2518 3013 2872 3076 crediderint,
2901 3024 3138 3068 omnese
3164 3010 3353 3064 mortis
3387 3008 3506 3062 vin-

1929 3110 2064 3164 culis
2091 3108 2265 3178 erepti
2296 3117 2445 3172 sunt,
2464 3116 2518 3162 et
2543 3122 2609 3161 ex
2637 3104 2850 3158 inferno
2871 3101 3074 3171 egressi
3108 3100 3162 3154 in
3194 3099 3503 3168 paradisum

764 3170 947 3277 τὸῡτῆς
973 3170 1234 3274 ἀληθείας
1254 3170 1477 3265 εὐσεϐὲς
1498 3170 1820 3272 μυστηριονο

1929 3170 2277 3256 introierunt.
2317 3170 2472 3263 Quod
2528 3195 2656 3252 inde
2691 3170 2916 3249 facilius,
2965 3190 3257 3263 coniectari
3287 3198 3499 3259 potest:

245 3307 340 3359 καὶ
370 3307 571 3367 πάντες
606 3305 656 3356 οἰ
697 3301 1096 3361 πιστεύσαντες
1144 3296 1420 3366 ἐλύθησαν
1472 3295 1539 3346 ὲκ
1568 3292 1677 3345 τῶν
1722 3288 1820 3344 τοῦ

248 3397 476 3451 θανάτου
505 3394 718 3465 δεσμῶν
741 3409 759 3429 ⁶
795 3393 891 3446 καὶ
913 3390 1229 3452 ἀνελθόντες
1254 3387 1316 3452 ἐξ
1342 3386 1469 3459 ᾅδου
1494 3384 1823 3456 μετῴκησαν

247 3492 325 3552 εἰς
358 3490 450 3542 τὸν
483 3487 812 3559 παράδεισον
833 3499 848 3514 °
884 3483 982 3537 xui.
1027 3483 1111 3535 ὅτι
1138 3480 1298 3534 τοῦτο
1332 3477 1554 3548 ἀληθὲς,
1598 3474 1822 3529 δυνατὸν

251 3579 452 3651 μᾶλλον
485 3576 582 3630 καὶ
613 3575 672 3640 ἐξ
697 3575 909 3629 ἐκείνου
948 3570 1318 3641 στοχάσασθαι
1338 3584 1352 3599 ο
1378 3568 1617 3635 Οἴδαμεν
1643 3566 1727 3618 ὅτι
1764 3564 1823 3617 ὲν

247 3675 312 3741 τῇ
345 3670 465 3741 ὥρα
570 3667 841 3721 ἀπέθανεν
887 3662 1120 3735 Ἰησοῦς,
1157 3663 1186 3714 ὁ
1235 3658 1371 3721 Θεὸς
1417 3657 1600 3728 ἡμῶν,
1637 3655 1824 3708 πολλοὶ

248 3762 433 3833 νεκροὶ
470 3761 772 3830 ἀνέστησαν
807 3756 905 3810 καὶ
937 3752 1204 3823 ὤφθησαν
1236 3758 1277 3780 ³³
1309 3749 1371 3803 ὲν
1421 3745 1824 3817 Ἰεροσολύμοις

248 3854 390 3907 κατὰ
418 3852 479 3904 τὸ
506 3846 890 3922 προφητευθέν
912 3861 926 3874 ·
982 3839 1461 3910 Ἀναστήσονται
1499 3839 1553 3892 oi
1599 3833 1821 3903 νεκροί,

249 3943 350 3996 καὶ
397 3941 832 4011 ἐγερθήσονται
869 3937 924 3989 οί
996 3934 1066 3987 ἐν
1097 3930 1224 3998 τοῖς
1268 3929 1602 3999 μνημείοις.
1642 3926 1729 3989 Ὠς
1761 3926 1827 3977 ὲκ

253 4036 438 4088 τούτου
457 4032 660 4100 γνῶναι
692 4028 860 4098 ἡμᾶς,
885 4026 966 4078 ὅτι
990 4021 1268 4077 κατελθὼν
1292 4023 1372 4084 εἰς
1403 4020 1529 4091 ᾆδον
1548 4020 1575 4071 ὁ
1598 4016 1823 4087 Κύριος,

248 4126 346 4179 καὶ
388 4121 637 4192 κηρύξας
672 4118 869 4187 ἄφεσιν
898 4116 1011 4177 τοῖς
1039 4115 1116 4176 εἰς
1138 4111 1302 4165 αὐτὸν
1318 4108 1691 4171 πιστεύουσιν,
1721 4107 1827 4158 ἀπ-

248 4215 337 4269 ἐλυ
346 4231 401 4265 σε
416 4213 511 4276 τὰς
528 4209 700 4281 ψυχὰς
712 4207 818 4262 τῶν
832 4207 912 4270 εἰς
926 4205 1086 4258 αὐτὸν
1103 4203 1528 4256 πιστευσάντων·
1546 4199 1783 4260 ἅπαντες
1799 4205 1825 4234 ιι

246 4308 303 4362 δὲ
332 4307 433 4359 οὐκ
465 4312 490 4338 ο
513 4303 861 4365 ἐπίστευσαν,
892 4298 972 4352 διὸ
1003 4296 1125 4351 οὐδὲ
1157 4295 1335 4348 πάντα
1360 4294 1428 4348 τὰ
1457 4292 1688 4362 σώματα
1715 4288 1826 4341 τῶν

247 4396 667 4468 κεκοιμημένων
684 4393 885 4463 ἀνέστη
919 4391 1062 4457 τότε,
1090 4389 1227 4442 ἀλλά
1247 4404 1375 4441 τινα
1392 4401 1405 4415 ⁶
1427 4386 1527 4439 οὐκ
1554 4378 1674 4438 εϊπε
1691 4382 1748 4436 δὲ
1764 4379 1826 4434 τὸ

249 4490 606 4558 Εὑαγγέλιον,
632 4490 713 4541 ὅτι
747 4484 1018 4539 Ἰουδαίων
1049 4482 1208 4553 μόνον
1226 4491 1253 4530 P
1275 4478 1544 4548 ἀνέστησε
1573 4474 1824 4543 σώματα,

250 4579 367 4634 ἀλλ’
399 4590 428 4630 q
480 4579 749 4649 ἀορίστως
778 4576 975 4638 εἰπὼν,
1018 4571 1263 4637 πολλοὶ,
1304 4569 1575 4640 ἐδήλωσεν
1626 4566 1708 4619 ὅτι
1739 4564 1833 4617 καὶ

262 4672 530 4742 Ἑλλήνων
552 4687 564 4700 ·
599 4667 741 4742 ἦσαν
773 4668 881 4738 γὰρ
915 4666 1023 4719 ἀπὸ
1054 4663 1263 4735 χρόνων
1304 4661 1563 4725 αἰωνίων,
1595 4659 1689 4710 καὶ
1726 4653 1832 4709 σώ-

254 4781 400 4836 ματα
429 4765 544 4816 ἐκεῖ
569 4760 818 4825 ἐθνικῶν,
846 4759 934 4813 διὰ
961 4758 1023 4810 τὸ
1052 4755 1247 4828 πρώην
1275 4753 1383 4807 ὑπὸ
1434 4750 1705 4821 Ἑλλήνων
1728 4748 1830 4817 τὴν

252 4856 438 4926 χώραν
470 4853 737 4908 οἰκεῖσθαι
764 4869 778 4882 ’
814 4851 908 4905 καὶ
944 4849 1173 4920 ὕστερον
1212 4845 1373 4899 πάλιν
1403 4842 1682 4895 λαϐόντων
1724 4838 1834 4891 τῶν

266 4946 534 4999 Ἰουδαίων
578 4946 677 5017 τὴν
712 4943 867 4998 πόλιν
915 4950 962 5007 ι’,
1003 4940 1079 5011 μὴ
1110 4935 1562 5006 ἑξολοθρευθῆναι
1593 4931 1685 4984 τὸν
1735 4930 1837 4982 Ἰεο

250 5039 502 5089 ϐουσαῖον
533 5035 659 5088 λαὸν
693 5036 772 5096 εἰς
798 5032 971 5094 τέλος,
1004 5029 1142 5084 ἀλλὰ
1177 5025 1508 5094 κατοικῆσαι
1536 5025 1593 5074 έν
1630 5020 1778 5090 μέσῳ
1801 5030 1823 5057 ο

248 5129 350 5196 τῆς
388 5126 585 5178 Ἰούδα.
630 5125 737 5177 Καὶ
768 5125 839 5191 μή
873 5121 965 5190 μοί
1009 5138 1094 5183 τις
1123 5118 1332 5186 λεγέτω
1368 5133 1379 5145 ·
1421 5115 1532 5166 Καὶ
1567 5111 1685 5174 πῶς
1745 5128 1813 5180 με

252 5218 460 5279 πείθεις
502 5217 596 5269 καὶ
648 5216 778 5284 περὶ
810 5213 919 5266 τῶν
952 5212 1157 5265 λοιπῶν
1184 5208 1412 5280 ψυχῶν;
1454 5207 1563 5259 ἀπὸ
1598 5205 1707 5275 γὰρ
1734 5203 1830 5257 τοῦ

254 5309 459 5380 μέρους
485 5307 546 5359 τὸ
578 5308 684 5359 πᾶν
726 5303 1243 5373 καταλαμϐάνομεν.
1278 5302 1340 5354 Εἰ
1376 5299 1476 5370 μὲν
1504 5299 1614 5370 γὰρ
1634 5293 1745 5352 οἷόν
1771 5314 1832 5350 τε

334 5463 376 5494 ¹¹
416 5461 549 5516 Luc.
586 5475 739 5524 xvrn,
767 5461 819 5512 8.
903 5458 946 5489 ¹²
977 5457 1137 5512 Juan.
1169 5471 1222 5520 v,
1264 5454 1353 5509 28.

1923 3308 2027 3362 qua
2058 3293 2193 3348 hora
2240 3300 2487 3346 mortuus
2540 3294 2624 3345 est
2689 3287 2867 3351 Jesus,
2920 3285 3064 3339 Deus
3114 3292 3320 3347 n05ter,
3353 3279 3506 3335 multi

1920 3382 2225 3452 eorumqui
2265 3380 2609 3437 dormiebant
2634 3383 3074 3438 resurrexerunt,
3100 3383 3156 3429 et
3186 3374 3244 3445 in
3275 3371 3503 3427 Jerusa-

1922 3473 2026 3531 lem
2066 3474 2167 3530 visi
2197 3482 2343 3540 sunt,
2363 3472 2518 3540 juxta
2544 3471 2673 3527 illud
2701 3485 2717 3524 :
2746 3467 3042 3537 Resurgent
3082 3464 3303 3528 mortui,
3336 3462 3509 3516 eteni-

1920 3567 2162 3637 gilabnnt
2214 3566 2305 3636 qui
2350 3566 2406 3620 in
2459 3562 2812 3618 monumentis
2869 3568 2992 3614 sunt
3033 3557 3099 3617 ¹¹.
3155 3555 3314 3613 Unde
3359 3553 3507 3608 scire
3591 3625 3594 3629 .

1922 3672 2211 3728 possumus
2234 3658 2440 3721 Jesum,
2475 3658 2529 3713 in
2562 3656 2835 3711 infernum
2882 3668 3003 3709 cum
3026 3646 3508 3713 descendisset,ibi

1924 3749 2250 3820 praedicasse
2278 3747 2646 3804 remissionem
2670 3756 3018 3815 peccatorum
3041 3749 3097 3795 et
3121 3739 3361 3793 omnium
3381 3736 3433 3790 in
3450 3748 3511 3789 se

1925 3839 2262 3894 credentium
2305 3837 2516 3891 animas
2543 3835 2834 3898 liberasse,
2869 3846 2976 3886 non
3029 3838 3206 3883 autem
3231 3828 3510 3880 universos

1925 3929 2256 3984 credidisse:
2289 3941 2457 3996 quare
2484 3940 2591 3979 non
2623 3923 2874 3977 universa
2908 3928 3244 3974 mortuorum
3279 3930 3511 3981 corpora

1925 4026 2298 4085 surrexerunt,
2322 4017 2413 4072 sed
2432 4016 2611 4085 aliqua
2643 4021 2877 4078 tantum;
2909 4024 3015 4065 non
3042 4008 3240 4063 veroin
3266 4006 3512 4074 Evange-

1925 4111 1998 4167 lio
2026 4108 2552 4165 diciturludaeurum
2594 4105 2767 4160 solum
2810 4101 3047 4158 excitata
3086 4112 3209 4154 esse
3255 4112 3504 4166 corpora.

1927 4204 2021 4260 sed
2051 4201 2463 4257 indeterminate
2496 4199 2680 4254 dicens
2717 4195 2898 4260 nulli,
2924 4192 3164 4250 ostendit
3218 4191 3504 4262 gentilium

1926 4308 2172 4366 quoque;
2214 4292 2286 4347 ibi
2306 4291 2449 4347 enim
2477 4287 2732 4343 asasculis
2759 4293 2914 4342 erant
2936 4284 3220 4355 gentilium
3246 4296 3501 4351 corpora,

1929 4385 2195 4457 siquidem
2222 4384 2373 4454 prius
2404 4382 2680 4451 regionem
2714 4378 2860 4434 illam
2881 4376 3227 4431 incoluerunt
3255 4372 3504 4443 gentiles,

1931 4486 1986 4534 et
2019 4487 2201 4545 postea
2238 4490 2341 4529 non
2373 4472 2596 4545 omnino
2620 4469 2792 4525 deleta
2824 4479 2907 4523 est
2932 4465 3305 4522 Jebusaeorum
3355 4477 3509 4532 gens,

1935 4570 2067 4626 urbe
2096 4585 2126 4623 a
2157 4566 2356 4622 Judaeis
2389 4574 2568 4634 capta,
2613 4564 2706 4618 sed
2741 4561 2792 4616 in
2825 4561 3002 4615 medio
3023 4557 3330 4613 Iudaeorum
3359 4554 3512 4609 habi-

1937 4668 2203 4714 taverunt.
2237 4656 2341 4709 Nec
2374 4655 2504 4708 mihi
2535 4654 2680 4707 dicat
2714 4649 2949 4718 aliquis:
2982 4645 3266 4713 Quomodo
3294 4643 3359 4696 de
3389 4640 3512 4695 aliis

1936 4750 2215 4804 animabus
2239 4747 2367 4802 mihi
2410 4743 2805 4812 persuadebis?
2831 4739 2888 4794 ιιι
2922 4748 3077 4810 parte
3138 4737 3286 4792 enim
3341 4743 3510 4787 totqu

1938 4840 2472 4911 comprehendimus.
2496 4835 2646 4903 Quod
2679 4834 2721 4888 si
2755 4833 2836 4888 fas
2886 4841 3032 4886 esset
3081 4830 3295 4883 animas
3325 4826 3380 4880 in
3412 4825 3509 4879 ho-

1941 4934 2142 4984 minum
2192 4929 2514 4998 corporibus
2565 4928 2823 4995 degentes
2878 4934 3131 4984 cernere,
3189 4915 3511 4970 vidissemus

1936 5036 2124 5077 omnes
2160 5019 2344 5074 ﬁdeles
2368 5032 2433 5074 ex
2464 5017 2674 5072 inferno
2713 5018 2766 5070 in
2805 5013 3136 5084 paradisum,
3193 5023 3289 5063 seu
3317 5006 3371 5060 in
3402 5017 3513 5059 coe-

1937 5115 2037 5179 los,
2095 5114 2423 5177 avolantes;
2480 5111 2735 5180 quOniam
2800 5121 2927 5161 vero
2979 5103 3209 5159 hominis
3280 5109 3506 5159 natura,

1939 5202 2326 5258 subtilissimus
2359 5200 2601 5270 spiritus,
2635 5199 2685 5252 id
2713 5206 2797 5252 est
2819 5235 2835 5260 .
2863 5198 3067 5257 anima,
3135 5191 3309 5247 oculis
3363 5188 3507 5242 cerni
3550 5246 3555 5252 ι

1941 5310 2047 5350 non
2076 5303 2277 5365 potest,
2306 5308 2410 5349 non
2444 5290 2736 5353 immerito,
2767 5288 2833 5342 ad
2858 5285 3310 5356 persuadendum,
3349 5296 3508 5351 quas-

331 5629 353 5655 ο
394 5617 454 5671 C.
483 5617 543 5670 (1.
581 5617 815 5683 φύσεως.
900 5613 921 5654 ί
950 5617 1011 5686 C.
1049 5616 1110 5670 C.
1139 5617 1424 5682 λέγοντας.
1509 5622 1533 5659 Β
1567 5619 1628 5674 C.
1664 5619 1724 5674 C.
1758 5618 1822 5674 ἀλ

1995 5616 2019 5655 δ
2051 5617 2112 5672 C.
2142 5615 2201 5670 C.
2236 5614 2564 5686 ἀλλοίοντας-
2647 5609 2664 5648 ί
2701 5609 2870 5686 C,_C._
2885 5605 3078 5686 εἴϐεις.
3117 5624 3124 5631 ·
3178 5611 3193 5652 3
3228 5597 3513 5686 (120‘..qu

260 5688 547 5768 πιθήκους,
578 5688 878 5755 αἰλούρους.
960 5685 981 5724 ³⁸
1020 5687 1082 5741 C.
1115 5687 1176 5740 C.
1205 5689 1388 5748 αὑτός.

259 5773 367 5809 Ulli.
393 5775 512 5809 ουκ.

1474 5686 1582 5743 1C.
1617 5689 1676 5744 C.
1717 5705 1825 5743 οιιι.
1856 5685 1976 5756 τήν.
2052 5696 2091 5723 ω
2114 5687 2174 5740 C.
2207 5687 2267 5739 C.
2474 5685 2610 5756 τοῖς.

613 5739 805 5812 μοὶ).
838 5739 1045 5826 μόνω-ι.
1115 5739 1258 5812 ιιι.
1290 5739 1581 5813 deus."
1626 5739 1825 5814 Γαβᾶ
1852 5739 2265 5826 ﬁliaiam
2310 5739 2601 5808 Ἰουδαίων.
2682 5761 2702 5789 ι
2736 5749 2797 5805 Γ.
2836 5750 2896 5803 c.
2924 5743 3150 5817 ὲμμέσω
3184 5739 3302 5795 τοῦ.

2687 5691 2716 5718 η
2740 5681 2801 5733 (1.
2831 5678 2892 5732 C.
2920 5676 2981 5728 οὐ
3010 5672 3228 5735 πάντες.
3305 5676 3330 5704 ο
3353 5669 3414 5724 C.
3441 5666 3507 5722 ὓ.
