4068 6126
631 382 766 449 1Ξ67

1785 385 2122 444 ΑΜΜΟΝΙΙ
2166 384 2698 446 ALEXANDRINI

3757 379 3891 443 1568

627 500 748 551 dant
780 497 986 551 animus
1016 511 1135 548 cum
1186 497 1505 564 corporibus
1542 504 1667 552 ante
1697 497 1883 552 oculos
1909 497 2108 567 posuit,
2139 505 2181 548 ιιι

2295 492 2362 566 ἦν
2400 495 2616 566 βλέψειν
2639 497 2791 567 ἡμᾶς
2822 494 2947 558 τοὺς
2971 495 3130 555 ὄντας
3161 493 3219 544 ὲν
3254 489 3472 560 σώμασι
3509 490 3528 525 ί
3580 489 3772 558 ψυχὰς
3799 494 3886 544 ἀν.

547 573 570 591 ’
625 590 864 641 videntes
893 587 1262 642 crederemus.
1295 588 1597 644 Absurdum
1635 589 1782 643 enim
1839 587 2030 644 fuisset
2071 585 2194 640 uni-

624 692 808 730 versos
835 676 1087 730 suscitari
1120 677 1233 746 qui,
1261 692 1291 730 a
1321 679 1503 732 mundi
1537 678 1929 733 constitutione
1972 675 2192 741 mortui,

623 768 677 820 in
738 765 954 820 inferno
1007 769 1386 835 crediderunt;
1418 769 1592 836 primo
1640 769 1878 839 quidem,
1949 782 2018 821 ne
2072 776 2196 822 ante

625 867 832 924 tempus
855 857 1144 910 multorum
1165 859 1318 912 fieret
1346 860 1694 922 resurrectio,
1719 875 1841 914 cum
1872 859 2024 927 pauci
2059 859 2191 912 satis

601 945 802 1001 ‘essent
833 947 897 1000 ad
932 949 1360 1016 persuadendum
1393 950 1460 1004 iis
1485 951 1576 1019 qui
1608 952 1812 1020 absque
1846 950 2195 1005 contentione

620 1037 904 1091 veritatem
950 1050 1250 1106 sequuntur
1281 1056 1295 1104 ;
1354 1041 1446 1094 sed
1474 1042 1637 1095 etiam
1670 1041 1867 1096 multos
1897 1041 2028 1095 dicit
2049 1041 2195 1095 Scri-

621 1138 814 1195 ptura;
847 1127 1038 1182 deinde
1065 1130 1190 1198 quia
1227 1130 1529 1184 clanculum
1597 1131 1830 1185 faciebat
1866 1132 2040 1200 signa,
2075 1131 2196 1200 qui-

620 1219 720 1272 bus
745 1220 1027 1274 veritatem
1051 1221 1307 1276 credituri
1329 1236 1545 1277 eramus
1570 1223 1745 1288 :Qunde
1776 1238 1880 1276 non
1911 1223 2191 1291 splendido

620 1321 880 1378 apparatu
930 1312 1043 1381 ipse
1071 1312 1122 1365 in
1149 1321 1320 1367 terras
1375 1313 1678 1377 descendit,
1732 1315 1826 1368 sed
1879 1314 2110 1368 latenter
2139 1322 2193 1368 et

620 1402 857 1455 humano
885 1403 1254 1468 more,'factus
1277 1419 1342 1458 ex
1375 1406 1598 1459 muliere
1625 1406 1688 1470 ",
1722 1416 1774 1458 et
1803 1405 2005 1459 faciens
2039 1406 2190 1472 signa

621 1501 671 1544 et
703 1495 1011 1548 curationes
1043 1495 1240 1563 quibus
1269 1509 1328 1548 se
1364 1511 1485 1550 esse
1523 1495 1690 1550 Deum
1713 1495 2048 1559 ostendebat,
2086 1510 2192 1564 quo

619 1581 1262 1640 bonimaniiestarentur.
1299 1585 1416 1641 Non
1437 1587 1603 1657 igitur
1631 1587 1790 1641 aliter
1821 1587 1906 1640 hic
1959 1586 2111 1650 fecit,
2137 1587 2189 1640 in

616 1673 848 1739 quadam
886 1673 1092 1728 scilicet
1125 1675 1273 1731 orbis
1319 1683 1473 1745 parte
1529 1685 1770 1731 mortuos
1835 1685 1959 1730 ante
2008 1676 2191 1730 oculos

616 1761 859 1814 vivorum
897 1772 1162 1830 statuens,
1198 1775 1278 1829 ut,
1311 1781 1408 1835 per
1426 1781 1521 1822 eos
1574 1767 1665 1836 qui
1708 1767 1820 1822 suis
1841 1767 2012 1823 oculis
2039 1768 2188 1822 vide-

619 1861 762 1918 rant,
809 1853 1108 1923 crederent,
1137 1857 1341 1924 caeteri,
1369 1872 1471 1912 non
1535 1858 1708 1911 solum
1745 1859 1811 1912 de
1853 1869 2184 1912 mortuorum

619 1949 1040 2008 resurrectione.
1080 1947 1175 2001 sed
1201 1948 1362 2001 etiam
1395 1950 1460 2003 de
1490 1947 1606 2016 ejus
1641 1949 2034 2013 incarnatione,
2068 1964 2186 2017 qua:

615 2047 721 2085 nou
755 2035 807 2087 in
831 2037 1084 2093 universo
1135 2038 1286 2104 orbe,
1322 2040 1417 2094 sed
1453 2039 1506 2094 in
1536 2042 1766 2109 quadam
1824 2042 1974 2094 orbis
2033 2050 2184 2108 parte

617 2121 754 2174 facta
780 2131 885 2187 est,
919 2134 971 2176 et
1005 2141 1099 2193 per
1161 2141 1254 2180 eos
1281 2128 1372 2196 qui
1419 2142 1540 2182 eum
1593 2129 1861 2193 viderant,
1919 2129 2184 2181 universa:

614 2219 794 2277 terraa,
825 2229 852 2266 a
884 2215 1014 2268 solis
1043 2227 1163 2270 ortu
1224 2233 1396 2287 usque
1427 2221 1492 2272 ad
1523 2235 1798 2279 occasum,
1834 2221 1901 2273 ab
1932 2218 2186 2288 aquilone

617 2316 782 2369 usque
811 2305 876 2357 ad
909 2307 1209 2373 meridiem,
1235 2309 1512 2364 credibilis
1537 2311 1679 2365 facta
1713 2320 1814 2364 est.

2297 585 2552 659 θρὼπων,
2577 587 2794 656 εῐχομεν
2816 584 2883 638 ἂν
2918 584 3046 637 ἰδεῖν
3075 582 3284 642 πάντας
3307 581 3432 642 τοὺς
3459 579 3800 642 ἀνελθόντας
3820 583 3879 632 ἐκ

2294 681 2387 734 τοῦ
2421 682 2546 753 ᾅδου
2577 681 2822 744 πιστοὺς,
2849 680 2942 733 καὶ
2967 680 3047 742 είς
3079 676 3409 746 παράδεισον
3431 674 3466 745 ἢ
3498 675 3583 735 εἰς
3618 673 3882 743 ούρανοῦς

2295 773 2646 836 ἀποπτάντας
2671 791 2684 802 ·
2727 769 2914 840 ἐπειδὴ
2939 771 2996 822 δὲ
3025 769 3086 821 οὐ
3121 767 3346 820 δύναται
3377 765 3545 834 φύσις
3582 764 3878 834 ἀνθρώπου

2295 865 2352 916 ὲν
2388 867 2551 935 σαρκὶ
2581 861 2715 917 οὖσα
2764 863 2983 932 πνεῦμα
3036 857 3377 929 λεπτομερὲς
3401 896 3416 919 ,
3453 857 3482 909 ὅ
3530 858 3656 908 ἐστι
3688 855 3835 924 ψυχὴ
3858 897 3870 917 ,

2294 953 2598 1021 ὀφθαλμοῖς
2642 953 2916 1023 Θεωρῆσαι
2941 990 2956 1015 ,
2997 949 3224 1012 εἰκότως
3258 946 3397 1018 πρὸς
3452 943 3638 998 πειθώ
3671 957 3701 984 ιι
3734 963 3878 1010 τινας

2295 1043 2427 1112 ἡμῖν
2465 1042 2779 1114 παρέστησε
2813 1041 2952 1112 μετά
2997 1039 3108 1093 τῶν
3145 1039 3440 1108 σωμάτων,
3475 1037 3566 1089 ἵνα
3595 1035 3872 1107 θεωροῦν-

2293 1149 2384 1194 τες
2411 1133 2606 1195 αὐτοὺς
2640 1131 2954 1199 πεισθῶμεν
2973 1147 2988 1162 ·
3020 1130 3223 1184 ἄτοπον
3257 1128 3368 1196 γὰρ
3389 1123 3458 1197 ἦν
3485 1125 3714 1189 πάντας
3745 1127 3880 1193 ἐγεῖο

2296 1241 2387 1296 ραι
2409 1235 2437 1263 ν
2471 1225 2597 1288 τοὺς
2627 1225 2855 1294 νεκροὺς
2880 1224 3010 1287 τοὺς
3037 1221 3144 1276 ἀπὸ
3187 1219 3496 1289 καταϐολῆς
3530 1219 3759 1287 κόσμου
3797 1235 3877 1270 τε·

2291 1315 2706 1386 τελευτηκότας,
2735 1313 3130 1377 πιστεύσαντας
3157 1313 3214 1366 δὲ
3247 1312 3304 1365 ὲν
3329 1310 3456 1381 ᾅδου
3477 1324 3493 1340 ⁶
3519 1309 3758 1380 πρῶτον
3789 1310 3878 1376 μὲν

2293 1409 2380 1462 ἵνα
2421 1408 2495 1479 μὴ
2530 1407 2636 1476 πρὸ
2669 1403 2864 1476 καιροῦ
2896 1405 3123 1475 γένηται
3153 1404 3452 1464 ἀνάστασις
3493 1400 3751 1465 πολλῶν,
3785 1401 3874 1470 ἀρ.

2293 1497 2532 1550 κούντων
2581 1496 2676 1549 καὶ
2731 1494 2928 1563 ὀλίγων
2983 1496 3166 1546 πεῖσαι
3216 1493 3342 1554 τοὺς
3390 1490 3770 1558 ἀφιλονείκως
3813 1493 3870 1559 τῇ

2291 1585 2517 1656 ἀληθείᾳ
2542 1585 2915 1648 πιστεύοντας,
2961 1584 3160 1655 μᾶλλον
3195 1583 3252 1636 δὲ
3288 1581 3500 1636 πολλῶν
3527 1582 3689 1635 κατά
3719 1581 3781 1634 τὸ
3803 1583 3873 1634 εί-

2295 1678 2532 1748 ρημένον
2560 1679 2617 1730 ἐν
2645 1677 2722 1748 τῷ
2767 1677 3085 1746 Εὑαγγελίῳ
3110 1693 3124 1707 ·
3161 1675 3353 1728 ἔπειτα
3387 1675 3445 1728 δὲ
3474 1676 3568 1728 διὰ.
3611 1674 3680 1727 τὸ
3721 1676 3868 1742 ἐγκε-

2289 1769 2655 1838 καλυμμένως
2685 1772 2858 1821 ποιεῖν
2888 1769 3053 1822 αὐτὸν
3084 1769 3150 1821 τά
3190 1770 3414 1838 σημεῖα,
3441 1766 3509 1819 δι’
3537 1760 3622 1820 ὧν
3659 1765 3868 1819 ἐπειθό-

2223 1837 2263 1890 B
2296 1837 2528 1927 μεθαίτῇ
2558 1855 2820 1927 ἀληθείᾳ·
2847 1857 2970 1912 ὅθεν
3001 1859 3094 1910 καὶ
3121 1837 3284 1918 αὐτος
3300 1857 3362 1908 οὺ
3393 1856 3533 1926 μετὰ
3565 1857 3868 1923 φαντασίας

2293 1947 2560 2018 κατῆλθεν
2579 1949 2671 2000 ἐπὶ
2686 1949 2812 2019 γῆς,
2840 1950 2977 2002 ἀλλά
2993 1949 3301 2019 λεληθότως
3325 1948 3517 2018 θεσμῷ
3536 1949 3644 2002 ἀνθ
3655 1947 3868 2018 ρώπων,

2289 2039 2583 2108 γενόμενος
2611 2039 2675 2091 ἐκ
2699 2039 2977 2106 γυναικὸς,
3001 2041 3094 2092 καὶ
3119 2041 3288 2094 ποιῶν
3314 2040 3518 2109 σημεῖα
3547 2038 3652 2092 καὶ
3679 2038 3866 2100 ἰάσεις,

2289 2131 2354 2184 δι’
2385 2124 2460 2183 ὧν
2489 2128 2706 2182 ἔπειθεν
2738 2130 2977 2194 ὅτιθεὸς
3003 2126 3102 2201 ἦν·
3137 2131 3224 2184 ἵνα
3260 2131 3311 2184 οἱ
3334 2131 3555 2200 δόκιμοι
3591 2129 3864 2197 φανῶσιν·

2290 2217 2461 2280 οὕτως
2491 2217 2585 2270 οὖν
2625 2217 2720 2271 καὶ⁸
2773 2219 2867 2272 ἐπὶ
2893 2218 3086 2271 τούτου
3119 2218 3410 2288 ἐποίησενσ
3458 2220 3518 2270 έν
3555 2218 3723 2287 μέρει
3769 2215 3868 2267 τινὶ

2289 2307 2390 2377 τῆς
2423 2306 2528 2376 γῆς
2571 2307 3008 2378 ὁφθαλμοφανῶς
3057 2310 3421 2380 παραστήσας
3461 2309 3595 2371 τοὺς
3645 2306 3865 2375 νεκροὺς

611 2396 723 2455 τοῖς
757 2395 922 2458 ζῶσιν
946 2437 960 2461 ,
1002 2397 1088 2450 ἵνα
1125 2397 1215 2452 διὰ
1244 2398 1352 2452 τῶν
1383 2401 1668 2465 αὐτόπτως
1719 2415 1746 2443 ι
1775 2403 2096 2474 ἑωρακότων
2127 2399 2176 2454 οἱ
2214 2398 2394 2452 λοιποὶ
2437 2397 2750 2467 πεισθῶμεν
2775 2412 2788 2428 ·
2831 2398 2906 2469 μὴ
2945 2399 3107 2468 μόνον
3175 2399 3307 2468 περὶ
3373 2399 3476 2469 τῆς
3509 2397 3624 2450 τῶν
3662 2395 3864 2466 νεκρῶν

614 2485 861 2552 ἀςέσεως
883 2526 896 2548 ,
930 2487 1065 2541 ἀλλά
1090 2491 1182 2543 καὶ
1214 2491 1344 2563 περὶ¹
1370 2494 1468 2564 τῆς
1494 2493 1660 2547 αὐτοῦ
1692 2495 1985 2566 ἐπιδημίας
2013 2537 2028 2560 ,
2057 2495 2176 2566 ἥτις
2213 2492 2313 2544 οὐκ
2342 2493 2400 2544 ἐν
2432 2490 2526 2562 ὅλῃ
2552 2493 2618 2562 τῇ
2665 2494 2736 2561 γῇ
2753 2491 2999 2560 γέγονεν,
3065 2491 3181 2545 ἀλλ’
3209 2493 3266 2544 ὲν
3287 2491 3446 2562 μέρει
3471 2491 3581 2543 τινὶ
3617 2491 3720 2560 τῆς
3745 2489 3859 2556 γῆς.

612 2577 710 2628 Διὰ
741 2577 847 2628 τῶν
899 2579 1063 2632 αὑτὸν
1117 2581 1442 2653 ἑωρακότων
1480 2585 1876 2658 ὲπιστοποιήθη
1919 2587 2068 2659 πάσῃ
2109 2587 2176 2657 τῇ
2213 2587 2306 2655 γῇ,
2358 2584 2466 2638 ἀπὸ
2535 2583 2814 2638 ἀνατολῶν
2882 2583 3038 2654 ἡλίου
3092 2583 3186 2637 καὶ
3237 2581 3403 2654 μέχρι
3456 2582 3710 2651 δυσμῶν,
3763 2579 3858 2632 ἀπὸ

611 2667 810 2737 ἄρκτου
851 2672 945 2723 καὶ
985 2675 1355 2747 μεσημϐρίας.

685 2755 847 2813 Vsus.
879 2760 965 2814 5‘2.
1001 2780 1017 2812 ι
1050 2761 1183 2816 Cum
1211 2765 1489 2822 audissent
1511 2778 1688 2824 autem
1724 2773 2180 2827 resurrectionem

613 2862 982 2917 mortuorum,
1035 2856 1251 2924 quidam
1306 2859 1523 2928 quidem
1573 2862 1918 2917 irridebant:
1957 2865 2177 2933 quidam

610 2954 739 2992 vero
766 2944 1017 2997 dixerunt
1044 2947 1372 3004 :Audiemus
1396 2961 1445 3005 te
1473 2953 1538 3006 de
1565 2953 1664 3007 hoc
1690 2954 1907 3009 iterum.
1946 2974 1963 3007 ι

686 3028 938 3085 lIomiues
970 3036 1112 3088 enim
1152 3041 1377 3094 omnino
1418 3044 1666 3099 carnales
1700 3054 1755 3099 et
1786 3045 2046 3102 increduli
2071 3063 2182 3101 om-

2369 2783 2386 2815 ι
2448 2763 2808 2826 Ἀκούσαντες
2867 2763 2926 2816 δὲ
2988 2764 3286 2817 ἀνάστασιν
3352 2761 3590 2834 νεκρῶν,
3655 2765 3706 2817 οί
3771 2765 3856 2835 μὲν

2284 2851 2574 2920 ἐχλεύαζον
2602 2868 2615 2881 ·
2646 2853 2693 2904 οἱ
2726 2851 2781 2904 δὲ
2803 2846 2974 2905 εἶπονο
2992 2851 3372 2923 Ἀκουσόμεθά
3397 2869 3490 2905 σου
3518 2855 3655 2922 περὶ
3678 2853 3855 2908 τούτου

2284 2943 2471 2996 πάλιν.’
2508 2961 2526 2994 ι

2354 3035 2417 3086 Οἱ
2465 3033 2572 3102 γὰρ
2619 3032 2797 3085 πάντα
2846 3033 3101 3103 σαρκικοὶ
3151 3032 3248 3086 καὶ
3304 3034 3526 3089 ἄπιστοι
3583 3035 3857 3108 ἄνθρωποι

612 3118 700 3170 nia
737 3123 800 3172 ad
833 3124 1017 3178 oculos
1075 3132 1374 3197 remittunt,
1415 3131 1525 3188 Deo
1554 3134 1773 3190 docenti
1817 3137 2037 3192 minime
2062 3153 2180 3192 cre-

2288 3123 2446 3193 μόνον
2471 3127 2536 3192 τῇ
2568 3124 2668 3193 θέᾳ
2692 3124 3049 3191 ἐπιτρέπουσι
3080 3124 3140 3177 τὸ
3162 3125 3274 3178 πᾶν
3291 3142 3308 3158 ·
3334 3126 3488 3179 οὐδὲν
3512 3129 3576 3197 τῇ
3603 3128 3703 3180 τοῦ
3733 3128 3860 3182 Θεοῦ

610 3210 817 3272 dentes;
840 3227 1172 3286 quaecunque
1190 3219 1350 3287 igitur
1366 3237 1470 3274 non
1491 3230 1737 3290 poterant
1753 3226 1822 3278 ob
1841 3241 2025 3280 eorum
2053 3242 2182 3281 ocu-

611 3297 690 3350 Ius
715 3302 861 3369 poni,
887 3319 947 3356 ea
976 3305 1048 3358 illi
1080 3311 1463 3376 repudiabant:
1489 3309 1669 3380 itaque
1698 3312 1786 3380 qui
1817 3328 1909 3369 eos
1930 3316 2183 3372 volebant

611 3391 864 3460 decipere
888 3400 1031 3450 circa
1095 3400 1358 3466 cwlestia,
1395 3401 1696 3456 alienarum
1723 3419 1900 3458 rerum
1921 3408 2181 3476 exemplis

611 3482 920 3547 utebantur,
948 3487 1234 3542 aﬂ'ereutes
1283 3505 1376 3543 seu
1423 3490 1646 3545 laxones
1687 3508 1781 3546 seu
1834 3493 2087 3551 formicas
2113 3499 2179 3552 ad

607 3575 999 3628 ostendendum
1058 3579 1544 3632 solisetcoalorum
1602 3596 1794 3638 cursus
1850 3595 1906 3640 et
1955 3602 2180 3641 conver-

607 3663 824 3730 siones;
856 3682 920 3719 ex
960 3669 1040 3722 IIIS
1070 3669 1360 3726 invisibilia
1397 3671 1757 3740 conjiciebant
1781 3679 1803 3732 ?
1825 3691 1878 3733 et
1911 3681 1990 3735 sic
2017 3682 2174 3736 stoli-

607 3753 706 3807 das
738 3763 945 3810 mentes
968 3758 1330 3828 decipiebant.

1208 3953 1359 4010 CAP.
1413 3954 1602 4013 XVIII.

672 4061 838 4117 Vens.
873 4064 924 4118 5.
967 4064 1088 4119 «εἰς
1113 4068 1234 4134 quia
1265 4081 1381 4124 erat
1409 4072 1648 4142 ejusdem
1698 4076 1854 4138 artis,
1920 4081 2170 4134 manebat

601 4150 738 4215 apud
773 4165 886 4213 eos,
921 4161 971 4203 et
1000 4157 1365 4220 operabatur;
1389 4172 1547 4213 erant
1597 4162 1738 4216 enim
1761 4165 2170 4224 sccnofactoria:

599 4249 754 4290 aI‘IIS.
784 4257 802 4288 ι

668 4325 972 4383 Notandum
1005 4345 1084 4388 est
1115 4336 1256 4404 quod
1286 4340 1572 4410 Apostolus
1601 4345 1948 4416 operabatur,
1973 4357 2026 4402 et
2049 4359 2167 4404 erat

599 4419 1012 4476 scenufactoriac
1047 4429 1199 4480 artis.

671 4508 832 4568 Vens.
865 4513 917 4566 6.
956 4535 973 4564 ι
1004 4516 1236 4588 Sanguis
1287 4532 1465 4577 vester
1497 4540 1659 4596 super
1691 4539 1853 4598 caput
1883 4541 2116 4586 vestrum
2147 4552 2160 4588 :

594 4601 826 4656 mundus
855 4620 974 4674 ego.
1013 4626 1031 4659 ›

666 4692 898 4762 Sanguis
952 4711 1112 4752 vester
1151 4718 1309 4772 super
1365 4717 1520 4774 caput
1572 4717 2161 4768 vestrumzobseurum

592 4797 670 4835 εει
698 4784 796 4840 hoc
839 4789 1036 4843 dictum
1067 4809 1082 4858 ;
1112 4808 1306 4850 censeo
1361 4808 1541 4854 autem
1589 4816 1714 4856 eum
1775 4804 1889 4860 haec
1935 4805 2160 4862 dicere:

592 4873 912 4947 Quicunque
967 4899 1069 4936 non
1125 4887 1824 4962 creditinChristum,qui
1887 4897 1993 4949 vita
2054 4908 2160 4963 est,

592 4969 827 5036 seipsmn
885 4975 1198 5031 interimere
1255 4981 1489 5046 videtur,
1548 4985 1615 5038 de
1647 4989 1752 5038 vita
1811 4990 1877 5041 ad
1929 5002 2157 5045 mortem

593 5063 884 5124 transiens,
916 5067 1340 5138 sanguinentque
1380 5088 1536 5127 suum
1599 5078 1832 5142 quodam
1884 5083 2040 5134 modo
2077 5082 2158 5134 ef-

591 5149 820 5206 fundens
883 5170 1053 5210 Inorte
1095 5175 1252 5226 quam
1287 5163 1386 5216 sibi
1432 5165 1594 5218 infert
1628 5183 1642 5230 ;
1677 5169 1787 5222 haec
1812 5168 1976 5238 igitur
1995 5173 2160 5226 dicit:

593 5242 726 5293 Cum
767 5250 1126 5316 vosmetipsos
1163 5268 1257 5320 per
1288 5254 1721 5313 incredulitatem
1755 5276 1985 5315 vestram
2015 5266 2160 5318 oeci-

591 5335 750 5400 datis,
789 5336 1089 5394 istiusmodi
1145 5346 1290 5399 necis
1327 5360 1513 5413 pmnas
1541 5351 1756 5415 dabitis,
1783 5353 2039 5406 innocens
2064 5371 2159 5407 au—

669 5511 710 5542 η
741 5511 916 5568 Calai.
953 5533 1021 5582 Iv,
1058 5519 1110 5573 ι.

1213 5687 1238 5713 υ
1272 5677 1328 5726 (ἶ.
1355 5677 1414 5730 C.
1455 5678 1611 5731 πιοώ.
1683 5690 1708 5716 τ

1034 5750 1050 5771 ⁵
1091 5744 1150 5796 (Σ.
1184 5745 1242 5799 (Σ.
1277 5747 1524 5818 ἐπιφέρει
1549 5750 1652 5816 ἐφ’.

669 5667 689 5699 ί
721 5666 872 5745 (1.1(3.
911 5670 1140 5738 σώματι.

601 5745 793 5784 σταται
806 5752 957 5790 κηων.

1737 5683 1931 5751 ὲγ.εἴρ”.

2009 5692 2030 5719 ι
2071 5683 2129 5738 C.
2159 5683 2220 5738 C.
2254 5686 2520 5750 σὺτόπως.

2283 3212 2600 3284 διδασκαλίᾳ
2639 3212 3021 3276 πιστεύοντες·
3057 3213 3158 3266 ὅσα
3205 3213 3317 3282 γὰρ
3352 3213 3494 3284 ἔργῳ
3538 3231 3626 3278 τις
3674 3218 3863 3279 αὐτοῖς

2282 3303 2384 3354 οὐκ
2439 3301 2671 3371 ἠδύνατο
2725 3303 3121 3372 παραστῆσαι,
3161 3302 3373 3366 τούτοις
3423 3303 3696 3372 ἠπίστουν
3725 3322 3742 3336 ·
3791 3307 3867 3358 διὸ

2280 3391 2377 3444 καὶ
2415 3392 2464 3444 oi
2502 3391 2746 3456 θέλοντες
2781 3395 2968 3456 αὐτοῖς
3006 3395 3354 3466 φρεναπατᾷν
3401 3393 3530 3464 περὶ
3564 3395 3684 3449 τῶν
3735 3414 3862 3466 μετ-

2276 3484 2484 3554 εώρων,
2533 3484 2599 3537 δι’
2653 3485 2856 3554 ἐτέρων
2912 3484 3392 3555 παραδειγμάτων,
3444 3483 3480 3555 ἢ
3543 3489 3708 3556 παρὰ.
3759 3489 3861 3541 τῶν

2279 3577 2510 3645 τροχοὺς
2546 3579 2642 3628 καὶ
2677 3575 2976 3646 μύρμηκας
3017 3579 3096 3640 είς
3131 3576 3406 3641 ἀπόδειξιν
3439 3577 3598 3647 ἡλίου
3631 3582 3730 3632 καὶ
3761 3581 3851 3632 οὐ·

2280 3667 2442 3736 ρανοῦ
2471 3667 2669 3736 δρόμον
2691 3668 3128 3737 παραφέροντες,
3152 3668 3248 3722 καὶ
3277 3669 3342 3721 ὲκ
3362 3667 3571 3722 τούτων
3597 3671 3669 3721 τὰ
3690 3671 3854 3738 ἄδηλα

2279 3757 2836 3826 καταστοχαζόμενοι,
2859 3758 2954 3810 καὶ⁵
2983 3758 3073 3810 διὰ
3095 3757 3202 3811 τῶν
3231 3757 3532 3829 ἀπατηλῶν
3564 3759 3853 3828 γοητεύον-

2277 3864 2372 3910 τες
2397 3847 2498 3910 τάς
2535 3847 2644 3901 τῶν
2674 3847 2899 3918 ἠλιθίων
2933 3848 3133 3919 ψυχάς.

2799 3997 2815 4006 ·
2850 3981 3100 4034 ΚΕΦΑΛ.
3145 3982 3254 4036 1Η’.

2348 4110 2366 4142 ι
2407 4092 2514 4145 Καὶ
2558 4092 2643 4145 διὰ
2673 4095 2732 4145 τὸ
2763 4093 3054 4163 ὁμότεχνον
3089 4091 3248 4158 εἶναι,
3285 4095 3450 4165 ἔμενε
3486 4097 3620 4166 παρ’
3647 4097 3840 4158 αὐτοῖς,

2272 4183 2363 4235 καὶ
2393 4184 2675 4252 εἰργάζετο
2699 4199 2711 4211 ⁸
2747 4181 2887 4255 ἦσαν
2919 4188 3027 4255 γὰρ
3066 4188 3386 4258 σκηνοποιοὶ
3426 4189 3527 4256 τὴν
3563 4191 3785 4259 τέχνην.
3821 4205 3837 4236 ι

2340 4355 2683 4425 Σημειωτέον
2728 4359 2810 4412 ὅτι
2856 4360 3143 4430 εἰργάζετο
3195 4370 3226 4410 7
3262 4363 3290 4415 ὁ
3347 4363 3720 4428 Ἀπόστολος,
3757 4363 3839 4416 καὶ

2272 4447 2353 4500 ὅτι
2385 4449 2798 4520 σκηνοπηγικὴν
2830 4447 2942 4521 εἶχε
2977 4452 3195 4522 τέχνην.
3465 4451 3482 4458 “

2353 4557 2368 4588 :
2403 4538 2476 4591 Τὸ
2515 4534 2652 4608 αἷμα
2684 4541 2836 4611 ὑμῶν
2863 4544 2954 4595 ἐπὶ
2987 4543 3086 4607 τὰς
3115 4544 3357 4614 κεφαλὰς
3382 4545 3542 4615 ὑμῶν
3563 4563 3576 4576 ·
3615 4545 3834 4616 καθαρὸς

2272 4628 2403 4696 ἐγώ.
2443 4649 2461 4681 ι

2345 4719 2416 4774 Τὸ
2443 4715 2584 4790 αἷμα
2623 4722 2790 4792 ὑμῶν
2818 4725 2916 4778 ἐπὶ
2950 4725 3066 4792 τὴν
3089 4727 3368 4797 κεφαλὴν
3397 4728 3565 4797 ὑμῶν
3591 4745 3610 4758 ·
3648 4726 3832 4794 ἀσανξές

2269 4812 2387 4863 ἐστι
2409 4811 2469 4864 τὸ
2503 4815 2694 4884 ῥητόν·
2729 4811 2884 4886 οἶμαι
2915 4817 2972 4869 δὲ
3004 4819 3136 4871 αὐτὸ
3169 4819 3326 4872 τοῦτο
3359 4820 3545 4887 λέγειν
3566 4838 3578 4850 ·
3618 4823 3830 4878 ἕκαστος

2267 4901 2376 4953 τῶν
2400 4903 2778 4958 ἀπιστούντων
2808 4917 2829 4942 ι
2853 4907 3093 4978 Χριστῷ,
3111 4909 3169 4970 ὃς
3191 4911 3306 4962 ἐστι
3327 4909 3461 4980 ζωὴ,
3481 4911 3640 4963 δοκεῖ
3662 4908 3830 4964 ἑαυτὸν

2275 4994 2545 5062 φονεύειν,
2581 4997 2688 5050 ἀπὸ
2719 4999 2820 5068 τῆς
2845 4999 2991 5071 ζωῆς
3025 5002 3366 5070 μεταϐαίνων
3389 5006 3468 5066 είς
3495 5003 3729 5057 θάνατον
3749 5019 3761 5031 ·
3783 5000 3831 5051 τὸ

2272 5081 2411 5154 αἷμα
2461 5088 2655 5141 ἑαυτοῦ
2685 5090 2884 5159 τρόπον
2937 5093 3060 5144 τινὰ
3089 5093 3297 5162 ὲκχέων
3334 5094 3423 5147 διὰ
3461 5096 3564 5164 τῆς
3616 5093 3826 5164 σφαγῆς.

2268 5176 2336 5247 ἣν
2375 5179 2629 5249 ἐπιφέρει
2681 5189 2701 5211 ⁸
2740 5181 2950 5252 ἑαυτῷ·
2987 5184 3144 5236 τοῦτο
3177 5183 3270 5237 οὖν
3323 5201 3520 5255 φησιν·
3571 5185 3716 5237 ’Δνθ⁹
3764 5177 3827 5234 ὧν

2274 5267 2502 5336 “de”:
2555 5272 2779 5335 ἑαυτοὺς
2818 5273 2906 5326 διὰ
2947 5273 3045 5343 τῆς
3092 5275 3375 5340 ἀπιστίας,
3427 5275 3600 5329 αὐτοῦ
3653 5276 3823 5329 τούτου

2221 5403 2239 5424 ,ε
2272 5359 2429 5428 ὑμεῖς
2466 5361 2739 5431 ὑπόσχητε
2774 5363 2949 5433 δίκην,
2982 5364 3116 5433 ἐμοῦ
3150 5365 3329 5420 ἁθώου
3365 5365 3543 5431 ὄντος.
3594 5368 3691 5422 Ἐκ
3714 5364 3826 5418 ταύ-

2599 5691 2705 5745 ΙΩ.
2730 5692 2788 5747 C.
2827 5693 2907 5744 ὅτι
2940 5691 3030 5745 καὶ
3061 5695 3368 5765 εἰργάζετο.
3447 5705 3471 5734 ι
3499 5697 3560 5752 C.
3603 5697 3666 5753 υ.
3695 5695 3814 5747 ἀπο-
