4068 6126
328 196 467 263 1569

1231 186 1696 250 FRAGMENTA
1730 187 1812 248 IN
1845 186 2034 249 ACTA
2066 190 2649 254 APOSTOLORUM.

3428 192 3566 260 1570

323 324 423 380 της
447 305 504 358 δὲ
541 302 639 374 τῆς
687 300 1046 374 σημειώσεως
1074 298 1299 353 δυνατὸν
1346 299 1487 369 τάχα
1520 297 1714 361 εἰπεῖν,
1755 295 1838 350 ὅτι
1868 297 1899 350 ὁ

2017 313 2110 355 ιοιη
2171 315 2270 371 ego
2315 317 2456 356 sum.
2515 301 2589 356 Ex
2644 314 2750 371 qua
2799 301 3180 359 observatione
3247 302 3430 359 forsan
3462 307 3570 363 dici

328 393 550 466 σφάζων
576 391 767 447 ἑαυτὸν
786 392 1108 463 τιμωρεῖται
1134 389 1212 454 ὡς
1232 390 1427 460 φονεὺς
1454 387 1609 457 παρά
1629 387 1709 458 τῷ
1737 386 1855 458 Θεῷ
1879 402 1894 418 ο

325 490 376 542 εί
412 486 470 541 δὲ
498 485 658 548 ἄλλος
694 500 780 546 τις
805 482 1032 551 γένηται
1061 481 1092 521 1)
1120 478 1293 543 αἴτιος
1320 477 1471 549 αὐτῷ
1504 477 1696 531 τούτου
1725 487 1773 542 ε,
1798 479 1901 531 κά-

326 581 536 641 κεῖνοςο
593 575 647 629 τί
684 574 792 646 γάρ
839 574 924 628 ὅτι
957 571 1293 640 διωκόμενός
1321 587 1405 633 τις
1434 569 1544 623 ὑπό
1596 585 1766 636 τινος,
1803 570 1901 624 καὶ

329 670 492 741 ῥίψας
526 666 717 723 ἑαυτὸν
762 665 904 720 κατά
935 662 1198 735 κρημνῶν
1239 661 1537 726 ἀπέθανεν,
1581 661 1615 732 ἢ
1667 662 1764 715 καὶ
1793 662 1902 715 ὑπὸ

328 760 529 831 πολλῆς
558 758 956 830 περιστάσεως,
987 757 1082 809 καὶ
1107 754 1309 823 πικρᾶς
1333 752 1580 822 φυλακῆς
1600 793 1613 812 .
1648 753 1744 806 καὶ
1776 768 1901 806 ποι-

328 854 497 908 κίλων
549 850 781 905 ἐπιπολὺ
842 848 1092 919 βασάνων
1127 845 1487 917 συνεχόμενος
1511 880 1526 906 ,
1578 843 1901 919 δηλητηρίῳ

329 937 604 1016 ἐχρήσατο
622 959 639 1005 ;

410 1054 428 1086 ι
471 1030 604 1086 Είπε
657 1031 715 1085 δὲ
747 1032 776 1084 ό
833 1028 1040 1100 Κύριος
1092 1029 1149 1081 ὲν
1190 1026 1347 1080 νυκτὶ
1389 1024 1458 1078 δι’
1488 1026 1766 1095 ὁράματος
1823 1024 1900 1097 τῷ

331 1124 547 1195 Παύλῳ.
595 1143 615 1176 t
1850 1148 1857 1155 .

402 1213 744 1285 Σημειωτέον
773 1214 854 1266 ὅτι
886 1208 994 1264 εἶδε
1025 1209 1117 1263 τὸν
1145 1208 1351 1280 Κύριον
1393 1207 1603 1279 Ἰησοῦν
1628 1209 1664 1261 ὁ
1694 1206 1902 1271 Παῦλος

328 1302 399 1359 δι’
430 1303 694 1375 ὀνείρωνο
748 1302 832 1357 διὸ
876 1302 969 1355 καὶ
1000 1299 1164 1363 αὐτὸς
1209 1300 1429 1366 ἔλεγεν·
1470 1298 1617 1367 Οὐχί
1662 1298 1905 1365 Ἰησοῦν

327 1397 437 1452 τὸν
479 1398 699 1465 Κύριον
743 1395 916 1464 ἡμῶν
951 1393 1224 1462 ἐώρακα;
1262 1392 1384 1444 Εἴτε
1435 1391 1491 1444 δὲ
1533 1391 1601 1444 δι’
1653 1390 1900 1460 ὀνείρων,

328 1488 440 1542 εἴτε
475 1488 569 1541 καὶ
607 1486 928 1557 ὲγρηγορῶς
972 1483 1252 1553 ἐθεώρησε
1281 1483 1372 1536 τὸν
1417 1481 1651 1551 Ἰησοῦν,
1678 1480 1906 1552 οὐδεμία

326 1579 561 1649 διαφορά
582 1596 596 1611 ·
633 1579 772 1648 πλὴν
803 1578 896 1631 καὶ¹
927 1580 985 1630 ὲν
1012 1576 1198 1646 ἡμέρᾳ.
1217 1573 1374 1644 ὤφθη
1412 1573 1562 1643 αὐτῷ
1587 1572 1724 1644 (l6).

2009 400 2187 462 putest
2235 392 2474 463 seipsum
2504 394 2919 450 interficientem
2946 408 2975 447 a
3006 393 3116 449 Deo
3137 394 3313 464 puniri
3348 412 3455 449 non
3485 411 3575 451 se-

2007 496 2106 539 cus
2142 496 2207 539 ac
2243 483 2569 540 homicidam
2598 494 2694 554 ;et
2713 485 2758 542 si
2786 485 2910 555 quis
2950 485 3108 540 alicui
3145 500 3303 555 causa
3341 494 3428 542 est
3480 503 3578 543 cur

2007 589 2067 632 se
2090 575 2323 644 occidat,
2381 577 2487 633 iste
2543 591 2758 648 quoque
2793 577 2895 633 sibi
2957 578 3114 646 ipse:
3150 578 3276 646 quid
3323 578 3465 632 enim
3497 586 3583 633 est

2008 681 2128 723 cum
2163 667 2379 737 aliquis,
2419 667 2526 725 alio
2557 670 2896 739 insequente,
2917 683 2976 753 se
3003 669 3330 739 praecipitem
3385 671 3479 724 dat
3526 680 3583 726 et

2011 760 2262 824 moritur,
2289 769 2382 814 aut
2413 769 2635 830 pr0pter
2685 758 2884 814 nimias
2914 760 3218 824 molestias,
3256 761 3371 814 sive
3392 761 3583 817 duram

2011 848 2404 918 captivitatem,
2445 849 2560 903 sive
2614 847 2857 903 diversos
2878 856 2932 901 et
2961 849 3245 904 diuturnos
3283 850 3582 916 cruciatus,

2012 952 2223 993 veneno
2239 937 2345 993 sibi
2373 947 2604 993 mortem
2627 936 2956 992 conscisciti

2082 1026 2245 1084 Vens.
2273 1027 2327 1083 9.
2351 1027 2528 1083 «Dixit
2544 1037 2724 1083 autem
2751 1010 3009 1081 Dominus
3029 1037 3184 1083 nocte
3206 1041 3303 1099 per
3325 1027 3586 1083 visionem

2011 1117 2197 1173 Paulo.
2223 1137 2242 1170 ι

2082 1208 2385 1264 Volandum
2403 1206 2725 1283 estPaulnm
2745 1221 2839 1277 per
2856 1207 3062 1262 somniat
3083 1206 3280 1262 vidisse
3304 1206 3586 1265 Dominum

2015 1301 2195 1357 Jesum
2238 1318 2251 1355 :
2288 1306 2615 1372 quaprOpter
2644 1298 2855 1354 dicebat
2883 1314 2897 1351 :
2926 1296 3116 1352 Nonne
3147 1298 3252 1351 vidi
3272 1298 3451 1354 Iesum
3483 1299 3590 1353 Do-

2015 1392 2217 1445 minum
2252 1387 2759 1455 nostrum“?Quod
2808 1397 2988 1441 autem
3041 1385 3226 1441 Jesum
3269 1389 3324 1442 in
3360 1390 3589 1444 somniis

2013 1489 2107 1534 aut
2143 1479 2370 1551 vigilans
2408 1479 2629 1545 viderit,
2683 1478 2817 1532 nihil
2846 1478 3074 1533 interest
3108 1494 3122 1531 :
3156 1493 3279 1535 eum
3322 1486 3499 1533 tamen
3520 1479 3590 1534 de

2017 1571 2104 1625 die
2135 1569 2287 1622 vidit.

406 1690 425 1723 ι
468 1670 890 1741 Ἐπιλαὸόμενοι
920 1669 978 1722 δὲ
1010 1669 1211 1730 πάντες
1240 1666 1293 1721 oi
1336 1664 1584 1719 Ἰουδαῖοι
1616 1662 1903 1735 Σωσθένην

2078 1658 2245 1714 Vens.
2273 1657 2360 1713 i7.
2396 1676 2415 1709 ι
2452 1655 2926 1726 Apprehendentes
2947 1665 3124 1711 autem
3144 1670 3333 1711 omnes
3366 1655 3590 1711 Somne-

328 1763 419 1817 τὸν
457 1761 933 1833 ἀρχισυνάγωγον,
964 1752 1195 1812 ἔτυπτον
1239 1756 1553 1828 ἔμπροσθεν
1593 1754 1690 1809 τοῦ
1726 1756 1908 1827 βήμα-

329 1872 420 1919 τος
441 1870 457 1885 '
493 1855 589 1908 καὶ
611 1853 763 1907 οὐδὲν
795 1851 1004 1906 τούτων
1031 1849 1112 1922 τῷ
1145 1849 1413 1903 Γαλλίωνι
1440 1847 1688 1918 ἔμελλεν.
1729 1865 1749 1900 t

400 1948 474 2000 Ἦ
500 1947 590 2000 διὰ
626 1944 790 2001 τοῦτο
832 1944 1066 1997 ἔτυπτον
1108 1942 1204 1996 τὸν
1237 1940 1546 2010 Σωσθένην,
1584 1938 1774 2010 ἐπειδὴ
1817 1940 1911 1993 καὶ

330 2037 495 2101 αὐτὸς
521 2034 592 2108 ἦν
639 2035 839 2107 μᾶλλον
871 2032 1300 2107 προστιθέμενος
1337 2030 1415 2102 τῷ
1447 2029 1646 2099 Παύλῳ
1670 2068 1685 2094 ,
1712 2028 1787 2091 ὡς
1815 2030 1911 2082 καὶ

331 2128 581 2199 Κρίσπος
609 2128 637 2179 ό
665 2125 1144 2196 ἀρχισυνάγωγοςο
1175 2122 1208 2193 ἢ
1237 2123 1318 2185 είς
1339 2120 1598 2174 τοσοῦτον
1620 2114 1764 2191 ἦσαν
1784 2118 1913 2190 ὲλη-

331 2218 558 2282 λακότες
585 2217 802 2288 μανίας,
826 2217 908 2271 ὅτι
938 2215 1307 2285 ἀποτυχόντες
1326 2212 1422 2266 τοῦ
1443 2211 1649 2266 σκοποῦ
1673 2210 1907 2275 ἑαυτῶν,

333 2312 454 2365 ἀντὶ
484 2310 577 2363 τοῦ
608 2309 832 2363 τύπτειν
874 2309 966 2361 τὸν
1009 2308 1224 2361 Παῦλον
1247 2348 1263 2373 ,
1297 2306 1583 2375 Σωσθένην
1612 2304 1702 2358 τὸν
1751 2305 1912 2374 ἀρχι-

334 2401 654 2472 συνάγωγον
712 2400 984 2454 ἔτυπτον·
1021 2399 1054 2469 ἢ
1106 2398 1197 2453 διὰ
1244 2396 1402 2450 τοῦτο
1447 2395 1682 2448 ἔτυπτον
1725 2393 1908 2459 αὐτὸν,

333 2492 522 2562 ἐπειδὴ
553 2490 581 2532 ἀ
621 2490 1011 2562 ἠϐουλήθησαν
1059 2490 1222 2544 αὐτὸν
1256 2487 1518 2559 φονεῦσαι
1548 2486 1640 2539 τὸν
1675 2483 1910 2549 Παῦλον,

333 2584 426 2637 καὶ
443 2582 726 2652 Σωσθένης
744 2582 1071 2636 διεκώλυσεν
1092 2580 1314 2643 αὐτούς.
1334 2609 1407 2621 -
1424 2578 1535 2632 Καί
1555 2577 1682 2646 μετ’
1702 2577 1877 2645 ὀλίγα
1896 2592 1910 2606 ⁸

345 2674 462 2727 Ἐπ’
507 2674 674 2727 αὑτοῦ
722 2675 817 2727 τοῦ
867 2675 1127 2745 ἄρχοντος
1166 2671 1560 2735 ἀκαθοσιώτως
1599 2670 1905 2733 ποιοῦντες,

2011 1767 2132 1806 ncm
2158 1750 2454 1819 principem
2477 1748 2791 1819 Synagogte,
2810 1747 3180 1816 percutiebant
3206 1761 3330 1801 eum
3360 1758 3483 1801 ante
3501 1746 3593 1802 tri-

2013 1841 2173 1896 bunal
2208 1859 2220 1893 :
2264 1850 2318 1894 et
2350 1838 2484 1892 nihil
2514 1853 2700 1891 eorum
2726 1836 2960 1892 Gallioni
2993 1852 3137 1893 cum
3165 1849 3302 1893 erat.
3348 1854 3370 1889 ι
3442 1900 3463 1912 δ

2090 1930 2472 1985 Percutiebunt
2533 1927 2879 1993 Soslhenem,
2908 1927 2992 1982 vel
3035 1928 3163 1998 quia
3213 1929 3387 1999 magis
3416 1924 3590 1983 Paulo

2011 2022 2345 2084 adhaerebat,
2372 2030 2427 2075 ut
2459 2019 2685 2089 Crispus
2714 2017 3016 2091 Synagogaz
3044 2019 3331 2090 princeps;
3351 2019 3430 2074 vel
3461 2022 3590 2088 quia

2012 2117 2078 2170 ad
2132 2114 2184 2170 id
2219 2112 2418 2168 furoris
2466 2113 2816 2174 devenerant,
2868 2121 2947 2176 ut,
3006 2124 3108 2166 suo
3155 2110 3428 2166 desiderio
3473 2110 3594 2164 fru-

2012 2204 2190 2269 strati,
2222 2215 2319 2272 pro
2342 2201 2530 2267 Paulo,
2586 2199 2911 2255 Sosuienem
2955 2199 3253 2270 Synagogae
3290 2199 3592 2270 principem

2015 2302 2401 2365 percuterent;
2434 2292 2514 2344 vel
2550 2291 2696 2361 quia,
2735 2306 2856 2345 cum
2913 2289 3140 2344 Paulum
3188 2291 3449 2346 occidere
3483 2291 3593 2346 vel-

2014 2387 2145 2451 lent,
2194 2383 2500 2439 Sostheues
2562 2396 2657 2436 eos
2696 2382 3034 2452 prohibebat.
3058 2412 3133 2429 -
3153 2381 3219 2436 Et
3237 2392 3351 2451 post
3379 2399 3547 2451 pauca
3572 2398 3595 2441 :

2017 2477 2340 2532 Sosthenem
2400 2472 2780 2545 percutiebant
2811 2472 3109 2543 Synagoga:
3159 2475 3455 2544 principem
3488 2475 3595 2529 im-

2017 2570 2114 2642 pii,
2149 2568 2393 2623 dicentes
2430 2583 2444 2624 :
2484 2566 2542 2621 Si
2593 2568 2735 2635 quod
2778 2566 2890 2620 vult
2925 2567 3176 2635 quisque,
3221 2566 3273 2620 id
3304 2567 3435 2637 agit,
3494 2581 3598 2625 nec

2016 2671 2100 2718 est
2129 2660 2251 2727 lex;
2280 2663 2407 2715 cece
2432 2674 2530 2713 nos
2559 2658 2722 2712 istum
2760 2656 3112 2727 percutimus.
3136 2654 3246 2712 Nec
3264 2657 3593 2714 adversaba-

332 2765 563 2818 ἔτυπτον
596 2766 904 2835 Σωσθένην,
930 2765 1088 2818 τοῦτο
1109 2765 1362 2833 λέγοντες
1386 2781 1400 2794 ·
1441 2766 1505 2817 Εί
1532 2766 1560 2816 ὀ
1584 2762 1752 2815 θέλων
1774 2762 1911 2814 ποιεί

2021 2765 2108 2809 tur
2136 2751 2217 2808 eis
2244 2749 2554 2820 proconsul,
2593 2750 2687 2803 sed
2753 2747 2966 2803 sinebat
3014 2747 3245 2803 invicem
3283 2755 3593 2817 percutere,

332 2856 361 2908 δ
385 2854 531 2911 θέλει
561 2897 576 2919 ,
608 2858 704 2910 καὶ
742 2858 841 2909 οὑκ
876 2856 993 2910 ἐστι
1022 2856 1186 2926 νόμος
1211 2896 1226 2919 ,
1255 2855 1364 2908 ίδοὺ
1398 2864 1422 2894 ο
1455 2854 1617 2924 ἡμεῖς
1640 2851 1918 2922 τύπτομεν

333 2947 552 3001 τοῦτον·
594 2951 686 3001 καὶ
724 2949 784 3001 οὐ
826 2950 1211 3020 προσεποιεῖτο
1254 2946 1455 3009 αὐτοὺς
1496 2946 1525 2999 ό
1571 2942 1910 3006 ἀνθύπατος,

2020 2860 2169 2906 cum,
2195 2842 2239 2897 si
2267 2842 2340 2896 ita
2376 2840 2516 2895 male
2537 2838 2774 2908 egissent
2794 2837 2848 2893 in
2876 2838 3039 2892 alium
3061 2851 3458 2909 quemcunque,
3486 2853 3596 2892 non

2021 2945 2200 2988 autem
2224 2934 2279 2985 in
2306 2932 2559 2994 invicem,
2589 2937 2740 2985 certe
2766 2941 2860 2984 eos
2890 2929 3291 2998 castigavisset.

334 3040 449 3093 ἀλλ’
499 3040 586 3095 εία
625 3042 820 3105 αὐτοὺς
860 3040 1087 3094 τύπτειν
1138 3038 1403 3110 ἀλλήλους
1426 3053 1439 3068 ο
1496 3037 1620 3093 ἐπεὶ
1670 3036 1719 3089 εί
1767 3030 1908 3107 ἦσαν
1947 3030 2089 3085 κατά
2110 3044 2252 3088 τινος
2322 3023 2483 3078 άλλου
2511 3020 2605 3076 καὶ
2671 3022 2748 3093 μὴ
2779 3021 2901 3076 καθ’
2943 3022 3151 3077 ἑαυτῶν
3178 3023 3501 3094 ποιήσαντες
3529 3022 3593 3077 τὸ

333 3133 533 3187 ἀτοπον
564 3132 743 3198 τοῦτο,
779 3132 1001 3196 πάντως
1030 3128 1177 3202 εἶχεν
1213 3130 1411 3193 αὐτοὺς
1431 3127 1795 3200 σωφρονίσαι.

411 3244 431 3277 ι
476 3226 534 3279 '0
577 3225 634 3278 δὲ
671 3223 884 3288 Παῦλος
923 3224 1005 3281 ἔτι
1038 3199 1379 3296 προσμείνας
1408 3199 1629 3292 ἡμέρας
1684 3215 1906 3282 ίκανάς,

2086 3205 2250 3260 Vens.
2280 3202 2367 3258 18.
2407 3219 2426 3254 ι
2462 3199 2658 3255 Paulus
2712 3213 2842 3255 vero
2874 3214 2994 3252 cum
3040 3199 3218 3254 adhuc
3246 3202 3593 3259 sustinuimct

334 3316 449 3378 τοῖς
495 3314 751 3384 ἀδελφοῖς
798 3314 1212 3384 ἀποταξάμενος
1235 3355 1253 3381 ,
1301 3311 1523 3379 ἐξέπλει
1558 3313 1638 3374 είς
1675 3308 1777 3381 τὴν
1811 3308 1916 3361 Συ-

339 3405 458 3476 ρίαν
496 3404 612 3476 (καὶ
642 3405 739 3459 σὺν
771 3403 920 3474 αὑτῷ
950 3403 1256 3476 Πρίσκιλλα
1288 3402 1383 3457 κο.)⁵
1418 3398 1707 3471 Ἀκύλας),
1729 3397 1915 3469 κειρά-

340 3515 500 3569 μενος
521 3499 578 3550 ὲν
604 3499 912 3568 Κεγχρεαῖς
940 3498 1040 3567 τὴν
1070 3497 1316 3566 κεφαλήν
1335 3512 1349 3527 ·
1383 3491 1498 3565 εἶχε
1527 3492 1858 3564 γὰρεὺχήν.
1892 3507 1911 3542 ι

408 3677 587 3747 Εὑχὴν
630 3676 698 3748 ἢν
730 3676 879 3744 λέγει
912 3675 1210 3744 ὑπόσχεσιν
1250 3673 1623 3742 ὑποσχόμενος
1666 3667 1735 3741 ἧν
1776 3671 1920 3722 ἀπο-

341 3768 506 3837 κόψαι
545 3768 645 3840 τὴν
676 3770 871 3838 τρίχαο
919 3767 1009 3819 ἵνα
1043 3765 1246 3836 μηκέτι
1288 3764 1364 3826 ὡς
1394 3762 1660 3831 κοσμικὸς
1698 3760 1770 3813 τὰ
1809 3759 1919 3811 τῶν

344 3859 623 3928 κοσμικῶν
654 3860 888 3927 πράττει
911 3856 930 3895 ί
963 3869 979 3885 °
1012 3857 1126 3909 ἀλλ’
1157 3857 1232 3918 ὼς
1259 3854 1402 3908 κατὰ
1428 3853 1562 3905 Θεὸν
1591 3852 1700 3916 ζῶν
1729 3865 1913 3919 παρα-

349 3952 510 4024 μείνῃ
548 3954 613 4021 τῇ
661 3948 956 4019 Ἐκκλησία
1002 3946 1279 4018 σχολάζων
1308 3945 1372 3999 τὸ
1405 3942 1700 3999 ἀκόλουθον
1748 3943 1774 3983 ⁸
1806 3940 1920 4003 τοῖς

344 4044 665 4104 ἀποστόλοις
708 4041 804 4094 καὶ
838 4039 1105 4109 μαθηταῖς
1127 4056 1142 4070 ο
1178 4038 1274 4092 καὶ
1316 4037 1552 4100 Ἀκύλας
1598 4033 1657 4087 δὲ
1695 4032 1755 4098 ὲξ
1785 4032 1919 4085 ὑπο-

346 4137 583 4206 σχέσεως
619 4131 897 4199 ἀπέκοψεν
949 4129 1146 4184 ἑαυτοῦ
1176 4129 1277 4193 τὰς
1320 4127 1535 4199 τρίχας.
1570 4123 1918 4196 Σημειωτέον

344 4229 401 4281 δὲ
459 4228 542 4279 ὅτι
594 4227 642 4278 oi
691 4223 939 4286 θέλοντες
993 4221 1153 4293 δῆθεν
1206 4220 1473 4282 θεοσεϐῶς
1527 4215 1651 4289 ζῇν,
1701 4215 1919 4270 ἐποίουν

346 4316 540 4368 τοῦτο·
582 4313 724 4369 ὥστε
764 4313 859 4367 οῦν
909 4312 1088 4376 καλῶς
1122 4311 1218 4364 καὶ
1259 4313 1307 4364 οί
1356 4309 1690 4380 μονάζοντες
1718 4307 1812 4360 καὶ
1861 4307 1919 4359 αί

349 4406 632 4461 κοινονιιιαλ⁵
671 4402 1060 4473 ἀποκείρονται
1098 4403 1198 4473 τὴν
1238 4401 1419 4471 κόμην
1444 4414 1458 4429 ·
1507 4400 1607 4470 οὐχ
1647 4398 1834 4461 ἁπλῶς
1864 4396 1920 4450 δὲ

349 4498 505 4551 τοῦτο
533 4496 769 4562 ἐποίουν,
795 4496 910 4550 ἀλλ’
934 4493 1056 4557 ἔθος
1074 4488 1144 4564 ἦν
1166 4492 1396 4547 παλαιὸν
1430 4489 1705 4552 Ἰουδαίοις
1734 4487 1914 4551 τοῦτο,

2020 3299 2134 3354 dies
2173 3295 2391 3359 multos,
2434 3291 2696 3345 fratribus
2749 3289 3081 3344 valefaciens
3108 3291 3377 3359 navigavit
3410 3294 3457 3345 in
3492 3291 3593 3365 Sy-

2019 3391 2183 3456 riam,
2244 3396 2299 3442 et
2328 3399 2448 3440 cum
2503 3383 2622 3453 ipso
2665 3380 2908 3436 Priscilla
2963 3392 3015 3434 et
3063 3380 3276 3450 Aquila,
3345 3386 3435 3451 qui
3491 3385 3595 3438 sibi

2020 3480 2405 3549 totonderatin
2437 3476 2702 3534 Cenchris
2764 3483 2925 3543 caput
2967 3491 2979 3528 :
3029 3473 3260 3527 habebnt
3309 3474 3450 3528 enim
3501 3490 3597 3529 vo-

2046 3589 2156 3627 lll“.
2194 3592 2212 3620 1

2046 3589 2156 3627 um.
2194 3592 2212 3620 ι

2022 3587 2037 3629 ι
2090 3660 2284 3715 Votum
2324 3658 2391 3711 de
2444 3671 2552 3725 quo
2594 3657 2771 3709 dicit:
2805 3655 3026 3708 habebat
3086 3646 3282 3721 totum,
3340 3657 3596 3712 tondendi

2022 3767 2256 3815 comam,
2292 3760 2371 3811 ut,
2419 3747 2574 3815 quasi
2614 3762 2721 3800 non
2750 3745 2860 3811 jam
2899 3748 2964 3800 de
2995 3749 3215 3810 mundo,
3251 3762 3371 3816 qua:
3411 3749 3596 3803 mundi

2021 3850 2176 3899 erant
2206 3854 2310 3895 non
2331 3837 2441 3903 iam
2471 3835 2692 3898 faceret,
2721 3838 2811 3888 sed
2853 3835 3150 3888 secundum
3184 3835 3354 3889 Deum
3384 3838 3596 3903 vivens,

2022 3933 2075 3988 in
2103 3928 2372 3998 apostolos
2392 3935 2449 3982 et
2472 3923 2765 3993 discipulus
2801 3922 3101 3977 ministerio
3131 3931 3301 3976 totum
3332 3938 3391 3978 se
3416 3926 3592 3991 daret,

2022 4025 2078 4078 in
2119 4019 2359 4076 Ecclesia
2386 4024 2798 4081 commoratus;
2835 4015 2915 4068 sic
2949 4028 3010 4066 ex
3050 4023 3174 4067 voto
3221 4013 3324 4067 sibi
3383 4029 3595 4069 comam

2026 4112 2257 4170 totondit
2284 4108 2500 4180 Aquila.
2559 4104 2866 4161 Notandum
2900 4114 3077 4158 autem
3129 4113 3211 4158 est
3247 4104 3486 4159 volentes
3510 4106 3597 4175 pie

2025 4206 2319 4263 virerehoc
2346 4203 2559 4266 fecisse;
2584 4200 2723 4252 unde
2747 4207 2890 4252 recte
2916 4196 3014 4251 sibi
3040 4212 3247 4250 comam
3272 4197 3629 4265 prmscindnnt

2025 4297 2273 4353 monachi
2309 4306 2363 4349 et
2400 4289 2661 4348 tnoniales
2694 4306 2708 4357 ;
2748 4303 2849 4343 nec
2911 4297 3114 4342 temere
3161 4287 3267 4344 hoc
3298 4287 3592 4354 faciebant,

2022 4394 2116 4447 sed
2141 4393 2279 4460 apud
2337 4386 2550 4443 Judasos
2601 4398 2719 4439 mos
2747 4390 2865 4436 erat
2889 4380 3165 4447 antiquus,
3194 4391 3250 4434 ut
3279 4381 3333 4433 in
3361 4384 3598 4434 secundo

2023 4494 2077 4539 et
2106 4480 2382 4538 tricesimo
2439 4477 2615 4547 capite
2676 4473 2915 4544 reperies
2948 4487 2963 4538 ;
2997 4470 3073 4524 illi
3108 4481 3284 4525 autem
3314 4471 3365 4525 in
3401 4469 3593 4540 ﬁgura,

350 4589 426 4652 ὡς
448 4591 505 4641 ὲν
530 4588 607 4658 τῷ
629 4587 708 4657 λβ¹
737 4585 1020 4656 κεφαλαίῳ
1047 4562 1332 4656 εύρήσεις·
1361 4584 1605 4637 κάκεῖνοι
1639 4579 1739 4650 μὲν
1769 4595 1911 4632 σκιο-

2024 4590 2121 4630 nos
2178 4587 2306 4628 vero
2337 4571 2389 4625 in
2438 4570 2695 4632 veritate,
2734 4566 2788 4620 in
2820 4563 3041 4630 mundo,
3100 4562 3309 4617 scilicet
3339 4580 3367 4615 a
3397 4564 3595 4614 mumlo

352 4678 556 4743 τύπως,
586 4679 748 4749 ἡμεῖς
778 4677 839 4733 δὲ
877 4673 1107 4745 ἀληθείᾳ.
1139 4673 1200 4728 τὸ
1231 4673 1391 4745 ἔργον
1422 4670 1710 4742 ποιοῦμεν,
1753 4670 1812 4721 ὲν
1841 4667 1920 4737 τῷ

425 4832 466 4862 ’⁸
498 4830 515 4883 1
548 4831 673 4886 Cor.
705 4847 776 4891 ιχ,
814 4831 862 4883 l.

423 4992 450 5029 ι)
480 4991 543 5043 (ἒ,
575 4988 639 5042 C.
670 4988 946 5056 γέννηται.
1028 4996 1049 5023 ε
1081 4984 1144 5038 C.
1187 4983 1248 5037 C.
1275 4980 1451 5032 τοῦτο.

354 5063 416 5115 C.
447 5057 779 5111 ἀκολουθεῖν.

1564 4975 1591 5013 ά
1624 4974 1686 5028 C.
1713 4973 1774 5028 C.
1809 4970 2000 5041 ἐπειδὴ
2031 4969 2256 5040 μᾶλλον.

2026 4679 2197 4720 comae
2226 4661 2543 4734 precisione
2575 4656 2843 4728 segregati
2870 4673 2884 4722 ;
2921 4656 2972 4709 in
3003 4652 3093 4708 illo
3126 4653 3302 4720 capite
3330 4660 3597 4705 memorat

2368 4978 2390 5000 '
2420 4971 2480 5026 C.
2514 4969 2577 5026 C.
2610 4968 2718 5024 ίθοὺ
2744 4967 2858 5021 καί.
2945 4967 2965 5005 ί
2993 4963 3052 5020 C.
3078 4963 3139 5017 C.
3169 4963 3408 5033 πράττῃ.
3478 4962 3504 5001 σ
3535 4960 3596 5014 C.

430 5209 843 5283 (‘16)Scholium
881 5202 1163 5283 quogﬁsuh
1199 5201 1420 5283 nomine
1461 5195 1911 5283 Chrysostongii‘ii

2028 5191 2731 5283 Ψὶ-άεντττὲιηξεηδεεξίξι
2752 5187 3403 5283 ειξεῃκέτξέξῖΰῖξρὲξιν
3418 5185 3601 5283 -533

359 5263 554 5338 calena
581 5263 841 5333 Crameri
995 5273 1101 5328 505
1151 5270 1469 5342 inscribitur
1513 5263 1636 5335 post
1684 5263 1925 5342 codicem

360 5335 523 5406 (ἰδίει.
578 5346 863 5402 Ammonio
902 5335 1265 5398 'restitnimus.
1331 5339 1409 5392 lla
1446 5352 1576 5390 vero
1614 5350 1674 5389 se
1720 5335 1925 5406 habet:

360 5401 612 5474 Ᾰείκνυσι
637 5415 745 5469 τῶν
792 5413 1062 5467 Ἰουδαίων
1095 5410 1231 5474 τέως
1262 5408 1403 5460 κατά
1424 5407 1485 5459 τὸ
1512 5406 1814 5478 πρόχειρον
1830 5401 1929 5470 τὴν

362 5472 677 5559 παράνομον
706 5485 847 5559 κατά
874 5482 967 5535 τοῦ
1011 5472 1223 5559 Παύλου
1263 5472 1595 5559 κατηγορίαν
1622 5472 1649 5525 ὁ
1676 5472 1929 5559 ,ἀνθύπα-

363 5542 473 5623 τοξ,
532 5542 973 5624 ἀποϐαλλὸμενος
1036 5548 1265 5612 αὐτούς·
1323 5542 1431 5601 καῖ
1475 5542 1795 5614 κατακρίνει
1837 5542 1928 5594 τὸν

2024 5264 2122 5316 τοῦ
2162 5262 2299 5316 Θεοῦ
2335 5256 2518 5329 Λόγου
2555 5256 2753 5330 Ἰησοῦ,
2804 5256 2897 5312 καὶ
2942 5256 3599 5330 μαστιγώσανταλαὺτὸν,

2027 5335 2123 5386 καὶ
2168 5325 2479 5403 παραδόντα
2529 5325 2634 5403 είςί
2660 5332 2889 5403 θάνατον
2914 5325 3144 5403 (καίτοι
3164 5327 3359 5403 ἀὐτὸς
3387 5325 3600 5402 λέγωνς

2028 5405 2149 5457 Ὅτι
2183 5391 2470 5468 οὐδεμίαν
2505 5391 2768 5467 εὑρίσκω
2814 5395 3094 5468 ἀφορμὴν
3150 5394 3411 5449 θανάτου
3451 5391 3604 5445 και-ἁ

2025 5476 2135 5528 τοῦ
2160 5471 2477 5541 ἀνθρώπου
2506 5474 2743 5525 τούτου.
