  <div class='ocr_page' id='page_1' title='image "/cluster/home/n/w/nwhite01/storage/ocr_20150623/85/mdp.39015032042783/792.png"; bbox 0 0 4068 6126; ppageno 0'>
   <div class='ocr_carea' id='block_1_1' title="bbox 345 215 481 282">
    <p class='ocr_par' dir='ltr' id='par_1_1' title="bbox 345 215 481 282">
     <span class='ocr_line' id='line_1_1' title="bbox 345 215 481 282; baseline 0.015 -2"><span class='ocrx_word' id='word_1_1' title='bbox 345 215 481 282; x_wconf 77' lang='grc'><strong>1573</strong></span> 
     </span>
    </p>
   </div>
   <div class='ocr_carea' id='block_1_2' title="bbox 1257 218 2676 290">
    <p class='ocr_par' dir='ltr' id='par_1_2' title="bbox 1257 218 2676 290">
     <span class='ocr_line' id='line_1_2' title="bbox 1257 218 2676 290; baseline -0.006 0"><span class='ocrx_word' id='word_1_2' title='bbox 1257 226 1715 290; x_wconf 78' lang='lat' dir='ltr'><strong>FRAGMENTA</strong></span> <span class='ocrx_word' id='word_1_3' title='bbox 1757 221 1836 284; x_wconf 83' lang='lat' dir='ltr'><strong>IN</strong></span> <span class='ocrx_word' id='word_1_4' title='bbox 1875 221 2064 280; x_wconf 74' lang='lat' dir='ltr'><strong>ACTA</strong></span> <span class='ocrx_word' id='word_1_5' title='bbox 2101 218 2676 282; x_wconf 83' lang='lat' dir='ltr'><strong>APOSTOLORUM.</strong></span> 
     </span>
    </p>
   </div>
   <div class='ocr_carea' id='block_1_3' title="bbox 3453 221 3590 288">
    <p class='ocr_par' dir='ltr' id='par_1_3' title="bbox 3453 221 3590 288">
     <span class='ocr_line' id='line_1_3' title="bbox 3453 221 3590 288; baseline 0.007 -1"><span class='ocrx_word' id='word_1_6' title='bbox 3453 221 3590 288; x_wconf 74' lang='grc'><strong>1574</strong></span> 
     </span>
    </p>
   </div>
   <div class='ocr_carea' id='block_1_4' title="bbox 345 318 1919 407">
    <p class='ocr_par' dir='ltr' id='par_1_4' title="bbox 345 327 1919 403">
     <span class='ocr_line' id='line_1_4' title="bbox 345 327 1919 403; baseline -0.003 -17"><span class='ocrx_word' id='word_1_7' title='bbox 345 332 494 396; x_wconf 78' lang='grc' dir='ltr'><strong>παῖς,</strong></span> <span class='ocrx_word' id='word_1_8' title='bbox 528 329 623 386; x_wconf 70' lang='grc' dir='ltr'><strong>καὶ</strong></span> <span class='ocrx_word' id='word_1_9' title='bbox 649 329 938 386; x_wconf 79' lang='grc' dir='ltr'><strong>συνίστατο</strong></span> <span class='ocrx_word' id='word_1_10' title='bbox 973 329 1082 386; x_wconf 82' lang='grc' dir='ltr'><strong>άπδ</strong></span> <span class='ocrx_word' id='word_1_11' title='bbox 1119 329 1222 402; x_wconf 85' lang='grc' dir='ltr'><strong>τῆς</strong></span> <span class='ocrx_word' id='word_1_12' title='bbox 1260 331 1518 403; x_wconf 84' lang='grc' dir='ltr'><strong>Γραφῆς·</strong></span> <span class='ocrx_word' id='word_1_13' title='bbox 1549 329 1690 402; x_wconf 81' lang='grc' dir='ltr'><strong>πλὴν</strong></span> <span class='ocrx_word' id='word_1_14' title='bbox 1729 327 1919 400; x_wconf 78' lang='grc' dir='ltr'><strong>ἀτελὴς</strong></span> 
     </span>
    </p>
   </div>
   <div class='ocr_carea' id='block_1_5' title="bbox 2021 318 3597 407">
    <p class='ocr_par' dir='ltr' id='par_1_5' title="bbox 2022 318 3597 407">
     <span class='ocr_line' id='line_1_5' title="bbox 2022 318 3597 407; baseline 0.006 -21"><span class='ocrx_word' id='word_1_15' title='bbox 2022 345 2112 386; x_wconf 86' lang='lat' dir='ltr'><strong>tur</strong></span> <span class='ocrx_word' id='word_1_16' title='bbox 2164 344 2218 388; x_wconf 93' lang='lat' dir='ltr'><strong>et</strong></span> <span class='ocrx_word' id='word_1_17' title='bbox 2269 318 2751 401; x_wconf 82' lang='lat' dir='ltr'><strong>decernebantur;</strong></span> <span class='ocrx_word' id='word_1_18' title='bbox 2803 350 3026 407; x_wconf 75' lang='lat' dir='ltr'><strong>propter</strong></span> <span class='ocrx_word' id='word_1_19' title='bbox 3091 337 3232 407; x_wconf 83' lang='lat' dir='ltr'><strong>quod</strong></span> <span class='ocrx_word' id='word_1_20' title='bbox 3289 342 3597 396; x_wconf 77' lang='lat' dir='ltr'><strong>accuratius</strong></span> 
     </span>
    </p>
   </div>
   <div class='ocr_carea' id='block_1_6' title="bbox 341 420 1922 494">
    <p class='ocr_par' dir='ltr' id='par_1_6' title="bbox 341 420 1922 494">
     <span class='ocr_line' id='line_1_6' title="bbox 341 420 1922 494; baseline 0 -20"><span class='ocrx_word' id='word_1_21' title='bbox 341 420 432 494; x_wconf 83' lang='grc' dir='ltr'><strong>ἦν,</strong></span> <span class='ocrx_word' id='word_1_22' title='bbox 467 422 544 493; x_wconf 85' lang='grc' dir='ltr'><strong>μὴ</strong></span> <span class='ocrx_word' id='word_1_23' title='bbox 571 421 726 486; x_wconf 77' lang='grc' dir='ltr'><strong>εἰδὼς</strong></span> <span class='ocrx_word' id='word_1_24' title='bbox 756 422 827 476; x_wconf 79' lang='grc' dir='ltr'><strong>τά</strong></span> <span class='ocrx_word' id='word_1_25' title='bbox 854 423 943 478; x_wconf 78' lang='grc' dir='ltr'><strong>διὰ</strong></span> <span class='ocrx_word' id='word_1_26' title='bbox 969 421 1066 476; x_wconf 87' lang='grc' dir='ltr'><strong>τοῦ</strong></span> <span class='ocrx_word' id='word_1_27' title='bbox 1095 422 1419 494; x_wconf 84' lang='grc' dir='ltr'><strong>Πνεύματος</strong></span> <span class='ocrx_word' id='word_1_28' title='bbox 1448 425 1563 487; x_wconf 82' lang='grc' dir='ltr'><strong>τοῖς</strong></span> <span class='ocrx_word' id='word_1_29' title='bbox 1600 420 1922 486; x_wconf 79' lang='grc' dir='ltr'><strong>ἀποστόλοις</strong></span> 
     </span>
    </p>
   </div>
   <div class='ocr_carea' id='block_1_7' title="bbox 341 514 1924 585">
    <p class='ocr_par' dir='ltr' id='par_1_7' title="bbox 341 514 1924 585">
     <span class='ocr_line' id='line_1_7' title="bbox 341 514 1924 585; baseline 0 -17"><span class='ocrx_word' id='word_1_30' title='bbox 341 515 652 585; x_wconf 84' lang='grc' dir='ltr'><strong>λαληθέντα</strong></span> <span class='ocrx_word' id='word_1_31' title='bbox 700 518 798 570; x_wconf 81' lang='grc' dir='ltr'><strong>καὶ</strong></span> <span class='ocrx_word' id='word_1_32' title='bbox 843 515 1232 570; x_wconf 67' lang='grc' dir='ltr'><strong>θεσπισθέντω</strong></span> <span class='ocrx_word' id='word_1_33' title='bbox 1268 515 1349 570; x_wconf 75' lang='grc' dir='ltr'><strong>διὸ</strong></span> <span class='ocrx_word' id='word_1_34' title='bbox 1394 515 1492 570; x_wconf 71' lang='grc' dir='ltr'><strong>καὶ</strong></span> <span class='ocrx_word' id='word_1_35' title='bbox 1529 514 1924 585; x_wconf 76' lang='grc' dir='ltr'><strong>ἀκριϐέστερον</strong></span> 
     </span>
    </p>
   </div>
   <div class='ocr_carea' id='block_1_8' title="bbox 343 604 1924 678">
    <p class='ocr_par' dir='ltr' id='par_1_8' title="bbox 343 604 1924 678">
     <span class='ocr_line' id='line_1_8' title="bbox 343 604 1924 678; baseline 0.001 -20"><span class='ocrx_word' id='word_1_36' title='bbox 343 604 494 675; x_wconf 83' lang='grc' dir='ltr'><strong>αὐτῷ</strong></span> <span class='ocrx_word' id='word_1_37' title='bbox 519 606 566 659; x_wconf 87' lang='grc' dir='ltr'><strong>οί</strong></span> <span class='ocrx_word' id='word_1_38' title='bbox 595 622 662 658; x_wconf 87' lang='grc' dir='ltr'>πε</span> <span class='ocrx_word' id='word_1_39' title='bbox 672 609 724 676; x_wconf 72' lang='grc' dir='ltr'><strong>ρὶ</strong></span> <span class='ocrx_word' id='word_1_40' title='bbox 747 605 1002 672; x_wconf 81' lang='grc' dir='ltr'><strong>Ἀκύλαν,</strong></span> <span class='ocrx_word' id='word_1_41' title='bbox 1035 605 1110 669; x_wconf 85' lang='grc' dir='ltr'><strong>ὡς</strong></span> <span class='ocrx_word' id='word_1_42' title='bbox 1135 605 1600 678; x_wconf 81' lang='grc' dir='ltr'><strong>ἀκολουθήσαντες</strong></span> <span class='ocrx_word' id='word_1_43' title='bbox 1623 606 1702 676; x_wconf 86' lang='grc' dir='ltr'><strong>τῷ</strong></span> <span class='ocrx_word' id='word_1_44' title='bbox 1726 606 1924 678; x_wconf 81' lang='grc' dir='ltr'><strong>Παύλῳ</strong></span> 
     </span>
    </p>
   </div>
   <div class='ocr_carea' id='block_1_9' title="bbox 345 693 1924 769">
    <p class='ocr_par' dir='ltr' id='par_1_9' title="bbox 345 693 1924 769">
     <span class='ocr_line' id='line_1_9' title="bbox 345 693 1924 769; baseline 0.001 -19"><span class='ocrx_word' id='word_1_45' title='bbox 345 697 595 762; x_wconf 77' lang='grc' dir='ltr'><strong>ἐξέθεντο</strong></span> <span class='ocrx_word' id='word_1_46' title='bbox 621 697 720 768; x_wconf 83' lang='grc' dir='ltr'><strong>τὴν</strong></span> <span class='ocrx_word' id='word_1_47' title='bbox 758 698 880 752; x_wconf 81' lang='grc' dir='ltr'><strong>ὁδὸν</strong></span> <span class='ocrx_word' id='word_1_48' title='bbox 910 698 1007 752; x_wconf 88' lang='grc' dir='ltr'><strong>τοῦ</strong></span> <span class='ocrx_word' id='word_1_49' title='bbox 1037 697 1174 752; x_wconf 87' lang='grc' dir='ltr'><strong>Θεοῦ</strong></span> <span class='ocrx_word' id='word_1_50' title='bbox 1197 715 1212 732; x_wconf 89' lang='grc'><strong>·</strong></span> <span class='ocrx_word' id='word_1_51' title='bbox 1249 693 1381 764; x_wconf 74' lang='grc' dir='ltr'><strong>οἷον,</strong></span> <span class='ocrx_word' id='word_1_52' title='bbox 1412 697 1514 768; x_wconf 83' lang='grc' dir='ltr'><strong>τὴν</strong></span> <span class='ocrx_word' id='word_1_53' title='bbox 1543 699 1602 752; x_wconf 80' lang='grc' dir='ltr'><strong>ἐν</strong></span> <span class='ocrx_word' id='word_1_54' title='bbox 1645 697 1924 769; x_wconf 85' lang='grc' dir='ltr'><strong>Πνεύματι</strong></span> 
     </span>
    </p>
   </div>
   <div class='ocr_carea' id='block_1_10' title="bbox 346 788 1926 864">
    <p class='ocr_par' dir='ltr' id='par_1_10' title="bbox 346 788 1926 864">
     <span class='ocr_line' id='line_1_10' title="bbox 346 788 1926 864; baseline 0.002 -22"><span class='ocrx_word' id='word_1_55' title='bbox 346 788 626 860; x_wconf 81' lang='grc' dir='ltr'><strong>λατρείαν,</strong></span> <span class='ocrx_word' id='word_1_56' title='bbox 657 790 752 844; x_wconf 71' lang='grc' dir='ltr'><strong>καὶ</strong></span> <span class='ocrx_word' id='word_1_57' title='bbox 786 790 882 861; x_wconf 79' lang='grc' dir='ltr'><strong>τὴν</strong></span> <span class='ocrx_word' id='word_1_58' title='bbox 913 789 1334 862; x_wconf 81' lang='grc' dir='ltr'><strong>ἀχειροποίητον</strong></span> <span class='ocrx_word' id='word_1_59' title='bbox 1351 789 1676 864; x_wconf 80' lang='grc' dir='ltr'><strong>περιτομὴν,</strong></span> <span class='ocrx_word' id='word_1_60' title='bbox 1703 791 1802 844; x_wconf 77' lang='grc' dir='ltr'><strong>καὶ</strong></span> <span class='ocrx_word' id='word_1_61' title='bbox 1825 793 1926 846; x_wconf 74' lang='grc' dir='ltr'><strong>ὅσα</strong></span> 
     </span>
    </p>
   </div>
   <div class='ocr_carea' id='block_1_11' title="bbox 345 879 1814 952">
    <p class='ocr_par' dir='ltr' id='par_1_11' title="bbox 345 879 1814 952">
     <span class='ocr_line' id='line_1_11' title="bbox 345 879 1814 952; baseline 0.001 -18"><span class='ocrx_word' id='word_1_62' title='bbox 345 879 480 934; x_wconf 80' lang='grc' dir='ltr'><strong>ἄλλα</strong></span> <span class='ocrx_word' id='word_1_63' title='bbox 512 881 648 950; x_wconf 72' lang='grc' dir='ltr'><strong>προς</strong></span> <span class='ocrx_word' id='word_1_64' title='bbox 681 881 1058 952; x_wconf 81' lang='grc' dir='ltr'><strong>καταρτισμὸν</strong></span> <span class='ocrx_word' id='word_1_65' title='bbox 1083 886 1182 952; x_wconf 85' lang='grc' dir='ltr'><strong>τῆς</strong></span> <span class='ocrx_word' id='word_1_66' title='bbox 1220 881 1550 952; x_wconf 84' lang='grc' dir='ltr'><strong>Ἐκκλησίας</strong></span> <span class='ocrx_word' id='word_1_67' title='bbox 1577 881 1814 951; x_wconf 83' lang='grc' dir='ltr'><strong>ἐλέγετο.</strong></span> 
     </span>
    </p>
   </div>
   <div class='ocr_carea' id='block_1_12' title="bbox 422 974 1926 1046">
    <p class='ocr_par' dir='ltr' id='par_1_12' title="bbox 422 974 1926 1046">
     <span class='ocr_line' id='line_1_12' title="bbox 422 974 1926 1046; baseline 0.001 -20"><span class='ocrx_word' id='word_1_68' title='bbox 422 993 441 1026; x_wconf 76' lang='grc' dir='ltr'><strong>ι</strong></span> <span class='ocrx_word' id='word_1_69' title='bbox 503 975 750 1038; x_wconf 81' lang='grc' dir='ltr'><strong>Εύτόνως</strong></span> <span class='ocrx_word' id='word_1_70' title='bbox 817 975 927 1045; x_wconf 83' lang='grc' dir='ltr'><strong>γάρ</strong></span> <span class='ocrx_word' id='word_1_71' title='bbox 975 977 1088 1039; x_wconf 79' lang='grc' dir='ltr'><strong>τοῖς</strong></span> <span class='ocrx_word' id='word_1_72' title='bbox 1137 974 1418 1038; x_wconf 80' lang='grc' dir='ltr'><strong>Ἰουδαίοις</strong></span> <span class='ocrx_word' id='word_1_73' title='bbox 1470 975 1926 1046; x_wconf 83' lang='grc' dir='ltr'><strong>διακατηλέγχετο</strong></span> 
     </span>
    </p>
   </div>
   <div class='ocr_carea' id='block_1_13' title="bbox 344 1061 1925 1138">
    <p class='ocr_par' dir='ltr' id='par_1_13' title="bbox 344 1061 1925 1138">
     <span class='ocr_line' id='line_1_13' title="bbox 344 1061 1925 1138; baseline 0.001 -20"><span class='ocrx_word' id='word_1_74' title='bbox 344 1066 612 1138; x_wconf 77' lang='grc' dir='ltr'><strong>δημοσίᾳ,</strong></span> <span class='ocrx_word' id='word_1_75' title='bbox 651 1063 956 1128; x_wconf 81' lang='grc' dir='ltr'><strong>ἐπιδεικνὺς</strong></span> <span class='ocrx_word' id='word_1_76' title='bbox 1005 1065 1115 1120; x_wconf 79' lang='grc' dir='ltr'><strong>ἀπὸ</strong></span> <span class='ocrx_word' id='word_1_77' title='bbox 1166 1065 1278 1120; x_wconf 87' lang='grc' dir='ltr'><strong>τῶν</strong></span> <span class='ocrx_word' id='word_1_78' title='bbox 1323 1065 1587 1136; x_wconf 72' lang='grc' dir='ltr'><strong>Γραφῶν,</strong></span> <span class='ocrx_word' id='word_1_79' title='bbox 1643 1061 1784 1120; x_wconf 78' lang='grc' dir='ltr'><strong>εῖναι</strong></span> <span class='ocrx_word' id='word_1_80' title='bbox 1831 1063 1925 1120; x_wconf 82' lang='grc' dir='ltr'><strong>τὸν</strong></span> 
     </span>
    </p>
   </div>
   <div class='ocr_carea' id='block_1_14' title="bbox 343 1155 894 1222">
    <p class='ocr_par' dir='ltr' id='par_1_14' title="bbox 343 1155 894 1222">
     <span class='ocr_line' id='line_1_14' title="bbox 343 1155 894 1222; baseline -0.002 -13"><span class='ocrx_word' id='word_1_81' title='bbox 343 1158 386 1209; x_wconf 89' lang='grc' dir='ltr'>Χ</span> <span class='ocrx_word' id='word_1_82' title='bbox 398 1158 577 1222; x_wconf 79' lang='grc' dir='ltr'><strong>ριστὸν</strong></span> <span class='ocrx_word' id='word_1_83' title='bbox 609 1155 836 1222; x_wconf 79' lang='grc' dir='ltr'><strong>Ἰησοῦν.</strong></span> <span class='ocrx_word' id='word_1_84' title='bbox 875 1175 894 1208; x_wconf 84' lang='grc' dir='ltr'><strong>ι</strong></span> 
     </span>
    </p>
   </div>
   <div class='ocr_carea' id='block_1_15' title="bbox 408 1239 1914 1315">
    <p class='ocr_par' dir='ltr' id='par_1_15' title="bbox 408 1239 1914 1315">
     <span class='ocr_line' id='line_1_15' title="bbox 408 1239 1914 1315; baseline 0.001 -19"><span class='ocrx_word' id='word_1_85' title='bbox 408 1247 500 1296; x_wconf 80' lang='grc' dir='ltr'><strong>Δεῖ</strong></span> <span class='ocrx_word' id='word_1_86' title='bbox 528 1245 638 1314; x_wconf 79' lang='grc' dir='ltr'><strong>γὰρ</strong></span> <span class='ocrx_word' id='word_1_87' title='bbox 662 1241 880 1297; x_wconf 76' lang='grc' dir='ltr'><strong>εὔτονον</strong></span> <span class='ocrx_word' id='word_1_88' title='bbox 913 1239 1054 1296; x_wconf 77' lang='grc' dir='ltr'><strong>εἶναι</strong></span> <span class='ocrx_word' id='word_1_89' title='bbox 1087 1243 1180 1296; x_wconf 81' lang='grc' dir='ltr'><strong>τὸν</strong></span> <span class='ocrx_word' id='word_1_90' title='bbox 1211 1244 1402 1298; x_wconf 74' lang='grc' dir='ltr'><strong>πιστὸν</strong></span> <span class='ocrx_word' id='word_1_91' title='bbox 1447 1245 1544 1296; x_wconf 76' lang='grc' dir='ltr'><strong>καὶ</strong></span> <span class='ocrx_word' id='word_1_92' title='bbox 1577 1243 1652 1315; x_wconf 75' lang='grc' dir='ltr'><strong>μὴ</strong></span> <span class='ocrx_word' id='word_1_93' title='bbox 1684 1243 1914 1297; x_wconf 85' lang='grc' dir='ltr'><strong>καταλε-</strong></span> 
     </span>
    </p>
   </div>
   <div class='ocr_carea' id='block_1_16' title="bbox 339 1332 1915 1404">
    <p class='ocr_par' dir='ltr' id='par_1_16' title="bbox 339 1332 1915 1404">
     <span class='ocr_line' id='line_1_16' title="bbox 339 1332 1915 1404; baseline 0.001 -20"><span class='ocrx_word' id='word_1_94' title='bbox 339 1333 590 1403; x_wconf 83' lang='grc' dir='ltr'><strong>λυμένον,</strong></span> <span class='ocrx_word' id='word_1_95' title='bbox 622 1332 765 1388; x_wconf 83' lang='grc' dir='ltr'><strong>κατὰ</strong></span> <span class='ocrx_word' id='word_1_96' title='bbox 801 1333 913 1387; x_wconf 79' lang='grc' dir='ltr'><strong>τῶν</strong></span> <span class='ocrx_word' id='word_1_97' title='bbox 944 1334 1361 1403; x_wconf 77' lang='grc' dir='ltr'><strong>ἀνθισταμένων</strong></span> <span class='ocrx_word' id='word_1_98' title='bbox 1385 1337 1500 1398; x_wconf 83' lang='grc' dir='ltr'><strong>τοῖς</strong></span> <span class='ocrx_word' id='word_1_99' title='bbox 1535 1335 1634 1404; x_wconf 84' lang='grc' dir='ltr'><strong>τῆς</strong></span> <span class='ocrx_word' id='word_1_100' title='bbox 1681 1333 1915 1404; x_wconf 84' lang='grc' dir='ltr'><strong>Ἐκκλη-</strong></span> 
     </span>
    </p>
   </div>
   <div class='ocr_carea' id='block_1_17' title="bbox 339 1421 1582 1494">
    <p class='ocr_par' dir='ltr' id='par_1_17' title="bbox 339 1421 1582 1494">
     <span class='ocr_line' id='line_1_17' title="bbox 339 1421 1582 1494; baseline 0.001 -19"><span class='ocrx_word' id='word_1_101' title='bbox 339 1425 457 1486; x_wconf 88' lang='grc' dir='ltr'><strong>σίας</strong></span> <span class='ocrx_word' id='word_1_102' title='bbox 488 1422 731 1493; x_wconf 77' lang='grc' dir='ltr'><strong>θεσμοῖς,</strong></span> <span class='ocrx_word' id='word_1_103' title='bbox 759 1423 853 1477; x_wconf 84' lang='grc' dir='ltr'><strong>καὶ</strong></span> <span class='ocrx_word' id='word_1_104' title='bbox 871 1425 938 1492; x_wconf 81' lang='grc' dir='ltr'><strong>τῇ</strong></span> <span class='ocrx_word' id='word_1_105' title='bbox 975 1421 1344 1494; x_wconf 78' lang='grc' dir='ltr'><strong>ἀκαπηλεύτῳ</strong></span> <span class='ocrx_word' id='word_1_106' title='bbox 1375 1423 1582 1476; x_wconf 82' lang='grc' dir='ltr'><strong>πίστει.</strong></span> 
     </span>
    </p>
   </div>
   <div class='ocr_carea' id='block_1_18' title="bbox 945 1530 1333 1584">
    <p class='ocr_par' dir='ltr' id='par_1_18' title="bbox 945 1530 1333 1584">
     <span class='ocr_line' id='line_1_18' title="bbox 945 1530 1333 1584; baseline 0.005 -2"><span class='ocrx_word' id='word_1_107' title='bbox 945 1530 1197 1583; x_wconf 78' lang='grc' dir='ltr'><strong>ΚΕΦΔΛ.</strong></span> <span class='ocrx_word' id='word_1_108' title='bbox 1232 1532 1333 1584; x_wconf 74' lang='grc' dir='ltr'><strong>ιθο.</strong></span> 
     </span>
    </p>
   </div>
   <div class='ocr_carea' id='block_1_19' title="bbox 2017 425 3597 496">
    <p class='ocr_par' dir='ltr' id='par_1_19' title="bbox 2017 425 3597 496">
     <span class='ocr_line' id='line_1_19' title="bbox 2017 425 3597 496; baseline 0.006 -17"><span class='ocrx_word' id='word_1_109' title='bbox 2017 441 2140 480; x_wconf 90' lang='lat' dir='ltr'><strong>eum</strong></span> <span class='ocrx_word' id='word_1_110' title='bbox 2167 427 2306 479; x_wconf 84' lang='lat' dir='ltr'><strong>viam</strong></span> <span class='ocrx_word' id='word_1_111' title='bbox 2341 425 2434 480; x_wconf 91' lang='lat' dir='ltr'><strong>Dei</strong></span> <span class='ocrx_word' id='word_1_112' title='bbox 2463 426 2658 496; x_wconf 83' lang='lat' dir='ltr'><strong>Aquila</strong></span> <span class='ocrx_word' id='word_1_113' title='bbox 2687 437 2742 482; x_wconf 91' lang='lat' dir='ltr'><strong>et</strong></span> <span class='ocrx_word' id='word_1_114' title='bbox 2775 427 3044 496; x_wconf 72' lang='lat' dir='ltr'><strong>Priscilla,</strong></span> <span class='ocrx_word' id='word_1_115' title='bbox 3069 428 3220 484; x_wconf 83' lang='lat' dir='ltr'><strong>Pauli</strong></span> <span class='ocrx_word' id='word_1_116' title='bbox 3277 433 3434 494; x_wconf 81' lang='lat' dir='ltr'><strong>socii,</strong></span> <span class='ocrx_word' id='word_1_117' title='bbox 3463 434 3597 488; x_wconf 84' lang='lat' dir='ltr'><strong>edo-</strong></span> 
     </span>
    </p>
   </div>
   <div class='ocr_carea' id='block_1_20' title="bbox 2016 518 3593 591">
    <p class='ocr_par' dir='ltr' id='par_1_20' title="bbox 2016 518 3593 591">
     <span class='ocr_line' id='line_1_20' title="bbox 2016 518 3593 591; baseline 0.003 -20"><span class='ocrx_word' id='word_1_118' title='bbox 2016 519 2234 584; x_wconf 82' lang='lat' dir='ltr'><strong>cebaut,</strong></span> <span class='ocrx_word' id='word_1_119' title='bbox 2265 518 2474 574; x_wconf 80' lang='lat' dir='ltr'><strong>scilicet</strong></span> <span class='ocrx_word' id='word_1_120' title='bbox 2509 519 2882 576; x_wconf 82' lang='lat' dir='ltr'><strong>adorationem</strong></span> <span class='ocrx_word' id='word_1_121' title='bbox 2916 523 2968 576; x_wconf 88' lang='lat' dir='ltr'><strong>in</strong></span> <span class='ocrx_word' id='word_1_122' title='bbox 3017 525 3232 591; x_wconf 76' lang='lat' dir='ltr'><strong>aptrttn,</strong></span> <span class='ocrx_word' id='word_1_123' title='bbox 3304 525 3593 578; x_wconf 74' lang='lat' dir='ltr'><strong>circumci-</strong></span> 
     </span>
    </p>
   </div>
   <div class='ocr_carea' id='block_1_21' title="bbox 2016 607 3596 682">
    <p class='ocr_par' dir='ltr' id='par_1_21' title="bbox 2016 607 3596 682">
     <span class='ocr_line' id='line_1_21' title="bbox 2016 607 3596 682; baseline 0.007 -22"><span class='ocrx_word' id='word_1_124' title='bbox 2016 607 2220 662; x_wconf 87' lang='lat' dir='ltr'><strong>siunem</strong></span> <span class='ocrx_word' id='word_1_125' title='bbox 2251 623 2356 662; x_wconf 89' lang='lat' dir='ltr'><strong>non</strong></span> <span class='ocrx_word' id='word_1_126' title='bbox 2379 608 2767 678; x_wconf 85' lang='lat' dir='ltr'><strong>ntannfactam,</strong></span> <span class='ocrx_word' id='word_1_127' title='bbox 2802 622 2855 666; x_wconf 90' lang='lat' dir='ltr'><strong>et</strong></span> <span class='ocrx_word' id='word_1_128' title='bbox 2884 627 3215 682; x_wconf 63' lang='lat' dir='ltr'><strong>qua-cunque</strong></span> <span class='ocrx_word' id='word_1_129' title='bbox 3248 615 3312 668; x_wconf 90' lang='lat' dir='ltr'><strong>ad</strong></span> <span class='ocrx_word' id='word_1_130' title='bbox 3343 613 3596 671; x_wconf 64' lang='lat' dir='ltr'><strong>Ecclesia)</strong></span> 
     </span>
    </p>
   </div>
   <div class='ocr_carea' id='block_1_22' title="bbox 2016 700 2916 780">
    <p class='ocr_par' dir='ltr' id='par_1_22' title="bbox 2016 700 2916 780">
     <span class='ocr_line' id='line_1_22' title="bbox 2016 700 2916 780; baseline 0.006 -28"><span class='ocrx_word' id='word_1_131' title='bbox 2016 700 2800 757; x_wconf 67' lang='lat' dir='ltr'><strong>aedificationemdicebantur.</strong></span> <span class='ocrx_word' id='word_1_132' title='bbox 2909 774 2916 780; x_wconf 87' lang='lat'><em>_</em></span> 
     </span>
    </p>
   </div>
   <div class='ocr_carea' id='block_1_23' title="bbox 2100 960 3596 1021">
    <p class='ocr_par' dir='ltr' id='par_1_23' title="bbox 2100 960 3596 1021">
     <span class='ocr_line' id='line_1_23' title="bbox 2100 960 3596 1021; baseline 0.003 -5"><span class='ocrx_word' id='word_1_133' title='bbox 2100 960 2270 1017; x_wconf 75' lang='lat' dir='ltr'><strong>Vsus.</strong></span> <span class='ocrx_word' id='word_1_134' title='bbox 2309 961 2402 1017; x_wconf 74' lang='lat'><strong>‘28.</strong></span> <span class='ocrx_word' id='word_1_135' title='bbox 2443 981 2464 1015; x_wconf 75' lang='grc' dir='ltr'><strong>ι</strong></span> <span class='ocrx_word' id='word_1_136' title='bbox 2498 961 2864 1018; x_wconf 73' lang='lat' dir='ltr'><strong>Vehementer</strong></span> <span class='ocrx_word' id='word_1_137' title='bbox 2905 965 3048 1017; x_wconf 85' lang='lat' dir='ltr'><strong>enim</strong></span> <span class='ocrx_word' id='word_1_138' title='bbox 3106 963 3316 1021; x_wconf 65' lang='lat' dir='ltr'><strong>.ludzeos</strong></span> <span class='ocrx_word' id='word_1_139' title='bbox 3349 967 3596 1021; x_wconf 81' lang='lat' dir='ltr'><strong>revince-</strong></span> 
     </span>
    </p>
   </div>
   <div class='ocr_carea' id='block_1_24' title="bbox 2014 1050 3596 1124">
    <p class='ocr_par' dir='ltr' id='par_1_24' title="bbox 2014 1050 3596 1124">
     <span class='ocr_line' id='line_1_24' title="bbox 2014 1050 3596 1124; baseline 0.006 -20"><span class='ocrx_word' id='word_1_140' title='bbox 2014 1051 2108 1104; x_wconf 88' lang='lat' dir='ltr'><strong>bat</strong></span> <span class='ocrx_word' id='word_1_141' title='bbox 2138 1051 2372 1120; x_wconf 82' lang='lat' dir='ltr'><strong>publice,</strong></span> <span class='ocrx_word' id='word_1_142' title='bbox 2431 1054 2726 1107; x_wconf 88' lang='lat' dir='ltr'><strong>ostendens</strong></span> <span class='ocrx_word' id='word_1_143' title='bbox 2767 1066 2864 1122; x_wconf 91' lang='lat' dir='ltr'><strong>per</strong></span> <span class='ocrx_word' id='word_1_144' title='bbox 2912 1050 3228 1124; x_wconf 81' lang='lat' dir='ltr'><strong>Scripturas</strong></span> <span class='ocrx_word' id='word_1_145' title='bbox 3263 1071 3386 1112; x_wconf 82' lang='lat' dir='ltr'><strong>esse</strong></span> <span class='ocrx_word' id='word_1_146' title='bbox 3431 1054 3596 1113; x_wconf 66' lang='lat' dir='ltr'><strong>Chrio</strong></span> 
     </span>
    </p>
   </div>
   <div class='ocr_carea' id='block_1_25' title="bbox 2015 1139 2470 1196">
    <p class='ocr_par' dir='ltr' id='par_1_25' title="bbox 2015 1139 2470 1196">
     <span class='ocr_line' id='line_1_25' title="bbox 2015 1139 2470 1196; baseline -0.007 0"><span class='ocrx_word' id='word_1_147' title='bbox 2015 1151 2158 1196; x_wconf 80' lang='lat' dir='ltr'><strong>stum</strong></span> <span class='ocrx_word' id='word_1_148' title='bbox 2192 1139 2398 1196; x_wconf 82' lang='lat' dir='ltr'><strong>Jesum.</strong></span> <span class='ocrx_word' id='word_1_149' title='bbox 2449 1159 2470 1193; x_wconf 72' lang='grc' dir='ltr'><strong>ι</strong></span> 
     </span>
    </p>
   </div>
   <div class='ocr_carea' id='block_1_26' title="bbox 2095 1230 3591 1308">
    <p class='ocr_par' dir='ltr' id='par_1_26' title="bbox 2095 1230 3591 1308">
     <span class='ocr_line' id='line_1_26' title="bbox 2095 1230 3591 1308; baseline 0.005 -23"><span class='ocrx_word' id='word_1_150' title='bbox 2095 1230 2321 1300; x_wconf 86' lang='lat' dir='ltr'><strong>Oportet</strong></span> <span class='ocrx_word' id='word_1_151' title='bbox 2344 1234 2488 1286; x_wconf 89' lang='lat' dir='ltr'><strong>enim</strong></span> <span class='ocrx_word' id='word_1_152' title='bbox 2517 1232 2732 1288; x_wconf 83' lang='lat' dir='ltr'><strong>tinuum</strong></span> <span class='ocrx_word' id='word_1_153' title='bbox 2763 1247 2882 1289; x_wconf 88' lang='lat' dir='ltr'><strong>esse</strong></span> <span class='ocrx_word' id='word_1_154' title='bbox 2905 1233 3116 1290; x_wconf 81' lang='lat' dir='ltr'><strong>ﬁdelem</strong></span> <span class='ocrx_word' id='word_1_155' title='bbox 3146 1245 3199 1290; x_wconf 89' lang='lat' dir='ltr'><strong>et</strong></span> <span class='ocrx_word' id='word_1_156' title='bbox 3227 1252 3330 1290; x_wconf 89' lang='lat' dir='ltr'><strong>non</strong></span> <span class='ocrx_word' id='word_1_157' title='bbox 3351 1253 3591 1308; x_wconf 80' lang='lat' dir='ltr'><strong>segnem,</strong></span> 
     </span>
    </p>
   </div>
   <div class='ocr_carea' id='block_1_27' title="bbox 2012 1322 3592 1396">
    <p class='ocr_par' dir='ltr' id='par_1_27' title="bbox 2012 1322 3592 1396">
     <span class='ocr_line' id='line_1_27' title="bbox 2012 1322 3592 1396; baseline 0.006 -21"><span class='ocrx_word' id='word_1_158' title='bbox 2012 1329 2202 1375; x_wconf 84' lang='lat' dir='ltr'><strong>contra</strong></span> <span class='ocrx_word' id='word_1_159' title='bbox 2229 1337 2441 1376; x_wconf 86' lang='lat' dir='ltr'><strong>morum</strong></span> <span class='ocrx_word' id='word_1_160' title='bbox 2467 1322 2722 1378; x_wconf 68' lang='lat' dir='ltr'><strong>Ecclesiae</strong></span> <span class='ocrx_word' id='word_1_161' title='bbox 2746 1333 2800 1378; x_wconf 86' lang='lat' dir='ltr'><strong>et</strong></span> <span class='ocrx_word' id='word_1_162' title='bbox 2818 1324 3146 1396; x_wconf 63' lang='lat' dir='ltr'><strong>incorrupta!</strong></span> <span class='ocrx_word' id='word_1_163' title='bbox 3176 1329 3297 1382; x_wconf 88' lang='lat' dir='ltr'><strong>tidei</strong></span> <span class='ocrx_word' id='word_1_164' title='bbox 3331 1332 3592 1384; x_wconf 86' lang='lat' dir='ltr'><strong>adversa-</strong></span> 
     </span>
    </p>
   </div>
   <div class='ocr_carea' id='block_1_28' title="bbox 2018 1426 2150 1466">
    <p class='ocr_par' dir='ltr' id='par_1_28' title="bbox 2018 1426 2150 1466">
     <span class='ocr_line' id='line_1_28' title="bbox 2018 1426 2150 1466; baseline 0.015 -2"><span class='ocrx_word' id='word_1_165' title='bbox 2018 1426 2150 1466; x_wconf 65' lang='grc' dir='ltr'><strong>νιος.</strong></span> 
     </span>
    </p>
   </div>
   <div class='ocr_carea' id='block_1_29' title="bbox 2647 1525 2968 1583">
    <p class='ocr_par' dir='ltr' id='par_1_29' title="bbox 2647 1525 2968 1583">
     <span class='ocr_line' id='line_1_29' title="bbox 2647 1525 2968 1583; baseline 0 -1"><span class='ocrx_word' id='word_1_166' title='bbox 2647 1525 2780 1582; x_wconf 77' lang='lat' dir='ltr'><strong>CAP</strong></span> <span class='ocrx_word' id='word_1_167' title='bbox 2827 1527 2968 1583; x_wconf 82' lang='lat' dir='ltr'><strong>XIX.</strong></span> 
     </span>
    </p>
   </div>
   <div class='ocr_carea' id='block_1_30' title="bbox 414 1655 1919 1733">
    <p class='ocr_par' dir='ltr' id='par_1_30' title="bbox 414 1661 1912 1733">
     <span class='ocr_line' id='line_1_30' title="bbox 414 1661 1912 1733; baseline 0.001 -18"><span class='ocrx_word' id='word_1_168' title='bbox 414 1679 434 1715; x_wconf 80' lang='grc' dir='ltr'><strong>ι</strong></span> <span class='ocrx_word' id='word_1_169' title='bbox 486 1662 845 1728; x_wconf 77' lang='grc' dir='ltr'><strong>Ἀκούσαντες</strong></span> <span class='ocrx_word' id='word_1_170' title='bbox 881 1663 937 1716; x_wconf 85' lang='grc' dir='ltr'><strong>δὲ</strong></span> <span class='ocrx_word' id='word_1_171' title='bbox 966 1662 1378 1732; x_wconf 73' lang='grc' dir='ltr'><strong>ἐϐαπτίσθησαν</strong></span> <span class='ocrx_word' id='word_1_172' title='bbox 1403 1664 1485 1726; x_wconf 83' lang='grc' dir='ltr'><strong>εἰς</strong></span> <span class='ocrx_word' id='word_1_173' title='bbox 1517 1662 1578 1716; x_wconf 76' lang='grc' dir='ltr'><strong>τὸ</strong></span> <span class='ocrx_word' id='word_1_174' title='bbox 1607 1662 1776 1733; x_wconf 78' lang='grc' dir='ltr'><strong>ὖνομα</strong></span> <span class='ocrx_word' id='word_1_175' title='bbox 1818 1661 1912 1716; x_wconf 90' lang='grc' dir='ltr'><strong>τοῦ</strong></span> 
     </span>
    </p>
   </div>
   <div class='ocr_carea' id='block_1_31' title="bbox 2021 1655 3594 1733">
    <p class='ocr_par' dir='ltr' id='par_1_31' title="bbox 2095 1655 3594 1733">
     <span class='ocr_line' id='line_1_31' title="bbox 2095 1655 3594 1733; baseline 0.01 -22"><span class='ocrx_word' id='word_1_176' title='bbox 2095 1655 2264 1713; x_wconf 73' lang='lat' dir='ltr'><strong>Vens.</strong></span> <span class='ocrx_word' id='word_1_177' title='bbox 2299 1657 2352 1712; x_wconf 85' lang='lat'><strong>5.</strong></span> <span class='ocrx_word' id='word_1_178' title='bbox 2397 1675 2413 1708; x_wconf 82' lang='grc' dir='ltr'><strong>ι</strong></span> <span class='ocrx_word' id='word_1_179' title='bbox 2443 1657 2538 1714; x_wconf 87' lang='lat' dir='ltr'><strong>llis</strong></span> <span class='ocrx_word' id='word_1_180' title='bbox 2570 1662 2767 1716; x_wconf 80' lang='lat' dir='ltr'><strong>auditis</strong></span> <span class='ocrx_word' id='word_1_181' title='bbox 2797 1702 2813 1727; x_wconf 93' lang='lat'><strong>,</strong></span> <span class='ocrx_word' id='word_1_182' title='bbox 2840 1663 3100 1733; x_wconf 78' lang='lat' dir='ltr'><strong>baptizati</strong></span> <span class='ocrx_word' id='word_1_183' title='bbox 3137 1676 3264 1720; x_wconf 79' lang='lat' dir='ltr'><strong>sunt</strong></span> <span class='ocrx_word' id='word_1_184' title='bbox 3293 1667 3345 1720; x_wconf 92' lang='lat' dir='ltr'><strong>in</strong></span> <span class='ocrx_word' id='word_1_185' title='bbox 3375 1669 3594 1726; x_wconf 85' lang='lat' dir='ltr'><strong>nomine</strong></span> 
     </span>
    </p>
   </div>
   <div class='ocr_carea' id='block_1_32' title="bbox 337 1755 835 1827">
    <p class='ocr_par' dir='ltr' id='par_1_32' title="bbox 337 1755 835 1827">
     <span class='ocr_line' id='line_1_32' title="bbox 337 1755 835 1827; baseline -0.012 -15"><span class='ocrx_word' id='word_1_186' title='bbox 337 1756 541 1827; x_wconf 80' lang='grc' dir='ltr'><strong>Κυρίου</strong></span> <span class='ocrx_word' id='word_1_187' title='bbox 585 1755 797 1826; x_wconf 79' lang='grc' dir='ltr'><strong>’1ησοῦ.-</strong></span> <span class='ocrx_word' id='word_1_188' title='bbox 817 1774 835 1806; x_wconf 75' lang='grc' dir='ltr'><strong>ι</strong></span> 
     </span>
    </p>
   </div>
   <div class='ocr_carea' id='block_1_33' title="bbox 409 1841 1912 1918">
    <p class='ocr_par' dir='ltr' id='par_1_33' title="bbox 409 1841 1912 1918">
     <span class='ocr_line' id='line_1_33' title="bbox 409 1841 1912 1918; baseline 0 -20"><span class='ocrx_word' id='word_1_189' title='bbox 409 1847 574 1899; x_wconf 85' lang='grc' dir='ltr'><strong>Ὥστε</strong></span> <span class='ocrx_word' id='word_1_190' title='bbox 609 1842 702 1900; x_wconf 81' lang='grc' dir='ltr'><strong>οῦν</strong></span> <span class='ocrx_word' id='word_1_191' title='bbox 731 1846 791 1901; x_wconf 76' lang='grc' dir='ltr'><strong>τὸ</strong></span> <span class='ocrx_word' id='word_1_192' title='bbox 831 1845 1084 1902; x_wconf 84' lang='grc' dir='ltr'><strong>Ἰωάννου</strong></span> <span class='ocrx_word' id='word_1_193' title='bbox 1115 1844 1402 1917; x_wconf 76' lang='grc' dir='ltr'><strong>βάπτισμα</strong></span> <span class='ocrx_word' id='word_1_194' title='bbox 1445 1846 1762 1918; x_wconf 81' lang='grc' dir='ltr'><strong>προτροπὴν</strong></span> <span class='ocrx_word' id='word_1_195' title='bbox 1798 1841 1912 1916; x_wconf 79' lang='grc' dir='ltr'><strong>εἶχε</strong></span> 
     </span>
    </p>
   </div>
   <div class='ocr_carea' id='block_1_34' title="bbox 340 1934 1908 2010">
    <p class='ocr_par' dir='ltr' id='par_1_34' title="bbox 340 1934 1908 2010">
     <span class='ocr_line' id='line_1_34' title="bbox 340 1934 1908 2010; baseline 0 -22"><span class='ocrx_word' id='word_1_196' title='bbox 340 1935 628 2006; x_wconf 77' lang='grc' dir='ltr'><strong>μετανοίας</strong></span> <span class='ocrx_word' id='word_1_197' title='bbox 659 1935 840 2005; x_wconf 86' lang='grc' dir='ltr'><strong>μόνον,</strong></span> <span class='ocrx_word' id='word_1_198' title='bbox 871 1935 936 1988; x_wconf 88' lang='grc' dir='ltr'><strong>οὐ</strong></span> <span class='ocrx_word' id='word_1_199' title='bbox 969 1934 1076 2010; x_wconf 81' lang='grc' dir='ltr'><strong>μὴν</strong></span> <span class='ocrx_word' id='word_1_200' title='bbox 1099 1937 1194 1990; x_wconf 74' lang='grc' dir='ltr'><strong>καὶ</strong></span> <span class='ocrx_word' id='word_1_201' title='bbox 1223 1934 1568 2006; x_wconf 82' lang='grc' dir='ltr'><strong>καθαρισμοῦ</strong></span> <span class='ocrx_word' id='word_1_202' title='bbox 1603 1935 1908 2006; x_wconf 84' lang='grc' dir='ltr'><strong>ἁμαρτίας·</strong></span> 
     </span>
    </p>
   </div>
   <div class='ocr_carea' id='block_1_35' title="bbox 336 2020 1914 2096">
    <p class='ocr_par' dir='ltr' id='par_1_35' title="bbox 336 2020 1914 2096">
     <span class='ocr_line' id='line_1_35' title="bbox 336 2020 1914 2096; baseline 0 -19"><span class='ocrx_word' id='word_1_203' title='bbox 336 2025 414 2088; x_wconf 83' lang='grc' dir='ltr'><strong>ὡς</strong></span> <span class='ocrx_word' id='word_1_204' title='bbox 443 2020 582 2078; x_wconf 74' lang='grc' dir='ltr'><strong>εἶναι</strong></span> <span class='ocrx_word' id='word_1_205' title='bbox 611 2024 816 2094; x_wconf 86' lang='grc' dir='ltr'><strong>ταύτην</strong></span> <span class='ocrx_word' id='word_1_206' title='bbox 845 2023 1112 2095; x_wconf 69' lang='grc' dir='ltr'><strong>διαφοράν</strong></span> <span class='ocrx_word' id='word_1_207' title='bbox 1132 2023 1226 2078; x_wconf 91' lang='grc' dir='ltr'><strong>τοῦ</strong></span> <span class='ocrx_word' id='word_1_208' title='bbox 1265 2025 1513 2080; x_wconf 85' lang='grc' dir='ltr'><strong>Ἰωάννου</strong></span> <span class='ocrx_word' id='word_1_209' title='bbox 1536 2023 1914 2096; x_wconf 85' lang='grc' dir='ltr'><strong>βαπτίσματος</strong></span> 
     </span>
    </p>
   </div>
   <div class='ocr_carea' id='block_1_36' title="bbox 337 2113 1913 2184">
    <p class='ocr_par' dir='ltr' id='par_1_36' title="bbox 337 2113 1913 2184">
     <span class='ocr_line' id='line_1_36' title="bbox 337 2113 1913 2184; baseline 0.003 -19"><span class='ocrx_word' id='word_1_210' title='bbox 337 2116 433 2169; x_wconf 75' lang='grc' dir='ltr'><strong>καὶ</strong></span> <span class='ocrx_word' id='word_1_211' title='bbox 459 2113 554 2167; x_wconf 89' lang='grc' dir='ltr'><strong>τοῦ</strong></span> <span class='ocrx_word' id='word_1_212' title='bbox 577 2113 688 2168; x_wconf 90' lang='grc' dir='ltr'><strong>τῶν</strong></span> <span class='ocrx_word' id='word_1_213' title='bbox 719 2113 932 2168; x_wconf 84' lang='grc' dir='ltr'><strong>πιστῶν</strong></span> <span class='ocrx_word' id='word_1_214' title='bbox 951 2131 966 2146; x_wconf 87' lang='grc'><strong>·</strong></span> <span class='ocrx_word' id='word_1_215' title='bbox 997 2114 1080 2168; x_wconf 82' lang='grc' dir='ltr'><strong>ὅτι</strong></span> <span class='ocrx_word' id='word_1_216' title='bbox 1111 2114 1173 2168; x_wconf 83' lang='grc' dir='ltr'><strong>τὸ</strong></span> <span class='ocrx_word' id='word_1_217' title='bbox 1203 2113 1312 2168; x_wconf 89' lang='grc' dir='ltr'><strong>τῶν</strong></span> <span class='ocrx_word' id='word_1_218' title='bbox 1345 2113 1556 2169; x_wconf 85' lang='grc' dir='ltr'><strong>πιστῶν</strong></span> <span class='ocrx_word' id='word_1_219' title='bbox 1586 2117 1680 2168; x_wconf 74' lang='grc' dir='ltr'><strong>καὶ</strong></span> <span class='ocrx_word' id='word_1_220' title='bbox 1719 2115 1913 2184; x_wconf 65' lang='grc' dir='ltr'><strong>ἄφεσιν</strong></span> 
     </span>
    </p>
   </div>
   <div class='ocr_carea' id='block_1_37' title="bbox 294 2205 1913 2279">
    <p class='ocr_par' dir='ltr' id='par_1_37' title="bbox 294 2205 1913 2279">
     <span class='ocr_line' id='line_1_37' title="bbox 294 2205 1913 2279; baseline -0.002 -18"><span class='ocrx_word' id='word_1_221' title='bbox 294 2223 302 2230; x_wconf 90' lang='grc'><strong>·</strong></span> <span class='ocrx_word' id='word_1_222' title='bbox 337 2205 619 2278; x_wconf 79' lang='grc' dir='ltr'><strong>ἁμαρτιῶν</strong></span> <span class='ocrx_word' id='word_1_223' title='bbox 639 2205 942 2279; x_wconf 83' lang='grc' dir='ltr'><strong>χαρίζεται’</strong></span> <span class='ocrx_word' id='word_1_224' title='bbox 969 2206 999 2260; x_wconf 81' lang='grc' dir='ltr'>ὁ</span> <span class='ocrx_word' id='word_1_225' title='bbox 1025 2205 1124 2275; x_wconf 84' lang='grc' dir='ltr'><strong>μὲν</strong></span> <span class='ocrx_word' id='word_1_226' title='bbox 1155 2205 1406 2276; x_wconf 82' lang='grc' dir='ltr'><strong>Ἰωάννης</strong></span> <span class='ocrx_word' id='word_1_227' title='bbox 1432 2205 1708 2276; x_wconf 77' lang='grc' dir='ltr'><strong>βαπτίζων</strong></span> <span class='ocrx_word' id='word_1_228' title='bbox 1724 2205 1876 2275; x_wconf 73' lang='grc' dir='ltr'><strong>ἔλεγε</strong></span> <span class='ocrx_word' id='word_1_229' title='bbox 1896 2243 1913 2269; x_wconf 92' lang='grc'><strong>,</strong></span> 
     </span>
    </p>
   </div>
   <div class='ocr_carea' id='block_1_38' title="bbox 339 2295 1914 2366">
    <p class='ocr_par' dir='ltr' id='par_1_38' title="bbox 339 2295 1914 2366">
     <span class='ocr_line' id='line_1_38' title="bbox 339 2295 1914 2366; baseline -0.001 -16"><span class='ocrx_word' id='word_1_230' title='bbox 339 2297 593 2362; x_wconf 80' lang='grc' dir='ltr'><strong>Βατττίζω</strong></span> <span class='ocrx_word' id='word_1_231' title='bbox 618 2313 676 2351; x_wconf 88' lang='grc' dir='ltr'><strong>σε</strong></span> <span class='ocrx_word' id='word_1_232' title='bbox 698 2299 778 2362; x_wconf 84' lang='grc' dir='ltr'><strong>είς</strong></span> <span class='ocrx_word' id='word_1_233' title='bbox 795 2297 887 2350; x_wconf 82' lang='grc' dir='ltr'><strong>τὸν</strong></span> <span class='ocrx_word' id='word_1_234' title='bbox 909 2297 1203 2366; x_wconf 80' lang='grc' dir='ltr'><strong>ἐρχόμενον</strong></span> <span class='ocrx_word' id='word_1_235' title='bbox 1229 2295 1347 2366; x_wconf 87' lang='grc' dir='ltr'><strong>μετ’</strong></span> <span class='ocrx_word' id='word_1_236' title='bbox 1363 2295 1486 2365; x_wconf 75' lang='grc' dir='ltr'><strong>ἐμὲ,</strong></span> <span class='ocrx_word' id='word_1_237' title='bbox 1509 2296 1605 2349; x_wconf 76' lang='grc' dir='ltr'><strong>καὶ</strong></span> <span class='ocrx_word' id='word_1_238' title='bbox 1629 2295 1848 2350; x_wconf 82' lang='grc' dir='ltr'><strong>ἀπαιτῶ</strong></span> <span class='ocrx_word' id='word_1_239' title='bbox 1873 2303 1914 2327; x_wconf 76' lang='grc'><em>’³</em></span> 
     </span>
    </p>
   </div>
   <div class='ocr_carea' id='block_1_39' title="bbox 340 2380 1913 2464">
    <p class='ocr_par' dir='ltr' id='par_1_39' title="bbox 340 2380 1913 2464">
     <span class='ocr_line' id='line_1_39' title="bbox 340 2380 1913 2464; baseline 0 -24"><span class='ocrx_word' id='word_1_240' title='bbox 340 2406 400 2441; x_wconf 90' lang='grc' dir='ltr'><strong>σε</strong></span> <span class='ocrx_word' id='word_1_241' title='bbox 429 2388 705 2444; x_wconf 88' lang='grc' dir='ltr'><strong>πιστεύειν</strong></span> <span class='ocrx_word' id='word_1_242' title='bbox 740 2391 822 2452; x_wconf 86' lang='grc' dir='ltr'><strong>είς</strong></span> <span class='ocrx_word' id='word_1_243' title='bbox 842 2387 1028 2452; x_wconf 79' lang='grc' dir='ltr'><strong>αὐτὸν,</strong></span> <span class='ocrx_word' id='word_1_244' title='bbox 1061 2387 1146 2440; x_wconf 84' lang='grc' dir='ltr'><strong>ὅτι</strong></span> <span class='ocrx_word' id='word_1_245' title='bbox 1173 2380 1328 2450; x_wconf 82' lang='grc' dir='ltr'><strong>οῦτός</strong></span> <span class='ocrx_word' id='word_1_246' title='bbox 1357 2387 1564 2464; x_wconf 81' lang='grc' dir='ltr'><strong>ἐστινρ</strong></span> <span class='ocrx_word' id='word_1_247' title='bbox 1599 2387 1796 2456; x_wconf 79' lang='grc' dir='ltr'><strong>Ἀμνὺς</strong></span> <span class='ocrx_word' id='word_1_248' title='bbox 1818 2385 1913 2442; x_wconf 86' lang='grc' dir='ltr'><strong>τοῦ</strong></span> 
     </span>
    </p>
   </div>
   <div class='ocr_carea' id='block_1_40' title="bbox 338 2474 1915 2550">
    <p class='ocr_par' dir='ltr' id='par_1_40' title="bbox 338 2474 1915 2550">
     <span class='ocr_line' id='line_1_40' title="bbox 338 2474 1915 2550; baseline -0.001 -16"><span class='ocrx_word' id='word_1_249' title='bbox 338 2481 473 2534; x_wconf 79' lang='grc' dir='ltr'><strong>Θεοῦ</strong></span> <span class='ocrx_word' id='word_1_250' title='bbox 494 2499 506 2512; x_wconf 92' lang='grc'><strong>·</strong></span> <span class='ocrx_word' id='word_1_251' title='bbox 547 2483 576 2534; x_wconf 89' lang='grc' dir='ltr'>ὁ</span> <span class='ocrx_word' id='word_1_252' title='bbox 609 2480 668 2534; x_wconf 82' lang='grc' dir='ltr'><strong>δὲ</strong></span> <span class='ocrx_word' id='word_1_253' title='bbox 712 2479 923 2542; x_wconf 80' lang='grc' dir='ltr'><strong>πιστῶς</strong></span> <span class='ocrx_word' id='word_1_254' title='bbox 956 2489 984 2518; x_wconf 82' lang='grc' dir='ltr'><strong>ιι</strong></span> <span class='ocrx_word' id='word_1_255' title='bbox 1021 2477 1302 2548; x_wconf 76' lang='grc' dir='ltr'><strong>βαπτίζων</strong></span> <span class='ocrx_word' id='word_1_256' title='bbox 1348 2474 1514 2550; x_wconf 78' lang='grc' dir='ltr'><strong>φησί’</strong></span> <span class='ocrx_word' id='word_1_257' title='bbox 1543 2475 1808 2538; x_wconf 82' lang='grc' dir='ltr'><strong>Βαπτίζω</strong></span> <span class='ocrx_word' id='word_1_258' title='bbox 1839 2491 1915 2532; x_wconf 81' lang='grc' dir='ltr'><strong>σε</strong></span> 
     </span>
    </p>
   </div>
   <div class='ocr_carea' id='block_1_41' title="bbox 337 2570 1914 2642">
    <p class='ocr_par' dir='ltr' id='par_1_41' title="bbox 337 2570 1914 2642">
     <span class='ocr_line' id='line_1_41' title="bbox 337 2570 1914 2642; baseline -0.001 -15"><span class='ocrx_word' id='word_1_259' title='bbox 337 2577 424 2640; x_wconf 79' lang='grc' dir='ltr'><strong>εὶς</strong></span> <span class='ocrx_word' id='word_1_260' title='bbox 450 2575 516 2628; x_wconf 80' lang='grc' dir='ltr'><strong>τὸ</strong></span> <span class='ocrx_word' id='word_1_261' title='bbox 531 2573 720 2642; x_wconf 80' lang='grc' dir='ltr'><strong>ὄνομα</strong></span> <span class='ocrx_word' id='word_1_262' title='bbox 739 2571 846 2627; x_wconf 85' lang='grc' dir='ltr'><strong>τοῦ</strong></span> <span class='ocrx_word' id='word_1_263' title='bbox 856 2571 1086 2640; x_wconf 80' lang='grc' dir='ltr'><strong>Πατρός</strong></span> <span class='ocrx_word' id='word_1_264' title='bbox 1103 2570 1318 2624; x_wconf 75' lang='grc' dir='ltr'><strong>καὶτοῦ</strong></span> <span class='ocrx_word' id='word_1_265' title='bbox 1339 2571 1474 2625; x_wconf 85' lang='grc' dir='ltr'><strong>Υἱοῦ</strong></span> <span class='ocrx_word' id='word_1_266' title='bbox 1493 2570 1594 2624; x_wconf 78' lang='grc' dir='ltr'><strong>καί</strong></span> <span class='ocrx_word' id='word_1_267' title='bbox 1613 2570 1720 2626; x_wconf 84' lang='grc' dir='ltr'><strong>τοῦ</strong></span> <span class='ocrx_word' id='word_1_268' title='bbox 1743 2570 1914 2642; x_wconf 76' lang='grc' dir='ltr'><strong>ἁγίου</strong></span> 
     </span>
    </p>
   </div>
   <div class='ocr_carea' id='block_1_42' title="bbox 340 2661 1916 2736">
    <p class='ocr_par' dir='ltr' id='par_1_42' title="bbox 340 2661 1916 2736">
     <span class='ocr_line' id='line_1_42' title="bbox 340 2661 1916 2736; baseline -0.003 -16"><span class='ocrx_word' id='word_1_269' title='bbox 340 2665 802 2736; x_wconf 80' lang='grc' dir='ltr'><strong>Πνεύματος,είς</strong></span> <span class='ocrx_word' id='word_1_270' title='bbox 828 2664 926 2736; x_wconf 82' lang='grc' dir='ltr'><strong>τὴν</strong></span> <span class='ocrx_word' id='word_1_271' title='bbox 949 2661 1454 2734; x_wconf 77' lang='grc' dir='ltr'><strong>ὁμοούσιονΤριάδα</strong></span> <span class='ocrx_word' id='word_1_272' title='bbox 1477 2663 1756 2718; x_wconf 80' lang='grc' dir='ltr'><strong>πιστεύειν</strong></span> <span class='ocrx_word' id='word_1_273' title='bbox 1781 2681 1795 2696; x_wconf 79' lang='grc' dir='ltr'><strong><em>ο</em></strong></span> <span class='ocrx_word' id='word_1_274' title='bbox 1821 2664 1916 2716; x_wconf 74' lang='grc' dir='ltr'><strong>καὶ</strong></span> 
     </span>
    </p>
   </div>
   <div class='ocr_carea' id='block_1_43' title="bbox 340 2754 1916 2826">
    <p class='ocr_par' dir='ltr' id='par_1_43' title="bbox 340 2754 1916 2826">
     <span class='ocr_line' id='line_1_43' title="bbox 340 2754 1916 2826; baseline -0.001 -17"><span class='ocrx_word' id='word_1_275' title='bbox 340 2756 668 2810; x_wconf 84' lang='grc' dir='ltr'><strong>ἀποπλύνων</strong></span> <span class='ocrx_word' id='word_1_276' title='bbox 697 2757 792 2809; x_wconf 65' lang='grc' dir='ltr'><strong>καλ⁵</strong></span> <span class='ocrx_word' id='word_1_277' title='bbox 813 2755 1104 2810; x_wconf 85' lang='grc' dir='ltr'><strong>ἀπεκδύων</strong></span> <span class='ocrx_word' id='word_1_278' title='bbox 1123 2754 1286 2808; x_wconf 82' lang='grc' dir='ltr'><strong>αὐτὸν</strong></span> <span class='ocrx_word' id='word_1_279' title='bbox 1311 2755 1420 2808; x_wconf 80' lang='grc' dir='ltr'><strong>ἀπὸ</strong></span> <span class='ocrx_word' id='word_1_280' title='bbox 1443 2755 1541 2826; x_wconf 84' lang='grc' dir='ltr'><strong>τῆς</strong></span> <span class='ocrx_word' id='word_1_281' title='bbox 1565 2755 1916 2826; x_wconf 85' lang='grc' dir='ltr'><strong>προῦπούσης</strong></span> 
     </span>
    </p>
   </div>
   <div class='ocr_carea' id='block_1_44' title="bbox 343 2845 1912 2921">
    <p class='ocr_par' dir='ltr' id='par_1_44' title="bbox 343 2845 1912 2921">
     <span class='ocr_line' id='line_1_44' title="bbox 343 2845 1912 2921; baseline -0.001 -19"><span class='ocrx_word' id='word_1_282' title='bbox 343 2847 492 2919; x_wconf 82' lang='grc' dir='ltr'><strong>αὐτῷ</strong></span> <span class='ocrx_word' id='word_1_283' title='bbox 521 2847 840 2921; x_wconf 83' lang='grc' dir='ltr'><strong>θρησκείας,</strong></span> <span class='ocrx_word' id='word_1_284' title='bbox 862 2847 958 2901; x_wconf 75' lang='grc' dir='ltr'><strong>καὶ</strong></span> <span class='ocrx_word' id='word_1_285' title='bbox 987 2845 1289 2917; x_wconf 88' lang='grc' dir='ltr'><strong>μετενδύων</strong></span> <span class='ocrx_word' id='word_1_286' title='bbox 1309 2846 1476 2900; x_wconf 82' lang='grc' dir='ltr'><strong>αὐτὸν</strong></span> <span class='ocrx_word' id='word_1_287' title='bbox 1507 2849 1586 2909; x_wconf 85' lang='grc' dir='ltr'><strong>εἰς</strong></span> <span class='ocrx_word' id='word_1_288' title='bbox 1609 2853 1633 2883; x_wconf 88' lang='lat'><strong>°</strong></span> <span class='ocrx_word' id='word_1_289' title='bbox 1659 2846 1912 2916; x_wconf 76' lang='grc' dir='ltr'><strong>Χριστὸν,</strong></span> 
     </span>
    </p>
   </div>
   <div class='ocr_carea' id='block_1_45' title="bbox 343 2933 1917 3008">
    <p class='ocr_par' dir='ltr' id='par_1_45' title="bbox 343 2933 1917 3008">
     <span class='ocr_line' id='line_1_45' title="bbox 343 2933 1917 3008; baseline 0.001 -18"><span class='ocrx_word' id='word_1_290' title='bbox 343 2939 439 2991; x_wconf 71' lang='grc' dir='ltr'><strong>καὶ</strong></span> <span class='ocrx_word' id='word_1_291' title='bbox 465 2936 721 3008; x_wconf 81' lang='grc' dir='ltr'><strong>καθαρῶς</strong></span> <span class='ocrx_word' id='word_1_292' title='bbox 744 2938 846 3008; x_wconf 82' lang='grc' dir='ltr'><strong>τὴν</strong></span> <span class='ocrx_word' id='word_1_293' title='bbox 871 2933 1038 2990; x_wconf 76' lang='grc' dir='ltr'><strong>οὖσαν</strong></span> <span class='ocrx_word' id='word_1_294' title='bbox 1061 2935 1404 3004; x_wconf 78' lang='grc' dir='ltr'><strong>διαγγέλλων</strong></span> <span class='ocrx_word' id='word_1_295' title='bbox 1441 2937 1646 2991; x_wconf 82' lang='grc' dir='ltr'><strong>πίστιν.</strong></span> <span class='ocrx_word' id='word_1_296' title='bbox 1671 2937 1917 3008; x_wconf 85' lang='grc' dir='ltr'><strong>Σημειω-</strong></span> 
     </span>
    </p>
   </div>
   <div class='ocr_carea' id='block_1_46' title="bbox 2020 1747 2459 1806">
    <p class='ocr_par' dir='ltr' id='par_1_46' title="bbox 2020 1747 2459 1806">
     <span class='ocr_line' id='line_1_46' title="bbox 2020 1747 2459 1806; baseline 0 -2"><span class='ocrx_word' id='word_1_297' title='bbox 2020 1749 2230 1804; x_wconf 90' lang='lat' dir='ltr'><strong>Domini</strong></span> <span class='ocrx_word' id='word_1_298' title='bbox 2255 1747 2404 1806; x_wconf 77' lang='lat' dir='ltr'><strong>Jesu.</strong></span> <span class='ocrx_word' id='word_1_299' title='bbox 2437 1769 2459 1804; x_wconf 77' lang='grc' dir='ltr'><strong>ι</strong></span> 
     </span>
    </p>
   </div>
   <div class='ocr_carea' id='block_1_47' title="bbox 2095 1839 3596 1918">
    <p class='ocr_par' dir='ltr' id='par_1_47' title="bbox 2095 1839 3596 1918">
     <span class='ocr_line' id='line_1_47' title="bbox 2095 1839 3596 1918; baseline 0.011 -25"><span class='ocrx_word' id='word_1_300' title='bbox 2095 1839 2324 1897; x_wconf 84' lang='lat' dir='ltr'><strong>Joannis</strong></span> <span class='ocrx_word' id='word_1_301' title='bbox 2345 1841 2510 1912; x_wconf 83' lang='lat' dir='ltr'><strong>igitur</strong></span> <span class='ocrx_word' id='word_1_302' title='bbox 2531 1841 2832 1912; x_wconf 82' lang='lat' dir='ltr'><strong>baptismus</strong></span> <span class='ocrx_word' id='word_1_303' title='bbox 2861 1847 2930 1903; x_wconf 86' lang='lat' dir='ltr'><strong>ad</strong></span> <span class='ocrx_word' id='word_1_304' title='bbox 2973 1849 3346 1918; x_wconf 74' lang='lat' dir='ltr'><strong>ptenitentiam</strong></span> <span class='ocrx_word' id='word_1_305' title='bbox 3395 1853 3596 1909; x_wconf 74' lang='lat' dir='ltr'><strong>exhor-</strong></span> 
     </span>
    </p>
   </div>
   <div class='ocr_carea' id='block_1_48' title="bbox 2023 1931 3598 2005">
    <p class='ocr_par' dir='ltr' id='par_1_48' title="bbox 2023 1931 3598 2005">
     <span class='ocr_line' id='line_1_48' title="bbox 2023 1931 3598 2005; baseline 0.011 -23"><span class='ocrx_word' id='word_1_306' title='bbox 2023 1931 2154 1984; x_wconf 89' lang='lat' dir='ltr'><strong>tatio</strong></span> <span class='ocrx_word' id='word_1_307' title='bbox 2182 1937 2320 1997; x_wconf 89' lang='lat' dir='ltr'><strong>erat,</strong></span> <span class='ocrx_word' id='word_1_308' title='bbox 2343 1932 2444 1986; x_wconf 89' lang='lat' dir='ltr'><strong>sed</strong></span> <span class='ocrx_word' id='word_1_309' title='bbox 2476 1947 2582 1986; x_wconf 89' lang='lat' dir='ltr'><strong>non</strong></span> <span class='ocrx_word' id='word_1_310' title='bbox 2611 1943 2831 2002; x_wconf 81' lang='lat' dir='ltr'><strong>peccata</strong></span> <span class='ocrx_word' id='word_1_311' title='bbox 2859 1937 3110 2005; x_wconf 89' lang='lat' dir='ltr'><strong>delebat;</strong></span> <span class='ocrx_word' id='word_1_312' title='bbox 3137 1941 3280 1996; x_wconf 88' lang='lat' dir='ltr'><strong>unde</strong></span> <span class='ocrx_word' id='word_1_313' title='bbox 3331 1941 3447 1998; x_wconf 70' lang='lat' dir='ltr'><strong>haec</strong></span> <span class='ocrx_word' id='word_1_314' title='bbox 3477 1953 3598 2000; x_wconf 86' lang='lat' dir='ltr'><strong>erat</strong></span> 
     </span>
    </p>
   </div>
   <div class='ocr_carea' id='block_1_49' title="bbox 2021 2019 3594 2104">
    <p class='ocr_par' dir='ltr' id='par_1_49' title="bbox 2021 2019 3594 2104">
     <span class='ocr_line' id='line_1_49' title="bbox 2021 2019 3594 2104; baseline 0.013 -32"><span class='ocrx_word' id='word_1_315' title='bbox 2021 2019 2325 2076; x_wconf 79' lang='lat' dir='ltr'><strong>dillerentia</strong></span> <span class='ocrx_word' id='word_1_316' title='bbox 2381 2023 2528 2077; x_wconf 90' lang='lat' dir='ltr'><strong>inter</strong></span> <span class='ocrx_word' id='word_1_317' title='bbox 2553 2025 2878 2093; x_wconf 88' lang='lat' dir='ltr'><strong>haptismmu</strong></span> <span class='ocrx_word' id='word_1_318' title='bbox 2925 2026 3156 2085; x_wconf 83' lang='lat' dir='ltr'><strong>Joannis</strong></span> <span class='ocrx_word' id='word_1_319' title='bbox 3183 2041 3238 2086; x_wconf 91' lang='lat' dir='ltr'><strong>et</strong></span> <span class='ocrx_word' id='word_1_320' title='bbox 3266 2032 3594 2104; x_wconf 83' lang='lat' dir='ltr'><strong>baptismum</strong></span> 
     </span>
    </p>
   </div>
   <div class='ocr_carea' id='block_1_50' title="bbox 2021 2109 3652 2196">
    <p class='ocr_par' dir='ltr' id='par_1_50' title="bbox 2021 2109 3652 2196">
     <span class='ocr_line' id='line_1_50' title="bbox 2021 2109 3652 2196; baseline 0.013 -34"><span class='ocrx_word' id='word_1_321' title='bbox 2021 2109 2440 2180; x_wconf 84' lang='lat' dir='ltr'><strong>tidelium,quod</strong></span> <span class='ocrx_word' id='word_1_322' title='bbox 2461 2113 2764 2182; x_wconf 83' lang='lat' dir='ltr'><strong>baptismus</strong></span> <span class='ocrx_word' id='word_1_323' title='bbox 2792 2117 3027 2174; x_wconf 74' lang='lat' dir='ltr'><strong>ﬁdelium</strong></span> <span class='ocrx_word' id='word_1_324' title='bbox 3053 2123 3432 2180; x_wconf 85' lang='lat' dir='ltr'><strong>remissionem</strong></span> <span class='ocrx_word' id='word_1_325' title='bbox 3457 2141 3597 2196; x_wconf 89' lang='lat' dir='ltr'><strong>pee-</strong></span> <span class='ocrx_word' id='word_1_326' title='bbox 3649 2145 3652 2149; x_wconf 75' lang='lat'><strong><em>&#39;</em></strong></span> 
     </span>
    </p>
   </div>
   <div class='ocr_carea' id='block_1_51' title="bbox 2019 2203 3595 2287">
    <p class='ocr_par' dir='ltr' id='par_1_51' title="bbox 2019 2203 3595 2287">
     <span class='ocr_line' id='line_1_51' title="bbox 2019 2203 3595 2287; baseline 0.011 -33"><span class='ocrx_word' id='word_1_327' title='bbox 2019 2203 2833 2272; x_wconf 79' lang='lat' dir='ltr'><strong>catorumoperatur;Joannes</strong></span> <span class='ocrx_word' id='word_1_328' title='bbox 2865 2209 3149 2280; x_wconf 81' lang='lat' dir='ltr'><strong>baptizans</strong></span> <span class='ocrx_word' id='word_1_329' title='bbox 3179 2212 3397 2270; x_wconf 86' lang='lat' dir='ltr'><strong>dicebat</strong></span> <span class='ocrx_word' id='word_1_330' title='bbox 3428 2229 3445 2270; x_wconf 86' lang='lat'><strong>:</strong></span> <span class='ocrx_word' id='word_1_331' title='bbox 3478 2215 3595 2287; x_wconf 88' lang='lat' dir='ltr'><strong>Ego</strong></span> 
     </span>
    </p>
   </div>
   <div class='ocr_carea' id='block_1_52' title="bbox 2023 2292 3600 2374">
    <p class='ocr_par' dir='ltr' id='par_1_52' title="bbox 2023 2292 3600 2374">
     <span class='ocr_line' id='line_1_52' title="bbox 2023 2292 3600 2374; baseline 0.013 -30"><span class='ocrx_word' id='word_1_332' title='bbox 2023 2299 2075 2344; x_wconf 89' lang='lat' dir='ltr'><strong>te</strong></span> <span class='ocrx_word' id='word_1_333' title='bbox 2107 2292 2320 2362; x_wconf 88' lang='lat' dir='ltr'><strong>baptizo</strong></span> <span class='ocrx_word' id='word_1_334' title='bbox 2341 2295 2392 2349; x_wconf 91' lang='lat' dir='ltr'><strong>in</strong></span> <span class='ocrx_word' id='word_1_335' title='bbox 2427 2311 2550 2351; x_wconf 90' lang='lat' dir='ltr'><strong>eum</strong></span> <span class='ocrx_word' id='word_1_336' title='bbox 2605 2297 2698 2368; x_wconf 87' lang='lat' dir='ltr'><strong>qui</strong></span> <span class='ocrx_word' id='word_1_337' title='bbox 2739 2308 2860 2368; x_wconf 90' lang='lat' dir='ltr'><strong>post</strong></span> <span class='ocrx_word' id='word_1_338' title='bbox 2917 2315 3004 2355; x_wconf 91' lang='lat' dir='ltr'><strong>me</strong></span> <span class='ocrx_word' id='word_1_339' title='bbox 3040 2313 3300 2360; x_wconf 73' lang='lat' dir='ltr'><strong>venturus</strong></span> <span class='ocrx_word' id='word_1_340' title='bbox 3347 2318 3452 2374; x_wconf 89' lang='lat' dir='ltr'><strong>est,</strong></span> <span class='ocrx_word' id='word_1_341' title='bbox 3485 2325 3512 2361; x_wconf 87' lang='lat' dir='ltr'><strong>a</strong></span> <span class='ocrx_word' id='word_1_342' title='bbox 3545 2315 3600 2364; x_wconf 88' lang='lat' dir='ltr'><strong>te</strong></span> 
     </span>
    </p>
   </div>
   <div class='ocr_carea' id='block_1_53' title="bbox 2021 2381 3678 2468">
    <p class='ocr_par' dir='ltr' id='par_1_53' title="bbox 2021 2381 3678 2468">
     <span class='ocr_line' id='line_1_53' title="bbox 2021 2381 3678 2468; baseline 0.012 -31"><span class='ocrx_word' id='word_1_343' title='bbox 2021 2395 2144 2453; x_wconf 77' lang='lat' dir='ltr'><strong>peto</strong></span> <span class='ocrx_word' id='word_1_344' title='bbox 2192 2395 2253 2440; x_wconf 86' lang='lat' dir='ltr'><strong>ut</strong></span> <span class='ocrx_word' id='word_1_345' title='bbox 2295 2387 2485 2444; x_wconf 80' lang='lat' dir='ltr'><strong>credas</strong></span> <span class='ocrx_word' id='word_1_346' title='bbox 2530 2389 2584 2444; x_wconf 87' lang='lat' dir='ltr'><strong>in</strong></span> <span class='ocrx_word' id='word_1_347' title='bbox 2629 2403 2775 2458; x_wconf 86' lang='lat' dir='ltr'><strong>eum,</strong></span> <span class='ocrx_word' id='word_1_348' title='bbox 2836 2393 2963 2462; x_wconf 83' lang='lat' dir='ltr'><strong>quia</strong></span> <span class='ocrx_word' id='word_1_349' title='bbox 2999 2394 3114 2464; x_wconf 87' lang='lat' dir='ltr'><strong>ipse</strong></span> <span class='ocrx_word' id='word_1_350' title='bbox 3143 2407 3224 2450; x_wconf 86' lang='lat' dir='ltr'><strong>est</strong></span> <span class='ocrx_word' id='word_1_351' title='bbox 3259 2399 3441 2468; x_wconf 82' lang='lat' dir='ltr'><strong>Agnus</strong></span> <span class='ocrx_word' id='word_1_352' title='bbox 3468 2401 3595 2468; x_wconf 90' lang='lat' dir='ltr'><strong>Dei;</strong></span> <span class='ocrx_word' id='word_1_353' title='bbox 3668 2381 3678 2396; x_wconf 30' lang='grc' dir='ltr'><strong>λ</strong></span> 
     </span>
    </p>
   </div>
   <div class='ocr_carea' id='block_1_54' title="bbox 2021 2473 3600 2558">
    <p class='ocr_par' dir='ltr' id='par_1_54' title="bbox 2021 2473 3600 2558">
     <span class='ocr_line' id='line_1_54' title="bbox 2021 2473 3600 2558; baseline 0.012 -33"><span class='ocrx_word' id='word_1_354' title='bbox 2021 2473 2193 2528; x_wconf 84' lang='lat' dir='ltr'><strong>ﬁdelis</strong></span> <span class='ocrx_word' id='word_1_355' title='bbox 2253 2484 2455 2541; x_wconf 88' lang='lat' dir='ltr'><strong>autem,</strong></span> <span class='ocrx_word' id='word_1_356' title='bbox 2505 2493 2626 2532; x_wconf 88' lang='lat' dir='ltr'><strong>cum</strong></span> <span class='ocrx_word' id='word_1_357' title='bbox 2687 2482 2946 2550; x_wconf 84' lang='lat' dir='ltr'><strong>baptizat,</strong></span> <span class='ocrx_word' id='word_1_358' title='bbox 3013 2485 3186 2542; x_wconf 88' lang='lat' dir='ltr'><strong>dicit:</strong></span> <span class='ocrx_word' id='word_1_359' title='bbox 3225 2487 3336 2558; x_wconf 78' lang='lat' dir='ltr'><strong>Ego</strong></span> <span class='ocrx_word' id='word_1_360' title='bbox 3387 2499 3436 2542; x_wconf 84' lang='lat' dir='ltr'><strong>te</strong></span> <span class='ocrx_word' id='word_1_361' title='bbox 3505 2491 3600 2544; x_wconf 80' lang='lat' dir='ltr'><strong>ba-</strong></span> 
     </span>
    </p>
   </div>
   <div class='ocr_carea' id='block_1_55' title="bbox 2017 2566 3604 2652">
    <p class='ocr_par' dir='ltr' id='par_1_55' title="bbox 2017 2566 3604 2652">
     <span class='ocr_line' id='line_1_55' title="bbox 2017 2566 3604 2652; baseline 0.012 -36"><span class='ocrx_word' id='word_1_362' title='bbox 2017 2566 2269 2632; x_wconf 69' lang='lat' dir='ltr'><strong>ptiza&#39;t&#39;n</strong></span> <span class='ocrx_word' id='word_1_363' title='bbox 2317 2567 2526 2622; x_wconf 71' lang='lat' dir='ltr'><strong>nomine</strong></span> <span class='ocrx_word' id='word_1_364' title='bbox 2555 2567 2736 2624; x_wconf 77' lang='lat' dir='ltr'><strong>Patris</strong></span> <span class='ocrx_word' id='word_1_365' title='bbox 2771 2580 2820 2626; x_wconf 75' lang='lat' dir='ltr'><strong>et</strong></span> <span class='ocrx_word' id='word_1_366' title='bbox 2853 2570 2985 2626; x_wconf 74' lang='lat' dir='ltr'><strong>Filii</strong></span> <span class='ocrx_word' id='word_1_367' title='bbox 3019 2582 3069 2627; x_wconf 85' lang='lat' dir='ltr'><strong>et</strong></span> <span class='ocrx_word' id='word_1_368' title='bbox 3113 2576 3346 2646; x_wconf 77' lang='lat' dir='ltr'><strong>Spiritus</strong></span> <span class='ocrx_word' id='word_1_369' title='bbox 3404 2584 3604 2652; x_wconf 71' lang='lat' dir='ltr'><strong>sancti,</strong></span> 
     </span>
    </p>
   </div>
   <div class='ocr_carea' id='block_1_56' title="bbox 2023 2659 3600 2726">
    <p class='ocr_par' dir='ltr' id='par_1_56' title="bbox 2023 2659 3600 2726">
     <span class='ocr_line' id='line_1_56' title="bbox 2023 2659 3600 2726; baseline 0.01 -15"><span class='ocrx_word' id='word_1_370' title='bbox 2023 2667 2082 2711; x_wconf 92' lang='lat' dir='ltr'><strong>ut</strong></span> <span class='ocrx_word' id='word_1_371' title='bbox 2120 2659 2175 2712; x_wconf 90' lang='lat' dir='ltr'><strong>in</strong></span> <span class='ocrx_word' id='word_1_372' title='bbox 2203 2663 2724 2716; x_wconf 75' lang='lat' dir='ltr'><strong>consubstantialem</strong></span> <span class='ocrx_word' id='word_1_373' title='bbox 2745 2661 3066 2720; x_wconf 85' lang='lat' dir='ltr'><strong>Trinitatem</strong></span> <span class='ocrx_word' id='word_1_374' title='bbox 3101 2667 3290 2722; x_wconf 87' lang='lat' dir='ltr'><strong>credas</strong></span> <span class='ocrx_word' id='word_1_375' title='bbox 3314 2669 3600 2726; x_wconf 77' lang='lat' dir='ltr'><strong>:lavatba-</strong></span> 
     </span>
    </p>
   </div>
   <div class='ocr_carea' id='block_1_57' title="bbox 2021 2749 3600 2832">
    <p class='ocr_par' dir='ltr' id='par_1_57' title="bbox 2021 2749 3600 2832">
     <span class='ocr_line' id='line_1_57' title="bbox 2021 2749 3600 2832; baseline 0.011 -33"><span class='ocrx_word' id='word_1_376' title='bbox 2021 2749 2302 2817; x_wconf 83' lang='lat' dir='ltr'><strong>ptizatum,</strong></span> <span class='ocrx_word' id='word_1_377' title='bbox 2322 2760 2375 2806; x_wconf 92' lang='lat' dir='ltr'><strong>et</strong></span> <span class='ocrx_word' id='word_1_378' title='bbox 2403 2753 2626 2821; x_wconf 76' lang='lat' dir='ltr'><strong>pristina</strong></span> <span class='ocrx_word' id='word_1_379' title='bbox 2662 2755 3053 2824; x_wconf 79' lang='lat' dir='ltr'><strong>superstitione</strong></span> <span class='ocrx_word' id='word_1_380' title='bbox 3086 2759 3254 2828; x_wconf 83' lang='lat' dir='ltr'><strong>exuit,</strong></span> <span class='ocrx_word' id='word_1_381' title='bbox 3275 2759 3600 2832; x_wconf 74' lang='lat' dir='ltr'><strong>Christoque</strong></span> 
     </span>
    </p>
   </div>
   <div class='ocr_carea' id='block_1_58' title="bbox 2024 2839 3598 2907">
    <p class='ocr_par' dir='ltr' id='par_1_58' title="bbox 2024 2839 3598 2907">
     <span class='ocr_line' id='line_1_58' title="bbox 2024 2839 3598 2907; baseline 0.01 -15"><span class='ocrx_word' id='word_1_382' title='bbox 2024 2839 2220 2904; x_wconf 92' lang='lat' dir='ltr'><strong>induit,</strong></span> <span class='ocrx_word' id='word_1_383' title='bbox 2269 2855 2450 2896; x_wconf 84' lang='lat' dir='ltr'><strong>veram</strong></span> <span class='ocrx_word' id='word_1_384' title='bbox 2509 2857 2635 2898; x_wconf 87' lang='lat' dir='ltr'><strong>eum</strong></span> <span class='ocrx_word' id='word_1_385' title='bbox 2684 2845 2889 2901; x_wconf 86' lang='lat' dir='ltr'><strong>docens</strong></span> <span class='ocrx_word' id='word_1_386' title='bbox 2941 2847 3120 2902; x_wconf 87' lang='lat' dir='ltr'><strong>fidem.</strong></span> <span class='ocrx_word' id='word_1_387' title='bbox 3171 2847 3381 2906; x_wconf 77' lang='lat' dir='ltr'><strong>Rursus</strong></span> <span class='ocrx_word' id='word_1_388' title='bbox 3415 2861 3598 2907; x_wconf 87' lang='lat' dir='ltr'><strong>autem</strong></span> 
     </span>
    </p>
   </div>
   <div class='ocr_carea' id='block_1_59' title="bbox 2023 2929 3596 3014">
    <p class='ocr_par' dir='ltr' id='par_1_59' title="bbox 2023 2929 3596 3014">
     <span class='ocr_line' id='line_1_59' title="bbox 2023 2929 3596 3014; baseline 0.01 -30"><span class='ocrx_word' id='word_1_389' title='bbox 2023 2929 2128 2986; x_wconf 88' lang='lat' dir='ltr'><strong>hoc</strong></span> <span class='ocrx_word' id='word_1_390' title='bbox 2180 2933 2478 2988; x_wconf 86' lang='lat' dir='ltr'><strong>notandum</strong></span> <span class='ocrx_word' id='word_1_391' title='bbox 2538 2936 2704 3004; x_wconf 87' lang='lat' dir='ltr'><strong>quod,</strong></span> <span class='ocrx_word' id='word_1_392' title='bbox 2767 2948 2890 3006; x_wconf 88' lang='lat' dir='ltr'><strong>post</strong></span> <span class='ocrx_word' id='word_1_393' title='bbox 2921 2937 2974 2992; x_wconf 86' lang='lat' dir='ltr'><strong>in</strong></span> <span class='ocrx_word' id='word_1_394' title='bbox 3001 2939 3219 2996; x_wconf 81' lang='lat' dir='ltr'><strong>Christo</strong></span> <span class='ocrx_word' id='word_1_395' title='bbox 3248 2943 3596 3014; x_wconf 80' lang='lat' dir='ltr'><strong>baptismum,</strong></span> 
     </span>
    </p>
   </div>
   <div class='ocr_carea' id='block_1_60' title="bbox 344 3024 1919 3106">
    <p class='ocr_par' dir='ltr' id='par_1_60' title="bbox 344 3025 1918 3098">
     <span class='ocr_line' id='line_1_60' title="bbox 344 3025 1918 3098; baseline 0.001 -17"><span class='ocrx_word' id='word_1_396' title='bbox 344 3029 466 3082; x_wconf 84' lang='grc' dir='ltr'><strong>τέον</strong></span> <span class='ocrx_word' id='word_1_397' title='bbox 503 3027 560 3080; x_wconf 78' lang='grc' dir='ltr'><strong>δὲ</strong></span> <span class='ocrx_word' id='word_1_398' title='bbox 591 3027 776 3092; x_wconf 87' lang='grc' dir='ltr'><strong>πάλιν,</strong></span> <span class='ocrx_word' id='word_1_399' title='bbox 821 3027 903 3080; x_wconf 84' lang='grc' dir='ltr'><strong>ὅτι</strong></span> <span class='ocrx_word' id='word_1_400' title='bbox 945 3025 1084 3098; x_wconf 83' lang='grc' dir='ltr'><strong>μετά</strong></span> <span class='ocrx_word' id='word_1_401' title='bbox 1115 3025 1176 3078; x_wconf 82' lang='grc' dir='ltr'><strong>τὸ</strong></span> <span class='ocrx_word' id='word_1_402' title='bbox 1207 3029 1288 3090; x_wconf 85' lang='grc' dir='ltr'><strong>είς</strong></span> <span class='ocrx_word' id='word_1_403' title='bbox 1324 3025 1559 3097; x_wconf 78' lang='grc' dir='ltr'><strong>Χριστὸν</strong></span> <span class='ocrx_word' id='word_1_404' title='bbox 1593 3025 1878 3098; x_wconf 83' lang='grc' dir='ltr'><strong>βάπτισμα</strong></span> <span class='ocrx_word' id='word_1_405' title='bbox 1902 3067 1918 3095; x_wconf 95' lang='grc'><strong>,</strong></span> 
     </span>
    </p>
   </div>
   <div class='ocr_carea' id='block_1_61' title="bbox 2021 3024 3598 3106">
    <p class='ocr_par' dir='ltr' id='par_1_61' title="bbox 2025 3024 3598 3106">
     <span class='ocr_line' id='line_1_61' title="bbox 2025 3024 3598 3106; baseline 0.01 -30"><span class='ocrx_word' id='word_1_406' title='bbox 2025 3038 2120 3092; x_wconf 91' lang='lat' dir='ltr'><strong>per</strong></span> <span class='ocrx_word' id='word_1_407' title='bbox 2174 3024 2574 3094; x_wconf 87' lang='lat' dir='ltr'><strong>impositionem</strong></span> <span class='ocrx_word' id='word_1_408' title='bbox 2637 3042 2895 3082; x_wconf 87' lang='lat' dir='ltr'><strong>manuum</strong></span> <span class='ocrx_word' id='word_1_409' title='bbox 2947 3031 3314 3100; x_wconf 85' lang='lat' dir='ltr'><strong>haptizantis,</strong></span> <span class='ocrx_word' id='word_1_410' title='bbox 3362 3035 3598 3106; x_wconf 88' lang='lat' dir='ltr'><strong>Spiritus</strong></span> 
     </span>
    </p>
   </div>
   <div class='ocr_carea' id='block_1_62' title="bbox 237 3116 1922 3190">
    <p class='ocr_par' dir='ltr' id='par_1_62' title="bbox 237 3116 1922 3190">
     <span class='ocr_line' id='line_1_62' title="bbox 237 3116 1922 3190; baseline 0.001 -19"><span class='ocrx_word' id='word_1_411' title='bbox 237 3180 243 3185; x_wconf 33' lang='grc'><strong>,</strong></span> <span class='ocrx_word' id='word_1_412' title='bbox 344 3119 433 3172; x_wconf 80' lang='grc' dir='ltr'><strong>διὰ</strong></span> <span class='ocrx_word' id='word_1_413' title='bbox 479 3117 582 3188; x_wconf 82' lang='grc' dir='ltr'><strong>τῆς</strong></span> <span class='ocrx_word' id='word_1_414' title='bbox 620 3117 924 3181; x_wconf 84' lang='grc' dir='ltr'><strong>ἐπιθέσεως</strong></span> <span class='ocrx_word' id='word_1_415' title='bbox 980 3116 1092 3170; x_wconf 85' lang='grc' dir='ltr'><strong>τῶν</strong></span> <span class='ocrx_word' id='word_1_416' title='bbox 1135 3116 1338 3190; x_wconf 90' lang='grc' dir='ltr'><strong>χειρῶν</strong></span> <span class='ocrx_word' id='word_1_417' title='bbox 1381 3117 1478 3172; x_wconf 87' lang='grc' dir='ltr'><strong>τοῦ</strong></span> <span class='ocrx_word' id='word_1_418' title='bbox 1529 3116 1922 3188; x_wconf 78' lang='grc' dir='ltr'><strong>βαπτίζοντος,</strong></span> 
     </span>
    </p>
   </div>
   <div class='ocr_carea' id='block_1_63' title="bbox 347 3207 1926 3280">
    <p class='ocr_par' dir='ltr' id='par_1_63' title="bbox 347 3207 1926 3280">
     <span class='ocr_line' id='line_1_63' title="bbox 347 3207 1926 3280; baseline 0.004 -20"><span class='ocrx_word' id='word_1_419' title='bbox 347 3209 602 3278; x_wconf 77' lang='grc' dir='ltr'><strong>ἐπιφοιτᾷ</strong></span> <span class='ocrx_word' id='word_1_420' title='bbox 635 3209 698 3261; x_wconf 80' lang='grc' dir='ltr'><strong>τὸ</strong></span> <span class='ocrx_word' id='word_1_421' title='bbox 731 3207 958 3280; x_wconf 81' lang='grc' dir='ltr'><strong>Πνεῦμα</strong></span> <span class='ocrx_word' id='word_1_422' title='bbox 991 3207 1053 3262; x_wconf 75' lang='grc' dir='ltr'><strong>τὸ</strong></span> <span class='ocrx_word' id='word_1_423' title='bbox 1076 3207 1230 3277; x_wconf 76' lang='grc' dir='ltr'><strong>ἅγιον</strong></span> <span class='ocrx_word' id='word_1_424' title='bbox 1257 3211 1370 3272; x_wconf 85' lang='grc' dir='ltr'><strong>τοῖς</strong></span> <span class='ocrx_word' id='word_1_425' title='bbox 1401 3207 1748 3278; x_wconf 66' lang='grc' dir='ltr'><strong>βαπτισθεωι</strong></span> <span class='ocrx_word' id='word_1_426' title='bbox 1777 3227 1791 3240; x_wconf 75' lang='grc' dir='ltr'><strong>ο</strong></span> <span class='ocrx_word' id='word_1_427' title='bbox 1832 3213 1926 3266; x_wconf 74' lang='grc' dir='ltr'><strong>καὶ</strong></span> 
     </span>
    </p>
   </div>
   <div class='ocr_carea' id='block_1_64' title="bbox 345 3296 1925 3371">
    <p class='ocr_par' dir='ltr' id='par_1_64' title="bbox 345 3296 1925 3371">
     <span class='ocr_line' id='line_1_64' title="bbox 345 3296 1925 3371; baseline 0.001 -18"><span class='ocrx_word' id='word_1_428' title='bbox 345 3300 428 3353; x_wconf 80' lang='grc' dir='ltr'><strong>ὅτι</strong></span> <span class='ocrx_word' id='word_1_429' title='bbox 463 3300 560 3352; x_wconf 76' lang='grc' dir='ltr'><strong>οὐκ</strong></span> <span class='ocrx_word' id='word_1_430' title='bbox 601 3296 746 3370; x_wconf 82' lang='grc' dir='ltr'><strong>είχον</strong></span> <span class='ocrx_word' id='word_1_431' title='bbox 793 3297 1020 3371; x_wconf 80' lang='grc' dir='ltr'><strong>Πνεῦμα</strong></span> <span class='ocrx_word' id='word_1_432' title='bbox 1063 3298 1219 3367; x_wconf 85' lang='grc' dir='ltr'><strong>ἆγιον</strong></span> <span class='ocrx_word' id='word_1_433' title='bbox 1265 3300 1314 3350; x_wconf 86' lang='grc' dir='ltr'><strong>οἱ</strong></span> <span class='ocrx_word' id='word_1_434' title='bbox 1345 3298 1407 3351; x_wconf 82' lang='grc' dir='ltr'><strong>τὸ</strong></span> <span class='ocrx_word' id='word_1_435' title='bbox 1455 3297 1700 3352; x_wconf 86' lang='grc' dir='ltr'><strong>Ἰωάννου</strong></span> <span class='ocrx_word' id='word_1_436' title='bbox 1731 3299 1925 3368; x_wconf 85' lang='grc' dir='ltr'><strong>βάπτι-</strong></span> 
     </span>
    </p>
   </div>
   <div class='ocr_carea' id='block_1_65' title="bbox 349 3385 1926 3464">
    <p class='ocr_par' dir='ltr' id='par_1_65' title="bbox 349 3385 1926 3464">
     <span class='ocr_line' id='line_1_65' title="bbox 349 3385 1926 3464; baseline 0.001 -20"><span class='ocrx_word' id='word_1_437' title='bbox 349 3409 460 3463; x_wconf 88' lang='grc' dir='ltr'><strong>σμα</strong></span> <span class='ocrx_word' id='word_1_438' title='bbox 489 3391 878 3462; x_wconf 78' lang='grc' dir='ltr'><strong>βαπτισθέντες</strong></span> <span class='ocrx_word' id='word_1_439' title='bbox 901 3401 930 3442; x_wconf 82' lang='lat' dir='ltr'><strong>P</strong></span> <span class='ocrx_word' id='word_1_440' title='bbox 951 3405 966 3421; x_wconf 83' lang='lat'><strong><em>°</em></strong></span> <span class='ocrx_word' id='word_1_441' title='bbox 999 3390 1118 3453; x_wconf 86' lang='grc' dir='ltr'><strong>πῶς</strong></span> <span class='ocrx_word' id='word_1_442' title='bbox 1177 3385 1270 3445; x_wconf 85' lang='grc' dir='ltr'><strong>οῦν</strong></span> <span class='ocrx_word' id='word_1_443' title='bbox 1295 3401 1324 3441; x_wconf 69' lang='grc' dir='ltr'><strong>σι</strong></span> <span class='ocrx_word' id='word_1_444' title='bbox 1371 3389 1633 3458; x_wconf 79' lang='grc' dir='ltr'><strong>Ἀπελλῆς</strong></span> <span class='ocrx_word' id='word_1_445' title='bbox 1661 3395 1822 3464; x_wconf 88' lang='grc' dir='ltr'><strong>μόνον</strong></span> <span class='ocrx_word' id='word_1_446' title='bbox 1844 3394 1926 3456; x_wconf 86' lang='grc' dir='ltr'><strong>είς</strong></span> 
     </span>
    </p>
   </div>
   <div class='ocr_carea' id='block_1_66' title="bbox 345 3481 1924 3554">
    <p class='ocr_par' dir='ltr' id='par_1_66' title="bbox 345 3481 1924 3554">
     <span class='ocr_line' id='line_1_66' title="bbox 345 3481 1924 3554; baseline 0.003 -18"><span class='ocrx_word' id='word_1_447' title='bbox 345 3484 408 3536; x_wconf 78' lang='grc' dir='ltr'><strong>τὸ</strong></span> <span class='ocrx_word' id='word_1_448' title='bbox 465 3484 710 3538; x_wconf 76' lang='grc' dir='ltr'><strong>Ἰωάννου</strong></span> <span class='ocrx_word' id='word_1_449' title='bbox 758 3493 780 3520; x_wconf 87' lang='grc' dir='ltr'><strong>ι’</strong></span> <span class='ocrx_word' id='word_1_450' title='bbox 821 3481 1171 3553; x_wconf 77' lang='grc' dir='ltr'><strong>βαπτισθεὶς,</strong></span> <span class='ocrx_word' id='word_1_451' title='bbox 1231 3481 1351 3547; x_wconf 82' lang='grc' dir='ltr'><strong>ἐζεε</strong></span> <span class='ocrx_word' id='word_1_452' title='bbox 1390 3481 1468 3554; x_wconf 79' lang='grc' dir='ltr'><strong>τῷ</strong></span> <span class='ocrx_word' id='word_1_453' title='bbox 1517 3483 1829 3554; x_wconf 86' lang='grc' dir='ltr'><strong>Πνεύματι;</strong></span> <span class='ocrx_word' id='word_1_454' title='bbox 1861 3484 1924 3540; x_wconf 83' lang='grc' dir='ltr'><strong>Ὀ</strong></span> 
     </span>
    </p>
   </div>
   <div class='ocr_carea' id='block_1_67' title="bbox 361 3571 1923 3644">
    <p class='ocr_par' dir='ltr' id='par_1_67' title="bbox 361 3571 1923 3644">
     <span class='ocr_line' id='line_1_67' title="bbox 361 3571 1923 3644; baseline 0.001 -18"><span class='ocrx_word' id='word_1_455' title='bbox 361 3575 646 3644; x_wconf 84' lang='grc' dir='ltr'><strong>Ἀπελλῆς,</strong></span> <span class='ocrx_word' id='word_1_456' title='bbox 673 3577 722 3628; x_wconf 87' lang='grc' dir='ltr'><strong>εί</strong></span> <span class='ocrx_word' id='word_1_457' title='bbox 749 3575 843 3628; x_wconf 78' lang='grc' dir='ltr'><strong>καὶ</strong></span> <span class='ocrx_word' id='word_1_458' title='bbox 865 3573 984 3640; x_wconf 84' lang='grc' dir='ltr'><strong>ἐζεε</strong></span> <span class='ocrx_word' id='word_1_459' title='bbox 1016 3574 1094 3644; x_wconf 85' lang='grc' dir='ltr'><strong>τῷ</strong></span> <span class='ocrx_word' id='word_1_460' title='bbox 1125 3575 1426 3644; x_wconf 84' lang='grc' dir='ltr'><strong>Πνεύματι,</strong></span> <span class='ocrx_word' id='word_1_461' title='bbox 1448 3573 1564 3628; x_wconf 83' lang='grc' dir='ltr'><strong>ἀλλ’</strong></span> <span class='ocrx_word' id='word_1_462' title='bbox 1595 3571 1688 3628; x_wconf 87' lang='grc' dir='ltr'><strong>οῦν</strong></span> <span class='ocrx_word' id='word_1_463' title='bbox 1708 3576 1810 3628; x_wconf 79' lang='grc' dir='ltr'><strong>οὐκ</strong></span> <span class='ocrx_word' id='word_1_464' title='bbox 1843 3575 1923 3628; x_wconf 79' lang='grc' dir='ltr'><strong>εἰ·</strong></span> 
     </span>
    </p>
   </div>
   <div class='ocr_carea' id='block_1_68' title="bbox 353 3660 1925 3736">
    <p class='ocr_par' dir='ltr' id='par_1_68' title="bbox 353 3660 1925 3736">
     <span class='ocr_line' id='line_1_68' title="bbox 353 3660 1925 3736; baseline 0 -18"><span class='ocrx_word' id='word_1_465' title='bbox 353 3684 513 3736; x_wconf 86' lang='grc' dir='ltr'><strong>ρηται</strong></span> <span class='ocrx_word' id='word_1_466' title='bbox 541 3667 624 3719; x_wconf 83' lang='grc' dir='ltr'><strong>ὅτι</strong></span> <span class='ocrx_word' id='word_1_467' title='bbox 669 3667 764 3720; x_wconf 77' lang='grc' dir='ltr'><strong>καὶ</strong></span> <span class='ocrx_word' id='word_1_468' title='bbox 801 3677 822 3704; x_wconf 73' lang='grc'><strong>³</strong></span> <span class='ocrx_word' id='word_1_469' title='bbox 870 3664 1096 3736; x_wconf 80' lang='grc' dir='ltr'><strong>Πνεῦμα</strong></span> <span class='ocrx_word' id='word_1_470' title='bbox 1129 3664 1284 3732; x_wconf 72' lang='grc' dir='ltr'><strong>ἅγιον</strong></span> <span class='ocrx_word' id='word_1_471' title='bbox 1329 3660 1513 3734; x_wconf 74' lang='grc' dir='ltr'><strong>εἶχενσ</strong></span> <span class='ocrx_word' id='word_1_472' title='bbox 1555 3665 1751 3734; x_wconf 84' lang='grc' dir='ltr'><strong>ἀμέλει</strong></span> <span class='ocrx_word' id='word_1_473' title='bbox 1792 3664 1925 3732; x_wconf 91' lang='grc' dir='ltr'><strong>γοῦν</strong></span> 
     </span>
    </p>
   </div>
   <div class='ocr_carea' id='block_1_69' title="bbox 346 3751 1924 3826">
    <p class='ocr_par' dir='ltr' id='par_1_69' title="bbox 346 3751 1924 3826">
     <span class='ocr_line' id='line_1_69' title="bbox 346 3751 1924 3826; baseline -0.001 -16"><span class='ocrx_word' id='word_1_474' title='bbox 346 3757 470 3810; x_wconf 74' lang='grc' dir='ltr'><strong>οὕτε</strong></span> <span class='ocrx_word' id='word_1_475' title='bbox 501 3757 778 3825; x_wconf 80' lang='grc' dir='ltr'><strong>γλώσσαις</strong></span> <span class='ocrx_word' id='word_1_476' title='bbox 824 3756 1004 3810; x_wconf 78' lang='grc' dir='ltr'><strong>ἐλάλει</strong></span> <span class='ocrx_word' id='word_1_477' title='bbox 1029 3795 1044 3821; x_wconf 95' lang='grc'><strong>,</strong></span> <span class='ocrx_word' id='word_1_478' title='bbox 1086 3752 1211 3808; x_wconf 74' lang='grc' dir='ltr'><strong>οὔτε</strong></span> <span class='ocrx_word' id='word_1_479' title='bbox 1245 3755 1646 3826; x_wconf 81' lang='grc' dir='ltr'><strong>ἐπροφήτευεν⁶</strong></span> <span class='ocrx_word' id='word_1_480' title='bbox 1674 3755 1804 3810; x_wconf 84' lang='grc' dir='ltr'><strong>ἄλλο</strong></span> <span class='ocrx_word' id='word_1_481' title='bbox 1831 3751 1924 3808; x_wconf 84' lang='grc' dir='ltr'><strong>οῦν</strong></span> 
     </span>
    </p>
   </div>
   <div class='ocr_carea' id='block_1_70' title="bbox 346 3843 1924 3917">
    <p class='ocr_par' dir='ltr' id='par_1_70' title="bbox 346 3843 1924 3917">
     <span class='ocr_line' id='line_1_70' title="bbox 346 3843 1924 3917; baseline -0.001 -17"><span class='ocrx_word' id='word_1_482' title='bbox 346 3866 399 3900; x_wconf 90' lang='grc' dir='ltr'><strong>τι</strong></span> <span class='ocrx_word' id='word_1_483' title='bbox 441 3849 558 3900; x_wconf 84' lang='grc' dir='ltr'><strong>ἐστὶ</strong></span> <span class='ocrx_word' id='word_1_484' title='bbox 604 3849 666 3900; x_wconf 83' lang='grc' dir='ltr'><strong>τὸ</strong></span> <span class='ocrx_word' id='word_1_485' title='bbox 711 3847 854 3914; x_wconf 82' lang='grc' dir='ltr'><strong>ζέειν</strong></span> <span class='ocrx_word' id='word_1_486' title='bbox 908 3847 985 3917; x_wconf 81' lang='grc' dir='ltr'><strong>τῷ</strong></span> <span class='ocrx_word' id='word_1_487' title='bbox 1025 3845 1341 3914; x_wconf 84' lang='grc' dir='ltr'><strong>Πνεῦματι,</strong></span> <span class='ocrx_word' id='word_1_488' title='bbox 1383 3845 1478 3898; x_wconf 73' lang='grc' dir='ltr'><strong>καὶ</strong></span> <span class='ocrx_word' id='word_1_489' title='bbox 1514 3843 1643 3899; x_wconf 81' lang='grc' dir='ltr'><strong>ἄλλο</strong></span> <span class='ocrx_word' id='word_1_490' title='bbox 1689 3843 1752 3898; x_wconf 82' lang='grc' dir='ltr'><strong>τὸ</strong></span> <span class='ocrx_word' id='word_1_491' title='bbox 1781 3845 1924 3914; x_wconf 78' lang='grc' dir='ltr'><strong>ἔχειν</strong></span> 
     </span>
    </p>
   </div>
   <div class='ocr_carea' id='block_1_71' title="bbox 349 3931 1922 4009">
    <p class='ocr_par' dir='ltr' id='par_1_71' title="bbox 349 3931 1922 4009">
     <span class='ocr_line' id='line_1_71' title="bbox 349 3931 1922 4009; baseline -0.004 -17"><span class='ocrx_word' id='word_1_492' title='bbox 349 3941 566 4009; x_wconf 86' lang='grc' dir='ltr'><strong>Πνεῦμα</strong></span> <span class='ocrx_word' id='word_1_493' title='bbox 589 3941 742 4007; x_wconf 82' lang='grc' dir='ltr'><strong>ἆγιον</strong></span> <span class='ocrx_word' id='word_1_494' title='bbox 763 3955 778 3969; x_wconf 76' lang='grc' dir='ltr'><strong>ο</strong></span> <span class='ocrx_word' id='word_1_495' title='bbox 809 3940 837 3990; x_wconf 84' lang='grc' dir='ltr'>ὀ</span> <span class='ocrx_word' id='word_1_496' title='bbox 877 3937 1013 4006; x_wconf 77' lang='grc' dir='ltr'><strong>ἔχων</strong></span> <span class='ocrx_word' id='word_1_497' title='bbox 1037 3935 1260 4005; x_wconf 83' lang='grc' dir='ltr'><strong>Πνεῦμα</strong></span> <span class='ocrx_word' id='word_1_498' title='bbox 1296 3935 1452 4004; x_wconf 75' lang='grc' dir='ltr'><strong>ἅγιον</strong></span> <span class='ocrx_word' id='word_1_499' title='bbox 1485 3936 1504 3972; x_wconf 63' lang='grc' dir='ltr'><strong>ί</strong></span> <span class='ocrx_word' id='word_1_500' title='bbox 1543 3931 1690 4005; x_wconf 76' lang='grc' dir='ltr'><strong>εῖχεν</strong></span> <span class='ocrx_word' id='word_1_501' title='bbox 1739 3934 1873 3986; x_wconf 75' lang='grc' dir='ltr'><strong>αὐτὸ</strong></span> <span class='ocrx_word' id='word_1_502' title='bbox 1893 3943 1922 3972; x_wconf 77' lang='grc' dir='ltr'><strong>ιι</strong></span> 
     </span>
    </p>
   </div>
   <div class='ocr_carea' id='block_1_72' title="bbox 347 4025 1921 4098">
    <p class='ocr_par' dir='ltr' id='par_1_72' title="bbox 347 4025 1921 4098">
     <span class='ocr_line' id='line_1_72' title="bbox 347 4025 1921 4098; baseline -0.002 -16"><span class='ocrx_word' id='word_1_503' title='bbox 347 4031 587 4084; x_wconf 78' lang='grc' dir='ltr'><strong>ἐνοικοῦν</strong></span> <span class='ocrx_word' id='word_1_504' title='bbox 633 4034 690 4082; x_wconf 90' lang='grc' dir='ltr'><strong>ἐν</strong></span> <span class='ocrx_word' id='word_1_505' title='bbox 733 4027 923 4098; x_wconf 81' lang='grc' dir='ltr'><strong>αὐτῷ;,</strong></span> <span class='ocrx_word' id='word_1_506' title='bbox 957 4029 1050 4080; x_wconf 71' lang='grc' dir='ltr'><strong>καὶ</strong></span> <span class='ocrx_word' id='word_1_507' title='bbox 1085 4028 1266 4080; x_wconf 87' lang='grc' dir='ltr'><strong>ἐλάλει</strong></span> <span class='ocrx_word' id='word_1_508' title='bbox 1305 4027 1436 4080; x_wconf 73' lang='grc' dir='ltr'><strong>αὐτὸ</strong></span> <span class='ocrx_word' id='word_1_509' title='bbox 1473 4025 1535 4080; x_wconf 83' lang='grc' dir='ltr'><strong>τὸ</strong></span> <span class='ocrx_word' id='word_1_510' title='bbox 1580 4025 1810 4096; x_wconf 89' lang='grc' dir='ltr'><strong>Πνεῦμα</strong></span> <span class='ocrx_word' id='word_1_511' title='bbox 1854 4026 1921 4079; x_wconf 84' lang='grc' dir='ltr'><strong>ἐκ</strong></span> 
     </span>
    </p>
   </div>
   <div class='ocr_carea' id='block_1_73' title="bbox 345 4115 1924 4182">
    <p class='ocr_par' dir='ltr' id='par_1_73' title="bbox 345 4115 1924 4182">
     <span class='ocr_line' id='line_1_73' title="bbox 345 4115 1924 4182; baseline -0.002 -9"><span class='ocrx_word' id='word_1_512' title='bbox 345 4121 452 4174; x_wconf 87' lang='grc' dir='ltr'><strong>τῶν</strong></span> <span class='ocrx_word' id='word_1_513' title='bbox 493 4119 695 4172; x_wconf 78' lang='grc' dir='ltr'><strong>ἔσωθεν</strong></span> <span class='ocrx_word' id='word_1_514' title='bbox 719 4134 733 4148; x_wconf 72' lang='grc' dir='ltr'><strong>ο</strong></span> <span class='ocrx_word' id='word_1_515' title='bbox 769 4119 844 4182; x_wconf 84' lang='grc' dir='ltr'><strong>ὼς</strong></span> <span class='ocrx_word' id='word_1_516' title='bbox 884 4117 1054 4171; x_wconf 77' lang='grc' dir='ltr'><strong>πολλὰ</strong></span> <span class='ocrx_word' id='word_1_517' title='bbox 1080 4117 1302 4170; x_wconf 85' lang='grc' dir='ltr'><strong>τοιαῦτα</strong></span> <span class='ocrx_word' id='word_1_518' title='bbox 1349 4120 1526 4170; x_wconf 82' lang='grc' dir='ltr'><strong>κεῖται</strong></span> <span class='ocrx_word' id='word_1_519' title='bbox 1565 4116 1761 4180; x_wconf 77' lang='grc' dir='ltr'><strong>ὀπίσω,</strong></span> <span class='ocrx_word' id='word_1_520' title='bbox 1805 4115 1924 4180; x_wconf 86' lang='grc' dir='ltr'><strong>πῶς</strong></span> 
     </span>
    </p>
   </div>
   <div class='ocr_carea' id='block_1_74' title="bbox 345 4209 1920 4282">
    <p class='ocr_par' dir='ltr' id='par_1_74' title="bbox 345 4209 1920 4282">
     <span class='ocr_line' id='line_1_74' title="bbox 345 4209 1920 4282; baseline -0.001 -18"><span class='ocrx_word' id='word_1_521' title='bbox 345 4213 575 4282; x_wconf 82' lang='grc' dir='ltr'><strong>ἐλάλησε</strong></span> <span class='ocrx_word' id='word_1_522' title='bbox 608 4220 636 4250; x_wconf 70' lang='grc' dir='ltr'><strong>ν</strong></span> <span class='ocrx_word' id='word_1_523' title='bbox 665 4209 743 4282; x_wconf 80' lang='grc' dir='ltr'><strong>τῷ</strong></span> <span class='ocrx_word' id='word_1_524' title='bbox 770 4210 1040 4280; x_wconf 75' lang='grc' dir='ltr'><strong>Φιλίππῳ,</strong></span> <span class='ocrx_word' id='word_1_525' title='bbox 1081 4209 1160 4280; x_wconf 80' lang='grc' dir='ltr'><strong>τῷ</strong></span> <span class='ocrx_word' id='word_1_526' title='bbox 1191 4210 1404 4282; x_wconf 80' lang='grc' dir='ltr'><strong>Πέτρῳ,</strong></span> <span class='ocrx_word' id='word_1_527' title='bbox 1439 4212 1553 4274; x_wconf 86' lang='grc' dir='ltr'><strong>τοῖς</strong></span> <span class='ocrx_word' id='word_1_528' title='bbox 1574 4209 1920 4276; x_wconf 81' lang='grc' dir='ltr'><strong>ἀποστόλοις,</strong></span> 
     </span>
    </p>
   </div>
   <div class='ocr_carea' id='block_1_75' title="bbox 343 4298 1915 4370">
    <p class='ocr_par' dir='ltr' id='par_1_75' title="bbox 343 4298 1915 4370">
     <span class='ocr_line' id='line_1_75' title="bbox 343 4298 1915 4370; baseline 0.001 -18"><span class='ocrx_word' id='word_1_529' title='bbox 343 4303 455 4362; x_wconf 84' lang='grc' dir='ltr'><strong>τοῖς</strong></span> <span class='ocrx_word' id='word_1_530' title='bbox 480 4299 608 4370; x_wconf 76' lang='grc' dir='ltr'><strong>περὶ</strong></span> <span class='ocrx_word' id='word_1_531' title='bbox 637 4298 866 4365; x_wconf 85' lang='grc' dir='ltr'><strong>Παῦλον,</strong></span> <span class='ocrx_word' id='word_1_532' title='bbox 895 4299 1104 4353; x_wconf 82' lang='grc' dir='ltr'><strong>κωλῦον</strong></span> <span class='ocrx_word' id='word_1_533' title='bbox 1127 4307 1154 4335; x_wconf 72' lang='grc' dir='ltr'><strong>ι</strong></span> <span class='ocrx_word' id='word_1_534' title='bbox 1173 4299 1369 4363; x_wconf 78' lang='grc' dir='ltr'><strong>αὐτοὺς</strong></span> <span class='ocrx_word' id='word_1_535' title='bbox 1402 4299 1585 4354; x_wconf 83' lang='grc' dir='ltr'><strong>λαλεῖν</strong></span> <span class='ocrx_word' id='word_1_536' title='bbox 1608 4299 1702 4354; x_wconf 82' lang='grc' dir='ltr'><strong>τὸν</strong></span> <span class='ocrx_word' id='word_1_537' title='bbox 1733 4299 1915 4369; x_wconf 86' lang='grc' dir='ltr'><strong>λόγον,</strong></span> 
     </span>
    </p>
   </div>
   <div class='ocr_carea' id='block_1_76' title="bbox 347 4387 1918 4460">
    <p class='ocr_par' dir='ltr' id='par_1_76' title="bbox 347 4387 1918 4460">
     <span class='ocr_line' id='line_1_76' title="bbox 347 4387 1918 4460; baseline 0.004 -22"><span class='ocrx_word' id='word_1_538' title='bbox 347 4389 376 4457; x_wconf 79' lang='grc' dir='ltr'>ἢ</span> <span class='ocrx_word' id='word_1_539' title='bbox 409 4387 480 4460; x_wconf 82' lang='grc' dir='ltr'><strong>μὴ</strong></span> <span class='ocrx_word' id='word_1_540' title='bbox 511 4387 692 4441; x_wconf 88' lang='grc' dir='ltr'><strong>λαλεῖν</strong></span> <span class='ocrx_word' id='word_1_541' title='bbox 725 4387 782 4441; x_wconf 79' lang='grc' dir='ltr'><strong>ἔν</strong></span> <span class='ocrx_word' id='word_1_542' title='bbox 807 4406 916 4440; x_wconf 82' lang='grc' dir='ltr'><strong>τισι</strong></span> <span class='ocrx_word' id='word_1_543' title='bbox 939 4389 1051 4442; x_wconf 88' lang='grc' dir='ltr'><strong>τῶν</strong></span> <span class='ocrx_word' id='word_1_544' title='bbox 1081 4389 1288 4443; x_wconf 87' lang='grc' dir='ltr'><strong>πόλεων</strong></span> <span class='ocrx_word' id='word_1_545' title='bbox 1313 4404 1326 4418; x_wconf 83' lang='grc'><em>’</em></span> <span class='ocrx_word' id='word_1_546' title='bbox 1351 4391 1379 4443; x_wconf 86' lang='grc' dir='ltr'>ὁ</span> <span class='ocrx_word' id='word_1_547' title='bbox 1402 4388 1460 4442; x_wconf 80' lang='grc' dir='ltr'><strong>δὲ</strong></span> <span class='ocrx_word' id='word_1_548' title='bbox 1484 4389 1620 4454; x_wconf 86' lang='grc' dir='ltr'><strong>ζέων</strong></span> <span class='ocrx_word' id='word_1_549' title='bbox 1642 4389 1718 4460; x_wconf 85' lang='grc' dir='ltr'><strong>τῷ</strong></span> <span class='ocrx_word' id='word_1_550' title='bbox 1744 4389 1918 4444; x_wconf 88' lang='grc' dir='ltr'><strong>Πνεύ-</strong></span> 
     </span>
    </p>
   </div>
   <div class='ocr_carea' id='block_1_77' title="bbox 2027 3116 3598 3188">
    <p class='ocr_par' dir='ltr' id='par_1_77' title="bbox 2027 3116 3598 3188">
     <span class='ocr_line' id='line_1_77' title="bbox 2027 3116 3598 3188; baseline 0.008 -19"><span class='ocrx_word' id='word_1_551' title='bbox 2027 3123 2245 3169; x_wconf 85' lang='lat' dir='ltr'><strong>sanctus</strong></span> <span class='ocrx_word' id='word_1_552' title='bbox 2275 3129 2441 3184; x_wconf 84' lang='lat' dir='ltr'><strong>super</strong></span> <span class='ocrx_word' id='word_1_553' title='bbox 2463 3116 2766 3184; x_wconf 70' lang='lat' dir='ltr'><strong>baptizatos</strong></span> <span class='ocrx_word' id='word_1_554' title='bbox 2805 3119 3193 3188; x_wconf 82' lang='lat' dir='ltr'><strong>descendebat,</strong></span> <span class='ocrx_word' id='word_1_555' title='bbox 3241 3139 3348 3178; x_wconf 91' lang='lat' dir='ltr'><strong>non</strong></span> <span class='ocrx_word' id='word_1_556' title='bbox 3417 3135 3598 3180; x_wconf 89' lang='lat' dir='ltr'><strong>autem</strong></span> 
     </span>
    </p>
   </div>
   <div class='ocr_carea' id='block_1_78' title="bbox 2027 3205 3602 3283">
    <p class='ocr_par' dir='ltr' id='par_1_78' title="bbox 2027 3205 3602 3283">
     <span class='ocr_line' id='line_1_78' title="bbox 2027 3205 3602 3283; baseline 0.008 -25"><span class='ocrx_word' id='word_1_557' title='bbox 2027 3205 2291 3273; x_wconf 81' lang='lat' dir='ltr'><strong>Spiritum</strong></span> <span class='ocrx_word' id='word_1_558' title='bbox 2353 3216 2603 3260; x_wconf 87' lang='lat' dir='ltr'><strong>sanctum</strong></span> <span class='ocrx_word' id='word_1_559' title='bbox 2639 3207 2909 3262; x_wconf 77' lang='lat' dir='ltr'><strong>habebant</strong></span> <span class='ocrx_word' id='word_1_560' title='bbox 2963 3211 3054 3280; x_wconf 88' lang='lat' dir='ltr'><strong>qui</strong></span> <span class='ocrx_word' id='word_1_561' title='bbox 3076 3209 3298 3268; x_wconf 81' lang='lat' dir='ltr'><strong>Joannis</strong></span> <span class='ocrx_word' id='word_1_562' title='bbox 3329 3213 3602 3283; x_wconf 85' lang='lat' dir='ltr'><strong>baptismo</strong></span> 
     </span>
    </p>
   </div>
   <div class='ocr_carea' id='block_1_79' title="bbox 2025 3295 3604 3374">
    <p class='ocr_par' dir='ltr' id='par_1_79' title="bbox 2025 3295 3604 3374">
     <span class='ocr_line' id='line_1_79' title="bbox 2025 3295 3604 3374; baseline 0.007 -24"><span class='ocrx_word' id='word_1_563' title='bbox 2025 3295 2246 3351; x_wconf 82' lang='lat' dir='ltr'><strong>fuerant</strong></span> <span class='ocrx_word' id='word_1_564' title='bbox 2271 3297 2533 3366; x_wconf 80' lang='lat' dir='ltr'><strong>haptizati</strong></span> <span class='ocrx_word' id='word_1_565' title='bbox 2558 3315 2572 3352; x_wconf 87' lang='lat'><strong>:</strong></span> <span class='ocrx_word' id='word_1_566' title='bbox 2605 3301 2878 3368; x_wconf 83' lang='lat' dir='ltr'><strong>quomodo</strong></span> <span class='ocrx_word' id='word_1_567' title='bbox 2899 3315 3030 3372; x_wconf 84' lang='lat' dir='ltr'><strong>ergo</strong></span> <span class='ocrx_word' id='word_1_568' title='bbox 3053 3303 3288 3371; x_wconf 87' lang='lat' dir='ltr'><strong>Apelles,</strong></span> <span class='ocrx_word' id='word_1_569' title='bbox 3321 3307 3411 3374; x_wconf 91' lang='lat' dir='ltr'><strong>qui</strong></span> <span class='ocrx_word' id='word_1_570' title='bbox 3441 3305 3604 3360; x_wconf 83' lang='lat' dir='ltr'><strong>Joan-</strong></span> 
     </span>
    </p>
   </div>
   <div class='ocr_carea' id='block_1_80' title="bbox 2024 3390 3600 3463">
    <p class='ocr_par' dir='ltr' id='par_1_80' title="bbox 2024 3390 3600 3463">
     <span class='ocr_line' id='line_1_80' title="bbox 2024 3390 3600 3463; baseline 0.004 -19"><span class='ocrx_word' id='word_1_571' title='bbox 2024 3390 2110 3446; x_wconf 91' lang='lat' dir='ltr'><strong>nls</strong></span> <span class='ocrx_word' id='word_1_572' title='bbox 2143 3391 2414 3459; x_wconf 86' lang='lat' dir='ltr'><strong>baptismo</strong></span> <span class='ocrx_word' id='word_1_573' title='bbox 2443 3400 2653 3446; x_wconf 84' lang='lat' dir='ltr'><strong>tantum</strong></span> <span class='ocrx_word' id='word_1_574' title='bbox 2686 3402 2806 3446; x_wconf 86' lang='lat' dir='ltr'><strong>erat</strong></span> <span class='ocrx_word' id='word_1_575' title='bbox 2832 3392 3168 3461; x_wconf 78' lang='lat' dir='ltr'><strong>baptizatus,</strong></span> <span class='ocrx_word' id='word_1_576' title='bbox 3201 3395 3392 3463; x_wconf 85' lang='lat' dir='ltr'><strong>spiritu</strong></span> <span class='ocrx_word' id='word_1_577' title='bbox 3421 3403 3600 3450; x_wconf 86' lang='lat' dir='ltr'><strong>tamen</strong></span> 
     </span>
    </p>
   </div>
   <div class='ocr_carea' id='block_1_81' title="bbox 2024 3478 3600 3548">
    <p class='ocr_par' dir='ltr' id='par_1_81' title="bbox 2024 3478 3600 3548">
     <span class='ocr_line' id='line_1_81' title="bbox 2024 3478 3600 3548; baseline 0.004 -16"><span class='ocrx_word' id='word_1_578' title='bbox 2024 3478 2313 3534; x_wconf 80' lang='lat' dir='ltr'><strong>fervebat?</strong></span> <span class='ocrx_word' id='word_1_579' title='bbox 2345 3479 2408 3532; x_wconf 77' lang='lat' dir='ltr'><strong>Si</strong></span> <span class='ocrx_word' id='word_1_580' title='bbox 2433 3478 2647 3548; x_wconf 84' lang='lat' dir='ltr'><strong>Apelles</strong></span> <span class='ocrx_word' id='word_1_581' title='bbox 2693 3479 2892 3534; x_wconf 78' lang='lat' dir='ltr'><strong>dicitur</strong></span> <span class='ocrx_word' id='word_1_582' title='bbox 2923 3481 3116 3548; x_wconf 88' lang='lat' dir='ltr'><strong>spiritu</strong></span> <span class='ocrx_word' id='word_1_583' title='bbox 3179 3482 3396 3538; x_wconf 75' lang='lat' dir='ltr'><strong>fervens</strong></span> <span class='ocrx_word' id='word_1_584' title='bbox 3420 3523 3435 3548; x_wconf 90' lang='lat'><strong>,</strong></span> <span class='ocrx_word' id='word_1_585' title='bbox 3493 3498 3600 3538; x_wconf 89' lang='lat' dir='ltr'><strong>non</strong></span> 
     </span>
    </p>
   </div>
   <div class='ocr_carea' id='block_1_82' title="bbox 2025 3571 3599 3643">
    <p class='ocr_par' dir='ltr' id='par_1_82' title="bbox 2025 3571 3599 3643">
     <span class='ocr_line' id='line_1_82' title="bbox 2025 3571 3599 3643; baseline 0.005 -21"><span class='ocrx_word' id='word_1_586' title='bbox 2025 3579 2204 3624; x_wconf 86' lang='lat' dir='ltr'><strong>tamen</strong></span> <span class='ocrx_word' id='word_1_587' title='bbox 2267 3586 2391 3625; x_wconf 90' lang='lat' dir='ltr'><strong>eum</strong></span> <span class='ocrx_word' id='word_1_588' title='bbox 2451 3571 2650 3626; x_wconf 89' lang='lat' dir='ltr'><strong>dicitur</strong></span> <span class='ocrx_word' id='word_1_589' title='bbox 2697 3571 2968 3641; x_wconf 87' lang='lat' dir='ltr'><strong>Spiritum</strong></span> <span class='ocrx_word' id='word_1_590' title='bbox 3013 3583 3264 3628; x_wconf 87' lang='lat' dir='ltr'><strong>sanctum</strong></span> <span class='ocrx_word' id='word_1_591' title='bbox 3305 3575 3599 3643; x_wconf 85' lang='lat' dir='ltr'><strong>habuisse;</strong></span> 
     </span>
    </p>
   </div>
   <div class='ocr_carea' id='block_1_83' title="bbox 2023 3663 3596 3738">
    <p class='ocr_par' dir='ltr' id='par_1_83' title="bbox 2023 3663 3596 3738">
     <span class='ocr_line' id='line_1_83' title="bbox 2023 3663 3596 3738; baseline 0.004 -24"><span class='ocrx_word' id='word_1_592' title='bbox 2023 3664 2266 3728; x_wconf 84' lang='lat' dir='ltr'><strong>profecto</strong></span> <span class='ocrx_word' id='word_1_593' title='bbox 2293 3679 2398 3716; x_wconf 92' lang='lat' dir='ltr'><strong>on</strong></span> <span class='ocrx_word' id='word_1_594' title='bbox 2425 3663 2622 3734; x_wconf 85' lang='lat' dir='ltr'><strong>linguis</strong></span> <span class='ocrx_word' id='word_1_595' title='bbox 2649 3664 2996 3734; x_wconf 86' lang='lat' dir='ltr'><strong>loquebatur.</strong></span> <span class='ocrx_word' id='word_1_596' title='bbox 3015 3679 3192 3735; x_wconf 89' lang='lat' dir='ltr'><strong>neque</strong></span> <span class='ocrx_word' id='word_1_597' title='bbox 3219 3667 3596 3738; x_wconf 79' lang='lat' dir='ltr'><strong>prophetahat;</strong></span> 
     </span>
    </p>
   </div>
   <div class='ocr_carea' id='block_1_84' title="bbox 2023 3750 3598 3825">
    <p class='ocr_par' dir='ltr' id='par_1_84' title="bbox 2023 3750 3598 3825">
     <span class='ocr_line' id='line_1_84' title="bbox 2023 3750 3598 3825; baseline 0.006 -23"><span class='ocrx_word' id='word_1_598' title='bbox 2023 3750 2168 3805; x_wconf 80' lang='lat' dir='ltr'><strong>aliud</strong></span> <span class='ocrx_word' id='word_1_599' title='bbox 2197 3751 2360 3819; x_wconf 79' lang='lat' dir='ltr'><strong>igitur</strong></span> <span class='ocrx_word' id='word_1_600' title='bbox 2383 3753 2577 3820; x_wconf 82' lang='lat' dir='ltr'><strong>spiritu</strong></span> <span class='ocrx_word' id='word_1_601' title='bbox 2600 3753 2832 3818; x_wconf 74' lang='lat' dir='ltr'><strong>fervere,</strong></span> <span class='ocrx_word' id='word_1_602' title='bbox 2866 3755 3014 3809; x_wconf 80' lang='lat' dir='ltr'><strong>aliud</strong></span> <span class='ocrx_word' id='word_1_603' title='bbox 3045 3755 3310 3825; x_wconf 86' lang='lat' dir='ltr'><strong>Spiritum</strong></span> <span class='ocrx_word' id='word_1_604' title='bbox 3345 3769 3598 3812; x_wconf 89' lang='lat' dir='ltr'><strong>sanctum</strong></span> 
     </span>
    </p>
   </div>
   <div class='ocr_carea' id='block_1_85' title="bbox 2025 3841 3598 3910">
    <p class='ocr_par' dir='ltr' id='par_1_85' title="bbox 2025 3841 3598 3910">
     <span class='ocr_line' id='line_1_85' title="bbox 2025 3841 3598 3910; baseline 0.006 -14"><span class='ocrx_word' id='word_1_605' title='bbox 2025 3841 2262 3897; x_wconf 85' lang='lat' dir='ltr'><strong>habere:</strong></span> <span class='ocrx_word' id='word_1_606' title='bbox 2289 3843 2378 3910; x_wconf 88' lang='lat' dir='ltr'><strong>qui</strong></span> <span class='ocrx_word' id='word_1_607' title='bbox 2408 3843 2664 3910; x_wconf 86' lang='lat' dir='ltr'><strong>Spiritum</strong></span> <span class='ocrx_word' id='word_1_608' title='bbox 2698 3843 2949 3910; x_wconf 84' lang='lat' dir='ltr'><strong>habebat,</strong></span> <span class='ocrx_word' id='word_1_609' title='bbox 2985 3861 3108 3899; x_wconf 86' lang='lat' dir='ltr'><strong>eum</strong></span> <span class='ocrx_word' id='word_1_610' title='bbox 3134 3849 3184 3902; x_wconf 92' lang='lat' dir='ltr'><strong>in</strong></span> <span class='ocrx_word' id='word_1_611' title='bbox 3211 3863 3270 3904; x_wconf 88' lang='lat' dir='ltr'><strong>se</strong></span> <span class='ocrx_word' id='word_1_612' title='bbox 3293 3859 3598 3905; x_wconf 88' lang='lat' dir='ltr'><strong>manentem</strong></span> 
     </span>
    </p>
   </div>
   <div class='ocr_carea' id='block_1_86' title="bbox 2025 3930 3603 4006">
    <p class='ocr_par' dir='ltr' id='par_1_86' title="bbox 2025 3930 3603 4006">
     <span class='ocr_line' id='line_1_86' title="bbox 2025 3930 3603 4006; baseline 0.006 -20"><span class='ocrx_word' id='word_1_613' title='bbox 2025 3933 2280 3997; x_wconf 82' lang='lat' dir='ltr'><strong>habebat;</strong></span> <span class='ocrx_word' id='word_1_614' title='bbox 2310 3930 2624 4001; x_wconf 79' lang='lat' dir='ltr'><strong>erSpiritus</strong></span> <span class='ocrx_word' id='word_1_615' title='bbox 2650 3934 2765 4002; x_wconf 84' lang='lat' dir='ltr'><strong>ipse</strong></span> <span class='ocrx_word' id='word_1_616' title='bbox 2797 3935 3028 3990; x_wconf 85' lang='lat' dir='ltr'><strong>interius</strong></span> <span class='ocrx_word' id='word_1_617' title='bbox 3053 3936 3392 4006; x_wconf 85' lang='lat' dir='ltr'><strong>loquebatur,</strong></span> <span class='ocrx_word' id='word_1_618' title='bbox 3423 3950 3483 3994; x_wconf 90' lang='lat' dir='ltr'><strong>ut</strong></span> <span class='ocrx_word' id='word_1_619' title='bbox 3509 3957 3603 3996; x_wconf 84' lang='lat' dir='ltr'><strong>su-</strong></span> 
     </span>
    </p>
   </div>
   <div class='ocr_carea' id='block_1_87' title="bbox 2025 4020 3601 4094">
    <p class='ocr_par' dir='ltr' id='par_1_87' title="bbox 2025 4020 3601 4094">
     <span class='ocr_line' id='line_1_87' title="bbox 2025 4020 3601 4094; baseline 0.006 -20"><span class='ocrx_word' id='word_1_620' title='bbox 2025 4035 2121 4088; x_wconf 88' lang='lat' dir='ltr'><strong>pra</strong></span> <span class='ocrx_word' id='word_1_621' title='bbox 2176 4035 2552 4090; x_wconf 68' lang='lat' dir='ltr'><strong>ssepeuumertt</strong></span> <span class='ocrx_word' id='word_1_622' title='bbox 2609 4020 2816 4076; x_wconf 90' lang='lat' dir='ltr'><strong>dictum</strong></span> <span class='ocrx_word' id='word_1_623' title='bbox 2878 4033 2986 4087; x_wconf 83' lang='lat' dir='ltr'><strong>est,</strong></span> <span class='ocrx_word' id='word_1_624' title='bbox 3033 4039 3140 4094; x_wconf 74' lang='lat' dir='ltr'><strong>quo</strong></span> <span class='ocrx_word' id='word_1_625' title='bbox 3185 4026 3344 4079; x_wconf 91' lang='lat' dir='ltr'><strong>modo</strong></span> <span class='ocrx_word' id='word_1_626' title='bbox 3393 4029 3601 4083; x_wconf 83' lang='lat' dir='ltr'><strong>scilicet</strong></span> 
     </span>
    </p>
   </div>
   <div class='ocr_carea' id='block_1_88' title="bbox 2023 4111 3596 4184">
    <p class='ocr_par' dir='ltr' id='par_1_88' title="bbox 2023 4111 3596 4184">
     <span class='ocr_line' id='line_1_88' title="bbox 2023 4111 3596 4184; baseline 0.002 -19"><span class='ocrx_word' id='word_1_627' title='bbox 2023 4111 2238 4168; x_wconf 87' lang='lat' dir='ltr'><strong>locutus</strong></span> <span class='ocrx_word' id='word_1_628' title='bbox 2263 4114 2335 4167; x_wconf 86' lang='lat' dir='ltr'><strong>sit</strong></span> <span class='ocrx_word' id='word_1_629' title='bbox 2357 4111 2626 4183; x_wconf 85' lang='lat' dir='ltr'><strong>Philippo,</strong></span> <span class='ocrx_word' id='word_1_630' title='bbox 2687 4111 2870 4181; x_wconf 86' lang='lat' dir='ltr'><strong>Petro,</strong></span> <span class='ocrx_word' id='word_1_631' title='bbox 2910 4115 3180 4184; x_wconf 82' lang='lat' dir='ltr'><strong>apostolis</strong></span> <span class='ocrx_word' id='word_1_632' title='bbox 3201 4127 3256 4170; x_wconf 92' lang='lat' dir='ltr'><strong>et</strong></span> <span class='ocrx_word' id='word_1_633' title='bbox 3281 4113 3468 4183; x_wconf 86' lang='lat' dir='ltr'><strong>Paulo,</strong></span> <span class='ocrx_word' id='word_1_634' title='bbox 3501 4132 3596 4172; x_wconf 86' lang='lat' dir='ltr'><strong>seu</strong></span> 
     </span>
    </p>
   </div>
   <div class='ocr_carea' id='block_1_89' title="bbox 2024 4203 3604 4274">
    <p class='ocr_par' dir='ltr' id='par_1_89' title="bbox 2024 4203 3604 4274">
     <span class='ocr_line' id='line_1_89' title="bbox 2024 4203 3604 4274; baseline 0.003 -16"><span class='ocrx_word' id='word_1_635' title='bbox 2024 4205 2342 4274; x_wconf 66' lang='lat' dir='ltr'><strong>praecipiens</strong></span> <span class='ocrx_word' id='word_1_636' title='bbox 2385 4219 2479 4258; x_wconf 88' lang='lat' dir='ltr'><strong>seu</strong></span> <span class='ocrx_word' id='word_1_637' title='bbox 2529 4203 2827 4273; x_wconf 78' lang='lat' dir='ltr'><strong>prohibens</strong></span> <span class='ocrx_word' id='word_1_638' title='bbox 2859 4205 2914 4258; x_wconf 89' lang='lat' dir='ltr'><strong>in</strong></span> <span class='ocrx_word' id='word_1_639' title='bbox 2959 4205 3234 4274; x_wconf 82' lang='lat' dir='ltr'><strong>aliquibus</strong></span> <span class='ocrx_word' id='word_1_640' title='bbox 3281 4207 3604 4263; x_wconf 76' lang='lat' dir='ltr'><strong>civitatibus</strong></span> 
     </span>
    </p>
   </div>
   <div class='ocr_carea' id='block_1_90' title="bbox 2023 4294 3597 4366">
    <p class='ocr_par' dir='ltr' id='par_1_90' title="bbox 2023 4294 3597 4366">
     <span class='ocr_line' id='line_1_90' title="bbox 2023 4294 3597 4366; baseline 0.005 -20"><span class='ocrx_word' id='word_1_641' title='bbox 2023 4294 2206 4366; x_wconf 88' lang='lat' dir='ltr'><strong>loqui;</strong></span> <span class='ocrx_word' id='word_1_642' title='bbox 2237 4296 2326 4364; x_wconf 88' lang='lat' dir='ltr'><strong>qui</strong></span> <span class='ocrx_word' id='word_1_643' title='bbox 2381 4306 2562 4349; x_wconf 89' lang='lat' dir='ltr'><strong>autem</strong></span> <span class='ocrx_word' id='word_1_644' title='bbox 2613 4296 2806 4362; x_wconf 87' lang='lat' dir='ltr'><strong>spiritu</strong></span> <span class='ocrx_word' id='word_1_645' title='bbox 2841 4296 3107 4360; x_wconf 83' lang='lat' dir='ltr'><strong>fervebat,</strong></span> <span class='ocrx_word' id='word_1_646' title='bbox 3149 4313 3245 4366; x_wconf 89' lang='lat' dir='ltr'><strong>per</strong></span> <span class='ocrx_word' id='word_1_647' title='bbox 3266 4300 3597 4354; x_wconf 81' lang='lat' dir='ltr'><strong>exteriorem</strong></span> 
     </span>
    </p>
   </div>
   <div class='ocr_carea' id='block_1_91' title="bbox 2022 4387 3598 4445">
    <p class='ocr_par' dir='ltr' id='par_1_91' title="bbox 2022 4387 3598 4445">
     <span class='ocr_line' id='line_1_91' title="bbox 2022 4387 3598 4445; baseline 0.003 -5"><span class='ocrx_word' id='word_1_648' title='bbox 2022 4387 2478 4442; x_wconf 80' lang='lat' dir='ltr'><strong>illuminationem</strong></span> <span class='ocrx_word' id='word_1_649' title='bbox 2543 4388 2626 4442; x_wconf 84' lang='lat' dir='ltr'><strong>vel</strong></span> <span class='ocrx_word' id='word_1_650' title='bbox 2681 4388 3120 4444; x_wconf 76' lang='lat' dir='ltr'><strong>exhortationem</strong></span> <span class='ocrx_word' id='word_1_651' title='bbox 3175 4389 3281 4444; x_wconf 88' lang='lat' dir='ltr'><strong>hoc</strong></span> <span class='ocrx_word' id='word_1_652' title='bbox 3329 4391 3418 4445; x_wconf 86' lang='lat' dir='ltr'><strong>vel</strong></span> <span class='ocrx_word' id='word_1_653' title='bbox 3464 4391 3598 4445; x_wconf 90' lang='lat' dir='ltr'><strong>illud</strong></span> 
     </span>
    </p>
   </div>
   <div class='ocr_carea' id='block_1_92' title="bbox 349 4477 1919 4552">
    <p class='ocr_par' dir='ltr' id='par_1_92' title="bbox 349 4477 1919 4552">
     <span class='ocr_line' id='line_1_92' title="bbox 349 4477 1919 4552; baseline 0.004 -23"><span class='ocrx_word' id='word_1_654' title='bbox 349 4495 478 4548; x_wconf 90' lang='grc' dir='ltr'><strong>ματι</strong></span> <span class='ocrx_word' id='word_1_655' title='bbox 521 4477 587 4530; x_wconf 79' lang='grc' dir='ltr'><strong>δι’</strong></span> <span class='ocrx_word' id='word_1_656' title='bbox 633 4477 954 4548; x_wconf 80' lang='grc' dir='ltr'><strong>ἐλλάμψεως</strong></span> <span class='ocrx_word' id='word_1_657' title='bbox 999 4488 1028 4528; x_wconf 71' lang='grc' dir='ltr'><strong><em>γ</em></strong></span> <span class='ocrx_word' id='word_1_658' title='bbox 1077 4479 1173 4532; x_wconf 79' lang='grc' dir='ltr'><strong>καὶ</strong></span> <span class='ocrx_word' id='word_1_659' title='bbox 1221 4481 1540 4552; x_wconf 81' lang='grc' dir='ltr'><strong>προτροπῆς</strong></span> <span class='ocrx_word' id='word_1_660' title='bbox 1583 4480 1684 4552; x_wconf 77' lang='grc' dir='ltr'><strong>τῆς</strong></span> <span class='ocrx_word' id='word_1_661' title='bbox 1718 4480 1919 4546; x_wconf 73' lang='grc' dir='ltr'><strong>ἔξωθεν</strong></span> 
     </span>
    </p>
   </div>
   <div class='ocr_carea' id='block_1_93' title="bbox 2021 4477 3604 4552">
    <p class='ocr_par' dir='ltr' id='par_1_93' title="bbox 2021 4477 3604 4549">
     <span class='ocr_line' id='line_1_93' title="bbox 2021 4477 3604 4549; baseline 0.001 -18"><span class='ocrx_word' id='word_1_662' title='bbox 2021 4477 2230 4548; x_wconf 78' lang='lat' dir='ltr'><strong>agebat,</strong></span> <span class='ocrx_word' id='word_1_663' title='bbox 2262 4477 2463 4546; x_wconf 89' lang='lat' dir='ltr'><strong>Spiritu</strong></span> <span class='ocrx_word' id='word_1_664' title='bbox 2525 4477 2662 4532; x_wconf 78' lang='lat' dir='ltr'><strong>duce</strong></span> <span class='ocrx_word' id='word_1_665' title='bbox 2714 4487 2892 4542; x_wconf 87' lang='lat' dir='ltr'><strong>utens,</strong></span> <span class='ocrx_word' id='word_1_666' title='bbox 2947 4492 3056 4531; x_wconf 89' lang='lat' dir='ltr'><strong>non</strong></span> <span class='ocrx_word' id='word_1_667' title='bbox 3111 4492 3268 4534; x_wconf 88' lang='lat' dir='ltr'><strong>secus</strong></span> <span class='ocrx_word' id='word_1_668' title='bbox 3307 4493 3371 4533; x_wconf 88' lang='lat' dir='ltr'><strong>ac</strong></span> <span class='ocrx_word' id='word_1_669' title='bbox 3399 4478 3446 4533; x_wconf 87' lang='lat' dir='ltr'><strong>si</strong></span> <span class='ocrx_word' id='word_1_670' title='bbox 3471 4479 3604 4549; x_wconf 80' lang='lat' dir='ltr'><strong>quis</strong></span> 
     </span>
    </p>
   </div>
   <div class='ocr_carea' id='block_1_94' title="bbox 345 4568 1919 4642">
    <p class='ocr_par' dir='ltr' id='par_1_94' title="bbox 345 4569 1919 4642">
     <span class='ocr_line' id='line_1_94' title="bbox 345 4569 1919 4642; baseline 0.005 -21"><span class='ocrx_word' id='word_1_671' title='bbox 345 4569 582 4640; x_wconf 81' lang='grc' dir='ltr'><strong>ἔπραττέ</strong></span> <span class='ocrx_word' id='word_1_672' title='bbox 616 4587 688 4636; x_wconf 89' lang='grc' dir='ltr'><strong>τι,</strong></span> <span class='ocrx_word' id='word_1_673' title='bbox 724 4569 1090 4642; x_wconf 83' lang='grc' dir='ltr'><strong>ὁδηγούμενος</strong></span> <span class='ocrx_word' id='word_1_674' title='bbox 1115 4571 1220 4625; x_wconf 83' lang='grc' dir='ltr'><strong>ὑπὸ</strong></span> <span class='ocrx_word' id='word_1_675' title='bbox 1251 4571 1344 4624; x_wconf 88' lang='grc' dir='ltr'><strong>τοῦ</strong></span> <span class='ocrx_word' id='word_1_676' title='bbox 1373 4572 1714 4642; x_wconf 87' lang='grc' dir='ltr'><strong>Πνεύματος,</strong></span> <span class='ocrx_word' id='word_1_677' title='bbox 1739 4573 1816 4638; x_wconf 84' lang='grc' dir='ltr'><strong>ὡς</strong></span> <span class='ocrx_word' id='word_1_678' title='bbox 1853 4573 1919 4630; x_wconf 87' lang='grc' dir='ltr'><strong>ἂν</strong></span> 
     </span>
    </p>
   </div>
   <div class='ocr_carea' id='block_1_95' title="bbox 2021 4568 3602 4642">
    <p class='ocr_par' dir='ltr' id='par_1_95' title="bbox 2021 4568 3602 4638">
     <span class='ocr_line' id='line_1_95' title="bbox 2021 4568 3602 4638; baseline 0.001 -16"><span class='ocrx_word' id='word_1_679' title='bbox 2021 4570 2267 4638; x_wconf 83' lang='lat' dir='ltr'><strong>angelum</strong></span> <span class='ocrx_word' id='word_1_680' title='bbox 2328 4569 2551 4622; x_wconf 86' lang='lat' dir='ltr'><strong>haberet</strong></span> <span class='ocrx_word' id='word_1_681' title='bbox 2595 4568 2784 4622; x_wconf 89' lang='lat' dir='ltr'><strong>ducem</strong></span> <span class='ocrx_word' id='word_1_682' title='bbox 2808 4577 2860 4623; x_wconf 91' lang='lat' dir='ltr'><strong>et</strong></span> <span class='ocrx_word' id='word_1_683' title='bbox 2889 4571 3191 4627; x_wconf 88' lang='lat' dir='ltr'><strong>custodem.</strong></span> <span class='ocrx_word' id='word_1_684' title='bbox 3217 4569 3328 4624; x_wconf 91' lang='lat' dir='ltr'><strong>Nec</strong></span> <span class='ocrx_word' id='word_1_685' title='bbox 3355 4570 3484 4624; x_wconf 88' lang='lat' dir='ltr'><strong>mihi</strong></span> <span class='ocrx_word' id='word_1_686' title='bbox 3515 4570 3602 4623; x_wconf 86' lang='lat' dir='ltr'><strong>di-</strong></span> 
     </span>
    </p>
   </div>
   <div class='ocr_carea' id='block_1_96' title="bbox 344 4659 1919 4738">
    <p class='ocr_par' dir='ltr' id='par_1_96' title="bbox 344 4663 1919 4738">
     <span class='ocr_line' id='line_1_96' title="bbox 344 4663 1919 4738; baseline 0.004 -25"><span class='ocrx_word' id='word_1_687' title='bbox 344 4663 392 4714; x_wconf 88' lang='grc' dir='ltr'><strong>εί</strong></span> <span class='ocrx_word' id='word_1_688' title='bbox 423 4663 492 4714; x_wconf 80' lang='grc' dir='ltr'><strong>δι’</strong></span> <span class='ocrx_word' id='word_1_689' title='bbox 527 4663 762 4730; x_wconf 82' lang='grc' dir='ltr'><strong>ἀγγέλου</strong></span> <span class='ocrx_word' id='word_1_690' title='bbox 799 4679 886 4726; x_wconf 88' lang='grc' dir='ltr'><strong>τις</strong></span> <span class='ocrx_word' id='word_1_691' title='bbox 923 4663 1216 4736; x_wconf 82' lang='grc' dir='ltr'><strong>ὁδηγηθείη</strong></span> <span class='ocrx_word' id='word_1_692' title='bbox 1256 4663 1290 4734; x_wconf 82' lang='grc' dir='ltr'><strong>ἢ</strong></span> <span class='ocrx_word' id='word_1_693' title='bbox 1327 4663 1648 4734; x_wconf 81' lang='grc' dir='ltr'><strong>φυλαχθείη.</strong></span> <span class='ocrx_word' id='word_1_694' title='bbox 1691 4666 1802 4718; x_wconf 79' lang='grc' dir='ltr'><strong>Καὶ</strong></span> <span class='ocrx_word' id='word_1_695' title='bbox 1844 4667 1919 4738; x_wconf 83' lang='grc' dir='ltr'><strong>μή</strong></span> 
     </span>
    </p>
   </div>
   <div class='ocr_carea' id='block_1_97' title="bbox 2021 4659 3600 4738">
    <p class='ocr_par' dir='ltr' id='par_1_97' title="bbox 2021 4659 3600 4732">
     <span class='ocr_line' id='line_1_97' title="bbox 2021 4659 3600 4732; baseline 0 -18"><span class='ocrx_word' id='word_1_696' title='bbox 2021 4676 2110 4716; x_wconf 83' lang='lat' dir='ltr'><strong>cas</strong></span> <span class='ocrx_word' id='word_1_697' title='bbox 2143 4679 2156 4715; x_wconf 90' lang='lat'><strong>:</strong></span> <span class='ocrx_word' id='word_1_698' title='bbox 2190 4659 2474 4727; x_wconf 83' lang='lat' dir='ltr'><strong>Quomodo</strong></span> <span class='ocrx_word' id='word_1_699' title='bbox 2522 4661 2714 4730; x_wconf 87' lang='lat' dir='ltr'><strong>spiritu</strong></span> <span class='ocrx_word' id='word_1_700' title='bbox 2769 4661 2962 4726; x_wconf 79' lang='lat' dir='ltr'><strong>fervet,</strong></span> <span class='ocrx_word' id='word_1_701' title='bbox 3017 4663 3108 4732; x_wconf 84' lang='lat' dir='ltr'><strong>qui</strong></span> <span class='ocrx_word' id='word_1_702' title='bbox 3173 4663 3422 4732; x_wconf 88' lang='lat' dir='ltr'><strong>spiritum</strong></span> <span class='ocrx_word' id='word_1_703' title='bbox 3487 4675 3600 4716; x_wconf 87' lang='lat' dir='ltr'><strong>nou</strong></span> 
     </span>
    </p>
   </div>
   <div class='ocr_carea' id='block_1_98' title="bbox 349 4748 1919 4828">
    <p class='ocr_par' dir='ltr' id='par_1_98' title="bbox 349 4748 1919 4828">
     <span class='ocr_line' id='line_1_98' title="bbox 349 4748 1919 4828; baseline 0.003 -24"><span class='ocrx_word' id='word_1_704' title='bbox 349 4768 438 4820; x_wconf 89' lang='grc' dir='ltr'><strong>μοι</strong></span> <span class='ocrx_word' id='word_1_705' title='bbox 460 4751 584 4821; x_wconf 86' lang='grc' dir='ltr'><strong>λέγε</strong></span> <span class='ocrx_word' id='word_1_706' title='bbox 601 4769 616 4784; x_wconf 74' lang='grc' dir='ltr'><strong>ο</strong></span> <span class='ocrx_word' id='word_1_707' title='bbox 640 4753 749 4806; x_wconf 79' lang='grc' dir='ltr'><strong>Καὶ</strong></span> <span class='ocrx_word' id='word_1_708' title='bbox 770 4753 889 4816; x_wconf 86' lang='grc' dir='ltr'><strong>πῶς</strong></span> <span class='ocrx_word' id='word_1_709' title='bbox 905 4748 1016 4806; x_wconf 74' lang='grc' dir='ltr'><strong>οἷόν</strong></span> <span class='ocrx_word' id='word_1_710' title='bbox 1045 4771 1104 4808; x_wconf 88' lang='grc' dir='ltr'><strong>τε</strong></span> <span class='ocrx_word' id='word_1_711' title='bbox 1127 4754 1270 4819; x_wconf 83' lang='grc' dir='ltr'><strong>ζέειν</strong></span> <span class='ocrx_word' id='word_1_712' title='bbox 1303 4753 1382 4824; x_wconf 81' lang='grc' dir='ltr'><strong>τῷ</strong></span> <span class='ocrx_word' id='word_1_713' title='bbox 1405 4755 1706 4826; x_wconf 87' lang='grc' dir='ltr'><strong>Πνεύματι,</strong></span> <span class='ocrx_word' id='word_1_714' title='bbox 1729 4756 1822 4809; x_wconf 84' lang='grc' dir='ltr'><strong>τὸν</strong></span> <span class='ocrx_word' id='word_1_715' title='bbox 1845 4755 1919 4828; x_wconf 84' lang='grc' dir='ltr'><strong>μὴ</strong></span> 
     </span>
    </p>
   </div>
   <div class='ocr_carea' id='block_1_99' title="bbox 2021 4748 3599 4828">
    <p class='ocr_par' dir='ltr' id='par_1_99' title="bbox 2023 4753 3599 4821">
     <span class='ocr_line' id='line_1_99' title="bbox 2023 4753 3599 4821; baseline -0.001 -13"><span class='ocrx_word' id='word_1_716' title='bbox 2023 4753 2232 4808; x_wconf 85' lang='lat' dir='ltr'><strong>habet?</strong></span> <span class='ocrx_word' id='word_1_717' title='bbox 2258 4771 2286 4808; x_wconf 90' lang='lat' dir='ltr'><strong>a</strong></span> <span class='ocrx_word' id='word_1_718' title='bbox 2321 4753 2671 4808; x_wconf 84' lang='lat' dir='ltr'><strong>sensibilibus</strong></span> <span class='ocrx_word' id='word_1_719' title='bbox 2708 4754 2776 4808; x_wconf 86' lang='lat' dir='ltr'><strong>de</strong></span> <span class='ocrx_word' id='word_1_720' title='bbox 2826 4753 3082 4809; x_wconf 83' lang='lat' dir='ltr'><strong>invisibili</strong></span> <span class='ocrx_word' id='word_1_721' title='bbox 3132 4755 3480 4821; x_wconf 81' lang='lat' dir='ltr'><strong>cogitandum</strong></span> <span class='ocrx_word' id='word_1_722' title='bbox 3513 4753 3599 4808; x_wconf 90' lang='lat' dir='ltr'><strong>:si</strong></span> 
     </span>
    </p>
   </div>
   <div class='ocr_carea' id='block_1_100' title="bbox 349 4842 1919 4920">
    <p class='ocr_par' dir='ltr' id='par_1_100' title="bbox 349 4843 1916 4920">
     <span class='ocr_line' id='line_1_100' title="bbox 349 4843 1916 4920; baseline 0.005 -26"><span class='ocrx_word' id='word_1_723' title='bbox 349 4843 573 4914; x_wconf 82' lang='grc' dir='ltr'><strong>μέτοχον</strong></span> <span class='ocrx_word' id='word_1_724' title='bbox 611 4846 738 4898; x_wconf 77' lang='grc' dir='ltr'><strong>ὄντα</strong></span> <span class='ocrx_word' id='word_1_725' title='bbox 775 4847 870 4899; x_wconf 89' lang='grc' dir='ltr'><strong>τοῦ</strong></span> <span class='ocrx_word' id='word_1_726' title='bbox 911 4845 1270 4916; x_wconf 80' lang='grc' dir='ltr'><strong>Πνεῦματος;</strong></span> <span class='ocrx_word' id='word_1_727' title='bbox 1302 4847 1411 4901; x_wconf 84' lang='grc' dir='ltr'><strong>ἀπὸ</strong></span> <span class='ocrx_word' id='word_1_728' title='bbox 1447 4847 1554 4919; x_wconf 80' lang='grc' dir='ltr'><strong>γὰρ</strong></span> <span class='ocrx_word' id='word_1_729' title='bbox 1582 4847 1693 4900; x_wconf 87' lang='grc' dir='ltr'><strong>τῶν</strong></span> <span class='ocrx_word' id='word_1_730' title='bbox 1721 4849 1916 4920; x_wconf 73' lang='grc' dir='ltr'><strong>αἰσθη-</strong></span> 
     </span>
    </p>
   </div>
   <div class='ocr_carea' id='block_1_101' title="bbox 2021 4842 3598 4920">
    <p class='ocr_par' dir='ltr' id='par_1_101' title="bbox 2023 4842 3598 4914">
     <span class='ocr_line' id='line_1_101' title="bbox 2023 4842 3598 4914; baseline -0.003 -17"><span class='ocrx_word' id='word_1_731' title='bbox 2023 4853 2178 4897; x_wconf 76' lang='lat' dir='ltr'><strong>extra</strong></span> <span class='ocrx_word' id='word_1_732' title='bbox 2209 4858 2306 4897; x_wconf 86' lang='lat' dir='ltr'><strong>nos</strong></span> <span class='ocrx_word' id='word_1_733' title='bbox 2343 4845 2548 4910; x_wconf 83' lang='lat' dir='ltr'><strong>positus</strong></span> <span class='ocrx_word' id='word_1_734' title='bbox 2569 4842 2650 4896; x_wconf 89' lang='lat' dir='ltr'><strong>sol</strong></span> <span class='ocrx_word' id='word_1_735' title='bbox 2683 4852 2778 4896; x_wconf 89' lang='lat' dir='ltr'><strong>aut</strong></span> <span class='ocrx_word' id='word_1_736' title='bbox 2803 4843 2962 4914; x_wconf 81' lang='lat' dir='ltr'><strong>ignis,</strong></span> <span class='ocrx_word' id='word_1_737' title='bbox 2988 4858 3054 4899; x_wconf 91' lang='lat' dir='ltr'><strong>eo</strong></span> <span class='ocrx_word' id='word_1_738' title='bbox 3085 4844 3226 4913; x_wconf 90' lang='lat' dir='ltr'><strong>quod</strong></span> <span class='ocrx_word' id='word_1_739' title='bbox 3249 4843 3449 4898; x_wconf 86' lang='lat' dir='ltr'><strong>nostris</strong></span> <span class='ocrx_word' id='word_1_740' title='bbox 3473 4856 3598 4895; x_wconf 90' lang='lat' dir='ltr'><strong>cor-</strong></span> 
     </span>
    </p>
   </div>
   <div class='ocr_carea' id='block_1_102' title="bbox 346 4932 1919 5010">
    <p class='ocr_par' dir='ltr' id='par_1_102' title="bbox 346 4935 1919 5010">
     <span class='ocr_line' id='line_1_102' title="bbox 346 4935 1919 5010; baseline 0.004 -24"><span class='ocrx_word' id='word_1_741' title='bbox 346 4935 452 4987; x_wconf 82' lang='grc' dir='ltr'><strong>τῶν</strong></span> <span class='ocrx_word' id='word_1_742' title='bbox 475 4941 536 4988; x_wconf 79' lang='grc' dir='ltr'><strong>τὸ</strong></span> <span class='ocrx_word' id='word_1_743' title='bbox 556 4937 786 5008; x_wconf 75' lang='grc' dir='ltr'><strong>ἀόρατον</strong></span> <span class='ocrx_word' id='word_1_744' title='bbox 827 4947 850 4974; x_wconf 84' lang='grc'>²</span> <span class='ocrx_word' id='word_1_745' title='bbox 873 4938 955 4990; x_wconf 82' lang='grc' dir='ltr'><strong>δεῖ</strong></span> <span class='ocrx_word' id='word_1_746' title='bbox 979 4939 1334 5008; x_wconf 85' lang='grc' dir='ltr'><strong>στοχάζεσθαι</strong></span> <span class='ocrx_word' id='word_1_747' title='bbox 1358 4953 1372 4968; x_wconf 86' lang='grc'>⁶</span> <span class='ocrx_word' id='word_1_748' title='bbox 1406 4941 1455 4992; x_wconf 87' lang='grc' dir='ltr'><strong>εί</strong></span> <span class='ocrx_word' id='word_1_749' title='bbox 1479 4939 1508 4991; x_wconf 85' lang='grc' dir='ltr'>ὁ</span> <span class='ocrx_word' id='word_1_750' title='bbox 1544 4937 1694 5010; x_wconf 81' lang='grc' dir='ltr'><strong>ἥλιος</strong></span> <span class='ocrx_word' id='word_1_751' title='bbox 1721 4938 1919 5005; x_wconf 77' lang='grc' dir='ltr'><strong>ἔξωθεν</strong></span> 
     </span>
    </p>
   </div>
   <div class='ocr_carea' id='block_1_103' title="bbox 2021 4932 3600 5010">
    <p class='ocr_par' dir='ltr' id='par_1_103' title="bbox 2024 4932 3600 5004">
     <span class='ocr_line' id='line_1_103' title="bbox 2024 4932 3600 5004; baseline -0.001 -18"><span class='ocrx_word' id='word_1_752' title='bbox 2024 4935 2250 5002; x_wconf 74' lang='lat' dir='ltr'><strong>poribus</strong></span> <span class='ocrx_word' id='word_1_753' title='bbox 2275 4946 2360 4986; x_wconf 84' lang='lat' dir='ltr'><strong>est</strong></span> <span class='ocrx_word' id='word_1_754' title='bbox 2419 4934 2702 5002; x_wconf 74' lang='lat' dir='ltr'><strong>proximus</strong></span> <span class='ocrx_word' id='word_1_755' title='bbox 2729 4944 2823 4988; x_wconf 85' lang='lat' dir='ltr'><strong>aut</strong></span> <span class='ocrx_word' id='word_1_756' title='bbox 2873 4950 3066 5004; x_wconf 85' lang='lat' dir='ltr'><strong>parum</strong></span> <span class='ocrx_word' id='word_1_757' title='bbox 3124 4933 3311 4999; x_wconf 88' lang='lat' dir='ltr'><strong>distat,</strong></span> <span class='ocrx_word' id='word_1_758' title='bbox 3373 4932 3600 5001; x_wconf 86' lang='lat' dir='ltr'><strong>quoddo</strong></span> 
     </span>
    </p>
   </div>
   <div class='ocr_carea' id='block_1_104' title="bbox 347 5017 1919 5102">
    <p class='ocr_par' dir='ltr' id='par_1_104' title="bbox 347 5025 1916 5102">
     <span class='ocr_line' id='line_1_104' title="bbox 347 5025 1916 5102; baseline 0.004 -24"><span class='ocrx_word' id='word_1_759' title='bbox 347 5025 441 5090; x_wconf 84' lang='grc' dir='ltr'><strong>ῶν,</strong></span> <span class='ocrx_word' id='word_1_760' title='bbox 475 5029 566 5080; x_wconf 75' lang='grc' dir='ltr'><strong>καὶ</strong></span> <span class='ocrx_word' id='word_1_761' title='bbox 594 5029 653 5081; x_wconf 77' lang='grc' dir='ltr'><strong>τὸ</strong></span> <span class='ocrx_word' id='word_1_762' title='bbox 682 5029 820 5099; x_wconf 87' lang='grc' dir='ltr'><strong>πῦρ,</strong></span> <span class='ocrx_word' id='word_1_763' title='bbox 859 5029 946 5082; x_wconf 84' lang='grc' dir='ltr'><strong>διὰ</strong></span> <span class='ocrx_word' id='word_1_764' title='bbox 969 5029 1064 5084; x_wconf 88' lang='grc' dir='ltr'><strong>τοῦ</strong></span> <span class='ocrx_word' id='word_1_765' title='bbox 1090 5029 1414 5100; x_wconf 83' lang='grc' dir='ltr'><strong>πλησιάζειν</strong></span> <span class='ocrx_word' id='word_1_766' title='bbox 1455 5033 1566 5094; x_wconf 85' lang='grc' dir='ltr'><strong>τοῖς</strong></span> <span class='ocrx_word' id='word_1_767' title='bbox 1597 5029 1844 5102; x_wconf 86' lang='grc' dir='ltr'><strong>σώμασιν</strong></span> <span class='ocrx_word' id='word_1_768' title='bbox 1884 5031 1916 5102; x_wconf 81' lang='grc' dir='ltr'>ἢ</span> 
     </span>
    </p>
   </div>
   <div class='ocr_carea' id='block_1_105' title="bbox 2021 5017 3597 5102">
    <p class='ocr_par' dir='ltr' id='par_1_105' title="bbox 2021 5025 3597 5097">
     <span class='ocr_line' id='line_1_105' title="bbox 2021 5025 3597 5097; baseline -0.003 -16"><span class='ocrx_word' id='word_1_769' title='bbox 2021 5028 2141 5097; x_wconf 88' lang='lat' dir='ltr'><strong>igne</strong></span> <span class='ocrx_word' id='word_1_770' title='bbox 2163 5027 2381 5091; x_wconf 84' lang='lat' dir='ltr'><strong>dicitur,</strong></span> <span class='ocrx_word' id='word_1_771' title='bbox 2401 5042 2626 5097; x_wconf 88' lang='lat' dir='ltr'><strong>corpora</strong></span> <span class='ocrx_word' id='word_1_772' title='bbox 2653 5035 2838 5082; x_wconf 87' lang='lat' dir='ltr'><strong>nostra</strong></span> <span class='ocrx_word' id='word_1_773' title='bbox 2864 5026 3134 5092; x_wconf 81' lang='lat' dir='ltr'><strong>calefacit,</strong></span> <span class='ocrx_word' id='word_1_774' title='bbox 3155 5027 3284 5096; x_wconf 86' lang='lat' dir='ltr'><strong>quid</strong></span> <span class='ocrx_word' id='word_1_775' title='bbox 3310 5025 3597 5081; x_wconf 86' lang='lat' dir='ltr'><strong>dicendum</strong></span> 
     </span>
    </p>
   </div>
   <div class='ocr_carea' id='block_1_106' title="bbox 347 5115 1919 5192">
    <p class='ocr_par' dir='ltr' id='par_1_106' title="bbox 347 5115 1917 5192">
     <span class='ocr_line' id='line_1_106' title="bbox 347 5115 1917 5192; baseline 0.003 -25"><span class='ocrx_word' id='word_1_776' title='bbox 347 5117 441 5167; x_wconf 78' lang='grc' dir='ltr'><strong>καὶ</strong></span> <span class='ocrx_word' id='word_1_777' title='bbox 466 5115 646 5182; x_wconf 79' lang='grc' dir='ltr'><strong>ὀλίγον</strong></span> <span class='ocrx_word' id='word_1_778' title='bbox 671 5117 966 5184; x_wconf 74' lang='grc' dir='ltr'><strong>ἀφεστάναι</strong></span> <span class='ocrx_word' id='word_1_779' title='bbox 992 5157 1006 5183; x_wconf 94' lang='grc'><strong>,</strong></span> <span class='ocrx_word' id='word_1_780' title='bbox 1031 5119 1058 5172; x_wconf 87' lang='grc' dir='ltr'>ὅ</span> <span class='ocrx_word' id='word_1_781' title='bbox 1082 5120 1230 5172; x_wconf 86' lang='grc' dir='ltr'><strong>ἐστιν</strong></span> <span class='ocrx_word' id='word_1_782' title='bbox 1257 5121 1350 5172; x_wconf 74' lang='grc' dir='ltr'><strong>ἐπὶ</strong></span> <span class='ocrx_word' id='word_1_783' title='bbox 1379 5119 1550 5190; x_wconf 79' lang='grc' dir='ltr'><strong>πυρὸς</strong></span> <span class='ocrx_word' id='word_1_784' title='bbox 1575 5121 1772 5185; x_wconf 74' lang='grc' dir='ltr'><strong>εἰπεῖν,</strong></span> <span class='ocrx_word' id='word_1_785' title='bbox 1800 5121 1917 5192; x_wconf 85' lang='grc' dir='ltr'><strong>θερ-</strong></span> 
     </span>
    </p>
   </div>
   <div class='ocr_carea' id='block_1_107' title="bbox 2021 5115 3600 5192">
    <p class='ocr_par' dir='ltr' id='par_1_107' title="bbox 2021 5115 3600 5187">
     <span class='ocr_line' id='line_1_107' title="bbox 2021 5115 3600 5187; baseline 0 -19"><span class='ocrx_word' id='word_1_786' title='bbox 2021 5121 2080 5171; x_wconf 88' lang='lat' dir='ltr'><strong>de</strong></span> <span class='ocrx_word' id='word_1_787' title='bbox 2103 5117 2306 5185; x_wconf 89' lang='lat' dir='ltr'><strong>Spiritu</strong></span> <span class='ocrx_word' id='word_1_788' title='bbox 2329 5127 2539 5181; x_wconf 87' lang='lat' dir='ltr'><strong>sancto,</strong></span> <span class='ocrx_word' id='word_1_789' title='bbox 2571 5133 2701 5171; x_wconf 87' lang='lat' dir='ltr'><strong>sane</strong></span> <span class='ocrx_word' id='word_1_790' title='bbox 2727 5118 3078 5182; x_wconf 86' lang='lat' dir='ltr'><strong>calidissimo,</strong></span> <span class='ocrx_word' id='word_1_791' title='bbox 3109 5119 3198 5187; x_wconf 88' lang='lat' dir='ltr'><strong>qui</strong></span> <span class='ocrx_word' id='word_1_792' title='bbox 3232 5127 3474 5171; x_wconf 86' lang='lat' dir='ltr'><strong>nostrum</strong></span> <span class='ocrx_word' id='word_1_793' title='bbox 3512 5115 3600 5170; x_wconf 91' lang='lat' dir='ltr'><strong>in-</strong></span> 
     </span>
    </p>
   </div>
   <div class='ocr_carea' id='block_1_108' title="bbox 350 5204 1919 5280">
    <p class='ocr_par' dir='ltr' id='par_1_108' title="bbox 350 5204 1915 5280">
     <span class='ocr_line' id='line_1_108' title="bbox 350 5204 1915 5280; baseline 0.005 -26"><span class='ocrx_word' id='word_1_794' title='bbox 350 5205 529 5273; x_wconf 85' lang='grc' dir='ltr'><strong>μαίνοι</strong></span> <span class='ocrx_word' id='word_1_795' title='bbox 561 5205 717 5274; x_wconf 78' lang='grc' dir='ltr'><strong>ἡμῶν</strong></span> <span class='ocrx_word' id='word_1_796' title='bbox 744 5204 812 5258; x_wconf 81' lang='grc' dir='ltr'><strong>τά</strong></span> <span class='ocrx_word' id='word_1_797' title='bbox 836 5206 1084 5275; x_wconf 86' lang='grc' dir='ltr'><strong>σώματα,</strong></span> <span class='ocrx_word' id='word_1_798' title='bbox 1111 5209 1166 5260; x_wconf 86' lang='grc' dir='ltr'><strong>τί</strong></span> <span class='ocrx_word' id='word_1_799' title='bbox 1185 5209 1266 5261; x_wconf 84' lang='grc' dir='ltr'><strong>δεῖ</strong></span> <span class='ocrx_word' id='word_1_800' title='bbox 1303 5210 1478 5262; x_wconf 82' lang='grc' dir='ltr'><strong>εἰπεῖν</strong></span> <span class='ocrx_word' id='word_1_801' title='bbox 1503 5210 1630 5280; x_wconf 74' lang='grc' dir='ltr'><strong>περὶ</strong></span> <span class='ocrx_word' id='word_1_802' title='bbox 1653 5208 1746 5261; x_wconf 90' lang='grc' dir='ltr'><strong>τοῦ</strong></span> <span class='ocrx_word' id='word_1_803' title='bbox 1771 5207 1915 5262; x_wconf 86' lang='grc' dir='ltr'><strong>θείου</strong></span> 
     </span>
    </p>
   </div>
   <div class='ocr_carea' id='block_1_109' title="bbox 2021 5204 3600 5280">
    <p class='ocr_par' dir='ltr' id='par_1_109' title="bbox 2021 5205 3600 5272">
     <span class='ocr_line' id='line_1_109' title="bbox 2021 5205 3600 5272; baseline -0.001 -11"><span class='ocrx_word' id='word_1_804' title='bbox 2021 5209 2266 5261; x_wconf 82' lang='lat' dir='ltr'><strong>teriorem</strong></span> <span class='ocrx_word' id='word_1_805' title='bbox 2299 5208 2568 5262; x_wconf 84' lang='lat' dir='ltr'><strong>hominem</strong></span> <span class='ocrx_word' id='word_1_806' title='bbox 2591 5207 2908 5272; x_wconf 82' lang='lat' dir='ltr'><strong>inﬂammat,</strong></span> <span class='ocrx_word' id='word_1_807' title='bbox 2928 5208 3053 5264; x_wconf 90' lang='lat' dir='ltr'><strong>licet</strong></span> <span class='ocrx_word' id='word_1_808' title='bbox 3087 5223 3190 5262; x_wconf 90' lang='lat' dir='ltr'><strong>non</strong></span> <span class='ocrx_word' id='word_1_809' title='bbox 3211 5209 3281 5262; x_wconf 91' lang='lat' dir='ltr'><strong>sit</strong></span> <span class='ocrx_word' id='word_1_810' title='bbox 3303 5207 3470 5270; x_wconf 89' lang='lat' dir='ltr'><strong>intus,</strong></span> <span class='ocrx_word' id='word_1_811' title='bbox 3503 5205 3600 5260; x_wconf 86' lang='lat' dir='ltr'><strong>sed</strong></span> 
     </span>
    </p>
   </div>
   <div class='ocr_carea' id='block_1_110' title="bbox 349 5295 1919 5370">
    <p class='ocr_par' dir='ltr' id='par_1_110' title="bbox 349 5295 1916 5370">
     <span class='ocr_line' id='line_1_110' title="bbox 349 5295 1916 5370; baseline 0.003 -24"><span class='ocrx_word' id='word_1_812' title='bbox 349 5295 662 5364; x_wconf 77' lang='grc' dir='ltr'><strong>Πνεύματος</strong></span> <span class='ocrx_word' id='word_1_813' title='bbox 707 5295 800 5348; x_wconf 86' lang='grc' dir='ltr'><strong>τοῦ</strong></span> <span class='ocrx_word' id='word_1_814' title='bbox 853 5296 1024 5360; x_wconf 76' lang='grc' dir='ltr'><strong>ὅντως</strong></span> <span class='ocrx_word' id='word_1_815' title='bbox 1071 5298 1406 5370; x_wconf 85' lang='grc' dir='ltr'><strong>θερμοτάτου</strong></span> <span class='ocrx_word' id='word_1_816' title='bbox 1454 5300 1548 5353; x_wconf 80' lang='grc' dir='ltr'><strong>καὶ</strong></span> <span class='ocrx_word' id='word_1_817' title='bbox 1595 5298 1916 5368; x_wconf 76' lang='grc' dir='ltr'><strong>πορίζοντος</strong></span> 
     </span>
    </p>
   </div>
   <div class='ocr_carea' id='block_1_111' title="bbox 2021 5295 3600 5370">
    <p class='ocr_par' dir='ltr' id='par_1_111' title="bbox 2021 5297 3600 5370">
     <span class='ocr_line' id='line_1_111' title="bbox 2021 5297 3600 5370; baseline -0.001 -18"><span class='ocrx_word' id='word_1_818' title='bbox 2021 5299 2220 5354; x_wconf 77' lang='lat' dir='ltr'><strong>extra?</strong></span> <span class='ocrx_word' id='word_1_819' title='bbox 2251 5297 2546 5368; x_wconf 84' lang='lat' dir='ltr'><strong>Vultergo,</strong></span> <span class='ocrx_word' id='word_1_820' title='bbox 2579 5301 2835 5370; x_wconf 89' lang='lat' dir='ltr'><strong>quoniam</strong></span> <span class='ocrx_word' id='word_1_821' title='bbox 2861 5301 3041 5356; x_wconf 89' lang='lat' dir='ltr'><strong>omnia</strong></span> <span class='ocrx_word' id='word_1_822' title='bbox 3071 5300 3178 5354; x_wconf 87' lang='lat' dir='ltr'><strong>Deo</strong></span> <span class='ocrx_word' id='word_1_823' title='bbox 3205 5307 3329 5354; x_wconf 88' lang='lat' dir='ltr'><strong>sunt</strong></span> <span class='ocrx_word' id='word_1_824' title='bbox 3370 5297 3600 5366; x_wconf 75' lang='lat' dir='ltr'><strong>possibi-</strong></span> 
     </span>
    </p>
   </div>
   <div class='ocr_carea' id='block_1_112' title="bbox 3180 5442 3596 5503">
    <p class='ocr_par' dir='ltr' id='par_1_112' title="bbox 3180 5442 3596 5503">
     <span class='ocr_line' id='line_1_112' title="bbox 3180 5442 3596 5503; baseline 0.01 -5"><span class='ocrx_word' id='word_1_825' title='bbox 3180 5457 3207 5498; x_wconf 77' lang='grc' dir='ltr'><strong>ει</strong></span> <span class='ocrx_word' id='word_1_826' title='bbox 3237 5447 3299 5503; x_wconf 87' lang='lat' dir='ltr'><strong>C.</strong></span> <span class='ocrx_word' id='word_1_827' title='bbox 3328 5447 3390 5499; x_wconf 73' lang='grc' dir='ltr'><strong>(Σ.</strong></span> <span class='ocrx_word' id='word_1_828' title='bbox 3426 5442 3519 5498; x_wconf 79' lang='grc' dir='ltr'><strong>οὖν</strong></span> <span class='ocrx_word' id='word_1_829' title='bbox 3548 5448 3596 5502; x_wconf 83' lang='grc' dir='ltr'><strong>ὁ.</strong></span> 
     </span>
    </p>
   </div>
   <div class='ocr_carea' id='block_1_113' title="bbox 3187 5515 3597 5586">
    <p class='ocr_par' dir='ltr' id='par_1_113' title="bbox 3187 5515 3597 5586">
     <span class='ocr_line' id='line_1_113' title="bbox 3187 5515 3597 5586; baseline 0 -14"><span class='ocrx_word' id='word_1_830' title='bbox 3187 5528 3216 5557; x_wconf 76' lang='grc' dir='ltr'><strong>ιι</strong></span> <span class='ocrx_word' id='word_1_831' title='bbox 3245 5519 3306 5572; x_wconf 65' lang='grc' dir='ltr'><strong>(ὲ.</strong></span> <span class='ocrx_word' id='word_1_832' title='bbox 3333 5516 3397 5572; x_wconf 87' lang='lat' dir='ltr'><strong>C.</strong></span> <span class='ocrx_word' id='word_1_833' title='bbox 3425 5515 3597 5586; x_wconf 83' lang='grc' dir='ltr'><strong>αὐτῷ.</strong></span> 
     </span>
    </p>
   </div>
   <div class='ocr_carea' id='block_1_114' title="bbox 421 5447 876 5505">
    <p class='ocr_par' dir='ltr' id='par_1_114' title="bbox 421 5447 876 5505">
     <span class='ocr_line' id='line_1_114' title="bbox 421 5447 876 5505; baseline 0.011 -5"><span class='ocrx_word' id='word_1_834' title='bbox 421 5459 458 5484; x_wconf 77' lang='grc' dir='ltr'><strong>ιη</strong></span> <span class='ocrx_word' id='word_1_835' title='bbox 485 5447 546 5501; x_wconf 89' lang='lat' dir='ltr'><strong>C.</strong></span> <span class='ocrx_word' id='word_1_836' title='bbox 574 5451 636 5504; x_wconf 82' lang='lat' dir='ltr'><strong>C.</strong></span> <span class='ocrx_word' id='word_1_837' title='bbox 669 5449 876 5505; x_wconf 67' lang='grc' dir='ltr'><strong>άπετῶ.</strong></span> 
     </span>
    </p>
   </div>
   <div class='ocr_carea' id='block_1_115' title="bbox 353 5519 878 5572">
    <p class='ocr_par' dir='ltr' id='par_1_115' title="bbox 353 5519 878 5572">
     <span class='ocr_line' id='line_1_115' title="bbox 353 5519 878 5572; baseline 0.002 -1"><span class='ocrx_word' id='word_1_838' title='bbox 353 5529 370 5556; x_wconf 77' lang='grc' dir='ltr'><strong>ι</strong></span> <span class='ocrx_word' id='word_1_839' title='bbox 416 5519 479 5571; x_wconf 76' lang='lat' dir='ltr'><strong>C.</strong></span> <span class='ocrx_word' id='word_1_840' title='bbox 519 5519 579 5572; x_wconf 66' lang='grc' dir='ltr'><strong>(ὲ.</strong></span> <span class='ocrx_word' id='word_1_841' title='bbox 627 5519 878 5572; x_wconf 84' lang='grc' dir='ltr'><strong>Ἰωάννου</strong></span> 
     </span>
    </p>
   </div>
   <div class='ocr_carea' id='block_1_116' title="bbox 354 5587 834 5641">
    <p class='ocr_par' dir='ltr' id='par_1_116' title="bbox 354 5587 834 5641">
     <span class='ocr_line' id='line_1_116' title="bbox 354 5587 834 5641; baseline 0.002 -1"><span class='ocrx_word' id='word_1_842' title='bbox 354 5597 377 5624; x_wconf 82' lang='grc' dir='ltr'>ν</span> <span class='ocrx_word' id='word_1_843' title='bbox 409 5587 538 5641; x_wconf 83' lang='lat' dir='ltr'><strong>Cod.</strong></span> <span class='ocrx_word' id='word_1_844' title='bbox 571 5587 834 5641; x_wconf 76' lang='grc' dir='ltr'><strong>ἐλάλεισε.</strong></span> 
     </span>
    </p>
   </div>
   <div class='ocr_carea' id='block_1_117' title="bbox 979 5447 1919 5522">
    <p class='ocr_par' dir='ltr' id='par_1_117' title="bbox 979 5449 1899 5522">
     <span class='ocr_line' id='line_1_117' title="bbox 979 5449 1899 5522; baseline -0.003 -18"><span class='ocrx_word' id='word_1_845' title='bbox 979 5459 1007 5488; x_wconf 72' lang='grc' dir='ltr'><strong>ιι</strong></span> <span class='ocrx_word' id='word_1_846' title='bbox 1038 5451 1098 5504; x_wconf 91' lang='lat' dir='ltr'><strong>C.</strong></span> <span class='ocrx_word' id='word_1_847' title='bbox 1141 5449 1202 5504; x_wconf 86' lang='lat' dir='ltr'><strong>C.</strong></span> <span class='ocrx_word' id='word_1_848' title='bbox 1233 5451 1442 5522; x_wconf 78' lang='grc' dir='ltr'><strong>πιστός.</strong></span> <span class='ocrx_word' id='word_1_849' title='bbox 1505 5459 1568 5522; x_wconf 23' lang='grc' dir='ltr'><strong>ψο</strong></span> <span class='ocrx_word' id='word_1_850' title='bbox 1603 5451 1667 5505; x_wconf 79' lang='lat' dir='ltr'><strong>C.</strong></span> <span class='ocrx_word' id='word_1_851' title='bbox 1701 5451 1764 5505; x_wconf 78' lang='lat' dir='ltr'><strong>C.</strong></span> <span class='ocrx_word' id='word_1_852' title='bbox 1814 5452 1899 5522; x_wconf 76' lang='grc' dir='ltr'><strong>εἰς</strong></span> 
     </span>
    </p>
   </div>
   <div class='ocr_carea' id='block_1_118' title="bbox 2021 5447 3068 5522">
    <p class='ocr_par' dir='ltr' id='par_1_118' title="bbox 2021 5447 3068 5522">
     <span class='ocr_line' id='line_1_118' title="bbox 2021 5447 3068 5522; baseline 0 -22"><span class='ocrx_word' id='word_1_853' title='bbox 2021 5466 2069 5522; x_wconf 73' lang='lat' dir='ltr'><strong>r._</strong></span> <span class='ocrx_word' id='word_1_854' title='bbox 2144 5461 2192 5522; x_wconf 21' lang='lat' dir='ltr'><strong>NP</strong></span> <span class='ocrx_word' id='word_1_855' title='bbox 2217 5451 2279 5506; x_wconf 91' lang='lat' dir='ltr'><strong>C.</strong></span> <span class='ocrx_word' id='word_1_856' title='bbox 2315 5451 2376 5506; x_wconf 91' lang='lat' dir='ltr'><strong>C.</strong></span> <span class='ocrx_word' id='word_1_857' title='bbox 2420 5451 2702 5522; x_wconf 75' lang='grc' dir='ltr'><strong>βάπτισμα</strong></span> <span class='ocrx_word' id='word_1_858' title='bbox 2733 5447 3068 5522; x_wconf 75' lang='grc' dir='ltr'><strong>βαπτισθείς.</strong></span> 
     </span>
    </p>
   </div>
   <div class='ocr_carea' id='block_1_119' title="bbox 921 5518 1919 5591">
    <p class='ocr_par' dir='ltr' id='par_1_119' title="bbox 921 5519 1864 5591">
     <span class='ocr_line' id='line_1_119' title="bbox 921 5519 1864 5591; baseline 0 -19"><span class='ocrx_word' id='word_1_859' title='bbox 921 5519 1242 5591; x_wconf 34' lang='grc' dir='ltr'><strong>βάπτισμα,</strong></span> <span class='ocrx_word' id='word_1_860' title='bbox 1277 5588 1288 5591; x_wconf 90' lang='lat'>_</span> <span class='ocrx_word' id='word_1_861' title='bbox 1343 5531 1364 5558; x_wconf 73' lang='grc'><strong>³</strong></span> <span class='ocrx_word' id='word_1_862' title='bbox 1401 5521 1460 5576; x_wconf 70' lang='grc' dir='ltr'><strong>(Σ.</strong></span> <span class='ocrx_word' id='word_1_863' title='bbox 1493 5519 1555 5574; x_wconf 91' lang='lat' dir='ltr'><strong>C.</strong></span> <span class='ocrx_word' id='word_1_864' title='bbox 1584 5537 1698 5575; x_wconf 91' lang='lat' dir='ltr'><strong>om.</strong></span> <span class='ocrx_word' id='word_1_865' title='bbox 1748 5521 1864 5573; x_wconf 87' lang='grc' dir='ltr'><strong>καί.</strong></span> 
     </span>
    </p>
   </div>
   <div class='ocr_carea' id='block_1_120' title="bbox 2021 5518 3083 5591">
    <p class='ocr_par' dir='ltr' id='par_1_120' title="bbox 2031 5518 3083 5591">
     <span class='ocr_line' id='line_1_120' title="bbox 2031 5518 3083 5591; baseline -0.005 -15"><span class='ocrx_word' id='word_1_866' title='bbox 2031 5519 2092 5576; x_wconf 86' lang='lat' dir='ltr'><strong>C.</strong></span> <span class='ocrx_word' id='word_1_867' title='bbox 2131 5521 2192 5591; x_wconf 69' lang='lat' dir='ltr'><strong>tl.</strong></span> <span class='ocrx_word' id='word_1_868' title='bbox 2225 5537 2332 5591; x_wconf 73' lang='lat' dir='ltr'><strong>oin.</strong></span> <span class='ocrx_word' id='word_1_869' title='bbox 2386 5518 2427 5574; x_wconf 53' lang='grc' dir='ltr'><strong>ὸ⁷</strong></span> <span class='ocrx_word' id='word_1_870' title='bbox 2459 5523 2597 5591; x_wconf 77' lang='grc' dir='ltr'><strong>ἔχων</strong></span> <span class='ocrx_word' id='word_1_871' title='bbox 2628 5518 2878 5589; x_wconf 76' lang='grc' dir='ltr'><strong>’Πνεῦμα</strong></span> <span class='ocrx_word' id='word_1_872' title='bbox 2908 5518 3083 5586; x_wconf 68' lang='grc' dir='ltr'><strong>ἅγιον.</strong></span> 
     </span>
    </p>
   </div>
   <div class='ocr_carea' id='block_1_121' title="bbox 916 5588 2628 5661">
    <p class='ocr_par' dir='ltr' id='par_1_121' title="bbox 916 5588 2628 5661">
     <span class='ocr_line' id='line_1_121' title="bbox 916 5588 2628 5661; baseline 0 -17"><span class='ocrx_word' id='word_1_873' title='bbox 916 5588 940 5630; x_wconf 57' lang='grc' dir='ltr'>ἰ</span> <span class='ocrx_word' id='word_1_874' title='bbox 971 5591 1118 5646; x_wconf 66' lang='lat'><strong>(1.6.</strong></span> <span class='ocrx_word' id='word_1_875' title='bbox 1148 5588 1395 5644; x_wconf 76' lang='grc' dir='ltr'><strong>κωλύων.</strong></span> <span class='ocrx_word' id='word_1_876' title='bbox 1473 5599 1502 5639; x_wconf 72' lang='grc' dir='ltr'><em>ῐ</em></span> <span class='ocrx_word' id='word_1_877' title='bbox 1526 5591 1658 5646; x_wconf 77' lang='lat' dir='ltr'><strong>Cod.</strong></span> <span class='ocrx_word' id='word_1_878' title='bbox 1691 5591 2006 5645; x_wconf 56' lang='grc' dir='ltr'><strong>ἐλααώεωε.</strong></span> <span class='ocrx_word' id='word_1_879' title='bbox 2089 5599 2112 5626; x_wconf 85' lang='grc'><strong><em>²</em></strong></span> <span class='ocrx_word' id='word_1_880' title='bbox 2137 5590 2196 5644; x_wconf 80' lang='lat' dir='ltr'><strong>C.</strong></span> <span class='ocrx_word' id='word_1_881' title='bbox 2221 5590 2284 5645; x_wconf 89' lang='lat' dir='ltr'><strong>C.</strong></span> <span class='ocrx_word' id='word_1_882' title='bbox 2313 5592 2380 5644; x_wconf 81' lang='grc' dir='ltr'><strong>τὰ</strong></span> <span class='ocrx_word' id='word_1_883' title='bbox 2402 5588 2628 5661; x_wconf 70' lang='grc' dir='ltr'><strong>ἀόρατα.</strong></span> 
     </span>
    </p>
   </div>
  </div>
