4068 6126
370 285 507 349 1577

1291 283 1753 346 FRAGMENTA
1783 283 1866 345 IN
1907 249 2101 346 ACTA.
2132 285 2715 352 APOSTOLORUM.

3494 299 3592 366 157

370 398 589 471 βίϐλους
620 396 945 469 κτήσασθαι,
985 397 1099 452 ἀλλ’
1134 395 1374 452 ἔκαυσαν
1395 413 1410 429 ·
1460 396 1680 468 πρῶτον
1715 397 1816 469 μὲν
1848 397 1940 453 ἵνα

2051 399 2262 470 quidem
2283 417 2355 457 ne
2370 404 2513 471 quis,
2534 420 2632 475 per
2649 421 2728 473 se,
2763 410 2897 463 mala
2917 405 3006 463 illa
3032 413 3332 467 anltnarum
3365 426 3516 484 peste
3539 419 3628 473 in-

373 494 537 563 μήτις
571 490 819 564 μετάσχῃ
861 490 960 561 τῆς
999 490 1096 543 ἀπ’
1138 489 1317 544 αὐτῶν
1348 489 1697 561 ψυχοφθόρου
1736 489 1937 562 λύμης·

368 584 562 637 ἔπειτα
593 584 652 637 δὲ
697 584 785 638 ῐνα
821 584 896 654 μὴ
917 582 1027 636 ἀπὸ
1064 581 1328 653 τοιαύτης
1358 581 1542 646 αἰτίας
1569 583 1882 653 κτήσωνται
1913 592 1943 622 ιι

367 692 441 730 τι.
474 676 688 746 Ὠσπερ
715 675 824 744 γὰρ
875 672 1256 744 ἀπηγόρευται
1293 672 1355 727 τὺ
1390 673 1485 726 τοῦ
1522 672 1683 737 κυνὸς
1702 672 1945 745 τίμημα,

368 768 403 839 ἢ
430 768 491 821 τὸ
543 768 653 822 ἀπὸ
700 768 956 840 πορνείας
1004 766 1197 839 κέρδος
1233 765 1534 838 προσάγειν
1572 767 1717 838 Θεῷ,
1773 766 1948 832 οὓτως

368 859 487 914 οὐδὲ
519 861 581 913 τὸ
609 862 675 915 ὲκ
696 861 794 932 τῆς
819 860 996 924 αἰτίας
1022 858 1230 930 ταύτης
1259 858 1527 930 ἀργύριον
1548 859 1774 931 τεθῆναι
1796 859 1949 931 παρά

368 952 495 1015 τοὺς
526 951 635 1005 τῶν
656 950 971 1005 ἀποστόλων
1006 950 1171 1012 πόδας
1193 949 1401 1003 δίκαιον
1445 949 1693 1020 ἔκριναν.

447 1063 465 1095 ι
498 1042 605 1108 Οὒς
666 1043 1053 1113 συναθροίσας,
1105 1042 1197 1096 καὶ
1243 1043 1373 1105 τοὺς
1426 1044 1559 1112 περὶ
1602 1042 1672 1096 τὰ
1718 1041 1947 1096 τοιαῦτα

368 1136 625 1206 ἐργάτας,
649 1133 821 1190 εἷπεψ
840 1136 1086 1206 Ἀνδρες,
1116 1134 1417 1188 ἐπίστασθε
1433 1134 1516 1188 ὅτι
1533 1136 1598 1188 ὲκ
1623 1135 1828 1205 ταύτης
1847 1135 1948 1206 τῆς

367 1228 629 1298 ἐργασίας
662 1228 695 1297 ὴ
727 1226 960 1298 εὐπορία
989 1225 1152 1297 ἡμῶν
1184 1227 1324 1279 ἐστι.
1373 1244 1393 1278 ι

441 1320 595 1391 ᾜδει
619 1317 713 1372 οὖν
738 1320 767 1372 ό
783 1319 1094 1389 Δημήτριος
1112 1318 1197 1371 ὅτι
1225 1316 1416 1387 ἠπάτα
1439 1315 1568 1380 τοὺς
1593 1316 1944 1387 ἀνθρώπους,

366 1412 534 1465 ποιῶν
566 1412 749 1474 αὐτοῖς
803 1410 972 1474 ναοὺς
1022 1410 1120 1465 καὶ
1161 1409 1319 1473 θεοὺς
1364 1407 1643 1481 ἀργυροῦς
1666 1428 1679 1441 ·
1707 1410 1803 1463 καὶ
1827 1410 1946 1464 ἐδε-

366 1502 467 1555 δίει
488 1515 513 1542 ο
554 1504 631 1573 μὴ
671 1501 904 1573 ἐλεγχθῇ
942 1500 1110 1555 αὐτοῦ
1132 1502 1166 1572 ἡ
1195 1500 1516 1572 ρᾳδιουργία
1555 1502 1651 1554 καὶ
1675 1502 1709 1572 ἡ
1732 1501 1942 1571 ἀπάτη,

365 1592 456 1645 διά
501 1593 602 1663 τῆς
652 1591 890 1663 ἀληθοῦς
920 1590 1013 1646 τοῦ
1048 1591 1264 1645 Παύλου
1296 1591 1540 1662 διδαχῆς.
1601 1591 1946 1662 Σημειωτέον

366 1682 422 1735 δὲ
451 1683 534 1736 δτι
562 1683 819 1736 τοσοῦτον
844 1682 1147 1754 διέλαμπεν
1190 1684 1224 1754 ἡ
1273 1682 1483 1754 ἀληθὴς
1522 1681 1726 1749 πίστις,
1764 1683 1945 1737 καίτοι

2051 493 2354 563 liceretur;
2383 495 2578 553 deinde
2620 513 2687 553 ne
2740 516 2806 555 ex
2856 500 2946 556 illo
2980 501 3126 558 fonte
3165 505 3458 575 quidquam
3491 508 3625 565 lucri

2051 585 2335 655 facerent;
2371 587 2515 644 sicut
2543 589 2688 644 enim
2742 606 2848 647 non
2890 592 3017 649 licet
3055 595 3228 665 stupri
3267 598 3500 666 pretium
3537 613 3631 657 aut

2048 676 2430 733 fornicationis
2463 681 2767 737 mercedem
2802 681 2910 740 Deo
2933 684 3150 755 otferre,
3180 688 3261 744 sic
3291 689 3492 746 bonum
3522 710 3626 749 non

2049 778 2382 825 censuerunt
2434 774 2720 843 pecuniam
2767 775 2895 833 inde
2927 788 3105 834 ortam
3146 781 3215 836 ad
3257 784 3627 853 apostolorum

2048 864 2214 930 pedes
2263 861 2480 919 afferre.

2120 1040 2285 1098 Vens.
2319 1042 2409 1097 25.
2443 1062 2464 1096 ι
2502 1045 2649 1111 Quos
2698 1063 3030 1118 convocans,
3079 1064 3133 1111 et
3166 1072 3261 1114 eos
3307 1061 3400 1130 qui
3436 1061 3629 1134 hujus-

2049 1134 2193 1187 modi
2239 1144 2401 1191 erant
2430 1137 2670 1208 opifices,
2702 1142 2838 1197 dixit
2867 1163 2880 1200 :
2909 1146 3045 1215 Viri,
3083 1150 3235 1206 scitis
3261 1154 3384 1222 quia
3417 1156 3483 1212 de
3512 1159 3613 1215 hoc

2048 1225 2283 1283 artificio
2309 1239 2395 1285 est
2424 1233 2581 1290 nobis
2614 1236 2928 1305 acquisitio.
2970 1257 2990 1293 ι

2119 1315 2237 1372 Non
2294 1323 2575 1379 nesciebat
2617 1323 2928 1386 Demetrius
2964 1345 3025 1388 se
3078 1333 3327 1391 homines
3358 1339 3627 1410 decipere.

2047 1407 2130 1462 eis
2163 1410 2362 1479 templa
2394 1422 2449 1468 et
2475 1414 2607 1471 deos
2638 1431 2706 1471 ex
2737 1431 2962 1490 argento
2985 1423 3298 1493 facientem,
3336 1439 3391 1483 et
3418 1407 3628 1487 inelue-

2046 1498 2142 1554 bat
2166 1516 2234 1555 ne
2260 1504 2682 1562 convinceretur
2712 1508 2835 1581 ejus
2867 1510 3020 1569 fraus
3049 1522 3105 1569 et
3139 1515 3385 1588 deceptio
3411 1537 3509 1591 per
3537 1539 3630 1578 ve-

2049 1607 2165 1646 ram
2203 1592 2355 1649 Pauli
2394 1596 2727 1655 doctrinam.
2782 1602 3091 1662 Notandum
3143 1619 3227 1666 est
3255 1622 3437 1669 autent
3482 1624 3631 1672 tanto

2050 1681 2258 1754 fulgore
2303 1686 2643 1758 splenduisse
2675 1708 2859 1750 veram
2886 1696 3077 1766 fidem,
3108 1703 3358 1771 quamvis
3390 1709 3627 1763 nondum

370 1775 538 1844 μήπω
566 1751 1155 1844 ἐπικρατήσασαντότε
1196 1751 1295 1842 τῆς
1338 1751 1691 1844 οἰκουμένης,
1727 1775 1811 1828 ὅτι
1840 1775 1946 1845 Δη-

2052 1776 2365 1833 universum
2390 1779 2580 1836 orbem
2606 1784 2906 1855 subegerit,
2937 1796 2996 1844 ut
3025 1790 3232 1849 veritus
3251 1793 3416 1851 fuerit
3443 1799 3631 1854 Deme-

370 1866 603 1937 μήτριος
664 1865 856 1919 ἐδεδίει
881 1903 895 1929 ,
958 1865 1035 1936 μὴ
1075 1866 1168 1919 καὶ
1218 1866 1300 1929 είς
1342 1865 1494 1929 τέλος
1534 1865 1809 1937 ἀπόληται
1842 1866 1945 1937 τῆς

380 1958 698 2029 ’Δρτέμιδος
746 1959 774 2011 ό
821 1960 880 2011 ἐν
947 1958 1158 2029 Ἐφέσῳ
1196 1959 1324 2022 ναός
1354 1976 1369 1991 ο
1417 1959 1516 2014 καὶ
1568 1958 1946 2031 προανεφὼνει

367 2051 469 2119 τὴν
490 2049 768 2103 ἀπώλειαν
796 2047 890 2102 τοῦ
916 2048 1069 2114 ναοῦ,
1102 2048 1131 2101 δ
1166 2049 1259 2103 καὶ
1279 2047 1505 2118 γέγονεν
1531 2048 1663 2121 (19).

444 2160 463 2192 ι
481 2139 667 2193 ’Ἄλλοι
690 2139 789 2212 μὲν
810 2135 904 2195 οῦν
923 2140 1053 2194 ἄλλο
1074 2157 1130 2194 τι
1159 2140 1416 2213 ἔκραζονο
1437 2137 1507 2214 ἦν
1522 2141 1632 2213 γάρ
1647 2143 1681 2213 η
1716 2143 1947 2216 Ἐκκλη-

370 2233 460 2286 σία
494 2232 899 2304 συγκεχύμένη,
932 2235 1028 2286 καὶ
1059 2234 1110 2287 οἱ
1145 2232 1364 2298 πλείους
1389 2234 1494 2288 οὐκ
1522 2234 1765 2306 ᾔδεισαν,
1800 2237 1946 2302 τίνος

362 2321 530 2374 ἑνεκα
555 2319 1035 2391 συνεληλύθεισαν.
1082 2340 1101 2375 ι

435 2412 685 2467 Δείκνυσι
709 2411 809 2483 τὴν
825 2412 1051 2485 ἄκριτον
1080 2412 1226 2467 κατά
1256 2412 1352 2467 τοῦ
1386 2413 1603 2469 Παύλου
1631 2415 1941 2470 ἐπανάστα-

368 2521 450 2558 σιν
475 2520 490 2534 ·
522 2505 605 2558 ὅτι
634 2503 700 2575 δὴ
728 2505 823 2558 καὶ
868 2503 1103 2573 ἠγνόουν
1128 2503 1274 2568 τινὲς
1308 2504 1710 2574 καταϐοῶντες,
1744 2508 1830 2578 ἐφ’
1861 2502 1945 2572 οἷς

368 2595 724 2665 συναχθέντες
762 2594 1019 2667 ἔκραζον.

440 2704 460 2737 ι
499 2687 883 2751 Καταστείλας
917 2687 976 2741 δὲ
1012 2690 1041 2742 ό
1080 2691 1447 2760 γραμματεὺς
1475 2690 1568 2745 τὸν
1599 2690 1780 2764 ὄχλον,
1835 2710 1943 2764 φη-

367 2773 480 2829 σίν·
516 2776 744 2847 νΑνδρες
786 2777 1046 2847 Ἐφέσιοι,
1077 2778 1164 2842 τίς
1196 2779 1302 2850 γάρ
1335 2780 1484 2833 ἐστιν
1529 2779 1855 2851 ἀνθρώπων,
1885 2780 1944 2843 ὃς

363 2868 466 2926 οὐκ
489 2866 851 2937 ἐπιγινώσκει
890 2867 993 2942 τὴν
1026 2869 1139 2922 τῶν
1185 2869 1447 2939 Ἐφεσίων
1487 2870 1643 2924 πόλιν
1673 2871 1944 2943 νεωκόρον

364 2956 534 3016 οὖσαν
581 2961 682 3033 τῆς
752 2961 1001 3032 μεγάλης
1075 2960 1396 3033 Ἀρτέμιδος
1445 2962 1542 3016 καὶ
1603 2963 1700 3016 τοῦ
1763 2962 1943 3016 διοπε-

365 3067 496 3117 τους
518 3071 533 3120 ;
562 3071 581 3103 ι

437 3143 548 3196 Καὶ
570 3143 675 3198 τοῦ
705 3143 1045 3212 διοπετοῦς,
1093 3143 1190 3198 τοῦ
1223 3142 1351 3198 ναοῦ
1386 3142 1481 3197 τοῦ
1515 3144 1668 3208 Διόςο
1698 3144 1817 3214 ἦτοι
1846 3145 1941 3199 τοῦ

372 3233 888 3302 στρογγυλοειδοῦςο
927 3235 960 3306 ἢ
995 3235 1200 3306 μᾶλλον
1243 3236 1382 3304 ὅπερ
1433 3234 1527 3288 καὶ
1567 3235 1770 3307 ἀληθές
1802 3236 1941 3302 ἐστι,

369 3325 615 3389 διοπετὲς
649 3325 809 3380 καλεί
857 3325 919 3379 τὸ
947 3325 1175 3396 ἄγαλμα
1205 3325 1308 3395 τῆς
1350 3325 1690 3397 Ἀρτέμιδος,
1711 3327 1832 3399 ἦτοι
1885 3327 1947 3381 τὸ

372 3419 669 3474 Παλλάδιον
689 3437 704 3451 ο
746 3420 886 3491 ὅπερ
915 3418 1122 3475 ἀνωθεν
1144 3421 1211 3473 ὲκ
1247 3414 1341 3470 τοῦ
1380 3418 1502 3483 Διὸς
1534 3418 1947 3492 διαθήλασθαιι)

372 3511 562 3583 ᾤοντο,
602 3511 698 3563 καὶ
727 3512 828 3564 οὐκ
861 3511 921 3576 ὲξ
950 3509 1278 3582 ἀνθρώπων.

449 3619 469 3653 r
521 3603 793 3674 Ἀγοραῖοι
824 3602 1071 3671 ἄγονται,
1104 3604 1199 3656 καὶ
1231 3603 1538 3658 ἀνθύπατοί
1569 3604 1706 3656 εἰσιν
1733 3619 1746 3632 ·
1781 3603 1948 3672 ἐγκα-

372 3694 430 3748 λε
439 3693 638 3747 ίτωσαν
663 3694 937 3763 ἀλλήλοις.
991 3711 1009 3744 ι

446 3780 598 3847 Εἶδος
652 3780 722 3856 ἦν
753 3781 1027 3836 δικαστῶν
1067 3782 1125 3834 ἐν
1158 3782 1222 3852 τῇ
1276 3781 1434 3853 Ἀσίᾳ
1474 3781 1708 3837 εὐτελῶν
1742 3783 1793 3835 οἱ
1821 3785 1949 3852 ἀγο-

378 3879 540 3948 ραῖοι,
584 3877 784 3938 οἵτινες
817 3873 1070 3937 ἐδίκαζον
1122 3874 1239 3937 τοῖς
1297 3873 1497 3944 πένησι
1543 3874 1639 3927 καὶ
1669 3875 1951 3944 ἀγοραίοις

374 3970 722 4041 ἀνθρὼποις’
778 3966 859 4020 διὸ
915 3966 1012 4019 καὶ
1069 3966 1319 4037 ἀγοραῖοι
1355 3964 1649 4019 ἐκαλοῦντο
1712 3967 1941 4036 μᾶλλον·

374 4064 564 4133 ὥσπερ
590 4062 728 4115 εἰσὶν
753 4061 803 4113 οἱ
829 4059 1033 4114 ἔκδικοι
1061 4060 1205 4112 κατὰ
1244 4059 1431 4123 πόλεις
1458 4059 1610 4124 τινάς
1630 4076 1646 4092 ο
1679 4060 1728 4113 οἱ
1754 4059 1797 4112 δ’
1819 4059 1951 4114 ἀνθ-

378 4157 575 4208 ύπατοι
640 4155 761 4216 ταῖς
831 4152 938 4205 τῶν
1001 4151 1275 4205 πλουσίων
1330 4151 1364 4223 ἢ
1413 4151 1522 4206 τῶν
1583 4151 1951 4223 ἐγκλημάτων

375 4244 553 4305 δίκαις
603 4243 879 4314 ὑπήκουον
914 4244 959 4291 P‘
1016 4242 1048 4314 ἢ
1104 4242 1352 4312 ἀγοραῖοί
1406 4244 1544 4295 είσιν
1576 4244 1625 4296 oi
1658 4242 1950 4313 δικολόγοι,

377 4333 530 4405 παρά
559 4332 618 4386 τὸ
641 4332 928 4404 ἀγορεύειν
952 4331 1260 4402 λεχθέντες,
1292 4332 1321 4386 ὅ
1347 4334 1463 4385 ἐστι
1484 4332 1854 4407 δημηγορεῖν.

981 4445 1232 4500 ΚΕΦΑΛ.
1270 4447 1339 4499 K'

453 4601 473 4633 ι
515 4583 757 4652 Ἦγαγον
790 4581 848 4635 δὲ
901 4580 992 4635 τὸν
1046 4580 1213 4634 παῖδα
1244 4579 1423 4643 ζῶντα
1476 4583 1572 4635 καὶ
1606 4584 1954 4657 παρεκλήθηο

386 4690 481 4728 σαν
508 4675 567 4728 ού
607 4674 862 4746 μετρίως.
916 4692 935 4725 ι

455 4766 793 4839 Σημειωτέον
827 4767 909 4819 ὃτι
953 4766 1048 4819 καὶ
1079 4767 1107 4818 ὁ
1141 4764 1357 4829 Παῦλος
1383 4767 1577 4837 νεκρὸν
1615 4768 1837 4842 ἤγειρεν
1866 4770 1957 4824 τὸν

385 4860 719 4929 καλούμενον
762 4858 1001 4929 Εὔτυχον
1032 4870 1081 4914 ει.

459 4972 477 5002 ι
522 4952 796 5006 Δουλεύων
837 4951 914 5022 τῷ
947 4951 1135 5024 Κυρίῳ
1187 4952 1307 5022 μεθ’
1359 4953 1514 5023 ὑμῶν
1567 4953 1705 5024 μετά
1770 4954 1955 5024 πάσης

386 5045 903 5115 ταπεινοφροσύνης.
938 5063 956 5095 ι

455 5138 567 5205 Οὐχ
589 5136 664 5198 ὼς
720 5135 958 5190 ἐπαινῶν
993 5137 1184 5191 ἑαυτὸν
1219 5141 1247 5191 ὁ
1284 5138 1498 5200 Παῦλος
1546 5137 1836 5208 καταλέγει
1858 5138 1957 5204 τὰς

497 5323 522 5350 η
549 5313 610 5368 C.
638 5312 701 5367 C.
729 5313 1027 5367 κτίσονται.

388 5395 411 5432 ιι
433 5383 496 5439 C.
529 5383 589 5437 C.
616 5384 858 5452 Εῦτυχον
886 5382 977 5435 τὸν
1006 5383 1361 5454 καλούμενον.

1140 5329 1169 5396 ο,
1196 5315 1257 5369 C.
1281 5314 1341 5370 C.
1366 5315 1605 5372 ἐδεδείει.
1694 5329 1720 5369 P
1748 5319 1811 5372 ὲκ
1850 5336 1900 5372 τ.
1936 5343 1946 5372 Α

2051 5318 2225 5381 ςδιαθ.
2250 5321 2422 5391 suppl.
2480 5339 2589 5380 rec.
2621 5342 2694 5381 m.
2722 5327 2776 5382 in
2806 5342 2980 5398 marg.

2052 1867 2192 1924 trius
2239 1885 2310 1925 ne
2359 1883 2703 1930 everteretur
2741 1877 2929 1936 Diana:
2957 1883 3213 1954 templum
3242 1885 3574 1958 Ephesinum
3610 1909 3628 1959 ;

2051 1959 2235 2029 templi
2284 1963 2466 2019 autem
2499 1979 2663 2035 quam
2704 1972 3092 2040 praenuntiavit
3120 1978 3478 2048 eversionem,
3515 1982 3632 2039 habe

2048 2052 2265 2107 accidit.

2124 2143 2285 2239 Vsa—s.
2336 2149 2428 2239 32.
2490 2169 2511 2204 ι
2552 2152 2660 2209 Alii
2700 2164 2882 2212 autem
2926 2158 3074 2217 aliud
3114 2162 3423 2227 clamabant
3450 2190 3478 2239 ς.
3513 2186 3633 2232 erat

2046 2237 2192 2291 enim
2223 2236 2468 2296 Ecclesia
2492 2244 2756 2315 confusa;
2787 2259 2844 2304 et
2874 2249 3056 2320 plures
3084 2258 3399 2317 nesciebant
3424 2236 3530 2336 qua
3558 2271 3626 2325 de

2047 2343 2212 2385 causa
2251 2335 2656 2394 convenissent.
2705 2359 2726 2393 ι
3445 2335 3473 2383 ί

2116 2421 2485 2482 lnordinatum
2517 2427 2752 2488 fuissein
2779 2435 3001 2495 Paulum
3050 2444 3342 2503 tumultum
3387 2451 3632 2507 ostendi-

2050 2522 2158 2579 tur,
2193 2515 2459 2586 siquidem
2482 2523 2935 2586 conclamantium
2957 2532 3142 2603 plures
3170 2539 3485 2598 nesciebant
3518 2561 3628 2616 qua

2045 2603 2112 2658 de
2138 2618 2301 2660 causa
2332 2609 2782 2673 vociferarentur.

2117 2695 2282 2791 Vens.
2315 2701 2403 2756 55.
2465 2721 2484 2756 ι
2533 2702 2601 2760 Et
2629 2722 2754 2765 cum
2780 2712 3024 2770 sedasset
3075 2717 3256 2774 scriba
3285 2724 3493 2791 turbas,
3542 2726 3628 2781 dio

2046 2787 2125 2843 xit
2151 2787 2298 2845 :Viri
2317 2792 2560 2864 Ephesii,
2579 2800 2701 2868 quis
2717 2801 2862 2858 enim
2890 2807 3262 2865 estltominum
3291 2814 3385 2882 qui
3416 2787 3627 2875 nesciat

2045 2878 2405 2950 Ephesiorum
2428 2885 2709 2947 civitatem
2736 2893 3019 2953 cultricem
3042 2912 3165 2957 esse
3191 2878 3400 2976 magna:
3421 2906 3624 2987 Dianae,

2044 2969 2306 3045 Jovisque
2335 2977 2543 3046 prolis?
2574 2999 2595 3033 ι

2123 3151 2372 3225 Jovisque
2391 3157 2579 3226 prolis,
2610 3160 2660 3215 id
2683 3172 2785 3230 est,
2816 3167 2997 3237 templi
3031 3167 3213 3240 lovis;
3241 3182 3337 3230 aut
3358 3181 3579 3235 rotundi
3606 3200 3624 3248 ;

2052 3252 2146 3296 aut
2171 3246 2370 3311 potius,
2395 3252 2539 3319 quod
2560 3263 2744 3307 verum
2765 3266 2869 3323 est,
2901 3257 2981 3315 sic
3011 3272 3167 3318 vocat
3185 3274 3421 3324 statuam
3440 3246 3629 3329 Diana:

2052 3341 2146 3385 aut
2178 3333 2497 3405 Palladium,
2526 3342 2669 3411 quod
2711 3346 2995 3405 crederent
3021 3364 3052 3406 e
3085 3353 3223 3410 coelo
3255 3357 3628 3437 descendisse,

2056 3440 2155 3482 nec
2190 3428 2470 3487 hominum
2525 3449 2661 3504 opus
2697 3436 2885 3497 fuisse.

2132 3610 2291 3667 Vens.
2323 3614 2415 3669 38.
2459 3633 2476 3667 ι
2520 3614 2837 3679 Conventus
2861 3621 3103 3685 forenses
3133 3640 3386 3702 aguntur,
3415 3644 3468 3690 et
3515 3652 3634 3708 pro-

2056 3704 2308 3758 consules
2339 3717 2484 3762 sunt.
2525 3726 2545 3761 ι

2131 3791 2265 3848 Erat
2292 3794 2348 3850 in
2374 3796 2501 3852 Asia
2537 3816 2708 3869 genus
2736 3810 3005 3874 quoddam
3038 3813 3283 3881 jndicum
3316 3820 3632 3881 inferiorum

2056 3885 2147 3954 qui
2193 3901 2463 3956 pauperes
2511 3902 2568 3946 et
2604 3894 2840 3960 plebeios
2884 3900 3202 3968 judicabant
3234 3918 3289 3964 et
3314 3913 3637 3973 dicebantur

2058 3976 2326 4045 forenses,
2346 3979 2489 4035 sicut
2506 3981 2557 4035 in
2581 3987 2902 4052 quihusdam
2922 3992 3235 4053 civitatibus
3254 4000 3453 4058 ultores
3470 4017 3592 4062 sunt
3614 4028 3632 4077 ;

2059 4071 2416 4138 proconsules
2448 4073 2673 4128 divitum
2709 4078 2834 4133 lites
2867 4091 2960 4136 aut
3001 4086 3312 4146 criminales
3338 4071 3637 4165 causasju;

2061 4161 2360 4218 dicabant:
2423 4164 2504 4219 vel
2536 4153 2804 4224 forenses
2858 4182 2985 4230 sunt
3031 4179 3315 4249 causidici,
3357 4198 3386 4238 a
3417 4189 3636 4244 concio-

2061 4251 2260 4319 nando,
2301 4257 2444 4325 quod
2475 4266 2560 4313 est
2590 4275 2770 4315 coram
2805 4264 3003 4335 populo
3039 4269 3241 4338 dicere,
3272 4275 3351 4330 sic
3382 4276 3531 4333 dicti.

2711 4461 2862 4519 CAP.
2921 4464 3040 4521 XX.

2125 4587 2288 4645 Vens.
2346 4592 2435 4646 12.
2479 4612 2498 4645 ι
2559 4595 2916 4653 Adduxerunt
2964 4611 3143 4658 autem
3190 4620 3420 4675 puerum
3444 4610 3633 4669 viven-

2057 4688 2188 4747 tem,
2221 4693 2272 4739 et
2305 4687 2570 4741 consolati
2601 4699 2727 4743 sunt
2753 4706 2855 4744 non
2887 4693 3130 4750 minime.
3167 4717 3187 4750 ι

2130 4774 2436 4831 Notandum
2503 4787 2587 4834 est
2657 4779 2884 4837 Paulum
2947 4788 3304 4846 resuscitasse
3362 4804 3634 4851 mortuum

2056 4864 2274 4919 non'tine
2314 4867 2639 4939 Eutychum.

2147 4952 2313 5010 Vens.
2361 4957 2447 5013 l9.
2488 4976 2507 5010 ι
2548 4960 2803 5017 Serviens
2830 4963 3063 5022 Domino
3085 4984 3210 5024 cum
3236 4970 3385 5026 omni
3418 4973 3640 5029 humili-

2066 5052 2195 5100 tate.
2240 5067 2257 5098 ν

2136 5136 2254 5193 Non
2292 5149 2350 5195 ut
2383 5143 2621 5212 seipsum
2669 5146 2956 5218 gloriﬁcet,
2997 5166 3132 5209 suas
3156 5155 3385 5213 virtutes
3411 5174 3641 5215 enume-

3110 5329 3161 5378 P‘
3191 5329 3253 5386 C.
3281 5330 3345 5388 C.
3379 5332 3639 5404 ὑπήκοον.

460 5539 572 5631 (19)
599 5539 731 5593 Cod.
756 5539 923 5620 Cpisl.
950 5539 1017 5631 ad
1039 5539 1462 5631 ριιείιιιιηιβίἓ,ι
1486 5552 1607 5631 post
1633 5543 1946 5631 versiculum

2071 5545 2326 5631 ἐπιστολῇ
2361 5547 2653 5631 μέμνηται..
2678 5551 2706 5601 ό
2740 5551 3062 5631 ’ᾼπόστολος
3084 5571 3110 5631 '_
3155 5553 3297 5625 πλὴν
3339 5559 3433 5631 καὶ
3456 5561 3642 5631 γρα-φλὴ

387 5611 475 5671 9!),
508 5611 644 5662 linea
700 5610 905 5678 pagina:
957 5610 1143 5681 ultima
1190 5610 1360 5681 ponit
1387 5612 1650 5664 soltolium
1680 5627 1912 5681 sequens
1945 5632 1958 5666 :

2069 5617 2255 5679 αὐτοῖς
2308 5617 2582 5689 μαρτυρεῖ
2627 5621 2709 5674 ὅτι
2762 5620 2850 5675 διὰ
2899 5621 2995 5692 τὴν
3048 5617 3380 5680 πίστιν’καὶ
3436 5617 3644 5683 ἐκινδύιῖ

397 5678 728 5743 Ἀμμωνίου
785 5680 1214 5746 πρεσϐυτέρου.
1261 5679 1479 5733 Τούτων
1513 5681 1570 5733 ἐν
1613 5699 1718 5737 τινι
1758 5678 1960 5739 ’ἑαυτοῦ
2070 5678 2287 5740 νευσαν.

757 5772 1020 5837 Ρλτηοι..
1060 5779 1174 5840 Gn.
1210 5775 1490 5837 LXXXV.

3206 5785 3275 5845 5i)
