4068 6126
534 279 664 345 15’9

1701 279 2037 341 ΛΜΜΟΝΙΙ
2076 281 2608 344 ALEXANDRINI

3650 292 3789 360 1580

533 399 655 453 rat;
690 386 984 443 scientibus
1006 386 1146 439 enim
1178 386 1370 440 dicere
1418 386 1711 441 absurdum
1746 388 1978 454 luis-set;
2015 392 2096 442 see

2212 393 2520 463 προσούσας
2565 391 2717 463 αὐτῷ
2766 395 2970 467 ἀρετάς
2994 412 3007 426 ·
3040 395 3243 451 ἄτοπον
3272 396 3380 468 γὰρ
3414 399 3511 452 καὶ
3553 402 3789 471 μάλιστα

522 490 591 534 Aut
625 479 740 549 ejus
790 479 1090 532 imitatores
1116 489 1297 531 essent
1336 478 1387 532 in
1423 478 1690 540 omnibus,
1732 482 1871 537 sicut
1910 482 1962 536 in
1997 481 2105 536 ﬁne

528 573 613 627 sui
643 572 907 628 sermonis
936 571 1067 624 dicit
1104 592 1117 625 ;
1162 571 1326 625 Vobis
1352 572 1533 627 omnia
1563 573 1794 638 OStendi,
1837 575 2105 644 quomodo

534 672 777 736 oporteat
810 663 890 718 sic
915 662 1222 719 laborantes
1248 663 1528 734 suscipere
1550 664 1817 721 inﬁrmos.

598 842 765 896 Vens.
786 841 878 895 22.
900 859 919 893 ι
947 840 1010 894 Ει
1032 856 1175 896 nunc
1192 855 1318 895 ecce
1341 840 1589 910 alligatus
1608 854 1711 910 ego
1726 842 1942 911 spiritu,
1968 843 2104 897 vado

532 934 584 988 iu
619 932 919 989 Jerusalem
952 951 965 988 :
998 948 1116 1004 quae
1157 933 1209 987 in
1254 948 1320 989 ea
1366 942 1594 989 ventura
1632 943 1757 989 sunt
1788 934 1916 989 mihi
1949 935 2103 1006 igno-

530 1040 677 1081 rans.
711 1043 730 1076 D

600 1116 907 1172 Notandum
959 1125 1045 1170 est
1103 1129 1207 1169 non
1256 1116 1438 1170 omnia
1469 1129 1630 1172 nosse
1661 1117 1974 1188 prephetas,
2009 1116 2102 1173 sed

528 1223 650 1279 qua:
684 1218 999 1279 suggereret
1061 1206 1294 1279 Spiritus
1323 1215 1587 1274 sanctus;
1630 1220 1759 1263 ecce
1792 1207 1934 1263 enim
1966 1223 2105 1278 pra:-

526 1301 735 1363 dicens,
782 1307 839 1352 ut
874 1297 1159 1366 propheta,
1192 1296 1409 1362 Paulus,
1438 1299 1570 1368 quia
1602 1299 1813 1352 vincula
1856 1307 1906 1353 et
1940 1298 2105 1353 tribu-

528 1392 748 1444 lationes
774 1407 854 1443 me
878 1400 1110 1454 manent,
1142 1397 1198 1444 et
1226 1389 1349 1458 quia
1371 1404 1494 1444 eum
1526 1403 1632 1445 non
1666 1388 1900 1458 amplius
1922 1396 2105 1445 essent

528 1482 696 1535 visuri
744 1481 989 1552 Ephesii,
1045 1479 1250 1536 addens
1301 1496 1518 1551 quoque
1561 1496 1625 1539 ea
1658 1496 1779 1550 qua:
1820 1481 1889 1535 ab
1926 1484 2106 1535 incre-

531 1575 673 1628 dulis
724 1582 778 1627 et
823 1571 1091 1629 haereticis
1129 1582 1313 1627 essent
1352 1571 1615 1638 facienda,
1647 1588 1811 1629 unum
1842 1580 2017 1627 tamen
2045 1587 2105 1629 so

532 1667 746 1721 nescire
783 1665 934 1731 dicit,
982 1668 1105 1734 quis
1136 1668 1345 1735 scilicet
1377 1667 1483 1722 erit
1513 1681 1698 1725 eorum
1749 1665 1874 1721 ﬁnis
1902 1680 2102 1733 ;nam-

2211 483 2347 555 πρὸς
2384 483 2592 548 εἰδότας
2624 485 2825 553 λέγειν,
2864 485 2979 539 ἀλλ’
3006 486 3090 540 ἵνα
3123 490 3358 560 μιμηταὶ
3386 490 3558 544 αὑτοῦ
3585 494 3783 561 γένων-

2209 593 2299 628 ται
2328 576 2387 630 ὲν
2414 577 2550 633 πᾶσι
2571 594 2585 609 ο
2628 577 2813 642 καθὼς
2841 581 2898 634 ὲν
2930 580 3074 634 τέλει
3104 582 3205 652 τῆς
3246 582 3412 636 αὑτοῦ
3438 583 3787 657 δημηγορίας

2213 666 2579 737 φησί-Πάντα
2635 670 2896 738 ὑπέδειξα
2942 673 3093 741 ὑμῖν,
3146 674 3231 728 ὅτι
3281 674 3429 728 οὕτω
3475 679 3788 743 κοπιῶντας

2209 759 2290 812 δεῖ
2315 760 2813 831 ἀντιλαμϐάνεσθαι
2850 764 2961 818 τῶν
2982 765 3375 822 ἀσθενούντων.

2289 872 2308 905 ι
2351 853 2461 906 Καὶ
2490 853 2585 908 νῦν
2627 854 2760 919 ἰδοὺ,
2799 854 3087 928 δεδεμένος
3117 858 3229 928 ἐγὼ
3261 859 3339 929 τῷ
3365 860 3652 933 Πνεύματι
3692 882 3788 919 ποι-

2213 941 2446 1013 ρεύομαι
2470 942 2552 1006 εἰς
2592 942 2976 1019 Ἰερουσαλὴμ,
3020 949 3087 1002 τὰ
3116 950 3175 1001 ὲν
3209 949 3349 1019 αὐτῇ
3389 953 3789 1024 συμϐησόμενά

2213 1052 2305 1106 μοι
2356 1036 2431 1108 μὴ
2459 1036 2634 1101 εἰδώς.
2686 1056 2707 1090 ι

2279 1129 2626 1199 Σημειωτέον
2666 1130 2751 1183 ὃτι
2779 1131 2841 1184 οὐ
2904 1131 3082 1184 πάντα
3150 1132 3334 1186 ἴσασιν
3376 1135 3426 1186 οἱ
3476 1137 3785 1207 προφῆται,

2210 1217 2325 1272 ἀλλ’
2359 1219 2460 1272 ὅσα
2513 1219 2807 1274 ὑποϐάλλει
2855 1221 3042 1284 αὐτοῖς
3069 1222 3131 1274 τὸ
3184 1223 3341 1290 ἅγιον
3381 1225 3613 1296 Πνεῦμα
3640 1245 3654 1257 ·
3682 1229 3787 1282 ἰδοὺ

2209 1310 2317 1382 γὰρ
2357 1310 2637 1381 προειπὼν
2677 1312 2754 1376 ὡς
2796 1314 3085 1387 προφήτης
3112 1315 3142 1367 ὁ
3175 1315 3409 1381 Παῦλος,
3427 1318 3557 1375 Ὅτι
3592 1318 3789 1391 δεσμὰ

2209 1402 2310 1457 καί
2339 1404 2577 1473 θλίψεις
2591 1422 2667 1475 με
2691 1405 2963 1473 μένουσι,
3009 1406 3102 1459 καὶ
3128 1407 3211 1459 ὅτι
3245 1408 3430 1462 οὐκέτι
3475 1410 3717 1480 ἧμελλον
3738 1414 3786 1465 ci

2208 1497 2267 1551 ἐν
2304 1495 2515 1568 Ἐφέσῳ
2537 1497 2756 1568 βλέπειν
2781 1498 2966 1563 αὐτὸν,
2988 1500 3084 1552 καὶ
3108 1499 3241 1571 περὶ
3264 1501 3374 1554 τῶν
3396 1503 3787 1573 γενησομένων

2207 1593 2266 1646 ὲν
2295 1592 2479 1656 αὐτοῖς
2532 1592 2884 1647 κακοπίστων
2933 1593 3029 1647 καὶ⁸
3073 1594 3390 1663 αἱρετικῶν,
3442 1597 3513 1650 «τὸ
3548 1596 3613 1649 ἓν
3637 1593 3784 1651 εἶπεν

2206 1679 2426 1755 ἀγνοεῖν
2452 1701 2467 1716 ο
2500 1684 2561 1738 τὸ
2588 1684 2643 1738 τί
2672 1684 2781 1755 ἄρα
2813 1683 2968 1738 ἔσται
3012 1685 3217 1740 τούτων
3243 1686 3305 1739 τὸ
3353 1686 3528 1751 τέλος.
3596 1689 3779 1743 Πάντα

525 1774 628 1826 que
674 1758 768 1829 qui
823 1760 1005 1813 omnia
1056 1758 1497 1814 manifestaverat
1554 1758 1605 1819 ei
1652 1757 1930 1824 Dominus,
1972 1755 2096 1811 illud

2205 1745 2314 1846 γαρ
2346 1775 2672 1848 φανερώσας
2700 1745 2851 1847 αὐτῷ
2872 1777 2901 1829 ὁ
2928 1775 3163 1847 -Κύριος,
3208 1779 3388 1831 ἐκεῖνο
3428 1745 3595 1849 μόνον
3628 1782 3782 1851 ἔκρυ-

525 1851 698 1905 Solum
742 1850 958 1925 celavit,
1021 1850 1148 1918 qttid
1201 1850 1456 1917 nimirum
1502 1852 1550 1905 ei
1590 1860 1729 1920 post
1781 1851 1991 1906 vincula
2049 1858 2103 1907 et

528 1942 907 1997 tribulatioues
942 1941 1206 2015 eveniret,
1240 1956 1323 2011 _ne
1375 1942 1428 1997 in
1466 1944 1773 2012 superbiam
1804 1942 2004 2008 elatus,
2043 1956 2102 1998 se

520 2034 639 2103 ejus
676 2032 928 2088 omnibus
975 2034 1205 2103 potitum
1243 2032 1453 2100 videns,
1499 2034 1749 2102 superbia
1779 2033 2097 2100 laberetur;

523 2125 652 2179 illud
684 2124 735 2178 in
766 2123 1255 2199 ambiguoreliquit
1287 2122 1526 2195 Spiritus
1550 2133 1796 2190 sanctus,
1823 2133 1884 2180 ut
1907 2125 2099 2180 illein-

524 2215 837 2271 ﬁrmitatem
874 2214 1058 2271 carnis
1096 2215 1316 2284 limeﬂs,
1362 2230 1393 2271 a
1421 2214 1534 2273 Deo
1567 2230 1625 2273 se
1650 2231 1681 2271 a
1714 2217 2102 2277 tentationibus

522 2306 741 2363 liberari
772 2308 1094 2379 postularet.

591 2471 755 2528 Vens.
785 2472 877 2538 25,
908 2470 1000 2526 24.
1028 2490 1045 2524 ι
1071 2470 1334 2538 Quoniam
1374 2468 1602 2531 vincula.
1636 2476 1691 2525 et
1725 2469 2100 2525 tribulationes

523 2581 608 2620 tuo
636 2574 877 2621 manent.
916 2564 1023 2621 Sed
1071 2564 1223 2619 nihili
1267 2564 1446 2630 facio;
1500 2577 1601 2617 nec
1658 2562 1828 2618 habeo
1862 2562 2098 2619 animam

520 2671 696 2711 meam
720 2657 1097 2725 pretiosiorem
1114 2671 1278 2728 quam
1298 2669 1405 2720 me,
1422 2654 2096 2710 dummodoconsummem

519 2761 736 2801 cursum
768 2761 942 2800 meum
998 2754 1052 2802 et
1082 2745 1442 2800 ministerium
1474 2744 1649 2810 verbi,
1680 2745 1823 2814 quod
1855 2744 2037 2812 accepi
2066 2757 2098 2798 a

521 2840 749 2896 Domino
806 2835 959 2904 Jesu,
1016 2836 1298 2894 testiﬁcari
1331 2835 1679 2907 Evangelium
1710 2836 1895 2907 gratia:
1920 2836 2038 2891 Dei.
2070 2856 2091 2890 ι

588 3012 687 3066 llic
713 3022 901 3066 contra
935 3024 1276 3066 communem
1310 3024 1464 3065 usum
1492 3007 1862 3077 accipiendum
1889 3013 1975 3062 est
2013 3004 2095 3074 fa-

2204 1866 2307 1937 ψεν
2337 1868 2433 1922 ἀπ’
2459 1866 2648 1930 αὐτοῦ,
2675 1866 2737 1919 τὸ
2766 1867 2818 1920 τί
2845 1867 2952 1938 ἄρα
2986 1868 3142 1920 ἔσται
3170 1868 3323 1938 αὐτῷ
3356 1868 3497 1938 μετά
3527 1869 3601 1923 τὰ
3615 1870 3781 1940 δεσμὰ

2204 1959 2419 2023 καὶτὰς
2441 1959 2650 2029 θλίψεις
2672 1974 2686 1989 ·
2712 1960 2798 2012 ἵνα
2818 1959 2893 2030 μὴ
2920 1959 3185 2030 ἐπαρθεὶς
3203 1960 3298 2014 καὶ
3316 1960 3476 2024 εἰδὼς
3499 1963 3582 2015 ὅτι
3615 1964 3778 2017 πάντα

2201 2051 2449 2119 τεύξεται
2475 2051 2688 2115 τούτου,
2719 2051 2809 2105 διὰ
2838 2050 3143 2124 ὑπεροψίας
3172 2052 3382 2123 ἐκπέσῃ
3409 2068 3426 2084 ·
3453 2052 3574 2106 ἀλλ’
3602 2053 3779 2109 είασεν

2201 2143 2334 2197 αὐτὸ
2353 2141 2652 2213 ἀμφίϐολον
2675 2141 2828 2212 ,αὐτῷ
2856 2141 2918 2195 τὸ
2949 2142 3173 2213 Πνεῦμα
3193 2160 3209 2174 ·
3250 2143 3341 2196 ῐνα
3370 2142 3571 2208 δεδιὼς
3590 2144 3654 2198 τὸ
3683 2145 3775 2215 τῆς

2203 2235 2406 2307 σαρκὸς
2444 2235 2692 2300 ἀσθενὲς,
2721 2234 2891 2307 δεηθῇ
2920 2233 3017 2289 τοῦ
3044 2234 3188 2288 Θεοῦ
3228 2234 3497 2306 ρυσθῆναι
3536 2238 3606 2290 ὲκ
3660 2253 3774 2290 πει-

2208 2326 2454 2399 ρασμῶν.

2279 2459 2299 2493 ι
2342 2441 2466 2495 Ὀτι
2521 2439 2698 2510 δεσμὰ
2744 2441 2839 2494 καὶ
2879 2438 3090 2510 θλίψεις
3152 2456 3222 2510 με
3285 2439 3567 2509 μένουσιν.
3636 2439 3773 2492 Ἀλλ’

2201 2529 2413 2590 οὐδενὸς
2442 2529 2600 2598 λόγου
2627 2529 2907 2600 ποιοῦμαι,
2936 2530 3059 2583 οὐδὲ
3089 2529 3199 2599 ἔχω
3243 2531 3343 2601 τὴν
3374 2530 3555 2602 ψυχὴν
3584 2530 3771 2602 τιμίαν

2201 2620 2447 2691 ὲμαυτῷ,
2472 2619 2548 2683 ὡς
2588 2619 2874 2672 τελειῶσαι
2906 2618 3000 2672 τὸν
3026 2619 3228 2691 δρόμον
3260 2637 3362 2690 μου
3402 2621 3546 2691 μετὰ
3578 2624 3770 2692 χαρᾶς,

2198 2713 2293 2766 καὶ
2315 2712 2412 2783 τὴν
2433 2711 2710 2766 διακονίαν
2728 2713 2795 2783 ἢν
2817 2710 3011 2765 ἔλαϐον
3035 2711 3184 2783 παρὰ
3201 2711 3296 2765 τοῦ
3326 2712 3537 2784 Κυρίου
3577 2713 3769 2785 Ἰησοῦ,

2197 2803 2672 2879 διαμαρτύρασθαι
2743 2805 2805 2859 τὸ
2845 2804 3181 2875 Εὐαγγέλιον
3249 2804 3353 2876 τῆς
3412 2805 3642 2878 χάριτος
3684 2803 3770 2860 τοῦ

2198 2901 2354 2955 Θεοῦ.
2391 2919 2410 2952 ι

2273 2994 2390 3046 Ἵνα
2440 2992 2584 3046 κατὰ
2632 2993 2815 3047 κοινοῦ
2868 2992 3009 3064 λάϐῃ
3033 3003 3058 3031 ι’
3088 3011 3175 3058 τις
3203 2992 3265 3046 τὸ
3298 2993 3580 3062 ποιοῦμαι
3610 3008 3626 3023 ·
3658 2989 3773 3046 ἀντὶ

517 3105 600 3158 cio
644 3117 745 3172 pro
785 3118 888 3155 non
920 3111 1180 3171 antepono
1211 3102 1370 3155 vitam
1416 3117 1612 3165 meum,
1639 3101 1693 3156 id
1725 3108 1830 3166 est,
1872 3098 2009 3155 nihil
2040 3099 2094 3152 in

2198 3083 2312 3150 τοῦ,
2351 3083 2427 3138 Od
2456 3084 2710 3156 προτιμῶ
2753 3084 2852 3156 τὴν
2896 3085 3043 3155 ζωήν
3083 3101 3224 3154 μου·
3280 3085 3399 3138 ἀλλ’
3454 3084 3577 3137 οὐδὲ
3612 3083 3772 3138 ἄλλον

520 3196 622 3252 hac
674 3196 785 3250 vita
835 3196 1018 3264 potius
1076 3194 1251 3250 habeo
1295 3208 1460 3264 quam
1512 3194 1879 3249 ministerium
1915 3204 2093 3246 meum

518 3287 766 3359 implere,
791 3295 848 3342 et
873 3285 1083 3341 Domini
1106 3283 1372 3341 voluntati
1404 3299 1634 3354 parere;
1661 3297 1765 3338 non
1801 3297 1918 3337 sum
1945 3282 2097 3337 simi-

519 3379 586 3435 lis
644 3377 816 3446 Jonae,
865 3377 955 3448 qui
1001 3377 1406 3446 praedicationis
1461 3390 1660 3431 munus
1706 3373 1973 3440 deseruit;
2026 3387 2095 3428 ne

519 3470 727 3536 videar,
780 3468 980 3539 inquit,
1021 3469 1272 3533 mendax,
1311 3469 1356 3523 si
1397 3482 1425 3521 a
1460 3480 1546 3520 me
1583 3463 1945 3532 pra'nuutiata
1986 3478 2091 3517 non

515 3561 811 3627 eveniant;
850 3559 1152 3614 ministerio
1197 3574 1302 3614 non
1358 3569 1628 3627 antepono
1659 3557 1935 3611 hominum
1967 3557 2090 3626 opi-

515 3654 755 3717 nionem,
821 3665 919 3705 nec
966 3649 1209 3715 divitias,
1263 3663 1366 3703 nec
1419 3648 1683 3718 quidquid
1732 3647 1917 3704 aliud:
1961 3647 2089 3702 illud

517 3743 661 3797 enim
708 3739 1000 3811 signiﬁcat,
1046 3739 1096 3793 ui
1154 3737 1334 3803 fallor,
1374 3737 1477 3794 hoc
1523 3738 1751 3805 dictum,
1802 3737 1952 3792 nihili
2003 3737 2090 3807 fa-

515 3836 619 3891 cia.

594 3949 755 4005 Vsus.
805 3947 897 4004 26.
940 3965 959 3999 ι
1009 3945 1349 4015 Quapropter
1378 3953 1657 4002 contestor
1700 3961 1796 4001 vos
1828 3943 2089 4000 hodierna

514 4042 624 4107 die,
660 4040 785 4110 quia
818 4038 1050 4094 mundus
1096 4052 1214 4093 sum
1269 4052 1299 4092 a
1332 4039 1594 4107 sanguine
1621 4037 1887 4093 omnium.
1924 4055 1943 4088 ι

584 4153 727 4219 Quia
770 4153 996 4221 mundus
1038 4167 1155 4206 sum
1192 4168 1225 4206 a
1257 4152 1516 4221 sanguine
1548 4149 1808 4212 omnium.
1839 4148 1960 4205 Jam
1992 4163 2088 4203 su-

513 4260 610 4314 pra
656 4244 962 4298 notavimus
1011 4244 1219 4299 erroris
1253 4245 1573 4313 magistrum
1615 4256 1803 4311 [scenas
1833 4243 1963 4297 dare
1992 4255 2089 4312 pro

514 4337 800 4392 animabus
827 4336 1161 4391 audientium
1195 4349 1479 4390 sermones
1506 4332 1644 4399 eius,
1675 4333 1829 4402 quasi
1857 4331 2085 4389 fundens

2195 3176 2341 3239 τινος
2380 3176 2765 3247 ἁντιποιοῦμαι
2800 3179 2858 3232 ὲν
2900 3175 2978 3249 τῷ
3008 3176 3103 3229 νῦν
3132 3176 3255 3247 βίῳ,
3289 3177 3321 3249 ἦ
3354 3175 3447 3229 τοῦ
3489 3174 3773 3229 ἐκτελέσαι

2196 3268 2294 3340 τὴν
2326 3269 2606 3326 διακονίαν
2655 3289 2779 3341 μου,
2810 3272 2905 3326 καὶ
2951 3273 3320 3345 πειθαρχῆσαι
3348 3275 3410 3341 τῇ
3436 3270 3529 3324 τοῦ
3557 3269 3769 3338 Κυρίου

2198 3360 2361 3432 βουλῇ
2392 3377 2405 3391 ·
2435 3362 2495 3414 οὐ
2534 3361 2754 3432 γίνομαι
2788 3363 2931 3417 κατὰ
2953 3363 3044 3416 τὸν
3086 3361 3265 3418 Ἰωνᾶν
3286 3363 3376 3415 τὸν
3412 3360 3766 3415 ἀπολιπόντα

2194 3451 2293 3523 τὴν
2315 3452 2594 3506 διακονίαν
2614 3455 2707 3507 τοῦ
2741 3453 3121 3526 κηρύγματος,
3154 3456 3236 3509 ἵνα
3275 3454 3348 3527 μὴ
3382 3451 3561 3524 φανῶ,
3597 3452 3766 3523 φησι,

2192 3544 2432 3621 ψεύστης
2453 3587 2467 3609 ,
2500 3546 2557 3599 ὲν
2587 3540 2630 3614 ᾧ
2661 3547 2737 3618 μὴ
2760 3546 3046 3600 ἀποϐαίνει
3086 3545 3155 3600 τὰ
3186 3548 3316 3618 παρ’
3359 3544 3528 3600 αὐτοῦ
3561 3561 3769 3615 κηρυτ-

2191 3638 2414 3708 τόμενα.
2444 3639 2518 3691 Οὐ
2550 3637 2805 3710 προτιμῶ
2828 3639 2986 3705 δόξαν
3016 3638 3321 3710 ἀνθρώπων
3346 3637 3446 3708 τῆς
3469 3637 3765 3700 διακονίας,

2191 3728 2254 3782 οὐ
2285 3728 2564 3800 χρήματα,
2617 3729 2718 3783 οὐκ
2748 3729 2874 3787 ἄλλο
2903 3747 2956 3782 τι
2993 3747 3005 3759 ·
3034 3729 3192 3783 τοῦτο
3226 3728 3339 3801 γὰρ
3378 3724 3535 3800 οἶμαι
3572 3727 3766 3798 σημαί-

2191 3836 2301 3873 νειν
2330 3819 2411 3884 τὸ,
2429 3819 2679 3886 οὐδενὸς
2701 3820 2888 3892 λόγου
2907 3821 3207 3892 ποιοῦμαι.

2268 3951 2287 3986 ι
2320 3933 2412 3987 Διὸ
2442 3933 2793 4007 μαρτύρομαι
2825 3936 2953 4006 ὑμῖν
2992 3935 3051 3989 ὲν
3077 3938 3142 4007 τῇ
3180 3936 3423 4007 σήμερον
3456 3934 3659 4008 ἡμέρᾳ,
3682 3934 3760 3988 ὅτι

2190 4025 2427 4097 καθαρός
2454 4029 2571 4098 εἰμι
2597 4027 2705 4082 ἀπὸ
2734 4026 2831 4081 τοῦ
2859 4027 3094 4099 αἵματος
3123 4029 3372 4087 πάντων.
3415 4048 3435 4082 ι

2263 4141 2392 4194 Ὀτι
2418 4141 2678 4208 καθαρός
2713 4143 2851 4209 εἰμι,
2902 4140 3024 4196 ἀπὸ
3055 4139 3164 4195 τοῦ
3205 4141 3457 4210 αἵματος
3498 4140 3757 4200 πάντων.

2189 4231 2296 4295 Καὶ
2321 4231 2498 4285 ὀπίσω
2541 4230 2783 4287 τοιοῦτόν
2815 4249 2864 4284 τι
2909 4231 3367 4302 ὲσημειωσάμην,
3409 4232 3495 4285 ὅτι
3524 4234 3552 4284 ὁ
3576 4231 3761 4301 ψευδο-

2187 4321 2511 4386 διδάσκαλος
2541 4322 2698 4393 δίκην
2729 4322 2921 4392 ὑπέχει
2947 4322 3084 4394 ὑπὲρ
3122 4321 3232 4376 τῶν
3258 4321 3447 4392 ψυχῶν
3479 4322 3591 4376 τῶν
3620 4323 3762 4391 δεχο-

512 4428 830 4501 sanguinem
870 4427 1109 4498 ipsorum
1136 4444 1152 4480 :
1186 4425 1411 4491 sanguis
1434 4424 1579 4478 enim
1606 4423 1716 4478 vita
1743 4423 1895 4478 nobis
1921 4443 1937 4481 :
1970 4426 2087 4482 haec

2197 4412 2370 4483 μένων
2407 4412 2497 4464 τὸν
2527 4411 2688 4480 λόγον
2721 4410 2886 4467 αὐτοῦ
2916 4427 2930 4442 ο
2959 4409 3038 4474 ὡς
3067 4410 3130 4463 τὸ
3164 4404 3304 4481 αἷμα
3332 4411 3536 4476 αὐτῶν,
3560 4411 3589 4464 ὃ
3623 4415 3761 4464 ἐστιν

512 4518 679 4588 igitur
719 4518 885 4572 verba
920 4532 936 4568 :
978 4513 1201 4567 mundus
1228 4528 1367 4579 sum,
1404 4511 1509 4567 hoc
1535 4513 1705 4580 magis
1733 4513 2085 4582 signiﬁcant:

512 4622 728 4678 nempe,
753 4603 1012 4661 testiﬁcor
1037 4617 1154 4658 mea
1175 4602 1419 4656 doctrina
1446 4602 1715 4656 neminem
1742 4611 1947 4658 aeterna
1971 4604 2081 4660 vita

512 4715 633 4755 esse
663 4697 1062 4757 defraudatum,
1090 4693 1187 4749 sed
1218 4707 1250 4748 e
1273 4701 1462 4748 contra
1485 4706 1710 4764 regnum
1734 4694 1994 4750 caelorum
2017 4698 2086 4751 ob

508 4791 696 4844 oculos
719 4785 981 4857 proponi;
1017 4783 1262 4854 quisquis
1285 4797 1415 4854 ergo
1435 4797 1521 4840 me
1555 4798 1661 4840 non
1693 4786 1949 4851 audierit,
1999 4802 2085 4843 se-

508 4884 683 4953 ipsum
714 4882 930 4935 damnet
950 4886 1009 4931 ut
1033 4876 1386 4945 homicidam;
1420 4891 1518 4949 ego
1538 4879 1680 4934 enim
1706 4894 1823 4936 sum
1853 4881 2082 4936 mundus

511 4989 541 5028 a
580 4970 845 5041 sanguine
869 4968 1110 5024 omnium
1140 4968 1254 5037 qui,
1288 4971 1528 5041 acceptis
1555 4971 1899 5028 sermonibus
1922 4972 2077 5039 meis,
2117 4982 2120 4987 ‘

510 5064 640 5120 mihi
668 5077 773 5118 non
808 5058 1156 5116 crediderint.
1224 5098 1231 5103 ι

583 5179 743 5234 Vens.
779 5177 871 5232 27.
909 5194 929 5228 ι
968 5171 1085 5227 Νοη
1121 5172 1265 5226 enim
1293 5174 1594 5242 subterfugi
1648 5176 1937 5244 quominus
1974 5192 2076 5230 an-

507 5270 813 5324 nuntiarem
846 5284 1007 5323 omne
1038 5264 1323 5322 consilium
1360 5264 1454 5320 Dei
1489 5266 1662 5320 vobis.
1703 5283 1747 5329 ι,

576 5359 883 5415 Notandqu
917 5374 1022 5413 non
1051 5360 1235 5417 utilem
1264 5372 1386 5413 esse
1416 5357 1732 5429 magistrum
1764 5357 1854 5426 qui
1887 5357 2078 5413 ﬁdeles

504 5452 706 5524 aliquid
737 5450 877 5506 celat
904 5464 1091 5506 eorum
1121 5466 1243 5522 qua:
1265 5451 1331 5504 ad
1360 5450 1613 5519 pietatem
1644 5449 1964 5517 perducunt.

594 5713 688 5776 Ὀ.
714 5719 778 5774 C.
810 5716 963 5772 λάϐοι

1065 5728 1086 5756 ⁸
1116 5718 1176 5773 (ἶ.
1207 5717 1268 5786 C,
1295 5716 1470 5788 ἡμῶν.
1558 5718 1572 5754 ι
1605 5716 1666 5772 C.
1699 5717 1741 5774 C
1796 5718 2139 5793 προστίθησι.

2189 4503 2222 4574 ή
2248 4501 2361 4572 ζωὴ
2388 4503 2519 4572 ἡμῖν
2545 4509 2591 4569 ³,
2627 4501 2835 4571 ὲκχέων
2857 4517 2871 4531 ’
2911 4500 2975 4555 τὸ
2999 4497 3093 4555 οὖν
3126 4503 3386 4570 καθαρός
3409 4503 3528 4570 ειμι
3563 4503 3758 4574 μᾶλλον

2183 4594 2344 4648 τοῦτο
2374 4594 2633 4665 σημαίνει
2663 4613 2676 4626 ·
2706 4593 3092 4666 Μαρτύρομαι,
3123 4594 3207 4648 ὅτι
3234 4596 3267 4665 ή
3303 4594 3635 4649 διδασκαλία
3664 4613 3757 4666 μου

2184 4685 2374 4739 οὐδένα
2395 4688 2494 4757 τῆς
2515 4685 2735 4739 αἰωνίου
2760 4687 2906 4757 ζωῆς
2926 4686 3244 4757 ἀποστερεῖ,
3266 4684 3405 4739 ἀλλὰ
3421 4686 3716 4756 προτίθησι
3740 4687 3755 4721 ι

2184 4778 2280 4831 καὶ
2308 4778 2556 4849 οὐρανῶν
2608 4776 2890 4847 βασιλείαν
2914 4795 2928 4807 ·
2969 4779 2999 4831 ὁ
3041 4770 3135 4830 οῦν
3167 4776 3241 4846 μὴ
3292 4772 3621 4848 πειθαρχῶν
3652 4793 3755 4845 μοι.

2187 4870 2379 4923 ἑαυτὸν
2406 4867 2672 4923 αἰτιάσθω
2693 4868 2768 4931 ὡς
2796 4868 2964 4939 φονέα
2992 4885 3007 4900 ·
3036 4867 3214 4931 eoeo;
3238 4867 3348 4939 γάρ
3367 4869 3486 4938 εἰμι
3516 4868 3633 4937 ἐγὼ
3659 4866 3758 4921 ἀπὸ

2187 4959 2283 5015 τοῦ
2335 4960 2566 5028 αἵματος
2621 4957 2840 5011 πάντων
2886 4957 2994 5013 τῶν
3045 4957 3356 5016 ἀκουόντων
3381 4969 3409 4997 ιι
3442 4958 3558 5013 τῶν
3591 4959 3755 5027 λόγων

2188 5055 2284 5107 καὶ
2320 5055 2394 5124 μὴ
2428 5050 2813 5105 πιστευόντων.

2194 5160 2230 5171 ”
2257 5190 2275 5222 ι
2310 5170 2383 5223 Οὐ
2415 5170 2523 5239 γὰρ
2557 5164 2962 5236 ὑπεστειλάμην
2992 5164 3088 5216 τοῦ
3124 5162 3201 5235 μὴ
3223 5163 3553 5232 ἀναγγεῖλαι
3585 5165 3753 5218 πᾶσαν

2183 5263 2279 5332 τὴν
2303 5263 2499 5332 βουλὴν
2532 5260 2628 5314 τοῦ
2658 5258 2796 5313 Θεοῦ
2831 5259 2984 5328 ὑμῖν.
3024 5274 3043 5308 ι
3193 5271 3207 5277 ’

2195 5350 2199 5353 ’
2249 5352 2617 5423 Σημειωτέον,
2649 5353 2732 5405 ὅτι
2778 5351 2931 5405 οὐδὲν
2973 5349 3175 5421 ὠφελεῖ
3211 5350 3238 5401 ὁ
3270 5348 3600 5411 διδάσκαλος
3630 5347 3753 5400 ἀπο-

2178 5447 2438 5517 κρύπτων
2478 5448 2606 5509 τοὺς
2662 5447 2887 5508 πιστοὺς
2944 5443 3052 5497 τῶν
3118 5442 3219 5495 ὅσα
3261 5442 3397 5514 πρὸς
3447 5439 3749 5495 θεοσέϐειαν

2180 5542 2322 5609 ἄγει.

2220 5734 2244 5761 ιι
2277 5720 2577 5775 ἀκουόντων
2609 5733 2731 5787 μου.
