4068 6126
374 311 508 379 1581

1266 305 1733 370 FRAGMENTA
1780 305 1863 366 IN
1903 256 2092 366 Aera
2128 289 2714 365 APOSTOLORUM.

3496 303 3636 368 1582

450 442 470 477 ι
512 424 821 496 Προσέχετε
842 421 1060 486 ἑαυτοῖς
1080 418 1181 476 καὶ
1206 419 1375 474 παντὶ
1415 417 1495 488 τῷ
1527 417 1783 486 ποιμνίῳ,
1810 417 1867 469 ὲν
1904 406 1949 485 ᾧ

2125 414 2287 468 Vens.
2321 413 2412 467 28.
2452 431 2469 465 ι
2510 411 2789 467 Attendite
2826 409 2978 468 vobis
3004 420 3058 467 et
3083 412 3337 466 universo
3371 414 3544 484 gregi,
3572 413 3629 469 in

378 519 527 589 ὑμᾶς
557 517 619 570 τὸ
646 516 873 588 Πνεῦμα
897 515 958 568 τὸ
978 515 1146 583 νᾰγιον
1177 511 1331 564 ἔθετο
1361 510 1719 570 ἐπισκόπους.
1753 525 1773 559 ι

459 608 625 681 Ὅρᾷς
651 608 745 662 δύο
791 604 1147 677 προσέταξεν·
1184 601 1308 657 οὗτε
1342 602 1452 671 γάρ
1481 599 1541 653 τὸ
1570 598 1792 668 ἐτέρους
1815 613 1951 651 κατ-

377 698 573 772 ορθοῦν
629 700 787 770 μόνον
840 700 956 767 εχει
1000 695 1229 765 κέρδος·
1281 691 1582 760 Φοϐοῦμαι
1630 688 1762 759 γὰρ,
1795 686 1947 756 φησὶ,

374 792 589 862 μήπως
611 792 824 857 ἄλλοις
847 788 1132 857 κηρύξας,
1162 786 1346 851 αὐτὸς
1362 783 1646 850 ἀδόκιμος
1665 780 1942 848 γένωμαι·

379 882 504 936 οὔτε
534 882 596 936 τὸ
625 882 821 936 ἑαυτοῦ
870 878 1250 949 ἐπιμελεῖσθαι
1299 876 1414 947 ἔχει
1442 891 1455 905 ·
1491 876 1519 928 ὁ
1571 875 1681 943 γάρ
1711 871 1953 933 τοιοῦτος

380 974 660 1042 φίλαυτος,
693 972 788 1024 καὶ⁵
832 970 893 1023 τὸ
920 966 1116 1023 ἑαυτοῦ
1164 966 1356 1036 ζητεῖ·
1395 965 1492 1019 καὶ
1538 963 1634 1016 τοῦ
1673 962 1734 1016 τὸ
1760 960 1954 1015 τάλαν-

381 1077 471 1112 τον
500 1055 919 1127 καταχώσαντος
940 1052 1056 1118 ἷσός
1083 1054 1231 1106 ἐστιν
1250 1070 1262 1084 ·
1285 1052 1386 1105 οὐκ
1415 1049 1605 1119 ἐπειδὴ
1630 1045 1953 1118 προτιμοτέ-

383 1152 505 1221 ραὴ
545 1147 792 1219 ἡμετέρα
847 1145 1092 1215 σωτηρία
1146 1143 1241 1198 τοῦ
1280 1141 1557 1213 ποιμνίου,
1592 1139 1708 1193 ἀλλ’
1766 1136 1952 1206 ἐπειδὴ

377 1243 505 1294 ὅταν
560 1241 769 1301 ἑαυτοῖς
834 1235 1218 1308 προσέχωμεν,
1279 1233 1400 1287 τότε
1443 1233 1537 1286 καὶ
1580 1231 1642 1284 τὸ
1699 1229 1951 1299 ποίμνιον

378 1329 754 1400 κερδαίνομεν.
815 1328 916 1381 Ἑν
962 1319 1010 1392 ᾧ
1045 1324 1202 1390 ὑμᾶς
1242 1322 1327 1378 ’τὸ
1380 1322 1623 1391 Πνεῦμα
1674 1319 1740 1373 τὸ
1782 1318 1955 1387 ἅγιον

376 1421 542 1472 ἔθετο
559 1419 934 1482 ἐπισκόπους
952 1416 1292 1485 ποιμαίνειν
1315 1414 1429 1482 τὴν
1452 1408 1817 1478 Ἐκκλησίαν
1846 1406 1953 1460 τοῦ

378 1512 600 1578 Κυρίου
636 1527 649 1540 ·
687 1511 795 1563 ἰδοὺ
829 1510 922 1564 καὶ
947 1508 1081 1579 άλλη
1116 1509 1330 1578 ἀνάγκη
1366 1504 1464 1559 τοῦ
1499 1504 1706 1574 Κυρίου
1743 1501 1892 1554 ἐστὶν
1920 1501 1953 1569 ἡ

393 1602 710 1673 Ἐκκλησία.
754 1602 919 1671 Ὁρᾷς
956 1599 1107 1669 παρὰ
1140 1599 1235 1652 τοῦ
1273 1596 1595 1667 Πνεύματος
1642 1594 1741 1666 τὴν
1775 1608 1956 1663 χειρο-

378 1698 559 1745 τονίαν
610 1692 763 1762 ἔχετε
809 1691 1119 1762 ποιμαίνειν
1177 1689 1278 1762 τὴν
1342 1687 1674 1759 Ἐκκλησίαν
1706 1685 1801 1739 τοῦ
1840 1687 1955 1739 Κυ-

383 1783 500 1853 ρίου
545 1782 680 1851 (20).

468 1876 571 1930 Ἐν
603 1869 653 1942 ᾧ
671 1874 826 1945 ὑμᾶς
860 1875 922 1929 τὸ
951 1874 1198 1944 Πνεῦμα
1227 1872 1292 1928 τὸ
1325 1872 1494 1943 ἅγιον
1526 1872 1693 1927 ἔθετο
1713 1870 1957 1924 ἐπισκό-

385 1979 562 2030 πους.
604 1965 952 2035 Σημειωτέον
990 1964 1071 2016 ὅτι
1099 1961 1194 2026 οὒς
1233 1960 1411 2015 ὀπίσω
1444 1960 1671 2015 ἐκάλεσε
1709 1958 1956 2029 πρεσϐυ-

381 2056 597 2126 τέρους,
622 2048 725 2109 ὧδε
763 2054 1098 2119 ἐπισκόπους
1123 2053 1318 2109 καλεῖ·
1347 2055 1467 2125 ἦτοι
1499 2053 1595 2107 καὶ
1616 2052 1705 2106 διὰ
1739 2052 1800 2106 τὸ
1830 2053 1956 2114 τοὺς

382 2143 788 2215 πρεσϐυτέρους
840 2144 1089 2215 ἀνάγκην
1152 2144 1301 2214 ἔχειν
1355 2143 1680 2198 ἐποπτεύειν
1735 2143 1808 2198 τὰ
1856 2144 1958 2214 τῆς

395 2233 725 2304 Ἐκκλησίας
789 2233 988 2303 λογικά
1062 2234 1327 2304 ποίμνιαο
1392 2236 1557 2306 μήτις
1620 2236 1842 2290 ἀσθενεῖ
1888 2236 1955 2307 τῇ

384 2325 587 2387 πίστει,
617 2326 776 2395 μήτις
820 2324 1052 2395 πεινᾷ-ἢ
1097 2324 1248 2395 διψᾷ,
1305 2324 1339 2395 ἢ
1402 2324 1629 2394 ἐλέγχου
1688 2327 1784 2379 καὶ
1837 2326 1959 2378 ἐπι-

385 2417 624 2485 στροφῆς
673 2415 869 2477 δεῖται,
905 2414 1047 2467 κατὰ
1080 2415 1160 2482 τὸ,
1206 2416 1524 2483 Ἕλεγξον,
1570 2416 1956 2485 ἐπιτίμησον,

382 2510 813 2575 παρακάλεσον
837 2523 850 2537 ’
884 2506 918 2577 ἢ
950 2508 1042 2561 καὶ
1081 2507 1415 2572 ἐπισκόπους
1459 2502 1565 2562 ὦδε
1587 2508 1714 2570 τοὺς
1737 2508 1961 2561 ἐπισκό-

381 2615 516 2660 πους
543 2599 707 2665 λέγει.

466 2713 484 2746 ι
537 2692 678 2761 Ἐγὼ
724 2689 841 2747 οἶδα
888 2693 968 2746 ὅτι
1006 2694 1146 2763 μετὰ
1193 2693 1294 2763 τὴν
1326 2692 1510 2762 ἄφιξίν
1552 2709 1675 2763 μου,
1720 2691 1960 2744 εἰσελεύ-

385 2803 569 2841 σονται
592 2784 745 2837 λύκοι
802 2783 987 2854 βαρεῖς
1029 2784 1109 2845 εἰς
1169 2782 1347 2852 ὑμᾶς,
1394 2784 1468 2854 μὴ
1521 2783 1825 2853 φειδόμενοι
1864 2781 1959 2834 τοῦ

385 2880 670 2950 ποιμνίου’
713 2879 809 2931 καὶ
844 2876 902 2942 ἐξ
934 2874 1088 2946 ὑμῶν
1118 2875 1298 2929 αὐτῶν
1332 2875 1732 2944 ἀναστήσονται
1768 2874 1960 2945 ἄνδρες

384 2968 673 3029 λαλοῦντες
717 2965 1163 3036 διεστραμμένα,
1195 2963 1290 3017 τοῦ
1325 2966 1577 3033 ἀποσπᾷν
1623 2963 1750 3027 τοὺς
1782 2964 1960 3035 μαθη-

383 3061 481 3123 τὰς
506 3060 682 3113 ὀπίσω
707 3056 906 3112 αὐτῶν.
947 3077 965 3111 ι

460 3149 569 3203 Τοῦ
605 3147 895 3218 ἀποσπᾷν
945 3147 1086 3214 τοὺς
1125 3149 1396 3218 μαθητὰς
1433 3148 1625 3201 ὀπίσω
1661 3143 1897 3201 αὑτῶν-⁸
1933 3146 1962 3197 ὀ

382 3244 489 3315 γάρ
538 3244 646 3297 τῶν
687 3243 983 3314 αίρετικῶν
1024 3243 1225 3307 σκοπὸς
1261 3240 1554 3304 σπουδάζει
1603 3239 1961 3312 περιποιῆσαι

383 3338 596 3402 ἑαυτοῖς
625 3338 773 3406 λαὸν,
803 3338 865 3390 οὐ
891 3336 970 3408 τῷ
1001 3337 1221 3409 Κυρίῳ·
1256 3335 1342 3388 ἵνα
1375 3335 1590 3396 ἑαυτοῖς
1620 3331 1957 3402 καυχῶνται,

383 3430 759 3500 ἑμφερομένου
807 3428 992 3492 αὐτοῖς
1043 3428 1139 3481 τοῦ
1196 3426 1462 3497 ὀνόματος
1494 3425 1604 3478 τῶν
1638 3423 1957 3496 αίρετικῶν,

385 3523 470 3576 ἵνα
509 3521 569 3586 ἐξ
605 3521 770 3575 αὑτοῦ
815 3520 1260 3593 χρηματίζωσιν·
1310 3514 1421 3573 οἷον
1453 3520 1519 3571 ἐκ
1565 3518 1750 3588 Μάνη,
1787 3514 1962 3570 Μανι-

384 3616 555 3692 χαῐοι⁶
587 3613 645 3685 ἐξ
681 3614 925 3688 Ἀρείου,
966 3612 1265 3684 Ἀρειανοί·
1298 3612 1362 3663 ἐκ
1395 3610 1726 3680 Νεστορίου,
1752 3610 1960 3662 Νεστο-

384 3711 589 3785 ριανοί·
623 3712 717 3763 καὶ
755 3709 892 3764 ἄλλοι
922 3706 1189 3776 αἱρέσεων
1220 3703 1334 3772 εἴδη
1359 3718 1372 3730 ·
1402 3699 1562 3753 τοῦτο
1590 3698 1960 3770 προαναστέλ-

385 3811 491 3858 λων
525 3802 684 3865 αὐτὸς
713 3804 741 3855 ὁ
772 3799 983 3861 Παῦλος
1010 3793 1376 3864 ἐπιστομίζει,
1409 3791 1503 3844 καὶ
1536 3791 1812 3862 μέμφεται
1835 3789 1964 3850 τοὺς

386 3900 674 3966 λέγοντας’
770 3891 918 3961 Ἐγὼ
977 3889 1094 3959 μέν
1167 3889 1284 3956 ειμι
1359 3884 1641 3938 Παύλουο
1718 3882 1833 3950 ἐγὼ
1895 3878 1966 3933 δὲ

398 3988 673 4046 Ἀπολλῶ
697 4003 708 4015 ⁸
759 3984 873 4054 ἐγὼ
924 3981 991 4035 δὲ
1019 3979 1221 4049 Κηφᾶο
1259 3977 1334 4050 μὴ
1370 3976 1540 4030 θέλων
1575 3974 1635 4041 ἐξ
1667 3972 1965 4044 ὀνομασίας

387 4080 680 4151 ἀνθρώπου
710 4074 1002 4147 δηλοῦσθαι
1030 4071 1210 4127 αὐτῶν
1234 4070 1294 4122 τὸ
1324 4068 1599 4138 σύστημα,
1631 4064 1744 4118 ἀλλ’
1771 4065 1835 4117 ὲκ
1868 4061 1963 4116 τοῦ

388 4169 660 4243 Χριστοῦ,
696 4165 1059 4240 Χριστιανοὺς
1086 4163 1298 4225 πάντας
1343 4156 1711 4229 ὀνομάζεσθαι
1754 4154 1960 4209 θέλων’

387 4268 491 4321 κᾶν
525 4262 673 4332 παρὰ
701 4258 972 4329 διαφόρων
994 4253 1333 4309 διδασκάλων
1357 4249 1768 4322 κατηχήθησαν.
1795 4246 1964 4301 Ὅταν

387 4355 479 4414 οὖν
502 4368 526 4393 ν
557 4358 606 4409 οἱ
651 4355 849 4416 πάντες
880 4352 977 4404 ἕνα
1010 4349 1210 4402 σκοπὸν
1243 4346 1440 4417 ἔχωσιν
1468 4344 1518 4397 οἱ
1543 4341 1876 4403 διδάσκαλοι,
1903 4338 1964 4393 τὸ

2053 521 2160 576 quo
2191 520 2286 560 vos
2320 505 2559 576 Spiritus
2595 516 2817 562 satietas
2844 505 3023 576 posuit
3050 506 3353 575 episcopos.
3393 524 3412 556 ι

2126 595 2194 651 Ut
2219 597 2397 651 videre
2414 608 2516 662 est,
2535 599 2642 651 duo
2657 598 2850 652 statuit
2870 615 2884 650 :
2911 612 3033 650 nam
3054 597 3282 649 aliorum
3307 597 3555 665 regimen
3570 612 3630 652 se

2053 688 2168 744 solo
2217 703 2320 743 non
2374 689 2594 759 expedit
2643 710 2654 744 :
2705 705 2858 755 nam,
2914 690 3091 753 timeo,
3144 689 3338 757 inquit,
3398 705 3462 742 ne
3511 706 3628 743 cum

2055 778 2176 832 aliis
2215 779 2632 848 prwdicaverim,
2659 779 2767 849 ipse
2805 780 3051 847 reprobus
3076 780 3271 849 eﬁiciar
3293 779 3358 832 ”.
3388 780 3493 834 Sed
3536 795 3631 834 ne-

2052 886 2160 940 que
2183 871 2265 925 sui
2305 887 2470 937 cura;
2522 886 2645 924 nam
2674 872 2764 940 qui
2813 872 2914 925 sibi
2965 871 3139 925 solum
3181 872 3429 937 attendit,
3466 873 3510 925 is
3541 872 3627 926 sui

2053 972 2141 1017 est
2184 973 2394 1016 amator
2421 972 2476 1017 et
2521 979 2616 1018 sua
2648 963 2861 1032 quiuit,
2896 973 2950 1017 et
2979 964 3027 1017 ei
3056 964 3387 1019 assimilatur
3426 967 3516 1034 qui
3548 975 3630 1019 ta-

2053 1054 2257 1108 lentum
2321 1053 2559 1119 inl'odit;
2613 1070 2717 1108 non
2752 1055 2893 1124 quod
2929 1056 2999 1110 Sit
3035 1057 3214 1125 gregis
3243 1058 3416 1111 salute
3444 1058 3633 1111 melior

2054 1146 2202 1201 salus
2235 1156 2442 1208 nostra,
2475 1147 2568 1201 sed
2614 1147 2781 1216 quod,
2826 1161 2952 1200 cum
3005 1148 3418 1217 nobismetipsis
3454 1160 3633 1203 atten-

2055 1237 2254 1299 dimus,
2289 1252 2506 1307 gregem
2542 1252 2757 1306 quoque
2794 1237 3220 1295 lucrifaciamus.
3260 1239 3327 1293 In
3365 1256 3468 1311 quo
3505 1240 3632 1310 Spi-

2055 1330 2190 1382 ritus
2228 1340 2442 1382 sanctus
2463 1328 2729 1398 episcopos
2756 1329 2929 1398 posuit
2964 1342 3178 1398 pascere
3199 1330 3489 1386 Ecclesium
3526 1333 3634 1387 Do-

2054 1423 2223 1485 mini;
2255 1436 2383 1477 ecce
2412 1422 2556 1476 aliud
2574 1421 2814 1477 ofﬁcium
2840 1424 2989 1492 quod
3003 1424 3071 1478 ad
3090 1422 3389 1479 Ecclesiam
3420 1426 3634 1481 Domini

2052 1513 2308 1584 pertinet.
2362 1512 2537 1568 Vide:
2570 1527 2603 1567 a
2652 1513 2866 1583 Spiritu
2910 1523 3100 1572 sancto
3147 1516 3363 1573 habetis
3410 1533 3636 1588 pascere

2022 1648 2027 1654 .
2055 1604 2352 1662 Ecclesiam
2382 1605 2629 1662 Domini.

1980 1768 2026 1831 Β

2129 1872 2195 1924 In
2225 1887 2327 1941 quo
2359 1886 2449 1926 vos
2476 1870 2715 1942 Spiritus
2743 1882 2958 1928 sanctus
2998 1875 3176 1944 posuit
3219 1877 3504 1949 episcopos.
3534 1880 3638 1938 No-

2063 1961 2284 2015 tandum
2319 1961 2464 2031 quod
2493 1976 2633 2032 quos
2659 1976 2823 2032 supra
2853 1963 3201 2035 presbyteros
3230 1968 3388 2037 dixit,
3417 1972 3516 2027 hos
3550 1976 3638 2029 hic

2062 2056 2535 2124 vocatepiscopos,
2554 2055 2669 2111 sire
2693 2056 2816 2125 quia
2844 2058 3195 2129 presbyteros
3217 2073 3428 2132 oportet
3447 2066 3638 2139 invigi-

2060 2148 2172 2203 lare
2196 2147 2568 2218 spiritualibus
2612 2147 2868 2204 Ecclesia;
2895 2150 3167 2221 gregibus,
3194 2168 3261 2209 an
3293 2157 3415 2226 quis
3454 2158 3505 2213 in
3536 2163 3640 2217 lido

2059 2238 2382 2306 inﬁrmetur,
2403 2250 2496 2295 aut
2532 2241 2761 2305 esuriat,
2778 2249 2873 2295 aut
2899 2242 3070 2310 sitiat,
3110 2254 3204 2302 aut
3247 2252 3638 2308 emendationis

2059 2333 2519 2388 exbortationisve
2561 2338 2734 2401 egeat,
2767 2330 2922 2402 juxta
2949 2333 3122 2392 illud:
3155 2335 3403 2410 lnorepa,
3454 2360 3635 2415 argue,

2059 2425 2381 2491 obsecra";
2438 2426 2553 2481 sive
2607 2429 2734 2496 quia
2802 2425 3084 2497 episcopos
3140 2430 3287 2501 ipsos
3347 2434 3435 2491 hic
3485 2447 3640 2493 vocat

2055 2519 2359 2588 episcopos.

2133 2701 2297 2758 Vens.
2328 2701 2418 2769 29,
2453 2702 2542 2758 30.
2581 2720 2600 2755 ι
2641 2703 2751 2775 Ego
2776 2704 2893 2762 scio
2923 2707 3183 2778 quoniam
3213 2708 3492 2766 intrabunt
3520 2723 3640 2781 post

2061 2795 2445 2855 discessionem
2484 2818 2661 2859 meam
2710 2806 2821 2875 lupi
2863 2820 3088 2876 rapaces
3130 2807 3183 2862 in
3212 2822 3328 2875 vos,
3376 2825 3485 2864 non
3514 2826 3642 2879 par-

2062 2899 2250 2943 centes
2299 2892 2468 2961 gregi.
2504 2894 2572 2948 Et
2612 2910 2679 2949 ex
2717 2895 2871 2952 vobis
2915 2898 3048 2968 ipsis
3083 2910 3380 2971 exsurgant
3422 2901 3524 2955 viri
3554 2903 3638 2957 lo-

2063 2990 2291 3048 quentes
2329 2998 2606 3053 perversa,
2634 2995 2694 3042 ut
2713 2987 2989 3044 abducant
3013 2988 3309 3061 discipulos
3342 3002 3465 3061 post
3493 3008 3571 3048 se.
3608 3014 3631 3046 ο

2140 3152 2208 3209 Ut
2243 3156 2504 3212 abducant
2532 3161 2815 3232 discipulos
2838 3172 2953 3233 post
2969 3181 3059 3232 se;
3090 3167 3464 3225 haereticorum
3492 3172 3637 3226 enim

2064 3258 2261 3314 scopus
2296 3246 2362 3301 ad
2398 3248 2449 3301 id
2481 3249 2654 3320 vergit
2691 3259 2747 3305 ut
2778 3251 2879 3306 sibi
2915 3253 3047 3323 ipsis
3081 3256 3370 3311 concilient
3402 3258 3634 3326 plebem.

2064 3351 2170 3391 non
2216 3336 2482 3409 Domino;
2512 3352 2569 3396 ut
2600 3343 2705 3399 sibi
2754 3344 3073 3415 glorientur,
3106 3350 3327 3403 nomine
3355 3350 3640 3407 haeretico-

2066 3443 2182 3483 rum
2217 3430 2282 3484 ad
2314 3432 2606 3502 discipulos
2635 3434 2919 3502 translato,
2967 3437 3041 3491 ita
3077 3445 3135 3492 ut
3167 3452 3231 3494 eo
3262 3438 3636 3510 designentur.

2065 3531 2122 3576 ut
2164 3537 2193 3575 a
2245 3522 2401 3579 Mane
2447 3526 2758 3597 Maniclnei,
2808 3529 2877 3585 ab
2912 3528 3044 3585 Ario
3075 3531 3284 3599 Ariani,
3322 3549 3352 3587 a
3384 3533 3638 3590 Nestorio

2062 3612 2391 3682 Nestoriani,
2410 3627 2465 3673 et
2491 3619 2571 3673 sic
2604 3620 2668 3674 de
2693 3621 2812 3677 aliis
2836 3621 3114 3678 baereseon
3138 3624 3440 3694 speciebus.
3471 3626 3629 3693 Quod

2062 3704 2372 3774 preccavens
2403 3707 2623 3775 Paulus,
2654 3712 2902 3778 reprimit
2934 3722 2987 3768 et
3018 3716 3197 3784 arguit
3222 3717 3459 3773 dicentes
3484 3736 3497 3772 :
3522 3715 3639 3789 Ego

2064 3812 2180 3850 sum
2210 3794 2395 3863 Pauli,
2432 3814 2524 3867 ego
2577 3809 2749 3853 autem
2782 3801 2992 3870 Apollo,
3020 3821 3113 3873 ego
3147 3822 3266 3860 vero
3294 3806 3504 3877 Cepheo,
3529 3826 3635 3865 non

2070 3888 2256 3943 volens
2282 3890 2518 3944 humano
2541 3892 2757 3947 nomine
2786 3894 3045 3962 publicari
3078 3911 3263 3951 eorum
3301 3903 3636 3969 societatem,

2067 3981 2160 4036 sed
2194 3980 2410 4036 nomine
2450 3981 2647 4037 Christi
2687 3997 2875 4039 omnes
2903 3983 3235 4041 Christianos
3266 3990 3393 4056 dici,
3424 3992 3639 4050 etiamsi

2066 4087 2098 4126 a
2130 4073 2358 4128 diversis
2419 4073 2697 4143 magistris
2755 4073 2986 4130 fuissent
3036 4077 3236 4133 edocti.
3301 4080 3438 4136 Cum
3489 4085 3637 4139 enim

2067 4180 2233 4220 unum
2268 4164 2431 4219 linem
2481 4165 2770 4220 intendunt
2794 4182 2981 4223 onmes
3011 4169 3274 4239 magistri,
3316 4188 3498 4229 veram
3530 4176 3640 4231 sci-

2067 4257 2193 4312 licet
2226 4258 2383 4312 lidem
2428 4258 2767 4323 annuntiare,
2800 4274 2904 4314 non
2935 4274 2965 4314 a
2999 4263 3208 4330 privato
3252 4266 3507 4335 inagistro
3536 4283 3638 4323 no-

2069 4353 2345 4406 minantur
2391 4351 2661 4422 discipuli,
2704 4353 2799 4409 sed
2830 4353 3047 4409 nomine
3086 4358 3359 4412 communi
3387 4359 3639 4415 dicuntur

387 4454 485 4525 τὴν
530 4449 703 4522 άληθῆ
736 4443 1095 4514 καταγγείλαι
1135 4441 1342 4502 πίστιν,
1377 4435 1736 4507 σϐεννυμένου
1769 4433 1863 4488 τοῦ

2067 4442 2403 4512 Christiani;
2436 4445 2479 4501 si
2505 4454 2683 4502 autem
2725 4451 2777 4500 In
2809 4444 2992 4516 aliquo
3028 4444 3097 4500 ab
3131 4445 3385 4503 Ecclesiae
3417 4450 3640 4521 dogma-

393 4523 558 4602 ίδικοῦ
607 4538 927 4595 διδασκάλου
978 4531 1338 4606 χρηματίζειν
1386 4530 1512 4593 τοὺς
1554 4526 1833 4599 μαθητὰς,
1879 4523 1981 4595 τῷ

389 4634 553 4706 κοινῷ
581 4618 807 4703 ὀνόματι
834 4626 1127 4680 καλοῦνται
1147 4617 1465 4692 Χριστιανοί
1489 4635 1503 4648 ο
1529 4618 1577 4669 εἰ
1608 4615 1664 4668 δέ
1697 4631 1750 4667 τι
1781 4629 1964 4685 παρα-

388 4704 658 4801 τρώσουσι
706 4722 815 4777 τῶν
860 4720 963 4790 τῆς
1020 4713 1348 4785 Ἐκκλησίας
1396 4708 1685 4780 δογμάτων
1737 4707 1786 4759 οἱ
1833 4704 1967 4758 καθ-

392 4796 618 4890 ηγηταὶ,
655 4809 1027 4880 σϐεννυμένης
1070 4807 1170 4874 τῆς
1224 4803 1520 4873 καθολικῆς
1554 4796 1927 4869 προσηγορίας
1949 4835 1964 4863 ,

393 4911 485 4964 ἐπὶ
512 4909 573 4960 τὸ
605 4905 769 4960 ίδικδν
797 4901 888 4957 τοῦ
915 4896 1227 4962 διδάξαντος
1254 4894 1547 4960 ἀνάγονται
1579 4890 1774 4957 ῑινομα.

471 5020 489 5052 ι
533 4997 641 5052 Καὶ
660 4995 826 5048 τανῦν
859 4988 1231 5061 παρατίθεμαι
1259 4986 1423 5053 ὑμᾶς,
1466 4981 1708 5051 ἀδελφοὶ,
1740 4978 1817 5050 τῷ
1843 4976 1962 5050 Θεῷ

394 5089 488 5144 καὶ
513 5085 590 5156 τῷ
625 5086 781 5151 Λόγῳ
816 5083 914 5151 τῆς
941 5079 1161 5150 χάριτος
1187 5075 1374 5137 αὐτοῦ,
1404 5074 1483 5144 τῷ
1507 5072 1788 5143 δυναμένῳ
1820 5073 1964 5126 οἰκο-

390 5178 626 5247 δομῆσαι
677 5174 773 5226 καὶ
820 5171 1004 5224 δοῦναι
1032 5169 1160 5238 ὑμῖν
1186 5168 1283 5237 τὴν
1334 5163 1702 5236 κληρονομίαν
1744 5165 1802 5217 ὲν
1847 5164 1963 5225 τοῖς

394 5267 748 5339 ἡγιασμένοις
779 5264 963 5317 πᾶσιν.
1001 5280 1019 5313 ι

468 5406 510 5437 ¹⁸
549 5405 566 5458 l
598 5405 721 5459 Cor.
748 5418 823 5465 Ix,
848 5399 936 5453 ΞΠ.
1049 5394 1091 5425 ⁸⁵
1128 5391 1167 5446 ll
1196 5392 1334 5447 Tim.
1376 5395 1521 5457 tv,2.

469 5555 494 5582 ν
523 5546 650 5597 Cod.
680 5542 842 5595 Coisl.
883 5539 974 5593 οὖν
1000 5539 1050 5593 in
1089 5537 1348 5604 margine.

475 5680 583 5741 (εἴη)
614 5677 721 5728 ΙΙοι¹
766 5675 934 5727 srlml.
964 5673 1095 5727 Cod.
1135 5672 1299 5726 Coisl.
1348 5674 1435 5726 dat
1482 5671 1868 5741 Chrysostomo
1913 5677 1969 5721 et.

402 5739 585 5804 revera
630 5752 760 5801 ll'l't'.
791 5746 973 5803 υκαι-ἑξ
1007 5743 1243 5807 mutatis,
1281 5744 1453 5809 legere
1493 5753 1572 5796 est
1599 5739 1661 5793 'tn
1702 5740 1758 5790 S.
1794 5739 1964 5805 Chry~

2069 4537 2209 4591 tibus
2248 4537 2533 4592 discedunt
2567 4538 2838 4606 docentes,
2877 4551 2977 4608 pro
3011 4539 3274 4595 catholica
3311 4540 3640 4598 denomina-

2067 4628 2232 4694 tione,
2277 4630 2343 4685 ad
2376 4631 2647 4701 privatum
2677 4631 2758 4686 sui
2791 4630 3033 4701 magistri
3060 4644 3256 4687 nomen
3300 4632 3637 4689 deducuntur

2063 4717 2336 4790 discipuli.

2144 4970 2304 5026 Vens.
2353 4972 2442 5025 59..
2501 4991 2519 5022 ι
2571 4972 2637 5027 Ει
2697 4988 2839 5028 nunc
2882 4977 3200 5031 commendo
3254 4991 3366 5042 vos,
3420 4976 3634 5042 fratres.

2070 5063 2181 5119 Deo
2222 5072 2275 5118 et
2325 5062 2501 5119 Verbo
2535 5065 2718 5135 gratiae
2772 5067 2960 5135 ipsius,
3007 5069 3095 5136 qui
3133 5078 3322 5137 potens
3354 5079 3434 5123 est
3464 5069 3637 5123 aedili-

2076 5170 2202 5211 care
2247 5165 2303 5210 et
2332 5158 2460 5211 dare
2499 5158 2647 5211 vobis
2677 5158 3042 5214 hmreditatem
3067 5159 3121 5213 in
3153 5159 3505 5215 sanctiﬁcatis
3531 5178 3648 5214 on:-

2069 5249 2248 5304 nibus.
2296 5268 2315 5301 ι

2078 5667 2394 5787 δοιειίἶῧηιι.
2465 5666 2530 5718 Η
2577 5667 2627 5719 in
2671 5666 2801 5718 Arta
2841 5663 3060 5717 edition.
3114 5671 3313 5715 nostra:
3371 5669 3500 5715 tom.
3540 5662 3631 5729 IX,

2078 5752 2128 5787 EO
2156 5774 2167 5785 .
2202 5754 2228 5787 ί)
2311 5773 2323 5786 .

2068 5752 2167 5790 CUI.
2202 5752 2323 5789 OIU.
