4068 6126
522 266 659 333 1ἱι83

1682 273 2020 335 ΑΜΜΟΝΙΙ
2059 277 2589 343 ALEXANDRINI

3643 292 3786 359 1584

593 383 838 439 Obscure
871 391 925 438 et
962 383 1123 439 tacite
1148 383 1380 439 ostendit
1412 382 1630 440 Patrem
1661 400 1782 442 esse
1822 387 2012 457 Deum,
2043 399 2086 443 et

2167 440 2174 455 ,
2271 395 2555 451 Δείκνυσιν
2607 398 2830 469 ἀφανῶς
2883 401 2979 454 καί⁵
3022 401 3354 474 λεληθότως,
3383 402 3465 456 δτι
3511 404 3539 455 6
3589 405 3785 475 Πατὴρ

521 474 717 529 Filiuzn
750 473 865 542 ejus
888 473 1103 540 Jcsum,
1140 474 1305 530 Deum
1333 474 1575 530 Verbum
1606 476 1659 531 in
1690 491 1754 532 eo
1794 485 1954 534 esse:
1987 494 2095 536 non

523 566 664 622 enim
724 564 1003 635 pluraliter
1047 565 1179 620 dicit
1222 575 1485 634 palentes,
1523 568 1620 622 sed
1658 568 1946 639 singularis
1993 587 2096 624 nu-

520 657 652 711 meri
692 656 909 710 nomine
932 658 1263 724 singularem
1297 658 1909 713 amborumessentiam
1947 660 2091 714 indi-

515 756 624 814 cat,
670 746 877 813 dicens,
917 755 1125 816 potens.
1155 745 1266 803 Nos
1297 746 1464 818 igitur
1491 762 1651 803 unam
1678 748 1861 803 Patris
1888 757 1942 803 et
1971 747 2095 803 Filii

513 837 813 893 essentiam
874 839 999 893 inde
1039 840 1310 904 novimus,
1349 849 1404 893 et
1446 853 1541 895 eos
1566 838 1699 895 duos
1724 855 1845 895 esse
1880 848 1936 894 et
1965 841 2096 896 sub-

513 926 731 993 sistere,
762 943 870 983 non
901 927 1046 983 nuda
1071 928 1431 998 appellatione
1456 930 1764 997 distinctos,
1798 932 1890 985 sed
1917 931 2095 998 reipsa

515 1019 892 1085 subsistentes,
927 1034 996 1074 ex
1031 1019 1117 1076 his
1139 1035 1260 1091 qua:
1284 1019 1419 1075 dicit
1442 1022 1738 1091 Apostolus
1773 1022 1825 1077 in
1854 1022 2093 1078 aediﬁca-

519 1111 716 1166 tionem
746 1111 1110 1168 Ecclesiarnm
1149 1113 1313 1179 Λεία),
1345 1114 1746 1183 cognoscimus.

582 1301 747 1358 Vens.
809 1302 899 1358 55.
953 1320 975 1355 ι
1031 1304 1326 1373 Argentum
1380 1312 1435 1359 et
1487 1318 1717 1370 aurum,
1751 1314 1844 1360 aut
1880 1315 2089 1362 vestem

513 1393 714 1449 nullius
767 1391 1074 1463 concupivi.
1121 1412 1142 1446 ι

583 1483 888 1540 Notandum
941 1484 1086 1555 quod
1154 1494 1371 1555 oportet
1419 1485 1700 1541 avaritiam
1731 1487 1998 1554 aversari,
2039 1497 2098 1544 et

513 1578 568 1632 in
592 1577 906 1633 universum
929 1577 1064 1633 nihil
1097 1579 1301 1634 terreni
1331 1579 1741 1651 concupiscere.

584 1761 747 1816 Vens.
786 1762 877 1817 54.
917 1781 935 1815 ι
989 1760 1095 1833 1ρεί
1136 1763 1287 1818 scitis
1312 1764 1567 1833 quoniam
1603 1765 1670 1819 ad
1713 1778 1776 1819 ea
1807 1780 1927 1834 qua:
1958 1764 2090 1821 mihi
2123 1742 2164 1796 Β

511 1868 647 1922 opus
675 1862 852 1918 erant,
877 1866 931 1910 et
963 1854 1049 1911 his
1089 1853 1183 1925 qui
1224 1870 1435 1911 mecum
1454 1863 1607 1922 sunt,
1640 1856 2092 1913 ministraverunt

511 1962 705 2002 manus
736 1948 873 2003 istae.
909 1965 929 1999 ι

580 2035 884 2091 Notandum
917 2044 1001 2092 est
1034 2051 1213 2090 veram
1244 2036 1641 2109 eleemosynam
1669 2053 1699 2093 e
1731 2038 1963 2109 propriis
2006 2038 2088 2093 la-

508 2127 733 2184 boribus
771 2128 1001 2183 dandam
1036 2130 1387 2199 pauperibus.

579 2219 742 2275 Vens.
779 2218 869 2275 36.
909 2238 930 2272 ι
967 2220 1180 2276 Etcum
1213 2222 1330 2277 haec
1362 2222 1612 2290 dixisset,
1639 2224 1831 2293 positis
1860 2226 2087 2296 genibus

505 2312 643 2379 suis,
704 2313 884 2368 oravit
918 2326 1040 2367 cum
1072 2313 1327 2369 omnibus
1358 2313 1485 2370 illis.
1529 2333 1551 2369 ι

577 2404 886 2461 Notandum
918 2415 1174 2476 oportere
1216 2422 1339 2462 eum
1389 2408 1479 2477 qui
1521 2409 1797 2478 valedicil,
1842 2426 2001 2466 orare
2031 2422 2087 2467 et

507 2512 681 2566 genua
702 2497 921 2553 ﬂectere
943 2510 1068 2552 cum
1104 2496 1356 2553 omnibus
1380 2498 1758 2566 praesentibus,
1783 2510 1838 2556 et
1866 2501 1947 2555 sic
1978 2502 2086 2557 dis-

502 2588 720 2643 cedere.

1124 2706 1279 2763 CAP.
1319 2706 1461 2763 XXI.

578 2819 738 2875 Vens.
778 2819 833 2875 9.
874 2838 892 2873 ι
927 2817 1068 2877 Huic
1095 2831 1279 2878 autem
1308 2831 1465 2878 erant
1495 2833 1727 2894 quatuor
1758 2824 1880 2882 illia)
1906 2827 2077 2898 virgi—

503 2923 602 2965 nes
643 2909 1053 2979 prophetantes.
1086 2929 1110 2962 ι
1571 2987 1575 2992 _

575 2999 743 3053 Erant
785 2998 1034 3070 Philippo
1073 3000 1305 3057 diacono
1354 3001 1517 3069 illita;
1563 3002 1762 3059 licebat
1792 3004 1956 3075 igitur
1996 3007 2081 3063 his

2199 489 2295 540 καὶ
2320 487 2483 554 Θεὸς,
2513 491 2608 544 καὶ
2633 493 2662 544 6
2707 492 2903 549 τούτου
2935 493 3064 560 Υίὸς
3111 493 3351 564 Ἰησοῦς,
3382 494 3413 547 6
3442 494 3579 557 Θεὸς
3606 495 3784 562 Λόγος

2198 578 2429 633 ἔνεισιν·
2476 582 2537 634 οὐ
2587 584 2697 655 γὰρ
2723 580 2846 638 εἶπε
2888 586 3000 649 τοῖς
3025 585 3347 656 δυναμένοις
3372 585 3780 653 πληθυντικῶς,

2196 669 2312 724 ἀλλ’
2342 670 2508 742 ἑνικῷ
2536 673 2763 745 ὀνόματι
2782 677 2880 746 τὴν
2905 676 3200 747 μοναδικὴν
3231 677 3422 731 οὐσίαν
3448 678 3781 748 ἀμφοτέρων

2198 764 2474 834 ἐσήμανεν
2503 766 2672 821 είπὼν
2701 765 2783 833 τῷ
2829 767 3143 837 δυναμένῳ
3164 782 3178 797 ⁸
3211 767 3353 822 ὥστε
3408 769 3505 823 οὖν
3539 769 3633 823 καὶ
3680 770 3782 840 τὴν

2201 856 2332 925 μίαν
2374 857 2599 929 οἴδαμεν
2628 859 2841 931 Πατρὸς
2889 861 2986 915 καὶ
3019 860 3149 914 Υἱοῦ
3180 860 3394 921 οὐσίαν.
3429 862 3523 914 καὶ⁵
3564 862 3650 915 ὅτι
3690 861 3783 914 δύο

2197 947 2305 1003 εἰσὶ
2329 949 2426 1002 καὶ
2455 951 2800 1019 ὑφίστανται,
2831 953 2930 1006 οὐκ
2960 952 3188 1024 ὀνόμασι
3218 952 3395 1022 ψιλοῖς
3432 952 3781 1023 δηλούμενοι,

2196 1040 2312 1095 ἀλλ’
2349 1040 2582 1115 ἀληθείᾳ
2627 1044 3024 1113 ὑφιστάμενοι,
3074 1046 3140 1098 ἐκ
3188 1045 3298 1098 τῶν
3327 1045 3423 1099 νῦν
3456 1045 3535 1114 τῷ
3580 1045 3782 1115 Παύλῳ

2196 1132 2508 1204 λεγομένων
2552 1137 2632 1200 είς
2674 1138 3049 1209 καταρτισμὸν
3077 1138 3189 1191 τῶν
3217 1136 3319 1207 τῆς
3374 1137 3606 1200 Ἀσίαςι
3652 1138 3781 1192 Ἐκ·

2197 1227 2299 1298 κλη
2308 1227 2460 1281 σιῶν.

2272 1335 2291 1369 ι
2347 1318 2637 1391 ’Δργυρίου
2673 1319 2707 1391 ἢ
2750 1321 2977 1393 χρυσίου
3020 1322 3054 1392 ἢ
3101 1320 3398 1392 ἱματισμοῦ
3430 1321 3649 1385 οὐδενὸς
3679 1322 3776 1374 ἐπ-

2195 1408 2466 1482 εθύμησα.
2509 1430 2529 1463 ι

2267 1502 2615 1573 Σημειωτέον
2659 1505 2743 1557 ὄτι
2786 1504 2867 1556 δεῖ
2899 1501 3346 1573 ἀποστρέφεσθαι
3375 1501 3471 1573 τὴν
3503 1503 3778 1575 φιλαργυ-

2197 1593 2344 1664 ρίαν,
2381 1593 2478 1648 καὶ
2534 1593 2764 1665 μηδενὸς
2816 1594 2877 1647 τὸ
2923 1593 3143 1648 σύνολον
3178 1593 3286 1647 τῶν
3318 1592 3414 1645 ἐπὶ
3444 1592 3550 1661 γῆς
3582 1591 3776 1645 ἐπιθυ-

2199 1702 2342 1755 μειν.

2275 1797 2294 1830 ι
2339 1778 2505 1832 Αὐτοὶ
2532 1777 2831 1848 γινώσκετε
2861 1779 2943 1833 ὅτι
2980 1780 3103 1840 ταῖς
3136 1777 3348 1849 χρείαις
3376 1795 3478 1848 μου
3501 1821 3515 1843 ,
3540 1778 3638 1831 καὶ
3662 1778 3771 1840 τοῖς

2197 1869 2316 1924 οὖσι
2349 1870 2467 1941 μετ’
2496 1869 2653 1941 ἐμοῦ,
2688 1870 3041 1942 ὑπηρέτησαν
3072 1871 3129 1922 αί
3162 1873 3341 1941 χεῖρες
3371 1864 3550 1924 αὗται.
3594 1888 3612 1919 ι

2265 2039 2609 2110 Σημειωτέον
2650 2040 2728 2093 δτι
2773 2041 2807 2111 ἡ
2842 2040 3051 2111 ἀληθὴς
3100 2041 3443 2113 ἐλεημοσύνη
3473 2041 3537 2095 τὸ
3565 2043 3632 2096 ὲκ
3662 2042 3769 2096 τῶν

2198 2129 2343 2183 ίδίων
2364 2131 2554 2184 κόπων
2583 2128 2782 2183 διδόναι
2806 2132 2918 2193 τοῖς
2947 2130 3172 2184 ὲνδεέσι.

2272 2239 2291 2273 ι
2327 2219 2437 2273 Καὶ
2472 2220 2652 2274 ταῦτα
2693 2219 2886 2284 εἰπὼν,
2932 2218 3049 2283 θεὶς
3097 2221 3168 2273 τά
3207 2220 3413 2289 γόνατα
3443 2220 3641 2285 αὑτοῦ,
3676 2221 3768 2275 σὺν

2198 2313 2334 2366 πᾶσι
2357 2319 2386 2360 1
2417 2310 2785 2384 προσηύξατο.
2820 2330 2839 2364 ι

2265 2404 2613 2475 Σημειωτέον
2651 2404 2734 2458 ὅτι
2762 2403 2843 2457 δεῖ
2869 2403 2960 2457 τὸν
3005 2402 3435 2473 συνταττόμενον
3471 2402 3634 2474 εὐχὴν
3671 2404 3765 2456 καὶ

2192 2490 2541 2558 γονυκλισίαν
2576 2489 2847 2545 ποιεῖσθαι
2880 2492 2979 2546 σὺν
3015 2493 3149 2545 πᾶσι
3172 2500 3200 2540 Υ
3231 2494 3347 2557 τοῖς
3379 2493 3638 2565 παροῦσι,
3671 2493 3765 2547 καὶ

2191 2579 2368 2646 οὕτως
2399 2583 2729 2653 ἀποχωρεῖν.

2767 2698 3021 2753 ΚΕΦΔΛ.
3059 2699 3192 2754 KA'.

2265 2830 2283 2861 ι
2323 2810 2511 2881 Τούτῳ
2542 2810 2599 2864 δὲ
2639 2807 2780 2884 ἦσαν
2832 2812 3097 2884 παρθένοι
3140 2813 3447 2885 θυγατέρες
3501 2814 3763 2887 τέσσαρες

2191 2906 2652 2975 προφητεύουσαι.
2693 2924 2712 2957 ι

2261 2996 2386 3050 Ὅτι
2429 2996 2522 3051 τοῦ
2554 2996 2806 3051 διακόνου
2849 2997 3117 3052 Φιλίππου
3156 2993 3299 3070 ἦσαν
3336 2998 3393 3053 αί
3423 2998 3763 3071 θυγατέρες·

505 3088 597 3159 qui
630 3090 977 3144 matrimonio
994 3089 1402 3161 fuerantjuncti
1434 3095 1766 3152 ministrare.
1793 3094 1928 3151 Nota
1952 3113 2081 3153 vero

2183 3087 2323 3143 ὥστε
2369 3085 2462 3144 οὖν
2521 3090 2649 3161 ἐξῆν
2697 3089 2777 3161 τῷ
2835 3092 3225 3162 κοινωνήσαντι
3284 3092 3449 3163 γάμῳ
3484 3092 3586 3164 (sic
3622 3090 3762 3160 cod.)

505 3181 647 3237 tilias
672 3180 790 3251 ejus
836 3183 1210 3253 prophetissae
1238 3183 1411 3239 fuisse
1427 3186 1687 3253 virgines,
1712 3197 1769 3241 et
1790 3202 1883 3241 eas
1911 3188 2083 3256 pieta-

506 3272 575 3327 tis
608 3287 769 3328 causa
798 3273 1160 3345 virginitatem
1188 3289 1457 3342 servasse,
1498 3276 1638 3331 unde
1667 3277 1950 3347 prophetia
1981 3278 2082 3332 dc-

504 3375 646 3420 natze
677 3374 836 3421 sunt:
867 3367 973 3422 nisi
1024 3376 1205 3423 autem
1240 3368 1523 3438 virginitas
1556 3368 1732 3438 magni
1761 3368 1918 3437 pretii
1945 3367 2081 3425 luis-

504 3467 608 3525 set,
659 3472 763 3512 non
797 3459 1121 3529 subiecisset
1178 3460 1474 3515 historicus
1495 3474 1592 3514 cas
1623 3458 1791 3514 fuisse
1819 3459 2077 3531 virgines.

575 3636 740 3692 Vens.
770 3637 858 3692 15.
894 3657 913 3690 ι
946 3637 1099 3694 Tunc
1124 3639 1400 3709 respondit
1427 3638 1626 3697 Paulus
1658 3649 1714 3697 et
1734 3639 1909 3697 dixit:
1938 3642 2076 3709 Quid

502 3730 685 3785 facitis
738 3729 929 3786 ﬂentes
956 3740 1011 3786 et
1058 3729 1358 3802 aﬂligentes
1406 3746 1501 3786 cor
1556 3732 1780 3787 meum?
1809 3747 1909 3801 ego
1932 3735 2078 3789 enim

502 3836 610 3876 non
646 3821 821 3877 solum
857 3822 1089 3894 alligari,
1130 3825 1224 3879 sed
1274 3836 1327 3878 et
1373 3827 1511 3880 mori
1567 3826 1618 3879 in
1650 3824 1953 3882 Jerusalem
1980 3841 2078 3897 pa-

501 3920 651 3967 ratus
685 3927 829 3978 sum,
862 3922 1084 3983 propter
1114 3928 1307 3985 nomen
1342 3913 1548 3970 Domini
1578 3913 1728 3969 Jesu.
1772 3932 1790 3965 ›

570 4002 880 4058 Notandum
906 4012 989 4059 est
1009 4015 1263 4075 Oportere
1297 4021 1390 4060 eos
1420 4006 1683 4075 repellere
1713 4004 1804 4074 qui
1842 4003 2078 4074 aliquem

500 4112 530 4152 a
551 4096 798 4152 faciendo
820 4095 1022 4166 aliquid
1047 4098 1293 4167 generosi
1318 4097 1626 4165 prohibent,
1646 4095 1857 4151 etiamsi
1879 4094 2075 4162 ﬂeant;

501 4189 621 4242 istis
649 4201 863 4256 quoque
912 4186 1137 4243 ﬂetibus
1181 4188 1405 4243 Paulum
1438 4189 1612 4257 ipsum
1646 4187 1812 4242 fuisse
1845 4185 2077 4241 fractum

498 4286 553 4331 et
613 4276 728 4344 ejus
763 4279 932 4334 robur
986 4281 1256 4347 attritum,
1315 4290 1646 4351 quapropter
1693 4294 1787 4334 eos
1843 4278 2073 4348 repellit.

498 4367 639 4434 Quid
692 4383 820 4440 ergo
877 4371 1167 4427 dicendum
1216 4372 1282 4427 de
1320 4373 1403 4427 his
1447 4388 1566 4442 qu:e
1599 4371 1798 4427 Paulus
1834 4371 2020 4439 adjicit
2052 4372 2096 4425 ἳ-

2181 3180 2486 3235 διακονεῖν·
2544 3182 2853 3253 σημείωσαι
2886 3182 2945 3236 δὲ
2989 3183 3070 3236 ὅτι
3113 3184 3170 3236 αἱ
3216 3182 3546 3255 προφήτιδες
3580 3183 3636 3235 αὶ
3669 3183 3764 3236 θυ-

2182 3272 2415 3343 γατέρες
2445 3271 2612 3326 αὐτοῦ
2644 3273 2907 3346 παρθένοι
2954 3269 3117 3345 ἦσαν,
3146 3275 3240 3328 καὶ
3269 3276 3348 3328 ὅτι
3378 3275 3582 3344 ἤσκουν
3613 3275 3762 3343 μᾶλ-

2180 3364 2271 3419 λον
2301 3364 2369 3418 δι’
2398 3364 2687 3419 εὐλάϐειαν
2716 3366 2896 3435 τοῦτο,
2932 3365 3081 3419 ὥστε¹
3100 3368 3189 3421 καὶ
3221 3369 3555 3436 προφητείας
3588 3364 3762 3435 ἡξιῶ-

2181 3455 2338 3510 σθαιο
2390 3457 2440 3509 εί
2491 3457 2568 3530 μὴ
2619 3457 2677 3511 δὲ
2717 3453 2787 3528 ἦν
2833 3458 3319 3529 περισπούδαστον,
3350 3457 3452 3509 οὐκ
3481 3457 3549 3509 ἂν
3582 3473 3759 3529 προσ-

2179 3546 2377 3618 έθηκεν
2402 3548 2430 3600 ό
2462 3550 2840 3620 συγγραφεὺς,
2868 3550 2953 3603 ὅτι
2981 3550 3074 3601 καὶ
3104 3548 3361 3619 παρθένοι
3385 3542 3553 3619 ἦσαν.

2255 3658 2274 3692 ι
2321 3640 2456 3693 Τότε
2486 3640 2762 3712 ἀπεκρίθη
2793 3642 2820 3694 6
2854 3640 3063 3706 Παῦλος
3086 3658 3098 3669 ·
3125 3642 3190 3694 Τί
3224 3642 3430 3693 ποιεῖτε
3473 3639 3756 3703 κλαίοντες

2179 3732 2273 3785 καὶ
2304 3731 2735 3803 συνθρύπτοντές
2788 3750 2887 3802 μου
2922 3732 3019 3804 τὴν
3064 3732 3323 3804 καρδίαν;
3381 3730 3492 3800 ἐγὼ
3542 3732 3651 3802 γὰρ
3693 3731 3751 3784 ού

2183 3824 2341 3896 μόνον
2363 3824 2613 3895 δεθῆναι,
2650 3825 2789 3879 ἀλλά
2817 3827 2911 3879 καὶ
2940 3826 3236 3879 ἀποθανεῖν
3276 3826 3355 3886 είς
3397 3824 3751 3896 Ἰερουσαλὴμ

2111 3915 2116 3921 ’
2178 3916 2409 3989 ἑτοίμως
2424 3916 2533 3988 ἔχω
2563 3918 2706 3989 ὑπὲρ
2734 3917 2828 3971 τοῦ
2856 3917 3120 3987 ὀνόματος
3145 3917 3239 3971 τοῦ
3262 3918 3471 3989 Κυρίου
3506 3917 3701 3987 Ἰησοῦ.
3724 3935 3742 3968 ι

2247 4011 2593 4082 Σημειωτέον
2622 4012 2707 4064 ὅτι
2735 4010 2816 4064 δεῖ
2841 4011 3252 4083 ἀποτρέπεσθαι
3280 4013 3408 4074 τοὺς
3446 4009 3749 4070 κωλύοντας

2176 4119 2300 4156 τινα
2349 4104 2525 4156 ποιεῖν
2566 4118 2619 4156 τι
2652 4104 2922 4173 γενναῖον,
2963 4101 3068 4156 κᾶν
3122 4101 3430 4172 δακρύωσι’
3463 4103 3554 4155 καὶ
3583 4101 3664 4153 δτι
3693 4101 3749 4152 τὸ

2175 4192 2416 4247 τοιοῦτον
2462 4182 2697 4267 δάκρυον
2735 4194 2829 4247 καὶ
2886 4193 3050 4248 αὑτὸν
3093 4193 3183 4247 τὸν
3235 4193 3452 4248 Παῦλον
3496 4193 3745 4256 συνέκλα,

2176 4286 2272 4339 καὶ
2313 4285 2375 4339 τὸ
2427 4287 2780 4357 ὲρῤωμένονι
2834 4286 2998 4340 αὐτοῦ
3037 4285 3251 4339 διέλυε·
3307 4286 3389 4340 διὸ
3436 4286 3748 4340 ἀποσείεται

2175 4374 2373 4439 αὐτούς
2392 4388 2408 4405 ’
2436 4375 2488 4428 τί
2511 4371 2604 4430 οὖν
2626 4375 2705 4429 δεῖ
2731 4377 2907 4431 εἰπεῖν
2940 4377 3071 4448 περὶ
3096 4375 3205 4430 τῶν
3237 4375 3443 4429 λοιπῶν
3474 4373 3567 4429 τοῦ
3600 4374 3746 4428 Παύ-

443 4525 449 4531 _
500 4457 699 4514 Contra
745 4470 947 4517 matres
977 4471 1031 4517 et
1074 4471 1329 4532 parentes
1361 4465 1452 4533 qui
1495 4478 1623 4518 suos
1659 4463 1860 4519 liberos
1889 4476 2073 4517 mona-

2179 4466 2274 4522 λου
2303 4465 2464 4522 τοῦτο
2495 4468 2740 4532 εἰπόντος
2761 4484 2818 4535 ·;
2864 4467 3123 4539 Ἀρμόζει
3170 4468 3312 4522 κατά
3342 4468 3600 4540 μητέρων
3632 4466 3748 4538 ἦτοι

502 4548 637 4604 chos
662 4563 781 4605 esse
804 4551 1114 4619 prohibent,
1166 4552 1447 4621 aptissima
1482 4563 1631 4609 sunt.

573 4638 733 4695 Vsus.
781 4640 864 4695 19.
900 4659 920 4693 ι
959 4643 1107 4708 Quos
1157 4657 1280 4698 cum
1331 4644 1641 4713 salutasset,
1678 4651 1935 4707 narrabat
1978 4670 2076 4723 per

500 4732 711 4803 singula
751 4748 871 4801 quae
902 4734 1041 4790 Deus
1072 4734 1294 4792 fecisset
1329 4737 1380 4791 in
1409 4738 1661 4807 gentibus
1693 4757 1789 4811 per
1826 4745 2072 4802 ministe-

498 4824 637 4878 rium
663 4825 854 4895 ipsius.
900 4845 920 4879 ι
2016 4834 2019 4837 ’

567 4912 675 4975 Per
731 4916 1084 4970 ministerium
1129 4918 1317 4987 ipsius,
1369 4921 1419 4975 id
1467 4932 1567 4988 est,
1603 4939 1697 4992 per
1732 4926 2071 4995 prmdicatio—

499 5023 621 5062 ncm
676 5008 968 5078 Evangelii.
1018 5009 1153 5064 Eum
1206 5027 1306 5068 nec
1355 5012 1778 5071 laudabantnec
1831 5019 2072 5073 admira-

499 5100 717 5167 bantur,
758 5102 885 5173 quia
915 5103 994 5158 sic
1036 5106 1295 5161 narrabat
1349 5117 1408 5160 ut
1459 5117 1650 5162 cuncta
1677 5109 1742 5163 ad
1777 5109 1940 5165 Deum
1984 5126 2073 5165 re-

497 5187 686 5244 ferret.

569 5279 730 5336 Vens.
773 5283 865 5349 25,
896 5283 987 5337 ει.
1018 5304 1037 5336 ι
1075 5285 1213 5339 Sunt
1249 5286 1401 5341 nobis
1437 5285 1538 5341 viri
1578 5297 1832 5356 quatuor,
1876 5300 2061 5344 votum

497 5370 762 5428 habentes
811 5389 975 5446 super
1021 5391 1100 5431 se.
1162 5377 1258 5431 llis
1315 5380 1633 5448 assumptis,
1693 5381 1976 5437 sanctilica
2017 5391 2067 5435 te

501 5474 620 5516 cum
653 5462 779 5519 illis.
819 5484 837 5518 ι
1779 5470 1788 5479 ’

601 5617 887 5694 ερύσίας..
930 5621 1169 5694 ,τερα
1201 5621 1367 5678 Coisl.
1403 5626 1668 5694 συμπᾶσι.

512 5683 772 5751 μονάξην.
844 5692 891 5727 ε*
922 5688 1051 5745 Cod.
1087 5691 1199 5744 ἕνα.

1775 5637 1797 5663 ²
1836 5626 1895 5683 C.
1936 5628 2267 5699 ὲρῤωμενές.
2348 5641 2366 5663 ⁸
2392 5631 2451 5687 C.
2484 5632 2545 5687 C.
2580 5634 2846 5699 εἰπόντες.
2947 5635 2976 5674 δ
3008 5634 3069 5691 C.
3097 5633 3156 5690 C.
3195 5635 3410 5691 ἑαυτόν.

2172 4560 2376 4629 γονέων
2403 4561 2726 4616 κωλυόντων
2752 4561 2878 4624 τοὺς
2910 4560 3117 4615 ἑαυτῶν
3139 4562 3168 4601 ιν
3196 4561 3390 4624 παῖδας
3423 4559 3680 4631 μονάξειν
3699 4570 3742 4614 ο.

2251 4669 2270 4702 ι
2306 4651 2419 4705 Καὶ
2454 4651 2843 4721 ἀσπασάμενος
2897 4651 3127 4716 αὐτοὺς,
3169 4651 3417 4721 ἐξηγεῖτο
3463 4650 3587 4705 καθ’
3619 4648 3680 4702 ἓν
3702 4652 3745 4688 ο·

2172 4740 2401 4793 ἕκαστον
2450 4734 2526 4795 ὧν
2574 4741 2830 4812 εποίησεν
2868 4743 2896 4794 6
2923 4740 3054 4805 Θεὸς
3084 4742 3142 4793 ἐν
3180 4742 3297 4804 τοῖς
3323 4740 3502 4794 ἔθνεσι
3533 4738 3623 4793 διὰ
3652 4738 3749 4809 τῆς

2174 4832 2449 4896 διακονίας
2480 4832 2665 4887 αὐτοῦ.

2245 4921 2349 4980 Διὰ
2383 4921 2493 4990 τῆς
2513 4922 2823 4988 διακονίας
2843 4921 3030 4975 αὑτοῦ
3051 4939 3063 4952 ο
3093 4923 3212 4975 ἀντὶ
3233 4921 3326 4974 τοῦ
3344 4921 3444 4991 τῆς
3466 4921 3749 4992 κηρύξεως

2173 5013 2265 5067 τοῦ
2302 5012 2660 5082 εὐαγγελικοῦ
2710 5013 2891 5083 λόγου.
2926 5016 3041 5068 Οὐκ
3084 5015 3293 5067 ἐκεῖνον
3340 5013 3599 5085 ἐπῄνουν,
3627 5012 3748 5066 οὑδὲ

2173 5103 2511 5175 ἐθαύμαζον·
2561 5103 2703 5159 οὕτω
2749 5106 2859 5178 γάρ
2904 5105 3204 5177 διηγήσατο
3248 5105 3326 5169 ὡς
3362 5104 3748 5176 ἀνατιθέμενος

2173 5197 2249 5265 τῷ
2283 5196 2420 5267 Θεῷ.

2254 5314 2271 5345 ι
2314 5297 2466 5349 Εἰσὶν
2510 5298 2638 5367 ἡμῖν
2671 5298 2863 5369 ἄνδρες
2904 5299 3170 5370 τέσσαρες
3203 5298 3371 5369 εὐχὴν
3418 5298 3636 5369 ἔχοντες
3668 5298 3748 5365 ἐφ’

2177 5385 2420 5437 ἑαυτῶν·
2473 5387 2694 5451 τούτους
2755 5388 3091 5460 παραλαϐὼν
3149 5389 3440 5460 ἁγνίσθητι
3499 5389 3598 5442 σὺν
3652 5389 3749 5443 αὖ·

2177 5478 2310 5539 τοῖς.
2356 5495 2375 5526 ο

3537 5632 3744 5691 τοι).

2898 5706 2970 5755 ’ἿΡ
