4068 6126
390 350 524 418 1585

1423 343 1890 406 FRAGMENTA
1923 341 2009 406 IN
2045 345 2238 407 ACTA
2273 344 2848 412 APOSTOLORUM.

3513 351 3649 421 1586

456 475 520 526 Οί
555 474 614 526 ἐν
653 469 1054 546 Ἰεροσολύμοις
1088 466 1482 531 πιστεύσαντες
1528 467 1660 534 ἀπὸ,
1699 467 1964 523 Ἰουδαίων

2141 471 2246 540 Qui
2281 473 2334 528 in
2371 471 2674 530 Jerusalem
2700 490 2768 530 ex
2794 471 2997 530 Judaeis
3025 473 3367 529 credideram
3401 473 3650 530 volebant

383 562 453 616 τὰ
476 560 574 632 ἔθη
599 561 670 616 τά
697 559 900 632 νομικὰ
926 557 1121 629 ἧθελον
1141 558 1214 596 θ’·
1236 555 1551 627 φυλάττειν.

464 673 482 707 ι
525 653 660 708 Τότε
685 654 715 707 ὁ
743 653 955 718 Παῦλος
981 649 1317 724 παραλαϐὼν
1346 651 1474 716 τοὺς
1505 651 1726 722 ἄνδρας,
1753 656 1818 726 τῇ
1845 655 1962 726 ἐχο-

387 747 528 822 μένῃ
573 748 762 819 ἡμέρα
811 747 909 802 σὺν
961 747 1147 812 αὐτοῖς
1199 745 1481 816 ἁγνισθεὶς
1532 744 1708 818 είσῄει
1764 749 1846 813 είς
1900 747 1962 802 τὸ

386 839 554 912 ἱερόν.
593 858 612 892 ι

459 939 621 1002 Ἐθος
672 935 872 1008 μᾶλλον
911 929 980 1008 ἦν
1022 933 1149 998 τοὺς
1192 931 1415 1003 ἔχοντας
1456 931 1624 1004 εὐχὴν
1669 931 1962 1006 κείρασθαι

387 1031 487 1102 τὴν
527 1027 770 1100 κεφαλὴν
823 1027 964 1099 μετά
987 1025 1048 1080 τὸ
1073 1023 1398 1096 άγνισθῆναι
1417 1064 1433 1090 ,
1462 1024 1558 1079 καὶ
1587 1023 1762 1088 οὕτως
1793 1024 1890 1078 ἐπὶ
1917 1024 1960 1090 ζ’

387 1121 600 1192 ἡμέρας
632 1119 808 1174 ποιεῖν
839 1119 1156 1189 προσφορὰν
1186 1115 1328 1187 ὑπὲρ
1353 1114 1565 1170 ἑαυτῶν
1584 1130 1598 1145 ⁸
1634 1114 1880 1170 τοιοῦτόν
1909 1133 1962 1170 τι

386 1213 640 1282 ἐποίησεν
657 1207 688 1250 (ι
733 1209 966 1272 Ἀκύλας
1000 1207 1094 1262 κα)⁵
1125 1205 1430 1278 Πρίσκιλλα
1449 1223 1461 1236 ·
1495 1206 1572 1270 ὡς
1595 1205 1756 1277 δῆλον
1781 1201 1922 1260 εἶναι
1945 1245 1960 1270 ,

383 1307 466 1360 ὄτι
485 1304 560 1368 ὡς
581 1301 958 1365 θεοσεϐοῦντες
984 1300 1346 1370 ἀπεκείροντο
1374 1298 1474 1371 τὴν
1498 1299 1680 1370 κόμην
1704 1309 1728 1338 θ
1745 1315 1759 1330 ·
1783 1297 1964 1362 καλῶς

385 1392 478 1452 οὖν
521 1394 618 1450 καὶ
645 1393 740 1448 νῦν
782 1393 833 1447 oi
865 1391 1117 1456 εὐλαϐεῖς
1147 1391 1426 1463 κείρονται
1444 1405 1459 1420 ⁸
1485 1391 1570 1444 δεῖ
1593 1390 1652 1444 δὲ
1681 1391 1778 1445 καὶ
1811 1391 1966 1458 ἁγνι-

385 1490 554 1562 σμοῦο
586 1492 646 1544 ὲν
685 1491 800 1554 τοῖς
847 1487 1128 1560 ’Δριθμοίς
1173 1485 1230 1540 δὲ
1275 1487 1452 1540 κεῖται
1494 1485 1524 1538 ὁ
1564 1475 1730 1554 νόμος
1770 1479 1962 1548 οὗτος·

397 1581 686 1638 Ἰουδαϊκὸν
715 1577 808 1634 οὖν
834 1579 895 1633 τὸ
920 1578 1063 1641 ἔθος.

461 1695 480 1728 ι
531 1672 847 1729 Ἠκολούθει
875 1672 985 1744 γὰρ
1015 1671 1078 1724 τὸ
1106 1669 1312 1743 πλῆθος
1333 1669 1426 1724 τοῦ
1455 1669 1610 1737 λαοῦ,
1643 1669 1962 1741 κράζοντες-ο

385 1765 517 1840 Alps
549 1768 733 1822 αὐτόν.
773 1785 790 1818 ι
1190 1767 1206 1772 “

2073 564 2266 634 legalia
2298 580 2539 622 servare.

2149 656 2307 714 Vens.
2367 658 2460 714 26.
2515 677 2534 710 ι
2572 659 2725 713 'l'unc
2751 658 2974 722 Paulus,
3020 658 3317 728 assumptis
3356 659 3512 723 viris,
3553 673 3650 728 po-

2071 759 2219 806 stcra
2269 751 2356 806 die
2410 750 2732 820 purilicattts
2785 766 2910 806 cum
2950 751 3084 816 illis,
3139 749 3364 806 intravit
3406 751 3460 806 in
3511 760 3648 806 tem-

2071 843 2242 915 plum.
2287 863 2306 898 ι
3165 906 3174 912 ε

2143 937 2258 995 Mos
2285 947 2404 995 erat
2433 947 2618 994 votum
2647 937 2913 994 habentes
2935 936 3130 992 radere
3154 937 3335 1006 capita
3358 949 3484 1001 sua,
3506 941 3655 1004 post-

2071 1047 2232 1103 quam
2278 1031 2494 1086 luerant
2550 1029 2842 1102 puriﬁcati,
2886 1036 2943 1083 et
2985 1029 3058 1084 ita
3111 1036 3236 1099 post
3283 1036 3492 1098 septem
3538 1025 3654 1082 dies

2071 1125 2398 1182 oblationem
2427 1139 2528 1196 pro
2555 1139 2615 1180 se
2639 1123 2771 1193 ipsis
2801 1122 3108 1177 faciebant:
3136 1119 3340 1190 aliquid
3371 1119 3476 1176 tale
3503 1119 3648 1174 fece-

2072 1225 2196 1276 rant
2247 1217 2440 1288 Aquila
2470 1226 2524 1272 et
2569 1214 2851 1280 Priscilla;
2887 1213 3028 1268 unde
3057 1210 3402 1268 manifestum
3446 1219 3530 1266 est
3553 1223 3649 1265 eos

2071 1309 2162 1381 qui
2214 1307 2453 1380 religiosi
2501 1315 2662 1362 erant
2709 1304 2810 1362 sibi
2861 1318 3071 1360 comam
3119 1301 3462 1368 abscidisse;
3502 1308 3650 1355 recte

2073 1402 2236 1474 igitur
2257 1409 2312 1456 et
2339 1414 2486 1455 nunc
2533 1399 2606 1466 pii
2645 1398 2953 1463 raduntur;
2989 1394 3083 1451 sed
3112 1391 3488 1464 puriﬁcatione
3513 1405 3650 1460 opus

2073 1502 2157 1550 est
2185 1511 2200 1548 :
2228 1507 2391 1562 porro
2426 1491 2480 1546 in
2511 1488 2764 1546 Numeris
2789 1488 2940 1559 jacet
2963 1485 3049 1542 lex
3079 1485 3165 1540 illa
3192 1501 3206 1554 ;
3237 1497 3368 1554 ergo
3398 1480 3654 1536 Judaicus

2071 1592 2156 1641 est
2179 1599 2316 1640 mos.

2145 1678 2308 1732 Vens.
2360 1674 2452 1730 56.
2512 1691 2531 1726 ι
2583 1672 2921 1741 Sequebatur
2971 1684 3098 1726 eum
3145 1665 3434 1723 multitudo
3472 1663 3653 1734 populi

2073 1771 2352 1826 clamans:
2395 1765 2546 1822 Tolle
2575 1780 2698 1822 eum
2721 1765 2786 1820 ¹⁶.
2828 1783 2848 1818 ι

461 1859 622 1924 Ἐθος
662 1862 775 1922 τοῖς
830 1858 1109 1922 Ἰουδαίοις
1161 1856 1368 1926 ταύτην
1416 1858 1597 1926 λέγειν
1648 1861 1747 1931 τὴν
1781 1859 1964 1931 φωνὴν

2144 1860 2404 1916 Solebant
2451 1856 2619 1913 Judaei
2657 1855 2799 1910 hanc
2833 1867 3020 1908 vocem
3059 1855 3326 1906 adversus
3353 1849 3534 1918 iustos
3575 1847 3655 1902 ef-

389 1954 532 2008 κατὰ
563 1951 672 2006 τῶν
709 1951 962 2006 δικαίων·
998 1951 1074 2014 ὡς
1113 1951 1210 2006 καὶ
1239 1951 1379 2005 κατὰ
1419 1951 1512 2005 τοῦ
1541 1951 1784 2022 Κυρίουο
1821 1949 1964 2022 Αἶρε

389 2045 604 2100 αὐτόν’
633 2043 754 2098 ἀντὶ
783 2041 900 2106 τοῦ,
936 2043 1181 2114 Ἔπαρον
1206 2042 1369 2096 αὐτὸν
1395 2043 1460 2096 ἐκ
1480 2043 1590 2096 τῶν
1618 2041 1857 2107 ζώντων.

467 2154 488 2188 r
527 2129 663 2190 Εἶπε
701 2135 757 2188 δὲ
807 2137 836 2189 ὀ
888 2133 1131 2199 Παῦλος,
1199 2133 1340 2202 Ἐγὼ
1395 2135 1680 2206 ἄνθρωπος
1717 2136 1816 2207 μέν
1849 2137 1964 2205 είμι

403 2227 672 2290 Ἰουδαῖος.
710 2227 992 2298 Ταρσεὺς,
1027 2229 1124 2298 τῆς
1160 2225 1418 2290 Κιλικίας
1461 2227 1560 2280 οὐκ
1613 2227 1832 2298 ἀσήμου
1863 2228 1964 2282 πό-

389 2321 526 2384 λεως
547 2318 791 2390 πολίτης.
842 2337 865 2372 a

457 2413 794 2480 Ἄνθρωπος
816 2409 934 2480 μέν
965 2411 1080 2480 είμι
1134 2409 1444 2476 Ἰουδαῖος.
1491 2409 1655 2464 Φύσει
1685 2411 1798 2484 γὰρ
1836 2411 1968 2466 Ἰουο

389 2503 530 2558 δαϊοί
565 2505 730 2574 ἐσμεν
755 2503 803 2556 οἱ
835 2501 1177 2572 Χριστιανοὶ,
1219 2502 1296 2564 ὡς
1345 2501 1831 2573 ἐξομολογούμενοι
1867 2503 1968 2576 τὴν

388 2596 566 2668 ἀληθῆ
596 2595 780 2650 πίστιν
799 2612 814 2628 ο
842 2596 980 2666 ὅπερ
1011 2594 1264 2664 σημαίνει
1291 2594 1352 2647 τὸ
1389 2594 1590 2658 Ἰούδας
1615 2594 1807 2667 ὄνομα.

969 2709 1226 2763 ΚΕΦΑΛ.
1265 2707 1394 2765 KB'.

465 2839 484 2872 ι
545 2821 794 2890 Ἐγένετο
845 2820 902 2874 δέ
941 2837 1032 2892 μοι
1085 2820 1436 2894 πορευομένῳ
1480 2823 1575 2878 καὶ
1629 2823 1862 2894 ὲγγίζων
1898 2826 1966 2898 τῇ

389 2913 688 2984 Δαμασκῷ,
735 2915 863 2984 περὶ
917 2914 1268 2986 μεσημϐρίαν
1319 2915 1582 2988 ἐξαίφνης
1641 2918 1705 2972 ἐκ
1737 2917 1832 2972 τοῦ
1875 2918 1969 2973 ού-

394 2999 554 3070 ρανοῦ
587 3002 994 3074 περιαστράψαι
1030 3001 1146 3072 φῶς
1173 3003 1354 3058 ἱκανὸν
1377 3006 1506 3072 περὶ
1524 3005 1647 3075 ὲμέ,
1692 3025 1712 3059 ι

458 3091 588 3160 Φῶς
615 3095 842 3158 ἱκανὸν,
869 3095 1002 3150 πολὺ
1029 3095 1148 3166 φῶς
1167 3113 1180 3127 ο
1205 3089 1267 3150 οῦ
1291 3097 1366 3168 μὴ
1387 3096 1627 3167 ἐνεγκὼν
1651 3099 1749 3171 τὴν
1771 3101 1968 3171 αἴγλην

2067 1953 2232 2019 ferre,
2250 1958 2310 2006 ut
2341 1949 2598 2004 adversus
2621 1944 2802 2002 Jesuin
2827 1943 3089 2000 fecerunt.
3116 1941 3260 1998 Tolle
3282 1957 3420 2007 eum,
3442 1953 3566 2010 pro,
3589 1938 3654 1993 de

2067 2044 2244 2100 medio
2271 2043 2512 2097 vivorum
2543 2055 2665 2094 eum
2688 2036 2938 2094 sustolle.

2142 2135 2302 2191 Vens.
2344 2133 2434 2188 '59.
2477 2149 2496 2185 ι
2538 2131 2681 2186 Dixit
2711 2119 2890 2184 autem
2918 2126 3119 2182 Paulus
3147 2144 3160 2181 :
3198 2125 3312 2196 Ego
3343 2123 3508 2180 homo
3532 2137 3652 2177 smn

2067 2227 2287 2299 quidem
2339 2224 2562 2280 Judmus
2593 2237 2623 2276 a
2668 2214 2841 2276 Tarso
2892 2218 3101 2275 Ciliciae
3134 2232 3240 2272 non
3286 2217 3482 2286 ignota:
3515 2211 3650 2268 civi-

2070 2320 2196 2376 tatis
2226 2317 2532 2386 municeps.
2575 2334 2594 2368 ι

2138 2412 2315 2466 Homo
2371 2405 2582 2479 quidem
2613 2421 2728 2460 sum
2753 2402 3002 2458 Iudaeus.
3031 2399 3240 2456 Revera
3273 2397 3416 2453 enim
3457 2393 3628 2452 Jndmi

2071 2517 2260 2559 sumus
2291 2501 2602 2571 quicunque
2631 2494 2951 2559 Christiani,
2978 2493 3068 2564 qui
3092 2505 3273 2547 veram
3305 2487 3462 2544 (idem
3487 2486 3652 2544 conli-

2071 2605 2280 2652 temur:
2315 2607 2438 2649 nam
2469 2591 2574 2648 hoc
2604 2589 2874 2661 signiﬁcat
2897 2600 3092 2642 nomen
3121 2581 3294 2640 Judae.

2667 2698 2823 2759 CAP.
2875 2697 3046 2754 XXII.

2143 2822 2308 2880 Vens.
2341 2821 2396 2876 6.
2456 2837 2476 2872 ι
2511 2817 2738 2874 Factum
2769 2822 2854 2872 est
2888 2822 3092 2880 autem,
3122 2821 3287 2869 eunte
3320 2826 3426 2878 me,
3459 2819 3514 2866 et
3553 2822 3652 2878 ap-

2069 2915 2470 2984 propinquante
2516 2909 2805 2972 Damasco,
2837 2904 3016 2960 media
3048 2903 3158 2972 die,
3204 2902 3386 2958 subito
3415 2901 3481 2957 de
3511 2899 3652 2956 ctelo

2070 3004 2432 3060 circumlulsit
2462 3017 2548 3058 me
2577 3001 2664 3056 lux
2693 2997 2988 3056 suﬂiciens.
3023 3011 3044 3051 ι

2139 3095 2260 3151 Lua:
2309 3095 2570 3166 sufﬁciens
2607 3109 2626 3149 :
2682 3092 2774 3146 lux
2819 3089 3060 3160 copiosa,
3101 3087 3257 3158 cujus
3309 3085 3652 3156 splendorem

385 3181 416 3234 ὁ
441 3181 686 3250 Παῦλος,
753 3183 1066 3256 ἀπελιθώθη
1111 3185 1240 3248 τοὺς
1282 3184 1594 3257 ὀφθαλμούς
1617 3203 1632 3220 ·
1687 3189 1748 3241 οὐ
1804 3189 1964 3258 μόνον

2074 3205 2180 3244 non
2233 3187 2416 3244 ferens
2459 3187 2661 3240 Paulus
2711 3189 3018 3238 excaecatus
3045 3189 3132 3236 est
3177 3179 3376 3242 oculis,
3413 3194 3518 3234 non
3555 3194 3654 3234 an-

385 3277 514 3340 τοὺς
546 3275 863 3346 αἰσθητοὺς,
891 3277 1030 3332 ἀλλὰ
1055 3278 1196 3349 τάχα
1225 3279 1469 3342 καὶτοὺς
1498 3279 1746 3352 νοητούςο
1769 3281 1965 3351 ἀμέλει

389 3367 574 3438 φησίν·
613 3369 711 3438 Ὠς
735 3370 804 3424 δὲ
833 3373 944 3425 οὐκ
967 3369 1302 3426 ἐνέϐλεπον
1337 3371 1457 3426 ἀπὸ
1485 3369 1599 3441 τῆς
1635 3371 1822 3440 δόξης
1859 3373 1967 3428 τοῦ

387 3459 584 3527 φωτὸς
611 3460 868 3515 ἐκείνοιν.

465 3570 486 3603 ι
523 3553 645 3604 Ὅτι
674 3550 773 3624 ἔσῃ
807 3552 1017 3623 μάρτυς
1037 3551 1190 3622 αὒτῷ
1213 3552 1350 3623 πρὸς
1377 3553 1588 3618 πάντας
1617 3553 1964 3626 ἀνθρώπους,

385 3637 461 3698 ὧν
486 3661 546 3697 τε
573 3641 826 3714 ἑώρακας
844 3645 942 3698 καὶ
965 3643 1226 3714 ἤκουσας.
1271 3661 1290 3696 ι

457 3735 800 3807 Σημειωτὲον
837 3735 920 3789 ὅτι
964 3735 1059 3788 καὶ
1083 3729 1192 3788 εἶδε
1221 3733 1314 3787 τὸν
1373 3733 1580 3804 Ἰησοῦν
1611 3736 1704 3790 καὶ
1730 3736 1968 3806 ἤκουσεν

387 3825 554 3880 αὑτοῦ
575 3827 602 3879 ὁ
630 3825 842 3888 Παῦλος
865 3840 878 3854 ·
905 3826 954 3878 οἱ
977 3823 1034 3876 δὲ
1061 3822 1314 3886 συνόντες
1332 3823 1430 3894 τὴν
1455 3823 1777 3896 λαμπηδόνα
1807 3825 1968 3896 μόνον

387 3915 484 3972 τοῦ
510 3915 686 3986 φωτδς
715 3912 882 3970 αὐτοῦ
917 3909 1080 3980 εἶδον,
1115 3912 1177 3966 οὐ
1211 3913 1318 3986 μὴν
1357 3914 1522 3968 αὐτόν
1541 3932 1554 3946 ο
1589 3915 1683 3968 καὶ
1712 3915 1806 3968 τὸν
1833 3911 1968 3986 ἦχον

386 4007 588 4080 ἢκουον
616 4007 719 4077 τῆς
759 4007 964 4077 φωνῆς,
1003 4005 1066 4058 οὗ
1123 4005 1230 4077 μὴν
1253 4005 1494 4078 συνῆκαν
1519 4006 1590 4060 τὰ
1633 4006 1964 4078 λαλούμενα,

386 4100 464 4162 ὡς
485 4099 659 4151 ὀπίσω
683 4097 900 4167 ἐλέχθη.

465 4207 486 4239 ι
543 4187 654 4242 Καὶ
710 4187 806 4241 νῦν
855 4187 908 4240 τί
964 4186 1212 4256 μέλλεις;
1263 4187 1498 4252 ἀναστὰς
1553 4188 1814 4259 βάπτισαι
1867 4188 1964 4244 καὶ

387 4279 690 4333 ἀπόλουσαι
735 4277 832 4342 τὰς
879 4278 1158 4350 ἁμαρτίας
1211 4295 1339 4345 σου,
1390 4279 1859 4352 ἐπικαλεσάμενος
1907 4279 1966 4334 τὸ

389 4372 561 4443 δνομα
583 4369 771 4425 αὐτοῦ.
809 4389 827 4422 ι

459 4466 536 4519 Ub
565 4469 675 4520 πᾶν
707 4466 800 4521 οῦν
839 4464 1122 4537 βάπτισμα
1163 4464 1300 4519 ἀλλὰ
1333 4465 1493 4536 μόνον
1520 4467 1581 4520 τὺ
1605 4466 1727 4531 ειςῐ
1761 4467 1965 4541 Κύριον

404 4555 609 4626 Ἰησοῦν
641 4560 787 4611 ποιεῖ
821 4557 1109 4629 ἁμαρτιῶν
1140 4556 1506 4628 καθαρισμόν.

467 4668 485 4700 ι
539 4649 786 4718 Ἐγένετο
805 4649 861 4702 δέ
901 4665 990 4719 μοι
1027 4649 1428 4721 ὑποστρέψαντι
1453 4651 1530 4714 είς
1576 4650 1955 4722 Ἰερουσαλὴμ,

2075 3287 2182 3336 tem
2228 3277 2404 3334 solum
2455 3274 2722 3345 corporis,
2769 3273 2864 3332 sed
2911 3273 3091 3330 forsan
3125 3271 3290 3327 etiam
3323 3271 3544 3335 mentis,
3574 3271 3654 3326 si-

2071 3373 2288 3442 quidem
2329 3372 2504 3428 dicit:
2538 3367 2670 3425 Cum
2713 3385 2815 3426 non
2841 3369 3202 3438 videremprce
3249 3364 3456 3436 fulgore
3495 3365 3655 3434 huius

2071 3463 2308 3518 Mth.

2145 3557 2306 3611 Vens.
2347 3555 2435 3610 15.
2490 3572 2510 3608 ι
2543 3552 2678 3622 Quia
2714 3553 2825 3610 eris
2866 3550 3026 3608 testis
3063 3549 3208 3606 illius
3235 3548 3300 3603 ad
3328 3562 3519 3605 omnes
3553 3547 3653 3602 lio-

2071 3646 2246 3701 mines
2275 3660 2464 3700 eorum
2496 3661 2618 3715 qua:
2639 3644 2822 3700 vidisti
2855 3651 2911 3698 et
2943 3641 3162 3699 audisti.
3201 3661 3220 3695 ι

2140 3735 2449 3790 Notandum
2505 3743 2592 3790 est
2643 3737 2788 3804 quod
2849 3733 3040 3791 Jesum
3099 3735 3296 3790 viderit
3329 3743 3386 3788 et
3419 3731 3654 3787 audierit

2070 3826 2296 3892 Paulus;
2321 3826 2375 3880 hi
2405 3834 2585 3880 autem
2607 3826 2697 3894 qui
2725 3839 2847 3881 cum
2869 3841 2936 3880 eo
2961 3834 3140 3889 erant,
3168 3825 3513 3894 splendorem
3543 3835 3656 3879 tan-

2072 3925 2182 3972 tum
2214 3917 2435 3973 luminis
2463 3917 2733 3980 viderunt,
2765 3930 2868 3971 non
2899 3925 3080 3970 autem
3107 3929 3266 3978 eum;
3307 3930 3498 3970 sonum
3523 3931 3655 3984 quo-

2070 4022 2178 4080 que
2203 4007 2354 4063 vocis
2385 4007 2696 4073 audierunt,
2729 4005 2874 4062 dicta
2922 4013 3104 4060 autem
3133 4018 3242 4060 non
3269 4016 3647 4075 perceperunt,

2072 4101 2232 4158 sicuti
2262 4115 2426 4170 supra
2461 4099 2664 4154 dictum
2697 4109 2804 4154 est.

2143 4191 2306 4248 Vens.
2349 4191 2439 4247 l6.
2479 4209 2497 4244 ι
2541 4188 2602 4243 Et
2636 4204 2781 4244 nunc
2823 4189 2951 4257 quid
2983 4189 3264 4244 moraris?
3302 4201 3556 4260 exsurge,
3596 4195 3652 4244 et

2070 4283 2370 4353 baptizare,
2420 4291 2478 4337 et
2519 4279 2680 4336 ablue
2717 4288 2938 4350 peccata
2987 4287 3101 4336 tua.
3145 4279 3400 4337 invocato
3431 4279 3650 4336 nomine

2071 4377 2264 4446 ipsius.
2313 4395 2333 4430 ι

2144 4467 2262 4525 Non
2315 4469 2492 4526 omnis
2541 4468 2868 4538 baptismus,
2898 4467 2992 4524 sed
3027 4467 3074 4522 is
3102 4464 3252 4522 solus
3282 4467 3372 4537 qui
3402 4465 3455 4521 in
3487 4465 3652 4524 Chri-

1999 4563 2049 4624 D
2075 4568 2218 4617 stum
2243 4571 2347 4628 est,
2385 4561 2555 4616 abluit
2593 4569 2834 4631 peccata.

2144 4649 2304 4706 Vens.
2342 4651 2429 4705 l7.
2455 4671 2474 4704 ι
2501 4649 2725 4706 Factum
2753 4659 2834 4707 est
2865 4660 3046 4706 autem
3095 4649 3389 4706 revertenti
3419 4650 3549 4705 mibi
3595 4650 3648 4705 in

392 4738 486 4794 καὶ
513 4739 952 4812 προσευχομένου
995 4757 1095 4810 μου
1137 4741 1194 4793 ὲν
1231 4737 1309 4806 τῷ
1338 4740 1492 4811 ἱερῷ,
1519 4740 1774 4809 γενέσθαι
1811 4759 1879 4812 με
1906 4742 1964 4794 ὲν

2071 4741 2386 4810 Jerusalem,
2425 4751 2481 4796 ct
2504 4743 2680 4798 oranti
2719 4743 2770 4797 in
2805 4742 3026 4812 templo,
3078 4742 3190 4798 ﬁeri
3229 4759 3316 4798 me
3343 4743 3398 4797 in
3429 4751 3651 4812 stupore

391 4833 671 4896 εκστάσει,
699 4833 792 4886 καὶ
819 4829 958 4886 εἶδον
996 4832 1158 4886 αὑτὸν
1183 4833 1412 4902 λέγοντά
1445 4849 1558 4904 μοι*
1603 4833 1844 4888 Σπεῦσον
1868 4835 1963 4890 καὶ

2071 4833 2290 4898 mentis,
2316 4841 2370 4887 et
2401 4833 2588 4887 videre
2635 4821 2800 4886 ειιυηῖ
2818 4833 3085 4888 dicentem
3117 4832 3245 4886 mihi
3275 4849 3290 4887 :
3323 4831 3564 4894 Festina,
3598 4841 3644 4886 et

391 4922 575 4988 ἔξελθε
607 4925 663 4976 ἐν
692 4925 845 4994 τάχει
867 4923 928 4990 ἐξ
962 4924 1353 4994 Ἰερουσαλήμο
1391 4925 1526 4978 διότι
1555 4925 1614 4978 ού
1641 4925 1970 4996 παραδέξον-

387 5014 478 5068 ταί
508 5031 601 5068 σου
622 5014 722 5086 τὴν
756 5014 1060 5087 μαρτυρίαν
1087 5015 1221 5086 περὶ
1249 5015 1405 5086 ἐμοῦ.
1451 5035 1471 5070 ι

463 5105 606 5177 Ὅρα
645 5106 762 5169 πῶς
803 5106 964 5160 αὐτὸν
991 5107 1237 5162 είσωθεῖ·
1267 5104 1494 5176 ⁷Ηλθον,
1520 5109 1676 5178 φησὶ,
1703 5109 1844 5178 μετὰ
1866 5109 1966 5182 τὴν

387 5198 510 5266 ὄψιν
532 5197 748 5267 ἐκείνην
777 5198 856 5260 είς
893 5199 1250 5270 Ἰερουσαλήμ
1271 5217 1285 5232 ο
1326 5202 1490 5255 πάλιν
1518 5200 1678 5254 τοῦτο
1713 5185 1968 5273 ἁμάρτυέ

393 5303 484 5356 ρον
506 5301 518 5315 ’
551 5287 666 5340 ἀλλ’
697 5287 800 5358 δρα
825 5287 889 5340 ὲκ
909 5289 934 5328 δ
953 5289 1052 5356 τῆς
1079 5289 1358 5359 ἐκϐάσεως
1385 5291 1417 5360 ἡ
1447 5289 1754 5362 μαρτυρία·
1781 5285 1960 5357 εἶπεν,

389 5382 472 5432 ὅτι
515 5376 574 5430 ού
611 5377 852 5442 δέξονταί
887 5395 981 5432 σου
1023 5380 1121 5450 τὴν
1163 5381 1500 5451 μαρτυρίανο
1547 5382 1647 5436 οὐκ
1679 5381 1960 5446 ἐδέξαντοσ

391 5468 488 5520 καὶ
525 5467 632 5539 μήν
667 5485 851 5538 φησιν,
883 5470 994 5538 εἴγε
1025 5471 1134 5525 ἀπὸ
1171 5471 1447 5542 λογισμῶν
1487 5473 1595 5526 ἔδει
1633 5473 1792 5528 τοῦτο
1835 5474 1969 5527 ὑπο-

465 5625 507 5655 ¹⁶
539 5623 694 5680 Joan.
719 5640 832 5688 nx,
867 5624 946 5680 l‘o‘.

467 5779 552 5818 c“
577 5777 710 5835 Cod.
748 5778 984 5843 ’ἠθελλοπμ
1063 5779 1086 5817 ιε
1121 5779 1180 5833 (2.
1221 5779 1282 5834 (ἶ.
1316 5781 1595 5852 ἐποίησαν.

2069 4923 2154 4978 exi
2203 4923 2463 4978 velociter
2487 4939 2552 4978 ex
2587 4921 2890 4979 Jerusalem
2923 4941 2937 4978 :
2968 4925 3222 4996 quoniam
3248 4940 3352 4981 non
3385 4925 3652 4996 recipient

2075 5015 2449 5071 testimonium
2483 5016 2550 5072 de
2594 5031 2702 5072 me.
2741 5036 2760 5069 ι

2143 5107 2281 5162 Vide
2335 5108 2605 5178 quomodo
2647 5123 2771 5163 eum
2818 5108 3080 5178 impellit:
3117 5107 3270 5176 Veni,
3298 5108 3496 5180 inquit,
3527 5118 3646 5180 post

2073 5197 2214 5252 hanc
2243 5196 2526 5262 visionem,
2556 5197 2608 5252 in
2636 5195 2933 5254 Jerusalem
2965 5215 2981 5266 ;
3031 5199 3267 5252 nondum
3303 5199 3459 5254 adest
3494 5202 3648 5254 testi-

2075 5290 2364 5356 monium;
2417 5291 2512 5344 sed
2561 5289 2615 5344 in
2661 5291 3014 5360 sequentibus
3054 5289 3176 5342 vide
3227 5288 3598 5344 testimonium
3627 5333 3643 5356 ,

2077 5384 2328 5438 dixerat:
2391 5380 2508 5436 Non
2556 5381 2817 5450 recipient
2885 5379 3250 5435 testimonium
3311 5390 3501 5442 tuum;
3538 5396 3643 5432 non

2079 5481 2400 5541 receperunt
2429 5489 2442 5526 :
2475 5482 2532 5527 et
2581 5471 2784 5527 dictum
2839 5481 2939 5538 est,
2989 5470 3236 5540 quamvis
3267 5468 3640 5526 arbitrandum

1682 5793 1704 5822 ε
1732 5781 1792 5837 (.1.
1827 5781 1885 5838 C.
1927 5781 2174 5855 γνώμην.
2233 5783 2277 5858 ’ί
2314 5784 2374 5840 C.
2414 5783 2478 5840 C.
2513 5783 2592 5848 είς
2629 5783 2738 5842 τόν.
2821 5787 2845 5826 ⁸
2884 5783 2944 5842 C.
2979 5781 3040 5839 C.
3076 5781 3202 5838 ἀπό.
