4068 6126
495 291 628 359 1587
1654 292 1991 353 ΑΜΜΟΝΙΙ
2033 323 2046 351 ι

2148 295 2575 360 ΕΧΑΝΒΗΙΝΙ
3615 304 3762 371 1583

489 425 633 469 esset
662 429 754 468 eos
792 413 1014 466 omnino
1044 417 1359 478 recepturos
1387 427 1400 463 :
1440 423 1589 465 eram
1622 409 1874 468 inimicus
1904 412 2046 470 Chri‘

2171 415 2439 484 πτεῦσαι,
2482 419 2564 472 ὅτι
2603 419 2822 484 πάντως
2866 419 3112 488 δέξονται
3131 422 3160 462 5
3180 437 3194 452 °
3235 422 3347 492 ἐγὼ
3373 425 3390 465 ἱ
3422 423 3573 495 ἥμην
3602 429 3628 480 6
3658 445 3752 480 πο-

490 509 781 565 tianorum,
807 505 945 557 unde
971 517 1066 556 eos
1093 503 1332 571 recipere
1362 501 1667 567 oportebat.
1701 501 1798 557 Hie
1825 505 1930 558 duo
1954 515 2046 560 sta-

2169 511 2352 580 λεμῶν
2401 513 2790 583 Χριστιανοῖς,
2844 512 2985 565 ὥστε
3037 512 3127 566 διὰ
3177 513 3339 568 τοῦτο
3397 515 3505 570 ἔδει
3554 519 3752 584 αὐτοὺς

491 599 595 652 tuit
626 615 637 650 :
671 597 845 667 prium
877 594 1271 649 inexcusabiles
1330 603 1507 660 erant,
1539 596 1631 665 qui
1671 599 1873 653 absone
1903 609 1958 652 et
1982 615 2046 655 re

2162 603 2452 669 δέξασθαι’
2489 603 2724 657 ἐνταῦθα
2765 603 2861 657 δύο
2890 604 3317 671 κατασκευάζει,
3342 607 3424 660 ὅτι
3453 625 3515 660 τε
3540 609 3748 662 ἀναπο-

490 701 761 756 pugnante
795 687 1008 740 ratione
1038 701 1158 740 eum
1194 691 1462 748 persecuti
1491 698 1618 742 sunt
1644 707 1656 755 ;
1703 689 1894 746 deinde
1922 691 2046 747 Deut

2165 693 2371 763 λόγητα
2417 693 2602 756 αὐτοῖς
2643 694 2815 746 ἐστιν·
2868 693 2930 745 ού
2971 693 3080 764 γὰρ
3127 693 3274 748 κατά
3304 694 3366 746 τὸ
3400 695 3549 757 εἰκὸς
3587 696 3751 748 αὐτὸν

485 791 565 834 est
624 779 886 843 Christus,
923 780 1012 848 qui
1056 795 1116 834 ea
1150 796 1271 850 quae
1318 791 1505 837 contra
1534 796 1748 837 omnem
1782 793 1936 838 erant
1963 800 2062 840 ex-

2165 785 2409 848 ὲδίωκον,
2435 784 2555 836 οὐδὲ
2587 783 2730 837 κατά
2748 782 3009 852 λογισμόν
3029 799 3042 812 ο
3066 783 3158 836 καὶ
3186 785 3268 836 ὅτι
3307 783 3440 846 Θεὸς
3473 779 3542 855 ἦν
3568 787 3595 837 6
3619 786 3751 855 Χριο

486 870 870 938 spectationem
917 872 1297 941 prophetabat,
1347 890 1450 928 non
1485 876 1848 944 praesentibus
1887 885 2046 931 atten-

2165 876 2312 943 στος,
2359 874 2428 928 τὰ
2477 875 2630 945 παρὰ
2677 875 3006 946 προσδοκίαν
3047 873 3433 946 προφητεύων,
3499 877 3596 930 καὶ
3653 879 3749 947 οὐχ

481 965 634 1027 deus,
664 963 757 1016 sed
787 962 960 1016 futura
985 965 1302 1033 praevidens.
1324 998 1395 1006 —
1412 966 1477 1021 Et
1499 979 1610 1036 post
1631 983 1840 1038 pauca:
1866 968 2060 1022 Oranti

481 1055 629 1116 milii,
662 1055 857 1124 inquit,
889 1056 945 1109 in
988 1056 1178 1125 templo
1203 1073 1221 1110 :
1253 1058 1376 1125 quia
1413 1059 1730 1126 phantasma
1771 1073 1874 1112 non
1917 1067 2055 1126 erat,

478 1145 598 1198 ideo
653 1147 826 1198 oranti
883 1147 1075 1200 astitit.
1113 1145 1366 1202 Ostendit
1406 1163 1619 1219 quoque
1663 1165 1722 1206 se
1756 1165 1860 1204 non
1907 1159 2054 1205 metu

477 1222 841 1303 periculorum
896 1235 1116 1306 fugisse,
1171 1239 1265 1294 sed
1326 1241 1454 1299 auia
1503 1239 1622 1309 ejus
1684 1243 2052 1297 testimonium

477 1341 581 1380 non
613 1329 944 1396 reciperent.

547 1533 708 1588 Vens.
761 1535 850 1591 19.
891 1553 912 1588 ‹
953 1536 1019 1591 Ει
1061 1551 1160 1608 ego
1211 1538 1364 1593 dixi:
1415 1538 1665 1607 Domine,
1718 1540 1822 1610 ipsi
1871 1541 2052 1596 sciunt

473 1625 597 1692 quia
631 1640 730 1694 ego
755 1640 905 1682 eram
959 1629 1290 1685 concludens
1327 1631 1380 1685 in
1407 1646 1704 1698 carcerem,
1745 1641 1801 1687 et
1839 1632 2050 1688 caadens

472 1729 568 1783 per
597 1730 892 1788 synagogas
917 1733 1010 1773 eos
1039 1720 1127 1788 qui
1158 1721 1449 1776 credebant
1478 1722 1532 1776 in
1566 1733 1635 1778 te.
1667 1741 1688 1775 ι

541 1804 654 1874 Ipsi
680 1809 852 1861 sciunt
877 1811 1004 1878 quia
1026 1827 1118 1878 ego
1143 1811 1195 1864 in
1231 1828 1499 1866 carcerem
1534 1829 1678 1867 eram
1708 1814 2040 1872 concludens.

469 1896 582 1951 Hoc
603 1898 735 1952 dicit
764 1899 962 1956 Paulus
991 1917 1004 1954 :
1040 1902 1097 1957 Si
1132 1903 1224 1958 tibi
1253 1919 1358 1958 non
1389 1904 1619 1958 credunt
1642 1903 1834 1972 Judmi,
1866 1922 2044 1963 meum

471 1997 647 2043 tamen
700 2005 1005 2047 sermonem
1059 1994 1300 2063 recipere
1340 1992 1670 2059 debuissent,
1703 1997 2048 2066 quandoqui-

468 2080 592 2135 dem
625 2096 749 2135 cum
818 2084 899 2137 eis
953 2099 1104 2140 eram
1160 2099 1491 2154 persequens
1543 2085 1886 2154 Ecclesiam;
1943 2089 2043 2156 ipsi

468 2186 681 2241 quoque
729 2173 1042 2230 debuissent
1071 2191 1388 2246 persuasum
1444 2179 1682 2246 habere,
1741 2196 1826 2236 me
1855 2181 2044 2250 pristi-o

468 2279 593 2316 nam
611 2265 916 2333 opinionem
951 2281 1054 2320 non
1089 2269 1429 2323 deserturum
1461 2269 1650 2338 fuisse,
1685 2273 1786 2327 nisi
1822 2275 2045 2328 omnino

468 2368 759 2422 persuasus
802 2355 1026 2413 fuissem
1092 2374 1197 2414 non
1259 2377 1418 2431 posse
1475 2364 1684 2418 salvum
1716 2365 1832 2420 tieri
1873 2366 2046 2420 homi-

468 2461 594 2500 nem
633 2447 737 2502 nisi
796 2463 894 2518 per
929 2449 1089 2505 ﬁdem
1147 2453 1198 2506 in
1233 2453 1549 2520 Christum;
1593 2457 1906 2512 admiranda
1927 2471 2044 2514 mea

467 2539 846 2597 immutatione
894 2542 1210 2599 debuissent
1262 2556 1318 2601 et
1366 2548 1466 2616 ipsi
1531 2548 1831 2604 immutari.

534 2745 702 2803 Vnus.
733 2747 822 2804 20.
871 2766 893 2802 ι
931 2728 1146 2804 Etcum
1181 2750 1503 2807 funderetur
1530 2755 1753 2826 sanguis
1782 2753 2041 2824 Stephani

465 2839 619 2895 testis
653 2841 749 2907 tui,
787 2856 887 2912 ego
913 2843 1180 2910 astabam,
1216 2853 1271 2898 et
1317 2847 1744 2913 consentiebam,
1780 2854 1835 2900 et
1865 2855 2045 2902 custo-

465 2931 675 2986 diebam
702 2933 1022 2988 vestimenta
1065 2933 1518 2992 interﬁcientium
1551 2951 1697 2993 cum.
1736 2955 1755 2989 ι

533 3155 651 3214 Non
704 3159 1000 3228 ignorabat,
1032 3161 1307 3217 hominem
1339 3164 1650 3218 conﬁtendo
1681 3175 1905 3232 peccata
1942 3180 2038 3219 sua

463 3263 648 3303 coram
675 3250 784 3306 Deo
809 3261 863 3307 et
885 3253 1126 3322 seipsum
1181 3253 1625 3323 reprehendendo
1645 3256 1899 3308 mundum
1924 3255 2040 3311 ﬁeri

464 3342 531 3392 ab
564 3341 820 3396 omnibus
852 3341 1227 3410 iniquitatibus
1254 3341 1367 3396 suis
1396 3358 1411 3408 ;
1451 3341 1634 3410 itaque
1669 3341 1960 3397 conﬁtetur
1988 3352 2043 3398 et

465 3431 578 3497 ipse
622 3446 718 3485 sua
760 3433 980 3497 delicta,
1007 3441 1066 3486 ut
1102 3433 1429 3502 justiﬁcetur
1463 3443 1516 3487 et
1543 3434 1595 3486 in
1626 3433 2042 3504 magnojndicio

464 3517 778 3572 absolvatur
805 3535 822 3584 ;
849 3520 990 3573 unde
1019 3521 1073 3574 in
1107 3521 1268 3574 terris
1290 3521 1527 3589 seipsum
1551 3520 1884 3591 iudicantem
1916 3537 2039 3578 eum

464 3608 733 3661 viderunt.

546 3713 710 3770 Vens.
740 3713 832 3769 27.
881 3733 900 3768 ι
931 3715 1210 3773 Accedens
1239 3726 1415 3772 autem
1447 3719 1721 3785 tribunus,
1754 3721 1891 3776 dixit
1921 3722 1997 3776 illi
2024 3739 2040 3778 :

465 3809 560 3862 Dic
589 3808 716 3862 mihi
745 3809 790 3864 si
823 3817 878 3863 tu
911 3807 1188 3865 Romanus
1211 3825 1268 3865 es
1291 3810 1314 3864 i
1340 3812 1409 3864 At
1436 3811 1525 3866 ille
1555 3813 1694 3868 dixit
1720 3831 1734 3868 :
1773 3812 1972 3868 Etiam.
2015 3832 2035 3867 ι

533 3899 633 3952 Dic
661 3900 790 3954 mihi
819 3911 915 3955 tu:
946 3900 1220 3956 Romanus
1255 3903 1344 3956 es?
1393 3915 1444 3957 at
1476 3903 1568 3958 ille
1610 3905 1786 3959 dixit:
1815 3905 1992 3959 Etiam
2023 3923 2041 3960 :

462 3993 642 4048 sciens
693 3992 820 4061 quia
857 4002 1073 4063 oportet
1101 3993 1283 4064 regnis
1312 4004 1368 4048 et
1400 3997 1762 4064 potestatibus
1795 3997 2038 4063 obedire,

460 4098 514 4140 et
567 4087 696 4157 quia
726 4087 1094 4141 Romanorum
1138 4103 1294 4155 reges
1324 4089 1602 4152 universo,
1639 4099 1697 4143 ut
1732 4091 1803 4145 ita
1841 4091 2039 4156 dicam,

461 4172 577 4226 nrbi
636 4171 997 4241 imperabant,
1040 4183 1095 4228 et
1142 4175 1242 4244 ipsi
1295 4175 1516 4243 Iudaeas,
1567 4193 1688 4247 quas
1715 4177 1910 4233 Caesari
1942 4181 2040 4233 tri-

461 4264 588 4316 buta
629 4261 916 4328 solvebat,
962 4262 1254 4320 afﬁrmavit
1294 4281 1354 4321 se
1401 4281 1523 4324 esse
1568 4267 1897 4334 Romanum,
1935 4285 2038 4324 non

461 4352 527 4405 ad
565 4352 938 4421 repellendum
983 4357 1352 4412 Romanorum
1383 4361 1668 4429 imperium
1707 4369 1762 4413 et
1788 4360 2034 4416 domina-

461 4444 687 4508 tionem,
735 4445 877 4500 sicut
904 4446 1174 4502 faciebant
1204 4451 1384 4504 caeteri
1433 4449 1767 4522 Judaeorum,
1798 4456 1912 4522 qui,
1954 4469 2039 4509 se-
2069 4459 2116 4519 D

462 4536 609 4602 ipsos
635 4536 987 4607 decipientes,
1020 4540 1190 4593 Deum
1227 4539 1400 4594 solum
1425 4541 1528 4597 sibi
1553 4558 1734 4613 regem
1757 4560 1901 4611 esse,
1930 4562 2038 4600 non

458 4635 640 4680 autem
674 4628 970 4695 hominem,
1001 4630 1285 4698 dicebant;
1319 4633 1383 4686 de
1415 4631 1557 4688 facto
1585 4643 1788 4702 autem,
1820 4646 1878 4691 ut
1909 4639 2039 4694 viles

458 4722 623 4785 servi,
659 4719 860 4775 tributa
889 4721 1190 4790 solvebant,
1218 4725 1498 4780 servitutis
1529 4742 1724 4783 nomen
1746 4731 2006 4800 repudian
2025 4761 2040 4772 -

461 4822 562 4873 les,
599 4826 790 4869 revera
820 4812 1163 4882 subjacentes
1189 4832 1205 4883 ;
1233 4830 1370 4886 quos
1404 4816 1793 4888 Vespasianus,
1815 4822 2039 4892 quintus

457 4902 824 4960 Romanorum
855 4921 968 4973 rex,
994 4908 1150 4978 quasi
1181 4924 1287 4964 non
1318 4911 1650 4979 obedientes,
1681 4917 1898 4970 evertit.

531 5166 694 5220 Vens.
748 5163 839 5220 εδ.
886 5184 905 5217 ι
957 5163 1025 5219 Ει
1078 5167 1354 5234 respondit
1405 5169 1691 5228 tribunus:
1725 5173 1836 5245 Ego
1870 5177 2034 5231 multa

457 5271 668 5311 summa
712 5256 1029 5311 civilitatem
1076 5257 1215 5312 hanc
1246 5270 1568 5317 consecutus
1599 5277 1718 5318 sum
1761 5283 1778 5320 :
1816 5274 1872 5321 et
1899 5264 2038 5322 Pau-

459 5346 540 5401 lus
590 5347 710 5402 ait:
741 5347 856 5418 Ego
885 5358 1063 5403 autem
1091 5359 1145 5405 et
1177 5360 1334 5406 natus
1365 5367 1506 5407 smn.
1550 5374 1568 5407 ι

527 5439 744 5504 Cilicia,
775 5450 902 5495 ante
955 5451 1135 5496 ortum
1192 5442 1367 5510 Pauli,
1435 5461 1463 5500 a
1496 5445 1756 5504 Romanis
1786 5453 2036 5519 subacta,

529 5617 555 5655 ¹¹
583 5620 647 5673 C.
687 5620 749 5673 C.
786 5619 1062 5685 δέξωνται.

470 5684 490 5720 ⁸·
515 5689 578 5742 C.
598 5687 660 5742 C.
702 5684 972 5759 Ῥωμαῖον
1003 5694 1113 5748 καί.

1133 5623 1137 5628 ’
1177 5624 1192 5663 ί
1231 5629 1290 5683 C.
1325 5628 1385 5684 C.
1414 5627 1523 5696 ἐγὼ
1556 5630 1683 5700 γάρ.

1807 5643 1819 5682 1
1858 5631 1986 5688 Cod.
2022 5631 2320 5702 ὲξεχύνετο.

2158 968 2301 1040 ὁρῶν
2329 968 2408 1031 είς
2433 967 2829 1038 τά-γενόμενα,
2872 967 3008 1021 ἀλλὰ
3043 966 3134 1020 τὰ·
3159 966 3422 1037 μέλλοντα
3453 968 3746 1038 προειδώς.

2158 1090 2229 1102 -
2256 1061 2366 1116 Καὶ
2389 1061 2516 1130 μετ’
2551 1060 2755 1130 ὀλίγαο
2799 1058 3308 1130 Προσευχομένῳ,
3343 1062 3528 1131 φησὶν,
3563 1063 3637 1116 ὲν
3669 1063 3746 1128 τῷ

2159 1152 2315 1222 ἱερᾶν
2358 1153 2439 1210 ὃτι
2465 1153 2562 1222 οὐχ
2603 1153 2790 1216 ἁπλῶς
2820 1152 3091 1221 φαντασία
3119 1147 3188 1222 ἦν
3207 1169 3220 1183 ο
3272 1151 3363 1206 διὰ
3386 1153 3544 1206 τοῦτο
3569 1172 3744 1225 προσ-

2156 1243 2436 1315 ευχομένῳ
2483 1243 2724 1313 ἐπέστη·
2781 1243 2877 1296 καὶ
2928 1241 3201 1295 δείκνυσιν
3250 1243 3334 1295 ὅτι
3383 1243 3505 1313 οὐχὶ
3543 1246 3744 1314 φοϐού-

2157 1354 2319 1408 μενος
2358 1336 2518 1390 αὑτὸν
2572 1337 2701 1398 τοὺς
2753 1335 3034 1398 κινδύνους
3085 1333 3311 1404 ἔφυγεν,
3343 1334 3459 1388 ἀλλ’
3516 1336 3601 1390 ὅτι
3641 1337 3744 1390 οὐκ

2155 1428 2400 1500 ἐδέχοντο
2433 1428 2533 1498 τὴν
2567 1427 2871 1501 μαρτυρίαν
2901 1425 3091 1481 αὐτοῦ.

2230 1565 2249 1598 ι
2285 1545 2393 1598 Καὶ
2440 1542 2551 1613 ἐγὼ
2584 1540 2737 1600 εἷπον
2761 1562 2778 1579 ο
2827 1545 3030 1614 Κύριε,
3077 1542 3236 1596 αὐτοὶ
3280 1545 3630 1609 ἐπίστανται,
3662 1545 3740 1597 ὅτι

2153 1638 2263 1707 ἐγὼ
2294 1639 2441 1710 ἥμην
2481 1639 2793 1708 φυλακίζων
2821 1640 2920 1694 καὶ
2949 1640 3124 1710 δέρων
3165 1638 3310 1693 κατά
3348 1639 3446 1701 τὰς
3492 1653 3740 1706 συναγω-

2150 1730 2255 1799 γὰς
2285 1731 2414 1792 τοὺς
2448 1729 2804 1794 πιστεύοντας
2831 1732 2923 1786 ἐπὶ
2966 1730 3047 1785 σέ.
3091 1749 3111 1783 ι

2221 1819 2401 1873 Αὐτοὶ
2455 1819 2842 1884 ἐπίστανται,
2893 1819 2982 1873 ὅτι
3017 1819 3132 1889 ἐγὼ
3167 1819 3334 1889 ἤμην
3373 1816 3732 1887 φυλακίζων.

2149 1909 2319 1964 Τοῦτό
2352 1928 2517 1981 φησιν
2549 1913 2576 1964 6
2601 1910 2837 1975 Παῦλος,
2866 1911 2950 1964 ὅτι
2981 1913 3040 1962 Ei
3070 1911 3164 1964 καὶ
3206 1911 3281 1981 μὴ
3312 1908 3622 1962 πιστεύωσί
3657 1924 3736 1960 σοι

2147 2007 2197 2060 οῖ
2242 2006 2504 2072 Ἰουδαῖοι,
2533 2005 2646 2058 ἀλλ’
2675 2001 2769 2058 οὖν
2798 2003 3029 2073 ὤφειλον
3053 2004 3145 2057 τὸν
3175 2004 3310 2074 ἐμὸν
3333 2002 3732 2066 καταδέξασθαι

2148 2097 2305 2166 λόγον
2329 2114 2343 2128 ’
2377 2098 2610 2169 ἐπείπερ
2635 2098 2733 2151 σὺν
2764 2099 2948 2160 αὐτοῖς
2974 2097 3123 2167 ἥμην
3160 2098 3188 2150 ὁ
3215 2095 3431 2149 διώκων
3469 2095 3568 2164 τὴν
3617 2095 3733 2145 Ἐκ-

2149 2194 2397 2264 κλησίαν,
2444 2195 2539 2246 καὶ
2566 2193 2672 2246 ἔδει
2722 2192 2920 2255 αὐτοὺς
2967 2189 3482 2262 πληροφορηθῆναι,
3519 2188 3605 2240 ὅτι
3637 2187 3731 2238 οὐκ

2148 2286 2324 2350 ἄλλως
2367 2286 2615 2355 ἀπέστην
2653 2285 2754 2355 τῆς
2807 2281 3033 2355 πρώτης
3062 2281 3242 2352 δόξης,
3289 2282 3336 2334 εἰ
3385 2279 3460 2350 μὴ
3487 2276 3728 2349 ἀκριόὦς

2148 2378 2641 2450 ἔῖπληροερορήθην⁸
2700 2379 2782 2432 ὅτι
2822 2378 2923 2430 οὐκ
2967 2376 3114 2430 ἔστιν
3145 2374 3319 2437 ἄλλως
3354 2371 3600 2442 σωθῆναι
3644 2371 3727 2424 ἄν·

2149 2473 2367 2542 θρωπον
2398 2473 2446 2525 εί
2483 2471 2558 2541 μὴ
2589 2470 2676 2524 διὰ
2704 2470 2818 2540 τῆς,
2837 2471 2918 2534 είς
2949 2467 3186 2541 Χριστὸν
3224 2465 3436 2537 Ἰησοῦν
3467 2464 3723 2525 πίστεως

2145 2564 2207 2616 τὸ
2246 2558 2340 2616 οὖν
2373 2561 2678 2633 παράδοξον
2713 2563 2816 2632 τῆς
2861 2562 3001 2632 ἐμῆς
3043 2558 3354 2631 μεταϐολῆς
3409 2556 3585 2628 ἐχρῆν
3635 2555 3728 2608 κά-

2149 2657 2361 2720 κείνους
2393 2658 2740 2727 μεταπεῖσαι.

2223 2789 2241 2821 ι
2279 2769 2394 2822 Καὶ
2428 2771 2515 2823 ὅτε
2549 2768 2825 2838 ὲξεχεῖτοὶ
2868 2769 2930 2822 τὸ
2977 2763 3119 2838 αἷμα
3146 2765 3425 2836 Στεφάνου
3460 2763 3555 2818 τοῦ
3595 2763 3728 2833 μάρ-

2144 2857 2304 2928 τυρός
2343 2875 2459 2922 σου,
2490 2859 2586 2912 καὶ
2615 2859 2775 2922 αὐτὸς
2799 2858 2947 2928 ἢμην
2981 2855 3227 2926 ἐφεστὼς
3260 2855 3358 2909 καὶ
3390 2851 3726 2908 συνευδοκῶν

2145 2953 2212 3021 τῇ
2245 2951 2522 3022 ἀναιρέσει
2571 2950 2763 3015 αὐτοῦ,
2805 2951 2899 3004 καὶ
2943 2948 3237 3019 φυλάσσων
3278 2947 3348 3002 τὰ
3393 2946 3588 3017 ἱμάτια
3623 2943 3727 2998 τῶν

2145 3039 2515 3112 ἀναιρούντων
2535 3040 2718 3095 αὐτόν.
2757 3059 2776 3093 ι

2223 3151 2380 3209 Οἶδεν
2406 3155 2488 3208 ὅτι
2517 3154 2578 3207 τὸ
2602 3154 2888 3224 ὁμολογεῖν
2911 3151 3004 3206 ἐπὶ
3033 3151 3128 3206 τοῦ
3152 3150 3288 3205 Θεοῦ
3318 3151 3388 3204 τὰ
3416 3149 3523 3203 ίδια
3545 3149 3729 3218 πλημ-

2151 3248 2473 3319 μελήματα,
2509 3247 2603 3300 καὶ
2639 3245 2991 3316 κατακρίνειν
3041 3244 3254 3308 ἑαυτὸν,
3307 3241 3450 3294 ποιεῖ
3494 3238 3726 3306 καθαρι-

2147 3337 2281 3408 σμὸν
2317 3337 2639 3408 ἁμαρτιῶνο
2691 3338 2785 3391 καὶ
2829 3336 3086 3406 ὁμολογεῖ
3116 3336 3210 3390 καὶ
3256 3332 3413 3395 αὐτὸς
3461 3329 3526 3384 τά
3571 3345 3723 3400 πρα-

2143 3426 2341 3496 χθέντα
2369 3425 2520 3497 αὑτῷ
2553 3426 2752 3490 ἄτοπα,
2783 3427 2869 3480 ἵνα
2896 3425 3187 3495 δικαιωθῇ,
3223 3422 3314 3483 καὶ1
3341 3417 3436 3474 τοῦ
3476 3417 3720 3490 μεγάλου

2145 3515 2430 3587 κριτηρίου
2461 3515 2637 3587 ἀφεθῇ
2661 3533 2674 3546 ο
2705 3515 2764 3582 ἐξ
2813 3508 2888 3568 ὧν
2920 3514 3084 3577 αὐτὸς
3121 3512 3313 3568 ἑαυτὸν
3360 3508 3594 3564 ἐνταῦθα
3624 3525 3725 3561 κα·

2143 3608 2417 3678 τακρίνων
2447 3607 2719 3674 ἐφαίνετο.

2222 3719 2240 3750 ι
2281 3698 2602 3767 Προσελθὼν
2643 3697 2700 3750 δὲ
2747 3699 2776 3750 6
2830 3696 3109 3768 χιλίαρχος
3165 3689 3318 3749 εἶπεν
3362 3693 3512 3764 αὐτῷ
3541 3709 3554 3725 ·
3581 3690 3721 3758 Λέγε

2147 3808 2259 3861 μοι,
2297 3790 2360 3843 σὺ
2403 3790 2672 3860 Ῥωμαῖος
2717 3786 2806 3854 εἷς
2839 3790 2868 3841 ὁ
2895 3788 2952 3841 δὲ
2983 3787 3119 3856 ἔφη’
3148 3786 3277 3840 Ναί.
3324 3804 3344 3838 ι

2217 3880 2364 3950 Λέγε
2385 3899 2479 3948 μοι
2505 3881 2586 3935 σύ
2609 3897 2621 3910 ·
2664 3879 2945 3948 Ῥωμαῖος
2966 3876 3057 3943 εἷς
3083 3881 3115 3932 ό
3145 3878 3213 3931 δὲ
3241 3879 3378 3947 ἔφη,
3401 3877 3515 3932 Ναί
3535 3893 3547 3906 '
3576 3871 3722 3936 εἰδὼς

2145 3974 2225 4028 ὅτι
2251 3975 2331 4029 δεῖ
2359 3975 2552 4044 ἀρχαῖς
2587 3973 2679 4026 καὶ
2700 3972 2969 4038 ἐξουσίαις
2994 3969 3425 4025 ὑποτάττεσθαι·
3455 3969 3551 4022 καὶ
3581 3968 3661 4020 ὃτι
3695 3967 3722 4017 ὁ

2157 4067 2444 4136 Ῥωμαίων
2508 4063 2762 4134 βασιλεὺς
2825 4063 2946 4117 κατ’
3007 4064 3186 4115 έκεῖνο
3241 4059 3440 4131 καιροῦ
3503 4059 3716 4128 ἐκράτει

2147 4152 2334 4223 σχεδὸν
2360 4152 2534 4205 εἰπεῖν
2574 4150 2758 4222 πάσης
2796 4150 2902 4220 γῆς
2928 4149 3000 4214 i‘,
3043 4148 3124 4202 ἔτι
3169 4149 3278 4219 μὴν
3311 4147 3406 4202 καὶ
3435 4147 3608 4216 αὐτῆς
3628 4146 3719 4214 τῆς

2156 4243 2456 4306 Ἰουδαίαςο
2516 4243 2714 4306 οἵτινες
2776 4243 2870 4295 καὶ
2928 4242 3093 4311 φόρον
3145 4240 3367 4294 ἐτέλουν
3442 4240 3714 4309 Καίσαρι·

2145 4335 2495 4406 ὡμολόγησεν
2523 4328 2662 4386 εἶναι
2701 4332 2895 4385 ἑαυτὸν
2933 4333 3205 4402 Ῥωμαῖον
3225 4333 3252 4371 ¹ί
3285 4331 3362 4402 μὴ
3391 4333 3719 4402 ἀποσειόμε-

2147 4444 2235 4491 νος
2265 4426 2362 4497 τὴν
2400 4425 2575 4497 ἀρχὴν
2601 4425 2694 4478 καὶ
2723 4424 3046 4478 δεσποτείαν
3071 4425 3172 4494 τὴν
3205 4423 3526 4494 Ῥωμαϊκήν
3553 4442 3564 4456 ·
3593 4425 3720 4490 ὅπερ

2142 4521 2192 4572 oi
2243 4518 2421 4572 λοιποὶ
2476 4517 2720 4571 Ἰουδαῖοι
2768 4517 3260 4588 φρεναπατῶντες,
3309 4517 3402 4570 τὸν
3449 4517 3554 4586 μὲν
3599 4515 3720 4569 Θεὸν

2143 4610 2353 4664 ἑαυτῶν
2378 4610 2534 4680 μόνον
2559 4608 2742 4677 ἔλεγον
2767 4609 2894 4662 ἴδιον
2918 4609 3168 4678 βασιλέα,
3191 4610 3253 4661 οὐ
3279 4609 3384 4680 μὴν
3407 4608 3716 4677 ἄνθρωπονο

2141 4702 2324 4774 ἔργοις
2348 4701 2402 4752 δὲ
2430 4701 2614 4764 αὐτοῖς
2643 4699 2717 4762 ὡς
2748 4698 3028 4762 ὑποτελεῖς
3055 4698 3266 4751 οἰκέται
3292 4698 3456 4768 φόρον
3483 4698 3717 4758 ἐτέλουν,

2141 4795 2200 4846 ab
2227 4793 2325 4864 μὲν
2352 4792 2524 4862 ὄνομα
2546 4791 2894 4861 ἀρνούμενοι,
2923 4790 3105 4860 ἔργοις
3129 4789 3185 4841 δὲ
3218 4788 3578 4857 ὑποκείμενοι
3599 4805 3612 4818 ·
3635 4783 3719 4845 οὓς

2143 4885 2235 4938 καὶ
2269 4884 2580 4954 ἐπόρθησεν
2627 4882 3062 4946 Οὐεσπασιανὸς,
3105 4880 3180 4943 ὡς
3229 4880 3304 4949 μὴ
3345 4874 3719 4944 ὑποτασσομέ-

2138 4994 2293 5039 νους·
2335 4975 2394 5039 ὃς
2441 4974 2580 5045 μετὰ
2619 4975 2896 5046 τέσσαρας
2942 4973 3182 5044 βασιλεῖς
3223 4970 3512 5040 Ῥωμαίων
3541 4966 3719 5022 ἐϐασί-

2140 5068 2348 5121 λευσεν.

2197 5201 2216 5234 ι
2237 5180 2534 5253 Ἀπεκρίθη
2559 5181 2616 5234 δὲ
2653 5182 2680 5233 ὁ
2714 5179 3012 5250 χιλίαρχος,
3044 5177 3184 5247 Ἐγὼ
3201 5176 3398 5231 πολλοῦ
3424 5175 3713 5246 κεφαλαίου

2135 5273 2234 5342 τὴν
2267 5272 2543 5326 πολιτείαν
2573 5273 2778 5343 ταύτην
2815 5271 3237 5343 ἐκτησάμην.”0
3270 5271 3326 5324 δὲ
3353 5267 3569 5335 Παῦλος
3596 5271 3711 5337 ἔφη.

2135 5362 2280 5431 Ἐγὼ
2308 5363 2402 5417 καὶ
2426 5363 2788 5433 γεγέννημαι.
2827 5381 2845 5413 ι

2209 5456 2323 5526 Πρὺ
2353 5457 2466 5527 γὰρ
2491 5457 2584 5510 τοῦ
2615 5457 2944 5528 γεννηθῆναι
2980 5457 3072 5510 τὶν
3102 5455 3314 5510 Παῦλον
3343 5453 3712 5525 γεγενημένης

2435 5635 2482 5686 i‘
2519 5637 2664 5706 σχεδ.
2697 5637 2828 5692 πάσ.
2869 5654 2921 5706 γ.
2955 5639 3066 5690 είπ.
3103 5635 3258 5701 C0tl.,
3318 5651 3466 5692 corr.
3501 5648 3607 5690 rec.
3638 5650 3708 5688 tu.
