4068 6126
372 306 507 374 1589

1289 302 1757 370 FRAGMENTA
1792 305 1874 366 IN
1916 303 2105 366 ACTA
2140 298 2717 368 APOSTOLORUM.

3508 299 3643 364 1590

365 418 467 488 τῆς
489 417 742 482 Κιλικίας
772 418 878 472 ὑπὸ
914 414 1220 489 Ῥωμαίους
1246 416 1290 480 ι,
1315 418 1527 488 ἀνάγκη
1560 416 1656 471 καὶ
1687 414 1851 470 αὑτὸν
1876 415 1951 479 ὡς

2058 428 2284 471 necesse
2339 427 2457 471 erat.
2519 408 2771 483 Paulum,
2829 414 2911 471 eis
2964 414 3288 484 subjectum,
3334 410 3640 465 Romanum

365 511 497 565 ὄντα
529 511 621 564 ὑπ’
663 510 884 576 αὐτοὺς,
924 510 1196 582 Ῥωμαῖον
1228 506 1369 564 εἶναι
1389 527 1403 542 ·
1432 509 1571 572 τέως
1596 506 1654 563 δὲ
1676 508 1817 562 κατά
1852 508 1952 580 τὴν

367 603 714 674 προφητείαν
754 603 1057 676 ὲδεσμεύθη
1102 604 1161 657 έν
1228 602 1591 675 Ἰερουσαλὴμ
1635 601 1665 654 ὁ
1717 598 1952 666 Παῦλος.

370 694 467 747 καὶ
496 692 660 765 ἐξέϐη
685 697 714 749 ὁ
741 694 920 765 λόγος.

951 831 1204 888 ΚΕΦΑΛ.
1253 832 1358 885 ΚΓ¹

447 964 468 1000 ι
509 947 623 1002 Καὶ
664 949 729 1003 σὺ
777 948 921 1021 κάθῃ
969 949 1171 1021 κρίνων
1218 968 1285 1021 με
1329 949 1473 1006 κατά
1495 950 1589 1005 τὸν
1637 950 1826 1020 νόμον,
1860 949 1955 1004 καὶ

373 1038 708 1110 παρανομῶν
734 1038 976 1104 κελεύεις
1000 1058 1065 1110 με
1090 1040 1412 1096 τύπτεσθαι.
1452 1061 1473 1095 ι
1531 1040 1537 1048 ’

442 1130 553 1185 Kal
576 1131 941 1202 παρανομῶν
966 1134 1234 1201 κελεύεις
1253 1151 1330 1203 με
1365 1135 1729 1198 τύπτεσθαι;
1755 1135 1954 1206 ήλεγχε

372 1222 464 1276 τὸν
508 1223 770 1295 ἀρχιερέα
818 1226 927 1279 τῶν
983 1225 1253 1291 Ἰουδαίων
1299 1228 1627 1299 παραϐάτην
1679 1227 1809 1282 ὄντα
1858 1228 1954 1281 τοῦ

374 1315 561 1386 νόμου,
608 1318 703 1371 καὶ
742 1318 819 1391 μὴ
854 1317 1140 1388 ὀφείλοντα
1179 1320 1339 1376 ἄλλον
1360 1321 1451 1375 ἐπὶ
1481 1320 1800 1392 παρανομίᾳ
1833 1319 1955 1391 κρί-

374 1423 502 1463 νειν.

449 1535 469 1569 ι
507 1514 678 1571 Τοῦτο
702 1514 760 1572 δὲ
794 1520 960 1574 αὐτοῦ
990 1519 1344 1593 λαλήσαντος,
1372 1522 1591 1592 ἐγένετο
1631 1522 1821 1595 στάσις
1843 1521 1953 1576 τῶν

372 1612 682 1682 Φαρισαίων
728 1613 823 1668 καὶ
872 1613 984 1668 τῶν
1024 1615 1420 1681 Σαδδουκαίων,
1470 1618 1566 1671 καὶ
1618 1617 1846 1689 ἐσχίσθη
1894 1618 1977 1673 sb‘

372 1703 599 1773 πλῆθος.
638 1704 990 1762 Σαδδουκαῖοι
1027 1708 1124 1779 μὲν
1155 1709 1263 1781 γὰρ
1292 1710 1513 1778 λέγουσι
1559 1711 1634 1782 μὴ
1658 1710 1798 1764 εἶναι
1826 1711 1952 1766 ἀνά-

2059 520 2206 563 esse.
2273 508 2483 564 Interea
2540 509 2759 576 Paulus,
2825 509 3120 564 secundum
3171 503 3528 577 praplietiam,
3590 504 3651 558 in

2056 598 2358 656 Jerusalem
2443 600 2546 655 fuit
2618 601 2891 670 alligatus,
2940 606 2997 655 et
3080 600 3163 655 sic
3228 596 3486 667 impletus
3559 603 3643 650 est

2055 706 2257 748 sermo.

2668 832 2820 890 CAP.
2849 829 3038 887 XXIII.

2129 941 2290 997 Vens.
2320 943 2375 998 5.
2410 960 2428 994 ι
2465 941 2532 996 Ει
2564 952 2618 996 tu
2643 943 2842 997 sedens
2873 942 3091 1010 judicas
3116 956 3203 996 me
3239 940 3536 996 secundum
3556 937 3637 994 le-

2056 1050 2198 1106 gem,
2225 1045 2279 1091 et
2307 1045 2492 1090 contra
2519 1034 2687 1104 legem
2706 1034 2869 1102 jubes
2894 1049 2977 1089 me
3007 1033 3260 1103 percuti?
3293 1053 3312 1087 ι

2127 1126 2329 1182 Contra
2362 1127 2537 1196 legem
2552 1128 2709 1198 jubea
2739 1144 2819 1182 me
2838 1126 3089 1196 percuti?
3111 1124 3424 1196 Principem
3453 1139 3639 1180 sacer—

2057 1219 2243 1275 dotum
2292 1219 2604 1275 Judzeorum
2659 1221 2838 1291 arguit
2883 1220 3030 1289 quod
3079 1220 3252 1290 legem
3306 1216 3642 1289 transgredi-

2057 1314 2165 1377 tu‘r,
2196 1325 2318 1367 cum
2345 1313 2615 1368 neminem
2646 1313 2844 1369 debeat
2869 1321 3059 1369 contra
3088 1311 3259 1381 legem
3284 1310 3554 1381 judicare.

2133 1509 2295 1568 Vens.
2324 1510 2375 1575 7,
2403 1511 2457 1566 8.
2506 1505 2689 1566 (Cum
2712 1505 2833 1565 lne‘c
2861 1507 3118 1573 dixisset,
3157 1506 3298 1562 facta
3319 1513 3403 1561 est
3426 1504 3640 1559 dissen-

2057 1601 2140 1657 sio
2186 1602 2332 1657 inter
2374 1600 2676 1655 Pharisaeos
2720 1609 2777 1655 et
2812 1600 3179 1664 Sadducaeos,
3232 1607 3287 1653 et.
3338 1595 3512 1652 soluta
3556 1602 3641 1651 est

2061 1693 2374 1749 multitudo.
2431 1692 2712 1748 Saddnraei
2752 1692 2898 1746 e‘nim
2946 1686 3268 1745 dicunt'non
3299 1701 3418 1743 esse
3452 1701 3639 1741 resur-

374 1813 586 1862 στασιν,
626 1798 765 1868 μήτε
804 1777 1038 1868 ἄγγελον
1093 1777 1245 1872 μήτε*
1275 1803 1493 1875 πνεῦμα
1519 1820 1533 1832 ο
1560 1777 1848 1877 ἀναρισαῖοι
1897 1804 1955 1858 δὲ

2061 1786 2358 1842 rectionem
2381 1825 2397 1851 ,
2435 1799 2611 1854 neque
2643 1784 2926 1855 angelum,
2965 1796 3139 1852 neque
3161 1780 3419 1852 Spiritum
3451 1796 3467 1834 :
3499 1777 3642 1833 Pha-

372 1888 698 1959 ὁμολογοῦσι
725 1892 793 1946 τά
817 1893 1128 1967 ἀμφότερα.
1159 1915 1179 1948 ι

442 2005 515 2074 Ση
526 2005 787 2073 μειωτέον
807 2008 865 2062 ἐν
888 2009 1036 2081 ῥητῷ
1059 2009 1159 2082 τὴν
1186 2009 1294 2065 τῶν
1312 2011 1691 2067 Σαδδουκαίων
1713 2013 1951 2083 αἵρεσιν·

373 2096 465 2151 καὶ
491 2098 573 2150 ὃτι
609 2100 641 2169 ἡ
666 2099 811 2166 λέξις
838 2103 869 2172 ἡ
908 2101 1146 2171 λέγουσα
1176 2103 1507 2174 ἀμφότερα,
1540 2105 1601 2159 ού
1634 2105 1794 2176 μόνον
1822 2106 1956 2177 περὶ

371 2188 462 2242 δύο
481 2190 647 2259 λέγει,
675 2194 812 2264 ὅπερ
847 2196 1051 2265 κυρίως
1069 2196 1219 2267 δηλοῖ
1252 2198 1321 2252 τὰ
1341 2199 1666 2268 ἀμφότερα,
1694 2200 1831 2255 ἀλλά
1860 2201 1954 2255 καὶ

371 2283 501 2354 περὶ
524 2285 722 2352 τριῶν’
771 2284 912 2339 ὥστε
948 2283 1042 2341 οὗν
1072 2289 1133 2341 ού
1167 2290 1249 2343 δεῖ
1269 2290 1336 2344 ὲκ
1358 2290 1457 2361 τῆς
1487 2289 1685 2356 ἔξωθεν
1725 2292 1953 2362 ἀκριϐο-

368 2374 557 2430 λέκτου
583 2379 906 2449 κυριότητος
928 2381 1138 2450 κρίνειν
1158 2381 1258 2445 τὰς
1274 2381 1383 2435 τῶν
1408 2380 1596 2436 ἁπλῶν
1617 2383 1711 2437 καὶ
1732 2384 1954 2456 ἀγραμ-

370 2468 558 2537 μάτων
592 2470 789 2525 ἀλιέων
821 2473 1150 2544 συγγραφάς
1170 2488 1183 2503 ·
1204 2475 1270 2527 ὲκ
1294 2473 1503 2528 τούτων
1533 2475 1644 2547 γὰρ
1678 2477 1850 2542 πᾶσα,
1876 2477 1953 2542 ὡς

366 2562 563 2626 εἰπεῖν,
592 2563 806 2635 αἵρεσις
825 2567 1106 2633 γεννᾶται,
1132 2566 1274 2621 κατά
1304 2566 1645 2637 κυριολεξίαν
1673 2568 1766 2622 ὲπί
1787 2586 1952 2624 τινων

366 2652 542 2724 λόγων
579 2657 679 2719 τὰς
703 2658 927 2729 Γραφὰς
955 2658 1442 2731 πολυπραγμονεῖν
1474 2659 1807 2731 ζητούντων.

443 2869 463 2903 ι
510 2853 758 2921 Ἐγένετο
803 2853 862 2908 δὲ
904 2854 1122 2926 κραυγὴ
1177 2855 1421 2927 μεγάλη·
1478 2855 1574 2910 καὶ
1616 2854 1953 2922 ἀναστάντες

359 2944 511 3010 σιινὲς
545 2945 652 2999 τῶν
696 2947 1073 3019 γραμματέων
1107 2947 1203 3001 τοῦ
1248 2947 1449 3019 μέρους
1494 2948 1605 3002 τῶν
1633 2949 1950 3021 Φαρισαίων

365 3038 710 3108 διεμάχοντο,
734 3038 1005 3107 λέγοντες
1037 3039 1205 3093 Οὐδὲν
1229 3039 1402 3093 κακὸν
1430 3039 1761 3109 εὑρίσκομεν
1785 3040 1844 3093 ἐν
1872 3038 1952 3110 τῷ

365 3131 639 3202 ἀνθρώπῳ
672 3132 868 3202 τούτῳ.
899 3130 962 3184 Εἰ
984 3132 1041 3186 δὲ
1078 3131 1294 3205 πνεῦμα
1314 3132 1578 3203 ἐλάλησεν
1608 3130 1817 3205 αὐτῷἥ
1850 3131 1953 3203 ἀγ·
1979 3151 2024 3212 ο

365 3224 546 3294 γελος,
578 3223 651 3295 μὴ
675 3224 1059 3295 θεομαχῶμεν.
1095 3243 1114 3277 ι

432 3318 499 3370 Et
521 3315 590 3369 δὲ
616 3315 854 3385 πνεῦμα
881 3315 1191 3381 ἐλάλησεν
1216 3313 1379 3381 αὐτῷ
1397 3315 1436 3384 ἢ
1463 3314 1739 3385 ἅγγελος.
1787 3316 1949 3370 Ἀσα-

370 3408 467 3479 es;
495 3406 555 3461 τὸ
586 3407 765 3480 ῥητὸν,
801 3407 832 3478 ἢ
857 3407 967 3478 γὰρ
991 3408 1166 3462 λείπει
1195 3425 1250 3463 τι
1283 3407 1433 3480 αὐτῷ
1453 3407 1591 3479 πρὸς
1618 3408 1951 3481 ἀναπλήρω-

371 3517 454 3554 σιν
487 3500 580 3553 τοῦ
610 3501 899 3571 νοήματος,
935 3501 1021 3554 ίνα
1046 3497 1081 3575 ᾖ
1107 3499 1301 3564 οὕτως’
1335 3501 1398 3553 Ei
1432 3499 1488 3552 δὲ
1528 3500 1755 3570 Πνεῦμα
1782 3500 1816 3571 ἦ
1849 3502 1951 3571 ἄγ-

368 3590 525 3659 γελος
556 3590 818 3660 ἐλάλησεν
856 3591 1009 3661 αὐτῷ
1053 3592 1151 3662 τὴν
1195 3590 1446 3661 μηχανὴν
1489 3589 1584 3643 τοῦ
1624 3591 1822 3659 λόγου,
1865 3593 1953 3646 ἵνα

370 3683 584 3756 ἐκφύγῃ
619 3683 717 3755 τὴν
750 3684 1065 3753 ἐπιϐουλὴν,
1096 3682 1288 3752 ἄδηλόν
1320 3695 1508 3750 φησιν’
1543 3681 1575 3751 ἢ
1608 3682 1682 3744 ὡς
1714 3681 1822 3734 ἀπὸ
1844 3682 1953 3734 τῶν

369 3776 678 3846 Φαρισαίων
704 3774 765 3828 τὸ
795 3776 946 3845 ῥῆμα
977 3772 1219 3826 λεκτέον·
1261 3775 1330 3825 Εἰ
1359 3771 1429 3824 δὲ
1460 3770 1703 3840 Πνεῦμα
1732 3771 1957 3838 ἐλάλη-

371 3882 483 3921 σεν
510 3867 671 3932 αὐτῷ
694 3867 733 3934 ἢ
764 3866 1018 3935 ἅγγελος
1039 3883 1052 3897 ·
1087 3863 1209 3917 ἀντὶ
1245 3862 1377 3928 τοῦ,-
1407 3862 1538 3916 Ἰδοὺ
1560 3864 1628 3916 τὰ
1659 3863 1791 3932 περ)⁹
1823 3864 1956 3917 ἁνα-

372 3960 616 4021 στάσεως
645 3967 682 3993 αι
701 3956 880 4009 λαλῶν
894 3955 1056 4024 δῆλός
1086 3957 1255 4018 ἐστιν,
1285 3954 1427 4026 ἢδιὰ
1447 3953 1768 4025 Πνεύματος
1795 3952 1952 4021 ἁγίου

370 4051 403 4121 ἢ
439 4051 504 4104 δι’
530 4049 764 4118 ἀγγέλου
794 4046 1127 4118 κατηχηθεὶς
1151 4047 1243 4100 τὸν
1264 4047 1365 4117 τῆς
1391 4047 1745 4110 ἀναστάσεως
1771 4045 1951 4114 λόγον.

447 4161 465 4193 ι
499 4141 706 4211 Πολλῆς
725 4140 781 4193 δὲ
803 4140 1105 4210 γενομένης
1122 4138 1389 4203 στάσεως,
1418 4137 1679 4208 φοϐηθεὶς
1697 4137 1724 4189 ὁ
1744 4136 1955 4207 χιλίαρ-

370 4242 466 4305 χος
496 4233 572 4303 μὴ
604 4230 913 4301 διασπασθῇ
949 4233 975 4284 ὁ
1010 4229 1221 4293 Παῦλος
1250 4229 1342 4285 ὑπ’
1370 4228 1572 4294 αὐτῶν,
1606 4227 1859 4282 ἐκέλευσε
1890 4226 1955 4280 τὸ

374 4325 688 4397 στράτευμα
713 4322 957 4377 καταϐὰν
986 4323 1232 4394 ἁρπάσαι
1261 4321 1428 4375 αὐτὸν
1458 4321 1523 4374 ὲκ
1559 4320 1726 4393 μέσου
1749 4318 1951 4386 αὐτῶν,

372 4421 528 4489 ἄγειν
556 4436 616 4471 τε
641 4420 721 4481 είς
751 4417 850 4488 τὴν
887 4415 1262 4487 παρεμϐολήν.
1310 4433 1329 4467 ι

2061 1879 2202 1935 rismi
2229 1887 2408 1934 autem
2442 1886 2672 1947 utraque
2695 1877 3048 1933 conﬁtentur.
3085 1892 3104 1926 ι

2129 1990 2186 2045 ln
2215 1990 2302 2046 his
2333 1990 2511 2047 verbis
2543 2000 2768 2046 notatur
2802 1989 3025 2045 haeresis
3054 1987 3505 2054 Sadducmorum;
3542 1985 3642 2042 ob-

2057 2070 2386 2138 servandum
2422 2090 2602 2135 autem
2635 2087 2719 2135 est
2764 2082 2986 2134 verbum
3024 2088 3244 2149 utraque
3272 2091 3380 2130 non
3412 2072 3479 2128 de
3507 2074 3642 2126 duo-

2057 2171 2158 2226 bus
2219 2184 2363 2237 esse,
2423 2176 2482 2224 ut
2531 2170 2758 2226 ver-bum
2809 2182 3030 2238 utraque
3068 2167 3285 2237 proprie
3322 2174 3493 2229 notat,
3549 2162 3641 2217 sed

2057 2264 2125 2319 de
2173 2263 2345 2318 tribus
2392 2276 2546 2317 :non
2594 2261 2738 2316 enim
2790 2276 2858 2319 ex
2907 2258 3237 2313 auctoritate
3285 2251 3642 2312 accnratioris

2055 2355 2345 2411 verborum
2378 2352 2792 2410 inscrutationis
2815 2350 3125 2423 iudicandae
3154 2359 3282 2406 sunt
3314 2346 3639 2417 simplicium

2054 2444 2497 2504 et'indoctorum'
2529 2446 2864 2517 piscatorum
2910 2442 3154 2498 historize
3206 2460 3220 2497 :
3274 2440 3400 2496 inde
3441 2438 3638 2506 omnis,

2054 2546 2115 2593 ut
2148 2537 2222 2592 ita
2255 2537 2459 2602 dicam,
2494 2535 2721 2592 haeresis
2747 2535 2959 2601 oritur,
3012 2531 3335 2603 quibusdam
3370 2529 3640 2586 curiosius

2054 2624 2349 2699 inquirere
2378 2629 2445 2682 dc
2483 2625 2648 2682 certis
2674 2625 3074 2694 Scripturarum
3099 2622 3232 2679 locis
3265 2621 3422 2693 juxta
3453 2619 3642 2677 verbo-

2054 2736 2174 2778 rum
2202 2720 2586 2792 proprietatem
2616 2718 2977 2775 studentibus.

2125 2835 2292 2893 Vsns.
2324 2836 2379 2892 9.
2441 2853 2461 2889 ι
2491 2833 2695 2891 Facws
2716 2844 2802 2891 est
2825 2844 3006 2890 autem
3039 2832 3244 2888 clamor
3274 2843 3520 2902 magnus.
3578 2828 3645 2884 Et

2056 2940 2346 3001 surgentes
2380 2928 2600 3000 quidam
2628 2926 3051 2992 Pharisaeorum,
3093 2923 3424 2994 pugnabant,
3456 2920 3644 2975 dicen-

2055 3030 2139 3078 tes
2175 3039 2188 3077 :
2223 3020 2367 3077 Nihil
2401 3020 2529 3075 mali
2561 3019 2870 3074 invenimus
2903 3017 2955 3070 in
2986 3016 3206 3071 homine
3235 3014 3360 3070 isto.
3399 3011 3537 3080 Quid
3594 3012 3641 3067 si

2059 3112 2300 3184 Spiritus
2329 3112 2543 3167 locutus
2569 3118 2655 3166 est
2681 3107 2731 3164 ei
2761 3115 2857 3163 aut
2880 3105 3135 3178 angelus?
3157 3123 3178 3157 ι

2122 3287 2184 3343 Si
2216 3284 2448 3357 Spiritus
2480 3284 2688 3340 locutus
2718 3291 2794 3339 est
2819 3283 2868 3337 ei
2902 3292 2994 3338 aut
3031 3277 3283 3350 angelus?
3340 3275 3639 3330 Obscurum

2052 3378 2253 3434 dictum
2284 3378 2426 3433 istud
2450 3395 2465 3432 :
2490 3376 2575 3432 vel
2597 3376 2742 3433 enim
2771 3375 2973 3444 aliquid
2997 3373 3147 3427 deest
3185 3368 3251 3423 ad
3278 3365 3644 3435 complemen-

2053 3480 2164 3526 tum
2193 3470 2477 3526 sententize
2496 3510 2512 3536 ,
2565 3484 2684 3542 qua:
2712 3476 2856 3523 esset
2887 3467 3003 3522 hac
3031 3482 3045 3519 :
3080 3462 3135 3518 Si
3170 3450 3405 3532 spiritus
3435 3456 3515 3512 vel
3544 3471 3642 3510 an-

2054 3564 2205 3634 gelus
2237 3565 2285 3620 ei
2314 3579 2625 3620 sermonem
2655 3561 2924 3631 suggessit
2953 3557 3232 3613 caelestem
3277 3568 3387 3624 quo
3417 3549 3641 3606 insidias

2055 3657 2333 3726 elingcret,
2369 3672 2475 3711 non
2519 3672 2643 3710 vera
2671 3657 2832 3721 dicit;
2885 3653 2968 3708 vel
3001 3653 3205 3707 dictum
3239 3646 3639 3703 Pharisaeorum

2054 3760 2137 3803 est
2183 3766 2197 3802 :
2244 3746 2303 3802 Si
2343 3758 2519 3801 autem
2558 3748 2790 3816 Spiritus
2835 3746 3042 3799 locutus
3078 3751 3155 3797 est
3187 3742 3233 3794 ei
3271 3748 3363 3794 aut
3394 3738 3635 3808 angelus,
3678 3811 3682 3817 ι

2055 3856 2154 3907 pro
2206 3859 2219 3894 :
2265 3840 2434 3903 Ecce,
2479 3840 2738 3908 quoniam
2779 3839 2845 3891 de
2876 3835 3276 3891 resurrectione
3304 3829 3547 3895 disserit,
3585 3828 3637 3881 in

2058 3930 2263 4000 Spiritu
2289 3940 2478 3984 sancto
2510 3937 2603 3983 aut
2637 3919 2830 3997 angelo
2854 3926 2995 3979 haud
3018 3923 3178 3977 dubie
3205 3922 3271 3977 de
3298 3930 3638 3975 mortuorum

2057 4021 2458 4076 resurrectione
2480 4019 2784 4074 doctrinam
2814 4017 2913 4070 fuit
2938 4015 3187 4070 edoctus.

2130 4110 2291 4164 Vens.
2313 4110 2401 4166 10.
2448 4128 2467 4162 ι
2510 4109 2577 4165 Et
2608 4123 2731 4165 cum
2766 4122 2962 4178 magna
2995 4103 3267 4160 dissensio
3299 4102 3442 4157 facta
3468 4108 3635 4163 esset,

2059 4201 2256 4255 timens
2301 4199 2554 4254 tribunus
2606 4213 2675 4253 ne
2717 4197 3117 4267 discerperetur
3178 4193 3378 4249 Paulus
3421 4191 3489 4247 ab
3534 4189 3636 4255 eis,

2049 4293 2215 4361 jussit
2260 4292 2458 4347 milites
2502 4290 2834 4346 descendere
2884 4297 2942 4344 et.
2984 4302 3172 4357 rapere
3208 4302 3330 4343 eum
3364 4280 3431 4341 de
3459 4283 3639 4340 medio

2055 4402 2265 4452 eorum,
2302 4401 2365 4440 ac
2395 4386 2666 4441 deducere
2692 4400 2814 4439 eum
2853 4383 2905 4438 in
2932 4390 3133 4438 castra.
3157 4400 3173 4432 ι

440 4471 893 4565 ιένοδεῖταιλοιτεὺν
914 4510 940 4562 ὁ
961 4471 1239 4578 γιλίαρχος
1265 4505 1340 4577 μὴ
1361 4505 1670 4576 διασπασθῇ
1690 4515 1740 4570 η,
1766 4504 1954 4574 ἐπειδὴ

2130 4479 2306 4543 Tunc,
2340 4478 2465 4549 quia
2489 4479 2705 4533 dixerat
2730 4495 2743 4532 :
2770 4475 3041 4531 Romanus
3066 4490 3204 4538 sum,
3236 4482 3454 4528 veretur
3479 4471 3640 4525 tribu-

373 4599 525 4655 εἶπεν
549 4641 565 4667 ,
593 4602 676 4654 ὃτι
728 4599 999 4668 Ῥωμαῖός
1026 4599 1175 4650 ἐστι·
1210 4597 1306 4650 καὶ⁸
1345 4596 1447 4650 ούκ
1485 4596 1766 4651 ἀκίνδυνον
1800 4590 1867 4665 ἦν
1896 4594 1957 4648 τὸ

375 4696 641 4765 πρᾶγμα·
677 4694 810 4764 ὁρᾷς
834 4693 916 4745 ὅτι
944 4689 1169 4754 δικαίως
1199 4689 1555 4761 ὡμολόγησεν
1585 4688 1781 4742 ἑαυτὸν
1821 4687 1955 4740 Ῥω-

376 4790 534 4856 μαῖον
578 4784 741 4841 εἶναι·
783 4781 820 4857 ἦ
864 4784 972 4855 γὰρ
1019 4784 1084 4838 ἂν
1121 4783 1245 4837 οὐδὲ
1291 4780 1387 4836 νῦν
1436 4781 1702 4854 ἐφοϐήθηο
1751 4784 1849 4835 καὶ
1897 4780 1956 4834 τὸ

376 4875 693 4945 στράτευμα
718 4874 903 4927 λοιπὸν
933 4872 1172 4943 ἁρπάζει
1204 4870 1364 4925 αὑτὸν
1393 4870 1468 4936 ὼς
1495 4871 1646 4936 ἴδιον,
1682 4864 1848 4941 οἶμαι.

453 5064 472 5096 ι
509 5042 816 5113 Γενομένης
853 5042 911 5096 δὲ
939 5043 1173 5114 ἡμέρας,
1205 5042 1532 5112 ποιήσαντες
1560 5039 1870 5111 συστροφὴν
1902 5042 1952 5094 οἱ

386 5135 650 5195 Ἰουδαῖοι,
686 5133 1082 5202 ἀνεθεμάτισαν
1112 5133 1361 5196 ἑαυτοὺς,
1399 5132 1652 5201 λέγοντες
1684 5132 1822 5202 μήτε
1849 5149 1954 5201 φα-

375 5227 492 5293 γεῖν
529 5226 665 5295 μήτε
693 5226 858 5287 πιεῖν,
888 5223 995 5286 ’ἐως
1029 5217 1090 5278 οὗ
1127 5225 1491 5278 ἀποκτείνωσι
1521 5224 1610 5277 τὸν
1639 5223 1874 5281 Παῦλον.
1929 5243 1947 5276 ι

459 5398 913 5467 Ἁνεθεμὰτισαι·
934 5398 1212 5464 ,ἑαυτούς’
1235 5398 1355 5450 ἀντὶ
1379 5396 1494 5464 τοῦ,
1521 5396 1666 5463 Ἔξω
1694 5391 1833 5451 εἷναι
1854 5396 1953 5468 τῆς

378 5490 523 5545 κατὰ
547 5490 679 5543 Θεὸν
717 5490 951 5554 πίστεως
977 5486 1128 5543 εἷπον
1153 5498 1176 5525 ο
1201 5490 1447 5554 ἑαυτοὺς,
1484 5494 1533 5543 εἰ
1562 5490 1637 5562 μὴ
1667 5493 1954 5561 ποιήσαιεν

382 5580 445 5635 τὰ
483 5582 742 5648 δόξαντα·
778 5583 886 5635 εἴτε

929 5579 1022 5637 οὖν
1058 5582 1357 5651 ἐψεύσαντο
1385 5583 1483 5655 τὴν
1523 5584 1841 5653 ὑπόσχεσιν,
1878 5583 1951 5646 ὡς

455 5734 820 5814 ι-Ῥωμαίους
847 5740 954 5793 καί.

2058 4588 2160 4628 nus
2195 4586 2261 4626 ne
2286 4571 2629 4639 discerpatur
2680 4587 2695 4623 :
2749 4577 2804 4622 et
2852 4568 2954 4621 hoc
3003 4581 3109 4620 non
3142 4566 3258 4618 sine
3286 4561 3528 4632 periculo
3548 4560 3639 4614 Ia-

2055 4674 2198 4719 ctum
2232 4664 2440 4719 fuisset.
2501 4663 2662 4717 Vides
2696 4676 2824 4732 ergo
2874 4674 3037 4730 quam
3077 4658 3309 4713 feliciter
3349 4654 3548 4710 Paulus
3579 4669 3640 4708 se

2055 4751 2359 4805 Romanum
2384 4750 2603 4805 dixerit.
2634 4749 2787 4816 Quod
2814 4749 2865 4803 ui
2893 4748 3130 4813 fecisset,
3156 4762 3257 4802 nec
3283 4755 3408 4800 tunc
3429 4744 3641 4798 timuis-

2055 4856 2136 4899 set
2167 4844 2440 4899 tribunus.
2501 4842 2698 4899 Milites
2728 4854 2936 4910 autem,
2970 4852 3028 4898 ut
3054 4841 3323 4908 arbitror,
3360 4852 3485 4894 eum
3518 4846 3639 4890 tan-

2057 4952 2218 5007 quam
2250 4950 2405 4991 suum
2440 4936 2676 5004 rapiunt.

2133 5028 2301 5084 Vens.
2335 5027 2420 5083 12.
2470 5048 2489 5080 ι
2521 5026 2683 5083 Facta
2710 5038 2893 5086 autem
2919 5032 3036 5095 die,
3071 5030 3402 5100 collegerunt
3427 5044 3485 5084 se
3517 5027 3639 5097 qui-

2062 5120 2183 5176 dam
2219 5106 2284 5174 ex
2313 5118 2516 5176 Judaais
2563 5131 2618 5175 et
2663 5121 2994 5176 devoverunt
3023 5138 3082 5179 se
3105 5164 3120 5187 ,
3179 5123 3423 5177 dicentes
3464 5136 3638 5189 neque

2058 5213 2484 5267 manducaturos
2536 5227 2711 5282 neque
2753 5212 3054 5279 bibituros,
3112 5213 3282 5268 donec
3326 5213 3634 5268 occiderent

2057 5305 2303 5360 Paulum.
2337 5325 2356 5356 ι

2129 5396 2457 5453 Devoverunt
2488 5416 2541 5453 se
2568 5401 2706 5469 ipsos
2728 5438 2745 5465 ,
2795 5413 2912 5468 pro,
2967 5411 3025 5452 se
3057 5395 3309 5450 dixerunt
3334 5408 3484 5461 spem
3519 5405 3638 5459 quae

2064 5491 2116 5547 in
2155 5492 2321 5548 Deum
2359 5503 2442 5547 est
2480 5493 2812 5563 abjudicare,
2865 5490 2967 5545 nisi
2993 5502 3111 5558 qua:
3137 5494 3438 5541 statuerant
3471 5481 3635 5536 [θεῖς-

2062 5592 2215 5645 scut;
2270 5581 2411 5649 quod
2447 5583 2492 5635 si
2552 5582 2877 5650 promissum
2912 5579 3293 5640 mentirentur,
3330 5585 3387 5628 ut
3421 5569 3632 5626 mentiti

1034 5751 1069 5778 ιν
1103 5741 1161 5793 (1.
1197 5739 1256 5792 (ἱ.
1295 5739 1729 5803 ivx/assistam;
1808 5746 1831 5771 ιτ
1865 5737 1925 5788 (Σ.

2056 5735 2344 5808 διατπαθῆ.
2424 5745 2444 5765 ⁶
2484 5735 2546 5788 (3.
2590 5735 2650 5787 C.
2692 5728 2874 5789 εἶπαν.
