4068 6126
319 286 454 354 1593

1226 292 1692 354 FRAGMENTA
1726 289 1810 351 IN
1847 286 2054 351 'ACTA
2087 285 2660 349 APOSTOLORUM.

3432 283 3568 349 15ςὶ

392 420 413 452 ι
452 400 605 453 Μετὰ
636 400 693 454 δὲ
727 400 941 474 ἡμέρας
989 402 1153 489 τινὰς,
1174 404 1617 475 παραγενόμενος
1663 405 1691 456 6
1723 401 1888 472 Φῆλιξ

2065 400 2238 461 Vens.
2260 402 2353 457 24.
2393 421 2410 455 ι
2438 401 2567 457 Post
2594 401 2798 471 aliquot
2823 407 3001 456 autem
3034 399 3393 468 dies,venieus
3417 399 3568 454 Felix

317 492 412 545 σὺν
437 491 735 565 Δρουσίλλῃ
763 497 828 566 τῇ
863 494 969 565 ἰδίᾳ
997 486 1217 563 γυναίκὶ
1255 493 1390 565 οῦσῃ
1431 494 1682 566 Ἰουδαίᾳ.
1723 513 1742 547 ι

386 582 509 635 Σὺν
534 584 874 654 Δρουσίλλῃ
895 584 971 654 τῇ
996 585 1116 654 ὶδιᾳ
1144 587 1403 656 γυναικί.
1430 586 1590 658 Παρὰ
1605 586 1697 639 τδν
1726 584 1890 656 νόμον

316 671 465 743 αὐτῷ
488 681 516 709 ν
546 673 797 745 συνήφθη
841 675 1072 729 Ἰουδαία
1109 672 1244 729 οὖσα
1279 676 1500 743 ’Έλληνι
1525 692 1539 705 ⁸
1569 675 1603 746 ἦ
1643 676 1786 746 τάχα
1821 670 1891 746 ἦν

319 763 419 833 μέν
455 763 703 832 Ἰουδαία,
734 766 1048 838 γαμηθεῖσα
1074 767 1131 821 δὲ
1159 766 1308 839 αύτῷ
1338 769 1556 836 ἐγένετο
1605 768 1851 837 Ἑλληνίς
1871 784 1886 799 ·

316 856 397 909 διδ
426 856 519 910 καὶ
546 856 795 925 ὲξέλεγεν
818 858 967 929 αὐτῷ
992 857 1089 928 τὴν
1116 858 1315 928 ἑαυτῆς
1344 858 1545 912 πίστινο
1568 859 1602 928 ἢ
1624 858 1716 913 οὖν
1757 859 1890 913 Ἰου-

316 946 442 1001 δαία
467 942 535 1018 ἧν
564 949 658 1001 καὶ
689 948 895 1017 ἔλεγεν,
923 949 1011 1002 ἵνα
1039 950 1132 1002 καὶ
1154 957 1182 986 κ
1210 950 1516 1022 μεταπείσῃ
1544 950 1642 1004 καὶ⁵
1668 952 1760 1003 τδν
1795 950 1891 1004 ἄν·

318 1038 440 1109 δρα·
464 1038 588 1110 ἢὼς
608 1041 899 1110 παραϐᾶσα
921 1042 1012 1094 τὸν
1035 1041 1221 1112 νόμον,
1243 1041 1338 1096 καὶ¹
1366 1043 1446 1106 εἰς
1465 1043 1623 1096 τοῦτο
1647 1042 1886 1114 παρέϐη.

903 1156 1154 1209 ΚΕΦΔΛ.
1183 1156 1313 1211 ΚΕ⁹.

397 1268 860 1339 Ἀπολογουμένου
874 1269 931 1322 δὲ
955 1268 1142 1334 αὐτοῦ,
1168 1288 1186 1321 ι
1202 1270 1323 1323 ’Ότι
1346 1267 1471 1323 οὔτε
1499 1271 1579 1334 εἰς
1602 1270 1697 1326 τὸν
1726 1270 1890 1341 νόμον

313 1359 424 1414 τῶν
472 1360 766 1426 Ἰουδαίων,
798 1360 923 1415 οὕτε
964 1363 1045 1426 είς
1082 1361 1145 1415 τὸ
1173 1361 1339 1433 ἱερὸν,
1369 1361 1494 1416 οὔτε
1527 1363 1607 1426 είς
1633 1363 1889 1434 Καίσαρά

312 1467 368 1503 τι
394 1450 663 1521 ἥμαρτον.
698 1470 717 1503 ι

396 1541 527 1595 Ἰδοὺ
561 1542 838 1613 μαρτυρία
864 1543 1043 1614 σαφὴς
1068 1542 1152 1597 ὅτι
1181 1543 1238 1595 ἐν
1264 1543 1431 1596 πᾶσιν
1456 1542 1649 1596 ἐαυτὸν
1678 1544 1889 1615 ἀπρόσ-

316 1649 485 1686 κοπον
510 1634 539 1685 6
566 1633 776 1697 Παῦλος
802 1633 1091 1702 ἐφύλαττεο
1120 1635 1259 1704 μήτε
1290 1635 1371 1696 είς
1389 1642 1418 1682 7
1442 1634 1533 1687 τὸν
1555 1633 1721 1704 νόμον
1744 1635 1778 1706 ἢ
1806 1636 1887 1698 είς

1992 507 2117 549 cum
2151 490 2384 548 Drusilla
2408 507 2581 556 Atixore
2610 505 2728 555 sua,
2760 506 2882 559 quae
2911 500 3030 545 erat
3055 488 3258 545 Judaza.
3295 508 3315 541 ι

2062 581 2194 638 Cum
2222 581 2463 636 Drusilla
2494 597 2658 635 uxore
2687 597 2808 636 sua.
2846 580 3052 634 Praater
3077 579 3250 648 legem
3281 579 3330 633 ei
3363 578 3546 647 nupsit

1988 673 2170 730 Judaea
2221 672 2447 743 gentili;
2491 679 2587 726 aut
2631 670 2813 726 forsan
2848 685 2878 724 e
2908 668 3214 734 Judaea,_ei
3247 677 3437 737 nupta,
3485 668 3534 721 fa

1989 772 2075 821 cta
2104 771 2189 820 est
2218 763 2476 835 gentilis;
2512 761 2657 831 quod
2684 771 2866 817 autem
2900 761 2948 816 ei
2978 769 3160 816 notam
3188 758 3382 815 fecerit
3411 774 3566 812 suam

1991 857 2172 921 ﬁdem,
2191 855 2276 911 vel
2305 856 2430 925 quia
2462 852 2646 909 Judaea
2673 863 2812 921 erat,
2848 860 2902 908 et
2934 860 2992 906 ut
3019 853 3196 906 virum
3224 857 3570 907 converteret

1990 948 2345 1018 loquebatur;
2378 947 2465 1003 vel
2494 946 2646 1017 quia,
2675 945 2848 1017 legem
2874 954 3283 1016 praetergressa,
3308 956 3374 999 eo
3396 955 3568 1012 usque

1990 1050 2332 1111 transgressa
2365 1048 2468 1095 est.

2621 1147 2774 1204 CAP.
2803 1146 2972 1203 XXV.

2060 1267 2226 1324 Vens.
2251 1266 2305 1323 8.
2376 1285 2394 1318 ι
2431 1263 2695 1332 Quoniam
2739 1255 2914 1332 neque
2946 1263 3000 1315 in
3031 1260 3202 1330 legem
3230 1258 3564 1326 Iudaeorum,

1952 1356 1961 1363 ’
1990 1375 2163 1431 neque
2192 1361 2249 1416 in
2284 1358 2570 1430 templum,
2612 1370 2787 1426 neque
2820 1356 2873 1410 in
2904 1354 3174 1410 Caesarem
3205 1352 3407 1422 aliquid
3436 1367 3566 1420 pec-

1990 1467 2129 1509 cavn.
2164 1468 2184 1502 ›

2060 1543 2199 1599 Ecce
2229 1540 2582 1597 manifestum
2610 1547 2989 1611 argumentum
3019 1535 3245 1592 Paulum
3279 1548 3339 1589 se
3370 1533 3421 1588 in
3450 1546 3569 1587 om-

1988 1637 2091 1693 bus
2121 1633 2340 1705 injuriis
2367 1632 2731 1698 abstinuisse;
2763 1630 2856 1702 qui
2886 1643 3061 1700 neque
3087 1628 3140 1682 in
3170 1626 3365 1695 legem,
3392 1637 3568 1693 neque

314 1721 631 1794 ἄνθρωπον,
665 1723 699 1793 ἢ
729 1725 809 1788 είς
833 1725 894 1778 τδ
920 1724 1063 1795 ἱερὸν
1097 1724 1441 1795 ἁμαρτήσας,
1473 1724 1594 1779 ἀντὶ
1626 1723 1742 1789 τοῦ,
1768 1724 1888 1777 οὐδὲ

1991 1728 2044 1781 in
2094 1726 2408 1788 hominem,
2474 1738 2652 1794 neque
2707 1724 2761 1777 in
2815 1720 3073 1791 templum
3102 1716 3372 1788 peccavit,
3406 1714 3565 1784 quasi

313 1814 384 1866 τὰ
419 1814 484 1867 ἐκ
520 1815 687 1867 λίθων
726 1815 1138 1885 οἰκοδομήματα
1178 1813 1289 1868 τῶν
1326 1814 1600 1869 Ἰουδαίων
1632 1816 1886 1889 ἐνύϐρισέ

315 1922 445 1959 ποτε
479 1908 507 1959 6
533 1907 778 1972 Παῦλος,
808 1908 1013 1978 καίπερ
1043 1909 1200 1972 εἰδὼς
1240 1909 1337 1963 καὶ
1369 1907 1682 1979 κηρύσσων,
1718 1910 1794 1981 μὴ
1830 1911 1888 1962 ἐν

314 2001 715 2071 χειροποιήτοις
746 2000 837 2053 τὸν
863 2001 1130 2070 ’Υψιστον
1171 2001 1375 2067 οίκεῖν,
1408 2001 1526 2054 ἀλλ’
1567 2000 1692 2055 οὔτε
1738 2000 1890 2072 ἱερέα

314 2092 611 2161 ἐτόλμησεν
644 2090 863 2162 ὑϐρίσαι
893 2094 950 2144 ὲν
979 2092 1182 2163 είδήσει
1218 2091 1470 2145 Ἰουδαῖον
1490 2134 1505 2158 ,
1531 2091 1778 2159 καίτοιγε
1813 2091 1888 2162 μὴ

314 2183 629 2254 πειθαρχῶν
661 2183 742 2238 ἔτι
777 2185 892 2248 τοῖς
932 2183 1200 2239 Ἰουδαίων
1229 2182 1602 2256 ἀρχιερεῦσιν.

388 2377 410 2413 ι
448 2357 585 2415 Εἷπε
613 2360 669 2414 δὲ
694 2362 722 2415 6
748 2360 992 2423 Παῦλοςτ
1037 2362 1162 2415 Ἐπὶ
1192 2360 1286 2413 τοῦ
1334 2360 1573 2432 βήματος
1609 2360 1889 2431 Καίσαρος

312 2452 485 2517 ἑστώς
513 2456 651 2524 ειμι,
683 2447 746 2508 οῦ
780 2471 848 2525 με
879 2453 962 2507 δεῖ
994 2453 1297 2524 κρίνεσθαι.
1333 2474 1352 2506 ι

381 2546 681 2615 Καίσαρος
703 2545 892 2612 ἑστώς
917 2548 1053 2616 ειμι·
1081 2541 1156 2602 οὗ
1182 2563 1259 2615 με
1285 2546 1381 2601 δεῖ
1396 2548 1703 2618 κρίνεσθαι
1721 2565 1735 2580 ο
1765 2547 1891 2601 ἀντὶ

311 2632 428 2697 τοῦ,
480 2635 566 2686 Ἑν
594 2637 658 2704 τῇ
700 2634 891 2705 Ῥώμῃ
917 2633 1056 2686 θέλω
1078 2634 1335 2689 ἀπελθεῖν
1357 2636 1509 2706 παρὰ
1534 2636 1611 2708 τῷ
1646 2636 1880 2706 βασιλεῖ,

313 2726 474 2779 κάκεῖ
499 2722 822 2777 δικάσασθαι
850 2723 1189 2792 ἐκκαλοῦμαί
1223 2741 1302 2791 σε,
1337 2725 1524 2796 φησίν.

390 2833 410 2866 ι
462 2813 713 2885 Ἦμερῶν
757 2814 814 2866 δὲ
846 2813 1242 2885 διαγενομένων
1274 2816 1436 2869 τινῶν
1459 2857 1476 2883 ,
1518 2817 1824 2886 Ἀγρίππας
1861 2820 1889 2871 6

316 2904 570 2975 βασιλεὺς
607 2904 701 2957 καὶ
747 2904 981 2975 Βερνίκη
1006 2904 1356 2977 κατήντησαν
1397 2909 1477 2972 είς
1529 2909 1886 2980 Καισάρειαν,

313 2995 684 3064 ἀσπασόμενοι
721 2993 811 3046 τὸν
839 2993 1068 3064 Φῆστον.
1113 3012 1134 3047 ›

388 3086 461 3139 Ἦ
502 3089 580 3148 είς
611 3085 767 3150 τάξιν
800 3083 1076 3155 βασιλέως
1110 3086 1302 3159 κατῄει
1339 3088 1399 3143 ἐν
1431 3090 1551 3153 ταῖς
1589 3090 1885 3163 ἐπαρχίαις
1913 3067 1958 3127 c

310 3178 340 3232 6
377 3176 709 3249 Ἀγρίππας,
769 3179 865 3232 καὶ
893 3180 981 3235 διὰ
1012 3178 1174 3234 τοῦτο
1204 3181 1299 3234 καὶ
1335 3180 1591 3250 βασιλεὺς
1630 3184 1883 3254 ἐχρημά-

311 3270 478 3335 τιζεν·
502 3270 534 3342 ἢ
555 3271 646 3324 καὶ
666 3271 807 3340 τάχα
833 3271 1089 3342 βασιλεὺς
1114 3267 1183 3343 ἦν
1208 3273 1303 3326 καὶ
1330 3273 1494 3338 αὐτὸς
1522 3275 1629 3326 τῶν
1647 3276 1887 3330 ἀνατολι-

312 3360 424 3414 κῶν
459 3362 661 3433 μερῶψ
688 3362 783 3416 τοῦ
817 3364 1070 3435 Νέρωνος
1094 3363 1204 3417 τῶν
1234 3364 1468 3419 δυτικῶν
1492 3366 1752 3438 ἄρχοντος
1789 3368 1885 3421 καὶ

312 3452 463 3516 ὄντος
491 3455 549 3507 ἐν
588 3453 805 3527 Ῥώμῃ·
850 3455 911 3508 τὸ
954 3455 1063 3527 γὰρ
1110 3457 1332 3528 Καῖσαρ
1372 3457 1545 3527 δνομα
1589 3457 1885 3530 Ῥωμαϊστὶ

315 3544 541 3614 βασιλέα
566 3546 838 3615 σημαίνει,
866 3546 941 3611 ὡς
967 3546 1133 3618 κοινῷ
1156 3547 1380 3616 ὀνόματι
1409 3549 1621 3612 πάντας
1643 3551 1885 3620 βασιλεῖς

325 3632 614 3703 Ῥωμαίων
651 3633 934 3704 Καίσαρας
966 3634 1064 3703 μὲν
1103 3634 1390 3688 καλεῖσθαι
1412 3676 1428 3701 ,
1454 3636 1591 3690 καθὸ
1621 3638 1883 3707 βασιλεῖς·

311 3722 374 3776 οὐ
418 3723 525 3793 μὴν
552 3723 645 3776 καὶ
676 3723 818 3778 ίδικὰ
848 3725 1027 3778 αὐτῶν
1060 3719 1200 3777 εῖναι
1232 3724 1474 3795 ὀνόματα
1502 3725 1698 3781 ταῦτα’
1729 3729 1888 3784 τοῦτο

313 3812 372 3866 δέ
400 3808 554 3868 εἷπον
572 3854 587 3876 ,
611 3814 697 3867 ἵνα
726 3815 889 3885 μήτις
918 3815 983 3867 ἐκ
1006 3814 1109 3883 τῆς
1129 3816 1449 3886 ὁμωνυμίας
1474 3817 1570 3871 τοῦ
1594 3819 1886 3875 καθολικοῦ

312 3903 573 3972 ὀνόματος
609 3905 826 3975 νομίσῃ,
848 3904 938 3956 γὸτι
969 3904 1063 3956 ἐπὶ
1091 3903 1184 3957 τοῦ
1228 3905 1396 3958 αὐτοῦ
1425 3905 1693 3975 βασιλέως
1723 3911 1820 3963 καὶ
1860 3913 1889 3965 6

313 3996 518 4067 Κύριος
543 3996 701 4066 ἡμῶν
736 3995 931 4066 ἐτέχθη
950 4036 964 4058 ,
993 3995 1089 4048 καὶ
1124 3997 1153 4049 6
1182 3996 1395 4061 Παῦλος
1422 3997 1625 4052 ἔπαθεν
1647 4017 1660 4031 ’
1689 4001 1888 4073 ἐτέχθη

317 4087 414 4155 μὲν
445 4086 554 4156 γὰρ
592 4089 619 4138 6
667 4085 908 4156 Κύριος,
951 4084 1134 4149 καθὼς
1172 4088 1220 4140 οἱ
1257 4088 1439 4158 χρόνοι
1472 4089 1762 4160 δηλοῦσιν,
1798 4093 1891 4146 ἐπὶ

312 4176 627 4246 Αὐγούστου
673 4176 953 4247 Καίσαρος
979 4192 993 4207 ·
1036 4177 1275 4231 ἀπέθανε
1314 4179 1371 4232 δὲ
1418 4182 1560 4252 μετὰ
1594 4184 1891 4253 τριάκοντα

311 4267 406 4321 δύο
433 4267 526 4339 ἔτη
549 4268 640 4321 ἐπὶ
661 4267 913 4339 Τιϐερίου
936 4267 1247 4337 Αὐγούστου
1272 4284 1286 4299 ·
1309 4271 1337 4322 6
1365 4270 1422 4323 δὲ
1448 4271 1659 4338 Παῦλος
1685 4274 1892 4330 ἀπέθα-

1988 1822 2261 1876 diceretur
2316 1817 2512 1874 Paulus
2585 1832 2654 1873 ne
2705 1816 2936 1871 aedilicia
2996 1814 3210 1885 quidem
3258 1810 3567 1866 Judaaorutn

1988 1929 2051 1969 ex
2085 1913 2355 1982 lapidibus
2384 1918 2699 1966 constructa
2731 1908 2946 1980 injuriis
2972 1905 3332 1976 impetivisse,
3371 1916 3566 1971 quam-

1989 2004 2072 2059 vis
2115 2003 2282 2057 sciret
2336 2012 2392 2057 et
2435 2000 2762 2070 praedicaret
2809 2013 2917 2053 non
2960 1998 3013 2051 in
3050 1994 3379 2050 manufactis
3399 1991 3565 2046 Altis—

1987 2095 2183 2151 simum
2217 2093 2496 2157 habitare,
2525 2105 2700 2160 neque
2726 2089 2967 2145 Judaeum
2997 2083 3563 2157 sacerdotemwsciens,

1989 2183 2330 2241 contumeliis
2375 2182 2592 2238 allicere
2641 2194 2806 2235 ausus
2845 2187 2968 2244 est,
3024 2177 3153 2232 licet
3192 2191 3297 2230 non
3333 2172 3567 2241 amplius

1987 2278 2296 2334 Iudaeorum
2328 2275 2672 2330 sacerdotum
2704 2271 3044 2342 principibus
3075 2268 3345 2324 obediret.

2061 2367 2227 2421 Vens.
2249 2366 2337 2420 10.
2385 2383 2404 2418 ι
2431 2364 2577 2418 Dixit
2603 2371 2782 2418 autem
2805 2360 3005 2416 Paulus
3036 2377 3051 2414 :
3083 2360 3162 2415 Ad
3191 2357 3426 2413 tribunal
3451 2356 3569 2413 Ca:-

1987 2460 2125 2516 saris
2148 2468 2231 2514 sto
2262 2475 2278 2513 :
2310 2456 2402 2512 ubi
2431 2470 2520 2511 me
2546 2463 2761 2524 oportet
2782 2452 3035 2522 iudicari.
3057 2469 3076 2503 ι

2062 2551 2145 2605 Ad
2178 2537 2439 2603 Umorem
2463 2554 2547 2600 sto
2591 2559 2611 2599 :
2662 2544 2751 2597 ubi
2799 2559 2882 2597 me
2911 2548 3115 2612 oportet
3139 2539 3403 2609 iudicari,
3446 2553 3567 2608 pro,

1990 2642 2219 2698 Romam
2255 2639 2379 2695 volo
2402 2640 2483 2694 ire
2510 2637 2578 2693 ad
2603 2623 2816 2707 regem,
2859 2643 2915 2690 et
2946 2634 3043 2700 ibi,
3080 2643 3138 2687 ut
3159 2630 3392 2701 judicer,
3430 2631 3483 2686 in
3518 2638 3572 2686 te

1991 2735 2221 2807 appello.

2064 2827 2230 2883 Vens.
2256 2827 2344 2880 15.
2390 2841 2410 2877 ι
2434 2821 2524 2889 Et,
2553 2836 2678 2878 cum
2707 2818 2822 2875 dies
2844 2816 3047 2887 aliquot
3077 2813 3339 2869 transacti
3363 2820 3567 2875 essent,

1990 2917 2228 2989 Agrippa
2257 2932 2351 2971 rex
2383 2925 2438 2969 et
2462 2913 2690 2969 Bernice
2719 2909 3117 2967 descenderunt
3143 2904 3471 2968 Caesaream,
3501 2901 3569 2957 ad

1991 3008 2336 3069 salutandum
2365 3006 2604 3063 Festum.
2629 3023 2648 3057 ι

2064 3102 2160 3159 Vel
2208 3101 2370 3173 regia:
2408 3097 2697 3169 potestatis
2745 3095 2799 3150 in
2839 3091 3135 3163 provinciis
3176 3088 3570 3158 eratAgrippa,

1985 3205 2040 3252 et
2081 3194 2153 3251 ob
2183 3207 2302 3249 eam
2331 3205 2549 3246 causam
2592 3202 2687 3242 rex
2711 3186 3017 3249 dicebatur;
3070 3181 3153 3236 vel
3176 3180 3357 3236 forsan
3384 3194 3573 3234 revera

1983 3293 2103 3342 erat
2130 3299 2221 3338 rex
2261 3279 2616 3338 Orientalium
2649 3276 2903 3347 partium,
2957 3272 3168 3328 Nerone
3197 3271 3250 3325 in
3282 3269 3575 3325 Occidente

1986 3386 2246 3447 regnante
2265 3372 2519 3429 elRomae
2531 3379 2903 3427 commorante
2921 3382 2937 3418 :
2958 3381 3151 3420 nomen
3175 3364 3317 3418 enim
3341 3361 3574 3417 Caesaris

1983 3466 2177 3523 Latine
2203 3481 2372 3536 regem
2398 3473 2575 3529 sonat,
2616 3462 2762 3515 unde
2795 3457 3047 3514 omnibus
3076 3456 3446 3511 Romanorum
3483 3468 3575 3509 re-

1985 3558 2141 3626 gibus
2172 3556 2355 3612 Cmsar
2385 3568 2581 3610 nomen
2611 3560 2766 3616 erat,
2818 3550 2874 3603 in
2906 3556 3166 3618 quantum
3198 3557 3355 3602 erant
3384 3560 3572 3616 reges;

1986 3647 2204 3718 propria
2249 3656 2430 3701 autem
2489 3659 2682 3700 eorum
2736 3641 2953 3697 nomina
3005 3654 3112 3695 non
3151 3647 3308 3695 erant
3344 3636 3573 3692 eadem:

1988 3738 2130 3806 quod
2175 3737 2287 3791 dixi
2339 3751 2409 3790 ne
2450 3736 2592 3803 quis,
2657 3747 2724 3787 ex
2773 3731 3011 3786 nominis
3035 3731 3448 3794 communitate,
3480 3740 3575 3783 ar-

1988 3828 2223 3882 bitretur
2251 3825 2352 3881 sub
2377 3824 2568 3879 eodem
2597 3836 2725 3892 rege
2764 3829 2820 3875 et
2847 3821 3132 3875 Dominum
3159 3835 3282 3874 esse
3302 3829 3487 3873 natum
3519 3827 3576 3873 et

1991 3918 2216 3973 Paulum
2245 3928 2367 3971 esse
2395 3928 2611 3984 passum
2660 3926 2676 3966 :
2723 3921 2883 3965 natus
2912 3919 2996 3964 est
3028 3910 3171 3963 enim
3202 3911 3480 3974 Dominus,
3514 3919 3575 3965 ut

1992 4018 2234 4076 tempora
2262 4003 2517 4059 evincunt
2546 4040 2562 4066 ,
2619 3999 2719 4054 sub
2744 3998 2988 4065 Augusto
3018 3994 3272 4060 Caesare;
3326 4005 3573 4050 mortuus

1991 4109 2075 4154 est
2105 4108 2284 4151 autem
2330 4101 2457 4164 post
2479 4093 2586 4148 duo
2619 4100 2675 4146 et
2710 4089 2933 4158 triginta
2959 4100 3131 4141 annos
3156 4125 3172 4150 ,
3223 4085 3325 4141 sub
3352 4083 3573 4140 Tiberio

1990 4192 2271 4259 Augusto;
2303 4183 2503 4240 Paulus
2529 4195 2661 4236 vero
2687 4189 2937 4235 mortuus
2960 4186 3043 4233 est
3071 4177 3172 4231 sub
3195 4175 3428 4243 Nerone,
3464 4176 3571 4230 duo

1991 4287 2045 4333 et
2094 4274 2283 4347 viginti
2327 4286 2498 4328 annos
2546 4279 2668 4339 post
2711 4267 2923 4323 Domini
2955 4272 3205 4321 mortem.
3261 4265 3365 4319 Sed
3393 4267 3570 4334 potius

312 4377 403 4415 νεν
458 4362 552 4413 ἐπὶ
604 4360 856 4432 Νέρωνος
918 4360 1057 4431 μετὰ
1113 4361 1358 4415 εἰκοστὸν
1411 4362 1668 4436 δεύτερον
1720 4365 1886 4430 ἔτος²

1994 4366 2255 4435 Herodes,
2291 4381 2398 4423 non
2423 4377 2581 4419 secus
2604 4375 2669 4416 ac
2689 4360 2922 4430 Agrippa
2948 4397 2968 4428 ,
3022 4356 3224 4427 regiam
3247 4364 3570 4425 potestatem

312 4453 410 4507 τοῦ
443 4453 676 4508 θανάτου
709 4453 802 4507 τοῦ
840 4454 1070 4523 Κυρίου.
1093 4453 1315 4508 Μᾶλλον
1358 4454 1413 4508 δὲ
1453 4456 1546 4510 καὶ
1576 4458 1604 4511 6
1644 4457 1894 4531 Ἡρώδης

313 4544 390 4608 ὡς
424 4543 453 4596 6
477 4546 503 4576 ¹¹
557 4545 867 4615 Ἀγρίππας
898 4544 956 4597 ἐν
998 4542 1152 4609 τάξει
1189 4544 1459 4615 βασιλέως
1504 4547 1772 4618 κατῆλθε·
1812 4551 1895 4605 διὸ

314 4634 412 4688 καὶ
441 4635 605 4699 αὐτὸς
637 4635 886 4689 ἐκαλεῖτο
919 4635 1194 4706 βασιλεύς.

391 4744 410 4776 ε
451 4725 596 4797 Πρὸς
645 4726 740 4790 οὓς
778 4726 1123 4797 ἀπεκρίθην,
1150 4728 1232 4781 ὅτι
1260 4729 1363 4781 οὐκ
1395 4729 1544 4782 ἔστιν
1583 4730 1706 4797 ἔθος
1758 4733 1894 4788 Ῥω-

317 4813 496 4886 μαίοις
520 4815 841 4886 χαρίζεσθαί
872 4833 990 4868 τινα
1016 4815 1303 4886 ἄνθρωπον
1324 4819 1403 4880 εἰς
1433 4818 1732 4889 ἀπώλειαν,
1755 4823 1887 4893 πρὶν

311 4905 346 4974 ἦ
370 4906 398 4958 6
427 4905 907 4978 κατηγορούμενος
942 4897 1084 4958 κατὰ
1114 4906 1408 4974 πρόσωπον
1437 4908 1553 4976 ἔχοι
1593 4908 1721 4972 τοὺς
1750 4927 1888 4963 κατ-

310 4995 568 5064 ηγόρους,
602 4995 767 5049 τόπον
794 5011 853 5046 τε
884 4993 1183 5063 ἀπολογίας
1209 4994 1364 5049 λάϐοι
1398 4996 1527 5067 περὶ
1558 4996 1652 5051 τοῦ
1685 4998 1889 5069 ἐγκλή-

317 5103 504 5156 ματος.
536 5105 554 5136 ι

387 5177 552 5229 ’Ὠστε
579 5176 672 5230 οὖν
698 5180 726 5229 6
748 5178 979 5243 Πιλάτος
1009 5184 1382 5251 χαρισάμενος
1407 5179 1499 5232 τὸν
1543 5178 1752 5251 Ἰησοῦν
1777 5184 1891 5245 τοῖς

326 5268 625 5332 Ἰουδαίοις,
666 5270 751 5322 ἵνα
779 5272 944 5325 αὑτὸν
976 5273 1261 5339 ἀνέλωσιν,
1292 5274 1449 5344 δῆλος
1478 5268 1546 5344 ἦν
1575 5276 1888 5345 μιαιφονικῇ

314 5362 460 5431 ψυχῇ
493 5361 654 5416 τοῦτο
687 5363 939 5435 ποιήσας,
973 5365 1105 5417 ὅπου
1139 5383 1201 5433 γε
1235 5366 1296 5417 ού
1346 5366 1509 5435 μόνον
1537 5365 1598 5418 τὸ
1632 5365 1726 5418 τοῦ
1756 5366 1890 5418 Θεοῦ

317 5451 571 5519 ὑπερεῖδε
612 5453 785 5522 κρῖμα
825 5456 905 5516 είς
950 5453 1128 5518 τοῦτο,
1161 5453 1298 5507 ἀλλὰ
1343 5455 1439 5508 καὶ
1472 5454 1564 5507 τὸν
1605 5453 1714 5510 τῶν
1761 5455 1892 5509 Ῥω-

386 5613 415 5642 '
443 5603 502 5659 C.
535 5604 575 5659 C
612 5608 769 5673 αὐτῆ.

317 5692 425 5731 om.
458 5674 509 5730 ὁ.

851 5622 873 5647 κ
901 5606 961 5662 C.
992 5606 1029 5664 C
1081 5626 1193 5666 om.
1230 5608 1328 5662 ἵνα
1379 5609 1489 5663 καί.
1565 5617 1593 5659 γ
1622 5609 1895 5668 (λϐντὺν
1931 5606 2046 5664 θεὸν
2073 5609 2130 5684 ἦ.

1994 4459 2251 4524 habebat,
2281 4465 2333 4513 et
2362 4456 2485 4512 ideo
2514 4468 2608 4510 rex
2634 4450 2933 4508 dicebatur.

2062 4721 2347 4781 Vsas.l6.
2412 4720 2543 4776 «Ad
2584 4733 2720 4789 quos
2769 4717 3024 4788 respondi
3075 4734 3091 4771 :
3140 4715 3277 4783 Quia
3328 4731 3434 4773 non
3484 4724 3571 4772 est

1994 4816 2254 4875 Romanis
2301 4812 2637 4870 consuetudo
2696 4814 2962 4866 damnare
3011 4809 3246 4879 aliquem
3293 4808 3569 4865 hominem

1995 4909 2315 4979 priusquam
2350 4905 2398 4960 is
2428 4903 2520 4974 qui
2551 4914 2840 4958 accusatur
2868 4911 3162 4972 praesentes
3184 4900 3380 4956 habeat
3402 4916 3567 4955 accu-

1994 5009 2201 5055 satores
2222 5036 2238 5063 ,
2286 4995 2574 5063 locumque
2599 4992 2918 5050 defendendi
2948 4993 3184 5064 accipiat
3212 4992 3278 5048 ad
3302 4990 3566 5047 abluenda

1993 5087 2242 5143 crimina.
2276 5103 2295 5138 ι

2065 5180 2231 5251 Igitur
2257 5180 2485 5247 Pilatus,
2522 5179 2704 5237 Iesum
2731 5178 2931 5234 Judaais
2962 5179 3029 5232 ad
3052 5175 3405 5232 occidendum
3441 5190 3565 5244 pro-

1991 5282 2109 5344 pter
2126 5273 2355 5343 gratiam
2381 5281 2620 5339 traoens,
2642 5271 2890 5345 apparuit
2912 5286 2977 5326 ex
2997 5271 3352 5341 perversitate
3369 5270 3563 5339 egisse,

1991 5364 2427 5434 quandoquidem
2490 5380 2596 5438 non
2648 5364 2818 5420 solius
2862 5362 2957 5417 Dei
3002 5361 3269 5430 judicium
3315 5369 3564 5413 contem-

1993 5456 2124 5524 psit,
2184 5456 2277 5511 sed
2300 5455 2462 5511 etiam
2488 5456 2851 5512 Romanorum
2891 5454 3037 5522 leges
3064 5451 3288 5522 pedibus
3311 5450 3575 5514 calcavit,

2244 5619 2265 5647 ι
2298 5608 2359 5668 C.
2389 5608 2449 5669 C.
2481 5608 2723 5664 εἰκοστοῦ
2758 5608 3009 5677 δευτέρου
3065 5605 3236 5668 ἔτους.
3313 5615 3341 5646 α
3375 5602 3435 5659 ϐο
3496 5608 3574 5669 ϐ.-
