  <div class='ocr_page' id='page_1' title='image "/cluster/home/n/w/nwhite01/storage/ocr_20150623/85/mdp.39015032042783/803.png"; bbox 0 0 4068 6126; ppageno 0'>
   <div class='ocr_carea' id='block_1_1' title="bbox 2470 221 2537 231">
    <p class='ocr_par' dir='ltr' id='par_1_1' title="bbox 2470 221 2537 231">
     <span class='ocr_line' id='line_1_1' title="bbox 2470 221 2537 231; baseline -0.03 0"><span class='ocrx_word' id='word_1_1' title='bbox 2470 221 2537 231; x_wconf 61' lang='grc' dir='ltr'><strong>..νς-.-</strong></span> 
     </span>
    </p>
   </div>
   <div class='ocr_carea' id='block_1_2' title="bbox 487 224 2074 319">
    <p class='ocr_par' dir='ltr' id='par_1_2' title="bbox 487 243 2074 319">
     <span class='ocr_line' id='line_1_2' title="bbox 487 243 2074 319; baseline -0.01 0"><span class='ocrx_word' id='word_1_2' title='bbox 487 251 623 319; x_wconf 83' lang='grc'><strong>1595</strong></span> <span class='ocrx_word' id='word_1_3' title='bbox 1642 243 1975 308; x_wconf 81' lang='grc' dir='ltr'><strong>ΔΜΜΟΝΙΙ</strong></span> <span class='ocrx_word' id='word_1_4' title='bbox 2013 244 2074 303; x_wconf 76' lang='lat' dir='ltr'><strong>Al</strong></span> 
     </span>
    </p>
   </div>
   <div class='ocr_carea' id='block_1_3' title="bbox 2182 224 3769 319">
    <p class='ocr_par' dir='ltr' id='par_1_3' title="bbox 2182 224 3769 300">
     <span class='ocr_line' id='line_1_3' title="bbox 2182 224 3769 300; baseline -0.008 0"><span class='ocrx_word' id='word_1_5' title='bbox 2182 224 2543 300; x_wconf 66' lang='lat' dir='ltr'><strong>{ANDRl‘Nl</strong></span> <span class='ocrx_word' id='word_1_6' title='bbox 3603 224 3769 289; x_wconf 74' lang='lat'><strong>1596</strong></span> 
     </span>
    </p>
   </div>
   <div class='ocr_carea' id='block_1_4' title="bbox 486 335 2074 434">
    <p class='ocr_par' dir='ltr' id='par_1_4' title="bbox 486 358 2048 434">
     <span class='ocr_line' id='line_1_4' title="bbox 486 358 2048 434; baseline -0.004 -18"><span class='ocrx_word' id='word_1_7' title='bbox 486 365 737 434; x_wconf 78' lang='lat' dir='ltr'><strong>regisque</strong></span> <span class='ocrx_word' id='word_1_8' title='bbox 759 361 1019 426; x_wconf 73' lang='lat' dir='ltr'><strong>mundata</strong></span> <span class='ocrx_word' id='word_1_9' title='bbox 1033 358 1354 431; x_wconf 80' lang='lat' dir='ltr'><strong>praeterivit,</strong></span> <span class='ocrx_word' id='word_1_10' title='bbox 1376 365 1432 413; x_wconf 89' lang='lat' dir='ltr'><strong>ut</strong></span> <span class='ocrx_word' id='word_1_11' title='bbox 1458 360 1773 426; x_wconf 74' lang='lat' dir='ltr'><strong>sanguinem</strong></span> <span class='ocrx_word' id='word_1_12' title='bbox 1798 358 2048 411; x_wconf 81' lang='lat' dir='ltr'><strong>innocen-</strong></span> 
     </span>
    </p>
   </div>
   <div class='ocr_carea' id='block_1_5' title="bbox 2182 335 3771 434">
    <p class='ocr_par' dir='ltr' id='par_1_5' title="bbox 2182 335 3771 419">
     <span class='ocr_line' id='line_1_5' title="bbox 2182 335 3771 419; baseline -0.009 -15"><span class='ocrx_word' id='word_1_13' title='bbox 2182 350 2332 404; x_wconf 80' lang='grc' dir='ltr'>ιαίων</span> <span class='ocrx_word' id='word_1_14' title='bbox 2361 349 2527 419; x_wconf 83' lang='grc' dir='ltr'>νόμον</span> <span class='ocrx_word' id='word_1_15' title='bbox 2570 345 2951 415; x_wconf 71' lang='grc' dir='ltr'><strong>κατεπάτησε,</strong></span> <span class='ocrx_word' id='word_1_16' title='bbox 2999 344 3093 396; x_wconf 74' lang='grc' dir='ltr'><strong>καὶ</strong></span> <span class='ocrx_word' id='word_1_17' title='bbox 3142 341 3250 394; x_wconf 90' lang='grc' dir='ltr'><strong>τῶν</strong></span> <span class='ocrx_word' id='word_1_18' title='bbox 3304 335 3532 409; x_wconf 84' lang='grc' dir='ltr'>θεσμῶν</span> <span class='ocrx_word' id='word_1_19' title='bbox 3573 340 3771 409; x_wconf 74' lang='grc' dir='ltr'>ὑπερ-</span> 
     </span>
    </p>
   </div>
   <div class='ocr_carea' id='block_1_6' title="bbox 486 432 2074 517">
    <p class='ocr_par' dir='ltr' id='par_1_6' title="bbox 486 432 2058 517">
     <span class='ocr_line' id='line_1_6' title="bbox 486 432 2058 517; baseline -0.004 -8"><span class='ocrx_word' id='word_1_20' title='bbox 486 432 593 509; x_wconf 86' lang='lat' dir='ltr'><strong>tem</strong></span> <span class='ocrx_word' id='word_1_21' title='bbox 626 432 841 507; x_wconf 74' lang='lat' dir='ltr'><strong>tradens</strong></span> <span class='ocrx_word' id='word_1_22' title='bbox 866 450 1064 506; x_wconf 67' lang='lat' dir='ltr'><strong>Iudaeis</strong></span> <span class='ocrx_word' id='word_1_23' title='bbox 1094 450 1350 516; x_wconf 83' lang='lat' dir='ltr'><strong>plarerel,</strong></span> <span class='ocrx_word' id='word_1_24' title='bbox 1399 449 1647 517; x_wconf 79' lang='lat' dir='ltr'><strong>quamvis</strong></span> <span class='ocrx_word' id='word_1_25' title='bbox 1673 447 1852 511; x_wconf 82' lang='lat' dir='ltr'><strong>fuerit,</strong></span> <span class='ocrx_word' id='word_1_26' title='bbox 1895 457 1953 501; x_wconf 92' lang='lat' dir='ltr'><strong>ut</strong></span> <span class='ocrx_word' id='word_1_27' title='bbox 1981 446 2058 502; x_wconf 82' lang='lat' dir='ltr'><strong>lc—</strong></span> 
     </span>
    </p>
   </div>
   <div class='ocr_carea' id='block_1_7' title="bbox 2182 432 3767 517">
    <p class='ocr_par' dir='ltr' id='par_1_7' title="bbox 2182 432 3767 517">
     <span class='ocr_line' id='line_1_7' title="bbox 2182 432 3767 517; baseline -0.007 -22"><span class='ocrx_word' id='word_1_28' title='bbox 2182 446 2431 517; x_wconf 76' lang='grc' dir='ltr'>,φρόνησε</span> <span class='ocrx_word' id='word_1_29' title='bbox 2453 443 2547 498; x_wconf 82' lang='grc' dir='ltr'><strong>τοῦ</strong></span> <span class='ocrx_word' id='word_1_30' title='bbox 2580 442 2864 513; x_wconf 59' lang='grc' dir='ltr'>βασιλέως</span> <span class='ocrx_word' id='word_1_31' title='bbox 2892 441 2978 495; x_wconf 78' lang='grc' dir='ltr'><strong>ἵνα</strong></span> <span class='ocrx_word' id='word_1_32' title='bbox 3006 433 3146 509; x_wconf 74' lang='grc' dir='ltr'>αἷμα</span> <span class='ocrx_word' id='word_1_33' title='bbox 3167 435 3345 491; x_wconf 88' lang='grc' dir='ltr'>ἀθῶον</span> <span class='ocrx_word' id='word_1_34' title='bbox 3362 433 3648 506; x_wconf 74' lang='grc' dir='ltr'>παραδοὺς</span> <span class='ocrx_word' id='word_1_35' title='bbox 3670 432 3767 495; x_wconf 78' lang='grc' dir='ltr'>εἰς</span> 
     </span>
    </p>
   </div>
   <div class='ocr_carea' id='block_1_8' title="bbox 486 525 2074 616">
    <p class='ocr_par' dir='ltr' id='par_1_8' title="bbox 486 540 2060 616">
     <span class='ocr_line' id='line_1_8' title="bbox 486 540 2060 616; baseline -0.001 -20"><span class='ocrx_word' id='word_1_36' title='bbox 486 560 616 616; x_wconf 78' lang='lat' dir='ltr'><strong>gum</strong></span> <span class='ocrx_word' id='word_1_37' title='bbox 648 555 1047 611; x_wconf 83' lang='lat' dir='ltr'><strong>trausgressor,</strong></span> <span class='ocrx_word' id='word_1_38' title='bbox 1091 540 1421 608; x_wconf 84' lang='lat' dir='ltr'><strong>judicandus</strong></span> <span class='ocrx_word' id='word_1_39' title='bbox 1452 554 1481 593; x_wconf 90' lang='lat' dir='ltr'><strong>a</strong></span> <span class='ocrx_word' id='word_1_40' title='bbox 1516 552 1639 609; x_wconf 86' lang='lat' dir='ltr'><strong>rege</strong></span> <span class='ocrx_word' id='word_1_41' title='bbox 1668 554 1696 592; x_wconf 71' lang='grc' dir='ltr'><strong>ιι</strong></span> <span class='ocrx_word' id='word_1_42' title='bbox 1726 554 1833 608; x_wconf 89' lang='lat' dir='ltr'><strong>quo</strong></span> <span class='ocrx_word' id='word_1_43' title='bbox 1864 540 2060 595; x_wconf 83' lang='lat' dir='ltr'><strong>missus</strong></span> 
     </span>
    </p>
   </div>
   <div class='ocr_carea' id='block_1_9' title="bbox 2182 525 3769 616">
    <p class='ocr_par' dir='ltr' id='par_1_9' title="bbox 2182 525 3769 616">
     <span class='ocr_line' id='line_1_9' title="bbox 2182 525 3769 616; baseline -0.007 -30"><span class='ocrx_word' id='word_1_44' title='bbox 2182 538 2391 591; x_wconf 66' lang='lat' dir='ltr'><strong>la&#39;zvattov</strong></span> <span class='ocrx_word' id='word_1_45' title='bbox 2452 534 2627 606; x_wconf 83' lang='grc' dir='ltr'>ἀρέσῃ</span> <span class='ocrx_word' id='word_1_46' title='bbox 2665 535 2786 596; x_wconf 85' lang='grc' dir='ltr'>τοῖς</span> <span class='ocrx_word' id='word_1_47' title='bbox 2839 532 3163 602; x_wconf 61' lang='grc' dir='ltr'>φοπυταίς,</span> <span class='ocrx_word' id='word_1_48' title='bbox 3228 526 3332 581; x_wconf 76' lang='grc' dir='ltr'><strong>κᾶν</strong></span> <span class='ocrx_word' id='word_1_49' title='bbox 3388 525 3769 616; x_wconf 80' lang='grc' dir='ltr'>παρανομίας</span> 
     </span>
    </p>
   </div>
   <div class='ocr_carea' id='block_1_10' title="bbox 487 629 1826 702">
    <p class='ocr_par' dir='ltr' id='par_1_10' title="bbox 487 629 1826 702">
     <span class='ocr_line' id='line_1_10' title="bbox 487 629 1826 702; baseline -0.004 -13"><span class='ocrx_word' id='word_1_50' title='bbox 487 632 668 689; x_wconf 80' lang='lat' dir='ltr'><strong>fuerat</strong></span> <span class='ocrx_word' id='word_1_51' title='bbox 702 642 759 686; x_wconf 91' lang='lat' dir='ltr'><strong>ut</strong></span> <span class='ocrx_word' id='word_1_52' title='bbox 792 629 1128 702; x_wconf 83' lang='lat' dir='ltr'><strong>provinciam</strong></span> <span class='ocrx_word' id='word_1_53' title='bbox 1156 629 1456 686; x_wconf 81' lang='lat' dir='ltr'><strong>Jerusalem</strong></span> <span class='ocrx_word' id='word_1_54' title='bbox 1487 638 1826 699; x_wconf 86' lang='lat' dir='ltr'><strong>procuraret.</strong></span> 
     </span>
    </p>
   </div>
   <div class='ocr_carea' id='block_1_11' title="bbox 2162 615 3767 699">
    <p class='ocr_par' dir='ltr' id='par_1_11' title="bbox 2162 615 3767 699">
     <span class='ocr_line' id='line_1_11' title="bbox 2162 615 3767 699; baseline -0.007 -19"><span class='ocrx_word' id='word_1_55' title='bbox 2162 626 2367 699; x_wconf 72' lang='grc' dir='ltr'>ἧμελλε</span> <span class='ocrx_word' id='word_1_56' title='bbox 2412 625 2699 698; x_wconf 82' lang='grc' dir='ltr'>κρίνεσθαι</span> <span class='ocrx_word' id='word_1_57' title='bbox 2752 621 2906 693; x_wconf 86' lang='grc' dir='ltr'><strong>παρά</strong></span> <span class='ocrx_word' id='word_1_58' title='bbox 2939 619 3033 675; x_wconf 82' lang='grc' dir='ltr'>τοῦ</span> <span class='ocrx_word' id='word_1_59' title='bbox 3092 618 3387 689; x_wconf 84' lang='grc' dir='ltr'>Ῥωμαίων</span> <span class='ocrx_word' id='word_1_60' title='bbox 3437 615 3767 687; x_wconf 76' lang='grc' dir='ltr'>βασιλέως’</span> 
     </span>
    </p>
   </div>
   <div class='ocr_carea' id='block_1_12' title="bbox 2074 708 3775 804">
    <p class='ocr_par' dir='ltr' id='par_1_12' title="bbox 2074 708 3775 804">
     <span class='ocr_line' id='line_1_12' title="bbox 2074 708 3775 804; baseline -0.011 -27"><span class='ocrx_word' id='word_1_61' title='bbox 2074 788 2087 804; x_wconf 50' lang='lat'><strong>.</strong></span> <span class='ocrx_word' id='word_1_62' title='bbox 2165 721 2296 794; x_wconf 74' lang='grc' dir='ltr'>παρ’</span> <span class='ocrx_word' id='word_1_63' title='bbox 2330 714 2391 775; x_wconf 70' lang='grc' dir='ltr'>οὗ</span> <span class='ocrx_word' id='word_1_64' title='bbox 2422 717 2491 793; x_wconf 78' lang='grc' dir='ltr'>ἦν</span> <span class='ocrx_word' id='word_1_65' title='bbox 2531 719 2628 774; x_wconf 75' lang='grc' dir='ltr'><strong>καὶ</strong></span> <span class='ocrx_word' id='word_1_66' title='bbox 2666 716 3009 789; x_wconf 77' lang='grc' dir='ltr'>ἐκπεμφθεὶς</span> <span class='ocrx_word' id='word_1_67' title='bbox 3042 714 3205 786; x_wconf 78' lang='grc' dir='ltr'>ἄρξαι</span> <span class='ocrx_word' id='word_1_68' title='bbox 3237 711 3347 766; x_wconf 86' lang='grc' dir='ltr'><strong>τῶν</strong></span> <span class='ocrx_word' id='word_1_69' title='bbox 3385 710 3492 780; x_wconf 78' lang='grc' dir='ltr'>τῆς</span> <span class='ocrx_word' id='word_1_70' title='bbox 3544 708 3775 779; x_wconf 82' lang='grc' dir='ltr'>Ἰερου-</span> 
     </span>
    </p>
   </div>
   <div class='ocr_carea' id='block_1_13' title="bbox 556 896 2064 969">
    <p class='ocr_par' dir='ltr' id='par_1_13' title="bbox 556 896 2064 969">
     <span class='ocr_line' id='line_1_13' title="bbox 556 896 2064 969; baseline -0.003 -14"><span class='ocrx_word' id='word_1_71' title='bbox 556 900 723 955; x_wconf 75' lang='lat' dir='ltr'><strong>Vens.</strong></span> <span class='ocrx_word' id='word_1_72' title='bbox 747 897 839 953; x_wconf 73' lang='lat'><strong>21.</strong></span> <span class='ocrx_word' id='word_1_73' title='bbox 885 915 903 949; x_wconf 82' lang='grc' dir='ltr'><strong>ι</strong></span> <span class='ocrx_word' id='word_1_74' title='bbox 931 896 1099 953; x_wconf 81' lang='lat' dir='ltr'><strong>Paulo</strong></span> <span class='ocrx_word' id='word_1_75' title='bbox 1120 906 1305 954; x_wconf 88' lang='lat' dir='ltr'><strong>autem</strong></span> <span class='ocrx_word' id='word_1_76' title='bbox 1328 897 1636 969; x_wconf 87' lang='lat' dir='ltr'><strong>appellante</strong></span> <span class='ocrx_word' id='word_1_77' title='bbox 1667 908 1726 952; x_wconf 91' lang='lat' dir='ltr'><strong>ut</strong></span> <span class='ocrx_word' id='word_1_78' title='bbox 1752 907 2064 953; x_wconf 77' lang='lat' dir='ltr'><strong>servaretur</strong></span> 
     </span>
    </p>
   </div>
   <div class='ocr_carea' id='block_1_14' title="bbox 489 988 2064 1060">
    <p class='ocr_par' dir='ltr' id='par_1_14' title="bbox 489 988 2064 1060">
     <span class='ocr_line' id='line_1_14' title="bbox 489 988 2064 1060; baseline -0.001 -15"><span class='ocrx_word' id='word_1_79' title='bbox 489 992 559 1045; x_wconf 86' lang='lat' dir='ltr'><strong>ad</strong></span> <span class='ocrx_word' id='word_1_80' title='bbox 600 988 827 1060; x_wconf 79' lang='lat' dir='ltr'><strong>Augusti</strong></span> <span class='ocrx_word' id='word_1_81' title='bbox 873 989 1258 1058; x_wconf 83' lang='lat' dir='ltr'><strong>cognitionem,</strong></span> <span class='ocrx_word' id='word_1_82' title='bbox 1303 989 1439 1059; x_wconf 84' lang='lat' dir='ltr'><strong>jussi</strong></span> <span class='ocrx_word' id='word_1_83' title='bbox 1472 991 1677 1045; x_wconf 88' lang='lat' dir='ltr'><strong>servari</strong></span> <span class='ocrx_word' id='word_1_84' title='bbox 1708 1006 1856 1055; x_wconf 87' lang='lat' dir='ltr'><strong>eum,</strong></span> <span class='ocrx_word' id='word_1_85' title='bbox 1892 990 2064 1045; x_wconf 87' lang='lat' dir='ltr'><strong>donec</strong></span> 
     </span>
    </p>
   </div>
   <div class='ocr_carea' id='block_1_15' title="bbox 487 1080 1331 1136">
    <p class='ocr_par' dir='ltr' id='par_1_15' title="bbox 487 1080 1331 1136">
     <span class='ocr_line' id='line_1_15' title="bbox 487 1080 1331 1136; baseline -0.004 0"><span class='ocrx_word' id='word_1_86' title='bbox 487 1080 702 1136; x_wconf 81' lang='lat' dir='ltr'><strong>mittam</strong></span> <span class='ocrx_word' id='word_1_87' title='bbox 728 1095 852 1134; x_wconf 90' lang='lat' dir='ltr'><strong>eum</strong></span> <span class='ocrx_word' id='word_1_88' title='bbox 887 1081 952 1134; x_wconf 87' lang='lat' dir='ltr'><strong>ad</strong></span> <span class='ocrx_word' id='word_1_89' title='bbox 976 1081 1264 1136; x_wconf 77' lang='lat' dir='ltr'><strong>Caesarem.</strong></span> <span class='ocrx_word' id='word_1_90' title='bbox 1292 1100 1331 1133; x_wconf 67' lang='grc' dir='ltr'>»τ</span> 
     </span>
    </p>
   </div>
   <div class='ocr_carea' id='block_1_16' title="bbox 557 1172 2066 1243">
    <p class='ocr_par' dir='ltr' id='par_1_16' title="bbox 557 1172 2066 1243">
     <span class='ocr_line' id='line_1_16' title="bbox 557 1172 2066 1243; baseline 0.005 -19"><span class='ocrx_word' id='word_1_91' title='bbox 557 1172 858 1240; x_wconf 82' lang='lat' dir='ltr'><strong>Augustum</strong></span> <span class='ocrx_word' id='word_1_92' title='bbox 911 1186 1194 1243; x_wconf 77' lang='lat' dir='ltr'><strong>perperam</strong></span> <span class='ocrx_word' id='word_1_93' title='bbox 1245 1187 1424 1243; x_wconf 89' lang='lat' dir='ltr'><strong>regem</strong></span> <span class='ocrx_word' id='word_1_94' title='bbox 1467 1184 1661 1239; x_wconf 85' lang='lat' dir='ltr'><strong>vocat,</strong></span> <span class='ocrx_word' id='word_1_95' title='bbox 1697 1176 1840 1229; x_wconf 91' lang='lat' dir='ltr'><strong>sicut</strong></span> <span class='ocrx_word' id='word_1_96' title='bbox 1872 1185 1923 1231; x_wconf 83' lang='lat' dir='ltr'><strong>et</strong></span> <span class='ocrx_word' id='word_1_97' title='bbox 1951 1174 2066 1231; x_wconf 76' lang='lat' dir='ltr'><strong>Cu:-</strong></span> 
     </span>
    </p>
   </div>
   <div class='ocr_carea' id='block_1_17' title="bbox 483 1264 1852 1336">
    <p class='ocr_par' dir='ltr' id='par_1_17' title="bbox 483 1264 1852 1336">
     <span class='ocr_line' id='line_1_17' title="bbox 483 1264 1852 1336; baseline 0.002 -16"><span class='ocrx_word' id='word_1_98' title='bbox 483 1274 689 1331; x_wconf 79' lang='lat' dir='ltr'><strong>sarem,</strong></span> <span class='ocrx_word' id='word_1_99' title='bbox 725 1280 882 1336; x_wconf 89' lang='lat' dir='ltr'><strong>quem</strong></span> <span class='ocrx_word' id='word_1_100' title='bbox 913 1264 965 1319; x_wconf 91' lang='lat' dir='ltr'><strong>in</strong></span> <span class='ocrx_word' id='word_1_101' title='bbox 990 1265 1346 1335; x_wconf 80' lang='lat' dir='ltr'><strong>sequentibus</strong></span> <span class='ocrx_word' id='word_1_102' title='bbox 1376 1267 1652 1321; x_wconf 87' lang='lat' dir='ltr'><strong>dominum</strong></span> <span class='ocrx_word' id='word_1_103' title='bbox 1676 1278 1852 1323; x_wconf 87' lang='lat' dir='ltr'><strong>vocat.</strong></span> 
     </span>
    </p>
   </div>
   <div class='ocr_carea' id='block_1_18' title="bbox 566 1440 2069 1516">
    <p class='ocr_par' dir='ltr' id='par_1_18' title="bbox 566 1440 2069 1516">
     <span class='ocr_line' id='line_1_18' title="bbox 566 1440 2069 1516; baseline 0.006 -23"><span class='ocrx_word' id='word_1_104' title='bbox 566 1440 834 1497; x_wconf 56' lang='grc' dir='ltr'><strong>γεω-»25</strong></span> <span class='ocrx_word' id='word_1_105' title='bbox 876 1461 894 1494; x_wconf 82' lang='grc' dir='ltr'><strong>ι</strong></span> <span class='ocrx_word' id='word_1_106' title='bbox 926 1441 1035 1512; x_wconf 84' lang='lat' dir='ltr'><strong>Ego</strong></span> <span class='ocrx_word' id='word_1_107' title='bbox 1060 1457 1191 1499; x_wconf 88' lang='lat' dir='ltr'><strong>vero</strong></span> <span class='ocrx_word' id='word_1_108' title='bbox 1217 1445 1455 1513; x_wconf 89' lang='lat' dir='ltr'><strong>comperi</strong></span> <span class='ocrx_word' id='word_1_109' title='bbox 1485 1443 1619 1498; x_wconf 82' lang='lat' dir='ltr'><strong>nihil</strong></span> <span class='ocrx_word' id='word_1_110' title='bbox 1650 1444 1869 1516; x_wconf 87' lang='lat' dir='ltr'><strong>dignum</strong></span> <span class='ocrx_word' id='word_1_111' title='bbox 1895 1457 2069 1502; x_wconf 88' lang='lat' dir='ltr'><strong>morte</strong></span> 
     </span>
    </p>
   </div>
   <div class='ocr_carea' id='block_1_19' title="bbox 485 1533 2055 1609">
    <p class='ocr_par' dir='ltr' id='par_1_19' title="bbox 485 1533 2055 1609">
     <span class='ocr_line' id='line_1_19' title="bbox 485 1533 2055 1609; baseline 0.004 -22"><span class='ocrx_word' id='word_1_112' title='bbox 485 1548 614 1587; x_wconf 86' lang='lat' dir='ltr'><strong>eum</strong></span> <span class='ocrx_word' id='word_1_113' title='bbox 641 1533 851 1590; x_wconf 79' lang='lat' dir='ltr'><strong>fecisse.</strong></span> <span class='ocrx_word' id='word_1_114' title='bbox 872 1533 992 1603; x_wconf 91' lang='lat' dir='ltr'><strong>lpso</strong></span> <span class='ocrx_word' id='word_1_115' title='bbox 1014 1543 1192 1591; x_wconf 88' lang='lat' dir='ltr'><strong>autem</strong></span> <span class='ocrx_word' id='word_1_116' title='bbox 1222 1537 1323 1591; x_wconf 90' lang='lat' dir='ltr'><strong>hoc</strong></span> <span class='ocrx_word' id='word_1_117' title='bbox 1346 1536 1648 1607; x_wconf 76' lang='lat' dir='ltr'><strong>appellante</strong></span> <span class='ocrx_word' id='word_1_118' title='bbox 1670 1538 1737 1592; x_wconf 90' lang='lat' dir='ltr'><strong>ad</strong></span> <span class='ocrx_word' id='word_1_119' title='bbox 1755 1539 2055 1609; x_wconf 81' lang='lat' dir='ltr'><strong>Augustum</strong></span> 
     </span>
    </p>
   </div>
   <div class='ocr_carea' id='block_1_20' title="bbox 489 1622 1044 1693">
    <p class='ocr_par' dir='ltr' id='par_1_20' title="bbox 489 1622 1044 1693">
     <span class='ocr_line' id='line_1_20' title="bbox 489 1622 1044 1693; baseline 0 -15"><span class='ocrx_word' id='word_1_120' title='bbox 489 1622 729 1693; x_wconf 76' lang='lat' dir='ltr'><strong>iudicavi</strong></span> <span class='ocrx_word' id='word_1_121' title='bbox 759 1624 994 1680; x_wconf 73' lang='lat' dir='ltr'><strong>mittere.</strong></span> <span class='ocrx_word' id='word_1_122' title='bbox 1025 1644 1044 1678; x_wconf 75' lang='grc' dir='ltr'><strong>ι</strong></span> 
     </span>
    </p>
   </div>
   <div class='ocr_carea' id='block_1_21' title="bbox 2165 812 2543 883">
    <p class='ocr_par' dir='ltr' id='par_1_21' title="bbox 2165 812 2543 883">
     <span class='ocr_line' id='line_1_21' title="bbox 2165 812 2543 883; baseline 0 -17"><span class='ocrx_word' id='word_1_123' title='bbox 2165 812 2543 883; x_wconf 77' lang='grc' dir='ltr'>σαλὴμόρων.</span> 
     </span>
    </p>
   </div>
   <div class='ocr_carea' id='block_1_22' title="bbox 2241 888 3776 967">
    <p class='ocr_par' dir='ltr' id='par_1_22' title="bbox 2241 888 3776 967">
     <span class='ocr_line' id='line_1_22' title="bbox 2241 888 3776 967; baseline -0.009 -13"><span class='ocrx_word' id='word_1_124' title='bbox 2241 920 2260 954; x_wconf 83' lang='grc' dir='ltr'><strong>ι</strong></span> <span class='ocrx_word' id='word_1_125' title='bbox 2299 901 2408 956; x_wconf 77' lang='grc' dir='ltr'><strong>Τοῦ</strong></span> <span class='ocrx_word' id='word_1_126' title='bbox 2428 902 2484 956; x_wconf 85' lang='grc' dir='ltr'><strong>δὲ</strong></span> <span class='ocrx_word' id='word_1_127' title='bbox 2501 896 2716 957; x_wconf 80' lang='grc' dir='ltr'>Παύλου</span> <span class='ocrx_word' id='word_1_128' title='bbox 2742 898 3216 967; x_wconf 73' lang='grc' dir='ltr'><strong>ἐπικαλεσαμένου</strong></span> <span class='ocrx_word' id='word_1_129' title='bbox 3244 893 3555 964; x_wconf 82' lang='grc' dir='ltr'>τηρηθῆναι</span> <span class='ocrx_word' id='word_1_130' title='bbox 3584 888 3776 943; x_wconf 73' lang='grc' dir='ltr'>αὑτὸν</span> 
     </span>
    </p>
   </div>
   <div class='ocr_carea' id='block_1_23' title="bbox 2166 980 3774 1066">
    <p class='ocr_par' dir='ltr' id='par_1_23' title="bbox 2166 980 3774 1066">
     <span class='ocr_line' id='line_1_23' title="bbox 2166 980 3774 1066; baseline -0.012 -15"><span class='ocrx_word' id='word_1_131' title='bbox 2166 994 2369 1066; x_wconf 81' lang='grc' dir='ltr'>εις-τὴν</span> <span class='ocrx_word' id='word_1_132' title='bbox 2396 993 2487 1048; x_wconf 83' lang='grc' dir='ltr'><strong>τοῦ</strong></span> <span class='ocrx_word' id='word_1_133' title='bbox 2523 993 2796 1048; x_wconf 81' lang='grc' dir='ltr'>Σεϐαστοῦ</span> <span class='ocrx_word' id='word_1_134' title='bbox 2817 992 3134 1060; x_wconf 82' lang='grc' dir='ltr'>διάγνωσιν,</span> <span class='ocrx_word' id='word_1_135' title='bbox 3159 986 3426 1040; x_wconf 86' lang='grc' dir='ltr'>ἐκέλευσα</span> <span class='ocrx_word' id='word_1_136' title='bbox 3457 980 3774 1053; x_wconf 80' lang='grc' dir='ltr'>τηρεῖσθαι</span> 
     </span>
    </p>
   </div>
   <div class='ocr_carea' id='block_1_24' title="bbox 2166 1075 3685 1155">
    <p class='ocr_par' dir='ltr' id='par_1_24' title="bbox 2166 1075 3685 1155">
     <span class='ocr_line' id='line_1_24' title="bbox 2166 1075 3685 1155; baseline -0.011 -15"><span class='ocrx_word' id='word_1_137' title='bbox 2166 1086 2350 1150; x_wconf 79' lang='grc' dir='ltr'>αὑτὸν,</span> <span class='ocrx_word' id='word_1_138' title='bbox 2386 1085 2489 1149; x_wconf 68' lang='grc' dir='ltr'>ἕως</span> <span class='ocrx_word' id='word_1_139' title='bbox 2516 1077 2577 1139; x_wconf 73' lang='grc' dir='ltr'>οὗ</span> <span class='ocrx_word' id='word_1_140' title='bbox 2604 1083 2914 1155; x_wconf 76' lang='grc' dir='ltr'><strong>ἀναπέμψω</strong></span> <span class='ocrx_word' id='word_1_141' title='bbox 2946 1080 3110 1136; x_wconf 80' lang='grc' dir='ltr'>αὐτὸν</span> <span class='ocrx_word' id='word_1_142' title='bbox 3148 1077 3291 1149; x_wconf 72' lang='grc' dir='ltr'>πρὸς</span> <span class='ocrx_word' id='word_1_143' title='bbox 3321 1075 3609 1144; x_wconf 80' lang='grc' dir='ltr'>Καίσαρα.</span> <span class='ocrx_word' id='word_1_144' title='bbox 3662 1091 3685 1122; x_wconf 74' lang='grc' dir='ltr'><strong>ι</strong></span> 
     </span>
    </p>
   </div>
   <div class='ocr_carea' id='block_1_25' title="bbox 2236 1160 3772 1243">
    <p class='ocr_par' dir='ltr' id='par_1_25' title="bbox 2236 1160 3772 1243">
     <span class='ocr_line' id='line_1_25' title="bbox 2236 1160 3772 1243; baseline -0.01 -16"><span class='ocrx_word' id='word_1_145' title='bbox 2236 1174 2505 1229; x_wconf 77' lang='grc' dir='ltr'>Σεϐαστὸν</span> <span class='ocrx_word' id='word_1_146' title='bbox 2575 1170 3040 1243; x_wconf 81' lang='grc' dir='ltr'>καταχρηστικῶς</span> <span class='ocrx_word' id='word_1_147' title='bbox 3102 1168 3197 1221; x_wconf 80' lang='grc' dir='ltr'><strong>τὸν</strong></span> <span class='ocrx_word' id='word_1_148' title='bbox 3262 1163 3488 1236; x_wconf 81' lang='grc' dir='ltr'>βασιλέα</span> <span class='ocrx_word' id='word_1_149' title='bbox 3556 1160 3772 1223; x_wconf 81' lang='grc' dir='ltr'>καλεῖ,</span> 
     </span>
    </p>
   </div>
   <div class='ocr_carea' id='block_1_26' title="bbox 2168 1253 3778 1339">
    <p class='ocr_par' dir='ltr' id='par_1_26' title="bbox 2168 1253 3778 1339">
     <span class='ocr_line' id='line_1_26' title="bbox 2168 1253 3778 1339; baseline -0.009 -17"><span class='ocrx_word' id='word_1_150' title='bbox 2168 1267 2357 1339; x_wconf 84' lang='grc' dir='ltr'>ὥσπερ</span> <span class='ocrx_word' id='word_1_151' title='bbox 2384 1267 2481 1321; x_wconf 73' lang='grc' dir='ltr'>καὶ</span> <span class='ocrx_word' id='word_1_152' title='bbox 2508 1267 2782 1337; x_wconf 68' lang='grc' dir='ltr'>Καίσαρω</span> <span class='ocrx_word' id='word_1_153' title='bbox 2812 1264 2869 1317; x_wconf 82' lang='grc' dir='ltr'>ὃν</span> <span class='ocrx_word' id='word_1_154' title='bbox 2911 1262 3009 1317; x_wconf 75' lang='grc' dir='ltr'>καὶ</span> <span class='ocrx_word' id='word_1_155' title='bbox 3038 1255 3405 1330; x_wconf 80' lang='grc' dir='ltr'>παρακατιὼν</span> <span class='ocrx_word' id='word_1_156' title='bbox 3434 1255 3532 1308; x_wconf 79' lang='grc' dir='ltr'>καὶ</span> <span class='ocrx_word' id='word_1_157' title='bbox 3559 1253 3778 1324; x_wconf 81' lang='grc' dir='ltr'>κύριον</span> 
     </span>
    </p>
   </div>
   <div class='ocr_carea' id='block_1_27' title="bbox 2169 1355 2344 1411">
    <p class='ocr_par' dir='ltr' id='par_1_27' title="bbox 2169 1355 2344 1411">
     <span class='ocr_line' id='line_1_27' title="bbox 2169 1355 2344 1411; baseline 0.006 -1"><span class='ocrx_word' id='word_1_158' title='bbox 2169 1355 2344 1411; x_wconf 79' lang='grc' dir='ltr'>καλεῖ.</span> 
     </span>
    </p>
   </div>
   <div class='ocr_carea' id='block_1_28' title="bbox 2247 1435 3774 1516">
    <p class='ocr_par' dir='ltr' id='par_1_28' title="bbox 2247 1435 3774 1516">
     <span class='ocr_line' id='line_1_28' title="bbox 2247 1435 3774 1516; baseline -0.01 -15"><span class='ocrx_word' id='word_1_159' title='bbox 2247 1466 2265 1500; x_wconf 81' lang='grc' dir='ltr'><strong>ι</strong></span> <span class='ocrx_word' id='word_1_160' title='bbox 2326 1446 2468 1516; x_wconf 86' lang='grc' dir='ltr'><strong>Ἐγὼ</strong></span> <span class='ocrx_word' id='word_1_161' title='bbox 2509 1447 2569 1501; x_wconf 73' lang='grc' dir='ltr'><strong>δὲ</strong></span> <span class='ocrx_word' id='word_1_162' title='bbox 2607 1442 3055 1515; x_wconf 79' lang='grc' dir='ltr'>καταλαϐόμενος</span> <span class='ocrx_word' id='word_1_163' title='bbox 3101 1440 3289 1512; x_wconf 76' lang='grc' dir='ltr'>μηδὲν</span> <span class='ocrx_word' id='word_1_164' title='bbox 3317 1438 3467 1504; x_wconf 77' lang='grc' dir='ltr'>ἄξιον</span> <span class='ocrx_word' id='word_1_165' title='bbox 3515 1435 3774 1489; x_wconf 75' lang='grc' dir='ltr'><strong>Θανάτου</strong></span> 
     </span>
    </p>
   </div>
   <div class='ocr_carea' id='block_1_29' title="bbox 2170 1531 3779 1610">
    <p class='ocr_par' dir='ltr' id='par_1_29' title="bbox 2170 1531 3779 1610">
     <span class='ocr_line' id='line_1_29' title="bbox 2170 1531 3779 1610; baseline -0.008 -16"><span class='ocrx_word' id='word_1_166' title='bbox 2170 1539 2334 1594; x_wconf 80' lang='grc' dir='ltr'>αὐτὸν</span> <span class='ocrx_word' id='word_1_167' title='bbox 2368 1538 2727 1610; x_wconf 78' lang='grc' dir='ltr'>πεπραχέναι,</span> <span class='ocrx_word' id='word_1_168' title='bbox 2764 1537 2861 1591; x_wconf 73' lang='grc' dir='ltr'>καὶ</span> <span class='ocrx_word' id='word_1_169' title='bbox 2894 1534 3061 1590; x_wconf 82' lang='grc' dir='ltr'>αὑτοῦ</span> <span class='ocrx_word' id='word_1_170' title='bbox 3097 1535 3167 1588; x_wconf 80' lang='grc' dir='ltr'><strong>δὲ·</strong></span> <span class='ocrx_word' id='word_1_171' title='bbox 3188 1531 3381 1587; x_wconf 82' lang='grc' dir='ltr'>τούτου</span> <span class='ocrx_word' id='word_1_172' title='bbox 3420 1531 3779 1584; x_wconf 68' lang='grc' dir='ltr'>ἐπικαλεσα-</span> 
     </span>
    </p>
   </div>
   <div class='ocr_carea' id='block_1_30' title="bbox 2178 1626 3399 1704">
    <p class='ocr_par' dir='ltr' id='par_1_30' title="bbox 2178 1626 3399 1704">
     <span class='ocr_line' id='line_1_30' title="bbox 2178 1626 3399 1704; baseline -0.008 -19"><span class='ocrx_word' id='word_1_173' title='bbox 2178 1632 2339 1704; x_wconf 85' lang='grc' dir='ltr'>μένου</span> <span class='ocrx_word' id='word_1_174' title='bbox 2370 1631 2461 1685; x_wconf 78' lang='grc' dir='ltr'><strong>τὸν</strong></span> <span class='ocrx_word' id='word_1_175' title='bbox 2492 1630 2783 1694; x_wconf 70' lang='grc' dir='ltr'>Σεϐαστὸν,</span> <span class='ocrx_word' id='word_1_176' title='bbox 2819 1628 3015 1700; x_wconf 73' lang='grc' dir='ltr'>ἔκρινα</span> <span class='ocrx_word' id='word_1_177' title='bbox 3054 1626 3319 1697; x_wconf 76' lang='grc' dir='ltr'>πέμπειν;</span> <span class='ocrx_word' id='word_1_178' title='bbox 3361 1640 3399 1675; x_wconf 62' lang='grc' dir='ltr'>ι’</span> 
     </span>
    </p>
   </div>
   <div class='ocr_carea' id='block_1_31' title="bbox 565 1693 2074 1791">
    <p class='ocr_par' dir='ltr' id='par_1_31' title="bbox 565 1712 2070 1787">
     <span class='ocr_line' id='line_1_31' title="bbox 565 1712 2070 1787; baseline 0.007 -20"><span class='ocrx_word' id='word_1_179' title='bbox 565 1712 821 1769; x_wconf 81' lang='lat' dir='ltr'><strong>Testatur</strong></span> <span class='ocrx_word' id='word_1_180' title='bbox 846 1715 1011 1785; x_wconf 81' lang='lat' dir='ltr'><strong>judcx</strong></span> <span class='ocrx_word' id='word_1_181' title='bbox 1048 1731 1172 1771; x_wconf 91' lang='lat' dir='ltr'><strong>eum</strong></span> <span class='ocrx_word' id='word_1_182' title='bbox 1206 1717 1549 1773; x_wconf 88' lang='lat' dir='ltr'><strong>innocentem</strong></span> <span class='ocrx_word' id='word_1_183' title='bbox 1579 1734 1721 1787; x_wconf 85' lang='lat' dir='ltr'><strong>esse,</strong></span> <span class='ocrx_word' id='word_1_184' title='bbox 1759 1736 1859 1777; x_wconf 90' lang='lat' dir='ltr'><strong>nec</strong></span> <span class='ocrx_word' id='word_1_185' title='bbox 1892 1731 2070 1778; x_wconf 84' lang='lat' dir='ltr'><strong>tamen</strong></span> 
     </span>
    </p>
   </div>
   <div class='ocr_carea' id='block_1_32' title="bbox 2182 1693 3773 1791">
    <p class='ocr_par' dir='ltr' id='par_1_32' title="bbox 2182 1693 3773 1791">
     <span class='ocr_line' id='line_1_32' title="bbox 2182 1693 3773 1791; baseline -0.007 -14"><span class='ocrx_word' id='word_1_186' title='bbox 2182 1693 2190 1704; x_wconf 87' lang='grc'><em>’</em></span> <span class='ocrx_word' id='word_1_187' title='bbox 2244 1723 2393 1786; x_wconf 83' lang='grc' dir='ltr'>Τέως</span> <span class='ocrx_word' id='word_1_188' title='bbox 2432 1722 2593 1786; x_wconf 78' lang='grc' dir='ltr'>αὐτὸς</span> <span class='ocrx_word' id='word_1_189' title='bbox 2627 1723 2654 1776; x_wconf 86' lang='grc' dir='ltr'>ὁ</span> <span class='ocrx_word' id='word_1_190' title='bbox 2696 1693 2964 1791; x_wconf 56' lang='grc' dir='ltr'>δικαστὴς</span> <span class='ocrx_word' id='word_1_191' title='bbox 3000 1693 3273 1788; x_wconf 75' lang='grc' dir='ltr'>μαρτυρεῖ</span> <span class='ocrx_word' id='word_1_192' title='bbox 3298 1716 3450 1786; x_wconf 82' lang='grc' dir='ltr'>αὐτῷ</span> <span class='ocrx_word' id='word_1_193' title='bbox 3485 1716 3570 1768; x_wconf 83' lang='grc' dir='ltr'><strong>ὅτι</strong></span> <span class='ocrx_word' id='word_1_194' title='bbox 3597 1714 3773 1768; x_wconf 70' lang='grc' dir='ltr'>ἀνεῦ-</span> 
     </span>
    </p>
   </div>
   <div class='ocr_carea' id='block_1_33' title="bbox 490 1803 2066 1883">
    <p class='ocr_par' dir='ltr' id='par_1_33' title="bbox 490 1803 2066 1883">
     <span class='ocr_line' id='line_1_33' title="bbox 490 1803 2066 1883; baseline 0.006 -25"><span class='ocrx_word' id='word_1_195' title='bbox 490 1803 734 1873; x_wconf 88' lang='lat' dir='ltr'><strong>dimisit,</strong></span> <span class='ocrx_word' id='word_1_196' title='bbox 770 1808 842 1861; x_wconf 83' lang='lat' dir='ltr'><strong>ita</strong></span> <span class='ocrx_word' id='word_1_197' title='bbox 873 1821 1006 1863; x_wconf 88' lang='lat' dir='ltr'><strong>sane</strong></span> <span class='ocrx_word' id='word_1_198' title='bbox 1051 1808 1372 1877; x_wconf 90' lang='lat' dir='ltr'><strong>disponente</strong></span> <span class='ocrx_word' id='word_1_199' title='bbox 1405 1811 1631 1866; x_wconf 88' lang='lat' dir='ltr'><strong>Domino</strong></span> <span class='ocrx_word' id='word_1_200' title='bbox 1664 1823 1722 1866; x_wconf 92' lang='lat' dir='ltr'><strong>ut</strong></span> <span class='ocrx_word' id='word_1_201' title='bbox 1750 1815 2066 1883; x_wconf 81' lang='lat' dir='ltr'><strong>appellaret,</strong></span> 
     </span>
    </p>
   </div>
   <div class='ocr_carea' id='block_1_34' title="bbox 489 1892 2068 1976">
    <p class='ocr_par' dir='ltr' id='par_1_34' title="bbox 489 1892 2068 1976">
     <span class='ocr_line' id='line_1_34' title="bbox 489 1892 2068 1976; baseline 0.006 -25"><span class='ocrx_word' id='word_1_202' title='bbox 489 1904 547 1952; x_wconf 84' lang='lat' dir='ltr'><strong>et</strong></span> <span class='ocrx_word' id='word_1_203' title='bbox 589 1912 653 1952; x_wconf 79' lang='lat' dir='ltr'><strong>ex</strong></span> <span class='ocrx_word' id='word_1_204' title='bbox 710 1898 1085 1968; x_wconf 86' lang='lat' dir='ltr'><strong>appellationis</strong></span> <span class='ocrx_word' id='word_1_205' title='bbox 1119 1903 1439 1957; x_wconf 82' lang='lat' dir='ltr'><strong>necessitate</strong></span> <span class='ocrx_word' id='word_1_206' title='bbox 1487 1892 1713 1959; x_wconf 82' lang='lat' dir='ltr'><strong>Romam</strong></span> <span class='ocrx_word' id='word_1_207' title='bbox 1743 1908 2068 1976; x_wconf 88' lang='lat' dir='ltr'><strong>mitteretur,</strong></span> 
     </span>
    </p>
   </div>
   <div class='ocr_carea' id='block_1_35' title="bbox 490 1985 2069 2067">
    <p class='ocr_par' dir='ltr' id='par_1_35' title="bbox 490 1985 2069 2067">
     <span class='ocr_line' id='line_1_35' title="bbox 490 1985 2069 2067; baseline 0.008 -27"><span class='ocrx_word' id='word_1_208' title='bbox 490 1985 635 2040; x_wconf 91' lang='lat' dir='ltr'><strong>unde</strong></span> <span class='ocrx_word' id='word_1_209' title='bbox 668 1987 1056 2056; x_wconf 88' lang='lat' dir='ltr'><strong>adimpleretnr</strong></span> <span class='ocrx_word' id='word_1_210' title='bbox 1086 1991 1228 2060; x_wconf 92' lang='lat' dir='ltr'><strong>quod</strong></span> <span class='ocrx_word' id='word_1_211' title='bbox 1255 1993 1579 2062; x_wconf 61' lang='lat' dir='ltr'><strong>praedixerat</strong></span> <span class='ocrx_word' id='word_1_212' title='bbox 1630 2013 1644 2050; x_wconf 90' lang='lat'><strong>:</strong></span> <span class='ocrx_word' id='word_1_213' title='bbox 1694 1995 1834 2063; x_wconf 81' lang='lat' dir='ltr'><strong>Quia</strong></span> <span class='ocrx_word' id='word_1_214' title='bbox 1869 2008 2069 2067; x_wconf 81' lang='lat' dir='ltr'><strong>oportet</strong></span> 
     </span>
    </p>
   </div>
   <div class='ocr_carea' id='block_1_36' title="bbox 490 2075 1037 2135">
    <p class='ocr_par' dir='ltr' id='par_1_36' title="bbox 490 2075 1037 2135">
     <span class='ocr_line' id='line_1_36' title="bbox 490 2075 1037 2135; baseline 0.009 -5"><span class='ocrx_word' id='word_1_215' title='bbox 490 2086 572 2132; x_wconf 78' lang='lat' dir='ltr'><strong>nte</strong></span> <span class='ocrx_word' id='word_1_216' title='bbox 601 2075 825 2133; x_wconf 80' lang='lat' dir='ltr'><strong>Romam</strong></span> <span class='ocrx_word' id='word_1_217' title='bbox 847 2078 1037 2135; x_wconf 81' lang='lat' dir='ltr'><strong>uidere.</strong></span> 
     </span>
    </p>
   </div>
   <div class='ocr_carea' id='block_1_37' title="bbox 1098 2276 1472 2343">
    <p class='ocr_par' dir='ltr' id='par_1_37' title="bbox 1098 2276 1472 2343">
     <span class='ocr_line' id='line_1_37' title="bbox 1098 2276 1472 2343; baseline 0.005 -2"><span class='ocrx_word' id='word_1_218' title='bbox 1098 2281 1251 2343; x_wconf 83' lang='lat' dir='ltr'><strong>CAP.</strong></span> <span class='ocrx_word' id='word_1_219' title='bbox 1278 2276 1472 2343; x_wconf 69' lang='lat' dir='ltr'><strong>XXVI.</strong></span> 
     </span>
    </p>
   </div>
   <div class='ocr_carea' id='block_1_38' title="bbox 565 2397 2070 2476">
    <p class='ocr_par' dir='ltr' id='par_1_38' title="bbox 565 2397 2070 2476">
     <span class='ocr_line' id='line_1_38' title="bbox 565 2397 2070 2476; baseline 0.006 -21"><span class='ocrx_word' id='word_1_220' title='bbox 565 2397 802 2463; x_wconf 57' lang='lat'><strong>“588.4,</strong></span> <span class='ocrx_word' id='word_1_221' title='bbox 830 2399 884 2455; x_wconf 84' lang='lat'><strong>5.</strong></span> <span class='ocrx_word' id='word_1_222' title='bbox 932 2418 952 2453; x_wconf 84' lang='grc' dir='ltr'><strong>ι</strong></span> <span class='ocrx_word' id='word_1_223' title='bbox 983 2400 1047 2456; x_wconf 82' lang='lat' dir='ltr'><strong>Et</strong></span> <span class='ocrx_word' id='word_1_224' title='bbox 1070 2401 1288 2471; x_wconf 85' lang='lat' dir='ltr'><strong>quidem</strong></span> <span class='ocrx_word' id='word_1_225' title='bbox 1321 2404 1486 2459; x_wconf 88' lang='lat' dir='ltr'><strong>vitam</strong></span> <span class='ocrx_word' id='word_1_226' title='bbox 1511 2419 1686 2459; x_wconf 88' lang='lat' dir='ltr'><strong>meam</strong></span> <span class='ocrx_word' id='word_1_227' title='bbox 1718 2421 1747 2461; x_wconf 88' lang='lat' dir='ltr'><strong>a</strong></span> <span class='ocrx_word' id='word_1_228' title='bbox 1764 2405 2070 2476; x_wconf 80' lang='lat' dir='ltr'><strong>juventute,</strong></span> 
     </span>
    </p>
   </div>
   <div class='ocr_carea' id='block_1_39' title="bbox 495 2488 2072 2566">
    <p class='ocr_par' dir='ltr' id='par_1_39' title="bbox 495 2488 2072 2566">
     <span class='ocr_line' id='line_1_39' title="bbox 495 2488 2072 2566; baseline 0.005 -24"><span class='ocrx_word' id='word_1_229' title='bbox 495 2501 618 2559; x_wconf 68' lang='lat' dir='ltr'><strong>quae</strong></span> <span class='ocrx_word' id='word_1_230' title='bbox 661 2490 731 2543; x_wconf 88' lang='lat' dir='ltr'><strong>ab</strong></span> <span class='ocrx_word' id='word_1_231' title='bbox 772 2489 929 2545; x_wconf 86' lang='lat' dir='ltr'><strong>ini-tio</strong></span> <span class='ocrx_word' id='word_1_232' title='bbox 970 2488 1077 2545; x_wconf 82' lang='lat' dir='ltr'><strong>fuit-</strong></span> <span class='ocrx_word' id='word_1_233' title='bbox 1127 2492 1182 2545; x_wconf 90' lang='lat' dir='ltr'><strong>in</strong></span> <span class='ocrx_word' id='word_1_234' title='bbox 1225 2502 1384 2560; x_wconf 83' lang='lat' dir='ltr'><strong>gente</strong></span> <span class='ocrx_word' id='word_1_235' title='bbox 1425 2507 1542 2547; x_wconf 90' lang='lat' dir='ltr'><strong>mea</strong></span> <span class='ocrx_word' id='word_1_236' title='bbox 1598 2492 1649 2547; x_wconf 92' lang='lat' dir='ltr'><strong>in</strong></span> <span class='ocrx_word' id='word_1_237' title='bbox 1694 2492 2072 2566; x_wconf 84' lang='lat' dir='ltr'><strong>Jerosolymis,</strong></span> 
     </span>
    </p>
   </div>
   <div class='ocr_carea' id='block_1_40' title="bbox 492 2572 2073 2654">
    <p class='ocr_par' dir='ltr' id='par_1_40' title="bbox 492 2572 2073 2654">
     <span class='ocr_line' id='line_1_40' title="bbox 492 2572 2073 2654; baseline 0.004 -17"><span class='ocrx_word' id='word_1_238' title='bbox 492 2591 760 2637; x_wconf 84' lang='lat' dir='ltr'><strong>noverunt</strong></span> <span class='ocrx_word' id='word_1_239' title='bbox 788 2596 977 2638; x_wconf 89' lang='lat' dir='ltr'><strong>omnes</strong></span> <span class='ocrx_word' id='word_1_240' title='bbox 1000 2581 1168 2639; x_wconf 71' lang='lat' dir='ltr'><strong>Judaei</strong></span> <span class='ocrx_word' id='word_1_241' title='bbox 1189 2600 1206 2650; x_wconf 87' lang='lat'><strong>;</strong></span> <span class='ocrx_word' id='word_1_242' title='bbox 1230 2614 1300 2627; x_wconf 91' lang='lat'>—</span> <span class='ocrx_word' id='word_1_243' title='bbox 1324 2572 1674 2654; x_wconf 73' lang='lat' dir='ltr'><strong>praescientes</strong></span> <span class='ocrx_word' id='word_1_244' title='bbox 1704 2588 2073 2652; x_wconf 54' lang='lat' dir='ltr'><strong>me‘ab&#39;iuitio.</strong></span> 
     </span>
    </p>
   </div>
   <div class='ocr_carea' id='block_1_41' title="bbox 496 2670 2074 2747">
    <p class='ocr_par' dir='ltr' id='par_1_41' title="bbox 496 2670 2074 2747">
     <span class='ocr_line' id='line_1_41' title="bbox 496 2670 2074 2747; baseline 0.004 -20"><span class='ocrx_word' id='word_1_245' title='bbox 496 2670 543 2727; x_wconf 88' lang='lat' dir='ltr'><strong>si</strong></span> <span class='ocrx_word' id='word_1_246' title='bbox 569 2673 738 2727; x_wconf 82' lang='lat' dir='ltr'><strong>velint</strong></span> <span class='ocrx_word' id='word_1_247' title='bbox 769 2675 1138 2730; x_wconf 87' lang='lat' dir='ltr'><strong>testimonium</strong></span> <span class='ocrx_word' id='word_1_248' title='bbox 1162 2677 1473 2747; x_wconf 85' lang='lat' dir='ltr'><strong>perhibere,</strong></span> <span class='ocrx_word' id='word_1_249' title='bbox 1498 2679 1753 2746; x_wconf 87' lang='lat' dir='ltr'><strong>quoniam</strong></span> <span class='ocrx_word' id='word_1_250' title='bbox 1777 2679 2074 2734; x_wconf 82' lang='lat' dir='ltr'><strong>secundum</strong></span> 
     </span>
    </p>
   </div>
   <div class='ocr_carea' id='block_1_42' title="bbox 494 2765 2074 2841">
    <p class='ocr_par' dir='ltr' id='par_1_42' title="bbox 494 2765 2074 2841">
     <span class='ocr_line' id='line_1_42' title="bbox 494 2765 2074 2841; baseline 0.003 -20"><span class='ocrx_word' id='word_1_251' title='bbox 494 2765 858 2821; x_wconf 83' lang='lat' dir='ltr'><strong>certissimam</strong></span> <span class='ocrx_word' id='word_1_252' title='bbox 916 2775 1127 2824; x_wconf 83' lang='lat' dir='ltr'><strong>sectam</strong></span> <span class='ocrx_word' id='word_1_253' title='bbox 1190 2779 1392 2826; x_wconf 74' lang='lat' dir='ltr'><strong>nasute</strong></span> <span class='ocrx_word' id='word_1_254' title='bbox 1439 2771 1724 2841; x_wconf 76' lang='lat' dir='ltr'><strong>religionis</strong></span> <span class='ocrx_word' id='word_1_255' title='bbox 1772 2771 1882 2826; x_wconf 75' lang='lat' dir='ltr'><strong>vixi</strong></span> <span class='ocrx_word' id='word_1_256' title='bbox 1928 2770 2074 2826; x_wconf 79' lang='lat' dir='ltr'><strong>Pha-</strong></span> 
     </span>
    </p>
   </div>
   <div class='ocr_carea' id='block_1_43' title="bbox 496 2856 757 2912">
    <p class='ocr_par' dir='ltr' id='par_1_43' title="bbox 496 2856 757 2912">
     <span class='ocr_line' id='line_1_43' title="bbox 496 2856 757 2912; baseline -0.011 -1"><span class='ocrx_word' id='word_1_257' title='bbox 496 2856 705 2912; x_wconf 74' lang='lat' dir='ltr'><strong>riszeus.</strong></span> <span class='ocrx_word' id='word_1_258' title='bbox 738 2875 757 2908; x_wconf 80' lang='grc' dir='ltr'><strong>ι</strong></span> 
     </span>
    </p>
   </div>
   <div class='ocr_carea' id='block_1_44' title="bbox 566 2946 2071 3024">
    <p class='ocr_par' dir='ltr' id='par_1_44' title="bbox 566 2946 2071 3024">
     <span class='ocr_line' id='line_1_44' title="bbox 566 2946 2071 3024; baseline 0.007 -24"><span class='ocrx_word' id='word_1_259' title='bbox 566 2946 693 3012; x_wconf 86' lang='lat' dir='ltr'><strong>Pro,</strong></span> <span class='ocrx_word' id='word_1_260' title='bbox 749 2947 946 3005; x_wconf 84' lang='lat' dir='ltr'><strong>Verum</strong></span> <span class='ocrx_word' id='word_1_261' title='bbox 995 2951 1213 3016; x_wconf 91' lang='lat' dir='ltr'><strong>sciunt,</strong></span> <span class='ocrx_word' id='word_1_262' title='bbox 1270 2968 1374 3007; x_wconf 88' lang='lat' dir='ltr'><strong>non</strong></span> <span class='ocrx_word' id='word_1_263' title='bbox 1421 2963 1600 3010; x_wconf 88' lang='lat' dir='ltr'><strong>autem</strong></span> <span class='ocrx_word' id='word_1_264' title='bbox 1634 2954 1815 3012; x_wconf 88' lang='lat' dir='ltr'><strong>dicere</strong></span> <span class='ocrx_word' id='word_1_265' title='bbox 1861 2955 2071 3024; x_wconf 83' lang='lat' dir='ltr'><strong>volunt,</strong></span> 
     </span>
    </p>
   </div>
   <div class='ocr_carea' id='block_1_45' title="bbox 2175 1804 3771 1884">
    <p class='ocr_par' dir='ltr' id='par_1_45' title="bbox 2175 1804 3771 1884">
     <span class='ocr_line' id='line_1_45' title="bbox 2175 1804 3771 1884; baseline -0.005 -18"><span class='ocrx_word' id='word_1_266' title='bbox 2175 1812 2332 1877; x_wconf 88' lang='grc' dir='ltr'>θυνος</span> <span class='ocrx_word' id='word_1_267' title='bbox 2358 1809 2446 1883; x_wconf 81' lang='grc' dir='ltr'><strong>ἦν’</strong></span> <span class='ocrx_word' id='word_1_268' title='bbox 2485 1813 2627 1884; x_wconf 81' lang='grc' dir='ltr'>πλὴν</span> <span class='ocrx_word' id='word_1_269' title='bbox 2657 1813 2806 1884; x_wconf 83' lang='grc' dir='ltr'>ὅμως</span> <span class='ocrx_word' id='word_1_270' title='bbox 2837 1812 2949 1865; x_wconf 73' lang='grc' dir='ltr'><strong>οὐκ</strong></span> <span class='ocrx_word' id='word_1_271' title='bbox 2966 1810 3241 1864; x_wconf 81' lang='grc' dir='ltr'>ἀπέλυσεν</span> <span class='ocrx_word' id='word_1_272' title='bbox 3272 1807 3460 1871; x_wconf 74' lang='grc' dir='ltr'>αὐτὸν,</span> <span class='ocrx_word' id='word_1_273' title='bbox 3490 1806 3640 1876; x_wconf 76' lang='grc' dir='ltr'>τάχα</span> <span class='ocrx_word' id='word_1_274' title='bbox 3670 1804 3771 1858; x_wconf 81' lang='grc' dir='ltr'><strong>οὒ-</strong></span> 
     </span>
    </p>
   </div>
   <div class='ocr_carea' id='block_1_46' title="bbox 2172 1898 3764 1975">
    <p class='ocr_par' dir='ltr' id='par_1_46' title="bbox 2172 1898 3764 1975">
     <span class='ocr_line' id='line_1_46' title="bbox 2172 1898 3764 1975; baseline -0.006 -16"><span class='ocrx_word' id='word_1_275' title='bbox 2172 1922 2281 1968; x_wconf 79' lang='grc' dir='ltr'><strong>τως</strong></span> <span class='ocrx_word' id='word_1_276' title='bbox 2310 1905 2771 1975; x_wconf 81' lang='grc' dir='ltr'>οίκονομήσαντος</span> <span class='ocrx_word' id='word_1_277' title='bbox 2814 1902 2909 1956; x_wconf 79' lang='grc' dir='ltr'>τοῦ</span> <span class='ocrx_word' id='word_1_278' title='bbox 2941 1902 3186 1972; x_wconf 82' lang='grc' dir='ltr'>Κυρίου,</span> <span class='ocrx_word' id='word_1_279' title='bbox 3228 1899 3319 1954; x_wconf 82' lang='grc' dir='ltr'><strong>ἵνα</strong></span> <span class='ocrx_word' id='word_1_280' title='bbox 3360 1898 3764 1968; x_wconf 79' lang='grc' dir='ltr'>ἐκκαλέσηται,</span> 
     </span>
    </p>
   </div>
   <div class='ocr_carea' id='block_1_47' title="bbox 2174 1988 3769 2067">
    <p class='ocr_par' dir='ltr' id='par_1_47' title="bbox 2174 1988 3769 2067">
     <span class='ocr_line' id='line_1_47' title="bbox 2174 1988 3769 2067; baseline -0.004 -19"><span class='ocrx_word' id='word_1_281' title='bbox 2174 1999 2268 2049; x_wconf 68' lang='grc' dir='ltr'><strong>καὶ</strong></span> <span class='ocrx_word' id='word_1_282' title='bbox 2296 1995 2509 2067; x_wconf 80' lang='grc' dir='ltr'>ἀνάγκῃ</span> <span class='ocrx_word' id='word_1_283' title='bbox 2546 1995 2650 2065; x_wconf 82' lang='grc' dir='ltr'><strong>τῆς</strong></span> <span class='ocrx_word' id='word_1_284' title='bbox 2688 1994 2956 2065; x_wconf 80' lang='grc' dir='ltr'>ἐκκλήτου</span> <span class='ocrx_word' id='word_1_285' title='bbox 2991 1992 3218 2064; x_wconf 72' lang='grc' dir='ltr'>πεμφθῇ</span> <span class='ocrx_word' id='word_1_286' title='bbox 3251 1993 3334 2055; x_wconf 88' lang='grc' dir='ltr'><strong>είς</strong></span> <span class='ocrx_word' id='word_1_287' title='bbox 3384 1990 3635 2059; x_wconf 75' lang='grc' dir='ltr'>Ῥώμην,</span> <span class='ocrx_word' id='word_1_288' title='bbox 3668 1988 3769 2042; x_wconf 74' lang='grc' dir='ltr'>καὶ</span> 
     </span>
    </p>
   </div>
   <div class='ocr_carea' id='block_1_48' title="bbox 2175 2080 3771 2157">
    <p class='ocr_par' dir='ltr' id='par_1_48' title="bbox 2175 2080 3771 2157">
     <span class='ocr_line' id='line_1_48' title="bbox 2175 2080 3771 2157; baseline -0.004 -18"><span class='ocrx_word' id='word_1_289' title='bbox 2175 2086 2435 2157; x_wconf 80' lang='grc' dir='ltr'>πληρωθῇ</span> <span class='ocrx_word' id='word_1_290' title='bbox 2469 2084 2530 2138; x_wconf 80' lang='grc' dir='ltr'><strong>τὸ</strong></span> <span class='ocrx_word' id='word_1_291' title='bbox 2569 2084 2946 2157; x_wconf 76' lang='grc' dir='ltr'>προφητευθέν</span> <span class='ocrx_word' id='word_1_292' title='bbox 2969 2084 3065 2138; x_wconf 78' lang='grc' dir='ltr'>ὑπ’</span> <span class='ocrx_word' id='word_1_293' title='bbox 3105 2083 3304 2138; x_wconf 82' lang='grc' dir='ltr'>αὐτοῦ·</span> <span class='ocrx_word' id='word_1_294' title='bbox 3353 2082 3530 2135; x_wconf 71' lang='grc' dir='ltr'><strong>Ὅτε1⁵</strong></span> <span class='ocrx_word' id='word_1_295' title='bbox 3561 2080 3663 2135; x_wconf 80' lang='grc' dir='ltr'><strong>δεῖ</strong></span> <span class='ocrx_word' id='word_1_296' title='bbox 3687 2095 3771 2151; x_wconf 71' lang='grc' dir='ltr'>με</span> 
     </span>
    </p>
   </div>
   <div class='ocr_carea' id='block_1_49' title="bbox 2174 2175 2735 2247">
    <p class='ocr_par' dir='ltr' id='par_1_49' title="bbox 2174 2175 2735 2247">
     <span class='ocr_line' id='line_1_49' title="bbox 2174 2175 2735 2247; baseline 0 -15"><span class='ocrx_word' id='word_1_297' title='bbox 2174 2177 2273 2232; x_wconf 79' lang='grc' dir='ltr'>καὶ</span> <span class='ocrx_word' id='word_1_298' title='bbox 2308 2175 2540 2247; x_wconf 76' lang='grc' dir='ltr'>Ῥώμην</span> <span class='ocrx_word' id='word_1_299' title='bbox 2566 2175 2735 2233; x_wconf 72' lang='grc' dir='ltr'><strong>ἰδεῖν.</strong></span> 
     </span>
    </p>
   </div>
   <div class='ocr_carea' id='block_1_50' title="bbox 2740 2287 3183 2356">
    <p class='ocr_par' dir='ltr' id='par_1_50' title="bbox 2740 2287 3183 2356">
     <span class='ocr_line' id='line_1_50' title="bbox 2740 2287 3183 2356; baseline -0.005 -13"><span class='ocrx_word' id='word_1_300' title='bbox 2740 2287 2994 2343; x_wconf 76' lang='grc' dir='ltr'><strong>ΚΕΦΑΔ.</strong></span> <span class='ocrx_word' id='word_1_301' title='bbox 3036 2287 3183 2356; x_wconf 69' lang='grc' dir='ltr'><strong><em>κεῖν.</em></strong></span> 
     </span>
    </p>
   </div>
   <div class='ocr_carea' id='block_1_51' title="bbox 2251 2397 3765 2473">
    <p class='ocr_par' dir='ltr' id='par_1_51' title="bbox 2251 2397 3765 2473">
     <span class='ocr_line' id='line_1_51' title="bbox 2251 2397 3765 2473; baseline 0 -20"><span class='ocrx_word' id='word_1_302' title='bbox 2251 2421 2270 2453; x_wconf 82' lang='grc' dir='ltr'><strong>ι</strong></span> <span class='ocrx_word' id='word_1_303' title='bbox 2322 2400 2434 2473; x_wconf 84' lang='grc' dir='ltr'>Τὴν</span> <span class='ocrx_word' id='word_1_304' title='bbox 2473 2401 2571 2473; x_wconf 82' lang='grc' dir='ltr'>μὲν</span> <span class='ocrx_word' id='word_1_305' title='bbox 2603 2397 2694 2456; x_wconf 80' lang='grc' dir='ltr'>οὖν</span> <span class='ocrx_word' id='word_1_306' title='bbox 2739 2400 2929 2473; x_wconf 85' lang='grc' dir='ltr'>βίωσίν</span> <span class='ocrx_word' id='word_1_307' title='bbox 2959 2417 3061 2473; x_wconf 90' lang='grc' dir='ltr'><strong>μου</strong></span> <span class='ocrx_word' id='word_1_308' title='bbox 3102 2402 3169 2455; x_wconf 84' lang='grc' dir='ltr'><strong>ἐκ</strong></span> <span class='ocrx_word' id='word_1_309' title='bbox 3207 2400 3500 2470; x_wconf 84' lang='grc' dir='ltr'>νεότητος,</span> <span class='ocrx_word' id='word_1_310' title='bbox 3532 2398 3635 2469; x_wconf 73' lang='grc' dir='ltr'><strong>τὴν</strong></span> <span class='ocrx_word' id='word_1_311' title='bbox 3666 2401 3765 2455; x_wconf 76' lang='grc' dir='ltr'>ἀπ’</span> 
     </span>
    </p>
   </div>
   <div class='ocr_carea' id='block_1_52' title="bbox 2174 2484 3762 2563">
    <p class='ocr_par' dir='ltr' id='par_1_52' title="bbox 2174 2484 3762 2563">
     <span class='ocr_line' id='line_1_52' title="bbox 2174 2484 3762 2563; baseline -0.001 -18"><span class='ocrx_word' id='word_1_312' title='bbox 2174 2484 2349 2562; x_wconf 81' lang='grc' dir='ltr'>ἀρχῆς</span> <span class='ocrx_word' id='word_1_313' title='bbox 2377 2492 2681 2563; x_wconf 82' lang='grc' dir='ltr'>γενομένην</span> <span class='ocrx_word' id='word_1_314' title='bbox 2710 2495 2769 2546; x_wconf 89' lang='grc' dir='ltr'><strong>ἐν</strong></span> <span class='ocrx_word' id='word_1_315' title='bbox 2802 2492 2881 2563; x_wconf 83' lang='grc' dir='ltr'>τῷ</span> <span class='ocrx_word' id='word_1_316' title='bbox 2914 2493 3061 2545; x_wconf 74' lang='grc' dir='ltr'>ἔθνει</span> <span class='ocrx_word' id='word_1_317' title='bbox 3092 2508 3195 2562; x_wconf 87' lang='grc' dir='ltr'><strong>μου</strong></span> <span class='ocrx_word' id='word_1_318' title='bbox 3227 2493 3286 2545; x_wconf 86' lang='grc' dir='ltr'><strong>ἐν</strong></span> <span class='ocrx_word' id='word_1_319' title='bbox 3331 2491 3762 2563; x_wconf 80' lang='grc' dir='ltr'>Ἱεροσολύμοις,</span> 
     </span>
    </p>
   </div>
   <div class='ocr_carea' id='block_1_53' title="bbox 2176 2581 3762 2654">
    <p class='ocr_par' dir='ltr' id='par_1_53' title="bbox 2176 2581 3762 2654">
     <span class='ocr_line' id='line_1_53' title="bbox 2176 2581 3762 2654; baseline -0.001 -18"><span class='ocrx_word' id='word_1_320' title='bbox 2176 2582 2326 2637; x_wconf 81' lang='grc' dir='ltr'>ῐσασι</span> <span class='ocrx_word' id='word_1_321' title='bbox 2349 2584 2553 2648; x_wconf 86' lang='grc' dir='ltr'>πάντες</span> <span class='ocrx_word' id='word_1_322' title='bbox 2574 2586 2624 2637; x_wconf 75' lang='grc' dir='ltr'>οἱ</span> <span class='ocrx_word' id='word_1_323' title='bbox 2649 2584 2917 2638; x_wconf 84' lang='grc' dir='ltr'>Ἰουδαῖοι·</span> <span class='ocrx_word' id='word_1_324' title='bbox 2940 2581 3424 2654; x_wconf 77' lang='grc' dir='ltr'>προγινώσκοντές</span> <span class='ocrx_word' id='word_1_325' title='bbox 3444 2599 3512 2652; x_wconf 87' lang='grc' dir='ltr'><strong>με</strong></span> <span class='ocrx_word' id='word_1_326' title='bbox 3532 2581 3762 2645; x_wconf 80' lang='grc' dir='ltr'>ἀνωθεν,</span> 
     </span>
    </p>
   </div>
   <div class='ocr_carea' id='block_1_54' title="bbox 2173 2674 3765 2748">
    <p class='ocr_par' dir='ltr' id='par_1_54' title="bbox 2173 2674 3765 2748">
     <span class='ocr_line' id='line_1_54' title="bbox 2173 2674 3765 2748; baseline 0 -19"><span class='ocrx_word' id='word_1_327' title='bbox 2173 2675 2272 2729; x_wconf 74' lang='grc' dir='ltr'>ἐὰν</span> <span class='ocrx_word' id='word_1_328' title='bbox 2303 2675 2501 2730; x_wconf 82' lang='grc' dir='ltr'>θέλωσι</span> <span class='ocrx_word' id='word_1_329' title='bbox 2535 2678 2875 2748; x_wconf 71' lang='grc' dir='ltr'>μαρτυρεῖν,</span> <span class='ocrx_word' id='word_1_330' title='bbox 2903 2676 2986 2730; x_wconf 83' lang='grc' dir='ltr'><strong>ὅτι</strong></span> <span class='ocrx_word' id='word_1_331' title='bbox 3033 2674 3181 2729; x_wconf 83' lang='grc' dir='ltr'><strong>κατά</strong></span> <span class='ocrx_word' id='word_1_332' title='bbox 3216 2675 3317 2746; x_wconf 81' lang='grc' dir='ltr'>τὴν</span> <span class='ocrx_word' id='word_1_333' title='bbox 3354 2675 3765 2746; x_wconf 79' lang='grc' dir='ltr'>ἀκριϐεστάτην</span> 
     </span>
    </p>
   </div>
   <div class='ocr_carea' id='block_1_55' title="bbox 2176 2767 3760 2842">
    <p class='ocr_par' dir='ltr' id='par_1_55' title="bbox 2176 2767 3760 2842">
     <span class='ocr_line' id='line_1_55' title="bbox 2176 2767 3760 2842; baseline 0 -21"><span class='ocrx_word' id='word_1_334' title='bbox 2176 2767 2392 2841; x_wconf 72' lang='grc' dir='ltr'>αἵρεσιν</span> <span class='ocrx_word' id='word_1_335' title='bbox 2421 2768 2523 2840; x_wconf 83' lang='grc' dir='ltr'>τῆς</span> <span class='ocrx_word' id='word_1_336' title='bbox 2545 2768 2824 2841; x_wconf 77' lang='grc' dir='ltr'>ἡμετέρας</span> <span class='ocrx_word' id='word_1_337' title='bbox 2855 2767 3156 2839; x_wconf 79' lang='grc' dir='ltr'>θρησκείας</span> <span class='ocrx_word' id='word_1_338' title='bbox 3178 2767 3354 2840; x_wconf 76' lang='grc' dir='ltr'>ἔζησα</span> <span class='ocrx_word' id='word_1_339' title='bbox 3382 2771 3703 2842; x_wconf 77' lang='grc' dir='ltr'>Φαρισαῖος.</span> <span class='ocrx_word' id='word_1_340' title='bbox 3742 2788 3760 2821; x_wconf 83' lang='grc' dir='ltr'><strong>ι</strong></span> 
     </span>
    </p>
   </div>
   <div class='ocr_carea' id='block_1_56' title="bbox 2265 2945 3768 3018">
    <p class='ocr_par' dir='ltr' id='par_1_56' title="bbox 2265 2945 3768 3018">
     <span class='ocr_line' id='line_1_56' title="bbox 2265 2945 3768 3018; baseline -0.003 -16"><span class='ocrx_word' id='word_1_341' title='bbox 2265 2947 2412 3003; x_wconf 78' lang='grc' dir='ltr'>Ἀντὶ</span> <span class='ocrx_word' id='word_1_342' title='bbox 2445 2948 2539 3002; x_wconf 82' lang='grc' dir='ltr'>τοῦ</span> <span class='ocrx_word' id='word_1_343' title='bbox 2560 2988 2575 3013; x_wconf 95' lang='grc'><strong>,</strong></span> <span class='ocrx_word' id='word_1_344' title='bbox 2612 2949 2791 3002; x_wconf 85' lang='grc' dir='ltr'>Ἰσασι</span> <span class='ocrx_word' id='word_1_345' title='bbox 2823 2947 2885 3002; x_wconf 83' lang='grc' dir='ltr'>τὸ</span> <span class='ocrx_word' id='word_1_346' title='bbox 2911 2947 3112 3018; x_wconf 80' lang='grc' dir='ltr'>ἀληθὲς</span> <span class='ocrx_word' id='word_1_347' title='bbox 3131 2986 3146 3011; x_wconf 91' lang='grc'><strong>,</strong></span> <span class='ocrx_word' id='word_1_348' title='bbox 3178 2946 3294 3000; x_wconf 83' lang='grc' dir='ltr'>ἀλλ’</span> <span class='ocrx_word' id='word_1_349' title='bbox 3323 2947 3384 3000; x_wconf 78' lang='grc' dir='ltr'>οὐ</span> <span class='ocrx_word' id='word_1_350' title='bbox 3416 2945 3667 3000; x_wconf 78' lang='grc' dir='ltr'>θέλουσιν</span> <span class='ocrx_word' id='word_1_351' title='bbox 3694 2946 3768 2999; x_wconf 68' lang='grc' dir='ltr'><strong>εἰς</strong></span> 
     </span>
    </p>
   </div>
   <div class='ocr_carea' id='block_1_57' title="bbox 497 3036 2074 3112">
    <p class='ocr_par' dir='ltr' id='par_1_57' title="bbox 497 3036 2070 3112">
     <span class='ocr_line' id='line_1_57' title="bbox 497 3036 2070 3112; baseline 0.006 -21"><span class='ocrx_word' id='word_1_352' title='bbox 497 3036 805 3093; x_wconf 85' lang='lat' dir='ltr'><strong>voluntarie</strong></span> <span class='ocrx_word' id='word_1_353' title='bbox 858 3040 1069 3110; x_wconf 87' lang='lat' dir='ltr'><strong>decepti</strong></span> <span class='ocrx_word' id='word_1_354' title='bbox 1126 3049 1182 3095; x_wconf 89' lang='lat' dir='ltr'><strong>et</strong></span> <span class='ocrx_word' id='word_1_355' title='bbox 1227 3041 1649 3112; x_wconf 89' lang='lat' dir='ltr'><strong>delinquentes,</strong></span> <span class='ocrx_word' id='word_1_356' title='bbox 1712 3060 1819 3101; x_wconf 94' lang='lat' dir='ltr'><strong>non</strong></span> <span class='ocrx_word' id='word_1_357' title='bbox 1877 3056 2070 3101; x_wconf 86' lang='lat' dir='ltr'><strong>natura</strong></span> 
     </span>
    </p>
   </div>
   <div class='ocr_carea' id='block_1_58' title="bbox 2182 3036 3766 3112">
    <p class='ocr_par' dir='ltr' id='par_1_58' title="bbox 2182 3038 3766 3111">
     <span class='ocr_line' id='line_1_58' title="bbox 2182 3038 3766 3111; baseline -0.003 -18"><span class='ocrx_word' id='word_1_358' title='bbox 2182 3041 2318 3104; x_wconf 76' lang='grc' dir='ltr'>πεῖν,</span> <span class='ocrx_word' id='word_1_359' title='bbox 2350 3039 2577 3111; x_wconf 74' lang='grc' dir='ltr'>ἑκουσίᾳ</span> <span class='ocrx_word' id='word_1_360' title='bbox 2594 3039 3153 3110; x_wconf 70' lang='grc' dir='ltr'>’γνώμηψευδόμενοι</span> <span class='ocrx_word' id='word_1_361' title='bbox 3186 3038 3284 3093; x_wconf 74' lang='grc' dir='ltr'><strong>καὶ</strong></span> <span class='ocrx_word' id='word_1_362' title='bbox 3312 3038 3766 3108; x_wconf 79' lang='grc' dir='ltr'>ἁμαρτάνοντες,</span> 
     </span>
    </p>
   </div>
   <div class='ocr_carea' id='block_1_59' title="bbox 498 3130 2076 3201">
    <p class='ocr_par' dir='ltr' id='par_1_59' title="bbox 498 3130 2076 3201">
     <span class='ocr_line' id='line_1_59' title="bbox 498 3130 2076 3201; baseline 0.006 -18"><span class='ocrx_word' id='word_1_363' title='bbox 498 3139 746 3199; x_wconf 76' lang='lat' dir='ltr'><strong>cogente.</strong></span> <span class='ocrx_word' id='word_1_364' title='bbox 804 3130 960 3198; x_wconf 87' lang='lat' dir='ltr'><strong>Quod</strong></span> <span class='ocrx_word' id='word_1_365' title='bbox 1004 3141 1209 3201; x_wconf 77' lang='lat' dir='ltr'><strong>pugnat</strong></span> <span class='ocrx_word' id='word_1_366' title='bbox 1244 3134 1509 3189; x_wconf 84' lang='lat' dir='ltr'><strong>adversus</strong></span> <span class='ocrx_word' id='word_1_367' title='bbox 1535 3134 1866 3192; x_wconf 71' lang='lat' dir='ltr'><strong>Manichazos</strong></span> <span class='ocrx_word' id='word_1_368' title='bbox 1896 3145 1952 3193; x_wconf 87' lang='lat' dir='ltr'><strong>et</strong></span> <span class='ocrx_word' id='word_1_369' title='bbox 1981 3152 2076 3193; x_wconf 89' lang='lat' dir='ltr'><strong>eos</strong></span> 
     </span>
    </p>
   </div>
   <div class='ocr_carea' id='block_1_60' title="bbox 499 3222 2073 3293">
    <p class='ocr_par' dir='ltr' id='par_1_60' title="bbox 499 3222 2073 3293">
     <span class='ocr_line' id='line_1_60' title="bbox 499 3222 2073 3293; baseline 0.005 -19"><span class='ocrx_word' id='word_1_370' title='bbox 499 3222 590 3291; x_wconf 92' lang='lat' dir='ltr'><strong>qui</strong></span> <span class='ocrx_word' id='word_1_371' title='bbox 636 3223 819 3276; x_wconf 81' lang='lat' dir='ltr'><strong>omnia</strong></span> <span class='ocrx_word' id='word_1_372' title='bbox 848 3223 991 3277; x_wconf 79' lang='lat' dir='ltr'><strong>facta</strong></span> <span class='ocrx_word' id='word_1_373' title='bbox 1028 3223 1354 3293; x_wconf 81' lang='lat' dir='ltr'><strong>astrologiae,</strong></span> <span class='ocrx_word' id='word_1_374' title='bbox 1392 3225 1527 3280; x_wconf 88' lang='lat' dir='ltr'><strong>sorti</strong></span> <span class='ocrx_word' id='word_1_375' title='bbox 1567 3234 1622 3280; x_wconf 90' lang='lat' dir='ltr'><strong>et</strong></span> <span class='ocrx_word' id='word_1_376' title='bbox 1663 3226 1777 3282; x_wconf 80' lang='lat' dir='ltr'><strong>fato</strong></span> <span class='ocrx_word' id='word_1_377' title='bbox 1808 3228 2073 3283; x_wconf 88' lang='lat' dir='ltr'><strong>tribuunt.</strong></span> 
     </span>
    </p>
   </div>
   <div class='ocr_carea' id='block_1_61' title="bbox 500 3312 2077 3385">
    <p class='ocr_par' dir='ltr' id='par_1_61' title="bbox 500 3312 2077 3385">
     <span class='ocr_line' id='line_1_61' title="bbox 500 3312 2077 3385; baseline 0.005 -18"><span class='ocrx_word' id='word_1_378' title='bbox 500 3312 811 3370; x_wconf 80' lang='lat' dir='ltr'><strong>Notandum</strong></span> <span class='ocrx_word' id='word_1_379' title='bbox 841 3330 970 3370; x_wconf 84' lang='lat' dir='ltr'><strong>vero</strong></span> <span class='ocrx_word' id='word_1_380' title='bbox 992 3328 1076 3371; x_wconf 90' lang='lat' dir='ltr'><strong>est</strong></span> <span class='ocrx_word' id='word_1_381' title='bbox 1104 3317 1406 3372; x_wconf 70' lang='lat' dir='ltr'><strong>Pharisaeos</strong></span> <span class='ocrx_word' id='word_1_382' title='bbox 1429 3317 1598 3373; x_wconf 78' lang='lat' dir='ltr'><strong>fuisse</strong></span> <span class='ocrx_word' id='word_1_383' title='bbox 1620 3319 1924 3385; x_wconf 63' lang='lat' dir='ltr'><strong>haereticos,</strong></span> <span class='ocrx_word' id='word_1_384' title='bbox 1950 3320 2077 3376; x_wconf 90' lang='lat' dir='ltr'><strong>licet</strong></span> 
     </span>
    </p>
   </div>
   <div class='ocr_carea' id='block_1_62' title="bbox 499 3404 2075 3478">
    <p class='ocr_par' dir='ltr' id='par_1_62' title="bbox 499 3404 2075 3478">
     <span class='ocr_line' id='line_1_62' title="bbox 499 3404 2075 3478; baseline 0.006 -21"><span class='ocrx_word' id='word_1_385' title='bbox 499 3417 612 3473; x_wconf 84' lang='lat' dir='ltr'><strong>prae</strong></span> <span class='ocrx_word' id='word_1_386' title='bbox 637 3406 892 3461; x_wconf 89' lang='lat' dir='ltr'><strong>omnibus</strong></span> <span class='ocrx_word' id='word_1_387' title='bbox 921 3404 1042 3461; x_wconf 84' lang='lat' dir='ltr'><strong>aliis</strong></span> <span class='ocrx_word' id='word_1_388' title='bbox 1066 3407 1373 3462; x_wconf 69' lang='lat' dir='ltr'><strong>Iudaeorum</strong></span> <span class='ocrx_word' id='word_1_389' title='bbox 1402 3409 1588 3476; x_wconf 90' lang='lat' dir='ltr'><strong>sectis,</strong></span> <span class='ocrx_word' id='word_1_390' title='bbox 1609 3408 1920 3478; x_wconf 83' lang='lat' dir='ltr'><strong>Scripturas</strong></span> <span class='ocrx_word' id='word_1_391' title='bbox 1942 3410 2075 3466; x_wconf 80' lang='lat' dir='ltr'><strong>‘dili-</strong></span> 
     </span>
    </p>
   </div>
   <div class='ocr_carea' id='block_1_63' title="bbox 501 3494 2079 3571">
    <p class='ocr_par' dir='ltr' id='par_1_63' title="bbox 501 3494 2079 3571">
     <span class='ocr_line' id='line_1_63' title="bbox 501 3494 2079 3571; baseline 0.008 -24"><span class='ocrx_word' id='word_1_392' title='bbox 501 3494 719 3561; x_wconf 87' lang='lat' dir='ltr'><strong>gentius</strong></span> <span class='ocrx_word' id='word_1_393' title='bbox 749 3503 1167 3563; x_wconf 84' lang='lat' dir='ltr'><strong>scrutarentur;</strong></span> <span class='ocrx_word' id='word_1_394' title='bbox 1205 3511 1313 3551; x_wconf 89' lang='lat' dir='ltr'><strong>non</strong></span> <span class='ocrx_word' id='word_1_395' title='bbox 1341 3498 1472 3553; x_wconf 89' lang='lat' dir='ltr'><strong>dicit</strong></span> <span class='ocrx_word' id='word_1_396' title='bbox 1498 3500 1701 3563; x_wconf 80' lang='lat' dir='ltr'><strong>verius,</strong></span> <span class='ocrx_word' id='word_1_397' title='bbox 1722 3501 1817 3556; x_wconf 82' lang='lat' dir='ltr'><strong>sed</strong></span> <span class='ocrx_word' id='word_1_398' title='bbox 1848 3498 2079 3571; x_wconf 77' lang='lat' dir='ltr'><strong>diligen-</strong></span> 
     </span>
    </p>
   </div>
   <div class='ocr_carea' id='block_1_64' title="bbox 502 3583 2078 3662">
    <p class='ocr_par' dir='ltr' id='par_1_64' title="bbox 502 3583 2078 3662">
     <span class='ocr_line' id='line_1_64' title="bbox 502 3583 2078 3662; baseline 0.008 -27"><span class='ocrx_word' id='word_1_399' title='bbox 502 3583 665 3649; x_wconf 90' lang='lat' dir='ltr'><strong>tius;</strong></span> <span class='ocrx_word' id='word_1_400' title='bbox 729 3600 835 3637; x_wconf 90' lang='lat' dir='ltr'><strong>non</strong></span> <span class='ocrx_word' id='word_1_401' title='bbox 883 3584 1029 3638; x_wconf 86' lang='lat' dir='ltr'><strong>enim</strong></span> <span class='ocrx_word' id='word_1_402' title='bbox 1093 3587 1375 3643; x_wconf 81' lang='lat' dir='ltr'><strong>habebant</strong></span> <span class='ocrx_word' id='word_1_403' title='bbox 1428 3604 1613 3644; x_wconf 84' lang='lat' dir='ltr'><strong>veram</strong></span> <span class='ocrx_word' id='word_1_404' title='bbox 1672 3590 2078 3662; x_wconf 84' lang='lat' dir='ltr'><strong>Scripturarum</strong></span> 
     </span>
    </p>
   </div>
   <div class='ocr_carea' id='block_1_65' title="bbox 503 3673 2082 3754">
    <p class='ocr_par' dir='ltr' id='par_1_65' title="bbox 503 3673 2082 3754">
     <span class='ocr_line' id='line_1_65' title="bbox 503 3673 2082 3754; baseline 0.008 -26"><span class='ocrx_word' id='word_1_405' title='bbox 503 3673 787 3728; x_wconf 79' lang='lat' dir='ltr'><strong>scientiam</strong></span> <span class='ocrx_word' id='word_1_406' title='bbox 836 3692 850 3730; x_wconf 90' lang='lat'><strong>:</strong></span> <span class='ocrx_word' id='word_1_407' title='bbox 899 3690 1137 3746; x_wconf 82' lang='lat' dir='ltr'><strong>namque</strong></span> <span class='ocrx_word' id='word_1_408' title='bbox 1162 3678 1444 3749; x_wconf 81' lang='lat' dir='ltr'><strong>diligentia</strong></span> <span class='ocrx_word' id='word_1_409' title='bbox 1477 3682 1741 3739; x_wconf 88' lang='lat' dir='ltr'><strong>minutius</strong></span> <span class='ocrx_word' id='word_1_410' title='bbox 1764 3684 1995 3754; x_wconf 82' lang='lat' dir='ltr'><strong>inquirit</strong></span> <span class='ocrx_word' id='word_1_411' title='bbox 2025 3693 2082 3740; x_wconf 90' lang='lat' dir='ltr'><strong>et</strong></span> 
     </span>
    </p>
   </div>
   <div class='ocr_carea' id='block_1_66' title="bbox 503 3762 2076 3848">
    <p class='ocr_par' dir='ltr' id='par_1_66' title="bbox 503 3762 2076 3848">
     <span class='ocr_line' id='line_1_66' title="bbox 503 3762 2076 3848; baseline 0.008 -30"><span class='ocrx_word' id='word_1_412' title='bbox 503 3762 860 3820; x_wconf 89' lang='lat' dir='ltr'><strong>ratiocinatur</strong></span> <span class='ocrx_word' id='word_1_413' title='bbox 883 3806 899 3832; x_wconf 89' lang='lat'><strong>,</strong></span> <span class='ocrx_word' id='word_1_414' title='bbox 961 3783 1067 3823; x_wconf 91' lang='lat' dir='ltr'><strong>non</strong></span> <span class='ocrx_word' id='word_1_415' title='bbox 1109 3771 1253 3841; x_wconf 89' lang='lat' dir='ltr'><strong>quod</strong></span> <span class='ocrx_word' id='word_1_416' title='bbox 1287 3773 1510 3828; x_wconf 85' lang='lat' dir='ltr'><strong>omnino</strong></span> <span class='ocrx_word' id='word_1_417' title='bbox 1545 3789 1730 3831; x_wconf 78' lang='lat' dir='ltr'><strong>rerum</strong></span> <span class='ocrx_word' id='word_1_418' title='bbox 1766 3786 2076 3848; x_wconf 73' lang='lat' dir='ltr'><strong>cognoscat,</strong></span> 
     </span>
    </p>
   </div>
   <div class='ocr_carea' id='block_1_67' title="bbox 504 3853 1461 3932">
    <p class='ocr_par' dir='ltr' id='par_1_67' title="bbox 504 3853 1461 3932">
     <span class='ocr_line' id='line_1_67' title="bbox 504 3853 1461 3932; baseline 0.007 -23"><span class='ocrx_word' id='word_1_419' title='bbox 504 3853 600 3910; x_wconf 89' lang='lat' dir='ltr'><strong>sed</strong></span> <span class='ocrx_word' id='word_1_420' title='bbox 628 3855 771 3925; x_wconf 87' lang='lat' dir='ltr'><strong>quod</strong></span> <span class='ocrx_word' id='word_1_421' title='bbox 801 3870 945 3928; x_wconf 81' lang='lat' dir='ltr'><strong>saepe</strong></span> <span class='ocrx_word' id='word_1_422' title='bbox 974 3859 1211 3929; x_wconf 82' lang='lat' dir='ltr'><strong>seipsam</strong></span> <span class='ocrx_word' id='word_1_423' title='bbox 1239 3861 1461 3932; x_wconf 84' lang='lat' dir='ltr'><strong>decipit.</strong></span> 
     </span>
    </p>
   </div>
   <div class='ocr_carea' id='block_1_68' title="bbox 577 4036 2081 4114">
    <p class='ocr_par' dir='ltr' id='par_1_68' title="bbox 577 4036 2081 4114">
     <span class='ocr_line' id='line_1_68' title="bbox 577 4036 2081 4114; baseline 0.007 -23"><span class='ocrx_word' id='word_1_424' title='bbox 577 4036 743 4094; x_wconf 67' lang='lat' dir='ltr'><strong>Vens.</strong></span> <span class='ocrx_word' id='word_1_425' title='bbox 774 4039 828 4096; x_wconf 89' lang='lat'><strong>9.</strong></span> <span class='ocrx_word' id='word_1_426' title='bbox 900 4059 919 4093; x_wconf 80' lang='grc' dir='ltr'><strong>ι</strong></span> <span class='ocrx_word' id='word_1_427' title='bbox 975 4040 1042 4096; x_wconf 87' lang='grc' dir='ltr'>Ει</span> <span class='ocrx_word' id='word_1_428' title='bbox 1091 4057 1191 4112; x_wconf 89' lang='lat' dir='ltr'><strong>ego</strong></span> <span class='ocrx_word' id='word_1_429' title='bbox 1232 4044 1466 4114; x_wconf 81' lang='lat' dir='ltr'><strong>quidem</strong></span> <span class='ocrx_word' id='word_1_430' title='bbox 1504 4046 1943 4102; x_wconf 70' lang='lat' dir='ltr'><strong>existimaveram</strong></span> <span class='ocrx_word' id='word_1_431' title='bbox 1994 4058 2081 4102; x_wconf 81' lang='lat' dir='ltr'><strong>me</strong></span> 
     </span>
    </p>
   </div>
   <div class='ocr_carea' id='block_1_69' title="bbox 505 4129 2080 4194">
    <p class='ocr_par' dir='ltr' id='par_1_69' title="bbox 505 4129 2080 4194">
     <span class='ocr_line' id='line_1_69' title="bbox 505 4129 2080 4194; baseline 0.008 -12"><span class='ocrx_word' id='word_1_432' title='bbox 505 4129 766 4183; x_wconf 83' lang='lat' dir='ltr'><strong>adversus</strong></span> <span class='ocrx_word' id='word_1_433' title='bbox 793 4145 986 4186; x_wconf 89' lang='lat' dir='ltr'><strong>nomen</strong></span> <span class='ocrx_word' id='word_1_434' title='bbox 1006 4130 1131 4189; x_wconf 85' lang='lat' dir='ltr'><strong>Jesu</strong></span> <span class='ocrx_word' id='word_1_435' title='bbox 1154 4135 1427 4191; x_wconf 84' lang='lat' dir='ltr'><strong>Nazareni</strong></span> <span class='ocrx_word' id='word_1_436' title='bbox 1453 4138 1651 4193; x_wconf 81' lang='lat' dir='ltr'><strong>debere</strong></span> <span class='ocrx_word' id='word_1_437' title='bbox 1674 4138 1840 4193; x_wconf 77' lang='lat' dir='ltr'><strong>multa</strong></span> <span class='ocrx_word' id='word_1_438' title='bbox 1860 4148 2080 4194; x_wconf 50' lang='lat' dir='ltr'><strong>contras</strong></span> 
     </span>
    </p>
   </div>
   <div class='ocr_carea' id='block_1_70' title="bbox 506 4233 851 4287">
    <p class='ocr_par' dir='ltr' id='par_1_70' title="bbox 506 4233 851 4287">
     <span class='ocr_line' id='line_1_70' title="bbox 506 4233 851 4287; baseline 0.006 -16"><span class='ocrx_word' id='word_1_439' title='bbox 506 4233 584 4271; x_wconf 81' lang='lat' dir='ltr'><strong>rta</strong></span> <span class='ocrx_word' id='word_1_440' title='bbox 616 4233 793 4287; x_wconf 84' lang='lat' dir='ltr'><strong>agere.</strong></span> <span class='ocrx_word' id='word_1_441' title='bbox 830 4238 851 4273; x_wconf 74' lang='grc' dir='ltr'><strong>ι</strong></span> 
     </span>
    </p>
   </div>
   <div class='ocr_carea' id='block_1_71' title="bbox 576 4306 2078 4393">
    <p class='ocr_par' dir='ltr' id='par_1_71' title="bbox 576 4306 2078 4393">
     <span class='ocr_line' id='line_1_71' title="bbox 576 4306 2078 4393; baseline 0.012 -31"><span class='ocrx_word' id='word_1_442' title='bbox 576 4306 649 4363; x_wconf 83' lang='lat' dir='ltr'><strong>Et</strong></span> <span class='ocrx_word' id='word_1_443' title='bbox 683 4326 778 4380; x_wconf 84' lang='lat' dir='ltr'><strong>ego</strong></span> <span class='ocrx_word' id='word_1_444' title='bbox 801 4313 1009 4383; x_wconf 79' lang='lat' dir='ltr'><strong>quidem</strong></span> <span class='ocrx_word' id='word_1_445' title='bbox 1040 4316 1487 4384; x_wconf 72' lang='lat' dir='ltr'><strong>existimaveram,</strong></span> <span class='ocrx_word' id='word_1_446' title='bbox 1525 4319 1577 4374; x_wconf 87' lang='lat' dir='ltr'><strong>id</strong></span> <span class='ocrx_word' id='word_1_447' title='bbox 1604 4330 1706 4387; x_wconf 85' lang='lat' dir='ltr'><strong>est,</strong></span> <span class='ocrx_word' id='word_1_448' title='bbox 1733 4331 1854 4378; x_wconf 86' lang='lat' dir='ltr'><strong>meo</strong></span> <span class='ocrx_word' id='word_1_449' title='bbox 1874 4322 2078 4393; x_wconf 77' lang='lat' dir='ltr'><strong>judicio</strong></span> 
     </span>
    </p>
   </div>
   <div class='ocr_carea' id='block_1_72' title="bbox 2177 3127 3770 3202">
    <p class='ocr_par' dir='ltr' id='par_1_72' title="bbox 2177 3127 3770 3202">
     <span class='ocr_line' id='line_1_72' title="bbox 2177 3127 3770 3202; baseline -0.004 -17"><span class='ocrx_word' id='word_1_450' title='bbox 2177 3132 2277 3185; x_wconf 82' lang='grc' dir='ltr'><strong>οὐκ</strong></span> <span class='ocrx_word' id='word_1_451' title='bbox 2312 3132 2377 3184; x_wconf 84' lang='grc' dir='ltr'><strong>ἐκ</strong></span> <span class='ocrx_word' id='word_1_452' title='bbox 2407 3130 2624 3202; x_wconf 83' lang='grc' dir='ltr'>φύσεως</span> <span class='ocrx_word' id='word_1_453' title='bbox 2655 3129 2892 3201; x_wconf 78' lang='grc' dir='ltr'>ἔχοντες.</span> <span class='ocrx_word' id='word_1_454' title='bbox 2928 3129 3100 3184; x_wconf 82' lang='grc' dir='ltr'>Τοῦτο</span> <span class='ocrx_word' id='word_1_455' title='bbox 3129 3130 3361 3202; x_wconf 76' lang='grc' dir='ltr'>ἁρμόζει</span> <span class='ocrx_word' id='word_1_456' title='bbox 3400 3127 3543 3182; x_wconf 87' lang='grc' dir='ltr'><strong>κατά</strong></span> <span class='ocrx_word' id='word_1_457' title='bbox 3578 3130 3770 3182; x_wconf 86' lang='grc' dir='ltr'>Μανι-</span> 
     </span>
    </p>
   </div>
   <div class='ocr_carea' id='block_1_73' title="bbox 2177 3219 3773 3294">
    <p class='ocr_par' dir='ltr' id='par_1_73' title="bbox 2177 3219 3773 3294">
     <span class='ocr_line' id='line_1_73' title="bbox 2177 3219 3773 3294; baseline -0.003 -20"><span class='ocrx_word' id='word_1_458' title='bbox 2177 3221 2370 3292; x_wconf 85' lang='grc' dir='ltr'>χαιων,</span> <span class='ocrx_word' id='word_1_459' title='bbox 2411 3222 2530 3294; x_wconf 73' lang='grc' dir='ltr'>ἦτοι</span> <span class='ocrx_word' id='word_1_460' title='bbox 2562 3221 2675 3275; x_wconf 88' lang='grc' dir='ltr'><strong>τῶν</strong></span> <span class='ocrx_word' id='word_1_461' title='bbox 2706 3221 3092 3292; x_wconf 82' lang='grc' dir='ltr'>ἀστρολογίαις</span> <span class='ocrx_word' id='word_1_462' title='bbox 3126 3222 3221 3275; x_wconf 74' lang='grc' dir='ltr'><strong>καὶ</strong></span> <span class='ocrx_word' id='word_1_463' title='bbox 3251 3220 3387 3291; x_wconf 79' lang='grc' dir='ltr'><strong>τύχῃ</strong></span> <span class='ocrx_word' id='word_1_464' title='bbox 3420 3219 3514 3271; x_wconf 80' lang='grc' dir='ltr'>καὶ</span> <span class='ocrx_word' id='word_1_465' title='bbox 3557 3219 3773 3288; x_wconf 71' lang='grc' dir='ltr'>εἱμαρ-</span> 
     </span>
    </p>
   </div>
   <div class='ocr_carea' id='block_1_74' title="bbox 2185 3307 3771 3386">
    <p class='ocr_par' dir='ltr' id='par_1_74' title="bbox 2185 3307 3771 3386">
     <span class='ocr_line' id='line_1_74' title="bbox 2185 3307 3771 3386; baseline -0.003 -20"><span class='ocrx_word' id='word_1_466' title='bbox 2185 3313 2324 3386; x_wconf 84' lang='grc' dir='ltr'>μένῃ</span> <span class='ocrx_word' id='word_1_467' title='bbox 2346 3313 2414 3366; x_wconf 88' lang='grc' dir='ltr'><strong>τά</strong></span> <span class='ocrx_word' id='word_1_468' title='bbox 2442 3315 2692 3384; x_wconf 85' lang='grc' dir='ltr'>πρακτέα</span> <span class='ocrx_word' id='word_1_469' title='bbox 2716 3313 3105 3379; x_wconf 78' lang='grc' dir='ltr'>ἀνατιθέντων,</span> <span class='ocrx_word' id='word_1_470' title='bbox 3125 3314 3214 3367; x_wconf 74' lang='grc' dir='ltr'>καὶ</span> <span class='ocrx_word' id='word_1_471' title='bbox 3234 3312 3295 3364; x_wconf 84' lang='grc' dir='ltr'><strong>τὸ</strong></span> <span class='ocrx_word' id='word_1_472' title='bbox 3314 3310 3421 3362; x_wconf 84' lang='grc' dir='ltr'><strong>τῶν</strong></span> <span class='ocrx_word' id='word_1_473' title='bbox 3442 3308 3541 3362; x_wconf 86' lang='grc' dir='ltr'><strong>ἀνθ</strong></span> <span class='ocrx_word' id='word_1_474' title='bbox 3552 3307 3771 3379; x_wconf 84' lang='grc' dir='ltr'>ρώπων</span> 
     </span>
    </p>
   </div>
   <div class='ocr_carea' id='block_1_75' title="bbox 2181 3392 3768 3475">
    <p class='ocr_par' dir='ltr' id='par_1_75' title="bbox 2181 3392 3768 3475">
     <span class='ocr_line' id='line_1_75' title="bbox 2181 3392 3768 3475; baseline -0.004 -18"><span class='ocrx_word' id='word_1_475' title='bbox 2181 3400 2529 3468; x_wconf 81' lang='grc' dir='ltr'>αὐτεξούσιον</span> <span class='ocrx_word' id='word_1_476' title='bbox 2560 3403 2969 3475; x_wconf 85' lang='grc' dir='ltr'>ἀναιρούντων·</span> <span class='ocrx_word' id='word_1_477' title='bbox 3007 3392 3338 3474; x_wconf 83' lang='grc' dir='ltr'>σημειωτέον</span> <span class='ocrx_word' id='word_1_478' title='bbox 3369 3397 3428 3453; x_wconf 79' lang='grc' dir='ltr'><strong>δέ</strong></span> <span class='ocrx_word' id='word_1_479' title='bbox 3466 3399 3552 3452; x_wconf 76' lang='grc' dir='ltr'>ὃτι</span> <span class='ocrx_word' id='word_1_480' title='bbox 3584 3401 3686 3453; x_wconf 78' lang='grc' dir='ltr'><strong>καὶ</strong></span> <span class='ocrx_word' id='word_1_481' title='bbox 3715 3399 3768 3452; x_wconf 76' lang='grc' dir='ltr'><strong>οἱ</strong></span> 
     </span>
    </p>
   </div>
   <div class='ocr_carea' id='block_1_76' title="bbox 2178 3490 3785 3566">
    <p class='ocr_par' dir='ltr' id='par_1_76' title="bbox 2178 3490 3785 3566">
     <span class='ocr_line' id='line_1_76' title="bbox 2178 3490 3785 3566; baseline -0.002 -18"><span class='ocrx_word' id='word_1_482' title='bbox 2178 3497 2463 3566; x_wconf 79' lang='grc' dir='ltr'>Φαρισαῖοι</span> <span class='ocrx_word' id='word_1_483' title='bbox 2493 3494 2784 3566; x_wconf 69' lang='grc' dir='ltr'>αἱρετικοὶ,</span> <span class='ocrx_word' id='word_1_484' title='bbox 2814 3497 2864 3549; x_wconf 87' lang='grc' dir='ltr'>εἰ</span> <span class='ocrx_word' id='word_1_485' title='bbox 2894 3498 2991 3549; x_wconf 79' lang='grc' dir='ltr'><strong>καὶ</strong></span> <span class='ocrx_word' id='word_1_486' title='bbox 3015 3493 3412 3566; x_wconf 84' lang='grc' dir='ltr'>ἀκριϐέστερον</span> <span class='ocrx_word' id='word_1_487' title='bbox 3441 3490 3555 3544; x_wconf 90' lang='grc' dir='ltr'><strong>τῶν</strong></span> <span class='ocrx_word' id='word_1_488' title='bbox 3584 3490 3785 3546; x_wconf 77' lang='grc' dir='ltr'>ἄλλων</span> 
     </span>
    </p>
   </div>
   <div class='ocr_carea' id='block_1_77' title="bbox 2180 3583 3764 3657">
    <p class='ocr_par' dir='ltr' id='par_1_77' title="bbox 2180 3583 3764 3657">
     <span class='ocr_line' id='line_1_77' title="bbox 2180 3583 3764 3657; baseline -0.004 -17"><span class='ocrx_word' id='word_1_489' title='bbox 2180 3586 2446 3657; x_wconf 84' lang='grc' dir='ltr'>αἱρέσεων</span> <span class='ocrx_word' id='word_1_490' title='bbox 2480 3587 2588 3640; x_wconf 88' lang='grc' dir='ltr'><strong>τῶν</strong></span> <span class='ocrx_word' id='word_1_491' title='bbox 2633 3586 2941 3641; x_wconf 83' lang='grc' dir='ltr'>Ἰουδαϊκῶν</span> <span class='ocrx_word' id='word_1_492' title='bbox 2973 3586 3073 3650; x_wconf 74' lang='grc' dir='ltr'>τὰς</span> <span class='ocrx_word' id='word_1_493' title='bbox 3100 3585 3324 3656; x_wconf 79' lang='grc' dir='ltr'>Γραφάς</span> <span class='ocrx_word' id='word_1_494' title='bbox 3350 3583 3764 3654; x_wconf 62' lang='grc' dir='ltr'>ἀνακρίνουσιν</span> 
     </span>
    </p>
   </div>
   <div class='ocr_carea' id='block_1_78' title="bbox 2179 3671 3765 3748">
    <p class='ocr_par' dir='ltr' id='par_1_78' title="bbox 2179 3671 3765 3748">
     <span class='ocr_line' id='line_1_78' title="bbox 2179 3671 3765 3748; baseline -0.003 -16"><span class='ocrx_word' id='word_1_495' title='bbox 2179 3677 2424 3747; x_wconf 79' lang='grc' dir='ltr'>ἀκριϐῶς</span> <span class='ocrx_word' id='word_1_496' title='bbox 2446 3677 2507 3732; x_wconf 80' lang='grc' dir='ltr'><strong>δὲ</strong></span> <span class='ocrx_word' id='word_1_497' title='bbox 2534 3673 2656 3732; x_wconf 76' lang='grc' dir='ltr'>εἷπε</span> <span class='ocrx_word' id='word_1_498' title='bbox 2683 3677 2779 3732; x_wconf 70' lang='grc' dir='ltr'>καὶ</span> <span class='ocrx_word' id='word_1_499' title='bbox 2807 3679 2907 3732; x_wconf 76' lang='grc' dir='ltr'><strong>οὐκ</strong></span> <span class='ocrx_word' id='word_1_500' title='bbox 2936 3676 3151 3748; x_wconf 88' lang='grc' dir='ltr'>ἀληθῶς</span> <span class='ocrx_word' id='word_1_501' title='bbox 3170 3690 3185 3706; x_wconf 80' lang='lat'><strong>&#39;</strong></span> <span class='ocrx_word' id='word_1_502' title='bbox 3228 3676 3286 3729; x_wconf 82' lang='grc' dir='ltr'><strong>οὐ</strong></span> <span class='ocrx_word' id='word_1_503' title='bbox 3333 3675 3440 3747; x_wconf 84' lang='grc' dir='ltr'><strong>γὰρ</strong></span> <span class='ocrx_word' id='word_1_504' title='bbox 3484 3671 3632 3745; x_wconf 78' lang='grc' dir='ltr'>εἶχον</span> <span class='ocrx_word' id='word_1_505' title='bbox 3660 3672 3765 3745; x_wconf 80' lang='grc' dir='ltr'>τὴν</span> 
     </span>
    </p>
   </div>
   <div class='ocr_carea' id='block_1_79' title="bbox 2179 3759 3766 3842">
    <p class='ocr_par' dir='ltr' id='par_1_79' title="bbox 2179 3759 3766 3842">
     <span class='ocr_line' id='line_1_79' title="bbox 2179 3759 3766 3842; baseline -0.004 -17"><span class='ocrx_word' id='word_1_506' title='bbox 2179 3770 2354 3842; x_wconf 79' lang='grc' dir='ltr'>ἀληθῆ</span> <span class='ocrx_word' id='word_1_507' title='bbox 2370 3770 2496 3823; x_wconf 79' lang='grc' dir='ltr'>’τῶν</span> <span class='ocrx_word' id='word_1_508' title='bbox 2521 3770 2759 3841; x_wconf 78' lang='grc' dir='ltr'>Γραφῶν</span> <span class='ocrx_word' id='word_1_509' title='bbox 2781 3769 2983 3839; x_wconf 87' lang='grc' dir='ltr'>γνῶσιν</span> <span class='ocrx_word' id='word_1_510' title='bbox 3004 3785 3019 3799; x_wconf 74' lang='grc' dir='ltr'><strong>ο</strong></span> <span class='ocrx_word' id='word_1_511' title='bbox 3043 3759 3197 3840; x_wconf 56' lang='grc' dir='ltr'><strong>ήίοῦν</strong></span> <span class='ocrx_word' id='word_1_512' title='bbox 3223 3767 3484 3840; x_wconf 84' lang='grc' dir='ltr'>ἀκρίϐεια</span> <span class='ocrx_word' id='word_1_513' title='bbox 3510 3767 3766 3820; x_wconf 86' lang='grc' dir='ltr'>λεπτολο-</span> 
     </span>
    </p>
   </div>
   <div class='ocr_carea' id='block_1_80' title="bbox 2179 3858 3762 3933">
    <p class='ocr_par' dir='ltr' id='par_1_80' title="bbox 2179 3858 3762 3933">
     <span class='ocr_line' id='line_1_80' title="bbox 2179 3858 3762 3933; baseline -0.001 -20"><span class='ocrx_word' id='word_1_514' title='bbox 2179 3865 2267 3930; x_wconf 82' lang='grc' dir='ltr'>γεῖ</span> <span class='ocrx_word' id='word_1_515' title='bbox 2298 3861 2395 3916; x_wconf 78' lang='grc' dir='ltr'><strong>καὶ</strong></span> <span class='ocrx_word' id='word_1_516' title='bbox 2435 3860 2845 3930; x_wconf 78' lang='grc' dir='ltr'>συλλογίζεται·</span> <span class='ocrx_word' id='word_1_517' title='bbox 2886 3862 2947 3915; x_wconf 87' lang='grc' dir='ltr'><strong>οὐ</strong></span> <span class='ocrx_word' id='word_1_518' title='bbox 2984 3860 3090 3933; x_wconf 83' lang='grc' dir='ltr'>μὴν</span> <span class='ocrx_word' id='word_1_519' title='bbox 3118 3861 3200 3914; x_wconf 78' lang='grc' dir='ltr'>ὅτι</span> <span class='ocrx_word' id='word_1_520' title='bbox 3243 3861 3465 3924; x_wconf 80' lang='grc' dir='ltr'>πάντως</span> <span class='ocrx_word' id='word_1_521' title='bbox 3500 3858 3762 3929; x_wconf 81' lang='grc' dir='ltr'>γινώσκει</span> 
     </span>
    </p>
   </div>
   <div class='ocr_carea' id='block_1_81' title="bbox 2179 3950 3616 4022">
    <p class='ocr_par' dir='ltr' id='par_1_81' title="bbox 2179 3950 3616 4022">
     <span class='ocr_line' id='line_1_81' title="bbox 2179 3950 3616 4022; baseline 0 -18"><span class='ocrx_word' id='word_1_522' title='bbox 2179 3952 2239 4004; x_wconf 79' lang='grc' dir='ltr'><strong>τὸ</strong></span> <span class='ocrx_word' id='word_1_523' title='bbox 2263 3951 2342 4015; x_wconf 85' lang='grc' dir='ltr'>ὃν,</span> <span class='ocrx_word' id='word_1_524' title='bbox 2378 3950 2493 4005; x_wconf 85' lang='grc' dir='ltr'>ἀλλ’</span> <span class='ocrx_word' id='word_1_525' title='bbox 2521 3951 2669 4004; x_wconf 78' lang='grc' dir='ltr'>ἔστιν</span> <span class='ocrx_word' id='word_1_526' title='bbox 2697 3953 2786 4006; x_wconf 83' lang='grc' dir='ltr'><strong>ὅτε</strong></span> <span class='ocrx_word' id='word_1_527' title='bbox 2812 3952 2907 4005; x_wconf 73' lang='grc' dir='ltr'><strong>καὶ</strong></span> <span class='ocrx_word' id='word_1_528' title='bbox 2936 3952 3262 4022; x_wconf 74' lang='grc' dir='ltr'>φρεναπατᾷ</span> <span class='ocrx_word' id='word_1_529' title='bbox 3286 3957 3375 4014; x_wconf 70' lang='grc' dir='ltr'><strong>τίς</strong></span> <span class='ocrx_word' id='word_1_530' title='bbox 3404 3951 3616 4004; x_wconf 80' lang='grc' dir='ltr'>ἑαυτόν.</span> 
     </span>
    </p>
   </div>
   <div class='ocr_carea' id='block_1_82' title="bbox 2257 4040 3760 4115">
    <p class='ocr_par' dir='ltr' id='par_1_82' title="bbox 2257 4040 3760 4115">
     <span class='ocr_line' id='line_1_82' title="bbox 2257 4040 3760 4115; baseline -0.001 -18"><span class='ocrx_word' id='word_1_531' title='bbox 2257 4065 2275 4097; x_wconf 81' lang='grc' dir='ltr'><strong>ι</strong></span> <span class='ocrx_word' id='word_1_532' title='bbox 2314 4045 2458 4115; x_wconf 85' lang='grc' dir='ltr'><strong>Ἐγὼ</strong></span> <span class='ocrx_word' id='word_1_533' title='bbox 2491 4047 2588 4115; x_wconf 82' lang='grc' dir='ltr'><strong>μὲν</strong></span> <span class='ocrx_word' id='word_1_534' title='bbox 2614 4044 2708 4098; x_wconf 73' lang='grc' dir='ltr'><strong>οὖν</strong></span> <span class='ocrx_word' id='word_1_535' title='bbox 2739 4043 2894 4108; x_wconf 73' lang='grc' dir='ltr'>ἔδοξα</span> <span class='ocrx_word' id='word_1_536' title='bbox 2928 4042 3153 4113; x_wconf 79' lang='grc' dir='ltr'>ἐμαυτῷ</span> <span class='ocrx_word' id='word_1_537' title='bbox 3190 4043 3325 4113; x_wconf 77' lang='grc' dir='ltr'>πρὸς</span> <span class='ocrx_word' id='word_1_538' title='bbox 3356 4043 3420 4096; x_wconf 80' lang='grc' dir='ltr'><strong>τὸ</strong></span> <span class='ocrx_word' id='word_1_539' title='bbox 3452 4042 3625 4112; x_wconf 75' lang='grc' dir='ltr'>ὄνομα</span> <span class='ocrx_word' id='word_1_540' title='bbox 3651 4040 3760 4114; x_wconf 78' lang='grc' dir='ltr'><strong>’1η-</strong></span> 
     </span>
    </p>
   </div>
   <div class='ocr_carea' id='block_1_83' title="bbox 2181 4134 3687 4210">
    <p class='ocr_par' dir='ltr' id='par_1_83' title="bbox 2181 4134 3687 4210">
     <span class='ocr_line' id='line_1_83' title="bbox 2181 4134 3687 4210; baseline -0.002 -19"><span class='ocrx_word' id='word_1_541' title='bbox 2181 4137 2276 4192; x_wconf 82' lang='grc' dir='ltr'>σοῦ</span> <span class='ocrx_word' id='word_1_542' title='bbox 2306 4140 2398 4192; x_wconf 81' lang='grc' dir='ltr'><strong>τοῦ</strong></span> <span class='ocrx_word' id='word_1_543' title='bbox 2428 4138 2754 4210; x_wconf 75' lang='grc' dir='ltr'>Ναζωραίου</span> <span class='ocrx_word' id='word_1_544' title='bbox 2789 4137 2900 4191; x_wconf 82' lang='grc' dir='ltr'>δεῖν</span> <span class='ocrx_word' id='word_1_545' title='bbox 2943 4136 3115 4190; x_wconf 86' lang='grc' dir='ltr'>πολλά</span> <span class='ocrx_word' id='word_1_546' title='bbox 3142 4135 3365 4190; x_wconf 75' lang='grc' dir='ltr'>ἐναντία</span> <span class='ocrx_word' id='word_1_547' title='bbox 3400 4134 3628 4208; x_wconf 81' lang='grc' dir='ltr'>πρᾶξαι.</span> <span class='ocrx_word' id='word_1_548' title='bbox 3665 4155 3687 4188; x_wconf 78' lang='grc' dir='ltr'><strong>ι</strong></span> 
     </span>
    </p>
   </div>
   <div class='ocr_carea' id='block_1_84' title="bbox 2261 4304 3760 4380">
    <p class='ocr_par' dir='ltr' id='par_1_84' title="bbox 2261 4304 3760 4380">
     <span class='ocr_line' id='line_1_84' title="bbox 2261 4304 3760 4380; baseline -0.003 -18"><span class='ocrx_word' id='word_1_549' title='bbox 2261 4309 2403 4379; x_wconf 64' lang='grc' dir='ltr'><strong>Ἐγὼ</strong></span> <span class='ocrx_word' id='word_1_550' title='bbox 2430 4308 2548 4380; x_wconf 80' lang='grc' dir='ltr'>μὲν</span> <span class='ocrx_word' id='word_1_551' title='bbox 2581 4306 2695 4366; x_wconf 79' lang='grc' dir='ltr'>οὖν</span> <span class='ocrx_word' id='word_1_552' title='bbox 2714 4305 3174 4376; x_wconf 77' lang='grc' dir='ltr'>ἕδοξα·ἐμαυτῷ,</span> <span class='ocrx_word' id='word_1_553' title='bbox 3204 4306 3437 4379; x_wconf 80' lang='grc' dir='ltr'>ἐνόμισα</span> <span class='ocrx_word' id='word_1_554' title='bbox 3465 4304 3527 4372; x_wconf 72' lang='grc' dir='ltr'><strong>ἐξ</strong></span> <span class='ocrx_word' id='word_1_555' title='bbox 3553 4305 3760 4367; x_wconf 76' lang='grc' dir='ltr'>οἰκείας</span> 
     </span>
    </p>
   </div>
   <div class='ocr_carea' id='block_1_85' title="bbox 506 4392 2074 4485">
    <p class='ocr_par' dir='ltr' id='par_1_85' title="bbox 506 4392 2074 4485">
     <span class='ocr_line' id='line_1_85' title="bbox 506 4392 2074 4485; baseline 0.013 -34"><span class='ocrx_word' id='word_1_556' title='bbox 506 4402 687 4469; x_wconf 88' lang='lat' dir='ltr'><strong>putavi</strong></span> <span class='ocrx_word' id='word_1_557' title='bbox 724 4402 826 4458; x_wconf 89' lang='lat' dir='ltr'><strong>hoc</strong></span> <span class='ocrx_word' id='word_1_558' title='bbox 859 4405 973 4460; x_wconf 84' lang='lat' dir='ltr'><strong>fieri</strong></span> <span class='ocrx_word' id='word_1_559' title='bbox 1004 4407 1223 4463; x_wconf 83' lang='lat' dir='ltr'><strong>debere.</strong></span> <span class='ocrx_word' id='word_1_560' title='bbox 1267 4409 1611 4482; x_wconf 78' lang='lat' dir='ltr'><strong>Amplimque</strong></span> <span class='ocrx_word' id='word_1_561' title='bbox 1637 4392 1924 4479; x_wconf 62' lang='lat' dir='ltr'><strong>insaniens,</strong></span> <span class='ocrx_word' id='word_1_562' title='bbox 1955 4428 2074 4485; x_wconf 55' lang='lat' dir='ltr'><strong>pera</strong></span> 
     </span>
    </p>
   </div>
   <div class='ocr_carea' id='block_1_86' title="bbox 2182 4392 3760 4485">
    <p class='ocr_par' dir='ltr' id='par_1_86' title="bbox 2183 4392 3760 4473">
     <span class='ocr_line' id='line_1_86' title="bbox 2183 4392 3760 4473; baseline -0.005 -18"><span class='ocrx_word' id='word_1_563' title='bbox 2183 4401 2513 4473; x_wconf 76' lang='grc' dir='ltr'>ἐπικρίσεως</span> <span class='ocrx_word' id='word_1_564' title='bbox 2532 4400 2693 4454; x_wconf 80' lang='grc' dir='ltr'>τοῦτο</span> <span class='ocrx_word' id='word_1_565' title='bbox 2716 4398 2859 4453; x_wconf 79' lang='grc' dir='ltr'>οὕτω</span> <span class='ocrx_word' id='word_1_566' title='bbox 2891 4399 3001 4452; x_wconf 88' lang='grc' dir='ltr'>δεῖν</span> <span class='ocrx_word' id='word_1_567' title='bbox 3031 4398 3312 4468; x_wconf 82' lang='grc' dir='ltr'>γενέσθαι.</span> <span class='ocrx_word' id='word_1_568' title='bbox 3350 4392 3662 4465; x_wconf 74' lang='grc' dir='ltr'>ΙΙΞερισσ-ῶς</span> <span class='ocrx_word' id='word_1_569' title='bbox 3704 4409 3760 4448; x_wconf 80' lang='grc' dir='ltr'><strong>τε</strong></span> 
     </span>
    </p>
   </div>
   <div class='ocr_carea' id='block_1_87' title="bbox 506 4493 2084 4566">
    <p class='ocr_par' dir='ltr' id='par_1_87' title="bbox 506 4493 2084 4566">
     <span class='ocr_line' id='line_1_87' title="bbox 506 4493 2084 4566; baseline 0.013 -26"><span class='ocrx_word' id='word_1_570' title='bbox 506 4505 664 4545; x_wconf 78' lang='lat' dir='ltr'><strong>versa</strong></span> <span class='ocrx_word' id='word_1_571' title='bbox 694 4493 860 4548; x_wconf 87' lang='lat' dir='ltr'><strong>multa</strong></span> <span class='ocrx_word' id='word_1_572' title='bbox 891 4496 1143 4566; x_wconf 85' lang='lat' dir='ltr'><strong>agebam,</strong></span> <span class='ocrx_word' id='word_1_573' title='bbox 1179 4515 1296 4566; x_wconf 69' lang='lat' dir='ltr'><strong>qum</strong></span> <span class='ocrx_word' id='word_1_574' title='bbox 1327 4500 1532 4555; x_wconf 80' lang='lat' dir='ltr'><strong>faciunt</strong></span> <span class='ocrx_word' id='word_1_575' title='bbox 1560 4503 1781 4559; x_wconf 90' lang='lat' dir='ltr'><strong>omnino</strong></span> <span class='ocrx_word' id='word_1_576' title='bbox 1809 4506 2084 4561; x_wconf 76' lang='lat' dir='ltr'><strong>inSanieu-</strong></span> 
     </span>
    </p>
   </div>
   <div class='ocr_carea' id='block_1_88' title="bbox 510 4584 2083 4666">
    <p class='ocr_par' dir='ltr' id='par_1_88' title="bbox 510 4584 2083 4666">
     <span class='ocr_line' id='line_1_88' title="bbox 510 4584 2083 4666; baseline 0.013 -33"><span class='ocrx_word' id='word_1_577' title='bbox 510 4592 628 4649; x_wconf 79' lang='lat' dir='ltr'><strong>trs;</strong></span> <span class='ocrx_word' id='word_1_578' title='bbox 667 4584 750 4639; x_wconf 81' lang='lat' dir='ltr'><strong>vel</strong></span> <span class='ocrx_word' id='word_1_579' title='bbox 780 4584 919 4639; x_wconf 82' lang='lat' dir='ltr'><strong>forte</strong></span> <span class='ocrx_word' id='word_1_580' title='bbox 957 4589 1189 4657; x_wconf 84' lang='lat' dir='ltr'><strong>amplius</strong></span> <span class='ocrx_word' id='word_1_581' title='bbox 1216 4590 1284 4646; x_wconf 92' lang='lat' dir='ltr'><strong>iis</strong></span> <span class='ocrx_word' id='word_1_582' title='bbox 1311 4591 1647 4649; x_wconf 87' lang='lat' dir='ltr'><strong>insaniebam</strong></span> <span class='ocrx_word' id='word_1_583' title='bbox 1671 4633 1687 4659; x_wconf 87' lang='lat'><strong>,</strong></span> <span class='ocrx_word' id='word_1_584' title='bbox 1719 4595 1987 4666; x_wconf 89' lang='lat' dir='ltr'><strong>siquidem</strong></span> <span class='ocrx_word' id='word_1_585' title='bbox 2018 4598 2083 4654; x_wconf 89' lang='lat' dir='ltr'><strong>li-</strong></span> 
     </span>
    </p>
   </div>
   <div class='ocr_carea' id='block_1_89' title="bbox 510 4671 1090 4745">
    <p class='ocr_par' dir='ltr' id='par_1_89' title="bbox 510 4671 1090 4745">
     <span class='ocr_line' id='line_1_89' title="bbox 510 4671 1090 4745; baseline 0.01 -19"><span class='ocrx_word' id='word_1_586' title='bbox 510 4671 641 4728; x_wconf 81' lang='lat' dir='ltr'><strong>bens</strong></span> <span class='ocrx_word' id='word_1_587' title='bbox 674 4673 814 4730; x_wconf 87' lang='lat' dir='ltr'><strong>male</strong></span> <span class='ocrx_word' id='word_1_588' title='bbox 843 4675 1090 4745; x_wconf 83' lang='lat' dir='ltr'><strong>agebam.</strong></span> 
     </span>
    </p>
   </div>
   <div class='ocr_carea' id='block_1_90' title="bbox 575 4850 2095 4933">
    <p class='ocr_par' dir='ltr' id='par_1_90' title="bbox 575 4850 2095 4933">
     <span class='ocr_line' id='line_1_90' title="bbox 575 4850 2095 4933; baseline 0.01 -24"><span class='ocrx_word' id='word_1_589' title='bbox 575 4850 737 4912; x_wconf 74' lang='lat' dir='ltr'><strong>Vsus.</strong></span> <span class='ocrx_word' id='word_1_590' title='bbox 764 4856 848 4913; x_wconf 82' lang='lat' dir='ltr'><strong>l5.</strong></span> <span class='ocrx_word' id='word_1_591' title='bbox 920 4878 941 4913; x_wconf 75' lang='grc' dir='ltr'><strong>ι</strong></span> <span class='ocrx_word' id='word_1_592' title='bbox 982 4860 1367 4918; x_wconf 54' lang='grc' dir='ltr'>ῡὶοοπιεάῐαλῒη</span> <span class='ocrx_word' id='word_1_593' title='bbox 1396 4865 1665 4932; x_wconf 74' lang='lat' dir='ltr'><strong>via‘rrdi;&#39;</strong></span> <span class='ocrx_word' id='word_1_594' title='bbox 1687 4876 1807 4933; x_wconf 75' lang='lat' dir='ltr'><strong>rex,</strong></span> <span class='ocrx_word' id='word_1_595' title='bbox 1842 4866 1909 4922; x_wconf 77' lang='lat' dir='ltr'><strong>de</strong></span> <span class='ocrx_word' id='word_1_596' title='bbox 1939 4867 2095 4923; x_wconf 67' lang='lat' dir='ltr'><strong>cmlo&#39;</strong></span> 
     </span>
    </p>
   </div>
   <div class='ocr_carea' id='block_1_91' title="bbox 508 4948 2077 5027">
    <p class='ocr_par' dir='ltr' id='par_1_91' title="bbox 508 4948 2077 5027">
     <span class='ocr_line' id='line_1_91' title="bbox 508 4948 2077 5027; baseline 0.01 -29"><span class='ocrx_word' id='word_1_597' title='bbox 508 4959 670 5016; x_wconf 85' lang='lat' dir='ltr'><strong>supra</strong></span> <span class='ocrx_word' id='word_1_598' title='bbox 716 4948 1060 5019; x_wconf 87' lang='lat' dir='ltr'><strong>splendorem</strong></span> <span class='ocrx_word' id='word_1_599' title='bbox 1105 4954 1235 5008; x_wconf 90' lang='lat' dir='ltr'><strong>solis</strong></span> <span class='ocrx_word' id='word_1_600' title='bbox 1287 4956 1706 5014; x_wconf 82' lang='lat' dir='ltr'><strong>circumfudisse</strong></span> <span class='ocrx_word' id='word_1_601' title='bbox 1743 4958 2077 5027; x_wconf 66' lang='lat' dir='ltr'><strong>me&#39;luinen,</strong></span> 
     </span>
    </p>
   </div>
   <div class='ocr_carea' id='block_1_92' title="bbox 508 5043 1480 5111">
    <p class='ocr_par' dir='ltr' id='par_1_92' title="bbox 508 5043 1480 5111">
     <span class='ocr_line' id='line_1_92' title="bbox 508 5043 1480 5111; baseline 0.009 -18"><span class='ocrx_word' id='word_1_602' title='bbox 508 5046 565 5093; x_wconf 88' lang='lat' dir='ltr'><strong>et</strong></span> <span class='ocrx_word' id='word_1_603' title='bbox 590 5056 683 5094; x_wconf 81' lang='lat' dir='ltr'><strong>eos</strong></span> <span class='ocrx_word' id='word_1_604' title='bbox 709 5043 797 5111; x_wconf 88' lang='lat' dir='ltr'><strong>qui</strong></span> <span class='ocrx_word' id='word_1_605' title='bbox 829 5057 1038 5097; x_wconf 88' lang='lat' dir='ltr'><strong>mecmn</strong></span> <span class='ocrx_word' id='word_1_606' title='bbox 1071 5043 1231 5098; x_wconf 90' lang='lat' dir='ltr'><strong>simul</strong></span> <span class='ocrx_word' id='word_1_607' title='bbox 1255 5054 1432 5102; x_wconf 87' lang='lat' dir='ltr'><strong>erant.</strong></span> <span class='ocrx_word' id='word_1_608' title='bbox 1461 5067 1480 5102; x_wconf 75' lang='grc' dir='ltr'><strong>ι</strong></span> 
     </span>
    </p>
   </div>
   <div class='ocr_carea' id='block_1_93' title="bbox 592 5129 2077 5210">
    <p class='ocr_par' dir='ltr' id='par_1_93' title="bbox 592 5129 2077 5210">
     <span class='ocr_line' id='line_1_93' title="bbox 592 5129 2077 5210; baseline 0.009 -29"><span class='ocrx_word' id='word_1_609' title='bbox 592 5129 710 5185; x_wconf 85' lang='lat' dir='ltr'><strong>l&#39;idi</strong></span> <span class='ocrx_word' id='word_1_610' title='bbox 740 5144 899 5201; x_wconf 71' lang='lat' dir='ltr'><strong>super</strong></span> <span class='ocrx_word' id='word_1_611' title='bbox 928 5134 1256 5203; x_wconf 73' lang='lat' dir='ltr'><strong>splendorem</strong></span> <span class='ocrx_word' id='word_1_612' title='bbox 1291 5137 1461 5204; x_wconf 69' lang='lat' dir='ltr'><strong>satis”;</strong></span> <span class='ocrx_word' id='word_1_613' title='bbox 1519 5139 2077 5210; x_wconf 54' lang='lat' dir='ltr'><strong>sensibilium-splen!»</strong></span> 
     </span>
    </p>
   </div>
   <div class='ocr_carea' id='block_1_94' title="bbox 508 5219 2077 5292">
    <p class='ocr_par' dir='ltr' id='par_1_94' title="bbox 508 5219 2077 5292">
     <span class='ocr_line' id='line_1_94' title="bbox 508 5219 2077 5292; baseline 0.005 -17"><span class='ocrx_word' id='word_1_614' title='bbox 508 5219 848 5276; x_wconf 86' lang='lat' dir='ltr'><strong>didissimum</strong></span> <span class='ocrx_word' id='word_1_615' title='bbox 892 5223 1194 5292; x_wconf 72' lang='lat' dir='ltr'><strong>proferens;</strong></span> <span class='ocrx_word' id='word_1_616' title='bbox 1228 5243 1326 5283; x_wconf 90' lang='lat' dir='ltr'><strong>nec</strong></span> <span class='ocrx_word' id='word_1_617' title='bbox 1369 5229 1555 5285; x_wconf 77' lang='lat' dir='ltr'><strong>valens</strong></span> <span class='ocrx_word' id='word_1_618' title='bbox 1572 5230 1919 5287; x_wconf 47' lang='lat' dir='ltr'><strong>rltoc&#39;lnmen</strong></span> <span class='ocrx_word' id='word_1_619' title='bbox 1955 5246 2077 5286; x_wconf 93' lang='lat' dir='ltr'><strong>cum</strong></span> 
     </span>
    </p>
   </div>
   <div class='ocr_carea' id='block_1_95' title="bbox 506 5306 2074 5388">
    <p class='ocr_par' dir='ltr' id='par_1_95' title="bbox 506 5306 2074 5388">
     <span class='ocr_line' id='line_1_95' title="bbox 506 5306 2074 5388; baseline 0.006 -22"><span class='ocrx_word' id='word_1_620' title='bbox 506 5306 636 5366; x_wconf 68' lang='lat' dir='ltr'><strong>Iesu</strong></span> <span class='ocrx_word' id='word_1_621' title='bbox 672 5310 872 5366; x_wconf 88' lang='lat' dir='ltr'><strong>lumine</strong></span> <span class='ocrx_word' id='word_1_622' title='bbox 907 5313 1191 5381; x_wconf 75' lang='lat' dir='ltr'><strong>conferre,</strong></span> <span class='ocrx_word' id='word_1_623' title='bbox 1247 5326 1307 5370; x_wconf 93' lang='lat' dir='ltr'><strong>ut</strong></span> <span class='ocrx_word' id='word_1_624' title='bbox 1356 5319 1591 5374; x_wconf 86' lang='lat' dir='ltr'><strong>hominis</strong></span> <span class='ocrx_word' id='word_1_625' title='bbox 1617 5320 1914 5374; x_wconf 81' lang='lat' dir='ltr'><strong>intellectui</strong></span> <span class='ocrx_word' id='word_1_626' title='bbox 1945 5334 2074 5388; x_wconf 88' lang='lat' dir='ltr'><strong>pos-</strong></span> 
     </span>
    </p>
   </div>
   <div class='ocr_carea' id='block_1_96' title="bbox 508 5401 2074 5481">
    <p class='ocr_par' dir='ltr' id='par_1_96' title="bbox 508 5401 2074 5481">
     <span class='ocr_line' id='line_1_96' title="bbox 508 5401 2074 5481; baseline 0.007 -25"><span class='ocrx_word' id='word_1_627' title='bbox 508 5401 669 5457; x_wconf 86' lang='lat' dir='ltr'><strong>sibile</strong></span> <span class='ocrx_word' id='word_1_628' title='bbox 687 5413 768 5458; x_wconf 88' lang='lat' dir='ltr'><strong>cst</strong></span> <span class='ocrx_word' id='word_1_629' title='bbox 790 5404 1008 5475; x_wconf 86' lang='lat' dir='ltr'><strong>audire;</strong></span> <span class='ocrx_word' id='word_1_630' title='bbox 1025 5406 1157 5463; x_wconf 88' lang='lat' dir='ltr'><strong>dicit</strong></span> <span class='ocrx_word' id='word_1_631' title='bbox 1176 5408 1276 5465; x_wconf 90' lang='lat' dir='ltr'><strong>hoc</strong></span> <span class='ocrx_word' id='word_1_632' title='bbox 1294 5409 1497 5466; x_wconf 91' lang='lat' dir='ltr'><strong>lumine</strong></span> <span class='ocrx_word' id='word_1_633' title='bbox 1508 5412 1652 5466; x_wconf 84' lang='lat' dir='ltr'><strong>vinci</strong></span> <span class='ocrx_word' id='word_1_634' title='bbox 1672 5411 1803 5467; x_wconf 83' lang='lat' dir='ltr'><strong>solis</strong></span> <span class='ocrx_word' id='word_1_635' title='bbox 1821 5410 2074 5481; x_wconf 86' lang='lat' dir='ltr'><strong>splendo-</strong></span> 
     </span>
    </p>
   </div>
   <div class='ocr_carea' id='block_1_97' title="bbox 2179 4488 3757 4563">
    <p class='ocr_par' dir='ltr' id='par_1_97' title="bbox 2179 4488 3757 4563">
     <span class='ocr_line' id='line_1_97' title="bbox 2179 4488 3757 4563; baseline -0.005 -16"><span class='ocrx_word' id='word_1_636' title='bbox 2179 4494 2611 4563; x_wconf 70' lang='grc' dir='ltr'>ἐμμαινόμενος</span> <span class='ocrx_word' id='word_1_637' title='bbox 2631 4500 2683 4560; x_wconf 78' lang='grc' dir='ltr'>ο,</span> <span class='ocrx_word' id='word_1_638' title='bbox 2712 4492 2891 4545; x_wconf 85' lang='grc' dir='ltr'>ἄτοπά</span> <span class='ocrx_word' id='word_1_639' title='bbox 2916 4510 3043 4545; x_wconf 85' lang='grc' dir='ltr'>τινα</span> <span class='ocrx_word' id='word_1_640' title='bbox 3077 4490 3318 4555; x_wconf 82' lang='grc' dir='ltr'>ἐποίουν,</span> <span class='ocrx_word' id='word_1_641' title='bbox 3365 4489 3512 4561; x_wconf 78' lang='grc' dir='ltr'>ἅπερ</span> <span class='ocrx_word' id='word_1_642' title='bbox 3539 4490 3589 4542; x_wconf 79' lang='grc' dir='ltr'>οἱ</span> <span class='ocrx_word' id='word_1_643' title='bbox 3622 4488 3757 4542; x_wconf 74' lang='grc' dir='ltr'>πάνυ</span> 
     </span>
    </p>
   </div>
   <div class='ocr_carea' id='block_1_98' title="bbox 2181 4576 3760 4657">
    <p class='ocr_par' dir='ltr' id='par_1_98' title="bbox 2181 4576 3760 4657">
     <span class='ocr_line' id='line_1_98' title="bbox 2181 4576 3760 4657; baseline -0.004 -19"><span class='ocrx_word' id='word_1_644' title='bbox 2181 4586 2485 4657; x_wconf 88' lang='grc' dir='ltr'>μεμηνότες</span> <span class='ocrx_word' id='word_1_645' title='bbox 2526 4584 2778 4638; x_wconf 85' lang='grc' dir='ltr'>ἐποίουν·</span> <span class='ocrx_word' id='word_1_646' title='bbox 2822 4583 2855 4655; x_wconf 77' lang='grc' dir='ltr'>ἢ</span> <span class='ocrx_word' id='word_1_647' title='bbox 2899 4585 3040 4653; x_wconf 79' lang='grc' dir='ltr'><strong>τάχα</strong></span> <span class='ocrx_word' id='word_1_648' title='bbox 3078 4583 3176 4636; x_wconf 74' lang='grc' dir='ltr'><strong>καὶ</strong></span> <span class='ocrx_word' id='word_1_649' title='bbox 3222 4581 3618 4653; x_wconf 85' lang='grc' dir='ltr'>περισσότερον</span> <span class='ocrx_word' id='word_1_650' title='bbox 3652 4576 3760 4648; x_wconf 79' lang='grc' dir='ltr'><strong>ἐγὼ</strong></span> 
     </span>
    </p>
   </div>
   <div class='ocr_carea' id='block_1_99' title="bbox 2175 4670 3760 4749">
    <p class='ocr_par' dir='ltr' id='par_1_99' title="bbox 2175 4670 3760 4749">
     <span class='ocr_line' id='line_1_99' title="bbox 2175 4670 3760 4749; baseline -0.006 -18"><span class='ocrx_word' id='word_1_651' title='bbox 2175 4678 2401 4732; x_wconf 68' lang='grc' dir='ltr'>ἐκείνων</span> <span class='ocrx_word' id='word_1_652' title='bbox 2432 4675 2743 4749; x_wconf 82' lang='grc' dir='ltr'>ἐμαινόμην</span> <span class='ocrx_word' id='word_1_653' title='bbox 2762 4714 2778 4741; x_wconf 89' lang='grc'><strong>,</strong></span> <span class='ocrx_word' id='word_1_654' title='bbox 2821 4674 3054 4746; x_wconf 78' lang='grc' dir='ltr'>ἐπείπερ</span> <span class='ocrx_word' id='word_1_655' title='bbox 3083 4671 3227 4729; x_wconf 80' lang='grc' dir='ltr'>ἐκὼν</span> <span class='ocrx_word' id='word_1_656' title='bbox 3272 4672 3549 4741; x_wconf 80' lang='grc' dir='ltr'>ἔπραττον</span> <span class='ocrx_word' id='word_1_657' title='bbox 3572 4670 3636 4723; x_wconf 84' lang='grc' dir='ltr'><strong>τὸ</strong></span> <span class='ocrx_word' id='word_1_658' title='bbox 3664 4687 3760 4723; x_wconf 81' lang='grc' dir='ltr'>κα·</span> 
     </span>
    </p>
   </div>
   <div class='ocr_carea' id='block_1_100' title="bbox 2179 4769 2293 4823">
    <p class='ocr_par' dir='ltr' id='par_1_100' title="bbox 2179 4769 2293 4823">
     <span class='ocr_line' id='line_1_100' title="bbox 2179 4769 2293 4823; baseline 0 0"><span class='ocrx_word' id='word_1_659' title='bbox 2179 4769 2293 4823; x_wconf 84' lang='grc' dir='ltr'>κόν.</span> 
     </span>
    </p>
   </div>
   <div class='ocr_carea' id='block_1_101' title="bbox 2259 4848 3756 4931">
    <p class='ocr_par' dir='ltr' id='par_1_101' title="bbox 2259 4848 3756 4931">
     <span class='ocr_line' id='line_1_101' title="bbox 2259 4848 3756 4931; baseline -0.006 -19"><span class='ocrx_word' id='word_1_660' title='bbox 2259 4879 2277 4912; x_wconf 84' lang='grc' dir='ltr'><strong>ι</strong></span> <span class='ocrx_word' id='word_1_661' title='bbox 2328 4860 2571 4931; x_wconf 84' lang='grc' dir='ltr'>Ἡμέρας</span> <span class='ocrx_word' id='word_1_662' title='bbox 2606 4859 2811 4930; x_wconf 85' lang='grc' dir='ltr'>μέσης,</span> <span class='ocrx_word' id='word_1_663' title='bbox 2842 4856 2983 4911; x_wconf 87' lang='grc' dir='ltr'><strong>κατά</strong></span> <span class='ocrx_word' id='word_1_664' title='bbox 3011 4856 3111 4924; x_wconf 80' lang='grc' dir='ltr'><strong>τὴν</strong></span> <span class='ocrx_word' id='word_1_665' title='bbox 3154 4855 3271 4909; x_wconf 84' lang='grc' dir='ltr'>όδὸν</span> <span class='ocrx_word' id='word_1_666' title='bbox 3302 4848 3471 4917; x_wconf 78' lang='grc' dir='ltr'>εἶδον,</span> <span class='ocrx_word' id='word_1_667' title='bbox 3512 4850 3756 4922; x_wconf 74' lang='grc' dir='ltr'>βασιλεῦ,</span> 
     </span>
    </p>
   </div>
   <div class='ocr_carea' id='block_1_102' title="bbox 2184 4943 3756 5021">
    <p class='ocr_par' dir='ltr' id='par_1_102' title="bbox 2184 4943 3756 5021">
     <span class='ocr_line' id='line_1_102' title="bbox 2184 4943 3756 5021; baseline -0.004 -17"><span class='ocrx_word' id='word_1_668' title='bbox 2184 4950 2474 5021; x_wconf 81' lang='grc' dir='ltr'>οὐρανόθεν</span> <span class='ocrx_word' id='word_1_669' title='bbox 2496 4952 2637 5021; x_wconf 76' lang='grc' dir='ltr'>ὑπὲρ</span> <span class='ocrx_word' id='word_1_670' title='bbox 2662 4949 2757 5020; x_wconf 81' lang='grc' dir='ltr'><strong>τὴν</strong></span> <span class='ocrx_word' id='word_1_671' title='bbox 2780 4948 3147 5020; x_wconf 85' lang='grc' dir='ltr'>λαμπρότητα</span> <span class='ocrx_word' id='word_1_672' title='bbox 3169 4946 3263 4999; x_wconf 85' lang='grc' dir='ltr'><strong>τοῦ</strong></span> <span class='ocrx_word' id='word_1_673' title='bbox 3287 4945 3459 5016; x_wconf 72' lang='grc' dir='ltr'>ἡλίου,</span> <span class='ocrx_word' id='word_1_674' title='bbox 3486 4943 3756 5015; x_wconf 69' lang='grc' dir='ltr'>περιλάμ-</span> 
     </span>
    </p>
   </div>
   <div class='ocr_carea' id='block_1_103' title="bbox 2184 5037 3615 5114">
    <p class='ocr_par' dir='ltr' id='par_1_103' title="bbox 2184 5037 3615 5114">
     <span class='ocr_line' id='line_1_103' title="bbox 2184 5037 3615 5114; baseline -0.007 -16"><span class='ocrx_word' id='word_1_675' title='bbox 2184 5044 2292 5114; x_wconf 79' lang='grc' dir='ltr'><strong>ψαν</strong></span> <span class='ocrx_word' id='word_1_676' title='bbox 2326 5062 2391 5114; x_wconf 88' lang='grc' dir='ltr'><strong>με</strong></span> <span class='ocrx_word' id='word_1_677' title='bbox 2422 5044 2562 5114; x_wconf 83' lang='grc' dir='ltr'>φῶς,</span> <span class='ocrx_word' id='word_1_678' title='bbox 2585 5044 2823 5106; x_wconf 75' lang='grc' dir='ltr'>καὶτοὺς</span> <span class='ocrx_word' id='word_1_679' title='bbox 2852 5043 2948 5095; x_wconf 75' lang='grc' dir='ltr'><strong>σὺν</strong></span> <span class='ocrx_word' id='word_1_680' title='bbox 2977 5041 3101 5110; x_wconf 78' lang='grc' dir='ltr'>ἐμοὶ</span> <span class='ocrx_word' id='word_1_681' title='bbox 3135 5037 3559 5110; x_wconf 81' lang='grc' dir='ltr'>πορευομένους.</span> <span class='ocrx_word' id='word_1_682' title='bbox 3594 5062 3615 5095; x_wconf 69' lang='grc' dir='ltr'><strong>ο</strong></span> 
     </span>
    </p>
   </div>
   <div class='ocr_carea' id='block_1_104' title="bbox 2259 5125 3757 5203">
    <p class='ocr_par' dir='ltr' id='par_1_104' title="bbox 2259 5125 3757 5203">
     <span class='ocr_line' id='line_1_104' title="bbox 2259 5125 3757 5203; baseline -0.009 -13"><span class='ocrx_word' id='word_1_683' title='bbox 2259 5132 2442 5191; x_wconf 77' lang='grc' dir='ltr'><strong>Εἶδον</strong></span> <span class='ocrx_word' id='word_1_684' title='bbox 2470 5134 2619 5203; x_wconf 78' lang='grc' dir='ltr'>ὑπὲρ</span> <span class='ocrx_word' id='word_1_685' title='bbox 2661 5133 2776 5203; x_wconf 79' lang='grc' dir='ltr'><strong>τὴν</strong></span> <span class='ocrx_word' id='word_1_686' title='bbox 2815 5133 3206 5203; x_wconf 76' lang='grc' dir='ltr'>λαμπρότητα</span> <span class='ocrx_word' id='word_1_687' title='bbox 3236 5128 3342 5184; x_wconf 84' lang='grc' dir='ltr'>τοῦ</span> <span class='ocrx_word' id='word_1_688' title='bbox 3390 5129 3605 5197; x_wconf 70' lang='grc' dir='ltr'>ἡλίου,</span> <span class='ocrx_word' id='word_1_689' title='bbox 3658 5125 3757 5180; x_wconf 80' lang='grc' dir='ltr'><strong>τῶν</strong></span> 
     </span>
    </p>
   </div>
   <div class='ocr_carea' id='block_1_105' title="bbox 2184 5219 3760 5298">
    <p class='ocr_par' dir='ltr' id='par_1_105' title="bbox 2184 5219 3760 5298">
     <span class='ocr_line' id='line_1_105' title="bbox 2184 5219 3760 5298; baseline -0.008 -18"><span class='ocrx_word' id='word_1_690' title='bbox 2184 5226 2459 5298; x_wconf 85' lang='grc' dir='ltr'>αἰσθητῶν</span> <span class='ocrx_word' id='word_1_691' title='bbox 2484 5227 2544 5279; x_wconf 84' lang='grc' dir='ltr'><strong>τὸ</strong></span> <span class='ocrx_word' id='word_1_692' title='bbox 2573 5226 2960 5296; x_wconf 84' lang='grc' dir='ltr'>φωτεινότερον</span> <span class='ocrx_word' id='word_1_693' title='bbox 2986 5223 3277 5294; x_wconf 78' lang='grc' dir='ltr'>παράγων,</span> <span class='ocrx_word' id='word_1_694' title='bbox 3306 5220 3405 5274; x_wconf 74' lang='grc' dir='ltr'>καὶ</span> <span class='ocrx_word' id='word_1_695' title='bbox 3432 5221 3507 5289; x_wconf 74' lang='grc' dir='ltr'>μὴ</span> <span class='ocrx_word' id='word_1_696' title='bbox 3536 5219 3760 5286; x_wconf 81' lang='grc' dir='ltr'>δυνάμε-</span> 
     </span>
    </p>
   </div>
   <div class='ocr_carea' id='block_1_106' title="bbox 2183 5308 3753 5387">
    <p class='ocr_par' dir='ltr' id='par_1_106' title="bbox 2183 5308 3753 5387">
     <span class='ocr_line' id='line_1_106' title="bbox 2183 5308 3753 5387; baseline -0.007 -16"><span class='ocrx_word' id='word_1_697' title='bbox 2183 5336 2271 5382; x_wconf 89' lang='grc' dir='ltr'><strong>νος</strong></span> <span class='ocrx_word' id='word_1_698' title='bbox 2309 5319 2602 5372; x_wconf 82' lang='grc' dir='ltr'>ἀντισῶσαι</span> <span class='ocrx_word' id='word_1_699' title='bbox 2643 5317 2721 5387; x_wconf 83' lang='grc' dir='ltr'>τῷ</span> <span class='ocrx_word' id='word_1_700' title='bbox 2764 5317 2901 5386; x_wconf 70' lang='grc' dir='ltr'>φωτὶ</span> <span class='ocrx_word' id='word_1_701' title='bbox 2945 5315 3137 5382; x_wconf 65' lang='grc' dir='ltr'>ἐκείνει)</span> <span class='ocrx_word' id='word_1_702' title='bbox 3178 5314 3241 5366; x_wconf 76' lang='grc' dir='ltr'>τὸ</span> <span class='ocrx_word' id='word_1_703' title='bbox 3280 5311 3374 5365; x_wconf 83' lang='grc' dir='ltr'>τοῦ</span> <span class='ocrx_word' id='word_1_704' title='bbox 3408 5308 3592 5380; x_wconf 76' lang='grc' dir='ltr'>Ἰησοῦ</span> <span class='ocrx_word' id='word_1_705' title='bbox 3625 5310 3753 5377; x_wconf 74' lang='grc' dir='ltr'>φῶς,</span> 
     </span>
    </p>
   </div>
   <div class='ocr_carea' id='block_1_107' title="bbox 2182 5404 3750 5483">
    <p class='ocr_par' dir='ltr' id='par_1_107' title="bbox 2182 5404 3750 5483">
     <span class='ocr_line' id='line_1_107' title="bbox 2182 5404 3750 5483; baseline -0.007 -16"><span class='ocrx_word' id='word_1_706' title='bbox 2182 5412 2365 5478; x_wconf 86' lang='grc' dir='ltr'>καθὼς</span> <span class='ocrx_word' id='word_1_707' title='bbox 2392 5413 2613 5468; x_wconf 78' lang='grc' dir='ltr'>δύναται</span> <span class='ocrx_word' id='word_1_708' title='bbox 2644 5408 3052 5483; x_wconf 77' lang='grc' dir='ltr'>παραδέξασθαι</span> <span class='ocrx_word' id='word_1_709' title='bbox 3078 5408 3216 5480; x_wconf 78' lang='grc' dir='ltr'>ἀκοὴ</span> <span class='ocrx_word' id='word_1_710' title='bbox 3240 5406 3535 5479; x_wconf 71' lang='grc' dir='ltr'>ἀνθρώπου</span> <span class='ocrx_word' id='word_1_711' title='bbox 3557 5404 3750 5457; x_wconf 78' lang='grc' dir='ltr'>λαϐεῖν·</span> 
     </span>
    </p>
   </div>
   <div class='ocr_carea' id='block_1_108' title="bbox 584 5556 3751 5638">
    <p class='ocr_par' dir='ltr' id='par_1_108' title="bbox 584 5556 3751 5638">
     <span class='ocr_line' id='line_1_108' title="bbox 584 5556 3751 5638; baseline 0.001 -22"><span class='ocrx_word' id='word_1_712' title='bbox 584 5557 612 5638; x_wconf 68' lang='grc' dir='ltr'><strong>ξ’</strong></span> <span class='ocrx_word' id='word_1_713' title='bbox 644 5556 705 5610; x_wconf 81' lang='lat' dir='ltr'><strong>C-</strong></span> <span class='ocrx_word' id='word_1_714' title='bbox 739 5556 924 5616; x_wconf 76' lang='grc' dir='ltr'><strong>οοδτι.</strong></span> <span class='ocrx_word' id='word_1_715' title='bbox 1007 5571 1031 5604; x_wconf 77' lang='grc' dir='ltr'><strong><em>ο</em></strong></span> <span class='ocrx_word' id='word_1_716' title='bbox 1064 5560 1202 5619; x_wconf 85' lang='lat' dir='ltr'><strong>Cod.</strong></span> <span class='ocrx_word' id='word_1_717' title='bbox 1239 5557 1404 5619; x_wconf 69' lang='lat' dir='ltr'><strong>Cois].</strong></span> <span class='ocrx_word' id='word_1_718' title='bbox 1440 5563 1864 5635; x_wconf 78' lang='grc' dir='ltr'>ἐμμαινόμενος,</span> <span class='ocrx_word' id='word_1_719' title='bbox 1905 5562 2011 5619; x_wconf 74' lang='grc' dir='ltr'><strong>ὑπὸ</strong></span> <span class='ocrx_word' id='word_1_720' title='bbox 2040 5564 2148 5637; x_wconf 84' lang='grc' dir='ltr'>γὰρ</span> <span class='ocrx_word' id='word_1_721' title='bbox 2173 5564 2486 5638; x_wconf 76' lang='grc' dir='ltr'>διαϐολικῆς</span> <span class='ocrx_word' id='word_1_722' title='bbox 2523 5564 2808 5635; x_wconf 74' lang='grc' dir='ltr'>ἐνεργείας</span> <span class='ocrx_word' id='word_1_723' title='bbox 2865 5562 2953 5617; x_wconf 71' lang='grc' dir='ltr'>καὶ</span> <span class='ocrx_word' id='word_1_724' title='bbox 3014 5560 3287 5632; x_wconf 84' lang='grc' dir='ltr'>δαιμό·.ων</span> <span class='ocrx_word' id='word_1_725' title='bbox 3340 5557 3421 5626; x_wconf 72' lang='grc' dir='ltr'>οἷς</span> <span class='ocrx_word' id='word_1_726' title='bbox 3461 5557 3751 5631; x_wconf 64' lang='grc' dir='ltr'>στρατηλα-</span> 
     </span>
    </p>
   </div>
   <div class='ocr_carea' id='block_1_109' title="bbox 508 5624 790 5694">
    <p class='ocr_par' dir='ltr' id='par_1_109' title="bbox 508 5624 790 5694">
     <span class='ocr_line' id='line_1_109' title="bbox 508 5624 790 5694; baseline 0.004 -16"><span class='ocrx_word' id='word_1_727' title='bbox 508 5624 790 5694; x_wconf 74' lang='grc' dir='ltr'>τούμενος.</span> 
     </span>
    </p>
   </div>
  </div>
