4068 6126
321 291 456 359 I597

1222 295 1688 359 FRAGMENTA
1730 298 1814 360 IN
1849 298 2042 361 ACTA
2077 300 2657 367 APOSTOLORUM.

3451 309 3591 382 1598

317 403 618 475 ὐπερνικᾷν
653 401 715 455 τὸ
754 401 981 470 ἡλιακὸν
1027 401 1143 472 φῶς
1191 404 1370 458 έκεῖνο
1421 407 1602 475 φήσας
1657 405 1894 470 ἀνοῖξαι

2002 423 2116 464 rem
2165 410 2232 465 ad
2279 411 2601 478 aperiendos
2644 412 2831 471 oculos
2868 414 3258 488 eorum.(qnod
3287 420 3473 489 gentili
3512 422 3586 478 illi

316 496 663 567 ὀφθαλμοὺς
677 495 896 561 αὐτῶν,
919 495 996 563 τῷ
1019 495 1218 568 ὲθνικῷ
1237 495 1641 567 διαλεγόμενος,
1661 497 1903 570 κηρύξαι

315 605 376 641 τε
407 586 558 658 αὐτῷ
589 587 809 659 πρῶτον
835 588 1145 643 ἀνάστασιν
1165 588 1394 661 νεκρῶν,
1423 589 1697 660 ἐπιφέρει,
1722 590 1816 644 ml
1844 589 1909 643 τὸ

315 680 426 734 δεῖν
449 679 728 732 πιστεύειν
767 679 847 751 τῷ
896 679 1047 752 μόνῳ
1091 679 1232 751 Θεῷ,
1281 681 1595 735 ἀποστάντα
1641 681 1764 735 τινὰ
1805 684 1906 753 τῆς

316 771 410 825 τοῦ
433 772 650 825 Σατανᾶ
678 771 908 843 πλάνης·
935 772 1228 842 ἀφίσταται
1259 772 1336 837 δὲ,
1373 773 1420 826 εί
1448 774 1561 838 τοῖς
1587 772 1771 842 λόγοις
1792 775 1906 838 τοῖς

316 862 425 915 τῶν
457 862 964 934 εὐαγγελιζομένων
989 864 1184 936 πεισθῇ
1212 881 1317 928 τις·
1346 860 1465 919 εἶτα
1492 865 1786 935 καταλέγει
1809 867 1905 922 ml

315 954 386 1006 τὰ
433 953 542 1006 τῶν
589 954 795 1009 πιστῶν
839 957 1043 1025 ἀγαθὰ,
1091 956 1190 1028 τὴν
1238 957 1433 1026 ἄφεσιν
1474 956 1581 1012 τῶν
1617 958 1902 1030 ἁμαρτιῶν

317 1046 416 1101 καὶ
438 1046 465 1087 ἀ
494 1047 633 1117 μετὰ
660 1048 770 1102 τῶν
798 1048 970 1118 ἁγίων
998 1046 1466 1118 ὲγκαταλεγῆναι.

392 1157 410 1189 ι
437 1137 619 1203 Ὅθεν,
660 1139 882 1210 βασιλεῦ
902 1140 1207 1211 Ἀγρίππα,
1245 1140 1347 1194 οὐκ
1376 1139 1644 1211 ἐγενόμην
1666 1139 1902 1212 ἀπειθὴς

316 1229 382 1298 τῇ
414 1229 648 1300 οὐρανίῳ
675 1229 934 1302 ὀπτασίᾳ.
971 1249 991 1283 ι

398 1320 458 1373 Ὀ
488 1321 701 1385 Παῦλος
730 1321 977 1394 κηρύξας
1010 1322 1077 1376 δι’
1123 1314 1198 1376 ὧν
1238 1322 1489 1393 κρίνεται
1538 1322 1635 1397 τὴν
1678 1324 1919 1390 πίστιν,.

315 1410 413 1463 ἐπὶ
447 1412 588 1465 τέλει
631 1417 727 1466 τοῦ
754 1413 916 1482 λόγου
941 1415 1097 1487 φησὶ,
1141 1416 1232 1487 Τῷ
1261 1416 1376 1489 λαῷ
1405 1418 1496 1472 ml
1520 1421 1630 1482 τοῖς
1655 1418 1894 1474 ἔθνεσινο

284 1516 292 1525 '
317 1499 407 1554 ἵνα
435 1501 527 1555 ml
556 1502 648 1555 τὸν
679 1505 993 1576 Ἀγρίππαν
1023 1518 1046 1546 ο
1077 1508 1173 1561 καὶ
1199 1510 1326 1573 τούς
1350 1511 1447 1563 σὺν
1482 1510 1632 1581 αὐτῷ
1663 1512 1897 1582 προτρέ-

315 1591 485 1661 ψηται
537 1592 809 1662 ὲθνικούς,
863 1597 1122 1663 καὶτοὺς
1170 1600 1286 1653 ὅσοι
1334 1603 1591 1673 παρῆσαν
1628 1602 1893 1658 Ἰουδαῖοι.

314 1684 427 1737 Kal
446 1684 629 1738 πάλινο
652 1686 849 1753 Ὅθεν,
867 1689 1134 1754 ,βασιλεῦ
1158 1691 1460 1761 Ἀγρίππα,
1474 1695 1584 1748 οὐκ
1603 1694 1897 1765 ἐγενόμην

318 1772 570 1841 ἀπειθὴς
598 1774 673 1844 τῇ
709 1778 967 1845 οὐρανίῳ
999 1780 1277 1846 ὀπτασίῳ
1309 1781 1497 1853 ὥσπερ
1524 1778 1616 1836 οὖν
1648 1783 1758 1852 ἐγὼ
1778 1784 1898 1837 ἐπί-

320 1881 543 1930 στευσα,
589 1866 732 1920 οὕτω
755 1869 836 1921 δεῖ
864 1869 883 1907 τ
912 1870 1006 1933 ml
1034 1871 1127 1923 τὸν
1154 1871 1423 1927 ἀκούοντά
1449 1892 1578 1945 μου,
1608 1875 1898 1930 πιστεῦσαί

320 1970 443 2023 μοι·
477 1955 538 2008 οὐ
584 1956 693 2028 γὰρ
717 1958 889 2029 ἀκοὴν
934 1959 1266 2029 ἀπαγγέλλω
1305 1961 1478 2030 λόγων
1519 1964 1752 2035 ἐτέρων,
1783 1964 1899 2019 ἀλλ’

317 2039 393 2099 ὧν
423 2047 534 2116 ἐγὼ
559 2047 768 2117 ἤκουσα
793 2050 888 2104 καὶ
913 2053 939 2090 Β
964 2046 1107 2106 εἶδον
1138 2049 1198 2117 ἐξ
1227 2052 1457 2123 οὐρανοῦ
1486 2071 1499 2084 ·
1550 2054 1691 2108 κατά
1728 2055 1898 2108 ὀπτα-

319 2136 442 2190 σίαν
461 2136 518 2190 δέ
535 2138 565 2178 h
586 2141 734 2194 ἐστιν
750 2142 782 2211 ἡ
798 2141 1017 2214 καθαρά
1043 2143 1163 2210 θέα,
1191 2145 1223 2215 ή
1256 2144 1664 2216 ὑπερϐαίνουσα
1689 2146 1900 2219 ἄνθρω-

317 2243 438 2281 πον·
469 2227 611 2301 άπερ
630 2247 714 2294 τις
736 2233 793 2285 ὲν
817 2235 982 2304 σαρκὶ
1012 2235 1029 2275 ί
1051 2235 1175 2306 δίχα
1203 2235 1296 2288 τοῦ
1319 2236 1774 2307 ἀποκαλυφθῆναι
1804 2237 1900 2291 αὐ-

315 2320 408 2372 τοῦ
433 2321 559 2385 τοὺς
588 2323 924 2395 ὀφθαλμοὺς,
952 2327 1053 2381 οὐκ
1078 2326 1225 2382 ἐστιν
1250 2327 1380 2382 ’ίδεῖν
1411 2328 1657 2394 δυνατός.

393 2430 412 2464 ι
455 2413 517 2466 Εἰ
549 2414 793 2486 παθητὸς
831 2419 859 2470 6
900 2418 1160 2490 Χριστὸς,
1212 2421 1262 2472 εί
1299 2419 1516 2491 πρῶτος
1556 2421 1617 2486 ἐξ
1660 2420 1899 2475 άναστά·

317 2518 456 2565 σεως
484 2506 693 2575 νεκρῶν
718 2546 735 2573 ,
766 2507 884 2577 φῶς
921 2509 1104 2580 μέλλει
1135 2510 1530 2581 καταγγέλλειν
1557 2512 1634 2584 τῷ
1664 2511 1780 2584 λαῷ
1803 2512 1898 2567 καὶ

315 2594 428 2656 τοῖς
451 2592 651 2648 ἔθνεσι.
689 2614 708 2646 ι

390 2687 456 2737 El
497 2687 767 2754 παθητὸς
810 2693 843 2745 d
878 2693 1150 2761 Χριστός·
1194 2694 1254 2747 τὸ
1299 2694 1395 2748 τοῦ
1443 2695 1683 2768 Χριστοῦ
1727 2696 1899 2768 ὄνομα

315 2773 449 2827 Θεὸν
479 2775 765 2848 ένσαρκον,
794 2782 891 2835 σὺν
909 2782 1055 2855 ψυχῇ
1085 2786 1248 2858 νοερςὶ⁹
1274 2787 1512 2859 παρέχον
1537 2785 1551 2838 i
1580 2790 1721 2842 νοεῖν
1740 2791 1895 2861 ἡμῖν,

316 2863 418 2916 οὐκ
448 2862 553 2927 ἔξω
587 2863 768 2935 λόγου,
807 2869 902 2922 καὶ
933 2870 1177 2941 παθητὸν
1213 2873 1376 2926 αὐτὸν
1417 2873 1585 2942 λέγει·
1612 2873 1786 2928 ταῦτα
1817 2875 1895 2941 δὲ,

318 2956 473 3025 φησὶ,
498 2958 738 3030 Μωυσῆς
765 2961 859 3013 ml
889 2962 938 3015 οί
969 2963 1247 3034 προφῆται
1276 2966 1542 3036 προεῖπον
1561 2982 1573 2994 ·
1603 2966 1652 3018 εί
1680 2966 1898 3036 πρῶτος

2008 498 2347 571 diccbat),et
2380 513 2668 572 postquam
2716 504 2764 560 ei
2807 504 3042 574 primum
3084 507 3353 562 nuntiavit
3400 523 3587 570 resur-

2008 589 2307 645 rectionem
2339 603 2715 657 mortuorum,
2768 594 2919 648 addit
2960 602 3214 663 oportere
3266 610 3426 650 unum
3468 612 3586 652 cre-

2006 681 2133 736 dcre
2168 682 2357 750 Deum,
2403 684 2619 740 deserto
2657 684 2928 739 diabolico
2958 700 3166 750 errore,
3193 700 3355 755 quem
3387 687 3589 742 deserit

2005 773 2320 843 quicunque
2364 777 2855 844 evangelizantium
2899 777 3247 832 sermonibus
3283 775 3442 830 tidem
3492 779 3588 831 ad-

2003 862 2189 931 hibet;
2226 865 2421 943 deinde
2467 867 2704 922 ﬁdelium
2748 867 2889 924 bona
2939 875 3257 933 enumerat,
3310 866 3587 921 remissio-

2005 969 2129 1010 nem
2164 970 2356 1027 nempe
2389 968 2736 1030 peccatorum
2765 969 2822 1016 et
2868 974 2992 1016 cum
3024 958 3226 1016 sanctis
3256 957 3586 1013 adnumera-

2005 1043 2230 1102 lienem.

2072 1136 2346 1197 Vsas.i9.
2392 1159 2411 1194 ι
2438 1139 2620 1209 Unde,
2668 1158 2763 1199 rex
2802 1140 3065 1213 Agrippa,
3120 1153 3231 1196 non
3284 1139 3361 1195 lui
3404 1139 3587 1196 incre-

2001 1227 2159 1284 dulus
2187 1228 2395 1287 caelesti
2422 1231 2640 1287 visioni.
2674 1251 2694 1286 ι

2069 1319 2365 1393 Postquam
2387 1322 2588 1381 Paulus
2628 1324 2794 1380 ﬁdem
2830 1338 3018 1379 eorum
3041 1322 3108 1378 de
3134 1323 3330 1393 quibus
3361 1320 3413 1378 in
3441 1321 3588 1392 judi-

1999 1410 2143 1468 cium
2200 1415 2370 1483 venit,
2418 1417 2751 1486 praedicavit,
2808 1430 3002 1470 versus
3050 1413 3211 1468 linem
3246 1414 3330 1469 sui
3384 1427 3588 1469 sermo-

1999 1507 2085 1561 nis
2124 1505 2527 1578 dicitzPopulo
2567 1516 2621 1564 et
2667 1506 2940 1578 gentibus,
2989 1503 3363 1576 utAgrippam
3407 1513 3461 1558 et
3491 1502 3584 1574 qui

1997 1612 2119 1653 cum
2146 1612 2212 1653 eo
2239 1606 2397 1654 erant
2426 1598 2678 1669 gentiles,
2698 1607 2752 1654 et
2778 1599 3090 1668 quicunque
3113 1598 3340 1651 aderant
3369 1592 3585 1650 Judaeos

1998 1689 2336 1746 exhortetur.
2368 1688 2436 1744 Et
2466 1705 2660 1747 rursus
2705 1707 2720 1745 :
2758 1687 2932 1754 Unde,
2964 1704 3057 1744 rea:
3083 1687 3342 1760 Agrippa,
3375 1702 3478 1741 non
3504 1685 3587 1755 {ui

1927 1767 1973 1826 Β
1998 1780 2303 1835 incredulus
2347 1781 2544 1835 σαίρεσιὶ
2584 1780 2798 1834 visioni.
2858 1779 3010 1834 Sicut
3034 1778 3201 1849 igitur
3232 1790 3331 1847 ego
3354 1774 3583 1841 credidi,

2002 1873 2077 1927 ita
2126 1884 2181 1927 et
2229 1872 2384 1938 mihi,
2419 1873 2511 1943 qui
2563 1872 2716 1927 audit
2762 1887 2870 1938 me,
2898 1873 3121 1927 credere
3163 1885 3285 1925 eum
3330 1878 3583 1939 oportet;

2003 1979 2109 2019 non
2142 1965 2288 2019 enim
2340 1964 2444 2017 alia
2480 1964 2716 2034 praedico
2773 1978 2936 2033 quam
2990 1976 3110 2032 qua:
3140 1961 3318 2015 audivi
3354 1960 3418 2014 de
3446 1958 3586 2014 coelo

2001 2063 2073 2107 et
2101 2053 2229 2109 vidi.
2282 2053 2385 2107 Per
2411 2053 2676 2109 visionem
2710 2064 2892 2108 autem
2943 2051 3091 2108 clare
3118 2058 3436 2121 spectantur
3465 2063 3587 2118 quae

2001 2158 2165 2214 supra
2218 2144 2495 2200 hominem
2542 2154 2712 2210 sunt,
2768 2158 2890 2214 quae
2980 2143 3086 2200 nisi
3130 2141 3320 2199 oculus
3367 2149 3585 2209 apertus

2000 2235 2187 2303 fuerit,
2218 2251 2449 2293 cernere
2481 2252 2587 2292 non
2611 2243 2811 2306 potest.

2075 2409 2239 2466 Vsus.
2272 2409 2365 2465 Ξῖ).
2435 2428 2454 2463 ι
2515 2409 2574 2465 Si
2621 2408 2899 2480 passibili‘s
2944 2405 3232 2473 Christus,
3287 2406 3333 2462 si
3377 2406 3581 2477 primus

2000 2518 2065 2558 ex
2117 2502 2523 2558 resurrectione
2569 2510 2906 2557 mortuorum
2937 2540 2953 2567 ,
3006 2500 3189 2557 lumen
3229 2500 3582 2555 annuntiatu-

2000 2610 2095 2651 rus
2126 2603 2210 2651 est
2244 2595 2443 2665 populo
2471 2603 2527 2649 et
2552 2595 2825 2664 gentibus.
2856 2615 2875 2650 ι

2074 2688 2137 2744 Si
2178 2687 2444 2759 passibilis
2489 2685 2752 2743 Christus.
2810 2686 3017 2745 Nomen
3044 2686 3246 2745 Christi
3270 2680 3585 2755 'signilicaro

2002 2781 2169 2838 Deum
2198 2781 2568 2844 incarnatum,
2598 2796 2719 2836 cum
2743 2781 2997 2843 rationali
3025 2782 3232 2845 anima,
3265 2792 3370 2833 non
3395 2777 3586 2831 absur—

2002 2875 2068 2929 de
2099 2875 2249 2939 dicit,
2287 2872 2679 2943 Christumque
2710 2882 2870 2928 vocat
2900 2874 3252 2944 passibilem;
3300 2884 3441 2941 quae,
3484 2866 3582 2932 ait,

2001 2966 2212 3037 Moyses
2229 2974 2285 3022 et
2299 2968 2575 3036 prophetae
2594 2966 2967 3037 praedixerunt
2988 2982 3002 3020 :
3022 2965 3067 3020 si
3090 2965 3299 3034 primus
3316 2976 3379 3016 ex
3403 2974 3585 3016 resur-

316 3047 378 3150 ξιξ
397 3050 752 3151 ἀναστάσεως
767 3053 999 3123 νεκρῶν,
1029 3055 1147 3124 φῶς
1179 3056 1365 3126 μέλλει
1407 3057 1801 3127 καταγγέλλειν
1818 3057 1897 3128 τῷ

2004 3060 2243 3115 rectione
2284 3070 2651 3126 mortuorum,
2691 3059 2875 3113 lumen
2908 3055 3333 3111 annuntiatnrus
3364 3060 3446 3105 est
3483 3065 3584 3119 po«

317 3137 451 3209 λαῷ,
489 3141 583 3193 καὶ
615 3144 730 3206 τοῖς
759 3143 938 3197 ἔθνεσι
962 3145 1024 3198 τὸ
1050 3147 1124 3211 τί,
1158 3148 1281 3201 ἀντὶ
1315 3148 1431 3213 τοῦ,
1462 3150 1491 3203 ὅ
1511 3150 1564 3203 τί
1590 3151 1726 3205 ἐστι.
1763 3151 1897 3205 Μω-

320 3230 420 3300 σῆς
448 3232 475 3271 ll
509 3250 567 3285 τε
598 3228 751 3288 εἶπεν
775 3252 788 3267 ·
811 3236 853 3288 E
860 3238 880 3290 ι
913 3238 1178 3306 παθητὸς
1204 3242 1237 3293 ὁ
1274 3241 1553 3308 Χριστὸς,
1588 3244 1639 3295 εὶ
1667 3241 1898 3311 πρῶτος

318 3322 387 3387 ἐξ
415 3325 835 3393 ἀναστάσεωςο
870 3329 953 3381 ὅτι
992 3331 1235 3401 παθητὸς
1277 3333 1305 3385 6
1352 3333 1610 3403 Χριστὸς,
1659 3333 1893 3405 πρῶτος.

320 3417 540 3486 Πρῶτος
567 3420 677 3491 γὰρ
711 3413 866 3484 οὗτος
895 3422 1094 3492 ἀνέστη
1119 3463 1136 3488 ,
1183 3424 1278 3478 καὶ
1310 3424 1495 3478 οὐκέτι
1524 3425 1893 3497 ἀποθνήσκει·

317 3511 368 3562 οἱ
392 3511 499 3582 γὰρ
530 3513 861 3578 ἀναστάντες
894 3514 961 3568 δι’
987 3515 1174 3580 αὐτοῦ,
1213 3516 1246 3587 ἢ
1288 3515 1396 3570 τῶν
1426 3517 1707 3589 μαθητῶν,
1734 3519 1897 3573 πάλιν

320 3603 612 3670 ἀπέθανον,
650 3605 755 3667 ἕως
783 3607 882 3677 τῆς
913 3608 1210 3676 καθολικῆς
1234 3609 1584 3672 ἀναστάσεως
1618 3611 1891 3679 μένοντες.

396 3713 417 3747 ι
457 3695 515 3748 Ὀ
558 3696 614 3749 δὲ
659 3698 866 3761 Παῦλος
895 3697 997 3769 ἔφη
1020 3715 1032 3728 ⁸
1082 3697 1362 3768 Εὐξαίμην
1395 3698 1460 3752 ἂν
1495 3699 1573 3769 τῷ
1602 3699 1721 3769 Θεῷ
1747 3740 1761 3765 ,
1799 3702 1898 3754 καὶ

325 3787 382 3838 ὲν
413 3786 577 3856 ὀλίγῳ
607 3789 699 3841 καὶ
720 3791 777 3840 ὲν
800 3787 1001 3858 πολλῷ,
1036 3788 1097 3840 οὐ
1129 3789 1287 3857 μόνον
1324 3789 1383 3840 σὲ
1405 3788 1540 3841 ἀλλά
1561 3789 1656 3840 καὶ
1688 3790 1899 3853 πάντας

320 3877 447 3940 τοὺς
505 3878 802 3940 ἀκούοντάς
843 3895 945 3946 μου
997 3878 1238 3947 σήμερον
1283 3877 1537 3945 γενέσθαι
1579 3877 1853 3942 τοιούτους
1878 3919 1894 3945 ,

322 3972 498 4031 ὁποῖος
527 3969 682 4038 κάγώ
716 3970 850 4038 είμι,
881 3970 1153 4039 παρεκτὸς
1181 3970 1290 4022 τῶν
1324 3968 1543 4039 δεσμῶν
1580 3971 1805 4025 τούτων.
1843 3988 1863 4022 ι

390 4062 495 4115 Τὸν
548 4063 760 4116 ὲθνικὸν
808 4065 888 4126 είς
937 4064 1121 4117 πίστιν
1169 4064 1335 4118 θέλων
1392 4064 1620 4118 ἑλκῦσαι
1650 4102 1665 4129 ,
1706 4062 1898 4134 ἢθελεν

319 4155 484 4210 αὐτὸν
518 4155 864 4225 μαρτυρῆσαι
902 4158 1012 4218 τοῖς
1044 4156 1136 4209 ὐπ’
1163 4156 1326 4209 αὐτοῦ
1358 4154 1693 4226 λεγομένοις,
1726 4155 1793 4209 δι’
1823 4148 1898 4208 ὧν

321 4264 506 4316 φησιν,
543 4248 603 4300 Τί
632 4247 894 4299 ἄπιστον
920 4249 1180 4316 κρίνεται
1210 4247 1345 4316 παρ’
1372 4247 1549 4316 amr,-
1575 4246 1684 4314 ἵνα,
1720 4244 1786 4298 δι’
1821 4238 1897 4299 ὧν

319 4338 480 4401 αὐτὸς
528 4336 795 4408 ὡμολόγει
836 4336 848 4375 ι
901 4338 1046 4408 σωθῇ
1073 4356 1086 4369 ·
1118 4338 1197 4408 τῷ
1230 4338 1287 4391 δὲ
1315 4338 1433 4407 θεῷ
1480 4337 1580 4407 τὴν
1611 4337 1710 4408 τῆς
1764 4336 1897 4389 ἀνα-

2003 3151 2129 3221 pulo
2161 3161 2215 3207 et
2242 3150 2514 3220 gentibus,
2554 3148 2684 3218 quid
2713 3148 2806 3212 sit,
2853 3147 2907 3203 id
2943 3155 3048 3212 est,
3084 3145 3209 3214 quia
3234 3154 3347 3198 ests
3375 3141 3585 3212 Moyses

2002 3251 2184 3297 autem
2237 3241 2376 3296 dixit
2434 3256 2450 3295 :
2508 3239 2570 3295 Si
2624 3236 2895 3309 possibilia
2944 3235 3232 3301 Christus,
3286 3233 3334 3288 si
3383 3235 3580 3302 primus

1999 3350 2065 3390 ea:
2094 3334 2471 3389 resurrectione
2510 3349 2529 3388 :
2556 3331 2830 3403 passibilis
2859 3330 3003 3386 enim
3027 3328 3302 3390 Christus,
3337 3326 3574 3394 primus;

2002 3425 2213 3496 primus
2241 3424 2505 3489 surrexit,
2541 3438 2642 3478 nec
2662 3421 2775 3492 jam
2806 3419 3074 3485 moritur;
3106 3417 3196 3486 qui
3220 3426 3398 3470 autem
3430 3414 3498 3467 ab
3519 3427 3584 3467 eo

1999 3518 2088 3574 vel
2133 3532 2163 3573 a
2203 3517 2482 3587 discipulis
2518 3516 2637 3587 ejus
2684 3511 2991 3570 resuscitati
3023 3519 3180 3575 sunt,
3218 3522 3410 3563 rursus
3435 3521 3583 3560 mor-

2003 3611 2079 3663 tui
2118 3616 2279 3672 sunt,
2333 3607 2644 3678 generalem
2676 3601 3131 3661 resurrectionem
3176 3606 3582 3668 exspectantes.

2073 3700 2349 3755 Vsus.29.
2396 3715 2415 3749 ι
2462 3698 2530 3751 ΕΙ.
2574 3697 2776 3753 Paulus
2819 3715 2834 3752 :
2878 3694 3021 3763 Opto
3048 3693 3190 3762 apud
3224 3695 3411 3755 Deum,
3448 3700 3503 3744 et
3531 3691 3583 3742 in

2004 3790 2222 3843 modico
2251 3796 2305 3842 et
2335 3788 2387 3841 in
2414 3802 2633 3857 magno,
2669 3802 2776 3841 non
2810 3797 3019 3839 tantum
3049 3793 3122 3847 te,
3155 3786 3249 3837 sed
3275 3783 3436 3837 etiam
3466 3797 3585 3836 om-

2003 3895 2101 3933 nes
2128 3878 2216 3946 qui
2247 3876 2499 3941 audiunt,
2524 3876 2687 3930 hodie
2719 3875 2835 3930 licri
2863 3874 2999 3928 tales
3032 3872 3211 3940 qualis
3242 3881 3295 3924 et
3317 3886 3417 3940 ego
3439 3887 3584 3936 sum,

2003 3968 2246 4037 exceptis
2280 3965 2507 4021 vinculis
2534 3965 2637 4019 his.
2672 3983 2692 4016 ι

2073 4059 2344 4116 Gentilem
2395 4060 2461 4113 ad
2504 4056 2666 4112 iidem
2717 4057 2933 4111 trahere
2971 4054 3193 4121 volens,
3247 4066 3368 4107 eum
3415 4048 3585 4102 voluit

2010 4154 2378 4207 testimonium
2413 4149 2704 4220 perhibere
2734 4150 2798 4202 de
2820 4148 2907 4203 his
2933 4162 3053 4217 quae
3077 4146 3145 4200 ab
3170 4160 3235 4201 eo
3262 4145 3402 4199 dicta
3428 4148 3586 4195 erant

2003 4243 2271 4317 (prouter
2314 4242 2459 4313 quod
2500 4241 2631 4296 dicit
2683 4258 2699 4295 :
2747 4239 2888 4306 Quid
2953 4236 3256 4293 incredibile
3299 4232 3583 4304 judicatur

2001 4335 2142 4406 apud
2171 4351 2260 4389 vos
2275 4335 2347 4401 Ρ),
2368 4342 2502 4388 utex
2532 4347 2628 4388 sua
2652 4330 2991 4385 confessione
3013 4330 3195 4384 salvus
3214 4329 3330 4393 ﬁat;
3366 4327 3472 4380 Deo
3488 4340 3584 4377 au-

320 4431 564 4492 στάσεως
615 4430 725 4482 τῶν
751 4430 964 4502 νεκρῶν
998 4430 1336 4502 κατόρθωσιν
1379 4428 1628 4500 ἀφορίζει
1654 4427 1794 4499 πρὸς
1819 4425 1897 4497 τῷ

2002 4441 2109 4484 tem
2176 4437 2510 4481 mortuorum
2574 4421 3033 4479 resurrectionem
3090 4419 3379 4480 attribuit,
3441 4429 3582 4483 prae-

322 4523 526 4591 μηδένα
568 4525 679 4585 τοῖς
712 4523 1027 4593 λεγομένοις
1057 4524 1331 4576 ἀντειπεῖν
1356 4538 1369 4553 ·
1404 4522 1489 4581 τίς
1521 4520 1630 4590 γὰρ
1664 4521 1817 4581 οὗτος
1851 4530 1893 4558 ιιι

318 4611 526 4680 ἠλίθιος
566 4613 598 4683 ἢ
636 4614 951 4683 βλάσφημος
981 4654 994 4675 ,
1040 4613 1099 4676 6;
1131 4612 1452 4682 τολμήσειεν
1481 4611 1679 4674 εἰπεῖν,
1711 4608 1790 4661 ὅτι
1833 4607 1894 4661 οὐ

317 4703 541 4758 δύναται
570 4707 597 4758 6
622 4705 756 4769 Θεὸς
805 4715 833 4742 η
870 4705 1094 4774 ποιῆσαι
1128 4706 1227 4759 ὅσα
1258 4705 1435 4770 θέλει;
1471 4703 1504 4773 ἢ
1546 4701 1641 4755 οῦν
1668 4700 1896 4762 ἑκόντας

317 4796 620 4851 διαπιστεῖν
650 4798 842 4868 ἤθελεν
867 4798 1108 4861 ἐκείνους
1149 4797 1442 4851 συνθέσθαι
1494 4794 1572 4864 τῷ
1620 4794 1720 4864 τῆς
1762 4796 1896 4848 ἀνα-

318 4888 561 4949 στάσεως
595 4887 757 4959 λόγῳ,
791 4888 824 4958 ἦ
855 4888 945 4940 διὰ
993 4888 1085 4940 τὸν
1132 4886 1295 4956 φόϐον
1337 4885 1430 4939 τοῦ
1483 4885 1558 4956 μὴ
1593 4882 1895 4954 θεομάχους

317 4979 727 5048 ὐποπτευθῆναι
752 4978 969 5041 αὐτούς.

390 5072 642 5124 Δεὶκνυσι
666 5071 728 5123 τὸ
753 5072 849 5140 τῆς
883 5070 1171 5134 θεοσεϐοῦς
1200 5068 1368 5123 αὐτοῦ
1400 5068 1620 5138 ἀγάπης
1645 5068 1673 5120 6
1702 5066 1888 5135 λόγος’

319 5165 400 5226 εἰς
428 5162 526 5232 μὲν
555 5162 623 5215 τὰ
665 5163 805 5216 καλά
838 5163 1048 5226 πάντας
1074 5163 1245 5217 θέλων
1273 5161 1564 5224 κοινωνοὺς
1588 5156 1746 5224 εἶναι,
1786 5177 1890 5230 μη-

317 5254 448 5308 δένα
469 5255 525 5308 δὲ
550 5253 699 5325 αὐτῷ
733 5256 1055 5325 κοινωνῆσαι
1080 5257 1159 5318 είς
1184 5254 1417 5325 βάσανον
1442 5253 1478 5322 ἢ
1514 5252 1709 5322 θλίψιν.

385 5418 411 5451 ά
444 5412 504 5466 C.
530 5411 590 5466 C.
627 5411 719 5462 ml
744 5410 823 5463 τό.

315 5483 446 5535 ασία
474 5483 551 5538 δέ.

318 5562 346 5591 ³³
380 5557 437 5608 (2.
463 5553 526 5607 (Σ.
556 5551 779 5620 ποιῆσαι
807 5553 835 5604 ὁ
864 5551 1015 5613 Θεός.

907 5422 929 5450 ο
963 5409 1023 5464 C.
1166 5411 1463 5480 Ἀγρίππα.
1546 5409 1564 5448 ΐ
1602 5410 1664 5464 (ἶ.
1698 5409 1759 5465 C.
1792 5409 1877 5477 δή.

637 5481 745 5553 [(1.
777 5480 837 5536 C.
869 5481 1034 5553 σαρκὶ
1067 5479 1164 5533 ὥν.
1242 5476 1277 5530 ἴ
1301 5481 1363 5536 C.
1393 5483 1455 5537 Ο.
1487 5481 1761 5553 παρέχων.
1830 5476 1854 5517 κ
1882 5478 1944 5535 (ἶ.
1967 5476 2028 5533 C.
2063 5480 2319 5549 Μωῡσῆς.

2005 4530 2253 4590 terquam
2310 4530 2472 4571 nemo
2520 4513 2684 4569 dictis
2730 4511 3147 4568 contradicebat
3202 4527 3217 4564 :
3269 4508 3391 4576 quis
3436 4507 3581 4559 enim

2004 4622 2111 4666 tam
2144 4608 2372 4664 stolidus
2426 4614 2521 4660 aut
2564 4605 2914 4672 blasphemus
2940 4643 2955 4667 ,
3015 4602 3105 4670 qui
3163 4602 3344 4654 dicere
3385 4598 3583 4650 audeat

2002 4702 2168 4757 Deum
2199 4712 2539 4770 quaecunque
2561 4698 2692 4751 velit
2719 4694 2903 4751 facere
2925 4709 3034 4749 non
3058 4692 3251 4764 posse?
3289 4690 3392 4744 Eos
3416 4690 3583 4759 igitur

2001 4792 2365 4849 incredulitati
2401 4799 2618 4859 paratos
2650 4789 2768 4843 vult
2802 4789 2904 4843 sibi
2938 4786 3234 4842 conciliare
3281 4784 3581 4837 vel‘rcsur-

2004 4884 2261 4940 rectionis
2291 4883 2568 4948 doctrina,
2601 4882 2684 4935 vel
2715 4889 2881 4945 metu,
2914 4895 2985 4934 ne
3012 4881 3065 4932 in
3098 4877 3460 4946 suspicionem
3493 4872 3580 4926 iu-

2000 4975 2254 5045 surgendi
2284 4974 2341 5028 in
2370 4973 2538 5028 Deum
2569 4973 2838 5028 venirent.
2862 5001 2932 5012 —
2955 4971 3244 5025 Declarant
3273 4968 3387 5021 haec
3415 4964 3578 5019 verba

2000 5067 2114 5136 ejus
2138 5066 2277 5135 piam
2304 5065 2649 5131 charitatem,
2676 5079 2872 5135 quippe
2897 5065 2985 5135 qui
3009 5071 3160 5132 optat
3181 5073 3372 5115 omnes
3406 5057 3581 5127 parti-

2001 5162 2149 5229 cipes
2180 5159 2295 5213 tleri
2326 5174 2543 5213 suorum
2577 5159 2837 5213 bonorum
2865 5197 2879 5219 ,
2940 5157 3210 5210 neminem
3239 5164 3417 5207 autem
3450 5165 3578 5206 sua--

2002 5267 2119 5305 rum
2153 5251 2523 5306 molestiarum
2554 5259 2646 5305 aut
2677 5251 3109 5304 tribulationum.

1956 5407 2069 5477 δίο.
2100 5406 2159 5462 C.
2187 5407 2282 5461 καὶ
2312 5407 2365 5464 ἃ,
2443 5409 2470 5449 ιι
2497 5408 2556 5461 C.
2591 5409 2651 5463 C.
2678 5405 2906 5477 οὐρανοῦ
2937 5404 3074 5458 κατά
3099 5399 3573 5477 ὀπτασίανοήὸπτ-

2407 5479 2513 5533 lC.
2549 5478 2606 5532 C.
2663 5467 2759 5545 ομί
2815 5477 2954 5546 (sic).
3061 5475 3192 5528 ωε.
3244 5474 3303 5527 C.
3372 5467 3583 5541 οῦτωςε

390 5709 503 5778 all)
545 5707 784 5763 (ἐι-διηυιεὶ
827 5720 1015 5765 catena
1044 5711 1147 5766 hoc
1195 5708 1453 5764 scholiom
1515 5705 1605 5768 dat
1659 5706 2061 5777 Chrysosmum.
