4068 6126
516 291 655 359 1599

1095 411 1242 467 CAP.
1281 412 1497 469 XXVII.

584 520 861 578 Vsus.10.
929 543 948 577 ι
994 524 1143 593 Viri,
1197 531 1353 587 video
1401 535 1658 602 quoniam
1719 550 1840 590 cum
1892 537 2087 608 injuria

508 621 558 665 et
582 615 751 668 multo
766 614 983 682 damno,
1014 634 1121 673 non
1141 622 1311 677 solum
1334 626 1517 681 oneris
1533 636 1588 681 et
1609 628 1781 695 navis,
1809 628 1903 684 sed
1921 630 2086 685 etiam

508 704 811 761 animarum
840 719 1187 782 noSIrarum,
1227 717 1417 788 incipit
1444 733 1566 775 esse
1595 722 1891 792 navigatio.
1918 741 1938 774 s

575 793 841 864 Propheta
883 802 1027 856 enim
1069 819 1191 860 cum
1222 817 1367 863 esset
1392 808 1614 877 Paulus,
1647 813 1916 870 nuntiavit
1938 816 2086 886 peri-

501 885 681 939 culum
733 887 999 957 quod'eis
1047 895 1099 949 in
1151 900 1269 953 navi
1313 900 1656 972 immineret,
1717 906 1811 962 sed
1848 908 1929 963 eis
1975 924 2081 964 non

500 980 771 1043 persuasit
818 991 874 1035 ut
922 982 974 1038 in
1018 984 1177 1042 Creta
1222 989 1559 1060 biemarent,
1606 1012 1714 1053 non
1745 1000 1886 1069 quod
1912 999 2083 1058 fatum

498 1080 593 1122 eos
618 1069 684 1121 ad
715 1069 767 1125 id
798 1075 1047 1141 traxerit,
1081 1079 1174 1132 sed
1204 1082 1417 1151 propria
1444 1084 1708 1143 voluntas.

570 1239 731 1297 Vsus.
759 1246 846 1299 ll.
867 1265 885 1299 ι
905 1247 1160 1306 Centurio
1179 1264 1359 1309 autem
1383 1258 1735 1330 gubernatori
1755 1273 1810 1320 et
1826 1269 2080 1326 nautlero

498 1333 668 1425 magis
695 1339 951 1393 credebat
982 1355 1145 1411 quam
1176 1345 1262 1402 his
1290 1363 1409 1418 quae
1435 1366 1465 1405 a
1486 1352 1657 1410 Paulo
1681 1356 2023 1416 dicebantur.
2050 1379 2070 1414 ι

570 1512 743 1572 Ratus
774 1534 965 1590 nempe
1014 1527 1188 1595 magis
1218 1531 1545 1590 credendum
1581 1553 1703 1594 esse
1728 1543 2076 1610 peritioribus

434 1652 441 1661 .
493 1607 857 1676 navigationis
890 1628 1049 1682 quam
1075 1622 1281 1676 vectori
1314 1622 1458 1680 illius
1476 1630 1612 1684 artis
1640 1607 1860 1701 ignaro;
1892 1636 2075 1708 itaque

491 1712 595 1753 non
616 1697 735 1767 fati,
754 1704 849 1758 sed
865 1706 1156 1766 voluntatis
1178 1725 1296 1770 erat
1317 1730 1597 1786 peccatum
1624 1741 1637 1777 :
1665 1740 1808 1790 nam,
1827 1742 1948 1782 cum
1968 1733 2075 1786 sci—

490 1804 610 1844 mus
647 1802 836 1849 natura
869 1800 1003 1854 duce
1035 1804 1336 1870 periculum
1373 1809 1579 1879 fugere,
1620 1831 1800 1871 rerum
1834 1820 1947 1889 ipsa
1974 1838 2070 1877 ex-

487 1881 761 1947 perientia,
787 1902 888 1942 nos
916 1890 1075 1946 docet
1103 1910 1207 1949 non
1233 1899 1430 1954 debere
1453 1917 1781 1975 quemquam
1805 1926 1863 1963 se
1885 1915 2072 1981 pracci-

487 1971 685 2039 pitare,
712 1978 865 2042 quasi
893 1979 948 2032 in
972 1980 1075 2037 hoc
1098 2000 1202 2039 non
1222 1999 1365 2043 esset
1387 1992 1487 2044 nisi
1505 1994 1728 2050 dubium
1750 2001 2069 2069 perieulum,

484 2056 799 2116 all'erentem
847 2071 1010 2123 sortis
1036 2079 1128 2125 aut
1178 2072 1273 2129 fati
1310 2078 1634 2150 discrimen;
1686 2056 1831 2154 quod
1868 2099 2068 2157 tamen,

484 2149 600 2206 sive
623 2151 878 2224 dormiat,
912 2159 1027 2216 sive
1059 2163 1276 2233 vigilet,
1321 2170 1453 2224 nihil
1484 2183 1660 2241 potest
1691 2178 1949 2237 adversus
1977 2185 2071 2239 ho-

484 2243 647 2299 minis
672 2246 1002 2307 voluntatem
1023 2292 1039 2319 ,
1094 2271 1215 2326 quae
1258 2274 1366 2329 quo
1406 2264 1541 2332 vult,
1574 2282 1635 2321 ea
1667 2283 1785 2337 quae
1813 2273 1912 2328 sibi
1939 2277 2069 2332 sub-

480 2335 743 2404 jiciuntur
789 2341 995 2413 dirigit,
1029 2347 1104 2402 uti
1133 2348 1378 2409 fecerunt
1401 2356 1493 2425 qui
1519 2372 1641 2414 eum
1662 2358 1830 2417 Paulo
1851 2366 2071 2437 naviga-

486 2427 651 2493 bant;
677 2432 757 2488 sic
784 2434 928 2489 enim
956 2441 1253 2496 secundum
1279 2458 1432 2501 suam
1458 2449 1789 2508 voluntatem
1814 2459 2065 2526 agebant,

483 2526 544 2571 ut
592 2521 773 2578 statim
820 2522 1035 2581 favente
1075 2536 1232 2585 vento
1281 2532 1444 2589 laetati
1494 2548 1640 2604 sunt,
1681 2521 2065 2602 sicutﬂdictum

483 2620 596 2665 est:
616 2613 883 2680 aspirante
912 2607 1087 2673 autem
1111 2632 1317 2691 austro,
1339 2628 1709 2686 existimantes
1743 2639 2067 2704 propositum

485 2715 539 2755 se
596 2709 792 2772 tenere,
852 2720 1043 2764 eorum
1091 2710 1528 2773 incredulitatem
1595 2737 1830 2792 arguens
1870 2727 2068 2785 Paulus

482 2791 610 2847 dicit
664 2810 680 2849 :
726 2795 1010 2866 Oportebat
1057 2806 1292 2875 quidem,
1321 2823 1352 2862 o
1404 2811 1523 2879 viri,
1582 2791 1764 2871 audito
1822 2833 1923 2885 me,
1963 2836 2065 2876 non

483 2883 684 2943 solvere
710 2905 742 2943 a
774 2889 949 2949 Creta.

1674 299 2013 363 AMMONII
2052 301 2587 364 ALEXANDRINI

2121 421 2168 479 A

3648 305 3783 383 1600

2775 420 3025 475 ΚΕΦΑΛ.
3068 421 3193 476 KZ'.

2269 547 2287 580 ι
2343 529 2594 600 Ἄνδρες,
2632 531 2826 604 θεωρῶ
2869 534 2952 587 ότι
2998 532 3138 603 μετά
3182 532 3392 605 ὔδρεως
3437 535 3533 587 καὶ
3580 534 3780 605 πολλῆς

2190 616 2417 691 ζημίας,
2447 622 2508 675 οὐ
2549 620 2710 692 μόνον
2739 622 2835 676 τοῦ
2869 624 3097 694 φορτίου
3136 624 3231 678 καὶ
3272 622 3367 677 τοῦ
3401 624 3613 690 πλοίου,
3649 626 3780 680 ἀλλὰ

2189 711 2286 764 καὶ
2312 711 2418 765 τῶν
2436 711 2626 784 ψυχῶν
2649 714 2683 785 ἡ
2692 714 2832 785 μῶν,
2863 714 3079 786 μέλλειν
3106 714 3327 769 ἔσεσθαι
3362 715 3456 770 τὸν
3482 715 3674 771 πλοῦν.
3722 736 3743 769 s
3767 719 3782 744 '

2259 803 2557 876 Προφήτης
2583 805 2694 877 γὰρ
2735 805 2834 871 ὢν,
2866 806 3163 877 ἀνήγγειλε
3188 807 3282 860 τὸν
3311 806 3573 878 ἐσόμενον
3600 808 3663 861 ἐν
3703 808 3778 879 τῷ

2186 896 2360 970 πλοίῳ
2401 898 2646 954 κίνδυνον
2676 899 2889 965 Παῦλος
2914 915 2928 929 ’
2965 901 3060 955 καὶ
3088 900 3393 972 παραινῶν,
3425 901 3525 955 οὐκ
3559 900 3777 955 ἔπειθεν

2184 990 2387 1056 αὐτοὺς
2417 993 2476 1046 ἐν
2514 993 2712 1067 Κρήτῃ
2741 994 3184 1065 παραχειμάσαι,
3214 996 3276 1048 οὐ
3300 996 3399 1065 τῆς,
3427 996 3776 1067 εἱμαρμένης

2184 1082 2384 1147 αὐτοὺς
2423 1083 2505 1147 είς
2548 1083 2709 1138 τοῦτο
2742 1084 3073 1157 εἱσαγούσης
3106 1092 3156 1152 ο,
3208 1086 3347 1140 ἀλλά
3402 1086 3505 1157 τῆς
3561 1086 3773 1143 ἑαυτῶν

2182 1171 2536 1280 “milia”
2762 1268 2774 1280 .
2998 1266 3025 1280 ..
3149 1266 3177 1280 -
3294 1269 3306 1280 .
3489 1269 3502 1280 .
3579 1267 3609 1280 -

2261 1281 2282 1316 t
2344 1264 2403 1318 Ὀ
2431 1265 2489 1320 δέ
2516 1268 2926 1340 ἑκατοντάρχης
2957 1266 3035 1339 τῷ
3072 1266 3388 1340 κυόερνήτῃ
3416 1269 3513 1322 καὶ
3536 1267 3620 1339 τῷ
3642 1286 3770 1323 ναυ-

2181 1355 2371 1428 κλήρῳ
2406 1358 2609 1429 μᾶλλον
2644 1359 2918 1427 ἐπείθετο,
2950 1361 2983 1432 ἢ
3016 1364 3129 1425 τοῖς
3162 1360 3269 1414 ὑπὸ
3304 1359 3401 1414 τοῦ
3436 1361 3659 1415 Παύλου
3687 1361 3771 1415 λε-

2179 1446 2455 1518 γομένοις.
2507 1468 2528 1501 s

2248 1537 2508 1609 Νομίζων
2568 1541 2650 1594 ὅτι
2696 1540 2781 1594 δεῖ
2833 1539 3035 1612 μᾶλλον
3089 1542 3202 1605 τοῖς
3253 1543 3538 1615 ἐμπείρως
3588 1545 3770 1616 έχουσι

2177 1631 2315 1703 πρὸς
2345 1631 2405 1685 τὸ
2434 1632 2590 1686 πλεῖν
2622 1632 2945 1696 πείθεσθαι,
2999 1634 3033 1704 ἢ
3076 1633 3324 1723 ἐπιϐάτηί
3342 1634 3564 1707 ἀπείρῳ
3590 1655 3770 1691 ναυτι-

2177 1723 2280 1792 κῆς
2302 1738 2316 1751 ο
2340 1722 2481 1777 ὥστε
2500 1721 2594 1779 οὖν
2619 1724 2844 1794 γνώμης
2866 1720 2934 1796 ἦν
2956 1725 3047 1779 καὶ
3069 1725 3131 1778 οὐ
3163 1720 3334 1796 τύχης
3358 1727 3420 1778 τδ
3439 1727 3765 1799 ἁμάρτημα·

2175 1813 2258 1867 ὅτι
2288 1814 2398 1885 γάρ
2431 1814 2656 1886 οἴδαμεν
2683 1815 2824 1869 κατὰ
2847 1815 3009 1883 φύσιν
3036 1817 3304 1886 ἐκφυγεῖν
3327 1816 3603 1882 κίνδυνον,
3634 1817 3766 1889 αὕτη

2174 1904 2207 1974 ή
2233 1906 2395 1977 πείρα
2417 1904 2526 1959 τῶν
2547 1907 2900 1978 πραγμάτων
2917 1906 3165 1962 διδάσκει
3188 1908 3264 1981 μὴ
3292 1909 3763 1980 κατακρημνίζειν

2174 1997 2369 2050 ἑαυτόν
2399 2015 2541 2065 τινα,
2576 1999 2652 2064 ὼς
2677 2000 3072 2070 ἀναμφιϐόλως
3103 2000 3194 2054 τοῦ
3226 2001 3560 2071 πράγματος
3580 2002 3759 2059 ,κίνδου

2173 2103 2261 2140 νον
2311 2087 2601 2159 φέροντος,
2655 2089 2755 2160 τῆς
2792 2089 2974 2163 ,τύχης
3034 2091 3131 2144 καὶ
3186 2093 3536 2165 εἱμαρμένης
3598 2093 3759 2148 εἰπὼν

2173 2171 2452 2247 προῦπτον
2473 2178 2854 2249 κοιμωμένης,
2881 2180 2915 2250 ἢ
2945 2180 3334 2253 γρηγορούσης
3366 2183 3488 2252 μὲν,
3515 2183 3683 2253 μηδὲν
3704 2183 3757 2237 δὲ

2170 2268 2480 2340 δυναμένης
2509 2269 2947 2341 ἀντιπράξασοαι
2970 2271 3114 2326 κατὰ
3133 2273 3233 2344 τῆς
3254 2275 3639 2346 προαιρέσεως
3663 2275 3756 2344 τῆς

2169 2359 2278 2413 τῶν
2337 2360 2676 2432 ἀνθρώπων
2730 2361 2854 2415 καθ’
2902 2362 2970 2434 ἣν
2999 2354 3045 2431 ᾧ
3101 2362 3167 2416 ἂν
3202 2362 3538 2433 βούλωνται,
3566 2365 3637 2418 τὰ
3676 2366 3754 2433 ἐφ’

2170 2451 2373 2522 ἑαυτῆς
2410 2462 2439 2501 P
2471 2453 2778 2524 πράγματα
2805 2453 3001 2522 ἄγουσι
3033 2454 3128 2508 καί
3154 2455 3443 2527 φέρουσιν,
3478 2455 3555 2520 ὡς
3591 2458 3681 2510 καὶ
3704 2457 3750 2508 οἱ
3808 2534 3811 2535 ν

2172 2543 2269 2596 σὺν
2302 2541 2379 2614 τῷ
2420 2543 2621 2615 Παύλῳ
2653 2543 3024 2615 ἐκδημοῦντες
3048 2562 3062 2576 ·
3096 2543 3243 2597 οὕτω
3290 2544 3349 2598 δέ
3378 2545 3524 2599 κατά
3568 2546 3764 2617 προαί-.

2173 2651 2323 2705 ρεσιν
2343 2633 2631 2705 ἔπραττον,
2655 2635 2739 2688 ὅτι
2768 2635 2972 2699 εὐθέως
2999 2634 3313 2706 ἐπιτηδείου
3341 2636 3609 2707 τυχόντες
3634 2636 3751 2690 ἀνέ-

2172 2743 2273 2796 μου
2305 2726 2523 2798 ἔχαιρον
2555 2726 2698 2781 κατά
2724 2727 2786 2781 τὸ
2821 2728 2984 2801 ῥητόν
3010 2744 3024 2760 ·
3063 2728 3210 2800 φησὶ
3246 2728 3383 2800 γὰρ,
3429 2728 3754 2783 ’Υποπνεύ-

2168 2832 2395 2884 σαντος
2446 2817 2517 2872 δὲ
2552 2819 2758 2887 νότου,
2806 2819 3096 2888 δόξαντες
3141 2818 3254 2888 τῆς
3283 2822 3628 2889 προθέσεως
3661 2836 3751 2875 κε·

2168 2909 2560 2979 κρατηκέναι,
2592 2904 2668 2965 ὧν
2708 2912 2771 2965 τὸ
2800 2912 3026 2977 ἀπειθὲς
3074 2912 3425 2985 κατελέγχων
3476 2915 3507 2968 ὁ
3548 2914 3751 2978 Παῦλός

2169 3018 2334 3072 φησιν
2351 3019 2365 3030 -
2398 3002 2563 3058 Ἔδει
2585 3002 2723 3074 μὲν,
2744 3014 2772 3054 (ι
2798 3003 3035 3073 ἄνδρες,
3077 3005 3609 3076 πειθαρχήσαντάς
3632 3024 3749 3078 μοι,

2002 3066 2009 3071 θ
2091 3109 2134 3169 ο
2279 3066 2612 3165 ἀνάγεσθαι
2643 3066 2761 3152 ἀπὸ
2788 3066 3193 3168 τῆς-Χρητης.

553 3142 825 3203 Vsus.i5.
873 3167 895 3202 ι
938 3148 1183 3224 Cumque
1226 3170 1443 3229 arrepta
1477 3174 1617 3219 esset
1653 3169 1826 3236 navis,
1868 3179 1923 3224 et
1954 3188 2060 3229 non

478 3244 663 3301 posset
702 3236 947 3307 aspicere
976 3251 1169 3299 contra
1203 3255 1423 3303 ventum
1442 3290 1458 3318 ,
1497 3251 1622 3306 data
1652 3269 1789 3310 nave
1819 3256 2055 3329 ﬂatibus,

477 3320 807 3384 ferebamur.
833 3345 854 3381 ι

543 3414 778 3489 Cumque
823 3433 1038 3494 arrepta
1059 3436 1191 3482 esset
1216 3429 1385 3496 navis,
1417 3442 1465 3485 et
1506 3449 1609 3486 non
1636 3444 1807 3502 posset
1834 3440 2064 3508 aspicere

476 3516 665 3561 contra
688 3519 924 3568 ventum.
961 3513 1078 3569 Non
1108 3527 1328 3586 oportet
1358 3519 1413 3574 in
1444 3520 1745 3592 Scripturis
1773 3528 2060 3586 verborum

477 3599 868 3668 proprietatem
897 3605 1182 3674 requirere
1213 3611 1525 3678 :quomodo
1548 3614 1692 3668 enim
1722 3618 1942 3686 proprie
1965 3635 2063 3690 po-

482 3693 588 3741 test
614 3691 864 3759 usurpari
895 3693 964 3749 de
989 3696 1111 3749 navi
1147 3712 1250 3753 vox
1279 3700 1512 3768 aspicere
1537 3714 1724 3758 contra
1745 3745 1760 3771 ,
1800 3721 1922 3777 qua
1958 3708 2059 3765 ho-

474 3778 606 3832 mini
635 3783 930 3838 convenit?

546 3867 709 3927 Vzns.
734 3872 824 3928 24.
872 3893 891 3927 ι
928 3875 997 3930 Ει
1026 3890 1155 3935 ecce
1184 3881 1406 3939 donavit
1440 3882 1536 3940 tibi
1562 3884 1705 3945 Deus
1738 3903 1930 3949 omnes
1958 3896 2049 3965 qui

472 3961 729 4030 navigant
759 3973 932 4021 tecum
944 4004 956 4018 .
984 3985 1004 4019 s

540 4051 766 4110 Donavit
800 4058 895 4114 tibi
928 4061 1068 4119 Deus
1101 4081 1301 4124 omnes.
1342 4070 1492 4128 Unde
1525 4070 1721 4128 falsum
1750 4076 1891 4145 quod
1922 4077 2056 4136 dicit

473 4142 741 4201 llomerus
774 4166 789 4203 :

473 4252 699 4310 Nullum
727 4259 988 4318 hominem
1016 4267 1133 4322 dico
1163 4287 1313 4341 posse
1342 4274 1457 4342 fata
1479 4276 1725 4348 eﬁ‘ugere,

2247 3208 2265 3242 ι
2305 3190 2790 3261 Συναρπασθέντος
2820 3189 2879 3245 δὲ
2916 3189 3012 3245 τοῦ
3046 3190 3261 3256 πλοίου,
3293 3192 3389 3246 καὶ
3417 3191 3493 3263 μὴ
3516 3191 3750 3262 δυναμέ-

2168 3296 2260 3333 νου
2292 3280 2799 3354 ἀντοφθαλμεῖντῷ
2824 3282 3034 3354 ἀνέμῳ,
3070 3282 3340 3363 ἐπιδόντες
3360 3282 3691 3354 ἐφερόμεθα.
3719 3299 3740 3333 s

2237 3459 2788 3527 Συναρπασθέντος
2815 3458 2886 3514 δὲ
2915 3459 3025 3515 τοῦ
3052 3461 3290 3526 πλοίου,
3324 3456 3423 3513 καὶ
3441 3457 3528 3528 μὴ
3560 3456 3747 3513 avra-

2157 3546 2351 3616 μένου
2387 3550 2835 3621 ἀντοφθαλμεῖν
2877 3550 2960 3617 τῷ
2992 3552 3192 3622 ἀνέμῳ
3212 3568 3227 3583 ·
3262 3550 3403 3605 ὥστε
3426 3549 3489 3603 οὐ
3524 3549 3607 3603 δεῖ
3649 3565 3745 3604 κυ-

2164 3637 2466 3709 ριολεκτεῖν
2505 3642 2760 3696 ἀπαιτεῖν
2789 3641 2890 3713 τὴν
2922 3643 3146 3715 Γραφήν
3171 3660 3186 3674 ο
3222 3642 3344 3697 ἐπεὶ
3374 3641 3494 3706 πῶς
3520 3641 3742 3696 δύναται

2161 3729 2367 3801 κυρίως
2408 3732 2501 3786 ἐπὶ
2524 3732 2712 3789 πλοίου
2734 3734 2920 3790 λαδεῖν
2963 3735 3063 3807 τὴν
3092 3734 3239 3802 λέξιν
3268 3734 3361 3789 τοῦ
3395 3734 3742 3803 ἀντοφθαλ-

2161 3820 2316 3887 ιιεῖν,
2344 3822 2478 3876 ὅπου
2505 3824 2597 3877 ἐπὶ
2626 3824 2916 3899 ἀνθρώπου
2947 3827 3210 3899 ἀρμόζει;

2186 3910 2187 3913 “
2236 3928 2254 3961 ι
2302 3910 2411 3963 Kal.
2464 3912 2573 3967 ἱδοὺ
2625 3914 2950 3985 κεχάρισταί
3007 3931 3090 3968 σοι
3133 3915 3161 3967 ὁ
3204 3913 3339 3978 Θεὸς
3377 3911 3588 3975 πάντας
3616 3912 3741 3973 τοὺς

2160 4000 2424 4067 πλέοντας
2454 4004 2592 4072 μετά
2623 4005 2744 4060 σοῦ.
2786 4025 2805 4059 s

2228 4091 2598 4161 Κεχάρισταί
2630 4111 2731 4149 σοι
2759 4097 2793 4148 ό
2825 4096 2971 4162 Θεὸς
3015 4094 3281 4161 πάντος’
3311 4093 3453 4148 ὥστε
3484 4088 3578 4149 οὖν
3610 4092 3739 4163 ψευ-

2155 4179 2248 4245 δές
2273 4182 2334 4234 τὸ
2360 4182 2654 4255 εἰρημένον
2680 4184 2759 4254 τῷ
2804 4186 3034 4256 Ὁμήρῳ
3058 4188 3107 4219 ⁹’
3135 4259 3143 4263 _

2156 4293 2385 4363 Μοζραν
2409 4296 2464 4349 δ’
2500 4297 2710 4355 οὔτινά
2750 4315 2902 4368 φημι
2945 4299 3334 4368 πεφυγμένον
3358 4298 3614 4439 ﬁgitﬁgit
3645 4297 3740 4351 ἁνι-

471 4385 655 4460 Neque
678 4392 894 4462 malum,
920 4413 1081 4469 neque
1102 4402 1317 4471 bonum,
1349 4421 1443 4462 nec
1470 4411 1518 4463 si
1543 4426 1609 4465 ea:
1623 4412 1942 4481 primoribus
1957 4421 2048 4475 sit.

2166 4434 2244 4488 οὐ
2276 4436 2488 4501 κακὸν,
2518 4435 2665 4490 οὐδὲ
2689 4436 2805 4506 μὲν
2829 4437 3082 4503 ἐσθλὸν,
3109 4436 3270 4505 ἐπὴν
3308 4385 3624 4506 τειιὲτὲΞᾶ
3657 4434 3740 4506 τέ-

468 4548 620 4615 Quod
650 4552 913 4624 signiﬁcat
942 4573 1046 4615 non
1074 4576 1195 4618 esse
1218 4567 1475 4635 possibile
1501 4576 1873 4632 necessitatem
1902 4595 2050 4636 mor-

470 4643 539 4697 tis
555 4641 811 4716 ell‘ugere,
826 4664 945 4718 quae
955 4651 1180 4722 homini,
1196 4672 1316 4711 cum
1341 4661 1603 4730 nascitur,
1619 4675 1846 4734 mortem
1865 4668 2049 4726 deter-

467 4735 669 4804 minat;
733 4755 862 4796 ecce
886 4743 1054 4812 enim,
1083 4746 1202 4803 sine
1224 4747 1411 4817 Paulo,
1437 4768 1626 4812 omnes
1657 4757 1795 4812 mori
1822 4758 2046 4817 habuis-

464 4835 608 4894 sent,
656 4828 921 4900 siquidem
950 4835 1089 4892 Deus
1115 4839 1281 4894 vitam
1299 4844 1381 4898 eis
1399 4844 1584 4899 tribuit
1614 4858 1859 4918 respectu
1877 4850 2043 4920 justi;

464 4919 680 4987 deinde,
719 4923 768 4977 si
799 4922 910 4979 fato
937 4924 1127 4984 fuisset
1151 4931 1425 4987 decretum
1454 4950 1643 4992 omnes
1671 4953 1792 4994 esse
1814 4943 2043 4996 moritu-

462 5025 577 5079 ros,
599 5024 770 5083 certe,
790 5026 850 5071 ut
877 5018 1110 5087 videtur,
1142 5034 1390 5081 mortuus
1411 5026 1623 5095 fuisset,
1650 5028 1766 5099 ipse
1791 5042 2049 5102 quatuor-

464 5104 639 5159 decim
677 5106 792 5163 dies
822 5124 929 5164 non
954 5114 1286 5172 manducans
1308 5125 1360 5172 et
1379 5126 1568 5186 postea
1599 5119 1894 5195 naufragus
1921 5140 1934 5180 :
1960 5126 2045 5182 di-

463 5195 697 5253 citenim
734 5205 962 5258 mendax
993 5220 1196 5275 sermo,

805 5378 928 5435 Non
957 5386 1176 5453 malum,
1211 5405 1301 5443 nec
1330 5391 1489 5447 etiam
1521 5395 1751 5461 bonurn;

466 5483 689 5526 necesse
717 5472 878 5541 igitur
902 5487 1020 5531 erat
1053 5489 1107 5532 et
1137 5480 1305 5538 bonos
1331 5493 1388 5537 et
1411 5486 1598 5554 malos,
1631 5492 1864 5551 evidenti
1893 5511 2035 5552 mor-

526 5615 638 5708 ξς(
665 5622 1097 5708 (ἷκάγιαγούσης.
1124 5705 1131 5708 _
1179 5646 1217 5708 n
1239 5635 1304 5708 CA.»
1339 5633 1410 5708 C._
1435 5638 1655 5708 εαυτῆς.
1733 5653 1758 5692 q
1784 5644 1845 5700 C.
1878 5646 1937 5705 C.
1971 5641 2034 5705 ὧ.

490 5686 700 5755 Παῦλος
720 5686 1075 5753 mimicam."
1119 5705 1136 5741 ι
1182 5706 1241 5759 c.
1268 5706 1327 5760 ο.
1352 5686 1809 5784 ίοὺὲἐέὶενὸῗὶμξηῖ

3426 4504 3524 4578 [νη
3534 4522 3651 4561 ται.

2233 4596 2297 4648 Ὃ
2332 4597 2587 4668 σημαίνει
2619 4598 2701 4652 ὅτι
2728 4599 2993 4654 ἀδύνατον
3016 4600 3284 4669 ἐκφυγεῖν
3313 4598 3413 4668 τὴν
3440 4596 3538 4650 τοῦ
3571 4597 3736 4651 θανά-

2151 4703 2244 4740 του
2295 4690 2641 4761 είμαρμένην
2689 4690 2806 4760 ἅμα
2851 4694 2919 4763 τῇ
2975 4693 3231 4763 γεννήσει
3278 4690 3541 4762 ὁριζούσῃ
3588 4700 3617 4731 τ
3648 4688 3736 4742 rei

2152 4777 2444 4849 ἀνθρώπου
2472 4783 2566 4834 τὸν
2601 4780 2833 4835 Θάνατον
2855 4799 2867 4814 ·
2905 4783 3016 4835 ίδοὺ
3047 4782 3158 4853 γὰρ
3191 4783 3240 4836 εί
3279 4783 3353 4853 μὴ
3403 4782 3497 4835 διὰ
3525 4782 3735 4835 Παῦλον

2152 4871 2353 4936 πάντες
2401 4868 2547 4944 εἶχον
2589 4876 2638 4928 οἱ
2682 4876 2740 4928 ἐν
2777 4874 2855 4946 τῷ
2898 4876 3072 4946 πλοίῳ
3102 4876 3429 4941 ἀπολέσθαι,
3464 4874 3559 4929 τοῦ
3604 4874 3733 4929 υεοῦ

2148 4960 2309 5015 τοῦτο
2342 4963 2733 5035 δωρησαμένου
2762 4965 2943 5028 αὐτοῖς
2968 4968 3104 5037 τιμῇ
3134 4966 3226 5018 τοῦ
3256 4966 3469 5020 δικαίου
3487 4983 3502 4996 '
3537 4967 3731 5021 ἔπειτα

2147 5048 2204 5103 δέ
2236 5052 2285 5103 εἱ
2318 5051 2551 5123 εἵμαρτο
2581 5055 2792 5118 πάντας
2822 5056 3123 5110 ἀπολέσθαι
3147 5067 3192 5120 ³,
3220 5056 3345 5109 ὅσον
3366 5059 3430 5108 ὲκ
3452 5056 3564 5110 τῶν
3596 5057 3731 5111 εἰδώ-

2145 5156 2275 5205 των,
2301 5141 2358 5195 ἐν
2390 5143 2618 5212 πελάγει
2641 5144 2828 5209 ἄσιτος
2856 5146 3044 5215 μείνας
3077 5146 3491 5218 δεκατέσσαρας
3520 5148 3727 5219 ἡμέρας

2145 5229 2204 5282 ἐν
2233 5230 2310 5300 τῷ
2347 5233 2522 5305 πλοίῳ
2545 5275 2561 5303 ,
2607 5236 2705 5290 καὶ
2751 5236 2978 5308 ὕστερον
3018 5240 3334 5308 ναυαγήσας
3356 5256 3370 5270 ⁸
3417 5235 3539 5295 εἷπε
3565 5243 3677 5313 γάρ
3700 5242 3729 5294 ὁ

2147 5321 2347 5394 ψευδὴς
2380 5325 2537 5394 λόγος
2560 5368 2575 5394 .

2291 5417 2374 5469 Οὐ
2407 5417 2616 5484 κακὸν,
2651 5420 2794 5473 οὐδὲ
2819 5420 2969 5490 μὲνί
2995 5420 3222 5475 ἐσθλόν
3243 5437 3255 5449 ·

2141 5503 2247 5558 ἔδει
2288 5506 2396 5577 γὰρ
2446 5509 2542 5562 καὶ
2587 5511 2715 5573 τοὺς
2760 5512 2960 5576 καλοὺς
3009 5513 3100 5567 καὶ
3145 5514 3272 5577 τοὺς
3307 5516 3515 5578 κακοὺς
3550 5517 3609 5569 ἐν
3648 5516 3725 5569 ἐνὶ

2117 5662 2138 5690 ¹’
2168 5655 2227 5710 C.
2253 5655 2313 5712 C.
2345 5658 2622 5730 ὁρίζουσα.
2693 5674 2712 5701 ³
2752 5662 2811 5719 C.
2842 5664 2903 5721 (ἐ.
2939 5665 3241 5719 ἀπολέσθαι
3276 5662 3424 5737 εἶχεν
3461 5665 3529 5721 ἂν
3564 5668 3661 5724 καὶ
3693 5668 3720 5719 ό
