4068 6126
263 262 302 370 ξ
348 305 476 372 1601

1268 307 1728 368 FRAGMENTA
1769 306 1847 368 IN
1883 265 2074 368 ACTA
2105 307 2685 376 APOSTOLORUM.

3459 333 3478 399 l
3490 337 3596 402 602

343 417 618 482 πεσόντας·
651 417 905 489 πτώματι
959 417 1333 488 ἀναμφίϐολον
1389 417 1608 489 φέροντι
1659 417 1903 484 θάνατον,

2015 417 2087 472 tis
2131 420 2371 484 periculo
2420 439 2524 478 una
2570 427 2860 495 obnoxios,
2917 446 3022 488 una
3074 436 3242 502 mori;
3296 455 3327 495 e
3379 456 3593 512 etmtra,

341 509 633 563 ἀποθανεῖν
655 526 669 541 ·
703 509 838 562 ἀλλά
887 509 946 562 τὸ
979 509 1220 562 ἐναντίον
1253 505 1464 580 εἷπενή
1513 509 1727 580 Γραφὴ,
1772 509 1853 562 ὅτι
1883 511 1912 564 6

337 601 546 664 δίκαιος
575 599 811 664 ἐσώζετο
845 599 904 666 ἐξ
943 599 1370 672 ὡμολογημένον
1419 601 1690 664 κινδύνου,
1733 601 1910 656 καίτοι

340 691 560 744 πάντων
599 691 708 745 τῶν
734 693 791 744 ὲν
818 690 968 762 αὐτῷ
996 691 1456 763 ἀποθνησκόντων
1483 709 1497 721 ·
1529 691 1672 746 οὕτω
1704 693 1814 766 γὰρ
1843 689 1912 762 ἦν

339 780 417 852 τῷ
446 779 566 851 Θεῷ
605 779 763 846 δόξαν
790 781 1046 835 ἀπελθεῖν
1086 782 1252 835 αὑτὸν
1281 783 1341 836 ὲν
1386 781 1579 856 Ῥώμῃ
1607 799 1620 814 ’
1654 783 1752 837 καὶ
1781 783 1910 853 ἡδύ-

337 888 467 926 νατο
499 874 596 943 μὲν
619 875 648 926 ὁ
675 873 808 938 Θεὸς
838 875 930 927 καί¹
961 874 1219 946 ἀρπάσας
1245 885 1274 913 ιι
1303 873 1413 928 ἀπὸ
1456 875 1818 946 Ἰερουσαλὴμ
1842 876 1910 930 δι’

337 962 572 1032 ἀγγέλου
615 965 812 1034 στῆσαι
842 966 900 1018 ὲν
953 963 1177 1036 Ῥώμῃ,
1213 963 1399 1028 καθὼς
1429 965 1544 1022 ,τὸν
1585 965 1911 1036 Ἀμϐακοὺμ

335 1055 395 1122 ἐξ
441 1055 700 1118 ἰουδαίας
731 1055 988 1126 ἀρπάσας
1031 1055 1382 1126 παρέστησεν
1432 1057 1490 1109 ὲν
1521 1057 1800 1110 Βαϐυλῶνι
1833 1059 1910 1130 τῷ

335 1147 521 1216 λάκκῳ
571 1144 664 1198 τοῦ
715 1145 916 1216 Δανιήλ
943 1162 956 1177 ⁸
1015 1146 1134 1200 ἀλλ’
1174 1147 1276 1200 οὐκ
1316 1145 1579 1218 ἐποίησε·
1613 1147 1708 1200 καὶ
1752 1147 1911 1202 τοῦτο

333 1235 778 1305 θαυματουργίας
799 1245 826 1274 ν
855 1235 1014 1305 ἔργον
1039 1233 1180 1290 εἶναι
1201 1235 1402 1303 δείξας,
1428 1237 1489 1290 τὸ
1511 1236 1570 1302 ἐξ
1589 1237 1908 1292 ἀνελπίστου

333 1326 576 1380 κινδύνου
611 1327 780 1380 σῶσαι
807 1327 898 1381 τὸν
930 1328 1141 1382 Παῦλον
1169 1330 1264 1382 καὶ
1289 1329 1417 1392 τοὺς
1446 1330 1544 1382 σὺν
1566 1327 1715 1399 αὐτῷ
1740 1345 1755 1362 ο
1781 1330 1912 1401 ἐχαο

334 1417 522 1486 ρίσατο
567 1417 625 1471 δὲ
679 1417 776 1482 τὰς
826 1419 926 1489 μὲν
972 1417 1152 1490 ψυχὰς
1187 1418 1266 1490 τῷ
1303 1419 1501 1490 Παύλῳ
1537 1419 1910 1494 (φιλόστοργος

332 1511 440 1579 γὰρ
469 1505 540 1581 ἦν
589 1510 683 1565 καὶ
727 1509 1075 1584 φιλάδελφος)
1102 1527 1114 1541 ’
1151 1513 1212 1564 τδ
1237 1511 1295 1566 δὲ
1339 1512 1524 1566 πλοῖον
1553 1515 1650 1568 καὶ
1689 1513 1759 1568 τά
1813 1515 1911 1568 σὺν

332 1599 502 1671 αὐτῷ,
527 1600 602 1666 ὡς
643 1602 720 1672 μὴ
751 1601 1203 1672 ἀντιποιουμένου
1233 1603 1328 1656 τοῦ
1363 1601 1652 1674 θεοφιλοῦς
1680 1603 1790 1658 τῶν
1817 1591 1910 1658 ἐπὶ

330 1691 454 1760 γῆς,
481 1689 616 1760 μηδὲ
646 1689 957 1761 ἀχθομένου
994 1692 1089 1744 ἐπὶ
1121 1694 1188 1763 τῇ
1230 1691 1442 1746 τούτων
1477 1693 1728 1764 ἀπωλείᾳ
1751 1711 1765 1726 ·
1807 1688 1910 1748 ὧδε

2015 517 2215 576 tamen,
2268 511 2400 568 dicit
2427 512 2703 586 Scriptura
2751 519 2954 590 justum
2993 540 3058 580 ex
3093 530 3326 584 evidenti
3357 535 3597 602 periculo

2011 615 2133 658 eSSe
2160 603 2425 658 salvatum
2449 645 2466 670 ,
2523 611 2772 677 quamvis
2804 628 2994 670 omnes
3029 617 3080 671 in
3111 633 3177 673 eo
3207 633 3590 692 morerentur;

2011 694 2091 750 sic
2139 695 2311 750 visum
2363 695 2472 751 Deo
2518 699 2695 757 fuerat
2735 719 2858 758 eum
2892 705 3118 762 Ruinam
3144 709 3257 776 ire;
3295 723 3346 768 et
3379 724 3594 782 poterat

2015 783 2187 852 Deus,
2241 787 2478 856 eripiens
2528 807 2652 846 eum
2708 808 2774 849 ex
2821 794 3146 866 Jerusalem,
3200 817 3300 873 per
3342 806 3591 875 angelum

2011 876 2196 932 Romae
2226 887 2502 946 statuere,
2553 886 3006 954 quemadmodum
3034 890 3291 948 Habacue
3324 895 3378 950 in
3405 896 3591 954 Judtea

2010 980 2312 1037 assumens,
2357 969 2627 1043 Babylone
2670 976 2735 1031 ad
2775 978 2949 1034 lacum
2987 981 3220 1039 Danielis
3272 987 3590 1046 constituit:

2013 1057 2115 1113 hoc
2135 1071 2320 1115 autem
2355 1079 2461 1118 non
2490 1063 2619 1124 fecit
2645 1083 2661 1133 ;
2698 1069 2794 1122 sed
2820 1079 2999 1125 tamen
3030 1075 3270 1131 ostendit
3303 1078 3592 1136 miraculo-

2011 1163 2128 1204 sum
2153 1165 2274 1206 esse
2297 1151 2522 1221 factum,
2543 1155 2770 1212 Paulum
2794 1176 2917 1215 cum
2939 1164 3104 1219 sociis
3125 1167 3334 1221 salvum
3352 1167 3589 1240 faciens;

2009 1240 2168 1310 eique
2215 1245 2423 1300 animas
2460 1261 2648 1303 eorum
2691 1249 2932 1318 donavit,
2968 1269 3033 1309 eo
3077 1258 3222 1326 quod
3269 1261 3589 1318 charitatem
3630 1272 3636 1288 '

2014 1325 2066 1378 in
2093 1327 2289 1384 fratres
2322 1331 2568 1400 haberet,
2603 1350 2708 1390 non
2737 1349 2918 1394 autem
2953 1325 3136 1397 navim
3173 1359 3272 1401 nec
3299 1363 3420 1417 quae
3445 1351 3498 1405 in
3525 1367 3588 1406 ea

2011 1421 2326 1488 erant,quia
2357 1422 2442 1477 vir
2471 1425 2590 1494 pius
2619 1443 2724 1482 non
2753 1433 2933 1502 magni
2960 1431 3092 1488 facit
3113 1444 3352 1504 terrena,
3379 1455 3478 1495 nec
3499 1457 3592 1497 eo-

2013 1524 2130 1564 rum
2161 1511 2374 1580 jactura
2424 1519 2802 1576 contristatur.
2859 1523 2959 1579 llic
2995 1525 3162 1596 igitur
3195 1540 3416 1598 pr0pter
3442 1533 3587 1602 pium

2013 1601 2197 1656 vivunt
2225 1604 2412 1674 impii;
2463 1609 2754 1679 aliquando
2794 1629 2920 1670 vero
2965 1632 2996 1672 e
3041 1623 3320 1678 contrario
3347 1601 3583 1693 accidit,

2013 1710 2110 1764 pro
2136 1711 2231 1751 sua
2257 1699 2402 1754 enim
2433 1705 2792 1770 perversitate
2827 1718 2949 1762 ante
2979 1719 3193 1779 tempus
3225 1716 3458 1769 moritur
3483 1718 3589 1770 im-

329 1775 422 1834 οῦν
449 1781 538 1835 διὰ
569 1782 662 1836 τὸν
686 1782 898 1838 δίκαιον
925 1797 953 1824 ι
991 1782 1162 1848 ζῶσιν
1189 1787 1238 1838 oi
1271 1785 1492 1850 ἀσεϐεῖς
1517 1800 1533 1816 ο
1578 1784 1696 1840 ἔστι
1733 1786 1790 1840 δὲ
1817 1787 1903 1841 ὅτε

2010 1785 2128 1854 pius
2149 1827 2166 1851 ,
2223 1787 2303 1844 sic
2328 1789 2555 1868 iubente
2585 1793 2725 1861 Deo,
2764 1797 2905 1852 sicut
2931 1799 3008 1854 ait
3037 1801 3390 1860 Ecclesiastes
3438 1823 3454 1862 :
3503 1808 3588 1863 Nc

329 1871 389 1924 τὸ
421 1873 664 1928 ἐναντίον
685 1889 699 1906 ⁸
735 1874 831 1928 καὶ
861 1875 969 1946 πρὸ
1015 1875 1165 1946 ὥρας
1191 1875 1220 1928 6
1257 1877 1463 1950 ἀσεϐὴς
1488 1877 1786 1933 ἀπόλλυται
1815 1879 1906 1933 διὰ

329 1963 428 2034 τὴν
451 1963 644 2018 ἑαυτοῦ
677 1965 879 2020 κακίαν
905 1982 920 1999 ·
947 1965 1044 2020 τοῦ
1087 1967 1224 2021 Θεοῦ
1251 1965 1424 2033 οὕτως
1451 1969 1616 2024 πάλιν
1643 1969 1904 2041 βουλομέ-

329 2071 441 2119 νου,
475 2053 657 2119 καθὼς
703 2057 732 2110 6
774 2056 1218 2130 Ἑκκλησιαστής
1255 2075 1423 2131 φησι,
1455 2060 1551 2129 Μὴ
1590 2060 1906 2132 ἀσεϐήσῃς

329 2144 511 2209 πολὺ,
545 2145 700 2214 μηδὲ
728 2147 902 2216 γίνου
936 2150 1236 2218 σκληρὸς,
1261 2149 1361 2204 ἵνα
1384 2149 1465 2220 μὴ
1495 2150 1806 2222 ἀποθάνῃς
1835 2153 1906 2208 ἐν

327 2237 400 2289 οὐ
428 2236 609 2305 καιρῷ
637 2253 756 2293 σου
775 2257 792 2274 ο
816 2240 1062 2295 πιστεύω
1092 2241 1203 2313 γὰρ
1231 2242 1310 2312 τῷ
1341 2243 1462 2314 Θεῷ
1491 2244 1572 2297 ὅτι
1602 2243 1780 2309 οὕτως
1813 2245 1905 2299 ἐσ-

324 2344 416 2382 ται
441 2345 455 2358 ·
492 2329 671 2384 πάντα
711 2330 810 2401 μὲν
853 2331 1058 2385 δυνατά
1088 2331 1164 2402 τῷ
1191 2333 1505 2388 πιστεύοντι
1527 2349 1544 2364 °
1575 2334 1718 2406 πλὴν
1753 2331 1906 2399 οὗτος

2009 1875 2168 1944 impie
2194 1893 2345 1948 agas,
2383 1897 2474 1957 nec
2503 1899 2782 1952 perversus
2808 1885 2931 1956 ﬁas,
2969 1905 3032 1944 ne
3062 1903 3181 1946 ante
3210 1905 3411 1961 tempus
3437 1906 3586 1953 tuum

2007 1967 2252 2023 moriaris
2276 1969 2340 2024 “'.
2390 1971 2502 2028 Deo
2563 1985 2742 2031 autem
2782 1981 2946 2034 credo
2999 1981 3113 2038 hzec
3161 1985 3234 2040 ita
3283 1986 3422 2043 fieri.
3459 1987 3588 2044 0m-

2006 2060 2094 2114 nia
2123 2063 2337 2132 quidem
2360 2067 2631 2134 possibilia
2651 2079 2776 2124 sunt
2804 2073 3078 2144 credenti;
3101 2086 3338 2135 attamen
3371 2081 3458 2136 ille
3487 2098 3589 2139 nec

2005 2166 2102 2222 per
2128 2153 2284 2210 tidem
2326 2170 2427 2212 nec
2461 2172 2556 2226 per
2583 2162 2857 2218 orationes
2899 2179 3117 2222 suorum
3143 2170 3410 2226 sociorum
3438 2173 3587 2230 salu-

2010 2254 2115 2300 tem
2151 2245 2491 2315 impetravit,
2542 2253 2636 2305 sed
2691 2253 2818 2324 quia
2865 2259 3093 2314 credidit
3145 2277 3206 2316 ca
3255 2263 3431 2318 futura
3464 2282 3588 2323 esse

2007 2349 2127 2406 qua:
2153 2337 2254 2392 sibi
2290 2339 2429 2394 dicta
2459 2350 2632 2398 erant.

325 2419 388 2473 ού
414 2420 504 2474 διά
548 2423 786 2486 πίστεως
831 2423 927 2477 καὶ
957 2423 1123 2495 εὐχῆς
1157 2425 1321 2496 ἤνυσε
1351 2426 1452 2498 τὴν
1485 2427 1762 2500 σωτηρίαν
1790 2427 1898 2482 τῶν
1936 2427 2328 2498 συμπλεόντων
2351 2468 2368 2498 ,
2409 2431 2548 2486 ἀλλά
2615 2435 2919 2503 πιστεύσας
2979 2441 3061 2494 ὅτι
3096 2441 3270 2510 οὕτως
3302 2445 3482 2517 ἔσται,
3510 2448 3588 2512 ὡς

323 2517 563 2590 ἐλαλήθη
595 2518 764 2588 αὐτῷ.

400 2627 420 2662 ι
457 2605 622 2662 Εἶπεν
651 2611 680 2662 6
715 2608 928 2674 Παῦλος
955 2610 1032 2682 τῷ
1061 2613 1434 2687 ἑκατοντάρχῃ
1462 2614 1559 2669 καί¹
1587 2618 1702 2682 τοῖς
1733 2633 1902 2690 στρα-

323 2699 574 2763 τιώταις·
605 2701 730 2754 Ἐὰν
764 2701 839 2772 μὴ
865 2696 1012 2757 οῦτοι
1051 2705 1310 2775 μείνωσιν
1330 2708 1390 2761 ὲν
1421 2707 1502 2779 τῷ
1521 2707 1710 2780 πλοίῳ,
1745 2709 1905 2782 ὑμεῖς

325 2791 564 2862 σωθῆναι
583 2793 642 2845 οὐ
671 2793 1137 2850 δύνασθε.-Τότε
1163 2798 1448 2869 ἀπέκοψαν
1477 2800 1528 2854 oi
1567 2802 1902 2872 στρατιῶται

323 2879 392 2934 τὰ
422 2881 630 2951 σχοινία
667 2882 770 2953 τῆς
807 2885 1023 2956 σκάφης
1047 2924 1064 2950 ,
1094 2887 1192 2940 καὶ
1223 2887 1416 2942 εἴασαν
1445 2890 1721 2946 ἐκπεσεῖν.
1768 2909 1788 2943 ι

393 2977 524 3030 Ὅτε
565 2973 704 3031 εἶδον
729 2978 872 3050 ὄτιή
913 2977 1140 3034 ἀϐουλία
1190 2981 1372 3036 αὐτῶν
1410 2983 1670 3054 εποίησεν
1699 2983 1900 3048 αὐτοὺς

2089 2619 2251 2678 Vens.
2278 2623 2369 2690 51,
2395 2624 2486 2680 52.
2551 2645 2570 2679 ι
2613 2627 2759 2684 Dixit
2785 2628 2988 2688 Paulus
3025 2635 3324 2691 centurioni
3358 2647 3411 2694 et
3443 2640 3585 2696 mili-

2005 2709 2148 2766 tibus
2197 2728 2212 2765 :
2261 2711 2377 2768 Nisi
2425 2715 2478 2770 hi
2534 2714 2588 2770 in
2635 2721 2760 2772 navi
2803 2723 3130 2788 manserint,
3170 2740 3266 2780 vos
3303 2727 3432 2782 salvi
3467 2729 3584 2784 ﬁeri

2004 2817 2110 2856 non
2139 2804 2382 2872 potestis.
2402 2804 2642 2863 —Tunc
2681 2809 3036 2869 absciderunt
3067 2815 3264 2871 milites
3291 2817 3450 2874 funes
3470 2836 3586 2876 sca-

2002 2891 2142 2962 phze,
2181 2901 2234 2946 et
2262 2895 2404 2962 passi
2436 2907 2564 2952 sunt
2593 2912 2712 2952 eam
2737 2901 3004 2957 excidere.
3028 2922 3047 2955 ι

2070 2983 2362 3054 Postquam
2387 2989 2638 3044 viderunt
2659 3005 2754 3046 sua
2784 2993 2921 3046 mala
2947 2995 3222 3051 voluntate
3253 3012 3314 3054 se
3354 2999 3405 3052 in
3442 2999 3582 3069 peri-

325 3067 682 3136 κινδυνεῦσαι,
709 3069 830 3124 τότε
863 3069 1102 3141 ἤρξαντο
1133 3070 1210 3142 τῷ
1242 3071 1443 3144 Παύλῳ
1480 3073 1792 3140 πείθεσθαι,
1821 3075 1896 3140 ὡς

2005 3073 2179 3128 Culum
2214 3077 2492 3144 incidisse,
2532 3089 2660 3135 tunc
2692 3079 2858 3136 Paulo
2888 3095 3171 3151 coeperunt
3196 3067 3454 3152 credere,
3477 3092 3581 3144 rati

323 3159 524 3227 μᾶλλον
565 3159 666 3230 τῆς
707 3159 965 3232 εὐκαίρου
1019 3163 1336 3233 συμϐουλῆς
1381 3166 1480 3236 τῆς
1525 3166 1680 3237 παρά
1738 3167 1896 3237 ἁγίου

320 3249 512 3322 ἀνδρὸς
541 3251 838 3324 γινομένης
860 3291 875 3316 ,
912 3252 1222 3324 δυναμένης
1259 3256 1456 3324 σῶσαι,
1488 3257 1520 3328 ἢ
1550 3259 1899 3329 εἱμαρμένης

319 3341 416 3411 τῆς
447 3343 508 3394 ὲν
538 3341 792 3412 κινδύνῳ,
827 3342 961 3412 μηδὲ
983 3343 1157 3414 ὄνομα
1192 3345 1424 3416 ἐχούσης
1445 3363 1459 3378 ο
1493 3349 1542 3400 εί
1572 3347 1681 3418 γὰρ
1708 3351 1900 3421 εἱμαρ-

323 3432 456 3504 μένῃ
487 3433 767 3486 ἐπείθοντο
799 3435 1021 3500 ἐκεῖνοι,
1064 3436 1247 3490 καίτοι
1273 3437 1428 3502 ὄντες
1458 3437 1684 3506 ἐθνικοὶ,
1750 3458 1894 3510 παρ·

323 3523 530 3587 ιδόντεςτ
551 3524 651 3595 τὴν
683 3524 780 3577 τοῦ
807 3525 1095 3590 θεοσεϐοῦς
1121 3544 1183 3579 συ
1193 3528 1452 3598 μϐουλὴν,
1482 3530 1611 3584 εἴων
1637 3530 1894 3584 ἀπελθεῖν

319 3615 444 3678 τοὺς
477 3615 680 3679 ναύτας
719 3616 971 3685 λέγοντες
993 3657 1010 3683 ,
1045 3618 1128 3670 ὅτι
1151 3619 1268 3670 Ούκ
1311 3618 1376 3670 ἂν
1407 3613 1555 3671 οὗτοι
1591 3619 1890 3684 ἀπέλθωσι,

321 3707 398 3778 μὴ
424 3707 564 3778 φέρῃ
593 3709 648 3760 δὲ
675 3709 823 3778 ἡμᾶς
849 3709 1143 3761 ἀποθανεῖν
1171 3709 1325 3760 οὐδὲν
1355 3708 1517 3761 τοῦτο
1547 3711 1712 3762 ποιεῖ.
1753 3709 1894 3761 Ἀλλ’

317 3799 420 3852 οὐκ
451 3795 602 3852 εἷπον
627 3797 749 3852 οὔτε
777 3797 1041 3867 ἐποίησαν
1075 3797 1135 3850 τὸ
1154 3797 1364 3866 ἠλίθιον
1388 3797 1568 3864 τοῦτο,
1592 3801 1688 3852 καὶ
1713 3798 1895 3866 πάσης

318 3891 485 3960 γέμον
515 3889 866 3960 ψευδαπὰτης
917 3889 1013 3940 καὶ
1045 3887 1266 3954 ἀγνοίας
1307 3891 1387 3924 ι’·
1425 3889 1491 3940 δι’
1521 3888 1556 3942 δι
1586 3890 1649 3942 ὲκ
1683 3887 1896 3942 πολλῶν

319 3982 612 4052 ἐκϐλητέος
635 3983 662 4032 6
695 3980 826 4048 περὶ
852 3978 1200 4049 εἱμαρμένης
1230 3979 1262 4050 ἢ
1297 3978 1472 4049 τύχης
1499 3977 1682 4048 λόγος.

404 4102 425 4135 1
449 4093 635 4146 Εἰπὼν
664 4093 719 4144 δὲ
749 4092 940 4156 ταῦτα,
977 4091 1074 4144 καὶ
1095 4091 1276 4144 λαϐὼν
1307 4091 1491 4163 ἄρτον,
1523 4089 1895 4162 εύχαρίστησε

318 4183 394 4254 τῷ
423 4184 542 4254 Θεῷ
571 4183 804 4236 ἐνώπιον
831 4181 1074 4251 πάντων,
1097 4183 1194 4236 καὶ
1215 4183 1419 4246 κλάσας
1441 4181 1646 4255 ἤρξατο
1667 4181 1890 4236 ἐσθίειν.

321 4275 558 4348 Εῦθυμοι
587 4275 644 4328 δὲ
685 4274 969 4344 γενόμενοι
1017 4276 1222 4340 πάντες
1243 4315 1258 4342 ,
1311 4275 1406 4330 καὶ
1435 4275 1594 4330 αὐτοὶ
1623 4273 1895 4347 προσελά-

315 4367 472 4422 ϐοντο
499 4367 730 4438 τροφῆς.
769 4387 786 4418 ι

387 4477 494 4530 Kal
521 4475 720 4531 λαϐὼν
755 4477 958 4546 ἄρτον,
1002 4474 1504 4547 εὐχαριστήσαςγ
1525 4473 1603 4540 τῷ
1637 4471 1757 4542 Θεῷ
1795 4475 1892 4528 ἐν·
1926 4513 1970 4568 D

2005 3174 2364 3234 opportunam
2396 3169 2494 3222 viri
2515 3169 2652 3237 justi
2675 3171 2978 3226 oralionem
3008 3173 3128 3242 plus
3148 3176 3328 3233 valere
3355 3181 3420 3232 ad
3437 3180 3582 3236 salu-

2007 3263 2112 3310 tem
2143 3271 2295 3311 suam
2332 3273 2492 3327 quam
2527 3259 2694 3314 fatum
2725 3263 2974 3332 periculi,
3005 3267 3088 3318 cui
3124 3281 3223 3321 nec
3251 3283 3444 3322 nomen
3466 3280 3576 3335 est;

2003 3347 2048 3402 si
2071 3348 2212 3402 enim
2237 3348 2290 3402 in
2312 3348 2499 3414 fatum,
2518 3359 2699 3419 utpote
2717 3354 2960 3420 gentiles,
2976 3356 3348 3420 credidissent,
3377 3361 3582 3416 monito

2003 3438 2075 3508 pii
2107 3439 2208 3492 viri
2237 3449 2568 3508 contempto,
2603 3443 2860 3497 sivlssent
2894 3454 3084 3500 nautas
3110 3445 3260 3502 abire
3291 3449 3534 3507 dicentes
3561 3469 3576 3506 :

2001 3528 2154 3596 Quod
2204 3531 2240 3584 ii
2282 3532 2513 3598 abeant,
2553 3535 2687 3589 nihil
2722 3535 2788 3590 ad
2825 3548 3064 3591 nostram
3093 3538 3322 3596 salutem
3347 3543 3576 3610 attinet;

2001 3635 2112 3674 non
2171 3631 2348 3676 autem
2409 3625 2482 3676 ita
2539 3625 2732 3680 stolide
2800 3625 2960 3682 locuti
3013 3639 3138 3683 sunt
3183 3641 3276 3684 aut
3326 3641 3575 3701 egerunt,

2005 3724 2101 3763 nec
2131 3711 2210 3763 sic
2245 3712 2448 3780 decepti
2496 3723 2643 3778 sunt,
2679 3731 2779 3771 nec
2805 3717 3105 3788 ignorantia
3155 3721 3350 3778 irretiti
3401 3735 3525 3779 sunt
3556 3743 3574 3782 :

2001 3807 2056 3852 et
2091 3815 2156 3853 ex
2205 3800 2308 3854 hoc
2345 3815 2376 3854 a
2425 3802 2608 3858 multis
2646 3805 2936 3872 rejicienda
2982 3817 3068 3865 est
3093 3811 3159 3866 de
3196 3813 3310 3869 fato
3335 3823 3390 3869 et
3424 3825 3576 3872 sorte

2001 3905 2200 3959 optnto.

2075 4089 2238 4146 Vens.
2263 4091 2354 4157 55,
2372 4091 2462 4147 56.
2508 4111 2527 4145 ι
2555 4092 2620 4147 Ει
2651 4109 2771 4149 cum
2805 4095 2918 4151 hac
2947 4097 3196 4164 dixisset,
3230 4115 3450 4158 sumens
3477 4119 3576 4174 pa-

2000 4197 2123 4238 nem
2157 4183 2358 4253 gratias
2387 4185 2496 4256 egit
2521 4185 2630 4241 Deo
2663 4187 2716 4240 in
2745 4200 3036 4256 conspectu
3060 4191 3303 4246 omnium
3333 4211 3348 4249 :
3372 4205 3572 4252 etcum

1999 4273 2250 4344 fregisset
2307 4277 2470 4345 coepit
2523 4277 2866 4332 manducare.
2908 4279 3332 4352 Animaequiores
3394 4299 3572 4345 autem

1999 4365 2130 4422 facti
2158 4383 2370 4434 omnes,
2405 4377 2460 4424 et
2485 4369 2586 4440 ipsi
2618 4383 2970 4442 sumpserunt
2999 4375 3199 4431 cibum.
3231 4395 3252 4428 ι

2069 4476 2139 4530 Ει
2188 4492 2306 4530 cum
2347 4478 2460 4531 lucc
2495 4477 2746 4544 dixisset,
2797 4497 3007 4536 sumens
3029 4500 3215 4551 panem
3241 4488 3442 4554 gratias
3467 4491 3571 4562 egit

316 4568 502 4623 ὠπιον
525 4569 768 4624 πάντων
787 4572 886 4624 καὶ
916 4569 1152 4636 κλάσας
1181 4568 1406 4638 ἤρξατο
1437 4569 1684 4623 ἐσθίειν·
1711 4570 1890 4638 ἑωρα-

2005 4567 2106 4622 Deo
2156 4569 2212 4622 in
2246 4580 2520 4639 conspectu
2555 4571 2788 4625 omnium
2801 4587 2823 4638 ;
2875 4583 2924 4626 et
2967 4590 3087 4627 cum
3111 4575 3386 4646 fregisset,
3419 4583 3568 4648 coepit

321 4661 429 4726 κὼς
461 4672 483 4698 ι
513 4663 542 4714 6
580 4661 804 4726 Παῦλος
835 4664 917 4718 ὅτι
961 4663 1050 4716 διὰ
1082 4663 1183 4732 τὴν
1217 4661 1463 4732 ἀνάγκην
1494 4659 1772 4716 ἐπείθοντο
1813 4660 1893 4732 τῷ

319 4753 515 4825 Παύλῳ
559 4757 613 4806 οἱ
669 4755 922 4818 συνόντες
947 4771 960 4785 ·
1001 4755 1196 4825 καιρὸς
1235 4754 1290 4807 δὲ
1333 4753 1433 4806 οὐκ
1471 4747 1539 4823 ἦν
1589 4751 1894 4824 ἀθυμοῦσιν

317 4847 502 4908 αὐτοῖς
548 4847 642 4900 καὶ
681 4847 1090 4900 κινδυνεύουσιν
1141 4845 1598 4914 εὐαγγελίζεσθαι
1632 4845 1722 4898 τὸν
1757 4845 1894 4915 Χρι-

319 4939 474 4991 στόν·
523 4939 660 5002 τέως
705 4939 770 4991 ὲκ
811 4938 1010 5009 μέρους
1046 4938 1288 4992 διδάσκει
1323 4937 1526 5000 αὐτοὺς
1568 4937 1670 5002 τὴν
1706 4935 1888 4989 θεοσέ-

317 5025 492 5092 ϐειαν,
519 5026 581 5080 τὸ
617 5026 692 5096 μὴ
727 5027 900 5090 ἄλλως
931 5027 1066 5098 κλᾷν
1097 5027 1261 5096 ἄρτον
1292 5029 1341 5080 εί
1380 5027 1456 5097 μὴ
1480 5026 1695 5097 πρῶτον
1726 5026 1892 5097 εὐχα-

321 5119 682 5188 ριστήσαντας
721 5117 800 5186 τῷ
833 5118 980 5188 μόνῳ
1019 5119 1160 5188 Θεῷ,
1192 5119 1286 5172 καὶ
1318 5118 1492 5181 οὓτως
1523 5117 1744 5171 ἐσθίειν.
1779 5117 1894 5172 Καὶ

318 5208 464 5276 ἡμᾶς
510 5207 569 5260 δὲ
611 5208 673 5260 τὸ
713 5207 844 5260 αὐτὸ
889 5207 1172 5260 διδάσκει’
1214 5211 1242 5261 6
1293 5208 1348 5260 δὲ
1380 5207 1482 5277 τῆς
1533 5209 1891 5279 εὐχαριστίας

319 5299 524 5368 τρόπις
551 5297 708 5352 τοῦτο
723 5298 869 5352 δοκεῖ
894 5298 1060 5368 ἔχειν,
1094 5299 1175 5351 ὅτι
1201 5297 1652 5369 Εὑχαριστοῦμέν
1677 5293 1840 5365 σοι,ὧ
1863 5313 1888 5340 α

401 5469 442 5502 ⁸⁸
469 5478 672 5533 Eccles.
708 5494 802 5542 vn,
837 5478 922 5532 18.

399 5649 424 5676 ιι
449 5636 698 5703 ἀρπάσας
732 5635 911 5686 αὐτόν.

344 5703 362 5727 ⁷
385 5708 446 5762 C.
474 5699 534 5760 (Ζ.
567 5706 832 5775 ἑωρακός,
911 5715 936 5744 ιι
965 5701 1028 5756 C.
1062 5703 1124 5757 (ὲ.
1155 5704 1200 5756 ὁ,

989 5641 1014 5706 j'
1043 5632 1103 5706 (ζΪ
1131 5633 1189 5706 (ΞΑ.
1223 5633 1736 5706 θανματουργήσας.
1819 5641 1846 5671 ι
1869 5631 1930 5690 C.
1954 5633 2015 5690 C.
2049 5633 2216 5690 δικαί.

2001 4659 2344 4714 manducare.
2366 4661 2568 4716 Videns
2586 4661 2780 4718 Paulus
2803 4665 2946 4732 quod
2966 4668 3291 4723 necessitate
3307 4671 3569 4740 compulsi

2001 4750 2108 4820 ipsi
2157 4753 2534 4822 credidissent,
2569 4763 2623 4809 et
2673 4756 2818 4825 quod
2867 4767 3076 4827 tempus
3131 4774 3238 4813 non
3287 4771 3407 4815 erat
3467 4762 3573 4818 illis

2003 4843 2184 4898 animo
2214 4843 2401 4900 fractis
2451 4855 2507 4902 et
2551 4847 2978 4916 periclitantibus
3027 4849 3302 4906 Christum
3337 4868 3569 4924 evange-

1996 4933 2228 5000 lizandi,
2263 4935 2454 4991 saltem
2490 4952 2557 4992 ex
2587 4949 2743 5007 parte
2772 4955 2865 4996 eos
2890 4941 3046 4998 docet
3068 4945 3350 5014 pietatem,
3387 4945 3438 5000 id
3463 4958 3568 5014 est,

1997 5039 2102 5078 non
2145 5027 2299 5095 prius
2349 5042 2542 5096 panem
2584 5027 2838 5101 frangere
2883 5047 3046 5102 quam
3091 5035 3180 5090 uni
3220 5035 3330 5092 Deo
3369 5038 3569 5107 gratias

1995 5117 2226 5184 egerint,
2252 5128 2308 5172 et
2339 5119 2410 5172 ita
2440 5121 2800 5190 manducare;
2839 5123 2978 5178 idem
3006 5140 3223 5196 quoque
3254 5143 3352 5182 nos
3384 5131 3564 5192 docet;

1994 5219 2158 5274 porro
2209 5207 2311 5263 hoc
2356 5211 2517 5265 modo
2564 5223 2744 5282 grates
2789 5215 3036 5268 videntur
3084 5215 3194 5271 Deo
3221 5229 3356 5272 acta:
3392 5233 3406 5272 :
3445 5219 3564 5274 Tibi
3623 5245 3627 5250 ’

1997 5309 2178 5368 grates
2205 5300 2434 5370 agimus,
2469 5303 2626 5369 Deus,
2674 5307 2818 5374 quod
2853 5320 2951 5360 nos
2983 5321 3154 5375 usque
3182 5308 3342 5361 modo
3379 5307 3567 5378 digna-

2293 5645 2320 5672 ⁸
2375 5635 2434 5692 C.
2469 5637 2528 5692 C.
2559 5639 2797 5705 ἀγνοίας.
2879 5647 2906 5688 1
2940 5639 3000 5694 C.
3046 5638 3106 5694 C.
3139 5635 3550 5710 εὐχαρίστησεν,
