4068 6126
571 303 709 369 1603

1730 298 2068 363 AMMONII
2105 294 2613 358 ALEXANDRIN
2617 297 2645 357 1

3720 298 3851 366 16M

568 430 654 475 tus
705 433 763 472 es
818 416 1001 472 vivere
1041 415 1255 479 sinere,
1313 429 1417 467 non
1461 427 1657 482 panem
1694 413 2086 467 mauducautes
2134 431 2149 467 :

2253 407 2387 473 Θεὸς
2410 451 2424 474 ,
2456 410 2539 462 ὅτι
2591 407 2835 476 ἠξίωσας
2878 408 3029 479 ἡμᾶς
3073 407 3237 479 ζῆσαι
3272 409 3381 473 ἕως
3425 407 3553 483 ἄρτι
3578 454 3592 478 ,
3626 414 3848 481 ἀσίτους

566 511 750 579 itaque
772 510 865 562 tibi
885 507 1110 579 gloriam
1126 506 1428 572 reddentcs,
1453 518 1641 576 panem
1663 504 1727 560 ad
1747 505 2067 560 sumendum
2081 502 2160 558 ci-

566 604 690 658 bum
729 599 1046 668 frangimus.

644 690 800 744 Vens.
833 690 925 755 42,
957 690 1051 744 45.
1119 707 1139 740 t
1169 686 1398 743 Militum
1428 696 1608 743 autem
1646 686 1935 743 consilium
1966 685 2067 741 fuit
2101 693 2158 740 ut

564 784 839 838 custodias
868 782 1181 836 occiderent
1214 799 1227 836 :
1263 796 1331 836 ne
1357 782 1504 851 quis,
1538 795 1662 835 cum
1690 790 1992 843 enatasset,
2016 777 2155 832 ell’u-

562 885 736 950 geret.
799 872 1058 929 Centurio
1112 881 1330 939 autem,
1383 872 1577 927 volens
1632 886 1856 927 servare
1908 869 2153 937 Paulum,

563 967 840 1040 prohibuit
877 967 1014 1020 fieri.
1046 984 1064 1017 ι

634 1059 848 1113 Rursus
878 1058 1175 1110 notandum
1214 1055 1365 1124 quod
1398 1052 1587 1107 volens
1622 1053 1824 1108 occidit
1857 1052 2152 1120 homicida,

564 1167 672 1207 non
729 1161 910 1203 autem
965 1148 1076 1201 fato
1135 1145 1222 1198 vel
1271 1145 1596 1215 prohibente
1655 1145 1738 1199 vel
1793 1144 2150 1213 impellente:

562 1255 690 1297 ecce
728 1240 886 1295 'euim
913 1278 928 1303 ,
977 1237 1208 1294 consilio
1254 1236 1391 1290 inito
1417 1279 1431 1301 ,
1493 1237 1559 1290 ad
1601 1237 1923 1305 patrandam
1952 1238 2153 1292 caedem

570 1345 764 1405 sponte
782 1349 880 1388 sua
905 1332 1265 1397 devenerunt,
1298 1340 1374 1392 et,
1400 1330 1586 1384 audito
1605 1330 1944 1394 centurione,
1964 1339 2155 1399 Sponte

563 1426 728 1479 etiam
754 1440 850 1478 sua
882 1432 1267 1486 cessaverunt,
1302 1423 1427 1491 quia
1460 1436 1647 1477 eorum
1676 1430 1794 1475 erat
1817 1436 1925 1475 non
1946 1420 2155 1475 obtem-

562 1530 787 1583 perare,
841 1530 964 1571 cum
1000 1515 1154 1570 multi
1182 1524 1373 1570 essent
1406 1523 1461 1570 et
1489 1513 1664 1570 fortes
1699 1524 1755 1568 et
1784 1516 2014 1580 armati;
2056 1513 2152 1568 sed

565 1606 814 1661 voluntas
849 1617 907 1661 et
933 1607 1013 1661 sui
1045 1606 1251 1661 arbitra
1281 1608 1422 1661 ratio
1465 1620 1585 1675 qua:
1608 1604 1720 1659 vult
1751 1603 1917 1673 facit,
1952 1615 2008 1660 et
2033 1619 2153 1675 quae

564 1713 671 1752 non
720 1696 835 1750 vult
890 1713 995 1750 nou
1041 1696 1225 1765 facit;
1298 1698 1564 1754 insulsum
1610 1697 1775 1767 igitur
1816 1705 1899 1752 est
1945 1695 2150 1768 aliquid

550 1788 632 1844 .de
660 1788 915 1844 inanibus
940 1788 1126 1844 verbis
1157 1788 1422 1860 cogitare.

1149 1990 1305 2048 CAP.
1335 1990 1576 2047 XXVIII.

634 2107 803 2164 Vatis.
835 2107 890 2162 5.
952 2125 971 2158 ι
1017 2107 1093 2162 ⁸Ει
1143 2106 1234 2163 ille
1272 2106 1534 2178 quidem,
1586 2107 1872 2165 excutiens
1920 2106 2149 2165 bestiam

564 2204 622 2260 in
651 2199 855 2269 ignem,
893 2199 1026 2254 nihil
1057 2199 1183 2255 mali
1218 2215 1411 2272 passus
1439 2209 1547 2256 est.
1575 2220 1595 2253 ι

620 2292 741 2348 .llle
775 2294 985 2364 quidem
1029 2296 1296 2348 excutiens
1336 2293 1551 2347 bestiam
1604 2294 1660 2347 in
1691 2293 1863 2365 ignem
1906 2308 1925 2348 :
1967 2291 2151 2349 fideles

557 2389 706 2443 enim
742 2389 1001 2442 omnibus
1033 2386 1537 2458 itnpuguationibus
1568 2385 1808 2456 majores
1832 2393 1999 2453 sunt,
2035 2384 2153 2440 sive

557 2482 630 2535 ab
656 2481 959 2534 hominibus
992 2481 1105 2535 sive
1139 2497 1167 2534 a
1199 2480 1384 2535 bestiis
1401 2479 1531 2543 sint,
1564 2487 1619 2533 et
1644 2486 1770 2533 sunt
1799 2476 1903 2533 diis
1925 2477 2150 2543 similes,

562 2570 704 2626 sicut
731 2571 865 2625 dicit
892 2568 1177 2637 Scriptura
1226 2581 1242 2620 :
1285 2565 1398 2634 Ego
1430 2567 1543 2620 dixi
1571 2580 1592 2621 :
1624 2565 1716 2619 Dii
1744 2568 1909 2620 estis:
1937 2582 2028 2620 vos
2056 2583 2154 2619 au-

563 2675 688 2727 tem,
714 2660 1407 2733 pr0pterincredulitatem,
1432 2670 1487 2713 ut
1509 2659 1747 2713 homines
1765 2659 2062 2713 moriemini
2082 2660 2148 2715 ¹⁹.

561 2752 747 2824 Itaque
801 2753 1027 2808 Barbari
1066 2753 1309 2808 videntes
1341 2751 1471 2824 quia
1507 2766 1612 2806 non
1650 2759 1995 2816 moreretur,
2055 2749 2151 2805 sed

559 2857 767 2903 certam
798 2857 1030 2902 mortem
1064 2843 1348 2914 effugeret,
1395 2858 1519 2898 eum
1556 2857 1654 2913 pro
1682 2840 1794 2897 Deo
1821 2841 2149 2907 habuerunt,

558 2955 775 2995 omnem
803 2940 1108 3012 quicunque
1135 2937 1399 2994 mirabilia
1421 2935 1625 2991 faceret
1653 2934 1822 2991 Deum
1850 2944 2040 3004 putare
2062 2948 2153 2990 so-

562 3030 642 3084 iiti
665 3047 681 3098 ;
708 3046 815 3099 quo
844 3032 1007 3085 etiam
1038 3030 1198 3086 modo
1230 3027 1489 3098 antiquos
1516 3029 1648 3083 deos
1668 3026 2142 3095 existimaverunt,

2264 498 2558 571 μείναντας
2588 519 2600 532 ·
2628 503 2710 556 διό
2742 519 2825 556 σοι
2852 502 3010 566 δόξαν
3034 503 3478 574 ἀναπέμποντες,
3510 504 3739 575 κλῶμεν

2259 595 2423 667 ἄρτον
2445 596 2537 649 ἐπὶ
2569 595 2648 667 τῷ
2676 598 2973 667 μετασχεῖν
3001 596 3232 669 τροφῆς.

2336 706 2357 741 ‹
2397 688 2519 742 Τῶν
2547 689 2604 742 δὲ
2655 688 3072 761 στρατιωτῶνή
3123 688 3290 759 βουλὴ
3339 688 3561 758 ἐγένετο
3605 690 3698 743 ἵνα
3730 693 3846 756 τοὺς

2257 780 2545 852 δεσμώτας
2583 781 2951 835 ἀποκτείνωσι
2980 822 2994 847 ,
3043 782 3115 852 μή
3148 798 3232 845 τις
3265 781 3701 853 ἐκκολυμϐήσας
3740 783 3842 837 δια-

2259 874 2428 948 φύγῃ.
2477 877 2534 929 '0
2560 875 2617 929 δὲ
2643 877 3053 947 ἑκατοντάρχης
3086 873 3415 945 βουλόμενος
3457 875 3736 929 διασῶσαι
3764 879 3846 930 τὸν

2259 967 2496 1032 Παῦλον,
2529 966 2808 1021 ἐκώλυσεν
2833 967 3035 1030 αὐτοὺς
3071 969 3166 1019 τοῦ
3202 965 3572 1037 βουλήματος.
3614 974 3649 1018 s‘

2329 1060 2672 1132 Σημειωτέον
2705 1059 2867 1114 πάλιν
2909 1059 2993 1111 ὅτι
3041 1056 3184 1110 ἑκών
3214 1074 3301 1121 τις
3331 1056 3551 1124 φονεύει
3600 1058 3729 1111 τινὰ
3753 1098 3767 1120 ,
3791 1060 3845 1112 οὗ

2257 1152 2356 1221 τῆς
2387 1151 2734 1224 εἱμαρμένης
2765 1149 3084 1219 κωλυούσης
3115 1149 3275 1201 τοῦτο
3315 1148 3614 1218 γενέσθαι,
3652 1149 3685 1219 ἢ
3723 1164 3843 1222 προ-

2254 1240 2601 1312 τρεπομένης
2624 1258 2635 1271 ·
2666 1240 2793 1309 είδοὺ
2825 1240 2934 1311 γὰρ
2977 1238 3336 1311 βουληθέντες
3387 1238 3601 1310 πρᾶξαι
3627 1281 3645 1304 ,
3688 1235 3845 1311 ἦλθον

2255 1333 2350 1385 ἐπὶ
2379 1332 2440 1386 τὸ
2474 1332 2634 1404 ἔργον
2669 1332 2764 1386 τοῦ
2805 1332 2968 1403 φόνου
3010 1330 3351 1396 αὑτόὸουλοι,
3380 1332 3477 1385 καὶ
3506 1332 3845 1396 ἀκούσαντες

2254 1423 2349 1477 τοῦ
2402 1424 2842 1495 ἑκατοντάρχου,
2903 1423 3068 1478 πάλιν
3118 1424 3341 1487 ἑκόντες
3386 1422 3733 1487 ἐπαύσαντο,
3774 1424 3842 1487 ὡς

2254 1513 2383 1588 ἐξῆν
2407 1515 2608 1580 αὐτοὺς
2642 1517 2718 1586 μὴ
2750 1515 3064 1585 πεισθῆναι,
3100 1515 3332 1578 πολλοὺς
3358 1515 3524 1579 ὄντας
3560 1516 3667 1568 καὶ
3700 1518 3841 1586 ίσχυ-

2255 1609 2384 1681 ροῦς
2409 1609 2503 1662 καὶ
2529 1608 2862 1679 ξιφηφόρους
2882 1625 2897 1640 ο
2930 1608 3047 1661 ἀλλ’
3070 1610 3104 1679 ἡ
3134 1606 3300 1679 βουλὴ
3331 1612 3427 1663 καὶ
3448 1610 3483 1680 ἡ
3518 1608 3840 1679 αὐθαίρετος

2254 1700 2445 1772 γνώμη
2477 1701 2572 1755 καὶ
2623 1701 2855 1772 πράττει
2885 1700 2922 1755 ἃ
2956 1699 3123 1764 θέλει,
3173 1701 3269 1754 καὶ
3301 1700 3362 1753 οὐ
3424 1699 3670 1766 πράττει
3706 1699 3742 1753 ἃ
3774 1698 3839 1769 μὴ

2258 1792 2543 1865 βούλεταν
2594 1791 2779 1862 μωρὸν
2827 1787 2921 1845 οὖν
2951 1790 3011 1844 τὸ
3039 1790 3394 1862 ἐνθυμεῖσθαί
3426 1808 3482 1846 τι
3538 1791 3675 1865 περὶ
3721 1795 3838 1846 ἀσυ-

2256 1885 2467 1939 στάτων
2489 1884 2790 1955 ὀνομάτων.

2822 1998 3079 2053 ΚΕΦΛΛ.
3124 1996 3235 2051 KH’
3251 2035 3267 2052 .

2329 2132 2348 2165 ι
2401 2113 2460 2167 '0
2519 2112 2618 2184 μὲν
2664 2107 2761 2167 οὖν
2802 2112 3278 2185 άποτιναξάμενος
3321 2112 3385 2166 τὸ
3416 2111 3618 2186 θηρίον
3667 2114 3743 2177 είς
3776 2112 3829 2167 τὸ

2252 2204 2386 2278 πῦρ,
2418 2205 2622 2259 ἔπαθεν
2653 2206 2810 2260 οὐδὲν
2837 2205 3028 2260 κακόν.
3065 2224 3085 2258 ι

2333 2299 2398 2353 '0
2422 2297 2553 2370 ,μὲν
2590 2293 2706 2355 οὖν
2752 2298 3275 2369 ἀποτιναξάμενος
3304 2302 3372 2354 τὸ
3411 2301 3631 2368 θηρίον
3656 2301 3741 2366 εις
3764 2298 3825 2352 τὸ

2253 2392 2404 2461 πῦρο
2456 2391 2507 2445 οἱ
2536 2391 2647 2463 γὰρ
2677 2392 2860 2445 πιστοὶ
2906 2389 3196 2463 κρείττους
3229 2391 3340 2445 είσὶ
3375 2392 3565 2461 πάσης
3618 2391 3824 2447 επιϐου-

2252 2481 2373 2552 λῆς,
2397 2480 2512 2535 εἴτε
2533 2480 2640 2535 ὑπὸ
2666 2480 2995 2552 ἀνθρώπων,
3019 2480 3131 2534 εἴτε
3158 2480 3265 2534 ὑπὸ
3288 2480 3500 2553 θηρίων
3521 2480 3821 2552 γινομένης.

2254 2576 2348 2630 καὶ
2397 2574 2576 2645 ὅμοιοί
2610 2574 2717 2627 είσι
2749 2572 2893 2636 θεοῖς
2913 2611 2928 2637 ,
2961 2572 3149 2637 καθὼς
3180 2574 3275 2627 καὶ⁵
3323 2575 3358 2644 η
3408 2574 3608 2643 Γραφῇ
3632 2588 3647 2602 ·
3699 2570 3821 2640 Ἐγὼ

2252 2663 2392 2722 εἶπα
2414 2682 2428 2698 ·
2464 2665 2598 2720 Θεοί
2621 2665 2780 2719 ἐστεο
2810 2665 2968 2735 ὑμεῖς
2991 2664 3048 2718 δὲ
3069 2664 3099 2704 ιι
3119 2663 3189 2717 δι’
3217 2664 3502 2727 ἀπιστίαν,
3532 2665 3611 2728 ὡς
3631 2663 3821 2734 ἄνθρω-

2254 2775 2346 2812 ποι
2366 2756 2629 2822 θνήσκετε
2652 2766 2701 2810 ο.
2719 2755 2812 2810 Διὸ
2830 2756 2928 2810 καὶ
2943 2756 2994 2808 οἱ
3018 2755 3295 2828 Βάρὸαροι
3318 2755 3634 2827 ἑωρακότες
3654 2755 3821 2810 τοῦτον

2257 2849 2332 2922 μὴ
2365 2846 2744 2913 ἀποθανόντα¹,
2779 2846 2897 2901 ἀλλ’
2929 2846 3242 2917 ἐκφυγόντα
3269 2846 3362 2900 τὸν
3393 2846 3703 2918 ἀμφίῦολον
3745 2847 3820 2899 θά-

2220 2956 2437 3006 ,νατον,
2479 2938 2615 2993 Θεὸν
2663 2937 2829 2993 αὑτὸν
2859 2935 3120 3006 ἐνόμισαν
3168 2931 3334 3000 εἶναι,
3365 2936 3441 3000 ὼς
3470 2936 3597 3001 ἔθος
3626 2936 3822 3006 ἔχοντες

2256 3031 2437 3086 πάντα
2484 3029 2577 3085 τὸν
2627 3027 2890 3082 ποιοῦντά
2944 3044 2998 3081 τι
3045 3027 3355 3099 παράδοξον
3386 3027 3523 3081 Θεὸν
3555 3028 3822 3099 νομίζειν·

560 3097 677 3176 sive
710 3097 928 3190 propter
957 3120 1152 3174 virium
1185 3097 1560 3190 praestantiam
1605 3118 1806 3187 quibus
1849 3117 1970 3174 fieri
1993 3118 2143 3174 vide-

2251 3122 2439 3195 ὥσπερ
2491 3122 2586 3177 καὶ
2631 3122 2756 3185 τοὺς
2798 3119 3067 3183 παλαιοὺς
3116 3097 3276 3185 θεοὺς
3325 3097 3639 3192 ὠνόμαζον,
3681 3120 3716 3191 ἢ
3769 3117 3826 3172 δι’

561 3212 692 3267 baut
735 3226 897 3279 supra
944 3211 1194 3281 proprias
1237 3210 1404 3275 vires,
1452 3218 1511 3263 ut
1548 3217 1678 3279 puta
1707 3207 1995 3265 Herculem
2044 3207 2147 3265 Se-

563 3304 730 3359 meles
779 3301 971 3369 filium,
1004 3303 1088 3358 vel
1115 3316 1210 3373 per
1260 3300 1492 3373 magiam
1551 3299 1923 3370 spectantibus
1972 3302 2147 3356 admi-

564 3396 824 3449 rationem
873 3396 1118 3458 cientes,
1176 3392 1354 3462 qualis
1396 3392 1497 3446 fuit
1544 3392 1600 3446 in
1645 3390 1891 3448 Samaria
1929 3392 2144 3452 Simon.

562 3482 955 3538 Existimabam
987 3498 1107 3536 eum
1140 3483 1192 3535 in
1216 3494 1476 3536 tumorem
1499 3485 1930 3539 convertendum.

637 3573 802 3631 VERS.
822 3573 875 3628 8.
921 3591 941 3625 ι
975 3574 1217 3642 Contigit
1240 3584 1421 3628 autem
1457 3573 1635 3630 Publii
1665 3585 1873 3646 patrem
1904 3576 2147 3636 febribus

563 3673 619 3720 et
647 3665 949 3736 dysenteria
977 3673 1235 3718 vexatum
1256 3663 1464 3733 jacere,
1487 3667 1551 3720 ad
1572 3682 1729 3736 quem
1752 3667 1955 3724 Paulus
1974 3670 2145 3724 intra-

563 3757 644 3811 vit
674 3775 687 3811 :
718 3767 769 3811 et
801 3772 922 3812 cum
949 3768 1181 3823 orasset,
1205 3767 1273 3811 et
1299 3758 1647 3828 imposuisset
1673 3761 1722 3814 ei
1748 3777 1959 3825 manus,
1988 3777 2148 3819 sana-

563 3849 641 3903 vit
666 3863 811 3903 eum.
839 3865 858 3900 ι

635 3937 958 4009 Dysenteria
996 3949 1191 3995 saltatu
1218 3937 1454 3995 difﬁcilis
1480 3942 1729 4010 morbus;
1766 3945 1856 4014 qui
1887 3961 1982 4014 per
2002 3943 2145 4000 Pau-

562 4028 670 4084 lum
695 4033 1035 4086 sanationem
1060 4041 1373 4102 acceperat,
1406 4032 1452 4087 is
1476 4035 1676 4090 multos
1695 4037 1761 4090 ad
1781 4037 1938 4091 tidem
1958 4037 2141 4104 duxit;

563 4120 748 4191 itaque
795 4121 911 4176 fere
949 4138 1163 4194 semper
1208 4125 1470 4180 miracula
1508 4126 1900 4184 iuiuildelibus
1934 4138 1987 4184 et
2016 4144 2143 4199 pro-

563 4219 684 4280 pter
711 4210 954 4266 iuﬁdeles
981 4221 1293 4281 patrantur.

624 4300 910 4357 'Vsns.l3.
972 4322 991 4355 ι
1029 4303 1094 4358 Ει
1146 4314 1268 4375 post
1310 4307 1452 4363 diem
1499 4323 1693 4375 unum,
1740 4308 1904 4364 flante
1935 4320 2140 4379 austro,

560 4393 799 4448 secunda
830 4395 916 4449 die
947 4395 1188 4450 venimus
1214 4397 1484 4454 Puteolos.
1515 4419 1533 4452 ι

632 4483 710 4538 lla
739 4484 986 4541 celeriter
1004 4489 1258 4542 currebat
1282 4489 1403 4544 fidei
1433 4492 1485 4544 in
1508 4491 1791 4549 Christum
1814 4498 2146 4571 prtrdicatio,

564 4586 623 4628 ut
658 4573 881 4629 Romam
910 4592 1079 4646 usque
1104 4580 1215 4644 iam
1251 4583 1565 4647 pervenerit
1595 4591 1649 4636 et
1672 4583 1951 4651 ﬂoruerit,
1983 4591 2147 4646 etiam

562 4679 689 4719 ante
736 4667 1026 4720 adventum
1056 4665 1248 4734 Pauli;
1311 4684 1503 4739 magna
1537 4683 1718 4728 autem
1764 4674 1930 4732 Paulo
1961 4678 2147 4736 ltetit'ia

566 4756 778 4812 fidelem
801 4758 1008 4824 videre,
1029 4769 1083 4814 et
1111 4758 1219 4813 Deo
1248 4762 1455 4828 gratias
1476 4764 1671 4833 agebat
1699 4777 1983 4835 pronterea
2007 4773 2147 4843 quod

564 4849 620 4904 iu
650 4864 771 4905 eum
792 4853 1131 4920 pervenisset
1163 4851 1256 4907 Dei
1285 4855 1544 4924 dignatio.

639 5025 801 5081 Vens.
825 5028 911 5083 £9.
959 5046 978 5079 t
1018 5028 1529 5090 Contradit-eutibus
1576 5045 1755 5092 autem
1786 5035 2009 5108 Judtcis,
2047 5056 2141 5096 co-

562 5127 716 5173 artus
736 5133 856 5173 sum
892 5121 1160 5190 aiipellare
1191 5123 1484 5180 Cursarem.
1510 5143 1530 5177 ι

630 5210 933 5267 Nmauilum
976 5214 1153 5270 denuo
1191 5227 1274 5271 est
1320 5233 1425 5272 non
1459 5218 1633 5273 solum
1675 5221 1894 5291 scriptis
1934 5224 2143 5293 legibus

2250 3215 2407 3286 ίσχὺν
2436 3212 2698 3286 περισσόν
2726 3230 2778 3267 τι
2815 3212 2923 3266 τῶν
2961 3210 3083 3265 καθ’
3103 3212 3333 3276 ἑαυτοὺς
3365 3211 3687 3275 ποιοῦντας,
3721 3210 3825 3273 οἷος

2245 3301 2315 3378 ἦν
2344 3307 2373 3359 ὁ
2411 3305 2688 3377 Ἡρακλῆς
2717 3307 2745 3359 ὁ
2770 3305 2835 3357 ὲκ
2876 3303 3155 3374 Σεμέλης⁸
3209 3305 3240 3376 ἢ
3279 3303 3364 3357 διὰ
3405 3302 3647 3375 μαγείαν
3674 3301 3706 3342 (ι
3749 3301 3831 3366 ἐξ·

2250 3397 2483 3452 ιστάνων
2513 3398 2641 3462 τοὺς
2668 3391 3067 3468 ὁρῶντας-ὀἷος
3085 3394 3153 3470 ἦν
3172 3398 3199 3451 ὁ
3226 3396 3402 3468 Σίμων
3430 3396 3491 3448 ὲν
3512 3395 3826 3467 Σαμαρείᾳ,

2246 3489 2639 3560 Προσεδόκων
2669 3487 2926 3558 μέλλειν
2953 3489 3379 3558 ἐμπίπρασθαι.

2324 3599 2344 3634 ι
2395 3580 2650 3650 Ἐγένετο
2687 3580 2746 3634 δὲ
2786 3579 2882 3634 τὸν
2912 3581 3129 3652 πατέρα
3163 3579 3256 3634 τοῦ
3296 3580 3535 3635 Ποπλίου
3575 3584 3829 3654 πυρετοῖς

2246 3672 2344 3727 καὶ
2371 3670 2691 3743 δυσεντερία
2722 3671 3093 3742 κατεχόμενον
3124 3670 3487 3724 κατακεῖσθαι
3505 3688 3519 3702 ·
3554 3673 3694 3744 πρὸς
3722 3672 3779 3726 ὃν
3803 3673 3829 3724 ό

2248 3764 2462 3828 Παῦλος
2507 3763 2790 3832 είσελθὼν,
2833 3764 2929 3818 καὶ
2960 3763 3429 3836 προσευξάμενος,
3470 3766 3690 3830 ἐπιθεὶς
3736 3765 3825 3828 τὰς

2247 3856 2437 3928 χεῖρας
2470 3853 2662 3918 αὑτοῦ,
2696 3854 2886 3909 ἰάσατο
2912 3856 3099 3911 αὐτόν.
3138 3874 3158 3908 ι

2317 3945 2653 4017 Δυσεντερία
2688 3945 2748 3998 τὸ
2780 3944 3032 4001 δυσίατον
3067 3946 3162 4001 τοῦ
3193 3946 3433 4011 πάθους·
3470 3947 3623 4003 ἴασιν
3650 3947 3824 4002 λαϐὼν

2245 4035 2332 4089 διὰ
2372 4036 2467 4089 τοῦ
2508 4035 2727 4091 Παύλου
2784 4037 3016 4103 πολλοὺς
3042 4041 3127 4103 είς
3182 4040 3369 4094 πίστιν
3418 4041 3662 4112 ἤγαγεν
3694 4040 3822 4094 ὥστε

2245 4123 2340 4182 οῦν
2366 4128 2454 4181 ἀεὶ
2485 4128 2553 4181 τὰ
2578 4131 2781 4198 σημεῖα
2812 4131 2870 4183 ὲν
2900 4133 3011 4194 τοῖς
3040 4132 3296 4197 ἀπίστοις
3322 4133 3415 4186 καὶ
3440 4133 3533 4187 διὰ
3557 4132 3685 4197 τοὺς
3710 4131 3829 4186 ἀπί-

2246 4235 2406 4283 στους
2446 4218 2523 4283 ὡς
2557 4221 2852 4276 ὲπιτοπολὺ
2875 4222 3119 4291 γίνεται.

2324 4327 2343 4360 t
2382 4309 2494 4363 Καὶ
2525 4309 2666 4379 μετὰ
2695 4312 2824 4383 μίαν
2847 4314 3060 4385 ἡμέραν
3083 4316 3480 4389 ἐπιγενομένου
3504 4318 3691 4386 νότου,
3715 4318 3824 4371 δευ-

2172 4433 2220 4490 D
2245 4404 2452 4472 τεραίοι
2483 4403 2719 4474 ἤλθομεν
2749 4407 2830 4470 είς
2849 4407 3158 4472 Ποτιόλους.
3200 4428 3218 4462 ι

2322 4493 2593 4549 Τοσοῦτον
2634 4490 2701 4568 ἦν
2747 4496 3048 4569 διαδραμὸν
3093 4500 3154 4554 τὸ
3196 4501 3295 4573 τῆς
3331 4502 3580 4567 πίστεως
3626 4503 3723 4572 τῆς
3754 4504 3817 4562 είς

2246 4584 2483 4656 Χριστὸν
2516 4587 2799 4658 κήρυγμα,
2830 4589 2912 4643 ὅτι
2943 4590 3007 4662 δὴ
3043 4592 3139 4644 καὶ
3162 4591 3293 4665 ἄχρι
3335 4592 3560 4665 Ῥώμης
3594 4592 3665 4668 ἦν
3701 4593 3813 4666 c.7054-

2250 4692 2350 4730 σαν
2389 4677 2487 4731 καὶ
2520 4679 2845 4750 ὲνεργῆσαν,
2876 4682 2970 4736 καὶ
3001 4682 3110 4754 πρὸ
3134 4684 3240 4755 τῆς
3263 4683 3359 4737 τοῦ
3386 4685 3621 4741 Παύλου
3654 4686 3817 4752 eman-

2249 4769 2410 4839 μίας·
2463 4769 2608 4842 χαρὰ
2638 4766 2706 4838 ἦν
2745 4771 2822 4842 τῷ
2870 4773 3068 4844 Παύλῳ
3101 4775 3316 4846 μεγάλη
3348 4775 3412 4829 τὸ
3439 4778 3584 4848 ὀρᾷν
3624 4776 3817 4837 πιστὸν,

2248 4860 2345 4914 καὶ
2388 4861 2462 4925 ὡς
2498 4862 2587 4945 sig,
2618 4862 2783 4916 αὐτὸν
2828 4863 3139 4938 φθανούσης
3167 4868 3263 4937 τῆς
3302 4868 3639 4940 εὐεργεσίας
3666 4870 3818 4941 ηὐχα-

2248 4952 2440 5021 ρίστει.

2322 5062 2342 5095 t
2401 5044 2819 5112 Ἀντιλεγόντων
2863 5045 2921 5098 δὲ
2970 5046 3077 5100 τῶν
3131 5046 3425 5114 Ἰουδαίων,
3476 5049 3820 5121 ἠναγκάσθην

2241 5136 2675 5190 ἔπικαλέσασοαι
2710 5136 2985 5206 Καίσαρα.
3020 5156 3039 5188 ι

2315 5227 2659 5298 Σημειωτέον
2688 5227 2850 5281 πάλιν
2884 5228 2967 5281 ὅτι
3002 5228 3061 5281 οὐ
3098 5228 3259 5295 μόνον
3295 5232 3614 5302 ἐγγράςοις
3648 5233 3815 5300 νόμοις

560 5310 655 5357 aut
702 5304 972 5359 mandatis
1008 5306 1190 5362 ildeles
1223 5321 1473 5378 oportere
1495 5323 1721 5379 parere,
1759 5313 2064 5383 quicunque
2089 5316 2139 5369 itt

2251 5317 2359 5389 ἢτοι
2390 5318 2790 5390 παραγγελίαις
2818 5317 2902 5371 δεῖ
2929 5320 3077 5389 ἡμᾶς
3126 5319 3446 5390 πειθαρχεῖν
3481 5323 3616 5385 τοὺς
3644 5323 3707 5392 τῇ
3737 5318 3814 5370 πί-

558 5390 833 5448 Cltristum
860 5397 1109 5466 credunt,
1128 5400 1223 5454 sed
1253 5400 1415 5456 etiam
1440 5402 1681 5456 muribus
1708 5419 1720 5454 :
1746 5404 1885 5471 quod
1918 5406 2134 5473 proprie

634 5551 677 5583 "
708 5550 850 5605 Psal.
884 5569 1075 5619 Luat,
1105 5554 1159 5622 6,
1192 5558 1245 5610 7.

630 5703 659 5744 ιι
685 5703 750 5759 c.
781 5706 842 5762 ο.
864 5707 946 5779 δή.

1027 5721 1049 5748 ε
1080 5710 1141 5766 (ς,
1174 5709 1236 5765 C,
1264 5710 1673 5782 ἁποθνὴσκετε.
1756 5712 1782 5749 ά
1811 5711 1873 5767 C.
1898 5712 1959 5767 C.
1995 5717 2209 5784 μαγίας.

2246 5423 2363 5459 στει
2396 5410 2462 5478 τῇ
2496 5409 2577 5472 είς
2611 5406 2848 5478 Χριστὸν
2875 5408 3256 5477 πιστεύοντας,
3299 5410 3437 5464 ἀλλὰ
3465 5412 3563 5465 καὶ
3588 5415 3697 5476 τοῖς
3712 5408 3813 5462 ἔθει
