4068 6126
303 295 434 388 1603

1185 317 1649 380 FRAGMENTA
1689 318 1772 380 IN
1809 318 1998 379 ACTA
2037 315 2616 378 APOSTOLORUM.

3424 319 3563 384 Ῑεθῧ

296 457 382 493 σιν
403 455 414 468 ·
442 438 586 510 ὅπερ
616 437 820 510 κυρίως
860 441 1008 493 ἐστὶν
1043 439 1322 510 ἔγγραφος
1355 451 1379 480 ε
1409 439 1570 510 νόμος
1596 453 1610 468 ο
1643 436 1873 506 ἁρμόζει

1979 443 2061 488 est
2098 433 2178 488 lex
2239 449 2342 486 non
2394 431 2614 502 scripta.
2654 431 2862 500 Pugnat
2909 445 3070 503 porro
3129 441 3314 486 contra
3344 447 3438 486 eos
3468 435 3560 503 qui

293 531 440 586 κατὰ
481 531 592 584 τῶν
621 533 687 586 τὰ
737 533 833 600 ἔθη
869 533 968 600 τῆς
1009 532 1334 604 Ἐκκλησίας
1360 525 1873 600 πολυπραγμονούν-

1986 525 2246 580 Ecclesia:
2273 538 2451 578 mores
2481 525 2756 579 curiosius
2779 535 3092 579 ert-utantur
3125 537 3181 579 et
3213 525 3560 594 uniuscujus-

293 641 405 678 των
435 627 530 679 καὶ
559 625 821 694 λογισμὸν
849 624 944 694 ἀφ’
977 624 1210 678 ἑκάστου
1242 624 1570 693 ζητούντων,
1613 621 1646 692 ἢ
1673 619 1880 691 ἔγγρα-

295 732 396 784 φον
461 717 760 788 παράδοσιν
805 715 1153 785 καινοτομίας
1209 716 1453 783 εἰσάγειν
1514 713 1880 782 πειρωμένων

293 807 438 860 κατὰ
495 806 596 876 τὴν
645 807 868 878 ἄκριτον
918 804 1098 858 αὐτῶν
1149 804 1362 874 βουλήν.
1422 801 1872 870 Ἀντιλεγόντων

309 897 615 952 Ἰουδαίων
633 895 1029 966 ἠναγκάσθην
1055 892 1534 948 ἐπικαλέσασθαι
1564 892 1834 960 Καίσαρα
1853 905 1868 922 ο

295 985 452 1048 εἰδὼς
489 989 516 1039 ὀ
559 987 769 1049 Παῦλος
813 988 894 1040 ὅτι
925 986 1127 1040 ἄτοπον
1162 980 1232 1056 ἦν
1275 985 1408 1046 ὅλως
1459 982 1830 1037 ῐδικάσασθαι
1854 1021 1870 1047 ,

299 1080 392 1130 καὶ
429 1077 662 1146 μάλιστα
696 1079 846 1149 παρὰ
876 1077 1110 1149 ἀπίστῳ,
1145 1076 1276 1146 περὶ
1316 1075 1646 1145 ἀμφοτέρων
1676 1073 1872 1128 ἀπολο-

297 1171 494 1237 γεῖται,
523 1169 604 1220 ὅτι
631 1167 754 1220 οὔτε
785 1170 935 1234 παρᾶ
954 1169 1043 1221 τὸν
1069 1169 1458 1238 νενομισμένον
1477 1165 1712 1236 πράξας,
1743 1164 1880 1219 ἀλλὰ

299 1259 730 1326 συκοφαντηθείς
761 1257 1068 1330 ἀνεκλήθην
1103 1259 1210 1312 ὑπὸ
1247 1257 1539 1320 Ἰουδαίων,
1575 1257 1700 1311 οὔτε
1735 1254 1877 1311 ἑκὼν

295 1349 720 1420 ὲπεκαλεσὰμην
755 1351 1032 1421 Καίσαρα,
1064 1351 1181 1403 ἀλλ’
1228 1350 1410 1405 αὐτῶν
1437 1349 1748 1404 δεδωκότων
1776 1349 1876 1422 τὴν

293 1443 508 1496 αἰτίαν
540 1442 656 1494 ἀνθ’
699 1435 773 1494 ὧν
805 1443 906 1496 οὐκ
946 1442 1227 1512 ἠνείχοντο
1251 1481 1265 1506 ,
1305 1439 1430 1494 οὕτε
1466 1439 1610 1494 κατὰ
1652 1439 1745 1494 τὸν
1775 1439 1878 1508 τῆς

307 1533 636 1602 Ἐκκλησίας
666 1533 830 1602 νόμον
855 1533 1078 1588 δικάσαι
1113 1551 1225 1606 μοι,
1269 1531 1391 1586 οὔτε
1415 1537 1533 1596 ταῖς
1560 1532 1670 1586 τῶν
1689 1533 1879 1604 ἀρχόν-

292 1641 404 1679 των
433 1625 806 1695 πειθαρχῆσαι
848 1626 1097 1694 ἐννόμοις
1147 1624 1462 1694 ἀποφάσεσι
1491 1640 1506 1656 ο
1539 1623 1726 1676 εἵνεκα
1768 1623 1877 1695 γὰρ

293 1715 393 1783 τῆς
437 1715 652 1778 ἐλπίδος
681 1717 777 1768 τοῦ
825 1715 1082 1787 Ἰσραὴλ,
1127 1717 1226 1786 μία
1259 1716 1370 1788 γὰρ
1406 1711 1476 1786 ἦν
1515 1715 1672 1780 ἐλπὶς
1704 1733 1876 1786 σωτη-

1981 634 2088 688 que
2127 621 2391 673 rationein
2424 617 2796 687 expostulaut,
2829 629 2922 670 aut
2953 619 3222 672 novitates
3255 618 3396 670 inter
3425 617 3564 672 scri-

1983 719 2102 779 ptas
2132 712 2454 765 traditiones
2481 725 2703 778 ponere,
2742 709 3036 764 secundum
3070 709 3559 762 inordinatam-itm

1980 801 2272 857 luntatem.
2337 801 2831 856 Contradiceutibus
2884 800 3127 866 Judwis,
3185 811 3399 854 coactus
3446 818 3562 855 sum

1979 891 2564 962 appellare'Ctesm-em.
2633 892 2824 948 Sciens
2865 891 3066 946 Paulus
3109 893 3402 945 absurdum
3423 905 3562 943 esse

1979 1001 2038 1041 se
2063 985 2319 1055 jndicari,
2352 985 2648 1055 przescrtim
2672 994 2851 1039 autem
2883 986 2948 1038 ab
2980 983 3206 1046 inﬁdeli,
3243 983 3310 1036 de
3335 990 3564 1050 utroque

1981 1091 2040 1129 se
2073 1075 2313 1131 defendit
2345 1093 2360 1128 :
2393 1091 2498 1130 non
2534 1074 2668 1143 legis
2694 1075 3148 1142 transgressione,
3185 1075 3276 1126 sed
3298 1091 3332 1127 ς]
3361 1071 3567 1126 ,Ιιιιιςιῖθ

1986 1167 2348 1221 calumniatus
2377 1166 2668 1236 appellavi,
2705 1181 2879 1236 neque
2909 1166 3140 1221 libenter
3169 1165 3434 1221 ϐαθεῖα-ριν
3465 1179 3563 1234 ap-

1981 1258 2178 1329 pellavi
2207 1275 2248 1326 ;v
2274 1258 2372 1316 sed
2409 1256 2482 1310 illi
2507 1271 2622 1315 .me,
2637 1267 2964 1326 coegerunt,
3014 1257 3269 1326 quoniam
3301 1274 3404 1310 non
3435 1274 3560 1328 pas-

1984 1349 2027 1404 si
2075 1359 2201 1404 sunt
2244 1363 2330 1402 me
2363 1345 2513 1416 juxta
2539 1347 2984 1401 consuetudinem
3023 1346 3274 1402 Ecclesiae
3300 1347 3560 1418 jmlicari,

1983 1449 2037 1496 et
2074 1439 2326 1512 legitimis
2363 1439 2666 1510 principum
2694 1437 2976 1492 sententiis
3006 1437 3261 1504 obedire;
3313 1454 3431 1508 qme
3459 1439 3560 1494 feci

1982 1535 2050 1591 ob
2079 1549 2226 1604 spem
2259 1531 2426 1587 Israel
2457 1548 2472 1586 :
2509 1546 2612 1584 una
2635 1531 2778 1586 enim
2811 1529 3002 1585 salutis
3025 1544 3150 1599 spes
3173 1528 3374 1590 Judaeis
3399 1531 3564 1585 relin-

1983 1621 2166 1690 quitur
2195 1621 2246 1674 in
2273 1618 2588 1686 Scripturis,
2604 1615 2856 1674 Christus
2878 1617 3105 1679 scilicet.
3123 1633 3282 1688 quem
3303 1633 3402 1690 ego
3424 1635 3566 1688 pne-

1985 1715 2175 1767 dicaris
2207 1711 2260 1765 in
2293 1710 2500 1765 hancce
2529 1709 2901 1778 captivitatem
2925 1709 3071 1764 veni.

299 1807 389 1878 ρία
406 1809 545 1870 ετοῖς
570 1807 844 1870 Ἰουδαίοις
865 1807 1382 1880 περιλιμπανομένη
1405 1812 1470 1862 ἐκ
1493 1809 1600 1862 τῶν
1623 1809 1884 1881 Γραφῶν,
1927 1809 1954 1862 ὁ
1987 1804 2245 1878 Χριστὸς,
2277 1802 2336 1856 ὃν
2383 1800 2498 1872 ἐγὼ
2561 1801 2854 1873 κηρύσσων
2899 1803 2980 1865 εἰς
3019 1799 3227 1870 ταύτην
3263 1796 3428 1874 ἦλθον
3465 1802 3566 1875 τὴν

296 1899 630 1954 κατάστασιν
659 1899 766 1954 τῶν
793 1901 1028 1971 δεσμῶν.

373 2009 391 2042 ι
433 1991 572 2060 Περὶ
627 1991 725 2062 μὲν
756 1991 867 2061 γὰρ
911 1991 1012 2062 τῆς
1049 1993 1317 2064 αἱρέσεως
1343 1992 1574 2066 ταύτης,
1633 1991 1873 2063 γνωστὸν

2047 1987 2324 2042 \'ens.22.
2375 2003 2396 2039 ι
2425 1985 2558 2040 Nam
2601 1985 2668 2040 de
2695 1985 2890 2043 haeresi
2915 1986 3020 2042 hac
3058 1995 3246 2041 notum
3275 1992 3358 2040 est
3381 1987 3562 2056 nobis,

295 2083 430 2152 ἡμῖν
459 2083 628 2136 ἐστιν.
678 2100 698 2134 ›

368 2172 590 2240 Αίρεσιν
646 2171 908 2226 καλοῦσιν
973 2172 1226 2241 ἰουδαῖοιξ
1261 2175 1360 2246 τὴν
1395 2177 1476 2239 εἰς
1518 2176 1756 2248 Χριστὸν
1785 2175 1878 2230 πί-

299 2284 418 2319 στιν
446 2283 460 2297 ο
515 2265 605 2320 ὅτι
648 2265 964 2334 πανταχοῦ
998 2267 1372 2336 ἀντιλέγεται
1395 2281 1408 2296 ⁸
1453 2267 1560 2320 ιδοὺ
1607 2269 1704 2321 καὶ
1737 2267 1876 2320 Ἰου-

296 2359 438 2412 δαῖοι
459 2357 836 2430 μαρτυροῦσιν
860 2359 944 2412 ὄτι
963 2359 1244 2428 πανταχοῦ
1264 2358 1542 2430 ἐκηρύχθη
1571 2360 1600 2411 ὁ
1615 2359 1872 2430 Χριστός·

299 2448 440 2519 πλὴν
479 2451 538 2502 ού
573 2449 797 2513 πάντες,
851 2449 1008 2520 φησὶ,
1045 2449 1446 2519 καταδέχονται
1489 2449 1550 2502 τὸ
1589 2449 1874 2520 κήρυγμα,

296 2540 436 2594 ἀλλὰ
462 2541 806 2610 ὰντιλέγουσί
853 2556 1000 2603 τινες
1053 2539 1301 2594 Ἰουδαῖοι
1339 2539 1372 2612 ἢ
1399 2539 1684 2610 Ἕλληνες,
1717 2541 1750 2613 ἢ
1782 2543 1878 2595 κα.)⁸

297 2631 473 2694 ἄλλως
497 2633 786 2702 αἱρετικοὶ,
814 2630 890 2702 μὴ
912 2632 1332 2702 συμφωνοῦντες
1348 2635 1412 2702 τῇ
1433 2631 1606 2704 ἀληθῇ
1629 2633 1654 2672 h
1672 2633 1874 2686 πίστειο

297 2722 404 2776 ἔδει
434 2721 544 2791 γὰρ
573 2723 666 2774 καὶ
707 2721 950 2790 αἱρέσεις
983 2716 1148 2787 εἶναι,
1183 2722 1270 2776 ἵνα
1301 2723 1352 2774 οἱ
1381 2721 1600 2792 δόκιμοι
1631 2723 1870 2794 φανῶσι,

296 2815 393 2866 καὶ
443 2812 706 2884 πληρωθῇ
746 2813 834 2867 διὰ
871 2813 1090 2868 πάντων
1117 2813 1180 2868 τὸ
1231 2815 1614 2886 προφητευθὲν
1663 2820 1745 2880 εἰς
1785 2817 1877 2872 τὸν

296 2902 536 2971 Χριστὸν
568 2903 656 2956 διὰ
703 2903 929 2976 Συμεὼν
971 2904 1068 2958 τοῦ
1117 2909 1404 2978 προφήτου
1460 2909 1710 2972 εἰπόντος
1746 2911 1877 2980 περὶ

297 2993 484 3048 αὐτοῦ·
527 2993 672 3048 Ἰδοὺ
693 2991 872 3062 οὗτος
901 2995 1085 3051 κεῖται
1107 2999 1194 3063 εὶς
1223 2999 1459 3053 πτῶσιν
1495 3001 1595 3054 καὶ
1615 3001 1878 3056 ἀνάστα-

297 3101 404 3140 σιν
429 3085 677 3140 πολλῶν
705 3087 776 3140 ἐν
800 3085 880 3152 τῷ
927 3088 1198 3158 Ἰσραὴλ,
1223 3089 1322 3144 καὶ
1353 3092 1441 3156 εἰς
1471 3090 1728 3160 σημεῖον
1766 3093 1876 3148 ἀν⁸

296 3177 712 3248 τιλεγιόμενον.

373 3286 394 3320 ‹
430 3268 738 3338 Ταξάμενοι
771 3268 830 3322 δὲ
885 3269 1126 3340 ᾑμέραν,
1183 3267 1352 3342 ἦλθον
1405 3273 1488 3336 είς
1539 3273 1641 3344 τὴν
1687 3272 1870 3340 ξενίαν

1984 2082 2110 2152 quia
2149 2081 2348 2149 ubique
2376 2078 2425 2134 ei
2458 2079 2872 2135 contradicitur.
2903 2097 2922 2132 ι

2048 2173 2309 2228 Ηίετοείιιι
2355 2179 2554 2226 vocant
2585 2168 2758 2225 Judaei
2806 2171 2859 2226 in
2898 2169 3178 2226 Christum
3215 2171 3397 2232 iidem,
3433 2171 3564 2244 quia

1975 2264 2166 2336 ubique
2213 2267 2262 2318 ei
2309 2263 2720 2318 contradicitur.
2785 2264 2928 2316 Ecce
2985 2262 3084 2332 ipsi
3133 2277 3348 2332 quoque
3393 2260 3565 2318 Judaei

1977 2357 2341 2413 te5tilicautur
2401 2353 2604 2425 ubique
2659 2351 2934 2408 Christum
2988 2367 3112 2407 esse
3164 2353 3560 2422 praedicatum;

1977 2449 2104 2504 licet
2151 2465 2256 2503 non
2296 2462 2510 2512 omnes,
2549 2445 2750 2513 inquit,
2801 2444 3239 2516 praedicationem
3274 2445 3562 2516 recipiant,

1977 2545 2070 2598 sed
2095 2541 2476 2596 contradicant
2505 2539 2671 2609 aliqui
2694 2537 2864 2592 Judaei
2901 2546 2994 2590 aut
3015 2535 3267 2608 gentiles,
3300 2547 3356 2592 et
3382 2537 3566 2591 diver-

1977 2649 2037 2689 Su
2069 2634 2288 2702 quidem
2324 2635 2482 2686 modo
2507 2629 2746 2685 lneretici
2778 2643 2918 2683 verte
2942 2627 3064 2684 lidei
3092 2643 3197 2682 non
3221 2628 3568 2684 coiisentien~

1979 2731 2100 2788 tes;
2157 2721 2440 2791 oportebat
2471 2720 2616 2774 enim
2670 2732 2794 2772 esse
2821 2719 3056 2772 haereses
3078 2761 3094 2785 ,
3149 2727 3206 2770 ut
3237 2725 3564 2786 apparerent

1977 2814 2158 2880 electi,
2185 2824 2239 2868 et
2262 2811 2580 2882 impleretur
2599 2809 2666 2866 ab
2681 2811 2937 2866 omnibus
2954 2811 3096 2880 quod
3116 2811 3428 2878 praedictqu
3446 2818 3570 2865 erat

1978 2907 2044 2962 de
2065 2907 2286 2961 Christo
2319 2923 2350 2960 a
2383 2904 2640 2960 Simeoue
2667 2903 2931 2973 propheta
2971 2901 3186 2957 dicente
3239 2919 3252 2956 :
3305 2900 3437 2956 [fere
3479 2902 3569 2956 hic

1977 3001 2182 3067 positus
2207 3009 2286 3050 est
2318 2997 2372 3049 in
2399 2997 2610 3050 ruinam
2643 3000 2693 3049 et
2722 2993 2780 3047 in
2807 2995 3246 3066 resurrectionem
3273 2994 3563 3046 multorum

1977 3087 2034 3142 in
2067 3085 2260 3154 Israel,
2296 3096 2343 3140 et
2377 3086 2430 3140 in
2453 3086 2661 3155 signum
2688 3085 2773 3138 cui
2795 3083 3188 3138 contradicetur
3209 3083 3276 3136 ’°.
3305 3099 3324 3134 ι

2047 3263 2326 3328 Vens.25.
2373 3280 2394 3316 ι
2442 3261 2580 3318 Cum
2609 3261 3024 3318 constituissent
3069 3261 3144 3316 illi
3205 3261 3563 3328 diem,vene-

297 3357 436 3432 πρὸς
469 3360 632 3412 αὐτὸν
665 3359 941 3424 πλείονες·
975 3359 1056 3426 οἷς
1085 3361 1360 3430 ἐξετίθετο
1389 3363 1873 3436 διαμαρτυρούμε-

1979 3368 2104 3414 ruut
2132 3361 2197 3414 ad
2222 3373 2345 3412 eum
2372 3357 2424 3412 in
2453 3353 2746 3426 llOSpillltm
2775 3353 3013 3424 plurimi,
3041 3353 3239 3420 quibus
3255 3355 3563 3423 exponebat

297 3469 386 3516 νος
425 3453 526 3524 τὴν
563 3453 844 3524 βασιλείαν
873 3455 970 3508 τοῦ
1000 3455 1158 3521 Θεοῦ,
1189 3456 1396 3509 πείθων
1417 3472 1478 3508 τε
1517 3456 1714 3520 αὐτοὺς
1743 3457 1874 3529 περὶ

294 3543 390 3599 τοῦ
436 3545 634 3616 Ἰησοῦ,
685 3547 794 3600 ἀπό
839 3565 903 3600 τε
961 3547 1056 3600 τοῦ
1110 3547 1278 3617 νόμου
1305 3547 1589 3612 Μωύσέως
1634 3550 1730 3602 καὶ
1762 3548 1874 3604 τῶν

297 3636 618 3707 προφητῶν,
652 3637 761 3690 ἀπὸ
789 3636 934 3709 πρωῒ
974 3637 1081 3700 ’ἐως
1109 3639 1370 3708 ἑσπέρας.
1411 3655 1434 3691 ι

381 3728 468 3794 Ἐξ
503 3729 801 3798 ἐγγράφων
852 3729 1186 3794 ἀποδείξεων
1221 3731 1454 3800 συνιστᾷ
1511 3730 1641 3793 τοὺς
1676 3731 1874 3784 ἑαυτοῦ

294 3821 490 3889 λόγους
517 3823 545 3874 ὁ
581 3823 792 3886 Παῦλος
815 3839 830 3853 ·
867 3826 961 3876 καὶ
1009 3823 1129 3877 οὐδὲ
1179 3823 1239 3890 ἐξ
1287 3825 1518 3896 ἀσήμων
1548 3824 1644 3879 καὶ⁹
1677 3826 1877 3879 ἄκανο-

301 3913 494 3967 νῐστων
527 3915 767 3982 βιϐλίων,
819 3913 942 3966 οὐδὲ
971 3913 1030 3981 ἐξ
1072 3914 1366 3986 ἀλλοτρίας
1405 3915 1730 3986 θρησκείας,
1756 3915 1874 3968 ἀλλ’

297 4008 358 4072 εξ
384 4007 593 4060 ἑαυτῶν
619 4025 634 4038 ο
663 4005 744 4058 διό
774 4022 932 4076 φησι,
965 4005 1178 4074 Καλῶς
1229 4009 1299 4061 τὸ
1325 4007 1578 4078 ,Πνεῦμα
1601 4009 1670 4062 τὸ
1703 4007 1874 4077 ἅγιον

293 4099 564 4166 maxime
607 4099 706 4153 διὰ
751 4098 994 4152 Ἡσαΐου
1023 4099 1130 4154 τοῦ
1186 4102 1500 4173 προφήτου
1533 4101 1684 4171 πρὸς
1731 4101 1874 4167 τοὺς

290 4195 554 4262 πατέρας
605 4192 795 4262 ὑμῶν.
825 4224 897 4234 —
932 4195 1044 4250 Kal
1094 4195 1218 4254 μετ’
1257 4195 1454 4263 ὀλίγα·
1487 4225 1559 4234 -
1613 4195 1775 4250 Ἀλλ’
1803 4193 1872 4248 ἐκ

289 4286 551 4352 Μωσέως
583 4286 684 4339 καὶ
718 4285 838 4339 τῶν
865 4282 1190 4355 προφητῶν
1217 4301 1232 4316 ·
1262 4283 1342 4336 διὸ
1376 4283 1388 4322 i
1454 4281 1593 4352 πρὸς
1627 4284 1756 4344 τοὺς
1795 4279 1871 4352 μὴ

296 4377 642 4443 πεισθέντας,
687 4377 763 4442 ὡς
792 4377 1082 4446 κακοήθως
1130 4373 1228 4427 καὶ
1255 4374 1386 4427 ἄνευ
1422 4372 1588 4438 λόγου
1631 4373 1869 4442 ἀποτρε-

294 4468 584 4536 πομένους,
613 4467 782 4538 αὐτὴν
818 4468 1113 4537 παρήγαγε
1145 4466 1245 4536 τὴν
1292 4463 1518 4517 Ἡσαΐου
1535 4465 1732 4534 χρῆσιν
1763 4477 1777 4491 ·
1811 4463 1869 4514 ἐν

292 4555 372 4625 οἷς
403 4577 558 4630 φησι,
589 4563 697 4616 Καὶ
725 4560 854 4626 τοῖς
881 4556 1238 4626 ὠσὶβαρέως
1259 4555 1558 4624 ἥκουσαν,
1588 4553 1688 4607 καὶ
1727 4551 1870 4618 τοὺς

293 4655 642 4724 ὀφθαλμοὺς
681 4653 880 4710 αὐτῶν
929 4652 1328 4722 ἐκάμμυσανο
1397 4649 1615 4713 δεικνὺς
1669 4649 1752 4702 ὅτι
1807 4649 1868 4701 ὲν

292 4745 494 4815 εἰδήσει
523 4745 677 4806 ὄντες
731 4743 826 4796 τοῦ
861 4742 1117 4814 ἀληθοῦς,
1175 4739 1742 4811 ἀποπροσποιοῦνται,
1787 4737 1862 4809 μὴ

291 4835 537 4900 θέλοντες
567 4836 860 4906 πεισθῆναι
883 4852 898 4867 '
925 4834 1023 4888 καὶ
1049 4836 1104 4888 οι
1123 4833 1241 4903 μὲν
1267 4832 1583 4886 ἐπείθοντο
1613 4829 1737 4893 τοῖς
1763 4833 1864 4882 λε-

291 4929 584 4998 γομένοις,
621 4935 674 4982 οἱ
706 4929 773 4982 δὲ
803 4928 1108 4995 ἠπίστουν
1135 4943 1146 4956 ’
1183 4925 1484 4986 ἀνενδότως
1505 4918 1620 4993 εἶχε
1648 4920 1778 4992 περὶ
1807 4919 1869 4972 τὸ

291 5026 522 5095 πρᾶγμα
554 5025 581 5075 ὁ
603 5023 836 5086 Παῦλος,
871 5023 944 5093 μὴ
965 5021 1306 5090 ἀποκάμνων
1340 5017 1479 5088 πρὸς
1512 5016 1572 5069 τδ
1591 5015 1751 5084 ἔργον
1769 5013 1868 5084 τῆς

1981 3452 2274 3508 testiﬁcatus
2329 3464 2550 3520 regnum
2597 3445 2733 3512 Dei,
2789 3443 3137 3514 suadensque
3186 3445 3265 3499 eis
3319 3447 3387 3501 de
3431 3443 3562 3502 Jesu

1977 3559 2044 3600 ex
2075 3544 2192 3614 lege
2233 3541 2401 3613 Moysi
2445 3546 2499 3596 et
2529 3539 2812 3610 prophetis
2835 3577 2852 3606 ,
2907 3552 2937 3592 a
2979 3551 3140 3592 mane
3172 3551 3343 3606 usque
3374 3538 3440 3592 ad
3467 3551 3560 3592 ve-

1975 3649 2210 3704 speram.
2238 3651 2258 3684 ι

2050 3725 2090 3778 Ε
2120 3723 2420 3792 Scripturis
2442 3721 3104 3793 desumptis‘argumentis
3129 3736 3408 3778 sermones
3433 3736 3561 3777 suos

1977 3812 2193 3869 coniicit
2217 3809 2450 3874 Paulus,
2505 3824 2608 3864 non
2637 3819 2815 3864 autem
2849 3826 2914 3864 ex
2937 3809 3089 3864 libris
3110 3810 3432 3880 ignobilibus
3467 3821 3557 3866 aut

1977 3919 2084 3960 non
2114 3902 2412 3966 canonicis,
2444 3919 2617 3970 neque
2648 3913 2921 3956 extranea:
2955 3901 3252 3970 religionis,
3291 3903 3384 3955 sed
3415 3903 3558 3972 ipso-

1977 4011 2130 4062 rum;
2185 3995 2363 4063 itaque
2392 3993 2524 4049 dicit
2555 4010 2568 4048 :
2603 3993 2834 4062 Spiritus
2863 4002 3077 4046 sanctus
3107 4009 3202 4060 per
3227 3991 3430 4046 Isaiam
3461 4010 3560 4064 pa-

1975 4087 2140 4140 tribus
2165 4087 2344 4140 vestris
2373 4087 2578 4139 !ocutus
2601 4094 2768 4140 est.—
2784 4081 2848 4135 Et
2873 4091 2992 4154 post
3017 4099 3184 4152 pauca
3207 4080 3403 4138 :-—Se¢l
3425 4095 3470 4138 et
3492 4100 3558 4139 ea:

1975 4177 2158 4249 Moyse
2181 4191 2226 4232 et
2249 4178 2513 4248 prophetis
2536 4193 2557 4242 ;
2612 4175 2840 4244 idquue
2862 4185 3048 4229 contra
3079 4175 3402 4242 incredulos,
3437 4186 3557 4229 tau-

1973 4287 2132 4340 quam
2157 4285 2410 4340 perverse
2425 4279 2478 4324 et
2496 4271 2696 4322 absone
2719 4267 3054 4334 resistentes,
3092 4269 3228 4322 hanc
3259 4266 3405 4324 ls..i;c
3427 4285 3553 4338 pro-

1972 4363 2078 4418 fert
2105 4361 2428 4418 sententiam
2455 4377 2470 4414 :
2495 4355 2752 4412 Gravibus
2773 4358 2992 4412 auribus
3017 4359 3322 4422 audierunt,
3342 4363 3552 4414 oculos-

1970 4471 2068 4524 que
2094 4470 2216 4508 suos
2247 4453 2547 4506 clauserunt
2565 4451 2643 4517 ¹¹;
2707 4450 3000 4505 ostendens
3023 4465 3118 4506 eos
3138 4489 3154 4515 ,
3189 4452 3432 4520 quamvis
3455 4468 3552 4507 ve-

1973 4546 2148 4600 ritatis
2169 4543 2516 4608 sintconscii,
2537 4543 2678 4596 illam
2704 4542 3009 4612 repudiare,
3033 4543 3252 4596 credere
3274 4547 3546 4600 nolentes:

1976 4637 2040 4692 Et
2061 4638 2278 4709 quidam
2301 4635 2577 4690 credebant
2607 4635 2674 4687 iis
2699 4649 2818 4704 quae
2837 4631 3170 4698 dicebantur,
3195 4634 3410 4704 quidam
3432 4651 3552 4688 vero

1971 4749 2072 4788 non
2089 4731 2385 4786 credebant.
2432 4727 2664 4797 Impigre
2686 4725 2899 4796 negotio
2923 4725 3158 4780 instabat
3175 4724 3393 4792 Paulus,
3417 4743 3552 4780 nuu-

1971 4840 2129 4894 quam
2148 4821 2324 4878 fessus
2349 4821 2400 4874 in
2423 4817 2716 4874 laborando
2739 4830 2835 4887 pro
2855 4815 3080 4871 salutari
3109 4817 3211 4870 fide
3233 4825 3287 4870 et
3311 4817 3551 4886 Evange-

1972 4918 2024 4971 lii
2069 4913 2482 4982 praadicatioue;
2541 4923 2648 4980 qua
2691 4910 2758 4964 de
2803 4923 2990 4975 causa,
3021 4907 3228 4976 aliquos
3261 4911 3550 4976 persuade-

1973 5008 2060 5062 bat
2087 5043 2102 5070 ,
2153 5002 2364 5058 caeteris
2395 5003 2462 5053 ob
2489 5015 2641 5054 suam
2667 5000 2986 5070 pravitatem
3035 5015 3139 5053 non
3178 4999 3545 5080 credentibus.

291 5090 670 5186 σωτήριώδους
723 5090 982 5176 πίστεως,
1046 5112 1140 5165 καὶ
1180 5111 1315 5179 προς
1365 5109 1456 5162 τὸν
1504 5104 1862 5174 εὐαγγελικὸν
1900 5099 2059 5168 λόγον
2083 5114 2098 5128 ο
2129 5093 2210 5148 διὸ
2275 5093 2370 5147 καὶ
2411 5090 2598 5146 ἔπειθέ
2626 5109 2800 5156 τινας,
2837 5091 2945 5144 τῶν
2989 5091 3164 5146 ἄλλων
3200 5091 3288 5144 διὶι
3345 5091 3548 5146 κακίαν

289 5206 691 5263 ἀπιστούντων.

367 5319 386 5350 ι
425 5299 668 5350 Γνωστὸν
713 5297 804 5350 οὖν
857 5298 986 5366 ύμῖν
1035 5295 1202 5359 ἔστω,
1235 5297 1320 5349 ὅτι
1362 5298 1472 5360 τοῖς
1509 5293 1722 5348 ἔθνεσιν
1750 5293 1858 5346 ἀπ-

288 5391 492 5460 εστάλη
523 5389 678 5443 τοῦτο
707 5391 766 5442 τὸ
799 5390 1067 5456 σωτήριον
1095 5384 1190 5438 τοῦ
1222 5385 1356 5438 Θεοῦ
1415 5385 1568 5438 αὐτοὶ
1585 5385 1678 5438 καὶ
1697 5381 1864 5437 ἀκού-

289 5501 492 5538 σονται.
539 5501 558 5534 ι

365 5617 409 5648 ²⁰
445 5616 574 5668 Luc.
607 5629 662 5675 tt,
689 5615 756 5666 .14
856 5613 896 5642 ¹¹
933 5609 1036 5663 lsa.
1069 5625 1142 5672 νι,
1179 5616 1259 5662 l0.
1361 5601 1368 5608 ’

2049 5284 2324 5340 \’Ens.28.
2373 5304 2390 5334 (
2421 5280 2614 5336 Notum
2645 5296 2774 5351 ergo
2807 5281 2876 5334 sit
2906 5281 3091 5344 vobis,
3129 5281 3380 5350 quoniam
3411 5293 3546 5350 gen-

1975 5381 2118 5436 tibus
2149 5377 2378 5432 missum
2408 5384 2488 5430 est
2523 5373 2626 5428 hoc
2653 5373 2889 5426 salutare
2918 5371 3029 5437 Dei,
3061 5383 3114 5426 et
3143 5369 3242 5439 ipsi
3269 5369 3539 5422 audient.»

338 5751 445 5808 "C.
483 5751 522 5806 C
577 5752 844 5823 ἄγραφος,
885 5759 1048 5803 recte.
1130 5747 1146 5783 ί
1194 5746 1256 5801 C.
1282 5745 1344 5801 (Ι.
1387 5746 1522 5808 ὅλως
1559 5743 1637 5796 τό.
1721 5739 1873 5796 εο.‹

1977 5735 2255 5808 πωτηρίας,
2335 5727 2359 5766 ¹¹
2395 5731 2456 5788 C.
2486 5731 2544 5788 C.
2581 5729 2788 5800 ἀληθεῖ.
2869 5727 2883 5766 ί
2919 5723 3063 5782 (1.0.
3099 5724 3176 5779 διδ
3197 5720 3304 5779 καί.
