4068 6126
671 284 808 351 1607

1819 288 2155 348 ΑΜΜΟΝΙΙ
2195 290 2731 350 ALEXANDRINI

2231 290 2731 350 .LEXANDRINI
3751 280 3837 346 1ωὲ

743 403 921 475 Supra
953 403 1154 456 dictum
1184 400 1348 454 etiam
1375 398 1477 452 fuit
1505 398 1656 468 quia,
1678 400 1888 457 Judzeis
1913 405 2135 458 verbum
2162 419 2247 459 re-
2273 418 2321 474 Α

2227 434 2247 446 -
2273 418 2321 474 Α
2421 404 2532 456 Kal
2555 403 2732 457 ὀπίσω
2762 403 2960 473 ἐλέχθη
3004 404 3109 470 ὅτι,
3163 403 3275 456 τῶν
3330 400 3597 457 Ἰουδαίων
3621 397 3833 452 ἀποϐαλλο

674 497 1029 566 pollentibus,
1064 492 1430 548 Convertintur
1474 496 1545 548 ad
1588 502 1765 562 gentes
1812 509 1830 546 :
1875 496 2028 550 deest
2065 506 2246 551 autem

672 602 776 640 vox
802 601 915 655 per,
948 601 1070 656 pro,
1113 586 1359 643 salatare
1388 588 1532 658 quod
1558 600 1654 655 per
1680 585 1848 641 Deum
1880 585 2129 644 ﬁdelibus
2152 588 2247 644 da-

678 688 785 733 tur.

2351 497 2533 565 μένων
2555 494 2646 548 τὸν
2667 496 2848 562 λόγον,
2878 495 3259 564 Στρεφόμεθα
3273 497 3361 560 είς
3380 496 3457 548 τὰ
3481 494 3633 558 ἔθνη·
3654 492 3832 543 λείπιᾶ

2348 583 2411 637 τὸ
2435 583 2554 649 διὰ,
2585 585 2710 638 ἀντὶ
2736 584 2857 651 τοῦ,
2895 586 2930 655 ή
2964 584 3211 656 σωτηρία
3245 587 3281 656 ή
3313 585 3403 638 διὰ
3435 582 3529 637 τοῦ
3552 579 3669 635 Θεοῦ
3685 579 3833 651 διδομέ-

2351 692 2417 745 νη
2446 677 2560 740 τοῖς
2600 678 2833 740 πιστοῖς.

853 1051 1673 1145 FRAGMENTUM
1736 1050 1860 1139 IN
1917 1048 2382 1139 PRIMAM
2437 1050 2534 1140 ε.
2592 1050 2949 1139 PETRI
3036 1024 3688 1143 EPISTOLAM

1516 1243 1538 1291 ι
1569 1241 1654 1295 Ea:
1681 1250 1865 1295 catena
1895 1240 2145 1296 Canem
2168 1240 2226 1294 in
2252 1238 2520 1310 Epistolas
2553 1241 2861 1306 catholicas,
2891 1258 2944 1311 ρ.
2975 1240 3089 1311 68.)

1317 1539 1474 1597 CAP.
1515 1539 1602 1595 111.

753 1668 917 1721 Vens.
949 1660 1036 1725 l9,
1060 1659 1152 1714 20.
1196 1678 1214 1711 ι
1248 1657 1307 1713 In
1328 1673 1436 1727 quo
1457 1656 1608 1713 etbis
1630 1656 1722 1727 qui
1745 1656 1798 1711 in
1829 1670 2047 1714 carcere
2072 1666 2248 1725 erant,

2910 1543 3170 1597 ΚΕΦΔΛ.
3213 1540 3290 1597 I'.

2436 1677 2455 1710 ι
2502 1656 2591 1711 Ἐν
2699 1657 2933 1720 καὶτοῖς
2970 1657 3030 1711 ἐν
3061 1656 3276 1728 φυλακῇ
3314 1657 3583 1728 πνεύμασι
3618 1654 3826 1726 πορευθεξ

680 1753 980 1823 spiritibus,
1032 1751 1253 1806 veniens
1310 1749 1645 1820 praedicavit,
1690 1748 1783 1818 qui
1842 1749 2102 1804 increduli
2138 1749 2286 1805 fue-t

2216 1765 2257 1805 ξ·
2285 1746 2333 1807 Β
2359 1748 2644 1820 ἐκήρυξεν,
2697 1748 3034 1817 ἀπειθήσασί
3072 1765 3229 1816 ποτε,
3260 1750 3354 1802 ὅτε
3388 1747 3741 1818 ἀπεξεδέχετοή
3767 1745 3822 1797 τοῦ

678 1856 803 1901 rant
828 1844 1135 1914 aliquando,
1156 1844 1373 1912 quando
1392 1841 1779 1911 exspectabant
1805 1840 1897 1895 Dei
1929 1840 2247 1911 patientiam

682 1939 739 1991 in
760 1936 951 1993 diebus
970 1934 1105 1999 Noe,
1129 1950 1251 1990 cum
1278 1933 1639 1988 fabricaretur
1667 1946 1793 1986 arca
1820 1948 1836 1988 :
1861 1931 1916 1986 in
1942 1945 2047 2001 qua
2068 1931 2247 2001 pauci,

679 2030 733 2087 id
764 2039 852 2083 est
880 2038 1004 2082 octo
1030 2028 1226 2081 anima:
1253 2026 1415 2081 salva:
1441 2023 1597 2079 facta:
1625 2032 1751 2079 sunt
1772 2037 1869 2092 per
1895 2036 2113 2093 aquam.
2154 2040 2175 2073 ι

749 2117 1107 2188 Interrogavit
1128 2131 1218 2170 me
1245 2114 1517 2171 Caesarius
1546 2112 1929 2177 scholasticus,
1968 2127 2120 2178 num,
2155 2111 2250 2166 de-

677 2208 973 2263 scendente
999 2206 1066 2260 ad
1096 2205 1298 2262 inferos
1333 2204 1483 2269 Jesu,
1509 2203 1601 2259 Dei
1631 2201 1827 2266 Verbo,
1856 2202 2099 2258 omnium
2132 2203 2251 2257 ani-

680 2313 889 2353 marum
943 2297 1156 2352 vincula
1208 2296 1385 2352 soluta
1406 2296 1547 2362 sint;
1593 2304 1648 2351 et
1678 2294 1931 2364 respondi
1968 2312 1983 2349 :
2029 2291 2247 2363 Utique.

679 2391 748 2446 Et
774 2391 863 2446 ille
888 2408 902 2445 :
927 2390 1048 2460 Ipse
1074 2389 1239 2445 etiam
1263 2386 1436 2442 Judas
1470 2387 1732 2442 liberatus
1754 2385 1871 2442 est?
1892 2383 2144 2447 Omnino,
2166 2386 2249 2439 in-

680 2501 841 2555 quam
869 2502 884 2537 :
909 2492 1173 2555 praesente
1188 2482 1333 2537 enim
1364 2482 1739 2535 universorum
1765 2490 1910 2549 rege,
1934 2493 2038 2533 non
2076 2478 2251 2550 potuit

679 2584 963 2646 tyrannus,
985 2584 1038 2628 et
1064 2573 1178 2643 ipse
1193 2571 1468 2634 subactus,
1497 2579 1725 2625 mortem
1749 2570 1892 2636 dico,
1913 2569 2079 2624 ullum
2097 2577 2250 2639 post-

681 2679 744 2719 ea
768 2665 1009 2719 detinere
1040 2662 1334 2732 captivum.
1355 2660 1494 2726 Quid
1520 2661 1685 2730 igitur
1705 2658 1835 2714 fecit
1853 2657 2152 2714 Dominus?
2170 2658 2251 2711 in-

681 2755 822 2827 quit.
866 2753 1196 2823 Sicutsuper
1237 2761 1439 2807 terram
1466 2750 1870 2819 praedicarent,
1897 2748 1971 2803 ita
2003 2747 2252 2802 omnibus

680 2849 772 2919 qui
797 2847 850 2901 in
864 2846 1074 2901 inferno
1094 2855 1247 2900 erant
1263 2842 1580 2913 praedicavit
1598 2843 1739 2896 viam
1765 2855 1885 2911 quae
1905 2840 1973 2895 ad
1997 2851 2252 2894 :etcrnatn

679 2938 906 2993 salutem
929 2940 1171 3003 duceret,
1192 2950 1385 3005 nempe
1409 2933 1767 2989 utcrederent
1790 2935 1844 2987 in
1861 2931 2101 2996 Patrem,
2125 2942 2179 2988 et
2199 2932 2252 2986 in

2351 1838 2487 1896 Θεοῦ
2529 1838 2904 1910 μακροθυμία,
2937 1839 2995 1891 ἐν
3037 1838 3276 1910 ἡμέραις
3314 1840 3467 1901 Νῶε,
3514 1835 3822 1897 κατασκευαζο-

2351 1931 2523 2003 μένης
2546 1930 2810 1995 κιϐωτοῦ,
2840 1932 2920 1994 είς
2938 1931 3005 2002 ἢν
3030 1932 3234 2000 ὀλίγαι,
3252 1932 3537 1986 τουτέστιν
3560 1929 3695 1994 ὀκτὼ,
3712 1928 3822 1999 ψυχαὶ

2347 2022 2684 2091 διεσώθησαν
2722 2023 2788 2075 δι’
2824 2021 3041 2086 ὓδατος.
3074 2042 3092 2075 ι

2432 2112 2719 2183 Ἦρώτησέ
2769 2129 2838 2183 με
2887 2115 2917 2166 δ
2973 2112 3332 2184 σχολαστικὸς
3364 2113 3658 2185 Καισάριος,
3685 2113 3720 2165 εἰ
3740 2125 3821 2164 κατ·

2348 2203 2597 2267 ελθόντος
2653 2205 2734 2268 εἰς
2780 2203 2931 2274 ᾅδου,
2961 2204 3139 2275 Ἰησοῦ
3178 2204 3275 2259 τοῦ
3326 2206 3465 2261 Θεοῦ
3505 2206 3669 2274 Λόγου,
3692 2200 3819 2255 πασῶν

2348 2294 2457 2347 τῶν
2494 2294 2684 2364 ψυχῶν
2733 2293 2897 2366 ἐλύθη
2932 2298 3004 2348 τὰ
3033 2295 3236 2367 δεσμά.
3276 2298 3396 2352 Kal
3435 2296 3592 2351 εἷπον·
3618 2293 3712 2350 Ναί.
3733 2287 3817 2345 Εἶτα

2349 2381 2443 2438 οὖν
2472 2402 2637 2455 φησι·
2683 2384 2844 2440 Καὶὸ
2903 2386 3105 2451 Ἰούδας
3145 2387 3441 2459 λελυμένος
3476 2384 3539 2461 ἧν
3562 2407 3575 2456 ;
3600 2389 3685 2441 Καὶ
3698 2380 3814 2446 εἶτον,

2350 2476 2462 2530 Kal
2500 2476 2662 2530 πάνυ.
2707 2478 2782 2531 Οὐ
2826 2477 2936 2549 γὰρ
2969 2472 3083 2532 οἷόν
3131 2496 3193 2532 τε
3242 2476 3333 2551 ἦν,
3390 2479 3479 2533 τοῦ
3528 2476 3815 2550 παμϐασιλέως

2352 2567 2643 2640 παρόντος,
2665 2566 2757 2620 τὸν
2786 2566 3050 2636 τύραννον
3086 2568 3181 2622 καὶ
3210 2568 3378 2623 αὐτὸν
3404 2568 3704 2641 χειρωθέντα,
3723 2563 3813 2630 λέγω

2350 2662 2415 2734 δή
2453 2662 2548 2716 τὸν
2582 2660 2839 2728 θάνατον,
2871 2660 2952 2714 έτι
2980 2663 3107 2725 τοὺς
3135 2660 3511 2733 αἰχμαλώτους
3539 2659 3751 2729 κατέχειν.
3772 2652 3811 2705 Ti

2351 2754 2445 2812 οὖν
2470 2760 2499 2811 ὁ
2525 2757 2733 2829 Κύριος
2747 2757 2991 2827 ἐποίησε,
3012 2756 3212 2826 φησίνς
3250 2754 3534 2829 Ἐκήρυξεν
3556 2756 3621 2818 ὡς
3643 2753 3713 2807 ἐπὶ
3730 2750 3808 2818 γῆς.

2352 2851 2592 2914 καὶτοῖς
2638 2852 2697 2906 ἐν
2751 2849 2880 2921 ᾆδου
2915 2850 3072 2914 πᾶσι,
3126 2849 3229 2921 τήν
3270 2851 3352 2914 εἰς
3388 2848 3584 2902 αἰώνιον
3620 2841 3809 2912 σωτηρίαν

2354 2942 2594 3011 ἄγουσαν
2634 2941 2779 3006 ὁδὸν,
2831 2939 2976 2994 ὥστε
3004 2940 3288 2995 πιστεύειν
3318 2944 3394 3005 εὶς
3419 2941 3501 2993 τὸν
3533 2937 3728 3008 Πατέρα,
3752 2934 3809 2984 καὶ

683 3028 883 3097 ipsum,
903 3027 993 3096 qui
1017 3024 1327 3081 incarnatus
1338 3034 1444 3092 εει,
1464 3034 1709 3079 mortuus
1723 3031 1803 3078 est
1816 3032 2039 3093 propter
2061 3036 2177 3085 nos,
2201 3029 2255 3077 et

2204 3029 2255 3077 et
2287 3091 2324 3103 _
2356 3036 2438 3097 είς
2458 3032 2621 3087 αὑτὸν
2646 3033 2737 3086 τὸν
2769 3031 3275 3103 ένανθρωπήσαντα
3302 3033 3395 3085 καὶ
3411 3028 3699 3085 ἀποθανόντα
3721 3023 3810 3091 ὑπὲρ

684 3091 962 3174 descendit
983 3118 1050 3171 ad
1075 3117 1297 3182 inferos,
1316 3091 1522 3172 necnon
1539 3117 1595 3170 iu
1616 3091 1877 3185 Spiritum
1898 3091 2146 3170 sanctum
2164 3132 2180 3181 ;
2199 3123 2252 3167 et
2280 3100 2290 3147 ⁴

2205 3123 2252 3167 ει
2280 3091 2325 3152 c
2355 3091 2534 3195 ήμῶν,
2564 3125 2665 3178 καὶ
2692 3091 3023 3177 κατελθόντα
3064 3091 3145 3187 εἰς
3192 3122 3341 3194 ᾅδου,
3365 3121 3448 3177 xal
3490 3122 3561 3183 είς
3581 3120 3632 3172 τὸ
3652 3115 3811 3183 Πνεῦμα

682 3210 773 3279 qui
799 3208 1174 3273 crediderunt,
1204 3222 1299 3263 eos
1334 3208 1550 3278 quidem
1585 3221 1769 3261 secum
1799 3206 2045 3270 abduxit,
2073 3206 2251 3260 incre-

682 3302 836 3357 dulos
873 3312 1053 3356 autem
1090 3302 1144 3355 in
1201 3300 1368 3369 priori
1421 3307 1567 3354 statu
1617 3296 1858 3366 reliquit.
1909 3293 2051 3349 Tum
2091 3295 2180 3349 ille
2232 3312 2246 3347 :

683 3395 982 3460 Quomodo,
1000 3393 1196 3463 inquit,
1225 3392 1338 3445 fieri
1363 3390 1535 3460 potuit
1558 3398 1616 3444 ut
1638 3390 1729 3458 qui
1754 3388 1807 3441 in
1842 3387 2054 3442 inferno
2074 3394 2248 3453 erant,

684 3497 782 3555 per
816 3484 1190 3554 paenitentiam
1221 3481 1617 3536 liberarentur?
1642 3478 1710 3532 In
1740 3478 1948 3546 inferno
1987 3480 2144 3543 enim,
2169 3478 2253 3532 in-

684 3574 798 3641 quit
813 3573 1118 3639 Scriptura,
1140 3571 1258 3638 quis
1280 3568 1609 3634 conﬁtebitur
1624 3567 1811 3620 tibi“?
1829 3566 1991 3634 Sane,
2009 3567 2250 3637 inquam,

683 3662 1040 3732 paenitentia,
1080 3661 1196 3716 sive
1241 3658 1540 3725 confessio,
1588 3659 1765 3714 locum
1797 3659 1995 3714 habere
2024 3660 2160 3714 solet
2198 3660 2253 3713 in

687 3755 753 3806 iis
788 3750 899 3821 qui,
932 3765 961 3803 a
998 3763 1163 3820 prave
1188 3746 1322 3801 actis
1356 3746 1757 3816 resipiscentes,
1798 3747 2018 3816 propria
2059 3746 2251 3802 delicta

686 3846 1015 3901 confitentur
1046 3858 1062 3898 :
1095 3841 1237 3910 quod
1269 3838 1342 3893 ibi
1375 3837 1597 3891 minime
1621 3836 1821 3891 factum
1855 3846 1959 3904 est,
1988 3838 2253 3908 siquidem

660 3936 800 4009 sola
833 3935 965 3988 ﬁdes
1012 3946 1106 3987 eos
1152 3928 1382 3985 salvavit
1428 3928 1523 3996 qui
1566 3928 1622 3981 in
1648 3927 1860 3982 inferno
1884 3929 2250 3984 crediderunt.

685 4028 952 4083 Caeterum
985 4020 1458 4094 apertelegiturin
1478 4017 1734 4089 Epistolis
1757 4020 2071 4088 Catholicis,
2105 4022 2256 4078 Chri-

685 4135 827 4173 stunt
859 4116 1149 4170 incredulis
1188 4115 1240 4169 in
1277 4113 1487 4167 inferno
1523 4112 1867 4181 praedicasse,
1912 4129 2011 4167 nec
2052 4113 2253 4169 frustra

689 4210 1035 4281 praedicasse,
1059 4222 1242 4261 verum
1275 4214 1333 4262 ut
1353 4206 1718 4277 prazdicationi
1747 4206 2032 4261 credentes
2059 4206 2255 4261 libera-

690 4311 793 4356 ret.
825 4299 1312 4365 Quemadmodum,
1339 4300 1463 4353 dum
1489 4298 1544 4350 in
1569 4298 1725 4351 terris
1750 4308 2187 4364 conversaretur,
2214 4314 2245 4352 a

693 4392 932 4462 peccatis
954 4405 1048 4459 per
1069 4389 1528 4457 regenerationem
1563 4388 1827 4443 liberabat
1856 4391 2162 4454 credentes,
2187 4391 2253 4445 ad

688 4484 1038 4552 archetypum
1082 4494 1176 4534 eos
1236 4479 1556 4533 refot'tnans.
1629 4479 1803 4547 lpsiue
1840 4480 2033 4546 Judaa,
2083 4483 2256 4552 inquit

687 4572 983 4637 Caesarius,
1015 4571 1178 4624 etiam
1209 4568 1546 4639 praedicavit,
1579 4569 1738 4638 eique
1764 4568 2075 4624 facultatem
2109 4572 2256 4626 dedit

688 4680 784 4736 per
822 4662 1192 4731 paenitentiam
1240 4675 1422 4715 secum
1464 4660 1826 4714 ascendendi?
1856 4660 1974 4715 Non
2026 4663 2252 4732 opinor,

689 4756 909 4825 inquam
953 4772 967 4808 :
1002 4753 1204 4807 frustra
1239 4752 1380 4806 enim
1417 4752 1607 4807 scienti
1638 4752 1983 4820 prmdicatum
2031 4754 2252 4823 fuisset,

686 4846 952 4915 siquidem
990 4844 1025 4898 ii
1055 4844 1145 4914 qui
1195 4844 1501 4921 baptizandi
1546 4853 1700 4908 sunt,
1742 4847 2132 4917 mystagOgicas
2162 4863 2255 4902 ca-

688 4936 934 4992 teclteses
967 4936 1132 4989 semel
1161 4936 1462 5003 accipiunt;
1491 4952 1654 5006 porro
1684 4934 1881 5001 Judas,
1927 4953 2031 4992 non
2067 4938 2256 5004 modo,

690 5028 820 5084 dum
855 5027 1243 5095 redemptionis
1278 5030 1534 5098 mysterio
1573 5028 1818 5082 initiatus
1863 5038 1972 5097 est,
2018 5029 2147 5084 illud
2176 5041 2259 5085 est

688 5119 992 5188 amplexus,
1020 5134 1211 5173 verum
1260 5118 1425 5172 etiam
1461 5120 1574 5187 ipse
1600 5120 1722 5173 aliis
1760 5122 2088 5190 praedicavit,
2121 5122 2257 5176 divi-

690 5225 866 5280 naque
894 5212 1070 5279 gratia
1098 5210 1349 5279 dignatus
1373 5220 1476 5278 est,
1501 5212 1635 5266 adeo
1654 5223 1711 5267 ut
1735 5214 1993 5269 dwmonia
2028 5215 2251 5285 ejiceret

686 5310 745 5355 et
782 5299 1096 5355 saltationes
1119 5310 1477 5370 Operaretur;
1526 5311 1708 5370 postea
1739 5318 1867 5356 vero
1901 5317 1998 5373 per
2030 5305 2255 5359 liberum

692 5406 805 5447 suae
852 5391 1142 5447 voluntatis
1185 5392 1465 5447 arbitrium
1520 5407 1549 5446 a
1602 5404 1748 5446 recta
1784 5394 1868 5448 via
1921 5394 2194 5451 aberravit
2242 5414 2255 5450 :

692 5480 782 5549 qui
823 5494 891 5535 ne
929 5484 1291 5549 reprehensus
1320 5481 1536 5553 quidem
1567 5497 1594 5534 a
1630 5481 1858 5536 Domino
1887 5483 2099 5541 dicente
2131 5505 2142 5539 :
2180 5485 2256 5540 Tu

769 5656 813 5729 ’ξ
840 5657 979 5714 Psal.
1010 5677 1084 5732 vr,
1116 5664 1170 5718 6.

2349 3221 2413 3274 τὸ
2435 3220 2614 3289 ἅγιον.
2648 3220 2760 3275 Καὶ
2796 3219 2925 3284 τοὺς
2976 3218 3077 3290 μὲν
3110 3218 3494 3279 πιστεύσαντας
3524 3215 3724 3284 ἀνήγαγε
3749 3212 3815 3261 σὺν

2351 3310 2529 3380 ἑαυτῷ
2562 3329 2576 3342 ·
2616 3311 2745 3374 τοὺς
2773 3310 2831 3364 δὲ
2853 3310 3274 3380 ἀπιστήσαντας
3298 3308 3430 3361 statis
3472 3306 3597 3359 κάτω
3622 3300 3757 3354 πάλιν
3776 3300 3816 3351 ἐν

2349 3405 2416 3473 τῇ
2450 3399 2642 3473 πρώτῃ
2664 3400 3025 3455 καταστάσει.
3047 3395 3186 3455 Εἶτα
3205 3400 3355 3455 πάλιν
3370 3394 3473 3451 εῐπέ
3489 3409 3591 3466 μοι’
3616 3390 3709 3445 Kal
3730 3388 3815 3449 πῶς

2351 3489 2462 3548 οἷόν
2490 3510 2551 3546 τε
2564 3487 2633 3564 ἦν
2661 3494 2790 3557 τοὺς
2821 3493 2879 3545 ἐν
2903 3491 3030 3563 ᾅδου
3054 3491 3144 3545 διὰ
3166 3489 3437 3562 μετανοίας
3450 3480 3811 3555 ὲλευθερωθῆναιὶ

2364 3584 2467 3638 Ἔν
2480 3582 2549 3637 δὲ
2566 3583 2646 3650 τῷ
2666 3583 2781 3654 ᾄδῃ
2811 3583 2905 3650 τίς
2923 3582 3415 3653 ἐξομολογήσεται
3439 3595 3527 3634 σοι
3545 3594 3561 3639 ;
3576 3573 3643 3629 Ἦ
3662 3573 3769 3641 τάχα
3787 3570 3809 3635 ἦ

2353 3675 2737 3747 ἐξομολόγησις
2752 3674 2846 3727 ὲπὶ
2860 3673 2968 3727 τῶν
2992 3673 3438 3745 μεταμελομένων
3450 3669 3522 3738 ἐφ’
3532 3662 3601 3730 οἷς
3614 3660 3811 3735 ἔπραξαν,

2353 3765 2448 3819 καὶ
2480 3763 2989 3835 ἐξομολογουμένων
3012 3764 3083 3818 τὰ
3126 3764 3233 3818 ῐδια
3273 3759 3659 3833 πλημμελήματα
3679 3752 3812 3824 χώραν

2351 3855 2488 3927 ἔχει,
2535 3858 2673 3927 ὅπερ
2714 3856 2837 3910 τότε
2863 3836 2953 3909 οὑ⁶
2975 3856 3169 3926 γέγονε
3192 3873 3205 3887 ·
3235 3855 3360 3925 ψιλὴ
3385 3852 3484 3925 γὰρ
3512 3850 3659 3910 πίστις
3686 3845 3808 3898 ἔσωσε

2354 3948 2480 4013 τοὺς
2506 3952 2563 4003 έν
2592 3947 2693 4020 ᾄδῃ
2715 3947 3142 4012 πιστεύσαντας.
3167 3948 3277 4001 Καὶ
3312 3945 3421 3999 ἔστι
3453 3943 3541 4014 μὲν
3562 3938 3699 4008 σαφὲς
3718 3932 3809 4020 ἀνάῄ

2355 4054 2583 4109 γνωσμα
2606 4018 2825 4101 Ῠένήταῖς
2874 4036 3227 4101 Καθολικαίς,
3270 4036 3346 4088 ὅτι
3385 4029 3618 4103 ἐκήρυξεν
3648 4028 3693 4079 ἐν
3720 4018 3806 4094 ᾃδοά

2354 4130 2469 4192 τοῖς
2500 4127 2871 4199 ἀπειθήσασιν
2896 4127 3228 4200 ἀνθρώποις,
3246 4124 3468 4196 ἐκήρυξε
3489 4124 3540 4178 δὲ
3554 4120 3652 4192 ούχὶ
3668 4117 3805 4188 μάτην.

2355 4218 2470 4272 ἀλλ’
2504 4219 2591 4274 ἵνα
2643 4220 2773 4285 τοὺς
2824 4219 3225 4284 πιστεύσαντας
3254 4218 3327 4288 τῷ
3355 4217 3635 4289 κηρύγματι
3664 4204 3805 4280 λυτρώ-

2358 4327 2521 4382 σηται
2547 4326 2562 4342 ·
2598 4310 2790 4383 ὥσπερ
2836 4312 2934 4366 καὶ
2977 4311 3072 4365 ἐπὶ
3123 4311 3221 4381 τῆς
3249 4309 3348 4379 γῆς
3391 4307 3481 4372 ὢν.
3524 4293 3805 4387 “Nam;
3878 4370 3879 4387 ξ

2364 4418 2565 4466 σαντας
2638 4402 2940 4476 ἠλευθέρου
3019 4402 3129 4459 τῶν
3182 4400 3450 4473 προτέρων

2361 4493 2447 4547 διὰ
2497 4494 2601 4564 τῆς
2658 4493 2809 4559 θείας
2863 4495 3301 4565 ἀναγεννήσεως,
3363 4490 3453 4545 ἐπὶ
3582 4486 3643 4541 ἃ(

3429 4568 3685 4712 ὕ

2360 4585 2559 4648 αὐτοὺς
2603 4585 3014 4657 ὰναστοιχειῶν.
3053 4581 3189 4640 Εἶτα
3234 4582 3429 4671 πάλιν.
3574 4570 3581 4579 ’

2361 4675 2440 4747 τῷ
2484 4675 2655 4748 Ἰούδᾳ
2681 4677 2940 4749 ἐκήρυξε,
2971 4677 3067 4732 καὶ
3108 4676 3299 4730 ἔδωκεν
3324 4691 3360 4727 a
3578 4736 3589 4745 _

2367 4765 2659 4859 μετανοίας
2669 4768 3066 4859 Ασυναναϐἦναι
3074 4764 3251 4859 aucti);

2361 4675 2440 4747 τῷ
2484 4675 2655 4748 Ἰούδᾳ
2681 4677 2940 4749 ἐκήρυξε,
2971 4677 3067 4732 καὶ
3108 4676 3299 4730 ἔδωκεν
3324 4675 3589 4749 al

2367 4765 2659 4835 μετανοίας
2683 4768 3053 4839 συναναϐἦναι
3074 4764 3251 4836 amp;
3288 4764 3345 4831 ΚΑ

2364 4853 2464 4920 ξω.
2487 4857 2601 4910 Kal
2623 4856 2732 4929 γὰρ
2763 4859 3017 4929 περιττὸν
3036 4853 3105 4930 ἦν
3142 4854 3216 4927 τῷ
3240 4855 3311 4927 εἷς.

2365 4948 2458 5002 καὶ
2484 4953 2594 5013 τοῖς
2646 4950 2901 5020 μέλλουσι
2926 4948 3355 5020 βαπτίζεσκιη-

2364 5041 2639 5108 αγωγικαὶ
2666 5044 2999 5114 κατηχήσεις
3025 5042 3113 5114 γίν

2362 5131 2451 5183 ὅτε
2473 5131 2761 5203 κατηχήθη
2788 5133 2850 5185 τὸ
2877 5148 3017 5203 μυστ

2363 5219 2548 5284 ἄλλοις
2578 5222 2740 5285 αὐτὸς
2774 5219 3035 5293 ἐκήρυει¹
3572 5224 3587 5255 ¹¹

2362 5309 2504 5364 ὥστε
2550 5313 2646 5367 καὶ⁵
2685 5314 2916 5386 δαίμονα

2366 5403 2596 5477 ὕστερον
2628 5406 2684 5459 δὲ
2722 5407 2813 5460 διὰ
2842 5424 2852 5440 '

2368 5498 2743 5566 μετατραπεὶς
2765 5497 2820 5564 ἐξ

2712 5712 2964 6017 Ι

2712 5712 2964 6017 Ι
