4068 6126
525 234 660 307 iBlb

516 646 654 698 quos
678 632 728 684 in
763 630 971 684 illorum
995 631 1216 699 gradum
1234 631 1472 684 etlucum
1490 629 1819 684 substituere
1843 630 2095 700 dignatus

513 731 596 774 est
624 730 708 774 :et
728 727 959 789 oportet,
987 719 1126 775 sicut
1147 719 1221 774 illi
1241 727 1390 786 tunc,
1410 733 1510 775 nos
1533 733 1746 789 quoque
1772 735 1915 776 nunc
1938 736 2098 775 accu-

515 821 629 866 rate
651 821 706 865 et
731 811 1014 881 diligenter
1041 825 1280 875 servare,
1313 825 1413 866 nec
1439 811 1492 866 in
1523 810 1590 865 iis
1612 826 1733 880 quas
1758 813 1982 868 technas
2008 827 2096 868 so-

512 902 771 971 phisticas
788 917 893 957 non
916 902 1231 966 admittunt,
1249 903 1326 956 uti
1346 903 1638 972 sophistica
1657 902 1968 968 calliditate,
1995 919 2095 959 nec

510 994 682 1048 aleam
711 992 1065 1064 periculosam
1096 992 1278 1063 jacere
1305 1008 1318 1046 :
1342 991 1543 1057 Gratis,
1571 993 1762 1062 inquit,
1794 995 2089 1062 accepistis,

507 1086 671 1156 gratis
694 1087 836 1139 date.
866 1083 988 1139 Non
1017 1083 1340 1153 possidentes
1368 1101 1459 1148 res,
1501 1102 1660 1154 neque
1683 1103 1898 1153 aurum,
1928 1103 2092 1157 neque

505 1185 777 1245 argentum
801 1176 854 1227 in
879 1175 1025 1228 zonis
1046 1176 1226 1229 vestris
1253 1176 1292 1228 ί.
1319 1175 1556 1244 Simplex
1589 1188 1671 1231 est
1695 1186 1748 1230 et
1775 1187 1963 1246 aperta
1993 1175 2092 1231 hu-

501 1263 590 1333 jus
629 1264 868 1318 mandati
918 1265 1091 1330 ratio,
1131 1278 1252 1333 quae
1293 1265 1426 1320 nihil
1474 1266 1639 1321 habet
1677 1267 1912 1335 varium,
1953 1268 2087 1324 nihil

506 1358 647 1427 quod
673 1373 778 1412 non
803 1357 874 1412 sit
914 1356 1072 1412 facile
1099 1368 1151 1412 et
1175 1358 1523 1428 explicatum,
1565 1359 1701 1413 nihil
1733 1360 1880 1429 quod
1905 1362 2088 1430 sophi-

504 1451 638 1504 Stica
667 1451 1006 1520 expositione
1031 1462 1205 1522 egeat.
1237 1452 1284 1506 A
1322 1469 1434 1519 me,
1465 1455 1660 1524 inquit,
1684 1457 1970 1526 accepistis
2001 1458 2088 1512 di-

502 1543 761 1612 gnitatem
792 1544 1099 1599 sacerdotii.
1140 1543 1196 1599 Si
1235 1545 1366 1600 mihi
1407 1561 1505 1616 pro
1550 1549 1666 1616 ipso
1729 1562 1920 1616 parum
1957 1549 2086 1618 quid

500 1632 585 1686 vel
611 1647 862 1702 magnum
923 1634 1163 1691 solvistis
1186 1673 1202 1700 ,
1251 1645 1304 1691 et
1334 1636 1438 1692 hoc
1468 1651 1498 1690 a
1530 1651 1616 1691 me
1641 1638 1918 1692 venditum
1957 1648 2080 1704 est,

500 1739 596 1780 vos
635 1739 856 1796 quoque
914 1726 1090 1797 ipsum
1123 1728 1242 1783 aliis
1276 1729 1494 1784 vendite
1540 1745 1555 1783 :

499 1818 809 1886 accepistis,
825 1833 919 1874 vos
936 1833 1150 1888 quoque
1165 1820 1335 1890 gratis
1352 1819 1498 1874 date.
1516 1820 1655 1887 Quid
1680 1822 1781 1876 hoc
1809 1831 1894 1877 est
1922 1839 2078 1877 man-

499 1909 626 1965 dato
676 1911 955 1979 apertius?
985 1910 1126 1978 Quid
1167 1920 1348 1965 autem
1383 1911 1448 1966 iis
1475 1913 1564 1980 qui
1607 1922 1821 1982 parent,
1854 1914 2080 1969 utilius?

498 1999 590 2056 Vae
617 2001 726 2056 illis
741 2017 798 2056 re
820 2017 941 2056 vera
963 2003 1052 2072 qui
1078 2001 1170 2058 Dei
1190 2002 1386 2057 donum
1403 2004 1710 2074 acquirere,
1728 2005 1813 2059 vel
1838 2005 1962 2059 illud
1982 2020 2078 2076 pro

497 2093 724 2163 pecunia
747 2093 878 2148 dare
905 2095 958 2148 in
988 2094 1224 2148 animum
1247 2095 1527 2150 inducunt.
1556 2093 1613 2148 In
1647 2093 1716 2150 fel
1745 2097 1886 2150 enim
1922 2111 2076 2152 ama-

497 2185 746 2240 ritudinis
769 2196 824 2240 et
845 2185 1116 2241 vinculum
1144 2185 1444 2254 iniquitatis
1467 2187 1526 2253 ii,
1552 2188 1702 2257 juxta
1730 2189 1899 2243 sancti
1932 2189 2077 2246 Petri

494 2274 816 2328 sententiam
839 2275 880 2340 ’,
903 2289 933 2328 a
954 2289 1050 2328 sua
1082 2274 1285 2328 malitia
1312 2276 1689 2344 comprehensi
1722 2287 1867 2332 sunt.

1592 242 1858 305 ’GENNA
1871 245 1981 303 DII
2021 245 2531 310 PATRIARCIUE
2563 250 2671 314 (ΖΡ.

516 360 662 412 enim
695 363 747 409 et
776 352 1144 424 spiritualibus
1172 352 1330 412 donis
1366 354 1505 410 nulla
1533 365 1615 411 cst
1646 371 1768 410 cum
1798 357 2024 410 terrenis
2048 372 2068 412 ε

2204 359 2236 430 ἢ
2271 361 2491 430 χρυσὸν,
2522 364 2555 435 ἡ
2592 380 2714 418 τινα
2754 369 3093 438 περιουσίαν,
3125 371 3298 439 ἄλλως
3338 374 3476 441 δλως
3514 377 3732 452 ὑλικὴν,
3769 386 3800 452 ἦ

520 449 902 520 temporalibus
933 447 1292 502 commutandi
1328 447 1489 503 ratio.
1513 447 1624 501 Hoc
1649 456 1827 502 autem
1862 463 2100 517 praecep-

520 552 630 597 tum
665 557 768 597 non
801 542 972 598 solum
1006 541 1131 605 illis,
1153 538 1247 594 sed
1278 539 1440 595 etiam
1469 540 1625 595 nobis
1655 554 1750 610 per
1785 539 1906 594 illos
1930 541 2097 609 dedit,

1607 1730 1652 1785 si
1687 1738 1866 1785 autem
1909 1732 2081 1800 gratis
2113 1713 2158 1772 Β

3664 265 3806 330 1616

3787 429 3800 455 ι

2203 453 2400 547 γεώδη·
2442 456 2517 527 μὴ
2552 457 2662 529 γὰρ
2694 454 2836 515 εἶναι
2865 463 2973 517 τῶν
3020 466 3380 539 ἐπουρανίων,
3418 476 3514 526 καὶ
3548 453 3801 547 πνευμαξ

2200 546 2366 598 τικῶν
2395 550 2755 620 χαρισμάτων
2783 554 3044 628 ἀμοιϐὴν,
3069 559 3136 612 τὰ
3171 562 3368 633 γεηρὰ,
3397 565 3496 617 καὶ
3529 546 3800 640 ἐπίκήρα.

2201 637 2419 710 Ταύτην
2461 640 2561 711 τὴν
2609 645 2852 717 ἐντολὴν,
2895 649 2956 701 ού
3009 651 3171 720 μόνον
3203 655 3476 721 ἐκείνοις,
3512 659 3654 714 ἀλλά
3711 666 3801 714 καὶ

2199 727 2330 796 ἡμῖν
2363 729 2430 782 δι’
2463 731 2687 786 ἐκείνων
2720 736 3044 805 ἐνετείλατο,
3074 741 3170 804 οὒς
3203 746 3283 806 εἰς
3311 746 3404 799 τὸν
3435 749 3668 802 ἐκείνων
3709 750 3802 820 βα-

2198 819 2336 888 θμόν
2360 838 2441 880 τε,
2473 824 2568 876 καὶ
2599 826 2763 881 τόπον
2787 829 3192 901 ὑπεισαγαγεῖν
3219 837 3560 908 κατηξίωσε·
3594 844 3692 894 καὶ
3725 844 3801 896 δεῖ

2196 911 2449 982 καθάπερ
2485 916 2686 970 ἐκεῖνοι
2717 919 2862 985 τότε,
2890 923 2984 976 καὶ⁸
3014 925 3162 994 ἡμᾶς
3186 925 3283 979 νῦν
3311 930 3561 1001 ἀκριϐῶς
3595 934 3799 1002 φυλάτ-

2194 1016 2310 1053 τειν
2356 1015 2455 1066 τε,
2509 1006 2601 1058 καὶ
2654 1009 3012 1082 παρατηρεῖν,
3067 1016 3163 1068 καὶ
3219 1017 3294 1088 μὴ
3350 1021 3675 1088 σοφίζεσθαι
3733 1026 3798 1077 τὰ

2193 1091 2394 1160 ἆσοφα,
2433 1097 2570 1167 μηδέ
2605 1099 2773 1154 κύϐον
2807 1103 3170 1174 ἀναρρίπτειν
3218 1111 3314 1162 ἐπὶ
3367 1112 3638 1168 κίνδυνον.
3678 1121 3798 1170 Δω-

2187 1186 2359 1254 ρεὰν,
2391 1191 2579 1258 φησὶν,
2611 1191 2876 1260 ἐλάϐετε,
2913 1195 3140 1265 δωρεὰν
3168 1199 3306 1254 δότε
3326 1243 3342 1267 ,
3369 1205 3454 1272 μὴ
3491 1209 3798 1277 κτησάμε-

2191 1294 2285 1367 acet
2312 1282 2567 1348 χαλκὸν,
2603 1285 2761 1353 μηδὲ
2798 1286 3080 1357 dprvpor,
3106 1291 3261 1360 μήτε
3295 1297 3534 1362 χρυσὸν
3560 1301 3653 1365 εἰς
3689 1302 3797 1367 τὰς

2189 1364 2374 1434 ζώνας
2388 1370 2574 1439 ὑμῶν.
2595 1373 2826 1440 Ἀπλοῦς
2856 1379 2952 1432 καὶ
2986 1383 3164 1452 σαφὴς
3179 1386 3205 1437 ὁ
3224 1389 3321 1456 τῆς
3340 1388 3560 1460 ἐντολῆς
3581 1364 3795 1463 ταύτης

2187 1459 2342 1528 λόγος
2357 1463 2526 1528 ἐστὶν,
2546 1467 2701 1522 οὐδὲν
2719 1471 2964 1525 ποικίλον
2982 1474 3140 1544 ἔχων,
3158 1478 3279 1531 οὐδὲ
3297 1480 3649 1551 δυσέςικτον,

2189 1556 2509 1650 σοφιστικῆς
2539 1558 2792 1630 δεόμενον
2821 1563 3137 1637 ἐξηγήσεως
3169 1586 3181 1598 ³
3210 1571 3351 1642 Παρ’
3404 1576 3565 1645 ἐμοῦ,
3594 1581 3784 1650 φησιν,

2186 1643 2440 1741 ἐδέξασθε
2469 1649 2530 1702 τὸ
2559 1652 2658 1722 τῆς
2694 1655 2999 1730 ἱερωσύνης
3028 1660 3267 1732 ἀξίωμα,
3298 1667 3348 1718 εί
3379 1643 3480 1736 μέν
3507 1643 3784 1741 ὺπέρ-αὐέ

2186 1735 2279 1789 τοῦ
2310 1755 2399 1808 μοι
2434 1742 2650 1812 μικρὸν,
2683 1741 2716 1816 ἢ
2754 1748 2896 1817 μέγα
2935 1768 2987 1803 τι
3022 1735 3425 1810 κατεϐάλλεσθε
3446 1798 3461 1823 ,
3494 1762 3593 1814 καὶ
3620 1735 3785 1816 τοῦτο

2188 1827 2318 1926 ὑμῖν
2351 1832 2634 1904 πέπραται
2657 1839 2786 1910 παρ’
2810 1840 2968 1912 ἐμοῦ,
2997 1844 3228 1899 πωλείτε
3258 1850 3354 1902 καὶ
3382 1851 3542 1922 ὑμεῖς
3572 1855 3782 1926 ἑτέροις

2186 1921 2340 2015 αύτόᾎ.
2377 1925 2439 1978 Et
2468 1926 2524 1978 δὲ
2545 1927 2756 1998 δωρεὰν
2780 1932 3066 2003 εἰλήφατε,
3090 1935 3210 1990 δότε
3234 1939 3448 2008 δωρεὰν
3481 1942 3574 1996 καὶ
3599 1921 3773 2015 ὑμεῖς,

2187 2011 2251 2064 Τί
2283 2013 2383 2083 τῆς
2413 2017 2635 2086 ἐντολῆς
2663 2021 2869 2093 ταύτης
2904 2025 3269 2099 σαφέστερον;
3302 2030 3448 2085 Τίδέ
3478 2037 3590 2098 τοῖς
3623 2011 3774 2089 πειθ-

2185 2105 2412 2174 αρχοῦσι
2451 2108 2930 2184 λυσιτελέστερον;
2973 2117 3112 2171 Οὐαὶ
3161 2120 3239 2189 τῷ
3265 2121 3400 2188 ὄντι,
3433 2127 3547 2188 τοῖς
3578 2129 3775 2198 κτήσα-

2189 2193 2311 2246 σθαι
2337 2195 2437 2265 τὴν
2468 2198 2561 2250 τοῦ
2581 2199 2715 2252 Θεοῦ
2742 2201 2974 2272 δωρεὰν,
3012 2206 3043 2277 ἦ
3076 2208 3278 2263 διδόναι
3303 2212 3510 2284 ταύτην
3534 2217 3622 2270 διὰ
3648 2193 3772 2287 χρη-

2184 2285 2370 2352 μάτων
2423 2288 2807 2360 ὑπειληφόσιν.
2856 2296 2953 2360 Εἰς
2996 2297 3106 2371 γὰρ
3151 2301 3313 2372 χολὴν
3360 2308 3626 2376 πικρίας,
3680 2312 3768 2362 καὶ

494 2366 789 2436 σύνδεσμον
830 2365 1045 2428 ἀδικίας
1081 2365 1131 2418 οἱ
1177 2365 1448 2432 τοιοῦτοι,
1493 2367 1630 2420 κατὰ
1661 2368 1759 2440 τὴν
1804 2369 2078 2440 ἀπόφασιν
2119 2374 2212 2428 τοῦ
2245 2379 2402 2448 ἁγίου
2467 2382 2674 2453 Πέτρου
2699 2427 2714 2450 ,
2749 2382 3054 2458 ὑπάρχουσι
3121 2365 3521 2464 συλληφθέντες
3547 2401 3651 2454 ὑπὸ
3676 2405 3765 2471 τῆς

491 2460 699 2513 ἑαυτῶν
737 2459 1122 2532 φιλαργυρίας.

562 2554 715 2610 Unde
759 2563 815 2610 et
850 2565 1162 2610 sanctorum
1196 2566 1252 2612 et
1288 2557 1566 2612 beatorum
1611 2559 1831 2616 Patrum
1869 2572 2072 2619 sanctae

451 2713 454 2720 ι
491 2661 701 2714 magna;
745 2645 935 2715 synodi
967 2647 1319 2701 occumenican
1359 2647 1698 2705 Chalcedone
1729 2663 2070 2724 congregata:

489 2737 614 2791 huic
639 2736 739 2805 legi
775 2736 1068 2792 Dominica:
1114 2740 1368 2793 convenit
1396 2755 1593 2807 canon,
1620 2743 1708 2813 qui
1737 2745 1817 2799 sic
1849 2760 1877 2798 a
1909 2748 2067 2802 nobis

497 2837 680 2897 aperte
705 2827 895 2883 iisdem
931 2829 1114 2885 verbis
1145 2830 1323 2887 editus
1355 2840 1440 2887 est
1482 2851 1496 2887 :

562 3019 580 3052 ι
611 3001 665 3054 Si
695 3001 816 3070 quis
842 3001 1124 3072 episcopus
1146 3002 1390 3070 pecuniis
1417 3006 1812 3062 ordinationem
1849 3008 2061 3076 fecerit,

485 3091 570 3146 vel
609 3107 714 3148 non
771 3092 1015 3147 venalem
1046 3093 1278 3162 gratiam
1307 3096 1374 3148 ad
1421 3097 1787 3153 venditionem
1825 3102 2064 3155 deduxe-

488 3185 648 3249 rit,et
679 3186 921 3254 pecuniis
953 3184 1286 3238 ordinaverit
1324 3187 1657 3256 episcopum,
1696 3190 1779 3244 vel
1809 3193 2064 3260 chorepi-

483 3291 725 3343 sc0pum,
747 3276 827 3330 vel
853 3275 1248 3347 presbyterum,
1270 3275 1356 3331 vel
1379 3277 1686 3344 diaconum,
1709 3279 1790 3333 vel
1823 3281 2059 3351 aliquem

487 3384 674 3423 eorum
708 3369 801 3438 qui
859 3369 912 3422 in
956 3368 1101 3424 clero
1133 3379 1630 3434 connumerantur,
1682 3371 1764 3424 vel
1817 3375 2062 3439 pecuniis

485 3461 746 3527 provehat
777 3474 1140 3524 mconomum,
1173 3461 1253 3514 vel
1288 3459 1650 3525 defensorem,
1687 3462 1770 3515 vel
1806 3477 2058 3530 paramu-

485 3550 721 3616 narium,
749 3549 833 3603 vel
865 3550 1084 3602 omnino
1103 3550 1336 3619 aliquem
1361 3565 1428 3604 ex
1457 3551 1624 3616 clero,
1657 3563 1878 3622 propter
1901 3569 2058 3609 suum

485 3651 644 3709 turpe
679 3640 889 3694 lucrum
935 3658 949 3693 :
995 3641 1086 3710 qui
1135 3641 1236 3696 hoc
1277 3657 1565 3711 aggressus
1611 3659 1734 3698 esse
1782 3648 2061 3706 convictus

481 3732 667 3812 fuerit,
699 3733 762 3786 de
796 3730 1017 3802 proprio
1041 3733 1207 3802 gradu
1237 3734 1419 3787 Veniat
1448 3733 1502 3787 iu
1527 3737 1822 3802 periculum
1847 3757 1860 3806 ;
1889 3748 1942 3794 et
1967 3743 2058 3812 qui

481 3809 762 3879 ordinatur
789 3861 804 3887 ,
839 3823 976 3877 nihil
1013 3838 1078 3877 ex
1112 3825 1488 3891 ordinatione,
1541 3827 1624 3880 vel
1681 3809 2020 3896 promotione
2042 3873 2056 3896 ,

487 3931 604 3985 quat
645 3915 703 3969 fit
728 3915 902 3970 instar
930 3926 1271 3984 mercaturas,
1291 3918 1533 3988 juvetur,
1569 3920 1662 3974 sed
1692 3921 1762 3974 sit
1790 3921 1998 3977 alienus
2026 3941 2056 3980 a

476 4007 772 4077 dignitate,
811 4005 895 4062 vel
937 4009 1258 4074 curatione,
1285 4025 1444 4078 quam
1472 4011 1720 4080 pecuniis
1776 4027 2058 4072 assecutus

476 4109 578 4152 est.
607 4098 660 4152 Si
700 4099 820 4166 quis
871 4109 1051 4153 autem
1086 4099 1171 4154 his
1209 4101 1460 4169 turpibus
1503 4117 1566 4155 ac
1615 4102 1840 4158 nefariis
1892 4105 2056 4162 lucris

475 4197 757 4256 sequester
793 4189 1186 4245 intercessorve
1212 4195 1548 4261 apparuerit,
1579 4195 1624 4248 is
1660 4211 1874 4265 quoque
1906 4197 1948 4252 si
1985 4199 2057 4252 sit

477 4279 705 4335 clericus
730 4322 745 4348 ,
792 4295 820 4334 a
853 4282 1030 4353 primo
1058 4285 1225 4354 gradu
1258 4284 1472 4340 excidat
1507 4302 1522 4340 :
1556 4285 1600 4340 si
1641 4297 1818 4342 autem
1848 4289 2051 4356 laicus,

477 4371 559 4425 vel
593 4372 910 4442 monachus,
940 4375 1452 4430 anathematizetur.
1493 4395 1510 4428 ›

544 4461 913 4518 Pulcherrima
943 4475 998 4519 et
1022 4465 1174 4518 valde
1205 4466 1292 4534 pia
1319 4476 1448 4520 sunt
1483 4465 1642 4537 hujus
1676 4471 1900 4525 canonis
1933 4487 2051 4525 san-

472 4566 680 4609 (lorum
699 4554 914 4610 Patrum
933 4566 1225 4626 praecepta,
1249 4558 1341 4627 qui
1368 4572 1584 4612 omnem
1603 4559 1934 4616 invasionetn
1960 4578 2052 4617 sa-

474 4645 744 4710 tanicam,
794 4645 1228 4716 diabolicumque
1272 4658 1557 4716 conatum,
1611 4651 1700 4719 qui
1754 4652 1805 4704 in
1849 4652 2048 4707 donum

475 4736 762 4806 spirituale
811 4737 1154 4806 intenditur,
1204 4741 1420 4811 repellit
1477 4751 1531 4796 et
1579 4743 1860 4799 rescindit.
1890 4743 2048 4801 Nullo

467 4829 614 4884 enim
659 4829 817 4885 modo
849 4834 963 4885 vult
988 4832 1346 4888 ordinationis
1377 4835 1769 4903 promotionem
1798 4839 2046 4906 pecuniis

467 4930 559 4972 aut
581 4918 726 4984 fieri,
759 4930 849 4974 aut
883 4923 1103 4992 suscipi,
1161 4938 1260 4979 nec
1295 4927 1361 4978 ab
1390 4940 1453 4979 eo
1489 4928 1576 4994 qui
1608 4927 1751 4981 illam
1799 4941 2040 4995 exercet,

469 5027 565 5065 me
599 5011 666 5066 ab
715 5027 778 5066 eo
817 5014 905 5081 qui
947 5015 1306 5070 ordinationis
1352 5018 1750 5084 promotionem
1791 5021 1989 5090 accipit
2028 5041 2041 5077 :

466 5103 560 5155 sed
595 5117 693 5157 nec
727 5113 852 5158 ante
901 5115 1110 5174 tempus
1156 5107 1550 5172 ordinationis,
1603 5123 1701 5164 nec
1736 5120 1892 5178 post,
1929 5113 2043 5164 dari

470 5194 727 5260 pecunias
753 5196 1000 5252 concedit
1031 5213 1046 5252 :
1077 5199 1317 5253 onmium
1347 5199 1489 5254 enim
1519 5201 1570 5253 in
1613 5201 1710 5254 hac
1740 5216 1955 5271 quoque
1989 5219 2044 5258 rc

462 5297 581 5336 esse
610 5288 813 5351 sordes,
839 5302 1230 5359 munerumque
1272 5291 1672 5358 corruptionem
1701 5294 2038 5368 pronuntiat.

2245 2566 2408 2626 Ὀθεν
2439 2574 2534 2627 καὶ
2564 2577 2673 2630 τῶν
2703 2577 2887 2644 ὁσίων,
2927 2581 3018 2634 καὶ
3052 2585 3346 2656 μακαρίων
3374 2589 3639 2662 Πατέρων
3666 2593 3765 2646 τῶν

2178 2659 2275 2729 τῆς
2303 2661 2464 2729 ἁγίας
2492 2665 2586 2717 καὶ
2619 2669 2862 2740 μεγάλης
2895 2673 3286 2745 οίκουμενικῆς
3332 2680 3433 2749 τῆς
3465 2683 3524 2734 ἐν
3555 2683 3768 2754 Χαλκη-

2175 2749 2284 2803 δόνι
2318 2756 2679 2828 συναχθείσης
2699 2801 2715 2825 ,
2738 2761 2822 2831 τῷ
2849 2764 3167 2837 Δεσποτικῷ
3199 2769 3374 2839 τούτῳ
3417 2773 3570 2844 νόμῳ
3605 2778 3764 2848 συνᾴ-

2173 2841 2253 2894 δει
2283 2846 2310 2896 ὁ
2356 2847 2484 2917 περὶ
2507 2849 2699 2903 τούτου
2737 2855 2937 2920 κανὼν,
2971 2856 3030 2920 ὃς
3059 2860 3193 2928 ἡμῖν
3224 2863 3414 2930 σαφῶς
3449 2867 3652 2921 οὑτωσὶ
3682 2868 3764 2922 λέ-

2176 2932 2319 2998 ξεσιν
2351 2939 2540 3004 αὑταῖς
2581 2943 2988 3014 ἐκπεφώνηται·

2250 3045 2268 3078 ι
2309 3029 2377 3080 Εἴ
2401 3048 2483 3093 τις
2515 3033 2813 3100 ἐπίσκοπος
2844 3041 2937 3092 ἐπὶ
2961 3043 3214 3112 χρήμασι
3241 3049 3578 3118 χειροτονίαν
3609 3059 3764 3125 ποιή-

2175 3133 2351 3182 σαιτο,
2383 3122 2475 3173 καὶ
2496 3125 2575 3186 εἰς
2601 3127 2803 3196 πράσιν
2838 3135 3146 3201 καταγάγοι
3176 3137 3276 3205 τὴν
3303 3137 3547 3208 ἄπρατον
3573 3144 3762 3215 χάριν,

2170 3209 2264 3306 καί
2295 3217 2674 3285 χειροτονῆσαι
2722 3219 2814 3272 ἐπὶ
2861 3225 3142 3293 χρήμασιν
3177 3227 3491 3294 ἐπίσκοπον,
3539 3209 3763 3306 ῆηχωρ-

2169 3299 2488 3369 επίσκοπον,
2516 3306 2547 3376 ἣ
2577 3310 2971 3384 πρεσϐύτερον,
3005 3317 3037 3386 ἢ
3066 3316 3322 3384 διάκονον,
3356 3321 3385 3391 ἦ
3419 3322 3606 3393 ἕτερόν
3628 3343 3762 3382 τινα

2167 3391 2275 3444 τῶν
2303 3393 2359 3447 ἐν
2388 3395 2466 3465 τῷ
2497 3398 2684 3470 κλήρῳ
2716 3405 3266 3478 καταριθμουμένων,
3311 3411 3344 3483 ἢ
3387 3415 3759 3484 προϐὰλλοιτο

2166 3481 2258 3532 ἐπὶ
2291 3485 2567 3556 χρήμασιν
2605 3493 2913 3562 οἰκονόμον,
2938 3496 2968 3566 ἢ
2995 3497 3231 3564 ἔκδικον,
3255 3501 3286 3573 ἢ
3311 3508 3754 3576 παραμονάριον,

2166 3571 2198 3642 ἢ
2235 3573 2410 3641 ἄλλως
2438 3580 2562 3634 τινὰ
2585 3583 2678 3635 τοῦ
2706 3585 2934 3656 κλήρου,
2967 3590 3033 3642 δι’
3057 3571 3504 3666 αἰσχροκέρδεια-ν
3523 3571 3752 3663 οἰκείαν,

2163 3666 2191 3718 ὁ
2213 3667 2390 3738 τούτῳ
2418 3672 2776 3746 ἐπιχειρήσας
2804 3679 3080 3756 ἐλεγχθεὶς
3104 3685 3462 3738 κινδυνευέτω
3497 3691 3630 3759 περὶ
3660 3693 3753 3743 τὸν

2163 3757 2363 3814 οἰκεῖον
2390 3761 2622 3833 βαθμόν·
2661 3769 2755 3821 καὶ
2787 3770 2814 3821 ὁ
2838 3773 3340 3844 χειροτονούμενος,
3369 3778 3536 3848 μηδὲν
3563 3783 3626 3833 ἐκ
3652 3785 3752 3852 τῆς

2162 3851 2282 3901 κατ’
2308 3851 2579 3922 ἐμπορίαν
2603 3855 2920 3924 ὠφελείσθω
2954 3863 3295 3932 χειροτονίας
3316 3905 3329 3928 ,
3377 3866 3410 3936 ἢ
3451 3868 3748 3939 προϐολῆς

2161 3939 2275 3996 ἀλλ’
2308 3944 2449 3998 ἔστω
2481 3947 2762 4019 ἀλλότριος
2785 3953 2886 4022 τῆς
2916 3953 3075 4019 ἀξίας
3096 3997 3109 4021 ,
3134 3955 3166 4026 ἦ
3196 3955 3290 4010 τοῦ
3319 3960 3745 4028 φροντίσματος,

2159 4029 2331 4107 οὗπερ
2359 4038 2450 4091 ἐπὶ
2475 4042 2754 4112 χρήμασιν
2777 4043 2988 4116 ἔτυχεν.
3017 4047 3078 4099 Εί
3111 4047 3167 4100 δέ
3205 4067 3292 4109 τις
3318 4052 3412 4104 καὶ
3445 4053 3750 4121 μεσιτεύων

2161 4132 2304 4200 φανῇ
2338 4133 2452 4193 τοῖς
2480 4135 2727 4205 αἰσχροῖς
2756 4137 3000 4205 τούτοις,
3025 4141 3118 4192 καὶ
3141 4139 3428 4210 ἀθεμίτοις
3457 4143 3746 4214 λήμμασι,

2159 4220 2253 4271 καὶ
2281 4215 2434 4284 οὗτος
2457 4223 2506 4274 εἰ
2531 4224 2628 4293 μὲν
2656 4225 2919 4297 κληρικδς
2943 4229 3050 4300 εἴη,
3077 4228 3171 4282 τοῦ
3197 4232 3401 4284 οἰκείου
3435 4234 3750 4287 ἐκπιπτέτω

2161 4306 2395 4378 βαθμοῦ·
2430 4313 2479 4363 εἰ
2501 4312 2560 4365 δέ
2581 4313 2851 4387 labiling
2881 4317 3152 4388 μονάζων,
3181 4319 3696 4391 ἀναθεματιζέσθω.
3728 4342 3743 4371 ι

2227 4481 2510 4538 Κάλλιστα
2537 4487 2632 4541 καὶ
2660 4487 2777 4542 λίαν
2811 4489 3013 4560 εὐσεϐῆ
3043 4488 3140 4544 τοῦ
3160 4493 3398 4567 ,κανόνος
3424 4493 3533 4546 τῶν
3576 4494 3747 4562 ἁγίων

2154 4570 2419 4642 Πατέρων
2458 4575 2696 4645 ὑπάρχει
2726 4577 2795 4630 τὰ
2838 4578 3299 4649 παραγγέλματα,
3341 4581 3524 4633 πᾶσαν
3556 4581 3747 4650 ἔφοδον

2154 4665 2474 4735 σατανικὴν,
2507 4668 2602 4720 καὶ
2633 4669 2742 4722 πᾶν
2775 4671 3086 4741 ἐγχείρημα
3124 4669 3433 4723 διαϐολικὸν
3473 4672 3618 4724 κατὰ
3649 4673 3746 4741 τῆς

2149 4755 2529 4826 πνευματικῆς
2556 4758 2856 4828 φερόμενον
2882 4759 3113 4831 δωρεᾶς,
3142 4760 3519 4830 ἀπωθούμενά
3541 4778 3622 4824 τε,
3657 4766 3746 4815 καὶ

2150 4844 2550 4902 ἀνακύπτοντα.
2595 4851 2668 4902 Ού
2718 4850 2970 4921 βούλεται
3027 4853 3137 4924 γὰρ
3179 4853 3434 4923 οὐδαμῶς
3463 4853 3555 4905 διὰ
3605 4872 3743 4924 χρή·

2155 4933 2341 5002 μάτων
2391 4938 2638 5003 γίνεσθαι
2679 4941 2776 5008 τῆς
2819 4943 3158 5011 χειροτονίας
3201 4943 3300 5014 τὴν
3351 4943 3654 5015 προϐολὴν,
3711 4945 3741 5012 ἦ

2155 5024 2530 5095 ὑποδέχεσθαι,
2552 5028 2674 5082 οὔτε
2699 5032 2849 5103 παρά
2870 5032 2960 5084 τοῦ
2983 5034 3189 5102 ταύτην
3211 5034 3590 5102 ἐνεργοῦντος,
3617 5035 3738 5087 οὔτε

2152 5119 2302 5185 παρὰ
2343 5118 2436 5171 τοῦ
2478 5120 2576 5190 τῆς
2624 5125 2958 5192 χειροτονίας
3003 5124 3099 5196 τὴν
3159 5125 3432 5194 προϐολὴν
3477 5125 3733 5194 ὑποδεχο-

2155 5207 2342 5276 μένου,
2380 5209 2496 5263 ἀλλ’
2525 5212 2646 5265 ούδέ
2689 5213 2794 5284 πρὸ
2823 5214 3018 5286 καιροῦ
3055 5216 3153 5286 τῆς
3195 5216 3533 5286 χειροτονίας
3557 5256 3572 5280 ,
3615 5218 3737 5269 ούδέ

2154 5300 2289 5366 μετὰ
2319 5299 2409 5353 τὸν
2447 5303 2638 5374 καιρὸν
2663 5305 2764 5373 τῆς
2787 5307 3147 5374 χειροτονίας,
3173 5307 3295 5360 οὐδὲ
3324 5308 3469 5362 κατὰ
3495 5308 3589 5360 τὸν
3618 5325 3736 5362 και-

464 5375 555 5439 ρὸν
589 5375 866 5446 αὺτδντῆς
893 5382 1248 5450 χειροτονίας,
1279 5380 1419 5450 ὑπὲρ
1449 5381 1546 5451 τῆς
1576 5382 1915 5452 χειροτονίας
1943 5382 2178 5440 δίδοσθαι
2197 5392 2456 5462 χρήματα
2488 5399 2782 5466 συγχωρεῖ·
2812 5397 3044 5451 καθόλου
3075 5398 3184 5470 γὰρ
3216 5398 3317 5471 τὴν
3339 5400 3432 5452 ἐπὶ
3459 5400 3539 5470 τῷ
3559 5400 3734 5470 πράγει

466 5480 596 5532 ματι
622 5464 796 5536 τούτῳ
825 5469 1146 5538 δωροδοκίαν
1171 5470 1467 5539 ἀπέφηνεν.

563 5668 766 5722 ’ftiatth.
807 5688 915 5736 λιι,
947 5674 995 5739 3,
1031 5676 1080 5729 9.
1163 5678 1181 5706 ’
1214 5677 1335 5731 Act.
1379 5693 1499 5744 vui,
1558 5678 1646 5732 ‘20.
