4068 6126
334 316 467 381 1317

1556 317 1915 379 EPISTOLA
1954 315 2382 378 ENCYCLICA.

3452 292 3591 360 1618

401 426 597 501 Ὅμως
631 430 825 504 ἐπειδὴ
849 429 968 495 νῦν,
999 426 1178 484 καίτοι
1219 427 1502 500 προδήλως
1526 427 1734 482 τούτων
1766 426 1911 482 οὕτω

2085 426 2350 494 Quoniam
2383 431 2562 477 tamen
2599 418 2667 473 iis
2693 419 2764 472 ita
2793 422 2977 486 aperte
3006 410 3293 484 prohibitis
3317 449 3334 476 ,
3365 409 3583 480 quidam

334 521 755 594 κεκωλυμένων,
781 520 1147 594 ἐφωράθησάν
1176 537 1320 583 τινες
1347 519 1489 574 κατὰ
1524 520 1635 574 τῶν
1656 520 1912 574 Γαλατῶν

330 613 750 687 ὀλιγωροῦντες,
777 615 872 670 καὶ
895 613 1328 686 παραϐαίνοντες
1354 612 1420 666 δι’
1438 613 1911 684 αἰσχροκέρδειαν,

331 704 429 759 καὶ
452 708 837 779 φιλαργυρίαν·
860 708 927 761 τά
949 707 1192 777 σωτήρια
1217 707 1412 771 ταῦτα,
1438 707 1533 760 καὶ
1553 706 1914 777 φιλάνθρωπα

340 800 807 869 παραγγέλματα,
841 796 899 852 εὖ
926 801 1068 869 ἔχειν
1095 798 1243 863 ἔδοξε
1266 798 1359 851 καὶ
1391 799 1521 868 ἡμῖν
1551 798 1723 852 ταῦτα
1754 797 1916 852 πάλιν

337 890 755 945 ἀνανεώσασθαι
780 892 918 962 μετὰ
939 892 1035 960 τῆς
1058 889 1220 959 ἁγίας
1257 890 1498 957 συνόδου,
1529 893 1629 962 τῆς
1652 890 1918 962 ἐνδημού-

341 997 441 1049 σης
463 984 520 1035 ἐν
545 983 719 1054 ταύτῃ
740 986 807 1052 τῇ
837 981 1199 1055 βασιλευούσῃ
1242 980 1339 1054 νέα
1375 981 1563 1055 Ῥώμῃ
1587 1022 1603 1049 ,
1631 982 1773 1037 ὥστε
1796 984 1919 1054 δίχα

340 1073 523 1141 πάσης
546 1074 789 1136 ἐπινοίας
808 1114 822 1136 ,
853 1074 947 1127 καὶ
972 1073 1153 1143 πάσης
1187 1073 1544 1145 προφάσεως,
1578 1076 1671 1128 καὶ
1719 1074 1920 1138 παντὸς

344 1165 634 1234 σοφισμοῦ,
671 1165 771 1235 τὴν
797 1166 1060 1236 βδελυρὰν
1090 1164 1320 1235 ταύτην,
1356 1165 1450 1219 καὶ
1480 1166 1656 1237 ἀσεϐῆ
1685 1167 1786 1220 οὐκ
1818 1166 1918 1219 οἷδ’

342 1258 486 1318 ὅπως
512 1256 934 1311 ἐπεισελθοῦσαν
959 1256 1249 1328 συνήθειαν
1276 1259 1395 1323 ταῖς
1426 1260 1762 1327 ἁγιωτάταις
1798 1260 1923 1312 Ἐκ-

343 1347 592 1416 κλησίαις
625 1348 904 1412 παντελῶς
948 1349 1226 1418 ἐκτεμεῖν*
1277 1349 1363 1403 ἵνα
1412 1350 1633 1422 ἀληθῶς
1696 1353 1920 1419 ἁκαπη·

343 1437 529 1490 λεύτου
552 1476 567 1502 ,
610 1438 709 1491 καὶ
739 1438 984 1509 καθαρᾶς
1015 1442 1170 1511 παρὰ
1209 1440 1318 1495 τῶν
1351 1442 1654 1514 ἀρχιερέων
1683 1442 1784 1512 τῆς
1829 1442 1925 1494 ἐπὶ

342 1527 449 1580 τῶν
471 1530 957 1599 χειροτονουμένων
986 1532 1343 1603 ἀναρρήσεως
1368 1533 1679 1606 γινομένης,
1717 1532 1924 1587 ἄνωθεν

342 1618 373 1685 ἡ
405 1617 495 1670 τοῦ
521 1618 837 1688 Πνεύματος
868 1620 1027 1690 χάρις
1054 1623 1329 1692 ἐπιφοιτᾷ·
1361 1615 1437 1676 ὧν
1467 1623 1563 1677 νῦν
1594 1641 1656 1693 γε
1685 1625 1785 1677 οὐκ
1810 1620 1928 1677 οἶδα

339 1709 428 1762 διὰ
465 1709 763 1780 χρημάτων
790 1711 890 1781 τὴν
921 1712 1192 1783 προϐολὴν
1222 1714 1584 1784 ποιουμένων,
1617 1716 1712 1769 καὶ
1741 1716 1801 1768 ού
1830 1717 1927 1786 τῆς

2015 531 2141 576 sunt
2170 519 2223 573 in
2245 516 2556 573 Galatarum
2577 510 2818 566 Ecclesia
2836 506 3157 579 deprehensi
3182 511 3405 576 propter
3433 512 3586 569 turpu
3628 530 3631 535 -
3653 556 3658 562 ,

2015 611 2224 665 lucrum
2261 616 2314 662 et
2343 604 2627 660 avaritiam
2662 601 2778 655 haec
2809 597 3066 654 salutaria
3099 605 3157 649 et
3184 596 3423 648 humana
3446 602 3591 661 ιπερ-
3632 602 3633 609 ‘

2017 713 2169 770 cepta
2203 701 2474 769 negligere
2501 705 2552 752 et
2585 692 2883 764 transgredi
2919 704 3013 743 :ea
3042 702 3256 758 quoque
3278 686 3392 754 ipsa
3428 685 3586 738 nobis

2016 807 2280 850 renovare
2309 792 2483 846 visunt
2523 796 2606 843 est
2638 801 2760 841 cum
2794 786 2896 840 hac
2915 792 3100 839 sancta
3128 780 3355 851 synodo,
3388 790 3507 846 qtae
3528 777 3583 827 in

2017 888 2122 942 hac
2148 893 2410 954 regnante
2437 896 2574 935 nova
2608 879 2800 940 Roma,
2843 890 2984 930 nunc
3019 873 3130 943 agit
3159 889 3173 925 :
3208 882 3267 926 ut
3302 873 3417 925 sine
3447 867 3592 919 ιιιιιιιί

2018 978 2232 1048 penitus
2290 972 2601 1027 inventione
2628 1006 2643 1031 ,
2678 976 2734 1021 et
2783 965 2927 1020 omni
2962 968 3260 1032 praetextu,
3290 958 3596 1027 caliidoque

2018 1075 2329 1124 commento
2352 1104 2368 1131 ,
2400 1061 2622 1132 impiam
2658 1060 2799 1113 hanc
2827 1066 2879 1111 et
2932 1055 3207 1116 odiosam,
3236 1066 3355 1121 qua:
3410 1049 3615 1103 nescio'

2020 1157 2290 1231 quomodo
2312 1155 2364 1209 in
2395 1151 2768 1209 sanctissimas
2790 1147 3059 1203 Ecclesias
3085 1144 3270 1209 subiit,
3308 1153 3602 1198 consuetu-

2021 1254 2198 1308 dinem
2224 1248 2445 1304 omnino
2474 1244 2897 1308 exsciudamus;
2924 1247 2983 1293 ut
3009 1254 3130 1294 cum
3157 1251 3291 1308 pura
3313 1244 3368 1291 et
3395 1237 3599 1303 absque

2020 1344 2126 1400 ulla
2155 1340 2553 1412 canponatione
2582 1350 2778 1391 eorum
2804 1333 2893 1403 qui
2938 1315 3279 1396 ordinantur,
3317 1326 3612 1382 renuntia--

2024 1437 2100 1492 tio
2126 1436 2194 1491 ab
2216 1432 2548 1489 antistitibus
2571 1430 2708 1483 facta
2736 1427 2918 1492 ruerit,
2955 1424 3124 1494 gratia
3162 1420 3397 1491 Spiritus
3423 1418 3597 1473 sancti

2025 1542 2257 1600 superne
2305 1525 2507 1579 veniat.
2563 1522 2768 1588 Quibus
2810 1519 2997 1577 nescio
3047 1532 3115 1571 an
3165 1529 3261 1587 per
3307 1511 3592 1585 pecuniam

2026 1618 2419 1691 promotionent
2464 1614 2810 1675 facientibus,
2840 1619 2895 1665 et
2946 1625 3110 1664 manu
3160 1623 3266 1662 non
3297 1619 3431 1675 pure
3468 1617 3600 1671 ope-

2029 1721 2203 1777 rante,
2243 1712 2308 1763 ad
2352 1724 2476 1764 eum
2506 1708 2596 1776 qui
2635 1699 3253 1776 promoveturjaccedit,
3294 1696 3592 1752 secundum

339 1801 523 1871 χειρὸς
556 1801 814 1872 καθαρῶς
852 1804 1184 1874 ἐνεργούσης
1206 1845 1219 1868 ,
1253 1806 1508 1877 ἐπιφοιτᾷ
1534 1806 1612 1877 τῷ
1643 1825 1922 1878 προχειρι-

2032 1819 2214 1860 vocem
2248 1801 2560 1870 Evangelii,
2616 1807 2671 1852 et
2718 1812 2823 1852 non
2878 1794 3057 1866 potius
3098 1789 3391 1848 retrahitur
3425 1787 3601 1857 gratia

339 1887 556 1959 ζομένῳ
594 1893 734 1943 κατὰ
762 1888 861 1960 τὴν
896 1891 1077 1961 φωνὴν
1108 1891 1204 1944 τοῦ
1241 1892 1597 1963 κηρύγματος
1622 1934 1637 1959 ,
1672 1895 1766 1947 καὶ
1802 1896 1923 1966 οὐχὶ

341 1981 693 2035 συστέλλεται
728 1982 928 2052 μᾶλλον
963 1984 997 2053 ἡ
1043 1984 1138 2036 τοῦ
1181 1984 1336 2051 ἁγίου
1388 1986 1709 2058 Πνεύματος
1739 1988 1921 2057 χάρις.

416 2072 555 2126 "tae;
584 2074 783 2138 τοίνυν,
818 2073 884 2127 τὰ
923 2075 1099 2129 πάντα
1148 2075 1570 2143 θεοσεϐέστατε,
1613 2080 1791 2132 πάντα
1833 2079 1925 2132 τὸν

335 2163 617 2216 ὁντιναοῦν
648 2164 939 2234 ἀλίσκομεν
968 2165 1060 2218 ἐπὶ
1113 2166 1190 2235 τῷ
1215 2168 1440 2239 τοιούτῳ
1464 2169 1570 2222 τινὶ
1602 2169 1922 2234 ἐπίσκοπον,

335 2252 369 2321 ἦ
415 2252 852 2323 χωρεπίσκοπον,
887 2253 919 2323 ἢ
953 2254 1331 2325 περιοδευτὴν,
1376 2255 1408 2324 ἢ
1460 2254 1853 2328 πρεσϐύτερον,
1889 2256 1921 2326 ἢ

333 2344 605 2405 διάκονον,
636 2343 668 2412 ἢ
700 2342 856 2396 ἄλλον
876 2344 998 2397 τινὰ
1022 2344 1225 2414 δήποτε
1251 2345 1344 2398 τοῦ
1379 2347 1624 2411 κανόνος,
1651 2347 1687 2418 ἢ
1713 2346 1923 2414 λαῖκὸν,

335 2433 504 2503 κοινῷ
549 2434 780 2505 δόγματι
815 2434 925 2487 τῶν
960 2436 1264 2507 ἀρχιερέων
1299 2437 1775 2509 κατακεκρίσθαι,
1830 2437 1925 2492 καὶ

334 2528 494 2595 κοινῇ
526 2527 693 2597 ψήφῳ
720 2569 731 2590 ,
772 2526 957 2589 καθὼς
1000 2529 1126 2597 περὶ
1165 2528 1357 2584 τούτου
1407 2529 1501 2583 καὶ
1527 2532 1555 2583 ὁ
1599 2529 1708 2583 τῶν
1754 2530 1925 2596 ἁγίων

338 2617 608 2687 ΙΙσιτέρων
632 2615 811 2671 κανὼν
845 2617 1055 2686 φθάσας
1077 2617 1337 2672 διαλαλεῖ.
1372 2621 1461 2670 Δεῖ
1511 2618 1617 2690 γὰρ
1661 2615 1800 2672 εἶναι
1830 2618 1923 2688 χά-

334 2725 433 2780 ριν
471 2708 569 2778 τὴν
605 2709 784 2778 χάριν,
825 2710 920 2762 καὶ
961 2709 1210 2780 μηδαμοῦ
1255 2709 1562 2779 μεσιτεύειν
1609 2712 1740 2780 παρ’
1786 2710 1924 2780 αύτῇ

334 2798 633 2870 ἀργύριον.
668 2800 848 2852 Ἔστω
877 2799 1058 2852 τοίνυν
1092 2801 1188 2854 καὶ
1216 2799 1361 2853 ἐστιν
1394 2803 1799 2872 ἀποκήρυκτος,
1831 2802 1926 2854 καὶ

335 2892 421 2944 πάι
432 2907 528 2961 σης
558 2891 835 2961 ἱερατικῆς
859 2890 1015 2955 ἀξίας
1043 2908 1123 2955 τε,
1148 2892 1242 2944 καὶ
1261 2892 1602 2962 λειτουργίας
1625 2890 1924 2962 ἀλλότριος,

333 2985 442 3046 καὶ
488 2987 555 3054 τῇ
592 2985 807 3055 κατάρα
844 2983 937 3036 τοῦ
985 2983 1326 3053 άναθέματος
1359 2984 1720 3055 ὑποκείμενος
1746 3025 1761 3049 ,
1796 2985 1824 3036 ὅ
1866 3002 1924 3037 τε

329 3070 551 3140 ταύτην
584 3074 814 3126 κτᾶσθαι
853 3073 938 3126 διὰ
974 3073 1271 3144 χρημάτων
1303 3072 1577 3143 οἰόμενος,
1612 3075 1703 3126 καὶ
1733 3076 1761 3126 ὁ
1791 3072 1923 3127 ταύ-

326 3181 446 3232 την
469 3163 728 3233 παρέχειν
751 3166 843 3217 ἐπὶ
872 3166 1150 3236 χρήμασιν
1175 3164 1436 3234 ύπισχνού
1447 3181 1628 3234 μενος,
1654 3165 1763 3217 εἴτε
1794 3166 1928 3234 κλη-

335 3254 519 3325 ρικιὸς,
547 3254 655 3305 εἴτε
691 3254 875 3316 λαῖκὸς
904 3254 1019 3324 εἴη,
1048 3255 1152 3308 κᾶν
1186 3255 1478 3324 ἐλέγχοιτο,
1516 3253 1617 3307 κᾶν
1658 3254 1732 3324 μὴ
1765 3253 1928 3321 ἐλέγ-

339 3362 496 3415 χοιτο
544 3348 734 3411 ποιεῖν,
795 3347 876 3399 ὅτι
923 3346 1043 3399 ούδέ
1077 3341 1187 3398 οἷόν
1221 3362 1280 3398 τε
1332 3344 1768 3415 ωμϐιϐασθῆναί
1800 3361 1929 3399 ποτε

339 3438 408 3489 τὰ
442 3436 710 3505 σύμϐολα,
741 3437 860 3490 ούδέ
909 3436 1027 3507 Θεῷ
1065 3437 1431 3506 συμφωνῆσαι
1462 3435 1555 3489 τὸν
1594 3438 1926 3507 μαμμωνᾶν,

336 3530 371 3599 ἢ
408 3530 539 3588 τοὺς
563 3527 736 3598 τούτῳ
763 3527 1111 3591 δουλεύοντας
1141 3528 1425 3581 δουλεῦσαι
1449 3528 1588 3597 Θεῷ.
1624 3527 1929 3598 Δεσποτικὴ

337 3620 437 3672 καὶ
475 3615 613 3687 αῦτη
645 3618 790 3671 ἐστὶν
815 3619 1088 3687 ἀπόφασις
1118 3617 1514 3689 ἁναμφίϐολος·
1549 3619 1632 3672 Οὐ
1662 3617 1930 3672 δύνασθε

338 3708 467 3774 Θεῷ
502 3707 836 3775 δουλεύειν,
868 3710 963 3763 καὶ
995 3707 1312 3779 μαμμωνᾷ.

412 3799 643 3862 Τούτοις
683 3801 1107 3872 ἐπιθαρροῦντες
1152 3802 1314 3870 ἡμεῖς
1353 3800 1496 3854 κατὰ
1533 3799 1782 3871 δύναμιν,
1835 3801 1930 3853 καὶ

335 3891 554 3953 τούτοις
584 3893 907 3961 ύπήκοντες,
950 3892 1087 3960 μετὰ
1113 3891 1207 3943 τοῦ
1250 3891 1425 3944 ταῦτα
1455 3893 1747 3962 φήσαντος,
1787 3890 1930 3949 κατὰ

334 3984 447 4034 τῶν
467 3981 644 4033 ταῦτα
662 3981 1123 4050 παρανομούντων
1141 3983 1239 4055 τὴν
1258 3983 1534 4052 ἀπόφασιν
1560 3983 1758 4052 πεποιή
1769 3983 1926 4051 μεθα.

334 4071 694 4142 ιῐιροντισάτω
723 4071 776 4122 δὲ
807 4073 904 4123 καὶ
932 4073 963 4140 ἡ
1004 4071 1069 4143 σὴ
1100 4072 1318 4142 ὁσιότης
1351 4072 1440 4126 διὰ
1476 4072 1659 4144 πάσης
1697 4090 1930 4145 περιφυ-

334 4163 520 4230 λακῆς
551 4159 871 4228 ποιουμένη,
918 4159 1055 4231 δῆλα
1083 4163 1421 4233 καταστῆσαι
1459 4163 1548 4217 διὰ
1578 4164 1929 4235 ἀντιγράφων

334 4255 435 4308 καὶ
473 4254 589 4314 τοῖς
629 4251 733 4304 ὑπὸ
767 4253 824 4305 σὲ
846 4252 1283 4322 θεοφιλεστάτοις
1321 4255 1673 4321 ἐπισκόποις,
1708 4255 1802 4309 καὶ
1834 4273 1929 4309 πε-

338 4345 680 4416 ριοδευταῖς,
714 4344 809 4397 καὶ
842 4348 952 4409 τοῖς
983 4344 1165 4409 ἄλλοις
1190 4347 1415 4403 ἅπασιν·
1451 4348 1537 4401 ἵνα
1570 4351 1627 4402 ἐν
1653 4348 1735 4402 ἐνὶ
1765 4347 1928 4402 πνεύ-

336 4453 476 4504 ματι
500 4474 516 4497 ,
549 4436 641 4487 καὶ
693 4437 792 4506 μιᾷ
823 4435 969 4508 ψυχῇ
1004 4438 1204 4501 πάντες
1235 4438 1370 4507 ὁμοῦ
1410 4440 1730 4510 Χριστιανοὶ
1786 4458 1926 4511 συμ-

334 4525 683 4597 φραξάμενοι
723 4527 863 4580 κατὰ
907 4528 1000 4581 τοῦ
1048 4530 1230 4583 κοινοῦ
1263 4530 1564 4601 δυσμενοῦς
1616 4531 1925 4603 ἰσχύσωμεν

337 4620 438 4671 σὺν
482 4617 603 4687 Θεῷ
625 4657 639 4680 ,
673 4618 772 4689 τὴν
812 4619 902 4672 ὑπ’
934 4619 1144 4675 ἐκείνου
1180 4622 1539 4691 φυτευθεῖσαν
1578 4624 1636 4676 ἐν
1670 4624 1799 4693 ἡμῖν
1826 4625 1925 4693 τῆς

335 4708 707 4778 φιλαργυρίας
763 4711 940 4780 ῥίζαν,
995 4713 1111 4782 ἅμα
1153 4715 1321 4767 πᾶσιν
1366 4715 1555 4778 αὐτοῖς
1583 4714 1693 4768 τῶν
1738 4713 1924 4766 κακῶν

331 4802 451 4862 τοῖς
493 4798 866 4871 βλαστήμασιν
900 4803 1172 4873 ἐκτεμεῖν.
1225 4806 1413 4859 Πᾶσαν
1455 4805 1554 4876 τὴν
1591 4805 1688 4858 σὺν
1737 4804 1819 4857 σοὶ
1866 4805 1925 4857 ἐν

331 4889 562 4958 Χριστῷ
602 4890 937 4963 ἀδελφότητα
987 4894 1402 4965 προσαγορεύω.
1472 4894 1811 4966 Ἐρῤωμένος
1861 4895 1919 4948 ἐν

327 4978 533 5048 Κυρίῳ
563 4981 866 5053 ύπερεύχου
894 4985 1070 5055 ἡμῶν,
1106 4986 1493 5054 θεοφιλέστατε
1525 4987 1742 5054 ἀδελφέ.

409 5071 607 5137 Τούτῳ
634 5072 714 5136 τῷ
749 5075 1178 5145 ἐπιστολιμαίῳ
1215 5080 1379 5146 λόγῳ
1407 5078 1528 5134 σὺν
1555 5080 1713 5147 αὺτῷ
1737 5078 1812 5146 δὴ
1843 5075 1924 5143 τῷ

321 5160 637 5225 Γενναδίῳ
665 5162 1020 5232 ὑπέγραψαν
1053 5169 1150 5221 καὶ
1183 5173 1235 5222 οὶ
1264 5169 1673 5239 ἐϐδομήκοντα
1708 5169 1885 5236 τρεῖς.

2026 1896 2195 1952 sancti
2227 1892 2485 1964 Spiritus.

2100 2076 2253 2132 Scias
2283 2088 2432 2145 ergo,
2468 2089 2501 2128 ο
2532 2072 2614 2127 vir
2648 2067 3059 2137 religiosissime
3085 2074 3141 2118 et
3170 2060 3314 2117 omni
3347 2074 3411 2114 ex
3438 2065 3599 2127 parte

2026 2169 2388 2232 sanctissime.
2419 2167 2562 2237 quod
2594 2171 2905 2235 quicunque
2936 2160 3094 2229 hujus
3125 2155 3404 2212 convictus
3436 2149 3597 2206 fuerit

2026 2264 2329 2334 episcopus,
2354 2259 2438 2314 vel
2460 2257 2901 2327 chorepiscopus,
2935 2251 3018 2305 vel
3049 2252 3240 2312 viator,
3260 2244 3345 2300 vel
3377 2242 3603 2313 presby-

2030 2365 2133 2421 ter,
2170 2353 2249 2409 vel
2287 2353 2573 2416 diaconus,
2603 2334 2686 2401 vel
2712 2345 2889 2416 quivis
2913 2345 3050 2397 alius
3081 2354 3148 2394 ex
3171 2350 3398 2399 canone,
3425 2334 3508 2387 vel
3534 2348 3601 2387 ex

2027 2447 2219 2507 laticis.
2265 2442 2540 2500 communi
2580 2438 2882 2494 antistitum
2945 2434 3184 2497 decreto,
3224 2426 3604 2495 communique

2029 2537 2297 2595 sententia
2349 2537 2745 2591 condemnatus
2798 2536 2912 2591 est,
2947 2526 3091 2580 sicut
3134 2522 3203 2578 de
3237 2521 3338 2575 hoc
3387 2530 3607 2588 quoque

2039 2639 2355 2685 sanctorum
2385 2626 2605 2682 Patrum
2628 2624 2940 2692 praecedens
2959 2632 3134 2674 canon
3157 2612 3415 2682 loquitur.
3437 2609 3606 2678 Opor-

2032 2729 2106 2776 tet
2136 2720 2279 2774 enim
2314 2719 2543 2787 gratiam
2570 2729 2781 2781 semper
2809 2726 2930 2769 esse
2958 2708 3208 2781 gratiam,
3239 2713 3293 2758 et
3325 2708 3602 2770 argentum

2033 2810 2170 2880 apud
2199 2825 2318 2864 eam
2351 2821 2692 2879 nequaquam
2753 2803 3106 2859 intercedere.
3152 2796 3237 2851 Sit
3280 2807 3410 2863 ergo
3455 2790 3604 2845 etab

2031 2901 2177 2957 omni
2216 2899 2543 2957 sacerdotali
2576 2899 2842 2966 dignitate
2883 2905 2939 2950 et
2965 2889 3268 2947 ministerio
3296 2886 3524 2945 alienus,
3551 2889 3607 2934 et

2032 2993 2396 3048 anathematis
2432 2992 2553 3046 loco
2582 2989 2859 3060 subjectus
2879 3027 2892 3051 ,
2934 2984 3026 3056 qui
3054 2991 3107 3036 et
3136 2995 3195 3035 se
3222 2993 3317 3049 per
3344 2972 3605 3046 pecunias

2035 3085 2317 3156 acquirere
2340 3083 2635 3148 existimat,
2665 3092 2720 3135 et
2742 3079 2833 3149 qui
2860 3091 2979 3132 eam
3007 3071 3248 3145 pecuniis
3276 3068 3476 3124 habere
3497 3064 3606 3134 pol-

2036 3177 2249 3242 licetur,
2273 3176 2390 3231 sive
2418 3175 2490 3230 sit
2519 3172 2772 3237 clericus,
2804 3169 2917 3224 sive
2937 3165 3130 3231 laicus,
3161 3162 3277 3218 sive
3298 3159 3402 3214 hoc
3431 3156 3611 3210 facere

2033 3268 2409 3331 convincatur,
2442 3266 2560 3321 sive
2603 3278 2713 3318 non
2750 3275 2765 3315 :
2816 3259 2942 3331 quia
2993 3255 3109 3311 ﬁeri
3157 3267 3264 3308 non
3301 3256 3513 3321 potest,
3549 3253 3609 3296 ut

2033 3358 2357 3413 conveniant
2391 3370 2510 3426 qum
2538 3352 2830 3409 convenire
2866 3355 3176 3418 nequeunt,
3200 3357 3300 3398 nec
3329 3348 3390 3394 ut
3431 3350 3608 3392 mant-

2030 3465 2191 3505 mona
2241 3448 2353 3503 Deo
2385 3446 2724 3510 consentiat;
2760 3442 2846 3497 vel
2875 3438 3054 3510 utqui
3093 3436 3143 3491 ei
3184 3432 3461 3494 serviunt,
3496 3428 3604 3481 Deo

2032 3545 2296 3601 serviant.
2336 3540 2546 3597 Domini
2579 3548 2663 3595 est
2698 3533 2991 3598 sententia,
3033 3529 3123 3587 cui
3160 3521 3462 3584 contradici
3495 3534 3604 3575 non

2030 3644 2207 3707 potest
2236 3651 2255 3690 :
2280 3633 2404 3687 Non
2433 3631 2651 3702 potestis
2674 3627 2782 3683 Deo
2812 3626 3005 3682 servire
3036 3630 3085 3679 et
3112 3634 3423 3676 mammona:
3443 3616 3485 3668 ³.

2102 3810 2212 3865 Nos
2244 3811 2298 3865 in
2329 3808 2414 3863 bis
2453 3821 2551 3878 pro
2591 3804 2796 3859 viribus
2848 3801 3230 3867 consulentes,
3270 3808 3324 3855 et
3352 3800 3434 3854 eis
3482 3813 3601 3854 cre-

2033 3902 2244 3966 dentes,
2277 3914 2402 3954 cum
2431 3913 2498 3952 eo
2532 3897 2621 3966 qui
2647 3896 2762 3949 haec
2790 3894 2960 3958 dixit,
2990 3893 3254 3947 adversus
3282 3905 3376 3946 eos
3414 3890 3505 3959 qui
3549 3891 3605 3944 in

2032 3992 2099 4046 iis
2149 3998 2396 4062 peccant,
2436 3985 2759 4042 sententiam
2808 3983 3154 4053 protulimus.
3188 3980 3304 4036 Tua
3345 3980 3608 4036 sanctitas

2034 4096 2219 4138 curam
2248 4087 2422 4151 gerat,
2460 4076 2607 4133 omni
2659 4075 2903 4131 adhibita
2931 4072 3236 4143 diligentia,
3271 4081 3330 4126 ιιι
3363 4072 3480 4127 haec
3510 4085 3609 4141 per

2034 4175 2357 4244 transcripta
2393 4168 2721 4240 exemplaria
2764 4167 3107 4222 innotescant
3144 4173 3199 4221 et.
3239 4154 3608 4222 sanctissimis

2030 4266 2302 4336 episcopis
2332 4263 2421 4333 qui
2453 4262 2548 4316 tibi
2588 4260 2836 4326 subsunt,
2867 4271 2922 4314 et
2947 4256 3353 4329 περιοδευταῖς,
3400 4265 3453 4312 et
3482 4255 3606 4311 aliis

2032 4358 2283 4414 omnibus
2314 4373 2329 4410 :
2361 4363 2420 4410 ut
2453 4356 2505 4410 in
2536 4369 2645 4408 uno
2671 4352 2862 4422 spiritu
2898 4362 2948 4406 et
2977 4365 3083 4405 una
3114 4350 3292 4405 anima
3319 4362 3508 4405 omnes
3533 4350 3607 4402 si-

2032 4451 2142 4505 mul
2174 4447 2461 4517 constipati
2492 4443 2791 4501 Christiani
2821 4446 3081 4498 adversus
3118 4454 3462 4497 communem
3496 4440 3603 4493 ini-

2031 4543 2251 4606 inicum,
2277 4537 2373 4594 Dei
2399 4536 2619 4600 auxilio,
2642 4534 2913 4604 possimus
2935 4531 3176 4587 avaritire
3201 4530 3460 4595 radicem,
3487 4544 3608 4598 qum

2029 4635 2097 4691 ab
2129 4633 2220 4690 illo
2245 4634 2297 4687 in
2326 4630 2479 4686 nobis
2507 4628 2666 4685 insita
2694 4636 2798 4694 est,
2832 4641 2958 4680 cum
2988 4625 3240 4681 omnibus
3270 4638 3458 4679 eorum
3493 4637 3605 4676 ma-

2029 4727 2202 4783 lorum
2236 4723 2573 4797 germinihus
2628 4718 2968 4776 exscindere.
3015 4716 3242 4771 Omnem
3270 4731 3392 4785 qua:
3426 4712 3602 4768 tecum

2029 4831 2113 4877 est
2143 4821 2197 4875 in
2238 4819 2457 4876 Christo
2485 4814 2879 4871 fraternitatem
2909 4812 3226 4868 salutamus.
3257 4808 3439 4865 Fortis
3461 4806 3606 4861 εκεί-

2027 4923 2175 4970 stens
2211 4912 2265 4967 in
2292 4910 2528 4976 Christo,
2548 4923 2640 4963 ora
2664 4921 2761 4977 pro
2782 4905 2958 4971 nobis,
2990 4903 3336 4961 sanctissime
3370 4900 3561 4956 frater.

2102 5089 2239 5144 Huic
2268 5085 2498 5154 epistolae
2542 5100 2662 5138 cum
2691 5084 2801 5151 ipso
2841 5078 3115 5136 Cennadio
3174 5077 3597 5146 subscripserunt

2026 5185 2185 5239 etiam
2217 5179 2552 5248 septuaginta
2579 5186 2701 5231 tres.

1458 5279 1796 5336 STEPHANI
1833 5276 2111 5334 BALUZII
2149 5269 2449 5328 ADDlTlO.

2025 5394 2343 5465 scriptiones
2367 5388 2776 5458 Episcoporum,
2807 5398 2943 5454 quas
2962 5381 3181 5437 exhibet
3215 5376 3402 5433 Petrus
3428 5374 3594 5429 Lamv

2025 5487 2209 5544 becius
2248 5500 2315 5539 ex
2371 5480 2734 5538 vetustissimo
2785 5477 2971 5534 codice
3020 5490 3122 5529 ms.
3182 5468 3452 5529 Busbekii,
3503 5463 3596 5533 qui

2028 5595 2167 5636 nunc
2212 5584 2458 5635 servatur
2488 5574 2543 5630 in
2599 5569 2924 5628 bibliotheca
2968 5562 3336 5637 imperatoria.
3365 5559 3594 5619 Exstant

398 5386 696 5442 Decretum
764 5390 919 5446 istius
975 5390 1200 5448 Concilii
1267 5395 1530 5453 adversus
1589 5398 1914 5453 simoniacas

308 5477 646 5535 molitiones
679 5490 855 5537 exstat
875 5486 1012 5551 apud
1042 5484 1438 5555 Balsamonem,
1478 5498 1533 5544 et
1559 5490 1684 5544 hinc
1717 5489 1769 5543 in
1796 5489 1914 5544 edi-

308 5567 573 5625 tionibus
610 5570 995 5629 Conciliorunt.
1035 5575 1235 5635 Desunt
1258 5589 1438 5637 autem
1475 5581 1757 5652 utrobique
1785 5581 1915 5637 sub-

383 5686 402 5714 ³
432 5681 481 5736 Μ
512 5686 647 5740 ttlllt.
678 5702 748 5754 Vl,
787 5691 877 5746 24.
