4068 6126
354 286 491 355 1597

1254 298 1720 363 FRAGMENTA
1763 303 1847 365 IN
1882 304 2075 367 ACTA
2110 308 2690 376 APOSTOLORUM.

3484 324 3624 398 1598

350 382 652 471 ὑπερνικᾷν
687 399 748 453 τὸ
786 399 1033 469 ἡλιακὸν
1059 402 1175 473 φῶς
1222 405 1401 460 ἐκεῖνο
1452 410 1634 479 φήσας
1689 409 1927 476 ἀνοῖξαι

2034 430 2148 470 rem
2197 418 2264 471 ad
2311 419 2634 485 aperiendos
2676 423 2864 481 ocuios'
2901 425 3294 499 eorum.(quod
3322 434 3507 501 gentili

349 494 696 563 ὀφθαλμοὺς
709 493 927 560 αὐτῶν,
950 495 1027 563 τῷ
1050 496 1250 569 ἐθνικῷ
1267 497 1673 570 διαλεγόμενος,
1692 502 1934 574 κηρύξαι

346 601 408 636 τε
439 583 591 656 αὐτῷ
622 585 840 656 πρῶτον
865 587 1175 644 ἀνάστασιν·
1195 590 1424 663 νεκρῶν,
1453 593 1728 665 ἐπιφέρει,
1753 595 1846 648 καὶ
1876 594 1938 648 τὸ

346 675 457 730 δεῖν
481 677 759 731 πιστεύειν
798 678 878 750 τῷ
927 679 1077 752 μόνῳ
1121 680 1261 752 Θεῷ,
1310 683 1626 739 ἀποστάντα
1672 686 1795 740 τινὰ
1836 688 1938 758 τῆς

346 766 440 820 τοῦ
464 769 681 822 Σατανᾶ
709 769 939 842 πλάνης·
964 773 1257 842 ἀφίσταται
1288 774 1366 840 δὲ,
1403 777 1451 829 εί
1478 778 1591 842 τοῖς
1617 777 1802 847 λόγοις
1823 780 1936 843 τοῖς

344 857 455 911 τῶν
486 858 994 932 εὐαγγελιζομένων
1019 866 1213 938 πεισθῇ
1241 884 1347 930 τις·
1376 863 1495 922 εἶτα
1522 870 1816 940 καταλέγει
1840 873 1935 927 καὶ

343 949 415 1002 τὰ
461 949 571 1002 τῶν
619 952 824 1007 πιστῶν
868 956 1073 1024 ἀγαθὰ,
1120 958 1219 1030 τὴν
1267 960 1463 1029 ἄφεσιν
1504 961 1612 1016 τῶν
1647 963 1932 1035 ἁμαρτιῶν

344 1042 445 1096 καὶ
466 1042 493 1082 ά
522 1044 662 1114 μετὰ
690 1046 800 1100 τῶν
828 1047 1000 1117 ἀγίων
1027 1049 1496 1121 ὲγκαταλεγῆναι.

420 1153 439 1186 ι
465 1134 648 1201 Ὅθεν,
689 1137 912 1207 βασιλεῦ
931 1140 1236 1212 Ἀγρίππα,
1274 1143 1376 1197 οὐκ
1405 1143 1674 1216 ἐγενόμην
1696 1144 1930 1218 ἀπειθὴς

343 1224 410 1295 τῇ
442 1226 678 1298 οὐρανίῳ
704 1229 963 1302 ὀπτασίᾳ.
1000 1249 1021 1284 ι

427 1316 487 1370 '0
517 1319 731 1385 Παῦλος
759 1322 1006 1393 κηρύξας
1039 1323 1106 1377 δι’
1152 1317 1226 1379 ὧν
1267 1325 1517 1396 κρίνεται
1565 1327 1663 1401 τὴν
1706 1328 1924 1395 πίστιν,

344 1407 441 1460 ἐπὶ
475 1409 617 1463 τέλει
659 1416 756 1465 τοῦ
783 1412 944 1482 λόγου
970 1416 1125 1487 φησὶ,
1169 1418 1259 1489 Τῷ
1289 1418 1404 1492 λαῷ
1433 1422 1524 1475 καὶ
1548 1425 1658 1486 τοῖς
1683 1422 1889 1479 ἔθνεσιν
1907 1440 1922 1456 ·

309 1513 317 1522 '
345 1496 435 1551 ἵνα
462 1500 554 1553 καὶ
583 1500 676 1554 τὸν
707 1504 1020 1576 Ἀγρίππαν
1050 1518 1074 1547 ο
1104 1510 1200 1563 καὶ
1226 1512 1353 1575 τοὺς
1377 1514 1473 1566 σὺν
1510 1514 1659 1585 αὐτῷ
1690 1517 1925 1587 προτρέ-

341 1588 512 1658 ψηται
563 1591 836 1663 ὲθνικοὺς,
889 1597 984 1651 καὶ
1021 1601 1148 1664 τοὺς
1196 1602 1313 1655 ὅσοι
1360 1606 1617 1676 παρῆσαν
1655 1607 1919 1663 Ἰουδαῖοι.

342 1681 453 1770 Καὶ
472 1683 654 1737 πάλιν·
678 1684 875 1753 Ὅθεν,
892 1690 1159 1753 ,βασιλεῦ
1183 1692 1610 1763 Ἀγρίππα,οὐκ
1629 1698 1925 1770 ἐγενόμην

2040 504 2298 577 diccbat),
2324 517 2380 562 et
2412 520 2701 580 postquam
2748 515 2796 569 ei
2840 515 3074 584 primum
3117 519 3386 575 nuntiavit
3435 537 3620 583 resur-

2040 595 2338 652 rectionem
2371 610 2747 667 mortuorum,
2800 604 2950 659 addit
2992 614 3246 675 oportere
3298 624 3461 664 unum
3502 626 3620 667 cre-

2037 687 2164 742 dere
2199 688 2388 757 Deum,
2434 691 2650 747 deserto
2689 694 2960 750 diabolico
2989 711 3198 764 errore,
3224 714 3386 768 quem
3419 701 3621 757 deserit

2036 779 2351 850 quicunque
2396 785 2886 852 evangelizantimn
2930 790 3277 845 sermonibus
3314 790 3473 845 iidem
3523 794 3620 846 ad-

2035 868 2219 939 hibet;
2257 872 2452 949 deinde
2497 875 2734 931 fidelium
2779 878 2919 935 bona
2968 889 3287 947 enumerat,
3340 881 3618 936 remissio-

2035 975 2160 1016 nem
2194 976 2387 1034 nempe
2419 977 2766 1037 peccatorum
2794 979 2851 1026 et
2897 985 3021 1027 cum
3052 972 3255 1029 sanctis
3285 971 3615 1029 adnumera-

2035 1050 2260 1109 tienem.‘

2101 1143 2266 1201 Vsus.
2287 1146 2375 1205 19.
2421 1148 2648 1218 «Unde,
2698 1167 2792 1209 rex
2832 1151 3093 1224 Agrippa,
3148 1167 3260 1209 non
3313 1153 3390 1209 fui
3432 1154 3615 1212 incre-

2029 1234 2188 1291 dulus
2217 1236 2424 1295 caelesti
2451 1240 2669 1296 visioni.
2704 1260 2723 1295 ι

2097 1326 2393 1400 Postquam
2415 1331 2616 1389 Paulus
2656 1334 2823 1390 ﬁdem
2859 1349 3046 1389 eorum
3069 1334 3137 1390 de
3163 1335 3359 1405 quibus
3389 1335 3441 1392 in
3468 1336 3615 1407 judi-

2027 1418 2171 1475 cium
2227 1423 2398 1491 venit,
2447 1425 2779 1495 praedicavit,
2837 1440 3030 1481 versus
3078 1425 3240 1480 tinem
3275 1427 3359 1481 sui
3413 1442 3616 1485 sermo-

2027 1512 2113 1567 nis
2152 1512 2555 1586 dicitzPopulo
2594 1525 2648 1573 et
2694 1516 2968 1586 gentibus,
3017 1515 3393 1587 utAgrippam
3437 1527 3489 1572 et
3519 1518 3613 1588 qui

2024 1616 2146 1659 cum
2173 1619 2239 1659 eo
2267 1614 2425 1660 erant
2453 1607 2705 1677 gentiles,
2726 1617 2779 1663 et
2807 1608 3117 1679 quicunque
3141 1611 3368 1663 aderant
3398 1606 3614 1663 Iudaeos

2024 1695 2363 1752 exhortetur.
2395 1695 2462 1752 Et
2492 1714 2687 1755 rursus
2733 1716 2747 1754 :
2785 1697 2959 1764 Unde,
2991 1716 3083 1755 rex
3110 1699 3369 1772 Agrippa,
3402 1716 3504 1754 non
3532 1699 3616 1769 fui
3729 1699 3732 1703 ’

343 1769 595 1839 ἀπειθὴς
622 1772 698 1843 τῇ
734 1778 993 1846 οὐρανίῳ
1025 1781 1302 1850 ὀπτασίᾳ·
1334 1784 1522 1857 ὥσπερ
1549 1782 1642 1840 οὖν
1673 1788 1784 1857 ἐγὼ
1801 1769 1924 1842 έπί-

2024 1787 2329 1842 incredulus
2373 1789 2571 1843 scelesti
2611 1789 2824 1843 visioni.
2885 1769 3356 1861 Sicutigit'uriego
3380 1789 3609 1857 credidi,

344 1877 567 1928 στευσα,
613 1864 756 1919 οὕτω
779 1868 860 1921 δεῖ
888 1870 908 1907 ί
936 1871 1030 1933 καὶ
1058 1872 1151 1926 τὸν
1178 1874 1447 1930 ἀκούοντά
1474 1895 1602 1948 μου,
1633 1881 1925 1937 πιστεῦσαί

345 1966 467 2039 μοι·
501 1953 561 2005 ού
608 1954 716 2027 γὰρ
740 1958 912 2030 ἀκοὴν
957 1960 1290 2030 ἀπαγγέλλω
1329 1963 1503 2034 λόγων
1543 1968 1777 2039 ἑτέρων,
1808 1970 1923 2025 ἀλλ’

341 2035 416 2096 ὧν
446 2043 557 2113 ἐγὼ
582 2045 791 2115 ῆκουσα
816 2051 911 2105 καὶ
936 2053 962 2091 ε
987 2047 1130 2108 εἶδον
1161 2052 1221 2119 ἐξ
1251 2054 1481 2126 ούρανοῦ
1509 2075 1522 2088 ο
1574 2035 1715 2112 κατὰ
1752 2060 1922 2114 ὀπτα-

342 2132 465 2186 σίαν
483 2134 541 2187 δέ
558 2135 587 2176 h
610 2138 757 2192 ἐστιν
773 2142 806 2210 ή
822 2142 1040 2215 καθαρά
1066 2145 1185 2212 θέα,
1213 2147 1245 2217 ἡ
1277 2147 1687 2219 ὑπερϐαίνουσα
1711 2150 1924 2224 ἀνθρω-

339 2239 460 2277 πον·
492 2224 636 2298 ἅπερ
654 2245 739 2293 τις
761 2231 816 2284 ὲν
841 2236 1006 2304 σαρκὶ
1034 2237 1051 2276 ἱ
1074 2236 1197 2308 δίχα
1225 2238 1319 2291 τοῦ
1341 2240 1798 2311 ἀποκαλυφθῆναι
1827 2243 1923 2297 αύ-

337 2316 431 2369 τοῦ
456 2318 583 2382 τοὺς
612 2321 947 2394 ὀφθαλμοὺς,
975 2327 1075 2381 ούκ
1101 2327 1248 2384 ἔστιν
1273 2329 1403 2384 ἰδεῖν
1434 2331 1680 2398 δυνατός.

415 2426 435 2460 ι
477 2409 540 2463 Ei
572 2412 816 2483 παθητὸς
854 2419 881 2470 ὁ
922 2419 1182 2489 Χριστὸς,
1235 2423 1285 2474 εί
1322 2422 1539 2493 πρῶτος
1578 2424 1639 2490 ἐξ
1682 2424 1921 2481 ἀναστά-

339 2514 478 2563 σεως
506 2503 715 2572 νεκρῶν
739 2544 757 2571 ,
788 2506 906 2576 φῶς
942 2509 1126 2580 μέλλει
1158 2513 1552 2583 καταγγέλλειν
1578 2515 1655 2588 τῷ
1686 2516 1802 2588 λαῷ
1826 2518 1920 2573 καὶ

337 2591 449 2654 τοῖς
472 2588 672 2646 ἔθνεσι.
710 2612 730 2645 ι

411 2684 476 2773 Εἰ
516 2686 787 2753 παθητὸς
830 2692 864 2744 ό
898 2692 1170 2761 Χριστός·
1214 2695 1274 2750 τὸ
1319 2697 1416 2751 τοῦ
1463 2699 1703 2772 Χριστοῦ
1747 2700 1920 2773 ὅνομα

334 2770 784 2866 Θεὸνμένσαρκον,
813 2781 911 2835 σὺν
929 2783 1074 2856 ψυχῇ
1106 2789 1268 2860 νοερᾷ
1293 2770 1531 2862 παρέχον
1557 2789 1570 2842 i
1600 2795 1740 2847 νοεῖν
1760 2770 1915 2866 ἡμῖν,

335 2861 437 2913 οὐκ
468 2859 572 2927 ἔξω
606 2862 787 2934 λόγου,
827 2869 922 2922 καὶ
953 2870 1196 2942 παθητὸν
1231 2859 1394 2929 αὑτὸν
1435 2859 1604 2947 λέγει·
1631 2859 1815 2932 ταῦτα’
1836 2859 1914 2948 δὲ,

335 2953 491 3022 φησὶ,
517 2956 757 3028 Μωυσῆς
784 2961 877 3013 καὶ
907 2962 957 3015 ei
988 2964 1266 3035 προφῆται
1294 2969 1560 3039 προεῖπον
1579 2987 1592 2999 ·
1622 2970 1671 3023 εί
1698 2972 1917 3041 πρῶτος

2028 1879 2103 1934 ita
2153 1891 2208 1934 et
2254 1880 2410 1947 mihi,
2445 1881 2537 1950 qui
2588 1881 2742 1936 audit
2787 1897 2895 1948 me,
2923 1884 3146 1938 credere
3188 1897 3310 1937 eum
3354 1892 3609 1953 oportet;

2028 1985 2134 2025 non
2167 1971 2314 2026 enim
2365 1972 2470 2025 alia
2504 1972 2741 2043 praedico
2798 1988 2960 2042 quam
3015 1987 3133 2043 quae
3163 1975 3341 2029 audivi
3378 1974 3442 2029 de
3471 1973 3611 2029 coelo

2025 2068 2097 2113 et
2125 2059 2254 2116 vidi.
2306 2060 2410 2114 Per
2435 2061 2701 2117 visionem
2734 2074 2917 2119 autem
2968 2062 3115 2119 clare
3141 2071 3460 2133 spectantur
3489 2079 3611 2133 qua:

2025 2164 2188 2221 supra
2242 2151 2519 2208 hominem
2567 2163 2737 2220 sunt,
2793 2169 2915 2225 quae
3004 2154 3109 2211 nisi
3153 2153 3343 2211 oculus
3390 2164 3609 2224 apertus

2023 2242 2210 2310 fuerit,
2242 2258 2473 2301 cernere
2504 2260 2611 2302 non
2634 2254 2835 2316 potest.

2097 2416 2262 2474 Vens.
2295 2417 2388 2474 23.
2457 2437 2477 2472 ι
2538 2419 2598 2475 Si
2645 2419 2922 2491 passibili‘s
2967 2419 3255 2486 Christus,
3311 2420 3355 2477 si
3398 2423 3605 2492 primus

2022 2524 2089 2565 ex
2139 2511 2545 2567 resurrectione
2591 2521 2928 2568 mortuorum
2959 2552 2975 2578 ,
3030 2512 3211 2570 lumen
3251 2516 3605 2571 annuntiatu-

2022 2617 2117 2658 rus
2147 2610 2231 2658 est
2266 2603 2464 2673 populo
2492 2613 2548 2658 et
2574 2606 2847 2675 gentibus.
2877 2627 2896 2661 ι

2094 2694 2159 2751 Si
2199 2696 2465 2766 passibilis
2510 2695 2773 2754 Christus.
2831 2699 3038 2758 Nomen
3066 2700 3266 2758 Christi
3298 2697 3606 2771 significare

2023 2787 2189 2844 Deum
2219 2789 2588 2854 incarnatum,
2618 2806 2740 2847 cum
2764 2792 3018 2855 rationali
3045 2796 3251 2859 anima,
3283 2809 3390 2848 non
3414 2793 3606 2847 absurv

2021 2882 2087 2936 de
2119 2882 2270 2948 dicit,
2307 2880 2699 2953 Christumque
2730 2894 2890 2941 vocat
2921 2887 3269 2957 passibilem;
3318 2899 3459 2955 quae,
3502 2883 3601 2948 ait,

2020 2973 2231 3044 Moyses
2249 2983 2303 3030 et
2319 2977 2595 3046 prophetae
2614 2978 2987 3048 przedixerunt
3007 2996 3021 3033 :
3042 2979 3085 3034 si
3108 2979 3316 3049 primus
3333 2992 3396 3032 ex
3421 2991 3603 3032 resur-

335 3045 396 3137 έξ
418 3047 770 3137 ἀναστάσεως
786 3053 1017 3123 νεκρῶν,
1047 3056 1165 3125 φῶς
1196 3058 1383 3129 μέλλει
1425 3062 1819 3132 καταγγέλλειν
1836 3063 1916 3135 τῷ

2023 3068 2262 3121 rectione
2304 3079 2669 3137 mortuorum,
2709 3070 2895 3125 lumen
2927 3070 3351 3125 annuntiaturus
3382 3076 3465 3122 est
3502 3082 3602 3137 po-

334 3134 468 3207 λαῷ,
506 3139 601 3192 καὶ
632 3143 747 3206 ταῖς
775 3142 956 3198 ἔθνεσι
980 3147 1042 3200 τδ
1068 3148 1142 3213 τι,
1176 3150 1299 3203 ἀντὶ
1331 3151 1449 3216 τοῦ,
1481 3154 1509 3207 δ
1529 3154 1581 3207 τι
1608 3155 1744 3210 ἐστι.
1782 3134 1915 3211 Μως

338 3227 438 3297 σῆς
466 3228 492 3269 k
525 3248 585 3283 τε
615 3228 768 3287 εἶπεν
792 3251 805 3267 ·
828 3237 871 3289 E
877 3238 897 3291 ι
930 3240 1195 3309 παθητὸς
1221 3245 1254 3296 d
1292 3244 1571 3312 Χριστὸς,
1605 3249 1656 3301 εί
1684 3247 1916 3316 πρῶτος

335 3320 404 3383 ἐξ
432 3323 851 3393 ἀναστάσεως·
888 3329 970 3383 ὅτι
1009 3333 1252 3405 παθητὸς
1295 3337 1323 3389 ὁ
1369 3338 1627 3408 Χριστὸς,
1677 3341 1911 3411 πρῶτος.

336 3415 557 3484 Πρῶτος
584 3418 694 3490 γὰρ
727 3413 883 3485 οὗτος
912 3423 1111 3495 ἀνέστη
1136 3466 1153 3491 ,
1200 3427 1294 3482 καὶ
1327 3429 1511 3484 οὐκέτι
1541 3432 1911 3504 ἀποθνήσκει·

333 3509 383 3560 οἱ
408 3509 515 3580 γὰρ
545 3512 878 3579 ἀναστάντες
910 3515 978 3569 δι’
1003 3518 1191 3584 αὑτοῦ,
1229 3520 1262 3591 ἢ
1304 3520 1412 3574 τῶν
1442 3523 1724 3595 μαθητῶν,
1751 3526 1915 3581 πάλιν

335 3600 627 3669 ἀπέθανον,
666 3604 770 3668 ἕως
798 3607 897 3678 τῆς
928 3610 1225 3680 καθολικῆς
1248 3614 1599 3678 ἀναστάσεως
1633 3618 1907 3686 μένοντες.

411 3711 431 3744 ‹
471 3693 529 3747 Ὀ
572 3694 629 3748 δὲ
673 3697 882 3763 Παῦλος
909 3699 1011 3771 ἔφη
1036 3718 1048 3731 ·
1096 3701 1376 3773 Εὐξαίμην
1409 3704 1475 3758 ἂν
1510 3706 1587 3777 τῷ
1617 3707 1736 3778 Θεῷ
1761 3749 1776 3774 ,
1814 3712 1913 3764 καὶ

338 3784 396 3835 ἐν
426 3784 591 3855 ὀλίγῳ
621 3789 713 3841 καὶ
734 3790 790 3841 ὲν
814 3789 1015 3860 πολλῷ,
1050 3791 1111 3844 ού
1143 3793 1300 3861 μόνον
1338 3795 1397 3846 σὲ
1418 3795 1554 3849 ἀλλά
1574 3798 1670 3850 καὶ
1702 3800 1914 3865 πάντας

332 3874 460 3938 τοὺς
518 3877 815 3941 ἀκούοντάς
856 3896 958 3949 μου
1011 3882 1251 3953 σήμερον
1296 3884 1551 3950 γενέσθαι
1592 3886 1867 3953 τοιούτους
1892 3931 1907 3957 ,

334 3969 511 4030 ιποῖος
539 3969 694 4038 κάγώ
728 3973 861 4040 είμι,
894 3974 1165 4043 παρεκτὸς
1192 3975 1302 4028 τῶν
1336 3975 1554 4046 δεσμῶν
1592 3980 1818 4036 τούτων.
1856 4001 1876 4034 ι

402 4060 506 4114 Τὸν
558 4063 771 4117 ὲθνικὸν
819 4068 900 4129 εἰς
948 4068 1133 4123 πίστιν
1179 4069 1346 4125 θέλων
1404 4072 1631 4126 έλκῦσαι
1661 4112 1677 4139 ,
1718 4073 1910 4146 ἤθελεν

330 4152 493 4207 αὑτὸν
527 4157 874 4227 μαρτυρῆσαι
913 4163 1023 4223 τοῖς
1054 4160 1145 4213 ὑπ’
1173 4161 1337 4215 αὐτοῦ
1369 4163 1704 4234 λεγομένοις,
1737 4166 1805 4219 δι’
1834 4160 1910 4220 ὧν

329 4262 516 4314 φησιν,
552 4248 612 4300 Τί
641 4247 903 4303 ἄπιστον
928 4252 1191 4318 κρίνεται
1219 4253 1355 4322 παρ’
1380 4255 1559 4324 ὐμῖν;
1585 4255 1694 4324 ἵνα,
1730 4255 1797 4309 δι’
1831 4250 1908 4310 ὧν

328 4336 490 4400 αὐτὸς
536 4338 804 4408 ὡμολόγει
844 4339 856 4378 ¹
910 4342 1054 4413 σωθῇ
1081 4361 1095 4374 ο
1127 4342 1206 4414 τῷ
1239 4344 1297 4397 δὲ
1324 4345 1443 4414 Θεῷ
1489 4345 1589 4414 τὴν
1620 4347 1720 4417 τῆς
1774 4346 1907 4401 ἀνα-

2021 3159 2147 3228 pulo
2180 3169 2233 3215 et
2261 3159 2532 3230 gentibus,
2573 3160 2703 3230 quid
2732 3161 2824 3226 sit,
2873 3161 2926 3217 id
2961 3170 3067 3227 est,
3102 3160 3227 3230 quia
3251 3170 3367 3214 est.
3393 3158 3603 3230 Moyses

2020 3260 2201 3306 autem
2255 3251 2395 3306 dixit
2453 3268 2468 3307 :
2527 3251 2590 3308 Si
2642 3251 2913 3322 passibiiis
2962 3250 3250 3317 Christus,
3304 3250 3351 3305 si
3399 3252 3597 3320 primus

2017 3359 2082 3398 ea:
2111 3345 2490 3399 resurrectione
2527 3360 2547 3400 :
2574 3345 2847 3415 passibilis
2876 3345 3021 3399 enim
3045 3343 3318 3408 Christus,
3354 3344 3589 3412 primus;

2019 3434 2230 3504 primus
2258 3435 2523 3501 surrexit,
2558 3434 2792 3504 necjam
2823 3434 3091 3501 moritur;
3123 3434 3213 3504 qui
3236 3444 3413 3489 autem
3444 3432 3513 3486 ab
3533 3446 3599 3487 eo

2015 3527 2104 3583 vel
2148 3541 2179 3582 a
2217 3528 2498 3598 discipulis
2535 3528 2653 3599 ejus
2700 3525 3007 3582 resuscitati
3039 3536 3196 3594 sunt,
3234 3541 3424 3582 rursus
3450 3541 3598 3580 mor-

2019 3620 2094 3674 tui
2133 3626 2295 3684 sunt,
2348 3618 2660 3690 generalem
2692 3617 3147 3675 resurrectionem
3191 3625 3597 3687 exspectantes.

2087 3710 2363 3768 Vens.29.
2410 3729 2430 3763 ι
2477 3711 2545 3765 Et
2589 3710 2791 3767 Paulus
2833 3729 2848 3766 :
2893 3709 3036 3779 Opto
3063 3711 3204 3780 apud
3239 3713 3425 3775 Deum,
3461 3712 3596 3764 etin

2018 3802 2235 3856 modico
2264 3811 2318 3857 et
2349 3802 2401 3856 in
2427 3818 2646 3873 magno,
2682 3818 2790 3858 non
2824 3812 3033 3857 tantum
3063 3810 3136 3866 te,
3168 3804 3262 3856 sed
3288 3803 3449 3857 etiam
3479 3817 3597 3856 om-

2016 3908 2113 3947 nes
2140 3892 2230 3961 qui
2261 3892 2511 3958 audiunt,
2537 3893 2700 3948 hodie
2732 3893 2848 3949 ﬁeri
2876 3892 3012 3947 tales
3045 3891 3223 3960 qualis
3254 3902 3307 3946 et
3329 3906 3428 3961 ego
3451 3908 3596 3957 sum,

2015 3983 2259 4052 exceptis
2293 3982 2519 4038 vinculis
2546 3984 2649 4038 bis.
2684 4001 2703 4036 ι

2084 4074 2356 4131 Geutilem
2406 4076 2472 4131 ad
2515 4075 2677 4131 ﬁdem
2728 4078 2944 4132 trahere
2983 4075 3203 4142 volens,
3257 4088 3377 4129 eum
3424 4070 3595 4125 voluit

2021 4168 2389 4222 testimonium
2423 4168 2714 4237 perhibere
2744 4169 2916 4224 dehis
2944 4183 3064 4238 quae
3088 4167 3156 4222 ab
3180 4181 3245 4223 eo
3272 4167 3411 4220 dicta
3437 4171 3595 4217 erant

2014 4257 2282 4329 (propter
2324 4259 2468 4329 quod
2510 4260 2639 4315 dicit
2693 4277 2709 4314 :
2757 4260 2898 4326 Quid
2963 4258 3267 4314 incredibile
3309 4255 3593 4326 judicatur

2011 4349 2151 4419 apud
2181 4366 2269 4404 vos
2284 4351 2357 4417 ?),
2377 4359 2511 4404 utex
2540 4367 2637 4407 sua
2660 4351 3000 4405 confessione
3021 4351 3204 4405 salvus
3223 4350 3340 4415 ﬁat;
3376 4350 3481 4403 Deo
3497 4362 3594 4400 au-

329 4428 573 4491 στάσεως
624 4430 733 4484 τῶν
759 4433 972 4505 νεκρῶν
1007 4435 1344 4506 κατόρθωσιν
1386 4436 1636 4509 ἀφορίζει
1662 4437 1803 4509 πρὸς
1828 4437 1907 4508 τῷ

2018 4453 2119 4497 tem
2185 4453 2519 4496 mortuorum
2582 4442 3041 4497 resurrectionem
3099 4440 3387 4503 attribuit,
3450 4452 3591 4506 prte-

329 4520 533 4589 μηδένα
575 4526 687 4585 τοῖς
719 4524 1034 4595 λεγομένοις
1064 4528 1339 4581 ἀντειπεῖν
1364 4544 1378 4560 ·
1412 4529 1497 4588 τίς
1528 4529 1638 4600 γὰρ
1671 4530 1826 4592 οὗτος
1859 4540 1903 4569 ιιι

324 4609 532 4677 ἠλίθιος
572 4612 604 4683 ἢ
642 4613 957 4686 βλάσφημος
986 4657 1000 4679 ,
1047 4616 1106 4680 ὃς
1137 4617 1459 4688 τολμήσειεν
1489 4619 1686 4683 εἰπεῖν,
1718 4618 1797 4671 ὅτι
1840 4617 1902 4672 ού

323 4700 546 4757 δύναται
575 4707 604 4758 ὁ
628 4705 761 4770 Θεὸς
811 4717 839 4744 η
875 4709 1099 4778 ποιῆσαι
1134 4711 1233 4764 ὅσα
1264 4710 1441 4778 θέλει;
1477 4710 1510 4781 ἢ
1552 4709 1647 4764 οὖν
1674 4709 1903 4774 ἑκόντας

323 4793 625 4851 διαπιστεῖν
655 4799 848 4869 ἤθελεν
871 4802 1113 4866 ἐκείνους
1154 4804 1447 4857 συνθέσθαι
1499 4802 1578 4873 τῷ
1625 4804 1726 4873 τῆς
1766 4806 1901 4858 ἀνα-

324 4887 565 4950 στάσεως
599 4888 761 4961 λόγῳ,
796 4889 829 4961 ἢ
859 4891 949 4944 διὰ
997 4892 1090 4946 τὸν
1136 4892 1299 4961 φόϐον
1341 4892 1434 4945 τοῦ
1487 4893 1562 4964 μὴ
1597 4891 1900 4963 θεομάχους

322 4977 730 5048 ὑποπτευθῆναι
755 4982 973 5044 αὐτούς.

393 5070 645 5123 Δείκνυσι
668 5071 731 5124 τὸ
754 5073 852 5143 τῆς
886 5073 1174 5139 θεοσεϐοῦς
1202 5076 1370 5129 αὐτοῦ
1402 5076 1623 5146 ἀγάπης
1647 5077 1676 5129 ὁ
1704 5076 1891 5146 λόγος·

323 5162 402 5225 είς
429 5162 527 5232 μὲν
557 5162 624 5216 τὰ
667 5163 808 5218 καλά
840 5166 1051 5230 πάντας
1077 5167 1247 5222 θέλων
1274 5169 1565 5232 κοινωνοὺς
1590 5165 1748 5235 εἶναι,
1787 5188 1893 5242 μη-

320 5252 448 5309 δένα
470 5255 526 5307 δὲ
550 5254 700 5326 αὐτῷ
734 5258 1057 5328 κοινωνῆσαι
1081 5261 1160 5322 είς
1185 5258 1418 5330 βάσανον
1443 5260 1477 5330 ἢ
1514 5260 1710 5332 θλίψιν.

386 5416 413 5450 ά
444 5411 504 5465 C.
530 5411 590 5467 C.
626 5412 719 5464 καὶ
744 5412 824 5466 τό.

317 5481 446 5533 ασία
473 5482 550 5537 δέ.

318 5559 345 5588 ³³
380 5554 438 5607 (Σ.
463 5552 524 5606 C.
554 5552 779 5622 ποιῆσαι
807 5555 834 5606 ὁ
863 5552 1014 5617 Θεός.

908 5425 930 5453 θ
963 5413 1024 5491 (ἒἷ
1166 5416 1461 5491 Ἀγρίππα.
1545 5418 1563 5457 τ
1602 5419 1663 5474 (ἶ.
1698 5420 1759 5476 C.
1792 5420 1877 5491 δή.

636 5483 744 5562 [(1.
777 5482 836 5565 Ο..
867 5485 1034 5565 σαρκὶ
1067 5484 1162 5539 ὢν.
1240 5482 1276 5536 Υ
1300 5487 1361 5543 C.
1391 5489 1453 5544 (Σ.
1485 5491 1761 5562 παρέχων.
1829 5482 1855 5530 li
1882 5490 1942 5547 (ἶ.
1966 5489 2027 5547 C.
2063 5495 2318 5565 Μωῡσῆς.

2014 4542 2261 4603 terquam
2319 4547 2479 4588 nemo
2528 4533 2690 4587 dictis
2737 4532 3154 4588 contradicebat
3209 4549 3223 4586 :
3276 4530 3398 4597 quis
3443 4530 3588 4581 enim

2012 4634 2119 4679 tam
2153 4623 2380 4678 stolidus
2433 4632 2528 4677 aut
2571 4624 2921 4691 blasphemus
2947 4663 2961 4688 ,
3021 4624 3112 4691 qui
3170 4624 3351 4675 dicere
3391 4620 3590 4673 audeat

2009 4714 2176 4769 Deum
2207 4730 2544 4784 quaecunque
2566 4716 2697 4770 velit
2725 4714 2908 4770 facere
2931 4730 3039 4770 non
3064 4714 3258 4785 posse?
3294 4712 3399 4766 Eos
3422 4712 3589 4782 igitur

2007 4807 2370 4863 incredulitati
2405 4816 2623 4874 paratos
2656 4807 2773 4862 vult
2805 4808 2909 4863 sibi
2943 4808 3240 4863 conciliare
3288 4807 3585 4860 vel'rcsur-

2009 4898 2267 4953 rectionis
2296 4899 2572 4965 doctrina,
2606 4899 2688 4953 vel
2719 4909 2885 4966 metu,
2918 4915 2989 4955 ne
3016 4901 3070 4954 in
3102 4900 3465 4969 suSpiciouem
3498 4896 3585 4949 in-

2004 4989 2259 5059 surgendi
2288 4988 2345 5043 in
2374 4988 2542 5043 Deum
2572 4990 2841 5045 venirent.
2865 5021 2936 5033 —-
2960 4992 3248 5047 Declarant
3278 4991 3391 5044 haec
3419 4987 3582 5042 verba

2003 5080 2118 5149 ejus
2142 5080 2280 5149 piam
2307 5080 2651 5149 charitatem,
2678 5097 2875 5154 quippe
2900 5086 2988 5156 qui
3012 5093 3163 5153 optat
3185 5095 3375 5137 omnes
3408 5080 3583 5148 parti-

2003 5175 2152 5244 cipes
2182 5175 2297 5229 ﬁeri
2329 5190 2545 5230 suorum
2579 5176 2839 5230 bonorum
2866 5216 2881 5239 ,
2942 5177 3212 5231 neminem
3240 5184 3418 5227 autem
3450 5186 3579 5228 sua-

2003 5281 2120 5319 rum
2154 5267 2524 5322 molestiarum
2555 5276 2648 5322 aut
2678 5269 3109 5321 tribulationum.

1956 5422 2070 5491 3_C.
2100 5421 2158 5476 C.
2187 5424 2281 5476 καὶ
2311 5423 2364 5480 ἆ.
2442 5425 2469 5464 ὶ-
2495 5424 2555 5477 C.
2590 5425 2650 5479 (Ζ.
2678 5421 2904 5491 ούρανοῦ
2936 5421 3073 5474 κατά
3097 5420 3366 5474 ὀπτασίαν
3381 5417 3571 5491 Ἀόπτ-

2405 5495 2510 5548 lG.
2546 5494 2605 5548 C.
2662 5484 2757 5561 ομξ
2813 5492 2952 5560 (sic).
3059 5491 3190 5544 InC.
3242 5491 3300 5545 C.
3369 5484 3580 5557 οὕτως,τ

388 5709 500 5779 \il)
543 5708 782 5765 Cramcri
826 5723 1013 5768 catena
1041 5715 1142 5771 hoc
1190 5715 1449 5770 scltolium
1512 5715 1603 5779 dgtt
1657 5717 2058 5789 Chrysnsmbm.
