4068 6126
372 291 510 360 1599

952 402 1098 459 CAP.
1137 399 1353 457 XXVII.

442 519 603 575 Vsus.
635 519 719 574 10.
787 538 806 571 ι
853 517 1001 584 Viri,
1056 521 1212 576 video
1259 521 1516 590 quoniam
1577 532 1698 572 cum
1751 516 1946 588 injuria

368 620 418 665 et
442 612 611 665 multo
625 610 843 676 damno,
873 626 981 665 non
1001 612 1171 667 solum
1193 613 1377 668 oneris
1394 621 1448 667 et
1469 611 1642 677 navis,
1669 608 1763 666 sed
1781 609 1946 664 etiam

369 703 672 757 animarum
701 713 1049 773 nostrarum,
1088 706 1278 777 incipit
1305 720 1427 761 esse
1456 705 1753 775 navigatio.
1780 721 1799 754 ι

437 792 704 862 Propheta
746 797 889 850 enim
931 811 1053 851 cum
1084 806 1229 852 esset
1255 795 1476 861 Paulus,
1510 795 1778 851 nuntiavit
1800 794 1948 866 peri-

364 884 546 938 culum
597 882 862 954 quod'eis
911 888 964 941 in
1015 889 1133 943 navi
1178 889 1520 956 immineret,
1580 888 1675 944 sed
1712 888 1793 944 eis
1839 903 1945 943 non

364 976 636 1043 persuasit
682 986 739 1030 ut
787 976 839 1031 iu
882 977 1042 1033 Creta
1086 979 1424 1045 biemarent,
1472 996 1579 1036 non
1611 981 1751 1051 quod
1777 979 1948 1036 fatum

364 1080 459 1121 eos
485 1067 551 1119 ad
582 1067 634 1122 id
664 1068 912 1134 traxerit,
948 1070 1040 1124 sed
1071 1070 1283 1140 propria
1310 1070 1574 1126 voluntas.

438 1238 600 1295 Vsus.
628 1242 715 1295 11.
736 1261 754 1293 ι
773 1241 1029 1298 Centurio
1047 1253 1227 1298 autem
1252 1244 1604 1317 gubernatori
1624 1254 1678 1302 et
1695 1248 1949 1305 nauclero

368 1332 538 1421 magis
566 1334 821 1388 credebat
852 1348 1015 1404 quam
1047 1335 1132 1391 his
1160 1352 1279 1407 quae
1305 1353 1335 1392 a
1356 1338 1527 1395 Paulo
1552 1338 1893 1395 dicebantur.
1921 1358 1940 1392 ι

443 1511 617 1569 Ratus
648 1530 838 1585 nempe
887 1517 1061 1586 magis
1090 1518 1419 1576 credendum
1454 1536 1576 1578 esse
1602 1524 1949 1593 peritioribus

308 1653 315 1661 ,
367 1605 732 1674 navigationis
765 1622 924 1675 quam
950 1610 1156 1664 vectori
1188 1610 1333 1667 illius
1350 1615 1487 1669 artis
1515 1615 1734 1685 ignaro;
1766 1617 1950 1687 itaque

366 1711 471 1751 nou
492 1695 610 1764 fati,
630 1699 725 1753 sed
741 1699 1032 1757 voluntatis
1054 1715 1172 1759 erat
1194 1716 1473 1775 peccatum
1500 1726 1512 1761 :
1541 1723 1685 1771 nam,
1703 1723 1824 1763 cum
1843 1712 1950 1765 sci-

367 1804 487 1842 mus
524 1798 714 1844 natura
746 1794 880 1847 duce
912 1794 1213 1863 periculum
1250 1797 1456 1867 fugere,
1497 1814 1677 1854 rerum
1710 1801 1823 1870 ipsa
1852 1817 1947 1856 ex-

365 1880 639 1947 perientia
665 1898 767 1937 nos
794 1884 953 1938 docet
981 1901 1085 1940 non
1111 1889 1308 1941 debere
1331 1904 1659 1958 quemquam
1684 1907 1741 1945 se
1763 1894 1951 1961 praeci-

366 1970 565 2039 pitare,
592 1974 744 2040 quasi
772 1974 954 2034 inboc
978 1991 1081 2030 non
1102 1987 1244 2031 esset
1267 1979 1366 2031 nisi
1384 1980 1607 2034 dubium
1630 1982 1949 2049 periculum,

364 2056 679 2113 aﬂ'erentem
728 2064 890 2117 sortis
916 2071 1009 2117 aut
1058 2063 1153 2119 fati
1191 2066 1514 2134 discrimen;
1567 2068 1712 2138 quod
1748 2080 1949 2136 tamen,

366 2148 482 2205 sive
505 2149 760 2219 dormiat,
793 2154 909 2210 sive
941 2155 1159 2225 vigilet,
1203 2158 1335 2211 nihil
1365 2168 1543 2228 potest
1573 2161 1832 2218 adversus
1859 2163 1953 2217 bo-

367 2243 531 2297 minis
556 2243 885 2300 voluntatem
907 2285 923 2312 ,
977 2262 1099 2319 quae
1142 2264 1250 2318 quo
1290 2250 1425 2318 vult,
1458 2266 1518 2305 ea
1550 2267 1668 2321 quae
1697 2253 1795 2309 sibi
1823 2256 1953 2310 sub-

365 2336 628 2405 jiciuntur
674 2337 880 2408 dirigit,
914 2339 990 2395 uti
1018 2340 1263 2397 fecerunt
1286 2342 1378 2412 qui
1404 2358 1525 2398 cum
1547 2342 1716 2399 Paulo
1736 2346 1956 2416 naviga-

370 2428 538 2492 bant;
564 2430 643 2485 sic
670 2429 814 2484 enim
843 2432 1140 2487 secundum
1166 2447 1319 2488 suam
1344 2434 1676 2491 voluntatem
1700 2439 1951 2507 agebant,

370 2527 432 2571 ut
480 2518 661 2574 statim
708 2518 923 2576 favente
962 2528 1120 2576 vento
1169 2521 1332 2576 laetati
1382 2532 1527 2588 sunt,
1569 2525 1712 2580 sicut
1755 2525 1953 2581 dictum

372 2619 485 2665 est:
505 2610 772 2677 aspiranle
802 2602 977 2666 autem
1001 2622 1206 2680 austro,
1228 2615 1597 2669 existimantes
1632 2619 1956 2686 praposilum

375 2715 429 2758 se
486 2709 683 2768 tenere,
742 2716 933 2758 eorum
981 2703 1418 2760 incredulitatem
1485 2721 1721 2777 arguens
1760 2707 1959 2764 Paulus

374 2790 501 2846 dicit
556 2809 570 2847 :
618 2792 902 2863 Oportebat
949 2796 1183 2867 quidem,
1213 2812 1243 2852 ο
1297 2797 1415 2866 viri,
1474 2800 1655 2855 audito
1714 2814 1816 2865 me,
1855 2815 1957 2853 non

375 2883 577 2941 solvere
603 2902 635 2940 α
667 2885 842 2943 Creta.

1529 280 1868 345 ᾹΜΜΟΝΙΙ
1908 275 2442 339 ALEXANDRINI

3498 259 3643 336 1600

2630 386 2881 441 ΚΕΦΑΛ.
2924 385 3049 439 κζ’.

2127 522 2145 556 ‹
2200 502 2452 572 Ἀνδρες,
2489 499 2683 572 θεωρῶ
2726 500 2809 553 ὅτι
2856 497 2997 568 μετά
3039 495 3250 567 ὖόρεως
3294 492 3390 546 καὶ
3438 489 3644 561 πολλῆς

2049 592 2276 665 ζημίας,
2305 594 2367 647 οὺ
2408 591 2569 663 μόνον
2598 590 2694 645 τοῦ
2728 589 2956 660 φορτίου
2995 586 3091 641 καὶ
3132 583 3226 638 τοῦ
3262 582 3470 647 πλοίου,
3504 581 3645 635 ἀλλά

2050 686 2147 740 καὶ
2172 685 2278 740 τῶν
2297 683 2486 755 ψυχῶν
2509 684 2543 755 ὴ
2553 683 2693 754 μῶν,
2724 680 2940 753 μέλλειν
2967 676 3188 732 ἔσεσθαι
3224 674 3317 729 τὸν
3344 672 3529 727 πλοῦν.
3582 691 3605 724 s
3631 672 3649 698 '

2121 777 2417 850 Προφήτης
2445 775 2556 846 γὰρ
2597 773 2696 839 ὢν,
2727 769 3025 844 ἀνήγγειλε
3050 769 3143 821 τὸν
3174 767 3433 837 ὲσόμενον
3459 765 3519 817 ὲν
3563 762 3647 833 τῷ

2049 871 2223 944 πλοίῳ
2264 871 2509 926 κίνδυνον
2539 867 2752 932 Παῦλος
2777 881 2791 895 ⁸
2828 865 2924 920 καὶ
2951 861 3258 935 παραινῶν,
3288 860 3387 914 οὐκ
3420 856 3645 911 ἔπειθεν

2049 966 2251 1029 αὐτοὺς
2282 966 2341 1018 ὲν
2379 963 2577 1037 Κρήτῃ
2606 958 3049 1033 παραχειμάσαι,
3078 956 3140 1009 οὑ
3164 956 3264 1025 τῆς
3292 951 3644 1024 εἱμαρμένης

2050 1057 2249 1121 αὐτοὺς
2289 1055 2370 1119 είς
2414 1053 2575 1108 τοῦτο
2608 1050 2938 1122 είσαγούσης
2972 1055 3021 1115 ο,
3073 1046 3213 1102 ἀλλά
3268 1045 3370 1116 τῆς
3425 1041 3642 1099 ἑαυτῶν

2050 1146 2298 1220 γνώμης.
2634 1235 2641 1237 _
2868 1231 2893 1237 _
3020 1228 3045 1237 Δ
3163 1229 3174 1237 ι
3358 1224 3472 1237 ι,

2129 1257 2150 1291 s
2213 1238 2271 1292 '0
2299 1238 2357 1293 δὲ
2385 1235 2795 1307 ἑκατοντάρχης
2825 1231 2903 1304 τῷ
2939 1228 3258 1301 κυὸερνήτῃ
3286 1227 3482 1296 καὶτῷ
3504 1241 3643 1279 ναυ-

2052 1331 2241 1403 κλήρῳ
2276 1330 2478 1402 μᾶλλον
2514 1327 2788 1393 ἐπείθετο,
2820 1326 2853 1397 ἢ
2886 1328 2998 1389 τοῖς
3031 1321 3137 1376 ὑπὸ
3173 1319 3271 1374 τοῦ
3305 1318 3522 1373 Παύλου
3550 1317 3646 1370 λε-

2050 1421 2326 1493 γομένοις.
2378 1439 2398 1473 ι

2121 1510 2380 1582 Νομίζων
2441 1511 2522 1563 ὅτι
2569 1509 2652 1562 δεῖ
2706 1505 2907 1579 μᾶλλον
2960 1505 3074 1568 τοῖς
3124 1502 3408 1574 ἐμπείρως
3456 1501 3647 1572 ἔχουσι

2051 1605 2189 1679 πρὸς
2218 1605 2279 1659 τὸ
2308 1604 2464 1658 πλεῖν
2495 1600 2818 1662 πείθεσθαι,
2873 1598 2907 1668 ἢ
2948 1596 3188 1667 ὲπιὸάτῃ
3216 1594 3433 1665 ἀπείρῳ
3458 1610 3648 1646 ναυτι-

2052 1698 2155 1768 κῆς
2178 1712 2191 1725 ³
2216 1696 2356 1750 ὥστε
2375 1692 2469 1750 οὖν
2495 1693 2719 1764 γνώμης
2741 1686 2809 1762 ἦν
2831 1690 2922 1744 καὶ
2944 1688 3005 1742 οὐ
3038 1687 3208 1757 τύχης
3233 1685 3294 1739 τὸ
3312 1684 3644 1756 ἁμάρτημα⁸

2052 1790 2135 1843 ὄτι
2165 1787 2274 1858 γὰρ
2307 1786 2532 1857 οἴδαμεν
2560 1783 2700 1837 κατά
2723 1781 2885 1850 φύσιν
2912 1780 3181 1849 ἐκφυγεῖν
3204 1776 3472 1840 κίνδυνον,
3503 1772 3648 1843 αὑτὴ

2052 1880 2086 1950 ἡ
2111 1880 2273 1951 πεῖρα
2295 1876 2404 1931 τῶν
2425 1875 2777 1948 πραγμάτων
2795 1871 3042 1926 διδάσκει
3065 1870 3142 1942 μὴ
3169 1865 3647 1937 κατακρημνίζειν

2053 1971 2247 2025 ἑαυτόν
2278 1986 2421 2037 τινα,
2455 1970 2531 2033 ὡς
2556 1965 2951 2037 ἀναμφιϐόλως
2981 1963 3072 2017 τοῦ
3105 1961 3433 2031 πράγματος
3453 1957 3644 2014 ,κίνδυα

2054 2078 2142 2116 νον
2191 2060 2481 2132 φέροντος,
2535 2057 2634 2128 τῆς
2671 2056 2854 2128 ,τύχης
2914 2054 3011 2108 καὶ
3066 2052 3412 2124 εἱμαρμένης
3471 2048 3646 2102 εἰπὼν

2054 2145 2334 2222 προῦπτον
2354 2146 2736 2218 κοιμωμένης,
2763 2146 2796 2216 ἢ
2826 2141 3214 2215 γρηγοροὺσης
3246 2141 3367 2212 μὲν,
3393 2139 3561 2210 μηδὲν
3585 2138 3644 2192 δὲ

2054 2242 2362 2314 δυναμένης
2392 2237 2831 2310 ἀντιπράξασθαι
2853 2235 2997 2290 κατά
3015 2235 3116 2305 τῆς
3136 2232 3515 2305 προαιρέσεως
3540 2229 3645 2299 τῆς

2053 2335 2163 2389 τῶν
2221 2332 2560 2405 ἀνθρώπων
2614 2328 2738 2383 καθ’
2787 2328 2854 2399 ἢν
2884 2318 2929 2395 ᾧ
2985 2325 3051 2379 ἂν
3087 2323 3417 2394 βούλωνται,
3443 2319 3514 2374 τὰ
3556 2320 3643 2388 ἐφ’

2057 2425 2258 2496 ἑαυτῆς
2294 2434 2324 2475 P
2357 2423 2664 2493 πράγματα
2691 2420 2887 2489 ἄγουσι
2918 2417 3013 2471 καὶ
3039 2416 3325 2488 φέρουσιν,
3359 2412 3433 2476 ὠς
3470 2412 3563 2464 καὶ
3589 2411 3641 2463 οἱ
3708 2486 3713 2491 ῳ

2059 2518 2156 2571 σὺν
2188 2514 2266 2587 τῷ
2306 2513 2508 2585 Παύλῳ
2540 2509 2910 2582 ἐκδημοῦντες
2935 2525 2948 2538 ·
2983 2506 3129 2560 οὕτω
3175 2504 3234 2558 δὲ
3262 2501 3407 2558 κατὰ
3448 2500 3657 2572 προαί-.

2062 2626 2211 2681 ρεσιν
2231 2607 2520 2678 ἔπραττον,
2543 2604 2627 2658 ὅτι
2657 2601 2860 2664 εὐθέως
2888 2596 3200 2668 ἐπιτηδείου
3228 2594 3491 2665 τυχόντες
3517 2590 3643 2646 ἀνέ-

2063 2719 2163 2772 μου
2194 2700 2413 2771 ἔχαιρον
2444 2695 2588 2751 κατά
2615 2694 2676 2749 τὸ
2711 2693 2874 2767 ῥητόν
2899 2708 2913 2724 ·
2952 2691 3099 2763 φησὶ
3136 2688 3269 2759 γὰρ,
3315 2683 3648 2739 Ὑποπνεύ-

2059 2808 2286 2857 σαντος
2337 2789 2407 2843 δὲ
2444 2789 2649 2855 νότου,
2697 2785 2987 2851 δόξαντες
3030 2779 3144 2850 τῆς
3173 2779 3514 2849 προθέσεως
3549 2791 3646 2831 κε-

2060 2882 2453 2953 κρατηκέναι,
2484 2874 2561 2936 ὧν
2601 2880 2664 2932 τὸ
2693 2877 2918 2941 ἀπειθὲς
2967 2873 3316 2944 κατελέγχων
3365 2872 3395 2925 ό
3437 2868 3657 2933 Παῦλόςη

2062 2993 2227 3047 φησιν
2245 2992 2258 3005 ·
2292 2974 2457 3030 Ἔδει
2479 2972 2616 3045 μὲν,
2637 2982 2666 3022 (ι
2692 2969 2928 3038 ἄνδρες,
2970 2961 3500 3036 πειθαρχήσαντάς
3525 2979 3646 3033 μοι,

1897 3045 1903 3051 1
1986 3086 2029 3146 α
2174 3067 2506 3138 ἀνάγεσθαι
2539 3064 2656 3122 ἀπὸ
2683 3062 2797 3132 τῆς
2825 3060 3087 3131 Κρήτης.

449 3141 722 3199 VensJEi.
770 3162 791 3198 ι
835 3143 1080 3217 Cumque
1122 3157 1339 3217 arrepta
1372 3158 1515 3204 esset
1549 3151 1723 3218 navis,
1765 3160 1819 3205 et
1850 3167 1957 3207 non

377 3244 561 3301 posset
600 3232 845 3304 aspicere
874 3244 1067 3291 contra
1100 3244 1321 3292 ventum
1340 3277 1357 3304 ,
1394 3237 1520 3292 data
1550 3252 1686 3292 nave
1717 3237 1953 3308 ﬂatibus,

376 3321 706 3380 ferebamur.
732 3341 752 3377 ι

444 3413 679 3487 Cumque
724 3426 938 3488 arrepta
960 3426 1091 3473 esset
1117 3417 1286 3484 navis,
1317 3428 1365 3472 et
1406 3433 1509 3472 non
1537 3426 1707 3486 posset
1733 3419 1964 3489 aspicere

378 3515 566 3559 contra
589 3514 826 3562 ventum.
862 3507 980 3561 Non
1010 3516 1230 3576 oportet
1259 3507 1314 3561 in
1345 3506 1646 3577 Scripturis
1674 3509 1961 3564 verborum

381 3597 771 3666 proprietatem
799 3598 1084 3667 requirere
1116 3614 1130 3651 :
1154 3598 1428 3667 quomodo
1450 3598 1595 3652 enim
1625 3599 1845 3668 proprie
1868 3614 1966 3669 po-

386 3693 493 3740 test
518 3686 768 3755 usurparl
799 3687 867 3743 de
893 3687 1015 3742 navi
1051 3702 1154 3744 vox
1183 3687 1416 3756 aspicere
1442 3697 1628 3741 contra
1650 3727 1665 3753 ,
1705 3701 1827 3757 qua:
1862 3687 1963 3743 bo-

381 3776 512 3831 mini
540 3777 836 3833 convenit?

452 3866 617 3924 Vens.
640 3868 732 3923 24.
779 3887 799 3921 ι
834 3869 904 3923 Et
933 3882 1062 3926 ecce
1091 3868 1314 3925 donavit
1347 3868 1444 3926 tibi
1470 3869 1612 3927 Deus
1645 3885 1836 3930 omnes
1864 3874 1956 3943 qui

380 3960 571 4029 naviga
580 3970 638 4014 ut
667 3969 840 4016 tecum
852 3998 866 4012 .
893 3978 913 4012 ι

451 4051 675 4107 Donavit
710 4054 804 4108 tibi
838 4055 977 4111 Deus
1011 4072 1211 4113 omnes.
1252 4057 1403 4114 Unde
1435 4054 1630 4111 falsum
1659 4056 1801 4127 quod
1831 4056 1964 4114 dicit

384 4142 652 4199 llomerus
684 4161 700 4199 :

386 4252 612 4309 Nullum
640 4256 901 4312 hominem
928 4259 1046 4314 dico
1076 4277 1227 4331 posse
1255 4262 1370 4330 fata
1392 4261 1638 4332 eﬁ’ugere,

2143 3183 2162 3217 ι
2201 3160 2686 3234 Συναρπασθέντος
2716 3156 2775 3211 δὲ
2811 3153 2908 3209 τοῦ
2942 3151 3155 3216 πλοίου,
3189 3151 3284 3206 καὶ¹
3315 3147 3391 3221 μὴ
3413 3145 3649 3217 δυναμέ-

2065 3272 2158 3309 νου
2190 3248 2697 3323 ἀντοφθαλμεῖντῷ
2722 3248 2932 3319 ἀνέμῳ,
2966 3243 3238 3323 ἐπιδόντες
3258 3238 3591 3311 ἐφερόμεθα.
3620 3254 3641 3287 s

2137 3428 2687 3500 Συναρπασθέντος
2715 3424 2785 3480 δὲ
2815 3423 2925 3480 τοῦ
2952 3420 3191 3486 πλοίου,
3225 3414 3324 3471 καὶ
3344 3414 3431 3485 μὴ
3463 3412 3650 3467 δυνα-

2059 3521 2252 3592 μένου
2288 3518 2736 3592 ἀντοφθαλμεῖν
2778 3516 2861 3582 τῷ
2893 3515 3127 3584 ἀνέμφο
3162 3509 3305 3564 ὥστε
3328 3506 3392 3560 οὐ
3427 3505 3510 3559 δεῖ
3550 3520 3649 3559 κυ-

2068 3612 2368 3685 ριολεκτεῖν
2407 3613 2662 3666 ἀπαιτεῖν
2691 3608 2793 3679 τὴν
2823 3606 3047 3679 Γραφήν
3073 3620 3087 3635 ⁸
3123 3601 3247 3657 tersi.
3277 3599 3397 3663 πῶς
3422 3597 3647 3652 δύναται

2065 3704 2272 3775 κυρίως
2312 3703 2406 3757 ἐπὶ
2429 3703 2616 3758 πλοίου
2637 3701 2823 3756 λαϐεῖν
2866 3699 2967 3770 τὴν
2995 3695 3141 3762 λέξιν
3171 3693 3264 3748 τοῦ
3299 3691 3649 3760 ἀντοφθαλ-

2067 3794 2221 3861 ιιεῒν,
2249 3795 2384 3849 ὅπου
2411 3795 2503 3848 ἐπὶ
2530 3793 2820 3866 ἀνθρώπου
2852 3789 3115 3862 ἀρμόξεις

2142 3902 2161 3935 ι
2209 3882 2318 3937 Καὶ
2371 3883 2479 3937 ἰδοὺ
2531 3878 2855 3952 κεχάρισταί
2913 3894 2997 3931 σοι
3039 3877 3067 3929 ὁ
3111 3872 3245 3936 Θεὸς
3283 3869 3493 3930 πάντας
3520 3866 3649 3928 τοὺς

2068 3975 2333 4038 πλέοντας
2362 3973 2500 4043 μετά
2531 3972 2651 4027 σοῦ.
2692 3991 2711 4026 ι

2137 4063 2506 4134 Κεχάρισταί
2539 4079 2638 4118 σοι
2668 4063 2701 4115 δ
2734 4061 2879 4126 Θεὸς
2924 4056 3190 4122 πάντος’
3220 4052 3363 4107 ὥστε
3392 4045 3484 4105 οὖν
3514 4046 3648 4117 ψευ-

2065 4155 2159 4220 δὲς
2184 4155 2245 4207 τὸ
2270 4153 2564 4226 εἰρημένον
2590 4151 2669 4222 τῷ
2714 4151 2943 4220 Ὁμήρῳ
2968 4150 3018 4181 ’θ
3048 4220 3055 4225 ,

2067 4267 2296 4337 Μοῖραν
2322 4268 2376 4320 δ’
2412 4266 2622 4325 οὔτινά
2663 4281 2814 4335 φημι
2856 4260 3245 4331 πεφυγμένον
3271 4256 3519 4396 ἕμέὲεέβι
3550 4250 3651 4305 ἁν-

3424 4392 3446 4396 _
3492 4362 3509 4388 θ
3611 4388 3626 4396 -

3492 4362 3509 4388 ν

386 4385 570 4458 Neque
593 4389 808 4456 niuium,
835 4407 995 4463 neque
1017 4393 1232 4460 bonum,
1264 4410 1357 4450 nec
1384 4396 1431 4449 si
1457 4410 1523 4450 ea:
1538 4394 1855 4466 primoribus
1871 4400 1956 4452 sit.

2076 4409 2158 4463 οὐ
2190 4408 2402 4473 κακὸν,
2432 4404 2578 4460 οὐδὲ
2603 4404 2717 4474 μὲν
2743 4403 2997 4467 ἐσθλὸν,
3024 4397 3184 4466 ἐπὴν
3222 4396 3295 4450 τὰ
3310 4385 3531 4477 lipara
3563 4388 3653 4460 τέ-

384 4548 538 4615 Quod
567 4549 829 4621 signiﬁcat
858 4567 964 4608 non
991 4567 1113 4609 esse
1136 4555 1391 4625 possibile
1416 4560 1788 4614 necessitatem
1817 4573 1966 4614 mor-

387 4643 457 4696 tis
473 4639 728 4713 ell‘ugere,
744 4658 862 4712 qua:
874 4644 1100 4712 homini,
1115 4662 1234 4701 cum
1259 4649 1521 4713 nascitur,
1538 4656 1763 4703 mortem
1782 4648 1966 4704 deter-

386 4735 589 4801 minat;
653 4750 781 4791 ecce
806 4737 974 4803 enim,
1003 4737 1122 4793 sine
1145 4736 1330 4804 Paulo,
1356 4754 1545 4795 omnes
1576 4738 1713 4793 mori
1740 4738 1964 4795 habuis-

385 4834 529 4893 sent,
577 4825 842 4896 siquidem
871 4828 1012 4884 Deus
1036 4830 1201 4885 vitam
1220 4832 1301 4885 eis
1319 4827 1505 4883 tribuit
1534 4837 1779 4899 respectu
1798 4828 1963 4898 justi;

386 4918 602 4984 deinde,
642 4918 690 4973 si
722 4917 833 4972 fato
860 4917 1050 4977 fuisset
1074 4922 1346 4976 decretum
1375 4933 1564 4975 omnes
1592 4933 1713 4975 esse
1735 4921 1964 4975 moritu-

386 5026 501 5077 ros,
523 5020 694 5078 certe,
714 5020 775 5066 ut
801 5012 1035 5080 videtur,
1066 5021 1312 5067 mortuus
1334 5011 1546 5077 fuisset,
1571 5011 1687 5080 ipse
1713 5021 1972 5081 quatuor-

390 5103 564 5158 dccim
601 5103 718 5158 dies
748 5118 856 5159 non
880 5105 1211 5158 manducans
1232 5110 1284 5157 et
1304 5109 1492 5171 postea
1522 5100 1819 5175 naufragus
1845 5120 1857 5158 :
1885 5104 1969 5161 di-

390 5193 624 5252 citenim
661 5200 889 5253 mendax
920 5211 1121 5263 sermo,

736 5374 857 5428 Non
886 5376 1105 5442 malum,
1139 5393 1229 5431 nec
1258 5378 1417 5433 etiam
1449 5379 1679 5443 bonum;

397 5481 620 5524 necesse
648 5468 808 5536 igitur
833 5479 950 5523 erat
983 5479 1037 5522 et
1067 5469 1234 5526 bonos
1260 5480 1316 5525 et
1340 5472 1527 5538 malos,
1560 5474 1794 5532 evidenti
1822 5490 1964 5531 mor-

597 5619 660 5675 C.
694 5622 1029 5692 ἀγαγούσης.
1111 5635 1137 5673 P
1170 5624 1228 5675 (ἶ.
1270 5620 1331 5674 C.
1367 5623 1587 5691 ἑαυτῆς.
1665 5635 1691 5673 ει
1716 5625 1777 5680 C.
1809 5625 1869 5684 C.
1902 5620 1965 5682 ὦ.

424 5686 633 5753 Ιιαῢλος
652 5686 978 5746 ἀπολέσθαι.”
1052 5695 1070 5731 ⁸
1115 5695 1174 5748 (1.
1201 5694 1259 5747 (.1.
1294 5686 1579 5763 οὐδέμενον
1605 5695 1742 5765 (sic).

3341 4462 3439 4536 [νη
3448 4477 3557 4515 ται.

2149 4570 2214 4622 Ὃ
2249 4567 2503 4640 σημαίνει
2535 4566 2617 4620 ὅτι
2644 4566 2909 4620 ἀδύνατον
2932 4561 3200 4632 ἐκφυγεῖν
3230 4556 3330 4652 τὴν
3358 4552 3454 4652 τοῦ
3484 4550 3650 4652 Oavc't:

2069 4678 2163 4714 του
2213 4660 2559 4732 εἱμαρμένην
2606 4658 2723 4728 ἅμα
2769 4660 2837 4728 τῇ
2893 4656 3149 4725 γεννήσει
3196 4647 3459 4721 όριζούσῃ
3500 4653 3524 4684 ι’
3557 4647 3651 4695 τοῦ

2071 4751 2364 4823 ἀνθρώπου
2391 4753 2485 4804 τὸν
2521 4749 2752 4803 θάνατον
2774 4765 2787 4779 ’
2825 4748 2936 4801 ἰδοὺ
2967 4745 3078 4815 γὰρ
3111 4744 3160 4796 εί
3199 4743 3273 4812 μὴ
3322 4739 3415 4792 διὰ
3443 4734 3651 4790 Παῦλον

2073 4845 2274 4908 πάντες
2322 4840 2467 4915 εἶχον
2510 4845 2559 4897 οἱ
2603 4844 2660 4896 έν
2698 4840 2776 4911 τῷ
2820 4839 2993 4909 πλοίῳ
3023 4834 3350 4897 ἀπολέσθαι,
3384 4829 3477 4884 τοῦ
3515 4826 3650 4881 Θεοῦ

2070 4933 2231 4989 τοῦτο
2265 4934 2655 5006 δωρησαμένου
2684 4932 2866 4992 αὐτοῖς
2891 4931 3027 4999 τιμῇ
3057 4927 3149 4979 τοῦ
3179 4923 3389 4978 δικαίου
3408 4938 3421 4951 ·
3458 4921 3651 4974 ἔπειτα

2070 5023 2127 5078 δὲ
2160 5025 2209 5078 εί
2242 5024 2474 5095 εἵμαρτο
2504 5023 2715 5085 πάντας
2745 5020 3047 5075 ἀπολέσθαι
3071 5028 3117 5081 ³,
3144 5016 3267 5068 ὅσον
3289 5017 3352 5066 ὲκ
3374 5012 3483 5066 τῶν
3511 5008 3652 5064 εἰκό-

2070 5132 2200 5179 των,
2225 5114 2283 5166 ὲν
2315 5114 2542 5181 πελάγει
2566 5112 2752 5174 ἄσιτος
2781 5111 2970 5180 μείνας
3001 5106 3412 5174 δεκατέσσαρας
3441 5101 3649 5171 ἡμέρας

2072 5204 2130 5257 ἐν
2159 5203 2236 5274 τῷ
2274 5204 2447 5275 πλοίῳ
2471 5244 2487 5271 ,
2532 5204 2631 5258 καὶ
2677 5202 2904 5273 ὕστερον
2943 5200 3260 5268 ναυαγήσας
3282 5213 3295 5227 ⁸
3341 5190 3461 5249 εῐπε
3487 5194 3596 5265 γὰρ
3621 5194 3652 5246 ό

2074 5296 2274 5367 ψευδὴς
2307 5296 2464 5364 λόγος
2487 5337 2502 5362 ,

2220 5390 2302 5442 Οὐ
2335 5386 2544 5452 κακὸν,
2580 5386 2723 5441 οὐδὲ
2747 5385 2898 5455 μὲνί
2924 5383 3151 5437 ἐσθλόν
3171 5396 3183 5408 ·

2070 5478 2178 5533 ἔδει
2218 5478 2327 5549 γάρ
2376 5478 2472 5532 καὶ
2517 5478 2645 5540 τοὺς
2690 5477 2890 5540 καλοὺς
2938 5475 3031 5529 καὶ
3075 5473 3200 5535 τοὺς
3235 5470 3439 5531 κακοὺς
3475 5469 3532 5521 έν
3573 5467 3654 5519 ἑνὶ

2049 5639 2069 5667 ¹¹
2099 5630 2158 5685 C.
2184 5628 2245 5685 C.
2277 5629 2553 5702 ὁρίζουσα.
2624 5641 2644 5668 ³
2683 5628 2743 5685 C.
2774 5628 2835 5685 C.
2871 5626 3172 5681 ἀπολέσθαι
3206 5619 3351 5693 εἶχεν
3388 5618 3454 5674 ἂν
3490 5618 3590 5675 καὶ
3623 5619 3652 5670 ὁ
