4068 6126
284 284 323 394 ,‘
371 327 499 395 1601
1291 326 1751 386 FRAGMENTA
1792 323 1870 384 IN
1907 323 2096 384 ACTA
2129 322 2709 388 APOSTOLORUM.
3483 340 3618 407 ιθορ

367 441 643 505 πεσόντας·
677 438 929 510 πτώματι
984 436 1356 508 ἀναμφίϐολον
1414 437 1632 508 φέροντι
1684 435 1933 499 θάνατον,

2043 434 2111 488 tis
2155 435 2394 499 periculo
2444 452 2547 490 una
2594 439 2882 505 obnoxios,
2940 457 3045 497 una
3098 445 3267 510 mori;
3320 463 3351 502 e
3403 463 3616 517 contra,

366 533 657 587 ἀποθανεῖν
680 549 694 563 θ
727 530 862 583 ἀλλά
912 530 970 583 τὸ
1004 529 1244 582 ἐναντίον
1277 525 1430 582 εἶπεν
1456 531 1489 598 ή
1539 526 1752 599 Γραφὴ,
1797 526 1878 579 ὅτι
1908 528 1936 580 6

2043 534 2239 590 tamen,
2292 526 2423 581 dicit
2452 525 2726 599 Scriptura
2775 532 2978 600 justum
3017 550 3082 589 ex
3118 539 3350 592 evidenti
3381 542 3621 608 periculo

361 626 571 687 δίκαιος
601 621 836 687 ἐσώζετο
870 621 930 686 ἐξ
968 620 1395 692 ὡμολογημένου
1445 620 1716 682 κινδύνου,
1759 617 1936 673 καίτοι

365 715 584 769 πάντων
624 714 733 767 τῶν
760 715 816 766 ὲν
844 711 993 782 αὐτῷ
1022 711 1482 783 ἀποθνησκόντων
1509 727 1523 739 ·
1556 710 1699 764 οὕτω
1730 710 1839 783 γὰρ
1868 706 1938 779 ἧν

362 805 441 876 τῷ
471 802 590 874 Θεῷ
631 802 789 867 δόξαν
815 802 1071 855 ἀπελθεῖν
1112 802 1278 855 αὐτὸν
1308 803 1367 855 ἐν
1412 800 1604 874 Ῥώμῃ
1632 818 1646 832 ·
1680 801 1777 855 καὶ
1806 800 1936 871 ἡδύ-

360 912 492 950 νατο
524 897 621 966 μὲν
645 898 673 948 6
700 894 834 959 Θεὸς
864 896 957 948 καὶ
988 894 1245 966 ἁρπάσας
1272 905 1300 933 ιι
1331 893 1439 947 ἀπὸ
1483 893 1844 964 Ἰερουσαλὴμ
1869 893 1936 946 δι’

363 986 597 1055 ἀγγέλου
641 987 838 1056 στῆσαι
869 987 927 1038 ἐν
981 984 1204 1056 Ῥώμῃ,
1241 983 1426 1049 καθὼς
1477 984 1570 1037 τὸν
1612 984 1938 1054 Ἀμϐακούμ.

361 1079 421 1146 ἐξ
466 1077 727 1140 Ἰουδαίας
758 1076 1016 1148 ἀρπάσας
1059 1076 1409 1146 παρέστησεν
1460 1077 1518 1128 ὲν
1549 1075 1826 1128 Βαϐυλῶνι
1861 1075 1938 1146 τῷ

361 1172 548 1239 λάκκῳ
598 1167 693 1221 τοῦ
743 1166 944 1236 Δανιήλ
970 1183 985 1198 ο
1045 1167 1161 1220 ἀλλ’
1203 1167 1304 1220 οὐκ
1345 1165 1607 1237 ἐποίησεο
1642 1165 1736 1218 καὶ
1780 1164 1939 1219 τοῦτο

361 1257 808 1329 θαυματουργίας
829 1267 856 1295 ν
885 1258 1045 1326 ἔργον
1070 1255 1209 1310 εἶναι
1231 1256 1430 1322 δείξας,
1457 1255 1518 1308 τὸ
1541 1255 1599 1321 ἐξ
1618 1254 1937 1308 ἀνελπίστου

362 1351 606 1404 κινδύνου
640 1350 810 1402 σῶσαι
838 1349 929 1402 τὸν
962 1349 1171 1403 Παῦλον
1200 1350 1293 1402 καὶ
1318 1349 1446 1411 τοὺς
1476 1349 1573 1400 σὺν
1596 1344 1745 1417 αὐτῷ
1770 1361 1784 1389 9
1811 1346 1941 1417 ἐχα-

364 1442 553 1512 ρίσατο
598 1442 655 1494 δὲ
710 1441 808 1504 τὰς
858 1440 957 1511 μὲν
1003 1439 1182 1510 ψυχὰς
1218 1438 1294 1510 τῷ
1334 1438 1531 1508 Παύλῳ
1568 1436 1940 1510 (φιλόστοργος

362 1536 471 1604 γὰρ
501 1530 570 1605 ἦν
620 1533 714 1589 κοιλ⁴
759 1531 1106 1605 φιλάδελφος)
1132 1548 1145 1562 ’
1182 1533 1243 1585 τὸ
1268 1531 1326 1586 δὲ
1371 1531 1554 1585 πλοῖον
1585 1532 1681 1585 καὶ
1720 1531 1790 1584 τὰ
1844 1532 1942 1584 σὺν

363 1625 534 1695 αὐτῷ,
559 1625 634 1689 ὼς
675 1625 751 1695 μὴ
782 1623 1234 1694 ἀντιποιουμένου
1264 1623 1359 1676 τοῦ
1394 1620 1683 1692 θεοφιλοῦς
1711 1621 1821 1675 τῶν
1848 1620 1943 1674 ἐπὶ

361 1717 485 1785 γῆς,
513 1713 648 1784 μηδὲ
677 1712 988 1784 ἀχθομένου
1026 1713 1120 1765 ἐπὶ
1153 1714 1220 1784 τῇ
1262 1711 1473 1765 τούτων
1508 1711 1760 1782 ἀπωλείᾳ
1783 1728 1797 1743 ο
1838 1705 1941 1764 ὦδε

2037 631 2157 673 esse
2185 617 2450 672 salvatum
2475 659 2490 683 ,
2547 623 2796 689 quamvis
2828 639 3017 680 omnes
3054 626 3104 679 itt
3135 642 3201 682 eo
3231 639 3615 696 tttorerentut';

2037 709 2116 764 sic
2164 710 2337 764 visum
2389 709 2497 765 Deo
2543 712 2720 769 fuerat
2760 730 2882 770 eum
2917 715 3143 770 Ruinam
3169 718 3281 784 ire;
3320 730 3370 774 et
3404 731 3619 788 poterat

2040 799 2213 866 Deus,
2268 801 2504 870 eripiens
2554 820 2677 859 eum
2733 820 2799 861 ex
2847 805 3171 874 Jerusalem,
3225 825 3326 881 per
3367 813 3617 882 angelum

2038 892 2222 948 Romae
2253 902 2528 959 statuere,
2579 897 3031 966 quemadmodum
3061 899 3316 956 liabacue
3350 902 3405 956 in
3432 903 3617 959 Judma

2037 996 2339 1051 assumens,
2385 982 2653 1055 Babylone
2697 988 2762 1042 ad
2802 989 2976 1043 lacum
3013 989 3246 1047 Danielis
3299 994 3615 1051 constituit:

2041 1073 2143 1128 hoc
2163 1086 2347 1129 autem
2383 1091 2489 1129 non
2518 1075 2689 1144 fecit;
2727 1080 2822 1132 sed
2849 1089 3027 1134 tamen
3059 1084 3297 1138 ostendit
3329 1085 3618 1141 miraculo-

2039 1179 2157 1219 sutn
2182 1179 2302 1220 esse
2325 1165 2550 1233 factum,
2572 1166 2798 1222 Paulum
2823 1185 2945 1224 cum
2968 1173 3134 1227 sociis
3154 1175 3360 1228 salvum
3380 1175 3616 1246 faciens;

2039 1256 2198 1325 eique
2244 1258 2453 1311 animas
2490 1272 2677 1313 eorum
2721 1260 2961 1327 donavit,
2998 1278 3062 1317 eo
3107 1265 3252 1333 quod
3299 1267 3617 1325 charitatetn
3658 1277 3664 1293 '

2044 1341 2095 1394 in
2123 1341 2318 1398 fratres
2352 1344 2598 1412 haberet,
2633 1362 2737 1400 non
2767 1359 2948 1403 autent
2983 1352 3165 1405 navim
3203 1367 3301 1408 nec
3329 1370 3448 1424 qua:
3475 1357 3527 1410 in
3553 1373 3615 1412 ea

2041 1435 2355 1503 erant,quia
2387 1435 2471 1489 vir
2501 1437 2619 1506 pius
2649 1454 2754 1493 non
2784 1442 2965 1512 magni
2991 1441 3121 1496 facit
3143 1453 3382 1511 terrena,
3409 1462 3508 1501 uec
3528 1462 3621 1503 eo-

2044 1539 2161 1578 rum
2193 1525 2404 1594 jactura
2455 1531 2832 1586 contristatur.
2890 1532 2988 1588 llic
3026 1534 3192 1605 igitur
3227 1547 3446 1605 propter
3473 1540 3617 1608 pium

2045 1616 2228 1670 vivunt
2256 1617 2443 1687 impii;
2495 1621 2784 1690 aliquando
2824 1639 2951 1679 vero
2996 1641 3026 1681 e
3071 1629 3351 1684 contrario
3379 1632 3614 1698 accidit,

2045 1724 2142 1779 pro
2168 1725 2263 1764 sua
2291 1712 2433 1766 enim
2466 1715 2823 1781 perversitate
2858 1727 2980 1772 ante
3010 1728 3224 1787 tempus
3256 1722 3489 1775 moritur
3515 1725 3620 1776 im-

360 1801 454 1859 οῦν
481 1805 569 1859 διὰ
601 1805 694 1860 τὸν
719 1806 929 1861 δίκαιον
957 1819 985 1847 ι
1023 1803 1194 1869 ζῶσιν
1223 1806 1270 1858 ot
1303 1804 1524 1868 ἀσεϐεῖς
1549 1819 1565 1835 ⁸
1610 1803 1728 1857 ἔστι
1766 1804 1823 1856 δὲ
1849 1803 1939 1857 ὅτε

2043 1800 2199 1869 pius,
2257 1801 2336 1857 sic
2362 1803 2587 1881 iubente
2618 1804 2757 1870 Deo,
2796 1807 2937 1860 sicut
2963 1808 3040 1862 ait
3070 1810 3422 1867 Ecclesiastes
3470 1830 3485 1868 :
3534 1813 3620 1869 Ne

361 1897 421 1949 τὸ
454 1898 697 1951 ἐναντίον
718 1913 732 1929 ο
768 1896 864 1951 καὶ
894 1897 1001 1968 πρὸ
1048 1897 1196 1966 ὧρας
1222 1897 1252 1949 6
1290 1896 1495 1967 ἀσεϐὴς
1521 1896 1819 1951 ἀπόλλυται
1848 1896 1938 1949 διὰ

360 1988 460 2059 τὴν
485 1988 678 2042 ἑαυτοῦ
711 1989 913 2043 κακίαν
938 2004 954 2021 ο
981 1987 1076 2042 τοῦ
1120 1987 1257 2041 Θεοῦ
1283 1986 1457 2052 οὕτως
1485 1988 1649 2042 πάλιν
1676 1986 1938 2058 βουλομέ-

361 2096 474 2144 νου,
508 2078 691 2142 καθὼς
738 2081 765 2133 ὁ
808 2078 1251 2151 Ἐκκλησιοτιστής¹
1288 2095 1457 2150 φησι,
1488 2078 1585 2147 Μὴ
1624 2077 1939 2147 ἀσεϐήσῃς

362 2167 545 2233 πολὺ,
581 2168 735 2238 μηδὲ
764 2169 936 2237 γίνου
972 2171 1271 2238 σκληρὸς,
1295 2169 1395 2224 ἵνα
1419 2169 1499 2238 μὴ
1530 2168 1840 2238 ἀποθάνῃς
1870 2169 1941 2224 ἐν

362 2261 434 2314 οὐ
463 2259 645 2328 καιρῷ
673 2275 792 2314 σου
812 2279 828 2295 ο
852 2261 1097 2315 πιστεύω
1127 2262 1238 2333 γὰρ
1267 2262 1346 2333 τῷ
1376 2262 1497 2333 Θεῷ
1525 2263 1606 2315 ὃτι
1637 2260 1815 2325 οῦτως
1848 2261 1939 2315 ἔσ-

360 2368 452 2406 ται
478 2369 491 2382 ο
528 2352 708 2407 πάντα
748 2352 847 2422 μὲν
889 2352 1093 2406 δυνατά
1124 2352 1200 2423 τῷ
1227 2351 1540 2407 πιστεύοντι
1563 2368 1579 2382 ⁸
1611 2352 1753 2423 πλὴν
1789 2346 1942 2415 οὗτος

2042 1890 2202 1959 impie
2227 1907 2378 1962 agas,
2417 1910 2507 1969 nec
2538 1909 2815 1963 perversa:
2842 1895 2964 1964 ﬁas,
3003 1914 3065 1952 ne
3095 1911 3213 1954 ante
3243 1912 3443 1968 tempus
3469 1913 3618 1959 tuum

2041 1982 2286 2036 moriaris
2310 1983 2374 2037 ι’,
2424 1984 2536 2040 Deo
2598 1995 2776 2040 autem
2817 1990 2980 2043 credo
3032 1989 3146 2046 haec
3194 1992 3267 2046 ita
3317 1994 3454 2050 fieri.
3491 1994 3621 2051 Om-

2040 2075 2129 2129 nia
2157 2077 2371 2146 quidem
2395 2078 2665 2146 possibilia
2686 2088 2812 2134 suut
2840 2082 3113 2151 credenti;
3136 2094 3372 2141 attamen
3405 2088 3491 2142 ille
3521 2104 3621 2146 nec

2040 2181 2136 2236 per
2164 2167 2319 2223 ﬁdem
2361 2184 2462 2225 nec
2496 2184 2591 2238 per
2618 2172 2892 2228 orationes
2935 2188 3152 2230 suorum
3179 2177 3444 2233 sociorum
3473 2178 3620 2237 salu-

2045 2269 2150 2315 tem
2186 2259 2526 2329 impetravit,
2577 2264 2671 2318 sed
2727 2264 2854 2334 quia
2900 2267 3129 2322 credidit
3180 2284 3242 2324 ca
3291 2270 3465 2325 futura
3498 2289 3623 2329 esse

2044 2365 2163 2420 qua:
2189 2351 2290 2406 sibi
2326 2353 2465 2407 dicta
2494 2363 2668 2410 erant.

361 2444 424 2498 οὐ
451 2444 541 2498 διά
585 2446 823 2508 πίστεως
867 2444 964 2499 καὶ
994 2444 1160 2515 εὐχῆς
1193 2445 1357 2515 ἧνυσε
1388 2446 1488 2517 τὴν
1523 2445 1799 2516 σωτηρίαν
1826 2444 1934 2498 τῶν
1972 2443 2364 2514 συμπλεόντων
2387 2482 2404 2511 ,
2446 2444 2584 2499 ἀλλά
2651 2446 2955 2513 πιστεύσας
3016 2451 3098 2504 ὅτι
3134 2451 3307 2518 οὕτως
3339 2453 3518 2523 ἔσται,
3547 2455 3624 2518 ὡς

361 2541 599 2613 ἐλαλήθη
632 2539 800 2611 αὐτῷ.

438 2652 458 2686 ι
493 2629 659 2686 Εἶπεν
689 2635 718 2685 ὁ
753 2631 965 2697 Παῦλος
993 2631 1070 2704 τῷ
1097 2633 1471 2706 ἑκατοντάρχῃ
1500 2632 1596 2687 καὶ
1624 2636 1739 2699 τοῖς
1770 2651 1938 2706 στρα-

361 2724 613 2787 τιώταις’
641 2724 768 2778 Ἐἀν
802 2724 877 2795 μὴ
902 2719 1049 2780 οὗτοι
1089 2726 1347 2796 μείνωσιν
1369 2728 1427 2780 ὲν
1460 2726 1539 2797 τῷ
1559 2726 1748 2797 πλοίῳ,
1782 2727 1942 2798 ὑμεῖς

363 2817 680 2887 σωθῆναιιού
709 2815 1175 2871 δύνασθε.-Τότε
1201 2818 1486 2888 ἀπέκοψαν
1516 2819 1566 2872 οἱ
1606 2819 1940 2889 στρατιῶται

361 2904 430 2961 τά
460 2904 669 2977 σχοινία
706 2906 809 2976 τῆς
846 2907 1062 2977 σκάφης
1085 2946 1102 2972 ,
1133 2909 1229 2961 καὶ
1262 2908 1455 2961 εἴασαν
1484 2909 1760 2964 ἐκπεσεῖν.
1807 2926 1826 2959 ι

432 3002 563 3056 Ὅτε
604 2998 744 3055 εἶδον
769 3002 911 3072 ὃτιή
953 3000 1179 3055 ἀϐουλία
1229 3001 1411 3056 αὐτῶν
1450 3002 1708 3073 ἐποίησεν
1739 3000 1940 3064 αὐτοὺς

2126 2634 2288 2692 Vens.
2316 2636 2407 2704 51,
2433 2637 2523 2692 52.
2589 2658 2608 2690 ι
2651 2639 2796 2695 Dixit
2823 2639 3025 2698 Paulus
3063 2645 3363 2699 centurioni
3396 2655 3449 2701 et
3482 2647 3623 2703 mili-

2043 2724 2186 2781 tibus
2235 2743 2250 2780 :
2300 2725 2415 2780 Nisi
2463 2727 2517 2782 hi
2573 2727 2626 2782 in
2674 2732 2798 2783 navi
2841 2734 3167 2797 manserint,
3208 2748 3303 2788 vos
3340 2735 3471 2789 salvi
3505 2736 3622 2790 fieri

2042 2832 2147 2871 non
2177 2818 2420 2887 potestis.
2441 2844 2512 2862 -ο
2529 2816 2680 2875 Tunc
2721 2821 3073 2878 absciderunt
3105 2824 3301 2879 milites
3329 2824 3486 2881 funes
3507 2843 3624 2883 sca-

2040 2907 2182 2977 pha),
2221 2917 2273 2960 et
2302 2908 2444 2977 passi
2476 2920 2603 2964 sunt
2633 2924 2751 2964 eam
2776 2912 3042 2967 excidere.
3066 2932 3084 2965 ι

2110 2998 2402 3069 Postquam
2428 3003 2678 3056 viderunt
2699 3018 2794 3057 sua
2823 3005 2959 3057 mala
2986 3005 3261 3060 voluntate
3292 3021 3352 3062 se
3391 3007 3442 3060 in
3480 3007 3622 3077 peri-

365 3093 723 3160 κινδυνεῦσαι,
749 3093 870 3147 τότε
902 3092 1141 3164 ἤρξαντο
1173 3091 1250 3163 τῷ
1283 3092 1483 3163 Παύλῳ
1520 3091 1833 3157 πείθεσθαι,
1862 3091 1937 3156 ὡς

2043 3089 2218 3143 enlum
2255 3091 2532 3156 incidisse,
2572 3102 2701 3147 tunc
2732 3091 2897 3147 Paulo
2927 3106 3210 3162 cmperunt
3236 3097 3485 3161 credere,
3516 3100 3621 3153 rati

363 3184 564 3253 μᾶλλον
605 3184 706 3254 τῆς
747 3182 1005 3254 εὐκαίρου
1061 3184 1377 3254 συμϐουλῆς
1422 3185 1520 3255 τῆς
1567 3183 1721 3255 παρά
1780 3185 1937 3254 ἁγίου

362 3276 554 3346 ἀνδρὸς
583 3275 878 3347 γινομένης
901 3315 916 3339 ,
954 3275 1264 3346 δυναμένης
1301 3277 1498 3343 σῶσαι,
1530 3276 1562 3348 ἢ
1592 3276 1941 3347 εἱμαρμένης

361 3367 458 3437 τῆς
491 3368 550 3421 ὲν
580 3367 834 3437 κινδύνῳ,
869 3365 1003 3436 μηδὲ
1026 3366 1200 3437 ὄνομα
1235 3366 1467 3437 ἐχούσης
1488 3383 1502 3397 ·
1537 3369 1584 3421 εί
1615 3367 1725 3439 γὰρ
1751 3369 1944 3439 εἱμαρ-

366 3457 500 3528 μένῃ
531 3457 811 3511 ἐπείθοντο
843 3459 1064 3523 ἐκεῖνοι,
1107 3459 1290 3512 καίτοι
1317 3458 1472 3523 ὄντες
1502 3459 1728 3526 ἐθνικοὶ,
1794 3476 1938 3529 παρ-

367 3549 572 3611 ιδόντες
595 3549 694 3619 τὴν
727 3548 823 3601 τοῦ
851 3548 1139 3613 θεοσεϐοῦς
1164 3550 1496 3621 συμϐουλὴν,
1526 3551 1655 3603 εἴων
1682 3549 1939 3603 ἀπελθεῖν

362 3641 489 3703 τοὺς
521 3639 723 3703 ναύτας
764 3640 1015 3709 λέγοντες
1037 3680 1053 3706 ,
1089 3641 1172 3693 ὅτι
1195 3642 1313 3693 Οὐκ
1355 3639 1421 3693 ἂν
1452 3634 1600 3692 οῦτοι
1635 3639 1935 3704 ἀπέλθωσι,

365 3733 441 3805 μὴ
468 3733 608 3803 φέρῃ
638 3733 693 3785 δὲ
720 3734 867 3802 ἡμᾶς
894 3733 1187 3785 ἀποθανεῖν
1215 3732 1370 3784 οὐδὲν
1400 3731 1561 3783 τοῦτο
1591 3733 1756 3783 ποιεῖ.
1798 3730 1939 3782 Ἀλλ’

357 3825 463 3878 οὐκ
495 3820 647 3877 εἷπον
672 3822 794 3877 οὐτε
823 3822 1085 3892 ἐποίησαν
1119 3820 1179 3873 τὸ
1199 3820 1408 3891 ἠλίθιον
1433 3821 1612 3885 τοῦτο,
1637 3822 1732 3873 καὶ
1758 3820 1939 3888 πάσης

361 3917 530 3986 γέμον
559 3914 911 3985 ψευδαπάτης
962 3914 1058 3965 καὶ
1090 3911 1310 3979 ἀγνοίας
1352 3915 1432 3948 ν’
1471 3911 1535 3964 δι’
1566 3911 1602 3965 ἀ
1631 3912 1694 3964 ὲκ
1728 3909 1939 3964 πολλῶν

363 4008 657 4078 ὲκϐλητέος
681 4009 707 4058 6
740 4005 872 4073 περὶ
898 4003 1245 4073 εἱμαρμένης
1274 4004 1307 4073 ἢ
1341 4001 1517 4073 τύχης
1545 4002 1726 4071 λόγος.

450 4128 470 4162 ε
494 4119 680 4174 Εἰπὼν
710 4119 765 4170 δὲ
795 4118 986 4181 ταῦτα,
1024 4116 1119 4170 καὶ
1140 4116 1321 4169 λαϐὼν
1353 4116 1536 4187 ἄρτον,
1569 4112 1939 4185 εὐχαρίστησε

363 4211 440 4280 τῷ
467 4211 586 4281 Θεῷ
616 4209 850 4263 ἐνώπιον
878 4208 1119 4276 πάντων,
1144 4209 1240 4261 καὶ
1261 4207 1465 4271 κλάσας
1487 4205 1691 4278 ἤρξατο
1713 4204 1936 4258 ἐσθίειν.

367 4302 603 4374 Εὐθυμοι
633 4302 689 4355 δὲ
731 4300 1015 4371 γενόμενοι
1064 4300 1267 4363 πάντες
1289 4339 1304 4365 ,
1357 4298 1452 4353 καὶ
1482 4299 1639 4352 αὐτοὶ
1670 4295 1941 4369 προσελά-

361 4394 518 4450 ϐοντο
546 4394 776 4464 τροφῆς.
816 4413 832 4444 ι

433 4504 540 4557 Καὶ
567 4501 768 4557 λαϐὼν
803 4503 1005 4572 ἄρτον,
1049 4498 1550 4571 εὐχαριστήσαςγ
1571 4496 1650 4562 τῷ
1684 4492 1805 4562 Θεῷ
1842 4495 1940 4550 ἐν·
1973 4533 2018 4588 D

2046 3189 2405 3251 opportunam
2437 3182 2535 3235 viri
2557 3183 2693 3251 justi
2716 3184 3018 3238 orationem
3049 3185 3170 3254 plus
3189 3186 3369 3243 valere
3396 3189 3460 3242 ad
3478 3189 3622 3245 Salu-

2048 3280 2154 3326 tem
2185 3288 2337 3327 suam
2374 3288 2535 3342 quam
2570 3273 2736 3328 fatum
2767 3275 3015 3344 periculi,
3047 3278 3130 3330 cui
3167 3292 3264 3332 nec
3292 3293 3483 3333 nomen
3507 3289 3617 3344 est;

2047 3365 2090 3418 si
2114 3364 2254 3418 enim
2280 3364 2332 3417 in
2355 3364 2541 3428 fatum,
2561 3372 2742 3433 utpote
2759 3367 3002 3432 gentiles,
3019 3368 3389 3429 credidissent,
3418 3370 3623 3424 monito

2047 3455 2119 3524 pii
2150 3455 2251 3509 viri
2280 3463 2611 3523 contempto,
2647 3456 2903 3510 sivisseut
2936 3466 3127 3512 nautas
3153 3458 3302 3513 abire
3332 3460 3576 3516 dicentes
3603 3479 3619 3515 :

2045 3546 2197 3613 Quod
2249 3547 2284 3601 ii
2326 3548 2557 3611 abeant,
2596 3548 2730 3603 nihil
2766 3549 2831 3602 ad
2868 3561 3107 3604 nostram
3136 3550 3363 3606 salutem
3390 3553 3618 3620 attinet;

2047 3652 2155 3692 non
2215 3648 2392 3693 autem
2454 3639 2526 3692 ita
2584 3639 2776 3693 stolide
2844 3638 3002 3695 locuti
3057 3650 3181 3695 sunt
3226 3652 3320 3695 aut
3369 3650 3618 3712 egerunt,

2048 3743 2145 3782 nec
2175 3729 2254 3782 sic
2289 3729 2493 3797 decepti
2540 3738 2687 3793 sunt,
2724 3745 2822 3785 nec
2849 3731 3149 3801 ignorantia
3199 3733 3394 3789 irretiti
3445 3745 3569 3789 sunt
3599 3753 3617 3792 :

2045 3827 2100 3872 et
2135 3834 2199 3873 ex
2249 3819 2351 3873 hoc
2388 3833 2419 3872 a
2470 3819 2652 3874 multis
2691 3820 2980 3889 rejicieuda
3026 3831 3111 3879 est
3137 3825 3202 3879 de
3239 3824 3352 3880 fato
3380 3834 3433 3881 et
3468 3835 3620 3882 sorte

2046 3926 2244 3980 optnto.

2120 4110 2283 4166 Vens.
2307 4112 2398 4177 55,
2417 4111 2507 4166 56.
2554 4130 2572 4164 ι
2601 4110 2665 4166 Ει
2696 4129 2816 4168 cum
2850 4114 2964 4169 lure
2992 4114 3240 4178 dixisset,
3274 4130 3493 4171 sumens
3521 4131 3620 4186 pa-

2046 4219 2169 4259 nent
2203 4204 2403 4274 gratias
2432 4204 2542 4275 egit
2566 4204 2675 4261 Deo
2709 4206 2761 4259 in
2792 4218 3081 4275 conspectu
3106 4206 3348 4261 omnium
3379 4219 3473 4264 :et
3493 4225 3616 4264 cum

2045 4294 2295 4365 fregisset
2352 4297 2515 4364 cmpit
2568 4296 2912 4350 manducare.
2954 4297 3377 4367 Animtequiores
3440 4312 3617 4357 autem

2046 4386 2176 4443 facti
2205 4402 2416 4452 omnes,
2450 4396 2505 4442 et
2532 4388 2632 4458 ipsi
2664 4400 3017 4459 sumpserunt
3045 4392 3244 4445 cibum.
3277 4409 3298 4443 ›

2118 4496 2186 4549 Et
2235 4512 2352 4549 cum
2393 4496 2506 4550 ha'c
2542 4496 2792 4561 dixisset,
2843 4515 3054 4554 sumens
3077 4516 3262 4567 panem
3287 4501 3488 4569 gratias
3513 4503 3619 4573 egit

362 4595 548 4649 ὠπιον
572 4595 814 4649 πάντων
835 4597 933 4648 καὶ
964 4594 1199 4659 κλάσας
1229 4592 1453 4661 ἤρξατο
1484 4591 1730 4645 ἐσθίειν·
1757 4591 1937 4659 ἑωρα-

2044 4586 2153 4641 Deo
2204 4589 2259 4641 in
2293 4599 2567 4658 conspectu
2603 4590 2835 4643 omnium
2849 4606 2870 4654 ;
2922 4600 2971 4644 et
3014 4607 3134 4643 cum
3159 4592 3433 4661 fregisset,
3466 4595 3616 4662 cmpit

366 4687 476 4752 κὼς
508 4699 529 4725 ²
560 4689 588 4741 ὁ
628 4687 852 4751 Παῦλος
883 4689 965 4741 ὅτι
1009 4687 1098 4740 διὰ
1130 4686 1230 4756 τὴν
1265 4684 1511 4754 ἀνάγκην
1541 4681 1819 4736 ἐπείθοντο
1860 4681 1940 4752 τῷ

364 4781 562 4852 Παύλῳ
607 4783 661 4833 οἱ
716 4780 969 4842 συνόντες
994 4795 1008 4810 ⁸
1050 4778 1243 4848 καιρὸς
1282 4777 1339 4830 δὲ
1381 4777 1480 4828 οὐκ
1518 4770 1586 4845 ἦν
1637 4771 1941 4844 ἀθυμοῦσιν

365 4874 550 4935 αὐτοῖς
595 4873 689 4926 καὶ
729 4872 1137 4925 κινδυνεύουσιν
1189 4866 1646 4936 εὐαγγελίζεσθαι
1680 4866 1770 4919 τὸν
1805 4866 1941 4935 Χρι-

367 4966 522 5017 στόνο
571 4966 708 5027 τέως
754 4966 818 5016 ὲκ
861 4963 1059 5033 μέρους
1095 4961 1336 5015 διδάσκει
1373 4960 1573 5021 αὐτοὺς
1616 4958 1718 5023 τὴν
1753 4956 1936 5010 θεοσέ-

366 5052 541 5119 ϐειαν,
568 5053 629 5106 τὸ
665 5052 740 5123 μὴ
775 5052 949 5115 ἄλλως
980 5052 1115 5122 κλᾷν
1146 5050 1309 5120 ἄρτον
1340 5053 1389 5103 εί
1428 5049 1504 5119 μὴ
1529 5048 1742 5119 πρῶτον
1774 5048 1942 5117 εὐχα-

370 5145 731 5215 ριστήσαντας
771 5142 848 5211 τῷ
882 5143 1029 5213 μόνῳ
1069 5142 1209 5212 Θεῷ,
1240 5143 1334 5194 καὶ
1366 5141 1540 5203 οὕτως
1572 5138 1792 5192 ἐσθίειν.
1829 5137 1943 5192 Καὶ

367 5234 514 5303 ἡμᾶς
559 5234 617 5286 δὲ
661 5235 721 5285 τὸ
761 5231 894 5285 αὐτὸ
939 5232 1219 5285 διδάσκει·
1262 5235 1290 5284 6
1341 5231 1397 5283 δὲ
1429 5231 1530 5298 τῆς
1583 5229 1940 5300 εὐχαριστίας

369 5325 572 5394 τρόπις
601 5324 756 5378 τοῦτο
771 5323 919 5377 δοκεῖ
943 5323 1108 5393 ἔχειν,
1143 5323 1224 5375 ὃτι
1251 5319 1702 5391 Εὐχαριστοῦμέν
1726 5313 1889 5385 comi)
1913 5332 1938 5360 α

451 5496 492 5529 ’⁸
520 5505 723 5559 Ecclcs.
758 5519 852 5566 vn,
886 5503 971 5558 18.

2049 4678 2392 4733 manducare.
2414 4680 2615 4735 Videns
2633 4679 2827 4734 Paulus
2850 4683 2993 4749 quod
3014 4684 3339 4737 necessitate
3355 4684 3618 4753 compulsi

2049 4770 2156 4840 ipsi
2205 4771 2583 4838 credidissent,
2618 4781 2671 4826 et
2722 4773 2866 4842 quod
2914 4784 3124 4842 tempus
3180 4790 3287 4828 non
3336 4787 3456 4830 erat
3516 4777 3622 4832 illis

2050 4862 2232 4917 animo
2262 4862 2449 4918 fractis
2500 4872 2555 4919 et
2598 4865 3026 4933 periclitantibus
3075 4866 3351 4921 Christum
3386 4882 3619 4937 evange-

2044 4952 2276 5019 lizandi,
2312 4954 2503 5009 saltem
2538 4970 2605 5010 ex
2636 4966 2792 5024 parte
2821 4971 2914 5012 eos
2938 4958 3094 5013 docet
3117 4960 3400 5029 pietatem,
3438 4960 3487 5015 id
3512 4971 3617 5026 est,

2045 5060 2150 5098 non
2194 5045 2348 5115 prius
2398 5060 2591 5115 panem
2633 5045 2886 5118 frangere
2932 5063 3095 5118 quam
3140 5050 3229 5104 uni
3270 5050 3378 5105 Deo
3417 5051 3619 5119 gratias

2044 5136 2276 5204 egerint,
2301 5147 2357 5191 et
2389 5138 2459 5191 ita
2489 5139 2849 5206 manducare;
2888 5141 3027 5193 idem
3055 5154 3272 5211 quoque
3303 5155 3400 5194 nos
3432 5143 3613 5202 docet;

2044 5239 2207 5294 porro
2259 5227 2361 5281 hoc
2406 5229 2567 5284 modo
2614 5240 2794 5300 grates
2839 5231 3086 5283 videntur
3134 5231 3242 5285 Deo
3271 5241 3404 5284 acta:
3440 5245 3455 5282 :
3494 5230 3613 5285 Tibi
3670 5254 3675 5257 Α

2048 5329 2228 5387 grates
2255 5319 2484 5388 agimus,
2520 5321 2677 5385 Deus,
2725 5322 2868 5390 quod
2902 5335 3001 5375 nos
3032 5336 3203 5390 usque
3232 5320 3391 5373 modo
3418 5318 3616 5388 ‘digna-

450 5659 986 5781 :agnagazgafébﬂtdv.“
1273 5659 1787 5730 θαυματουργὴσας.
1871 5660 1897 5690 ι
1920 5651 1981 5708 C.
2005 5652 2066 5708 C.
2101 5652 2267 5706 δικαί.
2345 5662 2372 5690 ι
2427 5653 2486 5709 C.
2520 5654 2580 5708 C.
2611 5654 2848 5720 ἀγνοίας,
2931 5657 2958 5696 1
2994 5650 3053 5704 C.
3100 5648 3158 5703 C.
3191 5642 3607 5716 εὐχαρίστησεν,

1163 5771 1173 5782 .
1204 5754 1249 5780 υ.

396 5729 414 5752 ⁷
436 5734 498 5789 C.
526 5728 585 5787 C.
619 5731 882 5801 ἑωρακός.
963 5741 986 5770 α
1016 5728 1079 5782 C.
