4068 6126
552 294 690 362 1603

1710 295 2048 359 AMMONII
2086 292 2627 355 ALEXANDRINI

3701 299 3848 367 16M

549 422 635 468 tus
684 426 744 466 es
799 410 982 465 vivere
1022 409 1236 473 sinere,
1294 423 1398 462 non
1442 422 1638 478 panem
1675 409 2067 464 manducantes
2114 427 2122 464 :

2234 404 2368 469 Θεὸς
2391 448 2405 472 ,
2437 408 2520 460 ὅτι
2572 406 2817 474 ἠξίωσας
2859 408 3011 479 ἡμᾶς
3054 407 3219 479 ζῆσαι
3253 410 3362 474 ἕως
3406 411 3574 484 ἄρτι,
3604 415 3846 483 ἀσίτους

546 503 730 572 itaque
753 503 846 555 tibi
865 500 1090 572 gloriam
1106 500 1409 567 reddeutcs,
1433 512 1622 571 panem
1643 500 1707 556 atl
1727 502 2047 555 sumendum
2061 499 2140 555 ci-

545 597 670 650 buin
709 592 1027 662 frangimus.

624 682 780 738 Vens.
813 683 905 748 42,
937 684 1031 738 45.
1099 701 1118 735 r
1150 680 1379 737 Militum
1408 692 1588 738 autem
1626 682 1914 738 consilium
1946 682 2048 737 iuit
2081 690 2138 737 ut

543 777 819 831 custodias
848 777 1160 830 occiderent
1193 793 1207 830 :
1242 791 1311 830 ne
1336 776 1483 845 quis,
1518 790 1642 831 cum
1670 785 1971 841 enatasset,
1995 773 2134 829 εσυ-

541 878 715 942 geret.
778 866 1037 922 Centurio
1090 877 1309 933 autem,
1362 867 1556 922 volens
1612 882 1836 923 servare
1888 865 2133 934 Paulum,

542 961 819 1032 prohibuit
857 961 993 1014 ﬁeri.
1025 978 1043 1010 ι

613 1051 827 1107 Rursus
857 1052 1155 1104 notandum
1194 1049 1343 1118 quod
1377 1046 1566 1101 volens
1601 1050 1803 1103 occidit
1836 1049 2131 1117 homicida,

542 1159 651 1199 non
708 1154 889 1196 autem
943 1141 1055 1194 fato
1114 1140 1201 1192 vel
1249 1140 1574 1210 prohibente
1633 1140 1715 1195 vel
1771 1140 2129 1209 impellente:

540 1248 669 1289 ecce
708 1232 865 1286 'éuim
892 1272 906 1296 ,
956 1231 1186 1287 consitio
1232 1230 1368 1285 inito
1395 1274 1409 1296 ,
1471 1232 1536 1285 ad
1579 1233 1901 1301 patrandam
1930 1234 2131 1289 caedem

549 1338 743 1397 sponte
761 1341 858 1381 sua
884 1326 1242 1391 devenerunt,
1276 1334 1352 1387 et,
1378 1325 1564 1379 audito
1582 1326 1922 1390 centurione,
1942 1335 2133 1395 sponte

541 1418 706 1471 etiam
732 1433 828 1470 sua
860 1426 1244 1480 cessaverunt,
1280 1417 1405 1486 quia
1437 1430 1624 1471 eorum
1653 1426 1771 1471 erat
1795 1433 1903 1471 non
1924 1416 2132 1471 obtem-

540 1522 765 1575 perare,
819 1522 942 1563 cum
978 1510 1132 1563 multi
1160 1519 1351 1565 essent
1384 1518 1438 1565 et
1466 1508 1641 1565 fortes
1676 1520 1732 1564 et
1761 1512 1992 1577 armati;
2033 1509 2130 1564 sed

542 1598 792 1652 voluntas
827 1610 885 1654 et
911 1601 991 1653 sui
1022 1600 1229 1655 arbitra
1259 1602 1399 1655 ratio
1442 1616 1563 1671 qua:
1585 1599 1697 1654 vult
1727 1599 1893 1668 facit,
1930 1611 1985 1655 et
2010 1615 2130 1670 qua:

541 1704 648 1743 non
698 1689 813 1743 vult
868 1706 973 1743 non
1020 1689 1201 1759 facit;
1275 1692 1541 1749 insulsum
1587 1692 1751 1762 Igitur
1791 1701 1876 1748 est
1922 1692 2127 1763 aliquid

528 1779 608 1835 .de
637 1780 893 1837 inanibus
918 1782 1103 1838 verbis
1133 1782 1399 1853 cogitare.

1125 1983 1280 2042 CAP.
1310 1984 1552 2042 XXVIII.

610 2099 778 2156 Vens.
810 2099 866 2155 5.
927 2118 947 2151 ι
993 2099 1068 2156 Et
1118 2099 1209 2157 ille
1247 2101 1509 2172 quidem,
1561 2103 1848 2160 excutiens
1895 2102 2124 2162 bestiam

540 2196 597 2251 in
627 2191 830 2261 ignem,
868 2192 1002 2247 nihil
1032 2193 1158 2248 mali
1194 2209 1387 2265 passus
1414 2204 1523 2251 est.
1550 2215 1570 2248 ι

596 2283 716 2340 λιιι
750 2287 960 2356 quidem
1005 2289 1271 2342 excutiens
1311 2287 1526 2342 bestiam
1579 2289 1636 2343 in
1666 2288 1838 2360 ignem
1880 2304 1900 2344 :
1941 2289 2126 2346 Ildeles

532 2381 681 2435 enim
718 2382 976 2436 omnibus
1008 2378 1513 2452 iinpugnationibus
1543 2380 1783 2451 majores
1806 2389 1932 2435 sunt
1957 2421 1974 2449 ,
2010 2382 2127 2436 sive

532 2473 605 2527 ab
631 2474 934 2528 hominibus
966 2474 1080 2528 sive
1113 2490 1143 2527 a
1174 2474 1358 2529 bestiis
1376 2474 1506 2538 sint,
1538 2482 1593 2528 et
1618 2482 1745 2528 sunt
1773 2471 1878 2529 diis
1899 2472 2124 2540 similes,

536 2563 679 2618 sicut
705 2564 840 2617 dicit
866 2561 1152 2629 Scriptura
1201 2575 1216 2614 :
1259 2559 1373 2627 Ego
1405 2561 1519 2614 dixi
1545 2575 1566 2616 .'
1598 2559 1690 2614 Dii
1717 2564 1883 2616 estis:
1911 2578 2001 2616 vos
2029 2579 2128 2615 au-

538 2668 662 2718 tem,
688 2654 1381 2725 prepterincredulitatem,
1406 2664 1461 2707 ut
1483 2654 1721 2708 homines
1739 2654 2036 2709 moriemini
2056 2656 2122 2711 ¹⁸.

534 2744 721 2816 Itaque
775 2745 1001 2801 Barbari
1040 2746 1282 2801 videntes
1315 2745 1445 2817 quia
1481 2760 1585 2801 non
1623 2755 1968 2811 moreretur,
2027 2745 2124 2801 sed

533 2849 740 2894 certam
772 2849 1003 2894 mortem
1038 2836 1322 2907 etingeret,
1368 2851 1492 2891 eum
1530 2852 1628 2907 pro
1655 2835 1767 2892 Deo
1794 2836 2122 2903 habuerunt,

532 2946 748 2987 clunem
777 2934 1081 3003 quicunque
1108 2931 1373 2987 mirabilia
1394 2928 1598 2986 faceret
1626 2928 1795 2985 Deum
1823 2940 2013 2999 putare
2035 2944 2125 2986 so-

535 3021 614 3075 liti
639 3038 654 3089 ;
681 3038 788 3091 quo
817 3024 980 3078 etiam
1011 3023 1170 3079 modo
1203 3021 1462 3091 antiquos
1489 3023 1621 3078 deos
1641 3021 2115 3091 existimaverunt,

2244 496 2539 568 μείναντας
2568 517 2581 530 ·
2609 501 2692 554 διό
2723 518 2806 554 σοι
2833 502 2991 566 δόξαν
3016 503 3459 574 ἀναπέμποντες,
3491 506 3721 576 κλῶμεν
3746 510 3841 563 τὸν

2239 592 2403 665 ἄρτον
2425 595 2518 647 ἐπὶ
2550 594 2629 665 τῷ
2659 597 2954 666 μετασχεῖν
2981 596 3213 668 τροφῆς.
3782 576 3795 585 ⁸

2316 704 2337 737 r
2377 686 2500 739 Τῶν
2527 686 2584 740 δὲ
2635 688 3052 761 στρατιωτῶνη
3103 688 3270 760 βουλὴ
3318 690 3539 758 ἐγένετο
3582 692 3674 744 ἴνα
3710 694 3840 759 τοὺς

2237 777 2525 849 δεσμώτας
2563 781 2931 835 ἀποκτείνωσι
2960 823 2974 846 ,
3021 782 3095 852 μή
3129 798 3212 845 τις
3244 782 3678 854 ἐκκολυμϐήσας
3722 784 3837 839 δια-

2238 872 2407 946 φύγῃ.
2457 874 2515 927 Ὀ
2539 873 2596 926 δὲ
2622 875 3032 946 ἑκατοντάρχης
3065 874 3394 945 βουλόμενος
3434 876 3716 931 διασῶσαι
3748 880 3837 932 τὸν

2238 965 2475 1030 Παῦλον,
2508 964 2788 1019 ἐκώλυσεν
2813 966 3014 1029 αὐτοὺς
3050 969 3145 1019 τοῦ
3182 965 3547 1038 βουλήματος.
3589 976 3623 1019 s‘

2309 1059 2652 1129 Σημειωτέον
2684 1058 2846 1113 πάλιν
2889 1058 2972 1110 ὅτι
3020 1056 3163 1110 ἑκών
3193 1075 3279 1121 τις
3309 1057 3525 1125 φονεύει
3575 1060 3709 1112 τινὰ
3736 1099 3751 1123 ,
3777 1062 3837 1114 οὗ

2235 1149 2335 1219 τῆς
2366 1151 2714 1222 εἱμαρμένης
2745 1148 3064 1219 κωλυούσης
3094 1148 3253 1202 τοῦτο
3294 1149 3587 1218 γενέσθαι,
3625 1151 3660 1221 ἦ
3700 1168 3837 1223 προ·

2233 1238 2579 1309 τρεπομένης
2602 1256 2615 1270 ·
2644 1239 2772 1307 ίίδοὺ
2804 1239 2912 1310 γὰρ
2955 1238 3314 1311 βουληθέντες
3365 1239 3575 1311 πρᾶξαι
3601 1283 3617 1306 ,
3662 1236 3836 1313 ἦλθον

2234 1330 2329 1382 ἐπὶ
2358 1329 2419 1383 τὸ
2453 1330 2613 1402 ἔργον
2648 1331 2743 1385 τοῦ
2784 1331 2946 1401 φόνου
2988 1331 3329 1396 αὐτόδουλοι,
3356 1333 3454 1386 καὶ
3483 1333 3837 1398 ἀκούσαντες

2232 1420 2328 1474 τοῦ
2379 1422 2820 1494 ἑκατοντάρχου,
2880 1423 3046 1477 πάλιν
3095 1424 3318 1487 ἑκόντες
3364 1424 3711 1489 ἐπαύσαντο,
3758 1426 3833 1489 ὡς

2232 1509 2360 1584 ἐξῆν
2384 1513 2585 1578 αὐτοὺς
2620 1515 2695 1584 μὴ
2728 1514 3042 1585 πεισθῆναι,
3078 1515 3309 1578 πολλοὺς
3334 1516 3499 1579 δντας
3533 1517 3639 1570 καὶ
3674 1520 3833 1588 ίσχυο

2232 1606 2361 1678 ροὺς
2386 1607 2481 1660 καὶ
2507 1606 2840 1677 ξιφηφόρους
2860 1624 2874 1638 ο
2907 1608 3024 1661 ἀλλ’
3047 1610 3081 1679 η
3112 1607 3277 1680 βουλὴ
3308 1613 3404 1663 καὶ
3424 1611 3458 1681 η
3490 1610 3830 1680 αὐθαίρετος

2231 1697 2422 1770 γνώμη
2455 1699 2550 1753 καὶ
2600 1700 2831 1770 πράττει
2862 1699 2899 1753 ἃ.
2933 1698 3101 1764 θέλει,
3150 1701 3245 1753 καὶ
3278 1700 3337 1754 ού
3400 1701 3642 1767 πράττει
3680 1701 3719 1754 ἃ
3754 1701 3828 1770 μὴ

2234 1789 2521 1861 βούλεται*
2571 1790 2756 1860 μωρὸν
2804 1785 2899 1844 οὖν
2927 1789 2986 1844 τὸ
3016 1790 3370 1862 ἐνθυμεῖσθαί
3402 1809 3457 1847 τι
3510 1792 3647 1866 περὶ
3696 1794 3827 1847 ἀσυ-

2232 1882 2444 1936 στάτων
2466 1881 2766 1953 ὀνομάτων.

2798 1997 3055 2053 ΚΕΦΑΛ.
3100 1995 3211 2051 KH’
3227 2035 3243 2052 .

2304 2129 2323 2162 ι
2376 2110 2436 2164 '0
2494 2110 2594 2181 μὲν
2641 2105 2737 2166 οὖν
2777 2111 3253 2184 άποτιναξάμενος
3297 2112 3360 2166 τὸ
3394 2112 3587 2187 θηρίον
3639 2116 3721 2179 εἱς
3758 2115 3816 2169 τὸ

2227 2202 2360 2276 πῦρ,
2394 2201 2598 2257 ἔπαθεν
2629 2204 2786 2258 οὐδὲν
2813 2204 3003 2259 κακόν.
3040 2224 3060 2257 ι

2307 2296 2372 2350 '0
2396 2294 2528 2367 per
2566 2290 2681 2352 οὖν
2728 2297 3249 2368 ἁποτιναξάμενος
3278 2302 3345 2354 τὸ
3385 2301 3600 2369 θηρίον
3626 2303 3717 2367 εις
3744 2300 3811 2353 τὸ

2227 2389 2378 2458 πῦρ·
2430 2389 2480 2443 οἱ
2511 2389 2622 2461 γὰρ
2652 2390 2835 2444 πιστοὶ
2881 2388 3171 2462 κρείττους
3204 2391 3314 2445 εἰσὶ
3349 2393 3534 2462 πάσης
3586 2392 3809 2449 ἐπιϐου-

2226 2478 2347 2549 λῆς,
2371 2477 2486 2532 εἴτε
2508 2478 2614 2534 ὑπὸ
2641 2478 2970 2550 ἀνθρώπων,
2993 2479 3105 2533 εἴτε
3132 2480 3239 2534 ὑπὸ
3262 2480 3473 2552 θηρίων
3493 2482 3807 2553 γινομένης.

2226 2573 2322 2627 καὶ
2371 2572 2550 2642 ὅμοιοί
2584 2572 2691 2625 εισι
2723 2570 2903 2636 θεοῖς,
2936 2572 3122 2637 καθὼς
3153 2574 3249 2626 καὶ
3297 2575 3332 2644 ἡ
3381 2574 3575 2644 Γραφή
3600 2589 3617 2603 ·
3672 2572 3807 2643 Ἐγὼ

2225 2659 2366 2718 εἶπα
2387 2680 2401 2695 ·
2438 2663 2572 2718 Θεοί
2594 2663 2754 2717 ἐστεο
2784 2664 2942 2734 ὑμεῖς
2964 2663 3022 2717 δὲ
3043 2663 3072 2705 1³
3092 2663 3163 2717 δι’
3189 2664 3475 2728 ἀπιστίαν,
3504 2665 3580 2728 ὡς
3600 2665 3808 2736 ἄνθρω-

2227 2772 2319 2810 ποι
2338 2754 2603 2820 θνήσκετε
2626 2765 2674 2809 ο.
2692 2754 2785 2808 Διὸ
2803 2755 2901 2809 καὶ
2916 2755 2968 2808 oi
2991 2755 3268 2828 Βάρὸαροι
3292 2755 3602 2828 ἑωρακότες
3624 2756 3807 2812 τοῦτον

2230 2846 2304 2919 μὴ
2338 2845 2717 2911 ἀποθανόντα“,
2752 2845 2870 2900 ἀλλ’
2902 2846 3216 2917 ἐκφυγόντα
3243 2846 3335 2901 τὸν
3367 2847 3674 2919 ἀμφίϐολον
3720 2849 3804 2902 θά-

2192 2991 2205 2998 ,
2227 2953 2410 3004 νατον,
2452 2936 2588 2991 Θεὸν
2636 2935 2802 2991 αὑτὸν
2832 2935 3093 3006 ἐνόμισαν
3141 2931 3307 3000 εῖναι,
3338 2936 3414 3001 ὡς
3443 2937 3566 3002 ἔθος
3594 2937 3804 3008 ἔχοντες

2228 3028 2408 3083 πάντα
2456 3027 2550 3082 τὸν
2600 3026 2863 3081 ποιοῦντά
2917 3043 2971 3080 τι
3014 3028 3328 3099 παράδοξον
3360 3028 3496 3082 Θεὸν
3527 3030 3803 3100 νομίζειν·

532 3112 650 3166 sive
683 3123 901 3181 propter
930 3112 1124 3167 virium
1157 3112 1532 3183 praestantiam
1577 3112 1778 3181 quibus
1821 3113 1942 3169 fieri
1964 3114 2115 3170 vide-

2227 3119 2411 3192 ὥσπερ
2464 3120 2559 3175 καὶ
2602 3121 2729 3183 τοὺς
2770 3118 3040 3182 παλαιοὺς
3089 3094 3248 3185 θεοὺς
3299 3094 3608 3192 ὠνόμαζον,
3651 3122 3687 3192 ἤ
3743 3119 3806 3174 δι’

533 3203 664 3258 bant
708 3217 869 3272 supra
916 3204 1166 3272 proprias
1209 3204 1376 3268 vires,
1425 3212 1482 3257 ut
1519 3212 1650 3274 puta
1678 3202 1966 3260 Herculem
2016 3204 2119 3262 Se-

534 3295 703 3349 meles
752 3294 942 3361 ﬁlium,
976 3296 1059 3351 vel
1086 3310 1181 3367 per
1232 3294 1463 3366 magiam
1522 3295 1894 3363 spectantibus
1943 3298 2119 3353 admi-

536 3387 796 3440 rationem
845 3388 1089 3451 cientes,
1147 3385 1326 3456 qualis
1367 3386 1468 3440 l'uit
1515 3386 1571 3440 in
1616 3385 1862 3443 Samaria
1900 3388 2116 3448 Simon.

534 3472 926 3529 Existimabam
959 3491 1078 3529 eum
1110 3477 1163 3528 in
1186 3487 1446 3530 tumorem
1470 3480 1900 3535 convertendum.

609 3564 846 3621 Vsas.8.
892 3583 912 3617 ι
946 3566 1187 3636 Contigit
1210 3578 1391 3622 autem
1426 3567 1605 3625 Publii
1636 3580 1844 3640 patrem
1875 3573 2118 3632 febribus

534 3665 590 3711 et
618 3656 920 3727 dysenteria
948 3666 1205 3711 vesatum
1226 3657 1434 3726 jacere,
1456 3662 1520 3714 ad
1542 3677 1699 3731 quem
1722 3662 1925 3720 Paulus
1944 3665 2115 3721 intra-

534 3748 614 3802 vit
645 3767 658 3803 :
689 3759 739 3803 et
772 3764 892 3804 cum
919 3760 1151 3816 orasset,
1176 3760 1243 3805 let
1269 3752 1618 3822 imposuisset
1643 3756 1692 3809 ei
1719 3772 1928 3821 manus,
1958 3773 2118 3814 sana-

534 3840 612 3893 vit
637 3854 781 3894 eum.
809 3857 828 3892 ι

605 3928 928 4000 Dysenteria
967 3942 1161 3987 sanatu
1188 3931 1423 3989 diﬂicilis
1450 3936 1698 4005 morbus;
1735 3940 1824 4009 qui
1856 3956 1951 4009 per
1971 3939 2115 3995 Pau-

533 4019 642 4075 lum
666 4024 1005 4077 sanationem
1031 4034 1343 4095 acceperat,
1375 4026 1421 4080 is
1445 4029 1644 4084 multos
1664 4031 1730 4084 ad
1749 4032 1906 4086 (idem
1927 4033 2111 4100 duxit;

533 4111 718 4182 itaque
766 4113 881 4168 fere
918 4130 1132 4186 semper
1177 4118 1439 4173 miracula
1477 4119 1869 4180 itt.intldelibus
1902 4133 1956 4179 et
1985 4140 2113 4195 pro-

532 4210 653 4271 pter
680 4201 923 4258 inlideles
951 4214 1262 4272 patrantur.

594 4291 878 4349 "VEBSJS.
941 4314 959 4348 ι
997 4296 1063 4350 Ει
1113 4307 1237 4367 post
1279 4300 1421 4357 diem
1467 4318 1661 4369 unum,
1708 4302 1872 4360 ﬂante
1903 4317 2109 4376 austro,

528 4384 767 4439 secunda
798 4386 884 4440 die
916 4387 1157 4443 venimus
1183 4390 1452 4449 Puteolos.
1483 4413 1501 4446 ι

599 4475 677 4530 ita
707 4476 954 4533 celeriter
972 4482 1225 4536 currebat
1250 4483 1370 4538 fidei
1400 4486 1452 4539 in
1476 4486 1758 4545 Christum
1782 4494 2113 4567 praedicatio,

531 4578 590 4620 ut
625 4565 849 4621 Romam
878 4586 1047 4640 usque
1072 4573 1183 4639 jam
1218 4578 1532 4642 pervenerit
1562 4587 1615 4631 et
1640 4579 1918 4648 ﬂoruerit,
1951 4565 2115 4643 etiam

529 4671 657 4712 ante
703 4660 994 4714 adventum
1023 4660 1215 4728 Pauli;
1278 4680 1470 4734 magna
1503 4679 1685 4724 autent
1731 4670 1897 4728 Paulo
1927 4675 2114 4733 laetitia

533 4748 745 4803 ﬁdelem
769 4752 975 4818 videre,
996 4762 1050 4807 et
1078 4753 1187 4808 Deo
1215 4758 1421 4822 gratias
1443 4759 1638 4829 agebat
1666 4774 1949 4831 prootcrea
1973 4770 2114 4839 quod

531 4840 586 4895 in
616 4856 738 4896 eum
759 4845 1098 4912 pervenisset
1129 4845 1223 4901 Dei
1251 4849 1511 4919 dignatio.

606 5016 767 5072 Vens.
792 5021 877 5075 i9.
925 5039 943 5071 ι
984 5021 1495 5085 Contrailit-entibus
1542 5040 1720 5086 autem
1752 5030 1974 5104 ludatis,
2012 5052 2106 5092 co-

527 5118 682 5164 actus
702 5124 822 5164 sum
859 5114 1125 5183 appellare
1156 5118 1450 5173 Caesarem.
1476 5137 1496 5171 ο

595 5201 899 5258 Notandum
941 5207 1119 5263 denuo
1157 5220 1240 5263 est
1286 5226 1390 5265 non
1425 5211 1598 5266 solum
1640 5216 1860 5285 scriptis
1900 5219 2108 5289 legibus

524 5301 619 5348 aut
668 5295 937 5351 mandatis
973 5298 1156 5354 fideles
1188 5313 1438 5371 oportere
1460 5317 1686 5373 parere,
1724 5308 2028 5379 quicunque
2054 5312 2104 5365 iu

522 5382 799 5440 Christum
826 5389 1187 5457 credunt,sed
1218 5392 1380 5447 etiam
1405 5396 1646 5451 moribus
1672 5414 1685 5449 :
1711 5399 1849 5466 quod
1883 5402 2099 5469 proprie

598 5543 641 5575 "
671 5541 816 5597 Psal.
850 5561 1040 5611 Luxt,
1070 5547 1123 5616 6,
1156 5551 1209 5603 7.

593 5695 622 5737 δ
649 5695 714 5753 c.
745 5700 805 5755 c.
828 5700 909 5772 δή.

991 5714 1012 5741 ε
1045 5703 1105 5758 C.
1138 5702 1199 5759 C.
1228 5705 1636 5777 ἀποθνήσκετε.
1720 5707 1744 5745 α
1775 5707 1836 5762 C.
1863 5707 1923 5764 C.
1958 5713 2173 5781 ιαγίας.

2223 3212 2379 3283 ἰσχὺν
2408 3210 2671 3283 περισσόν
2698 3229 2750 3265 τι
2788 3210 2896 3264 τῶν
2932 3209 3056 3265 καθ’
3076 3212 3305 3276 ἑαυτοὺς
3339 3211 3656 3276 ποιοῦντας,
3692 3207 3804 3275 οἷος

2217 3298 2286 3375 ἦν
2316 3304 2345 3356 ό
2383 3302 2660 3375 Ἡρακλῆς
2689 3305 2717 3357 ὁ
2742 3304 2807 3357 ὲκ
2848 3302 3127 3374 Σεμέλης*
3180 3305 3212 3376 ἢ
3251 3304 3338 3358 διὰ
3380 3303 3617 3376 μαγείαν
3645 3303 3676 3343 d
3720 3303 3809 3368 ἑξ-

2221 3395 2455 3449 ιστάνων
2484 3396 2611 3460 τοὺς
2639 3391 3039 3466 ὁρῶνταςκοῖος
3057 3394 3125 3470 ἦν
3143 3398 3171 3451 ό
3197 3397 3375 3468 Σίμων
3404 3396 3465 3449 ὲν
3484 3397 3803 3469 Σαμαρείᾳ,

2217 3486 2611 3557 Προσεδόκων
2641 3486 2898 3557 μέλλειν
2924 3488 3351 3559 ἐμπίπρασθαι.

2295 3597 2314 3630 ι
2365 3578 2621 3647 Ἐγένετο
2658 3579 2718 3632 δὲ
2757 3578 2853 3633 τὸν
2884 3581 3100 3652 πατέρα
3134 3579 3227 3634 τοῦ
3268 3581 3505 3635 Ποπλίου
3544 3586 3804 3655 πυρετοῖς

2217 3669 2315 3723 καὶ
2342 3668 2661 3740 δυσεντερίᾳ
2693 3670 3065 3741 κατεχόμενον
3094 3670 3458 3725 κατακεῖσθαι
3475 3689 3489 3703 ο
3522 3674 3662 3745 πρὸς
3691 3675 3751 3728 ὃν
3776 3676 3804 3727 ό

2219 3761 2432 3825 Παῦλος
2478 3760 2761 3830 εἰσελθὼν,
2804 3763 2900 3817 καὶ
2932 3762 3400 3836 προσευξάμενος,
3440 3766 3656 3831 ἐπιθεὶς
3704 3767 3799 3830 τὰς

2217 3853 2408 3925 χεῖρας
2440 3851 2632 3916 αὑτοῦ,
2666 3852 2857 3908 ἰάσατο
2882 3856 3070 3910 αὐτόν.
3108 3874 3128 3908 s

2287 3943 2622 4014 Δυσεντερία
2658 3943 2719 3996 τὸ
2751 3943 3003 4001 δυσίατον
3037 3946 3133 4000 τοῦ
3162 3947 3403 4012 πάθους·
3439 3947 3585 4003 ίασιν
3612 3948 3796 4003 λαϐὼν

2215 4032 2302 4086 διά
2341 4033 2436 4087 τοῦ
2477 4033 2697 4089 Παύλου
2754 4036 2986 4103 πολλοὺς
3012 4040 3097 4103 είς
3152 4040 3339 4094 πίστιν
3387 4042 3623 4113 ἤγαγεν·
3658 4042 3796 4096 ὥστε

2214 4120 2309 4179 οῦν
2334 4125 2423 4179 ἀεὶ
2454 4126 2522 4179 τὰ
2547 4129 2750 4197 σημεῖα
2781 4130 2840 4183 ὲν
2869 4133 2981 4194 τοῖς
3010 4132 3265 4196 ἀπίστοις
3292 4134 3385 4186 καὶ
3408 4133 3500 4188 διὰ
3522 4132 3647 4199 τοὺς
3675 4133 3803 4188 ἀπί-

2216 4233 2374 4280 στους
2415 4215 2492 4281 ὡς
2525 4219 2821 4275 ἔπιτοπολὺ
2844 4221 3089 4291 γίνεται.

2293 4324 2312 4358 ι
2350 4306 2461 4360 Καὶ
2493 4308 2634 4377 μετὰ
2664 4311 2793 4381 μίαν
2816 4314 3029 4384 ἡμέραν
3052 4316 3448 4389 ἐπιγενομένου
3471 4319 3652 4386 νότου,
3680 4320 3796 4373 δευ-

2140 4430 2188 4487 D
2214 4402 2420 4471 τεραῖοι
2451 4402 2687 4473 ἤλθομεν
2717 4405 2799 4469 είς
2818 4406 3127 4472 Ποτιόλους.
3168 4428 3188 4461 s

2291 4491 2561 4548 Τοσοῦτον
2602 4489 2668 4567 ἦν
2715 4496 3016 4569 διαδραμὸν
3061 4500 3123 4554 τὸ
3164 4501 3262 4573 τῆς
3300 4503 3539 4567 πίστεως
3583 4504 3686 4573 τῆς
3719 4506 3787 4565 είς

2215 4581 2452 4653 Χριστὸν
2484 4585 2767 4657 κήρυγμα,
2798 4588 2881 4643 ὅτι
2911 4590 2974 4661 δὴ
3012 4593 3106 4645 καὶ
3130 4591 3260 4665 ἄχρι
3303 4592 3522 4666 Ῥώμης
3552 4592 3621 4668 ἦν
3662 4595 3782 4667 φθά-

2218 4689 2318 4727 σαν
2357 4674 2454 4729 καὶ
2488 4678 2813 4749 ὲνεργῆσαν,
2844 4683 2938 4737 καὶ
2969 4683 3077 4754 πρὸ
3101 4685 3207 4755 τῆς
3231 4684 3326 4738 τοῦ
3354 4686 3577 4741 Παύλου
3609 4688 3786 4755 ἐπιδη-

2216 4765 2377 4836 μίαςο
2431 4767 2575 4839 χαρὰ
2606 4764 2673 4837 ἦν
2712 4770 2790 4841 τῷ
2838 4773 3034 4844 Παύλῳ
3067 4775 3283 4846 μεγάλη
3315 4776 3379 4830 τὸ
3405 4779 3542 4849 δρᾷν
3579 4779 3786 4840 πιστὸν,

2215 4858 2312 4911 καὶ
2355 4858 2430 4922 ὡς
2466 4860 2551 4943 είς,
2583 4861 2751 4914 αὐτὸν
2794 4863 3105 4937 φθανούσης
3134 4868 3230 4937 τῆς
3269 4868 3594 4940 εὐεργεσίας
3622 4872 3785 4942 ηὐχα-

2214 4949 2408 5018 ρίστει.

2289 5060 2308 5092 t
2367 5042 2786 5111 Ἀντιλεγόντων
2829 5045 2888 5098 δὲ
2937 5046 3043 5099 τῶν
3097 5046 3390 5115 Ἰουδαίων,
3440 5051 3788 5121 ἠναγκάσθην

2207 5133 2641 5189 ἐπικαλέσασθαι
2676 5136 2952 5206 Καίσαρα.
2987 5156 3006 5189 ι

2281 5225 2626 5294 Σημειωτέον
2654 5226 2816 5280 πάλιν
2850 5228 2932 5280 ὅτι
2968 5229 3028 5281 ού
3063 5229 3225 5296 μόνον
3262 5232 3569 5302 ἐγγράφοις
3605 5233 3784 5302 νόμοις

2206 5314 2325 5385 ἦτοι
2356 5317 2756 5386 παραγγελίαις
2783 5316 2867 5370 δεῖ
2894 5319 2925 5389 η
2936 5319 3043 5388 μᾶς
3092 5319 3409 5389 πειθαρχεῖν
3443 5322 3573 5384 τοὺς
3600 5324 3669 5393 τῇ
3701 5321 3781 5372 πίε

2211 5420 2328 5456 στει
2362 5407 2428 5474 τῇ
2462 5406 2543 5469 είς
2577 5406 2813 5476 Χριστὸν
2840 5408 3221 5477 πιστεύοντας,
3262 5410 3399 5464 ἀλλὰ
3426 5410 3521 5464 καὶ
3546 5415 3657 5477 τοῖς
3675 5410 3781 5464 ἔδει
