4068 6126
361 261 492 355 mos
1243 287 1707 349 FRAGMENTA
1748 289 1830 351 IN
1867 289 2058 350 ACTA
2096 287 2674 350 APOSTOLORUM.
3481 293 3621 358 iam;

353 423 440 460 σιν
460 422 472 436 ·
503 405 643 478 ὅπερ
673 405 876 479 κυρίως
917 409 1065 462 ἐστὶν
1100 407 1379 480 ἔγγραφος
1413 421 1436 450 ε
1467 409 1628 480 νόμος
1653 423 1668 438 ⁸
1701 406 1925 477 ἁρμόζει

2037 414 2119 460 est
2157 405 2236 460 lex
2297 421 2400 458 non
2452 403 2672 475 scripta.
2712 403 2920 473 Pugnat
2966 420 3128 476 porro
3187 414 3372 458 contra
3403 421 3496 460 eos
3525 408 3617 478 qui

351 499 497 554 κατὰ
538 499 649 552 τῶν
677 501 744 553 τὰ
794 501 889 568 ἔθη
925 502 1024 570 τῆς
1065 502 1390 572 Ἐκκλησίας
1418 497 1925 570 πολυπραγμονούν-

2045 496 2304 552 Ecclesia;
2331 511 2509 549 moros
2539 498 2813 552 curiosius
2837 508 3150 552 Scrulanlttr
3183 510 3238 553 ut
3271 499 3618 568 Uniuscujus-

350 608 462 645 των
492 594 586 646 καὶ
616 593 878 662 λογισμὸν
905 593 1000 662 ἀφ’
1033 593 1267 646 ἑκάστου
1299 595 1628 664 ζητούντων,
1670 591 1704 662 ἢ
1731 590 1925 662 ἐγγρα-

2039 605 2147 660 que
2186 592 2448 645 rationum
2481 590 2853 659 expostulant,
2886 601 2980 643 aut
3009 592 3279 645 novitates
3312 593 3454 644 inter
3485 592 3622 646 scri-

351 699 453 751 φον
517 683 816 755 παράδοσιν
861 685 1209 754 καινοτομίας
1265 685 1511 753 εἰσάγειν
1575 683 1925 752 πειρωμένω

2040 691 2158 750 ptas
2189 684 2510 737 traditiones
2539 698 2760 750 ponere,
2799 682 3094 736 secundum
3127 682 3492 736 inordinatam
3525 698 3617 735 vo-

349 774 494 827 κατὰ
551 774 652 845 τὴν
701 774 924 846 ἄκριτον
975 773 1154 828 αὐτῶν
1205 773 1419 843 βουλήν.
1479 772 1930 840 Ἀντιλεγόντων

364 863 670 918 Ἰουδαίων
689 863 1084 933 ἠναγκάσθην
1111 862 1591 918 ἐπικαλέσασθαι
1605 863 1892 930 Καίσαρα
1910 876 1925 893 ο

350 952 506 1014 εἰδὼς
544 957 572 1006 ὀ
616 955 826 1017 Παῦλος
869 957 950 1009 ὅτι
982 955 1183 1009 ἄτοπον
1219 950 1288 1025 ἦν
1331 954 1464 1016 ὅλως
1515 953 1534 992 ί
1563 953 1926 1018 δικάσασθαι,

353 1047 446 1097 καὶ
483 1044 718 1112 μάλιστα
753 1047 903 1118 παρὰ
933 1046 1166 1118 ἀπίστῳ,
1202 1046 1332 1116 περὶ
1371 1046 1703 1115 ἀμφοτέρων
1733 1044 1930 1098 ἀπολο-

352 1138 549 1204 γεῖται,
578 1137 660 1188 ὅτι
687 1135 811 1188 οὔτε
842 1138 992 1202 παρὰ
1011 1137 1100 1190 τὸν
1127 1139 1515 1207 νενομισμένον
1535 1135 1769 1207 πράξας,
1799 1135 1937 1190 ἀλλὰ

355 1226 787 1294 συκοφαντηθεὶς
817 1227 1125 1300 ἀνεκλήθην
1159 1229 1266 1281 ὑπὸ
1303 1227 1596 1291 Ἰουδαίων,
1632 1227 1756 1281 οὔτε
1791 1225 1933 1283 ἑκὼν

351 1317 776 1388 ὲπεκαλεσάμην
811 1319 1088 1390 Καίσαρα,
1119 1319 1237 1372 ἀλλ’
1284 1321 1466 1374 αὐτῶν
1493 1319 1804 1374 δεδωκότων
1832 1320 1932 1394 τὴν

350 1411 564 1464 αἰτίαν⁹
595 1410 712 1462 ἀνθ’
755 1403 829 1462 ὧν
861 1411 962 1464 οὐκ
1002 1411 1283 1481 ἠνείχοντο
1306 1451 1320 1475 ,
1361 1409 1486 1464 οὔτε
1522 1410 1666 1465 κατὰ
1708 1411 1801 1464 τὸν
1831 1410 1932 1479 τῆς

364 1501 691 1570 Ἐκκλησίας
721 1501 886 1571 νόμον
911 1501 1134 1557 δικάσαι
1168 1520 1280 1574 μοι,
1325 1501 1447 1556 οὔτε
1471 1507 1588 1568 ταῖς
1616 1503 1725 1558 τῶν
1745 1503 1935 1575 ἀρχόν-

349 1609 460 1646 των
489 1593 860 1663 πειθαρχήσαι
903 1595 1153 1664 ἐννόμοις
1203 1594 1518 1664 ἀποφάσεσι
1547 1611 1562 1626 ο
1593 1594 1782 1647 εἵνεκα
1824 1595 1932 1666 γὰρ

348 1682 448 1752 τῆς
492 1683 707 1746 ἐλπίδος
736 1686 832 1737 τοῦ
880 1684 1137 1756 Ἰσραὴλ,
1182 1685 1280 1756 μία
1315 1685 1424 1758 γὰρ
1461 1681 1531 1756 ἦν
1571 1685 1727 1750 ἐλπὶς
1760 1704 1932 1756 σωτηο

2037 771 2328 828 luntatem.
2393 773 2888 828 Contradicentibus
2941 773 3184 840 Judwis,
3242 783 3456 828 coactus
3503 792 3619 830 sum

2035 863 2621 934 appellare-Cinaram.
2689 865 2880 920 Sciens
2921 863 3123 919 Paulus
3165 867 3458 918 absurdum
3479 879 3618 917 esse

2036 973 2094 1012 se
2119 956 2376 1026 iudicari,
2409 957 2705 1026 praesertim
2729 967 2907 1012 autem
2939 959 3005 1011 ab
3037 957 3262 1020 inﬁdi-li,
3299 957 3366 1010 de
3391 964 3620 1024 utroque

2037 1063 2097 1100 se
2131 1046 2369 1101 defendit
2402 1065 2416 1101 :
2449 1063 2555 1102 non
2591 1047 2724 1116 legis
2750 1049 3206 1114 transgressione,
3241 1048 3332 1100 sed
3355 1065 3388 1101 α
3418 1045 3623 1101 «Ιιιιιιι-ἱε

2043 1139 2405 1192 calumniatus
2433 1139 2724 1208 appellavi,
2762 1154 2936 1208 neque
2967 1139 3196 1194 libenter
3227 1139 3492 1194 Cat-sarem
3521 1155 3620 1208 ap-

2041 1229 2235 1300 pellavi
2265 1247 2280 1297 ;
2321 1230 2428 1288 sed
2465 1229 2538 1282 illi
2565 1244 2670 1286 .me
2694 1241 3020 1298 coegerunt,
3071 1231 3325 1299 quoniam
3358 1247 3460 1284 nou
3491 1248 3617 1302 pas-

2040 1321 2083 1375 si
2131 1330 2258 1375 sunt
2299 1335 2386 1374 me
2420 1318 2569 1388 juxta
2595 1319 3040 1374 consuetudinem
3079 1319 3330 1376 Ecclesia:
3356 1321 3616 1391 jutlicari,

2039 1421 2092 1468 et
2131 1411 2382 1483 legitimis
2419 1411 2720 1482 principum
2750 1411 3032 1464 sententiis
3062 1411 3317 1476 obedire;
3369 1428 3488 1481 qu.e
3515 1414 3617 1469 feci

2038 1507 2106 1562 ob
2135 1522 2282 1576 spem
2315 1503 2482 1559 Israel
2513 1521 2528 1558 :
2564 1519 2667 1557 una
2691 1503 2834 1558 cnim
2867 1503 3057 1558 salutis
3081 1517 3205 1572 spes
3228 1502 3430 1564 Judazis
3455 1504 3618 1559 relin-

2038 1593 2222 1662 quitur
2250 1593 2302 1646 in
2329 1588 2912 1659 Scripturis,Cbristus
2933 1590 3160 1653 scilicet,
3178 1605 3337 1661 quem
3359 1607 3458 1664 ego
3479 1609 3622 1663 pra:-

2040 1686 2230 1739 dicans
2263 1683 2316 1737 in
2349 1681 2555 1737 hancce
2585 1681 2956 1751 captivitatem
2981 1681 3126 1737 veni.

353 1775 444 1846 ρία
461 1777 599 1838 ετοῖς
624 1775 899 1839 Ἰουδαίοις
920 1776 1437 1850 περιλιμπανομένη
1460 1781 1524 1832 ἐκ
1547 1779 1654 1832 τῶν
1679 1780 1938 1852 Γραφῶν,
1981 1779 2009 1832 ὁ
2042 1775 2300 1848 Χριστὸς,
2332 1774 2392 1829 ὃν
2439 1772 2553 1844 ἐγὼ
2615 1773 2909 1846 κηρύσσων
2954 1775 3036 1838 εἰς
3073 1772 3282 1844 ταύτην
3319 1770 3483 1846 ἦλθον
3519 1776 3621 1848 τὴν

351 1868 684 1922 κατάστασιν
714 1867 820 1922 τῶν
847 1869 1082 1940 δεσμῶν.

427 1977 446 2010 ι
477 1959 626 2030 Περὶ
681 1960 780 2031 μὲν
810 1959 922 2031 γὰρ
965 1960 1066 2031 τῆς
1104 1961 1371 2033 αἱρέσεως
1397 1962 1629 2036 ταύτης,
1687 1962 1925 2034 γνωστὸν

2102 1958 2380 2014 \’eas.22.
2431 1975 2451 2011 ι
2479 1957 2613 2012 Nam
2656 1957 2723 2014 de
2751 1957 2944 2014 haeresi
2970 1959 3074 2015 bac
3113 1967 3300 2014 notum
3329 1966 3412 2013 est
3435 1959 3618 2030 nobis,

348 2051 484 2120 ἡμῖν
512 2052 682 2104 ἐστιν.
732 2069 752 2102 ι

421 2140 645 2208 Αἴρεσιν
701 2139 962 2195 καλοῦσιν
1027 2141 1280 2210 ἰουδαϊοιξ
1315 2143 1416 2216 τὴν
1449 2146 1531 2210 εἰς
1572 2145 1810 2217 Χριστὸν
1839 2146 1932 2200 πί-

353 2251 472 2286 στιν
499 2251 514 2265 ο
569 2233 659 2287 ὅτι
703 2234 1018 2303 πανταχοῦ
1051 2235 1426 2306 ἀντιλέγεται
1449 2251 1462 2266 ο
1506 2237 1614 2290 ἰδοὺ
1661 2238 1758 2290 καὶ
1791 2238 1930 2290 Ἰου-

349 2326 492 2380 δαῖοι
513 2325 890 2397 μαρτυροῦσιν
914 2328 997 2380 ὅτι
1017 2329 1298 2398 πανταχοῦ
1318 2327 1596 2400 ἐκηρύχθη
1625 2331 1654 2382 ὁ
1669 2330 1926 2401 Χριστός·

353 2415 494 2486 πλὴν
532 2417 592 2468 οὐ
627 2417 850 2482 πάντες,
905 2418 1062 2488 φησὶ,
1099 2419 1499 2489 καταδέχονται
1543 2420 1604 2472 τὸ
1643 2420 1928 2491 κήρυγμα,

349 2507 490 2575 ἀλλὰ
515 2509 858 2578 ἀντιλέγουσι
905 2525 1053 2572 τινες
1107 2509 1354 2564 Ἰουδαῖοι
1393 2510 1426 2582 ἢ
1453 2510 1738 2581 Ἕλληνες,
1771 2512 1804 2584 ἢ
1835 2514 1930 2566 καὶ

350 2599 526 2662 ἄλλως
549 2601 839 2670 αἱρετικοὶ,
867 2599 943 2672 μὴ
965 2601 1384 2670 σνμφωνοῦντες
1401 2605 1466 2672 τῇ
1485 2602 1660 2674 ἁληθῇ
1683 2604 1708 2642 δ
1725 2604 1926 2658 πίστει’

350 2690 456 2744 ἔδει
486 2689 596 2759 γὰρ
625 2690 718 2742 καὶ
759 2691 1003 2760 αἱρέσεις
1036 2686 1200 2758 εἶναι,
1235 2693 1323 2746 ἵνα
1355 2693 1404 2746 οἱ
1434 2693 1653 2764 δόκιμοι
1685 2694 1924 2764 φανῶσι,

349 2783 446 2835 καὶ
495 2781 757 2854 πληρωθῇ
797 2783 886 2836 διὰ
922 2784 1142 2838 πάντων
1169 2784 1232 2838 τὸ
1283 2786 1666 2857 προφητευθὲν
1715 2791 1798 2852 εἰς
1837 2789 1929 2843 τὸν

347 2870 587 2940 Χριστδν
619 2873 707 2926 διὰ
753 2873 980 2946 Συμεὼν
1022 2874 1120 2928 τοῦ
1169 2879 1456 2949 προφήτου
1513 2879 1764 2943 εἰπόντος
1798 2881 1930 2952 περὶ

349 2962 536 3016 αὐτοῦ’
578 2962 724 3017 Ἰδοὺ
745 2961 924 3031 οὗτος
953 2966 1137 3020 κεῖται
1159 2970 1246 3034 εἰς
1274 2969 1510 3024 πτῶσιν
1547 2973 1646 3026 καὶ
1667 2973 1930 3028 ἀνάστα-

348 3069 456 3108 σιν
481 3054 728 3109 πολλῶν
756 3055 828 3109 ἐν
851 3055 932 3122 τῷ
979 3059 1248 3128 Ἰσραὴλ,
1275 3059 1374 3115 καὶ
1405 3063 1493 3128 εἰς
1521 3062 1780 3132 σημεῖον
1818 3065 1928 3120 ἁν-

347 3145 763 3216 τιλεγόμενον.

425 3254 444 3288 ι
481 3237 789 3308 Ταξάμενοι
821 3237 882 3290 δὲ
937 3239 1178 3310 ῄμέραν,
1235 3237 1404 3312 ἦλθον
1457 3244 1540 3307 είς
1592 3243 1693 3314 τὴν
1738 3243 1923 3312 ξενίαν

2039 2053 2165 2122 quia
2204 2052 2402 2120 ubique
2431 2050 2480 2106 ei
2512 2051 2927 2106 contradicitur.
2957 2070 2978 2105 ι

2104 2144 2363 2200 Ilzeresim
2409 2150 2608 2197 vocant
2643 2139 2812 2198 Judaei
2861 2143 2914 2198 in
2953 2142 3234 2199 Christum
3270 2143 3452 2206 (idem,
3488 2145 3618 2217 quia

2030 2235 2221 2308 ubique
2267 2239 2317 2289 ei
2363 2235 2774 2290 contradicitur.
2839 2236 2983 2289 Ecce
3039 2234 3139 2305 ipsi
3187 2249 3402 2304 quoque
3445 2233 3617 2292 Judaei

2030 2328 2394 2384 testiﬁcantur
2455 2325 2657 2396 ultique
2713 2324 2988 2381 Christum
3042 2340 3166 2380 esse
3218 2326 3614 2396 praedicatum;

2029 2420 2157 2476 licet
2205 2435 2310 2474 non
2349 2434 2563 2485 omnes,
2602 2418 2803 2485 inquit,
2855 2417 3292 2488 praedicationem
3327 2419 3616 2489 recipiant,

2030 2517 2124 2568 sed
2148 2513 2530 2567 contradicant
2559 2511 2724 2582 aliqui
2747 2509 2918 2564 Judaei
2952 2519 3046 2563 aut
3068 2509 3320 2580 gentiles,
3353 2520 3408 2566 et
3435 2511 3619 2564 diver-

2030 2621 2090 2660 ευ
2123 2606 2342 2674 quidem
2378 2606 2536 2658 modo
2561 2601 2800 2657 haeretici
2831 2615 2970 2656 verae
2995 2600 3117 2656 ﬁdei
3145 2616 3250 2656 non
3275 2601 3621 2656 coiiseutien-

2033 2703 2154 2760 tes;
2209 2693 2494 2763 oportebat
2525 2692 2670 2746 enim
2722 2691 3146 2758 csse-hmreses,
3201 2700 3259 2744 ut
3290 2698 3618 2759 apparerent

2030 2785 2210 2851 electi,
2237 2796 2292 2839 et
2315 2783 2633 2854 impleretur
2651 2782 2718 2838 ab
2734 2783 2989 2838 omnibus
3006 2783 3148 2853 quod
3168 2784 3481 2852 praedictum
3499 2792 3623 2838 erat

2031 2878 2096 2934 de
2118 2877 2339 2933 Christo
2373 2894 2403 2932 a
2436 2876 2693 2932 Simeone
2719 2875 2984 2946 prepbeta
3023 2874 3238 2930 dicente
3291 2892 3304 2929 :
3356 2873 3490 2928 Ecce
3531 2875 3622 2929 hic

2029 2973 2234 3039 positus
2261 2980 2339 3023 est
2371 2968 2426 3022 in
2451 2969 2662 3022 ruinam
2695 2973 2745 3021 et
2774 2966 2832 3018 in
2860 2968 3298 3038 resurrectionem
3326 2967 3615 3019 multorum

2029 3059 2086 3113 in
2119 3057 2311 3126 Israel,
2348 3067 2396 3112 et
2429 3059 2483 3112 in
2505 3058 2714 3127 signum
2741 3056 2826 3110 cui
2847 3055 3240 3110 contradicetur
3262 3054 3329 3109 ’°.
3357 3072 3377 3106 s

2100 3234 2377 3298 Vsas.25.
2426 3251 2446 3287 ι
2495 3232 2633 3290 Cum
2661 3233 3076 3290 constituissent
3121 3233 3196 3288 illi
3257 3233 3614 3300 diem,vene-

349 3326 487 3400 πρὸς
519 3329 683 3382 αὐτὸν
717 3329 992 3393 πλείονες·
1027 3329 1108 3395 οἷς
1137 3331 1412 3400 ἐξετίθετο
1441 3333 1925 3406 διαμαρτυρούμε-

2031 3339 2156 3384 runt
2184 3331 2249 3385 ad
2274 3344 2397 3383 eum
2424 3327 2477 3383 in
2505 3325 2798 3398 ilOSpiiitlm
2827 3325 3064 3396 plurimi,
3093 3326 3290 3394 quibus
3307 3329 3615 3396 exponebat

348 3437 438 3484 νος
476 3422 577 3492 τὴν
614 3421 896 3492 βασιλείαν
925 3423 1020 3478 τοῦ
1051 3425 1211 3491 Θεοῦ,
1242 3426 1449 3479 πείθων
1469 3442 1530 3479 τε
1569 3427 1766 3490 αὐτοὺς
1796 3428 1926 3499 περὶ

345 3512 441 3567 τοῦ
487 3513 686 3584 Ἰησοῦ,
737 3517 846 3569 ἀπό
891 3533 954 3569 τε
1011 3516 1107 3569 τοῦ
1161 3517 1330 3587 νόμον
1359 3518 1641 3582 Μωῦσέως
1685 3520 1782 3572 καὶ
1814 3518 1926 3574 τῶν

347 3604 670 3675 προφητῶν,
703 3606 812 3658 ἀπὸ
841 3605 986 3678 πρωῒ
1026 3607 1132 3670 ἕως
1161 3609 1422 3679 ἑσπέρας.
1462 3625 1486 3660 s

432 3696 519 3762 Ἐξ
554 3697 852 3766 ἐγγράφων
903 3699 1238 3764 ἀποδείξεων
1272 3701 1504 3770 συνιστᾷ
1562 3701 1692 3764 τοὺς
1726 3701 1924 3755 ἑαυτοῦ

345 3789 540 3858 λόγους
567 3791 596 3842 ὁ
631 3792 842 3856 Παῦλος
866 3808 882 3823 ο
919 3796 1012 3846 καὶ
1059 3793 1180 3848 οὐδὲ
1230 3794 1290 3862 ἐξ
1337 3795 1568 3866 ἀσήμων
1599 3795 1694 3850 καὶ
1727 3797 1928 3850 ἀκανο-

353 3881 544 3936 νίστων
577 3883 817 3952 βιῦλίων,
869 3883 992 3936 οὐδὲ
1021 3883 1081 3952 ἐξ
1123 3885 1417 3957 ἀλλοτρίας
1455 3885 1780 3957 θρησκείας,
1807 3886 1924 3940 ἀλλ’

348 3976 409 4042 εξ
435 3977 643 4030 ἑαυτῶν
669 3995 683 4010 ο
713 3976 793 4029 διό
823 3992 982 4046 φησι,
1015 3975 1228 4044 Καλῶς
1281 3979 1349 4032 τὸ
1375 3979 1629 4050 ,Πνεῦμα
1651 3980 1720 4033 τὸ
1753 3978 1924 4048 ἅγιον

344 4069 614 4137 ἐλάλησε
655 4070 755 4124 διὰ
800 4069 1044 4123 Ἡσαΐου
1073 4069 1180 4124 τοῦ
1237 4073 1550 4144 προφήτου
1583 4073 1734 4142 πρὸς
1781 4071 1924 4138 τοὺς

341 4165 604 4231 πατέρας
653 4162 844 4232 ὑμῶν.
874 4195 946 4204 -
983 4165 1094 4220 Καὶ
1144 4166 1268 4226 μετ’
1307 4167 1504 4233 ὀλίγα·
1536 4195 1609 4205 -
1663 4166 1825 4220 Ἀλλ’
1853 4164 1922 4218 ἐκ

340 4255 600 4321 Μωσέως
633 4257 733 4310 καὶ
767 4255 888 4310 τῶν
915 4253 1240 4324 προφητῶν
1268 4270 1282 4286 ·
1313 4253 1392 4306 διὸ
1425 4253 1438 4293 ἱ
1504 4251 1642 4323 πρὸς
1676 4254 1806 4314 τοὺς
1845 4250 1921 4322 μὴ

345 4346 692 4414 πεισθέντας,
736 4347 813 4412 ὡς
842 4347 1132 4416 κακοήθως
1180 4343 1278 4396 καὶ
1305 4343 1435 4397 ἄνευ
1472 4343 1638 4408 λόγου
1681 4344 1919 4412 ἀποτρε-

343 4437 634 4506 πομένους,
662 4437 832 4507 αὐτὴν
867 4439 1164 4508 παρήγαγε
1195 4436 1295 4506 τὴν
1342 4433 1567 4488 Ἥσαῖου
1585 4435 1782 4505 χρῆσιν
1813 4446 1828 4461 ’
1861 4433 1919 4485 ὲν

341 4525 422 4594 οἷς
452 4546 608 4600 φησι,
640 4533 747 4585 Καὶ
776 4531 903 4597 τοῖς
930 4526 1288 4596 ὠσίβαρὲως
1309 4524 1608 4594 ἤκουσαν,
1637 4524 1738 4577 καὶ
1776 4521 1920 4589 τοὺς

343 4624 692 4693 ὀφθαλμοὺς
731 4623 930 4679 αὐτῶν
978 4622 1377 4692 ἐκάμμυσανο
1447 4619 1664 4682 δεικνὺς
1719 4619 1802 4672 ὄτι
1857 4619 1917 4672 ὲν

341 4714 544 4784 εἰδήσει
573 4714 726 4776 ὄντες
781 4711 875 4766 τοῦ
910 4712 1166 4784 ἀληθοῦς,
1225 4708 1790 4780 ἀποπροσποιοῦνται,
1836 4707 1911 4780 μὴ

340 4804 587 4869 θέλοντες
617 4806 909 4874 πεισθῆναι
933 4821 948 4836 ο
975 4804 1072 4858 καὶ
1099 4806 1152 4858 οι
1172 4803 1290 4872 μὲν
1316 4802 1632 4857 ἐπείθοντο
1663 4799 1786 4862 τοῖς
1812 4802 1913 4853 λε-

341 4899 633 4967 γομένοις,
670 4905 724 4952 o.‘
755 4899 822 4951 δὲ
854 4898 1158 4964 ἠπίστουν
1183 4913 1196 4924 ·
1231 4895 1532 4956 ἀνενδότως
1554 4887 1669 4963 εἶχε
1697 4890 1828 4961 περὶ
1856 4889 1918 4943 τὺ

340 4997 573 5065 πρᾶγμα
604 4997 631 5046 ὁ
653 4993 796 5046 Παῦ)
808 5010 886 5055 ος,
921 4993 993 5062 μὴ
1015 4990 1354 5061 ἁποκάμνων
1389 4987 1528 5058 πρὸς
1561 4985 1620 5039 τὸ
1640 4985 1800 5054 ἔργον
1819 4983 1918 5053 τῆς

2033 3422 2326 3478 testiﬁcaris
2379 3435 2603 3491 regnum
2649 3417 2785 3484 Dei,
2841 3415 3189 3486 suadensque
3237 3419 3316 3472 eis
3371 3419 3439 3474 de
3483 3416 3613 3475 Jesu

2029 3530 2094 3570 ex
2127 3515 2244 3584 lege
2284 3512 2453 3584 Moysi
2497 3516 2552 3567 et
2581 3511 2864 3582 prophetis
2887 3548 2904 3577 ,
2959 3524 2990 3564 a
3030 3523 3192 3564 mane
3223 3525 3395 3580 usque
3426 3511 3492 3564 ad
3518 3525 3612 3566 ve-

2027 3620 2263 3674 speram.
2290 3622 2310 3656 ι

2101 3696 2141 3750 Ε
2171 3694 2472 3764 Scripturis
2493 3694 3156 3766 desumplis‘argumentis
3181 3708 3460 3751 sermones
3483 3709 3614 3750 suos

2027 3783 2243 3838 coniicit
2269 3780 2501 3846 Paulus,
2555 3795 2660 3835 non
2687 3792 2866 3836 autem
2899 3798 2964 3836 ex
2988 3782 3140 3836 libris
3161 3783 3484 3852 ignobilibus
3517 3794 3608 3840 aut

2027 3891 2134 3930 non
2165 3875 2462 3937 canonicis,
2495 3890 2666 3942 neque
2699 3885 2971 3928 extraneae
3007 3874 3302 3942 religionis,
3343 3877 3434 3928 sed
3467 3877 3610 3944 ipso-

2027 3983 2180 4034 rum;
2235 3967 2413 4035 itaque
2441 3965 2574 4020 dicit
2605 3981 2620 4018 :
2653 3964 2884 4034 Spiritus
2913 3974 3128 4019 sanctus
3157 3981 3252 4032 per
3277 3963 3480 4018 Isaiam
3511 3983 3610 4035 pa-

2025 4059 2190 4112 tribus
2215 4058 2393 4112 restris
2423 4059 2628 4110 loculus
2650 4065 2818 4112 est.—
2833 4052 2898 4107 Et
2923 4063 3042 4124 post
3067 4071 3234 4124 pauca
3258 4053 3454 4110 z—Sed
3475 4067 3520 4110 et
3543 4073 3609 4112 ea:

2024 4149 2208 4220 Moyse
2231 4162 2276 4203 et
2297 4149 2562 4220 prophetis
2585 4165 2607 4214 ;
2662 4146 2890 4216 idecque
2911 4157 3097 4200 contra
3129 4148 3452 4216 incredulos,
3487 4159 3608 4202 tan-

2023 4257 2182 4312 quam
2207 4257 2460 4311 perverse
2475 4250 2527 4296 et
2545 4242 2746 4294 absone
2768 4239 3105 4305 resistentes,
3141 4241 3278 4294 hanc
3309 4239 3455 4296 Is;.i.c
3477 4257 3604 4312 pro-

2023 4334 2128 4388 l'ert
2155 4333 2477 4388 sententiam
2505 4349 2520 4385 :
2545 4328 2802 4385 Gravibus
2824 4330 3041 4383 auribus
3067 4331 3372 4394 audierunt,
3391 4335 3601 4388 oculos-

2020 4441 2118 4496 que
2145 4441 2267 4479 suos
2297 4425 2596 4478 clauserunt
2615 4423 2692 4489 ²¹;
2757 4421 3050 4478 ostendens
3073 4437 3168 4478 eos
3188 4461 3204 4486 ,
3238 4425 3481 4492 quamvis
3505 4441 3602 4479 ve-

2023 4517 2198 4571 ritatis
2219 4515 2566 4580 sintconscii,
2586 4514 2728 4568 illam
2755 4514 3058 4584 repudiare,
3082 4513 3302 4570 credere
3323 4519 3562 4570 nolentes
3581 4536 3596 4573 :

2025 4608 2089 4663 Et
2111 4609 2328 4680 quidam
2351 4608 2627 4661 credebant
2658 4607 2724 4659 iis
2749 4621 2868 4676 qua:
2887 4605 3218 4670 dicebautur,
3245 4605 3460 4676 quidam
3481 4623 3601 4660 vero

2021 4720 2122 4758 non
2139 4703 2436 4756 credebant.
2481 4699 2714 4768 Impigre
2735 4698 2948 4768 negotio
2973 4697 3206 4752 instabat
3224 4695 3442 4764 Paulus,
3467 4715 3602 4752 nuu-

2019 4810 2178 4864 quam
2198 4791 2374 4848 fessus
2399 4792 2450 4846 in
2473 4789 2764 4846 laborando
2789 4802 2884 4858 pro
2905 4787 3128 4842 salutari
3158 4788 3260 4842 [ide
3283 4797 3336 4842 et
3361 4788 3600 4858 Evange~

2021 4889 2074 4942 lii
2119 4885 2530 4954 praedicatione;
2591 4895 2697 4952 qua
2741 4881 2807 4936 de
2852 4894 3038 4947 causa,
3069 4878 3278 4948 aliquos
3310 4881 3599 4948 persuade-

2019 4978 2110 5033 bat
2137 5015 2152 5041 ,
2203 4974 2414 5030 exteris
2443 4974 2510 5025 ob
2539 4987 2690 5026 suam
2717 4971 3036 5042 pravitatem
3083 4987 3188 5024 non
3227 4970 3593 5051 cretlrntibns.

341 5061 720 5156 σωτηριὼδους
773 5061 1031 5146 πίστεως,
1095 5081 1189 5135 καὶ
1229 5080 1364 5149 προς
1414 5079 1504 5132 τὸν
1553 5075 1910 5144 εὐαγγελικδν
1949 5070 2108 5138 λόγον
2133 5085 2146 5099 ο
2177 5065 2258 5120 διὸ
2323 5065 2419 5120 καὶ
2460 5061 2648 5117 ἐπειθέ
2675 5080 2850 5128 τινας,
2885 5063 2994 5116 τῶν
3037 5063 3212 5118 ἄλλων
3248 5061 3336 5115 διὰ
3394 5063 3595 5117 κακίαν

339 5177 741 5233 ἀπιστούντων.

415 5289 435 5320 ‹
473 5269 718 5321 Γιωστὺν
761 5268 853 5320 οῦν
905 5269 1034 5338 ὑμῖν
1083 5265 1250 5329 ἔστω,
1284 5267 1369 5320 ὅτι
1410 5268 1519 5330 τοῖς
1559 5263 1769 5318 ἔθνεσιν
1799 5264 1906 5317 ἁπ-

337 5362 542 5431 εστάλη
573 5361 728 5414 τοῦτο
755 5361 816 5412 τὸ
847 5361 1115 5428 σωτήριον
1143 5355 1238 5409 τοῦ
1271 5355 1404 5408 Θεοῦ
1463 5355 1616 5408 αὐτοὶ
1633 5355 1726 5407 καὶ
1745 5351 1912 5408 ἀκού-

339 5471 542 5508 σονται.
589 5472 607 5504 ι

415 5588 460 5618 ὀ
493 5586 624 5638 an.
657 5585 806 5645 11,.)4
905 5583 945 5612 ²¹
981 5581 1083 5634 lsa.
1117 5595 1190 5642 vr,
1226 5587 1307 5632 tt).
1409 5572 1418 5580 ’

2098 5255 2374 5312 \'£ns.28.
2422 5275 2438 5306 ι
2471 5252 2662 5308 Notum
2693 5267 2822 5322 ergo
2856 5253 2925 5306 sit
2955 5252 3140 5315 vobis,
3177 5252 3428 5321 quoniam
3459 5265 3594 5324 gen-

2023 5351 2167 5406 tibus
2198 5349 2426 5402 missum
2457 5355 2537 5400 est
2572 5343 2675 5398 hoc
2701 5344 2938 5398 salutare
2966 5343 3077 5409 Dei,
3109 5355 3161 5398 et
3191 5340 3291 5412 ipsi
3317 5341 3587 5396 audient»

388 5725 404 5747 '1
430 5722 494 5778 C.
533 5722 572 5778 C
627 5723 892 5793 ἄγραφος,
932 5729 1095 5775 recte.
1177 5717 1194 5754 ί
1241 5717 1303 5772 C.
1329 5716 1392 5772 C.
1433 5715 1568 5778 ὅλως
1606 5713 1683 5767 τό.
1767 5714 1790 5752 ⁸
1815 5710 1878 5766 C.
1911 5711 1925 5764 4

2029 5706 2303 5778 πωτηρίας.
2383 5697 2407 5737 ¹¹
2443 5701 2504 5758 C.
2533 5701 2592 5759 C.
2629 5701 2834 5772 ἀληθεῖ.
2917 5698 2931 5738 ⁵
2965 5697 3026 5754 C.
3049 5696 3111 5755 C.
3145 5697 3224 5752 διὸ
3243 5695 3350 5754 καί.
