4068 6126
515 235 651 309 1815

1583 240 1974 306 'GENNADII
2013 243 2524 309 PATRIARCIL‘E
2554 249 2663 313 (ΖΡ.

3657 260 3795 328 1816

506 360 654 414 enim
685 364 738 411 et
767 353 1135 426 spiritualibus
1162 352 1321 414 donis
1356 352 1497 411 nulla
1525 365 1607 412 est
1637 371 1760 410 cum
1789 357 2017 411 terrenis
2039 372 2067 413 e

2196 358 2229 429 ἢ
2263 360 2483 430 χρυσὸν,
2513 363 2547 434 ἦ
2583 379 2723 453 τινα,
2745 367 3085 438 περιουσίαν,
3116 369 3290 437 ἄλλως
3328 371 3467 439 ὅλως
3503 374 3724 450 ύλικὴν,
3759 381 3790 453 ἢ

511 449 894 521 temporalibus
923 446 1284 504 commutandi
1319 446 1481 504 ratio.
1504 446 1617 503 Hoc
1640 457 1820 502 autem
1853 461 2092 517 praecep-

510 554 621 599 tum
656 559 760 599 non
791 542 964 599 solum
997 541 1123 607 illis,
1145 539 1239 595 sed
1269 539 1432 596 etiam
1462 540 1617 595 nobis
1647 554 1743 611 per
1776 538 1899 595 illos
1922 541 2089 608 dedit,

506 647 646 700 quos
669 632 721 686 in
753 631 964 686 illorum
986 632 1208 700 gradum
1225 631 1465 686 etloeum
1482 629 1812 685 substituere
1835 629 2088 700 dignatus

504 732 588 777 est
615 740 628 776 :
647 731 700 776 et
719 728 951 791 oportet,
979 720 1119 776 sicut
1138 720 1214 775 illi
1233 726 1382 787 tunc,
1402 733 1502 776 nos
1524 733 1739 790 quoque
1763 735 1907 775 nunc
1929 735 2091 776 accu-

505 822 620 868 rate
642 822 698 867 et
722 812 1006 883 diligenter
1033 825 1273 876 servare,
1305 826 1406 867 nec
1431 811 1485 866 in
1515 810 1582 866 iis
1603 825 1725 882 quas
1749 813 1975 868 technas
2000 826 2089 868 so-

503 903 763 974 phisticas
780 918 885 959 non
907 903 1223 968 admittunt,
1241 903 1319 958 uti
1338 903 1631 973 sophistica
1649 902 1961 969 calliditate,
1987 918 2089 960 nec

502 996 674 1050 aleam
702 994 1058 1066 periculosam
1088 993 1270 1065 jacere
1297 1009 1310 1047 :
1334 992 1536 1059 Gratis,
1563 993 1755 1063 inquit,
1786 994 2082 1063 accepistis,

498 1087 664 1158 gratis
686 1089 828 1141 date.
857 1084 980 1140 Non
1010 1084 1333 1155 possidentes
1359 1102 1452 1150 res,
1492 1102 1653 1157 neque
1675 1102 1891 1153 aurum,
1920 1102 2084 1157 neque

498 1186 770 1247 argentum
793 1178 847 1230 in
871 1177 1018 1230 souis
1037 1177 1219 1231 vestris
1244 1177 1285 1230 ί.
1311 1176 1549 1245 Simplex
1581 1188 1664 1232 est
1686 1185 1741 1231 et
1767 1185 1956 1247 aperta
1984 1175 2084 1231 ltu-

492 1265 583 1335 jus
621 1265 862 1320 mandati
910 1266 1084 1332 ratio,
1124 1279 1245 1335 qua:
1284 1266 1419 1321 nihil
1466 1267 1631 1322 habet
1669 1267 1905 1334 varium,
1946 1268 2081 1331 nihil

498 1360 640 1429 quod
665 1374 771 1414 non
796 1358 867 1413 sit
906 1357 1066 1414 facile
1091 1367 1145 1414 et
1167 1359 1516 1430 explicatum,
1557 1359 1694 1413 nihil
1724 1359 1872 1429 quod
1898 1361 2081 1431 sopbi-

496 1453 631 1507 stica
658 1451 1000 1522 expositione
1023 1462 1199 1524 egeat.
1229 1452 1277 1508 Δ
1315 1470 1427 1520 me,
1458 1455 1654 1525 inquit,
1676 1457 1964 1526 accepistis
1994 1458 2081 1513 di-

495 1544 754 1614 gnitatem
785 1545 1092 1600 sacerdotii.
1133 1544 1189 1600 Si
1227 1545 1359 1601 mihi
1400 1560 1498 1617 pro
1543 1548 1659 1617 ipso
1722 1562 1914 1617 parum
1949 1548 2080 1618 quid

492 1634 578 1689 vel
603 1648 855 1704 magnum
916 1634 1157 1691 solvistis
1179 1674 1195 1701 ,
1243 1645 1298 1692 et
1327 1636 1432 1692 hoc
1461 1651 1491 1691 a
1522 1650 1610 1692 me
1634 1638 1911 1693 venditum
1950 1647 2073 1705 est,

493 1740 590 1781 vos
627 1741 849 1797 quoque
907 1727 1083 1798 ipsum
1115 1728 1236 1785 aliis
1269 1728 1487 1784 vendite
1534 1745 1549 1784 :
1599 1729 1646 1785 si
1680 1738 1861 1785 autem
1901 1731 2075 1800 gratis
2106 1712 2152 1772 Β

491 1819 803 1888 accepistis,
818 1834 913 1876 vos
929 1833 1143 1889 quoque
1158 1820 1329 1892 gratis
1344 1819 1492 1875 date.
1509 1816 1649 1887 Quid
1672 1821 1775 1877 hoc
1802 1830 1888 1878 est
1915 1838 2073 1877 man-

492 1910 620 1966 dato
669 1912 949 1981 apertius?
978 1910 1119 1979 Quid
1160 1920 1341 1966 autem
1375 1912 1441 1966 iis
1468 1912 1558 1980 qui
1601 1922 1815 1982 parcnt,
1848 1913 2074 1968 utilius?

490 2000 584 2057 Va:
610 2002 719 2058 illis
734 2018 792 2057 re
813 2018 935 2058 vera
956 2004 1046 2073 qui
1070 2001 1164 2059 Dei
1182 2002 1381 2058 donum
1396 2003 1705 2074 acquirere,
1721 2004 1807 2059 vel
1831 2004 1957 2060 illud
1976 2020 2073 2076 pro

490 2094 717 2165 pecunia
739 2094 871 2149 dare
898 2096 952 2149 in
982 2095 1218 2149 animum
1240 2094 1522 2150 inducunt.
1551 2093 1607 2149 In
1641 2093 1710 2151 fel
1738 2097 1881 2150 enim
1916 2111 2071 2151 ama-

490 2186 740 2241 ritudinis
762 2197 818 2241 et
838 2185 1110 2242 vinculum
1137 2185 1439 2254 iniquitatis
1460 2186 1521 2254 ii,
1545 2187 1698 2258 juxta
1724 2188 1894 2243 sancti
1926 2188 2071 2246 Petri

487 2275 812 2329 sententiam
833 2275 875 2340 ³,
896 2290 927 2329 a
948 2289 1045 2329 sua
1076 2274 1280 2329 malitia
1306 2276 1684 2345 comprehensi
1716 2286 1862 2332 sunt.

2193 453 2393 524 γεώδηδ
2434 455 2510 526 μὴ
2544 456 2653 528 γὰρ
2685 452 2828 514 εἶναι
2857 461 2965 516 τῶν
3010 464 3372 537 ἐπουρανίων,
3410 472 3505 524 καὶ
3537 452 3791 544 πνευμαξ

2191 545 2359 637 τικῷν
2387 548 2747 618 χαρισμάτων
2774 552 3035 627 ἀμοιϐὴν,
3059 557 3129 611 τὰ
3162 559 3360 631 γεηρὰ,
3389 562 3488 615 καὶ
3520 564 3789 637 ἐπίκηρα.

2192 635 2411 709 Ταύτην
2454 639 2553 710 τὴν
2601 643 2844 716 ἐντολὴν,
2887 647 2948 699 ού
3000 649 3163 719 μόνον
3194 652 3468 719 ἐκείνοις,
3503 654 3647 711 ἀλλά

2191 725 2323 795 ἡμῖν
2355 726 2423 781 δι’
2455 730 2680 785 ἐκείνων
2711 734 3037 804 ἐνετείλατο,
3065 730 3161 804 οὓς
3193 743 3275 805 είς
3303 742 3396 798 τὸν
3426 746 3663 800 ἐκείνων
3700 748 3793 818 βα-

2190 818 2329 888 θμόν
2352 837 2435 880 τε,
2465 823 2561 874 καὶ
2590 824 2755 880 τόπον
2779 827 3185 900 ὑπεισαγαγεῖν
3211 834 3553 905 κατηξίωσε·
3583 840 3687 892 καὶ
3716 842 3791 894 δεῖ

2188 910 2443 981 καθάπερ
2478 914 2679 969 ἐκεῖνοι
2708 917 2855 983 τότε,
2882 921 2977 974 καὶ
3006 923 3154 993 ἡμᾶς
3178 922 3275 978 νῦν
3303 927 3555 999 ἀκριϐῶς
3584 930 3790 999 φυλάτ-

2186 1015 2303 1053 τειν
2348 1012 2449 1067 τε,
2502 1004 2594 1057 καὶ
2646 1008 3006 1081 παρατηρεῖν,
3060 1013 3157 1066 καὶ
3211 1015 3287 1087 μὴ
3341 1018 3672 1086 σοφίζεσθαι
3724 1024 3789 1075 τὰ

2185 1090 2387 1160 ἄσοφα,
2425 1096 2563 1166 μηδέ
2598 1096 2766 1152 κύϐον
2799 1101 3163 1172 ἀναρρίπτειν
3210 1107 3307 1160 ἐπὶ
3359 1109 3632 1166 κίνδυνον.
3672 1117 3790 1167 Δω-

2180 1184 2352 1253 ρεὰν,
2384 1188 2573 1258 φησὶν,
2603 1190 2869 1259 ἐλάϐετε,
2906 1193 3134 1263 δωρεὰν
3161 1197 3299 1252 δότε
3318 1239 3334 1264 ,
3360 1202 3447 1271 μὴ
3483 1206 3788 1275 κτησάμε-

2182 1293 2279 1364 νοι
2305 1280 2561 1348 χαλκὸν,
2596 1283 2754 1351 μηδέ
2791 1284 3074 1356 ἇργιιρον,
3099 1288 3254 1358 μήτε
3286 1293 3528 1360 χρυσὸν
3554 1298 3649 1362 εὶς
3682 1299 3789 1364 τὰς

2182 1363 2367 1460 ζὶύνας
2381 1369 2569 1437 ὑμῶν.
2588 1371 2820 1439 Ἀπλοῦς
2848 1373 2945 1431 καὶ
2978 1379 3158 1450 σαφὴς
3171 1383 3199 1435 6
3216 1385 3314 1453 τῆς
3332 1385 3556 1457 ἐντολῆς
3575 1390 3785 1460 ταύτης

2180 1458 2335 1528 λόγος
2349 1462 2520 1527 ἐστὶν,
2538 1465 2694 1521 οὐδὲν
2711 1469 2958 1523 ποικίλον
2974 1470 3135 1542 ἔχων,
3152 1475 3272 1529 οὐδέ
3290 1477 3646 1548 δυσέφικτον,
3666 1458 3786 1537 οὐδὲ

2181 1554 2503 1647 σοφιστικῆς
2532 1556 2786 1628 δεόμενον
2814 1561 3131 1635 ἐξηγήσεως
3161 1583 3175 1597 ·
3202 1569 3343 1640 Παρ’
3396 1572 3558 1642 ἐμοῦ,
3587 1577 3778 1647 φησὶν,

2179 1643 2435 1739 ἐδέξασθε
2462 1648 2524 1701 τὸ
2553 1650 2651 1722 τῆς
2687 1651 2993 1728 ἱερωσύνης
3022 1657 3260 1731 ἀξίωμα,
3290 1663 3340 1715 εί
3370 1662 3472 1734 μέν
3497 1643 3776 1739 ὑπὲρ-αὖε

2179 1734 2273 1788 τοῦ
2303 1754 2393 1808 μοι
2426 1740 2644 1812 μικρὸν,
2676 1740 2711 1814 ἢ
2747 1745 2890 1815 μέγα
2928 1765 2981 1801 τι
3015 1750 3453 1820 κατεϐάλλεσθε,
3486 1758 3589 1811 καὶ
3614 1734 3801 1826 τοῦτο⁸

2181 1826 2313 1923 ὑμῖν
2345 1830 2628 1904 πέπραται
2650 1836 2780 1909 παρ’
2803 1837 2962 1910 ἐμοῦ,
2990 1841 3221 1896 πωλείτε
3251 1846 3347 1900 καὶ
3374 1847 3537 1919 ὑμεῖς
3568 1851 3775 1923 ἑτέροις

2180 1920 2335 2012 αὐτό.
2369 1923 2434 1977 Ei
2461 1923 2518 1977 δὲ
2536 1925 2751 1997 δωρεὰν
2773 1930 3060 2002 εἰλήφατε,
3084 1932 3204 1988 δότε
3227 1936 3441 2006 δωρεὰν
3471 1939 3570 1993 καὶ
3594 1920 3766 2012 ὑμεῖς.
3856 1970 3869 1975 -

2181 2010 2246 2062 Τί
2276 2011 2377 2083 τῆς
2407 2015 2629 2085 ἐντολῆς
2656 2019 2863 2091 ταύτης
2898 2022 3262 2097 σαφέστερον;
3294 2027 3361 2079 Τί
3383 2029 3441 2082 δὲ
3470 2033 3587 2095 τοῖς
3616 2010 3768 2086 πειθ-

2178 2104 2406 2174 αρχοῦσι
2444 2106 2925 2184 λυσιτελέστερονς
2967 2115 3106 2169 Οὐαὶ
3154 2117 3233 2187 τῷ
3258 2118 3394 2184 ὄντι,
3425 2124 3542 2185 τοῖς
3573 2124 3768 2195 κτήσαο

2182 2192 2305 2285 σθαι
2330 2194 2431 2265 τὴν
2461 2197 2555 2250 τοῦ
2575 2197 2710 2252 Θεοῦ
2736 2199 2968 2271 δωρεὰν,
3006 2204 3037 2275 ἦ
3069 2205 3272 2261 διδόναι
3296 2209 3504 2281 ταύτην
3528 2212 3618 2268 διὰ
3642 2192 3766 2285 χρηα

2178 2284 2365 2352 μάτων
2417 2287 2803 2359 ὑπειληφόσιν.
2850 2293 2947 2358 Είς
2990 2295 3100 2368 γὰρ
3144 2298 3307 2371 χολὴν
3353 2304 3621 2373 πικρίας,
3674 2306 3761 2359 καὶ

488 2367 783 2437 σύνδεσμον
824 2365 1039 2428 ἀδικίας
1075 2365 1126 2419 οἱ
1172 2365 1443 2433 τοιοῦτοι,
1486 2367 1625 2421 κατά
1655 2368 1754 2440 τὴν
1798 2368 2073 2439 ἀπόφασιν
2112 2372 2206 2428 τοῦ
2240 2377 2396 2447 ἁγίου
2461 2380 2670 2452 Πέτρου
2693 2425 2709 2449 ,
2743 2365 3080 2457 ὑπάρχουσι-
3115 2365 3646 2461 συλληφθέντες
3669 2400 3759 2467 τῆς

485 2460 694 2515 ἑαυτῶν
731 2459 1118 2533 φιλαργυρίας.

556 2554 711 2612 Unde
753 2564 810 2612 et
844 2564 1157 2611 sanctorum
1190 2565 1246 2613 et
1282 2557 1561 2613 beatorum
1606 2558 1827 2615 Patrum
1863 2571 2068 2619 sancta:

444 2714 453 2727 κ
486 2661 696 2716 magna:
739 2645 930 2717 synodi
961 2647 1315 2702 atcumenicae
1354 2646 1694 2706 Chalcedone
1724 2662 2066 2724 congregata:

483 2739 610 2793 huic
632 2738 735 2807 legi
769 2737 1063 2794 Dominieze
1108 2740 1364 2794 convenit
1391 2755 1589 2808 canon,
1615 2743 1704 2813 qui
1732 2744 1813 2799 sic
1844 2759 1872 2798 a
1904 2747 2063 2802 nobis

492 2838 676 2900 aperte
700 2828 891 2885 iisdem
926 2830 1110 2886 verbis
1140 2830 1319 2887 editus
1350 2840 1436 2888 est
1478 2850 1492 2888 :

556 3020 575 3053 ε
606 3002 661 3056 Si
690 3002 811 3072 quis
838 3002 1120 3073 episcopus
1141 3002 1386 3071 pecuniis
1412 3005 1808 3063 ordinationem
1845 3007 2057 3076 fecerit,

480 3093 565 3148 vel
604 3109 709 3150 non
766 3094 1011 3149 venalem
1041 3093 1273 3164 gratiam
1303 3095 1370 3148 ad
1416 3097 1783 3153 venditionem
1821 3100 2061 3155 deduxe-

482 3187 644 3252 rit,et
675 3187 917 3256 pecuniis
947 3185 1282 3240 ordiuaverit
1319 3187 1654 3256 episcopum,
1691 3189 1774 3244 vel
1805 3192 2060 3260 chorepi-

479 3292 721 3346 sceptnn,
742 3277 824 3331 vel
849 3276 1244 3349 presbyterum,
1265 3275 1352 3332 vel
1374 3276 1683 3344 diaconum,
1705 3279 1786 3334 vel
1819 3280 2056 3351 aliquem

483 3386 671 3425 eorum
704 3370 797 3440 qui
855 3370 908 3424 in
951 3369 1097 3426 clero
1129 3378 1627 3435 connumerantur,
1677 3370 1760 3425 vel
1812 3374 2059 3440 pecuniis

481 3462 742 3530 provehat
772 3475 1137 3527 (economum,
1168 3462 1249 3516 vel
1283 3460 1646 3526 defensorem,
1681 3462 1766 3516 vel
1801 3477 2054 3530 paramu-

481 3552 718 3619 narium,
744 3550 829 3605 vel
860 3551 1080 3605 omnino
1098 3551 1332 3621 aliquem
1357 3566 1424 3606 ex
1452 3551 1620 3617 clero,
1652 3562 1875 3622 propter
1897 3569 2054 3609 suum

482 3653 639 3712 turpe
675 3642 884 3696 lucrum
931 3659 945 3695 :
990 3642 1081 3712 qui
1129 3643 1231 3698 hoc
1273 3657 1561 3712 aggressus
1607 3659 1731 3699 esse
1779 3648 2058 3705 convictus

477 3734 663 3812 fuerit,
695 3734 760 3788 de
791 3732 1013 3804 proprio
1036 3734 1203 3804 gradu
1233 3735 1415 3788 veniat
1443 3734 1499 3788 iu
1523 3738 1820 3804 periculum
1843 3756 1858 3807 ;
1885 3748 1940 3794 et
1963 3742 2055 3812 qui

478 3810 760 3882 ordinatur
785 3862 801 3890 ,
837 3825 973 3879 nihil
1009 3839 1075 3879 ex
1108 3826 1485 3892 ordinatione,
1537 3827 1622 3881 vel
1678 3810 2054 3898 promotione,

484 3933 602 3988 qum
640 3917 701 3972 ﬁt
724 3917 899 3972 instar
926 3927 1269 3986 mercaturas,
1288 3919 1531 3990 juvetur,
1566 3920 1659 3975 sed
1688 3922 1758 3975 sit
1786 3922 1996 3978 alienus
2022 3940 2054 3979 a

473 4009 769 4080 dignitate,
808 4006 892 4063 vel
934 4010 1220 4063 curatione
1241 4049 1256 4076 ,
1282 4025 1442 4079 quam
1469 4011 1718 4082 pecuniis
1772 4027 2055 4073 assecutus

473 4110 575 4155 est.
604 4100 658 4154 Si
696 4100 818 4169 quis
868 4111 1049 4155 autem
1082 4101 1168 4156 his
1206 4101 1457 4170 turpibus
1501 4118 1564 4156 ac
1613 4103 1838 4159 nefariis
1889 4105 2055 4162 lucris

472 4199 755 4259 sequester
790 4190 1183 4247 intercessorve
1208 4196 1545 4262 apparuerit,
1576 4194 1622 4249 is
1657 4211 1872 4266 quoque
1903 4197 1946 4252 si
1982 4199 2054 4253 sit

474 4282 703 4337 clericus
727 4324 743 4349 ,
789 4297 819 4336 a
850 4283 1027 4354 primo
1055 4286 1223 4356 gradu
1254 4285 1471 4340 excidat
1504 4302 1521 4341 :
1553 4286 1598 4342 si
1638 4297 1817 4344 autem
1845 4289 2048 4357 laicus,

474 4373 556 4429 vel
589 4373 908 4444 monachus,
937 4375 1451 4431 anathematizetur.
1490 4395 1509 4428 ι
1916 4378 1919 4379 ⁷

541 4464 911 4520 Pulcherrima
940 4476 996 4521 et
1020 4466 1172 4520 valde
1203 4467 1291 4536 pia
1317 4476 1446 4521 sunt
1480 4465 1640 4538 hujus
1674 4470 1898 4526 canonis
1930 4487 2049 4526 san-

470 4567 677 4611 ctorum
696 4556 913 4613 Patrum
931 4567 1223 4628 praecepta,
1247 4559 1339 4628 qui
1366 4573 1582 4613 omnem
1601 4558 1932 4616 invasionem
1958 4577 2051 4617 sa-

471 4647 742 4712 tanicam,
791 4647 1227 4718 diabolieumque
1270 4658 1556 4717 conatum,
1609 4651 1699 4720 qui
1752 4652 1804 4705 in
1847 4652 2046 4707 donum

2239 2565 2404 2624 Ὅθεν
2433 2573 2529 2626 καὶ
2559 2575 2668 2628 τῶν
2697 2575 2882 2643 ὁσίων,
2921 2579 3014 2632 καὶ
3045 2582 3340 2654 μακαρίων
3367 2586 3633 2659 Πατέρων
3659 2588 3758 2643 τῶν

2172 2657 2270 2751 γῆς
2298 2660 2460 2729 ἁγίας
2487 2663 2582 2716 καὶ
2613 2667 2858 2738 μεγάλης
2889 2671 3280 2744 οἱκουμενικῆς
3325 2677 3427 2747 τῆς
3458 2657 3760 2751 texam-

2170 2748 2281 2803 δόνι
2313 2754 2675 2827 συναχθείσης
2694 2799 2711 2825 ,
2733 2759 2818 2829 τῷ
2843 2761 3162 2835 Δεσποτικῷ
3192 2766 3370 2837 τούτῳ
3411 2770 3564 2843 νόμῳ
3597 2748 3755 2845 συνᾷ-

2168 2840 2258 2917 δειν
2278 2844 2306 2896 6
2351 2846 2481 2917 περὶ
2503 2847 2695 2902 τούτου
2732 2852 2933 2918 κανὼν,
2966 2853 3025 2918 ὃς
3052 2852 3189 2927 ἡμῖν
3218 2860 3408 2929 σαφῶς
3443 2864 3646 2918 οὑτωσὶ
3674 2862 3756 2919 λέ-

2171 2931 2314 2998 ξεσιν
2346 2938 2535 3002 αὑταῖς
2576 2942 2984 3012 ἐκπεφώνηται·

2244 3043 2264 3077 ι
2304 3027 2373 3080 Εἴ
2396 3047 2478 3092 τις
2511 3032 2808 3099 ἐπίσκοπος
2839 3038 2933 3090 ἐπὶ
2956 3040 3209 3110 χρήμασι
3237 3046 3572 3116 χειροτονίαν
3601 3055 3756 3122 ποιῆ-

2170 3132 2347 3182 σαιτο,
2377 3120 2471 3173 καὶ
2491 3124 2571 3185 εἰς
2596 3125 2799 3195 πράσιν
2833 3131 3141 3199 καταγάγοι
3170 3134 3272 3202 τὴν
3298 3134 3542 3206 ἄπρατον
3567 3120 3753 3212 χάριν,

2166 3207 2259 3303 καί
2289 3214 2670 3284 χειροτονῆσαι
2717 3217 2810 3269 ἐπὶ
2856 3222 3138 3292 χρήμασιν
3173 3224 3488 3292 ἐπίσκοπον,
3534 3207 3755 3303 ῆηχωρ-

2165 3297 2484 3390 επίσκοπον,
2511 3304 2543 3375 ἢ
2572 3308 2967 3382 πρεσὸύτερον,
3000 3315 3034 3384 ἦ
3061 3313 3319 3381 διάκονον,
3352 3318 3382 3388 ἦ
3415 3297 3753 3390 ἕτερόν-τιύα

2162 3389 2271 3481 τῶν
2298 3391 2355 3446 ἐν
2384 3394 2461 3465 τῷ
2493 3396 2681 3468 κλήρῳ
2711 3403 3263 3476 καταριθμουμένων,
3307 3408 3341 3480 ἢ
3383 3411 3751 3481 προϐάλλω-ιο

2162 3479 2563 3574 ἐπὶμχρήμασιν
2600 3490 2909 3560 οἰκονόμον,
2934 3494 2965 3564 ἢ
2991 3494 3228 3560 ἔκδικον,
3250 3498 3283 3571 ἢ
3308 3479 3745 3574 παραμονάριον,

2162 3571 2194 3643 ἢ
2231 3572 2406 3640 ἄλλως
2434 3578 2559 3633 τινὰ
2581 3581 2675 3634 τοῦ
2703 3583 2931 3654 κλήρου,
2962 3587 3030 3640 δι’
3053 3591 3500 3663 αἰσχροκέρδειαν
3517 3571 3745 3660 οἰκείαν,

2159 3665 2188 3717 6
2209 3665 2386 3737 τούτῳ
2414 3670 2773 3745 ἐπιχειρήσας
2800 3676 3077 3755 ἐλεγχθεὶς
3099 3682 3460 3736 κινδυνευέτω
3492 3686 3623 3756 περὶ
3654 3688 3745 3740 τὸν

2159 3757 2360 3813 οἰκεῖον
2386 3759 2618 3832 βαθμόν’
2657 3768 2753 3820 καὶ
2782 3768 2811 3820 6
2834 3771 3336 3842 χειροτονούμενος,
3365 3776 3531 3846 μηδὲν
3556 3780 3619 3830 ἐκ
3645 3780 3745 3849 τῆς

2158 3850 2279 3900 κατ’
2305 3850 2576 3920 ἐμπορίαν
2599 3853 2918 3923 ιῦςρελείσθω
2951 3861 3293 3930 χειροτονίας
3312 3901 3327 3926 ,
3374 3862 3406 3933 ἢ
3446 3865 3740 3935 προϐολῆς·

2157 3936 2272 3996 ἀλλ’
2304 3942 2446 3997 ἔστω
2476 3944 2759 4017 ἀλλότριος
2782 3950 2882 4020 τῆς
2913 3950 3072 4017 ἀξίας
3094 3995 3107 4019 ,
3131 3952 3164 4023 ἢ
3193 3952 3289 4007 τοῦ
3316 3956 3738 4026 φροντίσματος,

2156 4028 2328 4106 οὗπερ
2355 4037 2447 4089 ἐπὶ
2470 4040 2751 4111 χρήμασιν
2773 4041 2986 4114 ἔτυχεν.
3014 4044 3077 4097 Εί
3108 4045 3165 4098 δέ
3202 4063 3291 4107 τις
3316 4049 3409 4102 καὶ
3441 4049 3742 4119 μεσιτεύων

2158 4130 2302 4199 φανῇ
2334 4131 2448 4192 τοῖς
2477 4132 2724 4204 αἰσχροῖς
2753 4134 2997 4203 τούτοις,
3021 4138 3117 4190 καὶ
3139 4137 3426 4208 ἀθεμίτοις
3454 4140 3739 4211 λήμμασι,

2156 4219 2250 4270 καὶ
2277 4214 2431 4283 οὗτος
2454 4221 2503 4273 εί
2527 4222 2625 4293 μὲν
2652 4223 2917 4295 κληρικὸς
2940 4226 3048 4298 είη,
3074 4226 3169 4280 τοῦ
3195 4229 3399 4281 οἰκείου
3432 4230 3743 4284 ἐκπιπτὲτω

2157 4305 2392 4378 βαθμοῦ·
2427 4310 2557 4364 εἰδὲ
2578 4310 2849 4386 λαῖκὸς,ἢ
2878 4314 3150 4386 μονάξων,
3178 4316 3690 4389 ἀναθεματιζέσθω.
3721 4337 3737 4368 ι

2224 4480 2507 4536 Κάλλιστα
2534 4484 2629 4539 καὶ
2657 4484 2775 4541 λίαν
2808 4487 3012 4559 εὐσεϐῆ
3036 4453 3138 4542 τοῦ
3157 4490 3396 4565 ,κανόνος
3420 4489 3531 4543 τῶν
3575 4490 3741 4560 ἁγίων

2151 4569 2416 4640 Πατέρων
2454 4572 2694 4644 ὑπάρχει
2724 4575 2793 4628 τὰ
2835 4576 3298 4647 παραγγέλματα,
3338 4578 3522 4631 πᾶσαν
3555 4578 3741 4647 ἔφοδον

2152 4663 2471 4734 σατανικὴν,
2504 4665 2600 4719 καὶ
2631 4667 2739 4720 πᾶν
2773 4669 3085 4739 ἐγχείρημα
3122 4666 3431 4722 διαϐολικδν
3471 4670 3619 4723 κατά
3644 4669 3741 4738 τῆς

473 4737 760 4807 spirituale
808 4738 1152 4809 intenditur,
1202 4741 1419 4813 repellit
1474 4752 1530 4797 et
1577 4744 1858 4799 rescindit.
1887 4743 2046 4801 Nullo

2170 4753 2527 4824 πνευματικῆς
2553 4737 3112 4829 φερόμενονήδωρεᾶς,
3140 4757 3517 4828 ἀπωθούμενά
3539 4775 3623 4824 τε,
3652 4737 3740 4812 καὶ

465 4831 613 4886 enim
657 4831 816 4887 modo
847 4835 962 4888 vult
986 4833 1344 4889 ordinationis
1375 4836 1768 4904 promotionem
1796 4838 2045 4907 pecuniis

2170 4844 2549 4900 ινακόπτοντα.
2593 4848 2666 4901 Οὐ
2716 4848 2969 4919 βούλεται
3025 4849 3136 4923 γὰρ
3178 4849 3433 4921 οὐδαμῶς
3460 4849 3555 4902 διά
3605 4867 3737 4921 χρη·

466 4919 724 4986 :mtfieri,
756 4932 847 4977 aut
880 4925 1102 4994 suscipi,
1159 4939 1258 4981 nec
1293 4927 1360 4980 ab
1388 4941 1452 4981 eo
1487 4929 1576 4995 qui
1606 4928 1750 4982 illam
1797 4940 2039 4994 exercet,

467 5028 564 5067 nec
597 5012 665 5068 ab
713 5028 777 5068 eo
814 5016 904 5083 qui
944 5015 1305 5071 ordinationis
1350 5019 1749 5086 promotionem
1789 5020 1988 5090 accipit
2025 5040 2040 5076 :

464 5104 559 5157 sed
593 5118 692 5159 nec
726 5115 852 5160 ante
900 5116 1109 5175 tempus
1154 5108 1515 5164 ordinationis
1536 5149 1549 5174 ,
1602 5124 1700 5164 nec
1734 5120 1892 5179 post,
1927 5111 2041 5164 dari

468 5196 726 5262 pecunias
750 5197 1000 5253 concedit
1030 5215 1045 5254 :
1075 5199 1317 5255 omnium
1346 5201 1488 5255 enim
1517 5201 1569 5255 in
1611 5201 1709 5255 hac
1738 5215 1954 5270 quoque
1987 5218 2043 5256 rc

460 5298 580 5339 esse
609 5289 812 5354 sordes,
838 5303 1230 5360 muncrmnque
1271 5291 1671 5360 corruptionem
1700 5293 2036 5369 pronuntiat.

2153 4931 2339 5001 μάτων
2389 4935 2637 5001 γίνεσθαι
2677 4938 2776 5007 τῆς
2817 4940 3158 5010 χειροτονίας
3199 4940 3300 5011 τὴν
3350 4939 3651 5013 προϐολὴν,
3704 4939 3735 5009 ἦ

2151 5023 2528 5094 ὑποδέχεσθαι,
2550 5026 2673 5081 οὔτε
2698 5029 2848 5101 παρὰ
2869 5028 2960 5083 τοῦ
2981 5030 3189 5100 ταύτην
3210 5031 3591 5100 ἐνεργοῦντος,
3617 5031 3733 5084 οὔτε

2150 5117 2301 5185 παρά
2340 5116 2435 5169 τοῦ
2476 5118 2575 5189 τῆς
2622 5122 2957 5190 χειροτονίας
3002 5122 3099 5194 τὴν
3158 5122 3431 5192 προϐολὴν
3475 5122 3728 5191 ὺτῠοδεκο·

2152 5205 2341 5275 μένου,
2378 5207 2495 5261 ἀλλ’
2523 5210 2645 5264 οὐδέ
2688 5211 2793 5282 πρὸ
2822 5211 3017 5284 καιροῦ
3054 5213 3154 5284 τῆς
3194 5212 3532 5284 χειροτονίας
3557 5253 3571 5278 ,
3614 5213 3732 5266 οὐδὲ

2152 5298 2287 5365 μετά
2316 5298 2407 5352 τὸν
2446 5301 2637 5372 καιρὸν
2661 5302 2763 5371 τῆς
2786 5304 3147 5373 χειροτονίας,
3173 5305 3296 5358 οὺδέ
3323 5305 3468 5359 κατά
3493 5305 3587 5359 τὸν
3616 5320 3732 5358 και-

463 5376 554 5441 ρὸν
588 5376 751 5430 αὐτὸν
764 5378 865 5448 τῆς
892 5382 1247 5452 χειροτονίας,
1278 5381 1418 5451 ὑπὲρ
1449 5382 1545 5452 τῆς
1574 5382 1914 5452 χειροτονίας
1941 5380 2176 5439 δίδοσθαι
2196 5390 2456 5460 χρήματα
2486 5396 2782 5465 συγχωρεῦ
2811 5394 3044 5449 καθόλου
3074 5395 3186 5469 γὰρ
3217 5396 3432 5469 τὴνέπὶ
3457 5397 3538 5468 τῷ
3556 5395 3730 5467 πράγ-

465 5482 595 5534 ματι
621 5465 795 5538 τούτῳ
823 5470 1147 5540 δωροδοκίαν
1171 5470 1466 5541 ἀπέφηνεν.

562 5670 765 5724 ’ἱυίεειιὴ
806 5690 914 5737 λιι,
945 5674 996 5740 8,
1030 5677 1080 5730 0.
1162 5678 1180 5706 '
1213 5677 1334 5731 Act.
1378 5693 1498 5744 ml,
1556 5676 1645 5732 ‘20.
1701 5651 1705 5655 ν
