4068 6126
367 275 500 341 i317

1588 299 1948 362 EPISTOLA
1987 305 2086 366 EN
2091 306 2415 369 CYCLICA.

3485 303 3625 374 1618

432 386 628 462 Ὅμως
661 395 854 472 iuuat,
879 397 999 465 νῦν,
1029 397 1208 454 καίτοι
1249 403 1533 476 προδήλως
1557 407 1766 464 τούτων
1797 411 1912 466 ούτι

2016 474 2017 480 γ
2117 415 2381 484 Quoniam
2415 425 2593 473 tamen
2630 416 2698 472 iis
2723 417 2794 472 ita
2824 425 3008 488 aperte
3037 417 3325 488 prohibitis
3347 457 3364 486 ,
3396 420 3614 491 quidam

364 483 783 558 κεκωλυμένων,
810 491 1176 564 ὲφωράθησάν
1203 511 1349 560 τινες
1375 497 1519 552 κατὰ
1553 499 1665 555 τῶν
1684 501 1942 558 Γαλατῶν

359 573 778 666 ὀλιγωροῦντες,
803 582 899 636 καὶ
921 583 1356 656 παραϐαίνοντες
1381 588 1448 643 δι’
1466 591 1939 666 αἰσχροκέρδειαν,

359 665 455 719 καὶ
479 669 862 745 φιλαργυρίαν·
885 676 953 730 τὰ
974 679 1218 749 σωτήρια
1242 681 1438 749 ταῦτα,
1465 685 1560 738 καὶ
1579 665 1940 760 φιλάνθρωπα

366 762 830 833 παραγγέλματα,
864 763 923 821 εὖ
951 769 1093 839 ἔχειν
1119 769 1268 837 ἔδοξε
1289 773 1384 827 καὶ
1415 776 1546 846 ἡμῖν
1575 777 1748 834 ταῦτα
1779 781 1942 836 πάλιν

362 849 778 910 ἀνανεώσασθαι
803 859 941 928 μετά
961 861 1058 930 τῆς
1081 861 1244 931 ἁγίας
1279 866 1522 935 συνόδου,
1551 873 1653 942 τῆς
1675 873 1796 946 ὲνδη
1807 875 1942 945 μού-

363 956 462 1038 σης
484 945 540 996 ὲν
566 946 740 1019 ταύτῃ
761 952 828 1019 τῇ
857 949 1220 1028 βασιλευούσῃ
1263 955 1361 1030 νέᾳ
1397 957 1584 1034 Ῥώμῃ
1608 1002 1624 1029 ,
1653 963 1795 1018 ὥστε
1817 967 1942 1038 δίχα

359 1033 544 1102 πάσης
565 1037 809 1102 ἐπινοίας
828 1081 841 1103 ,
873 1043 968 1096 καὶ
993 1044 1174 1116 πάσης
1207 1033 1566 1119 προφάσεως,
1576 1033 1581 1034 ν
1598 1057 1692 1109 κοιλ¹
1738 1033 1940 1124 παντός

361 1127 652 1218 σοφισμοῦ,
689 1129 789 1202 τὴν
815 1131 1079 1206 βδελυρὰν
1109 1137 1339 1211 ταύτην,
1374 1143 1468 1196 καὶ
1498 1145 1675 1218 ἀσεϐῆ
1703 1149 1805 1204 οὐκ
1837 1151 1938 1204 οἶδ’

357 1217 504 1280 ὅπως
529 1219 952 1280 ἐπεισελθοῦσαν
976 1228 1266 1301 συνήθειαν
1293 1235 1412 1300 ταῖς
1443 1217 1780 1306 ἁγιωτάταις
1817 1243 1940 1298 Ἐκ-

358 1307 608 1405 κλησίαις
640 1313 920 1405 παντελῶς
964 1319 1242 1390 ἐκτεμεῖν
1293 1323 1378 1380 ἵνα
1427 1328 1650 1401 ἀληθῶς
1711 1335 1936 1405 ἀκαπη·

356 1397 543 1495 λεύτου
567 1439 581 1465 ,
625 1402 723 1456 καὶ
753 1404 998 1476 καθαρᾶς
1029 1413 1184 1484 παρὰ
1223 1415 1332 1471 τῶν
1365 1397 1668 1494 ἀρχιερέων
1697 1425 1799 1495 τῆς
1842 1397 1940 1480 ἐπὶ

355 1487 462 1586 τῶν
479 1497 970 1586 χειροτονουμένων
997 1501 1356 1576 ἀναρρήσεως
1381 1487 1691 1586 γινομένης,
1729 1487 1937 1572 ένωθεν

353 1578 385 1646 ἡ
416 1578 506 1631 τοῦ
531 1581 850 1653 ΙΙνεύματος
879 1589 1038 1659 χάρις
1065 1595 1340 1668 ἐπιφοιτᾷ·
1373 1592 1448 1654 ὧν
1477 1601 1574 1656 νῦν
1605 1621 1666 1674 γε
1696 1608 1796 1662 οὐκ
1821 1605 1938 1662 οῖδα

350 1668 437 1723 διὰ
475 1673 773 1772 χρημάιτων
799 1677 899 1748 τὴν
930 1683 1202 1756 προϐολὴν
1231 1692 1594 1761 ποιουμένων,
1615 1668 1722 1751 ’καὶ
1749 1699 1810 1752 οὐ
1839 1701 1936 1772 τῆς

2045 521 2170 564 sunt
2199 509 2252 563 in
2275 507 2585 566 Galatarum
2607 508 2846 564 Ecclesia
2865 510 3186 580 deprehensi
3211 520 3436 582 propter
3463 523 3616 581 turpe
3682 570 3688 576 _

2043 599 2252 653 lucrum
2289 608 2342 654 et
2369 599 2655 654 avaritiam
2690 599 2806 654 lucc
2836 599 3094 655 salutaria
3127 611 3184 655 et
3213 599 3463 658 humana
3477 613 3620 672 ιπερ-

2043 702 2194 758 cepta
2229 693 2500 762 negligere
2527 701 2579 748 et
2611 693 2909 764 transgredi
2945 707 3040 746 :ea
3067 708 3282 765 quoque
3305 694 3420 764 ipsa
3453 697 3613 750 nobis

2041 797 2305 838 renovare
2334 785 2508 839 visum
2547 793 2630 840 est
2662 800 2785 840 cum
2819 786 2921 842 hac
2940 797 3124 842 sancta
3152 788 3380 858 synodo,
3413 789 3608 857 quaein

2040 875 2146 931 hac
2171 886 2433 945 regnante
2460 892 2598 931 nova
2630 877 2823 941 Roma,
2866 893 3008 934 nunc
3041 879 3154 948 agit
3183 895 3196 932 :
3231 889 3290 934 ut
3325 881 3441 934 sine
3469 881 3616 932 (rtlllli

2039 966 2255 1036 penitus
2313 966 2623 1020 inventione
2649 1003 2664 1029 ,
2699 976 2755 1020 et
2804 969 2949 1020 omni
2984 975 3282 1036 pnetextu,
3312 969 3618 1039 callidoquo

2039 1066 2350 1112 commento
2373 1097 2389 1124 ,
2420 1056 2642 1127 impiam
2678 1057 2820 1112 hanc
2847 1068 2900 1112 et
2953 1059 3228 1124 odiosam,
3256 1075 3376 1130 quae
3430 1062 3636 1115 nescio'

2039 1149 2308 1218 quomodo
2331 1148 2383 1202 in
2413 1147 2786 1204 sanctissimas
2809 1149 3078 1206 Ecclesias
3105 1151 3288 1216 subiit,
3326 1165 3620 1208 consuetu-

2038 1241 2216 1296 dinem
2241 1241 2462 1296 omnino
2491 1242 2878 1297 exscindamus
2901 1259 2916 1310 ;
2942 1251 3000 1296 ut
3027 1258 3148 1299 cum
3175 1259 3308 1314 pura
3331 1253 3386 1300 et
3412 1247 3616 1316 absque

2036 1333 2142 1388 ulla
2171 1333 2568 1403 cauponatione
2598 1349 2794 1388 eorum
2819 1335 2909 1404 qui
2955 1335 3295 1403 ordinantur,
3333 1338 3628 1392 renuntia~
3655 1327 3658 1330 ’

2039 1425 2113 1481 tio
2139 1425 2208 1481 ab
2230 1426 2562 1482 antistitibus
2586 1426 2722 1480 facta
2751 1429 2933 1494 fuerit,
2970 1429 3140 1498 gratia
3177 1427 3412 1498 Spiritus
3437 1431 3612 1484 sancti

2037 1533 2270 1588 superne
2317 1519 2519 1574 veniat.
2576 1519 2782 1585 Quibus
2823 1521 3010 1578 nescio
3059 1537 3126 1576 an
3177 1536 3273 1594 per
3320 1523 3605 1594 pecuniam

2036 1610 2430 1679 promotionem
2475 1609 2821 1675 facientibus,
2851 1621 2906 1668 et
2957 1629 3120 1668 manu
3171 1630 3278 1669 non
3308 1629 3442 1684 pure
3479 1630 3611 1684 ope-

2038 1711 2212 1768 rante,
2252 1704 2318 1755 ad
2362 1717 2486 1758 eum
2515 1704 2606 1773 qui
2644 1705 3262 1774 promoveturtaccedit,
3303 1708 3602 1762 secundum

349 1762 530 1868 χειρρς
563 1765 822 1868 καθαρῶς
859 1770 1227 1868 ἐνεργούσης,
1261 1781 1516 1856 ἐπιφοιτᾷ
1541 1787 1620 1858 τῷ
1651 1762 1903 1862 προχειρί

2040 1809 2222 1849 vocem
2256 1793 2568 1865 Evangelii,
2625 1805 2680 1851 et
2727 1811 2831 1852 non
2887 1797 3065 1868 potius
3106 1798 3400 1854 retrahitur
3432 1799 3608 1868 gratia

349 1848 562 1952 ζομένιρ
601 1857 739 1908 κατὰ
769 1855 867 1927 τὴν
901 1861 1084 1932 φωνὴν
1115 1864 1210 1917 τοῦ
1247 1848 1604 1940 κηρύγματος
1628 1915 1644 1940 ,
1679 1848 1929 1952 ούχὶ

349 1942 698 2042 συστέλλεται
733 1949 933 2018 μᾶλλον
968 1953 1002 2024 ή
1047 1955 1144 2009 τοῦ
1187 1959 1342 2026 ἁγίου
1393 1964 1714 2037 Πνεύματος
1744 1942 1926 2042 χάρις.

417 2034 558 2088 Ἴσθι
587 2038 786 2106 τοίνυν,
821 2041 888 2094 τὰ
926 2045 1103 2100 πάντα
1152 2047 1574 2122 θεοσεϐέστατε,
1617 2061 1794 2115 πάντα
1835 2064 1928 2118 τὸν

343 2123 620 2178 ὁντιναοῦν
650 2129 942 2202 ἁλίσκομεν
971 2135 1062 2188 ἐπὶ
1115 2139 1193 2208 τῷ
1217 2144 1443 2216 τοιούτῳ
1466 2148 1572 2200 τινὶ
1603 2150 1924 2219 ἐπίσκοπον,

343 2211 376 2312 i1
407 2215 854 2312 .xmpsniqxoarov,
887 2221 921 2292 ἢ
954 2226 1332 2300 περιοδευτὴν,
1375 2211 1425 2302 ἢ⁷
1461 2234 1853 2310 πρεσϐύτερον,

340 2302 604 2369 διάκονον,
635 2306 668 2377 ἢ
699 2307 856 2362 ἄλλον
875 2313 998 2367 τινὰ
1022 2315 1224 2386 δήποτε
1249 2320 1344 2373 τοῦ
1377 2302 1623 2390 κανόνος,
1651 2327 1685 2400 ἢ
1711 2302 1922 2398 λαῖκδν,

341 2394 502 2464 κοινῷ
547 2397 778 2469 δόγματι
813 2401 923 2456 τῶν
957 2405 1262 2478 ἀρχιερέων
1297 2394 1772 2488 κατακεκρίσθαι,
1827 2394 1922 2477 ml.

340 2489 490 2556 κοινῇ
523 2488 690 2562 ψήφῳ
715 2533 728 2555 ,
768 2494 952 2559 καθὼς
997 2500 1122 2568 περὶ
1161 2503 1352 2558 τούτου
1402 2507 1496 2561 καὶ
1522 2510 1550 2562 ὁ
1594 2510 1704 2564 τῶν
1749 2513 1920 2580 ἁγίων

343 2577 603 2649 Ματέρων
626 2581 806 2637 κανὼν
839 2585 1050 2654 φθάσας
1071 2589 1330 2648 διαλαλεῖ.
1365 2597 1456 2648 Δεῖ
1503 2597 1611 2670 γὰρ
1654 2577 1918 2672 εἷναι-χάτ

338 2685 426 2739 ριν
460 2669 562 2766 τὴν
597 2673 777 2742 χάριν,
818 2677 912 2730 καὶ
953 2679 1202 2752 μηδαμοῦ
1246 2687 1554 2754 μεσιτεύειν
1586 2669 1733 2762 παρ’

338 2759 624 2830 ἀργύριον.
659 2765 840 2820 Ἔστω
868 2769 1048 2822 τοίνυν
1083 2773 1179 2827 καὶ
1207 2773 1352 2828 ἔστιν
1385 2780 1789 2853 ἁποκήρυκτος,
1821 2787 1918 2840 καὶ

337 2851 518 2922 πάσης
547 2853 825 2928 ἱερατικῆς
849 2858 1004 2924 ἀξίας
1032 2880 1113 2927 τε,
1137 2866 1232 2918 καὶ
1250 2851 1592 2940 λειτουργίας
1614 2871 1913 2946 ἀλλότριος,

335 2945 430 3006 καὶ
477 2949 543 3016 τῇ
579 2949 796 3020 κατάρᾳ
832 2953 926 3005 τοῦ
971 2955 1314 3026 ἀναθέματος
1345 2961 1708 3034 ὑποκείμενος
1733 3007 1748 3032 ,
1784 2969 1812 3022 ὅ
1853 2987 1912 3022 τε

333 3032 538 3102 ταύτην
571 3039 801 3092 κτᾶσθαι
839 3040 926 3094 διὰ
959 3045 1258 3116 χρημάτων
1287 3049 1564 3120 οἰόμενος,
1598 3055 1689 3108 καὶ
1719 3059 1748 3109 ὁ
1777 3057 1910 3110 ταύ-

333 3140 432 3192 την
454 3127 713 3197 παρέχειν
735 3131 828 3184 ἐπὶ
857 3135 1135 3204 χρήμασιν
1159 3139 1421 3210 ύπισχνού
1431 3160 1612 3212 μενος,
1639 3145 1748 3200 εἴτε
1779 3149 1912 3219 κλη-

336 3214 502 3282 ρικὸς,
531 3217 639 3270 εἴτε
675 3219 860 3284 λαῖκὸς
887 3223 1002 3295 εἴη,
1032 3226 1136 3280 κᾶν
1169 3229 1461 3299 ἐλέγχοιτο,
1498 3233 1600 3286 κᾶν
1641 3235 1716 3307 μὴ
1747 3214 1912 3306 ἐλέγ-

332 3321 479 3373 χοιτο
527 3313 716 3377 ποιεῖν,
777 3313 858 3367 ὅτι
905 3315 1026 3368 οὐδὲ
1059 3311 1169 3370 οἷόν
1203 3336 1262 3372 τε
1313 3322 1750 3396 ωμϐιύασθῆναί
1781 3346 1912 3382 ποτε

331 3395 396 3489 τὰ
427 3397 690 3467 σύμϐολα,
722 3403 842 3458 οὐδὲ
890 3405 1008 3478 Θεῷ
1045 3411 1413 3482 συμφωνῆσαι
1441 3413 1536 3467 τὸν
1574 3395 1908 3489 μαμμωνᾶν,

328 3486 360 3556 ἢ
395 3490 519 3550 τοὺς
542 3491 716 3562 τούτῳ
743 3494 1090 3562 δουλεύοντας
1121 3501 1404 3558 δουλεῦσαι
1428 3505 1568 3576 Θεῷ.
1603 3510 1908 3584 Δεσποτικὴ

327 3578 422 3629 καὶ
455 3577 591 3651 αὕτη
623 3583 769 3638 ἐστὶν
793 3587 1067 3656 ἀπόφασις
1095 3591 1492 3663 ἀναμφίσολος·
1527 3598 1610 3652 οὺ
1639 3577 1908 3656 δύνασθε

327 3667 448 3732 Θεῷ
479 3668 812 3742 δουλεύειν,
844 3679 941 3731 καὶ
970 3681 1288 3750 μαμμωνᾷ.

395 3759 619 3826 Τούτοις
658 3767 1082 3840 ὲπιθαρροὺντες
1127 3773 1289 3843 ἡμεῖς
1327 3777 1470 3831 κατά
1507 3778 1756 3852 δύναμιν,
1809 3784 1904 3838 καί¹

321 3849 528 3916 τούτοις
558 3855 880 3926 ύπήκοντες,
922 3862 1060 3930 μετὰ
1085 3863 1180 3916 τοῦ
1223 3865 1398 3920 ταῦτα
1427 3870 1720 3940 φήσαντος,
1760 3874 1903 3934 κατὰ

319 3940 425 3992 τῶν
443 3944 616 3996 ταῦτα
633 3950 1094 4018 παρανομούντων
1113 3955 1211 4028 τὴν
1229 3957 1506 4028 ἀπόφασιν
1532 3965 1897 4034 πεποιήμεθα.

319 4033 664 4126 dimi-risum)
693 4036 747 4126 δέ
777 4041 874 4091 καὶ
901 4041 932 4109 ἡ
974 4040 1040 4113 σὴ
1069 4043 1288 4116 ὁσιότης
1320 4047 1410 4102 διὰ
1446 4049 1630 4124 πάσης
1667 4033 1900 4126 περιφυ-

317 4120 490 4192 λακῆς
509 4125 840 4217 ποιουμένη,
887 4128 1024 4200 δῆλα
1051 4137 1390 4208 καταστῆσαι
1427 4139 1516 4194 διὰ
1545 4120 1898 4217 ἀντιγραιρων

316 4213 410 4266 καὶ
443 4216 556 4278 τοῖς
596 4215 700 4270 ὑπὸ
733 4219 791 4272 σὲ
813 4219 1251 4293 θεοφιλεστάτοις
1288 4232 1640 4303 ἐπισκόποις,
1675 4213 1770 4292 καὶ
1793 4213 1896 4292 -πε-

317 4304 646 4374 ριοδευταῖς,
679 4310 774 4364 καὶ
807 4316 920 4378 τοῖς
949 4314 1131 4382 ἄλλοις
1157 4320 1381 4377 ἆπασιψ
1417 4325 1503 4380 ἵνα
1535 4330 1594 4382 ὲν
1619 4330 1702 4384 ἐνὶ
1731 4331 1894 4386 πνεύ-

313 4411 481 4495 ματι-ἶ
513 4399 606 4451 καὶ
657 4403 756 4472 μιᾷ
787 4403 934 4495 ψυχῇ
968 4409 1169 4474 πάντες
1199 4413 1335 4482 ὁμοῦ
1373 4417 1695 4488 Χριστιανοὶ
1749 4441 1890 4495 συμ-

309 4485 646 4558 φραξάμενοι
685 4493 826 4548 κατὰ
870 4497 964 4550 τοῦ
1011 4503 1193 4556 κοινοῦ
1225 4504 1527 4577 δυσμενοῦς
1578 4512 1888 4585 ἰσχύσωμεν

309 4579 405 4678 σὺν
445 4578 601 4650 Θεῷ,
634 4583 734 4655 τὴν
773 4587 865 4640 ὑπ’
895 4590 1106 4646 ἐκείνου
1141 4597 1501 4664 φυτευθεῖσαν
1539 4603 1597 4656 ὲν
1631 4578 1761 4674 ἧμτν
1787 4578 1886 4678 τῆς

305 4667 668 4742 φιλαργυρίας
723 4677 900 4747 ῥίζαν,
955 4683 1072 4754 ἅμα
1113 4689 1281 4741 πᾶσιν
1326 4691 1515 4756 αὐτοῖς
1542 4694 1652 4748 τῶν
1697 4697 1884 4750 κακῶν

301 4762 412 4854 τοῖς
451 4760 826 4854 βλαστήμασιν
859 4771 1132 4844 ἐκτεμεῖν.
1183 4779 1372 4834 Πᾶσαν
1413 4781 1513 4854 τὴν
1549 4784 1646 4838 σὺν
1696 4787 1776 4840 σοὶ
1824 4789 1883 4842 ὲν

299 4849 520 4946 ξριστῷ
559 4853 894 4930 ἀδελφότητα
945 4868 1358 4938 προσαγορεύω.
1428 4849 1768 4946 ’ἐρρωμένος
1817 4879 1876 4933 ὲν

294 4941 489 5035 Κυρίῳ
519 4945 823 5018 ὑπερεύχου
851 4955 1026 5022 ήμῶν,
1062 4957 1450 5028 θεοφιλέστατε
1479 4941 1697 5035 αδελξρέ.

370 5033 562 5128 Toriqu
588 5036 668 5102 τῷ
703 5040 1132 5128 ἐπιστολιμαίῳ
1169 5053 1332 5122 λόγῳ
1361 5055 1482 5111 σὺν
1508 5033 1666 5128 αὺτῷ
1689 5059 1766 5128 δὴ
1797 5059 1878 5128 τῷ

291 5120 590 5190 Γενναδίφ
617 5127 973 5200 ὑπέγραψαν
1006 5140 1104 5193 καὶ
1135 5145 1188 5194 οἱ
1215 5120 1838 5220 ἐϐδομήκοντα-τρεῖς.

2033 1885 2202 1940 sancti
2233 1884 2492 1956 Spiritus.

2102 2065 2256 2122 Scias
2287 2081 2435 2139 ergo,
2471 2083 2505 2124 o
2537 2067 2618 2124 vir
2652 2069 3062 2137 religiosissime
3088 2079 3144 2124 et
3173 2068 3318 2123 omni
3351 2082 3416 2124 ex
3442 2077 3605 2138 parto

2027 2160 2389 2226 sanctissime,
2420 2163 2564 2232 quod
2595 2169 2907 2232 quicunque
2938 2163 3096 2234 hujus
3127 2163 3406 2218 convictus
3438 2161 3599 2217 fuerit

2026 2253 2329 2323 episcopus,
2355 2253 2437 2309 vel
2460 2253 2900 2325 chorepiscopus,
2935 2255 3017 2308 vel
3049 2256 3240 2319 viator,
3261 2253 3345 2309 vel
3379 2253 3604 2326 presby-

2029 2352 2131 2412 ter,
2168 2343 2248 2400 vel
2286 2345 2572 2412 diaconus,
2602 2332 2684 2399 vei
2709 2346 2888 2415 quivis
2912 2347 3048 2400 alius
3079 2359 3145 2399 ex
3169 2359 3396 2408 canone,
3423 2345 3506 2398 vel
3532 2360 3601 2400 ex

2025 2434 2216 2498 laicis,
2263 2438 2536 2493 communi
2577 2437 2879 2493 antistitum
2941 2436 3180 2504 decreto,
3221 2437 3602 2506 communique

2024 2527 2292 2584 sententia
2344 2531 2740 2584 condemnatus
2792 2537 2907 2592 est,
2943 2527 3086 2584 sicut
3129 2527 3198 2584 de
3231 2529 3334 2584 hoc
3383 2543 3602 2598 quoque

2032 2629 2349 2674 sanctorum
2379 2621 2598 2676 Patrum
2621 2625 2934 2690 praecedens
2953 2636 3127 2678 canon
3151 2620 3408 2690 loquitur.
3430 2620 3600 2690 Opor-

2024 2716 2099 2764 tet
2127 2711 2272 2764 enim
2307 2713 2535 2780 gratiam
2561 2727 2773 2779 semper
2801 2727 2922 2769 esse
2951 2713 3200 2784 gratiam,
3231 2721 3284 2766 et
3317 2719 3594 2781 argentum

2023 2799 2160 2869 apud
2191 2815 2310 2855 eam
2341 2818 2682 2873 nequaquam
2743 2805 3096 2860 intercedere.
3143 2802 3228 2858 Sit
3271 2816 3400 2872 ergo
3446 2801 3595 2856 etab

2020 2891 2166 2946 omni
2205 2893 2532 2948 sacerdotali
2565 2896 2832 2964 dignitate
2871 2907 2928 2952 et
2954 2896 3258 2952 ministerio
3285 2895 3514 2957 alienus,
3540 2902 3598 2946 et

2019 2984 2384 3040 anathematis
2419 2986 2540 3042 loco
2569 2987 2846 3058 subjectus
2866 3029 2880 3053 ,
2921 2987 3014 3058 qui
3041 2995 3094 3042 et
3125 3001 3184 3041 se
3210 3000 3306 3056 per
3331 2984 3593 3054 pecunias

2020 3075 2302 3145 acquirere
2325 3079 2621 3144 existimat,
2651 3089 2707 3133 et
2729 3079 2820 3148 qui
2847 3092 2966 3134 eam
2994 3077 3234 3148 pecuniis
3263 3077 3463 3132 habere
3483 3075 3593 3146 pol-

2021 3165 2234 3233 licetur,
2259 3169 2374 3222 sive
2403 3168 2476 3224 sit
2503 3167 2757 3236 clericus,
2789 3169 2902 3224 sive
2923 3167 3116 3236 laicus,
3146 3167 3262 3224 sive
3285 3167 3388 3222 hoc
3415 3165 3598 3221 facere

2015 3258 2392 3324 convincatur,
2425 3260 2543 3315 sive
2587 3275 2696 3314 non
2733 3273 2750 3314 :
2799 3260 2926 3331 quia
2976 3258 3093 3315 ﬁeri
3141 3274 3248 3314 non
3285 3266 3496 3330 potest,
3533 3265 3593 3310 ut

2015 3348 2340 3404 conveniant
2373 3364 2492 3419 quas
2519 3351 2813 3406 convenire
2848 3360 3158 3420 nequeunt,
3182 3363 3282 3406 nec
3311 3357 3372 3402 ut
3413 3362 3591 3402 mam-

2011 3453 2172 3492 mona
2222 3438 2334 3496 Deo
2365 3443 2704 3508 consentiat;
2741 3442 2827 3498 vel
2856 3442 3034 3512 utqui
3074 3441 3124 3496 ei
3163 3439 3442 3505 serviunt,
3475 3439 3586 3494 Deo

2011 3533 2275 3588 serviant.
2315 3534 2525 3593 Domini
2558 3545 2642 3591 est
2677 3534 2970 3600 sententia,
3012 3533 3102 3591 cui
3139 3531 3441 3590 contradici
3473 3545 3584 3588 non

2007 3633 2185 3694 potest
2213 3641 2232 3680 :
2259 3623 2381 3678 Non
2409 3627 2628 3696 potestis
2651 3625 2760 3682 Deo
2789 3627 2984 3684 servire
3014 3633 3063 3683 et
3089 3641 3402 3682 mammonae
3420 3627 3462 3679 ³.

2076 3797 2187 3855 Nos
2217 3800 2272 3855 in
2302 3800 2388 3855 his
2427 3816 2525 3872 pro
2565 3803 2771 3858 viribus
2822 3804 3204 3873 consulentes,
3245 3816 3299 3862 et
3327 3809 3409 3863 eis
3457 3823 3576 3866 cre-

2006 3889 2217 3956 dentes,
2249 3905 2374 3944 cum
2403 3906 2470 3946 eo
2504 3893 2594 3962 qui
2619 3893 2735 3948 haec
2763 3893 2932 3961 dixit,
2963 3897 3227 3953 adversus
3255 3913 3350 3954 eos
3387 3901 3478 3968 qui
3522 3902 3578 3956 in

2004 3978 2071 4033 iis
2121 3990 2368 4050 peccant,
2407 3983 2730 4038 sententiam
2779 3985 3124 4053 protulimus.
3159 3986 3276 4043 Tua
3315 3991 3580 4048 sanctitas

2005 4085 2190 4125 curam
2217 4080 2392 4140 gerat,
2429 4072 2576 4127 omni
2627 4073 2872 4132 adhibita
2900 4075 3206 4146 diligentia,
3241 4089 3300 4134 ut
3332 4079 3450 4136 haec
3480 4097 3579 4152 per

2003 4165 2326 4234 transcripta
2361 4165 2690 4236 exemplaria
2732 4167 3076 4224 innotescant
3111 4178 3166 4226 et
3206 4161 3576 4230 sanctissimis

1997 4253 2268 4324 episcopis
2299 4256 2388 4325 qui
2420 4255 2515 4310 tibi
2555 4257 2803 4326 subsunt,
2832 4272 2889 4314 et
2913 4261 3335 4332 περιοδευτατς,
3365 4274 3420 4321 et
3448 4266 3572 4322 aliis

1997 4346 2248 4402 omnibus
2281 4365 2293 4402 :
2326 4355 2386 4402 ut
2418 4348 2470 4403 in
2501 4365 2611 4404 uno
2636 4350 2827 4420 spiritu
2862 4363 2914 4408 et
2942 4368 3048 4408 una
3079 4355 3257 4410 anima
3283 4371 3474 4414 omnes
3498 4361 3572 4414 si-

1995 4439 2105 4493 mul
2137 4439 2425 4510 constipati
2456 4439 2754 4496 Christiani
2785 4446 3045 4500 adversus
3081 4460 3425 4502 communem
3460 4450 3567 4505 iui-

1992 4530 2213 4596 micum,
2240 4529 2336 4586 Dei
2361 4531 2582 4597 auxilio,
2604 4533 2876 4602 possimus
2897 4535 3138 4592 avaritia
3163 4537 3422 4606 radicem,
3448 4555 3587 4609 quae.

1989 4623 2058 4678 ab
2090 4622 2181 4679 illo
2206 4625 2258 4678 in
2287 4623 2440 4679 nobis
2467 4624 2627 4680 insita
2655 4635 2758 4694 est,
2793 4621 2924 4682 cum
2949 4629 3202 4686 omnibus
3230 4638 3430 4687 eorum
3453 4648 3566 4688 ma-

1987 4715 2162 4771 lorum
2195 4718 2532 4788 germinibus
2587 4719 2928 4775 exscindere.
2975 4719 3202 4776 Omnem
3229 4737 3351 4792 qua:
3385 4719 3560 4778 tecum

1987 4818 2070 4865 est
2101 4809 2156 4864 in
2195 4811 2415 4866 Christo
2444 4810 2836 4868 fraternitatem
2866 4813 3184 4870 salutamus.
3215 4815 3397 4872 Fortis
3418 4817 3564 4871 exsi~

1983 4911 2132 4960 stens
2167 4902 2221 4956 in
2247 4902 2484 4972 Christo,
2504 4917 2596 4959 ora
2621 4919 2717 4974 pro
2738 4905 2914 4972 nobis,
2945 4907 3294 4966 sanctissime
3327 4908 3518 4966 frater.

2055 5077 2193 5132 Huic
2221 5078 2452 5146 epistolas
2495 5095 2615 5134 cum
2643 5080 2755 5148 ipso
2795 5078 3070 5138 Gennadio
3127 5085 3551 5155 subscripserunt

1977 5172 2136 5226 etiam
2168 5172 2504 5241 septuaginta
2531 5182 2653 5228 tres.

1407 5257 1746 5323 STEPHANI
1783 5262 2062 5320 BALUZII
2098 5261 2400 5318 ADDITIO.

365 5348 644 5408 Decretum
712 5356 868 5414 istius
923 5359 1149 5420 Concilii
1215 5369 1478 5431 adversus
1536 5377 1864 5436 simoniacas

285 5441 592 5498 molitioues
625 5455 802 5502 exstat
821 5457 960 5518 apud
989 5454 1384 5532 Balsamonem,
1423 5477 1480 5522 et
1505 5468 1630 5524 hinc
1665 5471 1716 5526 in
1743 5473 1861 5528 edi-

286 5533 518 5588 tionibus
555 5533 940 5597 Conciliorum.
980 5545 1180 5606 Desunt
1203 5565 1383 5615 autem
1420 5561 1703 5633 utrobique
1729 5563 1860 5620 sub-

357 5647 376 5677 ³
401 5647 591 5705 Matth.
620 5667 690 5721 γι,
731 5656 820 5712 24.

1973 5383 2290 5454 scriptiones
2315 5381 2724 5452 Episcoporum,
2755 5398 2891 5453 quas
2909 5383 3129 5438 exhibet
3161 5381 3350 5438 Petrus
3376 5382 3542 5438 Lam~

1971 5475 2156 5532 becius
2194 5490 2261 5530 ex
2317 5476 2680 5533 vetustissimo
2730 5476 2917 5532 codice
2965 5491 3068 5530 ms.
3128 5475 3398 5538 Busbekii,
3449 5473 3544 5543 qui

1971 5583 2112 5625 nunc
2155 5576 2404 5625 servatur
2433 5567 2488 5625 in
2543 5566 2869 5624 bibliotheca
2912 5567 3280 5640 imperatoria.
3308 5566 3539 5630 Exstant
