4068 6126
385 273 531 340 1625

1486 270 1578 332 IN
1606 268 1949 332 GENESIN‘
1976 270 2459 331 FRAGMENTA.

3502 270 3649 338 1626‘:

385 386 555 448 νέναι,
571 379 760 451 νοητόν
783 396 904 433 τινα
931 379 1134 450 κόσμον
1151 379 1244 449 ἀφ’
1259 377 1468 432 ἑαυτῶν
1492 379 1742 449 ἀλλήλων
1769 381 1943 449 ἔτερα·

2061 379 2274 453 Moyses
2316 381 2459 435 dum,
2487 379 2618 435 dicit
2647 396 2660 432 :
2692 378 2761 433 In
2804 381 3064 451 principio
3101 381 3229 453 fecit
3265 381 3406 438 Deus
3447 384 3647 441 celum

383 470 650 525 τεύσαντο
670 487 685 502 °
721 470 814 525 καὶ
844 470 939 524 νῦν
969 469 1178 525 Μωσέα
1206 469 1297 523 τὸν
1331 469 1600 541 μακάριον
1636 469 1816 538 λέγειν
1838 469 1960 539 μὲν,

398 561 502 616 Ἔν
531 559 699 631 ἀρχῇ·
721 560 1014 629 ἐποίησεν
1035 563 1069 615 ό
1115 560 1261 626 Θεὸς
1284 560 1394 614 τὸν
1414 558 1678 628 οὐρανὸν
1711 558 1812 613 καὶ
1849 556 1966 627 τὴν

384 650 524 720 γῆν,
557 647 698 706 εἷναι
721 650 779 704 δὲ
810 651 913 705 οὐκ
943 650 1162 722 άληθῶς
1193 649 1361 703 αὐτοῦ
1399 651 1499 719 τῆς
1538 649 1810 722 ποιήσεως
1828 650 1961 702 ται)-

381 761 485 813 την
522 743 719 815 ἀρχὴν,
762 742 878 797 ἀλλ’
925 736 1120 813 ἑτέραν
1162 740 1341 812 πολλῷ
1385 741 1787 813 πρεσϐυτέραν,
1829 742 1890 794 ἐν

383 837 481 902 τάς
504 839 766 906 άοράτους
787 837 881 890 καὶ
900 835 1125 904 λογικάς
1146 835 1496 906 ὑπεστήσατο
1516 834 1726 903 φύσεις.
1762 835 1961 905 Ἐχρῆν

383 927 439 981 δὲ
487 928 731 999 ἀκριϐῶς
787 929 1193 999 ἐπιστήσαντας
1233 926 1328 981 τὸν
1371 925 1497 980 νοῦν
1529 931 1596 997 τῇ
1640 926 1961 998 διδασκαλίᾳ

382 1019 477 1072 τοῦ
527 1018 861 1089 Πνεύματος,
910 1018 1145 1091 ζητῆσαι
1173 1018 1234 1072 rb
1273 1018 1493 1089 ἀληθές.
1529 1016 1725 1090 Εῦροις
1762 1018 1870 1091 γὰρ
1893 1019 1961 1076 ἂν

383 1108 635 1163 ἐντεῦθεν
671 1110 857 1178 σαφῶς
904 1110 1007 1181 τῆς
1053 1110 1450 1180 εὐλογοφανοῦς
1490 1111 1709 1183 ἀπάτης
1742 1112 1960 1184 ἐκείνης

382 1201 474 1256 τὸν
508 1200 726 1271 ἔλεγχον
749 1217 764 1231 ο
799 1201 858 1253 οὺ
893 1201 1055 1269 μόνον
1080 1202 1142 1255 rb
1179 1201 1510 1275 τιμιώτερον
1550 1204 1651 1274 τῆς
1688 1204 1791 1275 γῆς
1826 1204 1958 1259 ὄντα

379 1296 472 1348 τὸν
515 1296 747 1366 οὐρανὸν
798 1295 937 1366 μετὰ
995 1296 1225 1368 ταύτης,
1278 1295 1415 1351 ἀλλὰ
1471 1297 1547 1367 μὴ
1599 1297 1706 1369 πρὸ
1751 1297 1958 1369 ταύτης

378 1384 655 1451 γενέσθαι,
685 1384 824 1440 ἀλλὰ
861 1386 957 1440 καὶ
985 1384 1047 1440 rb
1071 1384 1171 1463 τὴν
1211 1383 1307 1438 τοῦ
1333 1385 1511 1453 φωτὸς
1534 1385 1696 1453 φύσιν
1724 1385 1957 1457 ὑστέραν

379 1476 763 1547 παραχθῆναι,
801 1476 1091 1547 κρείττονα
1134 1477 1229 1530 τοῦ
1267 1475 1495 1540 σκότους
1532 1476 1818 1547 προδήλως
1848 1476 1954 1530 ὑπ-

378 1567 677 1638 άρχουσαν.
722 1562 859 1620 Εἶτα
899 1567 1213 1638 σπέρματα,
1249 1565 1391 1636 μετὰ
1411 1565 1571 1620 τοῦτο
1615 1566 1715 1623 καὶ
1736 1565 1949 1638 δένδρα,

377 1654 497 1711 εἶτα
521 1658 635 1723 ζῶα
662 1659 879 1728 πτηνῶν
904 1675 967 1711 τε
991 1658 1086 1713 καὶ
1109 1657 1323 1728 κτηνῶν
1344 1658 1438 1712 καὶ
1463 1658 1950 1731 χερσαίωνθεάσῃ,

378 1750 472 1802 καὶ
492 1750 584 1802 ἐπὶ
606 1750 743 1802 πᾶσι
767 1748 978 1811 τούτοις
1000 1748 1088 1802 τὸν
1113 1747 1418 1819 ἄνθρωπον.
1444 1750 1506 1801 Εἰ
1526 1749 1582 1802 δὲ
1610 1747 1839 1817 λέγοιεν,
1868 1748 1949 1801 ὅτι

374 1845 582 1899 τούτων
610 1844 861 1907 ἕκαστον,
883 1842 987 1897 κᾶν
1023 1843 1072 1895 εξ
1109 1840 1436 1913 τιμιώτερόν
1470 1843 1587 1895 ἐστι
1626 1842 1686 1894 rb
1719 1857 1949 1912 μεταγε-

374 1935 626 2006 νέστερον
662 1933 757 1987 τοῦ
781 1936 1291 2005 πρωτογενεστέρου
1312 1971 1327 1998 ,
1369 1932 1460 1987 τὸν
1496 1933 1764 2004 ἡμέτερον
1790 1932 1957 2001 λόγον,

372 2024 528 2078 οὐδέν
555 2042 608 2077 τι
640 2024 839 2095 μᾶλλον
879 2024 1051 2095 ψευδῆ
1093 2024 1389 2095 διελέγχει,
1418 2025 1523 2077 οὐκ
1542 2022 1778 2093 αἰσθητὰ
1813 2023 1950 2095 πρὸς

373 2114 606 2186 αἰσθητὰ
626 2115 1063 2187 παραϐάλλοντα,
1083 2115 1219 2169 ἀλλὰ
1237 2116 1374 2187 πρὸς
1390 2115 1624 2187 αἰσθητὰ
1638 2114 1829 2187 νοητὰ,
1853 2114 1950 2169 καὶ

370 2206 457 2259 διὰ
494 2206 652 2259 τοῦτο
686 2206 794 2260 τῶν
839 2207 1114 2277 αἰσθητῶν
1147 2206 1835 2278 ἔφαμενοπρογεγενῆσθαι
1876 2207 1949 2259 τά

371 2294 538 2364 νοητά
558 2311 570 2324 ’
600 2294 832 2365 ἐροῦμεν
866 2295 1118 2365 καὶπρὸς
1146 2294 1305 2352 τοῦτο
1342 2296 1522 2366 ἡμεῖς,
1550 2296 1633 2351 ὅτι
1660 2313 1765 2366 περ
1786 2298 1820 2366 ὴ
1850 2294 1946 2350 τοῦ

370 2384 658 2456 ἀνθρώπου
692 2385 839 2456 ψυχὴ
860 2386 1052 2457 λογική
1086 2404 1143 2440 τε
1164 2382 1299 2440 οὖσα
1341 2388 1436 2440 καὶ
1460 2388 1648 2458 νοητὴ,
1684 2387 1948 2459 δευτέραν

369 2478 468 2548 τῆς
505 2478 709 2550 σαρκὸς
737 2478 864 2549 ἔσχε
907 2480 1008 2548 τὴν
1029 2478 1266 2547 γένεσιν,
1315 2478 1563 2530 Ἔπλασε
1598 2478 1708 2549 γὰρ
1745 2480 1773 2532 ό
1813 2478 1947 2543 Θεὸς

369 2564 585 2635 πρῶτον
619 2565 711 2619 τὸν
752 2565 1038 2638 ἄνθρωπον
1079 2567 1207 2637 χοῦν
1238 2566 1345 2621 ἀπό
1382 2566 1483 2635 τῆς
1504 2566 1635 2635 γῆς,
1656 2562 1785 2625 εἶτα
1808 2568 1952 2638 μετὰ

368 2658 526 2710 τοῦτο
578 2657 913 2729 ἐνεφύσησεν
968 2659 1049 2723 είς
1094 2660 1157 2712 τὸ
1211 2660 1502 2731 πρόσωπον
1558 2660 1724 2714 αὑτοῦ
1776 2662 1947 2733 πνοὴν

369 2745 532 2816 ζωῆς.
563 2748 733 2800 Τοῦτο
762 2748 817 2801 δὲ
848 2749 941 2801 καὶ
962 2751 990 2803 ό
1022 2750 1312 2821 προφήτης
1350 2751 1624 2821 Ζαχαρίας
1661 2751 1829 2820 δηλοῖ,
1858 2753 1946 2805 λέ-

368 2850 517 2901 γων·
584 2835 650 2887 '0
702 2835 948 2901 πλάσας
989 2837 1227 2907 πνεῦμα
1279 2838 1596 2907 ἀνθρώπου
1637 2840 1709 2893 ἐν
1762 2840 1944 2907 αὐτῷ.

369 2929 530 2981 Ὥστε
576 2927 638 2981 rb
673 2930 775 2997 μὲν
820 2928 915 2981 τοῦ
950 2930 1238 2995 Πλάτωνος
1267 2931 1448 3002 δόγμα
1487 2931 1711 3001 ψευδὲς,
1743 2932 1944 3004 ἀληθὲς

2063 483 2112 527 et
2147 484 2378 537 terram,
2416 487 2522 526 non
2566 487 2756 527 verum
2786 473 3078 528 creationis
3123 474 3333 529 initium
3369 488 3639 530 memora-

2064 566 2170 632 rit;
2203 580 2328 620 nam
2356 564 2462 618 alia
2501 572 2740 619 exstaret
2785 564 2958 620 multo
2987 565 3298 634 antiquior,
3329 581 3437 635 qua
3496 566 3649 620 Ξιινίο»

2063 656 2247 713 sibiles
2281 655 2710 727 spiritualesque-
2740 665 2949 711 naturae
2996 656 3173 712 forent
3201 656 3456 712 conditae.
3497 657 3651 712 Istos

2065 759 2246 804 autem
2274 749 2584 817 oportebat,
2616 757 2855 803 mentem
2890 748 3114 818 spiritus
3167 747 3427 803 doctrinm
3459 749 3639 803 inten-

2064 842 2273 904 dentes,
2305 840 2592 896 veritatem
2638 840 2952 911 diligentius
2983 840 3280 910 inquirere.
3336 838 3433 894 Illa
3489 840 3647 895 enim.

2063 934 2369 1002 speciosum
2403 932 2566 987 istum
2597 946 2842 987 errorem
2872 930 3160 986 manifeste
3182 931 3520 986 confutatam
3550 947 3637 986 re-

2061 1027 2260 1096 peries.
2297 1024 2432 1080 Nam
2481 1024 2698 1091 ctrinm,
2746 1025 2875 1081 licet
2930 1033 3076 1079 terra
3125 1024 3490 1093 praestantius,
3528 1038 3633 1076 una

2060 1131 2182 1171 cum
2235 1129 2351 1182 ea,
2386 1129 2493 1170 non
2532 1124 2711 1170 autem
2767 1125 2894 1171 ante
2942 1128 3063 1171 eam
3112 1113 3314 1169 factum
3347 1114 3629 1178 invenies;

2060 1207 2171 1263 imo
2210 1194 2376 1262 etiam
2433 1204 2570 1261 lucis
2620 1212 2904 1273 naturam,
2960 1206 3163 1275 absque
3200 1203 3363 1260 dubio
3398 1204 3635 1260 tenebris

2063 1295 2390 1362 meliorem,
2427 1293 2698 1363 posterius
2731 1304 2911 1348 tamen
2942 1294 3231 1363 prolatam.
3289 1293 3493 1349 Deinde
3542 1309 3642 1349 se-.
3688 1330 3691 1331 ν

2058 1388 2230 1452 mina,
2257 1395 2313 1443 et
2341 1396 2528 1457 postea
2561 1390 2806 1452 arbores,
2843 1400 2907 1441 ac
2927 1385 3161 1455 denique
3188 1399 3389 1455 genera
3438 1385 3632 1441 volati-

2056 1476 2187 1530 lium
2216 1485 2271 1531 et
2310 1490 2564 1546 pecorum
2594 1486 2651 1531 et
2691 1476 3034 1533 terrestrium
3067 1476 3405 1541 animalium,
3435 1491 3501 1532 ac
3534 1491 3632 1547 pe-

2057 1578 2263 1625 stremo
2295 1567 2509 1622 tandem
2542 1567 2791 1623 homines
2831 1567 2960 1624 editi
3004 1578 3153 1624 sunt.
3207 1567 3398 1624 Dicent
3448 1568 3627 1623 forte:

2057 1658 2316 1724 Quamvis
2343 1657 2396 1711 in
2430 1657 2657 1713 istorum
2683 1657 2874 1712 ordine
2898 1658 3203 1728 posteriora
3229 1652 3400 1728 usque
3433 1658 3641 1728 priori-y

2057 1750 2155 1804 bus
2186 1756 2468 1818 praestant,
2500 1748 2604 1802 hoc
2636 1747 2781 1802 nulla
2817 1747 3028 1802 ratione
3055 1747 3357 1802 doctrinam
3386 1757 3626 1803 nostram

2054 1839 2252 1895 refellit
2281 1857 2311 1907 ;Δ
2332 1853 2439 1894 non
2466 1838 2614 1895 enim
2650 1837 2936 1895 sensibilia
2962 1853 3085 1894 cum
3114 1838 3464 1894 sensibilibus
3495 1853 3643 1894 con--~

2048 1933 2300 1997 ferimus,
2348 1933 2445 1988 sed
2493 1947 2620 1989 eum
2654 1932 3006 1988 sensibilibus
3044 1930 3366 2001 spiritualia,
3400 1930 3628 1999 ideoque

2049 2024 2350 2095 spiritualia
2400 2024 2640 2080 diximus
2667 2038 2779 2092 prae
2827 2022 3177 2079 sensibiiibus
3209 2022 3503 2077 exstitisse.
3542 2022 3619 2075 Ad

2049 2116 2163 2170 haec
2192 2123 2372 2170 autem
2404 2115 2853 2184 respondebimus
2901 2115 3139 2170 animam
3196 2113 3432 2169 hominis
3455 2153 3471 2178 ,
3502 2112 3628 2168 licet

2047 2204 2345 2274 spiritualis
2373 2203 2446 2258 sit
2468 2212 2524 2259 et
2550 2203 2856 2269 rationalis,
2898 2217 3063 2257 carne
3096 2197 3455 2257 recentiorem
3477 2214 3640 2257 esse..

2050 2296 2185 2378 Nam
2228 2294 2462 2364 primum
2494 2292 2652 2348 ﬁnxit
2681 2293 2825 2349 Deus
2872 2292 3188 2356 hominem,
3227 2290 3501 2360 pulverem
3560 2290 3627 2343 de

2049 2396 2212 2455 terra,
2233 2401 2298 2442 ac
2335 2386 2532 2441 deinde
2556 2384 2789 2439 sufflavit
2814 2384 2868 2439 in
2895 2383 3086 2438 faciem
3118 2382 3235 2451 ejus
3263 2381 3448 2437 flatum
3479 2382 3639 2441 vita)-

2049 2482 2192 2536 Idem
2228 2479 2477 2535 declarat
2521 2478 2686 2533 etiam
2741 2478 3002 2548 propheta
3045 2475 3341 2531 Zacharias
3387 2474 3576 2530 dicens
3608 2491 3642 2533 εκ

2047 2573 2119 2627 Et
2157 2572 2359 2642 ﬁngens
2403 2570 2648 2640 spiritum
2679 2568 2907 2624 hominis
2945 2568 3002 2623 in
3056 2584 3116 2623 eo
3154 2570 3194 2623 ¹.
3233 2567 3474 2622 Platonis
3524 2566 3633 2633 ἰαὶ-η

2048 2673 2135 2721 tur
2164 2663 2415 2720 doctrina
2459 2661 2623 2727 falsa,
2659 2659 2870 2732 Moysis
2913 2670 3093 2715 autem
3133 2659 3352 2716 effatum
3391 2673 3576 2715 rerum
3606 2676 3639 2717 :.

2047 2754 2116 2809 In
2164 2753 2424 2824 principio
2480 2752 2603 2822 fecit
2654 2750 2797 2805 Deus
2830 2751 3017 2805 caelum
3047 2760 3097 2805 et
3130 2761 3346 2806 terram.
3400 2748 3635 2804 Videtur.

2045 2845 2209 2901 etiam
2270 2843 2362 2898 hic
2432 2843 2567 2898 ordo
2637 2842 2836 2896 rationi
2901 2842 3154 2897 humanae
3219 2842 3388 2897 multo
3452 2844 3639 2911 magis.

2047 2946 2467 2993 consentaneus.
2503 2932 2688 2989 innuit
2730 2934 2876 2988 enim
2929 2933 3072 2991 ratio
3118 2933 3265 2988 hunc
3314 2947 3435 2988 esse
3484 2933 3626 3002 opti-

364 3019 421 3073 δὲ
450 3021 654 3091 Μωσῆς
684 3017 836 3075 εἶπεν
858 3038 872 3054 ο
919 3023 1020 3077 Ἐν
1050 3023 1209 3093 ἀρχῇ
1236 3024 1527 3093 ἐποίησεν
1576 3027 1609 3077 ό
1650 3026 1794 3091 Θεὸς
1839 3026 1943 3080 τὸν

2050 3047 2198 3087 mum
2226 3030 2505 3092 ordinem,
2533 3028 2578 3082 si
2604 3027 2804 3091 minus,
2831 3035 2926 3081 aut
2949 3026 3127 3095 potius
3158 3024 3202 3079 si
3240 3023 3482 3079 deterius
3514 3038 3626 3078 me-

364 3112 623 3180 οὺρανὸν
663 3113 762 3166 καὶ
795 3114 913 3182 τὴν
955 3114 1105 3185 γῆν
1141 3116 1265 3169 ἐπεὶ
1297 3117 1390 3169 καὶ
1426 3116 1569 3170 κατὰ
1601 3116 1942 3186 ἀνθρώπινον

362 3203 622 3275 λογισμὸν
662 3204 823 3259 τοῦτό
864 3208 1012 3260 ἐστιν
1051 3208 1262 3261 ἐκείνου
1297 3206 1479 3278 πολλῷ
1509 3207 1672 3262 πλέον
1710 3208 1939 3261 ἀκολου-

365 3293 606 3365 θότερον.
654 3295 744 3366 Τῷ
790 3296 890 3366 μὲν
940 3296 1049 3367 γὰρ
1087 3298 1306 3367 ἥττονι,
1354 3298 1556 3369 μᾶλλον
1613 3300 1670 3353 δὲ
1720 3300 1813 3354 καὶ
1862 3300 1940 3372 τῷ

363 3383 565 3452 χείρονι
596 3382 657 3436 τὸ
695 3387 943 3456 κρεῖττον
970 3387 1319 3455 ἐπιγενέσθαι
1349 3388 1557 3456 τάξεως
1582 3391 1681 3462 τῆς
1709 3390 1940 3462 ἀρίστης

360 3474 518 3542 λόγον
557 3473 679 3545 ἔχον
722 3475 858 3530 ἐστί.
912 3477 1170 3550 Προκοπὴ
1214 3478 1325 3549 γὰρ
1366 3481 1426 3534 ὲν
1471 3484 1586 3546 τοῖς
1624 3484 1790 3536 πᾶσιν
1829 3483 1938 3536 ἀπὸ

360 3563 453 3617 τοῦ
502 3564 725 3630 ἀτελοῦς
773 3567 867 3621 ἐπὶ
897 3571 956 3621 rb
985 3567 1189 3622 τέλειον
1218 3570 1451 3637 γίνεται.
1490 3571 1654 3624 Ὅθεν
1709 3572 1830 3625 οὐδὲ
1877 3573 1938 3627 τὸ

360 3655 730 3725 πνευματικὸν
784 3658 1019 3729 πρῶτον,
1071 3658 1209 3713 ἀλλὰ
1280 3660 1343 3712 rb
1392 3660 1625 3730 ψυχικὸν
1695 3663 1934 3731 ἐγένετο,

359 3745 551 3800 ἔπειτα
592 3747 652 3800 rb
710 3749 1103 3817 πνευματικόν.
1165 3749 1241 3802 Tb
1291 3749 1384 3816 δὲ’,
1421 3752 1497 3814 ὡς
1529 3753 1727 3805 ἐκεῖνοί
1771 3755 1932 3822 φασι,

355 3840 468 3901 τοῖς
528 3838 761 3908 βελτίοσι
811 3838 887 3910 [1⁵.
947 3839 1121 3912 πρὸς]
1180 3840 1533 3912 προτίθεσθαι
1580 3842 1809 3914 δεύτερα
1868 3845 1936 3899 τὰ

357 3928 695 3999 φαυλότερα,
722 3928 1034 3982 τούναντίον
1064 3932 1236 3983 ποιεῖ’
1274 3930 1368 3984 τοῦ
1405 3933 1646 4003 χείρονος
1680 3934 1778 4005 μὲν
1810 3935 1932 3988 επί-

354 4019 523 4081 δοσιν,
554 4017 850 4071 ἐλάττωσιν
885 4017 942 4070 δὲ
976 4017 1073 4072 τοῦ
1102 4018 1405 4091 ἀμείνονος.
1442 4023 1507 4075 Ὃ
1538 4024 1679 4076 κατὰ
1705 4023 1801 4077 τοῦ
1841 4041 1934 4078 σο-

354 4108 605 4177 φωτάτου
662 4107 769 4162 τῶν
798 4109 935 4163 ὅλων
966 4111 1312 4182 Δημιουργοῦ
1365 4112 1540 4176 οὐδεὶς
1582 4113 1650 4167 ἂν
1692 4114 1935 4187 ἐνθυμη-

356 4200 513 4269 οῆναι
538 4199 852 4271 τολμήσειε.
879 4202 988 4256 Καὶ
1012 4204 1142 4273 μετ’
1171 4204 1365 4273 ὀλίγαο
1406 4204 1547 4258 Ἀλλ’
1575 4205 1804 4269 ἐκείνοις
1832 4208 1932 4277 μὲν

353 4294 607 4365 οὐδαμῶς
637 4295 969 4366 προσεκτέον
993 4313 1006 4326 ο
1033 4297 1158 4350 ἐπεὶ
1188 4296 1324 4368 μηδὲ
1350 4297 1538 4369 ἕτερον
1570 4298 1712 4353 οὕτω
1736 4316 1789 4353 τι
1821 4301 1933 4364 τοῖς

2046 3125 2167 3183 liori
2202 3121 2625 3193 prtegrediatur.
2667 3117 2803 3171 Nam
2852 3131 2946 3184 per
2974 3115 3155 3171 omnia
3184 3117 3251 3170 ab
3284 3113 3624 3182 imperfectis

2041 3219 2109 3274 ad
2134 3213 2371 3287 perfecta
2396 3209 2697 3281 profectus.
2729 3206 2883 3264 Unde
2905 3223 3013 3263 non
3033 3206 3338 3276 spiritualia
3365 3207 3618 3276 primum,

2039 3312 2133 3367 sed
2168 3304 2424 3363 animalia
2463 3302 2740 3359 condenda
2774 3341 2791 3367 ,
2827 3310 2885 3355 et
2932 3301 3127 3355 deinde
3171 3297 3494 3369 spiritualia.
3551 3298 3623 3351 At

2041 3400 2253 3465 viliora,
2287 3406 2349 3450 ut
2378 3394 2452 3449 illi
2478 3391 2686 3459 volunt,
2730 3391 3047 3447 melioribus
3075 3388 3315 3460 adjicere
3340 3429 3356 3455 ,
3397 3396 3621 3443 contra-

2042 3492 2182 3546 rium
2213 3488 2464 3560 prazbet:
2502 3483 2704 3556 pejoris
2745 3482 3111 3539 accessionem
3154 3490 3211 3537 et
3235 3480 3476 3536 melioris
3516 3481 3622 3533 im-

2042 3582 2425 3635 minutionem.
2471 3576 2625 3642 Quod
2677 3588 2810 3631 saue
2867 3574 2934 3629 de
2978 3572 3380 3644 sapientissimo
3438 3584 3627 3625 rerum

2037 3673 2279 3725 omnium
2310 3666 2606 3723 Conditore
2628 3665 2873 3734 cogitare
2898 3679 3058 3719 nemo
3085 3665 3325 3719 audebit.
3363 3661 3429 3716 Et
3454 3662 3617 3732 paulo

2036 3769 2200 3825 post:
2235 3758 2307 3811 At
2360 3755 2467 3811 illis
2509 3756 2653 3808 nulla
2697 3757 2912 3811 ratione
2956 3753 3405 3809 consentiendum
3431 3753 3458 3818 ;'
3491 3768 3615 3806 nam

2038 3844 2173 3898 nihil
2199 3843 2341 3896 aliud
2384 3842 2674 3912 plerosque
2717 3842 2784 3895 ad
2835 3841 2958 3896 illas
2986 3857 3270 3911 perversas
3304 3842 3370 3896 de
3397 3841 3535 3897 Filio
3562 3852 3617 3899 et

2038 3933 2245 4004 Spiritu
2276 3942 2468 3987 sancto
2503 3930 2787 3999 opiniones
2816 3932 2991 3998 magis
3024 3930 3266 3995 deduxit,
3299 3945 3459 3999 quam
3491 3946 3617 4000 pra-

2036 4041 2115 4081 va:
2160 4026 2276 4080 ista:
2326 4022 2395 4078 de
2453 4038 2634 4077 rerum
2681 4022 2894 4090 origine
2926 4020 3419 4090 interpretationes.
3478 4020 3613 4073 Nam

2035 4117 2218 4185 plures
2243 4113 2549 4169 creationes
2577 4125 2676 4181 pro
2710 4118 2863 4166 certo
2916 4118 3182 4173 tenentes,
3213 4117 3267 4163 et
3317 4123 3478 4162 unam
3526 4125 3615 4163 so—

2035 4208 2253 4277 Iamque
2278 4211 2653 4260 creaturarum
2685 4201 2929 4256 omnium
2965 4200 3229 4270 originem
3270 4208 3619 4268 respuentes,

2034 4296 2235 4369 gradus
2265 4294 2525 4366 quosdam
2555 4300 2611 4349 et
2637 4293 2859 4347 ordines
2882 4292 3103 4347 deorum
3143 4291 3413 4346 finxerunt
3434 4331 3450 4357 ,
3493 4308 3610 4346 ma-

352 4385 564 4438 πλείοσι
597 4387 699 4456 τῆς
746 4387 1094 4458 ὲσφαλμένης
1130 4388 1257 4458 περί
1296 4405 1357 4443 τε
1393 4387 1487 4442 τοῦ
1537 4389 1668 4443 Υίοῦ
1710 4391 1804 4444 καὶ
1834 4390 1929 4445 τοῦ

2046 4404 2172 4459 gnos
2218 4397 2274 4443 et
2307 4387 2543 4457 majores
2598 4391 2654 4440 et
2707 4384 2976 4440 maximos
3036 4382 3452 4453 distinguentes.
3506 4384 3611 4451 Qui

352 4477 507 4546 ἁγίου
534 4479 854 4551 Πνεύματος
886 4479 1045 4550 δόξης
1073 4479 1364 4551 παραίτιον
1396 4480 1639 4550 γέγονεν,
1669 4482 1745 4546 ὡς
1770 4483 1931 4539 τοῦτο

2046 4478 2306 4550 profecto,
2343 4478 2389 4534 si
2420 4476 2654 4532 firmiter
2687 4475 3047 4530 credidissent
3081 4475 3249 4530 Deum
3292 4474 3424 4528 nihil
3458 4486 3612 4530 extra

353 4568 875 4641 παρερμηνευθῆναι
895 4570 1005 4625 τῶν
1033 4568 1288 4642 πρώτων,
1322 4571 1383 4623 οὐ
1416 4571 1598 4636 καλῶς
1620 4571 1925 4644 ἐκδοθῆναι.

2036 4584 2095 4624 se
2123 4579 2251 4624 ante
2282 4583 2345 4623 ea
2374 4566 2648 4622 creat-isse
2673 4606 2689 4633 ,
2734 4580 2855 4636 quae
2900 4579 2931 4619 a
2965 4568 3149 4635 Moyse
3197 4565 3485 4620 traduntur
3506 4606 3523 4632 ,
3579 4580 3613 4619 a

362 4659 717 4731 ’Υποθέμενοι
743 4661 852 4733 γὰρ
897 4662 1113 4726 ἑαυτοῖς
1139 4660 1391 4726 πλείονας
1418 4662 1801 4734 δημιουργίας,
1832 4665 1929 4718 καὶ

2046 4671 2183 4717 recta
2221 4659 2470 4717 doctrina
2498 4659 2565 4714 de
2608 4666 2797 4714 sancta
2824 4655 3092 4713 Trinitate
3127 4672 3401 4729 nunquam
3444 4655 3609 4712 defle-

348 4752 446 4823 τὴν
474 4753 613 4823 μίαν
629 4754 721 4815 καὶ
745 4754 916 4825 μόνην
941 4754 1050 4810 τῶν
1071 4755 1393 4826 ποιημάτων
1415 4756 1592 4827 ἀρχὴν
1614 4756 1688 4819 ὡς
1712 4756 1928 4827 ἀληθῶς

2046 4756 2262 4809 [ἰεεειιι.
2293 4751 2543 4808 Scientes
2571 4750 2716 4805 enim
2747 4750 3080 4820 omniaquae
3105 4756 3233 4805 sunt
3276 4751 3328 4805 in
3363 4750 3479 4805 haec
3500 4751 3615 4806 duo
3648 4820 3654 4829 .

348 4842 761 4915 ἀθετήσαντες,
796 4844 1041 4917 βαθμούς
1099 4863 1259 4911 τινας,
1304 4847 1400 4902 καὶ
1427 4846 1609 4912 τάξεις
1646 4847 1795 4901 Θεῶν
1841 4865 1932 4901 κε-

350 4935 804 5005 καινοτομὴκασι,
838 4937 1107 5005 μεγάλους
1128 4938 1223 4990 καὶ
1253 4937 1471 5008 μείζους
1502 4937 1595 4995 καὶ
1638 4937 1931 5006 μεγίστους

349 5024 726 5095 ὲξευρηκότες.
770 5021 865 5089 Οἷς
905 5030 954 5080 εἰ
1006 5029 1254 5099 παρέστη
1284 5027 1551 5099 δήπουθεν
1576 5027 1811 5098 βεϐαίως
1842 5028 1925 5097 rb,

347 5116 439 5167 τὸν
458 5116 589 5169 Θεὸν
616 5117 783 5186 μηδὲν
810 5118 1029 5183 ἔξωθεν,
1060 5114 1134 5172 ὧν
1157 5120 1363 5189 Μωσῆς
1387 5122 1521 5190 ἡμῖν
1547 5120 1922 5192 παραδέδωκε,

351 5208 817 5277 προπεποιηκέναι
839 5245 853 5271 ,
908 5210 1007 5269 οὐκ
1037 5210 1102 5264 ἂν
1132 5212 1228 5279 τῆς
1262 5211 1427 5281 ὀρθῆς
1470 5211 1630 5282 δόξης
1669 5211 1799 5282 περὶ
1826 5213 1928 5281 τῆς

347 5296 511 5366 ἁγίας
556 5298 786 5369 Τριάδος
824 5300 1303 5372 ἀπεπλανήθησαν.
1358 5303 1571 5366 Εἰδότες
1617 5302 1726 5375 γὰρ
1759 5302 1834 5365 ὡς
1865 5304 1928 5357 rb

348 5390 458 5443 πᾶν
501 5391 581 5453 εἰς
624 5390 719 5444 δύο
760 5390 932 5444 ταῦτα
975 5392 1350 5463 διακέκριται,
1382 5395 1461 5458 εἰς
1498 5413 1556 5448 τε
1582 5396 1923 5468 Δημιουργὺν

348 5481 441 5535 καὶ
473 5482 967 5553 δημιουργήματα,
1015 5483 1108 5537 καὶ
1135 5483 1209 5547 ὡς
1241 5484 1268 5537 ό
1304 5484 1403 5555 μέν
1451 5487 1597 5539 ἐστιν
1631 5485 1925 5557 άγέννητός

422 5659 442 5690 ί
461 5658 693 5716 Zachur.
718 5675 814 5723 xu,
858 5658 901 5711 1.

2032 4844 2315 4913 distingui,
2346 4842 2402 4897 in
2431 4843 2749 4898 Creatorem
2784 4841 2991 4897 scilicet
3019 4849 3074 4897 et
3103 4850 3401 4907 creaturas,
3442 4850 3607 4913 atque

2030 4935 2243 4990 illorum
2272 4950 2437 4989 unum
2467 4934 2685 5005 quidem
2722 4949 2845 4989 esse
2878 4935 3178 4990 increatum
3200 4943 3253 4989 et
3281 4934 3602 5005 ingenitum,

2031 5030 2200 5086 altera
2232 5040 2414 5085 autem
2467 5038 2657 5085 creata
2703 5038 2759 5084 et
2802 5028 2983 5096 genita
3011 5069 3026 5094 ,
3058 5032 3377 5084 alterutrum
3412 5028 3606 5082 horum

2032 5120 2272 5190 profiteri
2335 5123 2685 5190 oportuisset.
2747 5122 2856 5176 Aut
2910 5121 3055 5176 enim
3106 5136 3173 5176 ex
3226 5120 3396 5173 nihilo
3451 5135 3603 5174 crea-

2033 5226 2114 5269 tos
2142 5215 2460 5269 docuissent
2501 5214 2693 5269 Filium
2737 5221 2792 5269 et
2824 5212 3086 5283 Spiritum
3117 5220 3364 5266 sanctum
3387 5251 3402 5276 ,
3442 5220 3604 5265 caete—

2030 5307 2212 5373 risque
2245 5304 2515 5360 creaturis
2563 5304 2705 5359 intra
2740 5319 2835 5359 sex
2870 5303 2988 5357 dies
3017 5301 3179 5357 editis
3202 5341 3216 5366 ,
3263 5314 3369 5354 non
3420 5308 3602 5353 autem

2032 5396 2161 5459 Deo,
2199 5395 2661 5461 annumerandos,
2692 5407 2866 5462 neque
2894 5406 2989 5447 eos
3010 5406 3120 5462 prae
3142 5390 3435 5446 creationis
3469 5390 3602 5443 viri-

2028 5487 2127 5542 hus
2162 5486 2483 5543 extulissent
2507 5504 2531 5553 ;,
2582 5494 2716 5552 aut,
2779 5484 2980 5555 rejecto
3029 5491 3134 5538 tam
3172 5481 3337 5552 impio
3391 5495 3602 5548 errore,
