4068 6126
484 264 617 329 if???
1581 271 1961 332 GENNADII
2000 274 2076 332 ΡΑ

2184 273 2506 334 [[ΑΒΟΗίΕ
2545 273 2652 332 CP.
3611 262 3761 328 1628

471 388 764 446 utrumque
799 377 968 433 Deum
1001 393 1188 434 verum
1224 377 1503 445 confessi,
1540 391 1918 436 creaturarum
1953 396 2048 437 or-

2188 400 2213 436 ε
2238 383 2332 436 καὶ
2362 382 2639 445 ἄκτιστος,
2672 379 2739 433 τὰ
2771 378 2849 445 δέ,
2881 375 3077 431 κτιστὰ
3107 375 3204 430 καὶ
3229 373 3489 445 γεννητέι,
3518 374 3757 437 πάντως

467 468 580 520 diui
603 482 699 523 eos
731 485 1003 539 nunquam
1034 470 1443 541 ascripsissent,
1462 475 1616 544 quasi
1641 488 1831 528 eorum
1855 473 2044 543 gloria

2184 493 2220 525 ,ν
2262 473 2373 527 τῶν
2418 472 2512 526 δύο
2540 472 2599 525 τὸ
2641 469 2831 541 ἕτερον
2878 467 3146 536 ἔγνωσαν.
3197 466 3267 518 Ἦ
3299 463 3409 533 γὰρ
3455 461 3757 517 κεκτίσθαι

467 565 602 619 satis
636 565 808 631 floret,
844 567 888 621 si
922 577 1051 622 ante
1082 577 1274 621 caetera
1302 569 1581 625 exstitisse
1610 569 1946 625 dicerentur.
2000 561 2011 567 ’

2185 564 2242 617 όν
2271 581 2327 617 τε
2361 561 2488 619 Υίὸν
2533 563 2626 616 καὶ
2671 562 2734 615 τὸ
2784 558 3008 629 Πνεῦμα
3038 556 3100 612 τὸ
3131 555 3287 624 ἆγιον
3343 555 3406 621 ἐξ
3436 554 3537 607 οὐκ
3578 554 3758 605 ὄντων

400 652 407 675 ²
467 660 927 730 ἀποφαινόμενοι,
995 664 1105 727 τοῖς
1165 662 1374 730 λοιποῖς
1431 664 1498 719 ἃν
1561 664 1671 719 τῶν
1726 663 2048 736 κτισμάτων
2081 660 2281 723 αὐτοὺς
2328 661 2443 722 τοῖς
2484 659 2545 712 ἐν
2571 659 2693 721 ταῖς
2731 655 2792 720 ἐξ
2843 653 3159 723 γενομένοις
3190 650 3467 721 ἡμέραις,
3510 646 3637 701 ἀλλ’
3664 735 3669 736 ν
3694 647 3754 699 οὗ

468 751 588 820 0εῷ
641 751 1026 823 συνηρίομουν,
1078 754 1199 808 οὐδὲ
1251 756 1359 810 τῶν
1419 757 1519 828 τῆς
1562 757 1794 823 κτίσεως
1858 758 2074 830 μέτρων
2149 750 2534 822 ὑπερετίθουν·
2581 748 2615 819 ἢ
2665 746 2961 817 φεύγοντες
3007 742 3071 798 τὸ
3125 739 3405 812 προφανὲς
3463 735 3758 830 δυσσεϐὲς,

469 850 569 899 οὶκ
606 846 671 899 ἂν
717 846 851 899 Θεὸν
895 847 1108 918 ἀληθῶς
1167 850 1427 921 ἑκάτερον
1482 829 2020 921 καθομολογοῦντες,
2060 851 2175 912 τοῖς
2208 845 2520 915 ποιήμασιν
2572 840 2775 904 αὐτοὺς
2847 832 3009 901 αὖθις
3068 833 3415 897 συνέταττον,
3450 829 3618 884 τοῦτο
3660 831 3759 884 αὖ·

471 942 581 1003 τοῖς
610 939 800 1010 ὥσπερ
832 957 884 992 τι
916 940 1222 1013 Θαυμάσιον
1251 943 1624 1017 χαριζόμενοι,
1654 946 1717 1000 τὸ
1745 947 2051 1019 συγχωρεῖν
2084 941 2284 1004 αὐτοὺς
2311 936 2423 991 τῶν
2451 935 2630 991 ἄλλων
2662 930 3086 1006 προγεγονέναιο

546 1053 784 1109 Vens.2.
826 1072 846 1105 ι
879 1054 941 1109 Ει
965 1057 1204 1113 tenebrae
1224 1069 1565 1132 erantsuper
1583 1063 1777 1118 faciem
1804 1062 2008 1134 abyssi.
2036 1081 2057 1116 ι
2115 1132 2118 1136 λ

547 1166 831 1222 Tenebras
886 1175 1043 1223 vocat
1084 1183 1188 1225 non
1245 1179 1500 1229 naturam
1566 1175 1857 1244 quamdam
1913 1175 2065 1231 mali-

2236 1073 2255 1107 ι
2292 1052 2405 1106 Καὶ
2436 1051 2625 1113 σκότος
2650 1048 2838 1102 ἐπάνω
2862 1046 2965 1118 τῆς
2992 1042 3258 1099 ἀϐύσσου.
3299 1060 3317 1094 ι

2222 1168 2431 1229 Σκότος
2470 1165 2619 1233 λέγει
2666 1162 2729 1215 οὐ
2779 1158 3027 1229 πονηράν
3081 1173 3210 1211 τινα
3248 1153 3432 1224 φύσιν,
3462 1152 3540 1215 ὡς
3570 1152 3603 1203 ὁ
3648 1149 3762 1202 τῶν

475 1274 657 1324 gnam,
689 1259 763 1314 uti
815 1260 995 1328 inepte
1029 1260 1219 1319 volunt
1250 1264 1399 1335 impii
1432 1240 1738 1331 Manichaei.
1795 1267 1889 1323 sed
1925 1267 2063 1325 lucis

2184 1259 2336 1313 ιθέων
2360 1255 2678 1326 Μανιχαίων
2722 1251 2974 1323 βούλεται
3005 1249 3194 1319 λῆρος,
3219 1245 3355 1300 ἀλλὰ
3388 1243 3487 1314 τὴν
3511 1242 3630 1296 ἀπὸ
3662 1240 3759 1294 τοῦ

478 1351 745 1405 defectum
778 1359 833 1405 et
865 1352 1189 1412 absentiam.

557 1478 576 1512 ι
610 1459 678 1516 Et
712 1458 951 1531 Spiritus
974 1461 1069 1518 Dei
1100 1463 1375 1523 ferebatur
1398 1481 1564 1539 super
1592 1484 1782 1542 aquas.
1816 1491 1837 1525 ι

555 1565 668 1622 Hoc
698 1571 939 1627 nonnulli
974 1574 1300 1645 interpretes
1330 1579 1396 1635 de
1428 1578 1635 1651 Spiritu
1678 1593 1870 1639 sancto
1901 1584 2063 1640 intel-

486 1657 676 1726 ligunt,
714 1673 936 1729 propter
978 1664 1243 1734 adjectam
1291 1683 1480 1725 vocem
1514 1670 1634 1738 Dei,
1684 1673 1772 1742 pia
1820 1683 1875 1730 et
1918 1675 2062 1732 fideli

2161 1351 2338 1422 φωτὸς
2366 1348 2638 1404 ἀπουσίαν
2664 1362 2721 1399 τε
2751 1343 2849 1398 καὶΙ
2872 1342 3181 1411 ἀπόλειψιν.

2234 1485 2251 1518 ι
2279 1465 2387 1519 Καὶ
2409 1461 2636 1533 Πνεῦμα
2657 1458 2794 1514 Θεοῦ
2816 1457 3117 1529 ἐπεφέρετο
3143 1451 3328 1507 ἐπάνω
3351 1449 3444 1505 τοῦ
3476 1450 3703 1512 ὕδατος.
3736 1468 3755 1500 ι

2240 1599 2411 1653 Τοῦτό
2432 1614 2577 1660 τινες
2594 1597 2707 1652 τῶν
2726 1591 3297 1665 προερμηνευσάντων
3321 1589 3452 1660 περὶ
3479 1587 3578 1641 τοῦ
3599 1586 3762 1654 ἁγίου

2172 1692 2312 1748 Πνεύ
2322 1707 2489 1763 ματος
2511 1688 2850 1759 ἐξειλήφασι,
2874 1685 2964 1741 διὰ
2990 1684 3050 1738 τὸ
3078 1679 3444 1755 προσκεῖσθαι
3465 1678 3565 1733 τοῦ
3598 1678 3759 1739 Θεοῦ,

488 1761 668 1805 mente
702 1753 917 1809 deducti
948 1774 964 1823 ;
1001 1773 1122 1811 nam
1157 1759 1284 1814 hinc
1336 1763 1570 1832 probare
1598 1775 1868 1820 conantur
1890 1768 2064 1837 ipsum

2184 1753 2360 1854 ςκοπίῖ)
2409 1782 2507 1855 μὲν
2535 1753 2752 1835 εὐσεδεῖ
2791 1779 2887 1833 καὶ
2915 1753 3185 1849 όρθοδόξῳ
3207 1774 3590 1845 χρησάμενοι·
3624 1772 3761 1843 πρὸς

486 1858 701 1913 quoque
734 1848 1030 1904 creationis
1059 1862 1339 1907 auctorem
1374 1867 1515 1908 esse.
1564 1855 1632 1909 At
1670 1856 1784 1911 hac
1816 1858 2066 1928 probatio

490 1952 590 1992 nec
619 1947 878 1995 accurata
916 1959 1013 1997 nec
1061 1943 1517 2016 inexpugnabilis.
1560 1946 1696 2003 Nam
1728 1950 1963 2020 primum
2021 1953 2069 2008 si

491 2046 586 2095 per
613 2030 743 2086 illud
778 2031 875 2085 Dei
908 2034 1142 2101 Spiritus
1172 2047 1393 2093 sanctus
1419 2039 1780 2110 significatur,
1812 2044 1942 2114 quid
1987 2060 2073 2101 ve-

492 2128 567 2173 tit
588 2123 715 2191 quin
748 2124 910 2177 etiam
937 2124 1063 2178 illud
1096 2142 1111 2180 :
1140 2124 1627 2199 SpirabitSpiritus
1662 2134 1799 2202 ejus,
1833 2145 1880 2188 et
1906 2135 2069 2205 ﬂuent

490 2229 644 2282 aqua:
671 2215 716 2276 ',
754 2215 918 2269 simili
952 2216 1194 2285 ratione,
1255 2235 1359 2273 non
1408 2222 1474 2276 de
1507 2237 1635 2278 acre
1670 2223 2069 2294 interpreteris,

490 2306 586 2359 sed
634 2306 701 2361 de
732 2306 938 2376 Spiritu
983 2313 1212 2367 sancto?
1244 2311 1448 2368 Deinde
1501 2312 1705 2371 inditcat
1751 2327 1937 2386 aperte
1970 2334 2070 2375 vox

490 2398 919 2467 superferebamr
950 2418 1111 2471 quam
1148 2404 1384 2459 absurda
1410 2406 1480 2459 sit
1514 2406 1631 2462 haec
1660 2408 2071 2479 interpretatio;

495 2508 618 2543 nant
657 2492 760 2546 huc
787 2509 893 2547 non
926 2496 1137 2551 diceret
1168 2498 1293 2568 quis
1318 2498 1401 2553 vel
1437 2501 1503 2555 de
1532 2513 1783 2555 creatura
1812 2502 2072 2570 animata,

491 2595 697 2667 ιιιιαίιιο
728 2585 910 2642 minus
941 2590 1008 2643 de
1036 2591 1305 2653 increata.
1338 2601 1392 2647 et
1421 2595 1579 2648 beata
1625 2593 1862 2663 Spiritus
1898 2598 2075 2653 sancti

493 2686 708 2731 natura.
765 2677 911 2733 Idem
968 2682 1185 2749 quidem
1244 2683 1331 2737 hic
1383 2685 1577 2740 beatus
1631 2685 1843 2758 Moyses
1886 2689 2075 2743 eadem

496 2782 628 2823 voce
676 2768 742 2826 de
784 2786 911 2825 arca
954 2789 1086 2829 usus
1122 2783 1247 2843 est,
1301 2777 1490 2833 dicens
1528 2793 1648 2832 eam
1699 2794 1865 2850 super
1908 2793 2077 2849 aquas

495 2860 818 2929 superferri,
855 2875 912 2918 at
942 2866 1009 2920 de
1038 2868 1271 2921 animata
1297 2880 1549 2925 creatura
1605 2887 1915 2941 nunquam,
1953 2872 2077 2930 licet

2173 1878 2282 1948 γὰρ
2321 1874 2599 1941 ἀπόδειξιν
2644 1871 2741 1926 τοῦ
2785 1871 2881 1926 καὶ
2922 1868 3056 1926 αὐτὸ
3093 1866 3431 1938 δημιουργὸν
3470 1860 3619 1918 εἶναι
3659 1864 3761 1932 τῆς

2172 1970 2406 2031 κτίσεως
2450 1964 2848 2033 πεποιήκασινο
2891 1961 3042 2031 ὅμως
3087 1960 3187 2014 οὐκ
3217 1956 3477 2029 ἀκριϐὴς,
3513 1955 3639 2009 οὐδὲ
3667 1955 3756 2008 ἀν-

2175 2061 2499 2131 αντίρῤητος
2537 2057 2565 2110 ὁ
2609 2055 2789 2123 λόγος.
2828 2050 3052 2123 Πρῶτον
3095 2049 3196 2121 μὲν
3232 2048 3377 2119 γὰρ,
3432 2049 3483 2100 εί
3522 2045 3617 2101 διὰ
3666 2044 3758 2099 τοῦ

2172 2150 2331 2213 Θεοῦ,
2360 2149 2589 2217 Πνεῦμα
2609 2144 2868 2216 σημαίνει
2895 2142 2958 2197 τὸ
2985 2142 3165 2211 ἅγιον,
3191 2139 3245 2194 τί
3277 2139 3505 2204 κωλύει,
3546 2138 3643 2193 καὶ
3664 2138 3721 2192 τὸ
3738 2178 3754 2202 ,

2174 2241 2518 2300 Πνεύσειτὸ
2559 2239 2798 2310 πνεῦμα
2826 2236 3035 2303 αὐτοῦ,
3070 2237 3171 2292 καί
3205 2235 3513 2306 ,ὀνήσεται
3542 2234 3754 2298 ὕδατα,

2175 2336 2318 2392 κατὰ
2364 2336 2462 2409 τὴν
2501 2336 2696 2408 ὁμοίαν
2737 2334 2969 2398 ἔννοιαν,
3009 2331 3071 2385 οὐ
3104 2331 3235 2400 περὶ
3263 2327 3362 2382 τοῦ
3404 2328 3593 2397 ἀέρος,
3627 2325 3756 2380 ἀλλά

2177 2431 2308 2500 περὶ
2332 2429 2427 2484 τοῦ
2457 2428 2615 2499 ἁγίου
2640 2425 2958 2497 Πνεῦματος
2982 2421 3266 2485 ἐκλαδεϊν;
3310 2420 3550 2474 Ἔπειτα
3594 2420 3628 2487 ἡ
3666 2416 3755 2469 τοῦ

2176 2518 2497 2589 ἐπεφέρετο
2531 2516 2673 2582 λέξις
2696 2515 2958 2584 ἄντικρυς
3002 2511 3218 2580 ἐλέγχει
3244 2507 3339 2562 τοῦ
3362 2508 3663 2578 λεγομένου
3704 2505 3758 2558 τὸ

2179 2609 2404 2664 ἄτοπον.
2454 2606 2627 2661 Τοῦτο
2664 2605 2774 2675 γὰρ
2818 2603 2927 2658 οὐδ’
2974 2601 3043 2655 ἂν
3085 2601 3216 2672 περὶ
3250 2596 3478 2654 κτιστοῦ
3516 2596 3656 2661 ζώου
3682 2612 3758 2657 τις

2179 2700 2323 2753 εἴποι
2350 2697 2485 2751 ποτέ
2520 2696 2663 2750 κατὰ
2705 2694 3023 2765 προαίρεσιν
3064 2688 3415 2759 κινουμένου,
3473 2688 3673 2757 μήτιγε
3700 2684 3757 2754 δὴ

2180 2789 2312 2859 περὶ
2351 2789 2451 2858 τῆς
2487 2774 2777 2851 ἀκτίστουξ
2802 2785 2896 2838 καὶ
2925 2781 3203 2854 μακαρίας
3246 2777 3344 2834 τοῦ
3395 2779 3556 2846 ἁγίου
3595 2776 3758 2831 Ilvati-

2185 2896 2355 2952 ματος
2388 2879 2763 2942 ὑποστάσεως.
2813 2874 2987 2938 Αὐτὸς
3011 2872 3146 2942 γοῦν
3182 2866 3339 2936 οὗτος
3362 2873 3573 2942 Μωσῆς
3595 2872 3624 2924 ὁ
3662 2886 3759 2940 μα-

495 2955 664 3009 mnlta
717 2956 1112 3028 innumeraque
1163 2960 1423 3015 animalia
1462 2977 1561 3033 per
1600 2979 1769 3034 aquas
1809 2973 1862 3021 et
1916 2980 2076 3036 super

2184 2972 2398 3044 κάριος,
2422 2970 2515 3024 ἐπὶ
2542 2970 2640 3041 μὲν
2660 2969 2758 3039 τῆς
2782 2966 3017 3021 κιϐωτοῦ
3041 2966 3312 3036 κέχρηται
3333 2965 3399 3033 τῇ
3427 2964 3566 3033 αὐτῇ
3594 2961 3761 3031 ταύτῃ

495 3059 663 3113 aquas
695 3055 905 3102 natent.
940 3048 1168 3119 Insuper
1194 3051 1311 3121 ipse
1336 3056 1673 3111 narrationis
1699 3073 1871 3114 nexus
1893 3073 2074 3114 aerem

2186 3063 2370 3133 φωνῇ,
2420 3059 2598 3128 λέγων
2648 3060 2817 3131 αὐτὴν
2857 3060 2968 3121 τοῖς
3004 3056 3194 3109 ῦδασιν
3241 3052 3626 3124 ἐπιφέρεσθαι,
3673 3051 3763 3104 ἐπὶ

495 3134 736 3200 indicat;
783 3152 907 3190 nam
946 3140 1221 3208 proposita
1252 3141 1530 3200 Creatoris
1564 3151 1846 3204 mentione
1870 3187 1887 3214 ,
1938 3150 2076 3205 scri-

2185 3115 2335 3215 inoo.
2360 3115 2421 3205 δὲ
2451 3115 2665 3213 οῦδενός
2684 3167 2699 3181 ·
2731 3115 2929 3203 καίτοι
2952 3115 3174 3201 ⁷πολλῶν
3209 3147 3303 3199 καὶ
3323 3115 3568 3214 ἀπείρων
3608 3115 3763 3210 ἐννη-

495 3235 619 3295 ptor
667 3229 917 3296 protinus
950 3230 1020 3286 de
1054 3231 1221 3289 rebus
1251 3237 1451 3293 creatis
1488 3239 1650 3294 verba
1696 3241 1847 3297 facit.

2184 3243 2449 3314 χομένων,
2482 3243 2579 3296 καὶ
2601 3240 3014 3312 ἐπινηχομένων
3047 3240 3254 3303 αὐτοῖς.
3280 3238 3422 3308 Πρὸς
3458 3239 3515 3290 δὲ
3552 3234 3762 3297 τούτοις

494 3317 658 3381 αὐτὸς
695 3322 723 3373 ό
756 3320 856 3392 τῆς
898 3321 1201 3396 διηγήσεως
1235 3328 1446 3399 είρμὸς,
1491 3330 1582 3384 τὸν
1645 3332 1785 3403 ἀέρα
1848 3334 2104 3405 σημαίνει
2143 3350 2158 3367 ο
2198 3335 2461 3405 ὀνομαστὶ
2513 3334 2624 3405 γὰρ
2677 3332 2770 3387 τὸν
2840 3333 3079 3404 Ποιητὴν
3136 3333 3166 3384 ὁ
3221 3329 3570 3400 συγγραφεὺς
3624 3327 3765 3397 ἡμῖν

497 3410 926 3479 προεκθέμενος,
974 3412 1102 3484 ἑξῆς
1135 3419 1286 3488 ίπερῖ
1326 3419 1432 3472 τῶν
1476 3421 1812 3492 ποιηθέντων
1846 3424 2071 3489 εἰκότως
2106 3426 2350 3493 διέξεισι.

573 3501 734 3556 Vsus.
773 3505 826 3558 6.
875 3523 893 3555 ι
927 3507 1071 3559 Dixit
1120 3523 1336 3577 quoque
1360 3511 1566 3565 ’Dens:
1600 3513 1720 3568 Fiat
1769 3514 2076 3570 firmamen-

2254 3535 2272 3567 ι
2309 3517 2417 3571 Καὶ
2447 3512 2602 3570 εἶπεν
2627 3519 2655 3571 ὁ
2677 3516 2811 3580 Θεὸς
2839 3531 2853 3545 ο
2878 3512 3175 3583 Γενηθήτω
3202 3507 3487 3582 στερέωμα
3521 3509 3579 3561 ἐν
3615 3506 3764 3578 μέσῳ

502 3601 610 3645 tum
635 3594 687 3647 in
718 3596 895 3651 medio
917 3612 1213 3667 aquarum:
1234 3612 1288 3655 et
1313 3602 1520 3658 dividat
1547 3619 1716 3675 aquas
1740 3609 1808 3663 ab
1832 3608 2008 3678 aquis.
2055 3628 2074 3663 ι

2184 3608 2270 3661 τοῦ
2306 3608 2499 3673 ὓδατος
2522 3627 2536 3640 ·
2569 3610 2665 3662 καὶ
2697 3608 2839 3661 ἔστω
2869 3604 3197 3677 διαχωρίζον
3236 3603 3341 3657 ἀνὰ
3372 3603 3540 3673 μέσον
3571 3599 3763 3661 ὕδατος

569 3772 710 3830 Deus
740 3791 862 3831 cum
912 3795 1020 3837 uno
1049 3796 1215 3851 opere
1240 3794 1490 3841 cunctam
1529 3787 1952 3861 universamque
1993 3807 2079 3846 re—

2180 3698 2274 3752 xai.
2303 3699 2517 3763 ὓδατος
2547 3700 2644 3754 καὶ
2671 3699 2889 3767 ἐγένετο
2921 3697 3083 3752 οὕτω.
3122 3716 3141 3749 ι

2252 3792 2562 3861 Δυνάμενος
2585 3793 2613 3844 ὁ
2641 3791 2775 3854 Θεὸς
2804 3792 2896 3859 ὑφ’
2915 3791 2994 3843 ἐνὶ
3020 3789 3325 3859 συνθήματι
3349 3788 3449 3856 τὴν
3473 3785 3763 3855 σύμπασαν

500 3880 620 3920 rum
651 3877 900 3925 naturam
945 3875 1206 3942 perficere
1255 3877 1540 3946 potuisset,
1591 3894 1691 3935 nec
1726 3879 1830 3933 ulla
1874 3882 2076 3937 ratione

2184 3884 2442 3954 αὐτοτελῆ
2498 3883 2664 3951 φύσιν
2696 3884 3041 3954 παραγαγεῖν
3062 3923 3075 3941 ,
3109 3882 3207 3936 καὶ
3242 3880 3398 3933 οῦδὲν
3437 3877 3604 3941 αὐτὸς
3634 3875 3761 3944 πρὸς

500 3958 566 4012 ad
611 3958 715 4017 hoc
760 3970 1008 4036 tempore
1070 3977 1164 4023 aut
1225 3970 1415 4027 diebus
1445 3971 1746 4043 indigeret,
1809 3975 1948 4029 intra
1983 3991 2079 4031 sex

499 4050 617 4105 dies
660 4055 840 4109 omnia
892 4059 1131 4126 creavit,
1180 4061 1285 4116 ista
1317 4079 1416 4132 per
1444 4076 1628 4137 partes
1674 4073 1729 4121 et
1776 4081 1842 4121 ex
1887 4070 2078 4123 ordine

499 4142 639 4197 facta
687 4148 963 4204 creatione
1006 4154 1401 4224 semetipsum,
1429 4157 1505 4211 uti
1546 4157 1786 4214 diximus
1814 4200 1829 4225 ,
1884 4160 2081 4215 animis

501 4236 714 4292 ratione
749 4241 993 4310 prmditis
1028 4245 1293 4303 revelans.
1329 4246 1579 4305 Conditis
1619 4250 1892 4318 prioribus
1919 4260 2077 4307 natu-

501 4323 601 4390 ris,
632 4326 806 4383 lucem
831 4345 896 4385 ex
927 4333 1098 4391 nihilo
1126 4337 1560 4414 edidithdocens
1607 4340 1680 4395 ita
1709 4341 1996 4397 manifeste
2021 4357 2080 4398 se

2192 3975 2352 4029 τοῦτο
2399 3975 2594 4047 χρόνου
2637 3975 2910 4046 δεόμενος,
2955 3974 3076 4028 οὗδέ
3111 3972 3339 4043 ἡμερῶν
3361 4012 3376 4035 ,
3411 3972 3472 4023 ἐν
3500 3969 3565 4034 ’ἐξ
3603 3966 3761 4035 αὐτὴν

2188 4068 2338 4140 ὅμως
2363 4067 2597 4138 ἡμέραις
2621 4070 2783 4129 ποιεῖ,
2813 4069 2880 4138 τῇ
2906 4067 3043 4120 κατὰ
3072 4066 3239 4136 μέρος
3258 4065 3317 4116 ἐν
3339 4062 3493 4128 τάξει
3513 4061 3761 4133 δημιουρ-

2189 4160 2286 4230 γίᾳ
2332 4158 2616 4229 γνωρίζων
2668 4161 2781 4222 τοῖς
2826 4157 3090 4227 λογικοῖς,
3137 4155 3212 4219 ὡς
3267 4155 3516 4225 ἔφαμεν,
3562 4153 3760 4207 ἑαυτὸν.

2188 4250 2344 4304 Μετὰ
2373 4249 2471 4313 τὰς
2504 4252 2728 4320 πρώτας
2760 4249 2942 4302 τοίνυν
2967 4248 3156 4310 οὐσίας
3186 4246 3288 4315 τὴν
3316 4248 3498 4313 φωτὸς
3527 4244 3688 4313 φύσιν
3713 4241 3762 4305 ἐξ

2188 4342 2287 4394 οὐκ
2319 4340 2488 4394 ὄντων
2519 4341 2831 4410 ὑποστήσας
2851 4379 2866 4403 ,
2916 4336 3156 4402 ἐδίδαξεν
3188 4336 3391 4398 αὐτοὺς
3428 4335 3655 4398 ἱκανῶς,
3691 4333 3762 4385 ὅτι

499 4432 623 4471 eum
655 4433 776 4476 esse
801 4461 816 4487 ,
848 4424 940 4494 qui
1004 4442 1065 4481 ea
1117 4439 1329 4484 crearet
1360 4446 1480 4501 quae
1524 4447 1628 4485 non
1658 4442 1805 4487 sunt.
1847 4433 1994 4500 Quos
2022 4444 2076 4490 ut

2184 4435 2249 4487 τὰ
2282 4433 2357 4505 μὴ
2380 4433 2508 4487 ὅντα
2536 4436 2710 4487 ποιεῖν
2741 4435 2857 4485 ἐστὶ
2883 4432 3130 4492 δυνατός.
3175 4429 3329 4482 Ἐπεὶ
3357 4429 3414 4482 δὲ
3444 4428 3557 4481 ἔδει
3587 4424 3762 4499 μαθεῖν

502 4505 694 4561 doceat
722 4524 780 4566 se
810 4514 892 4566 vel
940 4530 1127 4573 eorum
1183 4533 1304 4589 qua:
1350 4533 1474 4576 ante
1530 4520 1705 4578 lucem
1752 4526 2080 4581 exstiterant

502 4610 627 4650 csse
687 4610 1008 4669 auctorem,
1066 4618 1228 4677 atque
1272 4612 1452 4665 omnia
1515 4612 1722 4681 pariter
1779 4631 1843 4669 ex
1907 4618 2079 4672 nihilo

502 4701 739 4756 creasse,
773 4693 837 4748 de
863 4697 1235 4764 Spiritualibus
1269 4711 1430 4768 tacet,
1458 4704 1631 4761 donec
1680 4707 1916 4764 hominis
1956 4726 2080 4763 nar-

505 4789 651 4835 raret
691 4781 1136 4858 fabricationem;
1167 4802 1293 4849 tunc
1337 4807 1515 4850 autem
1548 4799 1783 4852 animam
1813 4817 1877 4854 ex
1913 4802 2081 4855 nihilo

502 4873 729 4936 protulit
785 4887 973 4933 natura
1030 4883 1404 4950 spiritualibus
1455 4887 1596 4943 haud
1659 4893 1941 4961 imparem.
2002 4892 2080 4946 Ex

504 4966 1006 5029 prmexsistentibns
1033 4987 1176 5027 nunc
1229 4975 1382 5045 aquis
1416 4976 1819 5035 firmamentum
1859 4981 2078 5052 prodire

496 5052 685 5119 lubet,
721 5059 885 5127 priori
918 5061 1057 5117 cmlo
1104 5065 1301 5121 simile.
1348 5067 1461 5135 Qua
1500 5073 1709 5126 ratione
1755 5075 1912 5128 docet
1959 5089 2078 5136 nos,

503 5145 645 5211 quod
675 5147 788 5217 ipse
819 5151 942 5205 cocli
975 5163 1030 5207 et
1062 5170 1328 5226 aquarum
1369 5162 1618 5216 conditor
1643 5183 1655 5218 :
1684 5166 1808 5220 caeli
1838 5166 2079 5234 quidem,

503 5235 630 5290 dum
659 5238 786 5294 illud
823 5257 961 5297 nova
991 5244 1163 5301 forma
1187 5249 1404 5305 instruit
1431 5268 1445 5318 ;
1475 5269 1738 5323 aquarum
1773 5272 1922 5324 vero,
1955 5259 2079 5312 dum

503 5343 568 5381 ex
605 5330 710 5386 illis
739 5337 1102 5407 quodcunque
1141 5341 1398 5408 libuerit,
1445 5348 1647 5403 educit.
1705 5347 1864 5403 Juxta
1919 5365 2080 5404 unam

507 5428 685 5475 tamen
711 5425 974 5480 rationem
998 5429 1401 5487 informandum
1431 5445 1549 5490 erat
1574 5437 1746 5506 primo
1767 5438 1836 5491 ita
1855 5438 2075 5504 CtBlum,

504 5520 562 5562 ct
612 5524 799 5580 postea
841 5517 893 5570 in
938 5518 1100 5574 aliam
1138 5521 1368 5579 formam
1427 5528 1886 5584 constituendum.
1945 5529 2074 5583 Nam

579 5670 599 5699 ’
631 5667 773 5724 Psal.
805 5686 1006 5740 cum,
1040 5674 1123 5730 l8.

2186 4525 2404 4592 αὐτοὺς,
2442 4528 2523 4580 ὅτι
2555 4526 2652 4578 καὶ
2680 4523 2790 4578 τῶν
2824 4523 2919 4577 τοῦ
2953 4519 3129 4593 φωτὸς
3175 4520 3655 4590 προϋπαρχόντων
3681 4516 3763 4570 αὑ-

2184 4618 2274 4680 τός
2323 4619 2472 4670 ἐστιν
2507 4619 2535 4670 ὁ
2568 4617 2823 4688 ποιητὴς,
2865 4617 2960 4670 καὶ
3011 4615 3110 4669 σὺν
3140 4614 3327 4677 αὐτοῖς
3366 4611 3426 4676 ἐξ
3468 4613 3576 4665 οὐκ
3612 4612 3763 4665 ὅντων

2185 4711 2413 4762 κάκεῖνα
2452 4706 2709 4778 ἐποίησε,
2746 4707 2808 4759 τὸ
2849 4706 2949 4777 μὲν
2985 4709 3110 4760 κατ’
3141 4706 3371 4769 αὐτοὺς,
3408 4703 3763 4775 ,ὑπερτίθεται

2185 4799 2323 4862 τέως
2371 4800 2463 4852 ἐπὶ
2515 4801 2615 4870 τῆς
2664 4798 2759 4852 τοῦ
2818 4798 3111 4869 ἀνθρώπου
3163 4798 3354 4868 τηρῶν
3401 4797 3760 4855 διαπλάσεως,

2190 4892 2350 4962 (τότε
2386 4890 2496 4963 γὰρ
2513 4890 2705 4963 ςψυχὴν
2742 4892 2801 4956 ἐξ
2830 4892 2930 4944 οὐκ
2964 4890 3136 4944 ὄντων
3168 4890 3609 4960 ἐδημιούργησε,
3647 4902 3761 4953 συγο

2186 4980 2322 5051 γενῆ
2361 4983 2473 5045 τοῖς
2508 4982 2718 5049 νοητοῖς
2747 4980 2866 5035 κατ’
2905 4979 3155 5046 οὐσίαν.)
3210 4980 3307 5033 Ἐκ
3347 4980 3457 5034 τῶν
3506 4977 3682 5033 ὄντων
3714 4974 3763 5028 δὲ

2188 5071 2287 5124 νῦν
2318 5071 2525 5123 ὑδάτων
2558 5070 2659 5141 ἤδη
2704 5069 2962 5138 γενέσθαι
2999 5072 3334 5141 προστάττει
3372 5070 3664 5140 στερέωμα
3699 5064 3764 5134 τῷ

2194 5161 2549 5234 προγεγονότι
2589 5161 2975 5232 παραπλήσιον
3005 5161 3249 5230 οὐρανῷ·
3287 5161 3379 5213 διὰ
3418 5160 3619 5214 τούτου
3650 5174 3765 5210 παι-

2188 5253 2359 5305 δεύων
2386 5251 2613 5316 αὐτοὺς,
2650 5254 2733 5305 ὅτι
2764 5250 2860 5303 τοῦ
2889 5249 3147 5317 οὐρανοῦ,
3180 5251 3275 5304 καὶ
3306 5250 3417 5303 τῶν
3444 5250 3657 5304 ὑδάτων
3680 5247 3764 5301 αὖ-

2189 5349 2278 5411 τὸς
2318 5349 2435 5400 ἐστι
2471 5347 2723 5418 ποιητής·
2759 5344 2851 5399 τοῦ
2896 5345 3018 5415 μὲν,
3064 5345 3140 5408 ὡς
3171 5347 3407 5415 ποιήσας
3435 5346 3631 5418 ἓτερον
3657 5340 3761 5396 κατ’

2189 5439 2372 5492 αὐτόν·
2397 5438 2504 5491 τῶν
2534 5437 2610 5499 δὲ,
2635 5437 2710 5500 ὡς
2736 5437 2795 5502 ἐξ
2817 5436 2996 5489 αὐτῶν
3025 5437 3443 5506 δημιουργήσας
3466 5438 3610 5507 πρὸς
3630 5434 3762 5499 ἐξου·

2189 5530 2312 5584 τίαν
2362 5531 2501 5601 ὅπερ
2546 5530 2799 5602 ἠθέλησε.
2846 5527 2981 5582 Καθ’
3021 5528 3121 5583 ἕνα
3168 5528 3353 5599 μέντοι
3400 5530 3594 5584 τοῦτον
3625 5527 3761 5592 λόγον
