4068 6126
367 270 506 335 Ῐεῖζῢ

1499 265 1583 326 ιιι
1610 263 1942 325 GENESIN
1979 233 2462 328 FniGMENTA.

3485 271 3628 339 1630
3675 261 3685 270 ’

362 378 534 440 οὑτως
578 375 612 446 ὴ
661 372 756 428 τοῦ
813 374 1046 442 οὒρινοῦ
1107 376 1300 430 τούτου
1349 377 1570 447 ποίησις
1625 379 1942 447 ἀναγκαία.

2064 395 2250 437 terram
2277 396 2540 452 apparere
2571 383 2909 454 impossibile
2931 425 2947 450 ,
2987 388 3222 454 quandiu
3269 395 3414 444 tanta
3446 405 3616 457 aqua-

363 471 556 524 επειτα
591 468 684 522 καὶ
712 466 833 520 καθ’
863 467 1070 538 ἕτερον.
1112 469 1187 522 Οὐ
1221 469 1330 540 γὰρ
1353 464 1421 540 ἦν
1453 465 1564 523 οἷόν
1602 486 1663 522 τε
1709 470 1944 540 φανῆναι

364 561 463 630 τὴν
489 561 632 630 γῆν,
681 557 890 612 ὑδάτων
939 559 1373 630 ἐπικλυζομὲνην
1423 559 1618 631 πλήθει
1649 561 1942 616 τοσούτων.

365 649 480 703 Νῦν
510 648 566 701 δὲ
599 649 656 700 ὲν
685 647 870 708 αὐτοῖς
901 647 1088 714 μέσοις
1120 648 1386 713 παγέντος
1414 645 1509 699 τοῦ
1541 645 1944 717 στερεώματος,

369 744 460 794 καὶ
496 739 968 811 μετεωρισθέντων
1006 739 1104 809 μὲν
1133 739 1241 792 τῶν
1282 738 1528 809 ἡμίσεων
1560 738 1700 808 ὑπὲρ
1731 739 1943 800 τούτου,

369 831 477 884 τῶν
517 829 576 883 δὲ
623 829 866 900 ἡμίσεων
915 830 994 890 είς
1039 828 1139 891 τὰς
1173 829 1498 896 συναγωγὰς
1551 827 1944 896 συλλεγέντων.

369 919 712 992 ηὐτρεπίσθη
757 920 894 990 πρὸς
929 919 1028 990 τὴν
1069 919 1419 990 ἁρμόζουσαν
1466 920 1657 992 χρείαν
1701 922 1814 982 τοῖς
1859 919 1948 973 ἐπ’

373 1014 576 1082 αὐτῆς,
614 1013 710 1067 καὶ
751 1013 930 1066 πάντα
978 1011 1070 1066 τὸν
1105 1009 1201 1066 νῦν
1234 1011 1372 1082 αὐτῇ
1431 1011 1704 1081 προσόντα
1743 1011 1950 1080 κόσμον

373 1103 646 1158 ἀπέλαϐεν
669 1120 684 1135 ’
733 1102 866 1158 ἀλλὰ
890 1102 981 1156 καὶ
1014 1101 1156 1156 κατὰ
1188 1103 1346 1157 τοῦτο
1383 1103 1698 1170 ἀναγκαίως
1732 1102 1864 1156 αὐτό
1892 1119 1950 1154 τε

371 1198 434 1250 τὸ
464 1195 751 1266 στερέωμα
780 1195 994 1264 γέγονε,
1026 1197 1120 1250 καὶ
1151 1196 1244 1248 ἐπὶ
1289 1195 1484 1248 τούτου
1527 1197 1560 1264 ἡ
1602 1195 1711 1248 τῶν
1745 1195 1952 1248 ὑδάτων

373 1283 686 1352 ἀφαίρεσις.
721 1282 796 1338 Τὸ
823 1281 1115 1354 στερέωμα
1143 1282 1263 1354 μὲν,
1296 1282 1388 1336 διὰ
1413 1283 1474 1336 τὸ
1500 1283 1716 1354 μέλλειν
1739 1283 1826 1336 ἐπ’
1855 1283 1955 1336 αὑο

373 1375 467 1428 τοὺ
497 1375 590 1427 τὸν
617 1375 770 1443 ἥλιον
801 1374 899 1428 σὺν
927 1376 1040 1438 τοῖς
1069 1374 1294 1444 ἄστροις
1322 1375 1494 1430 ἅπασι
1527 1374 1795 1429 τίθεσθαι·
1831 1377 1864 1443 ἡ
1897 1373 1956 1428 δὲ

374 1469 398 1518 ὲ
411 1467 470 1519 πὶ
499 1465 594 1520 τοῦ
615 1484 705 1519 στε
717 1465 821 1536 ρεώ
829 1483 1000 1534 ματος
1015 1466 1122 1519 τῶν
1148 1467 1354 1520 ὑδάτων
1373 1468 1664 1540 ἀφαίρεσις
1683 1468 1958 1535 ἀναγκαία

374 1559 587 1626 γέγονε.
627 1549 744 1612 Διὰκ
757 1559 918 1612 τοῦτο
941 1558 999 1611 δὲ
1029 1561 1086 1612 ἐν
1115 1561 1225 1622 τοῖς
1257 1559 1502 1622 ὐδασι,τὸ
1541 1560 1830 1632 στερέωμα
1859 1561 1957 1630 τὴν
2000 1594 2009 1603 ι

378 1649 640 1704 σύστασιν
663 1649 841 1719 ἔοικεν’
875 1649 950 1712 ὡς
977 1651 1188 1720 γὰριὲκ
1220 1650 1426 1706 τούτων
1467 1653 1781 1722 γενόμενον,
1822 1669 1958 1724 κρυ-

378 1741 680 1806 annuae;
714 1730 936 1802 εἰκότως
971 1741 1108 1794 ἐστί·
1142 1744 1557 1815 γειτονευούσης
1587 1744 1642 1797 δὲ
1670 1743 1820 1814 αὐτῷ
1857 1743 1959 1814 τῆς

377 1829 661 1902 πυρώδους
692 1831 902 1894 οὐσίας,
928 1831 1154 1903 ἔμελλεν
1175 1834 1402 1897 εἰκότως
1427 1836 1484 1902 ἐξ
1530 1835 1701 1904 αὐτῆς
1728 1833 1957 1904 θερμαί-

376 1925 584 1977 νεσθαι.
603 1924 719 1977 Ἵνα
749 1920 844 1978 οὖν
871 1925 945 1994 μὴ
978 1925 1136 1978 τοῦτο
1182 1925 1410 1996 πάσχιιιν
1435 1926 1646 1998 ἀπείπῃ
1689 1925 1826 1996 πρὸς
1861 1925 1960 1994 τὴν

378 2015 569 2068 στάσιν
594 2015 749 2080 ποτὲ,
783 2016 897 2068 ἀλλ’
930 2017 1216 2086 ἀκάματον
1241 2017 1444 2087 ὁμοίοις
1475 2018 1566 2071 καὶ
1596 2019 1792 2088 ἀγήρω
1822 2016 1960 2070 πάν-

375 2123 499 2158 τοτε
521 2105 754 2176 διαμένῃ
780 2147 794 2169 ,
821 2107 1000 2174 σθ’,ιῶς
1028 2109 1054 2160 ὁ
1077 2107 1467 2180 ἀριστοτέχνης
1493 2108 1626 2171 Θεὸς
1665 2109 1764 2176 τὴν
1793 2107 1961 2176 ἀφαί-

382 2213 529 2264 ρεσιν
555 2195 641 2250 ἐπ’
677 2197 844 2251 αὐτοῦ
878 2197 988 2251 τῶν
1043 2199 1255 2254 ὑδάτων
1299 2200 1706 2270 ἐμηχανήσατο*
1745 2200 1847 2270 τῆς
1896 2200 1962 2253 ἐκ

376 2289 580 2341 τούτων
621 2289 985 2360 ἐγγινομένης
1016 2289 1164 2361 αὑτῷ
1197 2291 1554 2360 κατανύξεως
1587 2291 1726 2364 πρδς
1759 2290 1857 2363 τὴν
1897 2292 1961 2344 ὲκ

378 2381 484 2430 τῶν
519 2380 737 2450 ἄστρων
769 2382 1302 2454 ἀντικαθισταμένης
1333 2383 1648 2454 θερμότητα
1675 2424 1690 2449 ,
1743 2385 1836 2437 καὶ
1875 2383 1963 2438 διὰ

377 2471 480 2537 τῆς
523 2471 817 2542 ἰσορρόπου
861 2471 1067 2525 τούτων
1109 2471 1290 2542 μάχης
1324 2471 1737 2542 φυλαττομένης
1767 2471 1963 2543 ἐκείνῳ

380 2562 599 2631 βεϐαίου
638 2563 740 2631 τῆς
776 2563 1038 2625 στάσεως.
1075 2563 1198 2618 Ἔτι
1232 2563 1370 2633 πρὸς
1399 2561 1611 2625 τούτοις
1645 2563 1678 2633 ἡ
1723 2561 1962 2634 ἀκριϐὴς

379 2653 508 2723 περὶ
536 2653 756 2706 πάντων
787 2653 880 2708 τοῦ
911 2653 1046 2706 Θεοῦ
1078 2653 1390 2723 πρόγνωσις
1420 2651 1769 2708 ἐπεδείκνυτο
1797 2655 1869 2724 τῇ
1901 2671 1960 2708 τε

383 2743 577 2816 μετρίᾳ
605 2745 704 2814 τῆς
731 2744 836 2798 τῶν
867 2744 1076 2798 ὑδάτων
1111 2745 1327 2814 φύσεως
1351 2745 1638 2816 διαιρέσει,
1666 2743 1762 2797 καὶ
1790 2743 1868 2815 τῷ
1901 2743 1962 2813 ἐξ

380 2835 554 2906 ἀρχῆς
595 2835 694 2904 τὴν
729 2837 786 2888 ἐν
824 2835 1046 2908 Χριστῷ
1087 2837 1364 2906 σωτηρίαν
1404 2836 1564 2906 ἡμῶν
1599 2835 1958 2907 προωρίσθαι,

381 2924 586 2978 ἄνωθεν
627 2925 788 2989 εὐθὺς
817 2928 896 2988 είς
921 2927 1016 2979 δύο
1057 2926 1421 2990 καταστάσεις
1455 2927 1554 2996 τὴν
1589 2927 1766 2980 κτίσιν
1791 2927 1962 2980 διελο-

387 3017 552 3084 μένου
589 3017 724 3070 Θεοῦ
744 3059 758 3082 ,
792 3020 887 3071 καὶ
917 3017 1252 3088 κατάλληλον
1309 3019 1700 3088 εὐτρεπικότος
1728 3017 1934 3088 ἑκάστῃ

384 3107 478 3158 καὶ
515 3107 820 3177 ἐπιτήδειον
864 3106 964 3178 τὴν
1007 3107 1360 3178 καταγωγήν.
1393 3107 1660 3178 Τρεπτοῖς
1707 3108 1804 3178 μὲν
1850 3109 1958 3180 γὰρ

381 3193 533 3251 οὖσιν
564 3197 646 3250 ἔτι
679 3199 774 3251 καὶ
803 3199 1089 3270 παθητοίς,
1123 3198 1214 3253 διὰ
1239 3198 1298 3252 δὲ
1330 3199 1488 3252 τοῦτο
1513 3199 1609 3252 καὶ
1639 3199 1742 3252 ὑπὸ
1775 3200 1961 3269 νόμον,

381 3289 477 3360 τὴν
519 3289 762 3358 ἐπίγειον
789 3289 994 3359 ταύτην
1026 3289 1242 3358 οἴκησιν
1293 3289 1610 3360 ἐδωρήσατο
1632 3303 1650 3320 ⁶
1683 3287 1948 3358 μεθιστα-

387 3382 564 3452 μένοις
588 3381 644 3433 δὲ
668 3379 908 3452 Χριστοῦ
937 3381 1120 3452 χάριτι
1148 3379 1286 3452 πρὸς
1309 3379 1522 3433 τελείαν
1557 3380 1652 3435 καὶ
1681 3381 1960 3446 παντελῶς

385 3473 791 3546 ἀναμάρτητον,
823 3474 1156 3527 ἁναπετάσει
1181 3473 1308 3536 τούς
1335 3473 1622 3543 οὐρανοὺς,
1655 3473 1790 3528 ὅπου
1825 3474 1960 3543 πρό-

381 3566 580 3636 δρομος
611 3565 752 3636 ὑπὲρ
793 3567 951 3637 ἡμῶν
992 3564 1242 3632 εἰσῆλθεν
1299 3563 1526 3634 Ἰησοῦς,
1575 3565 1871 3634 Στερέωμά
1899 3582 1960 3632 γε

1911 3060 1959 3092 ιη
1990 3065 2032 3122 c

2051 489 2166 526 rum
2193 473 2345 540 copia
2391 475 2720 542 operiretur.
2751 475 2904 529 Nune
2934 487 3116 530 autem
3151 480 3394 533 stabilito
3427 480 3476 532 in
3507 498 3622 534 me-

2049 563 2140 616 diu
2171 577 2430 632 aquarqu
2465 565 2835 628 firmamento,
2864 578 2919 621 et.
2949 569 3106 622 elatis
3135 571 3214 624 vis
3241 572 3437 635 partim
3459 585 3618 641 supra

2051 653 2198 716 illud,
2237 664 2290 706 et
2321 655 2517 720 partim
2571 655 2623 708 in
2676 657 3125 726 congregationes
3171 673 3300 712 suas
3353 659 3622 724 collectis,

2047 742 2158 810 jam
2175 743 2420 798 idoneam
2440 759 2498 799 se
2521 747 2772 814 prmstitit
2794 747 3010 801 terrain
3036 748 3274 802 omnium
3303 765 3456 804 usum
3476 749 3624 805 inco-

2052 833 2248 899 larum,
2267 844 2316 888 et
2343 835 2753 890 convenientem
2774 837 2872 891 sibi
2903 839 3162 892 mundum
3185 835 3440 908 suscepit.
3470 815 3627 906 Qitod

2053 934 2232 978 autem
2265 939 2368 979 non
2402 935 2611 995 poterat
2658 926 2772 981 fieri
2801 967 2818 994 ,
2871 928 2976 982 nisi
3027 929 3175 996 prius
3224 911 3625 985 firmamentum

2053 1017 2498 1078 constitueretur,
2531 1025 2587 1069 et
2619 1032 2772 1084 aqum
2807 1033 2968 1085 supra
3012 1017 3140 1074 illud
3177 1019 3532 1074 tollerentur:
3567 1021 3634 1074 il-

2028 1108 2144 1161 ‘lnd
2177 1107 2414 1176 quidem,
2439 1116 2498 1162 ut
2529 1107 2608 1164 sol
2641 1115 2696 1162 et
2727 1117 2925 1164 caetera
2957 1118 3102 1164 astra
3148 1109 3486 1166 firmamento
3515 1111 3632 1166 alli-

2056 1209 2350 1268 garentnr;
2377 1201 2478 1256 hoc
2505 1209 2684 1254 autem
2717 1200 2926 1270 pariter
2955 1203 3355 1269 necessarium,
3388 1213 3442 1259 et
3472 1219 3533 1258 ea
3565 1207 3631 1259 de

2055 1305 2218 1346 causa
2283 1290 2335 1344 iu
2395 1291 2574 1347 medio
2631 1306 2786 1364 aquae
2836 1291 3038 1350 factum
3072 1304 3156 1350 est
3206 1294 3628 1353 firmamentum.

2057 1383 2210 1450 Quod
2237 1383 2402 1450 enim,
2426 1393 2612 1450 utpote
2641 1401 2703 1438 ex
2726 1367 2895 1452 aquis
2917 1394 3122 1450 ortum,
3159 1385 3216 1440 in
3249 1387 3631 1456 erystallorum

2057 1476 2292 1544 speciem
2337 1473 2539 1544 frigore
2570 1476 2857 1531 astrictum
2908 1474 3164 1544 videtur;
3208 1475 3424 1531 admota
3469 1477 3634 1546 igitur

2061 1569 2214 1635 ignea
2243 1567 2494 1632 materia,
2525 1567 2613 1622 illa
2650 1569 2896 1637 profecto
2927 1568 3351 1624 calefaciendum
3391 1579 3530 1622 erat.
3555 1565 3636 1622 Ne

2060 1671 2238 1712 autem
2267 1659 2342 1713 ita
2383 1661 2708 1716 calefactum
2745 1676 2984 1730 unquam
3037 1663 3338 1716 solveretur
3367 1697 3383 1722 ,
3436 1677 3502 1714 ne
3537 1679 3631 1714 un-

2060 1765 2220 1817 qnam
2284 1759 2644 1806 veterasceret
2710 1759 2766 1804 et
2823 1751 3134 1815 fatisceret,
3200 1743 3638 1818 sapientissimus

2063 1855 2242 1893 rerum
2293 1839 2546 1895 conditor
2579 1840 2722 1896 Deus
2771 1853 2940 1910 aquas
2987 1855 3147 1908 supra
3180 1839 3306 1893 illud
3343 1841 3637 1906 prudenter

2061 1929 2428 2017 congregavit.
2480 1931 2761 2001 Aquarum
2812 1933 2977 2002 igitur
3021 1929 3190 2000 {rigor
3218 1929 3500 1987 stellarum
3549 1945 3638 1984 ar-

2063 2025 2250 2078 dorem
2288 2031 2575 2092 temperat,
2613 2033 2670 2079 et
2714 2037 2774 2078 re
2825 2037 2933 2077 una
2979 2024 3060 2078 sic
3109 2037 3234 2077 cum
3281 2023 3449 2078 altera
3483 2036 3637 2091 mque

2062 2123 2406 2182 conmensata
2435 2150 2452 2178 ,
2489 2113 2846 2180 inconcussus
2873 2121 3123 2168 servatur
3154 2112 3480 2167 firmamenti
3523 2121 3636 2166 sta-

2065 2213 2176 2260 tus.
2201 2201 2480 2260 Iudicatur
2507 2203 2732 2272 insuper
2755 2211 3008 2257 accurata
3041 2201 3136 2258 Dei
3172 2203 3238 2258 de
3272 2203 3434 2258 rebus
3463 2202 3639 2258 omni-

2067 2300 2166 2351 bus
2195 2295 2529 2366 providentia
2581 2295 2706 2347 dum
2747 2302 2892 2350 tanta
2925 2294 3210 2365 prudentia
3241 2309 3504 2364 aquarum
3539 2309 3639 2348 na-

2069 2397 2244 2440 turam
2274 2385 2578 2452 distinguit,
2604 2393 2660 2439 et
2686 2383 2797 2454 jam
2833 2385 2902 2440 ab
2943 2384 3097 2439 initio
3126 2385 3358 2440 futuram
3399 2385 3556 2440 nobis
3585 2385 3638 2438 iu

2065 2477 2286 2532 Christo
2317 2476 2542 2533 salutem
2583 2477 2811 2544 definit;
2851 2491 2974 2534 nam
3011 2487 3138 2532 tunc
3165 2477 3410 2547 protinus
3456 2475 3642 2531 divisit

2066 2568 2206 2623 Deus
2246 2582 2460 2626 onmem
2490 2569 2822 2624 creationem
2867 2568 2919 2624 in
2951 2568 3090 2624 duos
3121 2567 3358 2632 ordines,
3417 2575 3472 2622 et
3512 2580 3642 2622 suas

2065 2657 2262 2728 cuique
2309 2667 2492 2728 partes
2552 2672 2818 2728 suumque
2880 2658 3056 2714 locum
3105 2637 3494 2712 convenienter
3546 2655 3646 2710 tri-

2065 2749 2202 2805 buit.
2239 2747 2560 2808 llominihus
2589 2749 2732 2804 enim
2773 2749 2950 2806 adhuc
2991 2749 3278 2804 mutationi
3321 2755 3376 2802 et
3417 2759 3643 2816 peccato

2067 2840 2512 2906 inservientibus,
2542 2851 2706 2911 atque
2733 2841 2879 2898 hanc
2907 2841 2976 2895 oh
3002 2854 3225 2896 causam
3249 2839 3350 2894 sub
3376 2838 3494 2906 lege
3515 2852 3646 2892 con-

2066 2933 2292 2998 stitutis,
2315 2941 2634 2990 terrestrem
2667 2933 2824 2989 istam
2846 2931 3234 2988 habitationem
3262 2930 3517 2996 donavit;
3545 2929 3644 2983 iis-

2067 3025 2190 3082 dem
2237 3039 2364 3080 vero
2403 3024 2608 3082 Christi
2652 3023 2824 3096 gratia
2872 3025 2928 3080 in
2985 3031 3186 3079 statum
3235 3021 3532 3091 perfectura
3591 3028 3648 3074 et

2073 3115 2279 3183 peccati
2315 3117 2538 3170 omnino
2568 3123 2848 3183 expertem
2875 3114 3186 3170 constitutis
3209 3151 3227 3180 ,
3275 3113 3444 3166 etnlos
3490 3118 3646 3180 pate-

2073 3204 2256 3272 faciet,
2285 3219 2422 3275 quos
2453 3205 2565 3274 jam
2593 3205 2726 3264 adiit
2769 3219 3072 3276 praecursor
3102 3212 3286 3258 noster
3323 3199 3500 3256 Jesus.
3537 3200 3645 3255 Vo-

2067 3304 2221 3349 catur
2250 3303 2430 3350 antcm
2477 3294 2877 3350 firmamentum
2921 3295 3065 3357 velut
3103 3301 3325 3362 propter
3355 3291 3648 3346 creationis

2069 3385 2360 3453 rationem,
2387 3385 2528 3455 quod
2558 3399 2626 3441 ex
2653 3385 2869 3442 humida
2899 3393 2954 3440 et
2981 3381 3143 3438 fluida
3168 3391 3221 3439 et
3250 3380 3448 3450 liquida
3472 3387 3644 3447 aqua-

2073 3495 2191 3534 rum
2235 3491 2428 3535 natura
2461 3483 2790 3552 procedens,
2819 3480 3030 3535 firmam
3059 3489 3113 3534 et
3141 3476 3388 3534 stabilem
3417 3475 3645 3529 formam

2071 3571 2329 3640 suscepit.

391 3653 495 3724 μὴν
523 3653 598 3718 ὡς
633 3654 696 3707 ἐκ
723 3656 823 3725 τῆς
853 3653 1216 3724 δημιουργίας
1249 3655 1544 3752 προσεῖπεν
1575 3653 1878 3752 “976V1f3fl
1903 3653 1961 3718 ἐξ
2001 3657 2172 3728 ὑγρᾶς
2195 3678 2256 3714 τε
2281 3662 2372 3716 καὶ
2443 3664 2680 3734 ῥευστῆς
2749 3662 2968 3734 φύσεως
3009 3661 3118 3718 τῶν
3154 3660 3382 3724 ὑδάτων,
3418 3655 3510 3708 καὶ
3560 3653 3648 3705 εὐ-

383 3746 656 3816 διαλύτου,
679 3749 914 3820 στερρὰν
937 3747 1031 3800 καὶ
1054 3746 1176 3799 ἀδιά
1191 3743 1394 3798 πτωτον
1412 3745 1510 3816 τὴν
1535 3743 1699 3816 πῆξιν
1721 3745 1956 3812 ἐδέξατο.

457 3901 476 3934 ι
532 3882 640 3935 Καὶ
681 3880 980 3950 εὐλόγησεν
1023 3879 1163 3934 αὑτὰ
1211 3881 1240 3932 ὁ
1296 3878 1450 3944 θεὸς,
1490 3877 1663 3946 λέγων
1687 3894 1726 3919 ἰ
1756 3879 1965 3944 Αὐξὰν-

383 3971 527 4036 εσθε,
565 3973 658 4025 καὶ
693 3968 1053 4040 πληθύνεσθε,
1091 3969 1186 4022 καί⁵
1217 3965 1545 4037 πληρώσατε
1581 3968 1649 4020 τὰ
1687 3967 1856 4020 ὕδατα
1894 3967 1962 4020 τὰ

383 4066 441 4114 ἐν
470 4064 588 4126 ταῖς
634 4059 934 4123 Θαλάσσαις
957 4076 972 4090 °
1012 4061 1106 4114 καὶ
1131 4059 1198 4112 τά
1239 4058 1464 4112 πετεινὰ
1499 4058 1964 4130 πληθυνέσοωσαν

383 4155 478 4208 ἐπὶ
503 4153 609 4222 τῆς
642 4152 766 4222 γῆς.
808 4169 826 4203 ι

465 4287 588 4338 Ἐπὶ
612 4285 720 4338 τῶν
746 4285 999 4356 δένδρων,
1038 4283 1130 4338 καὶ
1161 4283 1270 4336 τῶν
1303 4275 1628 4354 σπερμάτων
1661 4284 1758 4356 τὴν
1790 4285 1963 4356 αὐτὴν
1999 4285 2040 4340 D

381 4379 586 4448 ταύτην
614 4381 642 4432 ό
688 4378 820 4442 Θεὸς
869 4377 1048 4450 ῥητῶς
1077 4378 1326 4448 εὐλογίαν
1357 4378 1456 4432 οὐκ
1485 4379 1811 4450 ὲποιήσατο’
1845 4381 1966 4436 καί-

383 4489 468 4524 τοι
495 4470 768 4524 κάκείνων
801 4470 858 4522 ἐν
889 4471 953 4540 τῇ
984 4470 1202 4542 διαδοχῇ
1235 4471 1335 4540 τήν
1359 4487 1420 4523 τε
1441 4469 1701 4541 διαμονὴν
1732 4471 1965 4542 ἐχόντων

386 4561 481 4615 καὶ
506 4561 604 4632 τὴν
633 4561 896 4617 ἐπίδοσιν.
929 4561 994 4614 Τί
1025 4577 1153 4614 ποτε
1178 4558 1272 4615 οὖν
1305 4547 1413 4631 ἆρα
1441 4559 1653 4616 τούτοψ
1667 4562 1728 4616 τὸ
1758 4563 1962 4630 αἴτιονς

399 4653 551 4724 Ἑμοὶ
585 4653 751 4720 δοκεῖ,
786 4655 866 4706 ὅτι
898 4653 1184 4707 παιδεῦσαι
1227 4653 1374 4724 ἡμᾶς
1409 4651 1586 4725 ταύτῃ
1615 4651 1962 4724 βουλόμενος,

385 4745 602 4816 πρῶτον
636 4745 756 4816 μὲν,
783 4747 864 4800 ὅτι
889 4745 1090 4800 πλείων
1120 4745 1270 4818 αὑτῷ
1296 4745 1454 4815 λόγος
1486 4746 1604 4800 ἐστὶ
1633 4746 1744 4800 τῶν
1774 4749 1964 4820 αίσοή-

389 4834 527 4898 σεώς
555 4850 612 4888 τε
645 4837 738 4888 καὶ
763 4834 908 4906 ζωῆς
942 4835 1300 4908 μετεχόντων,
1336 4836 1481 4907 ἥπερ
1512 4839 1620 4891 τῶν
1652 4837 1927 4908 αἰσθητῶν
1948 4855 1961 4870 ⁸

387 4923 608 4991 ἔπειτα,
639 4928 724 4979 ὅτι
761 4929 875 4991 τοῖς
915 4929 1196 5000 σπέρμασι
1231 4930 1328 5000 μὲν
1372 4931 1462 4983 καὶ
1493 4931 1731 5002 δένδροις
1772 4933 1799 4985 ὁ
1833 4931 1964 4996 Θεὸς

388 5015 486 5086 τὴν
517 5019 581 5070 ἐκ
607 5017 706 5086 τῆς
737 5017 992 5088 διαδοχῆς
1023 5021 1308 5090 διαμονὴν,
1341 5021 1403 5073 ἐκ
1437 5022 1536 5092 τῆς
1567 5022 1843 5092 γεωργίας
1877 5022 1962 5075 δέ-

387 5107 558 5159 δωκεν
589 5105 766 5176 ἔχειν·
804 5109 914 5172 τοῖς
959 5108 1014 5162 δέ
1047 5125 1110 5178 γε
1145 5107 1307 5173 ζώοις
1341 5111 1542 5174 πᾶσιν,
1592 5111 1657 5164 ὲκ
1697 5111 1795 5182 τῆς
1829 5112 1964 5182 πρὸς

387 5196 594 5266 ἄλληλα
639 5199 945 5261 συνουσίας.
988 5199 1176 5264 Ὅπως
1216 5202 1394 5256 τοίνυν
1439 5203 1513 5273 μὴ
1553 5208 1966 5275 προαιρετικαῖς

389 5289 589 5357 ὁρμαῖς
619 5289 750 5360 δοκῇ
815 5289 1159 5358 ἐμποιεῖσθαι
1201 5295 1358 5363 τήνδε
1395 5295 1492 5366 τὴν
1525 5296 1738 5364 κίνησιν
1763 5337 1778 5361 ,
1841 5314 1968 5350 συν-

389 5378 650 5432 ωθεῖσθαι
675 5381 731 5433 δὲ
767 5380 968 5448 μᾶλλον
1000 5384 1138 5454 πρὸς
1162 5385 1322 5437 τοῦτο
1345 5385 1422 5456 τῷ
1453 5389 1836 5459 προστάγματι
1869 5389 1964 5442 τοῦ

2148 3881 2308 3936 Vsus.
2355 3883 2446 3937 22.
2508 3901 2528 3934 ι
2566 3882 2954 3950 Benedixitqne
3013 3882 3120 3937 illis
3181 3884 3361 3946 Deus,
3413 3884 3598 3941 dicens
3629 3905 3652 3940 :-

2072 3974 2335 4038 Crcscite,
2367 3985 2422 4027 et
2467 3973 2924 4042 multiplicamini,
2967 3983 3022 4029 et
3077 3974 3280 4042 replete
3314 3990 3483 4043 aquas
3533 3991 3650 4030 ma-

2074 4067 2147 4120 ris
2177 4082 2190 4118 :
2221 4078 2456 4134 avesque
2486 4065 2913 4133 multiplicantur
2943 4078 3106 4134 super
3138 4077 3361 4120 terram.
3395 4084 3414 4118 ι

2145 4293 2383 4348 Arbores
2417 4303 2472 4348 et
2516 4293 2723 4348 semina
2770 4307 2874 4347 non
2913 4291 3189 4349 benedixit
3226 4293 3366 4348 Deus
3419 4306 3524 4349 tam
3568 4297 3650 4352 dio

2073 4393 2215 4438 serta
2270 4380 2422 4450 voce,
2481 4383 2606 4440 licet
2651 4395 2705 4439 et
2755 4383 2844 4438 illa
2886 4399 3134 4440 crescere
3179 4393 3234 4440 et
3281 4386 3652 4456 multiplicari,

2075 4477 2400 4545 procedente
2449 4486 2708 4544 tempore,
2732 4482 2992 4531 statutum
3043 4475 3226 4531 fuerit.
3253 4477 3382 4544 Quae
3431 4478 3650 4532 tandem

2077 4565 2236 4634 hujus
2271 4567 2342 4621 rei
2374 4565 2576 4621 causa?
2609 4564 2678 4621 Ut
2707 4581 2804 4620 nos
2829 4565 2903 4620 ita
2928 4566 3150 4622 doceret
3178 4565 3338 4633 Deus,
3374 4567 3428 4620 ni
3466 4567 3648 4631 fallor,

2074 4656 2306 4723 primum
2343 4670 2403 4710 se
2441 4655 2608 4725 pluris
2638 4655 2820 4711 facere
2867 4670 2932 4710 ea
2961 4670 3081 4726 quae
3125 4670 3286 4712 sensu
3330 4666 3384 4712 et
3419 4657 3527 4712 vita
3562 4657 3647 4712 in-

2073 4757 2378 4811 struuntur,
2406 4762 2568 4817 quam
2599 4763 2718 4816 quae
2758 4763 2921 4804 sensu
2971 4747 3442 4816 tantum;deinde
3485 4750 3648 4804 arbo-

2073 4851 2160 4890 res
2201 4837 2417 4907 quidem
2447 4847 2505 4894 et
2533 4839 2762 4904 semina,
2793 4838 2859 4893 de
2903 4839 3130 4894 conSilio
3162 4838 3277 4904 Dei,
3307 4838 3662 4910 agriculturae

2072 4945 2234 4998 opera
2272 4929 2323 4984 in
2372 4940 2644 5001 posterum
2675 4945 2798 4986 esse
2841 4931 3129 4998 servanda,
3165 4933 3419 4986 animalia
3465 4942 3650 4988 autem

2073 5025 2251 5078 umnia
2297 5039 2394 5078 sua
2428 5023 2680 5094 quodque
2726 5039 2846 5079 eum
2881 5023 2986 5080 alio
3033 5026 3312 5082 societate.
3349 5025 3506 5078 Haud
3551 5025 3651 5078 im-

2076 5117 2267 5171 ruerito
2299 5117 2462 5186 igitur
2493 5119 2557 5172 de
2601 5117 2928 5173 animalibus
2959 5132 3276 5185 expressam
3307 5117 3446 5170 hanc
3485 5116 3650 5170 bene-

2075 5209 2365 5264 dictionem
2403 5210 2592 5274 edidit,
2621 5221 2678 5262 ut
2705 5211 2892 5265 divino
2924 5217 3192 5277 praecepto
3221 5207 3286 5261 ad
3322 5219 3652 5262 conservan-

2077 5301 2202 5354 dum
2243 5315 2412 5370 genus
2467 5301 2772 5366 inservire,
2829 5301 3008 5370 magis
3058 5315 3219 5370 quam
3273 5297 3478 5352 libidini
3539 5310 3652 5351 sua}

2075 5391 2353 5462 indulgere
2382 5392 2712 5447 viderentur.

393 5473 724 5542 Ποιήσαντος
770 5475 849 5537 εἰς
891 5474 990 5544 τὴν
1033 5476 1128 5530 τοῦ
1179 5477 1367 5544 γένους
1404 5479 1686 5552 διαμονὴν,
1739 5483 1968 5546 εἰκότως
2003 5484 2206 5557 ταύτην
2243 5487 2343 5557 τὴν
2381 5487 2635 5556 εὐλογίαν
2668 5485 2846 5558 ῥητῶς
2888 5484 2981 5538 ἐπὶ
3017 5481 3222 5538 τούτων
3261 5480 3574 5552 ἐποιήσατο.

467 5648 489 5684 ι
520 5631 626 5686 Καὶν
664 5631 920 5686 ἐποίησεν
950 5635 978 5688 ό
1005 5635 1138 5700 Θεὸς
1177 5635 1242 5690 τὰ
1281 5637 1444 5695 οηοία
1477 5639 1618 5692 κατὰ
1652 5641 1828 5708 γένος,
1879 5643 1970 5694 καὶ

2141 5636 2306 5697 Vens.
2339 5639 2428 5694 23.
2476 5659 2493 5692 ι
2524 5638 2585 5693 Et
2612 5638 2735 5695 fecit
2765 5640 2905 5694 Deus
2931 5636 3133 5692 bestias
3161 5644 3316 5695 terrm
3333 5634 3484 5709 juxta
3515 5647 3648 5704 spe-
