4068 6126
358 310 382 375 ι
392 313 496 376 633

1472 313 1553 374 IN
1594 309 1928 378 GENESIN
1971 310 2065 376 FB
2082 310 2436 380 AGMENTA

3491 319 3626 386 18511

355 421 499 487 υιον,
538 418 791 492 προνοεῖν
831 411 948 472 οἴδα
989 413 1082 474 τὸν
1129 417 1390 476 ἁπάντων
1422 423 1555 479 Θεὸν
1575 466 1591 493 ,
1624 423 1718 495 ἀφ’
1744 417 1820 479 ὧν
1853 425 1928 478 κα¹

2048 425 2290 480 omnium
2344 440 2550 498 regem,
2581 427 2727 499 quod
2781 427 2896 500 ipse
2945 428 3220 488 nonnullis
3267 414 3522 488 dominor
3571 447 3626 488 ct

352 513 518 576 αὐτὸς
557 509 670 580 ἐγώ
707 528 870 565 τινων
919 512 1164 582 προνοῶ·
1201 513 1582 587 ἀπερίγραφον
1626 510 1799 582 εἶναι,
1843 515 1940 569 καὶ

354 607 614 676 παρεῖναι
637 606 752 667 τοῖς
779 603 982 658 ἅπασιν
1005 645 1020 671 ,
1053 605 1148 674 ἀφ’
1179 599 1254 660 ὧν
1288 609 1346 662 ὲν
1377 607 1578 680 ἀκαρεῖ
1606 611 1674 680 τῇ
1705 607 1936 679 διανοίᾳ,

353 697 451 752 καὶ
494 697 654 759 αὐτὸς
695 690 778 760 οἷς
824 695 892 750 ἂν
934 695 1254 769 βουληθείην
1299 699 1680 772 παρίσταμαι·
1711 697 1939 772 βασιλέα

352 789 449 842 τοῦ
487 787 710 852 παντὸς,
741 787 835 856 ἀφ’
865 780 940 840 ὧν
968 787 1078 858 ἔχω
1109 787 1174 841 τὸ
1207 789 1302 842 καῖ¹
1334 791 1498 855 αύτδς
1531 791 1722 863 ἄρχειν
1747 807 1810 844 τε
1843 790 1938 845 καὶ

354 879 636 944 δεσπόζειν
677 878 872 932 τινῶν·
913 881 1110 951 κριτὴν
1162 881 1432 953 ὑπάρχειν
1477 883 1805 951 ἀδέκαστον,
1838 882 1932 954 ἀφ’

349 965 430 1026 ὦν
462 971 632 1042 κάμοὶ
657 970 848 1026 τούτου
881 972 1212 1042 μετέδωκεν·
1239 975 1475 1046 ἀόρατον
1498 971 1592 1030 οῦν
1619 980 1732 1041 τοῖς
1759 976 1934 1032 ἆπασι

355 1067 450 1120 καὶ
485 1066 788 1132 ἀθάνατον,
822 1067 916 1135 ἀφ’
948 1060 1025 1120 ὧν
1059 1067 1170 1138 ἔχω
1204 1069 1300 1122 καὶ
1333 1069 1498 1133 αὐτὸς
1527 1070 1789 1142 τοιαύτην
1825 1070 1934 1142 ψυ-

355 1160 472 1228 χήν·
507 1158 840 1228 δημιουργὸν
867 1159 960 1212 καὶ
988 1160 1238 1230 κτίστην,
1274 1161 1369 1231 ἀφ’
1402 1155 1476 1215 ὧν
1505 1162 1542 1217 ἀ
1573 1163 1670 1216 καὶ
1698 1162 1935 1234 ἐμαυτὸν
1968 1199 1974 1205 -

352 1249 464 1318 όρῶ
483 1249 690 1314 κτίζειν
707 1249 1210 1321 δυνάμενον.”Αλλα
1232 1251 1368 1324 πρὸς
1391 1253 1601 1318 τούτοις
1623 1255 1741 1308 ἐστὶ
1763 1255 1934 1326 μυρία

350 1343 656 1407 δεικνύντα,
709 1343 894 1406 καθὼς
942 1337 1142 1408 οἷόντε,
1187 1345 1286 1416 τὴν
1335 1346 1471 1417 πρὸς
1520 1345 1582 1399 τὸ
1621 1347 1934 1418 ἀρχέτυπον

350 1431 509 1504 ἡμῶν
532 1433 848 1503 ὁμοιότητα.
883 1433 1088 1487 Τούτου
1122 1433 1393 1506 προδήλου
1423 1435 1819 1504 τυγχάνοντος,
1847 1435 1932 1489 ὄτι

347 1525 540 1598 ῶσπερ
563 1527 596 1598 ἡ
620 1525 727 1579 τῶν
754 1527 1058 1598 ἀνθρώπων
1086 1527 1272 1594 εἰκὼν,
1295 1527 1456 1598 ὁμοία
1483 1528 1624 1584 κατὰ
1649 1528 1711 1582 τὸ
1743 1527 1932 1600 σχῆμα

343 1618 694 1689 τυγχάνουσα
723 1616 800 1688 τῷ
829 1617 1122 1690 ἀνθρώπῳ,
1147 1620 1297 1674 δοκεῖ
1313 1618 1417 1690 ,μὲν
1443 1619 1589 1691 ἔχειν
1618 1621 1712 1675 καὶ
1740 1621 1930 1688 πόδας,

347 1711 443 1764 καὶ
483 1708 761 1780 κεφαλὴν,
793 1709 909 1780 ἔχει
936 1707 993 1764 δὲ
1021 1703 1226 1765 τούτων
1259 1713 1412 1766 οὐδὲν
1459 1712 1604 1766 κατά
1643 1712 1928 1784 ἀλήθειαν,
1954 1739 1976 1755 ι

2039 516 2285 586 impero;
2332 517 2575 588 judicem
2625 520 3023 592 incorruptum,
3075 524 3203 594 quia
3247 533 3302 580 ct
3347 525 3481 580 mihi
3522 525 3626 581 hoc

2040 609 2340 677 competit;
2400 611 2655 666 omnibus
2715 612 3050 668 luVisibilem
3114 623 3170 668 et
3221 613 3622 681 immortalem,

2040 696 2165 768 quia
2193 709 2249 753 et
2277 698 2407 754 mihi
2447 700 2772 756 immortalis
2815 701 3037 770 anima;
3069 714 3376 759 creatorem
3399 715 3458 760 et
3499 721 3626 762 con-

2039 789 2293 858 ditorem,
2350 794 2474 862 quia
2529 793 2644 863 ipse
2687 795 2934 864 quaedam
2985 797 3223 852 condere
3271 797 3448 853 valeo.
3499 798 3622 854 Alia

2041 893 2167 940 sunt
2213 885 2438 954 insuper
2476 884 2785 949 innumera,
2829 900 2948 954 qua:
2984 897 3227 942 nostram
3259 903 3381 942 cum
3425 891 3624 946 archea-

2039 982 2166 1046 typo
2211 976 2648 1042 similitudinem,
2699 977 2877 1046 quoad
2933 975 3048 1031 ﬁeri
3076 989 3274 1047 potest,
3318 979 3618 1036 declarant.

2037 1065 2320 1123 Neminem
2367 1066 2502 1138 fugit
2533 1067 2677 1136 quod
2726 1067 2905 1140 imago
2952 1069 3253 1132 hominum,
3305 1071 3370 1126 ad
3406 1071 3620 1130 illorum

2035 1159 2275 1229 speciem
2338 1157 2554 1224 ell‘ecta,
2604 1159 2771 1229 pedes
2825 1159 3044 1228 quidem
3097 1160 3303 1217 habere
3363 1173 3418 1216 et
3463 1174 3624 1232 caput

2036 1250 2272 1316 videtur,
2305 1265 2498 1321 reapse
2535 1260 2715 1306 autem
2748 1251 2882 1306 nihil
2907 1253 3132 1323 hujusce
3168 1257 3384 1322 generis
3433 1256 3618 1323 habet,

2034 1351 2232 1410 praeter
2275 1343 2446 1398 solam
2487 1343 2737 1412 ﬁguram.
2795 1333 2971 1398 Simili
3022 1345 3254 1410 ratione,
3293 1347 3401 1401 imo
3451 1348 3622 1402 multo

2033 1435 2246 1491 fortiori
2295 1439 2526 1500 ratione,
2557 1450 2678 1505 qua!
2725 1436 2859 1490 mihi
2905 1451 3000 1507 per
3043 1438 3454 1494 similitudinem
3492 1456 3615 1494 cum

2035 1527 2326 1583 Divinitate
2352 1536 2688 1598 competunt,
2711 1528 2891 1582 divina
2941 1537 3133 1583 natura
3165 1529 3324 1600 longe
3358 1545 3623 1601 superano

2036 1628 2142 1674 tur.
2179 1617 2315 1674 Nam
2349 1618 2494 1674 Deus
2520 1629 2780 1686 aeternus,
2816 1628 2872 1676 et
2900 1636 2987 1676 me
3015 1637 3120 1676 una
3153 1638 3276 1678 cum
3303 1625 3519 1680 caneris
3548 1639 3616 1680 ex

2036 1711 2204 1765 nihilo
2229 1710 2493 1781 protulit;
2527 1725 2630 1780 ego
2655 1721 2835 1766 autem
2869 1713 3160 1784 imaginem
3192 1729 3367 1768 meam
3398 1729 3466 1771 ex
3497 1732 3617 1771 mae

343 1801 464 1854 ἀλλ’
508 1801 640 1874 ἄχρι
684 1803 852 1873 μόνου
905 1800 1000 1856 τοῦ
1043 1803 1346 1874 σχήματος·
1396 1795 1572 1871 οὕτω,
1633 1799 1834 1876 μᾶλλον
1875 1806 1928 1859 δὲ

2039 1803 2173 1856 teria
2215 1803 2448 1872 quadam
2499 1803 2642 1874 lingo
2689 1817 2808 1873 quae
2861 1819 3072 1859 mecum
3121 1804 3282 1861 simul
3341 1807 3396 1861 in
3441 1808 3614 1864 lucem

345 1893 522 1965 πέραν
565 1893 800 1960 τούτων,
837 1895 908 1948 τά
941 1895 1066 1966 ἐμοὶ
1107 1894 1232 1949 καθ’
1275 1895 1570 1967 ὁμοιότητα
1613 1897 1722 1951 τῶν
1765 1895 1938 1952 θείων

2035 1893 2260 1964 prodiit.

342 1985 653 2055 προσόντα,
684 1985 938 2058 ἐνεργείᾳ
967 1986 1104 2058 πρὸς
1147 1985 1216 2040 τά
1256 1985 1368 2041 τῶν
1397 1986 1474 2052 ὼς
1511 1987 1728 2060 ἀληθῶς
1794 1987 1957 2043 θείων
2022 1983 2486 2053 ἀπολιμπάνεται.
2529 1982 2662 2048 Θεὸς
2712 1983 2811 2056 μὲν
2857 1985 2969 2058 γὰρ
3009 1985 3172 2051 αὐτὸς
3213 1986 3382 2052 ἀΐδιος
3413 1985 3511 2055 ὣν,
3558 1983 3619 2055 ἐξ

341 2079 446 2131 οὐκ
477 2075 646 2132 ὄντων
680 2077 780 2148 ἐμὲ
807 2080 920 2142 τοῖς
947 2078 1128 2143 ἄλλοις
1155 2079 1274 2150 ἅμα
1315 2081 1760 2153 συνυπεστήσατο
1782 2097 1796 2112 ·
1828 2081 1942 2150 ἐγὼ
1975 2079 2033 2135 δὲ
2055 2077 2152 2151 τὴν
2174 2076 2362 2132 εἰκόνα
2403 2075 2714 2149 πεποίημαι
2737 2079 2840 2149 τὴν
2901 2078 3066 2144 αὐτὸς
3095 2079 3338 2152 ἐμαυτοῦ
3370 2081 3431 2149 ἐξ
3461 2079 3616 2152 ὕλης.
3715 2075 3722 2082 ’

347 2171 468 2242 μεθ’
491 2167 558 2242 ἧς
589 2170 687 2224 τοῦ
721 2168 860 2226 εἶναι
890 2177 986 2226 καὶ
1017 2171 1179 2236 αὐτὸς
1213 2172 1415 2244 εἴληφα
1452 2173 1554 2244 τὴν
1585 2173 1786 2244 ἀρχήν.

415 2265 510 2316 Δεῖ
541 2261 726 2334 μέντοι
750 2264 845 2316 καὶ
868 2263 1028 2318 τοῦτό
1058 2279 1162 2328 σοι,
1195 2264 1250 2316 τί
1285 2265 1417 2317 ποτέ
1447 2265 1564 2318 ἐστι
1595 2265 1656 2318 τὸ
1691 2263 1820 2318 κατ’
1845 2264 1928 2318 εί-

343 2355 499 2409 κόνα
551 2356 738 2424 σαφῶς
784 2371 848 2406 τε
907 2355 1004 2408 καὶ
1057 2353 1339 2424 συντόμως
1381 2356 1462 2418 εἰς
1508 2355 1649 2426 ἐμὴν
1695 2355 1930 2424 δύναμιν

341 2447 595 2502 διελθεῖν.
653 2445 788 2500 Ἀπὸ
814 2444 924 2499 τῶν
967 2447 1096 2516 παρ’
1127 2448 1262 2517 ἡμῖν
1305 2446 1500 2500 εἴωθεν
1536 2447 1612 2510 ὡς
1641 2447 1711 2500 τά
1755 2447 1928 2500 πολλὰ

343 2539 482 2609 πρὸς
505 2537 652 2608 ἡμᾶς
677 2539 708 2607 ἡ
741 2536 930 2608 Γραφὴ
973 2537 1102 2609 περὶ
1129 2535 1266 2590 Θεοῦ
1297 2537 1671 2606 διαλέγεσθαι,
1705 2537 1802 2592 καὶ
1827 2537 1929 2609 τὴν

339 2626 694 2681 διδασκαλίαν
725 2627 792 2680 ἐκ
836 2625 945 2680 τῶν
979 2627 1274 2698 γνωρίμων
1311 2629 1445 2698 ἡμῖν
1491 2633 1666 2682 ποιεῖν
1697 2630 1924 2700 ἐναργῆ.

350 2719 440 2782 Ὦς
475 2714 588 2782 οὖν,
617 2719 746 2771 ὅταν
777 2717 982 2791 ἀκούῃς
1011 2719 1155 2790 χειρὶ
1175 2718 1267 2772 τὸν
1295 2719 1428 2772 Θεὸν
1457 2719 1809 2774 ὲκτετακέναι
1829 2719 1923 2773 τὸν

337 2809 602 2880 οὐρανὸν,
628 2809 661 2880 ἢ
691 2809 892 2879 γνόφον
923 2809 1193 2880 ὑπάρχειν
1221 2810 1328 2863 ὑπὸ
1358 2811 1485 2873 τοὺς
1521 2810 1691 2874 πόδας
1735 2811 1923 2878 αὑτοῦ,

336 2904 440 2956 οὐκ
475 2901 695 2972 άληθῶς
723 2904 917 2972 χεῖρας
947 2901 1092 2972 ἔχειν
1117 2903 1258 2966 νοεῖς
1289 2901 1379 2955 τὸν
1405 2901 1558 2970 Θεὸν,
1601 2903 1724 2956 οὐδὲ
1756 2904 1926 2968 πόδας

339 2995 570 3066 (ἁπλοῦν
594 2997 700 3066 γὰρ
723 2995 784 3048 τὸ
814 2995 986 3061 Θεῖον,
1015 2995 1210 3066 ὅτιπερ
1230 2996 1326 3050 καὶ
1347 2995 1688 3067 ἀσώματον),
1713 2997 1830 3051 ἀλλ’
1862 3000 1928 3050 ἐκ

2101 2254 2329 2324 Oportet
2377 2262 2559 2308 tamen
2601 2267 2816 2322 quoque
2860 2270 2958 2324 pro
2989 2257 3196 2314 viribus
3239 2261 3334 2316 tibi
3375 2262 3619 2324 breviter

2030 2357 2085 2406 et
2115 2356 2300 2418 aperte
2333 2347 2612 2418 explicare
2641 2347 2772 2417 quid
2817 2347 2918 2403 sibi
2947 2349 3178 2406 voluerit
3209 2353 3340 2410 illud
3377 2359 3447 2412 ad
3481 2361 3612 2416 inia-

2029 2441 2220 2510 ginem.
2251 2439 2402 2496 Solet
2443 2439 2659 2510 quidem
2698 2440 2982 2510 Scriptura
3023 2457 3084 2497 ea
3115 2447 3183 2500 de
3223 2445 3332 2503 Deo
3355 2451 3616 2512 adhibere

2029 2544 2152 2600 quae
2180 2530 2321 2601 apud
2361 2545 2461 2586 nos
2502 2540 2854 2600 usurpantur,
2886 2542 2940 2588 et
2983 2534 3290 2598 doctrinam
3325 2556 3478 2596 suam
3515 2559 3614 2610 per

2029 2637 2091 2679 ea
2127 2623 2404 2682 illustrare
2428 2637 2550 2692 quae
2583 2623 2742 2678 nobis
2781 2625 3146 2682 innotescunt.
3177 2627 3331 2708 Quod
3361 2633 3408 2688 si
3445 2634 3614 2706 igitur

2028 2713 2096 2769 de
2128 2713 2238 2769 Deo
2268 2713 2532 2780 audieris,
2579 2728 2704 2770 eum
2739 2730 2900 2768 manu
2929 2716 3124 2772 ctelum
3157 2723 3485 2792 extendisse,
3520 2739 3618 2784 aut

2032 2805 2320 2875 caliginem
2350 2804 2553 2861 habere
2579 2805 2679 2860 sub
2707 2807 2934 2876 pedibus
2956 2811 3088 2872 suis,
3119 2812 3226 2866 noli
3250 2817 3474 2872 credere
3491 2835 3614 2874 eum

2033 2895 2211 2967 reipsa
2257 2895 2508 2950 manibus
2551 2905 2648 2951 aut
2680 2897 2908 2966 pedibus
2950 2899 3274 2956 instructum
3312 2919 3433 2960 esse
3466 2907 3612 2978 (nam

2035 2987 2262 3060 simplex
2283 2989 2444 3055 Deus,
2462 2989 2588 3060 quia
2609 2989 3005 3062 incorporeus);
3027 2995 3119 3046 sed
3146 2993 3378 3049 humana
3403 2997 3618 3054 ratione

331 3088 444 3142 τῶν
473 3087 780 3160 ἡμετέρων,
805 3087 893 3141 διὰ
919 3087 1018 3157 μὲν
1039 3089 1138 3159 τῆς
1158 3088 1362 3160 χειρὸς,
1392 3083 1539 3152 οἶδας
1563 3089 1928 3159 σημαίνεσθαι

2036 3080 2306 3136 indicatur
2331 3095 2428 3150 per
2459 3096 2652 3136 manus
2681 3082 2952 3150 operatio,
2985 3085 3202 3150 quando
3233 3084 3333 3154 ipsi
3366 3088 3616 3144 manibus

327 3178 430 3250 τὴν
462 3179 774 3250 ἐνέργειαν,
801 3179 990 3248 ἐπειδὴ
1019 3179 1204 3250 χερσῖν
1236 3179 1396 3248 ἡμεῖς
1433 3179 1796 3250 ὲνεργοῦμεν·
1836 3177 1925 3232 διά

323 3271 380 3324 δὲ
411 3269 508 3324 τοῦ
556 3270 736 3336 ποδὸς,
762 3271 862 3338 τὴν
887 3268 1213 3341 παρουσίαν,
1246 3269 1434 3338 ἐπειδὴ
1461 3271 1621 3323 ποσὶν
1643 3267 1804 3339 ἡμεῖς
1833 3261 1924 3322 οὗ·

324 3381 434 3435 περ
468 3361 740 3431 ἐθέλομεν
783 3359 1195 3432 ἀφικνούμεθα·
1227 3359 1323 3414 καὶ
1348 3360 1440 3412 ἐπὶ
1477 3359 1697 3414 πάντων
1725 3355 1784 3412 δὲ
1811 3357 1926 3412 τῶν

329 3454 771 3524 τοιουτοτρόπων
795 3453 1194 3526 παραπλησίως
1221 3453 1349 3524 ἡγῇ,
1375 3451 1471 3506 καὶ
1519 3451 1616 3521 οὐχ
1643 3450 1920 3522 ὲτεροίως·

329 3545 507 3610 οὕτως
540 3545 758 3612 ἕκδεξαι
797 3545 894 3598 καὶ
923 3545 984 3599 τὺ
1025 3545 1128 3614 τῆς
1168 3543 1398 3606 εἰκόνος.
1444 3540 1510 3596 'H
1537 3541 1722 3595 τοίνυν
1753 3539 1918 3594 εἰκὼν

328 3640 491 3694 τοῦτο
515 3639 741 3692 δύναται
769 3637 896 3710 παρ’
931 3639 1084 3709 ἡμῖν·
1104 3637 1196 3690 τὸν
1225 3637 1325 3706 ούχ
1353 3633 1632 3706 ὁρώμενον
1661 3633 1924 3696 πολλάκις

327 3735 462 3804 ἡμῖν
512 3729 863 3786 ύποδεικνύει
917 3722 1088 3798 οὗπέρ
1135 3729 1275 3790 ἐστι,
1319 3727 1414 3780 κκὶ
1441 3725 1530 3778 διὰ
1575 3725 1674 3796 τῆς
1710 3723 1923 3787 εἰκόνος

327 3826 597 3895 παρεῖναι
631 3823 722 3875 τὸν
761 3820 972 3874 ἀπόντα
1003 3815 1319 3888 νομίζομεν.
1364 3815 1582 3886 Ἐπειδὴ
1613 3815 1792 3867 τοίνυν
1827 3815 1923 3866 καὶ

325 3919 354 3971 ὁ
375 3917 666 3985 Δεσπότης
693 3911 826 3974 Θεὸς
857 3911 1087 3981 ἀόρατος
1115 3907 1417 3972 παντελῶς,
1447 3907 1544 3961 καὶ
1563 3905 1923 3978 ἀπερινόητος

326 4010 479 4082 πάσῃ
509 4007 720 4077 γενητῇ
746 4002 906 4070 φύσει
935 3999 1262 4070 καθέστηκε,
1288 3999 1424 4070 πρὸς
1446 3998 1504 4051 δὲ
1527 3999 1624 4051 καὶ
1641 3995 1921 4066 ἀνενδεὴς,

323 4101 382 4154 ἐν
408 4100 587 4152 εἰκόνι
610 4093 744 4147 Θεοῦ
764 4093 856 4144 τὸν
875 4091 1161 4162 ἄνθρωπον
1186 4085 1326 4144 εἶναι
1342 4091 1406 4160 τῇ
1429 4089 1606 4143 κτίσει
1629 4087 1918 4156 πεποίηκε,

323 4195 419 4246 καὶ
451 4185 687 4261 βασιλέα
717 4183 896 4252 πάσης
927 4181 1210 4250 ἀπέδειξεν
1239 4181 1418 4235 αὐτόν·
1452 4181 1540 4234 ἶνα
1575 4179 1672 4250 τὴν
1701 4179 1922 4249 ὲποφει-

321 4283 564 4355 λομένην
625 4275 776 4348 αύτῷ
803 4275 969 4346 τιμὴν
1000 4275 1131 4344 παρ’
1175 4273 1342 4343 αὐτῆς
1377 4272 1434 4326 ὲν
1463 4269 1697 4336 τούτοις,
1725 4269 1819 4322 καὶ
1853 4272 1919 4342 τῇ

327 4376 461 4448 περὶ
503 4371 719 4426 τούτων
763 4366 1033 4438 θεραπείᾳ
1073 4364 1378 4436 κομίζοιτο.
1422 4363 1532 4418 Καὶ
1573 4363 1656 4416 ὅτι
1709 4362 1809 4434 μὲν
1853 4362 1922 4414 τά

2028 3186 2351 3240 operamur;
2385 3180 2438 3226 et
2473 3185 2570 3240 per
2595 3171 2760 3238 pedes
2795 3171 3110 3240 praesentia,
3136 3173 3354 3242 quando
3380 3175 3610 3244 pedibus

2029 3278 2128 3316 nos
2179 3277 2507 3334 quocunque
2559 3261 2779 3317 libuerit
2829 3261 3184 3320 conferimus.
3237 3264 3310 3320 De
3359 3267 3614 3322 omnibus
3708 3282 3709 3285 ‘

2027 3369 2140 3409 rem
2187 3369 2246 3410 se
2295 3355 2460 3408 simili
2501 3357 2663 3410 modo
2709 3354 2912 3409 habere
2964 3355 3156 3410 credas
3207 3364 3262 3410 et
3316 3372 3422 3412 non
3469 3357 3607 3426 alio,

2027 3443 2168 3500 idem
2208 3445 2352 3516 valet
2399 3457 2456 3500 ct
2501 3447 2568 3500 de
2599 3443 2692 3499 illo
2739 3443 2808 3498 ad
2850 3445 3160 3514 imaginem.
3199 3444 3273 3499 Ea
3317 3454 3404 3500 est
3447 3447 3613 3516 igitur

2025 3532 2168 3602 apud
2201 3547 2300 3588 nos
2343 3531 2516 3588 virtus
2560 3533 2835 3602 imaginis,
2857 3543 2916 3586 ut
2953 3549 3088 3600 rem,
3117 3528 3268 3602 cujus
3292 3544 3398 3600 est,
3431 3535 3510 3591 vel
3542 3537 3611 3591 ab

2025 3623 2197 3680 oculis
2231 3634 2494 3680 remotam
2519 3624 2840 3694 plerumque
2863 3627 3222 3690 demonstret,
3251 3635 3306 3682 et
3335 3627 3478 3682 illius
3508 3641 3612 3697 ope

2026 3714 2108 3769 vel
2141 3715 2388 3769 absentia
2425 3717 2617 3770 adesse
2648 3725 2924 3786 putemus.
2966 3717 3198 3782 Quando
3225 3719 3391 3788 igitur
3417 3720 3608 3772 Domi-

2026 3821 2131 3862 nus
2161 3805 2304 3861 Deus
2337 3805 2560 3860 omnino
2587 3805 2878 3862 invisibilis
2925 3815 2980 3863 et
3019 3809 3606 3878 incomprehensibilis,

2025 3900 2170 3954 omni
2207 3899 2654 3976 creaturte,_imo
2693 3900 2840 3954 nulla
2890 3913 2948 3954 re
2991 3901 3204 3970 indigus
3241 3902 3508 3957 hominem
3541 3907 3608 3959 ad

2025 3989 2313 4060 imaginem
2348 4003 2498 4044 suam
2545 3989 2772 4055 creavit,
2817 3998 2870 4044 et
2908 4004 3090 4058 regem
3121 3990 3301 4044 omnis
3343 4003 3608 4048 creatura:

2025 4081 2424 4135 demonstravit
2455 4094 2614 4148 eum;
2665 4079 2932 4134 fecithoc
2976 4081 3208 4150 primum
3259 4090 3318 4135 ut
3367 4083 3605 4138 debitmn

2023 4170 2126 4226 sibi
2177 4186 2208 4224 a
2254 4171 2524 4226 creaturis
2570 4170 2828 4226 honorem
2862 4187 2960 4240 per
3005 4171 3255 4228 homines
3308 4174 3605 4242 acciperet,

2025 4261 2252 4332 ideoque
2287 4261 2483 4316 merito
2519 4260 2666 4314 cultu
2699 4261 3012 4330 coleretur;
3043 4263 3242 4317 deinde
3267 4273 3325 4318 ut
3351 4265 3605 4320 omnibus

2025 4363 2286 4425 appareat
2313 4359 2540 4408 cunctas
2573 4368 2660 4409 res
2699 4353 3008 4420 sensibiles,
3034 4363 3242 4408 terram
3287 4357 3520 4422 scilicet,
3552 4367 3607 4411 et

329 4446 568 4536 αἰσθητά
599 4459 781 4514 πάντα
809 4458 947 4528 πρὸς
973 4457 1072 4529 τὴν
1100 4456 1293 4510 τούτου
1317 4454 1504 4528 χρείαν
1541 4453 1808 4526 σύνθητ...
1843 4451 1917 4524 (5)

2030 4461 2200 4512 mare,
2227 4453 2282 4500 et
2309 4446 2666 4500 animantium
2699 4456 2944 4509 naturas,
2982 4457 3039 4500 et
3085 4461 3288 4510 aerem,
3339 4447 3392 4500 in
3431 4449 3608 4502 homi-

329 4557 424 4628 γῆ.
451 4555 696 4611 θάλαττα
717 4593 730 4617 ι
755 4549 910 4616 ζώων
937 4549 1132 4619 φύσεις
1153 4589 1167 4614 ,
1198 4547 1328 4620 ἀὴρ,
1363 4547 1734 4620 ὡμολόγηται.
1766 4547 1919 4618 Τάχα

331 4647 377 4700 δ’
397 4646 464 4701 ἄν
493 4662 604 4700 τισι
639 4641 908 4714 προσταίη
938 4641 1019 4708 τὸ,
1050 4639 1144 4693 καὶ
1181 4640 1311 4710 περὶ⁵
1341 4638 1450 4692 τῶν
1473 4638 1722 4709 ἀγγέλων
1753 4636 1920 4692 ταυτὸ

331 4737 490 4792 τοῦτο
539 4736 772 4806 φάσκειν
817 4733 1000 4806 ἡμᾶς·
1052 4731 1147 4794 οὓς
1197 4729 1397 4801 Παύλῳ
1448 4731 1918 4802 παραπέμψαντες

331 4829 625 4900 φάσκοντι,
644 4825 883 4891 Πάντας
901 4823 1124 4890 αὐτοὺς
1145 4818 1298 4878 εἶναι
1328 4823 1710 4895 λειτουργικὰ
1737 4824 1918 4878 πνεύ-

325 4937 486 4992 ματα
517 4923 604 4985 εἰς
628 4919 940 4973 διακονίαν
963 4916 1464 4984 ἀποστελλόμενα
1484 4915 1582 4969 διὰ
1609 4913 1752 4982 τοὺς
1775 4913 1918 4986 μέλ-

327 5018 554 5076 λοντας
583 5009 996 5082 κληρονομεῖν,
1013 5007 1334 5076 σωτηρίαν,
1358 5007 1512 5062 αὐτοὶ
1531 5007 1629 5076 τῆς
1653 5005 1789 5078 πρὸς
1818 5007 1916 5060 αύ-

326 5105 456 5167 τοὺς
489 5101 830 5170 φιλονεικίας
860 5097 1305 5169 ἀπαλλαξόμεθα.
1341 5097 1554 5169 Ὅνπερ
1583 5097 1764 5152 τοίνυν
1792 5097 1918 5168 τρό-

323 5211 429 5246 πον
464 5191 578 5244 τῶν
625 5191 776 5244 κατά
809 5191 912 5261 γῆν
951 5191 1160 5244 τούτων
1192 5188 1492 5259 βασιλέων,
1523 5191 1648 5244 ὅσαι
1687 5190 1786 5260 μὲν
1816 5191 1926 5243 εἰσι

317 5283 430 5338 τῶν
473 5281 700 5336 πόλεων
743 5281 977 5351 ὑπήκοοί
1025 5299 1086 5334 τε
1139 5283 1234 5336 καὶ
1272 5281 1439 5352 φίλιοι
1491 5281 1819 5353 περιέπουσι
1863 5297 1926 5334 τε

307 5376 411 5438 τάς
441 5372 681 5438 εἰκόνας
714 5374 915 5440 αὐτῶν,
951 5373 1048 5427 καὶ
1070 5373 1236 5445 τιμὴν
1259 5373 1450 5439 αὑταῖς
1491 5373 1711 5431 ἃπασαν
1755 5391 1926 5449 προσ-

391 5555 416 5584 ⁵
438 5554 607 5609 “chr.
631 5564 681 5614 ι,
722 5550 811 5604 14.

398 5720 424 5749 c
462 5709 584 5764 Ἵσ.
618 5701 978 5758 συντέθειται.

2026 4553 2154 4593 num
2180 4553 2334 4594 usum
2363 4537 2528 4593 fuisse
2557 4547 2760 4593 creata.
2787 4539 2943 4604 Quod
2979 4539 3024 4594 si
3063 4539 3186 4608 quis
3216 4539 3602 4612 indignabitur,

2026 4649 2125 4689 nos
2161 4633 2295 4689 idem
2321 4633 2388 4688 de
2429 4631 2636 4702 angelis
2682 4631 2963 4702 proﬁteri,
2993 4631 3330 4688 dimittemus
3378 4647 3500 4689 eum
3539 4635 3606 4688 ad

2024 4725 2250 4780 Paulum
2305 4725 2574 4781 dicentem
2628 4742 2644 4778 :
2696 4722 2890 4780 Omnes
2947 4739 3062 4778 esse
3123 4723 3606 4779 administratorios

2025 4819 2286 4887 spiritus,
2343 4819 2398 4872 in
2439 4817 2792 4871 ministerium
2849 4815 3035 4871 missos
3089 4825 3302 4886 propter
3349 4833 3470 4883 eos,
3519 4820 3608 4888 qui

2027 4915 2391 4970 hwreditatem
2419 4914 2625 4982 capient
2671 4911 2861 4966 salutis
2881 4912 2924 4978 ⁵,
2973 4909 3147 4966 soluto
3175 4910 3259 4966 sic
3289 4909 3436 4966 omni
3479 4925 3608 4966 cou-

2027 5007 2284 5064 tentionis
2313 5005 2564 5062 crimine.
2597 5003 2714 5070 Quo
2739 5003 2902 5058 modo
2934 5001 3098 5072 igitur
3127 5001 3181 5054 in
3213 5001 3373 5056 terris
3420 5015 3604 5066 regum

2025 5097 2225 5155 subditi
2271 5105 2328 5152 et
2385 5096 2546 5150 amici
2605 5093 2868 5164 imagines
2919 5106 3109 5148 eorum
3161 5097 3493 5149 reverentur,
3551 5097 3606 5142 et

2027 5191 2217 5245 eodem
2240 5202 2334 5243 eas
2363 5187 2508 5242 cultu
2541 5195 2965 5256 prosequuntur,
2987 5197 3095 5251 quo
3132 5181 3214 5234 vel
3246 5182 3390 5246 ipsos
3408 5193 3600 5245 reges;

2027 5283 2104 5336 ita
2131 5293 2346 5350 quoque
2393 5291 2452 5332 se
2499 5276 2699 5332 habent
2727 5275 2846 5340 Dei,
2879 5288 3060 5328 rermn
3099 5271 3341 5324 omnium
3371 5267 3598 5329 domini,

2027 5383 2313 5432 creaturae.
2359 5369 2462 5438 Qui
2511 5369 2826 5427 Creatorem
2890 5371 3255 5426 venerantur,
3306 5359 3601 5429 imaginem
