4068 6126
348 206 484 272 1641

1466 223 1548 285 IN
1586 225 1918 290 GENESIN
1958 234 2446 300 FRAGMENTA.

3480 261 3616 326 16:2

343 339 427 377 τοι
471 322 587 385 πῶς
630 323 695 378 ἂν
727 324 963 394 ἀληθοῦς
1017 327 1170 391 ὄντος
1203 329 1416 383 ἐκείνου
1478 336 1571 387 τοῦ
1632 338 1813 407 λόγου,
1850 360 1894 394 τι

1998 382 2006 405 ,
2039 346 2240 422 valeret
2271 348 2357 402 illa
2396 352 2555 419 ratio,
2599 367 2814 412 vocaret
2856 359 2941 416 hic
2985 364 3175 421 eodem
3212 371 3432 428 nomine
3463 391 3611 431 mor-

343 416 494 485 αύτῷ
547 416 639 470 τὸν
687 417 783 469 τοῦ
819 418 1027 490 Κυρίου
1076 419 1310 474 θάνατον
1361 424 1587 494 ὀνόματι
1646 434 1922 502 προσηγό-

345 521 540 576 ρευσε;

948 623 1198 680 ΚΕΦΑΛ.
1233 626 1323 692 εἷ’.

421 764 439 796 ι
480 746 703 812 Ἰδόντες
732 748 788 803 δὲ
820 751 871 802 oi.
899 750 1007 804 uici.
1035 751 1132 804 τοῦ
1163 752 1300 807 Θεοῦ
1334 755 1434 819 τὰς
1462 758 1772 830 Θυγατέρας
1810 764 1922 817 τῶν

336 836 666 908 ἀνθρώπων,
696 841 780 894 ὅτι
813 844 977 895 καλαί
1007 847 1171 906 εἰσιν,
1221 845 1416 901 ἔλαϐον
1452 851 1667 914 ἑαυτοῖς
1701 855 1784 916 είς
1813 871 1916 923 γυ·-

332 930 532 993 ναῖκας
566 930 676 984 ἀπὸ
703 933 915 999 πασῶν,
957 928 1034 989 ὧν
1067 935 1410 1003 ἐξελέξαντο.
1447 959 1466 992 ι

410 1022 574 1087 Υίοὺς
615 1024 751 1078 Θεοῦ
791 1028 915 1080 κατ’
969 1028 1254 1099 ἐξαίρετον
1287 1031 1448 1101 λόγον
1499 1036 1628 1099 τοὺς
1662 1036 1757 1089 τοῦ
1808 1037 1917 1109 Σὴθ

329 1113 639 1181 ἀπογόνους
668 1115 978 1186 ὠνόμασεν,
1015 1119 1094 1182 ὡς
1122 1121 1335 1192 πατρὸς
1365 1126 1500 1196 περὶ
1528 1126 1729 1189 αὐτοὺς
1757 1130 1920 1199 κηδε-

329 1206 530 1273 μονίαν
559 1207 1011 1279 ἐπιδεικνυμένου
1032 1211 1126 1264 τοῦ
1156 1212 1315 1279 Θεοῦ,
1352 1214 1605 1287 καθάπερ
1642 1214 1795 1287 οἶμαι
1824 1220 1919 1272 καὶ

325 1295 459 1355 τοὺς
484 1295 547 1346 ἐκ
572 1295 668 1348 τοῦ
717 1297 914 1352 Ἰακώϐ
942 1315 957 1331 ·
1017 1300 1189 1366 Υἱοὺς
1228 1308 1360 1371 γὰρ,
1392 1305 1583 1376 φησιν,
1613 1305 1916 1377 ἐγέννησα

323 1386 432 1438 καὶ
462 1386 696 1454 ὔψωσα.

408 1496 426 1528 ι
471 1478 728 1533 Ἔσονται
773 1480 832 1535 δὲ
878 1485 933 1536 αἱ
997 1484 1205 1557 ἡμέραι
1253 1487 1437 1540 αὐτῶν
1493 1488 1692 1544 ἑκατὸν
1737 1491 1913 1548 εἴκοσι

316 1568 448 1635 ἐτη.
482 1589 500 1620 ι

2030 448 2133 493 tem
2174 441 2380 496 Domini
2405 444 2428 495 ?

2670 648 2822 706 CAP.
2871 655 2955 709 Vl.

2094 766 2256 824 Vsus.
2311 772 2365 828 5.
2427 793 2447 826 ι
2494 774 2755 836 Videntes
2804 782 2899 838 lilii
2966 784 3059 841 Dei
3124 788 3264 846 tilias
3327 796 3605 855 hominum

2021 860 2166 925 quod
2215 874 2405 918 essent
2452 865 2717 935 pulchrae,
2767 889 3097 946 acceperunt
3141 886 3244 940 sibi
3293 903 3489 948 uxores
3539 910 3606 948 ex

2020 951 2274 1006 omnibus
2300 968 2439 1023 quas
2471 957 2768 1030 elegerant.
2803 985 2821 1017 ι

2088 1039 2209 1096 Filii
2242 1043 2337 1100 Dei
2388 1062 2655 1106 vocantur
2685 1070 2795 1125 prae
2845 1062 3057 1117 exteris
3108 1069 3309 1133 posteri
3345 1072 3501 1136 Seth,
3547 1088 3606 1131 ut

2019 1142 2299 1201 paternam
2343 1153 2494 1194 suam
2546 1145 2612 1198 de
2654 1146 2736 1201 eis
2781 1163 2969 1206 curam
3003 1154 3146 1212 Deus
3195 1160 3416 1233 indicet,
3460 1170 3606 1224 sicut

2018 1233 2094 1290 et,
2128 1229 2178 1280 ni
2208 1225 2391 1295 fallor,
2439 1238 2656 1301 quando
2709 1240 2776 1294 de
2826 1241 2951 1299 ﬁliis
2996 1244 3167 1303 Jacob
3212 1225 3604 1316 dicitvaiIios

2016 1317 2175 1384 genui
2201 1328 2247 1371 et
2274 1321 2503 1377 exaltari
2529 1326 2593 1380 “.

2090 1496 2251 1556 Vnus.
2279 1501 2334 1561 5.
2381 1523 2399 1557 ι
2431 1505 2606 1565 Erunt
2647 1523 2830 1569 autem
2863 1518 2978 1575 dies
3026 1521 3240 1581 illorum
3270 1540 3489 1586 centum
3520 1537 3600 1589 vi-

2015 1590 2149 1660 ginti
2179 1595 2328 1647 anni.
2367 1617 2386 1647 ι

402 1666 683 1721 Ἔσονται
700 1665 791 1733 δὲ,
814 1669 1002 1739 φησιν,
1018 1672 1080 1724 αἱ
1102 1670 1314 1742 ἡμέραι
1333 1673 1535 1728 αὐτῶν
1560 1676 1666 1745 ἔτη
1691 1678 1894 1735 ἑκατὸν

2088 1679 2261 1737 Erunt
2294 1698 2467 1743 autem
2501 1693 2614 1747 dies
2639 1711 2822 1753 eorum
2851 1712 3060 1758 centum
3095 1709 3284 1778 viginti
3314 1717 3463 1781 armi,
3496 1717 3598 1774 hoc

313 1757 551 1811 εἴκοσι·
586 1760 869 1812 τουτέστιν
918 1760 1247 1834 ἀλυσιτελὴς
1274 1765 1303 1816 ὁ
1341 1766 1554 1838 μακρὸς
1586 1772 1704 1832 τοῖς
1732 1769 1910 1836 οὕτως

310 1851 631 1920 ἐμπαοέσιν
685 1851 839 1906 αἰών.
886 1854 977 1905 Διὸ
1014 1854 1107 1906 τὸν
1163 1854 1277 1924 βίον
1325 1858 1542 1926 αὐτοῖς,
1596 1860 1672 1924 ὡς
1706 1863 1799 1917 ἐπὶ
1848 1866 1909 1918 τὸ

310 1943 599 2008 πλεῖστον,
627 1947 708 2007 είς
756 1945 929 1999 εἴκοσι
961 1947 1058 2000 καὶ
1092 1947 1290 2001 ἑκατὸν
1339 1950 1480 2003 ἐτῶν
1509 1951 1747 2024 ἀριθμὸν
1778 1973 1907 2008 συν-

307 2033 496 2104 τεμῶ.
538 2036 650 2088 Καὶ
675 2034 806 2104 γοῦν
849 2035 969 2090 κατ’
1008 2037 1193 2106 ὀλίγον
1233 2040 1413 2095 αὐτῶν
1449 2042 1908 2116 ύποτεμνομένων

307 2124 424 2195 τὴν
457 2125 624 2197 ζωὴν,
668 2129 749 2189 είς
778 2127 1035 2181 τοσοῦτον
1075 2130 1247 2202 αὐτὴν
1284 2132 1378 2185 ἐπὶ
1406 2133 1513 2187 τῶν
1546 2138 1907 2208 πατριαρχῶν

306 2216 511 2271 λοιπὸν
561 2219 937 2288 κατεστήσατο
978 2221 1192 2291 χρόνον.
1238 2221 1425 2295 Ταύτῃ
1476 2241 1541 2293 γε
1596 2225 1705 2297 μὴν
1746 2229 1906 2298 ἡμῶν

304 2311 381 2379 τῇ
423 2306 639 2361 ἐκθέσει
682 2313 969 2379 συμφωνεῖ
1010 2313 1107 2365 καὶ
1156 2312 1661 2383 Ἰώσηπος,,οὖτως
1694 2319 1902 2372 εἰπών·

312 2419 333 2452 ι
379 2401 757 2471 Συνετέμνετο
789 2402 900 2473 γὰρ
934 2404 1034 2473 ἤδη
1068 2406 1180 2467 τοῖς
1218 2404 1534 2476 ἀνθρώποις
1559 2407 1621 2460 τὸ
1648 2407 1771 2479 ζῇν,
1802 2414 1898 2465 καὶ

307 2492 660 2564 βραχύτερον
691 2495 900 2561 ἐγίνετο
958 2497 1121 2565 μέχρι
1167 2496 1269 2564 τῆς
1318 2499 1564 2563 Μωσέως
1593 2502 1900 2569 γενέσεως,

305 2583 519 2636 ἑκατὸν
553 2584 649 2652 ἐτη
682 2584 815 2655 πρὸς
845 2588 959 2650 τοῖς
997 2587 1171 2638 εἴκοσι
1201 2586 1485 2658 ζήσαντες.
1524 2609 1544 2642 ι
1597 2591 1819 2665 Ἐπειδὴ
1846 2593 1903 2646 δὲ

303 2674 581 2745 ᾠήθησαν
614 2690 759 2738 τινες
790 2677 1042 2746 εἰρῆσθαι
1079 2677 1178 2747 μὲν
1216 2678 1345 2748 περὶ
1375 2680 1471 2732 τοῦ
1504 2683 1901 2756 κατακλυσμοῦ

299 2768 410 2836 τὴν
442 2765 723 2834 ἀπόφασιν
752 2767 958 2838 ταύτην
990 2771 1047 2820 ὲν
1086 2768 1167 2840 τῷ
1198 2774 1639 2846 πεντακοσιοστῷ
1669 2775 1778 2829 ἔτει
1802 2776 1899 2830 τοῦ

300 2857 438 2911 Νῶε
463 2895 479 2920 ,
516 2857 591 2921 ὡς
631 2856 819 2911 ἔκτοτε
860 2860 1002 2928 μετὰ
1043 2860 1319 2916 τοσούτων
1361 2862 1499 2916 ἐτῶν
1533 2866 1768 2937 ἀριθμὸν
1800 2870 1894 2922 ἐπο

298 2949 690 3020 αχθησομένου
711 2951 951 3024 (ἐπήχθη
968 2953 1023 3005 δὲ
1042 2969 1196 3017 ουτος
1215 2954 1599 3020 ὲξακοσιοστοῦ
1616 2958 1771 3023 ἔτους
1801 2960 1897 3014 τοῦ

2011 1782 2114 1837 est,
2159 1792 2263 1831 non
2289 1787 2372 1833 est
2402 1795 2503 1835 cur
2550 1783 2753 1843 diutius
2784 1790 2987 1860 vivant,
3036 1798 3127 1866 qui
3164 1799 3286 1857 istis
3317 1804 3601 1864 affectibus

2013 1862 2334 1923 inserviunt.
2367 1869 2481 1937 Qua
2519 1875 2585 1929 de
2613 1892 2776 1934 causa
2828 1881 2902 1936 ita
2954 1886 3123 1942 vitam
3164 1891 3376 1949 illorum
3407 1899 3601 1954 delini-

2013 1956 2110 2022 vit,
2148 1970 2207 2012 ut
2259 1977 2535 2033 nunquam
2584 1983 2868 2030 numerum
2913 1988 3129 2037 centum
3191 1985 3379 2054 viginti
3428 2007 3600 2047 anno-

2012 2061 2130 2100 rum
2167 2064 2469 2118 superaret.
2523 2057 2813 2119 lmminuta
2845 2076 2930 2122 est
2983 2072 3148 2142 igitur
3204 2080 3405 2134 sensim
3466 2085 3596 2150 vita,

2010 2138 2183 2195 donec
2212 2153 2333 2210 post
2376 2148 2813 2216 patriarcharum
2864 2138 3077 2217 aetatem
3121 2167 3206 2223 his
3247 2171 3442 2227 ﬁnibus
3478 2184 3598 2229 tan-

2009 2228 2133 2302 dem
2193 2235 2599 2295 terminaretur.
2674 2245 2770 2300 Cui
2826 2248 3262 2322 interpretationi
3319 2270 3677 2337 consentit\

2007 2318 2295 2392 Josephus,
2351 2328 2535 2386 dicens
2561 2350 2575 2386 :
2632 2352 2651 2387 ι
2680 2335 2817 2391 Nam
2849 2318 3162 2401 abbreviata
3193 2344 3278 2406 est
3310 2354 3591 2413 hominum

2008 2411 2140 2479 vita,
2164 2424 2218 2468 et
2247 2418 2502 2484 paulatim
2536 2425 2587 2478 in
2613 2424 2834 2484 brevius
2860 2448 3133 2493 coarctata
3168 2456 3339 2511 usque
3364 2449 3431 2501 ad
3464 2459 3593 2503 tent-

2006 2518 2137 2571 pora
2187 2506 2422 2580 Muysis,
2480 2517 2570 2585 qui
2627 2532 2846 2577 centum
2896 2528 3089 2598 viginti
3150 2548 3324 2591 annos
3374 2541 3529 2595 vixit.
3564 2561 3584 2594 ι

2006 2596 2232 2662 Quando
2262 2613 2441 2659 autem
2487 2610 2808 2678 quibusdam
2840 2618 3011 2674 visum
3050 2635 3132 2680 est
3174 2628 3286 2684 haec
3334 2632 3494 2688 verba
3524 2636 3590 2690 de

2005 2690 2208 2747 diluvio
2237 2696 2375 2750 dicta
2420 2700 2590 2757 fuisse
2628 2719 2772 2761 anno
2798 2708 2912 2765 Noe
2946 2715 3401 2789 quingentesimo,
3432 2729 3591 2794 quasi

2005 2782 2132 2836 illud
2166 2798 2286 2854 post
2313 2802 2531 2847 centum
2593 2798 2774 2867 viginti
2828 2818 2998 2861 annos
3052 2821 3368 2869 eventurum
3420 2830 3586 2887 esset,

2003 2874 2102 2928 hoc
2128 2892 2256 2932 vero
2300 2896 2443 2937 anno
2487 2883 2599 2940 Noe
2637 2896 3033 2954 sexcentesimo
3071 2900 3273 2959 factum
3301 2919 3404 2976 est,
3438 2911 3590 2969 dixe-

2003 2978 2128 3021 runt
2166 2971 2237 3024 illi
2270 2973 2436 3028 Deum
2471 2980 2695 3035 consilia
2724 2999 2819 3038 sua
2858 2987 3044 3056 viginti
3093 3010 3267 3053 annos
3313 3010 3440 3056 ante
3468 3014 3587 3058 sta-

298 3040 485 3112 Νῶε),
526 3043 968 3113 συλλογιζόμενοι
1004 3045 1096 3099 τὸν
1142 3048 1360 3117 χρόνον,
1395 3048 1606 3119 ἔφησαν
1637 3056 1894 3124 προειλη-

3093 3038 3267 3053 -....υ.,
3313 3038 3440 3056 ...ην
3468 3038 3587 3058 εισι-

2005 3069 2175 3115 ιυιιιιη
2230 3072 2442 3136 tempus
2474 3074 2823 3138 prtevenisse.
2878 3079 2975 3133 Ast
3019 3082 3160 3139 istud
3211 3092 3434 3146 omnino
3491 3096 3588 3150 ab-

297 3137 469 3206 φέναι
506 3135 597 3188 τὸν
636 3135 769 3190 Θεὸν
803 3139 980 3193 εἴκοσι
1015 3139 1160 3194 ἔτεσι
1201 3143 1302 3212 τὴν
1346 3144 1556 3197 οἰκείαν
1594 3146 1893 3216 ἀπόφασιν.

297 3231 491 3300 Ὅπερ
524 3232 642 3284 ἐστὶ
691 3232 1043 3287 παντάπασιν
1075 3234 1431 3291 ἀτοπώτατον
1457 3280 1470 3303 ,
1504 3238 1598 3291 τοῦ
1629 3240 1765 3293 Θεοῦ
1795 3244 1896 3303 τὰς

293 3322 583 3393 τιμωρίας
613 3322 700 3375 ἀεὶ
728 3322 1112 3393 βραδύνοντος,
1136 3327 1231 3379 καὶ
1270 3329 1719 3399 ἀναϐαλλομένου
1760 3333 1896 3401 μᾶλ-

287 3413 406 3477 λον,
444 3413 519 3466 οὐ
550 3413 1057 3482 προλαμϐάνοντος.
1103 3416 1281 3470 Ἔνιοι
1321 3418 1420 3486 μὲν
1453 3414 1547 3473 οῦν
1590 3422 1892 3493 προσιέμε-

285 3522 369 3558 νοι
400 3503 624 3573 ταύτης
660 3505 758 3574 τῆς
789 3507 1088 3577 ἑρμηνείας
1140 3509 1209 3560 τὰ
1232 3511 1495 3581 πρότερα,
1528 3513 1623 3565 καὶ
1655 3530 1889 3585 συνομο-

281 3597 641 3667 λογήσαντες
668 3596 767 3664 τὴν
787 3598 1226 3667 προεγκειμένην
1250 3600 1548 3668 ἀπόφασιν,
1577 3603 1679 3672 τὴν
1695 3604 1762 3656 ἐκ
1793 3604 1887 3657 τοῦ

283 3686 700 3754 κατακλυσμοῦ
753 3691 866 3752 τοῖς
920 3688 1235 3760 ἀνθρώποις
1306 3690 1554 3762 ὀλέθριον
1630 3693 1883 3764 ἀπειλὴν,

291 3782 432 3851 πρὸς
463 3778 541 3831 τὰ
578 3777 730 3845 ὲξῆς,
762 3777 831 3829 τὰ
867 3778 998 3842 περὶ
1043 3778 1142 3844 τῆς
1170 3777 1263 3829 τοῦ
1291 3779 1485 3848 χρόνου
1523 3784 1669 3851 φημὶ
1693 3784 1893 3852 προθε-

295 3872 469 3941 σμίας
490 3910 504 3932 ,
545 3868 996 3937 ἁντιϐεϐήκασιν.
1027 3868 1163 3920 Ούδὲ
1196 3869 1307 3939 γὰρ
1343 3871 1486 3924 κατᾶ
1519 3872 1579 3923 τὸ
1620 3890 1889 3927 πεντακο-

295 3964 514 4014 σιοστὸν
552 3958 674 4019 ἔτος
706 3957 799 4010 τοῦ
828 3957 952 4011 Νῶέ
980 3975 1115 4026 φασι
1149 3960 1321 4013 ταῦτα
1349 3961 1570 4025 πάντως
1596 3965 1770 4017 εἰπεῖν
1797 3965 1888 4019 τὸν

293 4055 450 4115 Θεὸν,
486 4051 597 4105 κᾶν
632 4050 681 4102 εἰ
715 4049 1004 4119 προλαϐὼν
1034 4052 1062 4104 ὀ
1110 4052 1465 4122 συγγραφεὺς
1498 4053 1602 4125 ἔφη
1648 4056 1741 4121 τὸ,
1779 4053 1891 4112 Ἦν

292 4145 423 4198 Νῶε
451 4139 609 4195 ἐτῶν
637 4142 1056 4194 πεντακοσίων
1078 4157 1092 4171 ·
1128 4141 1259 4194 ὅθεν
1299 4144 1419 4196 οὐδὲ
1451 4145 1588 4215 πρὸς
1631 4146 1725 4199 τὸν
1764 4147 1888 4202 Νῶε

293 4235 387 4285 τὸν
447 4231 587 4284 Θεὸν
649 4229 791 4284 αὐτὰ
854 4230 1067 4300 φῆσαι·
1124 4231 1548 4303 ἁπολελυμένως
1602 4235 1660 4289 δὲ
1712 4236 1888 4301 οὕτως

294 4325 509 4388 ἁπλῶς,
544 4322 623 4386 ὡς
652 4322 905 4376 ἐντεῦθεν
934 4319 1077 4376 εἶναι
1116 4328 1488 4395 στοχάσασθαι
1523 4329 1724 4399 μᾶλλον
1754 4331 1883 4384 ἀκό-

291 4415 511 4473 λουθον,
563 4413 757 4482 ὅτιπερ
783 4411 958 4477 εἰκὸς,
994 4411 1175 4481 πολλῷ
1200 4413 1469 4484 πρότερον
1492 4416 1587 4468 καὶ
1616 4417 1724 4469 τῶν
1750 4419 1881 4471 ἐκα-

295 4507 387 4559 τὸν
418 4507 594 4558 εἴκοσι
628 4503 764 4558 ἐτῶν
799 4504 1157 4575 ἐξενηνέχθαι
1190 4508 1344 4576 παρὰ
1378 4506 1513 4560 Θεοῦ
1545 4508 1648 4580 τὴν
1672 4510 1887 4578 ἀπόφα-

298 4615 407 4661 σιν,
439 4599 505 4669 ἣν
533 4598 669 4666 πρὸς
696 4596 788 4649 τὸν
819 4598 940 4650 Νῶε
965 4601 1139 4651 εἰπεῖν
1159 4599 1250 4651 τὸν
1277 4599 1429 4664 Θεὸν,
1457 4600 1553 4653 καὶ
1583 4602 1676 4653 ἐπὶ
1718 4604 1886 4673 πέρας

299 4689 506 4741 ἐθέλειν
537 4689 639 4759 ἤδη
664 4691 1024 4757 προαγαγεῖν.
1052 4688 1209 4742 Οὕτω
1239 4691 1338 4759 μὲν
1364 4690 1457 4744 οῦν
1484 4689 1615 4744 ἔνιοι
1644 4692 1745 4761 τῆς
1777 4686 1884 4747 τῶν

297 4797 461 4833 τινων
491 4779 787 4849 ἑρμηνείας
813 4781 1300 4835 ἀποσκευάσασθαι
1330 4783 1391 4835 τὸ
1423 4782 1623 4837 ἄτοπον
1654 4785 1879 4855 ἐπειρὰ-

2000 3159 2247 3223 surdum,
2275 3177 2398 3214 nam
2424 3165 2687 3234 supplicia
2718 3169 2897 3226 diﬂ'ert
2940 3174 3079 3232 Deus
3111 3194 3347 3250 semper,
3373 3202 3437 3241 ac
3466 3204 3584 3244 mo-

2001 3260 2147 3302 ratur
2171 3253 2351 3319 potius
2388 3270 2548 3323 quam
2577 3274 2848 3329 properet.
2896 3266 2999 3322 Alii
3032 3271 3215 3338 igitur,
3245 3276 3385 3331 hanc
3414 3278 3584 3336 inter-

1997 3342 2356 3407 pretationem
2397 3349 2572 3415 quoad
2616 3352 2850 3418 priorem
2907 3369 3114 3425 partem
3162 3367 3478 3435 probantes,
3526 3385 3583 3427 et

1995 3434 2247 3497 praedicta
2287 3439 2451 3492 verba
2479 3442 2546 3493 ad
2590 3443 2811 3497 exitium
2867 3447 3146 3505 hominum
3188 3469 3284 3522 per
3318 3459 3577 3516 diluvium

1994 3522 2332 3589 referentes,
2390 3533 2745 3598 posteriorem
2803 3550 3007 3604 partem
3065 3558 3413 3615 respuerunt,
3471 3568 3579 3623 qua

1996 3619 2206 3680 tempus
2260 3621 2738 3682 przenuntiaretur.
2795 3625 2922 3684 Haec
2984 3634 3163 3702 enim,
3227 3637 3416 3705 aiunt,
3473 3660 3579 3696 mm

1994 3704 2219 3765 protulit
2253 3706 2392 3760 Deus
2415 3723 2559 3762 anno
2584 3712 2696 3767 Noe
2744 3720 3205 3787 quingentesimo,
3252 3729 3378 3785 licet
3404 3704 3578 3799 paulo

1991 3792 2240 3856 superius
2262 3793 2494 3862 scriptor
2523 3799 2720 3854 dixerit
2758 3804 2928 3861 illud:
2988 3810 3123 3865 Erat
3160 3813 3275 3869 Noe
3312 3836 3575 3876 annorum

1989 3882 2428 3948 quingentorum;
2479 3902 2577 3943 nec
2629 3891 2749 3946 ideo
2796 3896 2879 3950 his
2929 3899 3102 3967 ipsum
3152 3904 3265 3960 Noe
3311 3912 3576 3970 allocutus

1989 3979 2102 4038 est;
2136 3973 2232 4026 sed
2276 3974 2521 4031 absoluta
2569 3996 2634 4035 ac
2666 3984 2801 4037 adeo
2831 3992 3067 4055 generali
3108 3996 3321 4052 ratione
3364 4005 3574 4069 prolata

1990 4074 2139 4128 sunt,
2163 4074 2217 4120 et
2244 4081 2349 4121 non
2382 4068 2483 4124 nisi
2533 4075 2844 4140 conjectura
2897 4081 3122 4153 intelligi
3170 4068 3408 4157 potuerit
3445 4099 3575 4164 quid

1989 4155 2335 4227 significent;
2369 4171 2446 4227 ut,
2476 4165 2550 4218 uti
2582 4166 2828 4234 decebat,
2859 4171 3017 4242 longe
3044 4155 3183 4232 ante
3203 4181 3325 4237 illos
3353 4196 3573 4243 centum

1992 4245 2178 4312 viginti
2213 4264 2384 4305 annos
2426 4253 2589 4320 edita,
2641 4272 2762 4326 qua:
2794 4276 2899 4315 non
2948 4267 3095 4332 prius
3144 4269 3256 4324 Noe
3312 4276 3574 4335 revelavit

1989 4354 2149 4407 quam
2184 4343 2468 4397 consilium
2496 4345 2608 4414 jam
2631 4349 2972 4417 perfecturus
3004 4369 3169 4413 esset.
3202 4362 3380 4418 Hocce
3411 4371 3571 4425 modo

1990 4433 2166 4485 conati
2224 4445 2352 4488 sunt
2430 4439 2671 4494 nonnulli
2727 4442 3229 4515 interpretationem
3293 4456 3440 4510 illam
3500 4462 3572 4514 ab

1985 4524 2131 4577 omni
2163 4526 2391 4581 crimine
2426 4529 2679 4586 liberare.
2711 4532 2823 4604 Ego
2849 4551 2978 4592 vero
3005 4543 3204 4598 seriem
3247 4545 3386 4602 hanc
3413 4549 3571 4607 inde-

1984 4610 2190 4666 ﬁnitam
2240 4617 2521 4682 omittens,
2570 4622 2921 4681 verisimilius
2968 4641 3120 4697 puto,
3148 4641 3203 4687 et
3255 4637 3454 4702 verius,
3502 4657 3569 4697 ac

1984 4705 2154 4758 multo
2232 4708 2403 4775 magis
2468 4710 2685 4766 obvium
2764 4715 2990 4785 dicere,
3063 4722 3347 4782 Sententia
3410 4731 3564 4788 hac:

1982 4791 2155 4847 Erunt
2190 4806 2365 4850 autem
2395 4800 2506 4853 dies
2536 4817 2717 4857 eorum
2752 4818 2960 4861 centum
2998 4813 3185 4882 viginti
3233 4820 3384 4883 anni,
3441 4838 3568 4892 spe—

300 4870 497 4940 Θησαν.
534 4869 676 4938 Ἐγὼ
707 4871 761 4923 δὲ
785 4872 877 4923 τὸν
912 4873 1080 4925 πολὺν
1104 4873 1303 4927 κύκλον
1334 4876 1551 4945 παρεὶς,
1580 4877 1884 4928 πιθανώτε-

1998 4891 2088 4937 :tat
2108 4886 2175 4939 ad
2206 4884 2409 4956 ﬂagitia
2440 4890 2675 4947 filiorum
2698 4894 2852 4964 Seth,
2885 4910 2940 4955 et
2965 4869 3128 4958 vitam
3161 4923 3347 4963 eorum
3379 4869 3571 4970 deﬁrnit

302 4961 393 5030 ρόν
420 4977 478 5012 τε
496 4956 674 5029 οἶμαι,
694 4964 787 5015 καὶ
812 4963 1198 5035 ἀληθέστερον,
1215 4967 1310 5019 καὶ
1331 4966 1485 5036 παρὰ
1514 4966 1651 5020 πόδα
1675 4967 1879 5035 μᾶλλον

299 5052 429 5102 αὐτὸ
460 5054 1015 5121 προηρμηνευκέναι·
1051 5057 1259 5127 ταύτην
1295 5058 1395 5127 μὲν
1441 5057 1721 5126 ἀπόφασιν
1753 5059 1872 5129 τὴν,

301 5143 585 5193 Ἔσονται
627 5147 685 5196 αἱ
736 5143 948 5211 ἡμέραι
996 5149 1195 5200 αὐτῶν
1237 5149 1460 5203 ἑκατόν
1510 5151 1705 5203 εἴκοσι
1747 5150 1874 5218 ἔτη,

298 5224 595 5292 γενομένην
633 5229 722 5279 ἐπὶ
752 5233 817 5298 τῇ
853 5235 1077 5303 πορνείᾳ
1109 5234 1218 5286 τῶν
1244 5237 1309 5287 ὲκ
1335 5235 1429 5289 τοῦ
1464 5236 1594 5307 Σὴθ,
1620 5238 1749 5307 περ)⁹
1775 5238 1876 5309 τῆς

291 5316 401 5366 τῶν
436 5316 731 5383 μετέπειτα
760 5321 905 5390 ζωῆς
936 5325 1298 5394 ἐκδεξάμενος
1319 5367 1333 5391 ,
1372 5330 1436 5381 ού
1472 5331 1602 5400 περὶ
1623 5331 1730 5384 τῶν
1764 5332 1870 5404 πρὸ

293 5404 385 5456 τοῦ
417 5407 824 5478 κατακλυσμοῦ,
858 5415 950 5465 καὶ
982 5416 1147 5486 μέχρι
1180 5417 1275 5469 τοῦ
1310 5420 1698 5493 κατακλυσμοῦ
1725 5438 1739 5453 ⁶
1768 5424 1867 5494 τὴν

1988 4975 2077 5042 qui
2108 4987 2292 5043 postea
2326 4979 2568 5047 fuerunt,
2618 5000 2726 5040 non
2758 5004 2946 5045 eorum
2977 4995 3066 5062 qui
3115 5009 3241 5054 ante
3302 5003 3570 5061 diluvium

1986 5074 2079 5119 aut
2122 5082 2292 5137 usque
2344 5072 2413 5126 ad
2460 5075 2715 5133 diluvium
2766 5082 3039 5141 vixerunt.
3092 5087 3185 5144 illa
3234 5107 3414 5150 autem
3461 5099 3567 5154 alia

1986 5159 2254 5213 sententia
2292 5161 2385 5215 Dei
2410 5165 2642 5224 dicentis
2666 5208 2683 5235 ,
2715 5171 2910 5230 Delebo
2932 5179 3216 5245 hominem,
3256 5201 3409 5252 quem
3438 5187 3564 5255 feci,

1986 5265 2017 5301 a
2043 5250 2182 5319 facie
2226 5263 2402 5322 terra,
2437 5257 2559 5314 ideo
2589 5261 2717 5318 data
2768 5268 2909 5333 quod
2944 5269 3190 5328 homines
3219 5290 3247 5326 a
3269 5250 3566 5332 deteriori-

1981 5341 2085 5396 bus
2146 5344 2213 5397 ad
2268 5345 2562 5403 deterrima
2594 5353 2997 5424 delaberentur,
3035 5363 3346 5418 universam
3382 5385 3560 5423 rerum

1980 5434 2217 5490 omnium
2247 5452 2348 5506 per
2394 5441 2650 5498 diluvium
2675 5446 2886 5501 ruinam
2920 5449 3173 5507 intendit.
