4068 6126
276 325 408 389 1645

1369 325 1450 386 IN
1487 325 1817 387 GENESIN
1859 326 2343 388 FRAGMENTA.

3394 324 3531 390 16-16

272 436 339 487 “ll
361 434 442 495 τὸ,
465 430 874 500 κατοικησάτω
898 433 968 487 ὲν
994 431 1119 499 τοῖς
1134 433 1323 499 οἴκοις
1342 434 1449 488 τοῦ
1469 433 1600 503 Σὴμ
1617 438 1650 489 ό
1675 436 1821 503 Θεὸς

1950 436 2101 499 illud,
2133 435 2328 488 habitet
2374 436 2428 487 in
2474 433 2715 489 domibus
2748 433 2869 490 Sem
2913 433 3072 500 Deus,
3107 432 3211 491 hoc
3245 434 3527 491 declarare

270 529 388 581 ἀντὶ
413 524 530 589 τοῦ,
563 526 648 578 ἵνα
681 520 981 598 ᾖτοιοῦτόν
1001 542 1053 579 τι
1085 527 1145 579 τὸ
1178 525 1491 597 λεγόμενον,
1528 532 1611 586 ὅτι
1647 529 1719 586 Εὖ
1747 535 1813 604 μὲ

1952 527 2186 592 videtur,
2243 529 2411 582 Deum
2452 527 2665 597 quidem
2713 526 2947 596 Japhctb
2983 527 3528 597 benignesusccptu-

269 618 491 688 ποιήσαι
539 619 568 670 ὁ
613 616 743 680 Θεὸς
798 617 891 671 καὶ
961 617 1141 686 Ἱάφεθ
1174 659 1187 681 ,
1247 618 1469 673 ἀπασαν
1522 620 1706 691 μέντοι
1751 623 1821 694 τὴ

1952 636 2106 685 rum,
2169 622 2261 675 sed
2319 623 2593 694 praecipuo
2652 632 2829 674 tamen
2887 619 3068 675 studio
3124 620 3338 675 domum
3400 619 3529 674 Scm

266 708 465 763 ἑαυτοῦ
495 710 754 780 πρόνοιαν
783 709 1054 780 παράσχοι
1087 709 1289 781 μᾶλλον
1315 710 1394 781 τῷ
1416 710 1552 783 οἴκῳ
1579 714 1671 769 τοῦ
1700 717 1842 787 Σήμ.

852 820 1103 875 ΚΕΦΔΔ.
1146 820 1243 875 ΙΔ’.

347 929 366 963 ι
412 911 862 980 Παραγενόμενος
882 910 940 965 δέ
974 929 1059 974 τις
1091 911 1198 966 τῶν
1226 913 1637 982 ἀνασωθέντων,
1675 920 1845 991 ἀνήγ-

264 1002 448 1071 γειλεν
476 1003 699 1073 Ἀϐραμ
718 1001 799 1073 τῷ
830 1004 1060 1075 περάτῃ.
1101 1022 1124 1056 ι

339 1096 589 1166 Περάτην
617 1095 674 1149 δὲ
708 1096 1095 1166 ὲπωνόμαζον,
1125 1096 1213 1150 διὰ
1243 1097 1304 1151 τὸ
1333 1100 1714 1169 περαιωθέντα
1741 1104 1842 1174 τὴν

267 1186 440 1256 μέσην
500 1186 609 1240 τῶν
668 1185 932 1256 ποταμῶν
982 1188 1120 1257 πρὸς
1167 1189 1363 1252 αὐτοὺς
1405 1189 1579 1255 οὕτως
1641 1192 1837 1248 ἐλθεῖν.

1948 710 2265 765 refotnrum.

2565 824 2720 884 CAP.
2760 824 2896 880 XIV.

2021 918 2182 974 Ἴης.
2217 919 2304 973 15.
2351 936 2368 965 ι
2394 917 2702 972 Adveniens
2744 928 2925 971 autem
2963 932 3172 980 eorum,
3219 917 3310 987 qui
3342 930 3526 972 evase-

1947 1019 2094 1069 runt.
2129 1011 2346 1079 quidam
2383 1009 2651 1063 nuntiavit
2680 1009 2881 1061 Abram
2912 1007 3211 1061 transitori.
3246 1026 3263 1058 ο

2017 1099 2306 1155 'l‘ransitor
2338 1098 2645 1163 dicebatur,
2682 1098 2806 1167 quia
2836 1113 2930 1153 eos
2962 1112 3066 1152 non
3101 1098 3200 1152 nisi
3241 1101 3528 1154 transactis

1944 1190 2258 1245 ﬂuminibus
2313 1190 2463 1244 adire
2514 1196 2749 1259 poterat.
2795 1188 3020 1259 Syriaco
3069 1204 3325 1246 sermone
3358 1191 3525 1262 signi.

267 1274 527 1344 Περὰτης
553 1276 610 1329 δὲ
641 1275 785 1330 κατὰ
815 1276 916 1346 τὴν
945 1275 1053 1329 τῶν
1080 1276 1268 1348 Σύρων
1305 1278 1553 1347 γλῶτταν
1590 1281 1821 1355 Ἑϐραῖοι

1946 1280 2071 1334 ﬂeat
2108 1296 2209 1333 vox
2252 1282 2512 1334 lransitor
2550 1282 2688 1335 idem
2734 1294 2800 1334 ac
2850 1278 3132 1346 Hebraeus,
3180 1284 3322 1338 unde
3366 1300 3526 1338 omne

262 1366 761 1439 προσαγορεύεταιο
794 1366 916 1420 ὅθεν
965 1368 1150 1421 καὶτὸ
1196 1367 1255 1435 ἐξ
1286 1370 1453 1423 αὐτοῦ
1495 1372 1651 1443 γένος
1694 1374 1840 1429 ᾶπαν

262 1459 460 1513 συστὰν
483 1460 583 1530 τὴν
619 1457 938 1529 ἐπωνυμίαν
963 1458 1166 1528 ταύτην
1200 1459 1440 1525 ἐδέξατο.

839 1568 1095 1622 ΚΕΦΑΛ.
1140 1562 1241 1623 IE'.

332 1695 350 1728 ι
392 1677 558 1744 Λέγει
586 1676 832 1748 Ἂόραμ,
857 1678 1122 1743 Δέσποτα,
1155 1680 1207 1733 τί
1233 1697 1323 1751 μοι
1348 1681 1536 1747 δώσεις
1561 1700 1576 1749 ;
1612 1686 1755 1752 Ἐγὼ
1779 1687 1837 1741 δὲ

258 1768 566 1838 ἀπολύομαι
598 1768 846 1832 ἄτεκνος.
880 1787 898 1820 ι

323 1860 437 1913 Οὐκ
485 1860 604 1927 είμὶ
632 1860 882 1913 τουτέστι
928 1862 1031 1932 τῆς
1077 1863 1263 1933 κοινῆς
1307 1865 1524 1935 φύσεως
1568 1872 1836 1938 κρείττων

256 1948 365 2017 ἐγὼ
389 1990 405 2016 ,
435 1950 551 2004 ἀλλ’
597 1951 812 2022 ἀνάγκη
848 1951 994 2022 κάμὲ
1039 1953 1131 2007 τὸν
1164 1954 1298 2025 βίον,
1336 1956 1412 2019 ὡς
1440 1960 1565 2022 τοὺς
1611 1960 1834 2025 λοιποὺς

252 2040 605 2111 ἀνθρώπους,
640 2041 972 2108 ὑπεξελθεῖν.
1008 2043 1075 2097 Τί
1105 2046 1287 2099 τοίνυν
1333 2064 1421 2115 μοι
1450 2049 1560 2104 τῶν
1590 2052 1696 2105 ὑπὸ
1736 2054 1830 2107 σοῦ

251 2131 628 2201 δοθησομένων
670 2132 732 2185 τὸ
786 2133 977 2203 ὄφελος
1022 2136 1212 2191 ἂπαιδι
1243 2138 1583 2205 καθεστῶτι,
1634 2145 1725 2198 καὶ
1775 2146 1834 2210 ἐξ

251 2222 493 2277 ἐμαυτοῦ
521 2224 629 2277 τῶν
658 2224 808 2296 ὲμῶν
833 2227 894 2278 οὐ
928 2227 1312 2285 καταλείποντι
1343 2231 1683 2307 κληρονόμον
1712 2255 1724 2302 ;

848 2338 1100 2393 ΚΕΦΔΛ.
1141 2341 1240 2395 ΙΖ’.

323 2486 342 2519 ι
379 2467 491 2521 Καὶ
524 2467 661 2538 αὓτη
692 2468 1011 2541 ήδιαθήκη,
1044 2473 1111 2544 ἣν
1141 2472 1493 2547 διατηρήσεις
1525 2481 1631 2535 ἀνά
1666 2484 1833 2554 μέσον

250 2555 383 2626 ἐμοῦ
415 2557 509 2610 καὶ⁸
561 2558 713 2628 ὑμῶν
740 2597 755 2623 ,
788 2560 881 2612 καὶ
914 2562 1017 2615 ἀνά
1054 2562 1220 2632 μέσον
1248 2563 1342 2618 τοῦ
1386 2569 1701 2641 σπέρματός
1735 2594 1829 2630 σου

253 2647 389 2716 μετά
436 2649 493 2700 σὲ
546 2651 626 2712 είς
675 2649 774 2713 τὰς
831 2652 1022 2720 γενεάς
1075 2653 1294 2708 αὐτῶν·
1355 2662 1829 2736 περιτμηθήσεται

249 2738 403 2809 ὑμῶν
433 2740 541 2793 πᾶν
572 2741 878 2810 ἀρσενικόν.
925 2764 944 2795 ›
992 2809 999 2814 Ι

321 2829 506 2921 Ἄξιον
537 2831 770 2904 ζητῆσαι
802 2837 857 2887 τί
897 2836 1095 2908 δήποτε
1143 2842 1217 2913 μὴ
1261 2844 1355 2896 ἐπὶ
1398 2846 1497 2916 τῆς
1524 2851 1829 2921 γεννήσεως

245 2919 340 2973 τοῦ
384 2921 601 2993 Ἰσραὴλ
640 2925 710 2988 8‘,
746 2924 863 2978 ἀλλ’
893 2928 985 2980 ἐπὶ
1015 2932 1114 3001 τῆς
1158 2932 1253 2985 τοῦ
1298 2931 1483 2988 Ἰσαάκ
1512 2919 1697 2993 δίδωσι
1729 2942 1826 3013 τὴν

246 3014 568 3084 περιτομὴν,
621 3017 864 3086 καίτοιγε
911 3018 1209 3088 μέλλουσαν
1265 3025 1357 3079 ἐπὶ
1398 3028 1519 3092 ταῖς
1563 3030 1827 3098 Παλαιαῖ;

1942 1387 2111 1440 genus
2130 1371 2342 1426 Abram
2378 1373 2479 1429 hoc
2500 1372 2717 1427 nomine
2753 1376 3002 1428 vocatum
3037 1385 3142 1430 est.

2574 1565 2726 1622 CAP.
2762 1565 2882 1624 XV.
2950 1579 2954 1585 '

2008 1674 2170 1731 Vens.
2210 1675 2264 1731 2.
2310 1696 2329 1729 ι
2370 1678 2510 1732 Dicit
2555 1685 2732 1733 autem
2774 1679 2974 1733 Abram
3014 1698 3028 1734 :
3078 1662 3348 1746 Domine,
3393 1681 3521 1752 quid

1866 1775 1907 1830 Β
1938 1766 2069 1819 mihi
2106 1764 2296 1821 dabis?
2322 1764 2436 1837 Ego
2460 1778 2638 1822 autem
2676 1756 2917 1824 dimittor
2949 1769 3068 1824 sine
3096 1769 3304 1825 liberis.
3328 1787 3348 1822 ι

2001 1854 2118 1911 Non
2150 1871 2267 1910 sum
2317 1858 2526 1913 scilicet
2560 1861 2774 1914 caeteris
2808 1873 2998 1915 natura
3033 1862 3394 1930 praestantior,
3425 1863 3521 1914 sed

1939 1948 2069 2002 mihi
2106 1948 2245 2003 sicut
2271 1957 2324 2004 et
2349 1951 2564 2004 caeteris
2601 1953 2668 2005 de
2720 1953 2829 2006 vita
2868 1953 3172 2006 exeundum
3219 1961 3322 2007 est.
3375 1950 3519 2021 Quid

1940 2039 2104 2108 igitur
2157 2040 2288 2094 mihi
2342 2040 2500 2096 donis
2540 2043 2643 2096 tuis
2687 2056 2847 2111 opus,
2891 2056 3014 2097 cum
3058 2043 3243 2098 liberis
3275 2057 3515 2108 caream,

1937 2140 1990 2184 et
2023 2130 2290 2186 baeredem
2315 2135 2549 2202 partium
2587 2147 2827 2188 mearum
2863 2148 2970 2190 non
3002 2133 3270 2190 habeam?

2548 2330 2702 2386 CAP.
2741 2330 2905 2387 XVII.

2009 2468 2172 2524 Vsus.
2214 2468 2303 2523 10.
2354 2487 2373 2520 ς
2409 2468 2475 2523 Ει
2501 2469 2601 2525 hoc
2627 2478 2708 2525 est
2737 2479 2954 2540 pactum
2987 2473 3129 2541 quod
3153 2471 3515 2527 obscrvabitis

1959 2561 2103 2616 inter
2131 2575 2217 2616 me
2247 2570 2300 2616 et
2332 2576 2454 2627 vos,
2488 2564 2541 2616 et'
2566 2566 2749 2619 semen
2780 2572 2926 2616 tuum
2969 2574 3089 2632 post
3122 2573 3174 2618 te
3204 2564 3254 2618 in
3286 2578 3517 2634 genera-

1938 2657 2114 2709 tiones
2162 2668 2348 2708 eorum
2379 2670 2392 2706 :
2420 2655 2839 2710 circumcidelur
2888 2670 2954 2711 ex
2993 2655 3145 2711 vobis
3193 2670 3353 2712 orline
3399 2670 3514 2709 ma-

1934 2747 2226 2801 sculinum.
2264 2764 2283 2797 ι

2002 2837 2385 2908 lnquirendum
2420 2846 2503 2893 est
2537 2852 2635 2893 cur
2675 2847 2932 2893 nascente
2980 2836 3131 2893 Isaac
3165 2838 3512 2894 circumcisio

1934 2930 2111 2992 detur,
2140 2938 2194 2982 et
2224 2943 2328 2982 non
2369 2928 2546 2997 potius
2577 2928 2797 2997 quando
2830 2926 3025 2983 Ismael
3056 2937 3213 2985 natus
3247 2938 3348 2994 est,
3389 2946 3511 2984 cum

1934 3032 2111 3075 tamen
2148 3023 2289 3076 inter
2322 3021 2513 3076 Vetera
2542 3021 2887 3078 Testamenta
2933 3023 3341 3076 annumeranda
3371 3033 3507 3077 erat.

242 3103 491 3171 γίνεσθαι
518 3107 836 3178 Διαθὴκαις.
872 3111 1275 3182 Λίνιττὸμενος,
1307 3117 1430 3187 ἐμοὶ
1457 3118 1622 3186 δοκεῖ,
1657 3123 1716 3176 τὸ
1744 3126 1821 3188 εὶς

1933 3112 2043 3167 ΙΙυο
2068 3114 2343 3178 iunnebat,
2362 3115 2411 3168 ni
2432 3112 2608 3178 fallor,
2627 3114 3093 3169 circumcisionem
3115 3113 3177 3168 ad
3201 3128 3512 3184 praaparau-

245 3196 343 3264 μὲν
377 3198 845 3271 προπαρασκευὴν
904 3201 1002 3271 τῆς
1054 3205 1278 3275 χάριτος
1311 3208 1480 3281 αὐτὴν
1526 3214 1819 3280 συντελεῖν,

236 3284 406 3360 αὐτὴν
434 3287 493 3342 δὲ
530 3289 653 3343 καθ’
694 3290 894 3362 ἑαυτὴν
925 3293 1023 3362 οὐχ
1065 3294 1183 3348 οἵαν
1207 3314 1265 3349 τε
1304 3288 1440 3353 εἶναι
1481 3302 1616 3371 πρὸς
1649 3305 1822 3376 πέρας

230 3379 384 3468 ἄγειν
422 3381 529 3451 τὴν
562 3381 847 3451 εὐλογίαν·
898 3383 1018 3437 οὐδὲ
1059 3388 1168 3456 μὴν
1214 3389 1277 3441 ἐκ
1325 3390 1426 3460 τῆς
1461 3393 1605 3447 κατά
1652 3397 1818 3468 νόμον

230 3467 516 3534 πολιτείας
564 3471 717 3535 τέλος
767 3472 1027 3526 δύνασθαι
1074 3476 1265 3531 λαϐεῖν
1308 3479 1408 3542 τὰς
1458 3467 1814 3553 ἐπαγγελίας.

226 3560 494 3615 Τοσοῦτον
538 3563 648 3634 γὰρ
675 3565 913 3636 ἀπέσχον
943 3567 991 3619 οἱ
1023 3568 1127 3621 ὑπὸ
1152 3569 1244 3622 τὸν
1271 3571 1435 3640 νόμον
1464 3573 1708 3643 βιοῦντες
1737 3580 1817 3641 είς

221 3653 524 3706 κοινωνίαν
558 3652 840 3723 σωτηρίας
868 3655 993 3717 τοὺς
1020 3656 1271 3718 ἑθνικοὺς
1303 3659 1660 3728 προσλαϐεῖν,
1691 3663 1817 3716 ὅσον

227 3747 484 3815 μυριάκις
544 3745 699 3798 αὐτοὶ
761 3746 897 3816 πρὸς
945 3746 1044 3815 τὴν
1095 3747 1322 3800 ἐκείνων
1372 3749 1817 3824 είδολωλατρείαν

230 3836 598 3901 ὲξεκυλίοντο.
636 3837 710 3889 Τὸ
746 3839 846 3907 μὲν
872 3833 965 3890 οὖν
1013 3838 1384 3909 ὀκταημέροις
1432 3841 1512 3895 ἔτι
1542 3839 1659 3897 οὖσι
1705 3848 1817 3906 τοῖς

234 3931 393 3980 παισὶ
423 3927 729 3999 προστάξαι
758 3926 1164 3997 προσφέρεσθαι
1196 3927 1296 3999 τὴν
1330 3934 1654 4004 περιτομὴν,
1691 3934 1816 4005 ἐδή-

234 4016 423 4083 λωσεν,
466 4021 552 4071 ὅτι
591 4017 666 4086 μὴ
699 4016 1020 4069 διδασκαλία
1054 4016 1198 4078 τινός
1243 4019 1394 4071 ἐστιν
1424 4020 1661 4092 ἀρετῆς,
1692 4023 1816 4075 ἐπεὶ

237 4109 310 4179 μὴ
351 4109 580 4177 δεκτικὴ
628 4107 870 4159 τοιούτου
922 4106 1068 4171 τινος
1111 4108 1440 4179 μαθήματος
1494 4113 1528 4182 ή
1586 4114 1810 4185 τοιαύτη

230 4201 366 4263 τέως
422 4199 760 4269 καθέστηκεν
807 4197 1018 4266 ἡλικία.
1055 4198 1289 4269 Σημείον
1330 4201 1388 4254 δὲ
1428 4203 1590 4273 μόνον
1632 4205 1813 4279 ὑπάρ-

234 4309 366 4361 χειν,
416 4290 716 4364 διακρίνειν
759 4289 1063 4360 δυνάμενον
1122 4291 1232 4345 ἀπὸ
1277 4292 1385 4348 τῶν
1435 4294 1636 4350 λοιπῶν
1681 4300 1809 4364 τοὺς

233 4386 544 4455 χρωμένους
570 4384 727 4453 αὐτῇ,
750 4381 1002 4454 καθάπερ
1026 4382 1280 4457 βασιλική
1311 4403 1396 4449 τις
1420 4391 1656 4461 σφραγὶς
1684 4395 1811 4458 τοὺς

233 4453 572 4551 στρατιώτας
599 4477 708 4529 τῶν
750 4453 982 4531 ἰδιωτῶν
1010 4453 1367 4549 ἀφορίζουσα.
1398 4453 1476 4535 Τ
1496 4453 1557 4536 δὲ
1579 4453 1684 4539 ἰέτι
1713 4453 1808 4540 τοῦ
1843 4453 1888 4509 D

233 4568 550 4636 παιδογόνου
590 4567 776 4637 μορίου
813 4567 1072 4620 κελεῦσαι
1115 4569 1278 4621 τοῦτο
1321 4573 1515 4637 ποιεῖν,
1548 4574 1807 4645 ἐμήνυεν,

229 4660 309 4713 ὅτι
359 4660 605 4729 βούλεται
638 4661 777 4729 πρὸς
810 4660 1118 4730 ὑπόμνησιν
1160 4661 1359 4726 αὐτοὺς
1388 4663 1522 4717 ίέναι
1565 4667 1804 4737 συνεχῶς

230 4752 327 4819 τῆς
358 4751 488 4820 περὶ
514 4751 731 4814 ἀὐτοὺς
774 4751 915 4821 ὑπὲρ
947 4751 1109 4819 φύσιν
1162 4754 1421 4824 προνοίας
1447 4795 1461 4819 ,
1494 4756 1614 4810 καθ’
1644 4758 1711 4828 ἢν
1749 4757 1810 4811 τὸ

229 4844 384 4908 γένος
416 4842 597 4894 αὐτῶν
624 4844 687 4894 ἐκ
720 4843 929 4913 μήτρας
950 4843 1169 4913 στείρας
1196 4861 1255 4895 τε
1279 4845 1370 4897 καὶ
1395 4848 1808 4919 νενεκρωμένης

227 4934 330 5003 ἤδη
360 4933 435 5003 τῷ
468 4933 617 5003 γήρα
645 4934 796 5006 παρά
831 4935 1011 4987 πᾶσαν
1051 4934 1377 4988 ἀκολουθίαν
1416 4940 1805 5007 συνεστήσατο.

230 5024 481 5095 Περιεῖχέ
518 5042 579 5093 γε
614 5027 718 5096 μὴν
762 5026 902 5079 κατά
942 5025 1101 5095 τοῦτο
1125 5025 1218 5078 τοῦ
1258 5027 1442 5081 Ἰσαὰκ
1485 5030 1517 5098 ἡ
1548 5029 1803 5099 γέννησις

1934 3204 2053 3258 dam
2102 3204 2330 3275 gratiam
2367 3204 2568 3268 valere,
2620 3216 2717 3272 per
2765 3206 3204 3273 seipsamantem
3238 3216 3344 3259 non
3390 3222 3509 3262 eam

1930 3309 2048 3350 esse
2095 3294 2216 3367 quae
2256 3296 2684 3351 benedictionem
2715 3301 2937 3354 omnino
2974 3304 3277 3371 perliceret.
3332 3300 3512 3372 Signi-

1933 3388 2198 3443 ticabatur
2263 3398 2525 3456 przeterea
2591 3392 3039 3447 conversantibus
3107 3394 3173 3446 ad
3239 3406 3508 3464 praecepta

1929 3478 2062 3548 legis
2093 3477 2482 3547 promissiones
2515 3478 2698 3547 perlici
2737 3494 2841 3533 non
2877 3496 3054 3549 posse.
3087 3480 3322 3537 Tantum
3362 3487 3504 3539 enim

1928 3571 2154 3623 aberant
2183 3565 2317 3636 legis
2347 3565 2727 3622 observatores
2760 3581 2790 3621 ει
2822 3570 3181 3638 perducendis
3212 3572 3279 3625 ad
3315 3573 3508 3626 salutis

1927 3666 2137 3725 partem
2173 3655 2442 3723 gentibus,
2492 3664 2554 3707 ut
2581 3654 2667 3708 vel
2696 3653 2798 3723 ipsi
2842 3655 3034 3711 millies
3072 3658 3139 3711 ad
3165 3671 3353 3712 eorum
3393 3660 3505 3714 ido-

1928 3747 2199 3800 lnlatriam
2254 3744 2653 3799 delaberentur.
2713 3744 2869 3810 Quod
2930 3755 3108 3802 autem
3176 3751 3326 3818 pueri
3380 3763 3504 3806 octo

1924 3836 2134 3889 dierum
2166 3829 2479 3885 circumcidi
2511 3830 2828 3898 jubeantur,
2851 3831 3159 3887 declaratur
3189 3836 3278 3889 illa
3302 3837 3501 3892 nullam

1926 3927 2180 3979 virtutem
2236 3920 2455 3987 doceri;
2496 3934 2622 3973 nam
2653 3921 2847 3975 tenella
2866 3923 2980 3976 haec
3014 3936 3145 3979 aetas
3178 3925 3381 3982 nullius
3417 3931 3505 3983 do-

1924 4020 2111 4076 ctrinae
2142 4015 2369 4086 hujusce
2396 4015 2611 4086 generis
2639 4027 2832 4082 capax.
2853 4013 2996 4067 Nihil
3042 4030 3170 4086 ergo
3198 4028 3393 4085 praster-
3426 4026 3501 4077 si-

1923 4124 2086 4181 gnum
2132 4115 2254 4171 est,
2300 4120 2410 4175 quo
2459 4103 2700 4172 insigniti
2749 4119 2781 4158 ιι
2839 4103 3049 4160 caeteris
3092 4106 3497 4178 discernantur,

1922 4197 2372 4271 quemadmodum
2409 4194 2679 4263 regalibus
2704 4193 3006 4263 insignibus
3048 4196 3248 4253 milites
3291 4216 3321 4254 a
3368 4202 3499 4256 civi-

1920 4295 2021 4349 bus
2044 4292 2465 4360 distingnuntnr.
2518 4284 2850 4353 Praeputium
2905 4297 3088 4342 autem
3122 4290 3243 4345 ideo
3280 4293 3500 4360 jubetur

1920 4381 2163 4453 praecidi,
2215 4388 2276 4434 ut
2329 4391 2603 4446 nunquam
2650 4377 2959 4430 meminisse
3008 4378 3260 4434 desinant
3302 4396 3362 4437 se
3414 4386 3497 4439 di-

1918 4476 2038 4530 vina
2098 4471 2443 4530 Providentia
2504 4468 2711 4533 foveri,
2767 4482 2873 4537 qua
2938 4483 3110 4539 genus
3170 4485 3363 4527 eorum
3424 4490 3491 4531 ex

1916 4577 2075 4622 utero
2103 4563 2272 4620 sterili
2304 4572 2359 4617 et
2386 4562 2543 4616 annis
2582 4559 2746 4615 etl‘eto
2769 4598 2785 4625 ,
2817 4568 3013 4629 praeter
3041 4576 3203 4616 omne
3230 4564 3491 4620 auxilium

1914 4659 2119 4717 eduxit.
2160 4656 2371 4712 Praebet
2406 4655 2570 4725 igitur
2615 4652 2729 4707 haec
2764 4652 2917 4707 Isaac
2963 4653 3218 4710 nativitas
3259 4656 3487 4726 ﬁguram

1915 4746 2327 4806 resurrectionis
2365 4743 2643 4798 hominum
2676 4757 2741 4796 ex
2777 4743 3027 4798 mortuis.
3076 4744 3155 4798 Ex
3203 4760 3270 4801 eo
3304 4757 3487 4802 autem

1913 4843 2056 4914 quod
2108 4840 2249 4895 servi
2302 4838 2467 4891 variis
2518 4835 2584 4888 de
2638 4835 2887 4904 gentibus
2921 4837 3027 4890 orti
3065 4837 3487 4896 circumcidendi

1916 4945 2066 4998 sunt,
2112 4939 2336 5001 apparet
2368 4928 2446 4983 vel
2475 4940 2661 4997 gentes
2710 4928 2774 4982 ad
2822 4929 2959 4983 bona
2981 4944 3104 5001 quae
3131 4945 3229 5002 per
3257 4934 3492 5003 promist-

1912 5026 2116 5081 sionem
2146 5022 2198 5075 in
2223 5019 2441 5074 Christo
2472 5016 2758 5072 acciendas
2787 5032 2928 5074 esse.

226 5116 326 5185 τῆς
357 5120 418 5169 ὲκ
453 5117 663 5183 νεκρῶν
688 5119 1039 5180 ἀναστάσεως
1068 5120 1318 5187 αἴνιγμα.
1349 5122 1422 5173 Τὸ
1452 5121 1509 5174 δὲ
1541 5122 1634 5174 καὶ
1661 5123 1789 5186 τοὺς
1828 5123 1891 5174 ὲκ
1918 5117 2191 5186 διαφόρων
2215 5111 2387 5165 ἐθνῶν
2417 5110 2635 5172 οἰκέτας
2694 5110 2843 5180 αὖτῷ
2904 5114 3207 5181 προστάξαι
3257 5131 3478 5186 περιτεσ

230 5212 370 5278 μεῖν,
405 5209 465 5260 τὸ
521 5208 888 5276 συμμεθέξειν
930 5209 1114 5261 καὶτὰ
1144 5209 1269 5280 ἕθνη
1313 5211 1421 5264 τῶν
1453 5211 1672 5280 ἀγαθῶν
1710 5212 1808 5283 τῆς
1848 5208 2183 5279 ἐπαγγελίας
2207 5205 2306 5274 τῆς
2330 5205 2389 5255 ὲν
2425 5201 2647 5273 Χριστῷ
2675 5205 3108 5276 προκατήγγειλε

824 5321 1075 5373 ΚΕΦΑΛ.
1108 5319 1187 5372 1Θ¹
1192 5360 1209 5375 .

298 5452 317 5486 ι
388 5430 684 5486 Ἐπότισαν
733 5434 788 5485 δὲ
824 5433 916 5484 τὸν
978 5431 1193 5501 πατέρα
1226 5432 1406 5488 αὐτῶν
1434 5433 1578 5490 οἶνον
1632 5440 1688 5493 ὲν
1733 5443 1798 5509 τῇ

220 5524 375 5576 νυκτὶ
407 5520 598 5590 ταύτῃ.
634 5541 656 5571 ι

2530 5314 2684 5369 CAP.
2722 5316 2865 5371 XIX.

1984 5429 2143 5484 Vens.
2198 5428 2289 5483 '55.
2338 5446 2356 5479 ι
2392 5426 2662 5480 Dedcrunt
2712 5428 2876 5481 etiam
2918 5436 2971 5479 et
3015 5427 3101 5481 illa
3148 5436 3303 5482 nocte
3346 5427 3485 5497 patri

1908 5538 2007 5579 suo
2039 5522 2221 5575 bibere
2252 5522 2456 5575 viuum.
2488 5540 2507 5572 ι

321 5706 336 5719 ‘
375 5702 477 5753 Τὸν
510 5699 710 5753 Ἰακὼϐ
745 5702 887 5753 δοκεῖ
916 5703 1113 5754 ἐννοεῖν
1140 5716 1152 5729 ο
1184 5702 1345 5764 αὐτὸς
1374 5701 1481 5773 γάρ
1513 5700 1732 5772 Ἰσραὴλ
1760 5701 2075 5771 ὠνομάσθη.
