4068 6126
659 270 794 337 Ῑ647

1759 272 2135 335 GENNADII
2176 275 2684 339 PATRIARCHzE
2721 277 2829 339 οι).
3746 284 3833 352 ma
3930 260 3931 352 l

735 387 847 447 [loc
882 388 950 444 de
978 387 1160 442 divina
1180 386 1463 457 Scriptura
1491 386 1892 443 observandum
1941 398 2048 456 est,
2097 390 2239 459 quod

2418 391 2591 445 Τοῦτο
2630 392 2731 462 τῆς
2773 391 2925 453 θείας
2974 393 3310 462 προσεκτέον
3362 394 3581 468 Γραφῆς
3604 438 3618 462 ,
3650 400 3716 454 ὅτι
3744 403 3835 472 πλὴν

657 491 859 551 ρνωιοι·
901 489 1184 549 peccatum
1234 479 1366 534 nihil
1424 478 1551 533 mali
1594 479 1752 555 nobis
1804 479 1982 535 inesse
2039 482 2238 546 sentit;

656 572 1085 640 quotiescunque
1117 571 1283 640 igitur
1313 570 1469 625 nobis
1503 570 1677 635 utilia,
1711 580 1806 625 aut
1836 572 2022 626 nociva
2055 574 2240 637 refert,

656 663 762 718 alia
794 661 1012 734 quidem
1057 662 1280 728 laudat,
1331 662 1435 717 alia
1476 677 1604 718 vero
1652 664 2019 733 reprehendit,
2066 674 2124 719 ut
2175 667 2242 720 ad

654 755 743 808 illa
773 770 870 810 nos
901 752 1224 824 propellere,
1251 754 1319 809 ab
1352 754 1436 808 his
1471 762 1651 809 autem
1696 764 1944 810 avertere
1975 756 2240 812 videatur.

655 844 879 912 Quando
910 855 1093 900 autem
1125 844 1248 899 talia
1277 853 1482 909 narrat,
1514 859 1655 915 quae,
1689 854 1747 898 ut
1784 845 1996 902 facinus
2012 845 2133 913 Lot,
2155 848 2240 901 in-

653 938 794 992 sonti
846 938 1027 992 animo
1060 938 1442 1000 admittuntur,
1478 950 1508 991 a
1537 937 1785 992 laudibus
1811 953 1964 1009 aeque
2008 940 2243 993 abstinet

653 1040 709 1086 et
733 1046 763 1084 a
793 1030 1207 1101 vituperatione,
1264 1044 1331 1086 ne
1360 1029 1607 1085 carnales
1638 1029 1886 1086 homines
1913 1041 1964 1086 et
1997 1031 2243 1101 volupta-

658 1121 801 1178 tibus
831 1121 1041 1178 deditos
1064 1120 1286 1176 excitet.

1284 1233 1439 1291 CAP.
1476 1233 1599 1291 XX.

732 1346 896 1403 Vens.
929 1348 1020 1403 Β.
1064 1367 1084 1401 ι
1114 1347 1182 1402 Ει
1224 1361 1352 1403 vere
1396 1364 1555 1406 soror
1597 1365 1717 1406 mea
1761 1362 1867 1417 est,
1926 1352 2034 1407 lilia
2075 1355 2244 1422 patris

659 1441 794 1505 mei,
844 1450 901 1496 et
951 1457 1059 1497 non
1112 1441 1221 1497 lilia
1280 1443 1474 1500 matris
1523 1458 1691 1508 meae,
1744 1454 1801 1500 et
1844 1443 1974 1499 duxi
2021 1457 2140 1499 eam
2186 1446 2242 1501 in

657 1548 903 1589 uxorem.
938 1552 955 1588 l

729 1625 938 1683 Etenim
972 1641 1098 1683 vere
1138 1642 1293 1683 soror
1315 1642 1434 1683 mea
1468 1635 1572 1692 est,
1626 1626 1735 1681 lilia
1783 1626 1960 1696 patris
1997 1627 2103 1683 mei
2134 1637 2240 1694 est,

658 1735 766 1781 non
797 1728 976 1775 autem
1008 1718 1116 1773 lilia
1156 1719 1349 1774 matris
1376 1732 1530 1774 meae.

1266 1830 1420 1888 CAP.
1464 1831 1630 1888 XXII.

726 1942 892 2000 Vsus.
936 1945 1024 1999 15.
1070 1962 1090 1996 ο
1122 1943 1190 1999 Ει
1233 1958 1363 2000 ecce
1411 1945 1555 2001 aries
1602 1948 1816 2002 haerens
1872 1947 2137 2004 cornibus
2188 1949 2240 2003 in

657 2035 891 2106 virgulto
926 2034 1123 2092 Ssbec.
1155 2054 1175 2088 ι

729 2128 906 2185 Sabec
961 2128 1052 2183 alii
1082 2128 1445 2184 remissionem
1484 2129 1951 2200 interpretantur;
2007 2131 2097 2185 alii
2152 2148 2243 2185 ar-

658 2221 843 2285 duum,
864 2232 1051 2275 vocem
1076 2219 1217 2275 hanc
1233 2221 1301 2275 ad
1320 2219 1546 2275 arietem
1573 2221 1887 2278 referentes.
1904 2220 2109 2278 Forsan
2141 2223 2242 2278 hoc

657 2328 764 2368 non
793 2312 962 2381 aliud,
995 2310 1105 2367 nisi
1134 2326 1329 2368 nomen
1363 2312 1601 2381 virgulti.

1252 2419 1412 2477 CAP.
1448 2421 1639 2479 XXIV.

726 2535 894 2592 Vsus.
921 2536 977 2592 2.
1023 2554 1043 2587 ι
1076 2532 1144 2589 Et
1175 2532 1311 2588 dixit
1330 2532 1603 2591 Abraham
1626 2537 1694 2592 ad
1723 2552 1939 2593 servum
1969 2541 2238 2596 seniorem

655 2633 851 2686 domus
888 2645 1021 2698 suae,
1057 2628 1148 2700 qui
1189 2637 1421 2698 praeerat
1460 2629 1713 2684 omnibus
1770 2644 1890 2699 quae
1963 2629 2236 2687 habebat:

653 2723 800 2780 Pone
828 2737 1044 2778 manum
1077 2732 1222 2777 tuam
1246 2721 1432 2778 subter
1457 2720 1633 2777 femur
1662 2736 1860 2778 meum.
1896 2741 1916 2775 ι

731 2900 887 2967 Quod
915 2898 1046 2955 fecit
1077 2898 1352 2954 Abraham
1381 2900 1483 2955 hac
1513 2899 1584 2956 de
1610 2913 1775 2955 causa
1801 2917 1818 2954 :
1864 2914 1972 2955 non
2021 2900 2239 2970 ignora-

656 2993 752 3046 bat
782 2990 1254 3044 cireumcisionem
1307 2990 1406 3059 ipsi
1435 3007 1465 3044 a
1504 2992 1615 3046 Deo
1661 2992 1843 3046 datam
1876 2989 2048 3048 fuisse
2097 2994 2241 3048 velut

2346 485 2629 556 ἁμαρτίας
2670 484 2825 537 οὐδὲν
2875 484 3084 553 φαῦλον
3129 486 3237 537 τῶν
3287 488 3347 538 ἐν
3393 489 3521 557 ἡμῖν
3570 491 3833 565 meum“

2348 577 2562 647 χρηστὰ
2595 579 2691 648 μὲν
2722 578 2914 640 ὁσάκις
2941 577 3009 631 ἂν
3040 579 3174 649 ἡμῖν
3222 580 3256 649 ἢ
3283 581 3463 648 φαῦλά
3478 600 3595 636 τινα
3622 583 3833 654 διηγεῖται,

2346 667 2672 737 προστίθησι
2707 670 2822 731 τοῖς
2850 668 2949 738 μὲν
2979 667 3225 734 ἔπαινον,
3248 672 3363 734 τοῖς
3395 671 3448 724 δὲ
3470 670 3648 741 ψόγον·
3674 674 3757 729 τῶν
3775 678 3836 745 μὲν

2346 758 2710 828 ἀπείργουσα,
2753 759 2892 830 πρὸς
2939 760 2999 814 δὲ
3040 761 3111 813 τὰ
3153 762 3522 833 παρορμῶσα.
3562 766 3710 820 Ὅταν
3735 767 3777 820 δέ
3804 785 3837 820 τι

2345 852 2481 924 λέγῃ
2519 851 2628 905 τῶν
2659 851 2941 915 τοιούτων,
2987 847 3100 906 οἷόν
3141 854 3256 906 ἐστι
3291 855 3352 907 τὺ
3387 856 3482 909 τοῦ
3524 856 3637 910 Λὼτ
3668 859 3747 911 οὐκ
3770 858 3837 911 ἀπὸ

2346 942 2597 1009 πονηρᾶς
2630 940 2922 1012 γενόμενον
2967 941 3263 1008 διαθέσεως
3285 984 3302 1009 ,
3334 944 3491 1014 ψέγει
3524 947 3615 1017 μὲν
3639 948 3837 1017 οὐδαμῶς,

2346 1030 2407 1083 οὑ
2439 1029 2548 1101 μὴν
2580 1031 2703 1084 οὐδὲ
2731 1033 2967 1098 ἐπαινεῖ,
2996 1034 3127 1096 τοὺς
3155 1036 3454 1105 σαρκικοὺς
3490 1038 3579 1091 καὶ
3602 1038 3839 1109 φιληδόνους

2346 1120 2693 1193 ὑφορωμένη-

2951 1238 3202 1292 ΚΕΦΑΛ.
3243 1239 3328 1294 K'.

2424 1366 2444 1400 ι
2488 1349 2600 1402 Kal.
2631 1351 2738 1420 γὰρ
2769 1348 2991 1419 άληθῶς
3030 1350 3236 1423 ἀδελφή
3267 1352 3370 1422 μού
3414 1356 3559 1407 ἐστιν
3581 1355 3640 1406 ἐκ
3664 1354 3840 1424 πατρὸς,

2346 1438 2465 1493 ἀλλ’
2500 1441 2601 1493 οὐκ
2630 1442 2695 1495 ὲκ
2726 1442 2954 1513 μητρός·
2988 1442 3224 1514 ἐγενήθη
3254 1445 3313 1498 δέ
3349 1462 3445 1516 μοι
3469 1447 3545 1510 είς
3572 1447 3818 1515 γυναῖκα

2420 1615 2528 1668 Καὶ
2575 1613 2684 1686 γὰρ
2736 1615 2955 1686 άληθῶς
2999 1616 3204 1688 ἀδελφή
3258 1635 3363 1689 μου
3423 1618 3653 1691 θυγάτηρ
3700 1618 3842 1690 πατρὸς
3929 1598 3931 1691 1

2271 1750 2318 1806 Β
2348 1705 2451 1778 μού
2484 1708 2602 1761 ἐστι
2629 1747 2644 1772 ,
2675 1707 2818 1779 πλὴν
2846 1709 2906 1762 οὐ
2938 1707 3187 1780 θυγάτηρ
3224 1711 3438 1782 μητρός
3478 1728 3595 1782 μου.

2918 1825 3173 1881 ΚΕΦΑΛ.
3216 1825 3341 1881 KB'.

2421 1958 2440 1991 ι
2478 1939 2590 1992 Kal.
2627 1938 2736 1993 ίδοὺ
2771 1938 2927 2010 κριὸς
2956 1933 3036 2002 εἷς
3078 1934 3451 2010 κατεχόμενος
3480 1940 3537 1992 ὲν
3566 1938 3699 2009 φυτῷ
3721 1935 3842 1991 Σαεὲι

2343 2034 2410 2086 ἐκ
2434 2032 2539 2086 τῶν
2575 2032 2846 2104 κεράτων.
2881 2052 2900 2085 ι

2418 2125 2493 2178 Τὸ
2525 2125 2704 2177 Σαὸὲκ
2748 2124 2970 2194 ἄφεσιν
3009 2124 3155 2188 τινὲς
3196 2124 3581 2179 ὲκδεδώκασιν·
3615 2125 3660 2178 oi
3694 2123 3754 2190 δὲ,
3776 2127 3844 2188 ὄμ-

2344 2218 2494 2270 θιον·
2528 2215 2603 2279 ὼς
2656 2210 2797 2269 εἶναι
2830 2216 2965 2271 αὐτὸ
2997 2215 3058 2270 τὸ
3102 2216 3405 2289 λεγόμενον
3440 2218 3565 2288 περὶ
3608 2214 3688 2269 τοῦ
3717 2211 3840 2284 κριοῦ.

2342 2308 2579 2363 Δύναται
2610 2307 2666 2361 δὲ
2705 2309 2799 2362 καὶ
2829 2309 2888 2362 τὸ
2920 2309 3087 2378 φυτὸν
3115 2308 3260 2363 οὕτω
3287 2307 3770 2383 προσαγορεύεσθαι.

2926 2424 3181 2478 ΚΕΦΑΛ.
3221 2423 3349 2477 KA'.

2415 2536 2523 2590 Kal.
2569 2531 2724 2589 εἶπεν
2769 2533 3023 2605 ’Δῦραὰμ
3055 2532 3134 2604 τῷ
3166 2533 3317 2588 παιδὶ
3350 2533 3522 2589 αὐτοῦ
3566 2532 3636 2604 τῷ
3674 2527 3840 2603 πρεσϐυ-

2340 2624 2483 2697 τέρῳ
2533 2625 2633 2696 τῆς
2683 2625 2862 2687 οἰκίας
2923 2624 3114 2688 αὑτοῦ,
3148 2624 3228 2695 τῷ
3278 2626 3506 2696 ἄρχοντι
3554 2624 3738 2679 πάντων
3770 2618 3839 2672 τῶν

2347 2717 2698 2789 ὑπαρχόντων
2732 2716 2916 2788 αὐτῷ’
2960 2717 3064 2782 Θὲς
3108 2718 3207 2788 τὴν
3241 2718 3411 2790 χεῖρά
3442 2735 3534 2773 σου
3568 2717 3662 2772 ὑπὸ
3686 2715 3756 2769 τὸν
3776 2727 3839 2782 μη-

2343 2811 2436 2881 ρόν
2469 2826 2593 2881 μου.
2626 2829 2646 2863 ›

2411 2900 2583 2956 Τοῦτο
2621 2902 2923 2972 πεποίηκεν
2952 2901 3205 2973 Ἀϐραὰμ
3245 2903 3333 2957 διὰ
3365 2904 3490 2958 τόδε
3513 2920 3528 2933 ·
3563 2902 3699 2975 ᾝδει
3726 2913 3840 2967 σφρα-

2343 2992 2471 3062 γῖδα
2502 2992 2603 3065 τὴν
2635 2993 2941 3063 περιτομὴν
2972 2993 3124 3064 αὐτῷ
3154 2993 3451 3065 δεδομένην
3480 2995 3579 3048 ὑπὸ
3608 2990 3726 3047 Θεοῦ
3755 2986 3843 3057 api;

669 3083 886 3150 signum
939 3095 1048 3149 quo
1096 3095 1126 3129 a
1171 3082 1383 3134 caeteris
1434 3081 1745 3136 hominibus
1796 3083 2238 3153 distingueretur.

2349 3081 2449 3152 τὴν
2475 3081 2582 3134 ἀπὸ
2610 3082 2721 3135 τῶν
2759 3080 2966 3134 λοιπῶν
3004 3082 3311 3153 ἀνθρώπων
3354 3085 3635 3156 διάκρισιν.
3678 3078 3846 3135 Ἐσπού-

664 3173 813 3230 Nihil
868 3173 1034 3244 igitur
1070 3171 1351 3241 antiquius
1400 3171 1655 3238 habebat,
1698 3188 1860 3241 quam
1913 3184 1972 3229 ut
2016 3178 2239 3244 posteri,

656 3271 947 3322 observata
978 3265 1411 3321 circumcisionis
1440 3264 1575 3335 lege,
1630 3267 1698 3320 ab
1739 3266 1978 3323 externis
2024 3269 2242 3323 recede-

659 3373 801 3415 rent.
828 3360 940 3416 Hoc
962 3377 1090 3432 ergo
1116 3364 1403 3433 intendens
1432 3375 1613 3415 secum
1650 3362 1941 3428 reputavit,
1976 3363 2028 3416 ni
2063 3362 2240 3429 fallor,

650 3464 883 3506 uxorem
913 3452 1092 3520 Isaac,
1125 3452 1169 3507 si
1200 3453 1339 3520 apud
1370 3450 1629 3506 ﬁnitimos
1655 3464 2012 3520 quaereretur,
2060 3465 2244 3525 utpote

662 3540 810 3608 genti
868 3556 981 3596 suae
1008 3556 1181 3610 usque
1216 3541 1549 3610 prepiorem,
1600 3541 1683 3596 vel
1711 3542 1932 3598 omnino
1977 3560 2105 3614 non,
2151 3557 2244 3600 aut

661 3645 770 3686 non
800 3631 903 3688 nisi
944 3630 1256 3686 dillicillime
1284 3630 1352 3684 ab
1401 3631 1705 3687 idololatria
1751 3632 1819 3688 ad
1850 3648 2031 3689 veram
2083 3636 2241 3691 ﬁdem

660 3721 852 3777 deduci
896 3735 1094 3791 posse;
1141 3734 1394 3789 sponsam
1428 3736 1605 3776 autem
1658 3736 1724 3776 ex
1759 3723 1930 3792 ipsius
1976 3726 2146 3793 patria
2181 3739 2243 3781 ac

656 3827 855 3881 genere
885 3816 1242 3881 desumptam,
1278 3816 1530 3871 lacillime
1564 3816 1663 3870 viri
1706 3816 1787 3871 sui
1837 3819 2078 3875 moribus
2110 3836 2242 3875 con-

658 3920 962 3960 sensuram.
1013 3904 1284 3961 Praeterea
1321 3908 1712 3963 recordabatur
1737 3922 1866 3963 sane
1894 3921 2084 3979 gentes
2121 3927 2241 3983 qua:

657 4007 789 4053 tunc
817 3998 1080 4065 temporis
1131 3996 1474 4054 Palaestinam
1520 3999 1833 4071 incolebant
1872 4016 1900 4055 a
1931 3999 2042 4057 Deo
2076 4002 2240 4060 fuisse

658 4091 926 4157 rejectas;
960 4106 1060 4145 nec
1098 4107 1311 4162 aequum
1367 4092 1614 4162 putabat,
1644 4093 1687 4147 si
1721 4094 1787 4148 de
1819 4103 1977 4163 gente
2014 4094 2124 4149 Deo
2152 4096 2249 4150 in-

659 4182 808 4235 fensa
837 4192 890 4233 et
947 4182 1127 4238 hoslili
1183 4184 1333 4239 Isaac
1366 4182 1647 4252 coniugem
1679 4183 1969 4254 acciperet.
2029 4185 2232 4253 Quam-

655 4270 840 4325 obrem
873 4274 1117 4342 praecipit
1139 4289 1308 4343 puero
1340 4284 1397 4328 ut
1425 4275 1477 4328 in
1510 4275 1922 4331 circumcisione
1952 4294 2048 4346 per
2064 4277 2239 4333 Domi-

654 4378 784 4416 num
813 4364 1245 4418 eircumcisionis
1292 4376 1573 4420 auctorem
1620 4365 1767 4432 juret
1811 4382 1872 4422 se
1916 4369 2075 4424 verba
2108 4376 2237 4427 οι]ωο

653 4456 1091 4510 observaturum.
1166 4454 1410 4510 Tradunt
1463 4465 1642 4511 autem
1702 4459 1939 4513 nonnulli
2003 4476 2230 4528 puerum

652 4546 815 4601 istum
843 4546 1091 4602 eumdem
1120 4560 1242 4603 esse
1272 4562 1431 4617 quem
1455 4548 1705 4617 superius
1723 4547 1996 4604 Abraham
2024 4568 2231 4607 memo-

652 4649 869 4693 raverat
895 4640 1112 4693 dicens:
1137 4636 1309 4693 Filius
1335 4648 1510 4692 autem
1534 4638 1734 4701 Masec.
1766 4644 2059 4696 vernacula,
2078 4660 2229 4711 metu,

648 4730 750 4783 iste
798 4730 1133 4784 hwrcditabit
1177 4727 1348 4784 me”.
1405 4727 1538 4783 Nam
1592 4729 1800 4785 videtur
1846 4746 1971 4785 cum
2022 4732 2110 4785 illa
2166 4735 2234 4788 de

650 4839 811 4879 causa
841 4834 1095 4892 tauquam
1146 4824 1415 4878 lncredem
1455 4822 1735 4893 selegisse,
1788 4824 1915 4894 quia
1963 4840 2084 4880 eum
2132 4826 2231 4880 sibi

651 4917 1056 4970 devctissimum
1104 4923 1161 4969 et
1205 4914 1601 4970 amicissimum
1651 4928 1748 4984 per
1812 4928 2024 4970 omnem
2072 4914 2236 4970 vitam

651 5020 905 5078 expertus
934 5006 1132 5063 fuerat.

1252 5288 1408 5346 CAP.
1450 5286 1614 5343 XXV.

740 5417 871 5455 rens
932 5409 1024 5456 ‘22.
1089 5422 1106 5454 ι
1146 5374 1496 5469 Perrexitque
1558 5409 1621 5454 ut
1678 5400 1991 5458 consuleret
2044 5402 2232 5460 Domi-

650 5507 800 5545 num.
839 5512 855 5543 ι

726 5669 765 5699 ³⁵
790 5667 924 5722 Cen.
948 5681 1036 5731 xv,
1062 5668 1116 5722 2.

2346 3173 2506 3238 δαζεν
2532 3171 2625 3229 οὖν
2652 3176 2803 3240 ὅπως
2832 3177 2929 3230 καὶ
2951 3178 3000 3229 οί
3027 3179 3144 3247 μετ’
3171 3177 3343 3230 ἀὑτὸν
3372 3177 3436 3243 ἐξ
3457 3175 3611 3230 αὑτοῦ
3631 3169 3851 3244 γεννηθέν-

2345 3282 2437 3327 τες
2486 3265 2694 3334 ταύτην
2747 3266 3109 3335 φυλάττοντες
3171 3266 3257 3335 ἐφ’
3317 3267 3519 3319 ἑαυτῶν
3573 3262 3852 3334 διαμείνωσι.

2345 3357 2518 3412 Τοῦτο
2546 3358 2727 3413 τοίνυν
2755 3357 3106 3422 ἐσπουδακὼς
3130 3399 3146 3423 ,
3181 3358 3504 3426 διελογίσατο
3535 3357 3650 3411 καθ’
3688 3353 3851 3413 ἑαυτὸν,
3930 3344 3931 3393 l

2347 3451 2420 3514 ὡς
2450 3452 2594 3514 εἰκὸς
2617 3493 2631 3517 ,
2665 3452 2746 3504 ὅτι
2778 3452 2827 3504 εἰ
2858 3451 2957 3521 μὲν
2996 3450 3140 3521 πρός
3171 3467 3294 3505 τινα
3329 3449 3436 3503 τῶν
3478 3448 3738 3519 ἐγχωρίων
3767 3462 3854 3495 m-

2347 3544 2459 3615 ἅψῃ
2486 3544 2545 3595 to
2576 3543 2737 3614 κῆδος
2766 3585 2781 3609 ,
2832 3541 3066 3611 ἐγγύθεν
3104 3543 3258 3607 ὄντος
3290 3546 3354 3614 τῇ
3391 3542 3525 3613 κόρῃ
3566 3539 3651 3592 τοῦ
3678 3537 3852 3606 γένους,

2348 3636 2603 3699 δύσκολος
2631 3635 2665 3706 ἢ
2714 3635 2808 3688 καὶ
2835 3635 3097 3699 ἀδύνατος
3138 3637 3173 3706 ἡ
3203 3635 3309 3697 άπὸ
3353 3635 3456 3703 τῆς
3488 3627 3857 3698 εἰδωλολατρείις

2347 3727 2484 3798 πρὸς
2512 3727 2612 3797 τὴν
2656 3726 2940 3781 εὐσέϐειαν
2971 3726 3125 3779 ἔσται
3166 3726 3491 3796 μετάθεσις·
3538 3725 3584 3777 εί
3621 3722 3672 3775 δὲ
3699 3721 3750 3772 ἐκ
3785 3715 3852 3783 τῆς

2346 3818 2540 3871 ἑαυτοῦ
2571 3817 2828 3888 πατρίδος
2850 3817 2945 3872 καὶ
2990 3816 3084 3871 τοῦ
3108 3818 3311 3872 οἰκείου
3337 3818 3533 3887 γένους
3553 3815 3746 3884 νύμφην
3759 3807 3854 3876 ἀτάο

2343 3927 2514 3978 γοιτο,
2553 3908 2750 3981 ῥᾳδίως
2775 3908 2917 3978 αὕτη
2953 3909 3092 3979 πρὸς
3119 3909 3187 3962 τὰ
3230 3909 3336 3980 ἤθη
3367 3910 3469 3963 τοῦ
3510 3907 3683 3978 ἀνδρὸς
3707 3899 3851 3973 μετειρς

2349 4002 2804 4073 ρυθμισοήσεται.
2840 4002 2982 4072 Πρὸς
3016 4002 3073 4055 δὲ
3114 4001 3327 4066 τούτοις
3364 4001 3670 4072 ἀναγκαίως
3695 3991 3852 4059 καὶτῆῧ
3930 4054 3931 4073 1

2343 4090 2779 4161 ἐξενηνεγμὲνης
2806 4092 2947 4145 κατὰ
2974 4091 3084 4145 τῶν
3104 4091 3404 4146 οἰκούντων
3434 4092 3557 4146 τότε
3587 4090 3675 4161 τὴν
3705 4083 3850 4139 Halat-

2343 4182 2529 4253 στίνην
2560 4184 2889 4252 ἀποφάσεως
2918 4184 3290 4255 ὲπεμέμνητο·
3326 4183 3533 4238 οὖκουν
3565 4184 3688 4254 ᾤετο
3707 4179 3791 4231 δεῖν
3810 4172 3851 4223 ἐκ

2341 4271 2436 4326 τοῦ
2473 4273 2665 4341 γένους
2701 4272 2797 4327 τοῦ
2829 4274 3339 4345 προσκεκρουκότος
3372 4277 3476 4329 καὶ
3524 4272 3750 4340 πολεμίου
3771 4259 3847 4328 θεῷ

2342 4365 2579 4432 γυναῖκα
2604 4363 2906 4434 λαμϐάνειν
2930 4363 3007 4434 τῷ
3045 4365 3251 4419 Ἰσαάκ.
3278 4363 3379 4417 Διὰ
3409 4364 3584 4419 ταῦτα
3613 4357 3779 4416 κελεύει
3801 4349 3849 4417 τῷ

2346 4452 2499 4506 παιδὶ
2528 4453 2627 4521 τῆς
2663 4453 2966 4524 περιτομῆς
3000 4455 3363 4525 ἐφαπτομένῳ
3381 4496 3399 4519 ,
3431 4455 3571 4509 κατὰ
3601 4451 3685 4505 τοῦ
3706 4446 3847 4509 ταύτην

2340 4542 2636 4607 δεδωκότος
2668 4543 2890 4612 ὀμνύειν
2919 4543 3049 4613 περὶ
3075 4537 3149 4597 ὧν
3175 4560 3312 4613 φησι
3340 4544 3482 4616 πρὸς
3515 4541 3685 4596 αὐτόν.
3709 4532 3847 4589 Τοῦτθν

2338 4636 2395 4689 δὲ
2447 4635 2610 4690 αὐτὸν
2655 4635 2911 4708 εἰρήκασί
2963 4653 3106 4699 τινες
3159 4632 3334 4704 εἶναι,
3386 4630 3453 4691 οὗ
3502 4617 3846 4707 μνημονεύωνδ

2352 4729 2606 4800 Ἀϐραὰμ
2638 4730 2696 4782 ἐν
2722 4732 2834 4792 τοῖς
2863 4728 3173 4802 ἔμπροσθεν
3195 4728 3406 4797 ἔλεγεν·
3453 4728 3518 4782 '0
3549 4725 3615 4780 δὲ
3641 4720 3748 4786 υἱός
3768 4715 3845 4769 κε’

2342 4819 2457 4873 (rex
2484 4819 2597 4887 τῆς
2622 4818 2971 4888 οἱκογενοῦς
2986 4836 3127 4888 μου,
3151 4813 3332 4883 οὗτος
3357 4810 3774 4885 κληρονομήσει
3788 4813 3847 4869 με’

2344 4910 2454 4965 Καὶ
2489 4909 2717 4974 ἀπεικός
2744 4926 2809 4978 γε
2849 4908 3024 4972 οὐδὲν,
3068 4907 3361 4979 βούλεσθαι
3401 4907 3570 4960 αὐτὸν
3600 4890 3849 4984 τούτῳ

2339 4999 2647 5071 χρήσασθαι
2671 4999 3016 5071 κληρονόμφι
3043 4998 3118 5061 ὡς
3148 4996 3653 5067 συναναστραερέντι
3682 5004 3731 5042 τε
3754 4982 3850 5043 αὶτφ

2341 5091 2533 5164 σχεδὸν
2564 5092 2659 5146 καλ⁵
2690 5090 3033 5161 εὐνουστάτῳ
3076 5088 3227 5160 παρὰ
3266 5088 3455 5141 πάντα
3487 5087 3581 5141 τὸν
3617 5082 3718 5155 βίον
3742 5083 3851 5145 τετε·

2337 5183 2576 5256 νημένῳ.

2912 5291 3165 5345 ΚΕΦΑΛ.
3206 5290 3335 5345 KE'.

2421 5426 2439 5459 ι
2490 5403 2791 5477 Ἐπορεύθη
2820 5403 2875 5458 δὲ
2907 5404 3174 5459 πυθέσθαι
3206 5403 3357 5475 παρᾶ
3384 5402 3618 5474 Κυρίου.
3649 5415 3671 5449 ι
