4068 6126
317 258 455 324 1653

1419 272 1499 333 ΙΝ
1539 274 1873 338 GENESIN
1919 273 2400 342 FRAGMENTA.

3443 280 3579 346 1654

329 371 523 426 Ἰακὼϐ
554 373 611 425 ὲν
637 373 783 443 γήρᾳ
814 376 1127 444 γενομένου,
1158 379 1253 430 καὶ
1285 380 1448 434 πλέον
1483 385 1887 454 ὑπεραγαπῶνο

2003 389 2186 458 majori
2219 404 2345 444 eum
2377 389 2640 444 charitatc
2674 389 2951 460 diligebat.
3004 389 3256 448 Secunda
3305 401 3362 450 et
3417 398 3576 454 tertia

312 479 409 525 τος
440 462 602 515 αὐτόν
622 479 636 494 ⁸
667 463 926 535 δευτέραν
964 467 1020 519 δὲ
1059 471 1151 521 καὶ
1175 471 1368 542 τρίτην
1397 475 1577 528 αἰτίαν
1614 476 1760 545 λέγει
1799 477 1890 531 τοῦ

317 553 530 625 μίσους,
563 553 630 606 τὰ
657 554 911 610 ἐνύπνια.

393 661 412 695 ι
455 639 577 697 Εἶόε
627 645 685 698 δὲ
718 646 968 702 ἐνύπνιον
1009 649 1220 723 ἕτερον,
1280 657 1376 708 καὶ
1425 658 1726 731 διηγήσατο
1765 664 1896 717 αὐτὸ

307 735 394 804 τῷ
424 735 592 805 πατρῖ
615 735 802 802 αὑτοῦ,
831 739 924 792 καὶ
954 743 1065 806 τοῖς
1091 744 1341 814 ἀδελφοῖς
1365 749 1532 803 αὐτοῦ
1553 767 1566 780 ⁸
1601 754 1695 805 καὶ
1719 750 1893 824 εἶπεν,

325 826 460 880 Ἰδοὺ
494 827 860 899 ὲνυπνιάσθην
893 833 1142 888 ἐνύπνιον
1187 837 1373 909 ἕτερον
1397 856 1410 871 ⁸
1441 841 1632 915 ὥσπερ
1660 848 1688 898 6
1720 846 1894 916 ἥλιος,

309 918 409 970 καὶ
431 920 464 988 ἡ
491 918 715 990 σελήνη,
747 921 840 973 καὶ
867 921 1060 978 ἕνδεκα
1080 927 1309 999 ἀστέρες
1331 935 1702 1002 προσεκύνουν
1737 955 1826 1008 με.
1868 961 1887 991 ι

388 1010 556 1062 Οὐδὲν
590 1012 910 1082 παράδοξον,
954 1018 1002 1069 εί
1043 1019 1140 1090 τῆς
1186 1023 1392 1092 μητρὸς
1436 1027 1603 1079 αὐτοῦ
1635 1029 1894 1100 τελευτη-

311 1101 510 1170 σάσης,
558 1103 654 1155 σὺν
702 1104 782 1174 τῷ
829 1106 964 1176 ἡλίῳ
1016 1111 1111 1162 καὶ
1151 1115 1264 1176 τοῖς
1298 1114 1519 1187 ἄστροις
1558 1120 1668 1182 τοῖς
1701 1119 1896 1175 ἕνδεκα

307 1195 409 1246 καὶ
446 1193 544 1264 τὴν
577 1195 808 1266 σελήνην
847 1199 1024 1265 ἔδοξεν
1071 1204 1235 1257 αὐτὸν
1275 1210 1688 1276 προσκυνοῦσαν
1737 1217 1890 1284 όρᾷν.

305 1287 564 1340 Μάλιστα
604 1289 702 1358 μὲν
739 1289 849 1362 γὰρ
877 1292 936 1344 ού
972 1293 1266 1359 διαπαντὸς
1300 1299 1540 1363 ἑξισάζει
1570 1303 1708 1371 πρὸς
1733 1304 1896 1374 ἀκρί-

303 1378 467 1431 ϐειαν
491 1382 601 1442 τοῖς
630 1381 916 1452 πράγμασι
941 1385 1009 1437 τὰ
1037 1385 1266 1440 ἐνύπνια
1287 1401 1302 1416 ⁸
1335 1389 1532 1454 πολλάς
1560 1392 1613 1444 δὲ
1649 1396 1743 1448 καὶ
1777 1397 1897 1451 λίαν

303 1469 606 1532 ἑκτόπους,
652 1472 728 1535 ὡς
757 1474 851 1526 ἐπὶ
877 1475 938 1528 τὸ
967 1476 1239 1544 πλεῖστον,
1284 1481 1583 1552 παρέχεται
1613 1485 1710 1549 τὰς
1743 1487 1899 1553 ἐξαλ-

303 1557 508 1625 λαγάς.
537 1561 730 1630 Ὅμως
763 1564 856 1616 ὲπὶ
894 1565 987 1617 τοῦ
1015 1567 1284 1638 παρόντος
1314 1571 1375 1622 οὐ
1417 1573 1557 1626 πάνυ
1595 1573 1655 1628 τὸ
1677 1579 1898 1645 γεγονὸς

301 1651 551 1720 ὑπάρχει
578 1654 910 1724 παράλογον,
955 1658 1033 1728 τῷ
1068 1677 1128 1712 τε
1160 1661 1259 1726 τὰς
1297 1663 1462 1728 ἄλλας
1502 1668 1746 1741 μητέρας
1789 1673 1897 1725 τῶν

1996 494 2181 542 causa,
2210 481 2440 536 somnia.

2079 661 2237 717 Vens.
2279 660 2332 715 8.
2381 661 2586 716 «Aliud
2627 679 2844 732 quoque
2896 665 3030 719 vidit
3077 669 3380 734 somnium,
3426 669 3569 738 quod

1999 768 2224 806 narrans
2268 750 2547 816 fratribus,
2602 753 2726 806 ait:
2761 751 2878 808 Vidi
2924 769 3020 822 per
3060 756 3364 822 somnium,
3408 760 3563 827 quasi

1996 845 2185 906 solem,
2211 853 2260 896 et
2301 840 2504 907 lunam,
2536 853 2591 896 et
2624 843 2811 897 stellas
2851 843 3102 898 undecim
3131 845 3363 901 adorare
3409 863 3517 902 me.
3551 869 3572 901 ι

2046 1019 2200 1075 Licet
2234 1028 2408 1074 mater
2438 1029 2563 1074 tunc
2589 1019 2704 1089 jam
2738 1019 2992 1075 defuncta
3021 1020 3212 1084 fuerit,
3242 1036 3352 1074 non
3386 1021 3574 1077 absur-

1999 1114 2122 1168 dum
2157 1112 2203 1168 si
2226 1125 2346 1167 cum
2370 1113 2486 1166 sole
2503 1121 2557 1166 et
2579 1112 2827 1167 undecim
2847 1111 3041 1178 stellis,
3064 1113 3189 1166 luna
3208 1127 3422 1184 quoque
3447 1128 3574 1169 eum

1999 1205 2229 1258 adorare
2250 1203 2363 1258 visa
2394 1211 2497 1258 est.
2531 1201 2649 1257 Non
2699 1202 2841 1255 enim
2895 1216 2990 1270 per
3021 1204 3202 1258 omnia
3245 1205 3576 1274 respondent

1999 1307 2168 1364 usque
2224 1293 2386 1348 rebus
2435 1293 2666 1348 somnia.
2711 1291 2892 1348 Multis
2949 1295 3094 1348 enim
3121 1303 3176 1348 et
3239 1294 3578 1361 gravissimis

2001 1385 2161 1439 etiam
2188 1384 2512 1450 rationibus,
2545 1397 2714 1452 quam
2746 1385 3051 1450 saepissime
3089 1385 3232 1438 inter
3260 1398 3322 1439 se
3365 1386 3582 1440 dissen-

2001 1474 2160 1529 tiunt.
2193 1472 2293 1529 Hic
2321 1483 2496 1528 tamen
2531 1491 2638 1530 non
2673 1487 2818 1530 tanta
2837 1476 3076 1531 occurrit
3111 1475 3420 1541 difﬁcultas,
3445 1491 3568 1531 cum

1998 1575 2210 1621 caetera
2241 1565 2472 1622 fratrum
2505 1575 2708 1624 matres
2739 1571 2917 1625 adhuc
2953 1579 3317 1638 superessent,
3352 1577 3402 1623 et
3463 1568 3578 1639 ipsa

2000 1656 2223 1724 Rachel,
2239 1659 2489 1728 quamvis
2513 1660 2690 1729 reipsa
2712 1675 2857 1727 eum,
2881 1671 3066 1732 utpote
3095 1671 3324 1726 mortua,
3351 1660 3582 1714 adorare

300 1741 560 1830 ἀδελφῶν
587 1744 750 1798 αὑτοῦ
781 1750 1072 1817 περιεῖναι,
1101 1753 1197 1804 καὶ⁷
1223 1753 1300 1823 τῷ
1337 1755 1436 1825 τὴν
1475 1730 1674 1829 Ῥαχὴλ
1703 1730 1892 1830 αὐτὴν,

2002 1767 2104 1805 non
2147 1753 2404 1822 potuerit,
2467 1753 2668 1807 virtute
2726 1730 3079 1810 nihilominus
3119 1754 3223 1810 hoc
3265 1753 3321 1808 in
3403 1749 3575 1808 Jacob

301 1829 416 1884 κᾶν
446 1834 494 1884 εἰ
521 1833 774 1906 ἐνεργείᾳ
806 1837 881 1908 μὴ
912 1842 1324 1912 προσεκύνησεν
1358 1845 1520 1900 αὐτὸν
1551 1847 1641 1902 διὰ
1669 1850 1730 1904 τὸ
1759 1829 1898 1922 προ-

297 1922 656 2016 τελευτῇσαι,
703 1926 837 1980 ἀλλὰ
887 1927 1117 2000 δυνάμει
1174 1949 1236 2001 γε
1299 1934 1450 1990 οὐδὲν
1504 1933 1669 2010 ἦττον
1714 1943 1772 1996 ιν
1817 1945 1898 2016 τῷ

314 2010 518 2066 Ἰακὼϐ
549 2013 706 2068 τοῦτο
731 2018 1054 2090 πεποίηκεν.

913 2149 1164 2206 ΚΕΦΔΛ.
1193 2152 1324 2209 AH'.

389 2295 410 2330 ι
456 2278 703 2347 Ἐγένετο
723 2279 778 2334 δὲ
803 2282 969 2351 ἡνίκα
997 2284 1200 2354 ἔτικτε,
1243 2290 1340 2344 καὶ
1360 2291 1485 2363 τῇδε
1517 2288 1584 2364 ἦν
1607 2295 1807 2367 δίδυμα
1840 2298 1899 2350 ὲν

307 2368 518 2458 γμστρὶ
558 2369 749 2455 αὐτῆς.
812 2371 1062 2440 Ἐγένετο
1107 2374 1164 2428 δὲ
1209 2379 1266 2430 ὲν
1306 2379 1384 2450 τῷ
1412 2382 1616 2437 τίκτειν
1647 2387 1836 2458 αὐτὴν,
1871 2391 1901 2442 6

303 2455 394 2522 εἷς
446 2461 818 2553 προεξήνεγκε
851 2463 948 2535 τὴν
998 2469 1156 2537 χεῖρα
1207 2469 1412 2524 αὐτοῦ’
1465 2473 1706 2530 λαϐοῦσα
1761 2455 1818 2533 δὲ
1865 2483 1899 2553 ή

311 2554 492 2620 μαῖα,
532 2552 727 2637 ἔδησεν
756 2556 850 2607 ἐπὶ
888 2556 986 2626 τὴν
1018 2561 1176 2630 χεῖρα
1207 2561 1373 2616 αὐτοῦ
1416 2565 1477 2618 τὸ
1505 2568 1776 2637 κόκκινον,
1811 2552 1898 2625 λέέ

305 2657 508 2707 γουσα,
562 2635 731 2706 Οὗτος
778 2644 1120 2709 ἐξελεύσεται
1158 2651 1395 2723 πρῶτος.
1458 2655 1546 2720 Ὠς
1582 2659 1641 2711 δὲ
1682 2635 1902 2718 ἐπισυν-

309 2731 496 2798 ήγαγε
531 2730 630 2802 τὴν
663 2735 843 2803 χεῖρα,
877 2737 974 2789 καὶ
1017 2739 1178 2804 εὐθὺς
1222 2743 1444 2813 ἐξῆλθεν
1482 2749 1510 2801 6
1542 2749 1770 2820 ἀδελφὸς
1802 2756 1902 2807 αύ-

307 2821 437 2876 τοῦ.
473 2820 540 2875 Ἦ
583 2822 638 2876 δὲ
675 2820 819 2891 εἶπε,
863 2827 928 2880 Τί
972 2830 1204 2905 διεκόπη
1239 2835 1330 2888 διά
1361 2837 1421 2890 σὲ
1468 2843 1751 2912 φραγμὸς;
1789 2847 1900 2901 Καὶ

309 2913 544 2966 ἐκάλεσε
584 2915 642 2968 τὸ
689 2915 861 2989 ὄνομα
911 2921 1114 2988 αὑτοῦ,
1164 2926 1362 2996 Φαρές.
1401 2930 1512 2982 Καὶ
1564 2933 1702 3001 μετὰ
1743 2937 1902 2991 τοῦτο

309 3004 543 3074 ἐξῆλθεν
572 3007 601 3059 6
641 3007 868 3078 ἀδελφὸς
891 3011 1079 3078 αὐτοῦ,
1111 3015 1195 3084 ἐφ’
1225 3016 1285 3069 ὂν
1317 3013 1384 3089 ἦν
1415 3021 1509 3073 ἐπὶ
1531 3024 1595 3092 τῇ
1627 3024 1772 3095 χειρὶ
1800 3027 1898 3079 αὐ-

309 3095 411 3148 τοῦ
464 3095 525 3150 τὸ
576 3098 829 3154 κόκκινον
861 3117 876 3134 ⁸
951 3105 1046 3158 καὶ
1105 3107 1333 3161 ἐκάλεσε
1393 3110 1455 3163 τὸ
1509 3111 1679 3183 ὄνομα
1738 3118 1902 3173 αὐτοῦ

309 3187 556 3258 Ζαρά.»

383 3279 638 3370 Διδύμων
660 3281 830 3336 ὄντων
849 3283 959 3337 τῶν
980 3287 1340 3357 τικτομένων,
1363 3291 1458 3344 τοῦ
1491 3293 1610 3357 ἐνὸς
1631 3296 1727 3366 τὴν
1745 3301 1904 3370 χεῖρα

307 3367 832 3438 προεξενεγκόντος,
874 3375 908 3444 ή
954 3377 1088 3443 μαῖα
1110 3375 1190 3447 τῷ
1233 3378 1483 3450 δακτύλῳ
1517 3367 1774 3441 κόκκινον
1801 3367 1902 3443 πε-

309 3460 538 3530 ριῆψεν,
575 3461 652 3524 ὡς
683 3462 750 3516 ἂν
787 3463 861 3534 μὴ
888 3466 1018 3537 περὶ
1045 3467 1143 3537 τὴν
1174 3467 1369 3540 λοιπὴν
1397 3473 1577 3527 αὐτῶν
1605 3476 1902 3547 θεραπείαν

303 3551 715 3621 ἀσχοληθεῖσα,
762 3554 854 3608 τὸν
883 3558 1230 3626 πρωτότοκον
1273 3563 1537 3636 ἀγνοήσῃ.
1583 3566 1802 3638 Ἐπειδὴ
1845 3572 1902 3625 δὲ

303 3641 471 3704 αὖθις
502 3643 917 3712 ὲπισυνάγοντος
941 3648 1152 3702 ἐκείνου
1172 3649 1271 3720 τὴν
1303 3654 1482 3722 χεῖρα,
1509 3657 1850 3727 προεξῆλθεν
1873 3663 1901 3714 6

300 3734 492 3788 δοκῶν
547 3733 916 3804 τεχθήσεσθαι
953 3736 1201 3809 ὕστερον,
1249 3740 1608 3810 θαυμάσασα,
1644 3751 1828 3818 φησιν,
1864 3754 1898 3821 ἠ

305 3828 445 3895 μαῖα
467 3824 612 3888 τότε,
653 3826 713 3877 Τί
741 3826 988 3895 διεκόπη
1011 3828 1109 3884 διὰ
1141 3830 1217 3884 σὲ
1243 3835 1556 3903 saparydci;
1581 3837 1786 3908 ἔφησεν
1809 3841 1897 3894 ἐπ’

299 3921 457 3990 αὐτῷ
485 3935 498 3948 ⁸
519 3919 818 3986 τουτέστιν,
847 3921 928 3975 ὅτι
951 3923 1216 3996 Καθάπερ
1247 3944 1298 3979 τι
1326 3928 1668 4001 διατείχισμα
1684 3933 1782 4004 τὴν
1805 3936 1903 3990 τά-

301 4012 383 4075 ξιν
413 4008 818 4078 διατεμόμενος
837 4051 852 4076 ,
895 4013 1128 4084 ὲτέχθης
1164 4018 1483 4088 παραδόξως
1511 4022 1776 4092 πρότερος
1803 4027 1898 4082 τοῦ

297 4101 604 4176 προτέρου.
638 4104 746 4156 Καὶ
775 4105 951 4175 Φαρὲς
993 4107 1180 4169 αὐτὸν,
1211 4109 1284 4172 ῶς
1311 4110 1420 4164 ἀπὸ
1459 4113 1554 4165 τοῦ
1589 4118 1900 4186 συμϐάντος

297 4193 722 4262 ἐπονομάσασα,
755 4197 904 4266 Ζαρὰ
930 4197 1020 4250 τὸν
1046 4198 1231 4270 ἕτερον
1255 4207 1720 4278 προσηγόρευσεν.
1740 4209 1898 4282 Ἐση-

301 4285 538 4352 μαίνετο
589 4287 774 4355 μέντοι
814 4291 910 4342 καὶ
942 4289 1031 4343 διὰ
1061 4291 1267 4346 τούτων
1312 4296 1381 4348 τά
1413 4299 1697 4367 μέλλοντα.
1733 4305 1840 4358 Καὶ
1868 4306 1897 4358 6

2000 1839 2219 1897 faceret.

2543 2149 2696 2206 CAP.
2737 2149 3024 2207 XXXVIII.

2076 2285 2236 2342 Vens.
2282 2285 2472 2341 27-50.
2523 2287 2818 2341 «Instante
2860 2295 3039 2342 autem
3080 2295 3260 2356 partu,
3314 2300 3583 2358 apparue-

2001 2391 2129 2436 runt
2159 2379 2358 2450 gemini
2384 2380 2438 2434 in
2470 2389 2646 2435 utero.
2677 2379 2855 2448 Atque
2884 2381 2935 2432 in
2967 2380 3082 2450 ipsa
3107 2378 3374 2435 eﬂ'usione
3404 2379 3581 2434 infan-

2001 2474 2156 2538 tium,
2183 2487 2321 2526 unus
2355 2469 2577 2542 prOtulit
2611 2487 2851 2536 manum,
2887 2471 2941 2525 in
2968 2486 3072 2541 qua
3103 2471 3363 2526 obstetrix
3393 2471 3578 2542 ligavit

2001 2566 2307 2632 coccinum,
2351 2566 2578 2620 dicens:
2607 2563 2719 2618 Iste
2753 2564 3067 2634 egredietur
3100 2565 3268 2633 prior.
3315 2562 3412 2618 Illo
3449 2578 3576 2618 vero

2003 2658 2312 2711 retrahente
2341 2671 2582 2724 manum,
2610 2669 2860 2724 egressus
2887 2664 2970 2710 est
3001 2656 3162 2722 alter,
3193 2656 3438 2723 dixitque
3459 2669 3582 2709 mtt-

2003 2749 2102 2804 lier
2131 2765 2145 2801 :
2178 2748 2357 2815 Quare
2400 2747 2574 2802 divisa
2618 2757 2700 2802 est
2744 2756 2963 2816 propter
2988 2756 3040 2801 te
3083 2747 3363 2802 maceria?
3403 2745 3470 2800 Et
3512 2747 3583 2800 ob

2001 2843 2145 2897 hanc
2187 2855 2405 2896 causam
2453 2840 2666 2894 vocavit
2713 2854 2909 2895 nomen
2962 2839 3078 2906 ejus
3121 2839 3352 2894 Phares.
3385 2837 3581 2892 Postea

2001 2951 2254 3005 egressus
2286 2945 2368 2992 est
2397 2934 2570 2989 frater
2612 2932 2747 3004 ejus,
2787 2931 2841 2986 in
2887 2929 3040 2999 cujus
3071 2945 3232 2985 manu
3262 2938 3384 2984 erat
3407 2929 3586 2986 cocci-

1929 3067 1976 3130 c
2007 3043 2135 3082 num
2165 3045 2178 3081 :
2210 3041 2371 3095 quem
2403 3025 2695 3097 appellavit
2722 3024 2884 3079 Zara.
2918 3041 2936 3074 ι

2075 3289 2213 3344 Cum
2263 3286 2476 3356 gemelli
2527 3295 2870 3355 parerentur,
2904 3295 2958 3340 et
3009 3299 3150 3340 unus
3190 3299 3410 3339 manum
3443 3297 3588 3354 prae-

2007 3382 2193 3446 ferret,
2223 3380 2404 3450 ligavit
2432 3377 2696 3432 obstetrix
2730 3392 2895 3446 super
2923 3377 3117 3447 digitos
3137 3377 3253 3447 ejus
3275 3377 3582 3440 coccinum,

2007 3489 2075 3531 ne
2108 3473 2333 3542 reliquis
2366 3470 2614 3528 muneris
2643 3469 2726 3524 sui
2753 3469 2904 3524 curis
2950 3469 3210 3523 distracta
3249 3468 3584 3538 primogeni-

2009 3579 2121 3624 tum
2150 3569 2440 3637 ignoraret.
2466 3563 2696 3631 Quando
2722 3572 2900 3617 autem
2918 3605 2932 3629 ,
2958 3562 3316 3617 contrahente
3339 3560 3429 3616 illo
3456 3575 3585 3615 rur-

2003 3673 2096 3714 sus
2121 3673 2364 3718 manum,
2395 3655 2566 3709 frater
2594 3656 2726 3709 exiit
2748 3655 2839 3724 qui
2871 3654 3137 3723 posterior
3158 3666 3479 3722 egressurus
3505 3652 3587 3706 vi-

2004 3750 2257 3810 debatur,
2289 3761 2400 3800 rem
2426 3746 2621 3799 mirata
2676 3745 2940 3799 obstetrix
2986 3745 3167 3798 dixit:
3210 3743 3352 3808 Quid
3412 3744 3584 3798 divisa

2004 3847 2080 3890 est
2106 3843 2318 3904 prapter
2343 3844 2392 3887 te
2425 3835 2657 3888 maceria
2685 3836 2711 3887 1’
2738 3831 2937 3886 Habuit
2999 3834 3116 3887 hch
3172 3837 3238 3888 de
3290 3835 3381 3888 illo
3431 3836 3584 3903 quia,

2005 3936 2215 3981 mutato
2258 3925 2451 3980 ordine
2508 3923 2845 3978 velutdivisa
2881 3923 3140 3988 maceria,
3202 3933 3400 3992 praeter
3458 3929 3576 3994 ορί-

2004 4020 2221 4074 nionem
2254 4016 2528 4086 posterior
2558 4015 2723 4084 priori
2766 4013 2884 4069 loco
2922 4025 3111 4082 partus
3133 4015 3337 4070 fuerat.
3374 4014 3582 4070 Phares

2003 4110 2219 4166 vocavit
2248 4123 2370 4162 eum
2400 4109 2466 4162 ab
2494 4107 2574 4163 eis
2608 4120 2726 4176 qua}
2759 4105 2901 4161 facta
2945 4106 3180 4172 fuerant,
3232 4117 3288 4162 et
3348 4107 3576 4162 alterum

2003 4202 2140 4256 Zara
2166 4199 2486 4256 nominavit.
2533 4197 2907 4252 lnnuebantur
2962 4198 3125 4251 etiam
3156 4198 3239 4252 his
3277 4213 3397 4268 quae
3449 4214 3582 4254 ven-

2007 4303 2125 4345 tura
2148 4297 2327 4345 erant.
2386 4287 2522 4342 Nam
2544 4286 2750 4343 Phares
2786 4289 3141 4357 primogenita
3173 4289 3408 4344 obtinuit
3454 4302 3582 4346 ante

297 4378 489 4448 Φαρὲς
516 4377 584 4430 τὰ
618 4379 883 4449 πρεσϐεῖα
909 4380 1176 4452 λαμϐάνει
1200 4385 1306 4455 πρὸ
1345 4389 1439 4441 τοῦ
1467 4391 1616 4461 Ζαρὰ
1645 4394 1861 4464 τεχθεὶς
1879 4437 1894 4462 ,

2005 4383 2142 4436 Zara
2184 4391 2392 4450 partus,
2417 4380 2542 4448 quia
2579 4394 2644 4433 ex
2673 4393 2871 4449 genere
2912 4378 3030 4447 ejus
3081 4395 3440 4448 processurus
3462 4396 3582 4436 erat

303 4467 394 4520 διὰ
435 4468 508 4522 τὸ
557 4471 773 4538 μέλλειν
807 4475 870 4525 ὲκ
899 4474 992 4526 τοῦ
1036 4475 1225 4542 γένους
1251 4479 1417 4531 αὑτοῦ
1447 4483 1508 4534 τὸ
1539 4485 1681 4538 κατὰ
1712 4487 1894 4558 σάρκα

309 4560 551 4630 Χριστὸν
591 4562 797 4631 Ἰησοῦν
816 4565 906 4617 τὸν
924 4566 1015 4618 ἐπ)⁸
1048 4567 1263 4621 πάντων
1286 4569 1420 4623 Θεὸν
1450 4574 1890 4633 άναδείκνυσθαι.

313 4652 534 4721 Ταύτην
564 4670 626 4720 γε
667 4656 774 4723 μὴν
798 4655 896 4726 τὴν
919 4657 1061 4710 κατὰ
1079 4658 1172 4710 τὸν
1205 4661 1406 4715 Ἰούδαν
1440 4665 1620 4718 πᾶσαν
1655 4667 1896 4738 ἱστορίαν

319 4743 528 4808 μεταξῦ
565 4744 664 4812 τῆς
703 4745 832 4814 περὶ
859 4747 952 4798 τοῦ
995 4749 1194 4821 Ἰωσὴφ
1220 4753 1248 4803 ό
1281 4753 1489 4819 Μωσῆς
1509 4758 1894 4826 παρενέϐαλεν,

315 4832 374 4882 οὑ
405 4832 563 4901 μόνον
591 4832 676 4885 διὰ
705 4835 763 4886 τὸ
792 4835 895 4887 ὑπὸ
917 4837 1039 4899 τοὺς
1067 4838 1264 4903 αὐτοὺς
1285 4842 1538 4905 γενέσθαι
1560 4846 1782 4914 χρόνους
1801 4850 1898 4902 αὑ-

315 4921 434 4989 τήν⁸
459 4921 490 4990 ἦ
516 4920 659 4974 οὕτω
689 4940 750 4991 γε
785 4927 852 4978 ἂν
875 4927 1009 4995 ἡμῖν
1042 4927 1134 4980 καὶ
1153 4929 1288 4983 ἄλλα
1301 4933 1569 5002 γενόμενα
1599 4937 1895 5006 πάμπολλα

316 5008 633 5077 διηγήσατο·
659 5010 794 5064 ἀλλὰ
823 5013 917 5065 καὶ
935 5013 1026 5066 διὰ
1053 5013 1113 5066 τὸ
1142 5017 1379 5082 μάλιστα
1399 5020 1496 5089 τῆς
1533 5022 1714 5091 πάσης
1729 5023 1893 5078 αὐτοῦ

321 5100 638 5168 συγγραφῆς
687 5101 893 5170 ταύτην
935 5099 1072 5156 εἶναι
1110 5103 1172 5156 τὸ
1205 5106 1566 5175 κυριώτατον,
1619 5111 1712 5163 καὶ
1758 5110 1896 5182 πρὸς

316 5185 406 5272 τον
444 5185 734 5256 σύμπαντα
778 5191 978 5242 σκοπὸν
1021 5193 1461 5267 ἀναγκαιοτάτην
1509 5199 1658 5270 αὑτῷ
1691 5201 1896 5272 ταύτης

319 5269 454 5326 εἶναι
491 5278 591 5345 τὴν
621 5278 860 5333 ἔκθεσιν.
911 5281 973 5333 Ἢ
1007 5284 1117 5354 γάρ
1148 5286 1292 5340 κατὰ
1324 5287 1504 5358 σάρκα
1530 5269 1894 5363 τοῦΧριστοῦ

315 5363 663 5434 γενεαλογία,
699 5369 788 5421 διὰ
832 5370 925 5422 τὸν
957 5371 1132 5442 Φαρὲς
1176 5375 1269 5427 ἐπὶ
1307 5375 1400 5430 τὸν
1455 5377 1658 5432 Ἰούδαν
1708 5381 1799 5435 τὸν
1831 5383 1895 5435 ἐκ

314 5451 405 5504 τοῦ
473 5455 692 5528 Ἰσραὴλ
749 5461 1099 5532 ἀναφέρεται.
1171 5465 1389 5536 Ἐπειδὴ
1439 5469 1618 5523 τοίνυν
1671 5471 1894 5542 ἔμελλον

327 5539 565 5597 Ἰουδαῖοι
601 5545 986 5614 βασκαίνοντες
1012 5553 1078 5621 τῇ
1110 5555 1166 5605 ὲν
1195 5555 1417 5626 Χριστῷ
1445 5559 1554 5614 τῶν
1587 5539 1756 5616 ἐθνῶν
1789 5580 1894 5615 σω-

313 5630 489 5702 τηρίιι,
547 5638 801 5708 πολεμεῖν
845 5641 920 5710 τῷ
982 5645 1318 5717 κηρύγματι,
1366 5651 1458 5704 καὶ
1488 5652 1793 5706 διαϐάλλειν
1834 5655 1892 5707 τὸ

2000 4473 2295 4529 secundum
2325 4485 2543 4525 carnem
2577 4470 2828 4525 Christus
2871 4467 3048 4535 Jcsus,
3107 4485 3286 4523 rerum
3333 4472 3577 4527 omnium

1999 4565 2161 4618 Deus.
2194 4561 2348 4616 Hanc
2401 4572 2582 4616 autem
2617 4561 2682 4615 de
2725 4558 2858 4614 Juda
2917 4562 3290 4616 narrationem
3346 4564 3576 4621 inseruit

2001 4653 2211 4723 Moyses
2227 4649 2722 4720 historia-Josephi,
2745 4665 2848 4704 non
2873 4650 3044 4706 solum
3073 4652 3197 4721 quia
3219 4653 3363 4707 circa
3387 4655 3573 4706 eadem

2001 4750 2245 4811 tempora
2301 4755 2388 4796 res
2445 4741 2547 4794 illa:
2600 4749 2902 4794 evenerunt
2959 4739 3220 4809 (alioquin
3286 4739 3570 4796 referenda

2000 4831 2230 4886 fuissent
2263 4831 2344 4885 vel
2393 4831 2676 4885 innumera
2705 4829 2831 4898 alia)
2861 4846 2876 4896 ;
2911 4830 3004 4883 sed
3034 4831 3156 4900 quia
3184 4832 3235 4885 in
3285 4841 3393 4885 tota
3425 4830 3578 4887 Scri-

1999 4934 2154 4991 ptura
2192 4921 2326 4975 nihil
2376 4920 2618 4975 occurrit
2653 4922 2811 4990 quod
2839 4921 3064 4988 maioris
3104 4923 3366 4978 momenti
3399 4923 3491 4988 sit,
3525 4932 3580 4977 et

1998 5029 2122 5066 cum
2175 5013 2445 5082 praecipuo
2503 5025 2676 5067 sacrae
2719 5012 2925 5082 pagina:
2982 5013 3088 5066 line
3145 5014 3348 5068 arctius
3401 5014 3581 5070 cohae-

2003 5117 2137 5160 reat.
2194 5104 2328 5160 Nam
2382 5119 2552 5174 genus
2607 5104 2812 5161 Christi
2863 5115 3166 5162 secundum
3215 5119 3435 5159 carnem
3487 5120 3578 5161 re-

2000 5196 2202 5264 petitur
2263 5211 2360 5264 per
2411 5193 2617 5251 Phares
2662 5213 2694 5252 a
2743 5195 2881 5252 Juda
2944 5196 3058 5250 ﬁlio
3109 5195 3299 5249 Israel.
3351 5195 3580 5261 Quando

1999 5288 2164 5358 igitur
2210 5286 2406 5354 Judaei,
2464 5288 2691 5343 salutem
2747 5297 2986 5360 gentium
3043 5279 3270 5356 indigne
3342 5285 3580 5343 ferentes

1999 5380 2054 5434 in
2134 5378 2352 5434 Christo
2454 5381 2882 5448 perﬁciendam,
2950 5380 3387 5449 praedicationem
3487 5393 3577 5434 re-

1995 5471 2226 5540 jecturi,
2290 5481 2344 5526 et
2402 5471 2750 5542 Evangelium
2821 5470 3121 5526 incusaturi
3183 5477 3362 5532 erant,
3421 5470 3576 5537 quasi

2003 5580 2104 5616 non
2141 5564 2246 5618 nisi
2274 5565 2517 5618 homines
2545 5564 2807 5634 ignobiles
2833 5573 2888 5618 et
2911 5562 3042 5618 viles
3073 5571 3126 5617 et
3179 5562 3492 5618 immundos
3521 5560 3576 5616 in

2001 5668 2125 5710 suos
2157 5656 2486 5718 admitteret,
2520 5656 2711 5711 merito
2771 5654 3014 5711 confutet
3047 5655 3303 5726 prOpheta
3352 5653 3452 5709 hac
3495 5653 3576 5708 hi»
