4068 6126
542 317 673 387 ιεεε
1630 321 2005 385 GENNADII
2040 324 2084 385 Ρ

2192 318 2549 385 RIARCHRE
2590 320 2695 381 C".
3675 305 3817 373 1656

532 450 699 487 μους-ω
725 441 937 501 gentem
974 431 1115 485 illam
1143 431 1208 487 de
1227 431 1511 489 nobilitate
1532 447 1627 486 sua
1646 443 1754 485 tam
1798 436 2084 501 superbam

2220 432 2569 499 Εὐαγγέλιον,
2612 433 2684 492 ὡς
2716 428 3003 495 δυσγενεῖς
3034 425 3126 479 καὶ
3170 420 3516 491 ἀκαθάρτους
3548 420 3642 473 καὶ
3673 428 3814 474 arx.-

530 524 777 592 quamvis
798 538 863 576 ex
894 522 1198 578 Chananma
1250 533 1423 578 matre
1451 524 1556 578 orti
1590 521 1812 579 fuerint.
1854 523 1929 577 Ita
1965 541 2084 593 quo

2214 524 2442 593 ϐλὴτους
2494 523 2815 592 ἀνθρώπους
2865 519 3053 579 ἁπλῶς
3104 515 3502 585 εἰσδεχόμενον,
3558 513 3751 572 καλῶς
3788 516 3816 564 ὁ

530 634 633 682 que
666 615 826 669 docet
852 622 1042 684 gentes
1078 624 1222 670 recte
1256 613 1424 672 fuisse
1454 627 1719 672 servatas.
1758 616 2084 672 Mauil'estun

2220 631 2299 683 πρ
2336 632 2405 682 φ·
2429 630 2517 682 ης
2557 614 2642 665 ῖιὰ
2670 611 2833 680 τῆσδε
2890 611 2986 679 τῆς
3033 607 3275 677 ἱστορίας
3305 605 3556 666 ἐκείνους
3592 605 3697 673 μὲν
3728 602 3815 655 ἐπ’

527 708 671 758 cutim
731 706 872 772 quod
924 716 979 759 et
1040 706 1222 761 θέειοτί
1278 707 1712 775 patriarcharum
1767 708 2084 762 Cbauanara:

2214 705 2464 774 εὐγενείᾳ
2489 703 2905 773 πεφυσημένους
2940 704 3087 770 είκῆ,
3114 699 3417 767 διελέγχει,
3457 695 3815 754 Χαναναίους

532 810 728 847 uxores
784 796 1077 849 duxerunt.
1144 794 1296 851 Unde
1368 799 1512 851 enim
1567 798 1808 866 alioquin
1862 800 2084 867 accepis-

2214 793 2273 856 ὲξ
2319 794 2574 862 ἡμισείας
2628 793 3024 862 τυγχάνοντας·
3083 792 3152 843 τὰ
3188 790 3244 842 δὲ
3296 788 3463 857 ἔθνη,
3517 786 3623 840 καὶ
3690 785 3815 836 λίαν

526 895 647 937 settt
677 884 701 937 ?
732 884 941 956 Moyses
969 896 1147 941 autem
1195 888 1327 942 illud
1375 889 1441 943 de
1464 877 1599 943 Iulia
1653 899 1859 943 tantum
1899 905 2084 943 memo-

2210 884 2436 945 εἰκότως
2488 885 2727 936 δείκνυσι
2762 886 3109 950 σεσωσμένα.
3130 880 3401 948 Πρόδηλον
3433 879 3535 941 μὲν
3566 875 3707 946 γὰρ,
3728 877 3815 927 ὅτι

527 973 688 1037 ι·ηνίι,
739 974 862 1040 quia
908 989 1038 1043 gens
1075 974 1190 1028 haec
1242 975 1471 1044 reliquis
1524 974 1694 1028 multo
1728 975 2084 1044 prmstantior,

2208 974 2302 1026 καὶ
2327 975 2373 1025 οἱ
2404 972 2580 1026 λοιποὶ
2604 974 2713 1026 τῶν
2757 973 3115 1043 πατριαρχῶν
3152 968 3463 1029 Χαναναίας
3495 967 3810 1035 ἠγάγοντο.

524 1074 573 1117 et
614 1073 671 1117 ut
702 1065 957 1119 omnibus
990 1065 1358 1122 innotesceret
1391 1065 1680 1119 Domittunt
1731 1074 1973 1120 nostrum
2008 1062 2084 1118 Ie-

2212 1065 2381 1117 Πόθεν
2412 1066 2519 1134 γὰρ
2561 1065 2752 1119 ἔλαϐον
2794 1065 3057 1129 ᾶλλοθεν;
3104 1065 3165 1115 Ὀ
3200 1063 3380 1133 μέντοι
3411 1061 3629 1129 Μωσῆς
3659 1058 3812 1128 μόνη

523 1170 641 1206 sum
675 1152 950 1208 Christum
980 1169 1045 1209 ex
1092 1156 1194 1209 hac
1248 1156 1553 1210 meretricis
1587 1156 1841 1225 progenie
1882 1170 2084 1208 carnen

2208 1158 2273 1226 τῇ
2306 1157 2493 1226 μνήμῃ
2526 1158 2591 1227 τῇ
2629 1156 2771 1208 κατὰ
2799 1155 2890 1207 τὸν
2949 1152 3149 1206 Ἰούδαν
3196 1150 3471 1221 ἠρκέσθη,
3501 1148 3597 1202 διὰ
3626 1164 3695 1200 τε
3750 1148 3815 1199 τὸ

523 1261 677 1298 suam
703 1254 1041 1315 sumpturum
1088 1260 1228 1301 esse.
1269 1243 1384 1301 Non
1408 1258 1525 1301 erat
1552 1249 1719 1318 igitur
1746 1263 1843 1302 cur
1874 1247 2084 1317 gentile:

2204 1248 2303 1316 τὴν
2331 1247 2502 1316 φυλὴν
2539 1247 2742 1316 ταύτην
2785 1245 3016 1300 ἀπασῶν
3060 1245 3318 1312 γενέσθαι
3361 1238 3811 1311 προτιμοτέραν,

525 1343 749 1403 propter
778 1334 1168 1404 ignobilitatem
1191 1335 1405 1404 generis
1423 1348 1720 1406 respueret,
1736 1336 1915 1406 potius
1938 1350 2080 1403 quau

2206 1340 2302 1391 καὶ
2323 1338 2463 1391 ὥστε
2497 1339 2588 1391 τὸν
2618 1338 2823 1409 Κύριον
2844 1337 3004 1409 ήμῶν
3057 1335 3266 1407 Ἰησοῦν
3296 1332 3530 1403 Χριστὸν
3566 1330 3666 1383 ἀπ’
3704 1330 3813 1381 αὑ-

523 1440 620 1477 eos
653 1435 871 1495 propter
894 1442 1104 1481 morum
1133 1426 1469 1482 nobilitatem
1500 1428 1828 1484 admitteret.

2207 1432 2304 1498 τῆς
2332 1431 2431 1500 τῆς
2454 1432 2519 1483 ἐκ
2547 1431 2809 1500 πορνείας
2837 1429 3111 1499 συστάσης
3137 1428 3198 1479 τὸ
3225 1426 3366 1480 κατὰ
3390 1425 3571 1493 σάρκα
3598 1439 3810 1490 γεγεν-

520 1515 754 1583 νημένον
789 1516 1111 1585 φαίνεσθαιο
1153 1520 1247 1572 καὶ
1293 1519 1518 1582 δικαίως
1587 1520 1661 1590 μὴ
1703 1519 1792 1573 διὰ
1822 1517 1979 1573 τοῦτο
2008 1521 2132 1584 τοὺς
2174 1520 2421 1584 ὲθνικοὺς
2502 1522 2701 1592 μᾶλλον
2748 1519 3246 1591 ἀποστρεφόμενον,
3299 1515 3332 1585 ἦ
3381 1515 3470 1567 διὰ
3514 1509 3630 1584 τὴν
3681 1512 3807 1565 τῶν

517 1610 733 1679 τρόπων
756 1613 1032 1681 εὐγένειαν
1060 1614 1443 1686 προσιέμενον.

1086 1730 1239 1786 CAP.
1282 1730 1526 1787 XXXIX.

589 1842 751 1898 Vsus.
782 1843 838 1898 2.
886 1862 906 1897 ι
939 1843 1007 1900 Ει
1033 1854 1155 1901 erat
1188 1845 1452 1901 Dominus
1480 1861 1605 1912 cum
1627 1831 1827 1915 Ioseph
1856 1864 1870 1912 ;
1900 1857 1953 1899 et
1977 1855 2096 1900 erat

517 1936 600 1988 vir
654 1937 707 1991 iu
764 1937 978 1992 cunctis
1032 1950 1295 2008 prospere
1342 1952 1509 2007 agens
1561 1956 1573 1991 :
1614 1939 1990 2008 habitavitque
2042 1939 2095 1991 in

517 2030 680 2083 domo
706 2028 911 2083 domini
938 2030 1042 2084 sui.
1074 2048 1095 2081 ι

592 2121 657 2175 Et
700 2119 805 2174 fuit
832 2119 1115 2188 Dominus,
1167 2121 1262 2183 ait,
1308 2136 1433 2176 cum
1477 2120 1677 2191 Ioseph
1719 2131 1820 2178 :et
1860 2120 1962 2175 fuit
1992 2123 2092 2184 vir,

515 2212 685 2278 addit,
730 2210 964 2268 feliciter
1004 2211 1309 2282 .perﬂciens
1384 2212 1749 2282 quodcunque
1808 2227 2095 2282 aggressus

516 2304 698 2358 fuerit.

1124 2417 1277 2475 CAP.
1318 2417 1477 2474 XLII.

584 2528 753 2585 Vsss.
801 2529 894 2585 Ἡ.
941 2548 961 2582 ι
988 2530 1308 2601 Avertitque
1356 2545 1416 2586 se
1454 2544 1746 2600 parumper
1789 2531 1856 2585 ab
1906 2530 2006 2596 eis,
2041 2539 2095 2584 et

515 2621 662 2676 ﬂevit
704 2619 904 2691 Ioseph
931 2638 946 2676 :
973 2631 1029 2677 et
1078 2636 1330 2677 reversus
1373 2621 1587 2676 locutus
1634 2631 1717 2694 est
1765 2620 1830 2673 ad
1878 2634 1991 2675 eos.
2031 2620 2095 2674 Et

516 2712 638 2767 tulit
663 2711 1010 2782 Symeonem,
1038 2723 1093 2769 et
1117 2713 1266 2768 illum
1292 2712 1421 2783 ipsis
1444 2711 1803 2783 praesentibus
1827 2712 2032 2780 ligavit.
2067 2729 2084 2761 ι

583 2886 793 2963 Ligavit
821 2902 931 2956 pra:
961 2886 1175 2942 caeteris
1207 2883 1556 2957 Symeouem,
1585 2885 1667 2940 vel
1702 2886 1843 2956 quod
1874 2887 1958 2940 hic
1990 2887 2090 2953 ipsi

514 2976 913 3033 infenslssimus
940 2979 1136 3045 fuerat,
1158 2979 1239 3032 vel
1267 2980 1448 3049 potius
1476 2980 1602 3048 quia
1628 2995 1749 3034 cum
1774 2979 1962 3035 Ruben
1985 2981 2094 3035 fra-

2760 1732 3016 1787 ΚΕΦΑΛ.
3056 1729 3178 1784 ΛΘ¹.

2281 1869 2299 1899 ι
2337 1851 2448 1903 Kal.
2475 1843 2545 1920 ἦν
2567 1848 2773 1919 Κύριος
2796 1848 2935 1918 μετὰ
2969 1845 3202 1915 Ἰωσήφ·
3244 1843 3338 1897 tui
3366 1838 3435 1913 ἦν
3481 1840 3623 1912 ἀνὴρ
3658 1842 3797 1893 ἐπι-

2202 1938 2515 2011 τυγχάνων·
2546 1941 2642 1993 καὶ
2673 1938 2894 2007 ἐγένετο
2922 1940 2980 1991 ὲν
3022 1936 3100 2007 τῷ
3132 1937 3267 2006 ιῐκῳ
3320 1932 3472 2003 παρὰ
3504 1932 3582 2003 τῷ
3606 1931 3796 2002 κυρίῳ

2200 2034 2280 2104 τῷ
2304 2034 2607 2103 Αίγυπτίῳ.
2658 2051 2675 2082 ι
3136 2022 3139 2025 ’

2270 2123 2381 2180 Ἦν
2408 2125 2466 2180 δὲ
2495 2125 2721 2193 Κύριος,
2756 2124 2911 2195 φησὶ,
2950 2121 3090 2193 μετὰ
3131 2122 3362 2192 Ἰωσήφ·
3402 2119 3500 2173 καὶ
3529 2114 3598 2190 ἦν
3620 2116 3787 2187 ἀνὴρ,

2202 2219 2392 2287 φησὶν,
2422 2210 2498 2271 ὧν
2530 2216 2857 2287 ἐπετήδευεν
2887 2215 3161 2284 εὐστοχῶν

2746 2415 3002 2470 ΚΕΦᾹΛ.
3052 2414 3183 2468 MB'.

2283 2553 2300 2583 ι
2357 2529 2757 2601 Ἀποστραφεὶς
2790 2529 2847 2581 δὲ
2873 2526 2966 2580 ἀπ’
2997 2526 3198 2589 αὐτῶν,
3234 2525 3502 2579 ἔκλαυσεν
3540 2524 3739 2592 Ἰωσήφ
3761 2535 3776 2551 ·

2205 2625 2300 2678 καὶ
2324 2624 2482 2678 πάλιν
2522 2620 2796 2692 προσῆλθε
2841 2616 2978 2687 πρὸς
3008 2617 3227 2678 αὐτοὺς,
3263 2616 3359 2667 καὶ
3388 2609 3544 2666 εἶπεν
3570 2613 3773 2674 αὐτοῖς.

2204 2717 2317 2771 Καὶ
2345 2714 2503 2767 ἔλαϐε
2533 2715 2622 2766 τὸν
2652 2709 2873 2782 Συμεὼν
2917 2708 3011 2763 ἀπ’
3044 2708 3243 2771 αὐτῶν,
3277 2708 3374 2759 καὶ
3405 2704 3594 2776 ἔδησεν
3619 2702 3778 2756 αὐτὸν

2202 2808 2442 2862 ἐναντίον
2473 2804 2670 2857 αὐτῶν.
2722 2823 2739 2854 ι

2276 2901 2506 2968 Ἕδησεν
2531 2896 2590 2961 ἐξ
2611 2895 2863 2948 ἁπάντων
2893 2893 2984 2945 τὸν
3017 2890 3265 2959 Συμεὼν,
3295 2889 3326 2959 ἢ
3354 2887 3429 2950 ὡς
3462 2885 3778 2955 πεπολεμη-

2202 2994 2332 3046 κότα
2355 2989 2514 3042 πλέον
2543 2987 2712 3056 αὐτῷ,
2747 2984 2780 3055 ἢ
2814 2982 3012 3054 μᾶλλον
3036 2982 3113 3043 ὡς
3138 2979 3247 3032 τῶν
3275 2978 3449 3032 ἄλλων
3480 2976 3609 3028 ὄντα
3640 2975 3779 3043 μετὰ

512 3069 686 3123 tribus
716 3070 1027 3137 praestabat,
1063 3071 1295 3137 ideoque
1326 3071 1705 3124 vehementius
1735 3082 2084 3127 moverentur

2195 3085 2289 3139 τοῦ
2334 3081 2559 3151 Ῥουϐὶμ
2606 3076 2950 3149 τιμιώτερον,
2983 3074 3080 3126 καὶ
3112 3072 3412 3140 δυνάμενον
3439 3067 3621 3129 αὐτοῖς
3673 3068 3767 3117 ἐπ-

512 3159 577 3211 ad
611 3157 897 3213 fovendum
934 3156 1223 3212 desiderati
1255 3156 1584 3225 Benjaminis
1611 3159 1732 3212 iter.

1095 3353 1251 3409 CAP.
1292 3352 1500 3408 XLVII.

586 3468 749 3526 Vsus.
782 3470 873 3526 51.
922 3486 941 3520 ι
972 3469 1038 3523 Ει
1068 3467 1157 3522 ille
1185 3485 1198 3521 :
1232 3466 1361 3521 Iura
1386 3483 1536 3536 ergo,
1567 3470 1759 3539 inquit,
1792 3472 1947 3530 mihi.
1970 3472 2089 3539 Quo

504 3566 746 3631 jurante,
789 3560 1032 3615 adoravit
1074 3558 1235 3612 Israel
1277 3560 1469 3625 Deum,
1502 3575 1800 3618 conversus
1829 3566 1896 3619 ad
1940 3581 2083 3621 sum-

511 3657 754 3711 mitatem
788 3653 949 3722 virgae
978 3650 1116 3722 ejus.
1156 3669 1174 3703 ι

580 3746 808 3814 Iamjatn
843 3744 1141 3798 moriturus
1192 3744 1380 3806 Iacob,
1410 3746 1657 3801 hortatur
1687 3746 1884 3819 Ioseph
1905 3762 1962 3805 ut
1990 3769 2086 3822 pa-

511 3852 647 3895 trem
703 3842 756 3893 itt
795 3839 1044 3908 srpulero
1101 3837 1364 3906 majorum
1414 3841 1467 3894 itt
1519 3853 1664 3896 terra
1709 3842 1968 3901 Chanaan
2001 3864 2087 3900 se-

510 3933 692 4002 peliat.
726 3932 843 3995 Quo
865 3932 1177 4002 jurameuto
1203 3933 1355 3987 lat-tus
1388 3947 1575 4000 senex,
1603 3946 1657 3988 et
1680 3946 1864 3993 certus
1895 3940 2089 3994 eximie

508 4024 899 4092 protnissiones
945 4021 1058 4077 fore
1105 4022 1420 4093 explendas,
1462 4026 1799 4082 existimavit
1830 4030 1934 4084 sibi
1977 4030 2087 4084 Deo

508 4117 714 4183 gratias
766 4114 1030 4182 agendum
1062 4128 1202 4169 esse.
1233 4113 1441 4169 Putans
1485 4127 1665 4171 autem
1703 4133 1815 4171 rem
1842 4135 1947 4173 non
1989 4123 2084 4175 de-

507 4223 654 4268 cere,
687 4207 731 4259 si
757 4206 858 4259 hoc
879 4205 1020 4261 lecto
1043 4214 1244 4261 stratus
1267 4207 1492 4273 faceret,
1519 4224 1576 4262 se
1603 4210 1813 4278 erigere
1838 4221 2083 4276 conatur,

508 4307 563 4350 et
621 4297 814 4353 baculo
862 4301 1110 4354 manibus
1160 4301 1382 4357 innixus
1441 4317 1616 4372 eoque
1679 4306 1845 4361 fultus
1889 4310 2084 4360 aduru-

2198 3175 2533 3242 ανάγκασμα
2592 3167 2847 3237 γενέσθαι
2910 3164 3048 3234 πρὸς
3113 3161 3214 3232 τὴν
3270 3159 3364 3212 τοῦ
3437 3156 3774 3226 ζητουμένου

2204 3263 2465 3334 Βενιαμὶν
2496 3262 2861 3332 παράστασιν.

2787 3362 3038 3426 ΚΕΦΑΛ.
3079 3369 3207 3422 MZ'.

2274 3506 2291 3536 ι
2325 3483 2459 3538 Eine:
2506 3484 2562 3537 δὲ
2588 3483 2758 3555 αὐτῷ,
2793 3483 3031 3551 Ὄμοσόν
3061 3498 3172 3551 μοι.
3203 3476 3309 3531 Καὶ
3338 3472 3557 3544 ὤμοσεν
3586 3468 3767 3539 αὐτῷ·

2196 3581 2293 3633 καὶ
2322 3579 2730 3648 προσεκύνησεν
2774 3576 2989 3646 Ἰσραὴλ
3018 3576 3109 3629 ἐπὶ
3138 3573 3200 3627 τὸ
3238 3572 3407 3641 ἄκρον
3434 3567 3534 3637 τῆς
3572 3563 3769 3635 ῥάϐδον

2196 3673 2381 3726 αὐτοῦ.
2414 3691 2433 3725 ι
2535 3727 2541 3734 _
3232 3674 3239 3677 ’

2266 3764 2491 3819 Μέλλων
2513 3764 2771 3833 τελευτᾷν
2796 3764 2822 3813 ὁ
2859 3757 3073 3823 Ἰακὼϐ,
3099 3752 3409 3828 παρακαλεῖ
3426 3751 3519 3804 τὸν
3546 3746 3766 3816 Ἰωσὴφ,

2197 3860 2284 3911 ἴνα
2328 3859 2385 3909 ὲν
2418 3855 2495 3927 τῷ
2541 3857 2697 3924 τάφῳ
2742 3853 2851 3906 τῶν
2877 3852 3155 3922 πατέρων,
3212 3850 3269 3901 ὲν
3318 3848 3390 3915 γῇ
3424 3841 3644 3896 Χαναὰν
3676 3840 3767 3892 τὸν

2196 3947 2446 4016 νεκρὸν..
2480 3984 2495 3998 .
2526 3985 2540 3999 .
2579 3943 2595 3982 ί
2646 3943 2832 4013 ἡσθεὶς
2876 3943 2905 3995 ὁ
2943 3937 3295 4011 πρεσϐύτης,
3344 3935 3439 3987 καὶ
3496 3933 3770 4001 πληροφο-

2197 4042 2316 4111 ρίαν
2352 4038 2482 4108 περὶ
2525 4036 2633 4090 τῶν
2684 4033 3028 4102 ἐπαγγελιῶν
3077 4029 3333 4084 ἐντεῦθεν
3366 4024 3567 4089 λαϐὼν,
3612 4022 3765 4093 ᾠήθη

2195 4133 2354 4201 χάριν
2381 4128 2500 4198 Θεῷ
2525 4128 2632 4180 δεῖν
2658 4126 3122 4197 καθομολογῆσαι.
3157 4122 3250 4192 Μὴ
3291 4120 3519 4190 νομίσας
3547 4117 3602 4169 δὲ
3631 4113 3764 4183 πρέ-

2194 4239 2315 4274 πειν
2337 4219 2485 4290 αὐτῷ
2507 4217 2956 4289 κατακεκλιμένῳ
2976 4216 3181 4284 ταύτην
3205 4210 3557 4284 ποιήσασθαι,
3592 4207 3765 4276 βιάζε-

2192 4330 2282 4364 ται
2319 4310 2416 4380 μὲν
2445 4309 2640 4361 ἑαυτὸν
2678 4308 2817 4380 πρὸς
2855 4304 3251 4378 ἐπανόρθωσιν,
3277 4297 3686 4371 ὲπιστηριχθεὶς
3710 4294 3763 4345 δὲ

510 4388 710 4442 ιίδιιειιι
742 4405 894 4442 suam
920 4389 1149 4459 perﬁcit.
1178 4390 1310 4444 Nam
1335 4392 1483 4460 illud,
1512 4396 1749 4449 adoravit
1769 4414 2083 4466 supersum-

2192 4401 2288 4453 καὶ
2319 4399 2847 4468 ὲπαναπαυσὰμενος
2868 4398 2935 4467 τῇ
2964 4396 3021 4448 ὲν
3052 4392 3210 4465 χερσὶ
3236 4389 3537 4463 βακτηρίᾳ,
3571 4386 3764 4478 πληροῖ

508 4479 745 4533 milatem
792 4481 953 4551 virga:
982 4481 1123 4551 ejus,
1152 4483 1254 4537 hoc
1300 4484 1594 4554 signiﬁcat.
1648 4487 1937 4557 Perperam
1975 4490 2081 4544 ita-

508 4587 614 4640 que
653 4572 976 4642 quibusdam
1014 4573 1185 4628 visum
1230 4586 1313 4629 est
1342 4576 1491 4630 illum
1525 4592 1690 4646 super
1721 4580 1926 4649 virgam
1954 4583 2085 4634 ado-

508 4661 741 4727 ravisse,
783 4671 1040 4734 tanquam
1076 4679 1240 4734 super
1271 4665 1497 4736 figuram
1532 4670 1730 4724 crucis.
1775 4668 1892 4724 Non
1941 4674 2083 4726 scri-

506 4763 658 4822 ptum
687 4763 772 4809 est
800 4755 945 4809 enim
976 4773 989 4811 :
1017 4756 1280 4811 Adoravit
1307 4760 1675 4813 summitatem
1707 4762 1871 4832 virga:
1921 4763 2037 4831 ejus
2067 4783 2081 4831 ;

505 4844 888 4913 scd,Adoram’t
906 4863 1062 4916 super
1083 4851 1439 4904 summitatem
1463 4852 1623 4922 virgw
1644 4851 1778 4921 ejus.
1805 4855 1978 4910 Simili
1996 4873 2084 4910 ra—

508 4934 654 4989 tione
680 4950 739 4990 se
762 4935 925 4990 habet
950 4935 1079 4989 illud
1104 4938 1327 4992 secundi
1358 4938 1554 5012 (tertii)
1584 4939 1708 4994 libri
1734 4939 2044 5011 Regnorum
2066 4960 2081 4998 :

506 5024 576 5079 Et
629 5026 869 5081 adoravit
927 5041 1020 5079 rea;
1071 5025 1243 5081 David
1291 5045 1449 5098 super
1500 5032 1669 5087 cubile
1709 5033 1776 5087 ".
1814 5034 1945 5088 Nam
1982 5037 2070 5090 hic

508 5118 673 5171 David
705 5117 891 5173 laetitia
919 5132 1136 5188 quoque
1165 5118 1341 5175 elatus
1364 5123 1506 5191 quod
1538 5133 1663 5179 ante
1710 5134 1937 5179 mortem
1984 5124 2083 5179 Sa-

503 5209 774 5264 lomonem
814 5209 1037 5266 vidisset
1067 5224 1231 5282 super
1281 5212 1538 5268 thronum
1572 5215 1875 5284 sedentem,
1904 5232 2083 5272 move-

507 5307 595 5351 tur
624 5299 691 5353 ad
738 5298 1176 5355 vehementiores
1229 5300 1336 5356 Deo
1385 5303 1589 5372 gratias
1615 5304 1947 5360 exhibendas
1981 5322 1995 5371 ;
2027 5316 2082 5359 at

503 5392 656 5446 seuio
696 5392 1029 5458 debilitatus,
1083 5386 1453 5452 adorationum
1498 5414 1651 5454 suam
1688 5400 1882 5469 capitis
1935 5400 2077 5455 cultu

578 5555 615 5581 "‘
646 5548 708 5604 111
746 5550 877 5621 Reg.
904 5569 943 5619 ι,
974 5554 1063 5609 47.

585 5695 597 5722 ¹
644 5702 761 5756 Ἵσ.
796 5701 961 5772 θάψῃ·
997 5703 1348 5773 ὑπερησθείς,
1379 5712 1434 5760 ut
1463 5703 1599 5758 infra
1625 5706 1689 5763 de
1719 5704 1940 5759 Davide.

2185 4493 2284 4563 τὴν
2327 4491 2720 4562 προσκύνησιν.
2778 4490 2852 4542 Τὸ
2886 4489 3016 4558 γὰρ,
3065 4486 3536 4555 Προσεκύνησεν
3571 4479 3671 4534 ἐπὶ
3699 4476 3763 4529 τὸ

2189 4585 2377 4654 ἄκρον
2419 4582 2530 4651 τῆς
2579 4582 2806 4650 ῥάϐδου
2853 4580 3070 4644 αὐτοῦ,
3113 4579 3274 4633 τοῦτό
3305 4581 3488 4642 ἐστιν,
3540 4576 3641 4643 οὐχ
3691 4571 3761 4632 ὥς

2188 4693 2334 4738 τινες
2368 4674 2556 4739 ἁπλῶς
2598 4673 3038 4743 ὲφαντάσθησαν,
3076 4672 3158 4727 ὅτι
3199 4674 3268 4741 τῇ
3312 4669 3496 4740 ῥάϐδῳ
3529 4683 3764 4737 προσκυ-

2190 4768 2381 4837 νήσας,
2409 4768 2467 4819 ὲν
2503 4767 2790 4836 αἰνίγματι
2822 4764 2899 4835 τῷ
2922 4761 3142 4834 σταυρῷ
3168 4759 3600 4832 προσεκύνησεν.
3633 4754 3764 4809 Οὐδὲ

2188 4860 2296 4928 γὰρ
2341 4857 2484 4910 οὕτω
2535 4858 2881 4927 γέγραπται,
2936 4856 3021 4908 ὅτι
3070 4853 3456 4923 Προσεκύνησε
3503 4848 3566 4901 τὸ
3600 4848 3765 4914 ἄκρον

2185 4951 2283 5020 τῆς
2326 4948 2520 5020 ῥάϐδου
2570 4947 2774 5010 αὐτοῦ,
2836 4947 2992 5010 ἀλλὰ,
3021 4944 3497 5012 Προσεκύνησεν
3550 4937 3651 4992 ἐπὶ
3700 4936 3764 4989 τὸ

2187 5041 2374 5109 ἄκρον
2398 5040 2509 5108 τῆς
2536 5038 2764 5107 ῥάϐδου
2806 5038 3012 5092 αὐτοῦ.
3049 5038 3275 5106 Ὅμοιον
3301 5035 3360 5087 δὲ
3384 5034 3448 5085 τὸ
3476 5036 3535 5084 ὲν
3556 5033 3623 5100 τῇ
3647 5029 3765 5082 δευ-

2186 5133 2320 5202 τέρᾳ
2353 5130 2462 5183 τῶν
2500 5129 2832 5182 Βασιλειῶν·
2874 5130 2983 5183 Καὶ
3022 5128 3488 5196 προσεκύνησεν
3516 5127 3549 5177 ό
3578 5124 3763 5186 ,βασι-

2189 5222 2337 5289 λεὺς
2385 5220 2566 5275 Δαϐὶδ
2602 5220 2698 5274 ἐπὶ
2732 5218 2841 5287 τῆς
2871 5221 3078 5286 κοίτης
3123 5218 3331 5271 αὐτοῦ.
3383 5218 3500 5268 Κάν
3550 5212 3763 5274 τούτοις

2186 5312 2296 5383 γὰρ
2344 5313 2372 5364 ὁ
2400 5311 2565 5364 Δαϐὶδ
2597 5310 2957 5381 ὑπερησθεὶς,
2999 5310 3083 5378 ἐφ’
3113 5306 3195 5372 οἷς
3225 5309 3306 5361 ἔτι
3354 5308 3465 5372 ζῶν
3498 5303 3761 5358 ἐθεάσατο

2185 5402 2284 5471 τῆς
2319 5402 2594 5473 βασιλείας
2622 5402 2888 5456 ἐπιϐάντα
2914 5401 3005 5455 τὸν
3036 5399 3384 5469 Σολομῶντα,
3428 5396 3566 5467 πρὸς
3596 5394 3762 5464 εὐχα-
