4068 6126
359 355 494 440 16δῆ

1453 365 1535 427 ΙΝ
1575 358 1904 425 (ΞἘΝΕΞΙΝ
1945 357 2430 426 FRAGMENTA.

3470 341 3607 409 1658

360 487 567 558 ριςτίαν
598 487 694 555 μὲν
719 482 814 534 τοῦ
840 481 973 536 Θεοῦ
1005 485 1234 536 κινεῖται
1283 476 1636 548 θερμότερον,
1673 469 1928 544 ἡττηθεὶς

2045 483 2192 538 super
2217 477 2376 536 caput
2408 464 2622 528 cubitis,
2664 467 2756 516 aut
2782 471 2944 528 super
2990 469 3262 512 summum
3289 453 3464 512 cubile
3487 469 3607 524 per-

357 579 414 632 δὲ
443 577 519 648 τῷ
552 577 722 647 γήρᾳ,
754 577 822 644 τῇ
862 574 962 642 τῆς
1010 571 1252 640 κεφαλῆς
1283 567 1552 620 ἐπικλίσει
1599 563 1800 634 πληροῖ
1829 559 1934 630 τὴν
2032 563 2180 618 fecit.

360 667 728 740 προσκύνησιν
747 665 840 719 ἐπὶ
859 663 1104 734 κεφαλῆς
1129 661 1230 730 τῆς
1253 659 1463 728 κλίνης,
1493 657 1527 728 ἢ
1555 655 1650 709 ἐπὶ
1673 655 1736 707 τὸ
1763 652 1932 722 ἄκρον

359 757 458 828 τῆς
494 757 706 829 κλίνης.

927 860 1178 916 ΚΕΦᾹΛ.
1217 851 1350 912 MS’.

437 991 457 1024 ι
506 973 731 1044 Ῥουϐιμ
767 969 1110 1043 πρωτότοκος
1138 984 1262 1038 μου,
1311 965 1375 1017 σὺ
1425 961 1581 1032 ἰσχύς
1613 977 1716 1031 μου
1738 999 1754 1024 ν
1786 959 1930 1030 ἀρχὴ

359 1064 568 1118 τέκνων
617 1081 758 1135 μου,
793 1063 1026 1134 σκληρὸς
1071 1057 1365 1129 φέρεσθαι,
1415 1056 1513 1109 καὶ
1551 1051 1787 1123 σκληρὸς
1830 1049 1932 1103 αύ-

361 1154 546 1226 θάδης.
597 1173 615 1206 ι

443 1245 676 1314 Ῥουϐίμ
729 1243 1102 1312 πρωτότοκός
1143 1258 1262 1310 μου
1283 1279 1298 1302 .
1340 1238 1440 1293 καὶ
1494 1234 1652 1306 ἁρχὴ
1707 1237 1936 1286 τέκνων

357 1351 497 1404 μου,
527 1333 802 1388 τουτέστιν
831 1334 859 1386 ὁ
897 1331 1112 1402 πρῶτος
1141 1329 1202 1393 ἐξ
1239 1327 1374 1398 ἐμοῦ
1416 1322 1722 1394 γεννηθεὶς,
1754 1321 1848 1375 καὶ
1877 1322 1935 1374 ἐν

361 1418 408 1493 ᾧ
453 1423 655 1495 πρώτῳ
709 1421 957 1492 τεχθέντι
1009 1421 1072 1472 τὸ
1121 1419 1340 1490 ίσχυρὸν
1377 1417 1471 1470 καὶ
1507 1415 1568 1468 τὸ
1599 1413 1935 1466 ἀκατάλυτον

363 1517 540 1588 ἐσχον,
569 1518 637 1587 τῇ
664 1515 884 1586 διαδοχῇ
927 1513 1062 1582 πρὸς
1095 1512 1156 1564 τι
1188 1509 1426 1580 φθαρτὸν
1457 1508 1550 1561 καὶ
1577 1504 1800 1567 ἀσθενὲς
1836 1505 1936 1572 τῆς

364 1607 578 1678 φύσεως
607 1605 1115 1674 ὰνταγωνισὰμενος
1135 1619 1149 1633 ·
1197 1597 1466 1669 Σκληρός
1493 1597 1800 1667 φέρεσθαι,
1834 1593 1936 1648 καί

363 1699 632 1766 σκληρὸς
660 1697 947 1763 αὐθάδης.

441 1809 460 1841 ι
509 1788 853 1858 Ἐξύὸρισας,
889 1789 965 1850 ιὶς
991 1784 1135 1854 ὕδωρ
1166 1785 1242 1854 μή
1267 1781 1518 1852 ἐκζέσῃς.
1561 1799 1580 1831 υ

445 1880 768 1951 Ἐξύϐρισας
812 1877 1155 1940 ἀκαθέκτως,
1201 1874 1323 1930 ἀντὶ
1350 1871 1445 1926 τοῦ
1478 1869 1810 1940 ἀλογίστως,
1841 1869 1936 1922 καὶ

363 1973 692 2045 θερμότερον
718 1972 814 2024 τοῦ
855 1971 1063 2032 δέοντος
1099 1968 1233 2038 πρὸς
1272 1963 1474 2034 πρᾶξιν
1503 1953 1820 2032 παράνομον
1841 1962 1936 2029 ὁρ-

365 2065 568 2134 μήσας,
598 2063 920 2134 ἐξήμαρτες.
951 2060 1207 2120 Βούλεται.
1230 2057 1286 2111 δὲ
1312 2057 1486 2108 εἰπεῖν
1513 2053 1612 2125 τὴν
1634 2051 1936 2122 γενομένην

363 2153 618 2220 ἀθέσμως
651 2151 836 2221 κοίτην
868 2149 1003 2217 πρὸς
1032 2147 1258 2200 Βάλλαν.
1292 2145 1398 2197 Τοῦ
1433 2143 1618 2213 μέντοι
1651 2141 1938 2211 μέλλοντος

363 2241 613 2308 ἐπάγειν,
658 2242 1002 2294 συνετώτατα
1027 2241 1146 2293 λίαν
1193 2237 1356 2292 αὐτοῦ
1390 2237 1681 2308 προτάττει
1724 2235 1818 2295 τὸ,
1857 2233 1936 2298 ὠς

362 2333 520 2400 ὕδωρ
559 2331 644 2402 μὴ
678 2331 962 2398 ἐκζέσῃςο
1023 2331 1128 2400 πρὸ
1170 2331 1268 2400 τῆς
1307 2327 1642 2398 κατηγορίας
1692 2328 1786 2378 καὶ
1828 2325 1937 2377 τῶν

274 2419 289 2424 ’
361 2423 600 2492 ἐλέγχων
640 2423 964 2492 ἐξαρπάζων
994 2421 1182 2491 ὥσπερ
1232 2421 1395 2472 αὐτὸν
1441 2418 1540 2487 τῆς
1588 2415 1932 2485 ὀφειλούσης,

363 2511 486 2564 ὅσον
531 2513 625 2566 ἐπὶ
667 2511 742 2579 τῷ
783 2511 877 2563 τοῦ
911 2511 1400 2582 πλημμεληθέντος
1455 2511 1802 2580 τολμήματι,
1856 2508 1937 2562 δι-

363 2601 534 2662 καίως
564 2601 872 2670 ἐπαχθῆναι
914 2601 1208 2664 κολάσεως.
1241 2601 1339 2652 Διὰ
1367 2601 1476 2668 γὰρ
1499 2597 1633 2670 αὐτὸ
1661 2597 1819 2650 τοῦτο
1843 2599 1938 2650 καὶ

361 2689 461 2762 τὴν
493 2692 669 2762 ἀρχὴν
691 2690 784 2744 τοῦ
813 2692 940 2762 περὶ
969 2691 1130 2744 αὑτὸν
1165 2691 1326 2760 λόγου
1357 2690 1615 2760 τοιαύτην
1643 2689 1938 2760 ἐποιήσατο

366 2787 878 2854 κατασκευαστικὴν
910 2785 1110 2850 ἱκανῶς
1141 2787 1279 2856 πρὸς
1317 2786 1378 2838 τὸ
1424 2785 1524 2855 τῆς
1551 2784 1937 2854 παραιτήσεως

365 2873 608 2942 εὔλογον.
639 2875 714 2927 Τὸ
744 2874 858 2939 οὖν,
896 2875 978 2941 ὡς
1006 2875 1162 2944 ὕδωρ
1209 2875 1294 2945 μὴ
1323 2873 1608 2942 ἐκζέσῃς,
1639 2871 1796 2926 τοῦτό
1831 2889 1938 2941 φη-

368 2981 474 3030 σιν,
504 2965 698 3036 ὅτιΜὴ
730 2966 944 3034 γένοιτό
981 2982 1063 3020 σοι
1097 2965 1185 3020 διὰ
1208 2965 1270 3018 τὸ
1300 2964 1514 3033 συμϐάν
1553 2981 1634 3016 σοι
1673 2962 1804 3034 περὶ
1837 2963 1938 3030 τὴν

364 3057 460 3110 τοῦ
492 3056 700 3126 πατρός
735 3073 829 3110 σου
860 3056 1049 3127 κοίτην
1075 3057 1140 3110 ἐκ
1167 3055 1500 3127 προπετείας
1530 3053 1934 3125 πλημμέλημα,

2633 837 2782 894 CAP.
2820 834 3008 892 XLIX.

2106 952 2272 1009 Vens.
2305 951 2358 1006 '5.
2406 969 2424 1002 ι
2455 949 2651 1004 Ruben
2701 943 3096 1016 primogenitus
3145 954 3318 1004 meus,
3359 945 3416 992 tu
3446 935 3604 991 furti-

2037 1042 2165 1097 tudo
2198 1055 2340 1106 mea,
2370 1049 2424 1094 et
2453 1037 2776 1107 principium
2813 1031 3016 1090 doloris
3059 1030 3162 1084 mei
3200 1048 3214 1084 :
3243 1030 3391 1098 prior
3426 1028 3480 1081 in
3513 1029 3610 1080 do-

2036 1133 2142 1199 nis,
2174 1131 2344 1200 major
2371 1130 2423 1184 in
2449 1129 2696 1198 imperio.
2727 1144 2746 1177 ι

2107 1223 2284 1280 Ruben
2321 1221 2702 1291 primogenita:
2745 1233 2912 1284 meus,
2939 1225 2987 1269 et
3017 1213 3328 1286 principium
3377 1211 3606 1279 ﬁliorum

2036 1333 2293 1381 meorum,
2310 1315 2412 1370 hoc
2441 1321 2544 1378 est,
2568 1325 2727 1381 quem
2754 1309 2986 1379 primum
3011 1305 3195 1376 genui,
3221 1309 3274 1356 in
3300 1318 3406 1372 quo
3433 1301 3610 1370 primo

2038 1408 2344 1482 praesidium
2374 1405 2507 1462 mihi
2545 1412 2601 1458 et
2649 1417 2820 1474 genus
2844 1407 3052 1454 certum
3093 1397 3296 1458 inveni,
3324 1394 3601 1464 progeniei

2043 1504 2304 1557 adversus
2355 1493 2728 1564 corruptibilis
2761 1501 2816 1544 et
2859 1488 3050 1544 debilis
3097 1495 3307 1541 naturae
3339 1485 3605 1540 fallaciam

2040 1593 2312 1654 conlisus;
2348 1589 2524 1644 Durus
2546 1585 2616 1640 ad
2642 1584 2938 1656 ferendum,
2965 1592 3014 1636 et
3043 1581 3209 1635 durus
3232 1579 3502 1649 pervicax.

2115 1769 2274 1823 Vens.
2302 1768 2356 1822 4.
2403 1783 2423 1817 ι
2453 1762 2669 1818 Eﬂ‘usus
2699 1775 2779 1823 es,
2829 1758 2970 1813 sicut
3001 1771 3138 1825 aqua
3181 1769 3284 1808 non
3315 1766 3550 1808 crescas.
3584 1769 3606 1803 ν

2109 1855 2306 1912 Fecisti
2337 1849 2742 1914 contumeliam,
2773 1848 2876 1902 hoc
2903 1853 2986 1900 est
3014 1859 3212 1900 vesano
3240 1853 3294 1899 et
3315 1843 3482 1896 nimio
3513 1841 3616 1895 im-

2042 1959 2170 2022 petu
2211 1951 2278 2002 ad
2312 1961 2424 2002 rem
2470 1943 2665 1998 malam
2710 1952 2950 2009 praeceps
2994 1936 3252 2007 peccasti.
3286 1933 3612 2003 Signiﬁcare

2043 2053 2222 2097 autem
2261 2039 2372 2093 vult
2393 2035 2618 2105 impium
2647 2033 2765 2100 ejus
2796 2045 2918 2086 cum
2953 2028 3100 2082 Bulla
3138 2027 3506 2080 concubitum.
3546 2025 3614 2078 At

2042 2133 2355 2204 priusquam
2392 2140 2504 2181 rem
2529 2123 2786 2193 explicet,
2824 2135 2986 2192 quam
3020 2117 3374 2172 solertissime
3411 2114 3618 2185 profert

2044 2221 2170 2276 illud
2194 2218 2326 2272 sicut
2351 2229 2488 2286 aqua
2509 2229 2612 2267 non
2642 2225 2847 2266 crescas
2879 2225 2898 2272 ;
2931 2222 3054 2262 eum
3089 2221 3196 2260 non
3232 2217 3358 2260 ante
3399 2205 3614 2259 incusat

2043 2321 2098 2368 et
2115 2306 2518 2369 iucriminatur,
2546 2316 2707 2372 quam
2741 2301 2932 2358 merita
2959 2299 3248 2367 debitaque
3273 2311 3431 2367 paena
3449 2313 3616 2368 prope

2043 2396 2284 2462 solverit,
2307 2395 2362 2449 in
2383 2400 2642 2464 quantum
2667 2390 2770 2445 hoc
2795 2389 2974 2443 delicti
3001 2388 3211 2442 facinus
3267 2387 3614 2442 admittebat.

2043 2489 2120 2544 Ea
2150 2487 2292 2543 enim
2317 2487 2382 2541 de
2407 2498 2574 2538 causa
2628 2481 2778 2536 hisce
2813 2479 2992 2534 verbis
3037 2479 3337 2534 orationem
3369 2493 3522 2534 suam
3549 2479 3616 2534 de

2044 2581 2162 2650 ipso
2201 2577 2502 2640 exorditur,
2552 2573 2750 2644 quibus
2789 2571 3000 2626 veniam
3049 2568 3330 2638 aptissime
3373 2578 3613 2640 exoptat.

2043 2671 2176 2726 Illud
2209 2669 2394 2740 igitur,
2442 2666 2577 2720 sicut
2629 2679 2768 2734 aqua
2826 2679 2928 2716 non
2976 2676 3204 2724 crestae,
3234 2662 3389 2732 quasi
3422 2662 3610 2718 dicat:

2043 2761 2200 2818 Licet
2242 2756 2416 2830 patris
2457 2755 2636 2827 cubile
2687 2763 2890 2808 temere
2938 2753 3246 2816 violaveris,
3291 2767 3397 2808 non
3451 2751 3621 2808 bene-

2045 2853 2282 2910 dictione
2335 2845 2676 2903 defrauderis
2733 2845 2881 2900 circa
2936 2846 3153 2915 generis
3218 2843 3617 2915 perennitatem

2047 2947 2208 3001 iacta.
2241 2941 2320 2998 Ne
2347 2953 2540 3011 pceuas
2575 2953 2605 2992 a
2635 2945 2688 2992 te
2719 2936 2861 2992 Deus
2893 2937 2991 2992 has
3011 2938 3214 3008 exigat,
3243 2939 3350 2991 vim
3371 2933 3619 3006 pariendi

2045 3037 2307 3102 tollendo,
2357 3033 2608 3090 ardorem
2669 3028 3049 3102 refrigerando
3105 3041 3162 3087 et
3219 3030 3620 3100 exstinguendo

363 3147 461 3212 τῆς
506 3145 644 3214 πρὸς
681 3145 922 3199 ἐπίδοσιν
957 3144 1054 3198 τοῦ
1096 3120 1288 3214 γένους
1325 3144 1576 3212 εὐλογίας
1618 3120 1935 3196 αποπεσεῖν.

2045 3147 2151 3201 quo
2191 3140 2388 3198 pueros
2443 3135 2784 3194 procreares,
2816 3121 2990 3176 instar
3010 3135 3164 3190 aquae
3191 3121 3377 3191 procul
3409 3120 3618 3190 abigne

365 3236 517 3306 Μηδὲ
546 3237 696 3307 δοίης
723 3236 864 3307 ὑπὲρ
889 3235 1079 3290 τούτου
1114 3235 1292 3306 δίκην,
1333 3236 1396 3288 τὸ
1425 3235 1502 3305 μὴ
1531 3233 1786 3304 γενέσθαι
1828 3249 1938 3286 πα-

365 3327 494 3398 τὴρ,
521 3327 899 3397 ἀποψυγέντος
937 3327 1030 3380 τοῦ
1058 3327 1158 3397 τῆς
1201 3325 1417 3396 φύσεως
1456 3326 1514 3378 ἐν
1542 3325 1628 3378 σοὶ
1667 3325 1764 3377 καὶ
1804 3324 1940 3377 ἀπο-

368 3417 688 3480 σϐεσθέντος
737 3415 874 3486 πρὸς
904 3417 1248 3469 παιδοποιίαν
1287 3412 1512 3484 θερμοῦ,
1543 3411 1944 3483 παραπλησίως

369 3505 521 3559 ὕδατι
561 3509 880 3578 χωρισθέντι
929 3507 1125 3578 πυρός.
1155 3507 1319 3559 Ὥστε
1347 3505 1590 3574 δηλονότι
1629 3503 1724 3556 νῦν
1767 3503 1826 3556 ἐν
1853 3501 1944 3554 εύ-

366 3597 551 3665 λογίας
587 3598 718 3650 είδει.
769 3598 1027 3670 προλέγει
1060 3597 1160 3666 τῆς
1185 3597 1358 3664 φυλῆς
1393 3594 1492 3664 τὴν
1527 3593 1793 3664 ἐσομένην
1820 3591 1944 3644 ἐπί-

367 3689 530 3742 δοσιν.
568 3690 750 3754 Ἀξιόν
776 3707 840 3758 γε
866 3689 972 3760 μὴν
994 3687 1208 3754 ἔκρινεν
1229 3680 1372 3738 εἶναι
1397 3683 1730 3752 συγγνώμης
1758 3680 1942 3744 αὑτὸν,

2045 3227 2284 3276 semotae.
2319 3215 2438 3283 Qua
2475 3212 2856 3282 deprecatione
2884 3211 3120 3267 futuram
3145 3214 3320 3282 gentis
3346 3213 3618 3267 fortunam

2046 3309 2288 3382 profecto
2331 3305 2680 3378 praenuntiat.
2763 3303 2980 3360 Judicat
3037 3319 3161 3360 eum
3214 3305 3338 3360 ideo
3398 3305 3618 3374 dignum

2039 3419 2162 3459 esse
2192 3401 2281 3472 qui
2329 3399 2549 3456 veniam
2573 3404 3020 3466 consequeretur,
3055 3406 3110 3450 et
3157 3396 3410 3466 progenie
3454 3395 3620 3450 multa

2041 3497 2354 3556 donaretur,
2389 3489 2518 3560 quia
2553 3487 2672 3544 alia:
2697 3487 2796 3557 ipsi
2833 3489 3051 3544 inerant
3093 3491 3346 3554 virtutes,
3390 3501 3622 3557 praeser-

2042 3587 2136 3640 tim
2179 3597 2310 3638 vero
2361 3581 2486 3650 quia
2543 3579 2804 3635 fratribus
2853 3580 2920 3634 de
2977 3582 3220 3635 necando
3259 3577 3458 3650 Josepb
3515 3593 3620 3632 non

2044 3672 2430 3730 consentiendo
2455 3670 2644 3725 Ruben
2682 3685 2805 3726 eum
2831 3679 3168 3726 servaverat.

365 3783 463 3834 καὶ
503 3781 600 3834 τοῦ
637 3780 711 3852 μὴ
756 3782 859 3849 τῆς
883 3779 1188 3848 φυλαρχίας
1220 3777 1540 3836 ἀποπεσεῖν,
1571 3775 1658 3828 διὰ
1724 3773 1787 3825 τὸ
1811 3770 1979 3839 ἄλλην
2015 3783 2074 3819 τε
2103 3762 2252 3833 αύτῷ
2300 3763 2597 3817 συνειδέναι
2652 3761 2776 3816 τινὰ
2815 3764 2978 3833 τυχὸν
3007 3763 3229 3836 ἀρετὴν,
3251 3764 3348 3818 καὶ
3387 3763 3623 3834 μάλιστα

367 3875 453 3930 διὰ
483 3874 546 3928 τὸ
585 3874 660 3944 μὴ
704 3871 998 3942 σύμψηφον
1023 3869 1310 3940 γινόμενον
1334 3871 1449 3932 τοῖς
1473 3868 1744 3936 ἀδελφοῖς,
1770 3865 2080 3937 ἐξαρπάσαι
2110 3858 2342 3912 Θανάτου
2369 3859 2460 3911 τὸν
2497 3859 2720 3928 Ἰωσήφ.

444 3985 464 4017 ι
487 3964 688 4025 Ἰούδα.
720 3963 782 4016 σὲ
809 3961 1126 4016 αἰνέσαισαν
1157 3961 1208 4014 οἱ
1255 3961 1474 4030 ἀδελφοί
1517 3976 1640 4014 σουο
1669 3963 1724 4014 αἱ
1762 3959 1940 4030 χεῖρές

371 4073 466 4110 σου
505 4056 600 4108 ἐπὶ
642 4053 814 4106 νώτου
837 4051 946 4106 τῶν
977 4050 1189 4123 ἐχθρῶν
1221 4068 1314 4106 σου
1335 4068 1349 4084 ·
1386 4051 1829 4123 προσκυνήσουσί
1859 4067 1940 4103 σοι

369 4145 474 4198 υίοὶ
501 4142 596 4197 τοῦ
628 4141 835 4214 πατρός
860 4157 976 4194 σου.
999 4158 1019 4192 ι

437 4234 700 4289 Τουτέστι
737 4233 834 4286 καί⁸
863 4231 1142 4300 συγγενῶν
1171 4230 1266 4284 καὶ
1291 4227 1604 4299 ἀλλοφύλων
1627 4226 1941 4300 κατάρξεις,

369 4329 462 4383 καὶ
489 4326 698 4396 γενήσῃ
727 4323 881 4395 παρὰ
915 4324 1082 4376 πᾶσιν
1113 4321 1418 4383 ἐπαινετός.

2116 3953 2282 4009 Vsus.
2313 3953 2366 4008 8.
2419 3970 2437 4004 ι
2473 3951 2636 4019 Juda,
2683 3961 2737 4007 te
2767 3951 2985 4005 laudent
3032 3949 3232 4005 fratres
3280 3951 3354 4006 tui
3385 3969 3400 4006 :
3432 3968 3624 4008 manus

2049 4051 2155 4098 tute
2199 4057 2364 4112 super
2389 4043 2610 4098 dorsum
2647 4041 2992 4096 inimicorum
3019 4050 3272 4096 tuorum:
3306 4037 3612 4098 adorabunt

2049 4142 2102 4188 te
2135 4132 2229 4187 lilii
2261 4131 2429 4202 patris
2460 4133 2554 4187 tui.
2599 4151 2619 4184 ι

2103 4222 2218 4278 Hoc
2245 4232 2349 4289 est,
2373 4223 2618 4292 cognatis
2645 4229 2703 4278 et
2723 4221 3055 4292 alienigenis
3082 4221 3470 4288 dominaberis,
3502 4237 3623 4278 om-

2050 4331 2148 4371 nes
2175 4326 2227 4370 te
2257 4315 2508 4370 laudibus
2537 4313 2784 4369 eﬂ'erent.

447 4434 464 4468 ι
491 4381 734 4485 inuitati;
751 4381 966 4476 λέοντος,
995 4411 1166 4465 Ἰούδα
1183 4426 1196 4440 ·
1223 4411 1288 4464 ἐκ
1318 4381 1570 4479 βλαστοῦ,
1593 4408 1676 4463 υἱέ
1703 4407 1939 4480 μου,ἁν-

2119 4409 2276 4476 νειιε.
2309 4408 2364 4464 9.
2399 4424 2420 4459 ι
2455 4406 2677 4462 Catulus
2721 4405 2896 4462 leonis
2940 4403 3076 4458 .luda
3109 4421 3124 4459 :
3159 4419 3221 4460 ex
3249 4389 3515 4476 germine,
3548 4405 3620 4460 lili

370 4507 501 4575 έΰης
521 4521 534 4535 ·
565 4502 874 4564 ἀναπεσὼν,
913 4501 1217 4574 ἐκοιμήθης
1242 4501 1318 4564 ὡς
1351 4500 1509 4566 λέων,
1543 4501 1639 4553 καὶ
1685 4499 1761 4562 ὡς
1813 4497 1944 4552 σκύ-

373 4615 502 4668 μνος
521 4613 536 4626 ο
566 4596 650 4658 τίς
673 4597 858 4664 ἐγερεῖ
883 4595 1075 4658 αύτὸν;
1103 4613 1122 4645 ι

440 4689 513 4742 'l‘b
543 4687 662 4756 μὲν,
691 4687 758 4739 ἐκ
785 4685 1084 4752 βλαστοῦ,
1110 4683 1202 4740 υἱέ
1227 4703 1367 4754 μου,
1406 4681 1648 4749 ἀνέϐης,
1679 4681 1800 4734 ἀντὶ
1826 4679 1943 4741 τοῦ,

370 4778 646 4849 Πὺξήθης,
671 4776 920 4846 καθάπερ
943 4777 1006 4829 ἐκ
1033 4793 1176 4839 τινος
1201 4775 1411 4846 ἀγαθῆς
1437 4773 1614 4847 ῥίζης,
1633 4773 1790 4844 ἐμοῦ,
1815 4775 1948 4844 πρέ-

373 4885 502 4937 μνος
531 4868 766 4938 εὐθαλὴς
795 4865 1276 4936 ἐκϐεϐλαστηκώςο
1310 4867 1371 4918 τὸ
1407 4865 1484 4930 δὲ,
1517 4865 1596 4930 ὡς
1641 4861 1816 4928 λέων,
1843 4861 1944 4916 καί

369 4961 448 5024 ὡς
469 4960 764 5026 σκύμνος,
793 4961 857 5010 ἐκ
885 4957 1254 5029 παραλλήλου,
1289 4957 1442 5026 δηλοῖ
1466 4957 1526 5007 τὸ
1559 4953 1691 5007 αὐτό
1711 4970 1724 4983 °
1759 4953 1836 5016 ὡς
1858 4953 1943 5014 τὸ,

375 5051 436 5103 Τί
463 5049 636 5100 ἐστιν
677 5048 1008 5114 ἅνθρωπος,
1039 5048 1126 5100 ὅτι
1145 5047 1458 5116 μιμνήσκῃ
1491 5043 1698 5108 αὑτοῦ,
1736 5041 1774 5112 ἢ
1816 5043 1947 5108 υίὸς

369 5136 708 5204 ἀνθρώπου,
761 5137 848 5190 ὅτι
887 5137 1220 5204 ἐπισκέπτῃ
1265 5137 1484 5199 αὐτόν;
1527 5135 1600 5188 Tb
1621 5135 1698 5202 δὲ,
1725 5135 1948 5188 ἀναπε-

371 5229 522 5284 σὼν.
579 5226 900 5294 ἐκοιμήθη’
948 5227 1041 5293 τίς
1078 5227 1270 5297 ἐγερεῖ
1314 5227 1532 5292 αὑτόν;
1578 5227 1678 5296 τὴν
1721 5225 1812 5278 ἐπὶ
1848 5225 1948 5292 τῆς

373 5320 474 5386 γῆς
507 5315 670 5368 αὐτοῦ
702 5316 848 5383 λέγει
888 5315 1364 5387 βεϐαίωσινἽΞστι
1411 5315 1516 5388 γὰρ
1566 5315 1946 5385 παραπλήσιον

370 5407 624 5478 τῴ,’ἠ’ὰν
649 5407 974 5477 κοιμηθῆτε
1008 5407 1126 5462 ἀνὰ
1161 5406 1358 5476 μέσον
1399 5405 1520 5460 τῶν
1546 5405 1803 5475 κλήρων.
1837 5409 1946 5460 Kal

372 5497 502 5565 γοῦν
531 5497 788 5560 πολλάκις
823 5497 933 5550 τῶν
963 5497 1164 5550 λοιπῶν
1199 5496 1384 5564 φυλῶν
1424 5495 1846 5566 πολεμουμένων
1884 5512 1942 5546 τε

374 5589 468 5640 καὶ
494 5589 877 5658 ἀπαγομένων,
899 5587 972 5652 ὡς
999 5588 1093 5641 ἐπὶ
1115 5587 1178 5640 τὸ
1206 5585 1456 5640 πλεῖστον
1481 5585 1619 5655 αὐτῆ
1648 5585 1810 5656 μηδὲν
1839 5585 1942 5637 ὑπὸ

445 5747 484 5776 ¹ν
513 5745 652 5799 llud.
701 5763 812 5811 rm,
849 5745 900 5800 4.
983 5745 1022 5776 ¹⁹
1050 5744 1191 5801 Psal.
1219 5761 1386 5810 van,
1427 5745 1512 5798 Η.

2049 4499 2146 4567 mi,
2165 4497 2491 4555 ascendisti.
2513 4496 2854 4552 Recumbens
2873 4495 3128 4550 dormisti
3163 4503 3221 4548 ut
3243 4495 3326 4548 leo
3351 4533 3367 4559 ,
3390 4504 3444 4548 et
3467 4496 3622 4564 quasi

2049 4590 2266 4647 catulus
2307 4589 2484 4646 leonis
2513 4607 2529 4644 :
2557 4589 2681 4659 quis
2701 4582 3000 4643 'suscitabit
3033 4586 3192 4642 eum?
3219 4605 3240 4640 ›

2098 4679 2230 4734 Illud
2257 4680 2498 4749 quidem,
2525 4695 2590 4733 ea:
2621 4677 2872 4750 germine,
2901 4678 2986 4746 [ili
3007 4679 3100 4740 mi,
3129 4677 3437 4741 ascendisti,
3469 4677 3622 4746 quasi

2057 4771 2241 4825 dicat:
2265 4768 2431 4825 Ortus
2455 4785 2513 4823 es
2535 4785 2600 4824 ex
2628 4784 2738 4832 me,
2759 4769 2906 4822 velut
2927 4783 2992 4822 ex
3017 4769 3196 4823 radice
3224 4769 3428 4838 optima
3453 4771 3622 4836 stipes

2053 4864 2241 4919 ﬂorida
2283 4864 2573 4933 germinat.
2611 4865 2682 4916 At
2721 4861 2872 4927 illud,
2907 4873 2960 4916 ut
3003 4861 3106 4925 leo,
3153 4873 3198 4916 et
3229 4861 3380 4932 quasi
3415 4861 3623 4914 catulus

2049 4957 2237 5018 leonis,
2278 4955 2400 5008 aliis
2457 4955 2636 5008 verbis
2663 4955 2908 5008 eamdem
2967 4955 3292 5008 sententiam
3341 4952 3619 5022 exprimit,

2050 5047 2190 5100 haud
2239 5059 2400 5099 secus
2433 5061 2496 5096 ac
2531 5043 2582 5096 in
2620 5043 2710 5095 illo
2747 5061 2762 5097 :
2797 5043 2938 5108 Quid
2966 5053 3038 5094 est
3066 5043 3240 5104 Itomo,
3266 5044 3402 5112 quod
3427 5055 3624 5094 memor

2047 5151 2100 5188 es
2141 5134 2276 5203 ejus.
2326 5143 2416 5186 aut
2459 5132 2605 5200 ﬁlius
2633 5131 2858 5184 [taurinis
2889 5131 3142 5199 quoniam
3173 5131 3348 5183 visita:
3395 5146 3510 5182 eum
3537 5127 3624 5181 ’⁸2

2047 5225 2176 5278 Illud
2195 5233 2372 5277 autem
2395 5224 2696 5276 recumbens
2717 5221 2982 5282 dormisti,
3013 5222 3128 5288 quis
3159 5218 3433 5271 suscitabil
3460 5233 3575 5270 eum
3594 5217 3620 5268 .9

2049 5315 2254 5368 iudicat
2281 5328 2440 5382 quam
2498 5313 2728 5365 lirutiter
2777 5322 2974 5364 terram
3009 5324 3162 5362 suam
3194 5307 3359 5361 ludas
3399 5323 3623 5374 occupa-

2054 5415 2208 5458 turus
2249 5413 2390 5458 erat.
2445 5403 2726 5457 Cunsentit
2757 5402 2903 5456 enim
2940 5415 3062 5452 cum
3092 5414 3156 5452 eo
3193 5415 3208 5452 :
3241 5398 3298 5450 Si
3343 5397 3622 5450 dormiatis

2053 5497 2191 5549 inter
2231 5495 2428 5548 medios
2451 5495 2616 5547 Cieros
2651 5491 2729 5547 ”.
2764 5491 2840 5544 Ac
2886 5499 3032 5543 certe
3066 5488 3150 5542 vel
3191 5487 3484 5557 set-[tissime
3518 5502 3625 5540 ca:-

2056 5588 2185 5642 teris
2221 5589 2470 5658 gentibus
2500 5601 2620 5640 cum
2667 5583 3109 5655 aggredientibus
3156 5591 3214 5638 et
3270 5577 3624 5653 impugnanti-
