4068 6126
371 336 499 399 1661

1463 341 1545 402 ΙΝ
1584 340 1913 401 GENESIN
1955 337 2438 400 FRAGMENTA.

3493 323 3628 389 1662

445 462 463 491 ι
491 442 789 513 Χαροποιοὶ
817 443 866 496 ol
886 442 1159 513 ὀφθαλμοὶ
1189 444 1357 499 αὐτοῦ
1384 443 1491 498 ἀπὸ
1517 444 1682 512 οἴνου,
1717 446 1809 499 καὶ
1832 445 1943 499 λευ-

2112 444 2277 501 Vsus.
2308 441 2391 497 Η.
2430 458 2449 493 ι
2486 440 2731 496 Gratitici
2752 441 2894 496 oculi
2937 436 3054 507 ejus
3086 448 3250 506 super
3301 432 3521 494 vinum:
3575 445 3631 490 et

368 539 453 591 κοὶ
485 538 535 591 οἱ
562 536 774 599 ὀδόντες
807 536 974 590 αὐτοῦ
1003 537 1035 608 ἢ
1064 537 1225 606 γάλα,
1258 555 1277 588 ι

433 628 745 695 Τουτέστιν,
789 628 955 682 οἱονεὶ
983 628 1266 702 κραιπάλῃ
1291 627 1399 683 τινὶ
1444 627 1542 682 καὶ
1577 626 1717 700 μέθῃ
1762 627 1839 700 τῷ
1881 628 1947 684 ὲκ

368 721 462 774 τοῦ
487 718 693 784 πάθους
721 719 878 791 κάρῳ
914 721 1399 791 συγκατασχεθεὶς,
1435 719 1816 792 λαμπρότερος
1845 714 1947 779 αὖε

370 809 451 871 θις
488 808 930 879 ὲξαναστήσεται.
966 809 1076 863 Καὶ
1104 810 1214 880 γὰρ
1238 809 1646 881 τοιουτότροποι
1675 809 1783 866 τῶν
1808 809 1949 876 ἐξοι-

369 899 627 969 νωμένων
660 902 709 952 οἰ
739 899 1046 971 ὀφθαλμοὶ,
1081 900 1159 971 τῷ
1194 900 1295 971 μὲν
1322 899 1559 971 πλείστῳ
1589 900 1948 972 συμμεμυκό-

366 1008 480 1056 τες,
507 990 601 1043 τοῦ
632 990 903 1066 βλεφάρου
929 992 1029 1064 τὴν
1056 992 1226 1063 κόρην
1255 990 1740 1056 ὲπικαλύπτοντος,
1774 990 1946 1062 βραχὺ

367 1080 425 1133 δέ
455 1097 529 1146 τι,
561 1082 653 1134 καὶ
696 1082 828 1135 αὐτὸ
870 1081 1318 1153 καταπληκτικὸν
1372 1081 1772 1152 ύπανεῳγότες,
1804 1082 1947 1137 κατά

366 1173 493 1235 τοὺς
541 1170 758 1242 ὀργίλον
804 1190 857 1225 τι
904 1173 1001 1226 καὶ
1048 1172 1247 1244 πικρὸν
1293 1172 1791 1243 ὑποϐλεπομένους.
1835 1172 1947 1226 Καὶ

372 1261 554 1332 μέντοι
581 1263 632 1314 οἱ
656 1261 868 1326 ὀδόντες
896 1262 1006 1315 τῶν
1043 1260 1335 1327 τοιούτων,
1355 1264 1440 1317 ὅτι
1486 1262 1566 1334 τῷ
1607 1262 1738 1332 οῐνῳ
1784 1279 1947 1334 περι-

377 1348 709 1419 σμηχόμενοι
735 1391 749 1414 ,
776 1349 960 1404 λευκοὶ
989 1350 1403 1422 προφαίνονται,
1432 1351 1542 1407 τῶν
1571 1351 1766 1422 χειλῶν
1795 1368 1951 1424 περι-

372 1440 679 1511 σεσηρότων
701 1440 906 1503 αὐτῶν,
928 1442 1102 1512 πάντη
1130 1440 1290 1497 τοῦτο
1308 1441 1873 1512 κατάδηλον.”Ελαὸόν
1887 1458 1953 1511 γε

2048 534 2265 591 candidi
2287 534 2475 589 dentes
2496 531 2612 601 eius
2641 547 2806 603 quam
2835 534 2936 590 Iac.
2978 551 2998 584 ι

2096 626 2211 682 Hoc
2239 633 2345 688 est,
2381 633 2641 693 tanquam
2665 622 2887 693 crapula
2914 630 2969 679 et
2991 620 3277 683 ebrietate,
3299 630 3492 673 somno
3511 625 3634 684 post

2048 717 2356 790 passionem
2380 724 2658 788 gravatus,
2684 713 2943 771 illustrior
2972 726 3158 768 rursus
3177 716 3449 781 exsurget.
3470 706 3632 762 Tales

2046 810 2192 867 enim
2227 817 2353 865 sunt
2383 806 2525 862 oculi
2552 807 2850 874 ebriorum,
2905 819 3098 875 magna
3128 818 3197 857 es
3231 809 3386 872 parte
3434 799 3629 863 clausi,

2067 898 2322 970 palpebra
2364 896 2580 967 pulpam
2608 905 2840 966 tegente,
2867 895 3056 948 leviter
3083 904 3136 947 et
3167 891 3305 951 mire
3336 889 3629 957 subaperti,

2056 992 2124 1046 ad
2154 991 2328 1044 instar
2351 1003 2541 1043 eorum
2570 987 2767 1057 quibus
2804 983 3129 1041 iracundum
3155 997 3217 1048 os
3265 991 3325 1036 et
3360 994 3630 1035 amarum.

2056 1080 2300 1147 Quorum
2331 1088 2513 1133 autem
2541 1078 2752 1144 dentes,
2808 1086 2995 1146 utpote
3027 1075 3154 1131 vino
3203 1073 3636 1141 circumquaque

2053 1170 2286 1240 aspersi,
2344 1169 2561 1225 candidi
2608 1167 2890 1235 videntur,
2939 1165 3099 1223 labiis
3159 1178 3348 1220 eorum
3396 1161 3636 1232 undique
3725 1236 3734 1245 ο

2055 1260 2245 1316 latratis
2276 1273 2292 1313 :
2321 1261 2424 1316 hoc
2472 1259 2697 1315 omnino
2720 1255 3086 1313 manifestum.
3109 1252 3398 1311 Oculorum
3420 1264 3587 1321 grave
3605 1276 3634 1290 -

2052 1354 2234 1408 dinem
2262 1352 2329 1408 de
2372 1361 2544 1407 morte
2573 1349 2777 1407 Christi
2809 1347 3218 1413 intellexerunt,
3258 1343 3385 1413 quia
3420 1341 3537 1396 haec
3567 1340 3637 1395 ab

2052 1445 2306 1501 omnibus
2354 1452 2647 1513 conspecta
2681 1460 2698 1510 ;
2734 1441 3027 1498 candorem
3073 1445 3255 1492 autem
3286 1435 3526 1490 dentium
3572 1432 3639 1488 de

371 1528 478 1599 μὴν
505 1531 604 1601 τὴν
638 1530 738 1601 μὲν
766 1532 874 1583 τῶν
904 1531 1203 1600 ὀφθαλμῶν
1240 1532 1506 1602 κάρωσιν,
1539 1532 1632 1586 ἐπὶ
1664 1531 1761 1586 τοῦ
1792 1532 1943 1587 θανά-

2058 1537 2456 1592 resurrectione
2471 1575 2487 1602 ,
2511 1535 2640 1607 quia
2663 1535 2767 1592 ista
2788 1534 2960 1602 magis
2981 1529 3195 1587 occulta
3215 1524 3639 1599 etpaueioribus

366 1639 481 1687 του,
512 1623 602 1675 διὰ
630 1623 692 1675 τὸ
721 1625 834 1685 τοῖς
878 1622 1052 1676 ἅπασι
1079 1623 1272 1676 τοῦτον
1317 1623 1577 1694 ἐπίδηλον
1619 1622 1908 1692 γεγονέναι
1936 1640 1949 1654 ·

2061 1628 2373 1698 perspicua.

366 1713 464 1785 τὴν
498 1715 800 1787 λευκότητα
826 1716 885 1769 δὲ
911 1716 1020 1772 τῶν
1048 1716 1300 1782 ὀδόντων,
1323 1718 1417 1771 ὲπὶ
1439 1719 1538 1790 τῆς
1573 1718 1949 1783 ἀναστάσεωςο
1989 1719 2067 1786 ὡς
2131 1722 2341 1792 ταύτης
2389 1722 2448 1775 ὲν
2501 1719 2800 1791 ἀπορρήτῳ
2836 1715 3061 1789 μᾶλλον,
3090 1712 3188 1769 καὶ
3235 1710 3335 1783 οὐχ
3363 1704 3638 1767 ὡσαύτως

366 1808 669 1878 ἀναφανδὸν
695 1809 1003 1878 γεγονυίας.

445 1917 466 1950 r
499 1897 607 1952 Δάν
640 1902 818 1969 κρινεῖ
844 1901 935 1954 τὸν
954 1892 1099 1955 ’λαὸν
1129 1898 1296 1959 αὑτοῦ
1322 1940 1339 1967 ,
1380 1899 1515 1954 ὡσεὶ
1553 1901 1649 1955 καὶ
1682 1901 1781 1972 μία
1809 1903 1943 1976 φυλή

2127 1902 2293 1959 Vens.
2331 1900 2419 1957 16.
2466 1920 2485 1953 ι
2515 1899 2631 1955 Dan
2648 1898 2915 1970 iudicabit
2960 1894 3212 1969 populum
3263 1906 3441 1956 suum,
3495 1889 3636 1947 sicut

365 1990 424 2041 ὲν
451 1988 690 2061 Ἰσραήλ.
729 2009 748 2041 ι

440 2079 551 2150 Τὴν
601 2082 701 2153 τῆς
746 2081 925 2152 φυλῆς
977 2080 1183 2154 ταύτης
1238 2081 1560 2155 ἠγεμονίαν,
1584 2083 1684 2155 τήν
1717 2083 1806 2138 διὰ
1853 2082 1949 2138 τοῦ

368 2166 605 2236 Σαμψὼν
625 2170 958 2240 προμηνύει,
982 2168 1145 2224 τοῦτο
1172 2169 1350 2241 λέγων
1369 2184 1383 2199 ·
1412 2171 1496 2225 ὅτι
1521 2172 1775 2225 τοσοῦτον
1800 2173 1952 2242 ἰσχυ-

368 2257 460 2328 ρὸς
492 2260 520 2311 ὁ
551 2259 611 2324 ἐξ
649 2258 820 2330 αὐτῆς
850 2258 1043 2331 κριτὴς
1068 2260 1458 2332 ἀναστήσεται,
1496 2261 1572 2325 ὡς
1600 2261 1711 2315 τῶν
1738 2261 1947 2316 δώδεκα

367 2348 550 2418 φυλῶν
598 2348 837 2413 εὐκόλως
887 2350 1083 2418 οὕτως,
1112 2351 1317 2406 ὡσανεὶ
1368 2353 1465 2405 καὶ
1502 2354 1632 2424 μιᾶς
1686 2351 1949 2424 κατάρξει

366 2439 559 2508 φυλῆς-

440 2546 460 2579 ι
490 2528 600 2581 Kal
634 2527 922 2599 γενηθήτω
942 2530 1051 2584 Δάν
1072 2545 1085 2558 ·
1118 2531 1262 2600 (ἀντὶ
1278 2530 1395 2598 τοῦ,
1413 2531 1492 2602 τῷ
1518 2531 1625 2585 Δὰν
1647 2531 1950 2604 γενηθήτω)

364 2617 473 2671 Δὰν
505 2616 628 2687 δφις
656 2618 742 2688 ἐφ’
769 2618 914 2684 ὁδοῦ,
946 2619 1326 2692 ἐγκαθήμενος
1351 2621 1445 2674 ἐπὶ
1476 2621 1670 2692 τρίϐου
1693 2663 1708 2689 ,
1738 2621 1949 2682 δάκνων

367 2709 606 2782 πτέρναν
637 2711 806 2766 ἵππου
833 2729 847 2744 ·
875 2713 971 2767 καὶ
995 2715 1246 2767 πεσεῖται
1271 2715 1300 2768 ὁ
1328 2714 1528 2778 ἱππεὺς
1553 2716 1634 2778 εἰς
1658 2713 1728 2768 τὰ
1748 2714 1947 2780 ὀπίσω,

366 2801 463 2873 τὴν
492 2803 768 2873 σωτηρίαν
798 2805 1117 2874 περιμένων
1147 2804 1379 2874 Κυρίου.
1415 2824 1433 2856 ι
1802 2800 1807 2803 “

435 2892 556 2948 Ἵνα
580 2892 735 2965 εἴπῃ,
764 2894 847 2947 ὃτι
877 2895 1047 2966 ὅνπερ
1097 2896 1301 2965 τρόπον
1345 2894 1472 2963 ὄφις
1500 2896 1586 2965 ἐφ’
1608 2894 1730 2950 όδοῦ
1757 2935 1773 2961 ,
1810 2912 1952 2967 παρ-

366 2980 539 3046 ιόντος
574 2982 746 3038 ἵππου
791 2984 891 3054 τὴν
939 2983 1182 3055 πτέρναν
1231 2983 1438 3048 δακὼν,
1467 2984 1527 3049 ἐξ
1573 2985 1822 3055 ἀνάγκης
1855 2968 1951 3038 καὶ

364 3072 458 3126 τὸν
494 3073 860 3144 ὲποχούμενον
890 3074 1369 3144 συγκαταστρέφει
1389 3114 1404 3140 ,
1430 3073 1506 3139 ὡς
1549 3074 1738 3128 ἐλπίδα
1773 3093 1951 3147 σωτη-

367 3164 488 3233 ρίας
516 3163 666 3232 αὺτῷ
697 3164 827 3234 μίαν
860 3163 1255 3219 ὑπολείπεσθαι
1289 3164 1458 3235 μόνην
1509 3164 1609 3235 τὴν
1635 3164 1794 3219 θείαν
1822 3166 1950 3235 βοή-

2054 1995 2211 2052 unica
2244 1995 2420 2052 tribus
2445 1994 2499 2048 in
2528 1989 2721 2049 Israel.
2761 2009 2782 2044 ι

2108 2086 2505 2145 Auctoritatem
2542 2084 2704 2155 huius
2744 2083 2938 2150 tribus,
2971 2080 3101 2137 olim
3144 2093 3242 2149 per
3275 2075 3507 2133 Samson
3530 2073 3631 2130 ob-

2054 2179 2352 2244 tinendam,
2379 2175 2712 2248 praenuntiat
2732 2175 2921 2231 dieens
2949 2190 2965 2228 :
3005 2172 3140 2227 adeo
3175 2177 3451 2241 potentem
3485 2164 3632 2234 iudi-

2052 2284 2170 2325 cem
2208 2284 2275 2324 es
2320 2283 2385 2324 ea
2411 2281 2780 2338 egressurum,
2824 2273 2884 2319 ttt
2909 2264 3194 2319 duodecim
3224 2259 3474 2315 tribubus
3528 2264 3635 2310 tam

2053 2359 2215 2416 facile
2242 2361 2637 2424 dominaretur,
2667 2357 2825 2427 quasi
2862 2355 2953 2411 uni
2988 2363 3197 2412 Lautum
3226 2367 3335 2422 prae
3356 2358 3526 2406 esset.

2104 2534 2271 2591 Vens.
2311 2535 2399 2589 17.
2437 2552 2457 2586 ι
2492 2532 2565 2588 Ει
2620 2532 2717 2588 ﬁat
2766 2532 2880 2587 Dan
2910 2529 3040 2602 (hoc
3061 2536 3146 2586 est
3191 2528 3286 2582 (lat
3338 2525 3443 2596 ipsi
3498 2525 3635 2593 Dan)

2050 2642 2280 2695 serpens
2310 2628 2363 2681 in
2392 2625 2501 2691 via,
2551 2625 2748 2687 sedens
2799 2622 2853 2677 in
2898 2621 3122 2688 semita,
3161 2619 3421 2674 mordens
3457 2617 3638 2672 calca-

2055 2734 2213 2774 neum
2264 2720 2412 2786 equi,
2466 2725 2522 2771 et
2579 2715 2737 2770 cadet
2789 2727 2960 2784 eques
3007 2721 3334 2778 retrorsum,
3401 2707 3634 2765 salutem

2052 2820 2373 2879 exspectans
2407 2809 2643 2864 Domini.
2681 2825 2702 2859 ι

2123 2903 2291 2970 Quasi
2319 2903 2485 2966 dicat,
2518 2899 2790 2971 quomodo
2829 2911 3055 2967 serpens
3083 2896 3136 2951 in
3162 2895 3270 2962 via,
3297 2894 3343 2948 si
3402 2904 3629 2964 praeter-

2051 2996 2234 3052 euntis
2282 2996 2408 3064 equi
2495 2992 2810 3047 calcaneum
2876 2986 3248 3052 momorderit,
3290 2982 3532 3057 profecto
3584 2992 3639 3037 et

2053 3086 2227 3154 ipsum
2251 3082 2490 3153 equitem
2521 3081 2595 3135 ita
2619 3078 2823 3148 dejicit,
2846 3077 3035 3146 utiam
3071 3090 3177 3129 non
3223 3074 3327 3127 alia
3363 3072 3464 3139 ipsi
3511 3085 3639 3141 spes

2054 3175 2245 3230 salutis
2286 3173 2628 3242 relinquatur
2658 3178 2858 3239 praeter
2911 3167 3154 3220 divinum
3214 3165 3478 3221 auxilium
3509 3180 3526 3232 ;
3553 3164 3637 3220 sic

362 3253 536 3307 Ostav'
568 3253 710 3307 οὕτω
739 3255 835 3306 καὶ
854 3254 946 3307 τὸν
978 3254 1218 3325 Σαμψὼν
1245 3259 1279 3325 ὴ
1309 3255 1447 3326 γυνὴ
1480 3255 1684 3325 ῥίψασα
1716 3257 1786 3309 δι’
1807 3257 1943 3311 ἀπά-

2062 3282 2185 3322 cum
2249 3264 2475 3318 SamsOn
2513 3260 2709 3316 mulier
2732 3259 2878 3316 dolis
2914 3259 3233 3329 proiecerit,
3265 3273 3368 3311 una
3403 3265 3458 3311 et
3477 3272 3634 3311 ever-

364 3359 497 3412 της,
557 3343 735 3396 πάντα
781 3343 874 3396 τὸν
920 3343 1411 3413 ἐπαναπαυόμενον
1455 3343 1607 3414 αὐτῷ
1657 3361 1938 3413 συγκατα-

364 3432 584 3502 στρέψει
612 3433 771 3488 λαόν*
800 3433 959 3503 ἄχρις
982 3428 1043 3489 οὗ
1070 3435 1234 3507 πᾴλιν
1262 3436 1363 3506 τῆς
1395 3434 1546 3498 θείας
1581 3435 1761 3506 τυχὼν
1794 3438 1944 3491 ἀντι-

361 3521 597 3590 λήψεως,
631 3523 906 3593 ἀμύνηται
930 3526 1059 3588 τοὺς
1086 3526 1419 3595 ἠδικηκότας
1453 3525 1623 3597 αὐτῷ.
1653 3528 1727 3580 Τὸ
1758 3527 1814 3580 δὲ
1846 3545 1939 3597 γε-

362 3610 659 3680 νησόμενον
710 3613 767 3665 ὲν
821 3613 1209 3683 προστακτικῷ
1244 3615 1484 3683 σχήματι
1543 3617 1940 3685 προεφήτευσε,

362 3701 702 3768 Γενηθήτω,
733 3701 929 3771 λέγων,
967 3702 1047 3766 τῷ
1094 3703 1215 3756 Δὰν
1248 3703 1402 3771 ὄφις,
1428 3702 1508 3766 ὡς
1558 3704 1618 3756 τὸ
1666 3703 1817 3771 παρὰ
1865 3706 1944 3775 τῷ

363 3792 638 3864 προφήτῃ,
668 3791 938 3860 ἐκλείψει
970 3792 1264 3845 ἐκλιπέτω
1298 3794 1337 3860 ἠ
1366 3791 1442 3861 γῆ
1468 3793 1586 3846 ἀπὸ
1618 3793 1944 3861 προσώπου

364 3884 605 3950 Κυρίου.
639 3882 925 3952 Εὑκαίρως
957 3882 1015 3934 δὲ
1040 3882 1116 3950 τῷ
1145 3881 1268 3949 ὄφει
1303 3881 1402 3945 τὴν
1441 3883 1531 3936 διὰ
1558 3884 1654 3953 τῆς
1689 3886 1945 3952 γυναικὸς

362 3975 577 4045 ἀπάτην
611 3974 912 4027 ἀπείκασεν
936 3989 950 4003 ο
980 3973 1172 4044 ἐπειδὴ
1217 3974 1311 4026 καὶ
1352 3974 1444 4028 τὸν
1478 3975 1652 4046 Ἀδὰμ
1679 3976 1945 4048 πρότερον

358 4065 445 4119 διὰ
469 4067 568 4133 τῆς
599 4064 861 4131 γυναικὸς
893 4067 921 4117 ὁ
953 4064 1117 4128 αὐτὸς
1146 4066 1585 4137 παρεκρούσατο.

435 4173 454 4208 ι
487 4156 746 4225 Βενιαμὶν
771 4155 934 4219 λύκος
959 4156 1163 4228 ἅρπαξο
1190 4159 1251 4211 τὸ
1269 4159 1506 4230 πρωῖνὸν
1530 4159 1824 4224 ἔδεταιέτι,
1848 4161 1945 4215 καὶ

360 4249 440 4311 είς
472 4248 533 4301 τὸ
570 4248 815 4316 ἑσπέρας
839 4247 1091 4301 διαδώσει
1121 4252 1353 4321 τροφήν.
1386 4267 1407 4301 ι

430 4341 545 4393 Ούκ
572 4339 753 4407 ἀγνρῶ
787 4339 906 4409 μὲν,
939 4340 1021 4393 ὂτι
1056 4339 1216 4394 τοῦτό
1238 4359 1383 4405 τινες
1415 4343 1498 4406 εἰς
1525 4343 1616 4397 τὸν
1645 4343 1943 4397 ἀπόστολον

364 4431 596 4496 Παῦλον,
624 4431 700 4493 ὡς
744 4433 843 4501 τῆς
898 4431 1071 4501 φυλῆς
1104 4432 1233 4486 ὄντα
1277 4435 1560 4504 Βενιαμὶν,
1596 4435 1938 4505 ὲξειλήφασι,

363 4525 454 4578 καὶ
494 4524 594 4577 οὐκ
622 4523 833 4590 ἀφυῶς,
867 4524 976 4577 οὐδ’
996 4524 1524 4596 ἀλλοτρίως.“ομως
1555 4523 1708 4597 οἶμαι
1743 4526 1943 4597 μᾶλλον

2045 3366 2123 3413 tet
2146 3366 2311 3412 totam
2337 3368 2549 3426 gentem
2576 3369 2737 3424 quam
2771 3351 3095 3417 sustinebat,
3138 3353 3309 3405 donec
3334 3350 3441 3415 ille,
3474 3363 3633 3405 recu-

2045 3459 2231 3520 persto
2257 3449 2348 3503 Dei
2380 3447 2655 3518 praesidio,
2704 3445 2955 3501 inimicos
2977 3459 3107 3500 suos
3147 3442 3460 3498 ulciscatur.
3489 3440 3633 3498 Ven-

2045 3554 2164 3597 tura
2191 3552 2373 3596 autem
2412 3539 2730 3609 imperativo
2765 3541 2925 3592 modo
2954 3534 3298 3605 praenuntiat.
3329 3532 3489 3599 Fiat,
3532 3534 3631 3595 ait,

2043 3636 2145 3703 ipsi
2180 3633 2298 3687 Dan
2335 3647 2543 3700 setpens
2573 3646 2593 3695 ;
2622 3630 2697 3683 uti
2735 3630 2787 3683 in
2818 3629 2909 3682 illo
2943 3626 3217 3697 propheta:
3273 3643 3287 3680 :
3331 3624 3630 3694 Defectione

2046 3725 2255 3793 deﬁciat
2305 3732 2447 3775 terra
2493 3740 2524 3775 a
2568 3722 2707 3790 facie
2762 3721 2975 3775 Domini
3026 3722 3096 3773 ὀ.
3150 3718 3300 3772 Ilaud
3360 3718 3633 3771 immerito

2047 3827 2223 3870 autem
2253 3828 2378 3868 cum
2425 3822 2676 3880 serpente
2701 3810 2984 3865 confertur
3015 3809 3257 3863 mulieris
3291 3808 3466 3876 dolus,
3502 3822 3626 3862 cum

2047 3918 2269 3972 serpens
2295 3902 2427 3956 olim
2479 3902 2649 3955 Adam
2700 3914 2797 3969 per
2826 3898 3110 3952 mulierem
3143 3895 3443 3966 deceperit.

2102 4159 2262 4216 Vens.
2288 4157 2380 4216 27.
2415 4175 2434 4210 ι
2467 4154 2751 4226 Beniamin
2783 4154 2938 4224 lupus
2984 4166 3150 4222 rapax
3183 4170 3197 4206 :
3247 4167 3406 4207 mane
3436 4165 3624 4210 come-

2046 4258 2136 4309 det
2161 4254 2357 4317 adbuc,
2402 4261 2458 4305 et
2478 4249 2542 4305 ad
2566 4263 2845 4317 vesperam
2860 4245 3007 4300 dabit
3027 4259 3232 4300 escam.
3256 4260 3276 4295 ι

2115 4343 2232 4398 Non
2256 4344 2443 4414 ignoro
2466 4341 2683 4411 quidem
2711 4341 2826 4393 hate
2858 4352 2888 4391 a
2920 4333 3195 4390 nonnullis
3217 4334 3283 4387 ad
3314 4332 3616 4404 apostolum

2045 4437 2507 4505 Paulum,utpote
2548 4447 2614 4488 ex
2662 4430 2802 4486 tribu
2829 4425 3116 4498 Beniamin
3162 4433 3363 4490 ortum,
3406 4425 3621 4489 referri,

2046 4545 2147 4586 nec
2184 4531 2384 4597 inepte,
2421 4540 2522 4580 nec
2544 4527 2800 4595 gratuito.
2825 4522 3083 4576 Attamen
3109 4528 3238 4589 puto
3262 4519 3462 4572 rectius
3485 4517 3625 4571 hanc

357 4615 686 4686 οἰκειότερον
734 4614 833 4685 τὴν
878 4616 1184 4688 πρόρρησιν
1212 4618 1291 4680 είς
1322 4620 1506 4674 πᾶσαν
1550 4619 1751 4674 τείνειν
1783 4621 1934 4688 κοινῇ

2050 4620 2382 4692 prophetiam
2415 4617 2484 4673 de
2506 4626 2615 4671 tota
2640 4623 2801 4685 gente
2829 4614 3194 4667 communiter
3216 4607 3620 4678 intelligi.Audi

357 4709 457 4778 τὴν
501 4708 696 4779 φυλήν.
731 4709 811 4778 Τῇ
862 4709 971 4781 γὰρ
1005 4710 1146 4781 φυλῇ
1177 4711 1351 4785 ταύτῃ
1384 4712 1624 4766 τοιοῦτόν
1655 4729 1710 4765 τι
1748 4711 1938 4779 γέγονε

360 4800 499 4870 μετὰ
539 4801 601 4854 τὸ
645 4801 745 4871 τήν
775 4802 879 4871 γῆν
926 4804 1027 4872 τῆς
1068 4804 1400 4874 ἐπαγγελίας
1429 4805 1612 4859 λαϐεῖν
1646 4804 1737 4857 τὸν
1769 4802 1899 4855 λαόν
1921 4818 1935 4835 '

355 4894 450 4954 Εἰς
487 4894 843 4963 Σοδομιτικὴν
872 4891 1026 4960 οὗτος
1060 4899 1088 4949 ὁ
1120 4898 1381 4967 Βενιαμὶν
1432 4897 1590 4967 ὓϐριν
1627 4893 1935 4962 ἐξώκειλεν.

355 4982 518 5035 Ὥστε
546 4983 776 5037 Λευΐτου
799 4986 931 5037 ποτέ
959 5004 1102 5051 τινος
1123 4987 1240 5057 ἅμα
1261 4992 1328 5059 τῇ
1355 4988 1525 5042 αὑτοῦ
1554 4988 1775 5058 γυναικὶ
1797 4986 1939 5041 κατὰ

351 5078 452 5144 τὴν
481 5077 717 5144 πάροδον
750 5077 827 5140 είς
858 5079 1044 5133 Γαϐαὰ
1073 5081 1173 5151 τὴν
1203 5082 1359 5135 πόλιν
1387 5081 1552 5136 αὐτοῦ
1592 5081 1936 5135 καταλύσαν-

351 5183 463 5231 τος,
499 5167 794 5232 ὑπεδέξατο
834 5170 1000 5224 αὑτὸν
1031 5171 1151 5224 οὐδὲ
1177 5166 1258 5236 εἷς
1293 5172 1351 5240 ἐξ
1378 5172 1580 5226 αὐτῶν.
1617 5172 1934 5244 Πρεσὸύτου

351 5256 406 5309 δέ
438 5273 585 5320 τινος
615 5260 678 5312 ἐκ
705 5260 804 5327 τῆς
838 5261 1082 5331 Ἐφραῒμ
1115 5263 1289 5333 φυλῆς
1311 5263 1707 5336 παροικοῦντος
1728 5266 1932 5328 αὐτοῖς,

351 5348 410 5397 ἐν
438 5348 503 5416 τῇ
535 5347 768 5418 πλατείᾳ
801 5353 1185 5423 περιτυχόντος
1217 5355 1387 5425 αύτῷ,
1421 5356 1516 5408 καὶ
1562 5354 1746 5409 οἴκαδε
1774 5354 1935 5408 αὑτὸν

351 5440 430 5501 είς
457 5440 649 5493 ἑαυτὸν
682 5442 1171 5514 εἰσκαλεσαμένου,
1203 5448 1559 5516 περιστάντες
1594 5449 1645 5501 οἱ
1676 5448 1805 5518 περὶ
1839 5447 1936 5499 Βε-

358 5530 537 5598 ιιαμὶν
566 5530 626 5582 τὸ
664 5531 958 5603 δωμάτιον,
993 5535 1132 5607 πρὸς
1163 5536 1282 5608 βίαν
1310 5538 1536 5611 ἐζήτουν
1564 5541 1703 5612 πρὸς
1738 5557 1935 5612 παροι-

426 5686 466 5716 ⁷⁶⁶
503 5684 740 5752 ὃιρειιιιιυ.
772 5690 891 5749 1,2.

2039 4714 2186 4768 enim
2204 4711 2334 4781 quid
2357 4711 2458 4781 ipsi
2477 4709 2756 4772 acciderit,
2784 4716 3046 4777 occupata
3068 4706 3177 4773 iam
3205 4700 3447 4773 apopulo
3476 4709 3619 4755 terra

2041 4803 2435 4875 promissionis.
2468 4801 2725 4870 Delapsus
2755 4805 2838 4852 est
2873 4799 2961 4857 hic
2977 4796 3257 4865 Beniamin
3281 4797 3333 4849 in
3359 4791 3612 4847 Sodomi-

2042 4908 2220 4951 tarum
2252 4893 2719 4953 inhumanitatem.
2754 4889 2850 4944 Vir
2875 4889 3020 4944 enim
3048 4886 3236 4943 Levita
3263 4894 3320 4939 et
3340 4899 3477 4938 uxor
3498 4881 3617 4952 eius

2040 4989 2142 5043 iter
2175 4979 2435 5042 facientes
2465 4986 2797 5039 advenerant
2835 4983 2886 5037 in
2922 4981 3107 5037 urbem
3134 4978 3341 5044 Gabaa,
3369 4985 3425 5032 et
3459 4989 3620 5029 nemo

2038 5089 2156 5136 erat
2186 5078 2276 5148 qui
2308 5092 2403 5133 eos
2430 5075 2664 5144 hospitio
2697 5073 2924 5130 foveret.
2955 5071 3097 5127 Ecce
3134 5079 3311 5126 autem
3345 5067 3426 5121 vir
3451 5081 3618 5121 senex

2038 5174 2103 5227 de
2132 5172 2270 5226 tribu
2297 5169 2555 5238 Epitraitn
2584 5166 2673 5236 qui
2712 5166 2763 5220 itt
2798 5163 2980 5220 Gabaa
3009 5161 3297 5225 incolebat,
3341 5159 3470 5213 vidit
3492 5172 3616 5211 eum

2040 5265 2093 5318 itt
2120 5262 2292 5333 platea
2346 5269 2687 5325 tttaneutem,
2725 5268 2779 5313 et
2807 5253 3120 5310 introduxit
3146 5267 3269 5307 eum
3315 5250 3369 5303 in
3393 5249 3612 5303 domum

2037 5371 2189 5409 suam
2229 5372 2243 5420 ;
2279 5363 2335 5407 at
2361 5353 2455 5407 lilii
2487 5350 2764 5420 Beniamin
2800 5350 3021 5401 domum
3046 5345 3470 5406 circumeuntes,
3515 5337 3615 5395 lto-

2040 5449 2239 5501 tuinent
2279 5445 2347 5499 ad
2397 5444 2502 5498 vim
2568 5454 2620 5496 et
2668 5438 3031 5507 petulantiam
3096 5433 3445 5503 repetierunt.
3496 5427 3599 5483 lltc

2044 5554 2166 5594 cum
2213 5535 2429 5590 tandem
2462 5532 2785 5588 necessitate
2813 5540 3103 5599 oppressus
3130 5524 3207 5580 eis
3244 5534 3465 5577 uxorem
3494 5521 3614 5577 loco
