4068 6126
524 281 666 348 1663

1613 278 1993 343 GENNADII
2030 276 2540 340 PATRIARCHIE
2577 276 2689 336 (ΣΡ.

3660 265 3771 330 imi

515 400 600 456 sui
653 396 986 465 tradidisset,
1041 404 1261 466 accepta
1314 393 1390 449 illi
1424 394 1477 449 in
1523 392 1837 448 muliercula
1897 402 2104 448 tantum

2217 391 2329 446 νίαν
2359 391 2453 444 τὸν
2479 389 2791 460 ἄνθρωπον.
2814 386 2858 438 Τ
2860 384 2922 439 οὖ
2944 383 3002 438 δὲ
3025 379 3170 439 κατά
3197 378 3397 449 πολλὴν
3424 378 3673 451 ἀνάγκην
3690 384 3773 453 τὴν

448 480 469 489 ”
519 488 832 552 illuserunt,
856 503 1028 557 eaque
1058 497 1272 542 tantum
1305 495 1435 541 sunt
1460 485 1635 550 abusi,
1663 495 1724 539 ut
1757 487 1839 542 vel
1873 496 2000 542 ante
2021 487 2104 542 di-

519 578 756 632 luculum
809 578 1080 632 deﬁceret.
1108 577 1359 645 Suscepit
1404 575 1569 644 igitur
1598 590 1757 632 mane
1806 578 2106 631 demortuae

526 668 766 722 mulieris
796 683 1017 737 corpus,
1060 667 1298 736 illudque
1334 666 1388 720 in
1419 665 1637 719 domum
1692 682 1846 722 suam
1892 665 2107 720 reduxit

523 761 731 823 Levita,
767 774 829 813 ac
851 760 972 813 dein
994 760 1231 829 partitus
1260 768 1345 813 est
1375 775 1496 813 eam
1534 762 1585 813 iu
1629 758 1912 813 duodecim
1940 758 2110 812 mem-

523 861 641 914 nra,
674 860 729 905 et
763 851 944 907 missis
972 851 1078 906 illis
1109 852 1174 905 ad
1202 866 1392 906 omnes
1437 852 1632 912 tribus,
1664 849 1884 905 cunctis
1924 851 1998 904 ita
2029 850 2109 903 fa-

525 945 682 998 cinus
708 943 986 998 revelavit.
1016 942 1131 1011 Qua
1155 944 1222 998 de
1252 959 1415 1000 causa
1442 944 1641 999 bellum
1665 944 1807 997 inter
1826 941 2107 1011 Benjamin

526 1047 577 1087 et
611 1034 848 1103 reliquos
878 1044 1094 1089 ortum.
1152 1034 1333 1089 Prima
1381 1036 1595 1104 quidem
1639 1044 1693 1089 et
1726 1035 1962 1089 secunda
1994 1032 2112 1089 acie

527 1126 778 1195 superior
807 1127 1017 1180 exstitit
1047 1125 1355 1197 Beniamin,
1406 1136 1461 1181 et
1506 1126 1826 1181 occiderunt
1876 1126 2115 1194 quadra-

528 1216 678 1285 ginta
713 1214 876 1269 millia
911 1216 1152 1271 virorum
1181 1231 1243 1269 ex
1284 1216 1470 1271 Israel.
1501 1218 1566 1269 At
1597 1225 1874 1285 postremo
1905 1214 2107 1281 victus,

532 1316 740 1360 tantam
785 1305 997 1362 cladem
1055 1307 1283 1377 accepit,
1356 1319 1413 1362 ut
1468 1322 1638 1378 prape
1688 1316 1833 1362 totus
1883 1307 2110 1375 periret.

533 1396 896 1467 Superstitum
919 1410 1095 1453 autem
1128 1399 1371 1468 plerique
1399 1413 1593 1454 uxores
1620 1397 1722 1453 sibi
1773 1397 1839 1451 de
1870 1397 2115 1451 ﬁnitimis

537 1497 850 1556 rapuerunt,
882 1490 1139 1558 quoniam
1177 1489 1458 1558 juraverat
1491 1490 1723 1558 populus
1753 1489 2021 1542 neminem
2058 1500 2118 1541 se

534 1594 659 1634 cum
722 1581 802 1635 eis
858 1581 1089 1635 libenter
1142 1583 1492 1637 matrimonio
1570 1586 1989 1653 conjuncturum
2029 1581 2115 1634 “.

2206 482 2453 554 γαμετὴν
2500 483 2684 543 αὐτοῖς
2726 478 2843 535 ἀνθ’
2867 475 3064 530 ἑαυτοῦ
3117 473 3455 546 προϊεμένου
3482 510 3500 535 ,
3547 470 3775 539 λαθόντες

2207 576 2407 629 ἑκείνοι
2454 572 2518 626 τὸ
2550 571 2800 641 γύναιον,
2835 569 2916 631 εἰς
2940 564 3201 620 τοσοῦτον
3237 561 3615 634 ἐμπαίξαντες
3652 565 3777 634 αὐτῷ

2207 667 2648 738 παρεχρήσαντο,
2681 663 2758 726 ὡς
2791 660 2871 732 μὴ
2903 657 3206 729 δυνηθῆναι
3251 653 3408 726 αὐτῷ
3440 655 3582 727 μηδὲ
3610 659 3777 727 μέχρις

2209 759 2385 829 αὐγῆς
2438 752 3126 828 ἑξαρκέσαι.’Δνελόμενος
3175 745 3271 804 οὖν
3313 751 3342 803 ὁ
3399 750 3643 818 Λευῖτης
3672 750 3778 817 μεθ’

2211 852 2422 923 ἡμέραν
2464 848 2659 917 νεκρὸν
2707 844 2803 900 τοῦ
2851 841 3083 915 γυναίου
3115 842 3179 895 τὸ
3208 841 3373 911 σῶμα
3396 882 3415 907 ,
3446 841 3547 893 καὶ⁸
3572 840 3781 910 κομίσας

2210 944 2292 1005 είς
2318 941 2410 996 τὸν
2435 936 2584 995 οἷκον
2614 938 2708 993 τὸν
2735 936 2954 999 ἑαυτοῦ,
2979 934 3181 1006 διαιρεῖ
3216 932 3319 1003 μὲν
3338 934 3425 997 είς
3445 932 3657 987 δώδεκα
3680 933 3780 1003 μοί-

2213 1052 2316 1105 ρας
2342 1034 2495 1098 αὐτὸ,
2529 1032 2658 1103 μίαν
2679 1031 2739 1084 δὲ
2765 1028 2911 1084 κατά
2941 1028 3116 1098 φυλὴν
3146 1026 3390 1096 ἑκάστην
3411 1024 3785 1095 διαπεμψάμε-

2212 1143 2302 1190 νος
2324 1165 2339 1188 ,
2371 1123 2516 1179 οὕτω
2553 1124 2686 1177 πᾶσι
2712 1121 2775 1175 τὺ
2801 1119 3075 1191 τολμηθὲν
3100 1117 3478 1190 ἐφανέρωσεν.
3498 1116 3619 1170 Ἐπὶ
3650 1114 3785 1168 τοῦτο

2161 1228 2167 1233 ’
2213 1218 2352 1289 πρὸς
2372 1218 2465 1270 τὸν
2492 1216 2759 1286 Βενιαμὶν
2786 1217 2902 1276 τοῖς
2929 1213 3141 1275 λοιποῖς
3172 1211 3386 1280 γίνεται
3413 1209 3668 1281 πόλεμος.
3694 1209 3787 1261 Καὶ

2216 1308 2488 1380 προτέραν
2520 1307 2623 1378 μὲν
2651 1305 2750 1361 καὶ
2788 1305 3051 1376 δευτέραν
3080 1305 3109 1358 δ
3127 1302 3401 1372 Βενιαμὶν
3446 1301 3628 1374 μάχην
3655 1303 3782 1371 νικᾷ,

2216 1404 2312 1455 καὶ
2342 1400 2586 1472 χιλιάδας
2617 1401 2698 1463 είς
2724 1397 3151 1469 τεσσαράκοντα
3176 1395 3273 1449 τοῦ
3310 1394 3532 1466 Ἰσραὴλ
3563 1394 3785 1462 διαφθεί-

2222 1510 2322 1565 ρει.
2357 1492 2664 1563 Συμπεσὼν
2701 1490 2759 1545 δὲ
2793 1492 2894 1562 τὴν
2929 1491 3189 1561 ὑστέραν,
3215 1488 3451 1558 ἡττᾶται
3473 1486 3659 1550 δεινῶς
3680 1502 3693 1516 ·
3722 1486 3785 1549 ὡς

2222 1585 2421 1655 μικροῦ
2466 1585 2565 1653 μὲν
2610 1584 2706 1636 καὶ
2755 1581 3103 1637 κινδυνεῦσαι
3153 1579 3441 1642 παντελῶς
3484 1578 3584 1650 τὴν
3635 1577 3783 1648 φυλὴν

533 1669 666 1735 Quae
692 1674 875 1725 omnia
908 1673 1011 1727 hoc
1039 1686 1195 1728 versu
1216 1675 1605 1744 pmdicuntur,
1631 1684 1684 1727 et
1721 1688 1896 1728 aecus
1926 1672 2114 1741 Benja-

2221 1679 2567 1747 ἑκτριϐἧναι,
2606 1675 2713 1730 τῶν
2746 1671 3210 1746 περιλειφθέντων
3236 1673 3292 1725 δέ
3315 1688 3384 1741 γε
3408 1673 3537 1736 τοὺς
3562 1671 3783 1735 πλείονας

534 1762 645 1814 tuin
677 1761 845 1828 furor,
871 1771 926 1817 et
957 1764 1151 1833 duplex
1186 1742 1408 1819 victoria
1448 1764 1592 1835 (nam
1624 1766 1883 1831 comedet,
1921 1766 2022 1827 ait,
2063 1773 2114 1819 et

2224 1742 2656 1838 ἁρπασαμένους
2691 1742 2906 1829 ἑαυτοῖς
2957 1742 3022 1819 ἑκ
3063 1764 3176 1818 τῶν
3228 1764 3518 1834 συγγενῶν
3544 1763 3781 1828 νεάνιδας,

533 1852 749 1920 quidem
784 1853 887 1916 bis,
916 1855 992 1910 uti
1023 1856 1196 1909 innuit
1228 1857 1405 1910 addita
1444 1872 1574 1911 voce
1605 1858 1802 1922 adhuc)
1824 1900 1840 1924 ,
1915 1868 1968 1914 et
1998 1858 2114 1927 ipse

536 1942 751 1997 tandem
783 1946 996 2001 caeteris
1048 1961 1172 2001 esca
1199 1946 1398 2003 factus.
1433 1946 1668 2003 Possunt
1739 1949 1901 2004 etiam
1958 1951 2117 2005 aliter

536 2032 652 2086 haec
679 2033 748 2087 de
779 2032 1054 2102 Benjamiu
1088 2036 1333 2106 intelligi,
1358 2040 1501 2107 quod
1528 2014 1615 2093 hic
1650 2039 1840 2093 eadem
1877 2055 1942 2095 ac
1963 2038 2104 2096 Juda

537 2119 645 2175 fata
673 2123 988 2193 contigerit.
1041 2124 1194 2180 Unde
1226 2126 1408 2181 hostes
1429 2143 1589 2197 quam
1633 2127 1931 2195 sa’pissime
1961 2130 2113 2193 vicit,

535 2215 609 2267 ita
635 2224 697 2268 ut
738 2214 822 2269 vel
876 2230 944 2270 ex
987 2216 1175 2285 spoliis
1229 2219 1562 2283 ditesceret;
1618 2226 1674 2272 at
1720 2228 1839 2288 post
1892 2218 2109 2288 longum

538 2315 769 2374 tempus,
806 2309 874 2361 ad
901 2321 1155 2363 occasum
1194 2307 1433 2365 Judaicaa
1470 2308 1721 2379 fortunze,
1762 2311 1831 2366 ab
1862 2310 2110 2367 hostibus

534 2396 752 2451 demum
784 2398 956 2454 victus
981 2409 1087 2454 est.

2223 1862 2303 1923 είς
2331 1861 2598 1929 γυναῖκας
2627 1858 2836 1921 λαϐεῖν,
2872 1858 2962 1911 διὰ
2994 1857 3052 1910 τὸ
3081 1857 3547 1927 προομωμοκέναι
3578 1855 3661 1909 τὸν
3677 1854 3783 1907 λαὸν

2221 1951 2448 2014 ἑκόντας
2478 1950 2662 2005 αὐτῶν
2694 1947 3249 2020 ἐπιγαμϐρεύσασθαι
3279 1945 3687 2018 μηδενί.Ταῦτα
3702 1938 3779 1997 οὖν

2222 2041 2443 2096 ἃπασαν
2465 2041 2524 2093 ἑν
2550 2038 2763 2102 τούτοις
2791 2036 2956 2092 αὐτοῦ
2977 2030 3285 2109 προμηνύει
3306 2037 3414 2107 τὴν
3440 2034 3773 2107 περιπέτειαν,

2220 2130 2303 2184 δτι
2344 2129 2413 2183 τὰ
2447 2128 2544 2199 μὲν
2578 2126 2772 2198 πρῶτα
2814 2127 2908 2181 καὶ
2959 2125 3264 2194 ἀλογίστως
3305 2126 3336 2176 ὁ
3360 2123 3618 2192 Βενιαμὶν
3651 2119 3777 2191 ἑξορ-

2227 2220 2424 2290 μήσας,
2451 2219 2552 2289 οὐχ
2599 2216 2751 2281 ἀπαξ
2789 2215 2972 2287 μόνον,
2998 2214 3133 2268 ἀλλά
3165 2214 3260 2268 καὶ
3305 2214 3396 2277 δὶς
3448 2210 3773 2278 ἑπιτεύξεται.

2225 2308 2483 2379 Θηράσει
2515 2311 2642 2379 γὰρ,
2670 2308 2803 2379 φησι
2829 2325 2841 2337 ·
2867 2308 2962 2362 καὶ
2989 2305 3107 2372 τοῦ,
3137 2305 3247 2370 ἐτι,
3274 2306 3308 2375 ἡ
3331 2304 3621 2377 προσθήκη
3647 2301 3774 2355 τοῦτο

2222 2402 2669 2473 παρασημαίνει’
2721 2400 3033 2454 τελευταῖον
3065 2399 3124 2453 δὲ
3155 2399 3260 2471 ἥδη
3292 2397 3475 2469 τροφὴ
3528 2397 3774 2467 γενήσεται

535 2487 696 2542 πάλιν
745 2488 955 2561 ἑτέροις
1007 2493 1190 2556 αὐτός.
1241 2492 1478 2548 Δύναται
1529 2493 1714 2565 μέντοι
1763 2498 1858 2547 καὶ
1907 2493 2113 2565 ἑτέρως
2150 2493 2292 2547 αὐτὰ
2324 2494 2499 2549 ταῦτά
2563 2511 2681 2558 πως
2713 2493 2807 2547 τοῦ
2836 2492 3095 2562 Βενιαμὶν
3154 2489 3629 2561 ἑκληφθῆναι,διά
3647 2488 3771 2555 τὺτῇ

534 2580 629 2635 τοῦ
671 2583 841 2637 Ἰούδα
889 2586 1374 2658 συγκεκληρῶσθαι
1413 2587 1506 2640 καὶ
1541 2587 1642 2658 τὴν
1675 2587 1867 2641 τούτου
1897 2587 2069 2656 φυλήν
2089 2603 2105 2618 ⁸
2138 2588 2232 2641 καὶ
2264 2588 2421 2659 νικᾷν
2459 2588 2558 2659 μὲν
2591 2587 2668 2651 ὡς
2700 2586 2794 2639 ἐπὶ
2832 2587 2894 2639 τὸ
2924 2585 3174 2637 πλεῖστον
3198 2583 3325 2647 τοὺς
3369 2582 3679 2654 πολεμίους,
3712 2578 3772 2641 ὡς

536 2679 632 2732 καὶ
661 2679 799 2733 κατὰ
824 2683 1143 2757 περιουσίαν
1171 2683 1421 2738 πλουτεῖν
1467 2684 1576 2737 ἀπὸ
1618 2684 1728 2737 τῶν
1774 2684 1987 2737 σκύλων
2016 2682 2231 2738 αὐτῶν
2263 2683 2361 2752 ὀψὲ
2423 2683 2480 2737 δέ
2510 2700 2640 2737 ποτε
2701 2682 2796 2736 τοῦ
2824 2681 3053 2753 καιροῦ,
3119 2681 3215 2734 καὶ
3275 2679 3421 2750 πρὸς
3450 2679 3671 2746 ἑσπέραν
3691 2674 3767 2728 αὖ·

537 2778 633 2847 τὴν
664 2772 774 2829 τῶν
806 2772 1111 2829 Ἰουδαϊκῶν
1143 2775 1249 2847 ήδη
1285 2776 1661 2846 πραγμάτων,
1691 2776 1797 2835 ὑπὸ
1826 2777 2123 2847 πολεμίους
2160 2778 2439 2845 γενέσθαι.

3250 2966 3717 2993 ,ί--ιι--υ--ιιν

1564 3085 2104 3229 EJUSDEM
2173 3138 2760 3260 GENNADII

1055 3331 2194 3509 FBAGMENTUM
2273 3382 2435 3506 IN
2529 3381 3243 3513 EXODUM.

1538 3613 1637 3678 (Ea;
1664 3616 1832 3665 catena
1852 3609 2122 3677 Nicephori
2143 3612 2389 3677 monachi,
2414 3612 2613 3678 Lipsie,
2639 3612 2803 3678 1772.)

1148 3912 1300 3969 CAP.
1335 3913 1525 3971 XXVI.

2146 3785 2217 3801 ~

2793 3912 3043 3967 ΚΕΦΑΛ.
3089 3914 3234 3980 κεῖν.

621 4029 781 4083 Vens.
818 4027 910 4085 35.
956 4044 976 4082 ι
1029 4027 1385 4100 Mensamque
1434 4041 1587 4086 extra
1637 4031 1815 4086 velum
1850 4041 1904 4085 et
1933 4043 2114 4087 contra

2306 4044 2326 4078 ι
2365 4027 2476 4081 Καὶ
2512 4025 2706 4096 θήσεις
2731 4023 2834 4094 τὴν
2862 4023 3148 4095 τράπεζαν
3179 4023 3385 4088 ἔξωθεν
3437 4022 3526 4078 τοῦ
3561 4031 3757 4076 καταπε-

549 4137 788 4177 mcusain
842 4122 1223 4176 candelabrum
1263 4123 1313 4177 iu
1361 4123 1530 4177 latere
1577 4124 1909 4179 tabernaculi
1957 4124 2122 4178 meri-

549 4213 729 4265 dianu.
767 4213 947 4266 Mensa
980 4216 1123 4267 enim
1157 4215 1319 4270 stabit
1354 4215 1408 4269 in
1435 4226 1586 4284 parte
1617 4215 1907 4286 aquilonis.
1950 4235 1970 4269 ο

617 4479 952 4537 Caudelabro
982 4484 1240 4538 existimo
1288 4483 1470 4540 lumen
1524 4484 1864 4540 sensibilium
1898 4484 2122 4540 istarum

544 4571 822 4627 Stellarum
878 4575 1185 4645 designari;
1232 4586 1286 4630 et
1332 4589 1515 4631 mensa
1554 4583 1792 4641 terram,
1828 4585 1884 4630 et
1927 4593 2122 4646 panum

546 4664 914 4733 propositione
936 4666 1148 4735 cupiam
1182 4683 1363 4723 rerum
1409 4668 1566 4724 nobis
1598 4682 1629 4723 e
1663 4681 1808 4724 terra
1854 4670 2125 4723 deducen-

545 4756 688 4809 dum.
717 4753 878 4809 Prior
904 4756 991 4810 illa
1042 4761 1374 4815 constructio
1401 4763 1600 4816 dicitur
1626 4770 1818 4816 saneta
1844 4778 1859 4814 :
1887 4759 2013 4814 Post
2036 4776 2125 4814 ue-

543 4848 830 4901 lamentum
891 4858 1067 4903 autem
1118 4853 1401 4906 secundum
1433 4855 1830 4910 tabernaculum
1862 4852 2003 4922 quod
2035 4854 2121 4906 di-

543 4938 684 4991 rilur
699 4935 896 4993 Sancta
913 4949 1213 4994 sanctorum
1235 4957 1254 4996 :
1272 4960 1491 4999 aureum
1511 4947 1703 5002 habens
1722 4945 2120 5011 thuribulum”,

543 5035 601 5081 et
628 5037 847 5083 castera.
889 5026 1083 5098 Figura
1107 5029 1221 5084 hanc
1243 5027 1436 5086 futurae
1462 5034 1904 5100 constitutionis;
1932 5036 2007 5089 uti
2033 5033 2120 5089 illa

547 5119 830 5186 praesentis
868 5119 1012 5173 vitae.
1060 5120 1299 5175 Aureum
1344 5123 1508 5193 igitur
1539 5125 1868 5180 tliuribulum
1910 5127 2124 5181 videtur

546 5209 677 5265 mihi
709 5211 946 5266 indicare
976 5212 1123 5267 illam
1167 5225 1445 5284 acceptam
1479 5232 1601 5272 esse
1628 5217 1776 5284 Deo;
1808 5236 2001 5274 ntanna
2025 5234 2120 5274 au-

545 5309 653 5354 tem
681 5300 950 5370 siguilicat
981 5305 1260 5362 ctelestem
1284 5319 1339 5367 et
1359 5309 1694 5377 spiritualem
1721 5310 2017 5367 Salvatoris
2039 5311 2117 5365 ci-

547 5393 693 5461 bum;
724 5391 884 5465 Virga
900 5395 1100 5465 Aaron,
1123 5415 1240 5469 qua:
1257 5399 1586 5469 fronduerat,
1613 5402 1918 5458 sacerdmio
1935 5404 2112 5457 Aaron

544 5493 802 5538 eternium
836 5496 887 5541 ct
921 5489 1216 5555 perfectum
1256 5490 1458 5546 Christi
1510 5493 1870 5552 sacerdotium
1902 5507 2117 5549 succes~

620 5661 659 5688 τί
691 5659 866 5713 Judir.
907 5683 1011 5723 ιιι,
1056 5683 1165 5718 ut.
1248 5669 1289 5698 "
1325 5669 1486 5722 Ili'llr.
1520 5685 1591 5733 nt,
1622 5670 1673 5723 5ο

2230 4118 2531 4187 τάσματος,
2568 4116 2664 4168 καὶ
2703 4114 2802 4185 τὴν
2833 4114 3058 4185 λυχνίαν
3089 4114 3355 4168 ἀπέναντι
3388 4116 3491 4185 τῆς
3526 4108 3757 4184 τραπέζης

2229 4209 2322 4261 ἑπ)⁸
2357 4208 2558 4279 μέρους
2585 4206 2685 4277 τῆς
2714 4205 2928 4275 σκηνῆς
2948 4205 3010 4258 τὸ
3038 4206 3177 4276 πρὸς
3208 4206 3363 4260 νότον
3389 4224 3406 4238 ·
3444 4206 3533 4259 καὶ
3558 4205 3645 4274 τὴν
3664 4199 3758 4269 τρά-

2228 4298 2403 4362 πεζαν
2457 4295 2649 4365 θήσεις
2704 4294 2798 4347 ἑπὶ
2855 4294 3059 4366 μέρους
3117 4296 3223 4366 τῆς
3284 4298 3496 4366 σκηνῆς
3550 4293 3605 4345 τὸ
3654 4287 3758 4357 πρὸς

2230 4388 2452 4460 βορρᾶν.
2494 4405 2513 4439 ι

2296 4483 2408 4552 Τὴν
2451 4482 2551 4550 μὲν
2579 4480 2806 4552 λυχνίαν
2840 4474 2995 4550 οἶμαι
3025 4478 3091 4531 τὸ
3135 4479 3200 4531 ἑκ
3238 4477 3353 4531 τῶν
3384 4472 3648 4545 αίσθητῶν
3672 4468 3757 4522 τοὺ·

2223 4590 2337 4627 των
2370 4572 2588 4643 ἄστρων
2620 4570 2962 4625 αἰνίττεσθαι
2988 4569 3126 4639 φῶςο
3159 4569 3258 4639 τὴν
3280 4566 3558 4638 τράπεζαν
3592 4565 3659 4626 δὲ,
3682 4560 3757 4627 τὴν

2224 4666 2363 4735 γῆν·
2397 4664 2493 4735 τὴν
2521 4665 2581 4720 δὲ
2615 4664 2880 4736 πρόθεσιν
2929 4664 3040 4717 τῶν
3091 4663 3295 4734 ἀρτων,
3332 4663 3438 4735 τὴν
3486 4665 3547 4715 ἑκ
3575 4660 3661 4727 τῆς
3681 4652 3758 4720 γῆς

2224 4757 2333 4809 τῶν
2378 4758 2516 4827 ἡμῖν
2560 4756 2893 4827 ἐπιτηδείων
2937 4755 3217 4810 ἀνάδοσιν.
3271 4754 3429 4824 Αὕτη
3460 4754 3515 4807 δὲ
3544 4743 3753 4822 ἡπρώτη

2225 4847 2398 4917 σκηνὴ
2446 4847 2838 4918 ἐπωνομάζετο
2881 4847 3036 4916 ἀγια.
3087 4845 3253 4900 Μετὰ
3287 4844 3358 4898 δὲ
3401 4844 3470 4898 τὸ
3511 4840 3747 4905 δεύτερον

2223 4938 2653 5009 καταπέτασμα
2697 4937 2901 5006 σκηνὴ
2946 4937 2986 5005 ἠ
3035 4934 3335 5006 λεγομένη
3377 4935 3539 5004 "Arta
3571 4926 3723 4996 ἁγίων
3739 4934 3752 4948 ’

2223 5030 2499 5101 χρυσοῦν
2529 5030 2761 5100 ἔχουσα
2789 5027 3199 5099 θυμιατήριον,
3237 5028 3339 5081 καὶ
3376 5025 3444 5079 τὰ
3477 5023 3612 5091 ἑξῆς.
3638 5013 3752 5083 Σύμ-

2223 5123 2380 5177 ϐολον
2416 5122 2589 5177 ταῦτα
2631 5122 2731 5193 τῆς
2781 5120 3084 5192 μελλούσης
3130 5118 3521 5179 καταστάσεως
3544 5129 3557 5142 ·
3601 5109 3751 5170 ὥσπερ

2222 5214 2315 5269 οὖν
2342 5214 2411 5269 τά
2440 5214 2655 5285 πρῶτα,
2681 5213 2783 5283 τῆς
2818 5211 3106 5284 παρούσης
3151 5209 3316 5281 ζωῆς.
3352 5209 3426 5262 Τὸ
3457 5209 3550 5279 μὲν
3579 5197 3661 5255 οὖν
3683 5199 3754 5249 θυ-

2219 5306 2539 5378 μιατήριον
2586 5307 2876 5376 σημαίνειν
2933 5321 3022 5374 μοι
3083 5305 3236 5356 δοκεῖ
3287 5301 3349 5355 τὸ
3398 5288 3751 5378 κεχαρισμένη

2221 5375 2395 5470 αὐτὴν
2433 5396 2574 5452 εἶναι
2818 5398 2885 5452 τὸ
2912 5397 2970 5450 δὲ
2997 5396 3234 5467 μάννα,
3273 5395 3374 5465 τὴν
3426 5390 3656 5461 οὐράνιον
3678 5375 3750 5470 μὶ

2225 5469 2603 5561 πνευματικὴν
2634 5492 2728 5545 τοῦ
2770 5489 3024 5560 Σωτῆρος
3056 5490 3265 5562 τροφήν
3294 5503 3307 5519 ο
3345 5482 3459 5553 τὴν
3483 5480 3548 5534 δὲ
3565 5469 3751 5547 ῥάόδον
