4068 6126
401 242 538 311 1665

1547 243 1632 305 ΙΝ
1666 243 2005 305 PSALMOS
2046 245 2511 307 FRAGMENTA

3523 241 3661 309 1666

410 355 638 428 ’Aapdw
659 353 775 424 τὴν
799 353 1279 424 βλαστήσασαν,
1311 355 1373 408 τὸ
1388 353 1487 426 τὴν
1519 354 1824 426 ἱερωσύνην
1841 355 1978 425 πρὸς

2089 366 2306 424 summ;
2342 357 2535 411 tabula:
2571 355 2890 422 testamenti,
2935 355 3146 412 tabulas
3176 357 3298 412 novi
3327 360 3658 429 testamenti,

397 447 458 506 τδ
485 449 739 514 ἀειθαλὲς
768 450 827 502 ἐν
857 447 1080 520 Χριστῷ
1109 445 1486 518 προϐήσεσθαι
1517 446 1616 502 καὶ
1640 447 1702 500 τὸ
1727 445 1934 500 τέλειον
1953 467 1970 484 ι

397 543 507 608 τὰς
540 539 610 594 δὲ
632 540 870 606 πλάκας
893 537 1008 608 τῆς
1046 537 1360 606 διαθήκης,
1386 537 1487 600 τὰς
1512 538 1613 607 τῆς
1641 536 1838 607 καινῆς
1865 537 1978 590 διας

398 633 575 702 θήκης
628 631 896 702 σαρκίνας
945 629 1162 693 πλάκας
1209 629 1321 683 τῶν
1363 629 1644 701 καρδιῶν*
1685 629 1778 682 τὸν
1830 629 1888 682 δὲ
1919 631 1978 682 ἐν

399 723 574 775 ἅπασι
623 719 851 790 χρυσὸν,
880 720 946 772 τὸ
990 719 1295 792 τιμιιίιτερα
1338 718 1449 774 τῶν
1495 719 1783 790 παρόντων
1837 714 1976 773 εῖναι

395 813 463 865 τὰ
493 811 779 882 μέλλοντα.
823 811 1131 878 ’Υπερὰνω
1167 811 1238 864 δὲ
1261 809 1369 877 τῆς
1401 809 1652 866 κιϐωτοῦ
1685 810 1978 880 Χερουϐὶμ

395 899 606 968 δόξης,
641 899 1121 960 κατασκιάζοντα
1149 901 1216 954 τὸ
1246 895 1736 968 ἱλαστήριον-,Ἦν
1762 918 1817 954 τι
1842 917 1981 972 χρυ-

397 988 527 1044 σοῦν
559 989 797 1044 πέταλον
838 990 1122 1052 Ἰουδαίοις
1151 989 1523 1061 πεποιημένον
1557 990 1652 1045 ἐπὶ
1677 991 1775 1062 τῆς
1804 992 1974 1044 κισω-

395 1077 514 1140 τοῦ,
548 1079 644 1132 καὶ
673 1079 988 1152 ἱλαστήριον
1014 1079 1174 1134 τοῦτο
1199 1079 1453 1148 ἐκάλουν,
1475 1080 1584 1135 ἀπὸ
1608 1079 1703 1134 τοῦ
1725 1081 1819 1134 τὸν
1843 1080 1978 1134 Θεὸν

397 1168 776 1240 ἐξιλεούμενον
811 1169 1174 1244 χρηματίζειν
1199 1173 1412 1238 αὐτοῖς,
1435 1172 1686 1243 ἐρωτῶσι
1710 1173 1842 1244 περὶ
1865 1171 1977 1226 τῶν

400 1261 840 1331 κατεπειγόντων
885 1263 981 1316 ἀπ’
1013 1262 1180 1318 αὐτοῦ
1215 1264 1284 1318 τέι
1329 1263 1602 1334 πρακτέα.
1647 1264 1773 1318 Ἐπὶ
1803 1263 1979 1334 τούτῳ

399 1351 681 1422 Χερουϐὶμ
711 1353 924 1408 ἑστῶτα
954 1353 1064 1408 δύω
1091 1357 1386 1424 πεποίητο,
1424 1354 1671 1426 σύμϐολα
1711 1355 1814 1426 τῆς
1844 1354 1983 1408 καθ-

2083 449 2244 504 corda
2274 448 2484 503 scilicet
2517 447 2830 514 hominum;
2865 462 3054 500 aurum
3085 463 3150 503 ex
3176 449 3324 503 omni
3350 459 3503 518 parte
3528 464 3661 504 ven-

2083 547 2203 594 tura
2256 537 2612 606 praesentibus
2641 539 3014 608 praestantiora
3055 554 3241 594 esse...
3275 537 3544 612 Superque
3568 557 3660 594 aro

2085 645 2202 684 cum
2248 639 2398 682 erant
2431 625 2709 684 Clterubim
2739 629 2924 699 gloriae
2953 629 3321 684 obambrantia
3353 631 3665 698 propitiato-

2085 720 2244 774 rium.
2275 717 2391 774 Hoc
2423 729 2544 774 erat
2571 718 2768 774 lamina
2811 734 2977 774 aurea
3003 735 3034 772 a
3071 717 3276 776 ludatis
3309 736 3450 776 arcae
3486 723 3662 794 impo-

2086 809 2212 875 sita,
2237 815 2290 864 et
2309 809 2742 880 propitiatorium
2763 811 3078 877 vocabatur,
3095 810 3219 880 quia
3241 811 3329 866 hic
3349 812 3664 882 dignantem

2087 900 2258 958 Deum
2277 915 2400 958 cum
2436 901 2570 972 ipsis
2595 902 2910 958 conversari
2937 901 3348 973 interrogabant
3378 903 3506 972 quid
3557 905 3660 957 sibi

2083 993 2150 1046 ad
2205 1007 2330 1048 eum
2401 991 2724 1061 placandqu
2775 991 3103 1047 l'acierulum.
3155 990 3398 1062 Desuper
3444 992 3666 1046 stabant

2083 1082 2380 1138 Cherubim
2420 1085 2562 1148 duo,
2620 1082 2864 1154 symbola
2905 1081 3101 1138 divinae
3139 1083 3286 1138 sedis
3338 1103 3351 1138 :
3389 1098 3486 1152 per
3517 1083 3665 1138 thro-

2087 1188 2215 1228 num
2235 1172 2672 1242 propitiatorium
2697 1173 3110 1229 obumbrantem
3145 1173 3490 1228 indicabatur
3517 1174 3664 1239 ideo,

2090 1265 2265 1334 ipsum
2299 1264 2492 1320 adesse
2523 1265 2613 1333 qui
2651 1265 2848 1320 throno
2882 1264 3184 1330 insedebat,
3211 1273 3265 1320 et
3299 1266 3530 1336 propitio
3553 1279 3666 1320 stu-

2092 1356 2182 1411 dio
2211 1366 2424 1426 gentem
2457 1355 2662 1412 fovere.

401 1440 562 1512 έδρας
620 1441 752 1498 ὄντα
787 1445 889 1514 τῆς
929 1443 1111 1508 θείαςο
1174 1445 1264 1498 διὰ
1307 1447 1492 1499 τοίνυν
1559 1443 1655 1498 τοῦ
1729 1445 2234 1512 κατασκευάζοντος
2274 1445 2468 1517 θρόνου
2505 1446 2567 1500 τὸ
2611 1447 2948 1519 ἱλαστήριον,
2988 1447 3051 1502 τὸ
3111 1447 3367 1520 παρεῖναί
3417 1463 3478 1501 τε
3513 1443 3668 1518 οἶμαι

402 1531 492 1585 τὸν
533 1533 591 1586 ἐν
639 1533 720 1604 τῷ
765 1533 976 1605 θρόνῳ,
1025 1535 1122 1589 καὶ
1169 1535 1522 1602 ἐπισκιάζειν
1568 1537 1972 1608 ἐξιλεούμενον,
2011 1537 2362 1610 ἐσημαίνετο.

1781 1917 2312 2006 EJUSDEM

973 2126 1953 2252 FRAGMENTA
2043 2132 2199 2252 IN
2301 2133 3077 2260 PSALMOS.

1067 2359 1168 2422 (Ea:
1185 2355 1487 2422 expositione
1511 2363 1719 2410 Patrum
1745 2363 2026 2412 ercorwn
2048 2364 2099 2414 in
2127 2359 2370 2427 Psalmos,
2397 2363 2486 2416 int.
2525 2365 2689 2417 Bauli.
2713 2367 2952 2418 Corderio
2979 2368 2998 2431 )

1631 2662 1698 2718 ΙΝ
1739 2663 2070 2721 PSALMUM
2113 2664 2404 2722 PRIMUM.

481 2839 502 2873 ι
535 2819 646 2874 Καὶ
673 2820 826 2872 ἔσται
858 2819 936 2884 ὡς
964 2819 1028 2874 τὸ
1056 2819 1232 2886 ξύλον.
1271 2840 1290 2874 ι

473 2909 629 2964 Μετὰ
654 2909 831 2964 ταῦτα
863 2911 1320 2982 παραληψώμεοα
1349 2911 1410 2965 τὺ
1438 2912 1598 2984 παρὰ
1651 2913 1747 2966 τοῦ
1786 2914 1988 2969 Ἀκύλα

401 3001 717 3072 λεγόμενον,
762 3003 1392 3072 μεταπεφυτευμένον.
1431 3004 1603 3058 Πόθεν
1655 3005 1765 3076 γὰρ
1803 3006 1863 3058 τὸ
1895 3005 1988 3070 ξύ-

401 3091 515 3156 λον,
544 3091 672 3161 περὶ
719 3084 781 3144 οὗ
807 3093 834 3145 ὀ
859 3091 1038 3159 λόγος,
1086 3093 1566 3162 μεταπεφύτευται
1609 3095 1705 3146 ἐπὶ
1735 3097 1857 3159 ταῖς
1881 3096 1990 3148 τῶν

403 3183 618 3236 ὑδάτων
647 3184 1002 3254 διαιρέσεσιν;
1045 3185 1116 3237 “ll
1143 3185 1251 3255 γὰρ
1285 3187 1584 3256 ἐῤῥιζωκὸς
1606 3189 1664 3241 ἐν
1688 3187 1766 3257 τῷ
1791 3189 1984 3256 Πατρὶ,

401 3275 492 3327 ἐπ’
525 3275 821 3345 εὐεργεσίᾳ
871 3275 1084 3328 πολλῶν
1127 3278 1638 3346 μεταπεφύτευται,
1673 3279 1755 3340 εἰς
1786 3277 1845 3331 τὸ
1895 3281 1988 3331 καὶ

400 3365 594 3426 ἄλλους
629 3366 957 3435 μεταλαϐεῖν
995 3367 1292 3436 αύτοῦιτῆς
1322 3369 1554 3433 εἰκόνος,
1597 3367 1696 3438 τῆς
1727 3369 1872 3421 κατὰ
1915 3368 1976 3422 τὸ

407 3456 924 3526 μεταπεφυτεῦσθαι
947 3457 1394 3528 λαμϐανομένης.
1436 3460 1548 3528 Οὐχ
1591 3460 1675 3512 ὅτι
1705 3460 1807 3513 οὐκ
1839 3460 1987 3514 ἔστιν

404 3551 464 3600 ἐν
487 3549 564 3618 τῷ
596 3549 770 3620 Πατρὶ
816 3549 832 3616 (
857 3549 972 3602 ἔστι
1001 3548 1106 3618 γὰρ
1125 3549 1144 3618 )
1163 3590 1179 3615 ,
1239 3549 1353 3601 ἀλλ’
1381 3550 1462 3600 ὅτι
1488 3551 1582 3601 καί⁹
1609 3551 1736 3620 παρ’
1777 3552 1988 3620 ἑτέροις

401 3640 718 3708 γεγένηται.
753 3641 825 3692 Ἦ
874 3639 996 3692 καθ’
1053 3641 1248 3709 ἑτέραν
1285 3638 1568 3708 ἐπιϐολὴν,
1602 3641 1635 3708 ἡ
1679 3639 1824 3710 ψυχή
1871 3643 1988 3693 ἐστι

401 3729 498 3782 τοῦ
531 3730 806 3800 Σωτῆρος,
838 3731 905 3799 ἦν
931 3729 1145 3794 ἔλαϐεν,
1173 3729 1423 3780 ἐντεῦθεν
1451 3729 1986 3800 μεταπεφυτευμένη

405 3821 500 3874 ἐπὶ
523 3822 615 3873 τὸν
647 3819 1000 3892 παράδεισον,
1029 3822 1162 3872 ὅπου
1211 3823 1306 3872 καὶ
1331 3819 1391 3870 τὸ
1432 3820 1768 3888 Εύαγγέλιόν
1798 3838 1985 3890 φησιν,

417 3913 582 3966 αὑτὸν
617 3911 755 3980 μετὰ
781 3910 842 3964 τὸ
882 3911 1050 3973 πάθος
1098 3911 1404 3978 γεγονέναι,
1435 3910 1796 3980 διηγούμενον
1825 3911 1986 3964 αὐτὸν

403 4004 694 4074 εἰρηκέναι
723 4002 802 4073 τῷ
845 4003 1244 4072 μετανοήσαντι
1289 4003 1497 4076 λῃστῇ·
1559 4003 1834 4072 Σήμερον
1857 4006 1986 4083 μετ’

403 4095 552 4166 ἐμοῦ
584 4095 697 4162 ἔσῃ
723 4095 795 4148 ἐν
822 4092 902 4158 τῷ
934 4093 1280 4161 παραδείσῳ
1305 4094 1411 4148 τοῦ
1443 4095 1613 4149 Θεοῦ.
1647 4097 1986 4166 Μεταπεφύ-

405 4203 594 4240 τευται
621 4187 678 4240 δὲ
707 4187 846 4250 ἐκεῖ,
881 4185 968 4238 ἵνα
993 4188 1042 4238 οἱ
1073 4183 1218 4250 ἄξιοι
1249 4187 1345 4238 σὺν
1370 4187 1595 4258 Χριστῷ
1626 4183 1790 4250 εἶναι,
1824 4189 1983 4257 φωτί-

2090 4175 2370 4231 cousortio
2401 4175 2546 4244 digni
2583 4185 2745 4238 sunt,
2777 4175 2844 4230 ab
2887 4176 3008 4244 ipso
3057 4177 3429 4234 illuminentur
3465 4183 3670 4239 lumine
3770 4169 3775 4175 ’

407 4277 610 4340 ζωνται
641 4275 731 4329 ὑπ’
760 4273 926 4328 αὑτοῦ
949 4271 1026 4342 τῷ
1049 4275 1148 4344 τῆς
1177 4273 1430 4341 γνώσεως
1459 4273 1747 4344 φωτισμῷ,
1779 4273 1978 4344 προκό-

409 4385 633 4430 πτοντες
661 4369 718 4419 ἐν
750 4369 816 4436 τῇ
854 4365 963 4417 τῶν
1000 4363 1170 4417 ὅντων
1211 4364 1412 4435 θεωρίᾳ
1435 4405 1450 4430 ,
1487 4365 1627 4418 κατὰ
1661 4363 1760 4434 τὴν
1793 4365 1986 4432 σοφίαν

407 4460 501 4513 τοῦ
527 4459 685 4512 Θεοῦ.
716 4457 899 4511 Ταῦτα
933 4456 990 4508 δὲ
1019 4455 1193 4517 οὕτως
1223 4455 1606 4525 ὲξειλήφαμεν,
1671 4455 1859 4524 ἐπειδὴ
1891 4473 1988 4508 κυ-

413 4552 540 4622 ρίως
579 4551 670 4602 ἐπὶ
709 4549 940 4618 δένδρων
969 4547 1186 4616 λέγεται
1223 4546 1285 4599 τὸ
1327 4547 1514 4616 φέρειν
1553 4547 1786 4616 καρπόν.
1827 4547 1900 4598 Τὸ
1931 4547 1987 4599 δὲ

408 4641 610 4694 διδόναι
653 4639 852 4710 μᾶλλον
883 4639 1148 4708 ἐμψύχοις
1179 4637 1445 4708 ἁρμόζει,
1483 4637 1580 4690 καὶ
1622 4635 1797 4688 ταῦτα
1837 4635 1986 4704 λογι-

409 4733 546 4795 κοῖς.
593 4729 864 4800 Ζητητέον
905 4727 960 4780 δὲ
986 4767 1002 4793 ,
1033 4729 1082 4780 εἰ
1109 4727 1227 4779 ἐστι
1284 4725 1478 4797 καιρὸς
1517 4724 1619 4789 (τὸ
1650 4722 1802 4790 ξύλον
1842 4721 1988 4792 ζωῆς

409 4822 502 4874 τοῦ
547 4818 762 4891 καρποῦ
811 4819 990 4886 λέγειν
1040 4816 1140 4886 τὴν
1182 4815 1417 4886 σοφίαν)
1461 4813 1684 4884 καρπόν
1732 4829 1864 4865 ποτε
1911 4814 1988 4884 μὴ

409 4912 572 4982 ἔχειν,
602 4913 700 4980 οὐχ
725 4911 893 4974 ὅσιον,
921 4907 1000 4961 διὸ
1031 4909 1132 4960 ούκ
1159 4906 1399 4980 εἴρηται,
1431 4908 1496 4960 Ὃ
1527 4907 1622 4960 τὸν
1651 4905 1862 4974 καρπὸν
1887 4903 1987 4956 αύ-

409 5003 504 5056 τοῦ
530 5004 728 5074 ἐνέγκῃ
755 5004 814 5056 ὲν
831 5003 1007 5072 καιρῷ
1027 5000 1222 5063 αὐτοῦ,
1257 5001 1378 5053 ἀλλ’
1403 4999 1432 5054 ὃ
1460 4999 1552 5052 τὸν
1578 4999 1793 5069 καρπὸν
1821 4996 1986 5050 αὐτοῦ

408 5096 570 5148 δώσει
606 5097 666 5148 ὲν
689 5095 868 5168 καιρῷ
897 5095 1090 5148 αὑτοῦ.
1133 5093 1342 5165 Καιρὺς
1385 5095 1444 5147 δέ
1477 5093 1642 5146 αὐτοῦ
1665 5089 1759 5144 τοῦ
1791 5091 1987 5144 διδόναι

409 5187 443 5254 ἡ
484 5184 578 5238 τού
631 5184 1004 5256 λαμὸἀνοντός
1059 5185 1212 5238 ἐστιν
1239 5184 1645 5254 ἐπιτηδειότης.
1683 5181 1848 5236 Ὅσον
1879 5182 1988 5251 γὰρ

407 5271 470 5322 τὸ
510 5269 598 5322 ἐπ’
627 5271 776 5340 αύτῷ
797 5313 811 5336 ,
843 5269 1060 5341 ἕτοιμός
1087 5272 1236 5326 ἐστιν
1265 5273 1356 5327 ἀεὶ
1401 5273 1604 5326 διδόναι
1643 5270 1737 5324 τὸν
1773 5270 1988 5342 καρπὸν

407 5359 594 5415 αὐτοῦ.
629 5361 694 5412 Τί
727 5361 784 5413 δέ
823 5361 884 5412 τὸ
918 5359 1120 5428 φύλλον
1148 5363 1247 5431 τῆς
1275 5361 1450 5432 ζωῆς,
1481 5361 1728 5416 τουτέστι
1756 5361 1858 5432 τῆς
1903 5377 1994 5414 σο⁸

408 5451 570 5520 φίας,
601 5453 702 5507 ούκ
729 5453 1098 5524 ἀπορῤεὖσον,
1128 5457 1362 5510 κατιδεῖν
1395 5455 1564 5521 ἄξιον.
1600 5457 1714 5510 Οὐκ
1758 5454 1982 5510 ἄλλοθεν

481 5607 524 5638 ³³
552 5607 680 5661 Luc.
713 5624 864 5674 xxnt,
895 5609 983 5662 43.

2017 2835 2060 2888 υ
2169 2821 2334 2878 Vens.
2371 2820 2426 2878 5’.
2465 2842 2485 2874 ι
2523 2823 2586 2877 Et
2609 2823 2712 2876 erit
2741 2833 2999 2892 tauquam
3024 2824 3250 2896 lignum.
3289 2846 3309 2879 ι

2159 2914 2288 2970 Post
2319 2917 2431 2970 hage
2465 2915 2822 2986 adjnugamus
2859 2917 2909 2972 id
2952 2919 3091 2987 quod
3121 2920 3189 2973 ab
3223 2920 3420 2991 Aquila
3459 2921 3666 2980 dietum

2089 3014 2192 3070 est,
2229 3007 2696 3071 transplantntum.
2728 3005 2884 3062 Unde
2909 3009 3053 3061 enim
3079 3009 3304 3078 lignum,
3338 3011 3406 3066 de
3431 3008 3543 3082 quo’
3579 3018 3666 3071 lue

2089 3110 2270 3150 sermo
2300 3107 2402 3158 εει,
2435 3097 2892 3164 transplantatum
2923 3097 3022 3150 fuit
3043 3113 3200 3152 secus
3231 3115 3496 3168 aquarum
3528 3105 3666 3158 divi-

2091 3185 2314 3240 siones?
2352 3185 2444 3240 Vel
2477 3188 2620 3240 enim
2654 3201 2775 3242 cum
2809 3187 2860 3240 in
2897 3188 3056 3242 Patre
3083 3190 3383 3244 radicatum
3410 3203 3576 3259 esset,
3611 3197 3663 3248 in

2089 3275 2432 3328 commodum
2490 3275 2841 3342 plurimorum
2893 3279 3347 3346 lrunsplunlulnm
3401 3283 3518 3348 l'nil,
3556 3301 3665 3355 quo

2089 3376 2145 3420 et
2183 3365 2274 3418 alii
2305 3367 2598 3436 participes
2635 3366 2962 3422 exsisterent
2992 3368 3247 3436 imaginis
3273 3371 3428 3426 istius
3451 3412 3468 3436 ,
3501 3391 3666 3442 (luam

2091 3457 2144 3508 in
2183 3455 2668 3524 transplantatione
2709 3471 2832 3510 assu
2857 3458 3020 3524 mpsit
3044 3475 3060 3525 ;
3087 3473 3191 3516 non
3221 3460 3364 3530 quod
3389 3479 3495 3518 non
3520 3467 3592 3519 sit
3613 3468 3664 3520 in

2089 3543 2249 3599 Patre
2289 3545 2405 3613 (est
2441 3547 2702 3614 etenim),
2733 3546 2823 3600 sed
2853 3547 3190 3615 quodetiam
3216 3553 3357 3619 apud
3391 3552 3534 3608 alios
3564 3570 3660 3609 na-

2092 3641 2176 3686 tus
2202 3634 2293 3686 sit.
2330 3631 2422 3686 Vel
2449 3634 2744 3687 secundum
2787 3635 2948 3688 aliam
2983 3637 3402 3704 applicationem
3429 3677 3446 3704 ,
3478 3643 3662 3698 anima

2091 3721 2389 3776 Salvatoris
2413 3763 2426 3786 ,
2461 3737 2622 3790 quam
2655 3737 3020 3792 assumpserat
3041 3767 3056 3790 ,
3110 3729 3237 3783 hinc
3265 3733 3664 3798 transplantata

2091 3822 2174 3864 est
2213 3811 2262 3864 in
2295 3812 2628 3879 paradisum,
2655 3812 2742 3864 ubi
2777 3813 2938 3865 etiam
2979 3815 3329 3884 Evangelium
3375 3820 3452 3873 ait
3488 3821 3664 3890 ipsum

2093 3911 2211 3971 post
2236 3901 2538 3968 passionem
2565 3903 2866 3964 exstitisse,
2889 3918 3118 3958 narrans
3143 3905 3317 3974 ipsum
3337 3908 3528 3964 latroni
3548 3927 3667 3981 pm-

2093 3992 2284 4046 uitenti
2310 3993 2510 4047 dixisse
2533 4012 2544 4048 :
2572 3995 2740 4046 Hodie
2757 4009 2956 4048 mecum
2989 3996 3092 4048 eris
3112 3997 3166 4048 in
3196 4000 3452 4064 paradiso
3479 4001 3664 4057 Dei".

2095 4084 2229 4138 Illuc
2283 4094 2462 4140 autem
2521 4085 2949 4152 transplantutus
2981 4086 3100 4153 fuit,
3144 4096 3200 4140 ut
3238 4089 3274 4141 ii
3327 4091 3418 4159 qui
3463 4091 3667 4150 Christi

2095 4265 2460 4336 cognitionis,
2519 4267 2815 4320 secundum
2865 4266 2957 4320 Dei
3009 4269 3332 4335 sapientiam
3377 4271 3431 4328 iu
3480 4289 3670 4328 rerum

2090 4356 2547 4426 contemplatione
2597 4355 2962 4424 proﬁcientes.
3010 4357 3138 4412 Haec
3184 4369 3362 4415 autem
3399 4364 3481 4418 sic
3506 4380 3666 4420 acce-

2098 4449 2294 4516 pimus,
2329 4448 2452 4516 quia
2502 4449 2719 4516 proprie
2747 4449 2812 4502 de
2836 4448 3118 4503 arboribus
3145 4449 3345 4504 dicitur
3374 4454 3518 4520 quod
3554 4455 3667 4510 fru-

2089 4549 2234 4596 ctum
2268 4540 2462 4594 ferunt.
2498 4539 2653 4595 Hunc
2685 4551 2860 4592 autem
2913 4547 3062 4606 dare,
3089 4543 3258 4610 magis
3295 4545 3545 4613 congruit
3584 4561 3668 4599 re-

2106 4631 2210 4686 bus
2225 4633 2498 4699 animatis,
2521 4633 2693 4703 iisque
2719 4633 3092 4687 rationalibus.
3123 4633 3292 4689 Porro
3320 4638 3666 4702 quaerendum

2072 4729 2160 4776 'an
2195 4725 2265 4778 sit
2299 4734 2510 4793 tempus
2537 4725 2772 4796 (lignum
2807 4723 2928 4777 vita:
2958 4723 3166 4779 fructus
3193 4725 3422 4780 dicendo
3460 4727 3668 4795 sapien-

2097 4815 2262 4883 tiam)
2289 4829 2396 4884 quo
2421 4814 2656 4869 fructum
2693 4815 2982 4886 aliquando
3014 4830 3120 4870 non
3155 4817 3340 4884 habet,
3387 4831 3495 4872 non
3531 4833 3656 4872 sau-

2093 4919 2266 4972 ctum,
2296 4910 2421 4978 quia
2461 4925 2566 4964 non
2594 4918 2678 4964 est
2717 4909 2919 4963 dictum
2949 4910 3092 4978 quod
3121 4910 3356 4966 fructum
3396 4925 3552 4966 suum
3585 4910 3663 4967 fe-

2091 5011 2177 5057 rat
2204 5003 2257 5056 in
2292 5013 2536 5072 tempore
2557 5017 2677 5066 suo,
2709 5000 2826 5067 sed,
2860 5004 3002 5073 quod
3036 5003 3268 5057 fructum
3311 5019 3469 5060 suum
3517 5003 3665 5058 dabit

2090 5093 2144 5147 in
2174 5101 2417 5160 tempore
2443 5108 2558 5147 suo.
2589 5093 2826 5164 Tempus
2857 5105 3038 5149 autem
3067 5093 3184 5162 ejus
3215 5095 3404 5160 dandi,
3433 5102 3516 5150 est
3537 5111 3661 5150 sus-

2089 5182 2338 5250 cipientis
2369 5184 2780 5251 opportunitas;
2806 5192 3066 5252 quantum
3090 5185 3234 5236 enim
3269 5197 3335 5235 ex
3376 5195 3530 5252 parte
3573 5183 3658 5254 ip-

2091 5274 2222 5338 sius,
2256 5287 2471 5342 semper
2497 5285 2680 5343 parata
2715 5283 2800 5328 est
2834 5274 2966 5328 dare
2991 5272 3227 5327 fructum
3255 5287 3437 5326 suum.
3468 5273 3658 5340 Quod-

2090 5379 2212 5419 nam
2244 5373 2422 5420 nutem
2451 5365 2522 5420 sit
2562 5365 2750 5420 lolium
2779 5365 2925 5428 vitae,
2963 5365 3013 5418 id
3051 5373 3158 5428 est,
3191 5363 3488 5432 sapientiae,
3515 5367 3658 5433 quod

2093 5472 2196 5510 non
2232 5454 2438 5510 dillluat
2461 5497 2478 5521 ,
2510 5455 2938 5510 consideratione
2965 5454 3206 5522 dignum.
3243 5449 3444 5508 Verum
3488 5453 3541 5507 id
3573 5467 3662 5506 ca-
