  <div class='ocr_page' id='page_1' title='image "/cluster/home/n/w/nwhite01/storage/ocr_20150623/85/mdp.39015032042783/851.png"; bbox 0 0 4068 6126; ppageno 0'>
   <div class='ocr_carea' id='block_1_1' title="bbox 495 235 630 300">
    <p class='ocr_par' dir='ltr' id='par_1_1' title="bbox 495 235 630 300">
     <span class='ocr_line' id='line_1_1' title="bbox 495 235 630 300; baseline -0.015 0"><span class='ocrx_word' id='word_1_1' title='bbox 495 235 630 300; x_wconf 84' lang='lat'><strong>1667</strong></span> 
     </span>
    </p>
   </div>
   <div class='ocr_carea' id='block_1_2' title="bbox 1587 224 2657 290">
    <p class='ocr_par' dir='ltr' id='par_1_2' title="bbox 1587 224 2657 290">
     <span class='ocr_line' id='line_1_2' title="bbox 1587 224 2657 290; baseline -0.004 0"><span class='ocrx_word' id='word_1_2' title='bbox 1587 226 1965 290; x_wconf 84' lang='lat' dir='ltr'><strong>GENNADII</strong></span> <span class='ocrx_word' id='word_1_3' title='bbox 2003 224 2509 286; x_wconf 57' lang='lat' dir='ltr'><strong>PATRIARCHAE</strong></span> <span class='ocrx_word' id='word_1_4' title='bbox 2545 226 2657 287; x_wconf 91' lang='lat' dir='ltr'><strong>CP.</strong></span> 
     </span>
    </p>
   </div>
   <div class='ocr_carea' id='block_1_3' title="bbox 3645 229 3770 297">
    <p class='ocr_par' dir='ltr' id='par_1_3' title="bbox 3645 229 3770 297">
     <span class='ocr_line' id='line_1_3' title="bbox 3645 229 3770 297; baseline 0.008 -1"><span class='ocrx_word' id='word_1_5' title='bbox 3645 229 3770 297; x_wconf 76' lang='lat'><strong>1668</strong></span> 
     </span>
    </p>
   </div>
   <div class='ocr_carea' id='block_1_4' title="bbox 498 333 2065 416">
    <p class='ocr_par' dir='ltr' id='par_1_4' title="bbox 498 335 2039 416">
     <span class='ocr_line' id='line_1_4' title="bbox 498 335 2039 416; baseline -0.006 -17"><span class='ocrx_word' id='word_1_6' title='bbox 498 359 629 416; x_wconf 89' lang='lat' dir='ltr'><strong>pere</strong></span> <span class='ocrx_word' id='word_1_7' title='bbox 674 346 984 413; x_wconf 88' lang='lat' dir='ltr'><strong>nequeunt,</strong></span> <span class='ocrx_word' id='word_1_8' title='bbox 1021 339 1124 394; x_wconf 88' lang='lat' dir='ltr'><strong>nisi</strong></span> <span class='ocrx_word' id='word_1_9' title='bbox 1176 337 1267 406; x_wconf 81' lang='lat' dir='ltr'><strong>qui</strong></span> <span class='ocrx_word' id='word_1_10' title='bbox 1304 337 1359 391; x_wconf 90' lang='lat' dir='ltr'><strong>in</strong></span> <span class='ocrx_word' id='word_1_11' title='bbox 1393 336 1558 393; x_wconf 81' lang='lat' dir='ltr'><strong>rebus</strong></span> <span class='ocrx_word' id='word_1_12' title='bbox 1587 335 1926 392; x_wconf 74' lang='lat' dir='ltr'><strong>naturalibus</strong></span> <span class='ocrx_word' id='word_1_13' title='bbox 1952 349 2039 390; x_wconf 90' lang='lat' dir='ltr'><strong>me</strong></span> 
     </span>
    </p>
   </div>
   <div class='ocr_carea' id='block_1_5' title="bbox 2165 333 3769 416">
    <p class='ocr_par' dir='ltr' id='par_1_5' title="bbox 2172 333 3769 408">
     <span class='ocr_line' id='line_1_5' title="bbox 2172 333 3769 408; baseline 0.007 -21"><span class='ocrx_word' id='word_1_14' title='bbox 2172 333 2229 387; x_wconf 78' lang='grc' dir='ltr'><strong>δὲ</strong></span> <span class='ocrx_word' id='word_1_15' title='bbox 2259 334 2443 389; x_wconf 73' lang='grc' dir='ltr'>λαϐεῖν</span> <span class='ocrx_word' id='word_1_16' title='bbox 2473 337 2607 390; x_wconf 83' lang='grc' dir='ltr'>αὐτὸ</span> <span class='ocrx_word' id='word_1_17' title='bbox 2643 335 2811 401; x_wconf 78' lang='grc' dir='ltr'>ἐστιν,</span> <span class='ocrx_word' id='word_1_18' title='bbox 2848 335 2880 406; x_wconf 76' lang='grc' dir='ltr'>ἢ</span> <span class='ocrx_word' id='word_1_19' title='bbox 2924 337 3169 408; x_wconf 72' lang='grc' dir='ltr'>μετρίως</span> <span class='ocrx_word' id='word_1_20' title='bbox 3195 341 3307 403; x_wconf 81' lang='grc' dir='ltr'>τοῖς</span> <span class='ocrx_word' id='word_1_21' title='bbox 3338 343 3622 408; x_wconf 77' lang='grc' dir='ltr'><strong>φυσικοῖς</strong></span> <span class='ocrx_word' id='word_1_22' title='bbox 3659 344 3769 398; x_wconf 69' lang='grc' dir='ltr'>ἑπι-</span> 
     </span>
    </p>
   </div>
   <div class='ocr_carea' id='block_1_6' title="bbox 490 420 2070 493">
    <p class='ocr_par' dir='ltr' id='par_1_6' title="bbox 490 420 2070 493">
     <span class='ocr_line' id='line_1_6' title="bbox 490 420 2070 493; baseline -0.011 -1"><span class='ocrx_word' id='word_1_23' title='bbox 490 435 750 492; x_wconf 88' lang='lat' dir='ltr'><strong>dlocriter</strong></span> <span class='ocrx_word' id='word_1_24' title='bbox 766 430 964 487; x_wconf 77' lang='lat' dir='ltr'><strong>versati</strong></span> <span class='ocrx_word' id='word_1_25' title='bbox 1001 435 1148 483; x_wconf 87' lang='lat' dir='ltr'><strong>sunt.</strong></span> <span class='ocrx_word' id='word_1_26' title='bbox 1180 425 1523 481; x_wconf 73' lang='lat' dir='ltr'><strong>Manifestum</strong></span> <span class='ocrx_word' id='word_1_27' title='bbox 1563 420 1926 493; x_wconf 83' lang='lat' dir='ltr'><strong>autemquod</strong></span> <span class='ocrx_word' id='word_1_28' title='bbox 1947 436 2070 492; x_wconf 87' lang='lat' dir='ltr'><strong>pro-</strong></span> 
     </span>
    </p>
   </div>
   <div class='ocr_carea' id='block_1_7' title="bbox 492 514 2073 597">
    <p class='ocr_par' dir='ltr' id='par_1_7' title="bbox 492 514 2073 597">
     <span class='ocr_line' id='line_1_7' title="bbox 492 514 2073 597; baseline -0.009 -17"><span class='ocrx_word' id='word_1_29' title='bbox 492 534 613 597; x_wconf 82' lang='lat' dir='ltr'><strong>pter</strong></span> <span class='ocrx_word' id='word_1_30' title='bbox 633 524 654 580; x_wconf 84' lang='lat' dir='ltr'><strong>l</strong></span> <span class='ocrx_word' id='word_1_31' title='bbox 658 533 863 587; x_wconf 82' lang='lat' dir='ltr'><strong>ructus,</strong></span> <span class='ocrx_word' id='word_1_32' title='bbox 892 518 1181 588; x_wconf 82' lang='lat' dir='ltr'><strong>lrngil’eras</strong></span> <span class='ocrx_word' id='word_1_33' title='bbox 1205 516 1428 572; x_wconf 81' lang='lat' dir='ltr'><strong>arbores</strong></span> <span class='ocrx_word' id='word_1_34' title='bbox 1454 514 1682 572; x_wconf 87' lang='lat' dir='ltr'><strong>Creator</strong></span> <span class='ocrx_word' id='word_1_35' title='bbox 1706 516 1935 585; x_wconf 80' lang='lat' dir='ltr'><strong>jusserit</strong></span> <span class='ocrx_word' id='word_1_36' title='bbox 1952 528 2073 584; x_wconf 84' lang='lat' dir='ltr'><strong>ger-</strong></span> 
     </span>
    </p>
   </div>
   <div class='ocr_carea' id='block_1_8' title="bbox 491 607 2074 683">
    <p class='ocr_par' dir='ltr' id='par_1_8' title="bbox 491 607 2074 683">
     <span class='ocr_line' id='line_1_8' title="bbox 491 607 2074 683; baseline -0.009 -11"><span class='ocrx_word' id='word_1_37' title='bbox 491 617 721 681; x_wconf 84' lang='lat' dir='ltr'><strong>minare,</strong></span> <span class='ocrx_word' id='word_1_38' title='bbox 748 621 972 683; x_wconf 79' lang='lat' dir='ltr'><strong>propter</strong></span> <span class='ocrx_word' id='word_1_39' title='bbox 1006 624 1141 680; x_wconf 82' lang='lat' dir='ltr'><strong>quos</strong></span> <span class='ocrx_word' id='word_1_40' title='bbox 1184 623 1282 679; x_wconf 90' lang='lat' dir='ltr'><strong>per</strong></span> <span class='ocrx_word' id='word_1_41' title='bbox 1321 622 1662 677; x_wconf 85' lang='lat' dir='ltr'><strong>consequens</strong></span> <span class='ocrx_word' id='word_1_42' title='bbox 1699 607 1829 663; x_wconf 78' lang='lat' dir='ltr'><strong>fecit</strong></span> <span class='ocrx_word' id='word_1_43' title='bbox 1865 620 1931 661; x_wconf 86' lang='lat' dir='ltr'><strong>ea</strong></span> <span class='ocrx_word' id='word_1_44' title='bbox 1955 620 2074 674; x_wconf 73' lang='lat' dir='ltr'><strong>qua:</strong></span> 
     </span>
    </p>
   </div>
   <div class='ocr_carea' id='block_1_9' title="bbox 495 699 2071 778">
    <p class='ocr_par' dir='ltr' id='par_1_9' title="bbox 495 699 2071 778">
     <span class='ocr_line' id='line_1_9' title="bbox 495 699 2071 778; baseline -0.01 -14"><span class='ocrx_word' id='word_1_45' title='bbox 495 709 627 778; x_wconf 89' lang='lat' dir='ltr'><strong>ipsis</strong></span> <span class='ocrx_word' id='word_1_46' title='bbox 672 704 822 760; x_wconf 83' lang='lat' dir='ltr'><strong>utilia</strong></span> <span class='ocrx_word' id='word_1_47' title='bbox 852 712 977 759; x_wconf 88' lang='lat' dir='ltr'><strong>sunt</strong></span> <span class='ocrx_word' id='word_1_48' title='bbox 1005 721 1019 758; x_wconf 91' lang='lat'><strong>:</strong></span> <span class='ocrx_word' id='word_1_49' title='bbox 1057 701 1332 758; x_wconf 78' lang='lat' dir='ltr'><strong>fructibus</strong></span> <span class='ocrx_word' id='word_1_50' title='bbox 1361 709 1541 756; x_wconf 86' lang='lat' dir='ltr'><strong>autem</strong></span> <span class='ocrx_word' id='word_1_51' title='bbox 1588 699 1723 755; x_wconf 81' lang='lat' dir='ltr'><strong>utile</strong></span> <span class='ocrx_word' id='word_1_52' title='bbox 1750 709 1836 754; x_wconf 86' lang='lat' dir='ltr'><strong>est</strong></span> <span class='ocrx_word' id='word_1_53' title='bbox 1857 707 2071 768; x_wconf 88' lang='lat' dir='ltr'><strong>tegmen</strong></span> 
     </span>
    </p>
   </div>
   <div class='ocr_carea' id='block_1_10' title="bbox 493 789 2073 863">
    <p class='ocr_par' dir='ltr' id='par_1_10' title="bbox 493 789 2073 863">
     <span class='ocr_line' id='line_1_10' title="bbox 493 789 2073 863; baseline -0.008 -10"><span class='ocrx_word' id='word_1_54' title='bbox 493 799 770 863; x_wconf 76' lang='lat' dir='ltr'><strong>foliorum,</strong></span> <span class='ocrx_word' id='word_1_55' title='bbox 804 803 863 849; x_wconf 90' lang='lat' dir='ltr'><strong>ut</strong></span> <span class='ocrx_word' id='word_1_56' title='bbox 886 794 1282 849; x_wconf 77' lang='lat' dir='ltr'><strong>custodiantur.</strong></span> <span class='ocrx_word' id='word_1_57' title='bbox 1310 791 1438 847; x_wconf 68' lang='lat' dir='ltr'><strong>llaec</strong></span> <span class='ocrx_word' id='word_1_58' title='bbox 1462 792 1650 861; x_wconf 78' lang='lat' dir='ltr'><strong>utique</strong></span> <span class='ocrx_word' id='word_1_59' title='bbox 1680 790 1848 846; x_wconf 70' lang='lat' dir='ltr'><strong>etiam</strong></span> <span class='ocrx_word' id='word_1_60' title='bbox 1883 789 1937 843; x_wconf 92' lang='lat' dir='ltr'><strong>in</strong></span> <span class='ocrx_word' id='word_1_61' title='bbox 1961 802 2073 842; x_wconf 80' lang='lat' dir='ltr'><strong>om-</strong></span> 
     </span>
    </p>
   </div>
   <div class='ocr_carea' id='block_1_11' title="bbox 491 879 2074 958">
    <p class='ocr_par' dir='ltr' id='par_1_11' title="bbox 491 879 2074 958">
     <span class='ocr_line' id='line_1_11' title="bbox 491 879 2074 958; baseline -0.008 -13"><span class='ocrx_word' id='word_1_62' title='bbox 491 891 639 945; x_wconf 90' lang='lat' dir='ltr'><strong>nium</strong></span> <span class='ocrx_word' id='word_1_63' title='bbox 667 886 935 958; x_wconf 80' lang='lat' dir='ltr'><strong>sapientia</strong></span> <span class='ocrx_word' id='word_1_64' title='bbox 966 884 1316 940; x_wconf 87' lang='lat' dir='ltr'><strong>considerare</strong></span> <span class='ocrx_word' id='word_1_65' title='bbox 1364 882 1524 948; x_wconf 89' lang='lat' dir='ltr'><strong>licet,</strong></span> <span class='ocrx_word' id='word_1_66' title='bbox 1565 883 1620 937; x_wconf 90' lang='lat' dir='ltr'><strong>in</strong></span> <span class='ocrx_word' id='word_1_67' title='bbox 1665 896 1773 952; x_wconf 87' lang='lat' dir='ltr'><strong>qua</strong></span> <span class='ocrx_word' id='word_1_68' title='bbox 1809 879 2074 937; x_wconf 79' lang='lat' dir='ltr'><strong>Conditor</strong></span> 
     </span>
    </p>
   </div>
   <div class='ocr_carea' id='block_1_12' title="bbox 490 970 2068 1041">
    <p class='ocr_par' dir='ltr' id='par_1_12' title="bbox 490 970 2068 1041">
     <span class='ocr_line' id='line_1_12' title="bbox 490 970 2068 1041; baseline -0.008 -5"><span class='ocrx_word' id='word_1_69' title='bbox 490 982 870 1036; x_wconf 80' lang='lat' dir='ltr'><strong>universorum</strong></span> <span class='ocrx_word' id='word_1_70' title='bbox 918 976 1100 1030; x_wconf 86' lang='lat' dir='ltr'><strong>omnia</strong></span> <span class='ocrx_word' id='word_1_71' title='bbox 1128 974 1278 1031; x_wconf 85' lang='lat' dir='ltr'><strong>fecit.</strong></span> <span class='ocrx_word' id='word_1_72' title='bbox 1322 973 1580 1041; x_wconf 57' lang='lat' dir='ltr'><strong>Quadam</strong></span> <span class='ocrx_word' id='word_1_73' title='bbox 1627 973 1773 1028; x_wconf 88' lang='lat' dir='ltr'><strong>enim</strong></span> <span class='ocrx_word' id='word_1_74' title='bbox 1804 970 2068 1041; x_wconf 89' lang='lat' dir='ltr'><strong>primario</strong></span> 
     </span>
    </p>
   </div>
   <div class='ocr_carea' id='block_1_13' title="bbox 491 1064 2072 1142">
    <p class='ocr_par' dir='ltr' id='par_1_13' title="bbox 491 1064 2072 1142">
     <span class='ocr_line' id='line_1_13' title="bbox 491 1064 2072 1142; baseline -0.008 -14"><span class='ocrx_word' id='word_1_75' title='bbox 491 1073 664 1136; x_wconf 86' lang='lat' dir='ltr'><strong>liunt,</strong></span> <span class='ocrx_word' id='word_1_76' title='bbox 743 1071 991 1142; x_wconf 68' lang='lat' dir='ltr'><strong>quaedam</strong></span> <span class='ocrx_word' id='word_1_77' title='bbox 1051 1081 1182 1122; x_wconf 83' lang='lat' dir='ltr'><strong>vero</strong></span> <span class='ocrx_word' id='word_1_78' title='bbox 1265 1080 1360 1135; x_wconf 87' lang='lat' dir='ltr'><strong>per</strong></span> <span class='ocrx_word' id='word_1_79' title='bbox 1415 1064 1890 1134; x_wconf 86' lang='lat' dir='ltr'><strong>consequentiam,</strong></span> <span class='ocrx_word' id='word_1_80' title='bbox 1946 1076 2072 1131; x_wconf 85' lang='lat' dir='ltr'><strong>pro-</strong></span> 
     </span>
    </p>
   </div>
   <div class='ocr_carea' id='block_1_14' title="bbox 490 1153 2069 1234">
    <p class='ocr_par' dir='ltr' id='par_1_14' title="bbox 490 1153 2069 1234">
     <span class='ocr_line' id='line_1_14' title="bbox 490 1153 2069 1234; baseline -0.009 -14"><span class='ocrx_word' id='word_1_81' title='bbox 490 1177 610 1234; x_wconf 89' lang='lat' dir='ltr'><strong>pter</strong></span> <span class='ocrx_word' id='word_1_82' title='bbox 651 1177 715 1218; x_wconf 88' lang='lat' dir='ltr'><strong>ea</strong></span> <span class='ocrx_word' id='word_1_83' title='bbox 768 1176 887 1232; x_wconf 76' lang='lat' dir='ltr'><strong>qua:</strong></span> <span class='ocrx_word' id='word_1_84' title='bbox 919 1158 1180 1231; x_wconf 89' lang='lat' dir='ltr'><strong>primario</strong></span> <span class='ocrx_word' id='word_1_85' title='bbox 1248 1157 1539 1212; x_wconf 81' lang='lat' dir='ltr'><strong>exsistunt.</strong></span> <span class='ocrx_word' id='word_1_86' title='bbox 1583 1154 1854 1210; x_wconf 84' lang='lat' dir='ltr'><strong>Primario</strong></span> <span class='ocrx_word' id='word_1_87' title='bbox 1892 1153 2069 1226; x_wconf 84' lang='lat' dir='ltr'><strong>siqui-</strong></span> 
     </span>
    </p>
   </div>
   <div class='ocr_carea' id='block_1_15' title="bbox 488 1245 2068 1315">
    <p class='ocr_par' dir='ltr' id='par_1_15' title="bbox 488 1245 2068 1315">
     <span class='ocr_line' id='line_1_15' title="bbox 488 1245 2068 1315; baseline -0.01 -1"><span class='ocrx_word' id='word_1_88' title='bbox 488 1260 608 1313; x_wconf 90' lang='lat' dir='ltr'><strong>dem</strong></span> <span class='ocrx_word' id='word_1_89' title='bbox 638 1255 856 1312; x_wconf 78' lang='lat' dir='ltr'><strong>exsistit</strong></span> <span class='ocrx_word' id='word_1_90' title='bbox 890 1251 1091 1306; x_wconf 84' lang='lat' dir='ltr'><strong>animal</strong></span> <span class='ocrx_word' id='word_1_91' title='bbox 1135 1248 1433 1315; x_wconf 77' lang='lat' dir='ltr'><strong>rationale,</strong></span> <span class='ocrx_word' id='word_1_92' title='bbox 1473 1247 1539 1302; x_wconf 89' lang='lat' dir='ltr'><strong>ad</strong></span> <span class='ocrx_word' id='word_1_93' title='bbox 1586 1245 1704 1315; x_wconf 71' lang='lat' dir='ltr'><strong>eius</strong></span> <span class='ocrx_word' id='word_1_94' title='bbox 1732 1260 1865 1303; x_wconf 82' lang='lat' dir='ltr'><strong>vero</strong></span> <span class='ocrx_word' id='word_1_95' title='bbox 1911 1260 2068 1300; x_wconf 77' lang='lat' dir='ltr'><strong>nsum</strong></span> 
     </span>
    </p>
   </div>
   <div class='ocr_carea' id='block_1_16' title="bbox 488 1336 2072 1415">
    <p class='ocr_par' dir='ltr' id='par_1_16' title="bbox 488 1336 2072 1415">
     <span class='ocr_line' id='line_1_16' title="bbox 488 1336 2072 1415; baseline -0.008 -12"><span class='ocrx_word' id='word_1_96' title='bbox 488 1358 615 1403; x_wconf 88' lang='lat' dir='ltr'><strong>sunt</strong></span> <span class='ocrx_word' id='word_1_97' title='bbox 644 1361 837 1415; x_wconf 81' lang='lat' dir='ltr'><strong>pecora</strong></span> <span class='ocrx_word' id='word_1_98' title='bbox 858 1384 875 1410; x_wconf 91' lang='lat'><strong>,</strong></span> <span class='ocrx_word' id='word_1_99' title='bbox 906 1354 959 1397; x_wconf 90' lang='lat' dir='ltr'><strong>et</strong></span> <span class='ocrx_word' id='word_1_100' title='bbox 1009 1353 1167 1397; x_wconf 74' lang='lat' dir='ltr'><strong>terra:</strong></span> <span class='ocrx_word' id='word_1_101' title='bbox 1207 1340 1470 1412; x_wconf 76' lang='lat' dir='ltr'><strong>germina.</strong></span> <span class='ocrx_word' id='word_1_102' title='bbox 1517 1337 1872 1408; x_wconf 75' lang='lat' dir='ltr'><strong>Nequaquam</strong></span> <span class='ocrx_word' id='word_1_103' title='bbox 1907 1336 2072 1406; x_wconf 80' lang='lat' dir='ltr'><strong>igitur</strong></span> 
     </span>
    </p>
   </div>
   <div class='ocr_carea' id='block_1_17' title="bbox 489 1426 2069 1503">
    <p class='ocr_par' dir='ltr' id='par_1_17' title="bbox 489 1426 2069 1503">
     <span class='ocr_line' id='line_1_17' title="bbox 489 1426 2069 1503; baseline -0.008 -12"><span class='ocrx_word' id='word_1_104' title='bbox 489 1451 675 1491; x_wconf 84' lang='lat' dir='ltr'><strong>eorum</strong></span> <span class='ocrx_word' id='word_1_105' title='bbox 710 1436 926 1503; x_wconf 82' lang='lat' dir='ltr'><strong>quidem</strong></span> <span class='ocrx_word' id='word_1_106' title='bbox 956 1447 1076 1503; x_wconf 68' lang='lat' dir='ltr'><strong>quae</strong></span> <span class='ocrx_word' id='word_1_107' title='bbox 1100 1431 1362 1500; x_wconf 83' lang='lat' dir='ltr'><strong>primario</strong></span> <span class='ocrx_word' id='word_1_108' title='bbox 1386 1426 1533 1482; x_wconf 70' lang='lat' dir='ltr'><strong>fateta</strong></span> <span class='ocrx_word' id='word_1_109' title='bbox 1569 1436 1721 1491; x_wconf 80' lang='lat' dir='ltr'><strong>sunt,</strong></span> <span class='ocrx_word' id='word_1_110' title='bbox 1761 1440 1939 1481; x_wconf 68' lang='lat' dir='ltr'><strong>causa:</strong></span> <span class='ocrx_word' id='word_1_111' title='bbox 1970 1440 2069 1479; x_wconf 79' lang='lat' dir='ltr'><strong>ex-</strong></span> 
     </span>
    </p>
   </div>
   <div class='ocr_carea' id='block_1_18' title="bbox 488 1520 2067 1584">
    <p class='ocr_par' dir='ltr' id='par_1_18' title="bbox 488 1520 2067 1584">
     <span class='ocr_line' id='line_1_18' title="bbox 488 1520 2067 1584; baseline -0.006 -4"><span class='ocrx_word' id='word_1_112' title='bbox 488 1531 686 1580; x_wconf 86' lang='lat' dir='ltr'><strong>sistunt</strong></span> <span class='ocrx_word' id='word_1_113' title='bbox 714 1522 925 1579; x_wconf 78' lang='lat' dir='ltr'><strong>fructus</strong></span> <span class='ocrx_word' id='word_1_114' title='bbox 975 1520 1188 1575; x_wconf 86' lang='lat' dir='ltr'><strong>arboris</strong></span> <span class='ocrx_word' id='word_1_115' title='bbox 1227 1521 1381 1584; x_wconf 70' lang='lat' dir='ltr'><strong>vitae,</strong></span> <span class='ocrx_word' id='word_1_116' title='bbox 1408 1527 1737 1574; x_wconf 57' lang='lat' dir='ltr'><strong>cxterornm</strong></span> <span class='ocrx_word' id='word_1_117' title='bbox 1768 1531 1895 1572; x_wconf 80' lang='lat' dir='ltr'><strong>vero</strong></span> <span class='ocrx_word' id='word_1_118' title='bbox 1946 1530 2067 1584; x_wconf 63' lang='lat' dir='ltr'><strong>qua</strong></span> 
     </span>
    </p>
   </div>
   <div class='ocr_carea' id='block_1_19' title="bbox 488 1605 2068 1689">
    <p class='ocr_par' dir='ltr' id='par_1_19' title="bbox 488 1605 2068 1689">
     <span class='ocr_line' id='line_1_19' title="bbox 488 1605 2068 1689; baseline -0.008 -18"><span class='ocrx_word' id='word_1_119' title='bbox 488 1626 708 1689; x_wconf 89' lang='lat' dir='ltr'><strong>pr0pter</strong></span> <span class='ocrx_word' id='word_1_120' title='bbox 740 1616 854 1670; x_wconf 63' lang='lat' dir='ltr'><strong>haec</strong></span> <span class='ocrx_word' id='word_1_121' title='bbox 891 1622 1074 1667; x_wconf 87' lang='lat' dir='ltr'><strong>creata</strong></span> <span class='ocrx_word' id='word_1_122' title='bbox 1122 1619 1284 1676; x_wconf 89' lang='lat' dir='ltr'><strong>sunt,</strong></span> <span class='ocrx_word' id='word_1_123' title='bbox 1315 1608 1440 1663; x_wconf 82' lang='lat' dir='ltr'><strong>folia</strong></span> <span class='ocrx_word' id='word_1_124' title='bbox 1473 1627 1486 1662; x_wconf 91' lang='lat'><strong>:</strong></span> <span class='ocrx_word' id='word_1_125' title='bbox 1516 1623 1746 1679; x_wconf 89' lang='lat' dir='ltr'><strong>quorum</strong></span> <span class='ocrx_word' id='word_1_126' title='bbox 1798 1606 1931 1660; x_wconf 84' lang='lat' dir='ltr'><strong>nihil</strong></span> <span class='ocrx_word' id='word_1_127' title='bbox 1961 1605 2068 1660; x_wconf 87' lang='lat' dir='ltr'><strong>lru-</strong></span> 
     </span>
    </p>
   </div>
   <div class='ocr_carea' id='block_1_20' title="bbox 2171 426 3768 504">
    <p class='ocr_par' dir='ltr' id='par_1_20' title="bbox 2171 426 3768 504">
     <span class='ocr_line' id='line_1_20' title="bbox 2171 426 3768 504; baseline 0.006 -25"><span class='ocrx_word' id='word_1_128' title='bbox 2171 426 2585 498; x_wconf 72' lang='grc' dir='ltr'><strong>διατρίψαντας.</strong></span> <span class='ocrx_word' id='word_1_129' title='bbox 2635 428 2804 500; x_wconf 79' lang='grc' dir='ltr'>Δῆλον</span> <span class='ocrx_word' id='word_1_130' title='bbox 2853 428 2909 483; x_wconf 79' lang='grc' dir='ltr'><strong>δὲ</strong></span> <span class='ocrx_word' id='word_1_131' title='bbox 2952 430 3033 483; x_wconf 78' lang='grc' dir='ltr'>ὅτι</span> <span class='ocrx_word' id='word_1_132' title='bbox 3076 430 3165 484; x_wconf 80' lang='grc' dir='ltr'><strong>διὰ</strong></span> <span class='ocrx_word' id='word_1_133' title='bbox 3209 433 3335 496; x_wconf 83' lang='grc' dir='ltr'>τοὺς</span> <span class='ocrx_word' id='word_1_134' title='bbox 3391 434 3663 504; x_wconf 72' lang='grc' dir='ltr'>καρποὺς</span> <span class='ocrx_word' id='word_1_135' title='bbox 3707 439 3768 490; x_wconf 75' lang='grc' dir='ltr'>τὰ</span> 
     </span>
    </p>
   </div>
   <div class='ocr_carea' id='block_1_21' title="bbox 2173 519 3766 598">
    <p class='ocr_par' dir='ltr' id='par_1_21' title="bbox 2173 519 3766 598">
     <span class='ocr_line' id='line_1_21' title="bbox 2173 519 3766 598; baseline -0.008 -7"><span class='ocrx_word' id='word_1_136' title='bbox 2173 519 2505 590; x_wconf 75' lang='grc' dir='ltr'><strong>καρποφόρα</strong></span> <span class='ocrx_word' id='word_1_137' title='bbox 2545 519 2738 590; x_wconf 80' lang='grc' dir='ltr'><strong>δένδρα</strong></span> <span class='ocrx_word' id='word_1_138' title='bbox 2771 521 2801 573; x_wconf 75' lang='grc' dir='ltr'><strong>ὁ</strong></span> <span class='ocrx_word' id='word_1_139' title='bbox 2828 521 3179 592; x_wconf 80' lang='grc' dir='ltr'>Δημιουργδς</span> <span class='ocrx_word' id='word_1_140' title='bbox 3211 523 3486 578; x_wconf 73' lang='grc' dir='ltr'>ἐκέλευσε</span> <span class='ocrx_word' id='word_1_141' title='bbox 3538 526 3766 598; x_wconf 73' lang='grc' dir='ltr'>βλαστῆ-</span> 
     </span>
    </p>
   </div>
   <div class='ocr_carea' id='block_1_22' title="bbox 2172 608 3764 688">
    <p class='ocr_par' dir='ltr' id='par_1_22' title="bbox 2172 608 3764 688">
     <span class='ocr_line' id='line_1_22' title="bbox 2172 608 3764 688; baseline 0.004 -25"><span class='ocrx_word' id='word_1_142' title='bbox 2172 628 2285 674; x_wconf 92' lang='grc' dir='ltr'>σαι,</span> <span class='ocrx_word' id='word_1_143' title='bbox 2318 610 2387 663; x_wconf 86' lang='grc' dir='ltr'><strong>δι’</strong></span> <span class='ocrx_word' id='word_1_144' title='bbox 2416 608 2511 673; x_wconf 81' lang='grc' dir='ltr'>οὓς</span> <span class='ocrx_word' id='word_1_145' title='bbox 2529 610 2599 664; x_wconf 82' lang='grc' dir='ltr'>τὰ</span> <span class='ocrx_word' id='word_1_146' title='bbox 2624 610 2859 674; x_wconf 62' lang='grc' dir='ltr'>ἐκείνοις</span> <span class='ocrx_word' id='word_1_147' title='bbox 2891 610 3128 683; x_wconf 79' lang='grc' dir='ltr'><strong>χρειώδη</strong></span> <span class='ocrx_word' id='word_1_148' title='bbox 3161 614 3282 666; x_wconf 82' lang='grc' dir='ltr'>κατ’</span> <span class='ocrx_word' id='word_1_149' title='bbox 3304 615 3764 688; x_wconf 71' lang='grc' dir='ltr'><strong>ἐπακολούθησιν</strong></span> 
     </span>
    </p>
   </div>
   <div class='ocr_carea' id='block_1_23' title="bbox 2172 705 3768 782">
    <p class='ocr_par' dir='ltr' id='par_1_23' title="bbox 2172 705 3768 782">
     <span class='ocr_line' id='line_1_23' title="bbox 2172 705 3768 782; baseline 0.006 -25"><span class='ocrx_word' id='word_1_150' title='bbox 2172 705 2478 776; x_wconf 79' lang='grc' dir='ltr'>πεποίηκε·</span> <span class='ocrx_word' id='word_1_151' title='bbox 2526 705 2685 777; x_wconf 83' lang='grc' dir='ltr'>χρεία</span> <span class='ocrx_word' id='word_1_152' title='bbox 2717 707 2775 760; x_wconf 74' lang='grc' dir='ltr'><strong>δὲ</strong></span> <span class='ocrx_word' id='word_1_153' title='bbox 2818 711 3032 777; x_wconf 72' lang='grc' dir='ltr'>σκέπης</span> <span class='ocrx_word' id='word_1_154' title='bbox 3068 709 3179 771; x_wconf 84' lang='grc' dir='ltr'>τοῖς</span> <span class='ocrx_word' id='word_1_155' title='bbox 3230 712 3488 779; x_wconf 77' lang='grc' dir='ltr'><strong>καρποῖς</strong></span> <span class='ocrx_word' id='word_1_156' title='bbox 3521 711 3626 782; x_wconf 85' lang='grc' dir='ltr'><strong>τῆς</strong></span> <span class='ocrx_word' id='word_1_157' title='bbox 3669 711 3768 766; x_wconf 76' lang='grc' dir='ltr'><strong>ἀπὸ</strong></span> 
     </span>
    </p>
   </div>
   <div class='ocr_carea' id='block_1_24' title="bbox 2171 793 3767 870">
    <p class='ocr_par' dir='ltr' id='par_1_24' title="bbox 2171 793 3767 870">
     <span class='ocr_line' id='line_1_24' title="bbox 2171 793 3767 870; baseline 0.005 -24"><span class='ocrx_word' id='word_1_158' title='bbox 2171 793 2281 847; x_wconf 87' lang='grc' dir='ltr'><strong>τῶν</strong></span> <span class='ocrx_word' id='word_1_159' title='bbox 2312 794 2547 863; x_wconf 82' lang='grc' dir='ltr'><strong>φύλλων,</strong></span> <span class='ocrx_word' id='word_1_160' title='bbox 2583 795 2833 865; x_wconf 81' lang='grc' dir='ltr'>φυλακῆς</span> <span class='ocrx_word' id='word_1_161' title='bbox 2854 796 3063 850; x_wconf 71' lang='grc' dir='ltr'>ἕνεκεν.</span> <span class='ocrx_word' id='word_1_162' title='bbox 3088 797 3277 851; x_wconf 82' lang='grc' dir='ltr'>Ταῦτα</span> <span class='ocrx_word' id='word_1_163' title='bbox 3305 794 3412 851; x_wconf 82' lang='grc' dir='ltr'>οὖν</span> <span class='ocrx_word' id='word_1_164' title='bbox 3440 800 3546 853; x_wconf 80' lang='grc' dir='ltr'>καὶ</span> <span class='ocrx_word' id='word_1_165' title='bbox 3562 802 3658 854; x_wconf 69' lang='grc' dir='ltr'><strong>ἐπὶ</strong></span> <span class='ocrx_word' id='word_1_166' title='bbox 3678 803 3767 870; x_wconf 77' lang='grc' dir='ltr'>τῆς</span> 
     </span>
    </p>
   </div>
   <div class='ocr_carea' id='block_1_25' title="bbox 2173 885 3764 963">
    <p class='ocr_par' dir='ltr' id='par_1_25' title="bbox 2173 885 3764 963">
     <span class='ocr_line' id='line_1_25' title="bbox 2173 885 3764 963; baseline 0.006 -24"><span class='ocrx_word' id='word_1_167' title='bbox 2173 886 2304 956; x_wconf 80' lang='grc' dir='ltr'>περὶ</span> <span class='ocrx_word' id='word_1_168' title='bbox 2328 886 2437 939; x_wconf 84' lang='grc' dir='ltr'>τῶν</span> <span class='ocrx_word' id='word_1_169' title='bbox 2474 886 2613 941; x_wconf 85' lang='grc' dir='ltr'>ὅλων</span> <span class='ocrx_word' id='word_1_170' title='bbox 2658 888 2850 957; x_wconf 82' lang='grc' dir='ltr'>σοφίας</span> <span class='ocrx_word' id='word_1_171' title='bbox 2878 887 3026 941; x_wconf 79' lang='grc' dir='ltr'>ἐστιν</span> <span class='ocrx_word' id='word_1_172' title='bbox 3060 888 3187 942; x_wconf 78' lang='grc' dir='ltr'>ἰδεῖν</span> <span class='ocrx_word' id='word_1_173' title='bbox 3209 930 3227 953; x_wconf 86' lang='grc'><strong>,</strong></span> <span class='ocrx_word' id='word_1_174' title='bbox 3252 890 3310 942; x_wconf 84' lang='grc' dir='ltr'>ὲν</span> <span class='ocrx_word' id='word_1_175' title='bbox 3339 885 3379 963; x_wconf 78' lang='grc' dir='ltr'>ᾗ</span> <span class='ocrx_word' id='word_1_176' title='bbox 3421 890 3499 944; x_wconf 78' lang='grc' dir='ltr'>τὰ</span> <span class='ocrx_word' id='word_1_177' title='bbox 3529 892 3708 947; x_wconf 82' lang='grc' dir='ltr'>πάντα</span> <span class='ocrx_word' id='word_1_178' title='bbox 3738 897 3764 947; x_wconf 82' lang='grc' dir='ltr'>ὁ</span> 
     </span>
    </p>
   </div>
   <div class='ocr_carea' id='block_1_26' title="bbox 2170 977 3768 1057">
    <p class='ocr_par' dir='ltr' id='par_1_26' title="bbox 2170 977 3768 1057">
     <span class='ocr_line' id='line_1_26' title="bbox 2170 977 3768 1057; baseline 0.006 -28"><span class='ocrx_word' id='word_1_179' title='bbox 2170 978 2280 1031; x_wconf 83' lang='grc' dir='ltr'><strong>τῶν</strong></span> <span class='ocrx_word' id='word_1_180' title='bbox 2304 977 2445 1032; x_wconf 82' lang='grc' dir='ltr'>ὅλων</span> <span class='ocrx_word' id='word_1_181' title='bbox 2486 978 2832 1051; x_wconf 83' lang='grc' dir='ltr'>Δημιουργὸς</span> <span class='ocrx_word' id='word_1_182' title='bbox 2873 978 3194 1050; x_wconf 83' lang='grc' dir='ltr'>πεποίηκεν.</span> <span class='ocrx_word' id='word_1_183' title='bbox 3226 982 3294 1035; x_wconf 78' lang='grc' dir='ltr'><strong>Ἀ</strong></span> <span class='ocrx_word' id='word_1_184' title='bbox 3331 984 3447 1053; x_wconf 82' lang='grc' dir='ltr'>μὲν</span> <span class='ocrx_word' id='word_1_185' title='bbox 3483 985 3601 1055; x_wconf 79' lang='grc' dir='ltr'>γὰρ</span> <span class='ocrx_word' id='word_1_186' title='bbox 3643 1003 3768 1057; x_wconf 78' lang='grc' dir='ltr'>προ·</span> 
     </span>
    </p>
   </div>
   <div class='ocr_carea' id='block_1_27' title="bbox 2171 1068 3761 1145">
    <p class='ocr_par' dir='ltr' id='par_1_27' title="bbox 2171 1068 3761 1145">
     <span class='ocr_line' id='line_1_27' title="bbox 2171 1068 3761 1145; baseline 0.008 -25"><span class='ocrx_word' id='word_1_187' title='bbox 2171 1068 2492 1139; x_wconf 83' lang='grc' dir='ltr'>ηγουμένως</span> <span class='ocrx_word' id='word_1_188' title='bbox 2510 1069 2744 1136; x_wconf 83' lang='grc' dir='ltr'>γίνεται,</span> <span class='ocrx_word' id='word_1_189' title='bbox 2774 1069 2811 1124; x_wconf 80' lang='grc' dir='ltr'><strong>ἃ</strong></span> <span class='ocrx_word' id='word_1_190' title='bbox 2840 1070 2898 1123; x_wconf 80' lang='grc' dir='ltr'><strong>δὲ</strong></span> <span class='ocrx_word' id='word_1_191' title='bbox 2931 1071 3055 1124; x_wconf 82' lang='grc' dir='ltr'>κατ’</span> <span class='ocrx_word' id='word_1_192' title='bbox 3086 1072 3564 1145; x_wconf 72' lang='grc' dir='ltr'>ἐπακολούθησιν,</span> <span class='ocrx_word' id='word_1_193' title='bbox 3595 1076 3680 1131; x_wconf 67' lang='grc' dir='ltr'>διὰ</span> <span class='ocrx_word' id='word_1_194' title='bbox 3701 1078 3761 1132; x_wconf 68' lang='grc' dir='ltr'>τά</span> 
     </span>
    </p>
   </div>
   <div class='ocr_carea' id='block_1_28' title="bbox 2171 1158 3760 1237">
    <p class='ocr_par' dir='ltr' id='par_1_28' title="bbox 2171 1158 3760 1237">
     <span class='ocr_line' id='line_1_28' title="bbox 2171 1158 3760 1237; baseline 0.007 -27"><span class='ocrx_word' id='word_1_195' title='bbox 2171 1158 2587 1231; x_wconf 74' lang='grc' dir='ltr'>προηγούμενα.</span> <span class='ocrx_word' id='word_1_196' title='bbox 2636 1161 3073 1231; x_wconf 83' lang='grc' dir='ltr'>Προηγουμένως</span> <span class='ocrx_word' id='word_1_197' title='bbox 3134 1164 3233 1233; x_wconf 72' lang='grc' dir='ltr'>μὲν</span> <span class='ocrx_word' id='word_1_198' title='bbox 3268 1166 3387 1237; x_wconf 81' lang='grc' dir='ltr'>γὰρ</span> <span class='ocrx_word' id='word_1_199' title='bbox 3431 1166 3502 1219; x_wconf 80' lang='grc' dir='ltr'>τὸ</span> <span class='ocrx_word' id='word_1_200' title='bbox 3552 1166 3760 1235; x_wconf 75' lang='grc' dir='ltr'>λογικὸν</span> 
     </span>
    </p>
   </div>
   <div class='ocr_carea' id='block_1_29' title="bbox 2171 1250 3759 1325">
    <p class='ocr_par' dir='ltr' id='par_1_29' title="bbox 2171 1250 3759 1325">
     <span class='ocr_line' id='line_1_29' title="bbox 2171 1250 3759 1325; baseline 0.007 -23"><span class='ocrx_word' id='word_1_201' title='bbox 2171 1250 2332 1313; x_wconf 80' lang='grc' dir='ltr'>ζῶον,</span> <span class='ocrx_word' id='word_1_202' title='bbox 2372 1250 2458 1304; x_wconf 83' lang='grc' dir='ltr'><strong>διὰ</strong></span> <span class='ocrx_word' id='word_1_203' title='bbox 2498 1251 2558 1306; x_wconf 80' lang='grc' dir='ltr'><strong>δὲ</strong></span> <span class='ocrx_word' id='word_1_204' title='bbox 2604 1251 2703 1322; x_wconf 82' lang='grc' dir='ltr'><strong>τὴν</strong></span> <span class='ocrx_word' id='word_1_205' title='bbox 2731 1251 2899 1305; x_wconf 81' lang='grc' dir='ltr'>αὑτοῦ</span> <span class='ocrx_word' id='word_1_206' title='bbox 2948 1253 3141 1323; x_wconf 79' lang='grc' dir='ltr'>χρείαν</span> <span class='ocrx_word' id='word_1_207' title='bbox 3169 1256 3345 1325; x_wconf 83' lang='grc' dir='ltr'><strong>κτήνη</strong></span> <span class='ocrx_word' id='word_1_208' title='bbox 3373 1293 3391 1317; x_wconf 93' lang='grc'><strong>,</strong></span> <span class='ocrx_word' id='word_1_209' title='bbox 3424 1256 3527 1311; x_wconf 83' lang='grc' dir='ltr'>καὶ</span> <span class='ocrx_word' id='word_1_210' title='bbox 3555 1258 3623 1312; x_wconf 84' lang='grc' dir='ltr'>τὰ</span> <span class='ocrx_word' id='word_1_211' title='bbox 3659 1259 3759 1313; x_wconf 76' lang='grc' dir='ltr'><strong>ἀπὸ</strong></span> 
     </span>
    </p>
   </div>
   <div class='ocr_carea' id='block_1_30' title="bbox 2168 1339 3759 1419">
    <p class='ocr_par' dir='ltr' id='par_1_30' title="bbox 2168 1339 3759 1419">
     <span class='ocr_line' id='line_1_30' title="bbox 2168 1339 3759 1419; baseline 0.005 -26"><span class='ocrx_word' id='word_1_212' title='bbox 2168 1342 2268 1411; x_wconf 85' lang='grc' dir='ltr'>τῆς</span> <span class='ocrx_word' id='word_1_213' title='bbox 2296 1342 2398 1411; x_wconf 84' lang='grc' dir='ltr'><strong>γῆς</strong></span> <span class='ocrx_word' id='word_1_214' title='bbox 2432 1342 2697 1412; x_wconf 85' lang='grc' dir='ltr'>φυόμενα.</span> <span class='ocrx_word' id='word_1_215' title='bbox 2724 1344 2953 1412; x_wconf 80' lang='grc' dir='ltr'><strong>Μήποτε</strong></span> <span class='ocrx_word' id='word_1_216' title='bbox 2980 1339 3075 1398; x_wconf 80' lang='grc' dir='ltr'>οὖν</span> <span class='ocrx_word' id='word_1_217' title='bbox 3103 1347 3156 1397; x_wconf 80' lang='grc' dir='ltr'>οἱ</span> <span class='ocrx_word' id='word_1_218' title='bbox 3189 1346 3290 1415; x_wconf 86' lang='grc' dir='ltr'>μὲν</span> <span class='ocrx_word' id='word_1_219' title='bbox 3316 1346 3483 1416; x_wconf 85' lang='grc' dir='ltr'>λόγοι</span> <span class='ocrx_word' id='word_1_220' title='bbox 3504 1348 3619 1401; x_wconf 79' lang='grc' dir='ltr'><strong>τῶν</strong></span> <span class='ocrx_word' id='word_1_221' title='bbox 3638 1364 3759 1419; x_wconf 76' lang='grc' dir='ltr'>προ·</span> 
     </span>
    </p>
   </div>
   <div class='ocr_carea' id='block_1_31' title="bbox 2168 1432 3755 1509">
    <p class='ocr_par' dir='ltr' id='par_1_31' title="bbox 2168 1432 3755 1509">
     <span class='ocr_line' id='line_1_31' title="bbox 2168 1432 3755 1509; baseline 0.005 -25"><span class='ocrx_word' id='word_1_222' title='bbox 2168 1432 2493 1501; x_wconf 79' lang='grc' dir='ltr'>ηγουμένως</span> <span class='ocrx_word' id='word_1_223' title='bbox 2529 1433 2853 1500; x_wconf 78' lang='grc' dir='ltr'><strong>γεγονότων,</strong></span> <span class='ocrx_word' id='word_1_224' title='bbox 2900 1434 2949 1486; x_wconf 85' lang='lat' dir='ltr'><strong>oi</strong></span> <span class='ocrx_word' id='word_1_225' title='bbox 3001 1435 3204 1504; x_wconf 86' lang='grc' dir='ltr'>καρποί</span> <span class='ocrx_word' id='word_1_226' title='bbox 3238 1438 3352 1490; x_wconf 82' lang='grc' dir='ltr'>είσι</span> <span class='ocrx_word' id='word_1_227' title='bbox 3410 1438 3511 1491; x_wconf 78' lang='grc' dir='ltr'><strong>τοῦ</strong></span> <span class='ocrx_word' id='word_1_228' title='bbox 3548 1438 3755 1509; x_wconf 78' lang='grc' dir='ltr'>δένδρου</span> 
     </span>
    </p>
   </div>
   <div class='ocr_carea' id='block_1_32' title="bbox 2168 1522 3751 1599">
    <p class='ocr_par' dir='ltr' id='par_1_32' title="bbox 2168 1522 3751 1599">
     <span class='ocr_line' id='line_1_32' title="bbox 2168 1522 3751 1599; baseline 0.006 -25"><span class='ocrx_word' id='word_1_229' title='bbox 2168 1522 2269 1592; x_wconf 83' lang='grc' dir='ltr'>τῆς</span> <span class='ocrx_word' id='word_1_230' title='bbox 2297 1522 2445 1592; x_wconf 78' lang='grc' dir='ltr'>ζωῆς</span> <span class='ocrx_word' id='word_1_231' title='bbox 2473 1538 2487 1554; x_wconf 93' lang='grc'><strong>·</strong></span> <span class='ocrx_word' id='word_1_232' title='bbox 2525 1522 2634 1576; x_wconf 84' lang='grc' dir='ltr'>τῶν</span> <span class='ocrx_word' id='word_1_233' title='bbox 2666 1523 2724 1577; x_wconf 80' lang='grc' dir='ltr'><strong>δὲ</strong></span> <span class='ocrx_word' id='word_1_234' title='bbox 2760 1523 2849 1578; x_wconf 79' lang='grc' dir='ltr'>διὰ</span> <span class='ocrx_word' id='word_1_235' title='bbox 2878 1525 3052 1580; x_wconf 84' lang='grc' dir='ltr'>ταῦτα</span> <span class='ocrx_word' id='word_1_236' title='bbox 3077 1528 3413 1583; x_wconf 76' lang='grc' dir='ltr'>κτισθέντων</span> <span class='ocrx_word' id='word_1_237' title='bbox 3448 1529 3521 1584; x_wconf 82' lang='grc' dir='ltr'>τὰ</span> <span class='ocrx_word' id='word_1_238' title='bbox 3557 1531 3751 1599; x_wconf 85' lang='grc' dir='ltr'>φύλλα,</span> 
     </span>
    </p>
   </div>
   <div class='ocr_carea' id='block_1_33' title="bbox 2168 1607 3749 1691">
    <p class='ocr_par' dir='ltr' id='par_1_33' title="bbox 2168 1607 3749 1691">
     <span class='ocr_line' id='line_1_33' title="bbox 2168 1607 3749 1691; baseline 0.006 -25"><span class='ocrx_word' id='word_1_239' title='bbox 2168 1607 2244 1666; x_wconf 84' lang='grc' dir='ltr'>ὧν</span> <span class='ocrx_word' id='word_1_240' title='bbox 2287 1614 2439 1668; x_wconf 78' lang='grc' dir='ltr'>οὐδὲν</span> <span class='ocrx_word' id='word_1_241' title='bbox 2473 1614 2700 1684; x_wconf 82' lang='grc' dir='ltr'>μάταιόν</span> <span class='ocrx_word' id='word_1_242' title='bbox 2750 1615 2919 1680; x_wconf 76' lang='grc' dir='ltr'>ἐστιν,</span> <span class='ocrx_word' id='word_1_243' title='bbox 2978 1617 3100 1670; x_wconf 86' lang='grc' dir='ltr'><strong>οὐδὲ</strong></span> <span class='ocrx_word' id='word_1_244' title='bbox 3134 1617 3550 1684; x_wconf 76' lang='grc' dir='ltr'>ὲξουθενεῖσθαι</span> <span class='ocrx_word' id='word_1_245' title='bbox 3589 1622 3749 1691; x_wconf 75' lang='grc' dir='ltr'>πάντη</span> 
     </span>
    </p>
   </div>
   <div class='ocr_carea' id='block_1_34' title="bbox 490 1686 2065 1782">
    <p class='ocr_par' dir='ltr' id='par_1_34' title="bbox 490 1686 2063 1774">
     <span class='ocr_line' id='line_1_34' title="bbox 490 1686 2063 1774; baseline -0.006 -13"><span class='ocrx_word' id='word_1_246' title='bbox 490 1686 602 1761; x_wconf 83' lang='lat' dir='ltr'><strong>stra</strong></span> <span class='ocrx_word' id='word_1_247' title='bbox 628 1715 733 1769; x_wconf 90' lang='lat' dir='ltr'><strong>est,</strong></span> <span class='ocrx_word' id='word_1_248' title='bbox 756 1718 936 1774; x_wconf 89' lang='lat' dir='ltr'><strong>neque</strong></span> <span class='ocrx_word' id='word_1_249' title='bbox 983 1701 1206 1757; x_wconf 88' lang='lat' dir='ltr'><strong>omnino</strong></span> <span class='ocrx_word' id='word_1_250' title='bbox 1248 1700 1530 1755; x_wconf 77' lang='lat' dir='ltr'><strong>extenuari</strong></span> <span class='ocrx_word' id='word_1_251' title='bbox 1559 1699 1781 1768; x_wconf 82' lang='lat' dir='ltr'><strong>dignum</strong></span> <span class='ocrx_word' id='word_1_252' title='bbox 1806 1707 2063 1765; x_wconf 82' lang='lat' dir='ltr'><strong>tanquam</strong></span> 
     </span>
    </p>
   </div>
   <div class='ocr_carea' id='block_1_35' title="bbox 2165 1686 3744 1782">
    <p class='ocr_par' dir='ltr' id='par_1_35' title="bbox 2168 1686 3744 1782">
     <span class='ocr_line' id='line_1_35' title="bbox 2168 1686 3744 1782; baseline 0.003 -22"><span class='ocrx_word' id='word_1_253' title='bbox 2168 1705 2318 1771; x_wconf 75' lang='grc' dir='ltr'>ἄξιον</span> <span class='ocrx_word' id='word_1_254' title='bbox 2357 1705 2433 1768; x_wconf 83' lang='grc' dir='ltr'>ὡς</span> <span class='ocrx_word' id='word_1_255' title='bbox 2477 1706 2692 1770; x_wconf 79' lang='grc' dir='ltr'>εὐτελὲς</span> <span class='ocrx_word' id='word_1_256' title='bbox 2716 1746 2731 1770; x_wconf 94' lang='grc'><strong>,</strong></span> <span class='ocrx_word' id='word_1_257' title='bbox 2765 1707 2853 1760; x_wconf 76' lang='grc' dir='ltr'>ἵνα</span> <span class='ocrx_word' id='word_1_258' title='bbox 2887 1707 3018 1780; x_wconf 72' lang='grc' dir='ltr'>ἔλθῃ</span> <span class='ocrx_word' id='word_1_259' title='bbox 3053 1709 3275 1762; x_wconf 83' lang='grc' dir='ltr'>πίπτειν</span> <span class='ocrx_word' id='word_1_260' title='bbox 3314 1711 3419 1764; x_wconf 58' lang='grc' dir='ltr'><strong>καί⁵</strong></span> <span class='ocrx_word' id='word_1_261' title='bbox 3451 1686 3744 1782; x_wconf 62' lang='grc' dir='ltr'>ἀπορρεῖν,</span> 
     </span>
    </p>
   </div>
   <div class='ocr_carea' id='block_1_36' title="bbox 493 1789 2061 1863">
    <p class='ocr_par' dir='ltr' id='par_1_36' title="bbox 493 1789 2061 1863">
     <span class='ocr_line' id='line_1_36' title="bbox 493 1789 2061 1863; baseline -0.008 -9"><span class='ocrx_word' id='word_1_262' title='bbox 493 1799 623 1863; x_wconf 79' lang='lat' dir='ltr'><strong>vile,</strong></span> <span class='ocrx_word' id='word_1_263' title='bbox 654 1798 926 1852; x_wconf 87' lang='lat' dir='ltr'><strong>utcadere</strong></span> <span class='ocrx_word' id='word_1_264' title='bbox 945 1803 1238 1857; x_wconf 89' lang='lat' dir='ltr'><strong>mereatur,</strong></span> <span class='ocrx_word' id='word_1_265' title='bbox 1263 1800 1356 1846; x_wconf 89' lang='lat' dir='ltr'><strong>aut</strong></span> <span class='ocrx_word' id='word_1_266' title='bbox 1379 1791 1555 1859; x_wconf 90' lang='lat' dir='ltr'><strong>perire</strong></span> <span class='ocrx_word' id='word_1_267' title='bbox 1578 1805 1682 1845; x_wconf 89' lang='lat' dir='ltr'><strong>non</strong></span> <span class='ocrx_word' id='word_1_268' title='bbox 1708 1789 2061 1844; x_wconf 89' lang='lat' dir='ltr'><strong>custoditum.</strong></span> 
     </span>
    </p>
   </div>
   <div class='ocr_carea' id='block_1_37' title="bbox 490 1880 2067 1958">
    <p class='ocr_par' dir='ltr' id='par_1_37' title="bbox 490 1880 2067 1958">
     <span class='ocr_line' id='line_1_37' title="bbox 490 1880 2067 1958; baseline -0.006 -15"><span class='ocrx_word' id='word_1_269' title='bbox 490 1890 631 1958; x_wconf 87' lang='lat' dir='ltr'><strong>Quin</strong></span> <span class='ocrx_word' id='word_1_270' title='bbox 664 1888 865 1957; x_wconf 84' lang='lat' dir='ltr'><strong>potius,</strong></span> <span class='ocrx_word' id='word_1_271' title='bbox 899 1895 957 1939; x_wconf 91' lang='lat' dir='ltr'><strong>ut</strong></span> <span class='ocrx_word' id='word_1_272' title='bbox 989 1885 1234 1954; x_wconf 85' lang='lat' dir='ltr'><strong>sequitur</strong></span> <span class='ocrx_word' id='word_1_273' title='bbox 1264 1901 1277 1936; x_wconf 88' lang='lat'>:</span> <span class='ocrx_word' id='word_1_274' title='bbox 1316 1881 1378 1935; x_wconf 82' lang='lat' dir='ltr'><strong>Et</strong></span> <span class='ocrx_word' id='word_1_275' title='bbox 1419 1884 1593 1935; x_wconf 83' lang='lat' dir='ltr'><strong>omnia</strong></span> <span class='ocrx_word' id='word_1_276' title='bbox 1633 1897 1955 1952; x_wconf 70' lang='lat' dir='ltr'><strong>qurccunqtre</strong></span> <span class='ocrx_word' id='word_1_277' title='bbox 1983 1880 2067 1950; x_wconf 83' lang='lat' dir='ltr'><strong>fa-</strong></span> 
     </span>
    </p>
   </div>
   <div class='ocr_carea' id='block_1_38' title="bbox 486 1974 2066 2049">
    <p class='ocr_par' dir='ltr' id='par_1_38' title="bbox 486 1974 2066 2049">
     <span class='ocr_line' id='line_1_38' title="bbox 486 1974 2066 2049; baseline -0.006 -14"><span class='ocrx_word' id='word_1_278' title='bbox 486 1983 587 2035; x_wconf 84' lang='lat' dir='ltr'><strong>ciet</strong></span> <span class='ocrx_word' id='word_1_279' title='bbox 620 1980 1087 2049; x_wconf 80' lang='lat' dir='ltr'><strong>prosperabuntur.</strong></span> <span class='ocrx_word' id='word_1_280' title='bbox 1121 1974 1307 2028; x_wconf 87' lang='lat' dir='ltr'><strong>Liceat</strong></span> <span class='ocrx_word' id='word_1_281' title='bbox 1339 1974 1484 2029; x_wconf 90' lang='lat' dir='ltr'><strong>enim</strong></span> <span class='ocrx_word' id='word_1_282' title='bbox 1511 1974 1578 2026; x_wconf 90' lang='lat' dir='ltr'><strong>ad</strong></span> <span class='ocrx_word' id='word_1_283' title='bbox 1604 1976 1847 2043; x_wconf 65' lang='lat' dir='ltr'><strong>quaedam</strong></span> <span class='ocrx_word' id='word_1_284' title='bbox 1879 1988 2066 2027; x_wconf 87' lang='lat' dir='ltr'><strong>neces-</strong></span> 
     </span>
    </p>
   </div>
   <div class='ocr_carea' id='block_1_39' title="bbox 487 2063 2063 2134">
    <p class='ocr_par' dir='ltr' id='par_1_39' title="bbox 487 2063 2063 2134">
     <span class='ocr_line' id='line_1_39' title="bbox 487 2063 2063 2134; baseline -0.006 -7"><span class='ocrx_word' id='word_1_285' title='bbox 487 2072 631 2127; x_wconf 81' lang='lat' dir='ltr'><strong>saria</strong></span> <span class='ocrx_word' id='word_1_286' title='bbox 669 2069 836 2125; x_wconf 88' lang='lat' dir='ltr'><strong>etiam</strong></span> <span class='ocrx_word' id='word_1_287' title='bbox 876 2067 1021 2120; x_wconf 85' lang='lat' dir='ltr'><strong>abuti</strong></span> <span class='ocrx_word' id='word_1_288' title='bbox 1060 2066 1128 2120; x_wconf 88' lang='lat' dir='ltr'><strong>iis</strong></span> <span class='ocrx_word' id='word_1_289' title='bbox 1166 2064 1422 2119; x_wconf 87' lang='lat' dir='ltr'><strong>omnibus</strong></span> <span class='ocrx_word' id='word_1_290' title='bbox 1448 2078 1570 2134; x_wconf 65' lang='lat' dir='ltr'><strong>quae</strong></span> <span class='ocrx_word' id='word_1_291' title='bbox 1596 2078 1663 2119; x_wconf 82' lang='lat' dir='ltr'><strong>ex</strong></span> <span class='ocrx_word' id='word_1_292' title='bbox 1708 2063 2063 2133; x_wconf 89' lang='lat' dir='ltr'><strong>consequenti</strong></span> 
     </span>
    </p>
   </div>
   <div class='ocr_carea' id='block_1_40' title="bbox 491 2156 2061 2227">
    <p class='ocr_par' dir='ltr' id='par_1_40' title="bbox 491 2156 2061 2227">
     <span class='ocr_line' id='line_1_40' title="bbox 491 2156 2061 2227; baseline -0.005 -9"><span class='ocrx_word' id='word_1_293' title='bbox 491 2168 644 2218; x_wconf 90' lang='lat' dir='ltr'><strong>liunt.</strong></span> <span class='ocrx_word' id='word_1_294' title='bbox 677 2161 909 2216; x_wconf 82' lang='lat' dir='ltr'><strong>Fructus</strong></span> <span class='ocrx_word' id='word_1_295' title='bbox 958 2173 1120 2227; x_wconf 82' lang='lat' dir='ltr'><strong>porro</strong></span> <span class='ocrx_word' id='word_1_296' title='bbox 1161 2156 1363 2212; x_wconf 85' lang='lat' dir='ltr'><strong>Christi</strong></span> <span class='ocrx_word' id='word_1_297' title='bbox 1412 2158 1674 2225; x_wconf 88' lang='lat' dir='ltr'><strong>primario</strong></span> <span class='ocrx_word' id='word_1_298' title='bbox 1714 2156 1786 2210; x_wconf 90' lang='lat' dir='ltr'><strong>sit</strong></span> <span class='ocrx_word' id='word_1_299' title='bbox 1813 2156 2061 2210; x_wconf 77' lang='lat' dir='ltr'><strong>doctrina</strong></span> 
     </span>
    </p>
   </div>
   <div class='ocr_carea' id='block_1_41' title="bbox 486 2247 2062 2323">
    <p class='ocr_par' dir='ltr' id='par_1_41' title="bbox 486 2247 2062 2323">
     <span class='ocr_line' id='line_1_41' title="bbox 486 2247 2062 2323; baseline -0.006 -15"><span class='ocrx_word' id='word_1_300' title='bbox 486 2255 609 2320; x_wconf 90' lang='lat' dir='ltr'><strong>illa,</strong></span> <span class='ocrx_word' id='word_1_301' title='bbox 661 2266 782 2323; x_wconf 69' lang='lat' dir='ltr'><strong>quae</strong></span> <span class='ocrx_word' id='word_1_302' title='bbox 827 2251 980 2305; x_wconf 85' lang='lat' dir='ltr'><strong>cibus</strong></span> <span class='ocrx_word' id='word_1_303' title='bbox 1022 2258 1106 2304; x_wconf 80' lang='lat' dir='ltr'><strong>est</strong></span> <span class='ocrx_word' id='word_1_304' title='bbox 1151 2248 1578 2318; x_wconf 81' lang='lat' dir='ltr'><strong>perfectiornm;</strong></span> <span class='ocrx_word' id='word_1_305' title='bbox 1612 2247 2062 2316; x_wconf 82' lang='lat' dir='ltr'><strong>quemadmodum</strong></span> 
     </span>
    </p>
   </div>
   <div class='ocr_carea' id='block_1_42' title="bbox 486 2335 2064 2408">
    <p class='ocr_par' dir='ltr' id='par_1_42' title="bbox 486 2335 2064 2408">
     <span class='ocr_line' id='line_1_42' title="bbox 486 2335 2064 2408; baseline -0.006 -7"><span class='ocrx_word' id='word_1_306' title='bbox 486 2344 734 2401; x_wconf 87' lang='lat' dir='ltr'><strong>homines</strong></span> <span class='ocrx_word' id='word_1_307' title='bbox 757 2342 1019 2396; x_wconf 84' lang='lat' dir='ltr'><strong>fructibus</strong></span> <span class='ocrx_word' id='word_1_308' title='bbox 1058 2349 1365 2401; x_wconf 80' lang='lat' dir='ltr'><strong>vescuntur,</strong></span> <span class='ocrx_word' id='word_1_309' title='bbox 1405 2353 1596 2408; x_wconf 82' lang='lat' dir='ltr'><strong>pecora</strong></span> <span class='ocrx_word' id='word_1_310' title='bbox 1623 2352 1750 2391; x_wconf 84' lang='lat' dir='ltr'><strong>vero</strong></span> <span class='ocrx_word' id='word_1_311' title='bbox 1787 2335 1945 2391; x_wconf 80' lang='lat' dir='ltr'><strong>foliis.</strong></span> <span class='ocrx_word' id='word_1_312' title='bbox 1970 2336 2064 2391; x_wconf 80' lang='lat' dir='ltr'><strong>Li-</strong></span> 
     </span>
    </p>
   </div>
   <div class='ocr_carea' id='block_1_43' title="bbox 486 2414 2059 2503">
    <p class='ocr_par' dir='ltr' id='par_1_43' title="bbox 486 2414 2059 2503">
     <span class='ocr_line' id='line_1_43' title="bbox 486 2414 2059 2503; baseline -0.006 -12"><span class='ocrx_word' id='word_1_313' title='bbox 486 2445 612 2492; x_wconf 84' lang='lat' dir='ltr'><strong>ceal</strong></span> <span class='ocrx_word' id='word_1_314' title='bbox 640 2448 855 2503; x_wconf 89' lang='lat' dir='ltr'><strong>quoque</strong></span> <span class='ocrx_word' id='word_1_315' title='bbox 879 2414 1176 2499; x_wconf 65' lang='lat' dir='ltr'><strong>Scriptura:</strong></span> <span class='ocrx_word' id='word_1_316' title='bbox 1197 2432 1454 2498; x_wconf 90' lang='lat' dir='ltr'><strong>quosdam</strong></span> <span class='ocrx_word' id='word_1_317' title='bbox 1482 2429 1688 2482; x_wconf 72' lang='lat' dir='ltr'><strong>fructus</strong></span> <span class='ocrx_word' id='word_1_318' title='bbox 1708 2429 1893 2484; x_wconf 88' lang='lat' dir='ltr'><strong>dicere</strong></span> <span class='ocrx_word' id='word_1_319' title='bbox 1918 2428 2059 2491; x_wconf 86' lang='lat' dir='ltr'><strong>illos,</strong></span> 
     </span>
    </p>
   </div>
   <div class='ocr_carea' id='block_1_44' title="bbox 488 2519 2060 2597">
    <p class='ocr_par' dir='ltr' id='par_1_44' title="bbox 488 2519 2060 2597">
     <span class='ocr_line' id='line_1_44' title="bbox 488 2519 2060 2597; baseline -0.003 -18"><span class='ocrx_word' id='word_1_320' title='bbox 488 2542 625 2597; x_wconf 88' lang='lat' dir='ltr'><strong>quos</strong></span> <span class='ocrx_word' id='word_1_321' title='bbox 650 2525 869 2594; x_wconf 81' lang='lat' dir='ltr'><strong>capiunt</strong></span> <span class='ocrx_word' id='word_1_322' title='bbox 903 2521 1228 2591; x_wconf 87' lang='lat' dir='ltr'><strong>peritiores;</strong></span> <span class='ocrx_word' id='word_1_323' title='bbox 1263 2519 1391 2574; x_wconf 76' lang='lat' dir='ltr'><strong>folia</strong></span> <span class='ocrx_word' id='word_1_324' title='bbox 1425 2535 1588 2584; x_wconf 80' lang='lat' dir='ltr'><strong>vero,</strong></span> <span class='ocrx_word' id='word_1_325' title='bbox 1627 2520 1823 2589; x_wconf 82' lang='lat' dir='ltr'><strong>quibus</strong></span> <span class='ocrx_word' id='word_1_326' title='bbox 1847 2521 2060 2590; x_wconf 53' lang='lat' dir='ltr'><strong>simpli.</strong></span> 
     </span>
    </p>
   </div>
   <div class='ocr_carea' id='block_1_45' title="bbox 488 2612 2057 2682">
    <p class='ocr_par' dir='ltr' id='par_1_45' title="bbox 488 2612 2057 2682">
     <span class='ocr_line' id='line_1_45' title="bbox 488 2612 2057 2682; baseline -0.004 -10"><span class='ocrx_word' id='word_1_327' title='bbox 488 2619 667 2672; x_wconf 89' lang='lat' dir='ltr'><strong>ciores</strong></span> <span class='ocrx_word' id='word_1_328' title='bbox 702 2615 1037 2670; x_wconf 90' lang='lat' dir='ltr'><strong>nutriuntur.</strong></span> <span class='ocrx_word' id='word_1_329' title='bbox 1070 2613 1336 2668; x_wconf 57' lang='lat' dir='ltr'><strong>Caeterum</strong></span> <span class='ocrx_word' id='word_1_330' title='bbox 1367 2613 1484 2682; x_wconf 84' lang='lat' dir='ltr'><strong>ejus</strong></span> <span class='ocrx_word' id='word_1_331' title='bbox 1506 2612 1598 2682; x_wconf 86' lang='lat' dir='ltr'><strong>qni</strong></span> <span class='ocrx_word' id='word_1_332' title='bbox 1639 2612 1828 2666; x_wconf 88' lang='lat' dir='ltr'><strong>beatus</strong></span> <span class='ocrx_word' id='word_1_333' title='bbox 1861 2612 2057 2682; x_wconf 70' lang='lat' dir='ltr'><strong>pracdi-</strong></span> 
     </span>
    </p>
   </div>
   <div class='ocr_carea' id='block_1_46' title="bbox 483 2702 2060 2774">
    <p class='ocr_par' dir='ltr' id='par_1_46' title="bbox 483 2702 2060 2774">
     <span class='ocr_line' id='line_1_46' title="bbox 483 2702 2060 2774; baseline -0.004 -12"><span class='ocrx_word' id='word_1_334' title='bbox 483 2720 662 2773; x_wconf 87' lang='lat' dir='ltr'><strong>catur,</strong></span> <span class='ocrx_word' id='word_1_335' title='bbox 690 2715 743 2761; x_wconf 91' lang='lat' dir='ltr'><strong>et</strong></span> <span class='ocrx_word' id='word_1_336' title='bbox 776 2705 920 2774; x_wconf 72' lang='lat' dir='ltr'><strong>ligno</strong></span> <span class='ocrx_word' id='word_1_337' title='bbox 955 2702 1078 2757; x_wconf 71' lang='lat' dir='ltr'><strong>vita:</strong></span> <span class='ocrx_word' id='word_1_338' title='bbox 1104 2714 1452 2773; x_wconf 86' lang='lat' dir='ltr'><strong>comparatus</strong></span> <span class='ocrx_word' id='word_1_339' title='bbox 1477 2713 1579 2767; x_wconf 86' lang='lat' dir='ltr'><strong>est,</strong></span> <span class='ocrx_word' id='word_1_340' title='bbox 1612 2702 1817 2757; x_wconf 80' lang='lat' dir='ltr'><strong>fructus</strong></span> <span class='ocrx_word' id='word_1_341' title='bbox 1843 2702 2060 2769; x_wconf 90' lang='lat' dir='ltr'><strong>quidem</strong></span> 
     </span>
    </p>
   </div>
   <div class='ocr_carea' id='block_1_47' title="bbox 486 2792 2063 2864">
    <p class='ocr_par' dir='ltr' id='par_1_47' title="bbox 486 2792 2063 2864">
     <span class='ocr_line' id='line_1_47' title="bbox 486 2792 2063 2864; baseline -0.004 -12"><span class='ocrx_word' id='word_1_342' title='bbox 486 2798 592 2852; x_wconf 88' lang='lat' dir='ltr'><strong>dici</strong></span> <span class='ocrx_word' id='word_1_343' title='bbox 619 2796 832 2864; x_wconf 80' lang='lat' dir='ltr'><strong>possint</strong></span> <span class='ocrx_word' id='word_1_344' title='bbox 858 2806 1020 2863; x_wconf 85' lang='lat' dir='ltr'><strong>opera</strong></span> <span class='ocrx_word' id='word_1_345' title='bbox 1052 2795 1332 2859; x_wconf 87' lang='lat' dir='ltr'><strong>primaria,</strong></span> <span class='ocrx_word' id='word_1_346' title='bbox 1364 2803 1421 2846; x_wconf 93' lang='lat' dir='ltr'><strong>ut</strong></span> <span class='ocrx_word' id='word_1_347' title='bbox 1443 2792 1820 2859; x_wconf 73' lang='lat' dir='ltr'><strong>beneﬁcentia,</strong></span> <span class='ocrx_word' id='word_1_348' title='bbox 1842 2801 1900 2847; x_wconf 86' lang='lat' dir='ltr'><strong>et</strong></span> <span class='ocrx_word' id='word_1_349' title='bbox 1949 2802 2063 2847; x_wconf 87' lang='lat' dir='ltr'><strong>stu-</strong></span> 
     </span>
    </p>
   </div>
   <div class='ocr_carea' id='block_1_48' title="bbox 482 2885 2057 2957">
    <p class='ocr_par' dir='ltr' id='par_1_48' title="bbox 482 2885 2057 2957">
     <span class='ocr_line' id='line_1_48' title="bbox 482 2885 2057 2957; baseline -0.004 -13"><span class='ocrx_word' id='word_1_350' title='bbox 482 2889 631 2945; x_wconf 87' lang='lat' dir='ltr'><strong>dium</strong></span> <span class='ocrx_word' id='word_1_351' title='bbox 659 2888 976 2957; x_wconf 70' lang='lat' dir='ltr'><strong>sapientiae;</strong></span> <span class='ocrx_word' id='word_1_352' title='bbox 1028 2885 1152 2940; x_wconf 77' lang='lat' dir='ltr'><strong>folia</strong></span> <span class='ocrx_word' id='word_1_353' title='bbox 1202 2900 1333 2941; x_wconf 80' lang='lat' dir='ltr'><strong>vero</strong></span> <span class='ocrx_word' id='word_1_354' title='bbox 1383 2885 1581 2940; x_wconf 77' lang='lat' dir='ltr'><strong>vitales</strong></span> <span class='ocrx_word' id='word_1_355' title='bbox 1607 2885 1727 2954; x_wconf 88' lang='lat' dir='ltr'><strong>ejus</strong></span> <span class='ocrx_word' id='word_1_356' title='bbox 1750 2885 2057 2940; x_wconf 85' lang='lat' dir='ltr'><strong>motiones:</strong></span> 
     </span>
    </p>
   </div>
   <div class='ocr_carea' id='block_1_49' title="bbox 2173 1796 3741 1872">
    <p class='ocr_par' dir='ltr' id='par_1_49' title="bbox 2173 1796 3741 1872">
     <span class='ocr_line' id='line_1_49' title="bbox 2173 1796 3741 1872; baseline 0.005 -24"><span class='ocrx_word' id='word_1_357' title='bbox 2173 1796 2248 1868; x_wconf 84' lang='grc' dir='ltr'>μὴ</span> <span class='ocrx_word' id='word_1_358' title='bbox 2283 1797 2710 1867; x_wconf 79' lang='grc' dir='ltr'>φρουρούμενον.</span> <span class='ocrx_word' id='word_1_359' title='bbox 2769 1800 2879 1852; x_wconf 81' lang='grc' dir='ltr'><strong>Καὶ</strong></span> <span class='ocrx_word' id='word_1_360' title='bbox 2925 1799 3007 1851; x_wconf 76' lang='grc' dir='ltr'>ἔτι</span> <span class='ocrx_word' id='word_1_361' title='bbox 3059 1799 3260 1869; x_wconf 80' lang='grc' dir='ltr'>μᾶλλον</span> <span class='ocrx_word' id='word_1_362' title='bbox 3303 1800 3375 1854; x_wconf 81' lang='grc' dir='ltr'>τὸ</span> <span class='ocrx_word' id='word_1_363' title='bbox 3423 1802 3595 1872; x_wconf 75' lang='grc' dir='ltr'>ἑξῆς·</span> <span class='ocrx_word' id='word_1_364' title='bbox 3644 1804 3741 1856; x_wconf 76' lang='lat' dir='ltr'><strong>Kal</strong></span> 
     </span>
    </p>
   </div>
   <div class='ocr_carea' id='block_1_50' title="bbox 2168 1886 3741 1959">
    <p class='ocr_par' dir='ltr' id='par_1_50' title="bbox 2168 1886 3741 1959">
     <span class='ocr_line' id='line_1_50' title="bbox 2168 1886 3741 1959; baseline 0.002 -19"><span class='ocrx_word' id='word_1_365' title='bbox 2168 1886 2366 1941; x_wconf 82' lang='grc' dir='ltr'>πάντα</span> <span class='ocrx_word' id='word_1_366' title='bbox 2398 1888 2517 1941; x_wconf 85' lang='grc' dir='ltr'>ὅσα</span> <span class='ocrx_word' id='word_1_367' title='bbox 2552 1888 2630 1942; x_wconf 81' lang='grc' dir='ltr'><strong>ἂν</strong></span> <span class='ocrx_word' id='word_1_368' title='bbox 2656 1888 2799 1956; x_wconf 80' lang='grc' dir='ltr'>ποιῇ</span> <span class='ocrx_word' id='word_1_369' title='bbox 2828 1888 3416 1956; x_wconf 80' lang='grc' dir='ltr'>κατευοδωθήσεται.</span> <span class='ocrx_word' id='word_1_370' title='bbox 3454 1892 3613 1943; x_wconf 83' lang='grc' dir='ltr'>Ἔστι</span> <span class='ocrx_word' id='word_1_371' title='bbox 3648 1892 3741 1959; x_wconf 78' lang='grc' dir='ltr'><strong>γὰρ</strong></span> 
     </span>
    </p>
   </div>
   <div class='ocr_carea' id='block_1_51' title="bbox 2169 1979 3742 2050">
    <p class='ocr_par' dir='ltr' id='par_1_51' title="bbox 2169 1979 3742 2050">
     <span class='ocr_line' id='line_1_51' title="bbox 2169 1979 3742 2050; baseline 0.002 -21"><span class='ocrx_word' id='word_1_372' title='bbox 2169 1979 2248 2042; x_wconf 80' lang='grc' dir='ltr'><strong>είς</strong></span> <span class='ocrx_word' id='word_1_373' title='bbox 2276 1997 2392 2033; x_wconf 88' lang='grc' dir='ltr'>τινα</span> <span class='ocrx_word' id='word_1_374' title='bbox 2432 1981 2705 2047; x_wconf 84' lang='grc' dir='ltr'>ἀναγκαῖα</span> <span class='ocrx_word' id='word_1_375' title='bbox 2734 1979 3212 2050; x_wconf 83' lang='grc' dir='ltr'>καταχρήσασθαι,</span> <span class='ocrx_word' id='word_1_376' title='bbox 3248 1982 3346 2033; x_wconf 84' lang='grc' dir='ltr'><strong>καί</strong></span> <span class='ocrx_word' id='word_1_377' title='bbox 3387 1983 3530 2034; x_wconf 78' lang='grc' dir='ltr'>πᾶσι</span> <span class='ocrx_word' id='word_1_378' title='bbox 3560 1985 3666 2045; x_wconf 80' lang='grc' dir='ltr'>τοῖς</span> <span class='ocrx_word' id='word_1_379' title='bbox 3688 1983 3742 2033; x_wconf 83' lang='grc' dir='ltr'>ὲκ</span> 
     </span>
    </p>
   </div>
   <div class='ocr_carea' id='block_1_52' title="bbox 2166 2066 3736 2141">
    <p class='ocr_par' dir='ltr' id='par_1_52' title="bbox 2166 2066 3736 2141">
     <span class='ocr_line' id='line_1_52' title="bbox 2166 2066 3736 2141; baseline 0 -21"><span class='ocrx_word' id='word_1_380' title='bbox 2166 2066 2260 2121; x_wconf 77' lang='grc' dir='ltr'>τοῦ</span> <span class='ocrx_word' id='word_1_381' title='bbox 2344 2067 2509 2122; x_wconf 84' lang='grc' dir='ltr'>ἁκολο</span> <span class='ocrx_word' id='word_1_382' title='bbox 2522 2068 2799 2139; x_wconf 85' lang='grc' dir='ltr'>υθήματος</span> <span class='ocrx_word' id='word_1_383' title='bbox 2862 2068 3203 2137; x_wconf 61' lang='grc' dir='ltr'>γενομένοις,</span> <span class='ocrx_word' id='word_1_384' title='bbox 3256 2071 3498 2141; x_wconf 77' lang='grc' dir='ltr'>Καρπδς</span> <span class='ocrx_word' id='word_1_385' title='bbox 3552 2070 3608 2123; x_wconf 80' lang='grc' dir='ltr'><strong>δὲ</strong></span> <span class='ocrx_word' id='word_1_386' title='bbox 3655 2068 3736 2122; x_wconf 83' lang='grc' dir='ltr'>τοῦ</span> 
     </span>
    </p>
   </div>
   <div class='ocr_carea' id='block_1_53' title="bbox 2164 2157 3737 2230">
    <p class='ocr_par' dir='ltr' id='par_1_53' title="bbox 2164 2157 3737 2230">
     <span class='ocr_line' id='line_1_53' title="bbox 2164 2157 3737 2230; baseline 0 -20"><span class='ocrx_word' id='word_1_387' title='bbox 2164 2157 2403 2228; x_wconf 82' lang='grc' dir='ltr'>Χριστοῦ</span> <span class='ocrx_word' id='word_1_388' title='bbox 2431 2158 2516 2228; x_wconf 83' lang='grc' dir='ltr'>ετη</span> <span class='ocrx_word' id='word_1_389' title='bbox 2562 2158 2630 2213; x_wconf 83' lang='grc' dir='ltr'>ἂν</span> <span class='ocrx_word' id='word_1_390' title='bbox 2661 2158 3092 2230; x_wconf 82' lang='grc' dir='ltr'>προηγουμένως</span> <span class='ocrx_word' id='word_1_391' title='bbox 3120 2160 3153 2228; x_wconf 91' lang='grc' dir='ltr'><strong>ή</strong></span> <span class='ocrx_word' id='word_1_392' title='bbox 3182 2158 3520 2213; x_wconf 84' lang='grc' dir='ltr'>διδασκαλία</span> <span class='ocrx_word' id='word_1_393' title='bbox 3542 2197 3557 2223; x_wconf 94' lang='grc'><strong>,</strong></span> <span class='ocrx_word' id='word_1_394' title='bbox 3588 2160 3618 2229; x_wconf 90' lang='grc' dir='ltr'><strong>ή</strong></span> <span class='ocrx_word' id='word_1_395' title='bbox 3645 2159 3737 2212; x_wconf 77' lang='grc' dir='ltr'><strong>τῶν</strong></span> 
     </span>
    </p>
   </div>
   <div class='ocr_carea' id='block_1_54' title="bbox 2164 2245 3730 2321">
    <p class='ocr_par' dir='ltr' id='par_1_54' title="bbox 2164 2245 3730 2321">
     <span class='ocr_line' id='line_1_54' title="bbox 2164 2245 3730 2321; baseline -0.001 -20"><span class='ocrx_word' id='word_1_396' title='bbox 2164 2247 2510 2319; x_wconf 79' lang='grc' dir='ltr'>τιμιωτέρων</span> <span class='ocrx_word' id='word_1_397' title='bbox 2538 2249 2711 2318; x_wconf 85' lang='grc' dir='ltr'>τροφή</span> <span class='ocrx_word' id='word_1_398' title='bbox 2738 2266 2752 2278; x_wconf 90' lang='grc'><strong>·</strong></span> <span class='ocrx_word' id='word_1_399' title='bbox 2790 2245 2981 2319; x_wconf 82' lang='grc' dir='ltr'>ὥσπερ</span> <span class='ocrx_word' id='word_1_400' title='bbox 3006 2250 3121 2312; x_wconf 85' lang='grc' dir='ltr'>τοῖς</span> <span class='ocrx_word' id='word_1_401' title='bbox 3157 2252 3403 2321; x_wconf 82' lang='grc' dir='ltr'>καρποῖς</span> <span class='ocrx_word' id='word_1_402' title='bbox 3437 2248 3666 2320; x_wconf 84' lang='grc' dir='ltr'>χρῶνται</span> <span class='ocrx_word' id='word_1_403' title='bbox 3689 2250 3730 2301; x_wconf 82' lang='lat' dir='ltr'><strong>oi</strong></span> 
     </span>
    </p>
   </div>
   <div class='ocr_carea' id='block_1_55' title="bbox 2164 2338 3732 2411">
    <p class='ocr_par' dir='ltr' id='par_1_55' title="bbox 2164 2338 3732 2411">
     <span class='ocr_line' id='line_1_55' title="bbox 2164 2338 3732 2411; baseline -0.001 -19"><span class='ocrx_word' id='word_1_404' title='bbox 2164 2338 2465 2410; x_wconf 75' lang='grc' dir='ltr'>ἄνθρωποι,</span> <span class='ocrx_word' id='word_1_405' title='bbox 2498 2339 2719 2408; x_wconf 83' lang='grc' dir='ltr'>φύλλοις</span> <span class='ocrx_word' id='word_1_406' title='bbox 2746 2338 2804 2393; x_wconf 76' lang='grc' dir='ltr'><strong>δὲ</strong></span> <span class='ocrx_word' id='word_1_407' title='bbox 2839 2339 2912 2393; x_wconf 85' lang='grc' dir='ltr'>τὰ</span> <span class='ocrx_word' id='word_1_408' title='bbox 2938 2339 3282 2411; x_wconf 82' lang='grc' dir='ltr'>βοσκήματα.</span> <span class='ocrx_word' id='word_1_409' title='bbox 3307 2342 3555 2395; x_wconf 74' lang='grc' dir='ltr'>Δυνατὺν</span> <span class='ocrx_word' id='word_1_410' title='bbox 3580 2341 3633 2394; x_wconf 75' lang='grc' dir='ltr'><strong>δὲ</strong></span> <span class='ocrx_word' id='word_1_411' title='bbox 3654 2342 3732 2393; x_wconf 80' lang='grc' dir='ltr'>καὶ</span> 
     </span>
    </p>
   </div>
   <div class='ocr_carea' id='block_1_56' title="bbox 2163 2430 3727 2503">
    <p class='ocr_par' dir='ltr' id='par_1_56' title="bbox 2163 2430 3727 2503">
     <span class='ocr_line' id='line_1_56' title="bbox 2163 2430 3727 2503; baseline 0.001 -21"><span class='ocrx_word' id='word_1_412' title='bbox 2163 2431 2262 2500; x_wconf 86' lang='grc' dir='ltr'>τῆς</span> <span class='ocrx_word' id='word_1_413' title='bbox 2298 2431 2524 2501; x_wconf 80' lang='grc' dir='ltr'>Γραφῆς</span> <span class='ocrx_word' id='word_1_414' title='bbox 2548 2430 2791 2502; x_wconf 83' lang='grc' dir='ltr'>καρπούς</span> <span class='ocrx_word' id='word_1_415' title='bbox 2830 2448 2983 2494; x_wconf 88' lang='grc' dir='ltr'>τινας</span> <span class='ocrx_word' id='word_1_416' title='bbox 3010 2431 3211 2499; x_wconf 84' lang='grc' dir='ltr'>λέγειν,</span> <span class='ocrx_word' id='word_1_417' title='bbox 3244 2431 3344 2496; x_wconf 79' lang='grc' dir='ltr'>οὓς</span> <span class='ocrx_word' id='word_1_418' title='bbox 3369 2431 3727 2503; x_wconf 75' lang='grc' dir='ltr'>ἐκλαμϐάνον-</span> 
     </span>
    </p>
   </div>
   <div class='ocr_carea' id='block_1_57' title="bbox 2165 2517 3729 2595">
    <p class='ocr_par' dir='ltr' id='par_1_57' title="bbox 2165 2517 3729 2595">
     <span class='ocr_line' id='line_1_57' title="bbox 2165 2517 3729 2595; baseline -0.001 -22"><span class='ocrx_word' id='word_1_419' title='bbox 2165 2538 2250 2574; x_wconf 83' lang='grc' dir='ltr'><strong>σιν</strong></span> <span class='ocrx_word' id='word_1_420' title='bbox 2295 2521 2346 2574; x_wconf 87' lang='grc' dir='ltr'><strong>οί</strong></span> <span class='ocrx_word' id='word_1_421' title='bbox 2397 2519 2791 2591; x_wconf 85' lang='grc' dir='ltr'>λογικώτεροι·</span> <span class='ocrx_word' id='word_1_422' title='bbox 2840 2521 3017 2591; x_wconf 87' lang='grc' dir='ltr'>φύλλα</span> <span class='ocrx_word' id='word_1_423' title='bbox 3062 2521 3150 2587; x_wconf 81' lang='grc' dir='ltr'><strong>δὲ,</strong></span> <span class='ocrx_word' id='word_1_424' title='bbox 3210 2517 3293 2587; x_wconf 77' lang='grc' dir='ltr'>οἷς</span> <span class='ocrx_word' id='word_1_425' title='bbox 3353 2523 3640 2595; x_wconf 81' lang='grc' dir='ltr'>τρέφονται</span> <span class='ocrx_word' id='word_1_426' title='bbox 3687 2522 3729 2573; x_wconf 86' lang='lat' dir='ltr'><strong>oi</strong></span> 
     </span>
    </p>
   </div>
   <div class='ocr_carea' id='block_1_58' title="bbox 2166 2611 3729 2685">
    <p class='ocr_par' dir='ltr' id='par_1_58' title="bbox 2166 2611 3729 2685">
     <span class='ocr_line' id='line_1_58' title="bbox 2166 2611 3729 2685; baseline 0.001 -18"><span class='ocrx_word' id='word_1_427' title='bbox 2166 2611 2548 2683; x_wconf 83' lang='grc' dir='ltr'>ἁπλούστεροι.</span> <span class='ocrx_word' id='word_1_428' title='bbox 2590 2612 2697 2666; x_wconf 82' lang='grc' dir='ltr'>Τοῦ</span> <span class='ocrx_word' id='word_1_429' title='bbox 2746 2612 2803 2666; x_wconf 73' lang='grc' dir='ltr'><strong>δὲ</strong></span> <span class='ocrx_word' id='word_1_430' title='bbox 2855 2614 3336 2685; x_wconf 79' lang='grc' dir='ltr'>μακαριζομένου,</span> <span class='ocrx_word' id='word_1_431' title='bbox 3396 2615 3491 2669; x_wconf 78' lang='grc' dir='ltr'><strong>καὶ</strong></span> <span class='ocrx_word' id='word_1_432' title='bbox 3537 2615 3729 2685; x_wconf 86' lang='grc' dir='ltr'>ὡμοιω-</span> 
     </span>
    </p>
   </div>
   <div class='ocr_carea' id='block_1_59' title="bbox 2168 2702 3726 2777">
    <p class='ocr_par' dir='ltr' id='par_1_59' title="bbox 2168 2702 3726 2777">
     <span class='ocr_line' id='line_1_59' title="bbox 2168 2702 3726 2777; baseline 0 -20"><span class='ocrx_word' id='word_1_433' title='bbox 2168 2704 2330 2774; x_wconf 80' lang='grc' dir='ltr'>μένου</span> <span class='ocrx_word' id='word_1_434' title='bbox 2378 2703 2455 2773; x_wconf 84' lang='grc' dir='ltr'>τῷ</span> <span class='ocrx_word' id='word_1_435' title='bbox 2488 2703 2637 2773; x_wconf 81' lang='grc' dir='ltr'>ξύλῳ</span> <span class='ocrx_word' id='word_1_436' title='bbox 2683 2704 2785 2774; x_wconf 84' lang='grc' dir='ltr'>τῆς</span> <span class='ocrx_word' id='word_1_437' title='bbox 2814 2702 2963 2776; x_wconf 80' lang='grc' dir='ltr'>ζωῆς</span> <span class='ocrx_word' id='word_1_438' title='bbox 2986 2745 3002 2771; x_wconf 93' lang='grc'><strong>,</strong></span> <span class='ocrx_word' id='word_1_439' title='bbox 3037 2706 3253 2777; x_wconf 83' lang='grc' dir='ltr'>καρπὸς</span> <span class='ocrx_word' id='word_1_440' title='bbox 3295 2707 3403 2776; x_wconf 82' lang='grc' dir='ltr'>μὲν</span> <span class='ocrx_word' id='word_1_441' title='bbox 3442 2707 3644 2776; x_wconf 79' lang='grc' dir='ltr'>λέγοιτο</span> <span class='ocrx_word' id='word_1_442' title='bbox 3669 2704 3726 2758; x_wconf 81' lang='grc' dir='ltr'>τὰ</span> 
     </span>
    </p>
   </div>
   <div class='ocr_carea' id='block_1_60' title="bbox 2165 2790 3723 2870">
    <p class='ocr_par' dir='ltr' id='par_1_60' title="bbox 2165 2790 3723 2870">
     <span class='ocr_line' id='line_1_60' title="bbox 2165 2790 3723 2870; baseline -0.001 -21"><span class='ocrx_word' id='word_1_443' title='bbox 2165 2795 2553 2868; x_wconf 84' lang='grc' dir='ltr'>προηγούμενα</span> <span class='ocrx_word' id='word_1_444' title='bbox 2583 2796 2742 2867; x_wconf 77' lang='grc' dir='ltr'>ἔργα,</span> <span class='ocrx_word' id='word_1_445' title='bbox 2771 2790 2883 2850; x_wconf 76' lang='grc' dir='ltr'>οἷον</span> <span class='ocrx_word' id='word_1_446' title='bbox 2904 2797 3143 2864; x_wconf 84' lang='grc' dir='ltr'>εὐποιία,</span> <span class='ocrx_word' id='word_1_447' title='bbox 3166 2797 3262 2852; x_wconf 82' lang='grc' dir='ltr'>καὶ</span> <span class='ocrx_word' id='word_1_448' title='bbox 3291 2800 3423 2870; x_wconf 78' lang='grc' dir='ltr'>περὶ</span> <span class='ocrx_word' id='word_1_449' title='bbox 3439 2799 3535 2869; x_wconf 78' lang='grc' dir='ltr'><strong>τήν</strong></span> <span class='ocrx_word' id='word_1_450' title='bbox 3555 2798 3723 2865; x_wconf 77' lang='grc' dir='ltr'>σοφίαν</span> 
     </span>
    </p>
   </div>
   <div class='ocr_carea' id='block_1_61' title="bbox 2163 2888 3717 2960">
    <p class='ocr_par' dir='ltr' id='par_1_61' title="bbox 2163 2888 3717 2960">
     <span class='ocr_line' id='line_1_61' title="bbox 2163 2888 3717 2960; baseline -0.001 -19"><span class='ocrx_word' id='word_1_451' title='bbox 2163 2888 2427 2959; x_wconf 85' lang='grc' dir='ltr'>ἀσχολία·</span> <span class='ocrx_word' id='word_1_452' title='bbox 2489 2889 2665 2958; x_wconf 83' lang='grc' dir='ltr'>φύλλα</span> <span class='ocrx_word' id='word_1_453' title='bbox 2698 2888 2755 2942; x_wconf 69' lang='grc' dir='ltr'><strong>δὲ</strong></span> <span class='ocrx_word' id='word_1_454' title='bbox 2809 2888 2879 2943; x_wconf 84' lang='grc' dir='ltr'>τὰ</span> <span class='ocrx_word' id='word_1_455' title='bbox 2936 2888 3168 2959; x_wconf 84' lang='grc' dir='ltr'>βιωτικὰ</span> <span class='ocrx_word' id='word_1_456' title='bbox 3218 2891 3393 2945; x_wconf 84' lang='grc' dir='ltr'>αὐτοῦ</span> <span class='ocrx_word' id='word_1_457' title='bbox 3446 2891 3717 2960; x_wconf 80' lang='grc' dir='ltr'>κινήματα·</span> 
     </span>
    </p>
   </div>
   <div class='ocr_carea' id='block_1_62' title="bbox 482 2976 2065 3072">
    <p class='ocr_par' dir='ltr' id='par_1_62' title="bbox 482 2976 2060 3048">
     <span class='ocr_line' id='line_1_62' title="bbox 482 2976 2060 3048; baseline -0.001 -15"><span class='ocrx_word' id='word_1_458' title='bbox 482 2993 604 3048; x_wconf 66' lang='lat' dir='ltr'><strong>qua:</strong></span> <span class='ocrx_word' id='word_1_459' title='bbox 632 2978 802 3033; x_wconf 90' lang='lat' dir='ltr'><strong>etiam</strong></span> <span class='ocrx_word' id='word_1_460' title='bbox 849 2977 1267 3047; x_wconf 82' lang='lat' dir='ltr'><strong>haudquaquam</strong></span> <span class='ocrx_word' id='word_1_461' title='bbox 1317 2976 1647 3046; x_wconf 69' lang='lat' dir='ltr'><strong>negligenda:</strong></span> <span class='ocrx_word' id='word_1_462' title='bbox 1681 2987 1830 3043; x_wconf 84' lang='lat' dir='ltr'><strong>sunt,</strong></span> <span class='ocrx_word' id='word_1_463' title='bbox 1881 2992 2060 3046; x_wconf 88' lang='lat' dir='ltr'><strong>neque</strong></span> 
     </span>
    </p>
   </div>
   <div class='ocr_carea' id='block_1_63' title="bbox 2165 2976 3718 3072">
    <p class='ocr_par' dir='ltr' id='par_1_63' title="bbox 2167 2977 3718 3053">
     <span class='ocr_line' id='line_1_63' title="bbox 2167 2977 3718 3053; baseline 0 -21"><span class='ocrx_word' id='word_1_464' title='bbox 2167 2979 2290 3032; x_wconf 82' lang='grc' dir='ltr'><strong>οὐδὲ</strong></span> <span class='ocrx_word' id='word_1_465' title='bbox 2317 2979 2489 3032; x_wconf 79' lang='grc' dir='ltr'>ταῦτα</span> <span class='ocrx_word' id='word_1_466' title='bbox 2535 2977 2664 3043; x_wconf 77' lang='grc' dir='ltr'>ἄξια</span> <span class='ocrx_word' id='word_1_467' title='bbox 2702 2978 3185 3049; x_wconf 83' lang='grc' dir='ltr'>καταφρονεῖσθαι.</span> <span class='ocrx_word' id='word_1_468' title='bbox 3217 2980 3349 3034; x_wconf 76' lang='grc' dir='ltr'>οὐδὲ</span> <span class='ocrx_word' id='word_1_469' title='bbox 3375 2980 3622 3053; x_wconf 74' lang='grc' dir='ltr'>ἀπορρεῖν</span> <span class='ocrx_word' id='word_1_470' title='bbox 3652 2978 3718 3047; x_wconf 76' lang='grc' dir='ltr'>τῷ</span> 
     </span>
    </p>
   </div>
   <div class='ocr_carea' id='block_1_64' title="bbox 482 3068 2065 3142">
    <p class='ocr_par' dir='ltr' id='par_1_64' title="bbox 482 3069 2056 3142">
     <span class='ocr_line' id='line_1_64' title="bbox 482 3069 2056 3142; baseline 0 -16"><span class='ocrx_word' id='word_1_471' title='bbox 482 3073 658 3142; x_wconf 81' lang='lat' dir='ltr'><strong>digna:</strong></span> <span class='ocrx_word' id='word_1_472' title='bbox 681 3079 743 3125; x_wconf 79' lang='lat' dir='ltr'><strong>ut</strong></span> <span class='ocrx_word' id='word_1_473' title='bbox 764 3077 1008 3138; x_wconf 87' lang='lat' dir='ltr'><strong>pereant,</strong></span> <span class='ocrx_word' id='word_1_474' title='bbox 1032 3070 1176 3136; x_wconf 88' lang='lat' dir='ltr'><strong>quod</strong></span> <span class='ocrx_word' id='word_1_475' title='bbox 1200 3083 1322 3123; x_wconf 88' lang='lat' dir='ltr'><strong>cum</strong></span> <span class='ocrx_word' id='word_1_476' title='bbox 1347 3069 1647 3123; x_wconf 85' lang='lat' dir='ltr'><strong>intentione</strong></span> <span class='ocrx_word' id='word_1_477' title='bbox 1671 3070 1838 3124; x_wconf 89' lang='lat' dir='ltr'><strong>etiam</strong></span> <span class='ocrx_word' id='word_1_478' title='bbox 1870 3072 1935 3125; x_wconf 89' lang='lat' dir='ltr'><strong>ad</strong></span> <span class='ocrx_word' id='word_1_479' title='bbox 1960 3069 2056 3126; x_wconf 85' lang='lat' dir='ltr'><strong>Dei</strong></span> 
     </span>
    </p>
   </div>
   <div class='ocr_carea' id='block_1_65' title="bbox 2165 3068 3622 3142">
    <p class='ocr_par' dir='ltr' id='par_1_65' title="bbox 2172 3068 3622 3141">
     <span class='ocr_line' id='line_1_65' title="bbox 2172 3068 3622 3141; baseline -0.001 -18"><span class='ocrx_word' id='word_1_480' title='bbox 2172 3070 2309 3140; x_wconf 85' lang='grc' dir='ltr'>μετὰ</span> <span class='ocrx_word' id='word_1_481' title='bbox 2340 3069 2615 3141; x_wconf 81' lang='grc' dir='ltr'>προσοχῆς</span> <span class='ocrx_word' id='word_1_482' title='bbox 2644 3069 2741 3124; x_wconf 78' lang='grc' dir='ltr'>καὶ</span> <span class='ocrx_word' id='word_1_483' title='bbox 2765 3071 2844 3134; x_wconf 75' lang='grc' dir='ltr'><strong>είς</strong></span> <span class='ocrx_word' id='word_1_484' title='bbox 2877 3069 3035 3135; x_wconf 79' lang='grc' dir='ltr'>δόξαν</span> <span class='ocrx_word' id='word_1_485' title='bbox 3056 3068 3193 3125; x_wconf 82' lang='grc' dir='ltr'>Θεοῦ</span> <span class='ocrx_word' id='word_1_486' title='bbox 3223 3072 3406 3126; x_wconf 81' lang='grc' dir='ltr'>πάντα</span> <span class='ocrx_word' id='word_1_487' title='bbox 3444 3072 3622 3124; x_wconf 84' lang='grc' dir='ltr'>ποιεῖν.</span> 
     </span>
    </p>
   </div>
   <div class='ocr_carea' id='block_1_66' title="bbox 482 3158 1100 3234">
    <p class='ocr_par' dir='ltr' id='par_1_66' title="bbox 482 3158 1100 3234">
     <span class='ocr_line' id='line_1_66' title="bbox 482 3158 1100 3234; baseline -0.006 -15"><span class='ocrx_word' id='word_1_488' title='bbox 482 3164 710 3234; x_wconf 85' lang='lat' dir='ltr'><strong>gloriam</strong></span> <span class='ocrx_word' id='word_1_489' title='bbox 741 3160 921 3217; x_wconf 89' lang='lat' dir='ltr'><strong>omnia</strong></span> <span class='ocrx_word' id='word_1_490' title='bbox 951 3158 1100 3215; x_wconf 79' lang='lat' dir='ltr'><strong>ﬁant.</strong></span> 
     </span>
    </p>
   </div>
   <div class='ocr_carea' id='block_1_67' title="bbox 552 3247 2057 3319">
    <p class='ocr_par' dir='ltr' id='par_1_67' title="bbox 552 3247 2057 3319">
     <span class='ocr_line' id='line_1_67' title="bbox 552 3247 2057 3319; baseline -0.002 -13"><span class='ocrx_word' id='word_1_491' title='bbox 552 3250 805 3308; x_wconf 80' lang='lat' dir='ltr'><strong>Nonnulli</strong></span> <span class='ocrx_word' id='word_1_492' title='bbox 859 3255 1229 3319; x_wconf 88' lang='lat' dir='ltr'><strong>apposuerunt</strong></span> <span class='ocrx_word' id='word_1_493' title='bbox 1274 3247 1402 3300; x_wconf 89' lang='lat' dir='ltr'><strong>illud</strong></span> <span class='ocrx_word' id='word_1_494' title='bbox 1449 3247 1767 3312; x_wconf 85' lang='lat' dir='ltr'><strong>secundum,</strong></span> <span class='ocrx_word' id='word_1_495' title='bbox 1815 3263 1920 3301; x_wconf 85' lang='lat' dir='ltr'><strong>non</strong></span> <span class='ocrx_word' id='word_1_496' title='bbox 1961 3249 2057 3304; x_wconf 80' lang='lat' dir='ltr'><strong>sic.</strong></span> 
     </span>
    </p>
   </div>
   <div class='ocr_carea' id='block_1_68' title="bbox 486 3339 2061 3409">
    <p class='ocr_par' dir='ltr' id='par_1_68' title="bbox 486 3339 2061 3409">
     <span class='ocr_line' id='line_1_68' title="bbox 486 3339 2061 3409; baseline -0.004 -8"><span class='ocrx_word' id='word_1_497' title='bbox 486 3343 594 3401; x_wconf 86' lang='lat' dir='ltr'><strong>Sed</strong></span> <span class='ocrx_word' id='word_1_498' title='bbox 619 3360 720 3399; x_wconf 89' lang='lat' dir='ltr'><strong>nec</strong></span> <span class='ocrx_word' id='word_1_499' title='bbox 763 3342 1065 3397; x_wconf 85' lang='lat' dir='ltr'><strong>Hebraieus</strong></span> <span class='ocrx_word' id='word_1_500' title='bbox 1094 3348 1274 3395; x_wconf 79' lang='lat' dir='ltr'><strong>textus</strong></span> <span class='ocrx_word' id='word_1_501' title='bbox 1295 3340 1345 3393; x_wconf 91' lang='lat' dir='ltr'><strong>id</strong></span> <span class='ocrx_word' id='word_1_502' title='bbox 1376 3339 1558 3403; x_wconf 87' lang='lat' dir='ltr'><strong>habet,</strong></span> <span class='ocrx_word' id='word_1_503' title='bbox 1586 3353 1761 3406; x_wconf 89' lang='lat' dir='ltr'><strong>neque</strong></span> <span class='ocrx_word' id='word_1_504' title='bbox 1776 3340 2061 3409; x_wconf 86' lang='lat' dir='ltr'><strong>quisquam</strong></span> 
     </span>
    </p>
   </div>
   <div class='ocr_carea' id='block_1_69' title="bbox 482 3430 2062 3506">
    <p class='ocr_par' dir='ltr' id='par_1_69' title="bbox 482 3430 2062 3506">
     <span class='ocr_line' id='line_1_69' title="bbox 482 3430 2062 3506; baseline -0.005 -14"><span class='ocrx_word' id='word_1_505' title='bbox 482 3439 837 3506; x_wconf 88' lang='lat' dir='ltr'><strong>interpretum</strong></span> <span class='ocrx_word' id='word_1_506' title='bbox 904 3446 1034 3487; x_wconf 77' lang='lat' dir='ltr'><strong>usus</strong></span> <span class='ocrx_word' id='word_1_507' title='bbox 1062 3442 1151 3487; x_wconf 88' lang='lat' dir='ltr'><strong>est</strong></span> <span class='ocrx_word' id='word_1_508' title='bbox 1192 3430 1495 3486; x_wconf 87' lang='lat' dir='ltr'><strong>istiusmodi</strong></span> <span class='ocrx_word' id='word_1_509' title='bbox 1546 3430 1799 3485; x_wconf 88' lang='lat' dir='ltr'><strong>dictionis</strong></span> <span class='ocrx_word' id='word_1_510' title='bbox 1864 3431 2062 3499; x_wconf 84' lang='lat' dir='ltr'><strong>repeti-</strong></span> 
     </span>
    </p>
   </div>
   <div class='ocr_carea' id='block_1_70' title="bbox 484 3536 2055 3680">
    <p class='ocr_par' dir='ltr' id='par_1_70' title="bbox 484 3536 2055 3680">
     <span class='ocr_line' id='line_1_70' title="bbox 484 3536 2055 3680; baseline -0.006 -10"><span class='ocrx_word' id='word_1_511' title='bbox 484 3536 719 3670; x_wconf 45' lang='lat' dir='ltr'><strong>&quot;0321‘s.</strong></span> <span class='ocrx_word' id='word_1_512' title='bbox 745 3615 798 3669; x_wconf 82' lang='lat'><strong>&#39;5.</strong></span> <span class='ocrx_word' id='word_1_513' title='bbox 828 3631 846 3664; x_wconf 78' lang='grc' dir='ltr'><strong>ι</strong></span> <span class='ocrx_word' id='word_1_514' title='bbox 871 3611 993 3665; x_wconf 87' lang='lat' dir='ltr'><strong>Filii</strong></span> <span class='ocrx_word' id='word_1_515' title='bbox 1012 3610 1312 3676; x_wconf 87' lang='lat' dir='ltr'><strong>hominum,</strong></span> <span class='ocrx_word' id='word_1_516' title='bbox 1335 3623 1616 3680; x_wconf 84' lang='lat' dir='ltr'><strong>usquequo</strong></span> <span class='ocrx_word' id='word_1_517' title='bbox 1637 3609 1785 3680; x_wconf 80' lang='lat' dir='ltr'><strong>gravi</strong></span> <span class='ocrx_word' id='word_1_518' title='bbox 1805 3608 2008 3665; x_wconf 81' lang='lat' dir='ltr'><strong>corde?</strong></span> <span class='ocrx_word' id='word_1_519' title='bbox 2034 3626 2055 3661; x_wconf 71' lang='grc' dir='ltr'><strong>ι</strong></span> 
     </span>
    </p>
   </div>
   <div class='ocr_carea' id='block_1_71' title="bbox 555 3702 2061 3773">
    <p class='ocr_par' dir='ltr' id='par_1_71' title="bbox 555 3702 2061 3773">
     <span class='ocr_line' id='line_1_71' title="bbox 555 3702 2061 3773; baseline -0.003 -11"><span class='ocrx_word' id='word_1_520' title='bbox 555 3708 713 3773; x_wconf 89' lang='lat' dir='ltr'><strong>Illud,</strong></span> <span class='ocrx_word' id='word_1_521' title='bbox 736 3703 869 3757; x_wconf 78' lang='lat' dir='ltr'><strong>Filii</strong></span> <span class='ocrx_word' id='word_1_522' title='bbox 895 3703 1189 3765; x_wconf 76' lang='lat' dir='ltr'><strong>hominum,</strong></span> <span class='ocrx_word' id='word_1_523' title='bbox 1219 3703 1430 3769; x_wconf 85' lang='lat' dir='ltr'><strong>putabit</strong></span> <span class='ocrx_word' id='word_1_524' title='bbox 1452 3702 1650 3773; x_wconf 87' lang='lat' dir='ltr'><strong>aliquis</strong></span> <span class='ocrx_word' id='word_1_525' title='bbox 1669 3704 2061 3773; x_wconf 87' lang='lat' dir='ltr'><strong>periphrastiee</strong></span> 
     </span>
    </p>
   </div>
   <div class='ocr_carea' id='block_1_72' title="bbox 481 3793 2043 3865">
    <p class='ocr_par' dir='ltr' id='par_1_72' title="bbox 481 3793 2043 3865">
     <span class='ocr_line' id='line_1_72' title="bbox 481 3793 2043 3865; baseline -0.003 -10"><span class='ocrx_word' id='word_1_526' title='bbox 481 3802 707 3865; x_wconf 88' lang='lat' dir='ltr'><strong>dictum,</strong></span> <span class='ocrx_word' id='word_1_527' title='bbox 737 3798 810 3851; x_wconf 92' lang='lat' dir='ltr'><strong>uti</strong></span> <span class='ocrx_word' id='word_1_528' title='bbox 832 3809 952 3850; x_wconf 93' lang='lat' dir='ltr'><strong>mos</strong></span> <span class='ocrx_word' id='word_1_529' title='bbox 970 3804 1052 3849; x_wconf 90' lang='lat' dir='ltr'><strong>est</strong></span> <span class='ocrx_word' id='word_1_530' title='bbox 1074 3793 1280 3849; x_wconf 70' lang='lat' dir='ltr'><strong>Graecis</strong></span> <span class='ocrx_word' id='word_1_531' title='bbox 1307 3794 1488 3850; x_wconf 81' lang='lat' dir='ltr'><strong>dicere</strong></span> <span class='ocrx_word' id='word_1_532' title='bbox 1514 3816 1526 3850; x_wconf 89' lang='lat'><strong>:</strong></span> <span class='ocrx_word' id='word_1_533' title='bbox 1554 3794 1684 3849; x_wconf 84' lang='lat' dir='ltr'><strong>Filii</strong></span> <span class='ocrx_word' id='word_1_534' title='bbox 1711 3796 2043 3851; x_wconf 75' lang='lat' dir='ltr'><strong>Achirorum.</strong></span> 
     </span>
    </p>
   </div>
   <div class='ocr_carea' id='block_1_73' title="bbox 481 3888 2058 3959">
    <p class='ocr_par' dir='ltr' id='par_1_73' title="bbox 481 3888 2058 3959">
     <span class='ocr_line' id='line_1_73' title="bbox 481 3888 2058 3959; baseline 0.001 -14"><span class='ocrx_word' id='word_1_535' title='bbox 481 3892 586 3947; x_wconf 86' lang='lat' dir='ltr'><strong>Alii</strong></span> <span class='ocrx_word' id='word_1_536' title='bbox 624 3902 753 3945; x_wconf 79' lang='lat' dir='ltr'><strong>vero</strong></span> <span class='ocrx_word' id='word_1_537' title='bbox 784 3904 812 3942; x_wconf 88' lang='lat' dir='ltr'><strong>a</strong></span> <span class='ocrx_word' id='word_1_538' title='bbox 851 3888 1132 3943; x_wconf 86' lang='lat' dir='ltr'><strong>Salvatore</strong></span> <span class='ocrx_word' id='word_1_539' title='bbox 1184 3898 1399 3957; x_wconf 89' lang='lat' dir='ltr'><strong>sumpto</strong></span> <span class='ocrx_word' id='word_1_540' title='bbox 1449 3889 1698 3955; x_wconf 83' lang='lat' dir='ltr'><strong>exordio,</strong></span> <span class='ocrx_word' id='word_1_541' title='bbox 1738 3890 1831 3959; x_wconf 89' lang='lat' dir='ltr'><strong>qui</strong></span> <span class='ocrx_word' id='word_1_542' title='bbox 1873 3890 2058 3947; x_wconf 88' lang='lat' dir='ltr'><strong>multis</strong></span> 
     </span>
    </p>
   </div>
   <div class='ocr_carea' id='block_1_74' title="bbox 483 3980 2055 4049">
    <p class='ocr_par' dir='ltr' id='par_1_74' title="bbox 483 3980 2055 4049">
     <span class='ocr_line' id='line_1_74' title="bbox 483 3980 2055 4049; baseline -0.002 -11"><span class='ocrx_word' id='word_1_543' title='bbox 483 3984 618 4037; x_wconf 90' lang='lat' dir='ltr'><strong>locis</strong></span> <span class='ocrx_word' id='word_1_544' title='bbox 644 3980 818 4036; x_wconf 80' lang='lat' dir='ltr'><strong>Filius</strong></span> <span class='ocrx_word' id='word_1_545' title='bbox 843 3981 1078 4035; x_wconf 88' lang='lat' dir='ltr'><strong>hominis</strong></span> <span class='ocrx_word' id='word_1_546' title='bbox 1101 3991 1445 4049; x_wconf 84' lang='lat' dir='ltr'><strong>nuncupatus</strong></span> <span class='ocrx_word' id='word_1_547' title='bbox 1463 3990 1567 4044; x_wconf 85' lang='lat' dir='ltr'><strong>est,</strong></span> <span class='ocrx_word' id='word_1_548' title='bbox 1593 3982 1860 4037; x_wconf 87' lang='lat' dir='ltr'><strong>rationem</strong></span> <span class='ocrx_word' id='word_1_549' title='bbox 1889 3984 2055 4037; x_wconf 89' lang='lat' dir='ltr'><strong>etiam</strong></span> 
     </span>
    </p>
   </div>
   <div class='ocr_carea' id='block_1_75' title="bbox 483 4071 2055 4142">
    <p class='ocr_par' dir='ltr' id='par_1_75' title="bbox 483 4071 2055 4142">
     <span class='ocr_line' id='line_1_75' title="bbox 483 4071 2055 4142; baseline 0.001 -17"><span class='ocrx_word' id='word_1_550' title='bbox 483 4072 812 4140; x_wconf 78' lang='lat' dir='ltr'><strong>investigare</strong></span> <span class='ocrx_word' id='word_1_551' title='bbox 842 4072 1023 4125; x_wconf 83' lang='lat' dir='ltr'><strong>volent</strong></span> <span class='ocrx_word' id='word_1_552' title='bbox 1059 4072 1126 4125; x_wconf 92' lang='lat' dir='ltr'><strong>de</strong></span> <span class='ocrx_word' id='word_1_553' title='bbox 1159 4071 1372 4125; x_wconf 58' lang='lat' dir='ltr'><strong>exteris</strong></span> <span class='ocrx_word' id='word_1_554' title='bbox 1417 4071 1724 4127; x_wconf 86' lang='lat' dir='ltr'><strong>hominibus</strong></span> <span class='ocrx_word' id='word_1_555' title='bbox 1753 4112 1770 4138; x_wconf 91' lang='lat'><strong>,</strong></span> <span class='ocrx_word' id='word_1_556' title='bbox 1803 4072 1895 4142; x_wconf 88' lang='lat' dir='ltr'><strong>qui</strong></span> <span class='ocrx_word' id='word_1_557' title='bbox 1948 4088 2055 4128; x_wconf 90' lang='lat' dir='ltr'><strong>non</strong></span> 
     </span>
    </p>
   </div>
   <div class='ocr_carea' id='block_1_76' title="bbox 483 4161 2053 4232">
    <p class='ocr_par' dir='ltr' id='par_1_76' title="bbox 483 4161 2053 4232">
     <span class='ocr_line' id='line_1_76' title="bbox 483 4161 2053 4232; baseline -0.001 -13"><span class='ocrx_word' id='word_1_558' title='bbox 483 4164 726 4219; x_wconf 89' lang='lat' dir='ltr'><strong>absolute</strong></span> <span class='ocrx_word' id='word_1_559' title='bbox 756 4175 1135 4232; x_wconf 81' lang='lat' dir='ltr'><strong>saepenumero</strong></span> <span class='ocrx_word' id='word_1_560' title='bbox 1183 4161 1437 4216; x_wconf 86' lang='lat' dir='ltr'><strong>dicuntur</strong></span> <span class='ocrx_word' id='word_1_561' title='bbox 1470 4162 1562 4216; x_wconf 87' lang='lat' dir='ltr'><strong>lilii</strong></span> <span class='ocrx_word' id='word_1_562' title='bbox 1596 4162 1874 4217; x_wconf 87' lang='lat' dir='ltr'><strong>hominum</strong></span> <span class='ocrx_word' id='word_1_563' title='bbox 1911 4179 2053 4217; x_wconf 90' lang='lat' dir='ltr'><strong>nun-</strong></span> 
     </span>
    </p>
   </div>
   <div class='ocr_carea' id='block_1_77' title="bbox 481 4252 2056 4326">
    <p class='ocr_par' dir='ltr' id='par_1_77' title="bbox 481 4252 2056 4326">
     <span class='ocr_line' id='line_1_77' title="bbox 481 4252 2056 4326; baseline -0.001 -15"><span class='ocrx_word' id='word_1_564' title='bbox 481 4255 685 4326; x_wconf 88' lang='lat' dir='ltr'><strong>cupati.</strong></span> <span class='ocrx_word' id='word_1_565' title='bbox 720 4252 1225 4318; x_wconf 79' lang='lat' dir='ltr'><strong>Verumenimvero,</strong></span> <span class='ocrx_word' id='word_1_566' title='bbox 1288 4254 1464 4322; x_wconf 89' lang='lat' dir='ltr'><strong>quoad</strong></span> <span class='ocrx_word' id='word_1_567' title='bbox 1519 4252 1854 4310; x_wconf 84' lang='lat' dir='ltr'><strong>Salvatorem</strong></span> <span class='ocrx_word' id='word_1_568' title='bbox 1885 4256 2056 4309; x_wconf 82' lang='lat' dir='ltr'><strong>haud-</strong></span> 
     </span>
    </p>
   </div>
   <div class='ocr_carea' id='block_1_78' title="bbox 2239 3246 3714 3320">
    <p class='ocr_par' dir='ltr' id='par_1_78' title="bbox 2239 3246 3714 3320">
     <span class='ocr_line' id='line_1_78' title="bbox 2239 3246 3714 3320; baseline -0.002 -17"><span class='ocrx_word' id='word_1_569' title='bbox 2239 3249 2395 3312; x_wconf 80' lang='grc' dir='ltr'>Τινὲς</span> <span class='ocrx_word' id='word_1_570' title='bbox 2419 3248 2776 3320; x_wconf 80' lang='grc' dir='ltr'>προστιθέασι</span> <span class='ocrx_word' id='word_1_571' title='bbox 2807 3250 3059 3320; x_wconf 75' lang='grc' dir='ltr'>δεύτερον</span> <span class='ocrx_word' id='word_1_572' title='bbox 3083 3249 3151 3304; x_wconf 61' lang='lat' dir='ltr'><strong>ca</strong></span> <span class='ocrx_word' id='word_1_573' title='bbox 3187 3251 3381 3319; x_wconf 79' lang='grc' dir='ltr'>οὕτως</span> <span class='ocrx_word' id='word_1_574' title='bbox 3402 3269 3418 3282; x_wconf 91' lang='grc'><strong>·</strong></span> <span class='ocrx_word' id='word_1_575' title='bbox 3447 3248 3561 3303; x_wconf 71' lang='grc' dir='ltr'>οὔτε</span> <span class='ocrx_word' id='word_1_576' title='bbox 3584 3246 3636 3301; x_wconf 75' lang='grc' dir='ltr'>δι</span> <span class='ocrx_word' id='word_1_577' title='bbox 3656 3247 3714 3300; x_wconf 79' lang='grc' dir='ltr'><strong>τὸ</strong></span> 
     </span>
    </p>
   </div>
   <div class='ocr_carea' id='block_1_79' title="bbox 2177 3339 3711 3414">
    <p class='ocr_par' dir='ltr' id='par_1_79' title="bbox 2177 3339 3711 3414">
     <span class='ocr_line' id='line_1_79' title="bbox 2177 3339 3711 3414; baseline -0.001 -20"><span class='ocrx_word' id='word_1_578' title='bbox 2177 3339 2471 3411; x_wconf 78' lang='grc' dir='ltr'>Ἐὃραῖκδν</span> <span class='ocrx_word' id='word_1_579' title='bbox 2499 3339 2613 3411; x_wconf 70' lang='grc' dir='ltr'>ἔχει</span> <span class='ocrx_word' id='word_1_580' title='bbox 2654 3341 2786 3395; x_wconf 81' lang='grc' dir='ltr'>αὐτὸ</span> <span class='ocrx_word' id='word_1_581' title='bbox 2808 3380 2825 3405; x_wconf 91' lang='grc'><strong>,</strong></span> <span class='ocrx_word' id='word_1_582' title='bbox 2856 3340 2983 3394; x_wconf 78' lang='grc' dir='ltr'>οὔτε</span> <span class='ocrx_word' id='word_1_583' title='bbox 3020 3358 3109 3405; x_wconf 83' lang='grc' dir='ltr'><strong>τις</strong></span> <span class='ocrx_word' id='word_1_584' title='bbox 3147 3341 3259 3396; x_wconf 81' lang='grc' dir='ltr'><strong>τῶν</strong></span> <span class='ocrx_word' id='word_1_585' title='bbox 3295 3339 3711 3414; x_wconf 68' lang='grc' dir='ltr'>ἑρμηνευσόντων</span> 
     </span>
    </p>
   </div>
   <div class='ocr_carea' id='block_1_80' title="bbox 2165 3433 3423 3505">
    <p class='ocr_par' dir='ltr' id='par_1_80' title="bbox 2165 3433 3423 3505">
     <span class='ocr_line' id='line_1_80' title="bbox 2165 3433 3423 3505; baseline 0.003 -20"><span class='ocrx_word' id='word_1_586' title='bbox 2165 3433 2438 3503; x_wconf 71' lang='grc' dir='ltr'>ἐχρήσατο</span> <span class='ocrx_word' id='word_1_587' title='bbox 2471 3437 2538 3502; x_wconf 84' lang='grc' dir='ltr'><strong>τῇ</strong></span> <span class='ocrx_word' id='word_1_588' title='bbox 2567 3433 2740 3504; x_wconf 80' lang='grc' dir='ltr'>ταύτῃ</span> <span class='ocrx_word' id='word_1_589' title='bbox 2777 3433 3045 3505; x_wconf 79' lang='grc' dir='ltr'>ἀναλήψει</span> <span class='ocrx_word' id='word_1_590' title='bbox 3075 3434 3176 3505; x_wconf 83' lang='grc' dir='ltr'>τῆς</span> <span class='ocrx_word' id='word_1_591' title='bbox 3204 3435 3423 3500; x_wconf 72' lang='grc' dir='ltr'>λέξεως.</span> 
     </span>
    </p>
   </div>
   <div class='ocr_carea' id='block_1_81' title="bbox 2238 3613 3519 3688">
    <p class='ocr_par' dir='ltr' id='par_1_81' title="bbox 2238 3613 3519 3688">
     <span class='ocr_line' id='line_1_81' title="bbox 2238 3613 3519 3688; baseline 0 -23"><span class='ocrx_word' id='word_1_592' title='bbox 2238 3630 2259 3665; x_wconf 77' lang='grc' dir='ltr'><strong>ι</strong></span> <span class='ocrx_word' id='word_1_593' title='bbox 2292 3614 2416 3668; x_wconf 73' lang='grc' dir='ltr'>Υίοὶ</span> <span class='ocrx_word' id='word_1_594' title='bbox 2447 3613 2771 3686; x_wconf 83' lang='grc' dir='ltr'>ἀνθρώπων,</span> <span class='ocrx_word' id='word_1_595' title='bbox 2798 3614 2905 3678; x_wconf 71' lang='grc' dir='ltr'>ἕως</span> <span class='ocrx_word' id='word_1_596' title='bbox 2932 3614 3065 3669; x_wconf 88' lang='grc' dir='ltr'>πότε</span> <span class='ocrx_word' id='word_1_597' title='bbox 3084 3615 3472 3688; x_wconf 81' lang='grc' dir='ltr'>βαρυκάρδιοι;</span> <span class='ocrx_word' id='word_1_598' title='bbox 3500 3631 3519 3665; x_wconf 77' lang='grc' dir='ltr'><strong>ι</strong></span> 
     </span>
    </p>
   </div>
   <div class='ocr_carea' id='block_1_82' title="bbox 2241 3705 3705 3778">
    <p class='ocr_par' dir='ltr' id='par_1_82' title="bbox 2241 3705 3705 3778">
     <span class='ocr_line' id='line_1_82' title="bbox 2241 3705 3705 3778; baseline -0.004 -19"><span class='ocrx_word' id='word_1_599' title='bbox 2241 3705 2334 3770; x_wconf 82' lang='grc' dir='ltr'><strong>Τὸ,</strong></span> <span class='ocrx_word' id='word_1_600' title='bbox 2369 3706 2489 3762; x_wconf 81' lang='grc' dir='ltr'>Υίοί</span> <span class='ocrx_word' id='word_1_601' title='bbox 2510 3706 2859 3773; x_wconf 82' lang='grc' dir='ltr'>ἀνθρώπων,</span> <span class='ocrx_word' id='word_1_602' title='bbox 2892 3709 2922 3759; x_wconf 83' lang='grc' dir='ltr'><strong>ὁ</strong></span> <span class='ocrx_word' id='word_1_603' title='bbox 2951 3707 3051 3777; x_wconf 88' lang='grc' dir='ltr'>μέν</span> <span class='ocrx_word' id='word_1_604' title='bbox 3078 3724 3162 3770; x_wconf 85' lang='grc' dir='ltr'><strong>τις</strong></span> <span class='ocrx_word' id='word_1_605' title='bbox 3190 3708 3436 3778; x_wconf 77' lang='grc' dir='ltr'>οἰήσεται</span> <span class='ocrx_word' id='word_1_606' title='bbox 3464 3718 3705 3776; x_wconf 82' lang='grc' dir='ltr'>περιφρα-</span> 
     </span>
    </p>
   </div>
   <div class='ocr_carea' id='block_1_83' title="bbox 2164 3790 3698 3866">
    <p class='ocr_par' dir='ltr' id='par_1_83' title="bbox 2164 3790 3698 3866">
     <span class='ocr_line' id='line_1_83' title="bbox 2164 3790 3698 3866; baseline -0.001 -18"><span class='ocrx_word' id='word_1_607' title='bbox 2164 3795 2366 3859; x_wconf 86' lang='grc' dir='ltr'>στικῶς</span> <span class='ocrx_word' id='word_1_608' title='bbox 2393 3794 2669 3866; x_wconf 80' lang='grc' dir='ltr'>εἰρῆσθαι,</span> <span class='ocrx_word' id='word_1_609' title='bbox 2685 3794 2761 3858; x_wconf 82' lang='grc' dir='ltr'><strong>ὡς</strong></span> <span class='ocrx_word' id='word_1_610' title='bbox 2775 3796 2871 3849; x_wconf 80' lang='grc' dir='ltr'>καὶ</span> <span class='ocrx_word' id='word_1_611' title='bbox 2887 3795 3146 3866; x_wconf 85' lang='grc' dir='ltr'>Ἕλλησιν</span> <span class='ocrx_word' id='word_1_612' title='bbox 3161 3794 3305 3860; x_wconf 72' lang='grc' dir='ltr'>ἔθος·</span> <span class='ocrx_word' id='word_1_613' title='bbox 3322 3791 3452 3862; x_wconf 66' lang='lat' dir='ltr'><strong>Nec</strong></span> <span class='ocrx_word' id='word_1_614' title='bbox 3464 3790 3698 3862; x_wconf 71' lang='grc' dir='ltr'><strong>’Δχαιῶν-</strong></span> 
     </span>
    </p>
   </div>
   <div class='ocr_carea' id='block_1_84' title="bbox 2162 3878 3699 3959">
    <p class='ocr_par' dir='ltr' id='par_1_84' title="bbox 2162 3878 3699 3959">
     <span class='ocr_line' id='line_1_84' title="bbox 2162 3878 3699 3959; baseline -0.007 -17"><span class='ocrx_word' id='word_1_615' title='bbox 2162 3888 2380 3959; x_wconf 85' lang='grc' dir='ltr'>’Έτεροι</span> <span class='ocrx_word' id='word_1_616' title='bbox 2407 3887 2466 3941; x_wconf 79' lang='grc' dir='ltr'><strong>δὲ</strong></span> <span class='ocrx_word' id='word_1_617' title='bbox 2500 3888 2609 3941; x_wconf 81' lang='grc' dir='ltr'><strong>ἀπὸ</strong></span> <span class='ocrx_word' id='word_1_618' title='bbox 2652 3887 2749 3940; x_wconf 81' lang='grc' dir='ltr'>τοῦ</span> <span class='ocrx_word' id='word_1_619' title='bbox 2783 3887 3036 3958; x_wconf 81' lang='grc' dir='ltr'>Σωτῆρος</span> <span class='ocrx_word' id='word_1_620' title='bbox 3083 3887 3390 3959; x_wconf 76' lang='grc' dir='ltr'>ἀρξάμενοι</span> <span class='ocrx_word' id='word_1_621' title='bbox 3410 3928 3427 3954; x_wconf 84' lang='grc'><strong>,</strong></span> <span class='ocrx_word' id='word_1_622' title='bbox 3469 3878 3699 3951; x_wconf 81' lang='grc' dir='ltr'>πολλαχοῦ</span> 
     </span>
    </p>
   </div>
   <div class='ocr_carea' id='block_1_85' title="bbox 2159 3976 3701 4051">
    <p class='ocr_par' dir='ltr' id='par_1_85' title="bbox 2159 3976 3701 4051">
     <span class='ocr_line' id='line_1_85' title="bbox 2159 3976 3701 4051; baseline -0.008 -15"><span class='ocrx_word' id='word_1_623' title='bbox 2159 3980 2589 4051; x_wconf 80' lang='grc' dir='ltr'>χρηματίζοντος</span> <span class='ocrx_word' id='word_1_624' title='bbox 2613 3979 2746 4033; x_wconf 83' lang='grc' dir='ltr'><strong>Υίοῦ</strong></span> <span class='ocrx_word' id='word_1_625' title='bbox 2771 3979 3088 4050; x_wconf 82' lang='grc' dir='ltr'>ἀνθρώπου,</span> <span class='ocrx_word' id='word_1_626' title='bbox 3114 3980 3213 4051; x_wconf 85' lang='grc' dir='ltr'>τὴν</span> <span class='ocrx_word' id='word_1_627' title='bbox 3238 3982 3424 4036; x_wconf 73' lang='grc' dir='ltr'>αἰτίαν</span> <span class='ocrx_word' id='word_1_628' title='bbox 3453 3976 3701 4050; x_wconf 81' lang='grc' dir='ltr'>βουλήσονο</span> 
     </span>
    </p>
   </div>
   <div class='ocr_carea' id='block_1_86' title="bbox 2161 4064 3700 4144">
    <p class='ocr_par' dir='ltr' id='par_1_86' title="bbox 2161 4064 3700 4144">
     <span class='ocr_line' id='line_1_86' title="bbox 2161 4064 3700 4144; baseline -0.007 -17"><span class='ocrx_word' id='word_1_629' title='bbox 2161 4090 2251 4127; x_wconf 89' lang='grc' dir='ltr'><strong>ται</strong></span> <span class='ocrx_word' id='word_1_630' title='bbox 2333 4070 2683 4142; x_wconf 77' lang='grc' dir='ltr'>ὲξιχνεῢσθαι</span> <span class='ocrx_word' id='word_1_631' title='bbox 2735 4071 2833 4127; x_wconf 71' lang='grc' dir='ltr'>καὶ</span> <span class='ocrx_word' id='word_1_632' title='bbox 2893 4074 3023 4143; x_wconf 79' lang='grc' dir='ltr'>περὶ</span> <span class='ocrx_word' id='word_1_633' title='bbox 3079 4072 3188 4126; x_wconf 85' lang='grc' dir='ltr'><strong>τῶν</strong></span> <span class='ocrx_word' id='word_1_634' title='bbox 3246 4071 3576 4144; x_wconf 82' lang='grc' dir='ltr'>ἀνθρώπων,</span> <span class='ocrx_word' id='word_1_635' title='bbox 3621 4064 3700 4131; x_wconf 79' lang='grc' dir='ltr'>οὐχ</span> 
     </span>
    </p>
   </div>
   <div class='ocr_carea' id='block_1_87' title="bbox 2157 4159 3699 4231">
    <p class='ocr_par' dir='ltr' id='par_1_87' title="bbox 2157 4159 3699 4231">
     <span class='ocr_line' id='line_1_87' title="bbox 2157 4159 3699 4231; baseline -0.004 -14"><span class='ocrx_word' id='word_1_636' title='bbox 2157 4161 2347 4226; x_wconf 83' lang='grc' dir='ltr'>ἁπλῶς</span> <span class='ocrx_word' id='word_1_637' title='bbox 2374 4162 2687 4231; x_wconf 81' lang='grc' dir='ltr'>λεγομένων</span> <span class='ocrx_word' id='word_1_638' title='bbox 2716 4161 2975 4224; x_wconf 80' lang='grc' dir='ltr'>πολλάκις</span> <span class='ocrx_word' id='word_1_639' title='bbox 3000 4159 3131 4214; x_wconf 82' lang='grc' dir='ltr'>υἱῶν</span> <span class='ocrx_word' id='word_1_640' title='bbox 3169 4160 3475 4231; x_wconf 80' lang='grc' dir='ltr'>ἀνθρώπων</span> <span class='ocrx_word' id='word_1_641' title='bbox 3518 4169 3699 4230; x_wconf 78' lang='grc' dir='ltr'>χρημα·</span> 
     </span>
    </p>
   </div>
   <div class='ocr_carea' id='block_1_88' title="bbox 2157 4252 3697 4324">
    <p class='ocr_par' dir='ltr' id='par_1_88' title="bbox 2157 4252 3697 4324">
     <span class='ocr_line' id='line_1_88' title="bbox 2157 4252 3697 4324; baseline -0.004 -16"><span class='ocrx_word' id='word_1_642' title='bbox 2157 4253 2439 4316; x_wconf 75' lang='grc' dir='ltr'>τιζόντων.</span> <span class='ocrx_word' id='word_1_643' title='bbox 2478 4254 2553 4306; x_wconf 84' lang='grc' dir='ltr'><strong>Οὐ</strong></span> <span class='ocrx_word' id='word_1_644' title='bbox 2575 4253 2746 4324; x_wconf 85' lang='grc' dir='ltr'>δήπου</span> <span class='ocrx_word' id='word_1_645' title='bbox 2777 4254 2885 4324; x_wconf 85' lang='grc' dir='ltr'>γὰρ</span> <span class='ocrx_word' id='word_1_646' title='bbox 2914 4253 3008 4306; x_wconf 75' lang='grc' dir='ltr'>καὶ</span> <span class='ocrx_word' id='word_1_647' title='bbox 3039 4254 3169 4323; x_wconf 78' lang='grc' dir='ltr'>περὶ</span> <span class='ocrx_word' id='word_1_648' title='bbox 3211 4252 3309 4306; x_wconf 81' lang='grc' dir='ltr'>τοῦ</span> <span class='ocrx_word' id='word_1_649' title='bbox 3348 4252 3586 4322; x_wconf 86' lang='grc' dir='ltr'>Σωτῆρος</span> <span class='ocrx_word' id='word_1_650' title='bbox 3616 4260 3697 4297; x_wconf 81' lang='grc' dir='ltr'><strong>πε·</strong></span> 
     </span>
    </p>
   </div>
   <div class='ocr_carea' id='block_1_89' title="bbox 480 4334 2065 4416">
    <p class='ocr_par' dir='ltr' id='par_1_89' title="bbox 480 4342 2053 4416">
     <span class='ocr_line' id='line_1_89' title="bbox 480 4342 2053 4416; baseline -0.001 -16"><span class='ocrx_word' id='word_1_651' title='bbox 480 4360 749 4416; x_wconf 87' lang='lat' dir='ltr'><strong>quaqnam</strong></span> <span class='ocrx_word' id='word_1_652' title='bbox 782 4342 947 4398; x_wconf 81' lang='lat' dir='ltr'><strong>fuerit</strong></span> <span class='ocrx_word' id='word_1_653' title='bbox 992 4342 1448 4412; x_wconf 89' lang='lat' dir='ltr'><strong>circumscriptio,</strong></span> <span class='ocrx_word' id='word_1_654' title='bbox 1482 4357 1605 4397; x_wconf 86' lang='lat' dir='ltr'><strong>cum</strong></span> <span class='ocrx_word' id='word_1_655' title='bbox 1630 4342 1797 4398; x_wconf 87' lang='lat' dir='ltr'><strong>Filius</strong></span> <span class='ocrx_word' id='word_1_656' title='bbox 1822 4344 2053 4400; x_wconf 88' lang='lat' dir='ltr'><strong>hominis</strong></span> 
     </span>
    </p>
   </div>
   <div class='ocr_carea' id='block_1_90' title="bbox 2165 4334 3694 4416">
    <p class='ocr_par' dir='ltr' id='par_1_90' title="bbox 2165 4334 3694 4415">
     <span class='ocr_line' id='line_1_90' title="bbox 2165 4334 3694 4415; baseline -0.004 -18"><span class='ocrx_word' id='word_1_657' title='bbox 2165 4345 2431 4415; x_wconf 59' lang='lat' dir='ltr'><strong>pitppact&#39;e</strong></span> <span class='ocrx_word' id='word_1_658' title='bbox 2455 4344 2522 4397; x_wconf 84' lang='grc' dir='ltr'>ἂν</span> <span class='ocrx_word' id='word_1_659' title='bbox 2553 4344 2641 4413; x_wconf 77' lang='grc' dir='ltr'>εἴη</span> <span class='ocrx_word' id='word_1_660' title='bbox 2686 4344 2749 4396; x_wconf 85' lang='grc' dir='ltr'>τὸ</span> <span class='ocrx_word' id='word_1_661' title='bbox 2799 4344 2929 4396; x_wconf 84' lang='grc' dir='ltr'>Υἱὺν</span> <span class='ocrx_word' id='word_1_662' title='bbox 2978 4344 3270 4414; x_wconf 80' lang='grc' dir='ltr'>ἀνθρώπου</span> <span class='ocrx_word' id='word_1_663' title='bbox 3312 4345 3473 4398; x_wconf 81' lang='grc' dir='ltr'>αὑτὸν</span> <span class='ocrx_word' id='word_1_664' title='bbox 3526 4334 3694 4406; x_wconf 75' lang='grc' dir='ltr'>ὀνομά-</span> 
     </span>
    </p>
   </div>
   <div class='ocr_carea' id='block_1_91' title="bbox 479 4433 2055 4498">
    <p class='ocr_par' dir='ltr' id='par_1_91' title="bbox 479 4433 2055 4498">
     <span class='ocr_line' id='line_1_91' title="bbox 479 4433 2055 4498; baseline -0.001 -7"><span class='ocrx_word' id='word_1_665' title='bbox 479 4438 810 4498; x_wconf 84' lang='lat' dir='ltr'><strong>nominatur.</strong></span> <span class='ocrx_word' id='word_1_666' title='bbox 870 4443 930 4489; x_wconf 90' lang='lat' dir='ltr'><strong>ut</strong></span> <span class='ocrx_word' id='word_1_667' title='bbox 978 4449 1100 4491; x_wconf 89' lang='lat' dir='ltr'><strong>cum</strong></span> <span class='ocrx_word' id='word_1_668' title='bbox 1157 4434 1400 4490; x_wconf 87' lang='lat' dir='ltr'><strong>dicitur:</strong></span> <span class='ocrx_word' id='word_1_669' title='bbox 1447 4433 1765 4488; x_wconf 78' lang='lat' dir='ltr'><strong>Potestatem</strong></span> <span class='ocrx_word' id='word_1_670' title='bbox 1816 4435 1964 4489; x_wconf 81' lang='lat' dir='ltr'><strong>dedit</strong></span> <span class='ocrx_word' id='word_1_671' title='bbox 2007 4437 2055 4490; x_wconf 85' lang='lat' dir='ltr'><strong>ei</strong></span> 
     </span>
    </p>
   </div>
   <div class='ocr_carea' id='block_1_92' title="bbox 477 4522 2052 4598">
    <p class='ocr_par' dir='ltr' id='par_1_92' title="bbox 477 4522 2052 4598">
     <span class='ocr_line' id='line_1_92' title="bbox 477 4522 2052 4598; baseline -0.003 -14"><span class='ocrx_word' id='word_1_672' title='bbox 477 4529 635 4584; x_wconf 79' lang='lat' dir='ltr'><strong>etiam</strong></span> <span class='ocrx_word' id='word_1_673' title='bbox 674 4529 942 4598; x_wconf 83' lang='lat' dir='ltr'><strong>judicium</strong></span> <span class='ocrx_word' id='word_1_674' title='bbox 994 4531 1188 4597; x_wconf 79' lang='lat' dir='ltr'><strong>facere,</strong></span> <span class='ocrx_word' id='word_1_675' title='bbox 1227 4527 1353 4595; x_wconf 88' lang='lat' dir='ltr'><strong>quia</strong></span> <span class='ocrx_word' id='word_1_676' title='bbox 1404 4522 1581 4579; x_wconf 83' lang='lat' dir='ltr'><strong>Filius</strong></span> <span class='ocrx_word' id='word_1_677' title='bbox 1626 4526 1852 4579; x_wconf 77' lang='lat' dir='ltr'><strong>hominis</strong></span> <span class='ocrx_word' id='word_1_678' title='bbox 1896 4526 2052 4580; x_wconf 71' lang='lat' dir='ltr'><strong>est”.</strong></span> 
     </span>
    </p>
   </div>
   <div class='ocr_carea' id='block_1_93' title="bbox 479 4617 2056 4690">
    <p class='ocr_par' dir='ltr' id='par_1_93' title="bbox 479 4617 2056 4690">
     <span class='ocr_line' id='line_1_93' title="bbox 479 4617 2056 4690; baseline -0.001 -15"><span class='ocrx_word' id='word_1_679' title='bbox 479 4621 666 4690; x_wconf 82' lang='lat' dir='ltr'><strong>itaque</strong></span> <span class='ocrx_word' id='word_1_680' title='bbox 699 4619 882 4675; x_wconf 89' lang='lat' dir='ltr'><strong>hocin</strong></span> <span class='ocrx_word' id='word_1_681' title='bbox 926 4633 1125 4690; x_wconf 86' lang='lat' dir='ltr'><strong>genere</strong></span> <span class='ocrx_word' id='word_1_682' title='bbox 1156 4618 1434 4673; x_wconf 87' lang='lat' dir='ltr'><strong>sciendum</strong></span> <span class='ocrx_word' id='word_1_683' title='bbox 1468 4621 1553 4673; x_wconf 83' lang='lat' dir='ltr'><strong>est</strong></span> <span class='ocrx_word' id='word_1_684' title='bbox 1599 4617 1742 4688; x_wconf 90' lang='lat' dir='ltr'><strong>quod</strong></span> <span class='ocrx_word' id='word_1_685' title='bbox 1772 4618 2056 4688; x_wconf 86' lang='lat' dir='ltr'><strong>appellatio</strong></span> 
     </span>
    </p>
   </div>
   <div class='ocr_carea' id='block_1_94' title="bbox 480 4711 2051 4782">
    <p class='ocr_par' dir='ltr' id='par_1_94' title="bbox 480 4711 2051 4782">
     <span class='ocr_line' id='line_1_94' title="bbox 480 4711 2051 4782; baseline 0.001 -17"><span class='ocrx_word' id='word_1_686' title='bbox 480 4713 739 4777; x_wconf 88' lang='lat' dir='ltr'><strong>hominis,</strong></span> <span class='ocrx_word' id='word_1_687' title='bbox 790 4715 1006 4782; x_wconf 87' lang='lat' dir='ltr'><strong>quando</strong></span> <span class='ocrx_word' id='word_1_688' title='bbox 1037 4712 1253 4781; x_wconf 87' lang='lat' dir='ltr'><strong>quidem</strong></span> <span class='ocrx_word' id='word_1_689' title='bbox 1286 4711 1353 4765; x_wconf 90' lang='lat' dir='ltr'><strong>de</strong></span> <span class='ocrx_word' id='word_1_690' title='bbox 1380 4711 1585 4765; x_wconf 88' lang='lat' dir='ltr'><strong>sanctis</strong></span> <span class='ocrx_word' id='word_1_691' title='bbox 1612 4711 1948 4777; x_wconf 87' lang='lat' dir='ltr'><strong>enuntiatur,</strong></span> <span class='ocrx_word' id='word_1_692' title='bbox 1985 4711 2051 4766; x_wconf 88' lang='lat' dir='ltr'><strong>ad</strong></span> 
     </span>
    </p>
   </div>
   <div class='ocr_carea' id='block_1_95' title="bbox 480 4799 2052 4869">
    <p class='ocr_par' dir='ltr' id='par_1_95' title="bbox 480 4799 2052 4869">
     <span class='ocr_line' id='line_1_95' title="bbox 480 4799 2052 4869; baseline 0.002 -18"><span class='ocrx_word' id='word_1_693' title='bbox 480 4801 809 4869; x_wconf 78' lang='lat' dir='ltr'><strong>vituperium</strong></span> <span class='ocrx_word' id='word_1_694' title='bbox 843 4804 1095 4864; x_wconf 84' lang='lat' dir='ltr'><strong>sumitur,</strong></span> <span class='ocrx_word' id='word_1_695' title='bbox 1121 4808 1178 4854; x_wconf 90' lang='lat' dir='ltr'><strong>ut</strong></span> <span class='ocrx_word' id='word_1_696' title='bbox 1205 4801 1257 4854; x_wconf 93' lang='lat' dir='ltr'><strong>in</strong></span> <span class='ocrx_word' id='word_1_697' title='bbox 1293 4800 1384 4855; x_wconf 90' lang='lat' dir='ltr'><strong>illo</strong></span> <span class='ocrx_word' id='word_1_698' title='bbox 1411 4817 1424 4854; x_wconf 94' lang='lat'><strong>:</strong></span> <span class='ocrx_word' id='word_1_699' title='bbox 1458 4799 1569 4869; x_wconf 84' lang='lat' dir='ltr'><strong>Ego</strong></span> <span class='ocrx_word' id='word_1_700' title='bbox 1594 4799 1750 4854; x_wconf 69' lang='lat' dir='ltr'><strong>dixi:</strong></span> <span class='ocrx_word' id='word_1_701' title='bbox 1783 4799 1874 4854; x_wconf 89' lang='lat' dir='ltr'><strong>Dii</strong></span> <span class='ocrx_word' id='word_1_702' title='bbox 1902 4802 2052 4868; x_wconf 75' lang='lat' dir='ltr'><strong>estis,</strong></span> 
     </span>
    </p>
   </div>
   <div class='ocr_carea' id='block_1_96' title="bbox 476 4891 2050 4961">
    <p class='ocr_par' dir='ltr' id='par_1_96' title="bbox 476 4891 2050 4961">
     <span class='ocr_line' id='line_1_96' title="bbox 476 4891 2050 4961; baseline 0.002 -17"><span class='ocrx_word' id='word_1_703' title='bbox 476 4901 523 4945; x_wconf 86' lang='lat' dir='ltr'><strong>et</strong></span> <span class='ocrx_word' id='word_1_704' title='bbox 561 4893 660 4961; x_wconf 78' lang='lat' dir='ltr'><strong>ﬁlii</strong></span> <span class='ocrx_word' id='word_1_705' title='bbox 683 4891 891 4946; x_wconf 71' lang='grc' dir='ltr'>Επείεὶ</span> <span class='ocrx_word' id='word_1_706' title='bbox 915 4907 934 4946; x_wconf 90' lang='lat'><strong><em>:</em></strong></span> <span class='ocrx_word' id='word_1_707' title='bbox 955 4908 1042 4946; x_wconf 76' lang='lat' dir='ltr'><strong>vos</strong></span> <span class='ocrx_word' id='word_1_708' title='bbox 1064 4902 1237 4946; x_wconf 85' lang='lat' dir='ltr'><strong>autem</strong></span> <span class='ocrx_word' id='word_1_709' title='bbox 1259 4892 1391 4945; x_wconf 75' lang='lat' dir='ltr'><strong>sicut</strong></span> <span class='ocrx_word' id='word_1_710' title='bbox 1414 4891 1647 4946; x_wconf 80' lang='lat' dir='ltr'><strong>homines</strong></span> <span class='ocrx_word' id='word_1_711' title='bbox 1672 4892 1967 4945; x_wconf 81' lang='lat' dir='ltr'><strong>moriemini</strong></span> <span class='ocrx_word' id='word_1_712' title='bbox 1985 4893 2050 4947; x_wconf 85' lang='lat'><strong>&quot;‘.</strong></span> 
     </span>
    </p>
   </div>
   <div class='ocr_carea' id='block_1_97' title="bbox 480 4983 2051 5054">
    <p class='ocr_par' dir='ltr' id='par_1_97' title="bbox 480 4983 2051 5054">
     <span class='ocr_line' id='line_1_97' title="bbox 480 4983 2051 5054; baseline 0 -17"><span class='ocrx_word' id='word_1_713' title='bbox 480 4983 707 5051; x_wconf 85' lang='lat' dir='ltr'><strong>Quando</strong></span> <span class='ocrx_word' id='word_1_714' title='bbox 740 4998 873 5042; x_wconf 74' lang='lat' dir='ltr'><strong>vero</strong></span> <span class='ocrx_word' id='word_1_715' title='bbox 911 4993 1225 5054; x_wconf 86' lang='lat' dir='ltr'><strong>peccatores</strong></span> <span class='ocrx_word' id='word_1_716' title='bbox 1256 4999 1451 5053; x_wconf 86' lang='lat' dir='ltr'><strong>pecora</strong></span> <span class='ocrx_word' id='word_1_717' title='bbox 1477 4994 1531 5038; x_wconf 91' lang='lat' dir='ltr'><strong>et</strong></span> <span class='ocrx_word' id='word_1_718' title='bbox 1552 4983 1740 5038; x_wconf 76' lang='lat' dir='ltr'><strong>bestia:</strong></span> <span class='ocrx_word' id='word_1_719' title='bbox 1762 4994 2051 5051; x_wconf 82' lang='lat' dir='ltr'><strong>vocantur,</strong></span> 
     </span>
    </p>
   </div>
   <div class='ocr_carea' id='block_1_98' title="bbox 482 5071 2048 5146">
    <p class='ocr_par' dir='ltr' id='par_1_98' title="bbox 482 5071 2048 5146">
     <span class='ocr_line' id='line_1_98' title="bbox 482 5071 2048 5146; baseline 0 -20"><span class='ocrx_word' id='word_1_720' title='bbox 482 5084 603 5130; x_wconf 91' lang='lat' dir='ltr'><strong>tunc</strong></span> <span class='ocrx_word' id='word_1_721' title='bbox 635 5075 688 5129; x_wconf 91' lang='lat' dir='ltr'><strong>in</strong></span> <span class='ocrx_word' id='word_1_722' title='bbox 715 5076 927 5131; x_wconf 88' lang='lat' dir='ltr'><strong>laudem</strong></span> <span class='ocrx_word' id='word_1_723' title='bbox 958 5079 1195 5146; x_wconf 87' lang='lat' dir='ltr'><strong>ponitur,</strong></span> <span class='ocrx_word' id='word_1_724' title='bbox 1224 5076 1376 5142; x_wconf 76' lang='lat' dir='ltr'><strong>juxta</strong></span> <span class='ocrx_word' id='word_1_725' title='bbox 1399 5074 1530 5129; x_wconf 89' lang='lat' dir='ltr'><strong>illud</strong></span> <span class='ocrx_word' id='word_1_726' title='bbox 1562 5093 1575 5128; x_wconf 91' lang='lat'><strong>:</strong></span> <span class='ocrx_word' id='word_1_727' title='bbox 1603 5071 1859 5127; x_wconf 79' lang='lat' dir='ltr'><strong>Homines</strong></span> <span class='ocrx_word' id='word_1_728' title='bbox 1889 5084 1935 5127; x_wconf 82' lang='lat' dir='ltr'><strong>et</strong></span> <span class='ocrx_word' id='word_1_729' title='bbox 1951 5073 2048 5142; x_wconf 86' lang='lat' dir='ltr'><strong>ju-</strong></span> 
     </span>
    </p>
   </div>
   <div class='ocr_carea' id='block_1_99' title="bbox 479 5166 1278 5234">
    <p class='ocr_par' dir='ltr' id='par_1_99' title="bbox 479 5166 1278 5234">
     <span class='ocr_line' id='line_1_99' title="bbox 479 5166 1278 5234; baseline 0.001 -14"><span class='ocrx_word' id='word_1_730' title='bbox 479 5177 652 5221; x_wconf 85' lang='lat' dir='ltr'><strong>menta</strong></span> <span class='ocrx_word' id='word_1_731' title='bbox 683 5168 936 5234; x_wconf 78' lang='lat' dir='ltr'><strong>salvebis,</strong></span> <span class='ocrx_word' id='word_1_732' title='bbox 973 5166 1192 5221; x_wconf 86' lang='lat' dir='ltr'><strong>Domine</strong></span> <span class='ocrx_word' id='word_1_733' title='bbox 1212 5168 1278 5221; x_wconf 74' lang='lat'><strong>&quot;.</strong></span> 
     </span>
    </p>
   </div>
   <div class='ocr_carea' id='block_1_100' title="bbox 2160 4424 3697 4503">
    <p class='ocr_par' dir='ltr' id='par_1_100' title="bbox 2160 4424 3697 4503">
     <span class='ocr_line' id='line_1_100' title="bbox 2160 4424 3697 4503; baseline -0.004 -14"><span class='ocrx_word' id='word_1_734' title='bbox 2160 4435 2368 4502; x_wconf 78' lang='grc' dir='ltr'>ζεσθαι,</span> <span class='ocrx_word' id='word_1_735' title='bbox 2405 4436 2528 4488; x_wconf 75' lang='grc' dir='ltr'>ἐπεὶ</span> <span class='ocrx_word' id='word_1_736' title='bbox 2557 4435 2797 4503; x_wconf 78' lang='grc' dir='ltr'>λέγεται·</span> <span class='ocrx_word' id='word_1_737' title='bbox 2842 4435 3165 4500; x_wconf 77' lang='grc' dir='ltr'>Ἐ’ξουσΙαν</span> <span class='ocrx_word' id='word_1_738' title='bbox 3199 4435 3427 4491; x_wconf 72' lang='grc' dir='ltr'>ἔδωκεν</span> <span class='ocrx_word' id='word_1_739' title='bbox 3444 4429 3592 4493; x_wconf 81' lang='grc' dir='ltr'>αὐτῷ</span> <span class='ocrx_word' id='word_1_740' title='bbox 3617 4424 3697 4478; x_wconf 71' lang='grc' dir='ltr'>καὶ</span> 
     </span>
    </p>
   </div>
   <div class='ocr_carea' id='block_1_101' title="bbox 2158 4510 3694 4593">
    <p class='ocr_par' dir='ltr' id='par_1_101' title="bbox 2158 4510 3694 4593">
     <span class='ocr_line' id='line_1_101' title="bbox 2158 4510 3694 4593; baseline -0.004 -15"><span class='ocrx_word' id='word_1_741' title='bbox 2158 4525 2363 4593; x_wconf 75' lang='grc' dir='ltr'>κρίσιν</span> <span class='ocrx_word' id='word_1_742' title='bbox 2391 4523 2605 4587; x_wconf 68' lang='grc' dir='ltr'>ποιεῖν,</span> <span class='ocrx_word' id='word_1_743' title='bbox 2642 4522 2733 4577; x_wconf 85' lang='grc' dir='ltr'>ὅτι</span> <span class='ocrx_word' id='word_1_744' title='bbox 2770 4524 2903 4589; x_wconf 81' lang='grc' dir='ltr'><strong>Υὶός</strong></span> <span class='ocrx_word' id='word_1_745' title='bbox 2937 4521 3254 4590; x_wconf 80' lang='grc' dir='ltr'>ἀνθρώπου</span> <span class='ocrx_word' id='word_1_746' title='bbox 3279 4522 3435 4578; x_wconf 83' lang='grc' dir='ltr'>ἐστι.</span> <span class='ocrx_word' id='word_1_747' title='bbox 3472 4516 3580 4590; x_wconf 82' lang='grc' dir='ltr'><strong>Χρὴ</strong></span> <span class='ocrx_word' id='word_1_748' title='bbox 3608 4510 3694 4566; x_wconf 76' lang='grc' dir='ltr'>τοί·</span> 
     </span>
    </p>
   </div>
   <div class='ocr_carea' id='block_1_102' title="bbox 2158 4612 3695 4684">
    <p class='ocr_par' dir='ltr' id='par_1_102' title="bbox 2158 4612 3695 4684">
     <span class='ocr_line' id='line_1_102' title="bbox 2158 4612 3695 4684; baseline -0.004 -15"><span class='ocrx_word' id='word_1_749' title='bbox 2158 4632 2252 4669; x_wconf 88' lang='grc' dir='ltr'><strong>νυν</strong></span> <span class='ocrx_word' id='word_1_750' title='bbox 2280 4614 2438 4667; x_wconf 77' lang='grc' dir='ltr'>τοῦτο</span> <span class='ocrx_word' id='word_1_751' title='bbox 2464 4614 2693 4668; x_wconf 84' lang='grc' dir='ltr'>καθόλου</span> <span class='ocrx_word' id='word_1_752' title='bbox 2716 4612 3024 4678; x_wconf 83' lang='grc' dir='ltr'>γινώσκειν,</span> <span class='ocrx_word' id='word_1_753' title='bbox 3048 4614 3130 4667; x_wconf 84' lang='grc' dir='ltr'>ὅτι</span> <span class='ocrx_word' id='word_1_754' title='bbox 3158 4614 3191 4684; x_wconf 90' lang='grc' dir='ltr'><strong>ή</strong></span> <span class='ocrx_word' id='word_1_755' title='bbox 3225 4612 3530 4683; x_wconf 77' lang='grc' dir='ltr'>ἄνθρωπος</span> <span class='ocrx_word' id='word_1_756' title='bbox 3556 4616 3695 4676; x_wconf 78' lang='grc' dir='ltr'>προσ·</span> 
     </span>
    </p>
   </div>
   <div class='ocr_carea' id='block_1_103' title="bbox 2160 4691 3695 4776">
    <p class='ocr_par' dir='ltr' id='par_1_103' title="bbox 2160 4691 3695 4776">
     <span class='ocr_line' id='line_1_103' title="bbox 2160 4691 3695 4776; baseline 0.003 -20"><span class='ocrx_word' id='word_1_757' title='bbox 2160 4705 2380 4776; x_wconf 88' lang='grc' dir='ltr'>ηγορία,</span> <span class='ocrx_word' id='word_1_758' title='bbox 2413 4705 2503 4757; x_wconf 78' lang='grc' dir='ltr'>ὅτε</span> <span class='ocrx_word' id='word_1_759' title='bbox 2542 4705 2640 4775; x_wconf 82' lang='grc' dir='ltr'>μὲν</span> <span class='ocrx_word' id='word_1_760' title='bbox 2684 4706 2733 4758; x_wconf 82' lang='lat' dir='ltr'><strong>oi</strong></span> <span class='ocrx_word' id='word_1_761' title='bbox 2767 4703 2913 4773; x_wconf 72' lang='grc' dir='ltr'>ἅγιοι</span> <span class='ocrx_word' id='word_1_762' title='bbox 2962 4703 3480 4775; x_wconf 75' lang='grc' dir='ltr'>προσαγορεύονται,</span> <span class='ocrx_word' id='word_1_763' title='bbox 3517 4691 3695 4760; x_wconf 65' lang='grc' dir='ltr'><strong>ἐπὶψδ·</strong></span> 
     </span>
    </p>
   </div>
   <div class='ocr_carea' id='block_1_104' title="bbox 2156 4784 3688 4867">
    <p class='ocr_par' dir='ltr' id='par_1_104' title="bbox 2156 4784 3688 4867">
     <span class='ocr_line' id='line_1_104' title="bbox 2156 4784 3688 4867; baseline -0.007 -18"><span class='ocrx_word' id='word_1_764' title='bbox 2156 4814 2254 4866; x_wconf 82' lang='grc' dir='ltr'><strong>γου</strong></span> <span class='ocrx_word' id='word_1_765' title='bbox 2281 4797 2643 4867; x_wconf 74' lang='grc' dir='ltr'>λαμϐάνεται,</span> <span class='ocrx_word' id='word_1_766' title='bbox 2677 4797 2752 4861; x_wconf 80' lang='grc' dir='ltr'>ὡς</span> <span class='ocrx_word' id='word_1_767' title='bbox 2786 4798 2867 4859; x_wconf 76' lang='grc' dir='ltr'><strong>τὸ,</strong></span> <span class='ocrx_word' id='word_1_768' title='bbox 2906 4796 3050 4865; x_wconf 71' lang='grc' dir='ltr'><strong>Ἐγὼ</strong></span> <span class='ocrx_word' id='word_1_769' title='bbox 3083 4792 3243 4860; x_wconf 77' lang='grc' dir='ltr'>εἶπα,</span> <span class='ocrx_word' id='word_1_770' title='bbox 3277 4798 3412 4852; x_wconf 82' lang='grc' dir='ltr'>Θεοί</span> <span class='ocrx_word' id='word_1_771' title='bbox 3445 4794 3590 4852; x_wconf 80' lang='grc' dir='ltr'>ἐστε,</span> <span class='ocrx_word' id='word_1_772' title='bbox 3610 4784 3688 4838; x_wconf 79' lang='grc' dir='ltr'><strong>καί</strong></span> 
     </span>
    </p>
   </div>
   <div class='ocr_carea' id='block_1_105' title="bbox 2156 4875 3683 4957">
    <p class='ocr_par' dir='ltr' id='par_1_105' title="bbox 2156 4875 3683 4957">
     <span class='ocr_line' id='line_1_105' title="bbox 2156 4875 3683 4957; baseline -0.002 -15"><span class='ocrx_word' id='word_1_773' title='bbox 2156 4887 2275 4942; x_wconf 76' lang='grc' dir='ltr'><strong>υἱοὶ</strong></span> <span class='ocrx_word' id='word_1_774' title='bbox 2322 4887 2638 4955; x_wconf 73' lang='grc' dir='ltr'>Ὑψίστου,</span> <span class='ocrx_word' id='word_1_775' title='bbox 2694 4887 2865 4955; x_wconf 82' lang='grc' dir='ltr'>ὑμεῖς</span> <span class='ocrx_word' id='word_1_776' title='bbox 2901 4886 2969 4940; x_wconf 81' lang='grc' dir='ltr'><em>δὲ</em></span> <span class='ocrx_word' id='word_1_777' title='bbox 3009 4888 3089 4954; x_wconf 88' lang='grc' dir='ltr'>ὡς</span> <span class='ocrx_word' id='word_1_778' title='bbox 3124 4887 3419 4957; x_wconf 77' lang='grc' dir='ltr'>ἄνθρωποι</span> <span class='ocrx_word' id='word_1_779' title='bbox 3464 4875 3683 4939; x_wconf 62' lang='lat' dir='ltr'><strong>tim/dﬂi-</strong></span> 
     </span>
    </p>
   </div>
   <div class='ocr_carea' id='block_1_106' title="bbox 2156 4965 3686 5050">
    <p class='ocr_par' dir='ltr' id='par_1_106' title="bbox 2156 4965 3686 5050">
     <span class='ocr_line' id='line_1_106' title="bbox 2156 4965 3686 5050; baseline -0.007 -17"><span class='ocrx_word' id='word_1_780' title='bbox 2156 4994 2367 5034; x_wconf 74' lang='grc' dir='ltr'>σκετο·</span> <span class='ocrx_word' id='word_1_781' title='bbox 2413 4981 2501 5032; x_wconf 83' lang='grc' dir='ltr'>ὅτε</span> <span class='ocrx_word' id='word_1_782' title='bbox 2534 4979 2587 5032; x_wconf 82' lang='grc' dir='ltr'>δὲ</span> <span class='ocrx_word' id='word_1_783' title='bbox 2623 4980 2796 5049; x_wconf 84' lang='grc' dir='ltr'>κτήνη</span> <span class='ocrx_word' id='word_1_784' title='bbox 2843 4979 2939 5033; x_wconf 73' lang='grc' dir='ltr'>καὶ</span> <span class='ocrx_word' id='word_1_785' title='bbox 2969 4979 3153 5050; x_wconf 83' lang='grc' dir='ltr'>θηρία,</span> <span class='ocrx_word' id='word_1_786' title='bbox 3190 4981 3238 5032; x_wconf 80' lang='lat' dir='ltr'><strong>oi</strong></span> <span class='ocrx_word' id='word_1_787' title='bbox 3272 4972 3587 5050; x_wconf 78' lang='grc' dir='ltr'>ἁμαρτωλοὶ,</span> <span class='ocrx_word' id='word_1_788' title='bbox 3614 4965 3686 5018; x_wconf 74' lang='grc' dir='ltr'><strong>ἐπὶ</strong></span> 
     </span>
    </p>
   </div>
   <div class='ocr_carea' id='block_1_107' title="bbox 2158 5055 3680 5138">
    <p class='ocr_par' dir='ltr' id='par_1_107' title="bbox 2158 5055 3680 5138">
     <span class='ocr_line' id='line_1_107' title="bbox 2158 5055 3680 5138; baseline -0.003 -16"><span class='ocrx_word' id='word_1_789' title='bbox 2158 5070 2383 5122; x_wconf 75' lang='grc' dir='ltr'>ἐπαίνου</span> <span class='ocrx_word' id='word_1_790' title='bbox 2433 5068 2600 5123; x_wconf 78' lang='grc' dir='ltr'>καλοῦ</span> <span class='ocrx_word' id='word_1_791' title='bbox 2640 5069 2936 5136; x_wconf 85' lang='grc' dir='ltr'>τάσσεται,</span> <span class='ocrx_word' id='word_1_792' title='bbox 2970 5070 3047 5133; x_wconf 84' lang='grc' dir='ltr'>ὡς</span> <span class='ocrx_word' id='word_1_793' title='bbox 3075 5069 3138 5123; x_wconf 84' lang='grc' dir='ltr'>τό</span> <span class='ocrx_word' id='word_1_794' title='bbox 3159 5085 3174 5102; x_wconf 89' lang='grc'><strong>·</strong></span> <span class='ocrx_word' id='word_1_795' title='bbox 3217 5070 3568 5138; x_wconf 62' lang='grc' dir='ltr'><strong>Ἀνσρὼυτοῖτ</strong></span> <span class='ocrx_word' id='word_1_796' title='bbox 3602 5055 3680 5110; x_wconf 67' lang='grc' dir='ltr'><em>καὶ</em></span> 
     </span>
    </p>
   </div>
   <div class='ocr_carea' id='block_1_108' title="bbox 2157 5159 2850 5231">
    <p class='ocr_par' dir='ltr' id='par_1_108' title="bbox 2157 5159 2850 5231">
     <span class='ocr_line' id='line_1_108' title="bbox 2157 5159 2850 5231; baseline 0.007 -19"><span class='ocrx_word' id='word_1_797' title='bbox 2157 5159 2354 5229; x_wconf 77' lang='grc' dir='ltr'>κτήνη</span> <span class='ocrx_word' id='word_1_798' title='bbox 2374 5162 2628 5228; x_wconf 75' lang='grc' dir='ltr'>σώσεις,</span> <span class='ocrx_word' id='word_1_799' title='bbox 2657 5162 2850 5231; x_wconf 79' lang='grc' dir='ltr'>Κύριε.</span> 
     </span>
    </p>
   </div>
   <div class='ocr_carea' id='block_1_109' title="bbox 546 5338 2227 5407">
    <p class='ocr_par' dir='ltr' id='par_1_109' title="bbox 546 5338 2227 5407">
     <span class='ocr_line' id='line_1_109' title="bbox 546 5338 2227 5407; baseline -0.001 -14"><span class='ocrx_word' id='word_1_800' title='bbox 546 5342 595 5373; x_wconf 72' lang='grc'><strong>⁸⁸</strong></span> <span class='ocrx_word' id='word_1_801' title='bbox 623 5339 778 5399; x_wconf 82' lang='lat' dir='ltr'><strong>Joan.</strong></span> <span class='ocrx_word' id='word_1_802' title='bbox 809 5355 861 5407; x_wconf 82' lang='grc' dir='ltr'><strong>ν,</strong></span> <span class='ocrx_word' id='word_1_803' title='bbox 891 5341 983 5396; x_wconf 62' lang='grc' dir='ltr'><strong>ἳἹ.</strong></span> <span class='ocrx_word' id='word_1_804' title='bbox 1060 5344 1105 5377; x_wconf 81' lang='grc'>³⁵</span> <span class='ocrx_word' id='word_1_805' title='bbox 1133 5343 1502 5407; x_wconf 51' lang='grc' dir='ltr'>Ρδοιίιχιχι,</span> <span class='ocrx_word' id='word_1_806' title='bbox 1535 5342 1588 5407; x_wconf 87' lang='lat'><strong>6,</strong></span> <span class='ocrx_word' id='word_1_807' title='bbox 1633 5343 1685 5395; x_wconf 86' lang='lat'><strong>7.</strong></span> <span class='ocrx_word' id='word_1_808' title='bbox 1761 5341 1806 5372; x_wconf 80' lang='grc'><strong>²⁶</strong></span> <span class='ocrx_word' id='word_1_809' title='bbox 1832 5340 1978 5395; x_wconf 82' lang='lat' dir='ltr'><strong>Psal.</strong></span> <span class='ocrx_word' id='word_1_810' title='bbox 2008 5355 2171 5401; x_wconf 58' lang='lat' dir='ltr'><strong>xxxi&#39;,</strong></span> <span class='ocrx_word' id='word_1_811' title='bbox 2196 5338 2227 5391; x_wconf 91' lang='lat'><strong>8</strong></span> 
     </span>
    </p>
   </div>
  </div>
