4068 6126
307 273 441 340 1689

1304 277 1386 338 ΙΝ
1425 277 1662 338 EPIST-
1703 277 1804 336 AD
1842 276 2026 338 ROM.
2066 279 2553 341 FRAGMENTA.

3373 267 3377 272 ’
3431 282 3570 348 id?!)

679 599 1398 691 FRAGMENTA
1475 596 1594 688 IN
1669 599 2346 692 EPISTOLAM
2419 598 2572 692 AD
2649 589 3214 698 ROMANOS

569 796 617 856 E
657 807 1119 856 COMMENTARIIS
1176 792 1510 852 'lnsonULt
1535 839 1550 866 ,
1593 805 1630 852 E
1682 805 1922 852 cnam
1977 791 2296 854 Omnem.
2344 807 2599 854 NECNON
2638 809 2677 854 ε
2721 809 2864 854 con.
2909 793 3303 858 Monaesum.

983 1213 1046 1275 Ε
1082 1211 1316 1274 Catena
1359 1211 1662 1276 Theoduli
1691 1220 1812 1276 vet.
1857 1217 2106 1278 Patrum
2143 1215 2306 1280 Bibl.
2345 1227 2492 1279 tom.
2521 1218 2681 1294 VIII,
2724 1218 2860 1281 589.

880 1379 926 1432 Κ
937 1379 1106 1432 ΕΦᾹΛ
1117 1419 1131 1433 .
1184 1379 1264 1436 Α’.

365 1514 384 1547 ι
416 1492 894 1564 Πεπληρωμένους
916 1492 1068 1563 πάσῃ
1092 1492 1300 1564 ἀδικίᾳ,
1328 1493 1580 1566 πορνείᾳ,
1605 1495 1866 1566 πονηρίᾳ,

277 1584 592 1656 πλεονεξίᾳ,
636 1582 840 1654 κακίᾳ·
887 1583 1124 1652 μεστοὺς
1155 1582 1378 1652 φθόνου,
1426 1583 1616 1653 φόνου,
1666 1583 1866 1656 ἔριδος,

274 1677 460 1739 δόλου,
509 1661 873 1746 κακοηθείας·
917 1673 1274 1746 ψιθυριστάς,
1327 1673 1688 1740 καταλάλους,
1746 1675 1867 1729 θεο-

274 1771 526 1838 στυγεῖς,
563 1766 849 1838 ὑϐριστὰς,
879 1765 1286 1838 ὑπερηφάνους,
1320 1765 1608 1831 ἀλαζόνας.
1652 1785 1672 1818 ι

351 1861 416 1932 (⁴)
446 1860 559 1914 Καὶ
603 1859 686 1912 ἑνὶ
731 1857 908 1928 τούτῳ
954 1855 1035 1929 τῷ
1073 1855 1173 1926 τῆς
1227 1857 1446 1921 ἀδικίας
1490 1857 1863 1928 προσρήματι,

1897 1391 1944 1446 Α

2640 1386 2794 1443 CAP.
2823 1387 2866 1444 ι.

2047 1497 2206 1553 Vens.
2224 1497 2316 1552 29.
2364 1516 2384 1551 ι
2411 1496 2666 1569 Repletos
2689 1503 2836 1557 omni
2867 1501 3151 1571 iniustitia,
3169 1502 3553 1573 fornicatione,

1969 1587 2211 1654 malitia;
2263 1589 2493 1646 refertos
2542 1590 2768 1658 invidia,
2814 1593 2984 1658 caede,
3034 1593 3145 1660 lite,
3180 1595 3324 1662 dolo,
3371 1597 3556 1668 pravis

1969 1676 2248 1741 moribus;
2282 1687 2734 1748 murmuratores,
2777 1680 3130 1748 detractores,
3160 1680 3272 1738 Deo
3302 1683 3551 1748 odibiles,

1967 1767 2218 1838 injurias,
2246 1770 2530 1840 superbos.
2560 1788 2580 1823 ι
2724 1754 2732 1765 ’

2041 1859 2154 1916 Hac
2192 1859 2470 1932 injustitia:
2495 1857 2858 1934 appellatione
2923 1861 3107 1917 omnia
3162 1861 3398 1930 illorum,
3431 1877 3553 1934 quae

270 1954 434 2022 κοινῇ
459 1951 530 2005 τά
553 1950 634 2014 είς
659 1949 926 2020 ἀλλήλους
949 1945 1128 2002 αὐτῶν
1147 1947 1326 2002 πάντα
1347 1965 1415 2002 πε
1425 1947 1664 2020 ριλαδὼν
1686 1949 1851 2020 ἀμαρ-

1967 1954 2108 2012 inter
2137 1969 2258 2012 sese
2285 1955 2624 2012 admiserunt
2645 1996 2662 2023 ,
2703 1957 2908 2012 scelera
2955 1957 3294 2027 complexus,
3345 1957 3552 2028 singula

265 2045 522 2114 τήματα,
571 2045 629 2098 ὲν
674 2045 790 2107 τοῖς
835 2041 962 2112 ἑξῆς
993 2041 1394 2114 ἀπαριθμείται
1436 2042 1562 2096 καθ’
1608 2041 1851 2099 ἕκαστον.

1964 2047 2222 2116 deinceps
2248 2047 2525 2118 sigillatim
2561 2047 2890 2104 dinumerat.
2936 2049 3016 2102 Ac
3041 2047 3302 2103 malitiam
3333 2049 3550 2118 quidem

267 2136 388 2188 Καὶ
421 2135 694 2206 πονηρίαν
719 2134 819 2207 μὲν
840 2134 1011 2202 λέγει,
1047 2133 1111 2187 τὸ
1151 2135 1216 2188 ἐκ
1259 2135 1610 2206 κατασκευῆς
1633 2134 1716 2199 είς
1741 2152 1851 2189 τινα

1965 2136 2116 2203 dicit,
2162 2151 2283 2206 quae
2313 2151 2383 2192 ex
2429 2137 2842 2193 conﬁrmatione
2883 2139 2950 2194 ad
2996 2138 3263 2209 quaedam,
3295 2153 3326 2195 e
3366 2139 3554 2194 labore

266 2225 432 2298 παρά
459 2224 557 2279 τοῦ
589 2225 754 2278 πόνου
791 2223 1084 2294 γινόμενον
1102 2239 1116 2254 ·
1147 2221 1466 2290 πλεονεξίαν
1491 2225 1571 2289 δὲ,
1595 2223 1696 2296 τὴν
1723 2223 1851 2294 ὑπὲρ

1965 2229 2053 2294 lit,
2102 2226 2440 2296 πλεονεξίαν·
2485 2229 2775 2285 avaritiam
2828 2240 3034 2296 autem,
3090 2245 3286 2286 noxam
3333 2239 3390 2286 et
3443 2231 3554 2286 οἰν-

265 2317 378 2388 τῆς
416 2315 714 2384 ἐπιθυμίας
741 2313 838 2369 τοῦ
869 2313 1113 2378 πλείονος
1143 2313 1350 2386 βλάϐην
1373 2331 1389 2346 ·
1423 2315 1626 2369 κακίαν
1655 2314 1738 2378 δὲ,
1760 2314 1851 2384 τὴν

1965 2319 2401 2376 cumventionem
2441 2319 2659 2389 accipit,
2707 2331 2831 2390 quae
2883 2319 2944 2374 lit
2971 2335 3038 2376 ex
3075 2321 3371 2387 cupiditate
3397 2321 3551 2390 plura

265 2407 372 2463 τοῦ
393 2407 646 2462 κακῶσαι
670 2406 767 2460 τὸν
794 2406 962 2470 πέλας
991 2405 1232 2477 σπουδήν
1256 2420 1268 2434 ⁸
1301 2405 1496 2475 φθόνον
1531 2405 1612 2470 δὲ,
1644 2405 1746 2476 τὴν
1767 2405 1851 2458 ἐπὶ

1966 2410 2234 2478 habendi;
2271 2409 2535 2466 malitiam
2589 2425 2720 2466 vero
2786 2418 3064 2476 conatum,
3106 2425 3215 2481 quo
3245 2412 3552 2481 proximum

263 2502 390 2564 τοῖς
419 2497 514 2554 τοῦ
561 2498 790 2569 πλησίον
821 2498 1010 2562 καλοῖς
1058 2497 1363 2568 βασκανίαν
1386 2512 1402 2528 ·
1447 2496 1608 2566 φόνον
1650 2496 1730 2560 δὲ,
1761 2493 1851 2569 τὴν

1963 2515 2120 2558 suum
2149 2503 2434 2573 quisquam
2464 2499 2706 2572 aﬂligere
2731 2502 2914 2557 studet
2935 2519 2952 2569 ;
2973 2502 3232 2558 invidiam
3267 2517 3452 2572 porro,
3479 2503 3552 2558 ob

267 2592 474 2662 μέχρις
516 2589 856 2662 ἀναιρέσεως
899 2587 1119 2660 κίνησιν
1141 2605 1157 2620 ·
1186 2587 1304 2660 ἔριν
1331 2587 1412 2656 δὲ,
1460 2589 1558 2660 τὴν
1592 2587 1851 2658 ἐπίψογον

1960 2593 2195 2664 proximi
2229 2594 2604 2650 secundiorem
2653 2591 2948 2658 fortunam,
3003 2593 3268 2660 livorem;
3323 2593 3548 2658 caedem,

265 2681 645 2752 φιλονεικίαν·
697 2681 850 2736 δόλον
892 2681 970 2747 δὲ,
998 2679 1099 2745 τὰς
1140 2680 1234 2733 ἐπὶ
1269 2679 1418 2752 λύμῃ
1466 2679 1578 2733 τῶν
1615 2678 1851 2750 ἀδελφῶν

1962 2683 2030 2738 ad
2081 2683 2258 2754 ipsum
2309 2699 2482 2756 usque
2537 2683 2913 2750 homicidium,
2971 2685 3310 2753 motionem;
3373 2684 3547 2751 litem,

261 2773 565 2838 ἐπιϐουλάς
595 2790 655 2826 τε
692 2771 789 2826 καὶ
835 2772 1120 2843 μηχανάς·
1156 2770 1490 2839 κακοήθειαν
1515 2770 1594 2832 δὲ,
1621 2768 1723 2842 τὴν
1757 2787 1858 2826 κα-

261 2866 602 2934 κοτροπίαν·
633 2863 966 2936 ψιθυρισμὸν
1001 2863 1078 2928 δὲ,
1107 2863 1208 2934 τὴν
1231 2864 1325 2917 ὑπ’
1356 2863 1544 2918 ὀδόντα
1569 2863 1680 2918 τῶν
1711 2881 1856 2937 παρ-

259 2962 442 3014 όντων
489 2957 848 3028 κακολογίαν·
887 2957 1222 3012 καταλαλιάν
1249 2957 1328 3022 δὲ,
1367 2959 1470 3027 τὴν
1494 2959 1575 3022 εἰς
1617 2957 1860 3022 ἀπόντας

259 3053 379 3107 ὑπό
415 3069 580 3107 τινων
620 3049 1000 3122 βλασφημίαν·
1035 3049 1350 3118 θεοστυγεῖς
1385 3050 1464 3115 δὲ,
1498 3049 1560 3103 οὑ
1595 3049 1724 3114 τοὺς
1755 3049 1860 3103 ὑπὸ

257 3144 409 3199 Θεοῦ
448 3143 810 3215 μισουμένους
849 3143 936 3212 (οὑ
983 3140 1093 3212 γὰρ
1126 3139 1277 3212 αὐτῷ
1324 3139 1486 3195 τοῦτο
1525 3140 1699 3206 δεῖξαι
1723 3142 1858 3212 πρό-

253 3253 450 3290 κειται
482 3235 624 3304 νῦν),
655 3232 792 3287 ἀλλὰ
818 3235 945 3296 τοὺς
967 3232 1263 3304 μισοῦντας
1285 3233 1420 3285 Θεόν
1439 3247 1456 3264 ·
1488 3231 1752 3303 ὑϐριστὰς
1775 3231 1854 3296 δὲ,

253 3328 398 3390 τοὺς
433 3327 658 3397 θρασεῖς
701 3326 798 3378 καὶ
835 3323 1144 3392 λοιδόρους·
1187 3322 1578 3392 ὑπερηφάνους
1607 3323 1686 3388 δὲ,
1727 3323 1856 3388 τοὺς

253 3418 412 3473 κατά
457 3417 565 3470 τῶν
593 3417 693 3470 οὐκ
720 3415 954 3486 ἐχόντων
991 3415 1078 3482 ἐφ’
1113 3408 1192 3477 οἷς
1235 3413 1420 3484 ἔχουσι
1456 3416 1852 3484 φυσωμένους·

252 3509 534 3574 ἀλαζόνας
555 3509 634 3572 δὲ,
675 3509 800 3572 τοὺς
825 3509 912 3578 ἐφ’
939 3501 1021 3570 οἷς
1063 3507 1164 3560 οὑκ
1191 3505 1404 3577 ἔχουσιν
1448 3505 1752 3576 αὐχοῦντας
1777 3505 1854 3569 ὡς

249 3603 521 3672 ἔχοντας·
565 3597 863 3670 ἐφευρετὰς
912 3596 1124 3660 κακῶν,
1153 3597 1280 3659 τοὺς
1313 3596 1406 3648 ἐπὶ
1451 3599 1566 3659 τοῖς
1597 3595 1853 3658 παλαιοῖς

254 3693 482 3756 κακοῖς,
505 3689 667 3760 ἕτερα
695 3685 1152 3756 καινοτομοῦντας
1176 3684 1344 3738 κακά·
1375 3685 1592 3751 γονεῦσι
1619 3685 1674 3737 δὲ
1691 3687 1852 3736 ἀπει-

256 3785 401 3847 θεῖς,
437 3782 564 3846 τοὺς
599 3782 693 3834 καὶ
725 3781 888 3853 μέχρι
933 3777 1045 3830 τῶν
1072 3775 1279 3846 γονέων
1301 3775 1627 3845 ἀγνώμονας
1653 3790 1666 3804 ·
1695 3777 1854 3827 ἀσυν-

263 3878 426 3938 έτους
469 3874 549 3938 δὲ,
583 3874 710 3935 τοὺς
753 3868 1156 3938 ἀσυνειδήτους,
1198 3861 1276 3921 ὧν
1327 3867 1480 3920 οὐδὲν
1519 3865 1844 3936 ἀφρονέστε-

264 3984 358 4038 ρον
379 3983 391 3996 ·
421 3963 750 4025 ἀσ.›νοέτους
797 3960 876 4024 δὲ,
910 3958 1036 4021 τοὺς
1065 3960 1186 4020 ταῖς
1219 3957 1520 4028 συνθήκαις
1553 3956 1628 4026 μὴ
1675 3953 1850 4026 ἐμμέ-

1961 2774 2370 2846 vituperandam
2407 2789 2502 2832 seu
2554 2777 2620 2831 ad
2654 2775 2902 2830 convicia
2953 2783 3268 2846 vergentem
3321 2786 3550 2841 conten-

1961 2865 2161 2922 tionem
2192 2873 2384 2930 vocat;
2415 2863 2624 2930 dolum,
2657 2862 2728 2918 ob
2755 2862 2988 2918 fratrum
3029 2865 3290 2919 honorem
3319 2863 3549 2921 insidias

1959 2964 2015 3010 et
2045 2961 2232 3020 artes;
2280 2967 2492 3008 morum
2525 2951 2878 3024 pravitatem,
2931 2953 3101 3022 ipsam
3151 2953 3546 3020 morositatem,

1959 3053 2122 3114 atque
2151 3044 2286 3100 adeo
2321 3045 2379 3099 in
2413 3045 2538 3098 vitae
2583 3043 3122 3112 conversationisque
3173 3048 3388 3100 ratione
3437 3045 3544 3100 dii-

1957 3135 2290 3201 ﬁcultatem;
2331 3134 2814 3191 murmurationem
2866 3143 3070 3199 autem,
3116 3133 3220 3190 sub
3267 3133 3430 3190 dente
3480 3135 3548 3189 de

1955 3227 2314 3299 praesentibus
2363 3223 2866 3295 maleloquentiam;
2917 3225 3366 3280 obtrectationem
3425 3240 3540 3279 ma-

1957 3321 2302 3378 ledicentiam
2340 3334 2370 3372 a
2409 3318 2732 3388 quibusdam
2760 3317 2812 3370 in
2842 3317 3116 3372 absentes.
3158 3317 3267 3371 Deo
3291 3315 3541 3380 odibiies,

1956 3429 2064 3468 non
2095 3429 2194 3470 eos
2239 3428 2376 3482 quos
2407 3411 2550 3467 Deus
2587 3411 2759 3467 oderit
2791 3429 2806 3480 ;
2843 3426 2948 3464 non
2987 3409 3132 3462 enim
3180 3409 3323 3465 istud
3354 3422 3543 3463 sancto

1954 3504 2122 3560 Paulo
2144 3507 2256 3578 jam
2288 3521 2433 3562 nunc
2469 3515 2775 3560 monstrare
2826 3501 3160 3572 propositum
3209 3507 3316 3565 est,
3352 3513 3538 3553 vermu

1954 3615 2051 3658 eos
2081 3600 2172 3670 qui
2205 3598 2370 3654 Deum
2403 3598 2676 3654 oderunt:
2729 3595 3008 3650 hominum
3058 3593 3132 3649 ita
3179 3591 3324 3648 circa
3355 3593 3536 3646 omnia

1955 3691 2388 3748 exsecrationem
2419 3688 2720 3756 explicans,
2771 3685 3021 3754 injurias,
3074 3685 3329 3750 audaces,
3369 3692 3538 3738 teme-

1955 3783 2128 3837 rarios
2165 3787 2221 3834 et
2268 3778 2660 3832 conviciatores
2715 3786 2912 3840 vocat;
2963 3775 3245 3842 superbos,
3303 3789 3396 3830 eos
3445 3778 3536 3842 qui

1953 3885 2142 3926 eorum
2188 3883 2354 3924 causa
2401 3882 2523 3936 qua:
2569 3867 2670 3934 ipsi
2725 3865 2946 3929 habent,
2995 3865 3252 3920 inﬂantur
3279 3881 3409 3938 erga
3441 3881 3537 3922 eos

1955 3955 2043 4025 qui
2095 3955 2219 4008 talia
2271 3969 2376 4010 non
2426 3953 2726 4023 possident.
2761 3953 3120 4021 Arrogantes,
3170 3963 3534 4008 ostentatores

260 4075 477 4118 νοντας,
501 4053 564 4116 ἃς
599 4053 665 4106 ἂν
697 4051 832 4123 πρός
861 4065 1012 4112 τινας
1059 4047 1394 4102 σύνθωνται·
1425 4047 1730 4118 ἀστόργους
1767 4045 1844 4113 δὲ,

1955 4046 2102 4114 dicit,
2141 4047 2232 4116 qui
2265 4045 2336 4100 ob
2363 4059 2427 4101 ea
2458 4059 2579 4113 qua:
2624 4059 2732 4098 non
2780 4044 3000 4109 habent,
3049 4043 3352 4114 gloriantur
3379 4060 3536 4117 seque

257 4149 387 4210 τοὺς
411 4145 639 4214 ἀπηνεῖς
671 4143 766 4197 καὶ
791 4139 1017 4208 ἀφίλους
1042 4155 1057 4168 ο
1081 4139 1380 4202 ἀσπόνδους
1408 4138 1488 4205 δὲ,
1516 4140 1644 4200 τοὺς
1665 4137 1849 4194 ἀδιαλ-

256 4237 496 4297 λάκτους
548 4233 646 4287 καὶ
700 4229 1102 4302 μνησικάκους·
1156 4229 1526 4298 ἀνελεήμονας
1581 4227 1670 4290 δὲ,
1721 4229 1848 4292 τοὺς

259 4327 544 4396 ἀκαζιπεῖς
594 4323 687 4377 καὶ
729 4320 1043 4382 ἀνενδῦτους
1099 4319 1238 4388 πρὸς
1286 4317 1455 4372 ἔλεον.
1503 4315 1844 4384 Ἀλαζόνας.

259 4419 324 4472 Εἰ
355 4417 464 4488 γάρ
496 4419 524 4469 ὁ
569 4412 874 4485 κατορθῶν,
906 4413 972 4482 τῇ
1017 4409 1305 4480 ἀλαζονείᾳ
1327 4409 1676 4480 χρησάμενος
1720 4409 1842 4461 ἐκέ-

1953 4153 2018 4192 ac
2049 4137 2094 4192 si
2128 4137 2358 4192 habeant
2385 4153 2400 4201 ;
2457 4136 2769 4192 inventores
2797 4134 3084 4200 malorum,
3131 4137 3224 4208 qui
3251 4135 3320 4193 ob
3351 4145 3531 4194 vetera

1951 4223 2112 4285 mala,
2155 4223 2256 4276 alia
2290 4239 2396 4278 non
2424 4223 2644 4292 perinde
2677 4225 2838 4288 bona,
2871 4238 3011 4279 nova
3045 4225 3221 4282 moliri
3267 4229 3530 4298 ﬂagrant;

1949 4315 2268 4384 parentibus
2346 4314 2760 4384 immorigeros,
2819 4316 3192 4384 imprudentes
3253 4318 3304 4372 in
3372 4318 3532 4374 rebus

1948 4404 2270 4475 paretttum';
2325 4403 2662 4471 insipientes,
2705 4404 3036 4460 conscientia
3075 4417 3372 4465 vacantes:
3423 4412 3530 4466 hu-

259 4527 400 4564 νωσε
431 4509 500 4561 τὰ
529 4504 962 4576 κατορθωθέντα,
991 4503 1154 4564 ποίας
1177 4502 1244 4554 ἂν
1277 4501 1362 4572 εἴη
1395 4499 1667 4570 τιμωρίας
1692 4499 1843 4566 ἄξιος

1955 4493 2178 4561 iusmodi
2211 4495 2353 4548 enim
2389 4492 2522 4547 nihil
2547 4500 2630 4548 est
2660 4493 3002 4558 insipientius
3029 4511 3044 4562 ;
3079 4495 3302 4553 foederis
3334 4511 3530 4570 exper-

259 4605 286 4656 ὁ
333 4603 394 4655 ἐν
443 4599 739 4671 ἁμαρτίαις
785 4593 1286 4665 ἀλαζονευόμενος;
1345 4590 1695 4660 Ἑφευρετὰς
1740 4608 1842 4644 κα-

259 4693 403 4746 κῶν.
435 4691 613 4761 Ὅπερ
646 4685 994 4758 μελετώντων
1021 4684 1117 4738 καὶ
1153 4681 1565 4745 σπουδαζόντων
1599 4679 1752 4741 ἴδιον,
1777 4679 1838 4732 οὑ

264 4783 370 4854 μὴν
393 4781 754 4851 ἀγνοούντων.
792 4777 1183 4842 Ἀσυνθέτους
1209 4772 1646 4842 ἀνελεήμονας.
1687 4772 1839 4824 Ἀπο-

263 4873 632 4945 σχοινίζοντας
662 4872 769 4926 ἀπὸ
805 4873 1048 4934 πάντων,
1073 4869 1340 4932 τουτέστι,
1378 4865 1588 4926 πάντας
1619 4861 1838 4934 μισοῦν-

260 4983 355 5028 τας
385 4967 479 5018 καὶ
507 4963 1040 5034 ἀποστρεφομένους.

1951 4595 2052 4649 tes,
2084 4586 2174 4656 qui
2207 4593 2365 4655 pacta
2399 4601 2502 4640 non
2537 4596 2776 4651 servant,
2797 4601 2896 4641 nec
2923 4589 3206 4656 promissis
3234 4598 3405 4660 stant,
3430 4607 3536 4648 nec

1949 4675 2244 4730 loederibus
2281 4675 2594 4742 perdurant,
2633 4689 2754 4744 qua:
2779 4689 2898 4730 eum
2933 4677 3204 4733 nonnullis
3255 4693 3532 4748 percusse-

1956 4767 2086 4822 rint.
2137 4767 2183 4820 A
2213 4767 2495 4822 charitatis
2528 4767 2722 4820 aiieetu
2774 4767 2984 4822 alienos
3013 4809 3028 4835 ,
3082 4769 3317 4827 immites
3345 4772 3530 4842 appel-

1945 4859 2038 4924 lat,
2073 4868 2128 4914 et
2153 4873 2348 4925 saevos,
2383 4865 2438 4914 et
2465 4858 2661 4914 amicis
2695 4868 2944 4914 carentes
2973 4878 2988 4927 ;
3023 4861 3527 4931 irreconeiliabiles,

1945 4949 2438 5004 reconciliationem
2489 4959 2584 5004 aut
2615 4950 2860 5006 inducias
2895 4967 2998 5007 non
3039 4955 3410 5020 admittentes,
3447 4956 3530 5010 in-

255 5057 625 5125 juriarumque
655 5071 760 5108 non
794 5055 1176 5116 immemores;
1237 5045 1695 5106 immisericordes
1741 5057 1890 5110 vero,
1935 5041 2276 5106 iuticxibiles,
2304 5055 2478 5111 neque
2527 5041 2666 5098 adeo
2713 5043 2780 5099 ad
2832 5044 3262 5102 misericordiam
3295 5061 3528 5119 prepen-

257 5163 367 5200 Sos.
425 5147 665 5214 Arrogan
691 5161 790 5209 es;
843 5144 887 5198 si
937 5143 1082 5198 enim
1136 5151 1282 5195 recte
1317 5155 1484 5212 agens
1516 5138 1582 5209 (si
1609 5143 1849 5193 ostentet
1887 5134 2028 5204 sese)
2067 5134 2120 5189 in
2146 5133 2378 5189 nihilum
2444 5134 2656 5205 redegit
2708 5139 2777 5190 ab
2810 5152 2872 5192 se
2903 5147 3050 5192 recte
3101 5147 3246 5202 acta,
3298 5149 3353 5194 et
3397 5156 3519 5194 cum

260 5242 476 5303 virtute,
527 5227 806 5306 qualumm
869 5235 1130 5304 supplicio
1182 5235 1377 5302 dignus
1427 5230 1592 5286 fuerit
1643 5231 1734 5300 qui
1779 5229 1832 5284 in
1873 5226 2114 5296 peccatis
2167 5225 2282 5281 suis
2344 5239 2466 5282 sese
2535 5229 2822 5283 ostentat?
2886 5227 3188 5283 [memores
3237 5231 3520 5296 malorum,

255 5330 558 5402 parentibus
634 5327 1028 5396 immorigeros,
1097 5327 1424 5395 insipientes,
1474 5323 1684 5393 {aderis
1725 5330 1981 5385 expertes,
2043 5335 2075 5373 a
2119 5318 2401 5374 charitatis
2490 5319 2686 5386 aﬂ'eclu
2757 5321 2976 5386 alienos,
3034 5321 3522 5390 irreconciliabiles,

256 5421 692 5478 immisericordes
727 5434 746 5473 :
812 5418 956 5488 quod
1008 5415 1226 5485 quidem
1285 5414 1658 5470 exercentium
1715 5425 1833 5468 sese
1871 5411 2148 5481 proprium
2211 5421 2316 5477 est,
2345 5420 2401 5465 et
2429 5412 2670 5466 studiose
2701 5411 2994 5480 quidquam
3042 5413 3358 5481 agentium;
3413 5427 3523 5470 non
3605 5458 3612 5469 κ

256 5525 400 5570 certe
420 5511 801 5578 ignorantium.
840 5508 1178 5564 Dissidentes
1203 5507 1271 5562 ab
1299 5509 1552 5563 omnibus
1607 5509 1709 5567 hoc
1734 5513 1837 5570 est,

1955 5521 2068 5558 mes
2099 5505 2223 5559 odio
2285 5517 2682 5573 prosequentes
2739 5515 3186 5571 aversantesqne.

319 5642 377 5703 (‘i
431 5641 614 5696 Greca
671 5639 1108 5709 ιίοριοιιψοίιιιιις
1153 5652 1219 5690 ex
1278 5649 1466 5691 ςςιιυιιξι
1517 5635 1831 5692 ΟΕριιιηιιιιίῑ

1990 5637 2256 5706 κρῖ-μῆρε
2291 5638 2462 5692 sancti
2504 5637 2676 5700 Pauli,
2714 5647 2840 5692 tom.
2869 5637 2912 5702 Ι,
2949 5654 3000 5706 p.
3030 5639 3156 5692 2w.
