4068 6126
596 236 720 302 1671

669 368 691 404 ι
720 350 821 417 Qui
856 349 1016 403 simul
1050 365 1113 404 ac
1143 351 1405 420 justitiam
1445 350 1539 405 Dei
1575 355 1939 422 agnovissent.
1969 375 1986 406 ι

663 439 896 496 Rursum
938 442 1171 504 indicat,
1207 458 1300 511 per
1332 443 1694 513 (agnitionem
1738 460 1833 501 eos
1874 463 2163 516 peccasse:

585 534 852 604 justitiam
925 548 1052 586 vero
1108 533 1200 588 Dei
1255 536 1502 590 mandata
1551 544 1731 591 vocat.
1785 535 1983 607 Nempe
2028 542 2166 609 quod

591 628 726 679 talia
755 637 961 693 agentes
998 626 1144 695 digni
1168 628 1271 680 sint
1303 640 1486 687 morte.
1522 628 1654 698 Quae
1687 646 1818 688 vero
1848 642 1932 687 est
1960 631 2165 699 iustitia

592 715 682 769 llei
717 715 741 769 τ
776 713 1081 783 Quoniam,
1127 717 1336 787 inquit,
1373 720 1675 791 lmjusmodi
1723 723 2123 779 committentes
2147 766 2162 789 ,

589 807 731 877 digni
773 818 899 861 sunt
946 819 1159 875 morte;
1200 811 1313 866 iniec
1344 813 1488 867 enim
1525 812 1617 869 Dei
1645 814 1986 886 estjustitia.
2042 814 2166 871 Non

586 899 756 952 solum
787 900 876 969 qui
926 914 988 953 ea
1028 900 1262 969 faciunt,
1300 920 1483 959 verum
1518 907 1675 960 etiam
1710 911 1799 977 qui
1835 910 2163 963 consentiunt

590 992 881 1060 agentibus.
915 993 1059 1047 Duas
1095 994 1283 1062 culpas
1311 1004 1365 1050 et
1392 999 1767 1054 accusationes
1796 1001 1945 1069 ponit
1973 1018 1986 1054 :
2030 999 2164 1055 alte-

591 1096 703 1134 ram
736 1079 916 1137 facere
947 1093 1003 1137 et
1025 1100 1272 1155 coagere,
1295 1090 1378 1140 vel
1404 1087 1661 1157 adjuvare
1689 1088 1985 1144 facientes:
2027 1090 2161 1147 alte-

591 1187 725 1239 ram,
757 1174 1059 1244 proximum
1092 1176 1160 1234 ad
1192 1176 1331 1232 mala
1354 1180 1630 1235 cohortari
1664 1181 2020 1254 ittvitareque.

1687 244 2061 304 GENNADII
2102 247 2605 309 PATIUARCII/E
2643 252 2754 312 (ΣΡ.

2193 1385 2263 1405 ’,η

2186 1489 2262 1549 ΙΙ.

3705 262 3803 328 lii?

2351 378 2369 411 ι
2408 361 2621 424 Οίτινες
2649 364 2711 414 τὸ
2743 363 3018 435 δικαίωμα
3052 367 3143 419 τοῦ
3174 368 3312 421 Θεοῦ
3335 372 3668 438 ἐπιγνόντες.
3705 397 3718 429 ι

2345 452 2515 507 Πάλιν
2551 454 2829 509 δείκνυσιν
2861 461 3056 522 αὐτοὺς
3086 463 3142 510 ἐν
3180 463 3379 527 γνώσει
3411 465 3800 534 ἁμαρτάνοντας.

2277 543 2570 613 Δικαίωμα
2599 544 2658 598 δὲ
2683 545 2782 608 τὰς
2814 546 3032 611 ἐντολὰς
3063 549 3248 617 λέγει’
3283 553 3311 603 ὁ
3342 553 3452 624 γὰρ
3483 555 3641 625 νόμος
3666 558 3690 610 ὁ
3711 559 3806 611 Mm.

2272 635 2462 700 σαῖκὸς
2504 636 2720 707 τρανῶς
2751 638 2845 690 καὶ
2896 638 3190 709 ἀποτόμως
3234 641 3631 711 διακελεύεται,
3667 649 3805 713 ἀξίους

2270 728 2506 782 θανάτου
2537 732 2738 800 κρίνων
2766 731 2891 792 τοὺς
2923 731 2991 783 τὰ
3019 731 3244 786 τοιαῦτα
3284 736 3657 805 πράττοντας’
3688 741 3807 793 τοῦτο
3840 768 3847 779 -

2274 821 2383 893 γάρ
2416 823 2533 875 ἐστι
2565 824 2627 875 τὸ
2667 822 2942 894 δικαίωμα
2984 826 3077 878 καὶ
3117 827 3149 892 ή
3178 827 3366 899 ἐντολὴ
3416 832 3511 882 τοῦ
3552 831 3695 885 Θεοῦ.
3732 835 3807 884 Δύο

2272 914 2487 983 τίθησιν
2521 913 2865 984 ἐγκλήματα,
2901 915 2963 968 τὸ
3015 919 3189 969 ποιεῖν
3235 936 3296 971 τε
3335 921 3434 972 καὶ
3483 921 3807 992 συμπράττειν

2270 1006 2386 1067 τοῖς
2416 1005 2650 1073 ποιοῦσι,
2683 1006 2778 1060 καὶ
2807 1008 2886 1070 εἰς
2916 1008 2977 1061 τὸ
3008 1010 3178 1063 κακὸν
3214 1012 3555 1082 παρακαλεῖν
3581 1013 3664 1067 τὸν
3700 1013 3805 1081 1:11;-

2274 1091 2407 1148 σίον.

1167 1624 1277 1685 Ea:
1305 1638 1525 1688 catena
1561 1629 1846 1691 Crameri
1875 1647 2013 1689 cum
2046 1632 2245 1692 variis
2278 1632 2415 1693 cod.
2455 1628 2855 1693 Monacensis
2884 1628 3258 1691 lectionibus

1258 1793 1416 1850 CAP.
1461 1794 1520 1847 V.

643 1910 805 1967 Vsus.
847 1911 939 1967 15.
995 1928 1016 1963 ι
1061 1910 1246 1981 Usque
1288 1910 1358 1965 ad
1413 1909 1888 1983 lcgempeccatum
1935 1918 2057 1964 erat
2110 1910 2167 1965 in

588 2009 811 2063 mundo.
851 2024 871 2058 ι

665 2096 842 2151 Vitam
885 2094 1029 2150 illam
1057 2108 1178 2163 quas
1203 2093 1257 2147 in
1290 2091 1493 2148 mundo
1532 2103 1753 2162 peccato
1785 2103 1839 2148 et
1871 2095 2032 2148 morti
2065 2092 2166 2149 ob-

590 2187 751 2241 noxia
779 2194 883 2250 est,
914 2184 1109 2253 cuique
1155 2182 1275 2237 ideo
1297 2182 1381 2236 lex
1422 2196 1559 2250 opus
1607 2181 1731 2247 fuit,
1761 2182 1869 2246 lex,
1920 2183 2163 2251 inquam,

587 2287 872 2347 peccatum
912 2274 1074 2330 simul
1118 2273 1476 2329 manifestans
1508 2282 1564 2327 ct
1607 2274 1923 2341 prohibens,
1959 2275 2167 2343 primus

595 2368 754 2422 nobis
812 2368 1126 2436 auspicatus
1183 2373 1266 2421 est
1315 2365 1510 2429 Adam,
1557 2366 1753 2435 quippe
1803 2374 1931 2421 ante
1974 2381 2166 2421 omnes

587 2469 804 2514 creatus
824 2468 879 2513 et
902 2458 1313 2528 prtevaricatus.
1343 2457 1668 2526 Quicunque
1689 2472 1819 2526 ergo
1836 2474 1901 2512 ex
1932 2458 2046 2525 ipso
2070 2473 2168 2525 per

583 2550 993 2621 generationum
1074 2550 1448 2605 successiones
1486 2548 1589 2601 orti
1619 2557 1767 2613 sunt,
1803 2550 1994 2602 merito
2055 2564 2168 2601 mo-

585 2639 821 2705 riuntur,
845 2639 1003 2707 primi
1035 2637 1281 2692 videlicet
1301 2637 1542 2706 parentis
1568 2648 1813 2691 naturam
1836 2638 2167 2692 baereditan-

586 2736 689 2783 tes.
721 2726 923 2782 Verum
986 2742 1052 2781 ex
1088 2727 1194 2781 illis
1228 2726 1482 2779 oninibus
1520 2734 1698 2779 morte
1745 2725 2035 2790 damnatis,
2069 2725 2158 2778 alii

588 2834 688 2889 per
730 2819 949 2890 propria
1005 2819 1169 2873 etiam
1217 2832 1337 2886 qua:
1372 2816 1472 2885 ipsi
1517 2816 1786 2870 admisere
1827 2825 2047 2884 peccata
2112 2816 2161 2867 in

584 2919 816 2963 mortem
842 2909 1202 2978 prmeipitant,
1242 2908 1333 2961 alii
1358 2923 1486 2962 vero
1521 2917 1745 2979 propter
1771 2907 1941 2962 solam
1967 2907 2162 2961 Adami

585 2999 1131 3053 condemnationem:
1169 2999 1356 3067 quales
1394 3009 1521 3053 sunt
1568 2999 1822 3053 infantes.
1870 2996 2159 3068 Pr0pterea

586 3105 730 3143 nunc
750 3090 972 3156 quidem
1005 3090 1178 3142 dicit:
1215 3090 1280 3142 In
1340 3105 1518 3143 omnes
1576 3091 1810 3144 homines
1868 3106 2010 3144 mors
2043 3107 2163 3158 per-

587 3182 823 3246 transiit,
858 3184 910 3234 in
951 3195 1051 3250 quo
1084 3195 1259 3232 omnes
1289 3190 1653 3246 peccaverunt,
1690 3197 1868 3233 omnes
1918 3195 2014 3248 pro
2050 3180 2163 3248 plu-

584 3273 739 3328 rimis
768 3273 978 3335 dicens,
1005 3270 1145 3325 sicut
1170 3280 1225 3324 et
1250 3270 1694 3337 insequentibus.
1723 3269 1784 3324 Si
1814 3286 1935 3340 ergo
1954 3280 2165 3336 propter

587 3369 742 3421 nnins
765 3369 1013 3421 delictum
1038 3365 1249 3431 plurimi
1272 3366 1462 3417 mortui
1485 3374 1629 3428 sunt,
1649 3364 1908 3432 plurimos
1931 3377 2027 3429 pro
2049 3377 2163 3415 om-

586 3458 744 3512 nibus
785 3466 1042 3525 usurpat,
1067 3487 1137 3498 —
1164 3474 1305 3510 nunc
1338 3468 1514 3509 autem
1547 3473 1561 3508 :
1616 3454 1864 3524 Regnavit
1909 3471 2048 3507 mors
2096 3453 2161 3506 ab

599 3548 770 3599 Adam
801 3563 962 3608 usque
986 3550 1054 3598 ad
1084 3547 1323 3615 Moysen,
1359 3549 1514 3598 etiam
1548 3546 1601 3598 in
1644 3564 1729 3597 eos
1768 3545 1857 3614 qui
1903 3562 2005 3597 non
2045 3534 2165 3612 pec.-

590 3646 835 3690 Cuvernnt
873 3653 892 3689 :
922 3638 1011 3705 qui
1045 3637 1185 3688 cnim
1218 3637 1430 3705 agendi,
1458 3636 1795 3689 (liSt-ernemli
1823 3635 2164 3703 cligendique

588 3740 695 3779 non
740 3733 867 3778 sunt
916 3740 1180 3793 capaces,
1222 3727 1490 3793 quomodo
1538 3725 1737 3780 delicto
1784 3727 1991 3793 possint
2039 3739 2164 3778 esse

582 3816 842 3871 obnoxii?
870 3816 1014 3870 Talis
1038 3818 1425 3884 estexplicatio
1458 3817 1599 3871 illius
1627 3817 1770 3887 quod
1803 3817 2006 3873 dictum
2037 3828 2118 3873 est
2145 3833 2158 3869 :

581 3909 625 3963 U
634 3927 756 3980 sque
789 3911 857 3962 ad
898 3907 1056 3976 legem
1082 3921 1351 3975 peccatum
1378 3918 1487 3963 erat
1516 3910 1569 3963 in
1590 3911 1808 3964 mundo.
1870 3907 1885 3916 ’

644 4002 806 4056 Vens.
841 3999 930 4055 i6.
963 4019 983 4052 ι
1023 4000 1088 4053 Et
1111 4016 1215 4054 non
1250 4002 1393 4055 sicut
1436 4018 1532 4072 per
1564 4019 1733 4058 unum
1758 4016 2060 4074 pec-uatum,
2088 4003 2158 4056 ita

578 4105 630 4147 et
654 4095 871 4148 donum.
902 4113 920 4145 ›

644 4185 819 4240 Unum
850 4185 993 4239 enim
1017 4186 1175 4252 primi
1202 4184 1444 4254 parentis
1463 4196 1742 4254 peccatum
1766 4188 2005 4239 omnium
2031 4203 2161 4241 cnn-

583 4276 944 4330 tlemuationis
985 4292 1145 4330 causa
1183 4277 1415 4338 exstitit,
1447 4287 1500 4331 et
1523 4278 1731 4346 peccati
1762 4278 1909 4331 illius
1941 4293 2159 4346 pinnam

582 4383 771 4421 omnes
796 4368 1196 4436 persolverunt.
1236 4369 1425 4422 Gratia
1468 4384 1595 4422 vero
1626 4385 1733 4423 non
1765 4370 1893 4423 illud
1925 4380 2156 4436 tantum,

2879 1795 3132 1849 ΚΕΦΑΛ.
3174 1796 3252 1852 E'.

2346 1929 2365 1962 ι
2408 1913 2571 1983 ’Δχρι
2599 1911 2708 1981 γὰρ
2737 1911 2926 1982 νόμου,
2956 1912 3202 1982 ἁμαρτία
3239 1907 3309 1981 ἦν
3338 1913 3401 1965 ὲν
3431 1911 3630 1983 κόσμῳ.
3660 1932 3676 1964 ι

2340 2084 2561 2155 Ταύτης
2588 2087 2745 2154 ἡμῖν,
2782 2086 2918 2155 φησὶ
2954 2086 3053 2151 τῆς
3086 2086 3143 2138 ὲν
3166 2085 3346 2154 τούτῳ
3376 2084 3458 2155 τῷ
3486 2085 3659 2155 κόσμῳ
3690 2081 3800 2151 ζωῆς

2267 2178 2367 2242 τῆς
2390 2179 2662 2247 ἁμαρτεῖν
2695 2194 2756 2230 τε
2776 2178 2870 2230 καὶ
2892 2178 3188 2231 ἀποθανεῖν
3207 2177 3617 2247 ἐπιδεχομένης,
3639 2175 3716 2228 καὶ
3733 2173 3799 2225 διὰ

2267 2269 2424 2323 τοῦτο
2454 2270 2549 2322 καὶ
2578 2268 2746 2338 νόμου
2768 2269 3033 2338 δεομένης
3072 2267 3298 2330 εἰκότως
3331 2268 3433 2320 τοῦ
3453 2267 3550 2337 τὴν
3576 2262 3797 2335 ἁμαρτίαν

2270 2360 2684 2423 ὑποδεικνύντος
2731 2378 2789 2413 τε
2822 2360 2914 2413 καὶ
2945 2360 3417 2432 ἀπαγορεύοντος,
3462 2355 3590 2432 ἦρξε
3632 2357 3795 2427 mihi;

2266 2459 2295 2511 ὁ
2336 2454 2527 2528 Ἀδὰμ,
2566 2457 2663 2510 ἆτε
2694 2458 2912 2527 πρῶτος
2947 2456 3041 2510 καὶ
3070 2456 3374 2527 γενόμενος
3413 2457 3505 2509 καὶ
3532 2451 3795 2526 παρανομή·
3874 2442 3883 2447 ’

2269 2567 2388 2612 σας.
2423 2550 2545 2602 Τῶν
2586 2544 2678 2602 οὖν
2709 2549 2767 2613 ἐξ
2797 2549 2962 2603 αὑτοῦ
3002 2548 3144 2602 κατὰ
3192 2547 3455 2617 διαδοχὰς
3495 2544 3792 2613 τικτομένων,

2267 2638 2465 2700 πάντες
2494 2636 2863 2704 ἀπέθνησκον,
2883 2637 2957 2701 ὡς
2980 2638 3149 2702 εἰκὸς,
3176 2636 3270 2689 τοῦ
3289 2637 3632 2708 προπάτορος
3644 2632 3792 2700 itin0-

2268 2728 2562 2801 νομοῦντες
2602 2729 2851 2798 φύσεως·
2900 2730 3037 2784 ἀλλὰ
3081 2728 3192 2783 τῶν
3239 2728 3683 2799 ἀποθνησκόντων
3700 2721 3791 2773 τοὺ-

2266 2837 2373 2871 των
2406 2820 2454 2872 οί
2489 2819 2589 2888 μὲν
2616 2820 2686 2873 δι’
2720 2813 2795 2873 ὧν
2825 2820 2919 2873 καὶ
2961 2820 3114 2872 αὐτοὶ
3149 2820 3527 2891 παρηνὸμουν,
3560 2816 3793 2887 ἠπείγοντο

2265 2909 2342 2979 τῷ
2372 2908 2586 2979 Θανάτῳ
2609 2926 2621 2939 ’
2650 2910 2699 2961 οἱ
2723 2909 2781 2962 δὲ
2808 2908 2896 2962 διὰ
2931 2911 3100 2979 μόνην
3130 2910 3222 2963 τοῦ
3264 2910 3444 2980 Ἀδὰμ
3470 2908 3563 2979 τὴν
3583 2906 3793 2973 κατάκρι-

2267 3019 2371 3076 σιν,
2403 2995 2515 3053 οἷον
2560 3003 2592 3071 ἡ
2641 3000 2751 3051 τῶν
2786 3001 2996 3070 νηπίων
3029 3002 3223 3072 μερίς·
3270 3002 3368 3056 διὰ
3416 3000 3568 3054 τοῦτο
3601 2998 3684 3051 νῦν
3720 2995 3793 3065 μέν

2268 3108 2434 3159 φησιν
2452 3109 2467 3122 ·
2503 3095 2609 3156 Εἰς
2641 3092 2874 3158 πάντας
2900 3092 3257 3161 ἀνθρώπους
3291 3092 3577 3161 εἰσῆλθεν
3604 3093 3634 3143 o'
3652 3089 3791 3142 θάνα-

2266 3199 2390 3248 τος,
2413 3182 2506 3251 ἐφ’
2530 3176 2578 3249 ᾧ
2610 3184 2835 3250 πάντες
2878 3184 3175 3253 ἥμαρτον·
3210 3185 3329 3236 ἀντὶ
3363 3184 3473 3237 τῶν
3514 3180 3696 3234 πολλῶν
3725 3176 3791 3227 λέ-

2266 3288 2378 3338 γων
2407 3274 2532 3336 τοὺς
2589 3275 2791 3339 πάντας
2836 3275 3027 3346 ὥσπερ
3065 3277 3252 3339 αὐτοῖς
3285 3277 3301 3306 ί
3363 3275 3501 3345 μετὰ
3541 3273 3707 3325 ταῦτα.
3742 3269 3790 3320 El

2264 3368 2374 3435 γὰρ
2401 3367 2478 3431 τῷ
2502 3368 2608 3422 τοῦ
2642 3369 2780 3434 ἑνὸς
2811 3369 3238 3438 παραπτώματι
3272 3374 3327 3423 οἱ
3376 3367 3581 3422 πολλοὶ
3614 3364 3791 3417 ἀπέθα-

2265 3476 2394 3523 νον,
2436 3458 2575 3525 τοὺς
2606 3459 2879 3525 πολλοὺς
2904 3461 3023 3512 ἀντὶ
3049 3460 3157 3512 τῶν
3187 3461 3410 3511 πάντων
3442 3458 3595 3527 φησί’
3630 3452 3726 3506 νῦν
3740 3448 3791 3500 δὲ

2264 3552 2666 3603 ἐϐασίλευσεν
2684 3554 2714 3603 ὀ
2737 3551 2987 3616 θάνατος
3019 3552 3136 3603 ἀπὸ
3161 3550 3345 3619 Ἀδὰμ
3380 3549 3542 3620 μέχρι
3563 3542 3787 3603 Μωσέωςτ

2266 3644 2363 3694 καὶ
2391 3643 2487 3695 ἐπὶ
2522 3642 2661 3707 τοὺς
2690 3643 2775 3709 μὴ
2803 3643 3300 3711 ἁμαρτήσαντας
3335 3646 3389 3695 οἱ
3420 3643 3521 3712 γὰρ
3543 3640 3654 3691 οὔτε
3680 3635 3789 3702 τερ-πὶ-

2268 3734 2424 3798 ξεως,
2468 3734 2593 3795 οὔτε
2647 3736 2994 3805 διακριτικῆς
3054 3736 3432 3804 προαιρέσεως
3477 3735 3615 3792 ὄντες
3653 3725 3787 3784 ἐντῗν

2265 3827 2379 3889 πῶς
2409 3826 2474 3881 ἂν
2506 3827 2614 3880 εἷεν
2639 3831 2934 3881 ὑπεύθυνοι
2970 3828 3441 3897 πλημμελήματι;
3476 3826 3531 3878 τὸ
3555 3824 3623 3887 δὲ,
3653 3821 3789 3886 Ἀχρι

2264 3921 2453 3986 νόμου
2477 3921 2731 3987 ἁμαρτία
2756 3917 2832 3989 ἦν
2852 3922 2922 3973 ἐν
2955 3922 3181 3987 κόσμῳ,
3225 3918 3472 3971 τοιοῦτόν
3499 3920 3648 3969 ἐστιν.

2344 4035 2361 4060 ι
2390 4012 2498 4063 Καὶ
2530 4013 2626 4080 οὐχ
2654 4011 2728 4074 ὡς
2758 4011 2824 4064 δι’
2849 4012 2966 4074 ἐνὸς
2998 4012 3449 4081 ἁμαρτήσαντος,
3478 4009 3535 4061 τὸ
3552 4006 3781 4076 δώρημα-ι

2332 4191 2450 4245 Μία
2471 4190 2572 4259 μὲν
2599 4191 2730 4261 γὰρ,
2765 4192 2949 4262 φησὶν,
2980 4193 3012 4260 ἡ
3051 4190 3296 4261 ἁμαρτία
3338 4192 3439 4259 τῆς
3468 4182 3784 4253 κατακρίσειιις

2262 4284 2479 4338 πάντων
2507 4285 2678 4350 αἰτία,
2714 4285 2808 4336 καὶ
2829 4283 2927 4353 τὴν
2959 4284 3174 4351 ἐκείνης
3199 4284 3356 4354 δίκην
3379 4287 3427 4336 οἱ
3449 4280 3660 4348 καθεξῆς
3682 4274 3783 4326 πάν·

2260 4396 2352 4440 τες
2399 4375 2671 4440 ἐξέτισαν.
2718 4375 2782 4428 Ἡ
2816 4377 2872 4428 δὲ
2917 4378 3079 4446 χάρις
3106 4378 3205 4428 οὐκ
3231 4379 3453 4444 ἐκείνην
3485 4375 3656 4443 μόνην,
3680 4365 3781 4421 ἀλλά

582 4473 768 4512 verum
809 4458 973 4512 etiam
1004 4460 1171 4512 multa
1221 4461 1349 4524 alia,
1387 4470 1608 4529 peccato
1632 4461 1724 4515 illo
1754 4462 2029 4531 graviora,
2057 4478 2151 4530 per

2268 4472 2352 4525 καὶ
2384 4469 2581 4533 πολλὰς
2612 4469 2779 4531 ἄλλας
2810 4470 3026 4540 ἐκείνης
3058 4469 3371 4539 βαρυτέρας
3394 4460 3782 4535 ἐπιτηδευοείσεις

580 4561 829 4617 posteros
862 4561 1055 4618 sponte
1086 4551 1393 4617 excogitata
1442 4560 1498 4606 et
1535 4552 1847 4617 commissa,
1896 4554 2154 4619 abolevit,

582 4651 829 4695 naturam
862 4652 1105 4694 nostram
1142 4656 1173 4694 a
1217 4641 1373 4710 lapsu
1415 4643 1629 4712 penitus
1661 4644 1956 4699 immunem
1989 4645 2155 4714 etju-

578 4742 716 4786 stam
758 4736 1112 4788 constituens.

631 4823 794 4878 Vens.
828 4825 918 4877 17.
951 4843 969 4876 ι
1008 4826 1064 4879 Si
1096 4827 1239 4879 eiiim
1265 4826 1424 4882 unius
1444 4827 1661 4893 delicto,
1702 4848 1720 4879 ι
1768 4840 1873 4884 etc.

633 4914 925 4984 Postquam
952 4916 1287 4972 sufﬁcienter
1314 4934 1408 4986 per
1439 4921 1899 4989 comparationem
1926 4922 2153 4976 demon-

577 5008 771 5059 Stravit
797 5007 987 5077 gratiae
1030 5010 1423 5075 praestantiam,
1461 5013 1889 5082 coocluditjam,
1930 5027 1984 5069 et
2026 5015 2152 5068 illud

579 5097 722 5163 quod
776 5098 1013 5151 maxime
1041 5098 1375 5163 intendebat,
1434 5105 1655 5167 astruit,
1680 5106 1904 5159 dicens:
1943 5106 2000 5160 Si
2016 5107 2155 5160 enim

576 5185 733 5239 unius
778 5187 967 5242 delicto
1013 5204 1155 5242 mors
1206 5192 1444 5259 regnavit
1465 5211 1559 5259 per
1591 5212 1777 5261 unum,
1811 5207 1865 5250 et
1904 5214 2023 5265 qinc
2072 5214 2155 5251 sc-

583 5287 841 5346 quuntur.
894 5278 1346 5343 Conjunctionem
1376 5286 1513 5339 enim
1553 5287 1639 5340 bic
1677 5298 1900 5356 usurpat
1942 5304 2037 5356 pro
2054 5292 2148 5358 igi-

581 5378 691 5425 tur.
742 5369 798 5423 Si
850 5370 1032 5440 igitur,
1067 5374 1263 5445 inquit,
1294 5391 1390 5446 per
1423 5376 1581 5432 unius
1612 5378 1847 5434 hominis
1875 5380 2152 5446 delictum,

576 5467 630 5512 et
657 5474 819 5513 unum
849 5459 1105 5517 delictum
1151 5468 1396 5536 regnavit
1450 5483 1615 5533 mors,
1649 5470 1816 5525 multo
1850 5471 2021 5540 magis
2062 5472 2152 5540 qui

648 5605 663 5634 ³
685 5610 811 5682 ch.
849 5616 910 5667 ἐν
931 5617 1066 5677 τοῖς.

2262 4564 2365 4615 ὑπὸ
2397 4562 2503 4615 τῶν
2541 4560 3019 4630 μεταγενεστέρων
3050 4560 3280 4622 ἀνεῖλεν,
3312 4562 3603 4615 ἄπταιστον
3633 4563 3781 4605 παντε·

2260 4653 2366 4716 λῶς
2387 4655 2479 4705 καὶ
2513 4652 2730 4705 δικαίαν
2759 4653 3141 4723 ἐργασάμενος
3177 4650 3306 4723 [Ιειε.
3340 4642 3695 4722 ἐργασαμένη]
3713 4640 3780 4707 τὴν

2262 4742 2423 4811 φύσιν
2455 4743 2630 4812 ἡμῶν.

2337 4855 2354 4884 ι
2389 4836 2448 4886 Εἰ
2478 4833 2583 4902 γὰρ
2613 4833 2689 4903 τῷ
2720 4834 2812 4886 τοῦ
2845 4833 2963 4897 ἐνὸς
2994 4831 3427 4901 παραπτώματι,
3465 4850 3483 4883 ›
3517 4850 3566 4885 κ.
3588 4847 3632 4882 τ.
3660 4827 3702 4878 λ.

2344 4925 2658 4990 Ἀποδείξεις
2710 4924 2999 4995 αὐτάρκως
3044 4924 3107 4976 τὸ
3161 4924 3416 4993 περιττὸν
3460 4924 3556 4994 τῆς
3608 4920 3779 4990 χάριτθς

2263 5017 2406 5071 κατὰ
2431 5017 2740 5086 σύγκρισιν,
2781 5016 3255 5083 ὲπισυλλογίζεται
3305 5016 3491 5069 λοιπὸν
3538 5014 3621 5067 καὶ
3648 5023 3779 5062 κατα·

2260 5108 2514 5168 σκευάζει
2538 5106 2599 5157 τὸ
2622 5104 3080 5175 σπουδαζόμενον,
3098 5108 3191 5159 καί
3204 5123 3388 5176 φησιν·
3413 5109 3484 5160 Ei
3503 5107 3600 5174 γὰρ
3620 5099 3685 5164 τῷ
3702 5093 3779 5149 τοῦ

2257 5198 2396 5263 ἐνὸς
2423 5197 2848 5266 παραπτώματι
2882 5200 2914 5250 ό
2942 5197 3197 5265 θάνατος
3221 5200 3580 5252 ἐϐασίλευσε
3600 5194 3677 5247 διὸ
3700 5184 3779 5241 τοῦ

2257 5290 2417 5355 ἑνὸς,
2450 5290 2546 5342 καὶ
2572 5291 2640 5342 τὰ
2680 5290 2825 5360 ἑξῆς.
2857 5289 2948 5360 Τῷ
2982 5289 3092 5359 γὰρ
3127 5290 3433 5359 συνδέσμῳ,
3473 5287 3564 5340 νῦν
3588 5273 3777 5337 ἀντὶτοῦ

2257 5381 2468 5433 τοίνυν
2498 5380 2794 5450 ἐχρήσατο.
2823 5380 2889 5433 El
2922 5380 3155 5445 τοίνυν,
3186 5383 3321 5449 φησὶ
3352 5379 3446 5432 καὶ
3475 5377 3585 5438 ἐνὸς
3611 5365 3777 5440 ἀνθρώ-

2261 5490 2363 5525 που
2390 5471 2804 5542 παραπτώματι
2829 5473 2922 5525 καὶ
2952 5472 3020 5525 δι’
3050 5473 3170 5537 ἑνὸς
3200 5470 3631 5542 παραπτώματος
3656 5464 3680 5514 δ
3704 5458 3774 5512 θά·
