4068 6126
471 255 610 318 1675

1565 245 1937 307 GENNADII
1978 243 2484 306 PATRIARCHA'I
2522 245 2631 304 CP.
2726 216 2735 219 ”

3619 223 3747 287 1676

465 376 658 437 urgere
676 364 865 421 soleat.
897 363 1110 434 Corpus
1136 374 1316 417 autem
1351 361 1560 429 peccati
1604 369 1803 423 vocat,
1856 371 2056 426 corpus

2170 375 2255 411 νον
2279 359 2688 428 ἀναμάρτητον,
2713 351 2825 405 ἀλλ’
2850 348 3235 421 ἐπιδεχόμενον
3263 340 3563 414 ἁμαρτίαν.
3581 337 3749 391 Τοῦτο

471 460 707 513 nondum
738 456 949 526 peccati
1005 456 1268 518 immune,
1317 453 1411 506 sed
1459 460 1691 520 peccato
1736 448 2052 505 obnoxium.

469 552 601 606 Illud
628 551 789 620 igitur
821 562 1019 615 corpus
1041 547 1355 609 destruitur,
1395 545 1591 615 inquit,
1644 544 1697 597 id
1739 552 1843 607 est,
1878 539 2056 611 quoad

470 652 752 713 peccatum
804 638 1050 693 iuellieax
1084 636 1433 692 constituitur
1467 653 1482 703 ;
1521 635 1754 705 ideoque
1778 649 1884 688 non
1930 633 2058 687 sim-

472 735 685 804 pliciter
734 732 872 787 dixit
912 731 1120 786 destrui
1181 745 1399 800 corpus,
1457 730 1550 785 sed
1586 745 1774 797 corpus
1833 730 2052 795 peccatt.

471 826 626 891 Quod
654 824 798 879 enim
837 838 981 877 nunc
1015 819 1371 891 corruptibile
1398 829 1502 885 est,
1570 820 1745 875 induit
1803 820 2058 873 incorru-

472 918 712 987 ptionem
744 933 759 982 ;
789 923 841 968 et
866 913 1006 983 quod
1041 928 1184 967 nunc
1214 912 1443 966 mortale
1471 921 1573 977 est,
1629 912 1803 966 induit
1835 912 2059 965 immor-

476 1010 767 1072 talitatem,
799 1006 1028 1063 Domino
1066 1006 1283 1062 Christo
1314 1006 1641 1077 reformante
1675 1020 1863 1072 corpus
1886 1004 2057 1056 humi-

474 1104 640 1156 litatis
664 1112 877 1165 nostra’,
912 1110 970 1155 ut
994 1099 1357 1170 conﬁgantur
1382 1098 1591 1167 corpori
1616 1097 1895 1150 eharitatis
1924 1111 2055 1150 sure.

471 1224 543 1237 —
577 1194 682 1259 Qui
725 1194 860 1247 enim
908 1201 1150 1247 mortuus
1190 1200 1287 1254 est,
1319 1190 1516 1258 inquit,
1544 1188 1874 1258 justi/icatus
1910 1196 1987 1240 est
2027 1204 2059 1240 a

474 1291 705 1350 peccato.
738 1280 877 1347 Quid
908 1288 990 1336 est
1024 1279 1155 1332 illud
1190 1281 1333 1348 quod
1364 1279 1498 1335 dicit
1532 1278 1554 1331 ?
1583 1278 1781 1333 Eorum
1817 1288 1899 1332 est
1943 1292 2062 1347 pec-

476 1391 602 1428 cm-e
653 1372 745 1442 qui
814 1380 1139 1441 praesentem
1205 1371 1392 1425 vivunt
1440 1372 1632 1437 vitam,
1690 1370 1956 1438 siquidem
2009 1378 2062 1422 et

483 1467 724 1533 ipsorum
783 1474 866 1518 est
910 1463 1081 1534 legem
1121 1462 1319 1518 habere
1354 1480 1367 1529 ;
1429 1463 1660 1518 mortuis
1711 1470 1890 1515 autem
1924 1475 2060 1516 neu-

481 1568 621 1612 trum
658 1558 914 1613 convenit
948 1578 960 1612 :
992 1574 1091 1614 nec
1129 1560 1274 1613 enim
1301 1558 1384 1612 lex
1436 1573 1560 1613 cum
1612 1568 1828 1611 mortuo
1861 1570 2061 1611 sermo-

481 1666 602 1704 nem
647 1652 809 1706 habet
846 1651 958 1723 (qui
1007 1666 1156 1715 vero,
1201 1666 1322 1705 cum
1378 1666 1446 1705 ne
1474 1650 1689 1720 quidem
1718 1650 1969 1703 audiente
1990 1649 2060 1714 ?),

482 1758 656 1814 neque
690 1754 965 1798 mortuum
996 1742 1274 1798 hominem
1305 1742 1565 1797 sollicitat
1597 1749 1902 1810 peccatum.
1927 1740 2060 1796 Cum

482 1846 696 1891 mortuo
720 1836 890 1905 igitur
913 1845 1195 1905 peccatum
1245 1833 1382 1889 nihil
1426 1835 1587 1889 habet
1621 1848 1930 1898 commune,
1964 1848 2065 1888 nec

483 1930 650 1983 ullum
674 1928 763 1996 jus
787 1929 839 1982 in
870 1943 995 1983 eum
1023 1928 1255 1996 obtinet,
1288 1927 1489 1998 quippe
1522 1926 1615 1997 qui
1635 1924 1749 1995 jam
1790 1940 1896 1981 non
1924 1941 2065 1996 pra:—

484 2021 803 2075 varicationi
842 2020 1144 2090 subjaceat.

537 2112 702 2168 Vsus.
719 2113 801 2167 8.:
824 2112 880 2167 Si
901 2120 1080 2167 autem
1101 2112 1297 2167 mortui
1321 2127 1510 2169 sumus
1525 2127 1645 2167 cum
1665 2111 1937 2177 Christo,»
1959 2123 2064 2166 etc.

531 2205 1026 2274 Quemadmodum,
1061 2205 1261 2275 inquit,
1291 2215 1538 2263 mortuus
1565 2216 1648 2262 est
1690 2207 1960 2273 Christus,
1993 2207 2067 2261 ita

485 2308 539 2355 et
565 2314 665 2354 nos
697 2299 1003 2353 morimur:
1034 2299 1489 2368 quemadmodum
1517 2300 1649 2354 vivit
1685 2300 1958 2366 Christus,
1997 2300 2069 2353 ita

484 2402 539 2448 et
570 2408 668 2447 nos
696 2393 959 2446 vivemus.
989 2391 1152 2447 Decet
1179 2392 1344 2463 igitur
1394 2407 1489 2448 vos
1521 2393 1572 2447 in
1601 2408 1722 2448 eum
1752 2394 2020 2460 respicere
2051 2408 2067 2456 ς

484 2496 540 2540 et
562 2485 1015 2555 quemadmodum
1049 2485 1381 2556 impossibile
1396 2496 1498 2550 est,
1524 2487 1724 2555 ipsum,
1747 2486 1836 2555 qui
1860 2496 2070 2555 peccato

488 2587 730 2630 mortuus
758 2584 837 2629 est
872 2575 1048 2639 semel,
1076 2573 1288 2644 Deoque
1333 2576 1644 2639 resurrexit,
1669 2573 1863 2628 iterum
1910 2572 2068 2641 mori,

487 2670 562 2725 ita
594 2680 648 2726 et
682 2685 797 2734 vos,
832 2677 1133 2741 oporteret,
1163 2668 1470 2739 justissima
1534 2667 1883 2722 conclusione
1913 2676 2072 2721 uten-

487 2770 592 2826 tes,
631 2762 798 2816 vitam
843 2771 1079 2816 vestram
1122 2762 1377 2829 deinceps
1405 2758 1470 2815 ad
1516 2759 1716 2814 Christi
1750 2759 1911 2812 vitam
1944 2773 2073 2812 con-

490 2853 752 2919 formare,
785 2862 845 2907 ut
899 2853 1011 2922 qui,
1050 2867 1144 2921 spe
1171 2851 1316 2916 freti,
1354 2851 1412 2906 iu
1447 2852 1588 2907 hanc
1618 2851 1784 2905 vitam
1831 2865 1859 2903 a
1905 2851 2072 2920 priori

488 2945 877 2998 trausiveritis.

564 3036 728 3091 Vens.
767 3037 854 3089 12.
902 3055 920 3087 ι
952 3034 1066 3090 Non
1099 3050 1229 3105 ergo
1262 3046 1455 3106 regnet
1490 3044 1772 3106 peccatum
1803 3035 1855 3089 in
1889 3044 2071 3091 vestro
2101 3049 2145 3109 ς

491 3130 707 3185 mortali
738 3143 986 3199 corpore.
1019 3148 1037 3181 ι

560 3222 955 3292 Argumentum
977 3237 1041 3274 ex
1066 3219 1394 3276 Christianis
1417 3220 1674 3282 educens,
1703 3229 1754 3274 et
1775 3221 2070 3275 ostendens

487 3323 772 3384 peccatum
837 3312 985 3367 nullo
1011 3309 1171 3365 modo
1237 3310 1291 3365 in
1344 3310 1476 3379 ipsis
1533 3310 1764 3380 amplius
1816 3326 2067 3380 regnare,

490 3408 690 3477 quippe
707 3406 797 3475 qui
817 3404 1218 3476 postbaptisma
1246 3418 1352 3456 non
1373 3403 1767 3457 suntcarnales
1790 3404 1926 3473 (haec
1973 3420 2070 3458 au-

483 3488 600 3553 tem
652 3499 755 3552 [ide
799 3506 1033 3563 tantum,
1058 3510 1163 3549 non
1208 3495 1475 3549 industria
1523 3495 1870 3549 obtinemus:
1902 3511 2074 3565 neque

489 3592 635 3646 enim
698 3588 1060 3658 impassibiles
1108 3585 1562 3657 immortalesque
1614 3588 1918 3655 nascimur,
1972 3590 2076 3645 hac

492 3682 803 3738 conditione
836 3687 1053 3750 propter
1096 3677 1503 3734 inscrutabilem
1534 3680 1824 3750 quamdam
1854 3696 2072 3735 causam

495 3784 616 3844 post
669 3773 978 3844 generalem
1028 3770 1486 3828 resurrectionem
1524 3771 1849 3843 reservata),
1893 3774 2076 3827 consi-

493 3868 623 3920 lium
655 3866 788 3935 ipsis
820 3866 912 3919 dat
943 3864 1285 3918 moderatum
1316 3863 1530 3932 quidem
1561 3871 1617 3917 et
1647 3861 1925 3933 possibile.
1954 3862 2071 3917 Non

494 3960 639 4014 enim
664 3959 814 4019 dicit,
839 3956 915 4010 Ne
953 3970 1082 4024 ergo
1109 3954 1374 4024 peccetis,
1407 3954 1510 4009 hoc
1535 3953 1681 4007 enim
1713 3953 1780 4007 ad
1821 3963 2073 4007 naturam

498 4054 884 4123 impassibilem
928 4060 984 4106 et
1030 4048 1390 4104 immortalem
1425 4051 1679 4119 pertinet,
1715 4047 1809 4103 sed
1843 4047 1964 4100 Non
1996 4062 2077 4099 re-

495 4156 613 4215 gnet
648 4155 915 4213 peccatum
959 4144 1016 4196 in
1049 4151 1214 4196 vestro
1244 4141 1457 4196 mortali
1487 4156 1730 4211 corpore,
1766 4155 1871 4194 non
1900 4138 2075 4192 domi-

497 4249 662 4293 netur
717 4236 906 4300 vobis;
959 4249 1138 4304 neque
1192 4234 1259 4288 ad
1312 4235 1531 4289 modmn
1572 4229 2077 4300 servorum-agatis

497 4331 733 4401 amplius
758 4329 900 4399 quod
945 4336 1225 4398 peccaturo
1271 4326 1504 4395 imperat
1534 4325 1585 4377 in
1627 4324 1874 4392 corporis
1912 4320 2076 4375 vestri

2160 447 2339 499 τοίνυν
2395 441 2801 515 καταργεῖται,
2858 438 3023 507 φησι,
3072 434 3321 487 τουτέστι
3384 427 3748 496 ἁνενέργητον

2160 537 2298 607 πρὸς
2327 538 2426 607 τὴν
2466 535 2745 606 ἁμαρτίαν
2777 531 3126 585 καθίσταται.
3159 525 3250 578 Διὸ
3278 523 3374 577 καὶ
3413 523 3518 591 οὐχ
3569 517 3750 580 ἁπλῶς

2159 627 2265 697 ἔφη
2292 625 2690 697 καταργεῖσθαι
2717 623 2777 676 τὸ
2806 620 2989 691 σῶμα,
3007 618 3145 672 ἀλλά
3164 617 3231 670 τὸ
3256 615 3426 683 σῶμα
3444 612 3565 679 τῆς
3586 611 3753 679 ἀμαρ-

2159 722 2324 786 τίαςο
2361 718 2524 771 τοῦτο
2551 717 2662 786 γὰρ
2704 713 2943 783 φθαρτὸν
2971 711 3030 764 ὃν
3062 711 3178 774 νῦν,
3224 706 3513 761 ἐνδύσεται
3541 702 3752 777 ἀφθαρ-

2162 811 2285 864 σίαν
2310 825 2323 838 '
2355 809 2450 861 καὶ
2475 807 2670 877 θνητὸν
2699 805 2760 858 ὃν
2798 805 2916 869 νῦν,
2950 802 3233 855 ἐνδύσεται
3285 796 3622 857 ἀθανασίαν,
3656 809 3752 861 με·

2160 899 2710 971 τασχηματίζοντος
2761 895 2931 966 ἡμῶν
2967 895 3034 947 τὸ
3078 892 3252 961 σῶμα
3300 890 3412 957 τῆς
3460 886 3752 942 ταπεινώ-

2161 1010 2315 1059 σεως
2361 994 2457 1044 τοῦ
2521 990 2794 1043 Δεσπὸτου
2852 983 3087 1056 Χριστοῦ
3160 985 3220 1036 τὸ
3271 982 3557 1051 γενέσθαι
3610 977 3750 1030 αὐτὸ

2162 1086 2522 1153 σύμμορφον
2569 1079 2650 1145 τῷ
2687 1079 2913 1147 σώματι
2957 1076 3069 1143 τῆς
3106 1073 3293 1140 δόξης
3330 1070 3545 1125 αὑτοῦ.
3586 1098 3656 1108 -
3695 1069 3752 1120 Ὀ

2160 1177 2272 1245 γὰρ
2300 1173 2641 1237 ἀποθανὼν,
2673 1171 2858 1242 φησὶν,
2887 1167 3256 1221 δεδικαίωται
3279 1164 3399 1217 ἀπὸ
3431 1161 3547 1228 τῆς
3573 1162 3751 1228 ἀμαρ-

2160 1270 2311 1334 τιάς.
2352 1266 2418 1319 Τί
2462 1264 2620 1319 τοῦτό
2660 1266 2810 1316 ἐστιν
2841 1262 2869 1315 ὃ
2904 1262 3087 1329 λέγει;
3126 1259 3237 1311 τῶν
3265 1257 3487 1322 ζώντων
3516 1253 3751 1322 Ταυτηνὶ

2160 1359 2260 1429 τὴν
2300 1358 2445 1430 ζωὴν
2487 1357 2548 1411 τὸ
2602 1356 2820 1410 πταίειν
2864 1355 3046 1407 ἐστίν·
3082 1352 3270 1422 ἐπειδὴ
3316 1351 3415 1403 καὶ
3456 1349 3553 1401 τὸν
3596 1349 3751 1417 νὸμον

2162 1452 2307 1522 ἔχειν
2360 1451 2564 1505 τούτων
2594 1450 2738 1503 ὲστί·
2768 1452 2882 1511 τοῖς
2914 1445 3333 1516 τετελευτηκόσι
3363 1442 3423 1495 δὲ
3484 1442 3751 1511 προσήκει

2163 1544 2370 1599 τούτων
2395 1543 2694 1613 οὐδέτερον.
2713 1539 2852 1595 Οὔτε
2869 1540 2980 1611 γὰρ
3004 1538 3169 1609 νόμος
3193 1535 3569 1607 τῷτεθνηκότι
3594 1550 3752 1604 προσ-

2163 1637 2502 1706 διαλέγεται·
2547 1636 2664 1700 πῶς
2705 1635 2816 1703 γὰρ
2871 1632 2948 1703 τῷ
3007 1649 3072 1701 γε
3134 1631 3272 1702 μηδὲ
3320 1628 3615 1691 ἁκούοντις
3664 1624 3751 1677 καὶ

2096 1711 2136 1765 Β
2164 1725 2413 1797 ἁμαρτία
2437 1724 2529 1777 τὸν
2572 1724 2814 1777 τοιοῦτον
2851 1723 2912 1775 οὐ
2952 1721 3174 1791 διοχλεῖ.
3209 1720 3300 1789 Τῷ
3324 1719 3510 1771 τοίνυν
3554 1714 3749 1770 ἀποθα-

2165 1818 2309 1872 νόντι
2345 1819 2535 1888 φησιν,
2568 1815 2722 1869 οὐδὲν
2768 1814 2906 1886 πρὸς
2928 1815 3029 1883 τὴν
3065 1811 3340 1882 ἁμαρτίαν
3376 1809 3563 1863 κοινόν
3589 1824 3604 1839 ·
3638 1807 3746 1859 οὐδὲ

2166 1910 2306 1981 αὐτὴ
2351 1912 2489 1981 πρὸς
2536 1909 2743 1962 ἐκεῖνον
2790 1906 2903 1977 ἔχει
2953 1906 3015 1959 τὸ
3054 1906 3301 1959 δίκαιον
3355 1902 3482 1955 οὐδὲ
3528 1900 3636 1972 γὰρ
3676 1897 3745 1968 τῷ

2167 2004 2511 2076 πλημμελεῖν
2540 2002 2832 2055 ὑπόκειται
2863 1998 2959 2052 τοῦ
2994 1997 3209 2052 λοιποῦ.

2244 2115 2263 2148 ι
2303 2097 2368 2149 Εἰ
2395 2094 2453 2148 δὲ
2482 2093 2834 2163 ἀπεθάνομεν
2866 2092 2964 2145 σὺν
2991 2089 3238 2161 Χριστῷ,
3307 2107 3327 2140 ι
3361 2105 3418 2144 κ.
3453 2105 3508 2144 τ.
3543 2087 3593 2141 λ.

2240 2187 2473 2251 Οὐκοῦν,
2504 2185 2663 2257 φησι,
2695 2184 2997 2255 καθάπερδ
3023 2184 3281 2254 Χριστὸς,
3313 2181 3410 2234 καὶ
3436 2183 3603 2252 ἡμεῖς
3632 2182 3742 2234 ἀπο-

2170 2283 2479 2354 θνήσκομεν
2501 2297 2513 2312 ·
2534 2279 2790 2348 καθάπερ
2811 2279 2840 2330 ὁ
2867 2279 3125 2350 Χριστὸς,
3152 2276 3219 2347 ζη
3230 2275 3441 2346 σόμεθα
3464 2277 3563 2329 καὶ
3579 2277 3736 2346 ἡμεῖς.

2172 2376 2450 2447 Προσήκει
2475 2372 2568 2428 οὖν
2596 2374 2676 2435 εἰς
2715 2372 2926 2425 ἐκεῖνον
2959 2371 3092 2441 ὑμῖν
3134 2369 3347 2439 ἀφορᾷν
3372 2385 3386 2400 ·
3421 2369 3524 2421 καὶ
3568 2368 3697 2435 ἅπερ
3721 2365 3739 2395 ³

2170 2469 2408 2523 ἐκεῖνον
2439 2465 2603 2530 ἅπαξ
2634 2463 3018 2519 ἀποθανόντα
3046 2458 3123 2529 τῇ
3154 2460 3428 2529 ἁμαρτίᾳ,
3456 2456 3591 2514 εἶτα
3618 2457 3741 2511 ἀνα-

2172 2561 2403 2617 στάντα
2423 2558 2503 2625 τῷ
2542 2557 2686 2623 Θεῷ,
2714 2555 2825 2609 τῶν
2852 2554 3131 2608 ἀδυνάτων
3164 2553 3313 2605 ἐστὶν
3352 2545 3458 2605 αῦθ
3472 2569 3521 2614 ις
3552 2548 3739 2604 ἀποθα-

2174 2656 2305 2718 νεῖν,
2354 2651 2500 2705 οῦτω
2555 2649 2667 2702 δέοι
2709 2647 2775 2701 ἂν
2818 2647 2915 2699 καὶ
2950 2647 3095 2715 ὑμᾶς
3147 2643 3397 2714 λογισμῷ
3442 2643 3743 2714 χρωμένους

2172 2745 2503 2814 δικαιοτάτῳ
2538 2742 2631 2795 τὸν
2670 2738 2881 2793 ἑαυτῶν
2913 2737 3007 2791 τοῦ
3041 2737 3235 2791 λοιποῦ
3264 2736 3377 2807 βίον
3422 2738 3486 2789 ὲν
3523 2739 3587 2805 τῇ
3619 2731 3741 2787 κατὰ

2172 2838 2412 2911 Χριστὸν
2458 2832 2783 2907 ρᾳθυμίζειν
2823 2831 2863 2861 ³·
2899 2829 3012 2899 ζωῇ
3044 2829 3120 2891 ὡς
3152 2827 3326 2880 ἐλπίδι
3375 2827 3516 2896 πρὸς
3556 2824 3740 2891 ταύτην

2179 2927 2629 3001 μεταϐεϐηκότας
2657 2926 2721 2978 ἐκ
2750 2921 2852 2992 τῆς
2888 2919 3178 2992 προτέρας.

2254 3045 2271 3076 ι
2309 3024 2400 3092 Μὴ
2448 3022 2542 3076 οὖν
2592 3017 2929 3091 βασιλευέτω
2975 3016 3008 3086 ἡ
3062 3015 3309 3086 ἁμαρτία
3354 3017 3412 3068 ὲν
3469 3013 3548 3086 τῷ
3578 3008 3739 3083 θνητῷ

2177 3118 2335 3191 ἡμῶν
2366 3118 2601 3188 σώματι.
2641 3135 2657 3167 ι

2260 3210 2588 3280 ’Δνατρίψας
2618 3210 2681 3261 ὲκ
2718 3211 2827 3263 τῶν
2871 3205 3013 3262 κατά
3056 3203 3293 3277 χριστῶν
3337 3202 3433 3273 τὴν
3463 3194 3731 3257 ἀντίθεσιν,

2179 3306 2272 3358 καὶ
2300 3303 2481 3367 δείξας
2512 3300 2697 3355 οὐκέτι
2737 3300 2834 3354 τοῦ
2874 3298 3214 3370 ἁμαρτάνειν
3258 3296 3437 3357 αὐτοῖς
3476 3290 3733 3359 οὐδαμῶς,

2178 3401 2253 3465 ὡς
2282 3401 2381 3453 οὐκ
2400 3398 2552 3452 οὖσιν
2578 3399 2656 3451 ἔτι
2684 3397 2821 3468 μετά
2843 3396 2901 3450 τὸ
2932 3394 3219 3465 βάπτισμα
3248 3392 3517 3462 σαρκικοῖς
3536 3404 3550 3416 ·
3571 3386 3736 3440 ταῦτα

2178 3492 2236 3546 δὲ
2268 3493 2403 3564 μόνῃ
2439 3491 2618 3545 πίστει
2664 3490 2801 3552 τέως
2826 3488 2886 3542 οὐ
2919 3487 3087 3558 πείρα
3124 3483 3464 3554 κεκτήμεθα·
3494 3482 3612 3534 οὒτε
3638 3478 3736 3546 γὰρ

2181 3583 2446 3648 ἀπαθεῖς,
2498 3581 2623 3636 οὔτε
2663 3579 2922 3634 ἀθάνατοί
2961 3595 3079 3640 πως
3118 3575 3456 3645 γεγόναμεν,
3490 3573 3580 3625 τοῦ
3614 3570 3740 3640 πρά-

2179 3694 2388 3748 γματος
2444 3675 2608 3729 αὺτοῦ
2657 3673 2801 3727 κατά
2843 3688 2965 3724 τινα
2996 3670 3157 3738 λόγον
3197 3668 3510 3739 ἀπόρρητον
3547 3662 3619 3732 τῷ
3653 3662 3737 3727 τῆς

2181 3767 2370 3837 κοινῆς
2400 3765 2751 3828 ἀναστάσεως
2781 3760 3188 3833 φυλαττομένου
3217 3756 3413 3828 καιρῷ,
3453 3751 3737 3826 συμϐουλὴν

2185 3861 2412 3934 μετρίαν
2463 3876 2523 3911 τε
2568 3858 2752 3920 αὐτοῖς
2786 3855 2884 3909 καὶ
2925 3853 3025 3925 τὴν
3062 3850 3423 3921 ἐνδεχομένην
3477 3846 3734 3918 προσάγει.

2183 3956 2258 4009 Οὐ
2288 3956 2395 4025 γὰρ
2426 3953 2552 4023 ἔφη,
2584 3951 2676 4021 Μὴ
2701 3949 2794 4003 οὖν
2822 3948 3187 4018 ἁμαρτάνετε.
3211 3944 3385 3997 Τοῦτο
3409 3941 3519 4013 γὰρ
3550 3939 3738 4007 φύσεως

2185 4045 2430 4109 ἀπαθοῦς
2455 4062 2517 4098 τε
2541 4044 2638 4097 καὶ
2670 4042 2963 4103 ἀθανάτου,
3010 4039 3165 4102 ἀλλὰ,
3198 4036 3295 4103 Μὴ
3316 4031 3681 4100 ,βασιλευέτω
3704 4027 3733 4092 ἡ

2188 4139 2442 4210 ἁμαρτία
2465 4138 2536 4191 ἐν
2563 4135 2642 4202 τῷ
2671 4133 2867 4203 θνητῷ
2910 4131 3099 4199 ὑμῶν,
3137 4131 3342 4200 κράτος
3381 4128 3556 4198 ἐχέτω
3578 4142 3590 4156 ’
3626 4120 3738 4192 μηδὲ

2183 4234 2338 4302 δίκην
2368 4228 2594 4284 οἰκετῶν
2621 4228 2681 4282 τὸ
2710 4226 3180 4300 προσταττόμενον
3218 4222 3312 4275 ὑπ’
3342 4220 3520 4290 αὐτῆς
3557 4219 3611 4271 ὲν
3639 4215 3738 4272 ταῖς

2185 4325 2277 4379 τοῦ
2317 4324 2567 4395 σώματος
2613 4320 2771 4391 ἡμῶν
2813 4317 3138 4388 ἐπιθυμίαις
3184 4314 3264 4367 ἔτι
3313 4315 3495 4366 ποιεῖν
3542 4305 3741 4364 καταδέ-

498 4422 807 4486 desideriis,
835 4418 1113 4474 tradentes
1154 4431 1385 4483 corpora
1418 4424 1600 4469 vestra
1632 4412 1784 4481 quasi
1818 4411 2068 4465 satellites

2179 4417 2338 4488 χεσθε
2360 4415 2403 4482 ⁸,
2436 4412 2773 4485 δορυφόρους
2820 4409 3012 4479 ὥσπερ
3059 4407 3228 4478 αὐτὴν
3262 4404 3399 4474 πρὸς
3444 4403 3740 4471 συνέργειαν

500 4516 566 4569 ad
622 4517 794 4584 ipsam
848 4509 1152 4580 iniquitatis
1208 4506 1672 4575 cooperatiouem.
1730 4503 2068 4572 lniquitatem

2176 4511 2276 4581 τῆς
2309 4507 2522 4569 ἀδικίας
2544 4504 2612 4558 τὰ
2636 4502 2846 4557 ἑαυτῶν
2872 4500 3236 4572 παρεχόμενοι
3262 4497 3420 4566 μέλη.
3448 4494 3589 4549 Ἀλλ’
3626 4494 3739 4545 ἀπο-

501 4609 689 4680 l‘ugite,
722 4610 893 4678 ipsam
956 4604 1108 4659 vobis
1151 4603 1438 4657 adversam
1487 4600 1811 4666 hostemque
1840 4596 2068 4666 cegitan-

2183 4601 2447 4671 φυγόντες
2470 4597 2706 4666 ἐκείνην,
2726 4595 2821 4648 καὶ
2852 4593 3117 4663 πολεμίαν
3136 4591 3262 4659 ὑμῖν
3289 4585 3428 4641 εἶναι
3450 4588 3550 4640 καὶ
3570 4582 3739 4655 ἐχθρὰν

500 4677 586 4758 tes
605 4719 620 4767 ;
651 4703 716 4755 ad
749 4677 917 4755 Deum
957 4695 1253 4766 confugite,
1288 4703 1344 4748 et
1375 4691 1731 4761 vosmetipsos
1766 4690 1838 4743 illi
1873 4703 2068 4758 praepa-

2182 4694 2546 4765 ὴγησάμενοι,
2567 4688 2917 4758 καταφύγετε
2936 4684 3072 4755 πρὸς
3088 4683 3242 4745 Θεὸν,
3260 4681 3355 4734 καὶ
3372 4681 3447 4744 ὡς
3470 4677 3739 4734 ἀθανάτους

508 4804 623 4849 rate
657 4792 810 4863 quasi
842 4787 1179 4845 immortales
1218 4784 1513 4841 secundum
1542 4782 1767 4854 justitia:
1807 4779 2068 4834 rectitudi

2186 4784 2334 4855 αὐτῷ
2367 4783 2507 4855 πρὸς
2533 4778 2884 4847 δικαιοσύνης
2915 4776 3057 4829 κατά
3100 4772 3451 4840 δικαιοσύνης
3489 4764 3739 4834 κατόρθω-

506 4905 631 4943 nem
662 4905 675 4941 :
705 4886 989 4940 Peccatum
1030 4883 1167 4935 enim
1200 4881 1343 4935 vobis
1389 4895 1493 4933 non
1531 4876 1895 4931 dominabitur
1923 4890 1940 4927 :
1975 4888 2078 4925 non

505 4982 640 5036 enim
666 4978 760 5033 sub
793 4977 902 5048 lege
931 4977 1079 5040 estis,
1125 4973 1216 5027 sed
1266 4972 1361 5026 sub
1410 4970 1606 5040 gratia.
1642 4966 1863 5022 Sciebat
1904 4963 2080 5018 homi-

504 5088 624 5129 nem
658 5069 929 5127 earnalem
961 5074 1207 5137 paratum
1239 5063 1354 5118 lore
1399 5064 1476 5117 uti
1528 5062 1702 5132 gratia
1753 5061 1818 5113 ad
1861 5058 2077 5126 impune

503 5164 857 5237 peccandum.
904 5160 1017 5220 Hoc
1049 5158 1355 5228 praevidens
1387 5170 1692 5210 sermonem
1742 5153 1805 5206 de
1836 5151 1926 5204 illo
1976 5148 2076 5202 sibi

504 5257 690 5328 objicit
721 5255 907 5310 dicens
934 5270 946 5307 :

577 5441 739 5497 Vsus.
792 5439 881 5493 15.
939 5456 956 5489 ι
988 5436 1126 5503 Quid
1168 5434 1338 5505 ergo?
1387 5431 1773 5501 peccabituus,
1825 5429 2080 5499 quoniam

510 5548 615 5588 non
644 5548 833 5589 sumus
863 5530 963 5585 sub
988 5530 1124 5597 lege,
1163 5526 1254 5580 sed
1284 5526 1385 5579 sub
1416 5523 1625 5591 gratia?
1648 5522 1820 5576 Absit.
1856 5541 1872 5571 ι

583 5688 604 5723 ⁸
627 5687 756 5757 Leg.
787 5686 1058 5757 καθάπερ.

2189 4897 2270 4932 σιν
2305 4877 2531 4937 ἑαυτοὺς
2577 4871 2975 4943 εὐτρεπίσατεο
3020 4865 3293 4937 Ἀμαρτία
3339 4863 3452 4931 γὰρ
3504 4857 3660 4927 ὑμῶν
3682 4852 3738 4903 ei)

2188 4970 2509 5039 κυριεύσει,
2540 4967 2613 5019 οὐ
2637 4941 2746 5033 γάρ
2774 4960 2915 5015 ἐστὲ
2948 4957 3066 5013 ὑπὸ
3108 4957 3319 5024 νόμον,
3344 4953 3486 5007 ἀλλ’
3523 4946 3634 5005 ὑπὸ
3656 4941 3738 5011 xli-

2180 5081 2303 5131 ριν.
2333 5063 2516 5129 Ἔγνω
2544 5056 2735 5111 τούτου
2772 5053 2866 5107 τὸν
2898 5048 3159 5121 σαρκικδν
3209 5046 3446 5116 ἑτοίμως
3474 5042 3734 5109 ἐξόμενον’

2187 5157 2280 5208 καὶ
2299 5155 2363 5223 τῇ
2387 5152 2571 5222 χάριτι
2594 5145 3048 5219 πρδςὰμάρτημα
3073 5131 3736 5229 ίίιτιοχρησάμενον,ἔιδειιινζ

2188 5245 2360 5298 Τοῦτο
2412 5243 2594 5296 τοίνυν
2643 5235 3032 5308 προυπειδόνος
3066 5229 3187 5301 (sic)
3225 5227 3444 5297 ἑαυτῷ,
3500 5224 3587 5276 τὸν
3629 5231 3723 5279 παρ

2185 5338 2395 5391 ἐκείνου
2419 5336 2578 5403 λόγον
2610 5326 2980 5397 ἀνθυποφέρει
3009 5324 3100 5378 καί
3131 5339 3299 5393 φησιν
3324 5335 3339 5350 ·

2264 5448 2281 5478 ι
2316 5428 2381 5480 Τί
2409 5399 2537 5490 obii;
2565 5423 2980 5494 ἁμαρτήσομεν,
3007 5416 3092 5468 ὅτι
3114 5415 3214 5466 οὐκ
3246 5411 3412 5483 ἐσμὲν
3449 5405 3551 5463 ὑπδ
3575 5399 3732 5470 νόμον.

2189 5520 2303 5572 ἀλλ’
2329 5519 2432 5569 ὑπὸ
2464 5518 2660 5587 liram;
2699 5513 2783 5583 Μὴ
2810 5511 3037 5581 γένοιτο.
3068 5525 3089 5560 s

1139 5685 1176 5714 ³³
1208 5683 1336 5751 Leg.
1372 5678 1681 5752 ῥυθμίζειν.
1758 5676 1777 5707 ⁸
1806 5677 1938 5731 Cod.
1975 5673 2391 5744 καταδέχεσθαι.
