4068 6126
425 324 559 391 ῙίὶἹΊ

1457 322 1920 384 FRAGMENTA
1964 320 2042 380 IN
2085 319 2323 381 EPIST.
2366 321 2465 379 AD
2504 320 2687 381 ROM.

3564 320 3702 389 1678

497 438 571 493 Οὐ
601 439 710 509 γὰρ
741 438 886 508 ὑμᾶς
933 436 1115 500 τοῦτο,
1146 437 1302 506 φησὶ,
1336 435 1584 507 λέληθεν,
1620 436 1700 489 ὅτι
1728 433 1996 503 προσῆκον

2181 429 2299 486 Non
2350 431 2635 502 ignoratis,
2681 430 2878 502 inquit,
2924 445 3020 488 vos
3062 430 3263 488 debere
3309 431 3362 487 in
3409 433 3700 503 propositis

419 531 551 602 ὑμίν
595 533 716 594 ταῖς
766 529 921 600 ὑμῶν
972 527 1154 583 αὐτῶν
1207 527 1526 595 ὁμολογίαις
1572 526 1864 596 ἐμμένεινο
1917 523 1996 577 καἸ

2112 522 2310 579 vestris
2380 531 2691 578 constantes
2725 538 3072 593 permanere.
3134 532 3189 579 et
3255 540 3700 597 unumquemque

418 623 608 677 τοῦτον
642 622 724 675 ὅτι
772 621 1043 691 δεσπότην
1096 618 1292 673 ἑαυτοῦ
1328 621 1442 682 τοῖς
1474 617 1660 688 ἔργοις
1704 634 1791 679 τις
1827 613 2011 668 ἐπιδέ-

418 712 629 767 δεικται
658 712 750 766 τὸν
780 707 840 765 οὗ
868 714 979 775 τοῖς
1020 709 1145 780 (sic)
1197 708 1568 778 κελεύσμασιν
1597 707 1840 776 ἔγνωκεν
1867 707 2009 761 ὑπα-

419 799 636 858 κούεινό
670 804 773 857 κᾶν
807 803 1054 874 ἁμαρτία
1074 801 1256 867 τοῦτο,
1296 800 1397 855 κᾶν
1420 801 1759 872 δικαιοσύνη.
1796 802 1868 853 Τὸ
1899 798 2009 869 γὰρ

419 896 538 967 ιἦτοι
567 894 865 966 ἁμαρτίας,
900 894 933 966 ἢ
973 892 1222 964 ὑπακοῆς
1263 894 1344 957 εἰς
1383 893 1731 964 δικαιοσύνην
1781 892 2008 961 impii;

419 986 706 1059 εἰρημένον
750 986 992 1040 τοιοῦτόν
1025 988 1195 1051 ἐστιν,
1243 984 1366 1057 ἦτοι
1416 985 1691 1057 ἁμαρτίας
1740 987 1820 1049 εἰς
1869 985 2008 1039 ὑπα-

418 1078 571 1149 κοὴν,
607 1077 640 1148 ἢ
666 1077 1041 1147 δικαιοσύνης.

493 1184 510 1216 σ
566 1165 741 1235 Χάρις
772 1165 831 1218 δὲ
883 1163 962 1237 τῷ
994 1165 1147 1238 Θεῷ,
1181 1166 1264 1221 ὅτι
1315 1162 1413 1240 ἦτε
1451 1164 1631 1221 δοῦλοι
1670 1166 1771 1238 τῆς
1818 1167 2003 1239 ἁμαρ-

414 1255 554 1319 τίας.
588 1276 609 1309 θ

489 1347 684 1415 Χάρις,
712 1350 868 1419 φησὶ,
892 1348 973 1414 τῷ
1004 1350 1150 1416 Θεῷ,
1189 1350 1279 1405 ὅτι
1300 1344 1407 1422 ἥτε
1432 1351 1642 1406 δοῦλοι
1684 1352 1797 1422 τῆς
1824 1355 2006 1423 ἀμαρ-

416 1441 545 1503 τίας
572 1454 586 1467 ο
640 1437 857 1509 λάχετε,
904 1440 1004 1510 τῆς
1046 1442 1326 1512 ἁμαρτιας
1380 1442 1731 1513 ἀνθελόμενοι
1786 1443 1885 1515 τὴν
1927 1443 2006 1496 δι-

414 1529 710 1599 καιοσύνην
734 1572 748 1597 ,
782 1530 877 1585 καὶ
911 1532 1113 1605 ταύτην
1142 1533 1257 1586 ἀντ’
1294 1535 1514 1606 ἐκείνης
1544 1536 1813 1606 δεσπότην
1859 1535 2004 1606 ἔχειν

415 1615 979 1693 καταδεξάμενοιῙΗς
1008 1624 1103 1679 καὶ
1136 1624 1229 1679 τὸν
1262 1626 1432 1680 τύπον
1474 1628 1571 1698 τῆς
1608 1627 1827 1698 διδαχῆς
1859 1645 2004 1699 παρ-

415 1714 699 1785 ειληφότες
737 1716 1111 1786 προσήκασθε,
1170 1718 1307 1789 πρὸς
1342 1719 1401 1774 ὃν
1426 1718 1520 1774 τοῦ
1556 1719 1745 1774 λοιποῦ
1779 1722 2003 1791 βιωτέον

2113 618 2257 672 hunc
2300 616 2404 672 sibi
2436 620 2687 688 accipere
2733 618 2991 687 operibus
3014 619 3361 686 magistrum,
3398 620 3555 689 cujus
3598 637 3699 676 co-

2110 712 2297 777 gnovit
2333 710 2605 763 mandatis
2633 709 2940 778 subjacere,
2970 710 3089 765 sive
3124 721 3410 778 peccatum
3443 713 3535 778 sit,
3583 715 3698 766 sive

2104 797 2336 867 justitia.
2373 799 2527 866 Quod
2556 801 2700 854 enim
2732 803 2964 857 obscure
2996 802 3194 857 dicitur
3227 803 3344 857 sive
3383 805 3449 859 de
3476 818 3699 874 peccato

2111 890 2225 944 sive
2260 891 2325 945 de
2354 890 2667 946 obcditioue
2705 891 2770 945 ad
2815 890 3085 960 justitiam
3119 894 3410 949 dicendum
3447 907 3552 964 est,
3585 899 3698 953 sive

2110 978 2176 1033 de
2210 989 2436 1048 peccato
2466 983 2534 1033 ad
2563 964 2956 1047 obcditi'onem,
2991 981 3106 1036 sive
3124 982 3189 1039 de
3208 983 3447 1055 justitia.

2180 1163 2349 1221 Vens.
2403 1164 2491 1219 l7.
2561 1182 2579 1216 ι
2612 1163 2829 1221 Gratias
2878 1174 3060 1221 autem
3108 1166 3261 1233 Deo,
3321 1168 3466 1238 quod
3517 1168 3697 1224 fuistis

2108 1258 2252 1312 servi
2291 1258 2521 1327 peccati.
2564 1276 2582 1309 ι

2180 1348 2396 1405 Gratias
2441 1350 2572 1415 Deo,
2629 1350 2825 1420 inquit.
2877 1354 3018 1423 quod
3060 1351 3242 1421 fuistis
3296 1355 3432 1408 servi
3474 1355 3694 1424 peccati.

2107 1437 2359 1495 Obtiuete
2401 1454 2499 1508 pro
2550 1449 2773 1510 peccato
2816 1440 3107 1510 justitiam,
3141 1440 3259 1496 loco
3291 1442 3499 1510 peccati
3540 1441 3697 1512 justi-

2109 1533 2237 1586 tiam
2266 1530 2552 1585 Domiuum
2590 1531 2793 1586 habere
2818 1541 3215 1603 prmponenles.
3244 1533 3412 1604 Cujus
3435 1534 3696 1588 doctrina:

2112 1635 2225 1679 toto
2273 1626 2439 1680 corde
2480 1624 2781 1681 admisiStis
2833 1623 3066 1681 fortnam
3119 1636 3175 1681 et
3220 1641 3319 1697 pro
3388 1640 3494 1695 qua
3543 1625 3696 1681 vobis

2107 1714 2366 1784 deinceps
2395 1724 2651 1769 accurate
2679 1725 2766 1771 est
2792 1717 3253 1773 conversandum.
3281 1717 3341 1773 lu
3381 1717 3518 1774 tales
3548 1718 3697 1772 l‘eror

412 1805 540 1878 ὑμῖν
572 1808 836 1880 ἀκριϐῶς.
887 1809 982 1873 Εἰς
1014 1809 1293 1875 τοιούτους
1327 1814 1732 1883 κατενήνεγμαι
1780 1814 1994 1881 λόγους,

2106 1819 2407 1873 sermones,
2441 1812 2495 1860 et
2521 1805 2857 1875 argumentis
2903 1820 3117 1862 morum
3165 1806 3525 1863 humanorum
3545 1817 3692 1871 utor,

413 1901 508 1955 καὶ
563 1900 1004 1973 παραδείγμασιν
1067 1902 1427 1974 ἀνθρωπίνων
1481 1904 1808 1976 ἐχρησάμην
1855 1906 1995 1960 ἐθῶν

412 1992 507 2046 τοῦ
541 1994 678 2064 πρὸς
705 1992 908 2067 ἀρετὴν
963 1994 1153 2049 άτόνου
1183 1994 1282 2065 τῆς
1331 1995 1533 2068 σαρκὸς
1567 1996 1721 2067 ὑμῶν
1763 2015 1828 2069 με
1864 2015 1995 2053 κατ-

415 2085 821 2155 ἀναγκάσαντα.

491 2194 511 2227 ι
544 2175 756 2247 Ὥσπερ
791 2175 901 2248 γάρ
952 2177 1334 2249 παρεστήσατε
1367 2178 1436 2231 τά
1477 2177 1614 2250 μέλη
1657 2178 1812 2250 ὑμῶν
1833 2178 1997 2235 δοῦλα

414 2268 482 2339 τῇ
512 2267 846 2338 ἀκαθαρσίᾳ.
890 2287 909 2320 ι

484 2356 716 2427 Ὥσπερ
737 2358 845 2430 γὰρ
867 2361 1310 2429 παρεστήσατε,
1338 2363 1493 2433 φησι,
1528 2364 1599 2419 τὰ
1616 2363 1776 2433 μέλη
1804 2361 1991 2432 ὑμῶν,

415 2448 510 2502 καὶ
544 2449 611 2503 τά
640 2450 788 2521 ἑξῆς.
827 2451 931 2507 Τὸν
952 2452 1061 2525 γὰρ
1096 2454 1377 2508 κάνταῦθα
1410 2454 1726 2526 σύνδεσμον,
1755 2457 1874 2509 ἀντὶ
1899 2456 1993 2509 τοῦ

414 2541 596 2595 τοίνυν
638 2545 967 2615 παρείληφε.
1012 2548 1104 2599 Δεῖ
1149 2546 1328 2600 τοίνυν
1376 2548 1543 2617 ὑμᾶς,
1573 2550 1761 2618 φησὶν,
1804 2547 1995 2620 ὥσπερ

417 2636 475 2689 ἐν
502 2637 578 2706 τῷ
610 2638 843 2708 πρόσθεν
866 2638 1021 2702 ὅλους
1050 2640 1277 2703 ἑαυτοὺς
1317 2641 1382 2711 τῇ
1422 2638 1624 2711 ἀνομίᾳ
1653 2638 1790 2710 πρὸς
1826 2641 1997 2710 ἐργα-

418 2727 541 2780 σίαν
585 2728 928 2800 ἀκαθαρσίας
981 2730 1328 2785 ὲκδεδώκειτε
1379 2730 1581 2802 πάσης,
1627 2730 1772 2785 οὕτω
1817 2731 1931 2796 νῦν,
1961 2731 1996 2801 ἢ

418 2817 513 2871 καὶ
565 2818 763 2888 μᾶλλον
813 2821 1220 2892 ἀποσχομένους
1243 2823 1469 2876 ἐκείνων
1513 2823 1852 2886 παντάπασι,
1899 2824 1998 2895 τὴν

416 2910 765 2982 δικαιοσύνης
825 2914 1132 2977 σπουδαίως
1173 2915 1436 2986 ἀγιότητα
1500 2914 1800 2986 μετελθεῖν.
1852 2917 1997 2970 Ἴστε

417 3001 525 3072 γάρ
556 3018 657 3054 που
688 3002 778 3054 τὸν
809 3002 999 3073 χρόνον
1033 3004 1264 3068 ἐκεῖνον,
1300 3004 1486 3076 φησὶν,
1513 3006 1570 3057 ἐν
1609 2996 1654 3073 ᾧ
1691 3003 1792 3075 τῆς
1815 3006 2000 3078 ἀμαρ-

415 3094 536 3157 τίας
560 3094 926 3165 ἐπιτάγμασιν
954 3095 1339 3151 ύπετάττεσθε.
1369 3096 1493 3161 Πῶς
1512 3092 1580 3168 ἦν
1605 3097 1733 3169 ὑμῖν
1764 3099 2000 3170 πρᾶγμα

416 3186 597 3238 κοινὸν
635 3186 773 3257 πρὸς
803 3186 901 3257 τὴν
939 3187 1285 3260 δικαιοσύνην
1326 3188 1499 3243 οὐδέν.

492 3296 511 3330 ι
554 3278 686 3330 Τίνα
717 3274 808 3330 οὖν
840 3278 1049 3349 καρπὸν
1094 3280 1267 3350 εἴχετε
1304 3281 1448 3347 τότε,
1484 3282 1543 3335 ὲν
1580 3275 1662 3345 οἷς
1710 3281 1805 3336 νῦν
1838 3283 1999 3335 ἐπαι-

417 3369 708 3440 σχύνεσθες
739 3389 757 3420 ι

489 3462 682 3515 Καίτοι
714 3460 885 3531 ἡδέως
918 3460 985 3514 ἂν
1025 3460 1198 3531 ἔγωγε
1228 3461 1323 3516 νῦν
1363 3462 1639 3534 πυθοίμην
1672 3465 1827 3536 ὑμῶν
1857 3467 1997 3540 ὑπὲρ

415 3554 536 3606 ὅτου
572 3553 1066 3623 κατεσπευσμένως
1096 3554 1270 3618 οὓτως
1315 3558 1382 3627 τῇ
1411 3556 1657 3629 ἁμαρτία
1684 3560 1788 3629 τὴν
1827 3560 1997 3630 καλὴν

415 3644 631 3716 ἐκείνην
675 3644 918 3698 δουλείαν
968 3645 1352 3715 ἐξεπληροῦτε,
1390 3647 1486 3699 καὶ
1532 3648 1615 3710 τίς
1642 3648 1743 3718 τῆς
1790 3651 1997 3721 πολλῆς

413 3733 618 3803 ταύτης
649 3734 865 3798 εὐνοίας
882 3734 1035 3805 ὑμῶν
1063 3733 1091 3785 ό
1126 3734 1357 3802 καρπός.
1388 3735 1460 3787 Οὒ
1501 3735 1700 3805 φθορὰ,
1734 3738 1828 3790 καὶ
1854 3738 1995 3791 ἀκα-

415 3824 751 3897 θαρσία,κα“ι
790 3825 1040 3891 θάνατος,
1086 3825 1181 3878 καὶ
1220 3824 1289 3876 τὰ
1336 3826 1519 3896 πάσης
1561 3827 1823 3899 αἰσχύνης
1860 3829 1997 3883 ἀνά-

416 3934 629 3989 μεστα;
664 3919 805 3988 Ἀρα
842 3916 956 3984 οὖν,
995 3917 1152 3987 φησὶ.
1181 3916 1409 3970 τοιαῦτα
1439 3919 1533 3971 καὶ
1580 3918 1650 3971 τὰ
1693 3919 1809 3983 νῦν,
1846 3919 1879 3989 ἢ
1908 3939 1998 3991 μι-

411 4007 531 4078 κρῷ
551 4006 629 4078 τῷ
661 4008 754 4060 καὶ
786 4006 861 4077 τῷ
881 4007 1099 4077 τυχόντι
1127 4007 1472 4079 διεστηκότα,
1502 4009 1617 4065 ἀλλ’
1642 4010 1764 4081 οὐχὶ
1792 4011 1870 4083 τῷ
1887 4012 1995 4083 ὅλῳ

413 4101 508 4153 καὶ
533 4100 611 4169 τῷ
632 4100 796 4153 παντί
817 4118 832 4166 ;
867 4099 1252 4171 Ἀλλαξάμενοι
1277 4102 1384 4174 γάρ
1405 4102 1503 4173 τῆς
1536 4104 1809 4176 ἁμαρτίας
1837 4104 1991 4171 Θεὸν,

415 4192 509 4246 καὶ
538 4191 607 4246 τά
650 4191 907 4245 δοκοῦντα
935 4191 1109 4262 τούτῳ
1133 4192 1564 4262 διαπράττεσθαι
1593 4194 1831 4262 γνόντες,
1860 4212 1995 4268 καρ-

414 4284 617 4339 ποῦσθε
669 4286 768 4356 μὲν
806 4284 899 4339 τὸν
936 4284 1203 4355 ἀγιασμδν
1253 4285 1315 4338 τὸ
1362 4288 1783 4360 ἀναμάρτητονο
1830 4306 1991 4343 τουτ-

416 4379 584 4442 ἐστιν,
616 4378 682 4431 ὲκ
713 4377 771 4432 δὲ
798 4376 989 4431 τούτου
1017 4376 1079 4429 τὸ
1101 4376 1392 4442 ἀθανάτοις
1425 4379 1553 4450 ὑμῖν
1584 4379 1861 4452 διαμένειν
1894 4399 1995 4435 πε-

414 4469 647 4541 ριέσται.

998 4601 1249 4656 ΚΕΦΑΛ.
1317 4604 1391 4658 Z'.

490 4760 509 4791 ι
544 4741 731 4804 Ὥστε,
764 4735 987 4806 ἀδελφοί
1022 4751 1145 4805 μου,
1179 4734 1273 4788 καὶ
1304 4734 1462 4807 ὑμεῖς
1504 4735 1881 4810 ἐθανατώθητε
1912 4740 1990 4813 τῷ

417 4832 563 4903 νόμῳ
584 4831 671 4885 διά
699 4829 790 4883 τοῦ
822 4829 1075 4898 σώματος
1104 4825 1201 4879 τοῦ
1231 4827 1490 4898 Χριστοῦ.
1529 4848 1547 4881 ι

477 4926 612 4995 Φέρε
645 4922 729 4993 δὴ,
776 4922 962 4990 φησὶν,
998 4919 1357 4989 συστήσωμεν
1414 4922 1506 4973 καὶ
1548 4922 1655 4974 ἀπὸ
1686 4922 1779 4977 τοῦ
1823 4925 1988 4995 νόμου

411 5015 566 5067 τοῦτο
594 5014 746 5067 αὑτό.
786 5010 996 5065 Οὐκοῦν
1022 5012 1135 5064 ίστε
1180 5011 1508 5081 νομομαθεῖς
1542 5011 1693 5076 ὄντες
1732 5015 1892 5069 τοῦτό
1925 5034 1989 5085 γε

409 5104 674 5175 ἀκριϐῶς,
703 5105 786 5156 ὅτι
817 5103 909 5156 τοῦ
933 5102 1225 5174 ἀνθρώπου
1256 5102 1445 5173 κύριος
1467 5104 1495 5154 ό
1519 5103 1681 5173 νόμος
1710 5106 1907 5177 μέχρις
1929 5101 1989 5163 οὗ

412 5196 478 5264 ζῇ
511 5192 873 5262 καθέστηκεν.
911 5193 975 5244 Ἦ
1010 5190 1143 5260 γοῦν
1197 5189 1465 5262 ὕπανδρος
1512 5193 1649 5262 γυνὴ
1681 5194 1843 5259 ζῶντι
1892 5198 1990 5267 μὲν

410 5286 488 5356 τῷ
518 5285 694 5354 ἀνδρὶ,
725 5283 1075 5352 προσδέδεται
1117 5282 1289 5353 νόμῳ.
1321 5282 1533 5336 Οὐκοῦν
1568 5285 1733 5340 αὐτοῦ
1771 5288 1989 5357 περιόν-

414 5394 503 5439 τος
526 5375 627 5428 ίδοι
653 5376 787 5445 πρὸς
820 5376 1027 5445 ἕτερον,
1056 5376 1089 5444 ἢ
1136 5374 1454 5445 κεκρίσεται
1495 5378 1774 5446 μοιχαλίς·
1806 5380 1990 5434 τελευ-

410 5471 676 5537 τήσαντος
710 5465 765 5517 δὲ
797 5466 1015 5534 ἀφεῖται
1044 5465 1139 5517 τοῦ
1169 5467 1359 5534 νόμου,
1390 5465 1484 5519 καὶ
1516 5470 1827 5537 συνοικήσει
1865 5471 1985 5537 μὲν,

412 5554 457 5627 ᾧ
489 5559 777 5628 βούληται·
814 5556 875 5608 τὸ
904 5557 960 5610 δὲ
988 5557 1087 5627 τῆς
1132 5557 1380 5627 μοιχείας
1418 5558 1671 5627 ἔγκλημα
1704 5559 1989 5628 διαφεύξε-

411 5669 523 5704 ται.
554 5651 695 5721 ’Ἄρα
718 5649 832 5713 οὖν,
849 5648 1089 5717 ἀδελφοὶ,
1120 5648 1362 5701 τοιοῦτόν
1388 5666 1439 5702 τι
1466 5651 1642 5703 καὶτὸ
1671 5651 1791 5705 καθ’
1822 5652 1985 5721 ὑμᾶς.

410 5742 677 5813 ιἐγόνατε
729 5742 825 5812 μὲν
861 5742 968 5810 γὰρ
1012 5740 1401 5805 πιστεύσαντες
1455 5742 1548 5796 τοῦ
1598 5742 1849 5813 σώματος
1894 5743 1986 5797 τοῦ

2106 1894 2231 1967 quia
2264 1894 2411 1966 c0git
2431 1908 2520 1952 me
2548 1894 2841 1952 inﬁrmitas
2871 1896 3055 1954 carnis
3084 1904 3280 1955 vestrae
3312 1898 3380 1954 ad
3410 1896 3690 1957 virtutem.

2179 2176 2347 2232 Vens.
2380 2177 2468 2234 l9.
2514 2196 2533 2230 ι
2564 2176 2722 2235 Sicut
2753 2178 2902 2234 enim
2948 2177 3279 2235 exhibuistis
3322 2180 3566 2238 membra
3595 2194 3691 2238 ve-

2106 2274 2217 2321 stra
2248 2267 2455 2322 servire
2482 2266 2858 2323 immunditite.
2890 2287 2910 2321 ι

2179 2354 2327 2411 Sicut
2351 2356 2511 2424 enim,
2547 2356 2743 2428 inquit,
2771 2356 3085 2413 exhibuistis
3111 2358 3347 2414 membra
3367 2368 3560 2429 vestra,
3584 2371 3690 2419 etc.

2108 2445 2392 2503 Vinculum
2442 2447 2716 2518 posterius
2776 2448 2895 2503 loco
2943 2448 3144 2503 vinculi
3205 2451 3407 2520 prioris
3456 2453 3688 2523 accepit.

2105 2536 2334 2607 Oportet
2370 2537 2553 2607 igitur,
2598 2538 2799 2609 inquit,
2830 2540 3294 2609 quemadmodum
3341 2550 3504 2598 antea
3548 2553 3692 2601 totos

2107 2632 2472 2704 vosmetipsos
2522 2631 2804 2702 injustitia:
2849 2633 3153 2689 tradidistis
3203 2634 3270 2689 ad
3318 2637 3691 2706 operationem

2107 2724 2286 2780 onmis
2327 2724 2707 2793 immunditiae,
2759 2725 2831 2778 ita
2865 2741 3011 2781 nunc
3051 2725 3269 2797 longius
3303 2728 3372 2784 ab
3421 2728 3540 2785 istis
3574 2744 3692 2785 om-

2108 2814 2238 2870 nino
2271 2814 2633 2883 discedentes,
2654 2830 2780 2871 cum
2809 2817 2956 2871 omni
3002 2818 3183 2874 studio
3211 2818 3279 2874 ad
3300 2818 3528 2888 iustitia:
3556 2836 3689 2877 sau-

2109 2907 2356 2963 ctitatem
2402 2908 2677 2980 progredi.
2712 2905 2883 2965 Scitis
2914 2911 3083 2975 enim,
3136 2911 3334 2981 inquit,
3369 2921 3584 2982 tempus
3622 2914 3689 2969 il~

2109 2995 2219 3061 lud,
2254 2997 2308 3051 in
2349 3010 2455 3066 quo
2490 2997 2757 3052 mandatis
2793 2999 3001 3068 peccati
3043 3000 3386 3068 serviebatis,
3416 3006 3689 3073 quomodo

2112 3085 2245 3140 nihil
2273 3085 2340 3139 ad
2366 3086 2636 3155 justitiam
2662 3088 2931 3157 agebatis.

2172 3272 2336 3326 Vsus.
2368 3271 2458 3326 2|.
2505 3289 2525 3324 ι
2558 3273 2731 3340 Quem
2778 3289 2909 3345 ergo
2948 3275 3185 3330 fructum
3212 3276 3427 3336 habetis
3477 3287 3604 3336 tunc
3632 3282 3684 3336 iu

2106 3362 2236 3430 illis,
2270 3366 2323 3418 in
2354 3364 2552 3434 quibus
2586 3379 2729 3419 nunc
2761 3366 3124 3422 erubescitis?
3149 3387 3169 3420 ι

2172 3454 2430 3510 Libenter
2468 3470 2612 3511 nunc
2647 3471 2677 3510 a
2718 3457 2869 3512 vobis
2905 3459 3147 3513 audirem
3195 3474 3316 3516 cum
3349 3473 3555 3533 quanto
3604 3481 3689 3519 ar-

2102 3549 2233 3604 dore
2271 3547 2413 3602 hanc
2434 3546 2716 3617 pulchram
2760 3559 2984 3619 peccato
3032 3552 3352 3609 servitutem
3387 3557 3680 3621 serviistis,

2101 3648 2156 3696 et
2187 3641 2437 3710 quisnam
2487 3642 2557 3695 sit
2597 3640 2756 3710 hujus
2792 3642 2972 3713 magni
3004 3645 3170 3699 studii
3215 3645 3446 3703 fructus.
3491 3648 3685 3707 Nonne

2100 3731 2396 3798 corruptio,
2415 3739 2470 3785 et
2488 3731 2854 3796 immunditia,
2870 3744 2925 3787 et
2942 3749 3110 3801 mors,
3127 3745 3181 3790 et
3194 3738 3343 3792 omni
3359 3743 3681 3795 verecundia

2101 3821 2296 3891 plena?
2320 3822 2401 3875 An
2426 3821 2588 3893 igitur
2623 3823 2707 3876 his
2731 3833 2858 3877 sunt
2893 3826 3090 3880 similia
3119 3843 3240 3897 qua:
3274 3845 3417 3885 nunc
3444 3832 3678 3900 habetis,

2098 3919 2190 3965 aut
2209 3911 2573 3977 modicum,et
2597 3927 2725 3966 casu
2757 3923 2968 3968 tantum
2994 3930 3022 3969 a
3056 3917 3331 3985 prioribus
3356 3920 3678 3993 discrepan-

2100 4003 2198 4069 tia,
2230 4010 2286 4058 et
2319 4017 2425 4056 non
2455 4001 2614 4072 plane
2645 4003 2900 4058 diversa?
2937 4004 3103 4061 Deum
3143 4007 3263 4063 loco
3289 4014 3495 4076 peccati
3522 4031 3679 4071 acce-

2098 4094 2270 4166 pistis,
2300 4104 2356 4151 et
2379 4109 2500 4165 quae
2530 4094 2727 4165 placita
2758 4105 2886 4152 sunt
2920 4098 2969 4153 ei
2994 4113 3410 4171 cognoscentes,
3437 4103 3675 4165 fructum

2099 4176 2310 4243 habetis
2361 4187 2874 4255 sanctiﬁcationem,
2924 4189 2977 4245 id
3022 4200 3106 4247 est
3159 4193 3674 4272 innocentiam,qua

2096 4278 2252 4336 vobis
2283 4280 2503 4350 insuper
2524 4279 2742 4335 dabitur
2769 4279 3170 4342 immortalibus
3203 4300 3345 4345 esse.

2725 4600 2878 4658 CAP.
2916 4599 3030 4657 Vll.

2175 4732 2336 4789 Vens.
2373 4736 2428 4789 4.
2473 4753 2491 4786 ι
2523 4733 2730 4804 Itaque,
2760 4734 2954 4793 fratres
2978 4736 3108 4804 mei,
3150 4747 3205 4795 et
3231 4756 3328 4800 vos
3359 4750 3671 4809 mortiﬁcati

2098 4827 2229 4881 estis
2259 4827 2359 4897 legi
2392 4842 2488 4896 per
2512 4843 2710 4898 corpus
2735 4829 2960 4887 Christi.
2998 4852 3019 4885 ι

2167 4918 2281 4988 Age
2314 4919 2497 5012 igitur,
2546 4920 2740 5012 inquit,
2775 4922 2879 4978 hoc
2914 4940 3013 4994 per
3052 4928 3225 5012 legem
3270 4930 3441 5001 ipsam
3477 4938 3678 4989 contir-

2099 5024 2330 5065 memus.
2380 5010 2500 5065 Non
2545 5011 2832 5082 ignoratis,
2867 5032 2988 5072 cum
3025 5010 3197 5090 legem
3232 5032 3287 5077 et
3330 5025 3548 5093 quidem
3583 5044 3679 5081 ac-

2100 5102 2443 5157 curatissime
2506 5104 2701 5169 scitis,
2761 5106 2932 5175 legem
2990 5112 3044 5164 in
3115 5113 3337 5169 homine
3404 5116 3673 5171 dominari

2097 5203 2302 5263 quanto
2346 5192 2590 5263 tempore
2634 5196 2789 5250 vivit.
2832 5196 3027 5253 Mulier
3058 5201 3227 5271 igitur
3256 5219 3376 5272 quae
3411 5207 3512 5260 sub
3558 5209 3676 5260 viro

2096 5295 2199 5347 est,
2236 5283 2451 5339 vivente
2482 5286 2698 5353 marito,
2735 5286 2839 5358 legi
2867 5291 3133 5360 subjacet.
3169 5291 3250 5354 Si,
3299 5294 3511 5349 vivente
3535 5296 3674 5361 viro,

2098 5376 2264 5429 alium
2316 5379 2683 5446 conspexerit,
2747 5381 3032 5435 vocabitur
3071 5382 3339 5437 adultera.
3389 5382 3446 5438 Si
3495 5398 3674 5441 autem

2100 5476 2345 5520 mortuus
2362 5465 2526 5522 fuerit
2550 5470 2773 5524 maritus
2799 5470 2935 5538 ejus,
2962 5472 3188 5526 liberata
3211 5485 3295 5528 est
3315 5489 3344 5526 a
3363 5474 3517 5545 lege;
3547 5492 3675 5533 cum

2098 5560 2215 5613 viro
2260 5574 2419 5628 quem
2469 5559 2697 5614 voluerit
2741 5561 2906 5627 vivet,
2948 5564 3077 5632 quin
3130 5565 3376 5620 incurrat
3420 5566 3673 5623 adulterii

2098 5649 2330 5703 crimen.
2384 5647 2457 5701 Ita
2509 5664 2568 5703 se
2616 5651 2836 5714 habent,
2866 5650 3091 5718 fratres,
3134 5669 3256 5725 qua
3303 5655 3371 5711 ad
3408 5670 3507 5711 vos
3555 5673 3675 5727 spc-

2099 5749 2271 5795 etaut.
2299 5739 2400 5794 Per
2433 5741 2589 5795 ﬁdem
2640 5744 2888 5812 corporis
2912 5744 3114 5801 Christi
3145 5746 3394 5804 membra
3428 5748 3560 5803 estis
3589 5748 3671 5802 ef-
