4014 6122
192 275 353 344 1689
1237 284 1706 362 FRAGMENTA
1742 286 1823 347 IN
1864 287 2105 352 EPIST.
2144 288 2247 349 AD
2284 288 2470 350 ROM.
3337 282 3480 348 1690

823 395 1076 450 ΚΕΦΑΔ.
1119 397 1200 450 H’.

2448 434 2452 439 ~
2518 396 2672 457 CAP.
2718 398 2852 456 Vill.

1970 532 2139 588 Vens.
2171 534 2228 588 3.
2273 551 2292 585 ι
2321 532 2454 588 Nam
2508 531 2655 602 quod
2709 528 3045 599 impossibile
3085 540 3201 585 erat
3245 530 3371 602 legi,
3419 530 3473 585 in

1896 641 2004 696 quo
2036 627 2417 680 inllrmabatur
2448 640 2545 694 per
2575 639 2815 678 carnem.
2854 641 2873 673 ι

1964 717 2265 783 Justitiam,
2321 717 2516 786 inquit,
2548 730 2711 785 quam
2758 715 2840 768 lex
2891 713 3373 783 prmcipiebat,sed
3416 712 3470 767 iu

1892 810 2050 866 nobis
2101 808 2352 865 conferre
2386 825 2490 863 non
2544 818 2756 879 poterat
2806 809 2876 862 ob
2927 822 3148 862 carnem
3206 816 3471 873 nostram,

1893 903 2034 958 hanc
2084 903 2224 957 Deus
2269 903 2425 958 nobis
2466 900 2737 956 concessit
2780 900 2833 955 iu
2875 898 3119 955 Christo.
3167 897 3300 951 Nam
3346 913 3469 952 cum

1893 995 2133 1050 misisset
2179 994 2374 1050 Filium
2414 1009 2573 1049 suum
2622 993 2675 1047 in
2718 1005 2885 1047 carne
2928 1000 3115 1046 nostra
3147 989 3385 1059 passibili
3417 1000 3473 1045 et

290 544 310 579 ι
350 526 423 581 Τὸ
457 529 565 598 γὰρ
602 528 866 584 ἀδύνατον
916 529 1011 585 τοῦ
1048 531 1214 602 νόμου
1268 532 1329 584 ὲν
1358 526 1404 601 ᾧ
1438 531 1662 604 ἠσθένει
1706 533 1796 587 διὰ

189 620 312 692 τῆς
339 622 563 690 σαρκός.
606 642 623 676 ι

282 714 330 745 ³ο
359 715 460 767 Ἢν
496 715 524 767 ὁ
556 715 737 785 νόμος,
772 715 928 788 φησὶ,
956 716 1242 772 δικαίωσιν
1272 717 1634 789 ὑπαγορεύων
1666 720 1789 790 ἠτό-

184 816 290 854 νει
322 802 411 856 διὰ
438 804 539 874 τῆς
577 805 854 875 ἡμετέρας
898 805 1103 877 σαρκὸς
1147 807 1207 861 ὲν
1236 808 1370 878 ἡμῖν
1420 807 1788 881 κατορθῶσαι,

183 893 410 965 ταύτης
442 896 484 927 ⁸¹
516 897 574 948 ὲν
600 896 820 968 Χριστῷ
849 898 1124 969 παρέσχεν
1152 901 1286 971 ἡμῖν
1313 902 1342 954 ὁ
1370 899 1522 965 Θεός.
1553 902 1658 955 Τὸν
1682 902 1791 974 γὰρ

180 983 336 1037 Υἱὸν
372 986 597 1057 πέμψας
636 987 727 1042 τὸν
755 988 951 1042 ἑαυτοῦ
986 991 1055 1058 ⁸⁸,
1088 990 1270 1062 σάρκα
1310 991 1412 1063 τὴν
1451 992 1623 1065 αὐτὴν
1659 996 1791 1064 ἡμῖν

179 1076 422 1146 ἔχοντα.
451 1078 701 1150 παθητὴν
726 1097 787 1133 τε
832 1082 928 1136 καὶ
971 1084 1241 1155 ἁμαρτεῖν
1284 1084 1675 1158 ἐπιδεχομένην
1706 1085 1752 1117 ³³
1771 1100 1786 1117 ο

192 1171 507 1244 Ὀμοίωμα
547 1174 657 1248 γὰρ
685 1177 910 1245 σαρκὸς
933 1177 1240 1248 ἁμαρτίας,
1288 1180 1388 1251 τὴν
1429 1179 1789 1250 ἐνδεχομένην

179 1266 521 1338 ἁμαρτῆσαι
554 1267 734 1337 σάρκα
774 1270 974 1340 φησίν·
1007 1270 1083 1335 ὡς
1124 1272 1221 1327 καὶ
1260 1272 1324 1326 τὸ
1356 1272 1428 1327 ἐν
1467 1271 1787 1343 ὁμοιώματι

175 1355 521 1424 ἀνθρώπου
563 1357 885 1427 γενόμενος
922 1360 1045 1414 ἀντὶ
1091 1360 1186 1414 τοῦ
1234 1361 1532 1432 γενόμενος
1570 1362 1785 1434 ἄνθρω-

176 1463 321 1507 πος.
355 1445 574 1517 Ταύτην
608 1444 703 1501 οὖν
751 1448 944 1519 ἔχοντα
990 1451 1090 1520 τὴν
1129 1451 1330 1522 σάρκα,
1368 1451 1556 1522 φησὶν,
1584 1453 1613 1505 ὁ
1650 1451 1787 1516 θεὸς

170 1537 287 1590 τὸν
315 1538 514 1592 ἑαυτοῦ
545 1540 676 1593 Υἱὸν
724 1540 947 1611 πέμψας
978 1542 1108 1614 περὶ
1152 1542 1464 1614 ἁμαρτίας,
1508 1542 1774 1597 τουτέστιν

1891 1545 2166 1600 damnavit
2192 1550 2471 1614 peccatqu
2499 1542 2556 1596 in
2585 1555 2784 1606 carne,
2814 1536 3291 1610 inexpugnabilem
3323 1536 3467 1591 illam

174 1629 284 1699 ἐφ’
316 1631 408 1683 ὅτε
439 1632 486 1663 ⁸⁸
514 1630 614 1702 τὴν
644 1632 923 1703 ἁμαρτίαν
945 1631 1451 1701 καταγωνίσασθαι,
1494 1632 1774 1704 κατέκρινε

1891 1634 2370 1704 iuviucibilcmque
2403 1632 2695 1690 servando.
2732 1630 2827 1686 Vel
2874 1630 3039 1686 aliter
3066 1646 3085 1684 :
3122 1627 3201 1685 De
3242 1638 3469 1699 peccato

171 1719 296 1789 τὴν
340 1720 617 1791 ἁμαρτίαν
646 1723 706 1774 ὲν
744 1724 811 1805 τῇ
865 1723 1067 1792 σαρκὶ,
1107 1722 1462 1777 κατεδίκασεν
1507 1720 1677 1793 αὐτὴν
1724 1725 1774 1776 ἐν

1891 1727 2168 1783 damnavit
2218 1733 2501 1795 peccatum
2554 1726 2610 1780 in
2671 1738 2862 1791 carne,
2924 1720 2979 1777 id
3032 1728 3118 1777 est
3168 1734 3294 1776 cum
3336 1734 3469 1775 caro

174 1812 359 1881 αὐτῇ,
402 1812 684 1882 ἀνέπαφον
736 1813 909 1883 αὐτὴν
940 1814 987 1847 ⁸⁸
1036 1815 1130 1867 καὶ
1182 1814 1461 1868 ἀνάλωτον
1499 1814 1774 1879 παντελῶς

1891 1817 2056 1887 ipsius
2105 1814 2476 1886 impeccabilis
2523 1821 2690 1880 esset,
2716 1822 2771 1867 et
2816 1812 3024 1867 idcirco
3074 1824 3181 1866 non
3226 1811 3463 1866 obnoxia

170 1899 529 1971 διαφυλάξας
557 1901 752 1968 αὐτήν.
785 1903 857 1955 Ἣ
892 1903 986 1957 καὶ
1032 1902 1212 1967 ἄλλως
1234 1919 1251 1936 ο
1280 1903 1407 1957 Ὅτι
1444 1905 1573 1975 περὶ
1604 1905 1774 1976 ἀμαρ-

1891 1908 2071 1975 morti,
2113 1907 2181 1963 de
2210 1916 2436 1979 peccato
2464 1907 2743 1963 damnavit
2782 1907 2927 1963 Deus
2959 1913 3247 1976 peccatum
3278 1903 3337 1960 in
3378 1918 3465 1968 ea,

170 1991 316 2054 τίας
348 1993 641 2063 κατέκρινε
668 1992 766 2065 τὴν
785 1993 1062 2065 ἁμαρτίαν
1092 1995 1153 2049 ἐν
1175 1996 1242 2065 τῇ
1276 1994 1440 2065 σαρκί
1467 2012 1481 2026 ·
1512 1994 1636 2048 ἀντὶ
1659 1994 1774 2061 τοῦ,

1891 2002 2010 2073 quis
2046 2014 2177 2056 caro
2217 1999 2429 2057 Domini
2460 2000 2749 2056 sententiae
2772 1998 2965 2053 mortis
2998 2010 3105 2052 non
3140 2003 3260 2052 erat
3291 1994 3470 2063 subje-

171 2084 588 2152 ἁναμαρτήτου
618 2085 717 2153 τῆς
763 2085 965 2153 σαρκὸς
997 2085 1163 2157 οὔσης
1194 2085 1365 2156 αὐτῷ,
1399 2086 1493 2139 καὶ
1525 2086 1623 2158 οὐχ
1644 2087 1774 2141 ὑπο-

1891 2102 1994 2149 cta.
2025 2092 2176 2149 Hanc
2206 2101 2388 2149 autem
2432 2106 2528 2161 per
2570 2090 3026 2146 resurrectionem
3073 2087 3359 2144 transtulit
3399 2086 3466 2141 ad

173 2173 460 2243 κειμένης
506 2174 594 2227 διὰ
642 2176 801 2229 τοῦτο
849 2177 1102 2248 θανάτῳ·
1152 2178 1445 2249 κατέκρινε
1503 2179 1602 2250 μὲν
1650 2180 1774 2252 περὶ

1891 2184 2399 2253 impassibilitatem.
2427 2183 2520 2238 Sic
2545 2183 2805 2252 deinceps
2824 2183 3034 2248 iustitia
3065 2179 3201 2249 legis
3229 2181 3281 2234 in
3308 2178 3469 2234 nobis

173 2266 475 2335 ἁμαρτίας
519 2266 618 2335 τὴν
651 2268 928 2337 ἁμαρτίαν
961 2272 988 2322 ὁ
1015 2269 1148 2333 Θεὸς
1179 2272 1237 2322 ἐν
1283 2272 1443 2341 αὐτῇ,
1472 2271 1547 2334 ὼς
1588 2272 1690 2325 οὐκ
1723 2274 1774 2326 ἐν

1891 2273 2225 2338 efformatur,
2257 2288 2384 2328 cum
2422 2286 2519 2342 per
2552 2272 2710 2326 ﬁdem
2740 2271 2958 2326 Christo
2979 2268 3261 2338 iungimur
3288 2274 3346 2322 et
3382 2264 3457 2320 ef-

169 2359 316 2429 δέκῃ
348 2357 425 2427 τῷ
470 2359 687 2431 θανάτῳ
718 2360 815 2431 τὴν
843 2360 940 2414 τοῦ
985 2363 1195 2432 Κυρίου
1224 2363 1404 2434 σάρκα
1449 2363 1774 2435 περιδαλοῦ-

1891 2369 2104 2423 [icimur
2146 2366 2395 2422 homines
2451 2380 2547 2435 pro
2609 2362 2924 2418 carnalibus
2973 2358 3310 2431 spirituales.
3372 2355 3469 2411 llis

173 2468 313 2505 σαν.
347 2452 445 2505 Διὰ
478 2452 535 2507 δὲ
561 2453 661 2523 τῆς
692 2453 756 2506 ὲκ
784 2455 993 2525 νεκρῶν
1024 2456 1400 2521 ἀναστάσεως,
1433 2457 1654 2526 ἐκείνην
1680 2475 1774 2527 με-

1891 2467 2149 2515 consonat
2190 2458 2332 2526 quod
2381 2457 2515 2512 dicit
2558 2453 2849 2525 Apostolus
2896 2454 2951 2507 in
2994 2450 3282 2506 Antiochia
3322 2448 3466 2503 Pisi-

168 2542 384 2596 τέϐαλε
427 2544 566 2615 πρὸς
605 2544 895 2599 ἀπάθειαν.
933 2546 1045 2600 Καὶ
1085 2547 1229 2601 οὕτω
1264 2549 1452 2601 λοιπὸν
1484 2550 1515 2619 ἡ
1549 2550 1641 2602 τοῦ
1690 2550 1774 2603 νό-

1891 2551 1984 2604 dite
2020 2569 2033 2603 :
2069 2551 2145 2601 Ab
2184 2550 2423 2603 omnibus
2453 2547 2639 2617 quibus
2674 2560 2777 2599 non
2802 2543 3044 2609 potuistis
3075 2544 3130 2595 in
3157 2543 3267 2611 lege
3292 2539 3465 2611 Moysi

173 2650 295 2704 μου
345 2634 631 2698 δικαίωσις
677 2637 735 2689 ὲν
769 2638 899 2706 ἡμῖν
957 2638 1341 2707 κατορθοῦται,
1390 2639 1478 2693 διὰ
1533 2641 1774 2705 πίστεως

1891 2641 2187 2709 iustiﬁcari,
2229 2643 2282 2693 in
2316 2642 2413 2694 hoc
2442 2642 2610 2693 omnis
2641 2640 2732 2709 qui
2763 2639 2926 2692 credit
2943 2636 3279 2708 justiﬁcatur
3302 2635 3367 2667 ιν

1891 1097 2117 1158 peccato
2156 1086 2390 1142 obnoxia
2419 1084 2846 1153 (similitudinem
2886 1085 3023 1138 enim
3048 1083 3223 1137 carnis
3248 1083 3470 1150 peccati,

1891 1192 1991 1248 pro
2022 1192 2233 1232 carnem
2268 1185 2489 1246 peccato
2519 1175 2814 1230 obnoxiam
2834 1173 2989 1237 dicit,
3011 1170 3470 1242 quemadmodum

1889 1271 1944 1324 in
1987 1269 2386 1323 similitudinem
2435 1268 2661 1321 hominis
2696 1266 2869 1335 factus
2898 1280 2995 1335 pro
3041 1268 3200 1319 homo
3240 1264 3464 1337 factus),

1890 1372 2012 1416 cum
2048 1362 2217 1432 igitur
2242 1359 2483 1415 misisset
2513 1357 2708 1414 Filium
2745 1358 2799 1412 in
2833 1371 3000 1412 carne
3034 1364 3220 1412 nostra
3248 1356 3314 1411 de
3339 1369 3468 1425 pec-

1888 1464 2035 1517 cato,
2084 1452 2296 1508 scilicet
2339 1461 2397 1506 ut
2450 1460 2735 1522 peceatum
2776 1456 3067 1520 pugnaret,
3108 1446 3373 1518 judicavit
3416 1458 3471 1503 et

169 2723 349 2798 ἡμῶν
377 2727 682 2797 ὲνουμένων
719 2728 887 2801 αὐτῷ,
916 2730 1011 2783 καὶ
1056 2730 1448 2802 πνευματικῶν
1486 2732 1608 2784 ἀντὶ
1673 2733 1953 2804 σαρκικῶν
2018 2733 2341 2804 γινομένων.
2375 2730 2633 2785 Τοιοῦτόν
2688 2732 2808 2784 ἐστι
2860 2730 2956 2783 καὶ
2978 2729 3037 2783 τὸ
3058 2730 3117 2780 ὲν
3163 2724 3465 2797 Ἀντιοχείᾳ

166 2817 286 2887 τῆς
324 2818 571 2880 Πισιδίας
600 2820 892 2891 είρημένον
921 2822 1091 2891 αὐτῷ,
1122 2823 1203 2875 ὅτι
1241 2824 1375 2877 Ἀπὸ
1419 2823 1662 2877 πάντων
1684 2819 1772 2878 ὧν
1808 2827 1920 2880 οὐκ
1947 2824 2292 2895 ἠδυνήθητε
2321 2824 2390 2878 ἐν
2416 2822 2496 2889 τῷ
2548 2825 2713 2895 νόμῳ
2770 2821 3028 2887 Μωσέως
3049 2814 3459 2886 δικαιωθῆναι,

167 2910 251 2963 ἐν
292 2911 481 2978 τούτῳ
510 2911 607 2965 καὶ
631 2915 663 2965 ὀ
700 2915 1003 2968 πιστεύων
1023 2913 1373 2970 δικαιοῦται.

257 3022 279 3053 ‹
322 3005 384 3055 Ui
430 3003 485 3055 δὲ
519 3002 660 3056 κατὰ
703 3003 881 3074 σάρκα
923 3003 1192 3070 ὄντες,τὰ
1235 3006 1335 3075 τῆς
1377 3006 1580 3076 σαρκὸς
1637 3023 1774 3077 φρο-

1955 3010 2117 3064 Vens.
2169 3009 2221 3063 ὕ.
2269 3027 2287 3061 ι
2319 3009 2422 3077 Qui
2482 3009 2627 3075 enim
2676 3006 2975 3063 secundum
3031 3019 3250 3061 carnem
3295 3012 3461 3067 sunt,

165 3095 392 3150 νοῦσιν.
433 3114 449 3144 ι

1891 3118 1996 3171 lum
2028 3103 2214 3157 carnis
2237 3114 2363 3156 sunt
2405 3102 2644 3168 sapiunt.
2677 3119 2695 3152 ι

251 3187 491 3258 Ὠσπερ,
541 3191 695 3259 φησὶ,
726 3191 853 3253 τοὺς
889 3189 1050 3253 ὄντας
1085 3189 1381 3260 φθαρτοὺς,
1418 3192 1512 3244 καὶ
1553 3191 1613 3245 τδ
1640 3193 1773 3262 φρό-

1940 3190 2433 3257 Quemadmodum,
2473 3190 2669 3257 inquit,
2703 3187 2951 3242 carnales
2982 3184 3223 3240 carnalia
3269 3198 3462 3254 sapere

166 3297 334 3348 νημα
380 3278 621 3350 φθαρτὸν
664 3281 809 3350 ἔχειν
856 3281 1094 3351 ἀνάγκη.
1141 3281 1284 3335 οὕτω
1314 3283 1408 3335 καὶ
1451 3284 1581 3346 τοὺς
1609 3283 1771 3347 ὄντας

165 3371 500 3440 ἀφθάρτους
541 3372 822 3445 ἄφθαρτον
858 3373 1004 3436 εἰκός
1039 3375 1188 3426 ἐστιν
1221 3372 1367 3444 ἔχειν
1399 3374 1495 3427 καὶ
1534 3374 1594 3426 τὺ
1634 3377 1769 3447 (ρρὸ-

168 3482 357 3534 νημα.
399 3464 712 3534 Ἐκατέρων
742 3464 1006 3532 ἀνάλογον
1035 3468 1133 3534 τῆς
1176 3466 1385 3528 οἰκείας
1421 3465 1639 3533 φύσεως
1660 3466 1769 3520 τῶν

166 3556 442 3625 λογισμὸν
473 3557 848 3623 κεκτημένων.
892 3557 963 3610 Τὸ
1003 3556 1111 3625 γὰρ
1146 3557 1442 3624 φρόνημα,
1473 3556 1628 3625 φησὶ,
1658 3557 1769 3625 τῆς

166 3646 431 3714 σαρκὸς,
465 3646 740 3713 θάνατος,
771 3649 1001 3701 θάνατον
1034 3649 1284 3698 τουτέστι
1326 3646 1644 3717 προξενοῦν,
1673 3649 1769 3700 καὶ

167 3737 321 3807 ’πρὸς
346 3738 566 3791 κόλασιν
597 3738 900 3810 παροξύνον
932 3738 1088 3790 Θεόν.
1132 3737 1201 3790 Τό
1244 3735 1313 3789 δὲ
1348 3738 1623 3805 φρόνημα
1660 3737 1769 3789 τοῦ

167 3828 541 3894 πνεύματος,
568 3829 679 3897 ζωὴ
724 3829 818 3880 καὶ
857 3825 1064 3894 εἰρήνη
1090 3843 1105 3858 ο
1147 3826 1429 3878 τουτέστιν
1467 3825 1769 3879 ἀθανασίαν

167 3917 527 3989 δωρούμενον
553 3919 648 3971 καὶ
680 3918 865 3986 φιλίαν
901 3917 1000 3987 τὴν
1025 3916 1161 3986 πρὸς
1198 3916 1355 3971 Θεόν.

250 4031 271 4062 r
309 4012 456 4064 Διότι
484 4011 545 4063 τὸ
580 4010 837 4080 φρόνημα
870 4011 970 4080 τῆς
1003 4009 1204 4078 σαρκὸς
1234 4009 1404 4080 ἔχθρα
1437 4011 1517 4071 εἰς
1545 4009 1700 4063 Θεόν.
1743 4028 1760 4059 ι

257 4194 573 4266 Ἀμήχανον
620 4193 748 4264 γὰρ,
792 4193 946 4263 φησὶ,
996 4192 1111 4253 τοῖς
1147 4189 1241 4243 τοῦ
1272 4189 1411 4242 Θεοῦ
1465 4188 1763 4259 θελήμασι,

1874 3295 2099 3335 necesse
2125 3289 2231 3344 est,
2266 3280 2347 3335 sic
2386 3280 2702 3349 spirituales
2746 3277 3049 3349 spiritualia
3083 3278 3328 3347 cogitare
3366 3275 3461 3329 de-

1872 3383 1980 3428 cet.
2037 3372 2426 3443 Uuusquisque
2472 3388 2592 3442 qua:
2651 3373 2950 3425 secundum
3003 3377 3254 3423 naturam
3304 3383 3453 3420 suam

1873 3475 2021 3529 sunt,
2068 3468 2229 3536 sapit.
2292 3465 2436 3520 Nam
2476 3465 2781 3533 prudentia,
2835 3463 3035 3533 inquit,
3081 3462 3258 3514 carnis
3318 3475 3455 3512 mors

1872 3567 1970 3620 est,
2012 3569 2239 3612 mortem
2286 3558 2495 3611 scilicet
2531 3556 2767 3624 ho<pitio
2817 3554 3042 3622 excipit,
3068 3552 3343 3620 Deumque
3387 3550 3453 3602 ad

1870 3648 2165 3699 vindictam
2195 3648 2507 3698 exacerhat.
2533 3645 2825 3698 Prudentia
2854 3652 3027 3695 autem
3076 3642 3317 3710 spiritus,
3349 3640 3455 3693 vita

1871 3735 2580 3801 ctpax:immortalitatem
2638 3734 2850 3788 scilicet
2907 3748 2970 3786 ac
3014 3732 3108 3787 Dei
3157 3732 3453 3787 amicitiam

1874 3826 2119 3893 largitur.

1945 4014 2107 4068 Vens.
2146 4014 2197 4066 7.
2247 4030 2266 4064 ι
2298 4011 2566 4079 Quoniam
2599 4010 2866 4081 sapientia
2891 4009 3076 4064 carnis
3118 4009 3339 4063 inimica
3372 4020 3454 4064 est

1873 4107 2003 4162 Deo.
2035 4126 2053 4158 ι

1943 4197 2078 4250 Nam
2110 4195 2329 4249 dimi-ile
2367 4203 2471 4256 est.
2506 4192 2705 4263 inquit,
2742 4190 3073 4246 voluntatem
3104 4190 3288 4246 carnis
3327 4205 3450 4246 cum

171 4291 292 4352 τοῖς
320 4287 408 4341 διὰ
449 4287 543 4340 τοῦ
576 4286 744 4358 νόμου
778 4283 1207 4356 γνωριζομένοις
1252 4285 1402 4352 ἡμῖν,
1451 4283 1509 4335 τὸ
1554 4282 1767 4351 θέλημα

1891 4289 1965 4343 )ei
2002 4286 2373 4343 voluntatibus
2413 4285 2657 4353 legisque
2712 4281 2984 4337 mandatis
3042 4296 3280 4353 unquam
3322 4296 3452 4336 cou-

170 4379 276 4448 τῆς
305 4377 509 4448 σαρκός
547 4395 677 4430 ποτε
713 4375 988 4429 συνελθεῖν
1026 4373 1118 4427 καὶ
1153 4371 1338 4442 φιλίαν
1382 4372 1759 4427 ἀσπάσασθαι.

1891 4381 2053 4436 νοιιίτθ
2100 4390 2153 4432 et
2196 4379 2332 4432 inire
2381 4375 2704 4431 amicitiam.
2760 4373 2903 4429 Deus
2956 4372 3448 4443 impassibilitatem

183 4472 246 4525 '0
285 4472 384 4541 μὲν
425 4469 535 4541 γὰρ
570 4469 841 4523 ἀπάθειαν
872 4467 1292 4536 ἐπαγγέλλεται,
1334 4467 1367 4536 ή
1415 4465 1471 4518 δὲ
1514 4467 1631 4518 ἐστὶ
1660 4482 1762 4517 πα-

170 4563 335 4634 θητή.
368 4562 443 4616 Οὐ
484 4563 666 4615 τοίνυν
704 4561 824 4615 οὐδὲ
856 4561 981 4622 τοὺς
1028 4557 1392 4629 ἀνεχομένους
1436 4556 1514 4627 τῷ
1562 4556 1763 4626 φρονή-

175 4671 312 4723 ματι
340 4654 441 4723 τῆς
478 4653 702 4725 σαρκὸς,
734 4653 828 4705 καὶ
859 4651 1189 4721 μετέχοντας
1234 4648 1332 4718 τῆς
1367 4647 1586 4717 φύσεως
1624 4645 1761 4699 ταύ-

1866 4488 1978 4543 prze
2002 4488 2061 4527 se
2094 4472 2216 4538 l'ert,
2244 4471 2328 4524 illa
2360 4468 2633 4539 passibilis
2666 4474 2769 4521 est.
2797 4465 3139 4535 lmpossibile
3174 4474 3258 4519 est
3284 4464 3452 4535 igitur

1866 4563 1989 4618 illos
2044 4564 2135 4633 qui
2193 4561 2539 4633 prudentiam
2599 4557 2782 4613 carnis
2836 4565 3140 4624 sequuntur
3190 4562 3247 4607 et
3305 4552 3451 4609 illius

1867 4667 2073 4711 natura:
2106 4655 2240 4709 liunt
2282 4655 2598 4724 participes,
2650 4651 2759 4707 Deo
2792 4652 3027 4723 placere.
3068 4647 3283 4716 Quanto
3311 4662 3435 4717 pro-

172 4762 301 4816 της,
331 4740 443 4799 οἷόν
471 4763 529 4798 τε
555 4746 751 4815 ἀρέσαι
776 4738 940 4797 θεόν.
989 4742 1112 4796 Ἐπὶ
1146 4741 1398 4795 τοσοῦτον
1433 4739 1544 4810 γὰρ
1591 4735 1758 4790 αὑτοῦ

1891 4750 1984 4804 tius
2012 4759 2133 4804 sunt
2161 4748 2365 4812 carnis,
2397 4757 2601 4801 tantum
2623 4761 2651 4800 a
2683 4746 2792 4801 Deo
2817 4743 3128 4804 discedunt,
3154 4749 3208 4794 et
3237 4748 3444 4794 tantum

169 4837 551 4908 διεστήκασιν,
594 4839 679 4906 ἐφ’
710 4838 835 4890 ὅσον
875 4836 982 4888 eisi.
1017 4833 1222 4904 ταύτης
1259 4832 1460 4901 ἐγγύςο
1495 4832 1589 4884 και
1617 4829 1757 4882 είσὶν

1891 4865 1893 4890 ι
1928 4839 2131 4894 virtute
2154 4839 2378 4905 distant,
2406 4845 2666 4907 quantum
2703 4833 3006 4889 mortalitas
3030 4834 3093 4886 ab
3127 4828 3447 4884 immortali-

167 4927 379 5000 ἀρετῆς
416 4930 607 5001 πόρρω
638 4927 912 4993 τοσοῦτον,
950 4930 1073 4981 ὅσον
1122 4927 1445 4998 θνητότητος
1470 4926 1516 4957 ⁸⁸
1553 4924 1758 4977 ἀθανα-

166 5020 321 5081 σίας.

237 5130 258 5161 ‹
318 5113 510 5181 Ὑμεῖς
542 5111 586 5164 δ’
615 5112 715 5165 οὐκ
750 5112 871 5163 ἐστὲ
911 5114 968 5165 ἐν
1003 5111 1187 5179 σαρκὶ,
1212 5110 1324 5163 ἀλλ’
1358 5112 1415 5162 ἐν
1443 5108 1751 5178 πνεύματι·

154 5203 335 5275 εἰπερ
367 5203 591 5272 Πνεῦμα
620 5202 759 5255 Θεοῦ
789 5205 927 5256 οἰκεῖ
970 5205 1026 5255 ἐν
1056 5204 1201 5271 ὑμῖν.
1244 5222 1262 5254 ›

223 5363 273 5395 ⁸³
297 5379 456 5433 'Act.
495 5391 617 5441 xm,
642 5376 732 5438 58,
766 5374 860 5431 39.

235 5533 292 5562 "'
414 5533 486 5615 bl:
515 5547 703 5615 prtem.
733 5528 1045 5615 ἰξαὶόὒσὲυς
1069 5532 1123 5584 δὲ
1144 5531 1205 5615 ’τί
1249 5529 1745 5615 ἄνωθεν-’διεξῆλθε
1784 5533 1910 5615 περ).
1935 5531 2047 5615 τῶν
2072 5532 2475 5615 ⁸τεροὶιειμένων.

1865 4939 1993 4986 tate.

1933 5109 2102 5167 Vens.
2134 5107 2190 5164 9.
2236 5124 2255 5158 ι
2288 5106 2399 5163 Vos
2435 5116 2615 5161 autem
2646 5105 2700 5160 in
2729 5119 2893 5160 carne
2938 5119 3042 5158 non
3074 5104 3229 5168 estis,
3262 5103 3358 5157 sed
3389 5104 3440 5156 iu

1862 5202 2095 5270 spiritu;
2130 5198 2400 5270 siquidem
2447 5196 2686 5269 Spiritus
2722 5196 2819 5251 Dei
2868 5194 3077 5251 habitat
3121 5194 3172 5246 iu
3211 5193 3381 5248 vobis.
3416 5210 3435 5245 ι

2587 5535 2627 5564 ⁸²
2658 5530 2718 5584 C.
2748 5529 2819 5585 Μ.
2850 5527 3114 5596 ταύτην.-
3183 5526 3227 5558 ⁵²
3254 5525 3317 5580 C.
3362 5525 3428 5579 Μ.

175 5604 364 5660 αὐτοῦ.
440 5592 807 5675 adauget»;
840 5592 1325 5675 ἐπιδεχομέῃηνᾼ
1450 5592 1963 5675 ΜῘ-αμαρτητικῂν,
1995 5592 2217 5673 οὐχ’ίτῷ
2245 5592 2531 5675 ἁμαρτεῖν,
2566 5602 2702 5655 ἀλλὰ
2733 5601 2810 5670 τῷ
2850 5592 3043 5672 ἱκανὴν
3063 5592 3205 5652 εἶναι
3237 5596 3430 5650 ὑποδέ-

180 5675 389 5743 χεσθαι.
464 5674 509 5706 ⁵⁵
534 5663 596 5725 C.
631 5663 692 5724 Ε.
723 5670 805 5739 ἐφ’

974 5667 1110 5727 ηεξ.
1157 5671 1225 5725 Μ.
1265 5667 1423 5742 αὐτῇ.
1504 5672 1549 5703 ⁸⁸
1580 5667 1709 5741 ch.
1747 5667 1855 5725 viil.
1882 5667 2171 5745 θνητὸτῖης.
