4014 6122
235 292 374 364 1693

1281 317 1745 385 FRAGMENTA
1781 325 1867 389 IN
1902 325 2140 392 EPIST.
2177 331 2280 394 AD
2317 333 2502 397 ROM.

3361 345 3498 413 1694

237 414 444 484 μέντοι,
477 415 634 486 φησὶ,
670 417 812 474 κατὰ
833 419 932 494 τὴν
956 419 1190 480 ἐνοῦσαν
1213 425 1344 498 ὑμῖν
1365 429 1462 484 τοῦ
1489 433 1805 506 Πνεύματος

1921 443 2166 512 tenditis,
2195 447 2561 515 vosmetipsos
2601 447 2806 506 inertes
2837 453 2904 508 ad
2936 452 3079 511 facta
3113 439 3361 528 corporis
3387 479 3506 519 scr-

233 507 396 577 χάριν
430 506 782 574 σπουδάζοιτε
812 511 933 584 ζῇν,
969 515 1369 590 ἀνενεργήτους
1411 523 1643 589 ἑαυτοὺς
1673 527 1814 600 πρὸς

231 599 334 661 τὰς
362 601 618 666 τοιαύτας
650 604 747 658 τοῦ
780 605 1036 677 σώματος
1070 611 1302 684 πράξεις
1334 599 1812 686 διαφυλάττοντες,

231 689 445 743 οἴσεσθε
473 691 574 762 τὴν
603 693 926 752 ἀθανασίαν.

312 799 330 832 ι
368 783 522 837 Ὅσοι
552 786 660 858 γὰρ
705 788 984 858 Πνεύματι
1017 791 1156 848 Θεοῦ
1187 795 1437 867 ἄγονται,
1479 794 1628 854 οῦτοι
1676 803 1814 857 εἰσιν

233 871 340 925 υἱοὶ
375 873 534 928 Θεοῦ.
576 898 594 930 s

305 965 367 1017 Οἱ
395 965 502 1037 γὰρ
530 969 809 1042 Πνεύματι
835 974 970 1031 Θεοῦ
996 977 1424 1052 κυϐερνώμενοι,
1456 987 1738 1042 τουτέστιν
1761 989 1814 1042 οἱ

231 1060 593 1145 πνευματικοὶ
635 1063 728 1116 καὶ
755 1065 819 1118 ού
847 1065 1090 1139 ψυχικοὶ,
1124 1071 1340 1137 ἑαυτοῖς
1373 1074 1451 1138 ὡς
1491 1076 1712 1145 ἀληθῶς
1751 1079 1814 1132 τὸ

230 1139 383 1200 εἶναι’
404 1149 512 1202 υίοὶ
549 1151 684 1206 Θεοῦ
717 1153 1052 1224 βεϐαιοῦσιν.
1087 1162 1233 1235 Ἔφη
1263 1163 1320 1218 δὲ
1348 1163 1510 1220 τοῦτο
1548 1139 1812 1238 πίρὸςνάν-

230 1237 573 1312 τιδιαστολὴν
603 1243 713 1298 τῶν
742 1247 848 1301 ὑπὸ
871 1250 966 1304 τὸν
995 1253 1160 1322 νόμον
1181 1271 1286 1326 χρη
1297 1237 1648 1326 ματισάντων
1679 1259 1814 1314 υἱῶν

231 1327 390 1395 Θεοῦ,
419 1333 511 1385 καὶ
545 1335 726 1390 αὐτῶν
765 1338 854 1392 διά
899 1339 999 1412 τὴν
1031 1343 1106 1407 ὡς
1133 1345 1270 1416 πρὸς
1303 1347 1432 1412 τοὺς
1467 1348 1690 1411 λοιποὺς
1721 1351 1814 1404 ἀν-

232 1419 483 1492 θρώπους
501 1427 776 1498 ἐξαίρετον
798 1431 893 1485 τοῦ
918 1433 1054 1488 Θεοῦ
1079 1436 1409 1508 κηδεμονίαν
1428 1442 1559 1512 περὶ
1589 1441 1810 1507 αὐτούς.

245 1511 589 1584 Ἐλὰλησας
627 1521 736 1590 γὰρ
772 1523 845 1576 ἐν
873 1525 1079 1588 ὁράσει
1109 1527 1234 1594 τοῖς
1276 1529 1432 1596 υἱοῖς
1468 1511 1607 1597 dou,
1642 1534 1810 1602 φησί’

231 1603 349 1656 καί·
367 1605 508 1675 Ἐγὼ
529 1607 697 1665 εἶπα·
721 1615 856 1669 Θεοί
882 1617 1043 1686 ἐστε,
1080 1619 1178 1674 καὶ
1209 1621 1641 1692 υίοί⁰Υψίστου
1663 1625 1812 1679 πάν-

1919 542 2128 600 vautcs,
2160 535 2618 593 immortalitatem
2650 539 2858 600 feretis.

1996 806 2156 864 Vsus.
2211 809 2296 866 ll.
2345 831 2364 864 ι
2394 813 2717 887 Quicunque
2761 820 2906 874 enim
2953 821 3158 892 Spiritu
3199 824 3294 881 Dei
3326 841 3496 896 agunv

1916 907 2027 963 tur.
2055 901 2091 954 ii
2126 913 2252 957 sunt
2291 903 2386 960 lilii
2419 906 2534 962 Dei.
2567 927 2586 960 s

1986 991 2311 1065 Quicunque
2352 999 2498 1054 enim
2546 999 2750 1072 Spiritu
2787 1003 2880 1060 Dei
2916 1014 3198 1077 reguntur,
3243 1009 3495 1069 homines

1879 1083 2126 1140 'scilicet
2171 1087 2489 1156 spirituales
2517 1099 2573 1146 et
2614 1110 2720 1148 non
2751 1095 3040 1162 animales,
3082 1100 3216 1154 certi
3263 1113 3394 1157 sunt
3435 1118 3496 1160 se

1917 1186 2039 1229 esse
2088 1191 2214 1233 vere
2256 1179 2394 1234 lilios
2434 1179 2554 1235 Dei.
2607 1181 2721 1238 lloc
2771 1186 2908 1242 dixit
2951 1203 3050 1259 per
3093 1193 3491 1260 oppositionem

1915 1275 2102 1317 eorum
2138 1267 2230 1335 qui
2259 1267 2360 1322 sub
2391 1268 2508 1352 lege
2541 1271 2635 1326 lilii
2670 1271 2766 1328 Dei
2799 1285 2927 1329 sunt
2967 1279 3240 1348 appellati,
3271 1293 3326 1337 et
3362 1299 3495 1354 quo-

1917 1366 2034 1405 rum
2068 1352 2210 1408 Deus
2241 1349 2568 1426 singularem
2610 1373 2806 1428 praeter
2835 1376 3064 1423 caeteros
3105 1370 3354 1426 homines
3384 1373 3494 1444 egit

1915 1458 2123 1500 curam.
2149 1445 2379 1504 Locutus
2399 1468 2452 1505 es
2483 1453 2537 1506 iu
2565 1455 2760 1510 visione
2784 1457 2912 1525 ﬁliis
2937 1460 3041 1513 tuis
3067 1461 3133 1526 “,
3161 1461 3370 1530 inquit;
3401 1476 3489 1520 et:

1917 1530 2027 1603 E90
2053 1536 2186 1600 dixi,
2215 1538 2299 1592 Dii
2313 1541 2517 1604 estis,et
2537 1540 2640 1610 ﬁlii
2665 1541 2874 1599 Excrlsi
2897 1562 3074 1602 omnes
3098 1548 3165 1604 ¹⁶.
3189 1547 3301 1605 Illis
3331 1551 3495 1621 igitur

1915 1622 2115 1679 Christi
2172 1626 2467 1700 discipulos
2519 1633 2672 1701 quasi
2727 1637 2952 1704 opponit
3010 1636 3321 1692 dicenszli
3370 1650 3491 1693 sunt

231 1710 350 1758 τες·
395 1697 483 1763 Ὡς
526 1703 666 1772 πρὸς
708 1705 936 1771 τούτους
961 1704 1057 1764 οὖν
1105 1713 1454 1785 ἀντιδιαιρῶν
1497 1717 1624 1780 τοὺς
1670 1716 1814 1771 κατά
1848 1777 1880 1785 _
1914 1715 2014 1781 filii
2049 1715 2167 1772 Dei.

228 1785 489 1857 Χριστὸν,
517 1793 620 1864 ἔφη
643 1813 656 1827 ·
681 1793 858 1854 οὗτοι
887 1802 1048 1857 εἰσιν
1069 1805 1186 1859 υἱοί
1215 1807 1383 1861 Θεοῦ.

307 1897 328 1930 ι
355 1880 496 1936 Αὐτὸ
514 1885 572 1938 τὸ
587 1887 812 1960 Πνεῦμα
839 1898 1223 1966 συμμαρτυρεῖ
1242 1897 1320 1968 τῷ
1335 1898 1608 1970 πνεύματι
1631 1902 1662 1970 ἡ
1671 1901 1807 1971 μῶν,

227 1966 310 2022 ὅτι
341 1973 508 2044 ἐσμὲν
529 1975 694 2032 τέκνα
714 1981 874 2037 Θεοῦ.
897 1985 958 2037 El
981 1985 1038 2038 δὲ
1065 1988 1251 2053 τέκνα,
1281 1966 1376 2044 καὶ
1403 1966 1756 2064 κληρονόμοι.

302 2173 387 2268 [Ε
417 2178 536 2232 coll.
561 2180 797 2256 Monac.]
823 2187 978 2241 Αὐτὸ
1019 2190 1130 2254 μὲν
1158 2191 1268 2261 γὰρ
1299 2193 1363 2248 τὸ
1393 2197 1660 2267 Πνεῦμα,
1711 2199 1810 2268 τὴν

223 2267 322 2320 τοῦ
353 2270 509 2338 ἁγίου
549 2275 870 2347 Πνεύματος
913 2281 1212 2338 ὑπόστασιν
1241 2285 1402 2356 ,λέγει
1429 2305 1444 2320 ο
1489 2289 1712 2361 πνεῦμα
1750 2267 1808 2345 δὲ

225 2360 384 2429 ἡμῶν
429 2363 527 2436 τὴν
569 2367 664 2420 ἀπ’
713 2371 927 2426 ἐκείνου
981 2373 1274 2448 δεδομένην
1331 2378 1492 2450 χάριν
1539 2360 1690 2452 ἡμῖν,
1743 2385 1810 2454 ἢν

224 2452 416 2508 εἴωθεν
452 2455 588 2510 ἰδίαν
616 2459 726 2514 τῶν
756 2460 1030 2518 λαϐόντων
1076 2467 1282 2522 καλεῖν.
1328 2471 1416 2534 Ὡς
1443 2473 1501 2524 ὲν
1523 2471 1622 2543 τῷ,
1655 2477 1808 2528 Συν-

222 2545 527 2600 ελθόντων
569 2549 738 2620 ὑμῶν
777 2553 876 2608 καὶ
914 2555 1020 2610 τοῦ
1065 2557 1213 2627 ἐμοῦ
1265 2563 1607 2630 πνεύματος
1633 2581 1646 2595 °
1687 2567 1806 2631 καὶ,

237 2635 601 2708 Ὀλόκληρον
633 2645 802 2712 ὑμῶν
840 2647 906 2702 τὸ
945 2649 1215 2720 πνεῦμω
1253 2653 1368 2718 καὶ,
1403 2655 1475 2708 ἸΙ
1507 2657 1680 2726 ψυχὴ
1711 2659 1808 2712 καὶ

221 2727 292 2782 τὸ
345 2729 518 2800 σῶμα
560 2739 866 2807 τηρηθείη.
909 2741 1124 2814 Ὠσπερ
1171 2744 1280 2816 γάρ
1314 2747 1467 2817 ἥλιος
1504 2749 1605 2819 μέν
1659 2755 1808 2804 ἐστιν

222 2820 358 2874 αὐτὸ
390 2823 450 2875 τὸ
483 2824 644 2895 σῶμα
665 2828 761 2882 τοῦ
793 2831 944 2900 ἡλίου
973 2850 988 2864 ⁸
1017 2835 1236 2903 λέγεται
1269 2838 1326 2891 δὲ
1359 2840 1453 2892 καὶ
1484 2842 1517 2910 ἡ
1555 2840 1614 2906 ἐξ
1640 2843 1805 2897 αὐτοῦ

222 2913 383 2977 ἀκτὶς
408 2917 718 2989 ὁμωνύμως
747 2921 824 2994 τῷ
847 2923 972 2995 ὅλῳ.
1009 2927 1196 2998 Φαμὲν
1218 2927 1275 2982 δὲ
1304 2930 1414 2982 τῶν
1447 2931 1649 2998 τόπων,
1681 2937 1808 3000 τοὺς

223 3004 348 3072 μὲν,
385 3007 530 3076 ἔχειν
548 3011 722 3082 ἥλιον,
747 3017 874 3080 τοὺς
895 3017 972 3082 δὲ,
1001 3019 1252 3090 ἀνηλίους
1277 3021 1578 3094 ὑπάρχειν·
1611 3029 1710 3096 οὐχ
1730 3027 1806 3091 ὡς

1843 1777 1886 1834 Β

1985 1897 2146 1952 Vsus.
2183 1899 2269 1955 16.
2317 1919 2336 1953 ι
2363 1902 2480 1972 Ipse
2511 1905 2654 1960 enim
2691 1906 2928 1976 Spiritus
2967 1910 3336 1966 testimonium
3367 1911 3492 1968 red-

1911 1989 1988 2043 dit
2018 1992 2230 2059 spiritui
2256 1987 2449 2048 nostro
2483 1997 2627 2066 quod
2662 2013 2854 2054 sumus
2885 1998 2978 2054 lilii
3009 1999 3126 2056 Dei.
3155 1999 3348 2073 [νειιε.
3376 2001 3491 2074 17.)

1911 2078 1967 2133 Si
2001 2089 2182 2138 autem
2215 2085 2334 2151 lilii,
2366 2095 2421 2140 ct
2453 2087 2723 2146 haercdes.
2752 2109 2774 2141 s

1983 2195 2104 2262 Ipse
2136 2201 2272 2252 enim
2297 2197 2550 2264 Spiritus,
2582 2203 2649 2256 de
2674 2219 2903 2272 persona
2932 2203 3170 2274 Spiritus
3199 2206 3374 2261 sancti
3403 2202 3491 2262 lo-

1909 2287 2128 2356 quitur;
2167 2289 2418 2356 spiritum
2463 2302 2644 2345 autem
2685 2303 2930 2348 nostrum
2978 2305 3137 2349 vocat
3181 2296 3416 2366 gratiam
3458 2311 3487 2352 a
3529 2299 3542 2310 '

1911 2375 2117 2446 Spiritu
2147 2389 2337 2436 sancto
2362 2383 2570 2451 datam,
2598 2401 2760 2455 quam
2790 2387 3068 2456 propriam
3099 2387 3490 2458 accipientium

1909 2471 2047 2526 solet
2081 2473 2284 2528 dicere.
2323 2474 2481 2530 Sicut
2511 2476 2564 2530 in
2602 2477 2686 2532 his
2715 2479 2849 2534 locis
2882 2497 2896 2533 :
2928 2476 3371 2534 Convenieutibus
3399 2494 3492 2534 uo-

1909 2562 1988 2616 bis
2009 2575 2056 2616 et
2083 2564 2277 2633 spiritu
2304 2583 2416 2621 meo
2432 2585 2454 2634 ;
2483 2577 2559 2634 et,
2599 2566 2668 2622 Ut
2699 2569 2900 2639 integer
2928 2571 2995 2624 sit
3037 2571 3256 2638 spiritus
3301 2579 3488 2638 uester,

1907 2663 1982 2720 et,
2011 2653 2079 2708 Ut
2102 2657 2279 2710 animo
2307 2669 2353 2712 et
2375 2676 2562 2730 corpus
2579 2673 2918 2716 seruarentur
2943 2663 3008 2718 ¹⁶.
3027 2663 3488 2732 Quemadmodum

1907 2746 2052 2800 enim
2084 2749 2164 2802 sol
2197 2749 2334 2803 idem
2359 2762 2442 2806 est
2471 2767 2536 2808 ac
2567 2754 2698 2809 solis
2726 2770 2924 2824 corpus
2949 2765 3005 2810 et
3025 2757 3214 2812 eadem
3240 2755 3494 2811 denomi-

1911 2838 2134 2892 natione
2173 2839 2553 2912 designantur,
2585 2853 2640 2900 et
2672 2853 2816 2900 totus
2845 2847 2926 2900 sol
2956 2856 3010 2902 et
3043 2847 3227 2904 radius
3251 2861 3320 2902 ex
3349 2847 3488 2916 ipso.

1909 2926 2052 2984 Loca
2081 2932 2326 2998 quzedam
2355 2933 2559 2988 habere
2593 2935 2766 2990 solem
2810 2937 3068 3003 dicimus,
3105 2935 3354 3006 quaedam
3388 2948 3492 2990 au-

1910 3029 2014 3074 tem
2065 3023 2182 3076 sine
2227 3024 2341 3079 sole
2385 3041 2531 3092 esse,
2569 3043 2674 3080 non
2707 3029 2854 3096 quod
2906 3037 3149 3082 mutatur
3183 3025 3491 3084 substantia

220 3097 323 3167 τῆς
379 3101 731 3169 ὑποστάσεως
759 3109 852 3162 τοῦ
899 3110 1056 3180 ἡλίου
1106 3111 1488 3186 ὲξισταμένης,
1543 3116 1681 3170 ἀλλά
1717 3119 1804 3172 διὰ

1916 3112 2060 3176 solis,
2096 3117 2189 3171 sed
2216 3119 2340 3186 quia
2371 3121 2551 3174 lumen
2578 3121 2698 3188 ejus
2729 3121 2782 3172 in
2817 3120 2920 3172 alia
2947 3120 3234 3185 emittitur,
3269 3121 3338 3175 ab
3368 3119 3492 3175 aliis

219 3189 306 3252 τὸ,
335 3191 396 3243 τὸ
442 3191 501 3258 ἐξ
537 3195 704 3248 αὐτοῦ
745 3198 1110 3271 ἀπαύγασμα,
1141 3203 1220 3273 τῷ
1277 3205 1394 3274 μὲν,
1432 3205 1542 3260 τῶν
1587 3208 1803 3279 χωρίων

221 3280 586 3348 προσϐάλλειν
609 3301 624 3314 ·
654 3287 749 3340 τοῦ
779 3289 856 3354 δὲ,
889 3291 1178 3362 προϐόλοις
1199 3293 1344 3346 τισὶν
1377 3295 1799 3350 ἀποκλείεσθαι·

219 3369 364 3424 οὕτω
390 3375 483 3428 καὶ
509 3375 626 3444 τὴν
655 3377 763 3432 τοῦ
794 3380 968 3450 ἁγίου
991 3383 1343 3452 Πνεύματος
1369 3385 1548 3455 χάριν
1577 3392 1806 3459 ὁμωνύ-

218 3480 343 3531 μως
379 3466 482 3520 τοῦ
521 3467 591 3532 ἐξ
616 3466 806 3540 οὗπέρ
834 3473 1008 3527 ἐστιν
1027 3477 1062 3544 ἡ
1095 3474 1219 3530 θεία
1243 3475 1394 3546 λέγει
1421 3479 1640 3552 Γραφή.

297 3596 318 3630 ι
353 3581 524 3652 Εῖπερ
548 3585 965 3657 συμπάσχομεν,
995 3587 1083 3642 ἵνα
1125 3592 1219 3642 καὶ
1267 3590 1744 3664 συνδοξασθῶμεν.
1776 3613 1798 3648 s

265 3692 280 3703 ε
305 3671 392 3723 Ἐν
418 3675 532 3736 τοῖς
563 3675 608 3706 ’θ
636 3675 744 3747 πρὸ
779 3677 960 3749 ὀλίγου
991 3679 1091 3748 τῆς
1132 3679 1540 3744 ἀντεξετάσεως
1581 3682 1801 3752 ἁψάμε-

219 3779 310 3826 νος
347 3764 446 3834 τῆς
473 3766 610 3835 πρὸς
636 3767 706 3820 τά
734 3768 962 3832 παλαιὰ,
999 3769 1096 3822 καὶ
1120 3769 1208 3822 διὰ
1239 3771 1339 3840 τῆς
1365 3771 1690 3843 παράλληλα
1715 3773 1803 3826 θέο

223 3870 364 3918 σεως
407 3857 609 3921 αὐτῶν,
651 3857 715 3910 τδ
765 3859 1032 3930 ὑπερέχον
1075 3861 1352 3930 γνωρίσας
1395 3866 1494 3934 τῆς
1537 3864 1760 3936 χάριτος
1787 3883 1800 3894 ⁶

221 3941 340 3999 εἶτα
375 3947 460 4000 ἵνα
493 3947 571 4018 μὴ
601 3948 688 4001 διὰ
720 3947 781 4000 τδ
818 3949 1050 4019 μέγεοος
1087 3953 1200 4012 τοῖς
1246 3951 1516 4021 μαθηταῖς
1557 3954 1804 4024 ἀμφιϐά-

219 4037 388 4103 λοιτο,
433 4039 851 4109 πιστωσάμενος
881 4041 1013 4094 αὐτὸ
1042 4043 1108 4113 τῇ
1157 4041 1252 4095 τοῦ
1288 4043 1447 4112 ἁγίου
1483 4045 1804 4116 Πνεύματος

224 4130 508 4201 μετουσίᾳ,
547 4130 790 4200 μέτεισιν
828 4132 920 4185 ἐπὶ
967 4133 1314 4204 παράκλησιν
1353 4133 1682 4199 ἀκολούθως,
1707 4138 1804 4190 καὶ

222 4221 750 4301 προτρέπει,μηδὲν
804 4223 1155 4276 ἀκίνδυνον⁷¹
1203 4223 1344 4296 ὑπὲρ
1387 4223 1496 4278 τῶν
1544 4225 1802 4280 τοιούτων

219 4313 659 4384 ἀποδιδράσκειν.
717 4314 930 4385 Σφόδρα
995 4316 1276 4387 χρησίμης
1339 4319 1432 4370 καὶ
1492 4318 1800 4386 ἀναγκαίας

1910 3215 2094 3258 autem
2128 3208 2452 3276 quibusdam
2493 3210 2792 3264 obstaculis
2831 3211 3148 3278 impeditur.
3191 3208 3272 3263 ita
3324 3209 3487 3262 etiam

1911 3290 2195 3363 Scriptura
2241 3313 2396 3353 sacra
2441 3301 2634 3354 eodem
2683 3301 2902 3355 nomine
2946 3310 3090 3354 vocat
3135 3309 3184 3352 ct
3225 3297 3489 3368 Spiritum

1907 3397 2148 3440 simctum
2177 3399 2222 3442 et
2247 3390 2473 3458 gratiam
2507 3408 2622 3460 quis
2645 3409 2710 3446 ea:
2741 3393 2852 3461 ipso
2885 3395 3076 3447 oritur.

1986 3609 2004 3638 ο
2031 3590 2086 3644 Si
2121 3601 2296 3645 tamen
2332 3596 2716 3663 compatimur,
2751 3605 2810 3648 ut
2845 3604 2900 3650 et
2931 3594 3431 3667 conglorillcemur.
3461 3613 3482 3650 ι

1979 3679 2144 3734 Paulo
2205 3699 2368 3751 supra
2420 3687 2885 3752 comparationem
2947 3686 3240 3741 instituens
3297 3685 3488 3756 gratim

1908 3787 2031 3825 cum
2073 3773 2246 3826 veteri
2279 3773 2502 3842 lege,cx
2550 3777 2956 3843 comparatione
2995 3777 3182 3847 gratiae
3219 3776 3488 3832 excellen—

1907 3864 2035 3916 tiam
2067 3863 2312 3920 deduxit.
2352 3865 2554 3920 Deinde
2585 3881 2654 3920 ne
2694 3866 2764 3920 ob
2807 3867 3239 3934 magnitudinem
3269 3868 3488 3922 dubita-

1911 3963 2033 4006 rent
2063 3953 2340 4021 discipuli,
2377 3955 2571 4024 probat
2603 3957 2706 4010 hoc
2735 3971 2833 4025 per
2865 3956 3214 4025 praesentiam
3251 3955 3486 4026 Spiritus

1905 4044 2100 4108 sancti,
2123 4053 2178 4100 et
2215 4046 2468 4117 deinceps
2484 4047 2551 4100 ad
2583 4048 3010 4103 consolationem
3050 4047 3472 4119 transgreditur,

1907 4136 2264 4206 hortaturque
2303 4146 2360 4192 ut
2384 4154 2450 4194 ne
2484 4137 2649 4193 ullum
2680 4139 2982 4210 periculum
3017 4139 3086 4196 de
3118 4139 3202 4196 his
3241 4140 3484 4196 subeun-

1905 4227 2030 4281 dum
2083 4240 2421 4284 recusarent.
2470 4228 2596 4285 llaec
2625 4231 2772 4285 enim
2805 4231 3096 4286 instructio
3142 4230 3298 4286 valde
3337 4231 3487 4286 utilis

1904 4329 2022 4373 erat
2059 4335 2123 4376 ac
2157 4324 2488 4394 necessaria,
2523 4324 2708 4380 multis
2737 4323 2957 4382 aliunde
2983 4325 3136 4381 bellis
3167 4325 3322 4380 initio
3351 4339 3488 4395 prte-

221 4405 431 4476 αύτῷ⁷³
457 4407 556 4476 τῆς
583 4406 714 4478 περὶ
734 4407 940 4460 τούτων
968 4407 1133 4479 οὔσης
1153 4409 1509 4475 διδασκαλίας
1533 4412 1598 4442 ⁷³”
1624 4411 1800 4476 ἄλλως

1916 4413 2194 4469 iicatiouis
2215 4413 2494 4486 Evangelii
2532 4417 2584 4470 iu
2615 4415 2912 4485 discipulos
2947 4415 3305 4471 irruentibus.
3343 4415 3485 4484 Ergo

219 4515 277 4551 τε
303 4499 398 4552 κοιλ¹
433 4498 644 4551 πολλῶν
685 4501 940 4570 πολέμων
983 4504 1040 4554 ἐν
1071 4505 1194 4564 ταῖς
1234 4504 1433 4573 ἀρχαῖς
1479 4504 1572 4557 τοῦ
1619 4505 1796 4575 κηρύο

221 4607 430 4660 γματος
473 4593 884 4664 ἐπιφερομένων
928 4597 1042 4658 τοῖς
1093 4594 1383 4666 μαθηταῖς.
1433 4597 1554 4667 Χρὴ
1594 4597 1794 4664 τοίνυν,

223 4685 375 4754 φησὶ,
408 4683 507 4752 τῆς
553 4683 640 4736 διὰ
682 4683 920 4753 Χριστοῦ
969 4683 1126 4755 δόξης
1167 4685 1552 4758 ὀρεγομένους,
1602 4688 1803 4757 ὁμοίως

221 4774 368 4844 αὐτῷ
397 4775 532 4846 πρὸς
562 4776 690 4839 τοὺς
717 4778 861 4848 ὑπὲρ
891 4779 1064 4848 αὐτῆς
1095 4779 1408 4834 ἐνίστασθαι
1437 4781 1798 4852 πειρασμούς.

230 4863 292 4919 Ἡ
315 4869 422 4936 γὰρ
459 4867 568 4919 τῶν
597 4867 940 4938 παθημάτων
986 4871 1265 4935 κοινωνία,
1304 4873 1400 4924 καὶ
1447 4874 1546 4940 τῆς
1593 4872 1800 4925 ἀντιδό-

221 4974 354 5021 σεως
391 4959 675 5012 κοινωνίαν
706 4961 1023 5030 ἐργάσεται.
1063 4962 1204 5030 Ἐγὼ
1245 4963 1397 5030 γοῦν,
1432 4965 1618 5032 φησὶν,
1647 4963 1800 5016 ἐνθυ-

221 5051 514 5119 μούμενος,
566 5053 657 5104 καὶ
705 5053 881 5116 πάσας
921 5055 1372 5126 ἀντιπαρατιθεὶς
1421 5056 1521 5119 τὰς
1561 5056 1654 5108 ἐπὶ
1701 5055 1796 5110 τοῦ

1905 4514 2136 4572 oportet,
2185 4507 2380 4575 inquit,
2423 4521 2520 4562 eos
2545 4506 2636 4576 qui
2667 4508 2896 4577 gloriam
2921 4523 3018 4578 per
3057 4505 3338 4562 Christum
3371 4520 3486 4558 am-

1905 4596 2080 4664 biunt,
2111 4613 2208 4667 pro
2250 4598 2340 4653 illa
2383 4599 2530 4654 sicut
2565 4601 2682 4670 ipse
2714 4598 2972 4656 Christus
3015 4599 3200 4654 subire
3234 4596 3486 4652 tentalio-

1901 4703 2019 4742 nes.
2084 4689 2214 4744 Nam
2273 4691 2616 4760 passionum
2659 4691 2972 4746 communio
3027 4687 3484 4744 remunerationis

1899 4781 2334 4836 communionem
2377 4781 2558 4838 efﬁcit.
2597 4782 2710 4854 Ego
2756 4783 2940 4854 igitur,
2992 4781 3189 4852 inquit,
3223 4795 3347 4836 cum
3393 4793 3484 4834 re-

1900 4873 2079 4942 cogito
2118 4883 2174 4927 et
2211 4874 2370 4930 bouis
2413 4877 2570 4932 nobis
2615 4877 2668 4930 in
2711 4877 2931 4931 Christo
2978 4875 3262 4946 promissis
3293 4887 3484 4928 omnes

1899 4964 2084 5018 saeculi
2119 4967 2408 5034 praesentis
2434 4967 2814 5025 tribulationes
2840 4984 3128 5039 compono,
3163 4982 3260 5022 eas
3284 4980 3483 5036 parvas

1904 5065 1960 5110 ct
1989 5057 2163 5112 nullas
2189 5074 2312 5114 esse
2334 5061 2574 5117 invenio.

218 5145 484 5211 παρόντος
515 5144 724 5214 θλίψεις
769 5146 983 5212 αἰῶνος,
1023 5151 1138 5212 τοῖς
1183 5150 1618 5220 ὲπηγγελμένοις
1657 5151 1791 5220 ἡμῖν
1828 5149 2054 5218 ἀγαθοῖς
2092 5151 2149 5203 ὲν
2175 5151 2416 5224 Χριστῷ,
2493 5155 2700 5226 μικρὰς
2743 5157 2840 5209 καὶ
2897 5153 2959 5208 τὸ
2991 5153 3160 5225 μηδὲν
3187 5149 3352 5216 οῦσας
3389 5153 3479 5204 εύ-

213 5241 410 5312 ρίσκω.

286 5421 331 5454 ⁸⁵
359 5421 564 5476 Baruch
594 5439 653 5490 ll,
683 5423 775 5480 ει.
881 5426 924 5456 ¹⁶
948 5425 1090 5481 Psal.
1121 5440 1310 5491 nxxt,
1351 5425 1414 5494 (ὃς
1443 5427 1603 5482 Joan.
1635 5445 1687 5493 κ,
1715 5429 1803 5485 δι.

281 5575 330 5608 ⁷ο
353 5577 415 5632 C.
447 5577 514 5630 Μ.
542 5577 718 5642 ἄλλως
743 5599 821 5634 τε.

219 5717 292 5778 είς
317 5717 484 5786 ἡμᾶς.

937 5581 980 5612 ⁷¹
1011 5581 1074 5636 C.
1109 5580 1182 5660 ll]:
1217 5581 1420 5660 μηδένα
1455 5585 1724 5638 κίνδυνον.
1766 5586 1946 5660 _"_C.
1971 5587 2038 5640 .\l.
2075 5591 2352 5660 χρησίμης
2385 5587 2650 5660 αὐτῷκαὶ
2682 5583 3006 5660 ἀναγκαίας.

215 5648 336 5700 add.
367 5647 668 5719 Λογίζομαι
726 5652 853 5722 γὰρ,
891 5653 971 5705 ὅτι
993 5653 1092 5706 οὐκ
1117 5647 1245 5718 ἄξιοι
1267 5647 1336 5706 τὰ
1372 5655 1676 5725 παθήματα
1701 5655 1792 5709 τοῦ
1819 5657 1914 5712 νῦν
1947 5647 2139 5728 καιςιῖῗῦ
2169 5647 2310 5728 ’πρὶς

1881 5435 1963 5489 "‘l
1994 5435 2186 5490 Thess.
2218 5451 2266 5498 ν,
2299 5434 2390 5489 25.

3107 5583 3152 5616 ⁷³
3183 5584 3244 5640 C.
3287 5584 3352 5638 Μ.
3389 5585 3476 5640 hic

2344 5660 2438 5728 τὴν
2479 5655 2776 5728 μέλλουσαν
2823 5655 2980 5720 δόξαν
3016 5655 3474 5727 ἀποκαλυφθῆναι
