4014 6122
204 330 345 396 1697

1235 326 1694 392 FRAGMENTA
1753 325 1838 387 IN
1875 322 2112 389 EPIST.
2155 327 2252 388 AD
2291 329 2474 392 ROM.

3341 328 3476 394 1698

203 443 348 506 ῶνος
391 439 485 494 τοῦ
530 443 624 497 καὶ
659 442 950 516 ἰεροόοὰμ
976 442 1110 505 υιδς,
1163 437 1306 502 εἶπε,
1353 439 1506 510 φησι,
1542 435 1680 507 πρὸς
1705 435 1798 490 ἄνα

1910 437 2068 492 bis".
2115 437 2178 492 Et
2219 439 2272 493 in
2315 454 2516 509 genere
2548 437 2855 509 huiusmodi
2899 441 3163 514 exemplis
3201 441 3356 514 plena
3397 455 3480 498 est

201 536 341 606 δρας
389 532 636 605 Σικίμων
657 551 672 564 ·
718 533 1114 604 Ἐξεπορεύθη
1150 534 1224 588 τὰ
1251 532 1408 596 ξύλα
1448 528 1557 584 τοῦ
1589 527 1797 596 χρίσαι

199 627 301 697 ἐφ’
346 623 531 680 ἑαυτὰ
567 625 870 690 βασιλέα·
907 626 1008 680 καὶ
1053 625 1228 680 εἷπον
1263 623 1338 690 τῇ
1365 621 1545 689 ἐλαίᾳ
1570 637 1584 653 ’
1616 619 1798 674 Βασί-

200 721 442 773 λευσον
457 717 549 786 ἐφ’
580 717 764 786 ἡμᾶς.
782 719 893 772 Καὶ
914 717 1051 780 ὅλως
1079 717 1183 770 ἀνά
1194 716 1388 777 πλεως,
1408 713 1484 776 ὡς
1507 713 1664 782 ἔφην,
1690 709 1799 762 τῶν

199 810 471 861 τοιούτων
503 809 536 876 ή
564 809 685 861 θεία
716 809 928 881 Γραφή.
959 809 1032 862 Τὸ
1062 807 1177 871 οὖν,
1218 809 1332 876 οὐχ
1367 805 1601 859 ἑκοῦσα
1657 801 1800 856 κατὰ

1907 525 2187 596 Scriptura
2219 540 2394 583 Sacra.
2424 528 2538 585 Hoc
2569 542 2770 597 autem,
2799 541 2901 585 nan
2925 533 3122 599 volens,
3156 533 3310 602 juxta
3335 537 3481 590 hunc

1906 617 2236 674 idimismum
2271 622 2408 674 dixit
2436 621 2747 692 Apostolus.
2787 624 2899 679 lloc
2929 625 3135 693 angelis
3161 626 3322 680 etiam
3352 641 3481 682 con-
3553 645 3563 651 ·

1909 700 2116 777 tingere
2145 707 2392 776 alIirmat,
2413 721 2470 764 ut
2496 713 2638 780 quod
2669 714 2736 768 de
2767 712 2958 782 majori
2988 715 3207 778 dicitur.
3239 715 3305 770 de
3330 717 3480 775 omni

1908 809 2162 857 creatura
2190 801 2258 855 sit
2292 803 2522 859 dictum.

200 898 485 952 τοῦτοκαὶ
513 901 541 953 ὁ
582 898 908 964 Ἀπόστολος
938 899 1107 969 ἔφησε
1138 898 1199 950 τὸ
1237 883 1458 967 ἰδίωμα.
1487 895 1558 947 Ἢ
1618 892 1711 946 καὶ
1743 886 1832 944 διὰ
1869 887 2000 950 τοὺς
2045 887 2316 957 ἀγγέλους
2368 891 2554 962 τυχὸν,
2621 893 2707 946 ἵνα
2752 893 2863 949 ἀπὺ
2909 895 3002 950 τοῦ
3051 898 3362 969 κρείττονος
3403 897 3482 962 ὡς

205 995 344 1065 περὶ
373 995 416 1027 ⁸⁷
452 995 634 1064 πάσης
663 995 834 1064 αὐτῆς
931 995 990 1048 τὺ
1017 994 1331 1064 λεγόμενον.

287 1103 306 1136 ι
341 1085 463 1138 ’Ὁτι
507 1086 603 1140 καὶ
651 1085 790 1158 αὐτή
827 1087 862 1155 ἠ
915 1085 1095 1149 κτίσις
1138 1082 1638 1154 ἐλευθερωθήσεται
1685 1077 1794 1130 ἀπὸ

201 1175 309 1238 τίς
341 1176 590 1240 δουλείας
617 1177 718 1245 τῆς
761 1175 992 1248 φθορᾶς.
1030 1195 1049 1226 ι

293 1269 575 1339 Ἀνέχεται
609 1269 860 1338 μέντοιγε
905 1267 1022 1330 νῦν,
1051 1267 1236 1338 φησΐν,
1272 1267 1347 1330 ὡς
1377 1266 1472 1319 καὶ
1525 1261 1664 1334 αὑτὴ
1693 1262 1793 1332 τῆς

203 1362 492 1432 ἡμετέρας
523 1361 843 1433 ἐλευθερίας
880 1361 1353 1416 συναπολαύουσα.
1388 1358 1663 1412 Παύσεται
1684 1355 1793 1425 γὰρ

203 1451 514 1521 τηνικαῦτα
553 1451 742 1505 λοιπὸν
789 1451 1116 1505 δουλεύουσα
1161 1454 1228 1522 τῇ
1277 1450 1488 1521 φθορᾷο
1516 1448 1792 1500 τουτέστιν

203 1543 332 1598 οὔτε
364 1544 496 1613 ἡμῖν
527 1541 608 1595 ἔτι
633 1543 894 1614 φθαρτοῖς
919 1539 1068 1597 οὖσιν
1094 1541 1582 1613 ὲξυπηρετήσεται.
1607 1539 1796 1608 Ἴσμεν

204 1635 321 1705 γὰρ
354 1634 454 1705 ὃση
497 1633 592 1687 νῦν
619 1635 652 1705 ἡ
679 1633 790 1686 τῶν
830 1634 1112 1706 στοιχείων
1143 1635 1323 1698 κτίσις
1356 1632 1645 1687 ἀλλοίωσιν
1673 1629 1792 1699 tlsz-

207 1701 408 1779 σταται
442 1701 552 1778 καὶ
587 1701 818 1797 φθοράν.
854 1701 1100 1798 Καί-μὴν
1142 1726 1388 1788 καὶτοὺς
1429 1722 1696 1793 ἀγγέλους
1717 1723 1799 1776 ὅτι
1832 1701 1872 1756 Β

209 1818 385 1888 μήπω
415 1817 576 1885 φύσει
620 1818 680 1871 τὸ
716 1818 988 1890 ἄτρεπτον
1017 1818 1234 1890 ἔχουσιν
1273 1817 1648 1886 ἐπιστάμεθαο
1698 1816 1800 1868 οὐκ

206 1905 320 1959 ἀπὸ
347 1905 457 1961 τῶν
489 1907 931 1961 ἐκπεπτωκότων
964 1907 1144 1978 μόνον,
1179 1909 1274 1961 καὶ
1301 1906 1390 1960 διὰ
1417 1905 1577 1960 τοῦτο
1607 1905 1796 1958 πεσόν-

205 2011 318 2048 των
347 1992 408 2058 ἐξ
444 1995 700 2068 οὐρανοῦ,
734 1995 872 2050 ἀλλὰ
903 1998 998 2050 καὶ
1041 1998 1136 2066 ἀφ’
1161 1989 1235 2052 ὧν
1274 1995 1484 2058 Παῦλος
1518 1994 1624 2064 ἔφη
1669 1991 1800 2063 περὶ

205 2084 394 2140 αὐτῶν
421 2087 498 2151 ὡς
520 2088 886 2160 ἐνδεχομένων
914 2089 974 2143 τὸ
1001 2089 1296 2160 ἁμαρτεῖνο
1326 2088 1455 2144 Κᾶν
1471 2087 1580 2158 γὰρ
1602 2085 1797 2162 ἡμεῖςν

205 2177 370 2248 φησὶ,
396 2177 510 2236 κᾶν
531 2179 788 2248 ἄγγελος
807 2181 874 2244 ἐξ
897 2181 1158 2250 οὐρανοῦ
1175 2178 1620 2251 εὐαγγελίζηται
1643 2175 1800 2248 ὑμᾶς

207 2269 356 2339 παρ’
384 2270 416 2324 ὃ
443 2271 959 2342 εὐηγγελισάμεθα
988 2273 1152 2342 ὑμῖν,
1183 2271 1450 2342 ἀνάθεμα
1478 2271 1654 2325 ἔστω.

291 2475 309 2508 ι
351 2455 586 2528 Οἴδαμεν
632 2457 742 2529 γὰρ
767 2458 847 2510 ὅτι
883 2458 1036 2512 πᾶσα
1067 2459 1099 2529 ἡ
1139 2457 1315 2522 κτίσις
1357 2455 1674 2520 συστενάζει
1705 2456 1800 2509 καὶ⁵

209 2547 501 2602 συνωδίνει
534 2547 660 2620 ἄχρι
691 2547 788 2602 τοῦ
818 2547 934 2602 νῦν.
976 2569 994 2600 ι

286 2637 568 2709 Γνὼριμός
597 2641 745 2692 ἐστιν
771 2639 962 2704 ἅπασι,
991 2641 1176 2710 φησὶν,
1197 2642 1231 2710 ή
1260 2640 1421 2710 φύσις
1443 2640 1542 2712 τῆς
1568 2639 1800 2705 κτίσεως

208 2730 808 2800 συνταλαιττωρουμένη
844 2733 982 2794 τέως
1006 2732 1157 2801 ἡμῖν,
1195 2731 1291 2784 καὶ
1333 2727 1446 2784 οἷον
1485 2732 1519 2802 ἡ
1561 2729 1608 2762 ⁸⁸
1637 2747 1798 2785 κατε-

209 2823 485 2890 πείγουσα
537 2821 634 2874 καὶ
688 2822 1232 2893 προευτρεπιξομένη
1287 2823 1426 2894 πρὸς
1466 2821 1566 2894 τὴν
1614 2823 1799 2896 κοινὴν

206 2913 598 2983 ἁναγέννησιν.

294 3023 311 3054 ι
353 3005 426 3056 Οὐ
463 3006 623 3074 μόνον
653 3005 729 3070 δὲ,
770 3005 910 3060 ἀλλὰ
941 3007 1036 3060 καὶ
1070 3007 1224 3060 αὐτοὶ
1267 3007 1364 3082 τήν
1395 3007 1656 3080 ἀπαρχὴν
1698 3009 1797 3080 τὴν
1825 3038 1870 3101 C

210 3101 531 3169 πνεύματος
559 3097 794 3170 ἔχοντες,
831 3099 925 3152 καὶ
965 3101 1126 3172 ἡμεῖς
1155 3099 1310 3153 αὐτοὶ
1342 3100 1399 3154 ἐν
1432 3101 1647 3166 ἑαυτοῖς
1677 3119 1797 3155 στε-

209 3190 470 3259 νάζομεν.
508 3208 526 3239 ι

286 3281 351 3334 Τί
393 3282 525 3351 περὶ
560 3281 662 3350 τῆς
693 3281 924 3345 κτίσεως
973 3285 1150 3338 ταῦτα
1196 3285 1380 3354 λέγω;
1411 3287 1596 3356 φησίν.
1657 3287 1796 3341 Ἀλλ’

209 3374 377 3444 ἡμεῖς
407 3372 560 3424 αὐτοὶ
595 3373 657 3424 τὸ
688 3371 988 3441 κεφάλαιον
1028 3375 1127 3444 τῆς
1157 3375 1554 3446 δημιουργίας·
1585 3379 1679 3430 καὶ
1727 3378 1801 3430 δι’

208 3463 310 3526 οὓς
333 3465 424 3515 καὶ
445 3461 564 3532 μεθ’
597 3455 672 3518 ὧν
699 3463 769 3516 τὰ
797 3461 975 3518 πάντα
1016 3464 1448 3532 ἁνακαινίζεται,
1487 3465 1798 3538 δεδεγμένοι

207 3553 313 3625 τὴν
343 3554 436 3606 τοῦ
467 3552 782 3622 Πνεύματος
814 3554 1092 3626 ἀπαρχὴν,
1133 3555 1392 3610 τοσοῦτον
1436 3555 1546 3610 τῶν
1576 3557 1798 3628 μελλόν·

207 3659 326 3696 των
374 3641 676 3714 εἰλήφαμεν
725 3642 914 3709 πόθον,
949 3643 1091 3698 ὥστε
1142 3645 1484 3718 ἀσχάλλομεν
1515 3648 1652 3717 πρὸς
1695 3649 1796 3719 τὴν

214 3735 502 3806 μέλλησιν,
528 3737 624 3790 καὶ
651 3734 850 3808 ῥᾳδίως
872 3737 972 3806 οὐχ
992 3737 1343 3808 ὑποφέρομεν
1370 3737 1472 3810 τήν
1501 3738 1792 3810 ἀναϐολήν·

211 3827 352 3882 ἀλλὰ
404 3827 738 3898 κομίσασθαι
768 3827 830 3881 τὸ
873 3830 981 3882 πᾶν
1023 3827 1125 3898 ήδη
1173 3828 1494 3900 γλιχόμεθα.
1539 3832 1648 3885 Καὶ
1697 3831 1798 3904 τὴν

210 3917 490 3972 υἱοθεσίαν
532 3917 731 3988 δηλῶν,
779 3917 879 3989 τὴν
916 3917 1318 3989 ἀπολύτρωσιν,
1353 3921 1508 3992 φησὶ,
1556 3921 1652 3974 τοῦ
1693 3920 1797 3975 σώε-

215 4029 390 4082 ματος
421 4011 580 4082 ἡμῶν
609 4009 1013 4081 ἐπιθυμοῦμεν,
1053 4011 1338 4064 τουτέστιν
1362 4011 1703 4084 ἀπολυθῆναι
1737 4011 1798 4065 τδ

213 4103 486 4174 ἡμέτερον
517 4101 682 4170 σῶμα
728 4101 938 4174 φθορᾶς
981 4103 1076 4156 καὶ
1121 4101 1396 4175 ἁμαρτίας
1427 4103 1522 4158 καὶ
1561 4103 1796 4159 θανάτου

215 4195 371 4248 ποτέ.
420 4194 749 4265 Ἐπειδήπερ
783 4195 842 4246 ὲν
876 4195 988 4256 τοῖς
1009 4194 1302 4266 ἀνωτέροις
1334 4194 1435 4265 μὲν
1467 4195 1544 4258 ὡς
1569 4193 1669 4266 ἤδη
1697 4197 1796 4267 τῆς

213 4287 546 4356 θνητότητος
573 4287 671 4358 τὴν
699 4286 1054 4358 εὐχαριστίαν
1075 4287 1401 4358 ἀνέκραγεν,
1432 4287 1666 4341 ἐνταῦθα
1690 4289 1796 4342 πά-

1973 1077 2136 1133 Vsns.
2179 1077 2268 1134 2'.
2316 1098 2334 1130 ι
2365 1079 2498 1146 Quia
2543 1091 2597 1139 et
2643 1083 2755 1152 ipsa
2805 1093 3052 1140 creatura
3103 1085 3476 1140 liberabitura

1901 1169 2164 1224 servitute
2189 1173 2574 1240 corruptionis.
2609 1191 2629 1225 ι

1970 1259 2223 1314 Attamen
2268 1265 2501 1316 sustinet
2547 1277 2690 1318 nunc
2730 1264 2970 1333 quidem,
3017 1265 3212 1334 inquit,
3246 1265 3372 1336 quia
3419 1273 3473 1319 et

1902 1351 2014 1419 ipsa
2048 1351 2304 1408 libertate
2333 1364 2517 1409 nostra
2553 1354 2655 1408 frui
2690 1352 2870 1410 debet.
2914 1353 3050 1411 Nam
3085 1357 3322 1412 cessabit
3351 1367 3477 1412 tunc

1903 1443 2107 1497 servire
2140 1445 2501 1514 corruptioni,
2534 1447 2690 1501 nobis
2733 1447 3138 1502 scilicetadhnc
3163 1451 3486 1518 corruptibi-

1904 1535 2044 1589 libus
2069 1537 2354 1591 servitium
2387 1538 2692 1609 denegabit.
2723 1539 2938 1595 Scimus
2974 1541 3120 1594 enim
3156 1555 3476 1610 quamcum-

1901 1642 2007 1697 qne
2071 1627 2460 1684 elementorum
2511 1640 2816 1685 creaturam
2876 1647 3018 1686 nunc
3072 1633 3362 1687 mutationi
3421 1640 3480 1686 et

1902 1717 2234 1787 corruptioni
2289 1735 2412 1776 esse
2459 1719 2780 1788 subiectam.
2839 1721 2952 1776 Nec
3002 1738 3108 1778 non
3157 1733 3210 1777 et
3256 1722 3478 1792 angelos

1901 1809 2062 1863 etiam
2090 1811 2324 1864 nondum
2358 1812 2678 1867 naturaliter
2709 1811 3204 1868 immutabilitatem
3238 1813 3468 1882 adeptos

1901 1915 2024 1954 esse
2052 1903 2453 1970 cognoscimus,
2497 1919 2604 1958 non
2637 1912 2846 1958 tantum
2882 1921 2948 1959 ex
2977 1905 3059 1960 bis
3093 1904 3184 1974 qui
3208 1917 3479 1973 peccave-

1901 1999 2048 2055 runt,
2076 2001 2130 2046 et
2165 1992 2372 2048 idcirco
2410 2009 2441 2048 e
2472 1995 2612 2050 ccelo
2654 1995 2994 2061 exciderunt,
3038 1995 3134 2050 sed
3181 2009 3248 2050 ex
3302 1993 3486 2048 verbis

1900 2085 2074 2139 sancti
2098 2082 2252 2140 Pauli
2285 2084 2484 2155 quibus
2513 2087 2760 2142 innuitur
2785 2087 3008 2158 angelos
3031 2103 3189 2157 posse
3211 2101 3441 2156 peccare
3467 2105 3482 2141 :

1901 2176 2008 2232 Sed
2039 2177 2157 2232 licet
2203 2195 2318 2243 nos,
2363 2188 2458 2232 aut
2489 2181 2708 2249 angelus
2743 2181 2807 2234 de
2834 2179 2960 2235 εωίο
2987 2181 3306 2250 evangeliset
3341 2181 3484 2234 vobis

1837 2314 1844 2326 .
1899 2279 2253 2341 pra'terquam
2303 2273 2443 2342 quod
2489 2271 2973 2343 evangeliaavimus
2994 2272 3158 2339 vobis,
3199 2272 3485 2326 anathema

1899 2362 1968 2418 sit
1999 2363 2061 2416 ¹⁹.

1971 2451 2138 2510 Vens.
2180 2454 2272 2508 22.
2317 2472 2339 2507 ι
2375 2453 2591 2510 Scimus
2627 2456 2772 2509 enim
2809 2455 2952 2524 quod
2994 2453 3176 2512 omnis
3225 2463 3484 2508 creatura

1901 2543 2213 2613 ingemiscit
2244 2554 2298 2598 et
2335 2543 2570 2612 parturit
2599 2558 2771 2611 usque
2802 2543 3002 2596 adhuc.
3041 2560 3060 2593 ι

1968 2635 2166 2692 Notum
2207 2645 2290 2692 est
2343 2637 2619 2699 omnibus,
2683 2637 2876 2703 inquit,
2920 2643 3184 2688 creaturae
3233 2643 3482 2688 naturam

1902 2743 2072 2799 usque
2105 2729 2283 2783 adhuc
2327 2729 2610 2784 nobiscum
2649 2727 2906 2780 miseram
2951 2743 3090 2792 esse,
3127 2738 3180 2781 et
3219 2737 3482 2797 quantum

1899 2821 2123 2876 festinat
2151 2834 2216 2876 ac
2243 2831 2468 2890 paratur
2489 2819 2556 2875 ad
2593 2833 2939 2874 communem
2977 2818 3478 2888 regenerationem.

1975 3003 2138 3060 Vsus.
2185 3003 2276 3060 2'5.
2323 3023 2342 3056 ι
2372 3003 2488 3058 Non
2539 3001 2714 3059 solum
2766 3010 2947 3058 autem
2993 3001 3104 3066 illa,
3147 3001 3244 3057 sed
3283 3009 3338 3056 et
3385 3013 3484 3056 nos

1901 3097 2000 3166 ipsi
2045 3097 2313 3167 primitias
2351 3096 2578 3166 spiritus
2628 3095 2911 3160 habentes,
2943 3103 2998 3150 et
3049 3094 3152 3164 ipsi
3197 3093 3338 3149 intra
3387 3107 3484 3148 nos

1901 3189 2186 3258 gemimus.
2223 3205 2240 3238 ι

1971 3279 2110 3346 Quid
2139 3287 2444 3334 creaturam
2474 3275 2639 3332 dico?
2665 3277 2862 3347 inquit,
2913 3275 3018 3332 Sed
3048 3291 3148 3332 nos
3179 3276 3281 3346 ipsi
3328 3291 3483 3332 crea-

1903 3369 2066 3425 tionis
2111 3377 2295 3439 caput,
2341 3379 2565 3439 propter
2599 3382 2735 3437 quos
2780 3377 2836 3422 et
2879 3382 3002 3422 cum
3041 3368 3243 3438 quibus
3281 3377 3482 3424 cuncta

1901 3473 2251 3528 renovantur,
2284 3463 2554 3533 primitias
2586 3462 2823 3533 Spiritus
2850 3461 3052 3532 adepti,
3089 3470 3299 3517 tantum
3340 3460 3484 3516 iutu-

1899 3573 2088 3613 rorum
2125 3557 2457 3612 desiderium
2495 3557 2868 3628 concepimus,
2901 3563 2962 3611 ut
2991 3555 3060 3612 de
3106 3570 3258 3611 mora
3299 3553 3482 3610 dolea-

1899 3663 2020 3702 mus
2045 3657 2104 3702 et
2133 3663 2274 3717 aegre
2297 3647 2538 3704 feramus
2567 3649 2907 3716 dilationem,
2955 3651 3050 3705 sed
3081 3649 3347 3720 promissa
3379 3648 3482 3704 ob-

1901 3739 2075 3794 tinere
2105 3739 2411 3808 cupiamus.
2440 3739 2509 3794 Et
2535 3742 2880 3811 adoptionem
2910 3743 3196 3797 declarans
3217 3785 3234 3810 ,
3272 3745 3484 3798 redem-

1899 3829 2144 3900 ptionem
2189 3829 2439 3900 corporis
2473 3831 2666 3896 nostri,
2719 3831 2916 3898 inquit,
2949 3832 3348 3897 desideramus,
3383 3847 3480 3887 cu-

1899 3922 2116 3994 pientes
2160 3921 2374 3978 scilicet
2409 3935 2607 3992 corpus
2649 3932 2917 3987 nostrum,
2964 3937 2997 3977 a
3038 3925 3410 3992 corruptione,
3449 3939 3479 3978 a

1899 4020 2124 4084 peccato
2169 4020 2224 4068 et
2255 4027 2287 4066 a
2328 4020 2504 4068 morte
2535 4013 2746 4068 tandem
2782 4013 2996 4068 redimi.
3028 4011 3478 4081 Quandoquidem

1899 4104 2264 4174 supra,quasi
2308 4102 2420 4172 jam
2479 4101 2946 4158 immortalitatem
2995 4103 3221 4169 adeptus
3253 4099 3476 4169 fuisset,

1897 4191 2196 4262 gratiarum
2251 4193 2497 4249 actiones
2533 4193 2826 4262 clamavit;
2883 4209 3026 4250 nunc
3077 4189 3274 4256 iterum
3323 4195 3480 4263 quasi

1901 4286 2136 4340 nondum
2181 4286 2286 4340 hoc
2330 4285 2579 4356 adeptus,
2604 4287 2698 4343 sed
2741 4288 2919 4342 adhuc
2967 4288 3218 4344 obtinere
3261 4289 3482 4345 deside-

213 4379 301 4432 λιν
333 4379 410 4443 ὡς
436 4378 590 4434 οὔπω
633 4379 826 4433 τούτου
868 4379 1208 4452 τετυχηκὼς,
1239 4379 1354 4432 ἀλλ’
1383 4380 1462 4434 ἔτι
1485 4383 1670 4452 τυχεῖν
1699 4383 1796 4450 ὲφ-

1910 4395 2048 4446 rans,
2101 4380 2285 4449 adjicit
2325 4399 2339 4436 :
2377 4380 2483 4471 Spe
2532 4381 2673 4435 enim
2719 4380 2855 4436 salvi
2895 4380 3030 4452 facti
3071 4397 3255 4438 sumus
3284 4384 3366 4451 ’°;
3423 4384 3479 4440 in

217 4469 430 4538 ιέμενος
456 4469 786 4540 προστίθησι
806 4486 820 4500 ο
862 4467 940 4537 Τῇ
971 4470 1080 4539 γὰρ
1115 4467 1316 4522 ἐλπίδι
1349 4469 1690 4540 ἐσώθημεν
1736 4473 1795 4524 ὲν

213 4555 428 4610 ἐλπίσιν
457 4557 558 4623 ἔτι,
591 4558 746 4629 φησὶ,
779 4557 846 4612 τὰ
875 4560 973 4626 τῆς
995 4557 1270 4629 σωτηρίας
1301 4557 1478 4628 ήμῶν.

293 4667 312 4700 ι
364 4647 637 4712 Ὡσαύτως
673 4649 766 4702 καὶ
795 4649 857 4700 τὸ
889 4648 1114 4716 Πνεῦμα
1151 4646 1728 4717 συναντιλαμϐάνεται.
1763 4666 1785 4698 ι

288 4831 366 4905 [Ε
401 4832 522 4887 cod.
577 4831 820 4904 Momm]
863 4833 934 4886 Ἢ
992 4832 1085 4886 καὶ
1133 4832 1328 4898 οὕτως.
1371 4833 1438 4888 Ἦ
1487 4835 1586 4906 μὲν
1637 4839 1798 4906 φύσις

210 4921 378 4990 ἡμῶν
409 4925 548 4988 ἐστι,
605 4925 790 4995 φησὶν,
839 4923 1094 4994 ἀσθενὴς,
1128 4923 1224 4977 καὶ
1253 4924 1314 4978 τὸ
1357 4925 1482 4978 καθ’
1525 4926 1696 4996 αὐτὴν
1738 4931 1800 4982 τὸ

207 5009 380 5077 αὖθις
415 5013 838 5068 ἀναϐιώσεσθαῖ.
863 5015 940 5068 Τὰ
963 5015 1020 5068 δὲ
1059 5016 1471 5086 ἐπηγγελμένα,
1511 5019 1719 5086 μεγάλα
1738 5037 1798 5073 τε

204 5105 316 5157 καὶ
363 5106 504 5169 θεῖα,
537 5107 632 5157 καὶ
679 5102 768 5160 οἷα
825 5109 960 5177 μηδὲ
1007 5107 1084 5179 νῷ
1133 5109 1454 5180 χωρηθῆναι
1503 5109 1796 5179 δυνάμενα.

219 5195 374 5249 Ἀλλ’
433 5199 582 5268 ὅμως
625 5200 761 5267 πρὸς
805 5199 988 5254 πίστιν
1039 5203 1248 5255 τούτων
1296 5203 1405 5254 τῶν
1437 5201 1797 5272 τηλικούτων,

199 5287 330 5340 ἀπὸ
361 5288 454 5342 τοῦ
493 5289 816 5360 Πνεύματος
853 5293 914 5346 οὺ
965 5295 1170 5366 μικρὰν
1217 5293 1538 5364 ἐπικουρίαν
1581 5291 1798 5364 ἔχομεν.

200 5372 303 5428 Τόι
341 5376 450 5450 γὰρ
485 5379 582 5434 καὶ
621 5382 894 5452 αἰτήσεως
928 5385 1239 5454 κρείττονα,
1275 5385 1370 5438 καὶ
1415 5385 1544 5453 περὶ
1587 5373 1662 5436 ὧν
1701 5385 1800 5439 οὐκ

299 5547 538 5612 “Judic.
576 5573 654 5624 Ix,
678 5558 734 5616 8.
814 5561 858 5592 "
881 5559 1060 5617 Galat.
1087 5579 1126 5627 ι,
1157 5563 1210 5618 8.
1289 5564 1332 5595 ²⁰
1357 5565 1514 5620 Rom.
1547 5581 1666 5632 rm,
1697 5567 1788 5622 ‘24.

316 5707 359 5739 ⁸⁷
385 5712 450 5770 C.
471 5709 540 5777 Μ.
563 5711 824 5784 ὡσπερεί.
903 5716 947 5750 ⁸⁸
969 5715 1095 5786 Leg.
1127 5716 1309 5770 οἱονεί.

1901 4488 1998 4545 Spe
2023 4474 2193 4540 enim,
2225 4474 2424 4546 inquit,
2453 4474 2601 4531 salus
2629 4486 2838 4531 nostra.

1971 4659 2135 4716 Vens.
2165 4660 2257 4718 ‘26.
2303 4681 2324 4716 ι
2354 4660 2622 4719 Similiter
2652 4675 2834 4719 autem
2881 4674 2936 4720 et
2977 4659 3214 4736 Spiritus
3257 4657 3480 4734 adjuvat

1909 4755 2281 4808 inﬁrmitatem
2311 4766 2572 4812 nostram.
2607 4776 2624 4809 ι

1974 4843 2069 4898 Vel
2102 4846 2267 4899 etiam
2298 4846 2400 4900 hoc
2433 4847 2613 4901 modo.
2656 4845 2862 4902 Natura
2900 4859 3084 4904 nostra
3115 4847 3326 4902 inﬁrma
3357 4849 3481 4920 qni-

1901 4936 2046 4999 dem,
2083 4936 2276 5006 inquit,
2327 4946 2380 4992 et
2425 4939 2720 4993 secundum
2759 4940 2897 4994 hanc
2938 4956 3074 4994 nova
3115 4941 3476 5010 regeneratio.

1901 5027 2174 5082 Promissa
2207 5043 2339 5084 vero
2365 5045 2559 5099 magna
2585 5042 2641 5085 et
2665 5029 2956 5098 divina,ita
2987 5043 3046 5087 nt
3077 5049 3228 5088 mens
3256 5049 3316 5088 ea
3347 5049 3478 5087 con-

1901 5120 2088 5185 cipere
2119 5136 2222 5173 non
2249 5119 2445 5178 valeat.
2481 5121 2587 5178 Sed
2616 5124 2682 5176 ad
2715 5125 2872 5178 iidem
2911 5134 3183 5178 tantorum
3210 5127 3474 5178 bonorum

1903 5225 2008 5264 non
2039 5211 2308 5266 modicum
2348 5227 2376 5264 a
2411 5212 2618 5282 Spiritu
2667 5216 2966 5285 accipimus
3009 5215 3294 5268 auxilium.
3344 5213 3477 5268 Nam

1901 5317 2021 5372 quae
2053 5303 2314 5370 petitione
2344 5305 2508 5358 etiam
2554 5316 2680 5360 sunt
2705 5307 3012 5376 superiora,
3045 5308 3112 5360 de
3146 5305 3346 5374 quibus
3389 5320 3480 5358 ne-

1903 5393 2106 5449 scimus
2139 5394 2411 5464 quomodo
2459 5410 2618 5450 orare
2663 5404 2932 5466 oporteat,
2979 5395 3031 5449 id
3075 5406 3157 5450 est
3189 5403 3307 5464 quat
3350 5399 3478 5449 sunt
