4014 6122
221 277 360 344 1701
1107 294 1114 301 '
1255 274 1720 336 FRAGMENTA
1755 273 1839 334 IN
1875 274 2115 336 EPIST.
2158 275 2259 336 AD
2297 274 2480 337 ROM.
3343 274 3481 342 1702

215 383 588 456 συμϐαίνοντα
608 383 820 452 γίνεται
843 382 888 415 ⁸ο
909 377 1327 451 παρασκευάζει
1351 380 1489 449 πρὸς
1508 379 1792 448 ἀγαθόν⁹¹,

1905 395 2058 447 num,
2097 390 2150 436 et
2185 382 2483 438 secundum
2509 381 2709 437 bonum
2752 383 3085 452 propositum
3123 399 3307 440 eorum
3345 404 3479 456 quos

215 479 314 531 ἅτε
351 478 444 530 καὶ
473 475 614 528 κατά
642 475 742 545 τὴν
775 472 989 544 ἀγαθὴν
1034 472 1216 524 αὐτῶν
1263 469 1528 537 πρόθεσιν
1558 487 1799 540 προσκε-

1903 471 2140 527 vocavit.
2168 469 2376 526 Exinde
2401 473 2564 528 etiam
2595 474 2659 526 de
2683 471 2996 529 Judmorum
3019 476 3322 545 perditione
3350 494 3480 548 apo-

207 567 526 638 κλημένου,ς
558 567 605 599 ⁸³
635 565 832 627 αύτούς
854 580 868 594 '
897 561 1152 616 ἐντεῦθεν
1193 561 1378 632 μέντοι
1407 563 1505 616 καὶ
1541 561 1640 632 τὴν
1665 563 1792 615 ἀποα

1106 580 1152 616 ιν
1193 561 1378 632 μέντοι
1407 563 1505 616 καὶ
1541 561 1640 632 τὴν
1665 563 1800 615 ἀπο-
1903 565 2097 636 logiam
2128 579 2440 634 pra‘parare
2471 565 2691 635 incepit.

210 661 406 728 λογίαν
436 659 712 728 τῆξύπὲρ
745 657 848 727 τῆς
883 655 931 688 ⁹³
975 652 1252 708 Ἰουδαίων
1290 653 1568 723 ἀποϐολῆς
1598 654 1802 726 ἤρξατο

213 751 791 826 προκατασκευάζειν.

293 865 312 898 ι
349 845 477 897 Ὅτι
531 842 625 907 οὓς
671 842 945 914 προέγνω,
989 840 1086 894 καὶ
1119 838 1399 910 προώρισε
1443 839 1802 910 συμμόρφους

1971 835 2131 892 Vens.
2163 837 2255 892 29.
2304 855 2322 888 ι
2355 835 2492 891 Nam
2529 853 2668 907 quos
2707 841 3003 908 praescivit,
3035 851 3088 896 et
3127 843 3482 911 prmdestiua-

205 935 310 1005 τῆς
341 937 550 996 εἰκόνος
589 934 682 988 τοῦ
714 933 848 987 Υίοῦ
886 931 1074 998 αὑτοῦ,
1098 933 1179 997 είς
1201 931 1264 984 τὸ
1288 927 1427 985 εἶναι
1451 933 1614 989 αὑτὸν
1646 951 1790 1004 πρω-

1901 930 1979 984 vit
2010 929 2319 985 conformes
2359 930 2478 986 fieri
2533 929 2788 1001 imaginis
2832 934 2952 988 Filii
3000 937 3107 1002 sui,
3157 946 3214 990 ιιι
3259 939 3331 993 sit
3368 939 3483 1008 ipse

203 1029 435 1082 τότοκον
467 1029 522 1079 ἐν
556 1026 771 1089 πολλοῖς
801 1025 1073 1095 ἀδελφοῖς.
1118 1044 1137 1078 ι

1903 1022 2298 1092 primogenitus
2322 1023 2378 1076 in
2408 1024 2595 1080 multis
2623 1024 2908 1080 fratribus.
2939 1043 2958 1077 ι

284 1119 572 1190 Προὼρισε
623 1119 679 1170 δὲ
731 1117 916 1184 τοῦτο,
969 1117 1128 1188 φησὶ,
1163 1117 1258 1170 καὶ
1289 1117 1336 1149 ’⁸
1377 1117 1651 1187 μετέδωκε
1701 1117 1800 1186 τῆς

1972 1113 2087 1168 Hoc
2144 1121 2324 1168 autem
2377 1115 2822 1182 praedestinavit,
2867 1117 3074 1186 inquit,
3135 1119 3271 1172 alios
3315 1119 3480 1174 etiam

205 1209 491 1272 υἱοθεσίας
534 1211 630 1262 καὶ
667 1208 872 1272 ἄλλοις.
909 1209 984 1262 Οὐ
1034 1209 1126 1262 τὸν
1159 1209 1291 1262 Υίὸν
1319 1209 1492 1282 ταύτῃ
1523 1226 1605 1262 τοι
1635 1208 1790 1278 ζημι-

1904 1203 2213 1273 adoptionis
2243 1202 2363 1258 fleri
2393 1207 2710 1276 participes.
2735 1206 2950 1262 Nullum
2986 1209 3185 1264 exinde
3211 1209 3352 1266 Filio
3382 1213 3481 1266 da-

202 1301 361 1364 ώσας
388 1303 468 1334 ³⁵·
505 1301 616 1372 ἔχει
655 1301 763 1370 γὰρ
806 1301 981 1366 οὕτως
1029 1301 1240 1366 ἐκεῖνος
1268 1301 1368 1371 τὴν
1396 1302 1538 1354 κατά
1581 1301 1787 1354 πάντωη

1999 1309 2087 1348 um
2137 1294 2343 1351 intulit.
2405 1297 2502 1352 Ille
2547 1299 2694 1352 enim
2743 1298 2824 1353 sic
2877 1299 3038 1354 habet
3083 1315 3247 1368 super
3290 1317 3484 1358 omnes
3579 1328 3584 1332 -

203 1393 524 1464 ὑπεροχὴν,
577 1393 674 1446 καὶ
729 1393 1053 1448 πλεονεκτεῖ
1109 1396 1223 1456 τοῖς
1273 1395 1638 1466 πρωτοτόκοις
1692 1393 1788 1448 τῶι

1901 1385 2306 1451 excellentiam,
2346 1397 2402 1443 et
2427 1389 2636 1458 primus
2665 1400 2749 1445 est
2785 1391 2928 1445 inter
2955 1392 3344 1461 primogenitos
3379 1395 3484 1448 fra-

203 1483 485 1553 ἀδελφῶν.
521 1513 590 1522 —
625 1483 692 1555 [E
727 1483 1116 1556 Cod.Mouac.]
1142 1484 1213 1536 Ἦ
1245 1486 1640 1553 συμμρρφους
1669 1484 1788 1555 (pr-‘01

1905 1484 2068 1530 trum.
2095 1504 2167 1516 —
2191 1476 2286 1530 Vel
2321 1477 2620 1548 conformes
2650 1479 2782 1534 dicit
2827 1481 3078 1550 imaginis
3122 1481 3243 1536 Filii
3275 1483 3356 1537 sui
3384 1497 3482 1553 pro

201 1575 323 1646 τῆς
350 1579 586 1642 εἰκόνος
615 1577 712 1630 τοῦ
745 1575 878 1630 Υίοῦ
913 1577 1080 1631 αὐτοῦ
1101 1593 1116 1608 ⁸
1150 1578 1276 1630 ἀντὶ
1317 1575 1432 1644 τοῦ,
1465 1575 1580 1646 τῆς
1607 1578 1786 1645 υίότηι

1903 1567 2182 1636 ﬁliatiom’s
2215 1569 2464 1638 corporis
2489 1568 2628 1638 ejus.
2654 1568 2865 1626 Idcirco
2889 1569 3091 1639 adjecit
3121 1589 3134 1628 :
3167 1569 3236 1626 Ut
3268 1574 3337 1627 sit
3371 1575 3485 1644 ipse

201 1685 315 1734 τος
347 1667 442 1722 τοῦ
487 1667 740 1738 σώματος
768 1667 958 1722 αὑτοῦ.
991 1667 1083 1720 Διὸ
1129 1668 1224 1722 καὶ
1264 1668 1568 1739 ἐπήγαγεν,
1599 1671 1704 1734 Εις
1731 1668 1786 1722 τέ

718 1685 740 1732 ς
768 1667 958 1722 αὑτοῦ.
991 1667 1083 1720 Διὸ
1129 1668 1224 1722 καὶ
1264 1668 1568 1739 ἐπήγαγεν,
1599 1671 1704 1734 Εις
1731 1667 1800 1722 τὸ
1836 1718 1872 1739 η
1903 1660 2303 1730 primogenitus.

209 1718 305 1734 η,
992 1718 1076 1720 ___
1599 1718 1696 1734 _-,
1739 1718 1790 1722 -_

199 1755 366 1814 εἷναι
398 1759 586 1814 αὐτὸν
608 1759 1006 1827 πρωτότοκον.
1836 1718 1875 1772 Β

285 1867 306 1900 ι
355 1849 423 1902 Τί
465 1844 558 1902 οὖν
610 1846 846 1918 ἐροῦμεν
878 1847 1016 1919 πρὸς
1065 1845 1273 1911 ταῦτα;
1308 1847 1357 1898 εί
1405 1846 1434 1898 ὁ
1473 1844 1606 1906 Θεὸς
1658 1843 1801 1914 ὑπὲρ

1977 1843 2143 1902 Vens.
2194 1846 2288 1912 5t,
2323 1847 2415 1902 52.
2463 1867 2482 1900 ι
2511 1847 2646 1915 Quid
2687 1864 2816 1920 ergo
2854 1849 3100 1906 dicemus
3133 1852 3198 1904 ad
3229 1851 3385 1906 haec?
3422 1851 3482 1906 Si

199 1940 392 2011 ἡμῶν,
435 1939 520 2004 τίς
567 1937 694 1993 καθ’
727 1937 922 2010 ήμῶν;
963 1939 1064 2002 ὐς
1105 1955 1169 2006 γε
1209 1936 1307 1990 τοῦ
1364 1936 1495 1990 ίδίου
1529 1935 1658 1988 Υἱοῦ
1701 1935 1784 1988 0"»

1906 1937 2046 1992 Deus
2080 1953 2177 2008 pro
2202 1939 2380 2005 nobis,
2407 1941 2530 2009 quis
2562 1949 2749 1996 contra
2778 1941 2910 1997 nos?
2933 1941 3034 2010 Qui
3065 1944 3230 1999 etiam
3259 1945 3484 2014 proprio

199 2033 496 2104 ἐφείσατο.
538 2050 557 2083 ι

1903 2027 2044 2084 Filio
2079 2044 2176 2084 suo
2212 2045 2320 2084 non
2345 2032 2608 2100 pepercit.
2646 2052 2666 2084 ι
2742 2065 2745 2068 ‹

277 2120 427 2175 Θεοῦ
461 2122 666 2188 τοίνυν,
715 2123 902 2193 φησὶν,
933 2121 1086 2186 ὄντος
1135 2121 1275 2193 ὑπὲρ
1305 2120 1482 2192 ἡμῶν,
1516 2122 1678 2192 ἡμεῖς
1707 2119 1804 2173 ἆλ-

1971 2119 2109 2176 Cum
2146 2121 2306 2188 Deus,
2333 2122 2528 2190 inquit,
2553 2124 2622 2178 sit
2655 2139 2754 2194 pro
2786 2125 2969 2191 nobis,
3003 2127 3249 2194 nunquid
3290 2142 3483 2197 quem-

199 2213 300 2268 λον
331 2213 464 2266 τινὰ
493 2213 602 2266 τῶν
639 2213 860 2268 πάντων
895 2212 1356 2284 φοϐηθησόμεθα;
1401 2212 1498 2267 καὶ
1541 2211 1634 2265 τὸν
1669 2211 1784 2264 ίδιοτ

1904 2211 2028 2266 dam
2075 2212 2243 2266 alium
2277 2213 2625 2269 timebimus?
2673 2225 2728 2270 et
2758 2218 2848 2286 qui
2881 2231 2980 2286 pro
3017 2219 3171 2274 nobis
3199 2219 3479 2288 proprimn

201 2305 343 2360 Υἱὸν
397 2305 571 2370 οὕτως
610 2307 752 2376 ὑπὲρ
801 2307 960 2376 ἡμῶν
1007 2307 1184 2369 διδοὺς
1226 2305 1485 2373 ἀφειδῶς,
1517 2299 1674 2367 οὗτος
1725 2305 1786 2365 εἰς

1903 2303 2100 2358 Filium
2131 2303 2212 2360 sic
2239 2305 2462 2359 tradidit
2497 2304 2741 2374 profuse,
2777 2307 3019 2376 nunquid
3059 2309 3111 2362 iu
3143 2310 3354 2364 ca-teris
3387 2325 3484 2364 n0-

199 2398 365 2468 ήμᾶς
413 2397 543 2470 περὶ
585 2396 699 2450 τῶν
749 2395 1062 2449 ὑπολοίπων
1110 2394 1643 2465 σμικρολογήσεται;
1691 2395 1784 2447 Ούι

1903 2396 1990 2452 bis
2025 2397 2217 2451 dandis
2263 2396 2368 2451 erit
2399 2397 2636 2466 parcus?
2669 2395 2857 2452 Nonne
2893 2399 3036 2453 Deus
3073 2401 3254 2454 omnia
3295 2417 3484 2457 amore

203 2491 328 2545 ἔστι
358 2489 539 2542 πάντα
565 2489 795 2560 δεύτερα
820 2486 940 2558 Θεῷ
972 2489 1072 2557 τῆς
1096 2487 1320 2558 ἀγάπης
1353 2487 1518 2542 αὑτοῦ
1541 2487 1646 2558 τῆς
1673 2488 1788 2558 περ¹

1904 2499 2065 2555 quem
2092 2489 2145 2541 in
2181 2501 2281 2542 nos
2309 2485 2472 2540 habet
2501 2485 2757 2542 inferiora
2781 2489 2973 2544 ducit?
2996 2489 3372 2560 Opportunum
3399 2503 3482 2547 est

201 2585 400 2656 ἡμᾶς;
430 2569 690 2652 εΰκαιρον
727 2581 900 2651 τούτῳ
931 2581 978 2616 ⁹⁶
1009 2579 1104 2632 νῦν
1130 2581 1380 2650 ἐπισχεῖν
1405 2623 1422 2647 ,
1459 2580 1540 2634 ὅτι
1569 2579 1786 2634 ἐνταῦθα

1908 2579 1996 2634 hic
2045 2579 2506 2643 animadvertere,
2559 2590 2810 2634 sanctum
2850 2579 3073 2636 Paulum
3123 2599 3264 2638 nunc
3300 2585 3483 2640 dicere

201 2675 304 2731 τοῦ
339 2673 474 2728 Υἱοῦ
505 2675 551 2706 ³⁷
587 2673 738 2744 παρὰ
765 2671 859 2725 τοῦ
899 2669 1221 2742 ῐΙνεύματος
1249 2671 1297 2704 ⁸⁸
1329 2669 1472 2739 ὑπὲρ
1510 2671 1670 2740 ήμῶν
1697 2687 1786 2723 πα-

1906 2670 2102 2725 Filium
2145 2687 2174 2726 a
2213 2681 2403 2726 sancto
2437 2670 2645 2740 Spiritu
2689 2686 2786 2741 pro
2818 2673 2974 2726 nobis
3011 2673 3264 2728 traditum
3295 2673 3478 2740 fuisse,

206 2765 541 2841 ραδέδοσθαι
570 2767 614 2801 ⁸³
662 2765 836 2833 λέγων
873 2765 902 2816 ὁ
940 2763 1176 2828 Παῦλος,
1224 2765 1283 2818 ἐν
1329 2765 1396 2834 τῇ
1449 2763 1614 2833 πρὸς,
1642 2763 1791 2832 Ἐφε·

1905 2777 2028 2817 cum
2067 2763 2120 2816 in
2156 2761 2397 2830 Epistola
2431 2763 2498 2816 ad
2523 2761 2792 2831 Ephesios
2829 2761 3026 2817 Filium
3069 2764 3170 2820 hoc
3211 2779 3241 2818 a
3281 2775 3481 2820 semct-

203 2860 390 2922 σίους,
426 2857 590 2910 αὑτὸν
624 2858 758 2927 παρ’
796 2853 994 2909 ἑαυτοῦ
1038 2854 1189 2922 λέγει
1231 2854 1323 2907 τὸν
1357 2853 1484 2914 Υίὸν
1513 2853 1670 2907 τοῦτο
1709 2870 1778 2905 πε

1905 2855 2024 2925 ipso
2039 2854 2231 2910 fecisse
2255 2855 2402 2908 dicat
2427 2873 2442 2908 :
2469 2853 2711 2910 Christus
2726 2857 2887 2918 enim,
2921 2855 3120 2926 inquit,
3151 2857 3339 2911 dilexit
3363 2873 3480 2920 nos,

203 2951 526 3021 ποιηκέναιο
568 2949 632 3003 '0
651 2948 906 3018 Χριστὸς
924 2948 1054 3016 γὰρ,
1076 2965 1148 3017 φη
1158 2947 1261 3008 σὶν.
1282 2945 1602 3016 ἠγάπησεν
1623 2945 1788 3014 ἡμᾶς

1905 2957 1952 3000 et
1987 2946 2208 2998 tradidit
2251 2948 2581 3016 semen‘psum
2613 2963 2711 3016 pro
2745 2947 2894 3001 nobis
2916 2947 2984 3001 ”.
3031 2948 3169 3014 Quid
3203 2950 3346 3004 aliud
3386 2967 3484 3004 nos

203 3043 310 3096 καὶ
347 3039 696 3108 παρέδωκεν
729 3037 950 3092 ἑαυτὸν
983 3037 998 3068 ⁸
1031 3037 1183 3104 ὑπὲρ
1215 3035 1403 3103 ἡμῶν.
1439 3035 1505 3087 Τί
1532 3033 1788 3087 διδάσκωι

1905 3039 2084 3103 docet,
2117 3037 2220 3092 nisi
2244 3053 2407 3092 unam
2431 3053 2553 3094 esse
2572 3048 2628 3094 et
2657 3037 2894 3109 Spiritus
2920 3049 2974 3094 et
3000 3039 3124 3096 Filii
3153 3042 3220 3096 de
3246 3041 3481 3096 humana

201 3133 362 3203 ἡμᾶς
387 3131 579 3200 ἕτερον
607 3130 638 3198 ἢ
672 3129 730 3182 ἓν
774 3124 918 3182 εἷναι
948 3127 1231 3196 Πνεύματι
1259 3125 1280 3156 ³
1309 3125 1404 3178 καὶ
1437 3123 1552 3196 Υίῷ
1579 3123 1682 3193 τῆς
1711 3124 1786 3176 dw-

976 3127 1231 3196 Ινεύματι
1259 3125 1280 3156 ²
1309 3125 1404 3178 καὶ
1437 3123 1552 3196 mp
1579 3123 1682 3193 τῆς
1711 3124 1805 3176 ἀν·
1904 3126 2080 3182 salute
2103 3127 2474 3183 voluntatem?
2552 3121 2561 3146 ’

201 3220 440 3292 θρώπου
473 3220 492 3250 ³
525 3217 800 3289 σωτηρίας
831 3217 892 3270 τὸ
923 3215 1206 3286 βούλημα;

284 3333 304 3364 ι
339 3312 441 3375 Τίς
479 3309 766 3378 ἐγκαλέσει
793 3308 937 3362 κατά
974 3307 1252 3360 ἐκλεκτῶν
1279 3305 1452 3373 Θεοῦ;
1499 3305 1634 3368 Θεὸς
1663 3307 1692 3358 ὁ
1721 3305 1802 3358 δι-

1981 3310 2140 3365 Vens.
2166 3312 2259 3375 55,
2302 3310 2390 3366 54.
2448 3330 2468 3364 ι
2502 3311 2633 3378 Quis
2671 3314 2954 3369 accusabit
2985 3315 3246 3370 adversus
3277 3315 3487 3372 electos

205 3403 410 3457 καιῶν.
449 3401 544 3463 Τίς
573 3401 600 3452 ὁ
632 3396 1018 3468 κατακρίνων;
1061 3414 1079 3446 ι

1907 3398 2042 3454 Dei?
2074 3400 2216 3456 Deus
2244 3403 2334 3470 qui
2357 3402 2644 3472 justificat.
2676 3401 2807 3469 Quis
2832 3412 2920 3458 est
2948 3405 3041 3474 qui
3075 3407 3435 3462 condemnet?
3457 3427 3476 3460 ο

294 3491 710 3559 Ἐγκαλούντων
735 3487 1022 3558 τοιγαροῦν
1037 3487 1088 3540 οἱ
1117 3485 1430 3556 βουλόμενοι
1449 3485 1546 3540 καὶ
1563 3502 1802 3556 κατηγο-

1975 3489 2086 3544 Nos
2121 3491 2310 3562 igitur,
2355 3491 2556 3561 inquit,
2591 3492 2643 3546 in
2674 3493 2762 3560 jus
2795 3502 3013 3558 vocent,
3041 3497 3132 3566 qui
3169 3497 3378 3562 volunt,
3429 3509 3484 3553 et

208 3583 614 3662 ρούντωνὴμᾶς
639 3597 650 3610 °
669 3582 728 3634 οὐ
746 3581 854 3652 γὰρ
869 3580 1146 3650 ἰσχύουσιν
1165 3579 1295 3648 ἡμῖν
1313 3576 1616 3646 ἀμύνεσθαι
1630 3577 1691 3630 τὸ
1701 3593 1793 3631 πα-

1907 3591 2187 3636 accusent.
2213 3581 2373 3636 Nullo
2402 3584 2560 3638 modo
2608 3583 2752 3638 enim
2796 3597 3026 3654 possunt
3060 3603 3090 3642 a
3127 3591 3284 3645 nobis
3323 3605 3484 3646 aver-

211 3681 398 3752 ράπαν
423 3677 524 3746 τῆς
545 3671 680 3725 Θεοῦ
717 3673 924 3742 ψήφου,
957 3669 1073 3740 μεθ’
1104 3669 1260 3738 ἡμῶν
1283 3685 1342 3718 τε
1366 3668 1460 3720 καὶ
1482 3667 1622 3737 ὑπὲρ
1643 3665 1796 3736 ἡμῶν

1907 3680 2020 3726 tere
2048 3674 2328 3727 decretum
2361 3677 2504 3743 quod
2541 3673 2682 3730 Deus
2704 3692 2802 3745 pro
2833 3680 2989 3733 nobis
3017 3695 3082 3734 ac
3107 3681 3173 3736 de
3209 3682 3364 3736 nobis
3396 3699 3485 3737 se-

207 3767 581 3838 τεταγμένης·
607 3765 853 3835 βούλεται
875 3764 1050 3814 εἰπεῖν
1063 3760 1147 3812 ὅτι
1171 3758 1361 3828 μηδενὶ
1381 3759 1606 3810 δυνατὸν
1631 3756 1792 3811 ταῦτα

1907 3763 2012 3816 mel
2049 3763 2205 3829 tulit;
2243 3764 2294 3814 id
2329 3773 2412 3816 est
2453 3779 2611 3819 nemo
2635 3776 2816 3835 potest
2849 3783 2878 3820 a
2911 3769 3071 3823 nobis
3115 3772 3336 3826 auferre
3365 3789 3485 3842 quae

209 3863 374 3934 ἡμῶν
421 3858 746 3927 ἀφελέσθαι,
775 3855 812 3908 ἃ
855 3850 1144 3923 προλαϐὼν
1191 3851 1322 3920 ἡμῖν
1365 3851 1394 3902 ὁ
1441 3850 1576 3914 Θεὸς
1607 3850 1794 3920 ἐχαρί-

1909 3853 2052 3909 Deus
2081 3854 2238 3908 nobis
2269 3855 2452 3925 largiri
2483 3857 2762 3922 decrevit;
2809 3873 2986 3927 neque
3017 3875 3139 3914 cum
3183 3877 3283 3917 nos
3315 3867 3483 3920 semel

213 3971 350 4010 σατο
370 3972 384 3986 ·
435 3950 563 4004 οὗτε
595 3943 689 4000 οὖν
735 3944 1100 4012 ἐκλεξαμένου
1129 3942 1276 4011 ἡμᾶς
1320 3941 1416 3993 τοῦ
1447 3939 1584 3992 Θεοῦ
1619 3940 1713 3992 ἐπὶ
1738 3942 1798 4011 τῇ

1907 3943 2069 4014 elegit
2105 3945 2172 3999 ad
2201 3945 2508 3999 futurorum
2540 3943 2812 4001 bonorum
2843 3947 3160 4006 fruitionem
3194 3953 3481 4022 quisquam

213 4046 326 4100 τῶν
387 4040 698 4114 μελλόντων
743 4035 1044 4091 ἀπολαύσει
1101 4033 1480 4103 ἀνατραπῆναι
1521 4031 1626 4085 ὑπό
1665 4048 1798 4094 τινος

1906 4047 2088 4106 potest
2101 4038 2241 4092 hanc
2257 4047 2500 4094 nostram
2515 4049 2730 4095 mutare
2744 4041 3082 4096 electionem.
3104 4044 3171 4099 Et
3193 4060 3314 4100 cum
3331 4048 3485 4101 nobis

215 4139 316 4208 τὴν
349 4131 588 4202 ἐκλογὴν
618 4128 776 4200 ἡμῶν
801 4127 1057 4180 δυνατόν·
1085 4125 1208 4178 οὒτε
1239 4125 1568 4195 παρέχοντος
1587 4125 1718 4194 ἡμῖν
1740 4121 1800 4175 τὰ

1907 4128 2046 4183 bona
2077 4128 2286 4182 dederit
2317 4144 2436 4198 quae
2469 4138 2798 4198 spectamus,
2823 4141 2880 4185 et
2922 4131 3190 4202 imprimis
3213 4135 3483 4205 justitiam

211 4223 676 4300 προσδοκώμενα.
731 4221 842 4272 Καὶ
893 4218 1002 4289 πρό
1036 4233 1101 4285 γε
1149 4216 1367 4269 πάντων
1395 4214 1494 4286 τὴν
1549 4212 1796 4284 ἁληθινὴι

1911 4221 2052 4276 hanc
2093 4236 2282 4276 veram
2317 4222 2370 4276 in
2405 4236 2514 4292 qua
2561 4223 2980 4288 constituemur,
3017 4231 3074 4278 et
3117 4239 3280 4293 quam
3325 4229 3487 4280 amit-

213 4319 438 4388 ἐκείνην
471 4312 756 4366 δικαίωσιν
781 4311 838 4364 ἐν
917 4305 1394 4378 καταστησόμεθα,
1419 4307 1684 4376 ἁμαρτεῖν
1709 4305 1798 4358 οὐκ

1912 4321 2026 4368 tere
2058 4327 2167 4366 non
2209 4313 2534 4382 poterimus,
2569 4325 2695 4366 num
2725 4313 3014 4381 quisquam
3054 4323 3180 4368 tunc
3204 4316 3402 4385 poterit
3429 4317 3481 4372 in

215 4385 625 4477 ἐπιδεχόμενοι,
675 4402 798 4454 τότε
831 4399 986 4454 ἔσται
1011 4416 1098 4462 τις
1130 4401 1160 4452 ὁ
1196 4395 1507 4466 μεταϐολὴν,
1543 4395 1650 4448 τῶν
1683 4395 1800 4448 καθ’

1911 4405 2224 4460 conditione
2255 4413 2440 4458 nostra
2491 4403 2846 4458 mutationem
2892 4404 3133 4460 εσθαι-οἳ
3163 4404 3349 4474 Itaque
3376 4422 3481 4462 non

216 4498 367 4568 ἡμᾶς
399 4493 629 4562 ποιῆσαι
656 4489 992 4558 δυνάμενος;
1027 4487 1192 4540 Ὥστε
1217 4487 1278 4540 ού
1309 4487 1552 4558 προσῆκε
1576 4484 1801 4538 δεδιέναι

1911 4500 2069 4551 decet
2111 4495 2403 4549 formidare
2445 4509 2540 4549 eos
2585 4493 2676 4563 qui
2730 4509 2830 4549 nos
2884 4505 3308 4565 persequuntur,
3355 4497 3485 4566 quia

217 4590 346 4652 τοὺς
369 4585 670 4646 διώκοντας
689 4598 704 4613 ⁸
739 4579 1036 4652 ἀφελέσθαι
1065 4580 1172 4649 γὰρ
1189 4579 1256 4632 τά
1277 4577 1460 4646 ἁγαθὰ
1496 4576 1628 4646 παρ’
1647 4576 1802 4646 ἡμῶν

1909 4589 2244 4658 impossibile
2276 4597 2358 4642 est
2405 4587 2513 4642 illis
2558 4603 2588 4640 a
2631 4589 2788 4642 nobis
2837 4589 3054 4643 auferre
3098 4589 3234 4642 bona
3267 4605 3386 4655 quae
3433 4591 3485 4643 iu

216 4680 475 4734 δύνανται
489 4672 764 4744 οὐδαμῶς,
779 4672 883 4726 ἀπε
891 4690 921 4742 ρ
943 4671 1034 4723 ἐπὶ
1051 4671 1144 4722 τοῦ
1163 4669 1493 4740 μέλλοντοςή
1503 4669 1590 4738 μῖν
1607 4667 1801 4731 αἰῶνος

1910 4689 2140 4736 venturo
2179 4681 2377 4734 saeculo
2411 4679 2568 4733 uobis
2595 4678 2826 4732 alIutura
2861 4694 3169 4748 speramus.
3197 4679 3321 4734 Ideo
3347 4681 3487 4735 dixit

219 4767 595 4842 προσέσεσθαι
625 4765 942 4836 ἐλπίζομεν.
977 4764 1068 4816 Διὸ
1099 4761 1248 4825 εἷπε,
1275 4762 1390 4829 τὴν
1413 4759 1676 4828 ἐκλογὴν
1704 4759 1803 4812 καὶ

1911 4775 2210 4828 electionem
2239 4781 2288 4827 et
2309 4771 2750 4841 justiﬁcationem
2773 4787 2792 4834 ;
2819 4775 3114 4828 ostemlens
3145 4788 3245 4828 uos
3268 4775 3481 4842 quidem

219 4860 338 4928 τὴν
374 4859 712 4924 δικαίωσιν,
748 4858 837 4910 διὰ
871 4857 971 4927 μὲν
993 4856 1090 4926 τῆς
1125 4853 1358 4922 ἐκλογῆς
1386 4851 1446 4904 τὸ
1479 4852 1617 4922 πρὸς
1645 4851 1804 4903 τοῦτο

1905 4867 2016 4936 jam
2048 4867 2116 4922 ab
2135 4868 2235 4920 hac
2257 4867 2364 4918 vita
2387 4881 2480 4934 per
2501 4867 2821 4919 electionem
2841 4865 2910 4920 ad
2934 4866 3019 4918 illa
3041 4866 3179 4920 bona
3205 4867 3487 4934 praedesti-

219 4953 474 5008 ἐντεῦθεν
511 4951 617 5023 ἤδη
668 4951 1014 5022 ἁφωρίσθαι’
1049 4947 1334 5018 σημαίνων
1363 4945 1422 4998 δὲ
1467 4944 1555 4996 διὰ
1585 4943 1684 5012 τῆς
1725 4941 1804 4996 δι-

1915 4960 2054 5024 nari,
2083 4959 2176 5013 sed
2205 4958 2258 5011 in
2289 4957 2502 5012 illorum
2535 4957 2788 5011 fruitioue
2819 4958 3078 5012 constitui
3102 4959 3483 5028 perjustitica-

218 5044 506 5104 καιὼσεως
549 5043 616 5096 τὸ
670 5037 812 5095 εἶναι
843 5041 1024 5094 αὐτῶν
1067 5041 1123 5093 ἐν
1168 5035 1488 5102 ἀπολαύσει,
1531 5035 1590 5086 τό
1627 5051 1688 5086 τε
1727 5033 1803 5088 δι-

1917 5053 2139 5108 tionem.
2169 5049 2621 5106 Justiﬁcationem
2651 5057 2810 5104 vocat
2833 5049 3325 5119 impossibilitatem
3356 5067 3482 5120 pec-

286 5217 332 5251 ³³
347 5214 546 5284 Ephes.
581 5231 646 5283 γ,
672 5215 726 5269 ‘2.

288 5384 338 5416 °°
370 5380 504 5446 ch.
534 5378 817 5444 γενεσθαι.
893 5378 933 5408 ⁸³
965 5375 1128 5430 ἀλλὰ
1147 5375 1362 5446 μὴν-έ-
1385 5370 1658 5446 άγαθότλ
1681 5369 1744 5426 C.
1770 5370 1841 5446 Μ.
1877 5371 1988 5446 Καὶ
2015 5368 2178 5446 τοῦτο
2201 5371 2337 5446 ῂμῖν
2382 5385 2486 5420 που
2526 5369 2774 5446 ’πάντως
2811 5366 3252 5446 ἀνωμολόγηται,
3298 5369 3484 5446 φησὶν,

225 5459 311 5510 ὅτι
337 5435 526 5511 δ’Θέὸς
551 5435 664 5501 ὀὐκ
684 5446 1078 5515 ἐγκαταλείπει
1107 5435 1240 5496 πὸτέ
1271 5444 1396 5515 τοὺς
1411 5435 1744 5515 ἀγαπῶντας
1775 5442 1936 5494 αὐτόν
1957 5457 1971 5471 -
2023 5438 2159 5515 ἀλλά
2198 5435 2417 5515 dirast
2447 5439 2665 5515 “aulai:
2713 5439 2788 5515 τά
2838 5435 2966 5515 περὶ
3009 5435 3470 5515 quecui-copiis!-

231 5504 410 5582 νοντα,
439 5504 691 5584 γίιὲεσθαι
723 5504 1136 5584 παρασκευάζει
1167 5517 1248 5574 εἰς
1275 5504 1539 5584 suae»,
1563 5513 1637 5584 A”
1659 5504 1790 5584 Cod.
1819 5509 2324 5584 προσκεκλημένος.
2367 5509 2500 5584 ἷξε.
2527 5507 2645 5584 -ιξιζ
2662 5507 2786 5584 add.
2820 5504 2977 5584 τίὲν..
3026 5507 3074 5536 ³⁸
3193 5504 3284 5584 ML
3377 5507 3486 5584 γαρ

231 5575 350 5646 καί.
400 5575 410 5582 ’
451 5575 507 5621 ἴδ’
535 5587 600 5642 C.
631 5587 707 5640 M.
739 5575 889 5639 οὐδὲν
933 5575 1188 5636 ἐντεῦθεν
1237 5575 1492 5635 τὸνῪὶὸν
1526 5575 1877 5650 ἐζημίωσεν.’
1943 5581 1988 5612 ’°
2017 5578 2079 5650 (ἶ.
2118 5575 2188 5632 Μ.
2219 5579 2340 5634 add.
2369 5580 2450 5634 δέ.
2478 5581 2568 5650 ﬂ"
2605 5579 2668 5632 (ἶ.
2700 5577 2769 5650 Μ.
2799 5577 2903 5650 τοῦ
2931 5575 3183 5650 [ξατ-ρόςη
3235 5575 3284 5650 ξε
3410 5575 3482 5630 Μ.

231 5645 330 5716 τοῦ
357 5658 592 5727 Πατρός.
674 5659 719 5690 ⁹⁹
753 5657 886 5712 Cod.
921 5651 1359 5725 παραδέδιυσθαι.
1439 5653 1454 5681 ¹
1483 5650 1543 5706 C.
1568 5645 1658 5704 Μ’.
1703 5650 1866 5703 αὑτὸν
1913 5649 2252 5720 παρέδωκεν.
2341 5653 2362 5683 ⁹
2392 5649 2546 5708 (LM.
2588 5647 2786 5718 Πατρί.
2886 5647 2906 5678 ⁸
2937 5645 3000 5700 C.
3035 5645 3104 5699 Μ.
3161 5645 3484 5718 ἀνθρώπων.
