4014 6122
196 350 201 359 _
263 282 396 347 1705

1276 273 1743 338 FRAGMENTA
1782 272 1866 332 ΙΝ
1907 272 2145 333 EPIST.
2185 276 2287 335 AD
2323 276 2511 340 ROM.

3381 274 3518 340 1705

257 397 437 467 χάριν·
461 392 556 446 καὶ
576 390 766 463 ἐπειδὴ
782 391 883 462 τῆς
907 388 1117 456 οἰκείας
1138 390 1365 463 γνώμης
1383 389 1564 455 ἐξεῖπε
1589 387 1688 459 τὴν
1711 385 1844 456 πρό-

1969 386 2294 453 ιοοερῑηιυεῖ
2341 387 2408 442 Ει
2449 397 2507 441 ut
2553 386 2784 457 propriae
2826 384 3144 443 intentionis
3184 388 3517 458 propositum

256 487 429 549 θεσιν,
456 485 545 538 ἴνα
576 484 650 555 μὴ
677 483 808 557 δόξῃ
841 483 964 536 κατ’
990 482 1311 548 ἀλαζονείας
1343 480 1592 551 ὲψέσθαι,
1623 480 1829 549 ταχέως

256 577 504 648 ἐπήγαγε
531 574 590 628 τὸ
624 575 769 645 ἑξῆς.

335 686 353 719 ι
403 662 548 720 ’Δλλ”
581 668 640 719 ὲν
690 665 900 728 τούτοις
952 666 1119 717 πᾶσιν
1167 661 1553 735 ὑπερνικῶμεν
1601 660 1688 714 διὰ
1737 657 1831 711 τοῦ

256 760 644 829 ἀγαπήσαντος
681 758 848 827 ἡμᾶς.
880 776 900 805 ι

332 853 564 922 Ἐχομεν
594 849 800 920 μέντοι,
840 848 996 918 φησὶ,
1029 848 1088 900 τὸ
1110 845 1316 899 τούτων
1346 845 1487 900 κατά
1515 842 1833 916 περιουσίαν

1933 478 2142 544 aperiat
2184 493 2247 532 ac
2291 478 2660 552 ostendat,se
2709 493 2813 532 non
2855 492 2954 547 per
2993 478 3313 547 iactantiam
3345 477 3517 549 loqui,

1942 571 2128 622 Statim
2164 570 2387 637 adjecit.

2012 658 2177 715 Vsus.
2212 663 2302 715 57.
2351 680 2369 713 ι
2404 660 2509 716 Sed
2542 662 2592 715 in
2625 663 2709 717 his
2742 654 3356 731 munibus'superamus
3389 678 3522 735 pro-

1937 761 2055 821 pter
2086 770 2206 807 eum
2239 755 2327 824 qui
2360 755 2547 811 dilexit
2572 770 2689 810 nos.
2725 775 2742 806 ι

2008 844 2303 902 Possumus
2357 857 2561 910 tamen,
2614 848 2811 917 inquit,
2863 847 2970 903 illis
3018 849 3332 917 superiores
3380 863 3525 916 esse,

259 943 624 1016 κρατεῖν,οὐκ
656 943 748 1011 ἀφ’
783 940 1012 1004 ἑαυτῶν,
1048 938 1182 1023 ἀλλὰ
1211 936 1300 991 διὰ
1325 937 1417 991 τοῦ
1450 939 1836 1009 ἀγαπήσαντος

1969 952 2045 992 ηοη
2070 953 2166 1008 per
2190 940 2570 1010 nosmetipsos,
2605 938 2696 994 sed
2727 955 2822 1010 per
2853 955 2976 995 eum
3005 941 3097 1010 qui
3126 941 3315 996 dilexit
3338 955 3455 998 nos.

343 1039 428 1099 ἅς.

343 1040 428 1099 ἅς.

259 1040 354 1178 ήμι
386 1126 697 1198 Πέπεισμαι
722 1126 829 1196 γάρ
859 1127 941 1179 ὅτι
969 1125 1093 1179 οὔτε
1127 1126 1380 1189 θάνατος,
1411 1122 1535 1176 οὔτε
1573 1121 1707 1191 ζωή,
1742 1138 1762 1173 ι

331 1306 572 1361 Θάνατον
613 1304 711 1375 μὲν
738 1305 832 1359 οὖν
865 1304 1048 1358 πάντα
1090 1304 1242 1372 λέγει
1266 1304 1334 1357 τὰ
1358 1302 1573 1374 χαλεπά
1598 1318 1612 1332 ·
1650 1301 1840 1370 ἐπειδὴ

2013 1114 2179 1171 Vens.
2227 1117 2317 1171 '58.
2366 1136 2384 1170 ι
2416 1117 2610 1173 Certus
2639 1133 2757 1173 sum
2791 1120 2959 1184 enim,
2987 1120 3113 1190 quia
3150 1135 3325 1191 neque
3357 1138 3528 1189 mors,

1944 1222 2124 1277 neque
2152 1209 2283 1263 vita.
2316 1229 2336 1262 ι

2009 1298 2237 1355 Mortem
2272 1302 2489 1371 quidem
2523 1304 2657 1360 dicit
2684 1307 2865 1360 omnia
2904 1304 3078 1373 mala;
3112 1306 3386 1377 siquidem
3415 1323 3532 1359 mn-

260 1398 368 1452 τῶν
420 1398 679 1451 τοιούτων
726 1398 946 1451 πάντων
1001 1397 1156 1460 τέλος
1207 1397 1236 1449 ὁ
1290 1396 1520 1459 θάνατος
1547 1409 1561 1424 ·
1612 1392 1756 1466 ζωὴν
1784 1393 1842 1445 δὲ

1969 1394 2095 1446 ιὶιιιη
2144 1393 2410 1448 malorum
2460 1410 2697 1462 summa,
2747 1413 2931 1466 mors;
2975 1398 3140 1454 vitam
3171 1414 3302 1455 vero
3345 1405 3535 1457 omnia

262 1492 440 1545 πάντα
462 1490 531 1544 τὰ
551 1489 804 1561 τρυφηλά
824 1506 884 1542 τε
910 1490 1005 1542 καὶ
1036 1489 1218 1557 ἀγαθά
1250 1505 1266 1520 ·
1298 1488 1489 1558 ἐπειδὴ
1521 1486 1632 1539 τῶν
1662 1486 1839 1540 τοιού-

259 1600 369 1637 των
403 1582 623 1636 πάντων
655 1582 810 1644 τέλος
862 1582 1023 1636 πάλιν
1070 1581 1219 1634 ἐστὶν
1272 1582 1305 1651 ή
1346 1579 1483 1649 ζωή.
1553 1579 1842 1648 Ἀγγέλους

1944 1484 2083 1539 bona
2132 1495 2188 1540 et
2239 1486 2565 1556 voluptates,
2620 1491 2747 1559 quia
2799 1491 2988 1546 talium
3029 1493 3272 1548 omnium
3318 1508 3532 1550 summa

1947 1588 2030 1632 est
2062 1578 2191 1632 vita.
2224 1579 2462 1652 Angelos
2493 1596 2622 1638 vero
2647 1593 2702 1639 et
2729 1584 3067 1655 principatus
3095 1598 3151 1641 et
3178 1588 3412 1643 virtutes
3438 1604 3535 1643 vo-

261 1677 316 1730 δὲ
340 1677 435 1729 καὶ
463 1673 641 1745 ἀρχὰς
682 1674 778 1727 καὶ
808 1673 1092 1755 δυνάμεις,
1127 1673 1226 1736 τὰς
1260 1673 1527 1742 ἀοράτους
1568 1671 1753 1735 οὐσίας
1788 1671 1842 1725 αἳ

1969 1680 2060 1735 tat,
2112 1671 2416 1728 invisibiles
2462 1684 2688 1731 naturas
2734 1693 2852 1747 qua:
2896 1678 3131 1735 diversis
3184 1680 3254 1735 ab
3299 1682 3532 1737 invicem

261 1771 379 1830 τοῖς
401 1766 679 1836 διαφόροις
708 1764 919 1829 τούτοις
950 1766 1179 1835 ὀνόμασι
1213 1764 1564 1834 καταλλήλως
1608 1759 1721 1839 αῖς.
1748 1763 1850 1816 ὑπ-

267 1857 597 1931 ηρετοῦνται
625 1858 842 1929 χρείαις
889 1857 1433 1928 προσαγορεύονται·
1466 1855 1705 1925 ἄγγελοι
1749 1855 1848 1925 μὲν

264 1952 418 2024 παρὰ
440 1951 502 2004 τὸ
566 1949 914 2019 ἐξαγγέλλειν
963 1952 1077 2012 τοῖς
1124 1948 1434 2022 ἀνθρώποις
1470 1947 1539 2001 τὰ
1588 1950 1652 2001 ὲκ
1689 1947 1845 2000 Θεοῦ·

262 2043 445 2111 ἁρχαὶ
471 2042 550 2107 δὲ,
580 2042 731 2113 παρά
755 2041 817 2095 τὸ
843 2042 1056 2112 ἄρχειν,
1098 2040 1130 2110 ἦ
1164 2040 1399 2106 πόλεων,
1427 2040 1460 2108 ἢ
1496 2039 1668 2093 ἐθνῶν
1710 2038 1851 2102 ὅλως

264 2130 349 2198 οἷς
373 2136 636 2203 ἐφεστᾶσι
669 2149 682 2162 ·
720 2132 1009 2203 δυνάμεις
1038 2131 1116 2197 δὲ,
1157 2133 1310 2203 παρὰ
1347 2133 1408 2185 τὸ
1441 2130 1672 2194 δυνατὰς
1696 2130 1851 2199 6-611-

269 2224 651 2296 μιουργεῖσθαι
711 2224 855 2295 πρὸς
913 2222 1222 2293 ὑπηρεσίαν
1278 2220 1435 2276 Θεοῦ.
1510 2220 1847 2289 Εὐλογεῖτε,

264 2318 404 2389 γὰρ,
435 2317 589 2387 φησὶ,
625 2317 732 2368 τόν
754 2317 996 2383 Κύριον,
1035 2315 1258 2379 πάντες
1282 2317 1335 2366 οὶ
1369 2312 1609 2381 ἄγγελοι
1639 2311 1848 2375 αὑτοῦ,

263 2409 515 2464 δυνατοὶ
551 2409 736 2478 ίσχύτ,
771 2407 1089 2472 ποιοῦντες
1117 2406 1223 2459 τὸν
1253 2407 1440 2475 λόγον
1467 2403 1675 2459 αὑτοῦ.
1733 2405 1852 2456 Ἐν-

266 2500 487 2554 εστῶτα
537 2499 617 2563 δὲ,
669 2497 965 2567 σύμπαντα
1004 2495 1419 2568 περιληπτικῶς
1452 2497 1522 2549 τὰ
1555 2494 1803 2565 παρόντα
1835 2509 1849 2524 ·

268 2592 541 2663 μέλλοντα
597 2591 674 2655 δὲ,
726 2590 932 2659 ὁμοίως
985 2589 1169 2643 πάντα
1220 2590 1312 2643 τὸν
1369 2589 1802 2660 προσδοκώμενα
1836 2602 1848 2615 ·

267 2684 481 2753 ὖιζνωμά
508 2700 567 2735 τε
590 2684 684 2736 καὶ
718 2683 903 2751 βάθος,
937 2683 1037 2735 ύπε
1049 2681 1309 2753 ρουράνιά
1336 2700 1393 2735 τε
1416 2682 1509 2735 καὶ
1533 2681 1850 2753 ὑποχθόνια.

266 2775 591 2848 προσέθηκε
649 2775 704 2828 δὲ
753 2777 847 2828 καὶ
898 2774 1074 2840 τοῦτο,
1134 2775 1272 2829 οὔτε
1300 2792 1391 2839 τις
1429 2776 1626 2841 κτίσις
1659 2773 1851 2841 ἑτέρα,

265 2867 496 2931 δεικνὺς
531 2867 630 2938 τῆς
664 2868 795 2938 περὶ
821 2867 955 2920 Θεὸν
987 2867 1210 2936 ἀγάπης
1256 2866 1421 2920 αὐτοῦ
1476 2866 1855 2936 τὴνἛπερϐο-

264 2961 371 3030 λήν
413 2977 427 2991 ⁶
463 2961 557 3014 καὶ
587 2960 669 3013 ὅτι
699 2961 911 3029 ταύτης
941 2960 1102 3029 χάριν
1148 2958 1364 3028 ἕτοιμός
1417 2961 1565 3011 ἐστιν
1625 2961 1736 3021 τοῖς
1793 2975 1853 3009 τε

263 3049 393 3105 οὖσι
425 3050 519 3102 καὶ
552 3051 666 3112 τοῖς
694 3050 796 3102 οὐκ
829 3047 947 3102 οὖσι
978 3047 1364 3119 διαμάχεσθαι.
1403 3047 1502 3100 Διὰ
1543 3047 1728 3117 μέντοι
1758 3044 1852 3099 τοῦ

263 3143 412 3197 οὔτε
455 3142 783 3211 μέλλοντα,
843 3141 1005 3209 δῆλον
1034 3140 1334 3210 πεποίηκεν
1363 3138 1630 3208 άκριόὦς,
1676 3139 1757 3191 ὅτι
1790 3138 1850 3189 οὐ

263 3233 360 3288 διὰ
378 3224 446 3286 ίτὶ
475 3233 618 3302 φιλεί
655 3234 746 3285 τὸν
782 3232 937 3297 Θεὸν,
986 3231 1107 3284 οὐδὲ
1151 3231 1397 3300 ἀμοιὸὦν
1444 3230 1622 3283 ἐλπίδι
1666 3228 1851 3293 τινῶν,

1958 1763 2268 1820 nominibus
2305 1765 2563 1821 dicuntur
2600 1768 2755 1838 juxta
2805 1769 2952 1824 varia
2985 1771 3182 1841 quibus
3233 1772 3536 1827 inserviunt

1959 1854 2257 1910 ministeria
2287 1873 2299 1908 :
2330 1857 2504 1928 angeli
2560 1861 2628 1915 ab
2677 1861 3054 1918 annuutiando
3080 1863 3259 1918 divina
3298 1863 3535 1918 homini-

1959 1944 2098 2010 bus;
2127 1946 2455 2014 principatus
2490 1964 2517 2001 a
2550 1953 2784 2019 regendo
2828 1952 2942 2008 sive
2977 1954 3160 2021 nrbes,
3193 1955 3310 2010 sive
3358 1955 3536 2009 natio-

1960 2050 2057 2091 nes
2088 2051 2251 2104 super
2276 2053 2412 2107 quas
2442 2043 2886 2110 constituuntur;
2916 2045 3154 2111 virtutes,
3179 2047 3305 2117 quia
3340 2056 3537 2115 poten-

1962 2135 2043 2180 tes
2083 2137 2210 2181 snnt
2251 2129 2318 2181 ad
2366 2133 2771 2200 exsequendum
2808 2135 2900 2190 Dei
2940 2136 3272 2191 mandatum.
3311 2135 3540 2191 Batradi-

1959 2217 2076 2283 rite,
2112 2218 2256 2272 enim
2284 2220 2481 2291 inquit,
2515 2220 2825 2286 Dominum,
2868 2240 3045 2278 omnes
3079 2226 3253 2295 angeli
3279 2225 3415 2294 ejus,
3443 2243 3540 2295 po-

1962 2315 2128 2361 tentes
2180 2310 2396 2377 virtnte,
2445 2312 2702 2380 facientes
2746 2315 2958 2369 verbum
3011 2316 3124 2380 eius
3149 2317 3216 2369 “.
3271 2315 3535 2371 lnstantia

1961 2400 2319 2468 conglobatim
2344 2405 2524 2460 omnia
2554 2405 2685 2462 dicit
2713 2408 3035 2477 praesentia;
3066 2407 3242 2464 futura
3264 2409 3535 2477 similiter,

1962 2493 2141 2547 omnia
2187 2507 2540 2567 exspectata;
2580 2498 2921 2557 altitudinem
2957 2511 3013 2556 et
3045 2502 3394 2570 profundum.
3430 2516 3541 2558 ctr-

1962 2586 2115 2642 lestia
2143 2588 2356 2645 scilicet
2385 2601 2549 2659 atque
2587 2594 2895 2649 terrestria.
2925 2593 3139 2663 Adiecit
3160 2597 3346 2663 etiam,
3373 2611 3539 2666 neque

1961 2680 2071 2734 alia
2116 2691 2386 2749 creatura,
2424 2685 2626 2740 amoris
2662 2686 2745 2740 sui
2783 2686 2835 2741 in
2877 2686 3049 2742 Deum
3085 2687 3402 2759 signiﬁcans
3437 2702 3536 2743 ex-

1962 2784 2197 2837 cessum,
2239 2787 2301 2828 ac
2328 2787 2387 2828 se
2414 2789 2512 2843 pro
2544 2775 2634 2829 illo
2663 2790 2851 2833 amore
2875 2777 2938 2833 ad
2965 2779 3312 2849 pugnandum
3346 2789 3538 2835 contra

1960 2874 2021 2914 ea
2048 2877 2167 2930 quae
2197 2871 2323 2916 sunt
2364 2873 2419 2917 et
2450 2878 2511 2919 ea
2548 2880 2669 2935 quae
2699 2881 2804 2922 non
2832 2879 2960 2921 sunt
2990 2881 3112 2923 esse
3144 2876 3411 2932 paratum.
3442 2869 3538 2922 At-

1965 2960 2144 3009 tamen
2178 2970 2273 3024 per
2301 2957 2413 3011 ham
2439 2960 2600 3014 verba
2630 2975 2792 3029 neque
2809 2958 3019 3027 futura,
3047 2961 3329 3016 evidenter
3351 2968 3537 3016 osten-

1964 3047 2042 3098 dit
2080 3060 2138 3100 se
2185 3062 2293 3102 non
2326 3059 2547 3118 propter
2585 3048 2811 3119 aliquid,
2856 3065 3033 3120 neque
3074 3052 3538 3108 remunerationis

1959 3149 2058 3205 spe
2111 3135 2280 3190 Deum
2337 3138 2599 3209 diligere;
2655 3140 2750 3194 sed
2798 3139 2928 3199 illud
2981 3141 3154 3210 ipsum
3205 3141 3534 3210 desiderare,

1960 3229 2125 3283 Deum
2158 3230 2368 3284 scilicet
2393 3243 2598 3298 amare,
2648 3230 2791 3300 quod
2826 3240 2881 3288 et
2926 3233 3074 3287 omni
3101 3235 3279 3289 studio
3313 3235 3534 3305 dignum

263 3326 386 3380 ἀλλ’
419 3326 556 3379 αὐτὸ
580 3324 743 3378 τοῦτο
772 3324 1017 3395 στέργων
1069 3323 1130 3375 τὸ
1187 3324 1365 3392 φιλεῖν
1417 3324 1509 3376 τὸν
1559 3323 1715 3385 Θεὸν,
1759 3321 1855 3374 κ.-.ὶ

1977 3322 2175 3375 ndicat.
2211 3320 2351 3375 Nihil
2393 3322 2578 3393 igitur,
2609 3323 2807 3394 inquit,
2842 3323 3033 3379 horum
3058 3339 3177 3395 quae
3207 3341 3368 3396 supra
3400 3340 3537 3381 enn-

262 3417 397 3472 καθ’
438 3416 575 3470 αὐτὸ
623 3416 826 3487 κρίνων
873 3414 1004 3469 αύτὺ
1044 3414 1529 3486 περισπούδαστον.
1566 3415 1731 3468 Οὐδὲν
1762 3410 1855 3467 οὖν

261 3509 382 3561 τῶν
424 3506 1041 3580 προαπηριθμημένων,
1092 3509 1278 3577 φησὶν,
1309 3508 1611 3576 ἀποστήσει
1643 3509 1741 3576 τῆς
1777 3508 1857 3569 εἰς

258 3602 406 3655 Θεὸν
431 3600 659 3668 ἀγάπης
691 3600 859 3669 ἡμᾶς,
899 3598 1065 3652 ἕνεκα
1100 3598 1204 3665 τῆς
1260 3598 1470 3665 ἀφάτου
1528 3597 1654 3665 περὶ
1705 3597 1858 3663 ἡμᾶς

260 3690 443 3746 αὐτοῦ
482 3688 744 3759 σχέσεως,
796 3690 861 3760 ἣν
909 3688 997 3742 διά
1051 3687 1143 3740 τοῦ
1202 3686 1409 3757 Κυρίου
1457 3685 1613 3755 ἡμῶν
1682 3683 1856 3755 Ἰησοῦ

259 3775 532 3857 Χριστοῦ⁸
552 3781 917 3850 ποιησάμενος
945 3776 1269 3840 ἐνεδείξατο.

928 3893 1087 3946 ΚΕΦ.
1114 3892 1191 3945 9’.

343 4014 363 4045 ι
416 3988 712 4060 Ἀλήθειαν
733 3985 881 4054 λέγω
913 3985 971 4036 ὲν
997 3983 1240 4054 Χριστῷ,
1270 3984 1333 4036 ού
1363 3983 1635 4055 ψεύδομαι
1671 3998 1683 4012 ’
1715 4000 1856 4053 συμ-

265 4079 674 4157 μαρτυρούσης
697 4091 786 4144 μοι
818 4073 919 4143 τῆς
947 4072 1302 4144 συνειδήσεώς
1332 4091 1455 4144 μου.
1497 4092 1515 4124 ι

338 4265 607 4326 Τονώσας
631 4260 774 4316 οὕτω
805 4260 893 4314 διὰ
931 4259 1150 4315 πάντων
1179 4257 1378 4322 αὐτοὺς
1407 4260 1487 4322 είς
1536 4257 1597 4312 τὸ
1635 4257 1859 4312 πιστεύ-

1957 3412 2285 3468 meravimus
2344 3428 2446 3467 nos
2496 3416 2771 3484 separabit
2800 3430 2832 3470 a
2870 3415 3139 3472 charitate
3171 3415 3263 3471 Dei
3316 3427 3538 3486 propter

1957 3501 2285 3558 ineﬁ‘nbilem
2352 3504 2469 3574 ejus
2535 3520 2664 3578 erga
2723 3521 2822 3564 nos
2880 3507 3312 3592 benevolentiam
3371 3524 3536 3580 quam

1958 3596 2196 3649 ostendit
2231 3610 2326 3665 per
2351 3596 2636 3652 Dominum
2668 3609 2910 3656 nostrum
2940 3599 3124 3658 Jesum
3153 3599 3455 3658 Christum.

2657 3898 2760 3954 AP.
2804 3898 2897 3955 IX.

2657 3900 2694 3951 A
2747 3940 2760 3954 .
2804 3898 2897 3955 IX.

2038 3984 2203 4042 Vens.
2244 3988 2297 4041 1.
2344 4004 2363 4038 ε
2396 3898 2845 4047 νει-ἰιθιὲιηῗιῐοο
2880 3992 2933 4047 in
2968 3992 3208 4060 Christo,
3238 4006 3343 4049 non
3377 4007 3536 4050 men-

1962 4078 2107 4148 tior;
2181 4078 2549 4136 testimonium
2625 4081 2759 4136 mihi
2814 4082 3134 4152 perhibente
3199 4084 3538 4143 conscientia

1961 4184 2078 4223 mea
2087 4211 2102 4225 .
2142 4188 2161 4222 ι

2034 4258 2327 4329 Postquam
2362 4258 2433 4313 ita
2472 4259 2786 4316 omnimodo
2809 4274 2903 4317 eos
2926 4261 3017 4331 qui
3054 4261 3284 4319 ﬁrmiter
3310 4238 3543 4322 credunt

261 4378 435 4424 οντας
485 4353 931 4426 τῷἘὺαγγελίῳ
973 4351 1226 4423 βεϐαίως,
1266 4353 1472 4417 πάντας
1498 4351 1706 4417 ἀόκνως
1731 4352 1855 4416 τοὺς

1969 4350 2259 4421 Evangelio
2310 4349 2365 4405 in
2410 4350 2513 4406 hoc
2565 4351 2931 4419 conﬁrmavit,
2985 4361 3044 4409 ut
3068 4367 3261 4410 omnes
3304 4369 3402 4423 pro
3447 4356 3542 4413 illo

263 4452 416 4522 ὑπὲρ
477 4445 676 4501 τούτου
733 4444 1080 4516 πειρασμοὺς
1135 4443 1550 4513 καταδέχεσθαι,
1615 4444 1855 4516 βούλεται

1972 4443 2282 4500 subeundas
2323 4443 2581 4499 alacriter
2604 4444 2910 4501 sustineant
2952 4446 3311 4514 tentationes,
3338 4448 3404 4502 ad
3442 4449 3542 4504 ob-

262 4547 414 4617 πρὸς
473 4541 731 4595 ἔνστασιν
786 4536 1306 4608 ἀνθυποφερομένην
1359 4535 1511 4608 αύτῷ
1566 4537 1663 4591 καὶ
1720 4538 1855 4607 μάλα

1969 4535 2253 4604 ieclionem
2300 4535 2376 4591 illi
2422 4537 2752 4606 propositam
2796 4545 2852 4592 et
2896 4537 3116 4608 quidem
3153 4538 3541 4596 validissimam

261 4635 542 4705 νεανικὴν
574 4630 988 4703 ἀποκρίνεσθαι.
1027 4630 1248 4702 Ἐπειδὴ
1277 4629 1385 4701 γὰρ
1414 4629 1473 4684 ἐν
1515 4633 1632 4694 τοῖς
1666 4631 1869 4701 προλα-

265 4732 434 4786 δοῦσι
460 4727 558 4780 τὸν
590 4724 755 4794 γόμον
782 4721 1048 4789 ἐκϐαλὼν,
1077 4722 1178 4794 τὴν
1200 4725 1362 4795 χάριν
1390 4724 1750 4796 πολυτρόπως
1776 4727 1869 4779 καὶ

267 4818 530 4894 μαλιστά
567 4831 632 4883 γε
661 4814 757 4867 ἀπ’
787 4813 955 4867 αὑτοῦ
1000 4812 1095 4867 τοῦ
1151 4815 1316 4885 νόμου
1373 4815 1672 4886 συνέστησε
1700 4832 1715 4848 ⁸
1775 4818 1873 4871 καὶ

262 4912 499 4986 ἀληθῶς
532 4906 684 4970 υἱοὺς
714 4905 851 4960 Θεοῦ
887 4906 1015 4968 τοὺς
1044 4906 1248 4977 ταύτης
1294 4907 1497 4979 ἔφησεν
1542 4905 1703 4976 εἶναι,
1766 4910 1863 4976 οὓς

264 5009 366 5062 καὶ
402 5001 581 5057 πάλαι
614 4998 902 5067 προειδότα
926 4996 1250 5067 κεκληκέναι
1277 4997 1374 5052 νῦν
1399 4998 1492 5052 τὸν
1517 4998 1648 5052 Θεόν
1674 5015 1688 5028 ·
1722 4998 1867 5068 ἔγνω

262 5099 361 5152 τὸν
424 5088 690 5146 Ἰουδαῖον
719 5087 879 5150 εὐθὺς
903 5088 1091 5142 τοῦτον
1126 5088 1603 5159 ἀντιστησόμενον,
1638 5091 1734 5144 καὶ
1765 5092 1869 5163 τὴν

263 5178 735 5253 πολυθρύλλητον
762 5179 945 5242 αὐτοῖς
991 5179 1208 5251 ἐκείνην
1250 5180 1521 5234 ἀντίθεσιν
1555 5179 1706 5251 αὐτῷ
1738 5198 1870 5252 προ-

261 5273 649 5344 καλούμενον.
690 5270 970 5338 Ἔφασκον
995 5270 1105 5341 γὰρ
1136 5270 1407 5325 Ἰουδαίων
1436 5270 1485 5323 oi
1508 5274 1619 5333 τοῖς
1642 5273 1877 5326 ἀποστό-

261 5375 385 5434 λοις
418 5365 521 5420 καὶ
555 5357 638 5427 τῷ
674 5360 994 5431 κηρύγματι
1021 5362 1409 5432 πολεμοῦντες,
1433 5362 1581 5415 δυοῖν
1615 5362 1676 5428 ἐξ
1708 5364 1877 5431 ἀνάγ·

262 5476 376 5531 κης
403 5452 698 5522 ὑπάρχειν
718 5451 777 5502 τὸ
809 5449 997 5519 ἕτερον
1024 5465 1037 5478 ·
1075 5449 1108 5519 ἢ
1139 5450 1333 5519 ψευδὲς
1359 5451 1419 5503 τὸ
1452 5451 1803 5519 Εύαγγέλιον,
1842 5453 1874 5523 ἢ

258 5552 361 5608 τὸν
390 5544 536 5601 θεὸν
563 5537 838 5611 ψεύστην.
873 5541 935 5593 Ei
971 5539 1072 5610 μὲν
1108 5540 1218 5611 γὰρ
1245 5540 1281 5594 δι
1312 5540 1635 5613 κηρύττετε,
1687 5544 1874 5614 φησὶν,

341 5686 392 5719 ³⁵
415 5676 572 5737 l’sal.
599 5685 708 5739 CII,
740 5672 831 5728 20.

532 5777 820 5831 Parnm.
864 5775 980 5834 (in.
1030 5771 1315 5831 LXXXV.

1968 4630 2084 4684 vnlt
2117 4631 2469 4700 respondere.
2497 4629 2629 4685 Nam
2657 4644 2779 4685 cum
2804 4630 2856 4685 in
2888 4630 3320 4700 praecedentibus
3349 4634 3546 4703 capiti-

1969 4720 2073 4776 bus
2106 4719 2276 4789 legem
2312 4720 2556 4790 ejiciens,
2589 4721 2820 4789 gratiam
2857 4721 3041 4777 multis
3074 4722 3250 4779 modis
3290 4731 3345 4779 et
3371 4722 3545 4794 inpri-

1972 4812 2076 4866 mis
2104 4826 2135 4865 a
2168 4811 2284 4882 lege
2314 4810 2430 4881 ipsa
2475 4812 2868 4877 constabilivit,
2912 4822 2968 4870 et
3000 4813 3118 4870 illos
3149 4815 3288 4871 dixit
3313 4828 3443 4872 vero
3486 4816 3549 4871 ﬁ-

1972 4902 2077 4958 lios
2106 4900 2201 4957 Dei
2237 4916 2382 4967 esse,
2431 4901 2522 4971 qui
2564 4902 2706 4957 illam
2748 4903 3034 4972 recipiunt,
3068 4920 3205 4974 quos
3233 4906 3375 4963 Deus
3403 4922 3553 4964 nunc

1972 4993 2186 5049 vocavit
2224 5008 2289 5048 ex
2329 4993 2554 5062 antiquo
2585 4994 3087 5064 praedestinationis
3125 4998 3370 5066 decreto,
3410 5015 3550 5069 pra:-

1974 5085 2109 5139 vidit
2151 5083 2396 5139 Judteum
2449 5084 2525 5139 illi
2572 5085 3041 5143 contradicturnm
3084 5096 3137 5141 et
3181 5087 3547 5155 obieetionem

1976 5175 2264 5231 allaturum
2312 5174 2457 5229 illam
2510 5176 2708 5245 smpins
2747 5176 2814 5231 ab
2851 5177 2958 5232 illis
3002 5177 3352 5232 celebratam.
3389 5177 3551 5232 Dice-

1974 5267 2108 5323 bant
2135 5267 2278 5321 enim
2309 5265 2479 5321 Judaei
2515 5268 2605 5336 qui
2654 5269 2927 5338 apostolos
2958 5280 3010 5325 et
3053 5269 3326 5339 Evangelii
3353 5271 3551 5338 prazdi-

1979 5359 2249 5415 Cationem
2284 5358 2693 5428 impugnabant,
2727 5375 2892 5414 unum
2932 5374 2963 5414 e
2989 5359 3197 5423 duobus
3240 5358 3551 5415 necessario

1976 5452 2247 5505 existere:
2274 5451 2381 5504 Aut
2405 5449 2755 5521 Evangelium
2777 5449 2992 5514 falsum,
3016 5459 3109 5503 aut
3131 5452 3358 5506 mendax
3383 5449 3546 5505 Deus.

1977 5541 2110 5597 Nam
2147 5542 2191 5598 si
2229 5555 2378 5610 vera,-
2402 5540 2673 5612 inquiunt,
2707 5554 2826 5611 qua:
2854 5539 3185 5609 prazdicatis,
3220 5540 3381 5599 fallax
3409 5539 3551 5596 Deus

3151 5769 3231 5835 54
