4014 6122
305 258 438 325 1707
1393 246 1762 307 GENNADII
1806 245 1922 303 PX]

2023 240 2312 301 [ARCHEZ
2351 240 2460 300 ΕΡ.
3442 231 3581 297 1708

305 370 396 440 qui
430 367 712 441 promissis
751 365 998 436 patrihus
1040 360 1242 415 nostris
1283 360 1347 414 de
1381 360 1537 415 nobis
1579 374 1742 430 opere
1778 374 1883 411 non
1917 402 1922 417 ,

2023 355 2125 408 ἰσὶν
2158 353 2355 424 ἀληθῆ,
2382 350 2585 422 ψευδὴς
2619 351 2646 404 6
2675 349 2831 413 Θεὸς,
2866 348 2966 413 τὰς
2997 347 3211 411 οἰκείας
3264 348 3401 417 πρὸς
3453 352 3579 412 τοὶς

305 458 477 514 stetit.
516 455 651 511 Nam
700 453 1010 508 Abrahamo
1045 449 1265 517 quidem
1307 449 1560 516 promisit
1598 449 1650 502 in
1699 462 1883 503 semen

300 554 419 624 ejus
468 548 839 606 transmittere
882 542 1324 608 benedictiones;
1373 555 1515 596 nunc
1564 550 1745 594 autem
1790 552 1887 611 pro

305 645 461 700 nobis
503 650 714 713 gentes,
744 636 1053 694 immundos
1098 650 1162 689 ac
1194 634 1529 705 alienigenas
1567 631 1790 702 recepit.
1827 631 1885 685 Si

301 736 471 805 igitur
501 734 718 788 illarum
749 728 1173 802 promissionum
1225 728 1405 782 exitus
1445 734 1549 791 est,
1592 734 1650 779 ut
1686 724 1886 789 dicitis,

304 827 625 899 prmdicatio
660 832 873 889 vestra,
924 820 1279 876 manifestum
1327 828 1412 874 est
1451 828 1634 890 patres
1674 825 1889 871 nostros

302 937 331 974 ιι
359 918 474 976 Deo
503 918 655 988 quasi
694 914 915 970 delusus
949 912 1138 968 fuisse.
1183 909 1291 967 Sed
1340 911 1385 965 si
1429 910 1540 964 hme
1569 909 1635 963 de
1664 907 1772 961 Deo
1812 906 1891 961 di-

303 1024 429 1067 cere
459 1025 566 1065 non
606 1021 918 1078 possumus,
949 1018 1079 1075 ergo
1114 1018 1211 1059 vos
1239 1002 1461 1057 fallaces
1506 1010 1558 1055 et
1587 1000 1722 1055 falsa
1753 1013 1891 1069 prae-

303 1103 509 1159 dicatio
545 1108 747 1155 vestra.
787 1097 939 1152 Talia
970 1094 1285 1166 frequenter
1312 1092 1622 1164 obiiciendo
1655 1091 1891 1159 Aposto-

305 1195 374 1249 lis
440 1191 817 1248 molestiarum
879 1203 986 1241 non
1057 1186 1391 1241 modicarum
1445 1198 1510 1240 ac
1566 1180 1890 1236 tumultuum

307 1301 474 1343 causa
529 1291 706 1340 erant.
761 1279 1131 1336 Persuasoriis
1186 1276 1334 1332 enim
1397 1276 1482 1330 his
1548 1274 1893 1329 sermonibus

308 1375 637 1445 simplicium
662 1372 825 1429 corda
860 1370 1214 1439 decipieutes,
1252 1365 1371 1421 illos
1411 1379 1441 1419 a
1475 1361 1649 1419 salute
1675 1371 1893 1416 averte-

311 1472 461 1533 bant,
499 1477 552 1523 et
593 1463 967 1523 intolerabiles
992 1463 1046 1517 in
1076 1457 1351 1532 apostolos
1378 1457 1739 1528 congerebant
1766 1469 1893 1525 per-

311 1560 639 1617 secutiones.

1991 449 2237 520 πατέρας
2267 448 2423 518 ήμῶν
2454 445 2583 516 περὶ
2635 444 2794 515 ἡμῶν
2853 441 3182 511 ὑποσχέσεις
3230 443 3345 506 τοῖς
3398 441 3579 511 ἔργοις

1992 539 2461 611 ἐξαρνησάμενος.
2499 536 2900 607 Ἐπηγγείλατο
2926 536 3024 606 μὲν
3045 535 3156 606 γάρ
3183 534 3264 606 τῷ
3303 534 3578 608 Ἀϐραὰμ,

1992 634 2074 696 εἰς
2104 631 2165 684 τὸ
2197 630 2423 702 σπέρμα
2447 629 2507 682 τὸ
2544 629 2712 685 αὐτοῦ
2742 626 3140 698 παραπέμψειν
3173 627 3276 690 τὰς
3308 627 3577 697 εὐλογίας·

1994 723 2114 777 νυνὶ
2144 722 2202 775 δὲ
2239 723 2355 777 ἀνθ’
2381 722 2559 793 ήμῶν,
2591 720 2944 791 ἀκαθάρτους
2988 720 3084 774 καὶ
3118 719 3455 785 ἀλλοφύλους
3492 722 3588 775 ἁν-

1995 814 2249 887 θρώπους
2299 817 2370 869 τά
2419 813 2547 886 ἔθνη
2596 813 3011 885 προσδέδεκται.
3058 809 3123 864 Ei
3178 807 3361 864 τοίνυν
3394 815 3430 883 ἠ
3466 810 3578 864 τῶν

1996 904 2346 975 ἐπαγγελιῶν
2374 904 2600 958 ἐκείνων
2624 902 2855 966 ἔκϐασις
2880 903 3051 968 ἐστιν,
3073 900 3148 965 ῶς
3177 918 3343 973 φατε,
3368 903 3431 955 τὸ
3454 900 3594 969 ὑμέ-

1995 1014 2154 1069 τερον
2177 997 2459 1068 κήρυγμα,
2497 995 2763 1068 πρόδηλον
2794 994 2871 1058 ὡς
2890 994 3155 1063 ἔψευσται
3183 995 3313 1058 τοὺς
3342 995 3595 1065 πατέρας

1998 1092 2159 1162 ἡμῶν
2185 1091 2213 1143 ὁ
2237 1091 2392 1154 Θεός.
2426 1091 2489 1143 Εἰ
2509 1091 2566 1143 δὲ
2594 1091 2696 1161 οὐχ
2721 1090 2867 1143 ὅσιον
2890 1089 3021 1156 περὶ
3041 1086 3177 1142 Θεοῦ
3197 1087 3360 1142 τοῦτο
3388 1089 3592 1151 εἰπεῖν,

1999 1186 2159 1254 ὑμεῖς
2198 1183 2308 1253 ἄρα
2341 1183 2435 1237 καὶ
2469 1183 2498 1235 6
2539 1183 2670 1253 παρ’
2706 1180 2864 1252 ὑμῶν
2905 1181 3067 1250 λόγος
3104 1181 3330 1251 ψευδής.
3385 1178 3596 1233 Τοῦτον

1997 1276 2136 1353 πρὸς
2154 1276 2286 1341 τοὺς
2312 1274 2653 1338 ἀποστόλους
2673 1274 2762 1328 τὸν
2790 1273 2948 1342 λόγον
2978 1273 3218 1343 συνεχῶς
3245 1271 3599 1342 παραᾶαλλόε-

2001 1386 2179 1441 μενοι,
2214 1368 2562 1439 πραγμάτων
2601 1367 2663 1420 οὐ
2709 1365 2924 1437 μικρῶν
2956 1366 3144 1441 αυτοῖς
3175 1364 3339 1418 αἴτιοι
3379 1364 3477 1417 καὶ
3503 1362 3601 1416 θο-

2002 1439 2187 1531 ρύϐων
2228 1459 2578 1514 καθίσταντο.
2609 1458 2709 1511 Διά
2737 1458 2848 1527 γὰρ
2884 1439 3273 1528 τῆςτοιαύτης
3310 1453 3602 1508 πιθανολο-

1998 1551 2126 1621 γίας
2157 1549 2341 1605 αὐτῶν
2370 1547 2753 1617 ἐξαπατῶντες
2786 1548 2885 1611 τὰς
2928 1545 3155 1617 καρδίας
3201 1545 3312 1598 τῶν
3341 1544 3601 1602 ἀκάκων.

2002 1642 2227 1707 τούτους
2278 1658 2338 1695 τε
2381 1639 2691 1713 ἀφῃροῦντο
2722 1639 2827 1712 τῆς
2870 1637 3170 1709 σωτηρίας,
3202 1638 3295 1693 καὶ
3324 1636 3604 1707 διωγμοὺς

1921 1715 1964 1770 Β
1992 1737 2105 1798 τοῖς
2138 1733 2457 1797 ἀποστόλοις
2485 1734 2799 1803 ἀφορήτους
2827 1733 3151 1801 ἐπήγειρον.

1906 1893 2013 1950 llI.

913 2045 1295 2122 Fragmenta
1328 2056 1462 2118 qua:
1490 2047 1853 2120 sequuntur,
1892 2036 2263 2117 supplentur
2302 2057 2328 2097 ιι
2363 2037 2572 2098 codice
2612 2037 3000 2097 Monaceust'.

417 2187 564 2243 VERS
608 2193 797 2250 ιιι-ει.
851 2211 868 2243 ι
906 2186 1187 2246 Voluntati
1230 2185 1376 2242 enim
1427 2185 1544 2253 ejus
1593 2183 1715 2254 quis
1767 2183 1904 2238 resi-

2088 2197 2106 2230 ι
2140 2176 2231 2248 Τῷ
2262 2176 2371 2248 γὰρ
2405 2176 2676 2248 θελήματι
2707 2176 2876 2231 αὐτοῦ
2904 2180 2987 2242 τίς
3009 2179 3311 2250 ἀνθέστηκε
3337 2198 3351 2247 ;
3388 2183 3610 2237 Μενοῦν

314 2283 455 2337 ιςιίιῖ
495 2285 540 2338 υ
585 2285 781 2347 homo,
838 2288 892 2333 tu
936 2278 1060 2348 quis
1103 2291 1186 2342 es,
1235 2277 1329 2346 qui
1379 2275 1716 2346 respondeas
1766 2272 1908 2327 Deo?

2023 2288 2100 2340 γε,
2131 2264 2176 2323 ὦ
2207 2270 2488 2342 ἄνθρωπε,
2537 2271 2601 2323 σὺ
2642 2271 2726 2333 τίς
2771 2265 2823 2323 εἴ
2873 2272 2902 2324 6
2953 2271 3489 2343 ἀνταποκρινόμενος
3528 2274 3612 2345 τῷ

325 2376 601 2449 Numquid
626 2376 770 2433 dicet
802 2372 1120 2444 ﬁgmentum
1148 2369 1197 2426 ei
1215 2368 1306 2440 qui
1336 2383 1395 2424 se
1425 2366 1583 2421 ﬁnxit
1611 2383 1626 2421 τ
1651 2363 1790 2431 Quid
1824 2378 1911 2419 me

2023 2362 2133 2434 Θεῷ
2159 2381 2173 2430 ;
2208 2364 2300 2435 Μή
2326 2365 2445 2435 ἐρεῖ
2465 2364 2528 2417 τὸ
2562 2363 2792 2433 πλάσμα
2824 2362 2901 2435 τῷ
2930 2363 3223 2429 πλάσαντι,
3260 2366 3323 2418 Τί
3351 2382 3420 2436 με
3449 2367 3611 2419 ἐποι-

326 2473 504 2531 fecisti
528 2468 655 2529 sic?
696 2458 780 2522 Ᾰιι
823 2478 930 2520 non
967 2462 1135 2517 habet
1180 2468 1503 2531 potestatem
1540 2456 1736 2528 ﬁgulus
1786 2454 1909 2518 luti,

2023 2475 2157 2528 ησας
2194 2457 2371 2522 οὕτως
2403 2475 2420 2526 ;
2468 2458 2539 2511 Ἦ
2578 2459 2679 2510 οὐκ
2722 2457 2837 2529 ἔχει
2871 2456 3120 2523 ἐξουσίαν
3144 2460 3174 2511 6
3201 2460 3478 2529 κεραμεὺς
3510 2459 3612 2513 τοῦ

329 2574 397 2621 ex
433 2563 624 2620 eadem
664 2571 846 2614 massa
883 2554 1066 2611 facere
1098 2551 1241 2607 aliud
1267 2549 1483 2621 quidem
1515 2562 1608 2603 vas
1656 2547 1708 2601 iu
1742 2550 1910 2600 hono-

2023 2550 2216 2622 πηλοῦ,
2255 2551 2319 2605 ἐκ
2351 2549 2448 2603 τοῦ
2488 2549 2655 2603 αὐτοῦ
2692 2550 3016 2621 φυράματος
3044 2550 3291 2619 ποιῆσαι,
3328 2548 3358 2602 ὃ
3392 2550 3493 2620 μὲν
3528 2553 3613 2615 εὶς

330 2672 469 2723 rem,
506 2653 652 2709 aliud
682 2664 813 2706 vero
838 2648 891 2702 in
918 2642 1346 2701 contumeliam?
1374 2660 1392 2693 ›

2023 2643 2182 2714 τιμήν
2212 2641 2429 2706 σκεῦος,
2449 2641 2477 2694 ὃ
2503 2641 2559 2696 δὲ
2592 2643 2673 2706 εἰς
2698 2642 2926 2714 ἀτιμίαν
2958 2660 2971 2708 ;
3017 2662 3035 2693 ι

401 2748 556 2802 Alius
608 2757 741 2799 vero
790 2742 935 2797 hunc
990 2738 1167 2795 locqu
1221 2736 1611 2803 interpretatus
1677 2741 1761 2786 est
1810 2731 1913 2790 hoc

2089 2735 2318 2803 Ἕτερος
2351 2734 2410 2787 δέ
2436 2733 2597 2788 τοῦτο
2626 2735 2804 2799 οὕτως
2830 2736 3173 2807 ὲρμήνευσεν
3198 2752 3212 2767 ο
3249 2735 3492 2808 Ἐρωτᾷς
3518 2756 3608 2808 με,

336 2840 537 2895 modo:
562 2835 872 2905 InterrOges
907 2845 998 2886 me
1027 2849 1041 2885 :
1084 2825 1356 2883 Voluntati
1386 2824 1499 2894 ejus
1539 2825 1653 2895 quis
1684 2821 1916 2875 resistit?

2023 2826 2124 2892 Τίς
2157 2825 2535 2894 ἀνθέστηκεν
2575 2826 2765 2881 αὑτοῦ
2800 2827 2881 2893 τῷ
2907 2827 3305 2897 ,ϐουλήματι;
3361 2828 3503 2896 Ἐγὼ
3553 2832 3613 2884 δέ

335 2932 448 3002 Ego
482 2939 661 2985 autem
691 2926 787 2980 tibi
815 2924 940 2980 dico
968 2942 981 2979 :
1011 2920 1092 2975 Tu
1127 2934 1236 2990 pne
1265 2919 1541 2981 omnibus,
1570 2916 1662 2985 qui
1699 2913 1809 2969 Deo
1835 2927 1922 2967 re-

2025 2937 2108 2973 σοι
2142 2919 2311 2987 λέγω,
2342 2919 2426 2973 ὅτι
2462 2919 2536 2972 Σὺ
2577 2918 2686 2991 πρὸ
2725 2919 2969 2986 πάντων,
3009 2921 3040 2973 6
3080 2919 3616 2993 ἀνταποκρινόμενος

336 3023 592 3094 spondes.
632 3017 770 3072 Nam
820 3026 877 3071 tu
923 3015 1115 3071 saltem
1163 3010 1358 3080 aliquis
1405 3025 1487 3073 es,
1537 3017 1594 3063 et
1625 3017 1677 3063 te
1715 3005 1918 3061 nullum

2026 3011 2105 3083 τῷ
2137 3010 2278 3082 Θεῷ.
2314 3011 2412 3075 Τις
2455 3011 2557 3083 μὲν
2592 3011 2703 3082 γάρ
2749 3005 2801 3064 εἳ
2837 3027 2942 3066 που
2986 3013 3208 3077 πάντως
3233 3030 3249 3043 ·
3291 3014 3385 3068 καὶ
3407 3014 3512 3067 οὐκ
3544 3013 3614 3067 ἂν

337 3129 461 3170 esse
508 3124 784 3181 nunquam
838 3107 1176 3161 admitteres.
1228 3103 1337 3157 Deo
1393 3108 1574 3155 autem
1641 3096 1922 3154 contradi-

2024 3104 2201 3167 οὐδεὶς
2226 3099 2365 3157 εἶναι
2397 3121 2531 3157 ποτε
2559 3104 2889 3172 καταδέξαιο
2913 3121 2926 3134 ·
2949 3106 3250 3176 ἀντιλέγων
3272 3106 3328 3162 δὲ
3347 3106 3467 3177 Θεῷ
3497 3107 3616 3170 πῶς

341 3205 517 3263 cendo
547 3200 816 3274 quomodo
853 3195 903 3253 ei
945 3210 1052 3252 non
1094 3193 1339 3249 resistis?
1373 3189 1506 3245 'l‘uis
1533 3191 1697 3261 igitur
1735 3198 1922 3258 captus

2027 3194 2127 3248 οὐκ
2158 3194 2506 3266 ἀνθέστηκας
2537 3211 2552 3261 ;
2589 3194 2802 3248 Οὐκοῦν
2841 3197 2958 3259 τοῖς
2987 3196 3157 3251 αὐτοῦ
3176 3198 3356 3266 λόγοις
3386 3198 3565 3260 ἑάλως
3598 3215 3615 3230 ι

340 3316 401 3357 es
430 3298 647 3365 verbis;
673 3303 729 3351 et
757 3291 957 3364 quibus
991 3301 1190 3356 negare
1222 3284 1608 3355 prtesumebas,
1637 3281 1722 3335 his
1756 3277 1925 3334 conti-

345 3391 480 3448 teris
505 3386 901 3459 oppositionem
931 3391 1078 3436 tuam
1105 3397 1120 3445 ;
1160 3386 1212 3434 et
1242 3387 1296 3431 tu
1328 3375 1404 3429 tui
1435 3372 1608 3443 ipsius
1638 3379 1928 3426 accusator

346 3484 516 3555 magis
547 3495 709 3552 quam
750 3493 850 3546 ego
882 3491 942 3531 es
987 3472 1236 3528 euectus.
1277 3467 1491 3534 Quaeris
1538 3464 1762 3529 etenim,
1795 3464 1928 3530 Quis

346 3553 590 3626 resistit?
617 3565 772 3620 Tune
801 3561 996 3631 aliquis
1026 3559 1118 3615 es?
1162 3556 1298 3611 Nam
1342 3557 1390 3612 si
1420 3553 1700 3609 confiteris
1743 3565 1795 3608 te
1826 3564 1925 3606 ne-

346 3667 548 3723 minem
575 3674 722 3725 esse,
747 3655 987 3713 concedo
1017 3654 1113 3709 tibi
1142 3666 1247 3706 non
1274 3650 1397 3721 jure
1426 3649 1591 3704 Deum
1621 3649 1931 3719 vituperare

347 3756 617 3813 homines.
649 3750 756 3807 Sed
794 3748 841 3805 si
885 3744 1085 3815 aliquis
1128 3758 1210 3809 es,
1241 3743 1405 3807 Deus,
1440 3741 1690 3812 quamvis
1735 3739 1932 3794 millies

348 3860 605 3920 negares,
649 3844 831 3916 justus
878 3839 1141 3911 probatur
1171 3847 1226 3893 et
1271 3837 1338 3892 de
1376 3845 1430 3890 te
1468 3834 1645 3906 primo
1689 3840 1934 3903 reportat

346 3941 658 3999 victoriam.
711 3934 819 3991 Sed
868 3924 1117 4003 quodin
1168 3927 1492 4001 quibusdam
1553 3927 1620 3983 de
1683 3926 1933 3996 praesenti

348 4035 645 4109 quaestione
673 4028 976 4085 admiratus
1019 4039 1163 4090 sum,
1197 4023 1327 4078 illud
1364 4022 1432 4075 ad
1464 4030 1515 4075 te
1561 4018 1934 4074 transmittere

351 4108 494 4193 volo,
523 4122 847 4181 charissime
877 4118 1056 4174 Petre.
1092 4115 1322 4183 Quidam
1357 4127 1481 4168 cum
1512 4113 1658 4166 hunc
1686 4108 1937 4179 Epistula:

352 4223 530 4274 locum
578 4224 909 4269 conarentur
951 4206 1325 4277 interpretari,
1360 4220 1459 4259 nec
1504 4202 1770 4265 valerent,
1810 4215 1937 4271 pro-

351 4312 467 4382 pria
511 4305 722 4365 consilii
769 4305 953 4372 inopia
1003 4308 1254 4358 sanetum
1304 4296 1529 4350 Paulum
1568 4308 1675 4349 non
1723 4292 1938 4347 dubita-

2028 3282 2123 3336 καὶ
2150 3277 2229 3346 οἷς
2258 3283 2422 3354 ἀρνῇ,
2448 3282 2661 3347 τούτοις
2690 3283 2974 3355 ὁμολογεῖς
3002 3286 3103 3355 τήν
3127 3287 3450 3343 ἀντίστασιν
3475 3303 3489 3316 ”
3521 3289 3618 3342 καὶ

2032 3374 2255 3442 σαυτοῦ,
2296 3374 2404 3444 πρὸ
2445 3374 2580 3445 ἐμοῦ
2629 3376 2935 3446 κατήγορος
2979 3376 3233 3444 γέγονας.
3271 3379 3467 3447 Ζητεῖς
3514 3378 3618 3449 μὲν

2031 3466 2162 3538 γὰρ,
2195 3467 2290 3529 Τίς
2312 3465 2649 3536 ἀνθέστηκε;
2676 3466 2766 3530 Τίς
2786 3465 2842 3518 δὲ
2878 3467 3148 3537 ὑπάρχεις
3182 3468 3348 3533 αὐτός
3376 3486 3392 3536 ;
3428 3471 3494 3525 Εἰ
3516 3471 3619 3541 μὲν

2033 3554 2126 3612 οὖν
2156 3554 2442 3629 ὁμολογεῖς
2473 3554 2614 3611 εἶναι
2640 3557 2851 3628 μηδεὶς,
2892 3558 3166 3630 συγχωρῶ
3197 3577 3282 3614 σοι
3309 3561 3371 3616 τὸ
3400 3563 3618 3634 μέμφοι-

2036 3650 2161 3706 σθαι
2197 3653 2309 3715 τοῖς
2334 3650 2646 3721 ἀνθρώποις
2667 3653 2791 3723 εἰκῆ
2815 3651 2907 3704 τὸν
2941 3650 3074 3706 Θεόν
3096 3668 3110 3681 ·
3135 3654 3185 3706 εἰ
3212 3652 3269 3708 δὲ
3289 3649 3343 3706 εἴ
3370 3657 3479 3718 τὶς,
3513 3655 3620 3709 κᾶν

2042 3741 2303 3812 μυριάκις
2334 3742 2538 3811 ἀρνοῖο,
2586 3739 2794 3804 δίκαιος
2827 3743 2856 3795 ό
2888 3740 3021 3804 Θεὸς
3075 3741 3477 3808 ἀποδέδεικται,
3523 3746 3623 3799 καὶ

2038 3833 2191 3904 παρὰ
2226 3832 2320 3886 σοῦ
2352 3832 2573 3904 πρώτου
2617 3834 2846 3904 φέρεται
2886 3834 2986 3906 τήν
3019 3835 3274 3890 νικῶσαν.
3314 3836 3478 3890 Ἀλλά
3509 3839 3620 3909 γάρ

2035 3923 2251 3978 ὃτινῶν
2308 3925 2403 3978 ἐπὶ
2456 3924 2551 3977 τοῦ
2596 3925 2865 3996 παρόντος
2922 3926 3262 3995 τεθαύμακα,
3308 3927 3471 3980 τοῦτο
3526 3930 3623 3981 καὶ

2038 4015 2176 4087 πρὸς
2213 4016 2293 4082 σέ,
2357 4015 2583 4084 φίλτατε
2640 4033 2732 4087 μοι
2785 4017 2987 4087 Πέτρε,
3052 4016 3316 4089 βούλομαι
3364 4017 3619 4073 διελθεῖν.

2050 4109 2529 4181 Ἐπιχειρήσαντες
2551 4109 2703 4162 τουτὶ
2734 4109 2835 4180 τῆς
2882 4110 3204 4182 Ἐπιστολῆς
3228 4111 3291 4164 τὸ
3329 4110 3496 4183 μέρος
3529 4114 3622 4183 ἐρ-

2042 4196 2309 4270 μηνεῦσαί
2340 4215 2507 4262 τινες,
2566 4194 2687 4253 εἶτα
2717 4200 2820 4253 οὐκ
2849 4198 3265 4272 ὲξαρκέσαντες,
3315 4201 3415 4254 τοῦ
3466 4201 3622 4269 ἀγίου

2041 4290 2258 4345 Παύλου
2281 4291 2381 4363 τὴν
2401 4291 2610 4345 οἰκείαν
2640 4293 2875 4364 ἀπορίαν
2909 4293 3011 4346 οὐκ
3044 4291 3300 4364 ῶκνησαν
3341 4293 3623 4363 καταψεύ·

354 4381 482 4459 runt
508 4412 794 4455 accusare.
820 4395 1086 4450 Dixerunt
1113 4392 1263 4445 enim
1286 4387 1435 4442 illum
1463 4400 1566 4441 nou
1596 4385 1713 4439 haec
1744 4381 1922 4443 verba,

2042 4383 2258 4440 σασθαι.
2293 4387 2370 4438 Ού
2414 4387 2523 4458 γὰρ
2575 4385 2937 4456 ἐπιλυόμενον
2989 4386 3155 4438 αὐτὸν
3206 4385 3275 4439 τά
3326 4385 3478 4457 παρά
3515 4384 3622 4438 τῶν

352 4496 581 4555 dixisse,
614 4489 658 4545 0
696 4489 877 4552 homo,
915 4496 968 4538 tu
999 4484 1120 4554 quis
1150 4497 1204 4535 es
1227 4479 1316 4550 qui
1350 4476 1666 4547 respondeas
1694 4473 1841 4527 Deo?
1868 4472 1937 4525 ad

352 4585 610 4643 solvenda
659 4577 1096 4635 adversariorum
1137 4574 1389 4644 objecta,
1427 4569 1522 4624 sed
1573 4565 1934 4637 objurganda,

353 4674 686 4747 increpando
714 4684 768 4729 et
810 4670 1216 4727 accusationem
1258 4667 1326 4718 ab
1361 4663 1492 4733 ipsis
1530 4663 1586 4716 in
1619 4662 1786 4716 Deum
1819 4660 1937 4714 illa.

354 4781 463 4826 tam
518 4764 912 4838 propemodum
968 4756 1399 4815 coullrmavisse.
1464 4752 1522 4808 Si
1571 4751 1774 4806 etenim
1834 4762 1936 4803 nun

353 4860 535 4919 reddit
578 4856 847 4914 rationem
896 4853 962 4909 de
1012 4852 1117 4905 hac
1169 4864 1262 4915 re,
1318 4845 1415 4901 sed
1469 4852 1795 4914 potestatem
1841 4838 1937 4894 Dei

355 4953 547 5026 Optimi
599 4949 888 5023 proponit,
943 4942 1194 5000 cont‘utat
1240 4939 1653 5003 adversarium;
1706 4934 1752 4989 si
1804 4946 1938 4989 vero

355 5025 505 5103 illius
525 5040 930 5100 conclusionem
967 5035 1222 5097 admittit,
1254 5030 1545 5086 mauilesto
1576 5025 1937 5096 deprehendi-

358 5148 450 5194 tur
482 5133 788 5192 comedere
820 5130 965 5200 quod
1000 5127 1140 5182 Deus
1180 5138 1291 5180 non
1325 5122 1621 5178 secundum
1645 5114 1938 5190 justitiam,

358 5231 452 5286 sed
482 5243 550 5284 es
584 5226 813 5282 arbitrio
840 5236 925 5278 res
958 5222 1221 5276 humanas
1261 5216 1558 5285 gubernat;
1589 5212 1707 5266 illos
1758 5217 1940 5267 autem

358 5324 558 5377 decere
601 5325 889 5374 contentos
944 5328 1065 5369 esse
1106 5312 1192 5367 his
1218 5324 1338 5381 quae
1384 5309 1453 5363 de
1508 5306 1615 5360 illis
1671 5301 1941 5373 disposuit

362 5413 523 5479 Deus,
557 5410 701 5468 sicut
729 5422 858 5465 vasa
895 5422 926 5463 a
963 5405 1143 5477 ﬁgulis
1169 5405 1317 5470 tleta,
1351 5410 1402 5456 et
1438 5415 1543 5454 non
1572 5397 1777 5467 judicio
1816 5409 1941 5450 con-

357 5519 581 5576 tendere
608 5520 797 5570 coutra
834 5525 956 5566 eum
1001 5508 1094 5579 qui
1139 5506 1263 5559 illos
1308 5502 1481 5557 malos
1521 5501 1684 5561 iecit;
1728 5505 1783 5552 et
1811 5498 1933 5552 illus

356 5608 551 5666 deinde
588 5589 883 5675 exp’rebrat
924 5600 1051 5671 quia
1087 5597 1211 5653 mali
1246 5603 1395 5652 sunt.
1427 5592 1531 5658 Qui
1561 5590 1687 5646 talia
1724 5589 1932 5654 dicunt,

358 5700 407 5757 si
459 5700 593 5757 nihil
633 5697 803 5765 aliud,
848 5694 979 5752 illud
1013 5693 1205 5755 saltem
1256 5687 1564 5761 intelligere
1606 5682 1931 5749 debuerunt,
1978 5754 2011 5762 _

2041 4476 2301 4528 ἐναντίων
2334 4478 2721 4548 προϐλήματα,
2759 4476 2819 4529 τὸ
2851 4476 3183 4546 Mamurra,
3222 4470 3270 4530 ὧ
3314 4475 3619 4545 ἄνθρωπε,

2040 4566 2122 4621 σὺ
2153 4567 2244 4633 τίς
2273 4561 2331 4620 εἷ
2369 4566 2960 4636 ἀνταποκρινόμενος
2989 4566 3071 4632 τῷ
3106 4564 3228 4632 Θεῷ
3240 4582 3260 4633 ,'
3294 4566 3504 4638 ἔφησαν
3543 4567 3621 4619 εἰ·

2042 4659 2297 4733 ρηκέναι,
2326 4660 2444 4713 ἀλλ’
2467 4661 2808 4732 ἐπιτιμῶντα
2830 4660 2926 4713 καὶ
2954 4661 3380 4731 ἐπιπλήττοντα,
3410 4660 3504 4713 καὶ
3527 4675 3624 4729 μο-

2039 4752 2193 4805 νονοὺ
2227 4750 2551 4822 βεϐαιοῦντα
2572 4752 2634 4805 τὸ
2662 4752 2739 4824 τῷ
2767 4750 2887 4822 Θεῷ
2915 4752 3045 4825 παρ’
3083 4750 3315 4805 ἐκείνων
3345 4751 3623 4822 ἐπαγόμε-

2040 4860 2131 4897 νον
2178 4844 2565 4915 κατηγόρημα.
2617 4846 2681 4898 Εἰ
2735 4846 2844 4918 γὰρ
2880 4846 2982 4899 οὐκ
3017 4844 3311 4898 ἀποδίδωσι
3340 4844 3499 4913 λόγον
3529 4842 3621 4897 τοῦ

2041 4936 2390 5008 πράγματος,
2427 4937 2564 4990 ἀλλὰ
2593 4937 2660 4990 τὰ
2687 4938 2783 5009 τῆς
2815 4936 3065 5002 ἐξουσίας
3098 4935 3337 5008 χρηστοῦ
3366 4935 3463 4989 τοῦ
3491 4934 3623 4988 Θεοῦ

2041 5032 2481 5104 προτεινόμενος,
2539 5030 2885 5102 ἐπιστομίζει
2937 5027 3030 5085 τὸν
3090 5028 3491 5097 ἀντιλέγονται
3544 5026 3625 5096 τῷ

2038 5124 2249 5179 ἐκείνου
2273 5125 2417 5195 λόγῳ
2448 5123 2778 5195 συντρέχων,
2805 5122 2991 5192 σαφῶς
3021 5118 3306 5191 ἐλέγχεται
3337 5118 3627 5189 συνομολο-

2040 5217 2158 5294 γεῖν
2183 5217 2243 5269 οὗ
2267 5213 2515 5281 δικαίως,
2552 5213 2668 5268 ἀλλ’
2706 5212 2966 5283 αὑθεντίᾳ
2999 5210 3090 5265 τὸν
3130 5211 3264 5265 Θεὸν
3297 5209 3368 5264 τά
3418 5207 3627 5279 ἀνθρώ-

2043 5321 2174 5358 πινα
2200 5306 2461 5377 πράττειν
2496 5322 2507 5334 ·
2546 5307 2660 5368 τοῖς
2685 5303 2764 5371 δὲ,
2804 5304 3108 5376 προσήκειν
3149 5302 3325 5373 ἡσυχῆ
3375 5302 3628 5375 στέργειν

2042 5394 2190 5459 ὅπως
2222 5397 2289 5450 ἂν
2317 5395 2430 5466 ἔχοι
2453 5394 2521 5449 τὰ
2548 5394 2669 5448 κατ’
2699 5394 2920 5459 αὐτοὺς,
2953 5394 3203 5458 ἐοικότας
3225 5394 3340 5456 τοῖς
3364 5393 3473 5447 ὑπὸ
3517 5409 3627 5447 των

2037 5497 2330 5567 κεραμέων
2366 5502 2762 5566 πλαττόμενοις
2785 5510 3026 5548 σκευεσιι
3112 5493 3174 5546 οὐ
3205 5490 3620 5557 διαδικάζεσθαι

2037 5587 2175 5659 πρὸς
2202 5587 2293 5640 τὸν
2315 5586 2799 5659 δημιουργήσαντα
2838 5575 3079 5656 φαύλους
3114 5601 3129 5617 ο
3165 5579 3284 5638 εἶτα
3315 5582 3451 5638 διότι
3478 5580 3621 5653 φαῦ-

2036 5678 2117 5735 λοι
2153 5678 2521 5752 μεμφόμενον.
2551 5677 2660 5746 Οὓς
2698 5680 2749 5734 εἰ
2779 5678 2949 5752 μηδὲν
2973 5676 3103 5734 ἄλλο
3127 5675 3237 5735 τῶν
3266 5675 3428 5750 ὅλων,
3460 5676 3621 5730 τοῦτο
