4014 6122
329 306 465 373 i709

1350 309 1812 376 FRAGMENTA
1854 315 1935 377 ΙΝ
1970 314 2206 378 EPIST.
2250 318 2349 379 AD
2390 321 2571 381 ROM.

3439 318 3573 388 i710

322 426 450 495 γοῦν
486 425 655 496 ἐχρῆν
707 424 957 490 συνιδεῖν,
1011 424 1085 488 ὡς
1130 424 1287 496 εἴπερ
1325 425 1353 479 ὁ
1400 425 1727 490 Ἀπόστολος
1773 427 1891 496 ἠπί-

2004 430 2172 500 quod,
2205 429 2250 485 si
2273 428 2549 500 apostolus
2577 428 2796 498 quidem
2819 430 3154 500 prmvidisset
3179 446 3238 487 se
3263 448 3367 488 non
3388 448 3566 505 posse.

323 530 485 577 στατο
552 516 629 587 μὴ
686 515 1023 586 δυνάμενος,
1082 514 1222 569 κατὰ
1277 515 1369 569 τὸν
1428 515 1587 586 λόγον
1647 517 1895 582 ἐκείνων,

320 608 631 676 ἀπαντῆσαι
656 609 778 673 ταῖς
822 607 1117 679 προτάσεσι
1169 606 1419 671 ταύταις,
1464 609 1563 661 οὐκ
1616 609 1899 674 ἂψαῦτάς

322 696 664 769 προύϐάλετο
696 697 795 761 τὰς
824 697 1020 768 ἀρχάς.
1066 697 1140 751 Οὐ
1180 696 1280 768 γάρ
1319 700 1412 751 καὶ
1441 697 1599 751 τοῦτο
1625 698 1897 767 δήπουθεν

317 787 592 861 ἠδύνατο⁸
627 788 833 844 οὐδ’άν
887 790 1053 852 αὐτὸς
1104 787 1275 853 mea;
1318 790 1397 853 εἰς
1451 790 1748 845 κατάλυσιν
1802 791 1896 845 τοῦ

325 883 457 936 ἰδίου
488 882 849 954 κηρύγματος
878 884 989 947 τοῖς
1022 882 1339 946 ἀντιπάλοις
1395 884 1705 955 παρείχετο,
1760 883 1895 939 καϐ-

321 977 463 1047 άπερ
487 975 559 1030 τά
602 974 848 1037 ἐκείνων.
903 974 964 1029 οὐ
995 974 1064 1029 τά
1109 976 1287 1030 οἰκεῖα
1339 976 1722 1050 προῃρημένος
1775 995 1898 1031 συν-

323 1071 476 1140 ιστᾷν
510 1086 526 1101 ο
553 1066 713 1123 τοῦτο
738 1068 848 1139 γὰρ
882 1067 992 1122 οὐδ’
1029 1068 1094 1123 ἂν
1119 1069 1320 1125 ἔπαθεν
1357 1070 1385 1122 ὁ
1439 1069 1658 1123 πάντων
1706 1070 1900 1141 εὐηθέ-

323 1176 533 1231 στερος.
557 1158 698 1213 Ἀλλ’
723 1161 821 1231 οὐχ
849 1160 1023 1226 οὓτως
1053 1161 1187 1233 ἔχει.
1219 1159 1589 1232 Τεθαρρηκὼς
1613 1160 1693 1225 δὲ,
1717 1156 1896 1233 οἶμαι,

320 1249 542 1322 Χριστῷ
597 1252 693 1305 καὶ
743 1253 808 1323 τῇ
856 1251 1083 1324 ἀληθείᾳ.
1133 1251 1472 1324 συνηγορῶν,
1503 1250 1758 1323 οὐδεμίαν
1787 1257 1900 1317 τοῖς

322 1345 590 1407 ἐναντίοις
634 1343 962 1398 ὑπελείπετο
1003 1345 1311 1415 πρόσφασιν
1345 1359 1360 1374 ·
1421 1340 1536 1396 ἀλλ’
1573 1343 1762 1415 ὥσπερ
1792 1343 1900 1397 τῶν

321 1437 496 1491 ἄλλων
527 1437 755 1491 ἀπασῶν
777 1436 1126 1504 ἀντιθέσεων,
1157 1434 1300 1491 οὕτω
1331 1436 1426 1490 καὶ
1447 1435 1655 1506 ταύτης
1684 1437 1899 1508 ἰσχυρο-

319 1526 486 1598 τέραν
509 1527 809 1598 ἐποιήσατο
835 1526 935 1599 τὴν
969 1526 1272 1598 ἀναίρεσιν,
1302 1526 1396 1580 καὶ
1417 1525 1524 1579 τῶν
1562 1527 1900 1598 βλασφήμων

320 1615 651 1688 ἀπορράψας
705 1616 775 1669 τά
830 1616 1102 1687 στόματα,
1156 1617 1498 1687 προσεπάγει
1544 1616 1753 1681 τούτοις
1806 1617 1901 1669 καὶ

319 1706 509 1780 ἕτερον
549 1709 614 1762 ὲκ
653 1708 1105 1780 παραδείγματος
1129 1707 1208 1779 τῷ
1236 1709 1526 1780 πράγματι
1561 1708 1897 1781 προσφυοῦς,

2000 520 2296 576 secundum
2344 520 2589 590 ipsorum
2631 518 3062 591 aﬂirmationem,
3115 526 3254 581 tales
3300 526 3569 585 sustinere

2000 612 2422 682 propositiones,
2469 626 2576 668 non
2629 614 2742 683 ipse
2787 614 2993 683 primus
3035 615 3178 672 hanc
3219 619 3569 687 qumstionem

2001 702 2406 772 proposuisset;
2451 702 2553 758 hoc
2603 703 2748 758 enim
2802 704 2950 760 nullo
2993 706 3154 762 modo
3196 716 3430 778 poterat,
3460 725 3571 766 non

2001 798 2115 865 ipse
2156 794 2484 851 adversariis
2523 809 2690 851 ansas
2730 794 3049 866 prrebuisset
3090 798 3146 853 in
3188 797 3403 855 ruinam
3444 812 3592 872 pro-'

2000 887 2130 957 priae
2153 887 2577 958 pratdicatiouis,
2602 889 2755 958 quasi
2781 899 2962 958 partes
2984 891 3441 961 adversariorum,
3464 909 3570 950 non

2001 979 2268 1048 proprias,
2322 978 2598 1034 sustinere
2641 993 2980 1049 proponens;
3037 981 3180 1050 quod
3228 997 3333 1039 non
3389 993 3572 1054 ageret

2000 1069 2278 1125 hominum
2318 1070 2482 1125 etiam
2524 1071 2903 1127 stultissimus.
2950 1071 3059 1128 Sed
3101 1088 3192 1129 res
3235 1089 3342 1129 non
3391 1074 3466 1130 ita
3509 1089 3568 1128 se

2002 1161 2184 1215 habet.
2223 1159 2328 1215 Sed
2363 1161 2602 1229 Christo,
2648 1171 2705 1217 ut
2739 1169 2891 1232 puto,
2927 1163 3167 1220 conﬁsus
3198 1174 3252 1220 et
3283 1166 3567 1221 veritatem

2001 1264 2377 1323 propugnans,
2427 1253 2632 1308 nullam
2668 1254 2999 1311 adversariis
3051 1255 3273 1326 reliquit
3326 1258 3573 1313 occasio-

2004 1358 2163 1411 nem;
2212 1343 2307 1398 sed
2359 1342 2816 1412 quemadmodum
2869 1344 3108 1400 omnium
3157 1346 3384 1402 aliarum
3431 1347 3575 1418 obje-

2001 1430 2244 1488 ctionum
2270 1432 2342 1486 ita
2372 1443 2429 1486 et
2465 1431 2690 1503 hujusce
2720 1432 3109 1489 validissimam
3145 1435 3570 1492 confutationem

2001 1524 2218 1591 attulit;
2251 1534 2307 1579 et
2350 1539 2446 1580 ore
2479 1523 2920 1596 blasphemorum
2967 1528 3244 1595 obturato,
3289 1529 3436 1584 aliud
3485 1531 3571 1583 in-

2003 1617 2150 1672 ducit
2178 1631 2245 1672 ex
2274 1616 2520 1687 exemplo
2559 1617 2636 1673 rei
2672 1628 2821 1688 apto,
2853 1619 3168 1689 opinionem
3211 1620 3431 1689 illorum,
3466 1637 3576 1677 ma-

2002 1709 2084 1777 gis
2132 1725 2197 1765 ac
2255 1711 2427 1781 magis
2472 1711 2799 1766 subverteus
2846 1711 3238 1782 stabilieusque
3287 1713 3571 1783 pietatem.

318 1798 379 1854 τὸ
411 1798 511 1871 μὲν
537 1799 761 1854 ἐκείνων
790 1800 885 1854 ἐπὶ
927 1799 1090 1853 πλέον
1137 1800 1461 1870 ἀνατρέπων
1510 1802 1787 1871 φρόνημα,
1840 1801 1891 1854 τὲ

2006 1799 2315 1869 Numquid,
2371 1802 2479 1867 ait,
2526 1803 2662 1856 dicet
2710 1802 3013 1872 ﬁgmentum
3056 1804 3104 1857 ei
3142 1806 3230 1873 qui
3274 1821 3328 1859 se
3362 1805 3519 1873 ﬁnxit
3552 1824 3573 1864 :

318 1888 377 1944 δὲ
434 1890 658 1957 εὐσεϐὲς
708 1891 985 1954 συνιστάς.
1019 1889 1117 1959 Μὴ
1158 1889 1297 1960 ἐρεῖ,
1333 1892 1519 1962 φησὶν,
1551 1892 1616 1946 τὸ
1647 1891 1899 1962 πλάσμα

319 1982 400 2047 τῷ
436 1981 763 2049 πλάσαντι,
796 1982 859 2038 Τί
884 1998 961 2052 με
990 1982 1283 2050 ἐποίησας
1313 1983 1532 2050 οὕτως;
1582 1984 1736 2038 Οὕτω
1779 1986 1896 2056 μὲν,

319 2073 504 2144 φησὶν,
542 2074 706 2139 αὐτὸς
743 2075 835 2145 ὑφ’
872 2073 1067 2129 ἑαυτοῦ
1100 2072 1447 2147 διηλέγχθης.
1482 2076 1898 2147 Ἀνθιστάμενος

315 2165 375 2218 δὲ
397 2167 651 2234 ἐγκαλεῖς
699 2165 859 2237 Θεῷ,
919 2167 1015 2220 καὶ⁹
1071 2166 1276 2234 λέγεις,
1314 2167 1378 2220 Τί
1423 2166 1511 2221 ἕτι
1560 2166 1897 2238 μέμφεταυ

317 2256 506 2312 Ταῦτα
534 2258 668 2328 πρὸς
700 2257 878 2323 τοῦτο,
925 2256 1010 2323 Τῷ
1038 2257 1148 2328 γὰρ
1169 2258 1515 2328 ,βουλήματι
1567 2259 1754 2314 αὑτοῦ
1810 2260 1900 2326 τίς

310 2347 734 2415 ἀνθέστηκεν;
763 2348 1057 2414 ἀντειπὼν,
1111 2348 1405 2420 ἐρμηνεύει
1445 2350 1629 2403 λοιπὸν
1658 2351 1754 2404 καὶ
1790 2351 1899 2404 τῶν

315 2437 685 2509 πρωεθεισῶν
744 2439 956 2511 ῥήσεων
1001 2438 1092 2492 τὸν
1146 2437 1351 2493 σκοπύν
1384 2456 1398 2470 ·
1455 2433 1531 2494 ὧν
1586 2442 1642 2494 ἐν
1690 2441 1791 2510 μὲν
1829 2446 1895 2514 τῇ

312 2530 454 2599 πρὸς
489 2529 580 2586 τξν
622 2530 863 2585 Μωῦσέα
896 2530 1150 2605 δηλοῦται
1199 2531 1605 2603 φιλάνθρωπος,
1660 2533 1715 2585 ἐν
1746 2534 1802 2586 δὲ
1830 2539 1895 2606 τῇ

315 2622 453 2693 πρὸς
493 2622 585 2675 τὸν
617 2623 839 2693 Φαραὼ,
872 2622 1249 2695 τιμωρητικδς
1280 2623 1310 2676 ὀ
1343 2623 1475 2685 Θεός
1520 2626 1536 2645 ‘
1577 2628 1593 2645 '
1633 2628 1651 2644 ⁸

392 2732 411 2767 ι
449 2713 555 2780 Οὓς
607 2716 704 2771 καὶ
731 2717 993 2771 ἐκάλεσεν
1031 2720 1179 2789 ἡμᾶς
1207 2719 1270 2771 οὐ
1307 2719 1470 2790 μόνον
1499 2719 1559 2785 ἐξ
1604 2721 1891 2789 Ἰουδαίων,

315 2807 451 2861 ἀλλὰ
484 2810 581 2863 καὶ
612 2808 673 2874 ἐξ
710 2809 900 2864 ἐθνῶν.
937 2829 959 2864 s

386 2900 645 2955 Βούλεται
678 2901 858 2955 τοίνυν
892 2903 920 2956 6
961 2901 1178 2966 Παῦλος
1207 2904 1383 2959 εἰπεῖν
1426 2906 1484 2958 ἐν
1526 2905 1757 2972 τούτοις,
1811 2908 1891 2960 ὅτι

313 2990 434 3044 λίαν
468 2992 690 3062 εἴρηται
712 2992 977 3047 κάλλιστα
1007 2995 1145 3064 πρός
1174 3011 1234 3046 τε
1255 2998 1346 3049 τὸν
1368 2994 1593 3050 Μωσέα*
1636 2996 1893 3065 Ἐλεήσω

314 3083 388 3137 ὃν
437 3083 514 3137 ἂν
551 3082 723 3148 ἐλεῶ,
766 3082 867 3137 καὶ
890 3085 1240 3153 οἰκτειρήσω
1270 3086 1343 3140 ὃν
1375 3084 1453 3139 ἂν
1477 3088 1767 3155 οἱκτεΙρωο
1798 3089 1891 3141 καὶ

315 3175 452 3246 πρὸς
477 3173 567 3228 τὸν
592 3174 814 3246 Φαραὼ,
845 3174 926 3241 τὸ,
961 3178 1064 3242 Εἰς
1093 3178 1241 3232 αὐτὸ
1276 3177 1452 3232 τοῦτο
1483 3178 1759 3250 ἐξήγειρά
1792 3194 1887 3245 σε,

312 3262 474 3331 ὅπως
515 3263 867 3334 ἐνδείξωμαι
894 3264 964 3318 ἐν
992 3267 1093 3320 σοὶ
1118 3267 1232 3335 τὴν
1255 3267 1516 3337 δύναμιν
1536 3285 1677 3338 μου.
1706 3268 1890 3322 Θέλων

312 3354 441 3425 γὰρ,
494 3355 649 3427 φησι,
691 3355 720 3408 ὁ
756 3354 892 3419 Θεὸς
920 3355 1199 3427 γνώριμον
1232 3357 1407 3412 ἅπασι
1437 3357 1535 3430 τὴν
1560 3358 1770 3412 οἰκείαν
1801 3359 1892 3430 ἐρ-

312 3445 586 3512 γάσασθαι
616 3446 868 3516 δύναμιν,
912 3445 1033 3517 μεθ’
1069 3443 1137 3519 ἦς
1164 3449 1291 3514 τοὺς
1325 3449 1429 3521 μὲν
1488 3450 1659 3522 ὀργῆς
1709 3449 1893 3517 ἀξίους

311 3535 557 3602 κολάσει,
586 3537 712 3601 τοὺς
746 3537 803 3589 δὲ
839 3538 1160 3609 οἰκτιρμῶν,
1192 3539 1405 3610 ἐλεήσει
1436 3557 1451 3570 ο
1482 3540 1552 3594 τὰ
1598 3541 1741 3595 κατὰ
1764 3544 1891 3606 τοὺς

309 3614 645 3694 Αἰγυπτίους
699 3627 943 3692 καὶτοὺς
983 3629 1324 3700 Ἰσραηλίτας
1369 3632 1889 3702 ἐπραγματεύσατο,

311 3716 658 3771 διδασκαλίαν
684 3718 785 3789 τῆς
820 3720 1032 3783 οἰκείας
1069 3721 1491 3793 δικαιοκρισίας,
1528 3723 1735 3794 ταύτην
1777 3741 1889 3777 κοι-

311 3806 409 3877 νὴν
433 3805 511 3878 τῷ
535 3808 726 3880 κόσμῳ
746 3809 992 3880 προθείς.
1021 3811 1285 3882 Παμπονή
1296 3828 1403 3882 ρων
1424 3813 1535 3884 γὰρ
1570 3814 1667 3866 καὶ
1698 3814 1888 3868 δυσσε-

312 3898 424 3952 ϐῶν
465 3898 634 3955 ὄντων
677 3900 784 3953 τῶν
826 3901 956 3970 περὶ
1005 3902 1100 3954 τὸν
1142 3901 1367 3972 Φαραὼ,
1406 3902 1502 3957 καὶ
1526 3904 1624 3976 τὴν
1651 3904 1889 3974 ἐσχάτην

309 3990 466 4063 δίκην
510 3993 802 4063 ὑπομεῖναι
835 3991 1085 4059 δικαίων,
1123 3993 1472 4067 μακροθυμίᾳ
1501 3996 1602 4067 μὲν
1636 3994 1732 4067 τὴν
1763 3998 1888 4050 κατ’

310 4085 488 4139 αὐτῶν
521 4084 818 4139 ἀνεϐάλετο
862 4083 1158 4156 τιμωρίαν,
1198 4086 1292 4138 καὶ
1336 4089 1711 4158 συνεχώρησεν
1742 4086 1887 4157 ὑψω-

311 4173 468 4246 θῆναι
507 4174 650 4228 κατὰ
675 4172 769 4227 τοῦ
805 4173 935 4227 ίδίου
963 4171 1117 4227 λαοῦ,
1149 4172 1556 4242 Περιϐλέπτους
1581 4172 1639 4228 δὲ
1661 4175 1754 4227 xui.
1786 4189 1884 4227 πε-

311 4265 596 4338 ριϐοήτους
629 4266 732 4336 ἤδη
768 4265 839 4318 δι’
873 4264 1138 4336 ὠμότητα
1172 4265 1570 4330 καταστάντας,
1620 4266 1886 4337 ἐμφανῶς

307 4355 641 4420 ἀπολώλεκε,
679 4356 864 4410 καὶτὸ
894 4355 1003 4409 τῶν
1053 4357 1406 4428 Ἰσραηλιτῶν
1451 4356 1703 4426 ἐλεήσας,
1748 4374 1883 4409 παν-

305 4447 469 4519 δημεὶ
509 4446 809 4502 διεσώσατο
846 4448 1022 4515 γένος.
1065 4447 1216 4519 Αὕτη
1260 4449 1358 4519 μὲν
1394 4447 1491 4520 τῆς
1520 4448 1878 4518 ἀποστολικῆς
1914 4482 1956 4535 υ

306 4543 521 4613 ρἡεως
542 4543 576 4613 ἡ
598 4541 832 4597 διάνοια.
857 4539 1028 4592 Ἐνδεῖ
1050 4539 1107 4593 δὲ
1140 4541 1277 4612 αὐτῇ
1303 4539 1437 4611 πρὸς
1466 4538 1880 4610 ἀποπλήρωσιν,

304 4634 365 4687 τὸ
391 4633 570 4689 τοῦτο
603 4633 846 4703 μέμφῃ·
880 4634 970 4686 ἵνα
1102 4633 1345 4685 τοιοῦτον
1392 4631 1451 4686 τὸ
1497 4633 1606 4685 πᾶν
1639 4646 1654 4662 ·
1697 4633 1767 4685 Εἰ
1813 4630 1882 4683 δὲ

305 4726 493 4781 θέλων
516 4729 549 4781 ὁ
581 4727 727 4794 Θεὸς
759 4725 1143 4790 ἐνδείξασθαι
1167 4723 1282 4792 τὴν
1307 4722 1493 4793 ὀργήν
1539 4722 1639 4777 καὶ
1673 4722 1881 4791 γνωρί-

302 4832 405 4871 σαι
433 4817 500 4869 τὸ
533 4816 803 4871 δυνατὸν
841 4817 1050 4882 αὑτοῦ,
1101 4815 1358 4884 ἤνεγκεν
1399 4815 1471 4867 ἐν
1518 4811 1723 4882 πολλῇ
1762 4829 1878 4881 μα-

303 4908 595 4977 γροθυμίᾳ
627 4909 818 4977 σκεύη
866 4908 1051 4979 ὀργῆς
1109 4904 1550 4975 κατηρτισμένα
1595 4907 1683 4970 είς
1725 4900 1882 4958 ἀπώ-

302 5002 497 5063 λειαν,
561 5001 660 5054 καὶ
695 5001 797 5054 ἵνα
822 5001 1086 5071 γνωρίσῃ
1120 4999 1227 5052 τὸν
1255 4997 1524 5051 πλοῦτον
1551 4995 1659 5065 τῆς
1695 4995 1878 5061 δόξης

302 5091 489 5145 αὐτοῦ
515 5092 615 5146 ἐπὶ
640 5094 831 5161 σκεύη
855 5092 1091 5159 ἐλέους,
1125 5090 1162 5144 ἂ
1184 5089 1634 5158 προητοίμασεν
1660 5088 1750 5153 είς
1781 5086 1881 5140 δό-

304 5183 439 5244 ξαν,
461 5182 621 5237 τοῦτο
649 5185 980 5253 κατηγορεῖς
1009 5199 1025 5249 ;
1060 5180 1362 5252 Πληρώσας
1412 5178 1595 5248 μέντοι
1633 5175 1701 5228 τά
1740 5174 1877 5244 πρὸς

301 5270 402 5341 τὴν
451 5273 732 5344 παροῦσαν
767 5273 1039 5328 ἀντίθεσιν
1086 5272 1213 5342 ἄχρι
1244 5271 1458 5333 τούτου,
1494 5267 1629 5339 πρὸς
1656 5265 1756 5338 τὴν
1786 5266 1879 5319 τοῦ

304 5362 620 5436 ζητήματος
656 5364 876 5437 ἔρχεται
909 5365 1086 5432 λύσιν,
1119 5361 1413 5418 ἀκόλουθον
1434 5364 1547 5423 τοῖς
1578 5357 1882 5430 προκειμέ-

302 5471 413 5519 νοις
463 5456 561 5529 τὴν
619 5459 727 5511 ἀπὸ
780 5459 878 5529 τῆς
933 5457 1314 5528 παρενθέσεως
1360 5453 1620 5509 ἐπάνοδον
1651 5450 1787 5521 πρὸς
1813 5448 1882 5502 τὰ

302 5546 546 5618 πρότερα
594 5550 987 5621 ποιησάμενος.
1033 5548 1214 5604 Εἰπὼν
1265 5547 1373 5617 γάρ
1406 5561 1420 5577 ι
1482 5548 1551 5601 "A
1603 5542 1880 5612 προητοί-

359 5720 402 5752 ²⁸
429 5725 590 5784 ιὶοιη.
623 5745 698 5797 is,
729 5730 818 5796 2‘2,
853 5730 944 5786 25.

2004 1892 2145 1958 Quid
2204 1909 2285 1947 me
2337 1894 2506 1963 fecisti
2539 1895 2656 1949 sir.’
2701 1895 2816 1960 Sic,
2869 1894 3064 1965 inquit,
3119 1905 3172 1949 tu
3218 1912 3247 1950 a
3287 1899 3574 1967 temetipso

2001 1983 2365 2055 redargueris.
2426 1984 2632 2040 Contra
2694 1986 2862 2041 Deum
2927 2002 3057 2042 vero
3113 1987 3356 2053 sistens,
3404 1990 3571 2044 Deum

2001 2090 2226 2132 accusas
2280 2083 2334 2129 et
2384 2072 2726 2141 diciszouid
2772 2076 2944 2132 adhuc
2993 2078 3353 2147 reprehendit?
3394 2078 3572 2138 Verba

2002 2167 2115 2224 haec
2146 2182 2243 2237 pro
2295 2166 2560 2223 Voluntati
2600 2171 2736 2223 enim
2762 2169 2876 2237 ejus
2911 2171 3026 2240 quis
3063 2171 3298 2227 resistit?
3326 2173 3574 2242 ponendo

2003 2260 2289 2313 verborum
2316 2258 2731 2326 praecedentium
2753 2274 2971 2315 sensum
2997 2256 3420 2331 interpretatur;
3444 2263 3576 2333 qui-

2002 2349 2100 2403 bus
2129 2349 2179 2404 in
2219 2347 2436 2418 Moysen
2469 2349 2686 2420 quidem
2721 2348 2862 2404 Deus
2887 2351 3206 2409 misericors
3240 2354 3572 2422 ostenditur,

2000 2439 2054 2493 iu
2080 2437 2421 2495 Pharaonem
2450 2449 2627 2496 autem
2657 2440 2887 2495 acerbus
2923 2443 2941 2461 ‘
2980 2444 2997 2462 '
3039 2445 3057 2465 ‘

2070 2716 2234 2773 Vens.
2270 2717 2362 2771 2i.
2411 2738 2428 2769 ι
2457 2715 2605 2787 Quos
2648 2707 2714 2772 et'
2750 2718 2964 2773 vocavit
3008 2732 3105 2783 nos
3152 2733 3258 2775 non
3283 2718 3459 2777 solum
3501 2736 3572 2779 ex

1994 2808 2217 2875 Judaeis,
2249 2809 2341 2864 sed
2371 2809 2536 2864 etiam
2567 2825 2632 2864 ex
2658 2809 2929 2880 gentibus.
2960 2825 2980 2861 ι

2069 2901 2265 2957 Paulus
2295 2894 2459 2972 igitur
2486 2901 2572 2957 his
2610 2903 2836 2956 innuere
2869 2900 3104 2957 intendit
3139 2903 3342 2973 optime
3368 2904 3571 2961 dictum
3619 2901 3623 2905 ’

1996 2991 2164 3047 fuisse
2188 2991 2356 3062 Moysi
2390 3007 2405 3046 :
2436 2990 2722 3047 Μίδαι-εὐοπ-
2746 2991 2899 3060 cujus
2922 2992 3171 3048 misereor
3196 3002 3244 3049 et
3271 2993 3573 3049 misericor-

1993 3086 2138 3139 diam
2206 3084 2468 3156 prtestabo
2524 3086 2680 3156 cujus
2750 3085 3080 3152 miserebor;
3133 3097 3190 3142 et
3243 3085 3573 3143 Pharaoni:

1992 3175 2058 3231 In
2084 3175 2180 3229 hoc
2221 3177 2391 3245 ipsum
2426 3175 2647 3230 excitaui
2672 3186 2741 3242 te,
2776 3186 2831 3230 ut
2864 3176 3136 3235 ostendam
3166 3179 3220 3233 in
3242 3187 3291 3233 le
3329 3179 3572 3235 uirtutem

1989 3277 2181 3315 meum.
2224 3260 2362 3315 Nam
2395 3261 2510 3317 vult
2543 3260 2702 3329 Deus,
2739 3264 2939 3335 inquit,
2973 3266 3224 3321 omnibus
3265 3276 3453 3322 notam
3482 3266 3568 3322 fa-

1993 3366 2117 3407 cere
2157 3352 2451 3423 potentiam
2482 3367 2660 3418 suam,
2702 3369 2805 3423 qua
2837 3354 2975 3410 alios
3006 3355 3226 3425 quidem
3267 3356 3346 3411 ira
3381 3358 3572 3429 dignos

1992 3460 2149 3515 pmna
2188 3442 2404 3514 alliciat,
2438 3446 2667 3500 aliorum
2692 3460 2821 3501 vero
2854 3446 3169 3505 misericors
3196 3448 3568 3520 miserebitur,

1992 3538 2136 3606 quod
2169 3536 2238 3616 in
2287 3532 2576 3608 Egyptios
2624 3547 2678 3592 et
2708 3536 2982 3594 lsraelitas
3030 3547 3286 3609 operatus
3331 3550 3438 3610 est,
3473 3542 3573 3597 do-

1992 3625 2224 3678 ctrinam
2242 3626 2375 3692 justi
2401 3626 2593 3696 judicii
2623 3642 2967 3684 communem
3005 3629 3206 3683 mundo
3240 3645 3567 3701 proponens.

1991 3715 2128 3767 Nam
2183 3714 2237 3767 iu
2299 3715 2465 3768 multa
2512 3716 2771 3782 patientia
2830 3717 3042 3772 distulit
3118 3733 3336 3787 poenam
3390 3722 3568 3793 populi

1990 3805 2292 3860 Pharaonis
2315 3806 2557 3876 perversi
2591 3815 2646 3860 et
2675 3807 2823 3876 impii
2857 3808 3111 3878 dignique
3139 3810 3229 3878 qui
3258 3826 3567 3881 supremam

1987 3895 2199 3950 subiret
2254 3897 2620 3961 sententiam;
2672 3896 2822 3949 illum
2870 3910 3032 3966 supra
3073 3899 3352 3968 proprium
3399 3918 3570 3974 popu-

1990 3986 2095 4041 lum
2129 3985 2378 4057 permisit
2409 3985 2617 4040 extolli.
2661 3984 2766 4040 Sed
2809 3995 3094 4056 postquam
3144 3989 3466 4059 conspicuus
3502 3992 3563 4047 il-

1987 4078 2443 4149 lustrisque‘jam
2500 4091 2597 4148 per
2643 4075 2906 4130 stcvitiam
2964 4073 3191 4131 eﬂ'ectus
3257 4088 3363 4144 est,
3415 4080 3564 4138 illum

1987 4178 2173 4240 aperte
2215 4169 2523 4235 destruxit;
2562 4176 2615 4222 et
2647 4167 2957 4221 universum
2994 4166 3360 4225 Israelitarum
3392 4187 3566 4244 popu-

1987 4260 2404 4330 lum'misertus
2450 4258 2708 4313 servavit.
2762 4256 2914 4313 Talis
2945 4270 3029 4314 est
3079 4263 3229 4316 verbi
3279 4260 3565 4331 apostolici

1984 4366 2199 4407 sensus.
2242 4350 2346 4406 Sed
2375 4351 2449 4405 illi
2483 4351 2633 4405 deest
2669 4358 2728 4403 ut
2765 4348 2838 4405 sit
2869 4349 3219 4420 completum,
3262 4362 3318 4406 tu
3354 4354 3451 4408 hoc
3479 4372 3566 4409 re-

1984 4443 2282 4513 prehendis,
2301 4450 2363 4498 ut.
2388 4443 2458 4497 sit
2485 4457 2679 4498 sensus
2707 4439 3009 4512 completus
3048 4441 3351 4513 huiusmodi
3374 4462 3387 4499 :
3412 4442 3565 4512 Quod

1983 4537 2030 4591 si
2072 4535 2213 4590 Deus
2259 4534 2431 4589 volens
2479 4536 2748 4589 ostendere
2773 4544 2819 4589 et
2861 4545 3039 4589 notam
3075 4536 3249 4603 [acere
3281 4540 3566 4605 potemiam

1982 4645 2155 4692 suam,
2188 4628 2437 4682 sustinuit
2471 4627 2524 4682 in
2565 4626 2731 4681 multa
2770 4628 3024 4696 patientia
3060 4643 3185 4685 vasa
3214 4629 3326 4692 iraa,
3357 4637 3479 4697 apta
3510 4629 3565 4682 in

1983 4720 2373 4791 interitumLet
2419 4729 2474 4772 ut
2524 4718 2814 4773 ostenderet
2852 4716 3061 4771 divitias
3115 4717 3296 4787 gloria:
3340 4735 3450 4773 sua:
3501 4720 3556 4772 in

1985 4828 2110 4867 vasa
2135 4810 2533 4875 misericordiw,
2562 4825 2679 4879 (ματ
2701 4809 3016 4878 preparavit
3043 4806 3096 4862 in
3120 4808 3363 4878 gloriam,
3399 4825 3558 4864 num-

1984 4906 2113 4975 quid
2151 4905 2252 4959 hoc
2281 4900 2676 4971 reprehendis?
2702 4900 2980 4956 Absolutis
3017 4916 3185 4972 usque
3212 4901 3316 4956 huc
3344 4918 3463 4973 qua:
3494 4905 3561 4958 ad

1987 5006 2308 5066 praesentem
2328 4994 2685 5062 objectionem
2706 5001 2976 5064 spectant,
2995 4995 3059 5048 ad
3077 4993 3396 5050 solutionem
3416 5011 3562 5065 quac-

1988 5087 2182 5143 stionis
2206 5086 2405 5161 pergit,
2440 5093 2838 5154 consequenter
2872 5084 3111 5154 pra-fatis
3149 5096 3213 5138 ex
3245 5089 3558 5153 parenthesi

1987 5181 2053 5234 ad
2092 5179 2271 5249 priora
2306 5178 2543 5232 rediens.
2580 5174 2714 5230 Nam
2749 5192 2872 5231 cum
2915 5176 3050 5229 dixit
3084 5175 3216 5241 Quae
3246 5179 3558 5244 “reparat-it

1979 5275 2034 5326 in
2062 5274 2310 5344 gloriam,
2337 5274 2480 5343 quod
2511 5273 2714 5327 dictum
2757 5279 2843 5326 est
2878 5272 2942 5325 de
2967 5268 3187 5332 Judaeis,
3234 5269 3512 5341 subiunxit
3541 5291 3555 5326 :

1983 5367 2126 5431 Quos
2166 5376 2212 5419 et
2244 5365 2441 5418 rocavit
2474 5381 2565 5418 nos
2588 5380 2693 5418 non
2723 5361 2891 5416 solum
2921 5376 2986 5414 ex
3019 5360 3250 5423 Juda'is,
3282 5362 3373 5414 sed
3397 5364 3557 5418 etiam

1978 5473 2045 5513 er.
2091 5454 2431 5526 gentibus";
2487 5457 2619 5510 adeo
2663 5462 2720 5507 ut
2772 5466 2916 5506 nunc
2967 5451 3355 5521 propemodum
3410 5451 3559 5509 dicat

1981 5548 2147 5602 Deum
2175 5547 2320 5616 justo
2349 5545 2554 5615 judicio
2583 5554 2636 5601 et
2658 5542 2995 5614 praescieutia
3032 5556 3128 5599 nos
3159 5544 3437 5602 vocavissc
3464 5545 3555 5617 qui
