4014 6122
257 323 396 392 1713

1281 329 1742 392 FRAGMENTA
1780 331 1860 392 IN
1898 333 2134 395 EPIST.
2176 332 2276 392 AD
2313 329 2498 393 ROM.

2058 132 2116 154 εδ

3379 273 3516 388 tm

334 451 357 486 ι
390 433 435 486 Τ
439 431 560 497 ἐλος
591 432 693 504 γὰρ
722 433 884 504 νόμου
913 417 1146 507 Χριστὸς
1185 437 1266 500 εἰς
1289 436 1641 509 δικαιοσύνην
1677 437 1837 492 παντὶ

2016 439 2182 496 Vsus.
2235 439 2286 495 4.
2329 459 2349 492 ι
2382 437 2545 494 Finis
2575 434 2719 493 enim
2765 434 2902 508 legis
2935 433 3211 500 Christus,
3263 433 3331 490 ad
3349 432 3518 504 justi-

257 524 336 597 τῷ
361 525 693 579 πιστεύοντι.
730 541 749 576 ι

329 615 544 670 Τελειοϊ
581 617 765 670 τοίνυν
797 617 890 670 τὸν
921 615 1016 671 τοῦ
1048 619 1214 689 νόμου
1247 618 1450 674 σκοπὸν
1490 619 1518 670 6
1559 621 1794 693 Χριστός
1822 639 1836 652 ·

259 709 348 763 διὰ
378 709 476 779 τῆς
503 709 590 762 ἐπ’
623 707 788 762 αὐτὸν
821 709 1058 773 πίστεως
1087 711 1186 782 τὴν
1214 712 1496 766 δικαεωσιν
1523 713 1634 776 τοῖς
1669 730 1840 785 προσο

265 800 438 854 ιοῦσιν
477 799 630 870 αύτῷ
662 802 798 854 πᾶσι
837 801 1206 872 δωρούμενος.

345 910 364 942 ι
402 892 642 962 Μωῦσῆς
667 891 776 962 γὰρ
803 909 1004 962 γραφει
1033 893 1133 964 τὴν
1157 895 1220 948 ὲκ
1259 894 1351 948 τοῦ
1386 895 1552 966 νόμου
1578 895 1844 950 δικαιοσύδ

265 1001 384 1054 νην,
417 983 498 1036 ὅτι
543 983 572 1036 6
618 985 855 1056 ποιήσας
884 983 1024 1040 αὐτὰ
1050 984 1364 1058 ἄνθρωπος,
1395 985 1626 1058 ζήσεται
1656 989 1714 1041 ὲν
1743 989 1844 1042 αὐ-

265 1078 398 1130 τοῖς.
438 1095 456 1128 ι
1099 1078 1106 1084 ”

351 1169 447 1222 Ἐκ
497 1167 843 1240 συγκρίσεως
872 1169 930 1222 δὲ
959 1169 1059 1240 τῆς
1109 1170 1246 1242 πρὸς
1280 1173 1371 1226 τὸν
1418 1173 1604 1240 νόμον,
1631 1173 1845 1236 δεικνὺς

269 1258 370 1327 τῆς
399 1258 623 1330 χάριτος
651 1257 712 1312 τὸ
738 1259 1044 1330 φιλότιμον,
1075 1259 1242 1328 λέγει,
1275 1259 1430 1330 φησὶ,
1456 1262 1484 1314 ὁ
1514 1261 1740 1330 Μωσῆς,
1772 1261 1846 1331 μὴ

270 1352 535 1422 πρότερον
559 1351 616 1404 ἐν
639 1350 789 1422 νόμῳ
815 1349 1154 1406 δικαιοῦσθαι
1185 1369 1325 1416 τινα,
1356 1352 1464 1416 ἕως
1493 1351 1563 1406 ἂν
1583 1351 1848 1423 πληρώσῃ

270 1443 337 1496 τὰ
371 1441 466 1496 τοῦ
497 1441 665 1514 νόμου
697 1441 918 1497 ἅπαντα
952 1442 1418 1515 παραγγέλματα.

347 1551 366 1586 ι
397 1535 522 1588 ’Ὀτι
551 1535 645 1588 ἐὰν
674 1533 1020 1606 ὁμολογήσῃς
1047 1537 1104 1588 ὲν
1134 1533 1211 1606 τῷ
1239 1535 1470 1604 στόματι
1507 1553 1603 1588 σου
1645 1533 1848 1606 Κύριον

283 1627 509 1696 Ἰησοῦν,
537 1627 632 1680 καὶ
663 1627 957 1699 πιστεύσῃς
979 1629 1036 1680 ὲν
1061 1629 1128 1700 τῇ
1161 1627 1360 1699 καρδίᾳ
1398 1645 1515 1691 σου,
1545 1629 1628 1682 ὅτι
1657 1629 1684 1681 6
1717 1627 1850 1692 Θεὸς

275 1719 437 1774 αὐτὸν
463 1720 682 1791 ἤγειρεν
708 1719 773 1772 ἐκ
807 1719 1043 1789 νεκρῶν,
1069 1720 1314 1792 σωθήσῃ.
1355 1740 1376 1772 ›

1945 534 2070 588 tiam
2102 531 2250 594 omni
2279 529 2544 587 credenti.
2579 547 2596 582 ι

2013 624 2198 679 Finem
2232 623 2368 694 legis
2392 621 2605 693 perﬁcit
2623 620 2903 688 Christus,
2923 635 3018 691 per
3044 619 3204 675 ﬁdem
3231 619 3284 674 in
3310 633 3370 674 se
3396 633 3518 674 om-

1943 716 2102 772 nibus
2125 716 2213 786 qui
2237 716 2302 771 ad
2329 714 2478 770 illum
2503 713 2768 770 accedunt
2796 713 3032 784 largiens
3047 712 3516 783 justiﬁeationem.

2018 895 2182 952 Vsus.
2223 895 2278 950 5.
2323 914 2341 947 ι
2376 894 2588 965 Moyses
2633 895 2778 950 enim
2815 893 3036 962 scripsit
3075 892 3329 962 quoniam
3363 891 3522 960 justi-

1949 989 2078 1043 tiam
2137 1003 2257 1058 quae
2300 1004 2367 1043 ex
2421 987 2536 1059 lege
2585 995 2706 1054 est,
2749 986 2840 1056 qui
2886 985 3081 1040 fecerit
3131 985 3327 1048 homo,
3377 985 3524 1038 vivet

1948 1078 2001 1134 in
2040 1094 2124 1134 ea.
2158 1097 2178 1131 ι
2586 1062 2594 1070 ’
3362 1074 3370 1082 ’

2017 1171 2088 1226 At
2114 1185 2180 1227 ex
2215 1170 2624 1241 comparatione
2664 1185 2788 1227 cum
2833 1170 2972 1241 lege,
2999 1171 3292 1227 ostendens
3335 1169 3526 1238 gratiae

1947 1263 2371 1329 aemulationem,
2416 1263 2546 1317 dicit
2577 1260 2814 1334 Moyses,
2864 1263 3062 1332 inquit,
3103 1263 3379 1318 hominem
3419 1275 3526 1315 nou

1948 1355 2096 1425 prius
2131 1355 2184 1409 in
2215 1352 2334 1425 lege
2367 1353 2656 1424 iustiﬁcari
2683 1371 2844 1427 quam
2887 1355 3070 1410 omnia
3097 1353 3232 1426 legis
3275 1353 3528 1408 mandata

1949 1446 2348 1516 adimplcverit.

2025 1538 2194 1595 Vens.
2231 1541 2283 1595 9.
2335 1558 2354 1592 (
2385 1537 2539 1607 Quod
2566 1538 2612 1593 si
2643 1537 2960 1594 conﬁtearis
2997 1538 3050 1592 in
3095 1549 3190 1592 ore
3228 1546 3319 1591 tuo
3346 1535 3526 1590 Domi-

1953 1647 2079 1686 num
2106 1630 2313 1696 Jcsum,
2355 1639 2411 1684 et
2453 1629 2505 1684 in
2535 1634 2698 1685 conte
2741 1639 2832 1684 tuo
2877 1629 3176 1684 credideris
3212 1630 3356 1699 quod
3389 1627 3528 1686 Deus

1953 1723 2102 1778 illum
2134 1722 2424 1777 suscitavit
2455 1737 2484 1775 a
2515 1721 2765 1788 mortuis,
2794 1722 2977 1776 salvus
3005 1720 3136 1776 eris.
3171 1739 3190 1773 ι

347 1811 525 1882 Ὅπερ
556 1811 738 1865 τοίνυν
769 1811 988 1879 ἐλέγετο
1018 1812 1146 1882 περὶ
1191 1813 1290 1882 τῆς
1319 1811 1413 1866 τοῦ
1449 1812 1614 1881 νόμου
1645 1812 1846 1874 δόσεως

2017 1814 2174 1882 Quod
2229 1815 2395 1884 igitur
2445 1815 2512 1869 de
2557 1813 2651 1870 illo
2700 1816 2842 1870 dono
2894 1813 3027 1884 legis
3063 1813 3366 1878 dicebatur,
3425 1811 3530 1867 hoc

277 1901 512 1973 ἐκείνης,
545 1901 704 1956 τοῦτο
739 1903 848 1956 ’καὶ
877 1903 1010 1972 ἡμῖν
1055 1902 1151 1957 νῦν
1183 1904 1278 1956 ἐπὶ
1327 1906 1428 1974 τῆς
1479 1903 1567 1956 διὰ
1609 1901 1848 1974 Χριστοῦ

277 1997 500 2067 χάριτος
535 1995 862 2066 ἐφαρμόζει.
890 1996 966 2049 O6
999 1995 1105 2066 χρὴ
1147 1991 1242 2049 οὖν
1273 1995 1580 2052 διαπιστεῖν
1613 1997 1782 2066 ἡμᾶς,
1817 1993 1851 2066 ἦ

281 2089 408 2158 περὶ
441 2087 543 2156 τῆς
581 2087 639 2154 ἐξ
677 2087 910 2160 οὐρανοῦ
959 2087 1053 2141 τοῦ
1083 2087 1341 2159 Σωτῆρος
1371 2087 1624 2150 καθόδου,
1655 2088 1689 2158 ἢ
1724 2087 1854 2158 περί

279 2179 375 2248 τῆς
429 2180 492 2231 ἐκ
541 2178 754 2248 νεκρῶν
788 2177 952 2231 αὐτοῦ
994 2178 1159 2232 πάλιν
1218 2179 1408 2232 ἀνόδου
1435 2193 1449 2208 ·
1506 2176 1642 2231 ἀλλά
1671 2176 1856 2248 τελείᾳ

281 2269 481 2340 καρδίᾳ
526 2269 986 2334 πεπιστευκότας,
1039 2270 1324 2341 ὁμολογεῖν
1361 2270 1454 2324 καὶ
1489 2270 1577 2322 διὰ
1607 2268 1857 2339 γλώττης

281 2363 380 2433 τὴν
419 2363 602 2434 χάριν.
631 2363 1096 2433 Περιγενήσεσθαι
1128 2363 1238 2434 γὰρ
1285 2365 1418 2434 ἡμῖν
1454 2363 1614 2416 τοῦτο
1645 2361 1858 2414 ποιοῦσι

283 2455 382 2526 τὴν
411 2454 499 2508 διὰ
517 2455 616 2524 τῆς
638 2453 975 2518 δικαιώσεως
1007 2455 1284 2526 σωτηρίαν
1311 2453 1516 2525 συμϐῇ.
1546 2455 1620 2506 Τὸ
1644 2453 1753 2524 γὰρ
1773 2455 1860 2519 εἰς

286 2547 704 2614 δικαιοσύνην,
725 2548 820 2601 καὶ
847 2547 908 2601 τὸ
925 2549 1012 2614 εις
1040 2548 1363 2616 σωτηρίαν,
1397 2547 1560 2600 διεῖλε
1595 2545 1858 2618 συνήθως·

289 2640 464 2693 καὶτὸ
494 2640 615 2710 μὲν,
641 2641 706 2710 τῇ
729 2639 911 2693 πίστει
931 2641 1028 2709 τῆς
1054 2639 1304 2709 καρδίας
1325 2639 1384 2690 τὸ
1409 2638 1485 2703 δὲ,
1509 2639 1576 2708 τῇ
1603 2636 1865 2708 ὁμολογίᾳ

290 2733 386 2785 τοῦ
435 2733 706 2802 στόματος
757 2731 1105 2786 ἀποδέδωκεν
1139 2746 1152 2759 °
1211 2731 1494 2801 ἑκατέροις
1532 2729 1866 2802 ἁρμόζοντος

294 2823 594 2894 ἑκατέρου·
627 2823 826 2894 καρδίᾳ
876 2823 975 2892 μὲν
1026 2822 1171 2892 γὰρ,
1226 2823 1380 2892 φησὶ,
1425 2822 1815 2892 πιστευόμενος
1842 2823 1870 2874 6

295 2915 530 2988 Χριστὸς
555 2916 756 2968 δικαιοῖ
788 2932 800 2945 ·
837 2915 1066 2984 στόματι
1097 2915 1152 2967 δὲ
1180 2914 1612 2984 ὁμολογούμενος
1633 2954 1646 2976 ,
1682 2911 1865 2976 σώζει.

373 3027 392 3058 ι
435 3009 578 3079 "Aput
614 3009 647 3075 ἡ
676 3008 855 3070 πίστις
885 3007 941 3074 ἐξ
973 3008 1161 3077 ἀκοῆς,
1191 3008 1223 3077 ὴ
1253 3007 1309 3060 δὲ
1341 3007 1479 3077 dumi}
1503 3007 1590 3061 δίἀ
1622 3008 1871 3078 ῥήματος

297 3100 456 3154 Θεοῦ.
501 3120 520 3152 ι

370 3194 524 3263 Τάχα
554 3192 611 3245 δὲ
643 3192 754 3256 θεὶς
785 3191 882 3260 τὴν
915 3192 1008 3246 τοῦ
1048 3193 1270 3246 Ἠσαίου
1313 3195 1518 3263 φωνὴν,
1563 3195 1642 3260 τὸ,
1678 3193 1874 3261 Κύριε,

299 3285 392 3348 τίς
419 3285 746 3338 ἐπίστευσε
780 3283 855 3351 τῇ
887 3283 1044 3351 ἀκοῇ
1071 3283 1271 3354 ήμῶν;
1323 3285 1468 3336 ἔοικε
1503 3285 1760 3354 συνιστᾷν
1815 3285 1878 3337 ἐκ

301 3375 528 3445 ταύτης,
567 3376 662 3429 καὶ
689 3376 752 3427 τὸ
775 3373 838 3427 εὖ
871 3373 1020 3444 αὐτῷ
1051 3375 1437 3446 προειρῆσθαι,
1481 3375 1564 3440 τδ,
1619 3374 1750 3441 Πῶς
1781 3392 1878 3428 πι-

302 3468 678 3520 στεύσουσιν
715 3462 788 3523 οὗ
835 3467 948 3520 οὐκ
997 3465 1307 3534 ἥκουσαν;
1344 3467 1492 3536 λέγει
1549 3467 1658 3537 γάρ
1685 3483 1699 3496 ·
1731 3469 1880 3536 Ἄρα

303 3559 344 3627 ἡ
385 3559 588 3623 πίστις
619 3559 688 3621 ἐξ
724 3557 938 3627 ἀκοῆς.
974 3557 1147 3611 Τοῦτο
1178 3560 1374 3624 ὲκεῖνο,
1406 3558 1592 3628 φησὶν,
1637 3558 1666 3610 ὃ
1698 3557 1882 3628 μικρῷ

305 3647 544 3717 πρόσθεν
570 3649 908 3718 ἐφάσκομεν,
937 3650 1016 3704 ὅτι
1045 3649 1135 3704 τδν
1189 3648 1467 3701 πιστεύειν
1501 3648 1763 3717 μέλλοντα
1803 3648 1883 3700 δεῖ

305 3741 572 3812 πρότερον
601 3740 698 3810 τῆς
731 3741 861 3812 περὶ
891 3740 983 3794 τοῦ
1009 3740 1504 3810 πιστευθησομένου
1533 3741 1882 3804 διδασκαλίας

307 3831 556 3886 ἀκοῦσαι.
596 3831 666 3886 ἸΙ
687 3831 752 3884 δὲ
780 3831 956 3898 ἀκοὴ,
981 3831 1078 3884 διὰ
1103 3831 1370 3899 ῥήματος
1399 3832 1546 3885 Θεοῦ
1570 3843 1584 3860 ⁸
1623 3831 1744 3884 ἀντὶ
1766 3829 1881 3897 τοῦ,

322 3922 385 3976 Ἦ
423 3923 606 3994 μέντοι
643 3923 982 3986 διδασκαλία,
1027 3924 1092 3976 δι’
1123 3922 1406 3993 ἐνεργείας
1449 3923 1599 3986 θείας
1644 3927 1760 3987 τοῖς
1803 3923 1882 3976 δι·

311 4016 571 4070 δάσκουσι
603 4015 989 4087 παραγίνεται.

944 4125 1104 4180 ΚΕΦ.
1146 4123 1250 4176 ΙΝ.

391 4256 410 4288 ι
455 4237 612 4305 Λέγω
644 4231 760 4300 οὖν,
795 4237 888 4306 Μὴ
921 4235 1182 4289 ἀπώσατο
1234 4237 1262 4287 ὁ
1307 4235 1438 4300 Θεὸς
1479 4236 1568 4289 τὸν
1618 4235 1746 4290 λαὸν
1792 4236 1888 4290 αὐ-

317 4329 408 4381 τ(ιῦ
427 4346 441 4392 ς
483 4349 501 4380 δ

385 4420 482 4474 Διά
517 4419 616 4491 τῆς
651 4419 972 4498 προσθήκης
1013 4420 1217 4488 ταύτης
1274 4421 1546 4492 ἐμφήνας,
1595 4421 1714 4474 οὐδὲ
1763 4422 1888 4474 λαὸν

1953 1914 2116 1970 etiam
2161 1912 2316 1968 nobis
2360 1926 2503 1967 nunc
2533 1911 2788 1968 convenit
2817 1911 2882 1967 de
2920 1912 3094 1981 gratia
3136 1910 3365 1966 Christi.
3410 1909 3529 1964 Non

1954 2019 2084 2074 ergo
2129 2004 2377 2060 dubitare
2413 2005 2693 2068 debemus,
2736 2003 2851 2058 sive
2885 2003 2952 2058 de
2983 2001 3289 2059 Salvatoris
3327 2014 3358 2055 ο
3389 2000 3530 2058 ctnlo

1957 2100 2244 2164 descensu,
2283 2098 2398 2152 sive
2421 2097 2488 2152 de
2523 2096 2700 2150 reditu
2743 2110 2772 2148 a
2805 2096 3068 2161 mortuis;
3104 2096 3198 2150 sed
3234 2101 3346 2148 toto
3367 2091 3533 2147 corde

1959 2193 2266 2256 credentes,
2303 2190 2533 2258 gratiam
2561 2187 2742 2256 lingua
2773 2186 3046 2242 conﬁteri.
3077 2186 3222 2239 Nam
3248 2183 3402 2239 nobis
3428 2183 3534 2238 hoc

1962 2283 2289 2339 facientibus
2341 2280 2526 2338 evenit
2573 2288 2632 2334 ιιι
2683 2285 2777 2349 per
2804 2277 3249 2346 jttstiﬁcationem
3300 2274 3536 2330 salutem

1963 2381 2182 2450 insuper
2211 2378 2574 2435 obtineamus.
2609 2376 2686 2428 Ad
2717 2374 2986 2446 justitiam
3018 2373 3160 2426 enim
3203 2379 3260 2425 ct
3293 2370 3364 2424 ad
3392 2370 3540 2424 salu-

1965 2485 2065 2534 tem
2099 2473 2412 2540 frequenter
2447 2469 2729 2535 distinxit;
2776 2466 2904 2521 illud
2936 2466 3152 2534 quidem
3199 2463 3380 2519 cordis
3417 2461 3541 2516 ﬁdei

1967 2566 2198 2636 largitus
2245 2573 2352 2628 est,
2383 2562 2486 2618 hoc
2517 2576 2648 2616 vero
2687 2560 2800 2615 oris
2845 2556 3204 2624 confessioni;
3251 2565 3546 2621 utrumque

1969 2659 2185 2726 utrique
2235 2663 2358 2726 apte
2403 2653 2786 2712 connectitur:
2830 2665 2955 2704 nam
3019 2648 3292 2711 Christus,
3341 2644 3542 2714 inquit,

1971 2747 2138 2803 corde
2189 2747 2241 2801 in
2314 2746 2488 2817 ipsum
2545 2744 2830 2800 credentes
2883 2741 3167 2812 justiﬁcat,
3207 2753 3302 2794 ore
3359 2744 3542 2790 autem

1973 2840 2299 2896 conﬁtentes
2325 2838 2518 2894 salvat.

2047 3018 2212 3072 V'Etts.
2254 3015 2335 3070 l'i.
2379 3032 2397 3066 ι
2433 3013 2572 3082 Ergo
2606 3011 2739 3065 ﬁdes
2773 3023 2840 3063 ex
2869 3007 3088 3070 auditu,
3119 3003 3334 3058 auditus
3369 3009 3551 3058 autem

1903 3133 1948 3190 ε,
1981 3132 2076 3186 per
2107 3115 2326 3166 verbum
2361 3107 2566 3162 Christi
2601 3105 2766 3174 (Dei).
2800 3122 2820 3155 ι

2048 3203 2206 3258 Modo
2235 3201 2398 3254 allato
2433 3199 2535 3252 hoc
2561 3195 2713 3251 Isaiae
2737 3195 2899 3248 verbo
2924 3207 2938 3248 :
2972 3191 3212 3254 Domine,
3241 3189 3358 3260 quis
3378 3187 3552 3242 credi-

1979 3299 2059 3350 dit
2089 3293 2298 3350 auditui
2327 3301 2504 3346 nostra
2529 3288 2610 3340 ’⁸2
2633 3285 2958 3342 conﬁrmare
2991 3282 3204 3337 videtur
3231 3289 3379 3336 recte
3404 3294 3435 3333 a
3463 3294 3550 3335 se-

1982 3389 2212 3456 metipso
2249 3400 2409 3454 supra
2443 3384 2672 3448 dictum,
2719 3377 2994 3445 Quomodo
3035 3377 3250 3429 credent.
3290 3374 3360 3440 ei,
3400 3387 3553 3444 quem

1982 3496 2084 3533 non
2127 3477 2450 3532 audierunt?
2489 3474 2623 3529 dicit
2665 3473 2812 3525 enim
2842 3489 2856 3525 :
2886 3467 3025 3540 Ergo
3057 3467 3188 3537 ﬁdes
3231 3480 3297 3520 ex
3342 3465 3552 3520 auditu.

1982 3566 2095 3622 Hoc
2124 3567 2320 3634 ipsum,
2355 3563 2550 3632 inquit,
2584 3560 2744 3630 paulo
2773 3573 2938 3628 supra
2971 3557 3308 3620 dicebamus,
3333 3551 3558 3608 creden-

1984 3666 2090 3710 tem
2143 3666 2398 3724 oportere
2449 3654 2678 3721 primum
2727 3651 2919 3704 audire
2965 3649 3270 3704 doctrinam
3307 3645 3422 3713 ejus
3471 3644 3558 3699 cui

1983 3747 2207 3802 Credere
2237 3745 2414 3798 debet.
2446 3742 2674 3795 Auditus
2707 3749 2881 3793 autem
2911 3754 3002 3807 per
3031 3739 3242 3793 verbum
3278 3736 3396 3801 Dei,
3435 3751 3552 3804 pro,

1989 3836 2302 3891 Doctrinam
2340 3842 2520 3886 tamen
2574 3845 2668 3900 per
2725 3829 3100 3898 Operationem
3134 3824 3374 3880 divinam
3425 3825 3560 3878 rcci-

1986 3929 2137 3996 piunt
2168 3926 2258 3996 qui
2289 3925 2504 3980 docent.

2623 4111 2776 4168 CAP.
2822 4109 2918 4165 XI.

2060 4232 2225 4288 Vsus.
2265 4231 2314 4285 ι.
2363 4247 2380 4280 ι
2414 4226 2540 4282 Dico
2563 4241 2692 4296 ergo
2721 4242 2735 4279 :
2763 4221 3032 4292 Numquid
3063 4221 3201 4276 Deus
3231 4219 3428 4288 repulit
3463 4232 3562 4288 po-

1989 4326 2170 4395 pulum
2199 4321 2398 4379 suunt?
2428 4338 2446 4372 ι

2066 4415 2192 4470 llaec
2235 4414 2484 4468 addendo
2535 4409 2776 4464 ostendit
2817 4408 2953 4463 alios
2999 4420 3108 4462 non
3153 4419 3274 4460 esse
3307 4404 3563 4472 populant

317 4505 457 4562 εἶναι
486 4511 612 4572 τοὺς
643 4509 857 4574 ἄλλους,
887 4507 1044 4576 Θεοῦ,
1083 4509 1184 4562 κᾶν
1214 4509 1306 4562 τὸν
1331 4510 1497 4562 αὐτὸν
1537 4508 1746 4572 τούτοις
1771 4511 1867 4562 ἐπι·

1998 4509 2112 4572 Dei,
2155 4507 2407 4577 quamvis
2449 4503 2700 4558 eumdem
2733 4501 3031 4556 secundum
3067 4513 3286 4553 carnem
3313 4497 3567 4567 progeni~

317 4603 614 4675 γράφοιντο
640 4603 783 4656 κατά
811 4605 992 4674 σάρκα
1021 4603 1367 4675 προπάτορα.

395 4717 412 4746 ι
459 4695 622 4749 Ἀλλά
653 4696 706 4748 τί
733 4695 882 4764 λέγει
912 4695 1062 4766 αὐτῷ
1087 4697 1115 4748 6
1143 4695 1558 4766 χρηματισμόςς
1601 4694 1894 4747 κατέλιπον

319 4785 545 4856 ἐμαυτῷ
575 4787 1017 4856 ἑπτακισχιλίους
1047 4785 1266 4856 ἄνδρας,
1300 4786 1492 4847 οἵτινες
1518 4785 1617 4838 οὖν
1639 4784 1896 4855 ἔκαμψαν

318 4879 450 4946 γόνυ
482 4881 549 4948 τῇ
584 4878 748 4932 Βάαλ.
783 4897 802 4930 ι

395 4970 506 5025 Καὶ
541 4972 656 5038 aea
709 4972 774 5022 ἐκ
807 4969 906 5038 τῆς
954 4969 1178 5040 Γραφῆς
1228 4969 1434 5039 ταύτης
1479 4969 1776 5040 παρίστησι
1815 4969 1894 5038 τὸ,

323 5063 426 5117 κάν
452 5063 564 5124 τοῖς
597 5061 910 5131 ἔμπροσθεν
937 5061 1149 5132 χρόνοις
1191 5061 1419 5124 πολλοὺς
1449 5061 1510 5125 ἐξ
1552 5061 1730 5114 αὐτῶν
1763 5062 1900 5114 ἀπο-

322 5154 762 5224 δοκιμασθῆναι·
811 5155 872 5208 τὺ
920 5155 1104 5224 μέντοι
1160 5155 1230 5209 ἐν
1269 5154 1348 5220 τῷ
1383 5156 1576 5222 ἸῙ.2ίᾳ,
1610 5157 1730 5208 ἀντὶ
1785 5155 1898 5220 τοῦ,

324 5247 417 5299 διὰ
441 5244 536 5298 τοῦ
571 5246 776 5310 Ἡλίου,
813 5247 1054 5317 εἴρηται.

405 5355 423 5388 ι
461 5335 616 5389 Οὕτω
656 5339 750 5390 καὶ
777 5339 834 5390 ἐν
857 5338 932 5408 τῷ
964 5339 1057 5392 νῦν
1091 5339 1268 5412 καιρῷ
1297 5339 1503 5410 λεῖμμα
1531 5341 1648 5392 κατ’
1675 5337 1903 5410 ἐκλογὴν

331 5429 557 5500 χάριτος
591 5428 831 5493 γέγονεν.

403 5510 712 5575 Οὖδένοῧνς
749 5517 822 5578 ὡς
861 5519 1032 5584 ἔοικε,
1083 5521 1268 5573 καινὸν
1298 5520 1415 5573 οὐδὲ
1461 5520 1518 5572 ἐν
1563 5519 1641 5588 τῷ
1681 5518 1904 5585 παρόντι

336 5607 654 5678 γεγένηται.
707 5605 958 5674 λειψάνου
1007 5613 1150 5676 τινὸς
1205 5613 1342 5666 κατά
1382 5613 1542 5682 χάριν
1593 5611 1908 5678 ἐκλεγέντος

413 5743 456 5774 ³⁸
503 5741 604 5796 lsa.
640 5757 754 5808 LIII,
797 5744 844 5797 l.

1997 4611 2166 4658 torem
2199 4608 2510 4668 agnoscant.

2072 4693 2234 4748 Vens.
2275 4691 2334 4744 4.
2382 4709 2399 4742 ι
2433 4689 2539 4744 Sed
2573 4687 2700 4758 quid
2746 4685 2881 4741 dicit
2925 4684 2998 4738 illi
3048 4683 3290 4738 divinum
3345 4695 3570 4748 respon-

1997 4783 2161 4840 sum?
2197 4782 2409 4850 Reliqui
2445 4780 2576 4834 mibi
2602 4788 2811 4846 septem
2846 4775 3012 4829 millia
3038 4775 3302 4838 virorum,
3330 4772 3423 4842 qui
3464 4788 3568 4827 non

1999 4883 2362 4932 curvaverant
2396 4887 2567 4940 genua
2600 4881 2722 4924 ante
2753 4869 2900 4924 Baal.
2932 4887 2952 4920 ι

2067 4967 2138 5020 Ει
2185 4964 2345 5019 simul
2389 4977 2452 5016 ex
2499 4963 2600 5015 hoc
2647 4959 2944 5028 Scriptura:
2989 4971 3158 5012 sacra:
3189 4954 3306 5009 loco
3338 4961 3570 5016 constat,

2001 5059 2164 5114 etiam
2203 5057 2254 5110 in
2288 5052 2720 5124 praecedentibus
2759 5049 3095 5116 temporibus
3127 5045 3326 5100 multos
3362 5061 3426 5099 cx
3463 5044 3574 5099 illis

2005 5153 2172 5206 fuisse
2207 5151 2458 5220 rcjectus.
2504 5145 2618 5201 lloc
2650 5156 2850 5208 tamen,
2877 5144 2930 5196 in
2959 5141 3134 5205 ἉΕΙία,
3163 5155 3282 5211 pro,
3312 5141 3380 5195 ab
3407 5139 3572 5204 IElia,

2008 5245 2214 5298 dictum
2256 5251 2360 5294 cst.

2078 5331 2240 5385 Vsus.
2283 5331 2338 5382 5.
2387 5348 2404 5377 ι
2440 5327 2530 5384 Sic
2569 5343 2696 5398 ergo
2734 5338 2788 5381 et
2818 5327 2870 5381 itt
2905 5326 3006 5380 hoc
3038 5333 3300 5394 tempore,
3337 5318 3577 5388 reliquiae

2007 5423 2303 5480 secundum
2340 5423 2658 5477 electionem
2689 5420 2874 5489 gratia:
2906 5417 3067 5471 salva:
3096 5415 3250 5469 factae
3281 5421 3429 5468 sunt.
3463 5431 3481 5463 ν

2078 5516 2220 5569 nihil
2249 5529 2399 5584 ergo,
2443 5521 2501 5565 ut
2532 5513 2766 5578 videtur,
2799 5509 2922 5564 novi
2957 5507 3013 5562 in
3057 5515 3299 5576 tempore
3325 5500 3580 5572 praesenti

2009 5607 2226 5673 accidit,
2273 5621 2391 5661 cum
2425 5602 2588 5658 ctiam
2633 5615 2775 5656 nunc
2803 5597 3062 5670 quosdam
3105 5611 3168 5652 cx
3199 5593 3344 5652 uului
3384 5602 3582 5664 genere
