4014 6122
496 348 635 415 1715

1591 345 1965 409 GENNADII
2001 346 2506 410 PATRIABCH/E
2549 349 2653 410 (ΖΡ.

3626 347 3765 416 1716

492 449 678 495 nostro
720 438 860 493 Deus
898 439 1195 494 secundum
1227 438 1456 509 gratiam
1493 437 1675 509 elegit.
1712 438 1844 493 Nam
1878 455 2067 509 quem-

2194 440 2265 495 ιαὶ
2294 439 2410 509 νῦν,
2453 444 2519 495 ὲκ
2577 440 2674 495 τοῦ
2728 440 2932 507 παντὸς
2966 440 3159 511 γένους
3201 440 3380 512 ἡμῶν.
3404 443 3625 517 ’Ὥσπερ
3650 450 3761 519 γὰρ

492 530 784 588 admodum
821 538 948 586 tune
971 530 1127 599 juxta
1182 530 1409 587 sacram’
1433 530 1771 600 Scripturam
1812 544 1880 586 ne
1916 545 2056 586 unus

492 624 709 692 quidem
740 623 923 679 salvus
950 623 1126 679 tactus
1155 634 1323 691 esset,
1358 624 1459 679 nisi
1496 623 1637 679 Deus
1680 623 1781 679 sibi
1821 623 2068 695 reliquis-

492 725 576 770 set
604 725 811 787 septem
844 716 1010 772 millia
1042 717 1309 783 virorum,
1349 717 1453 773 nisi
1484 717 1696 772 scilicet
1723 716 1903 771 divina
1942 731 2068 787 gra-

494 810 565 863 tia
596 808 717 865 illos
747 810 799 865 in
830 811 1031 882 pietate
1072 811 1418 875 servavisset,
1446 810 1524 865 sic
1553 818 1681 880 puto
1726 808 1893 863 etiam
1928 822 2071 862 nunc

493 900 633 957 ﬁeri.

564 992 728 1049 Vens.
761 992 813 1049 6.
861 1013 880 1047 ι
914 995 971 1052 Si
1002 1003 1182 1051 autem
1209 995 1403 1066 gratia,
1425 993 1539 1063 jatn
1564 1010 1669 1049 non
1698 1007 1763 1049 ex
1784 992 2066 1064 operibus;

492 1085 733 1164 alioquin
766 1089 940 1157 gratia
976 1088 1089 1157 jam
1119 1104 1223 1143 non
1256 1097 1340 1144 est
1367 1088 1563 1160 gratia.
1596 1107 1615 1140 ι

560 1177 681 1235 Non
712 1179 903 1235 leviter
940 1178 1155 1237 etl‘ntire
1187 1180 1395 1246 volens,
1438 1182 1552 1239 hazc
1591 1182 1664 1236 ita
1707 1180 1889 1253 posuit
1928 1180 2071 1250 Apo-

492 1270 688 1336 stolus,
722 1271 821 1329 sed
852 1273 1189 1329 contendens
1217 1274 1529 1338 ostendere,
1572 1274 1795 1330 omnino
1829 1272 1971 1327 inter
2012 1284 2072 1326 se

495 1363 765 1420 dissidere
797 1363 970 1434 legem
989 1372 1043 1420 et
1069 1364 1300 1434 gratiam
1332 1373 1386 1421 et
1414 1379 1520 1420 non
1549 1378 1707 1437 posse
1738 1362 1898 1420 simul
1928 1362 2073 1418 exsi-

496 1453 776 1519 stere,sed
807 1454 1037 1510 alterum
1070 1455 1138 1510 ab
1167 1454 1342 1510 altero
1371 1454 1683 1511 necessario
1720 1452 2068 1525 ejiciendum.

497 1547 685 1617 itaque
706 1548 753 1602 si
775 1548 950 1618 gratia
977 1548 1251 1619 eligimnr,
1281 1546 1494 1603 facilior
1510 1547 1755 1604 accessio
1782 1557 1838 1601 et
1860 1544 1995 1601 tides
2019 1544 2070 1598 in

493 1639 793 1696 Christum.
826 1637 942 1694 Non
971 1641 1115 1695 enim
1140 1652 1198 1695 ut
1224 1641 1290 1694 ad
1319 1639 1595 1695 Christum
1624 1638 1909 1693 veniamus
1933 1644 1988 1691 et
2017 1636 2071 1689 in

495 1743 621 1782 eum
670 1729 977 1794 credamus,
1040 1728 1347 1784 necessaria
1397 1738 1525 1783 sunt
1559 1743 1743 1798 opera,
1792 1727 1885 1781 sed
1927 1723 2072 1781 sutil-

2171 534 2292 587 τότε
2328 534 2468 588 κατὰ
2498 533 2592 589 τὸν
2615 533 2894 605 Γραφικὸν
2932 534 3113 601 λόγον,
3143 534 3256 588 οὐδ’
3284 534 3351 589 ἂν
3378 532 3461 600 εἷς
3488 537 3756 604 σέσωστο,

2175 627 2253 698 μὴ
2286 625 2462 697 έαυτῷ
2487 625 2611 690 τοὺς
2650 624 3095 697 ἔπτακισχιλξους
3128 625 3564 697 ὑπολειπομένου
3594 630 3757 697 Θεοῦ,

2173 718 2439 783 τουτέστι,
2477 719 2554 791 μὴ
2584 717 2735 784 θείας
2774 720 2998 792 χάριτος
3038 719 3237 784 αὐτοὺς
3267 723 3360 775 ἐπὶ
3388 721 3491 792 τῆς
3531 722 3765 797 γνώμης

2173 809 2274 879 τῆς
2303 809 2565 874 εὐσεϐοῦς
2590 812 2986 884 φυλαττούσης,
3016 813 3189 878 οὕτως
3220 808 3378 884 οἶμαι
3408 815 3505 868 καὶ
3527 815 3653 869 νῦν.
3786 833 3790 836 ‘

2250 1014 2268 1046 ι
2296 993 2358 1048 Εἰ
2382 994 2438 1050 δὲ
2469 994 2671 1068 χάριτι.
2704 996 2890 1051 οὐκέτι
2914 997 2975 1061 ἐξ
2995 996 3200 1068 ἔργων’
3219 998 3342 1051 ὲπεί
3371 999 3405 1067 ἡ
3432 998 3599 1069 χάρις
3626 999 3769 1052 οὗκο

2175 1085 2258 1138 έτι
2294 1086 2413 1139 ἐστὶ
2445 1087 2626 1156 χάρις.
2671 1107 2690 1139 ι
3267 1130 3274 1138 .

2246 1178 2323 1231 Οὐ
2368 1178 2648 1247 τηνάλλως
2702 1178 2763 1233 δὲ
2814 1179 3172 1251 ἀδολεσχῆσαι
3218 1179 3567 1252 βουλόμενος,
3615 1180 3771 1236 οὕτω

2179 1269 2348 1326 ταῦτα
2385 1270 2583 1341 ἔθηκεν
2608 1272 2637 1325 ὁ
2678 1272 3023 1337 Ἀπόστολος,
3049 1273 3188 1328 ἀλλὰ
3218 1274 3391 1341 δεῖξαι
3415 1274 3768 1338 σπουδάζων,

2175 1360 2491 1433 ἀσύμϐατον
2513 1362 2647 1418 ὄντα
2677 1364 2962 1427 παντελῶς
2990 1364 3084 1423 τὸν
3109 1366 3280 1436 νόμον
3299 1368 3366 1437 τῇ
3401 1367 3591 1437 χάριτι
3615 1383 3632 1397 ⁸
3671 1368 3772 1419 καὶ

2174 1446 2235 1507 οὐ
2275 1453 2554 1524 δυνάμενα
2601 1456 2745 1509 κατὰ
2799 1456 2991 1510 mm
3030 1457 3321 1529 ἀμφότερα
3369 1458 3569 1523 ταῦτα,
3626 1459 3771 1513 ἀλλὰ

2175 1545 2490 1615 ἀναγκαίως
2515 1545 2636 1618 ἔχον
2653 1545 2867 1619 θατέρῳ
2888 1547 3115 1620 θάτερον
3149 1548 3569 1617 ὑπεξίστασθαι.
3597 1550 3769 1605 Ὥστε

2174 1640 2225 1693 εί
2255 1638 2437 1710 χάριτι
2467 1635 2830 1710 ἐκλεγόμεθα,
2865 1639 3049 1711 ῥᾴδιον
3074 1639 3135 1693 τὸ
3163 1641 3491 1712 προσελθεῖν
3527 1642 3628 1696 καὶ
3680 1659 3774 1695 πι-

2177 1731 2400 1785 στεῦσαι
2458 1730 2701 1802 Χριστῷ.
2753 1730 2890 1785 οὐδὲ
2934 1730 3043 1803 γὰρ
3072 1731 3252 1805 ἔργων
3298 1732 3538 1805 δεόμεθα
3593 1735 3774 1799 είςτδ

498 1820 647 1874 ciunt
680 1820 793 1875 sola
841 1820 980 1874 ratio
1005 1827 1060 1875 et
1094 1819 1368 1875 voluntas.
1404 1817 1711 1874 Secundum
1750 1818 2070 1874 electionem

2194 1821 2554 1893 προσδραμεῖν
2573 1820 2720 1891 αὐτῷ
2750 1821 2844 1874 καὶ
2868 1821 3159 1876 πιστεῦσαι
3185 1822 3430 1894 Χριστῷ,
3456 1822 3595 1878 ἀλλὰ
3626 1824 3770 1895 μόνη

497 1910 685 1979 gratia
717 1926 823 1966 non
851 1922 1074 1983 propter
1101 1927 1268 1983 opera
1293 1926 1391 1967 nos
1423 1911 1638 1982 recipit.
1675 1910 1731 1965 Si
1769 1909 1942 1983 gratia
1975 1925 2072 1992 nps

2194 1914 2373 1985 γνώμη
2402 1915 2496 1968 καὶ
2544 1914 2870 1985 προαίρεσις
2922 1913 3106 1985 ἀρκεῖ.
3148 1915 3308 1970 Κατὰ
3339 1916 3502 1987 χάριν
3537 1916 3672 1986 γὰρ,
3700 1918 3771 1969 οὺ

499 2013 655 2059 vocat
692 2013 750 2060 et
780 2004 995 2074 recipit,
1035 2019 1141 2059 non
1189 2004 1346 2060 nobis
1393 2003 1459 2058 ad
1508 2006 1611 2059 hcc
1644 2005 1901 2074 operibus
1939 2017 2075 2073 opus

496 2106 615 2163 est;
643 2111 769 2151 nam
790 2097 837 2152 si
863 2098 1020 2152 nobis
1049 2097 1308 2168 operibus
1339 2111 1474 2167 opus
1500 2106 1606 2162 est,
1631 2097 1806 2168 gratia
1828 2095 1941 2164 jam
1967 2112 2073 2150 non

499 2199 683 2245 manet
734 2191 935 2261 gratia.
976 2190 1034 2245 Si
1079 2204 1208 2245 vero
1259 2189 1549 2260 Opinetnur
1604 2188 1910 2244 necessaria
1955 2201 2079 2243 esse

498 2298 662 2353 opera
706 2291 766 2337 ut
808 2283 878 2338 ad
922 2282 1199 2339 Christum
1255 2283 1539 2339 veniamus
1585 2288 1640 2337 et
1688 2281 1976 2338 credamus
2022 2280 2076 2335 in

500 2393 647 2444 eum,
678 2392 785 2433 non
827 2378 945 2432 hac
975 2384 1181 2432 tantum
1222 2375 1459 2431 absurda
1504 2374 1858 2438 admittenda,
1891 2374 1987 2428 sed
2025 2379 2080 2427 et

502 2471 647 2527 aliud
678 2470 763 2526 bis
804 2470 1001 2528 simile.
1046 2467 1103 2525 Si
1136 2469 1340 2524 etenim
1378 2467 1652 2523 credimus
1687 2466 1831 2537 quod
1863 2472 2080 2534 oportet

504 2576 604 2618 nos
633 2577 700 2617 es
726 2562 984 2632 operibus
1012 2560 1222 2626 venire,
1273 2557 1620 2614 manifestum
1655 2568 1739 2613 est
1766 2557 1909 2628 quod
1941 2556 2080 2611 tolli-

505 2666 594 2710 tur
623 2654 834 2724 gratia;
858 2654 903 2710 si
938 2654 1112 2725 gratia
1139 2668 1245 2709 non
1274 2651 1504 2719 tollitur,
1531 2664 1669 2721 opus
1685 2649 1797 2719 jam
1825 2662 1932 2704 non
1963 2664 2078 2702 ma-

398 2784 403 2789 ι
503 2755 596 2802 net
637 2761 796 2817 opus,
844 2746 1015 2817 gratia
1057 2758 1162 2801 non
1189 2745 1540 2816 permittente
1587 2754 1723 2812 opus
1759 2739 2076 2803 subsistere,

502 2841 599 2896 sed
626 2839 947 2897 ostendente
978 2840 1269 2910 gratuitam
1298 2837 1642 2893 electionem.
1674 2832 1804 2889 Nam
1826 2832 1998 2903 gratia
2027 2838 2081 2887 et

502 2946 643 3000 opus
675 2931 892 3001 penitus
933 2932 1002 2987 ab
1047 2930 1280 2986 invicem
1323 2936 1450 2984 sunt
1478 2927 1761 2984 distincta.
1806 2922 1955 2994 Opus
1995 2937 2083 2979 se-

504 3022 691 3089 quitur
737 3035 972 3084 merces,
1028 3035 1135 3074 non
1180 3019 1392 3088 gratia;
1438 3017 1612 3087 gratia
1668 3024 1848 3071 autem
1902 3014 2081 3079 datur,

508 3127 616 3167 non
649 3120 707 3167 ut
748 3112 1020 3166 mercedis
1066 3111 1285 3176 solutio,
1318 3111 1412 3165 sed
1450 3119 1510 3164 ut
1539 3110 1741 3164 donum
1777 3121 1843 3163 ac
1869 3106 2085 3161 muniti-

2175 2007 2242 2061 δι’
2287 2006 2425 2078 ἔργα
2479 2005 2860 2077 προσδέχεται.
2900 2006 3063 2059 Ὥστε
3113 2009 3162 2059 εἰ
3215 2008 3402 2079 χάριτι
3457 2009 3614 2061 καλεῖ
3670 2008 3771 2063 καὶ

2177 2098 2550 2171 προσδέχεται,
2587 2098 2689 2151 οὐκ
2740 2097 2941 2169 ἔχομεν
2973 2101 3056 2163 είς
3109 2098 3269 2153 τοῦτο
3325 2099 3521 2170 χρείαν
3562 2100 3766 2174 ἔργων.

2192 2189 2344 2245 Ἐπεὶ
2374 2192 2424 2244 ei
2472 2191 2663 2262 χρείαν
2713 2190 2980 2261 σχοίημεν
3031 2190 3232 2262 ἔργων,
3259 2190 3450 2244 οὐκέτι
3498 2192 3533 2261 ἡ
3580 2193 3766 2263 χάρις,

2179 2284 2338 2355 χάρις
2381 2282 2556 2354 μένει.
2589 2282 2664 2336 Οὐ
2699 2282 2862 2353 μόνον
2883 2282 2944 2336 δὲ
2977 2282 3137 2336 τοῦτο
3166 2281 3530 2354 ἀκολουθήσει
3555 2284 3619 2336 τὸ
3643 2284 3771 2339 ἄτο-

2179 2390 2303 2437 πον,
2336 2373 2429 2428 ἐὰν
2459 2372 2770 2443 νομίσωμεν
2799 2372 2884 2426 ὅτι
2916 2373 2999 2426 δεῖ
3019 2374 3152 2444 ἡμῖν
3176 2372 3359 2445 ἔργων
3386 2373 3470 2437 είς
3506 2372 3569 2426 τὸ
3599 2390 3770 2443 προσ-

2179 2464 2377 2532 ελθεῖν,
2434 2466 2531 2520 καὶ
2588 2463 2885 2518 πιστεῦσαι
2923 2463 3173 2537 Χριστῷ,
3233 2464 3373 2519 ἀλλὰ
3435 2465 3535 2519 καὶ
3579 2464 3772 2536 ἓτερον

2178 2557 2387 2627 ὅμοιον.
2422 2556 2487 2613 Ei
2526 2556 2639 2630 γὰρ
2662 2555 2725 2623 ἐξ
2751 2557 2927 2628 ἔργων
2958 2557 3244 2627 προσιέναι
3286 2557 3401 2612 δεῖν
3435 2559 3588 2630 ἡμᾶς
3617 2560 3773 2630 νομί-

2182 2661 2371 2718 σομεν,
2399 2645 2561 2717 δῆλον
2587 2646 2663 2710 ὡς
2710 2646 2989 2719 ἀνῄρηται
3021 2648 3055 2716 ἡ
3088 2648 3247 2718 χάρις
3271 2663 3285 2678 ’
3318 2648 3446 2702 ἔπει
3485 2652 3535 2702 εἰ
3569 2649 3646 2721 μὴ
3674 2650 3771 2703 ἀν·

2180 2737 2402 2809 ᾕρηται,
2428 2735 2610 2790 οὐκέτι
2633 2736 2755 2790 οὐδὲ
2787 2738 2849 2791 τὸ
2873 2736 3037 2808 ἔργον
3074 2738 3229 2808 μένει
3254 2738 3444 2810 ἔργον·
3479 2740 3583 2811 τῆς
3608 2740 3771 2811 χάρι-

2180 2844 2273 2893 τος
2306 2825 2608 2899 οὒκὲὡσης
2637 2827 2776 2892 ὅλως
2808 2828 2970 2901 ἔργον
3019 2828 3355 2902 ὑποστῆναι·
3391 2830 3530 2885 ἀλλὰ
3567 2833 3772 2900 προῖκα

2181 2921 2283 2993 τὴν
2311 2921 2545 2995 ἐκλογὴν
2594 2921 3076 2994 ἐπιδεικνυμένης.
3112 2922 3467 2994 Κεχώρισται
3521 2924 3625 2995 μὲν
3663 2925 3772 2993 γὰρ

2182 3011 2280 3067 ἀπ’
2308 3012 2556 3084 ἀλλήλων
2587 3015 2658 3083 τῇ
2686 3012 2849 3082 φύσει
2875 3012 3039 3085 χάρις
3064 3013 3161 3066 καὶ
3187 3012 3349 3084 ἔργον
3367 3030 3382 3044 ·
3424 3015 3524 3068 καὶ
3554 3013 3635 3085 τῷ
3672 3016 3773 3084 μὲν

2184 3108 2334 3181 ἔργῳ
2359 3109 2551 3164 ἕπεται
2584 3109 2777 3181 μισθὸς
2809 3109 2903 3164 καὶ
2931 3110 2991 3163 οὐ
3040 3109 3204 3181 χάρις
3225 3126 3238 3142 ο
3279 3111 3313 3179 ἡ
3352 3108 3409 3162 δὲ
3444 3110 3603 3179 χάρις
3628 3106 3775 3162 δίδο-

507 3206 708 3261 centia.
756 3202 1106 3261 Manifestum
1147 3203 1315 3274 igitur
1347 3201 1580 3273 gratiam
1632 3200 1880 3256 beneﬁcii
1927 3208 2083 3254 natu-

2194 3221 2297 3270 ται,
2320 3203 2420 3273 οὐχ
2448 3202 2525 3265 ὡς
2558 3200 2901 3271 ἀντιμισθία,
2934 3199 3073 3255 ἀλλὰ
3105 3199 3280 3271 δῶρον
3324 3200 3421 3254 καὶ
3463 3199 3772 3270 φιλοτιμία.

510 3313 627 3354 ram
670 3297 892 3351 habere.
927 3294 985 3350 Si
1032 3294 1154 3365 quis
1191 3302 1344 3364 putat
1382 3292 1639 3362 operibus
1665 3291 1895 3363 gratiam
1943 3290 2086 3345 obti-

511 3404 664 3456 nere,
694 3389 925 3459 gratiam
953 3396 1217 3458 quantum
1262 3386 1317 3440 in
1350 3385 1465 3456 ipso
1494 3392 1582 3440 est
1631 3385 1790 3451 tollit,
1826 3393 1882 3438 et
1911 3381 2085 3454 gratia

506 3485 619 3552 jam
648 3495 761 3537 non
790 3489 874 3536 est
900 3480 1093 3551 gratia,
1125 3494 1225 3534 nec
1251 3486 1414 3549 opera
1444 3487 1667 3532 manent
1694 3491 1858 3545 Opera
1883 3485 1937 3530 et
1960 3489 2084 3544 pro-

512 3575 686 3644 priam
738 3580 958 3627 servant
1000 3580 1285 3636 naturam;
1351 3583 1561 3625 merces
1606 3581 1772 3639 opera
1819 3567 2085 3636 sequitur,

516 3678 621 3720 non
652 3662 849 3733 gratia.
891 3661 1078 3717 Gratia
1113 3660 1436 3716 beneﬁcium
1485 3660 1716 3725 inducit,
1752 3668 1806 3713 et
1839 3658 2089 3728 quamvis

515 3757 713 3828 aliquis
742 3770 861 3811 eam
903 3754 1160 3831 operibus
1190 3752 1443 3808 obtinere
1485 3762 1714 3807 conatus
1743 3750 1924 3811 fuerit,
1962 3748 2090 3804 irri-

519 3860 605 3906 tus
645 3849 753 3905 erit
787 3848 957 3919 ipsius
996 3857 1258 3910 conatus,
1307 3858 1474 3914 opera
1502 3842 1614 3913 jam
1674 3858 1780 3898 non
1836 3849 2092 3912 poterunt

516 3958 638 4000 esse
685 3956 872 4008 opera,
921 3955 1025 3996 non
1074 3939 1218 3995 enim
1269 3938 1544 3993 habebunt
1591 3935 1923 4001 mercedem,
1967 3950 2088 3988 cum

519 4036 691 4106 gratia
734 4032 1023 4103 praecedit;
1077 4042 1131 4087 et
1179 4031 1235 4085 in
1290 4044 1485 4083 vanum
1525 4028 1737 4083 laborat
1779 4041 1875 4095 per
1927 4040 2090 4096 opera

517 4128 767 4197 accipere
801 4126 944 4194 quod
989 4125 1225 4194 gratuito
1254 4121 1364 4191 jam
1399 4121 1628 4192 praebuit
1659 4120 1852 4189 gratia.
1894 4118 1955 4174 Si
1997 4136 2092 4173 au-

519 4232 620 4275 tem
650 4219 846 4289 gratia,
902 4218 1100 4287 inquit,
1140 4215 1256 4284 jam
1298 4229 1401 4268 non
1453 4227 1517 4268 ea:
1558 4213 1817 4282 operibus.
1865 4211 2002 4279 Quia
2046 4213 2091 4264 si

519 4309 840 4367 conceditur
880 4309 1026 4379 quod
1074 4320 1142 4361 ex
1183 4305 1442 4375 operibus
1483 4304 1630 4357 venit
1671 4304 1899 4371 grati-am
1951 4316 2091 4369 esse,

523 4402 727 4458 tollitur
756 4402 963 4472 gratia;
1006 4398 1203 4453 iterum
1239 4397 1283 4451 si
1330 4411 1396 4450 ex
1425 4396 1702 4465 operibus,
1727 4396 1837 4466 iam
1866 4410 1971 4449 non
2013 4401 2097 4449 est

521 4495 714 4566 gratia.
758 4494 816 4550 Si
856 4492 1091 4563 gratiam
1120 4504 1241 4545 esse
1288 4488 1621 4555 admittitur,
1668 4502 1805 4558 opus
1831 4488 1943 4558 jam
1984 4500 2090 4541 non

521 4595 607 4641 est
630 4601 786 4655 opus.

594 4775 760 4830 Vrsas.
812 4773 867 4827 8.
923 4772 1132 4827 «Dedit
1176 4771 1280 4827 illis
1338 4770 1482 4825 Deus
1532 4768 1782 4840 spiritum
1833 4783 2098 4838 obrepun-

525 4867 741 4923 etionis.
775 4886 794 4919 ι

597 4958 716 5021 γει,
747 4958 987 5024 spiritum
1010 4954 1447 5020 compunctionis,
1470 4952 1974 5023 pro,tardi~ssi1nam
2009 4964 2100 5004 vo-

527 5052 788 5103 luntatem
816 5048 901 5101 cui
932 5056 1070 5112 opus
1095 5055 1177 5099 est
1206 5044 1565 5098 conversione
1592 5054 1646 5097 et
1677 5043 1996 5097 directione.

594 5141 760 5197 Vens.
797 5140 886 5199 Η,
934 5157 959 5190 ο
984 5138 1116 5193 Dico
1148 5153 1298 5207 ergo,
1333 5135 1603 5205 Numquid
1647 5135 1725 5190 sic
1756 5134 2099 5189 oﬂ‘cmierunt

527 5246 587 5291 ut
617 5234 913 5289 caderent?
942 5231 1134 5288 Absit!
1181 5229 1293 5284 Sed
1317 5229 1528 5284 illorum
1574 5228 1797 5293 delicto,
1845 5229 1990 5282 salus
2019 5237 2102 5281 est

525 5332 779 5404 gentibus
811 5340 870 5384 ut
904 5328 1013 5384 illis
1044 5324 1387 5383 aemulentur.
1426 5342 1443 5375 ι

602 5426 898 5496 Postquam
958 5422 1130 5492 igitur
1181 5416 1511 5473 suﬁiclenter
1554 5414 1855 5470 conlntavit
1890 5413 2104 5470 Judzeos

528 5521 620 5589 qui
647 5521 700 5575 in
727 5532 924 5572 vanum
952 5524 1174 5586 propter
1200 5511 1372 5577 legem
1399 5519 1559 5564 erant
1588 5507 1851 5577 inﬂati,ct
1870 5509 2105 5564 ostendit

528 5611 744 5668 illorum
778 5607 1146 5664 exclusionem
1181 5612 1346 5658 totam
1385 5603 1540 5672 ipsis,
1572 5617 1677 5657 non
1715 5613 1895 5657 autem
1927 5601 2103 5655 Evan-

529 5703 657 5775 gelii
703 5698 1075 5773 prmdicationi
1119 5709 1242 5751 esse
1294 5695 1705 5765 impmandam,
1760 5706 1826 5748 ne
1881 5693 1982 5764 ipsi
2038 5692 2105 5748 de

528 5792 861 5861 semetipsis,
886 5789 973 5846 vel
1003 5788 1293 5845 credentes
1315 5787 1382 5842 de
1416 5784 1548 5853 iiiis,
1584 5795 1643 5841 ut
1672 5785 1894 5843 omnino
1925 5785 2104 5854 pcrdi-

2185 3297 2356 3368 Δῆλον
2380 3292 2496 3363 οὖν,
2540 3298 2622 3351 ὅτι
2653 3296 2752 3368 τὴν
2779 3294 3113 3366 εὐεργεσίαν
3138 3294 3240 3365 τῆς
3275 3294 3499 3365 χάριτος
3530 3306 3779 3363 παρεχο-

2191 3389 2390 3460 μένης,
2422 3389 2476 3442 εί
2510 3405 2596 3452 τις
2633 3388 2808 3441 οἴεται
2859 3386 2949 3441 διὰ
2993 3386 3105 3441 τῶν
3147 3385 3320 3455 ἔργων
3370 3383 3582 3453 ταύτης
3631 3385 3778 3438 ἀπο-

2186 3481 2393 3547 λαύειν,
2430 3482 2647 3552 ἀναιρεῖ
2674 3480 2775 3551 τὴν
2800 3480 2963 3550 χάριν
2998 3480 3065 3534 τὸ
3086 3479 3207 3532 ὅσον
3230 3477 3313 3548 ἐφ’
3337 3474 3545 3546 ἑαυτῷ,
3588 3476 3693 3530 καὶ
3710 3475 3777 3530 ού

2191 3572 2345 3644 μένει
2372 3574 2405 3641 ἠ
2435 3572 2596 3645 χάρις
2629 3572 2707 3625 ἔτι
2745 3573 2927 3644 χάρις,
2970 3570 3136 3625 πάλιν
3167 3569 3291 3623 οὐδὲ
3322 3567 3391 3623 τὰ
3436 3566 3582 3640 ἔργα
3622 3568 3777 3639 μένει

2189 3664 2360 3738 ἔργα·
2391 3666 2490 3736 τὴν
2519 3665 2629 3736 γὰρ
2684 3663 2891 3718 οίκείαν
2920 3663 2981 3717 οὐ
3016 3661 3181 3727 σώζει
3228 3660 3417 3730 φύσιν.
3463 3660 3624 3714 Ἐπεὶ
3663 3661 3777 3722 τοῖς

2190 3756 2373 3826 ἔργοις
2406 3753 2617 3825 μισθὸς,
2644 3753 2759 3807 ἀλλ’
2788 3754 2847 3807 ού
2880 3753 3043 3825 χάρις
3066 3751 3355 3810 ἀκολουθεῖ
3378 3767 3393 3781 ο
3426 3750 3529 3820 τῆς
3554 3750 3778 3821 χάριτος

2190 3843 2284 3901 οὖν
2314 3845 2659 3918 χορηγούσης
2688 3844 2789 3917 τὴν
2818 3845 3162 3917 εὐεργεσίαν,
3212 3845 3315 3901 κᾶν
3362 3860 3451 3908 τις
3496 3844 3566 3897 δι’
3599 3844 3777 3915 ἔργων

2190 3938 2397 4009 ταύτης
2425 3941 2610 4009 τυχεῖν
2640 3937 2985 4009 πειρασθείη,
3010 3939 3092 4002 είς
3121 3937 3307 4008 μάτην
3331 3936 3487 3990 ἔσται
3516 3937 3555 4007 ἠ
3585 3938 3772 4008 πεῖρα.

2196 4031 2334 4102 μήτε
2369 4028 2478 4083 τῶν
2504 4028 2704 4099 ἔργων,
2736 4027 2917 4101 ἔργων
2949 4029 3030 4082 ἔτι
3082 4029 3404 4099 δυναμένων
3450 4031 3656 4100 μεῖναι.
3700 4029 3777 4082 Οὐ

2192 4126 2301 4195 γὰρ
2324 4123 2475 4176 ἔσται
2505 4121 2717 4184 τούτοις
2741 4120 2955 4193 μισθὸς,
2984 4120 3089 4191 τῆς
3115 4121 3340 4191 χάριτος
3372 4119 3774 4191 προλαὸούσης.

2195 4216 2306 4269 Καὶ
2342 4211 2841 4285 ματαιοπονοῦντος
2892 4209 3080 4264 λαϐεῖν
3135 4211 3203 4265 δι’
3236 4210 3442 4281 ἔργων,
3491 4210 3522 4263 ὃ
3574 4212 3777 4281 προῖκα

2195 4304 2471 4377 παρέσχεν
2504 4304 2538 4372 ἡ
2575 4302 2756 4373 χάρις.
2808 4302 2877 4355 Et
2908 4300 3059 4370 γοῦν
3105 4299 3322 4369 χάριτι,
3360 4298 3520 4369 φησὶ,
3575 4296 3775 4352 οὐκέτι

2194 4393 2262 4459 ἐξ
2292 4395 2503 4464 ἔργων.
2548 4393 2703 4447 Ἐπεὶ
2735 4394 2784 4446 εί
2813 4393 3143 4465 συγχωρηθῇ
3177 4392 3238 4446 τὸ
3260 4392 3319 4457 ἐξ
3347 4392 3550 4465 ἔργων,
3576 4390 3780 4462 ἀνῄρη-

2196 4503 2287 4541 ται
2325 4488 2358 4559 ἡ
2392 4488 2575 4560 χάρις,
2599 4486 2761 4557 χάρις
2785 4479 2927 4539 εἶναι
2949 4501 2963 4517 ·
3002 4484 3167 4538 πάλιν
3187 4486 3238 4537 εί
3269 4484 3330 4549 ἐξ
3359 4484 3561 4555 ἔργων,
3595 4482 3779 4536 οὐκέτι

2201 4579 2319 4634 ἐστὶ
2366 4578 2563 4650 χάρις·
2609 4578 2731 4631 ἐπεὶ
2785 4578 2834 4630 εί
2881 4575 3210 4648 συγχωρηθῇ
3269 4577 3303 4645 ἡ
3354 4574 3540 4645 χάρις,
3596 4573 3779 4627 οὐκέτι

2204 4672 2356 4741 μένει
2383 4672 2444 4724 τὸ
2468 4670 2651 4741 ἔργον,
2679 4667 2857 4740 ἔργον.

2278 4785 2295 4815 ι
2329 4762 2570 4817 Ἔδωκεν
2622 4762 2808 4824 αὐτοῖς
2839 4763 2869 4814 ὁ
2900 4760 3032 4824 Θεὸς
3081 4757 3298 4829 πνεῦμα
3351 4756 3727 4823 κατανύξεως.
3757 4773 3777 4807 ι

2270 4957 2364 5018 Ἢ,
2399 4953 2635 5023 πνεῦμα
2686 4949 3093 5014 κατανύξεως,
3125 4945 3249 5001 ἀντὶ
3294 4947 3426 5011 τοῦ,
3463 4946 3783 5019 προαίρεσιν

2204 5046 2538 5118 βαρυτάτην,
2569 5041 2830 5113 δεομένην
2862 5024 3154 5111 μετανοίας
3182 5041 3281 5093 καὶ
3307 5037 3680 5108 διορθώσεως.

2278 5157 2295 5189 ι
2338 5137 2496 5204 Λέγω
2541 5130 2656 5200 οὖν,
2693 5134 2793 5205 Μὴ
2831 5133 3116 5195 ἔπταισαν,
3150 5131 3234 5185 ἴνα
3288 5129 3543 5194 πέσωσις
3577 5126 3671 5198 Μὴ
3701 5126 3788 5194 γέ-

2201 5247 2372 5285 νοιτο·
2406 5227 2545 5281 ἀλλὰ
2572 5226 2652 5293 τῷ
2684 5223 2863 5279 αὐτῶν
2897 5223 3306 5296 παραπτώματι
3338 5221 3372 5292 ὴ
3402 5220 3656 5288 σωτηρία
3680 5219 3787 5277 τοῖς

2201 5322 2432 5388 ἔθνεσιν,
2461 5322 2540 5383 είς
2564 5319 2626 5373 τὸ
2655 5316 3052 5391 παραζηλῶσαι
3078 5313 3296 5376 αὐτούς.
3334 5331 3353 5364 ι

2274 5412 2812 5482 Καταγωνισάμενος
2840 5404 2934 5463 οὖν
2965 5405 3166 5469 ἱκανῶς
3212 5404 3312 5475 τὴν
3347 5401 3461 5456 τῶν
3516 5400 3787 5455 Ἰουδαίων

2206 5507 2425 5580 μερίδα,
2442 5503 2844 5574 τετυψωμένων
2872 5499 2996 5569 είκῆ
3024 5498 3114 5551 διὰ
3137 5496 3229 5550 τδν
3256 5495 3445 5564 νόμον,
3481 5493 3581 5547 καὶ
3612 5490 3789 5546 αὐτῶν

2206 5599 2431 5670 σφάλμα
2460 5595 2636 5650 διόλου
2671 5593 2771 5662 τὴν
2795 5590 2975 5646 αὐτῶν
3001 5588 3181 5654 δείξας
3222 5583 3523 5655 ἀποϐολὴν,
3579 5583 3678 5638 καὶ
3726 5583 3787 5635 ού

2204 5690 2296 5746 τοῦ
2333 5687 2712 5760 κηρύγματος,
2750 5684 2840 5736 ἵνα
2873 5681 2947 5751 μὴ
2976 5680 3007 5750 ἦ
3032 5679 3188 5732 αὗτοὶ
3212 5676 3341 5746 περὶ
3364 5674 3605 5740 ἑαυτῶν,
3629 5672 3664 5744 ἢ
3694 5674 3788 5727 καὶ

2205 5785 2253 5837 οἱ
2288 5775 2717 5840 πεπιστευκότες
2765 5774 2890 5845 περὶ
2935 5768 3132 5838 αὐτῶν,
3165 5769 3242 5833 ὡς
3273 5767 3409 5839 περὶ·
3436 5767 3791 5823 παντάπασιν
