4014 6122
546 291 651 356 719

1607 293 1984 356 GENNADII
2021 290 2532 356 PATRIARCHB
2569 296 2679 358 (ΖΡ.

3653 290 3811 356 me

505 409 627 480 tigit
666 408 725 465 in
756 408 953 479 Israel,
1009 413 1173 468 donec
1211 410 1487 481 plenitudo
1542 413 1779 482 gentium
1829 411 2079 464 intraret.

2206 407 2319 477 ιῖον,
2348 409 2429 477 τὸ,
2471 412 2755 482 Πὼρωσις
2795 411 2916 467 ἀπὸ
2956 409 3181 481 μέρους
3208 409 3291 477 τῷ
3333 406 3592 479 Ἰσραὴλ
3617 408 3803 478 τέτο-

507 499 626 557 Non
651 501 795 557 enim
823 512 882 558 ut
909 503 1252 559 salvarentur
1281 503 1531 574 gentiles,
1569 503 1789 572 quidam
1828 503 1885 555 in
1918 500 2083 558 Israel

506 593 767 651 excaecati
809 604 974 664 sunt;
1018 596 1113 652 sed
1168 596 1468 651 caecitatem
1527 594 1742 650 illorum
1793 595 2083 650 subsecuta

508 694 592 741 est
622 685 768 741 salus
799 687 1062 757 gentium.
1094 686 1205 744 Et:
1236 687 1339 744 Isti
1385 698 1561 744 autem
1608 705 1713 743 non
1742 687 2082 743 crediderunt

507 778 564 831 in
589 786 813 831 vestram
843 778 1280 846 misericordiam,
1330 788 1387 835 ut
1424 792 1474 835 et
1508 780 1614 849 ipsi
1657 778 2084 834 misericordiam

507 879 915 939 consequantur.
954 869 1021 928 Et
1042 872 1225 928 omnia
1261 872 1565 944 hujusmodi
1600 887 1721 942 qua
1762 875 1814 926 in
1864 875 2085 927 modum

506 961 941 1019 criminatorium
961 966 1271 1032 traduntur,
1290 967 1392 1023 etsi
1407 980 1628 1022 sensum
1646 964 2085 1020 eriminatorlum

506 1066 613 1108 non
639 1052 894 1110 habeant.

1141 1167 1296 1223 CAP.
1336 1166 1450 1222 XII.

578 1277 749 1335 Vens.
789 1282 840 1335 1.
878 1300 897 1332 α
937 1280 1179 1337 Obsecro
1201 1282 1386 1353 itaque
1406 1298 1522 1350 vos,
1543 1281 1763 1347 fratres,
1796 1296 1896 1354 per
1927 1283 2087 1339 mise-

506 1368 800 1425 ricordiam
829 1372 944 1437 Dei,
971 1382 1031 1426 ut
1057 1373 1363 1429 exhibeatis
1381 1388 1611 1443 corpora
1635 1384 1817 1430 vestra
1850 1374 2084 1428 hostirm

507 1459 800 1527 viventem,
870 1472 1139 1530 sanctam,
1205 1464 1315 1520 Deo
1381 1467 1712 1534 placentem,
1766 1465 2086 1521 rationabile

506 1553 823 1623 obsequium
859 1567 1115 1612 vestrum.
1158 1577 1176 1609 ι

578 1644 695 1702 Huc
734 1661 904 1716 usque
939 1648 990 1701 in
1022 1650 1166 1703 datis
1187 1665 1350 1718 supra
1400 1651 1464 1705 de
1499 1652 1749 1723 dogmate
1778 1663 2083 1706 sermonem

2189 521 2319 570 rer,
2363 503 2537 575 ἄχρις
2571 499 2645 562 οὗ
2685 505 2752 558 τὸ
2803 503 3097 574 πλήρωμα
3134 502 3488 558 retineas-6r
3515 500 3789 570 εισέλθπν

2191 597 2269 650 Οὐ
2328 596 2441 667 γὰρ
2494 596 2581 651 ἵνα
2637 595 2887 651 σωθῶσιν
2943 596 2993 650 οι
3042 594 3284 658 ἐθνικοὶ,
3338 593 3426 648 διὰ
3480 590 3647 644 τοῦτο
3696 591 3800 646 τοῦ

2204 686 2422 758 Ἰσραήλ
2443 705 2590 752 τινες
2614 686 3020 758 ἐπωρώθησανο
3058 685 3199 741 ἀλλά
3243 684 3632 754 πωρωθέντων
3671 682 3803 735 τού-

2191 794 2326 845 των,
2352 780 2532 833 ἐκεῖνο
2560 777 2993 849 ἐπηκολούθησε.
3041 777 3153 833 Καὶ
3198 775 3281 841 τὺ,
3320 775 3701 840 Ἠπείθησαν
3725 771 3803 824 δὲ

2193 871 2273 937 τῷ
2301 871 2563 942 ὑμετέρῳ
2589 871 2763 936 ἐλέει,
2811 871 2913 925 ἶνα
2948 868 3051 924 καί
3095 869 3267 923 αὐτοὶ
3313 861 3638 932 meam.
3684 864 3803 917 Καὶ

2194 964 2375 1020 πάντα
2411 963 2511 1017 ὅσα
2560 961 2808 1025 τοιαῦτα,
2853 960 2997 1017 κατὰ
3035 960 3129 1014 τὸν
3165 958 3473 1012 αίτιατικδν
3508 953 3801 1009 ἐκδίδοται

2193 1055 2419 1126 τρόπον,
2450 1055 2551 1108 οὐκ
2578 1053 2771 1118 ἐγοντα
2799 1054 2891 1107 τὸν
2923 1051 3049 1106 νοῦν
3075 1050 3403 1106 αίτιατικόν.

2835 1167 2993 1221 ΚΕΦ.
3031 1166 3134 1221 ΙΒ’.

2271 1283 2611 1355 «Παρακαλῶ
2639 1278 2731 1337 οὖν
2761 1282 2928 1351 ὑμᾶς,
2952 1281 3196 1351 ἀδελφοὶ,
3224 1279 3315 1332 διὰ
3344 1278 3453 1331 τῶν
3474 1274 3798 1346 οἰκτιρμῶν

2192 1377 2285 1432 τοῦ
2340 1376 2497 1439 Θεοῦ,
2560 1374 2913 1446 παραστῆσαι
2966 1373 3034 1427 τὰ
3099 1373 3329 1442 σώματα
3376 1369 3535 1441 ὑμῶν
3591 1369 3799 1422 θυσίαν

2195 1469 2398 1535 ζῶσαν,
2435 1468 2621 1536 ἀγίαν,
2652 1468 2945 1538 εύάρεστον
2972 1464 3051 1536 τῷ
3080 1463 3221 1535 Θεῷ,
3257 1465 3357 1533 τὴν
3384 1461 3619 1533 λογικὴν
3658 1459 3796 1514 ταύ-

2194 1580 2294 1632 την
2320 1562 2578 1632 λατρείαν
2608 1559 2783 1630 ὑμῶν,
2820 1579 2837 1611 ι

2268 1656 2435 1725 Ἀχρι
2467 1652 2657 1706 τούτου
2687 1652 2779 1705 τὸν
2808 1651 2937 1721 περί
2961 1651 3230 1721 δόγματος
3262 1648 3351 1702 διὰ
3381 1647 3493 1701 τῶν
3537 1662 3799 1719 προαπο-

510 1737 813 1804 protraxit;
842 1739 1039 1792 exinde
1062 1742 1129 1793 ad
1153 1741 1412 1796 moralem
1435 1751 1644 1796 tantum
1691 1741 2088 1810 transgreditur

2206 1744 2493 1815 Ξεδομένων
2520 1742 2882 1814 συμπεράνας
2908 1742 2966 1795 λό
2981 1759 3087 1810 γον,
3114 1740 3367 1794 ἐντεῦθεν
3392 1738 3585 1792 λοιπὸν
3613 1737 3799 1791 καθαο

509 1829 830 1883 doctrinam.
878 1828 990 1885 Hoc
1022 1846 1150 1885 vero
1191 1832 1243 1886 in
1283 1833 1536 1887 omnibus
1562 1832 1679 1900 ejus
1713 1831 1991 1901 Epistolis,
2030 1840 2086 1885 et

2206 1837 2302 1900 >ῶς
2332 1834 2427 1889 ἐπὶ
2454 1834 2552 1903 τὴν
2584 1831 2783 1903 ἠθικὴν
2824 1832 3175 1885 διδασκαλίαν
3213 1830 3559 1901 μεθίσταται.
3611 1827 3798 1881 Τοῦτο

502 1918 626 1987 jure
652 1922 889 1990 quidem,
929 1922 1077 1987 facit.
1111 1923 1336 1992 Oportet
1359 1925 1524 1988 enim,
1571 1933 1630 1979 ut
1661 1924 1875 1993 opinor,
1932 1923 2081 1977 illum

2206 1930 2241 1981 ἱὲ
2276 1927 2365 1981 διά
2398 1923 2589 1980 πασῶν
2614 1921 2780 1976 αὑτοῦ
2813 1925 2957 1976 ποιεῖ
2974 1920 3083 1975 τῶν
3117 1919 3470 1985 Ἐπιστολῶν,
3502 1919 3604 1972 καὶ
3636 1917 3792 1987 μάλα

510 2013 601 2077 qui
635 2010 746 2066 vult
779 2015 982 2080 optime
1015 2015 1213 2078 vivere,
1248 2014 1413 2069 Deum
1442 2029 1769 2085 cognoscere
1786 2023 1837 2069 et
1864 2013 2086 2068 credere

510 2102 746 2170 primum
802 2105 927 2172 quia
971 2113 1139 2159 estet
1189 2106 1318 2174 quia
1349 2106 1523 2177 ipsum
1574 2104 1947 2174 quaerentibus
1991 2117 2087 2171 per

511 2192 708 2245 bonam
740 2193 906 2249 vitam
949 2205 1328 2251 remunerator
1380 2197 1616 2250 exsistit.
1649 2194 1850 2251 Paulus
1906 2202 2084 2248 autem

511 2296 578 2335 ex
611 2281 851 2352 praelatis
884 2285 950 2339 ad
984 2286 1385 2341 conclusionem
1414 2286 1774 2356 progreditur,
1829 2292 1883 2340 et
1921 2301 1988 2339 ex
2023 2285 2087 2339 iis

513 2374 710 2443 quibus
735 2376 1039 2446 dogmatica
1076 2379 1371 2444 conclusit,
1410 2378 1619 2434 ethices
1644 2377 1877 2448 sumpsit
1923 2392 2086 2446 exor-

512 2463 686 2519 dium.

587 2650 754 2708 Vens.
782 2653 836 2707 3.
869 2672 888 2706 ι
931 2655 1058 2710 Dico
1090 2656 1235 2710 enim
1285 2669 1383 2724 per
1411 2654 1641 2724 gratiam
1665 2668 1783 2723 quae
1832 2654 1960 2706 data
2006 2659 2093 2705 est

517 2743 670 2799 mihi.
713 2764 733 2798 ι

590 2833 708 2902 Vel,
733 2854 824 2905 per
839 2842 1066 2905 gratiam
1096 2838 1194 2893 Dei
1222 2854 1338 2909 quo:
1358 2837 1486 2890 data
1512 2846 1586 2891 est
1618 2836 1942 2903 mihi,dixit,
1970 2850 2091 2905 pro,

517 2943 642 2981 cum
693 2940 1018 2996 potestatem
1068 2932 1185 2986 hac
1211 2946 1310 2985 vos
1358 2929 1588 2987 docendi
1617 2944 1645 2982 a
1687 2928 1869 2984 divina
1920 2928 2094 2999 gratia

518 3021 845 3085 acceperim.

2188 2018 2433 2081 εἰκότως.
2469 2019 2564 2069 Δεῖ
2592 2015 2722 2086 γὰρ,
2766 2016 2841 2078 ὡς
2875 2010 3050 2084 οἶμαι,
3099 2012 3192 2066 τὸν
3226 2012 3302 2075 ὡς
3339 2011 3544 2082 ἄριστα
3593 2008 3796 2079 βιώσε-

2189 2110 2313 2163 σθαι
2363 2106 2643 2177 μέλλοντα,
2694 2105 2899 2176 γνῶναί
2949 2122 3007 2158 τε
3054 2104 3148 2156 καὶ
3180 2100 3473 2156 πιστεῦσαι
3510 2099 3591 2171 τῷ
3635 2097 3787 2169 Θεῷ,

2189 2201 2405 2272 πρῶτον
2438 2201 2520 2254 ὅτι
2549 2199 2724 2265 ἔστιν,
2755 2194 2856 2251 εἷθ’
2886 2199 2968 2251 ὅτι
2997 2196 3091 2250 καὶ
3132 2197 3248 2259 τοῖς
3270 2192 3599 2264 ἐκζητοῦσιν
3625 2191 3796 2246 αὐτὸν

2188 2294 2256 2347 δι’
2287 2292 2499 2362 ἀγαθῆς
2529 2291 2828 2357 πολιτείας,
2877 2289 3280 2362 μισθαποδότης
3305 2288 3543 2356 γίνεται.
3576 2287 3793 2357 Χωρῶν

2191 2386 2248 2440 δέ
2271 2387 2367 2440 ἐπὶ
2394 2387 2495 2457 τὴν
2518 2383 2795 2456 συμϐολὴν
2818 2385 2882 2435 ἐκ
2910 2381 3020 2436 τῶν
3039 2379 3465 2452 προειρημένων
3488 2376 3659 2448 αὐτῷ.
3693 2377 3795 2431 καὶ

2192 2481 2251 2533 ἐν
2278 2472 2361 2541 οἷς
2386 2476 2751 2531 ἀπεπαύσατο
2794 2473 2903 2528 τῶν
2937 2471 3310 2545 δογματικῶν,
3360 2473 3427 2524 ἐκ
3453 2469 3665 2524 τούτων
3694 2468 3794 2540 τὴν

2192 2571 2369 2642 ἀρχὴν
2401 2569 2574 2639 αὐτῆς
2600 2568 2918 2639 ἐποιήσατο.

2272 2683 2290 2714 ι
2321 2664 2479 2732 Λέγω
2514 2663 2624 2733 γὰρ
2653 2660 2742 2714 διὰ
2770 2661 2869 2730 τῆς
2893 2660 3115 2732 χάριτος
3142 2659 3238 2729 τῆς
3264 2656 3514 2727 δοθείσης
3551 2673 3662 2725 μοι.
3698 2672 3719 2705 ι

2268 2849 2337 2902 Ἦ
2367 2847 2449 2914 τὸ,
2481 2845 2578 2900 διὰ
2605 2845 2713 2915 τῆς
2744 2844 2985 2915 χάριτος
3027 2845 3135 2901 τοῦ
3178 2843 3329 2898 Θεοῦ
3360 2840 3469 2909 τῆς
3506 2840 3796 2906 δοθείσης

2189 2959 2312 3012 μοι,
2346 2941 2474 3011 ἔφη,
2510 2940 2632 2993 ἀντι
2664 2938 2783 3004 τοῦ,
2839 2938 2915 3001 ὡς
2959 2937 3059 3005 τὴν
3102 2936 3233 3007 περὶ
3275 2933 3483 2988 τούτων
3517 2932 3797 2987 διδάσκειν

2194 3035 2444 3102 ἐξουσίαν
2468 3034 2534 3086 ἐκ
2564 3031 2715 3095 θείας
2740 3033 2960 3101 χάριτος
2984 3027 3247 3098 εἰληφώς.

591 3107 755 3164 Vnus.
788 3111 839 3166 7.
879 3131 899 3163 ι
936 3112 1063 3167 Sive
1090 3114 1447 3168 ministerium
1483 3115 1534 3167 in
1570 3114 2094 3193 mluislrandoksive

2280 3146 2297 3178 ι
2332 3126 2458 3179 Είτε
2483 3123 2786 3186 διακονίαν,
2816 3124 2873 3174 ἐν
2904 3123 2971 3192 τῇ
2992 3120 3239 3191 διακονίᾳ
3258 3134 3271 3148 ·
3305 3119 3415 3172 εἴτε
3441 3119 3470 3171 δ
3494 3115 3793 3182 διδάσκων,

518 3201 609 3272 qui
647 3202 804 3257 docet
831 3204 882 3256 in
917 3204 1185 3259 doctrina.
1220 3224 1238 3256 ι

591 3288 950 3349 Ministerium
970 3294 1121 3361 dicit,
1144 3296 1459 3354 facultatem
1488 3301 1805 3370 quihusdam
1829 3302 2097 3355 iuhmrcn—

521 3393 632 3441 tem
655 3386 723 3440 iis
754 3386 845 3455 qui
876 3386 1121 3456 indigent
1143 3389 1488 3444 ministrandi
1519 3404 1534 3457 ;
1561 3391 1864 3445 doctrinam
1894 3400 2096 3456 autem,

521 3474 824 3529 absolutum
849 3476 1133 3530 consilium
1163 3494 1179 3545 ;
1212 3479 1671 3545 exhortationem,
1705 3489 1942 3534 mutuam
1967 3482 2097 3536 doc-

523 3566 720 3619 trinam
755 3583 771 3632 ;
810 3566 1238 3635 simplicitatem,
1300 3568 1507 3626 fraudis
1552 3579 1607 3625 et
1646 3573 1862 3627 invidiae
1904 3574 2100 3627 absen-

524 3655 703 3723 tiam;
769 3656 1130 3724 hilaritatem,
1210 3660 1453 3716 animum
1528 3663 1597 3716 ad
1661 3663 2098 3730 misericordiam

524 3755 857 3817 promptum,
907 3749 1313 3807 miserationem
1379 3767 1501 3808 cum
1554 3756 1752 3825 gaudio
1805 3757 2100 3811 ostenden-

526 3849 659 3893 tem.
695 3837 807 3895 Hoc
838 3849 1021 3896 tamen
1045 3841 1334 3897 secundum
1365 3845 1625 3901 rationem
1648 3846 1796 3916 ﬁdei,
1829 3863 1936 3903 non
1969 3863 2100 3919 pro-

526 3929 724 3997 phetia:
753 3938 960 3985 tantum
985 3932 1257 4001 congruit.
1296 3933 1392 3988 sed
1420 3934 1672 3991 omnibus
1699 3944 1785 3991 est
1812 3952 2100 3993 commune

526 4020 685 4076 donis
733 4029 791 4075 et
833 4021 1017 4077 omnia
1071 4022 1179 4077 alia
1212 4025 1279 4078 ad
1330 4026 1471 4080 idem
1524 4027 1845 4082 relationem
1877 4028 2099 4083 habent.

528 4110 650 4166 Sive
702 4112 1051 4166 ministerium
1109 4116 1165 4168 in
1211 4115 1588 4171 ministrando.
1648 4117 1781 4173 Vide
1832 4120 2103 4189 quomodo

527 4203 1009 4258 iudiscriminatitn
1038 4218 1431 4261 enumerantur
1448 4208 1613 4262 dona.
1631 4206 1862 4263 Parvum
1883 4210 2104 4281 ponitur

529 4294 807 4363 primum;
872 4313 1169 4366 maguum,
1231 4299 1504 4354 ultimum.
1586 4302 1699 4358 Hoc
1770 4302 1888 4373 ipso
1946 4306 2104 4360 docet

526 4386 821 4454 Apostolus
844 4403 949 4442 non
978 4388 1155 4442 inﬂari
1191 4403 1366 4458 neque
1399 4392 1610 4448 extolli.

602 4476 770 4533 Vens.
814 4478 903 4533 t7.
947 4496 966 4530 ι
1002 4477 1144 4533 Nulli
1176 4481 1377 4534 malum
1409 4497 1506 4551 pro
1545 4485 1687 4540 Inalo
1725 4488 2037 4543 reddentes.
2079 4508 2098 4540 ι
2138 4471 2181 4526 Ῑ)

587 4569 723 4626 Cum
762 4585 866 4626 uon
901 4571 1101 4626 malum
1129 4589 1229 4643 pro
1265 4575 1407 4629 malo
1448 4576 1698 4642 reddere,
1728 4577 1880 4646 juxta
1907 4579 2106 4636 divinat

526 4661 663 4731 legis
681 4669 1031 4730 praeceptum,
1047 4662 1224 4729 multi,
1241 4678 1305 4719 ex
1324 4663 1404 4718 ira
1428 4663 1749 4733 iniustitiam
1764 4668 2101 4736 mmulantes,

529 4754 818 4808 stultitiam
853 4768 975 4810 csse
1006 4755 1212 4823 dicunt,
1242 4765 1299 4813 et
1347 4771 1588 4813 arnorem
1626 4758 1782 4827 pacis
1816 4769 1875 4813 ut
1909 4774 2099 4830 parum

529 4847 752 4902 homine
779 4846 1004 4917 dignum
1056 4848 1240 4905 valere
1284 4850 1528 4906 dicentes
1558 4851 1611 4905 in
1665 4850 1888 4919 majoris
1920 4854 2105 4908 damni

529 4936 769 4991 studium
821 4935 1088 5003 feruntur,
1121 4937 1414 5008 Apostolus
1457 4955 1556 4996 nos
1595 4943 1846 4997 hortatur
1889 4952 1948 4998 ut
1991 4945 2107 4999 haec

528 5029 819 5101 fugiamus,
854 5039 912 5083 ut
943 5044 1049 5084 non
1100 5045 1169 5086 ex
1199 5033 1278 5088 ira
1310 5034 1561 5103 proprias
1592 5037 1959 5105 cogitationes
2004 5054 2105 5095 no-

531 5132 673 5178 stras
713 5120 869 5192 quasi
890 5120 987 5177 Dei
1011 5123 1267 5179 mandato
1298 5127 1550 5184 meliores
1572 5142 1886 5198 sequamur,
1911 5131 2010 5186 sed
2043 5139 2105 5186 ut

528 5214 658 5272 huic
680 5215 1026 5288 obediamus,
1069 5216 1191 5272 illas
1219 5216 1403 5273 valere
1426 5219 1696 5276 dicentes.

1141 5425 1294 5484 CAP.
1331 5423 1467 5480 Xlll.

595 5539 760 5597 Vens.
797 5540 852 5607 l,
875 5529 932 5598 2.
970 5559 990 5592 ι
1019 5540 1209 5598 Omnis
1259 5540 1440 5596 anima
1518 5541 1876 5611 potestatibus
1931 5540 2123 5611 subii:

532 5631 801 5687 mioribus
828 5632 1044 5689 subdita
1076 5633 1148 5690 sit
1178 5674 1192 5689 .
1231 5647 1337 5690 non
1383 5639 1469 5687 est
1504 5632 1648 5686 enim
1674 5641 1916 5703 potestas
1941 5631 2045 5687 nisl
2069 5647 2098 5687 a

531 5719 689 5783 Deo:
730 5738 851 5796 quae
888 5734 1068 5784 autem
1093 5735 1221 5784 sunt
1254 5740 1284 5785 a
1320 5723 1427 5783 Dco
1453 5723 1716 5783 ordinatrc
1740 5733 1885 5784 sunt.
1911 5721 2101 5797 Itaque

2200 3222 2257 3272 ἐν
2282 3221 2347 3289 τῇ
2373 3216 2711 3287 διδασκαλίᾳ.
2750 3234 2768 3266 ι

2274 3310 2344 3362 Ἢ
2393 3305 2673 3361 διακονίαν
2735 3307 2924 3375 φησιν,
2971 3303 3073 3374 τὴν
3111 3302 3245 3373 πρδς
3300 3299 3360 3352 τὸ
3414 3294 3796 3350 διακονεῖσθαι

2199 3404 2312 3464 τοῖς
2373 3400 2651 3471 δεομένοις
2718 3396 3030 3467 προσοῦσάν
3097 3410 3237 3447 τισιν
3305 3387 3739 3459 ἐπιτηδειότητα
3777 3403 3794 3419 ο

2199 3492 2554 3547 διδασκαλίαν
2576 3490 2658 3555 δὲ,
2681 3491 2782 3561 τὴν
2812 3488 3083 3543 ἀπόλυτον
3110 3483 3446 3556 συμϐουλήν·
3497 3479 3796 3552 παράκλη-

2202 3601 2287 3637 σιν
2325 3583 2403 3649 δὲ,
2432 3582 2531 3653 τὴν
2576 3579 2916 3649 κατάλληλον
2962 3575 3315 3632 διδασκαλίαν
3342 3589 3354 3603 ·
3396 3571 3703 3642 ἁπλότητα,
3732 3569 3794 3623 τὸ

2201 3673 2462 3729 ἁπλοϊκόν
2490 3688 2551 3724 τε
2585 3670 2678 3723 καὶ
2707 3668 2940 3739 ἄφθονον
2960 3686 2975 3701 ·
3019 3666 3333 3738 ἱλαρότητα,
3376 3662 3479 3733 τὴν
3511 3661 3793 3731 πρόθυμον

2200 3765 2280 3828 εἰς
2306 3763 2454 3816 ἔλεον
2482 3758 2730 3830 γνώμην,
2761 3759 2860 3830 τὴν
2893 3758 2990 3812 σὺν
3018 3756 3166 3828 χαρᾷ
3187 3755 3279 3807 τὸν
3300 3748 3488 3807 οἶκτον
3514 3750 3792 3803 ἐκδεικνυ-

2206 3855 2393 3926 μένην.
2412 3855 2485 3907 Τὸ
2509 3852 2714 3924 μέντοι,
2732 3852 2884 3906 κατὰ
2905 3852 3018 3919 τὴν
3035 3847 3369 3918 ᾀνανῖοτίαν
3386 3844 3501 3913 τῆς
3511 3844 3787 3907 πίστεως,

2201 3948 2263 4001 οὐ
2302 3949 2371 4017 τῇ
2408 3942 2719 4016 προφητείᾳ
2762 3942 2924 4012 μόνον
2967 3940 3263 4012 προσήκει,
3315 3936 3496 3991 κοινὸν
3545 3934 3603 3988 δέ
3648 3931 3788 3986 κατὰ

2202 4040 2422 4094 πάντων
2463 4039 2601 4102 ἐστὶ,
2657 4037 2754 4089 καὶ
2818 4033 2956 4105 πρὸς
2999 4033 3134 4085 αὐτὸ
3187 4030 3289 4100 τὴν
3341 4026 3624 4098 ἀναφορὲν
3676 4025 3786 4095 ἔχει

2202 4130 2401 4186 πάντα,
2427 4129 2564 4183 Εἴτε
2595 4130 2629 4182 ὁ
2662 4125 2966 4180 διδάσκων
3004 4123 3076 4178 ἐν
3116 4121 3194 4191 τῇ
3231 4119 3620 4186 διδασκαλίᾳ.
3648 4117 3789 4188 Ὅρα

2202 4224 2322 4287 πῶς
2346 4222 2658 4293 ἀδιαφόρως
2693 4219 2761 4273 τὰ
2793 4217 3148 4291 χαρίσματα·
3185 4216 3245 4271 τὸ
3291 4213 3516 4286 μικρὸν,
3551 4210 3786 4285 πρῶτον,

2202 4315 2297 4371 καὶ
2348 4314 2412 4369 τὸ
2468 4315 2631 4385 μέγα,
2681 4311 2939 4384 ὕστερον·
2998 4311 3161 4365 πάλιν
3191 4308 3254 4361 τὸ
3283 4307 3416 4362 αὐτὸ
3453 4305 3616 4360 τοῦτο
3660 4319 3789 4358 παι·

2205 4406 2394 4471 δεύων,
2431 4403 2493 4457 τὺ
2525 4406 2601 4474 μὴ
2628 4400 2903 4471 φυσᾶσθαι
2939 4400 3074 4472 μηδὲ
3108 4397 3454 4469 ἐπαίρεσθαι.

2286 4514 2305 4548 ι
2335 4492 2547 4565 Μηδενὶ
2576 4491 2750 4546 κακὸν
2783 4490 2907 4545 ἀντὶ
2935 4489 3110 4545 κακοῦ
3138 4487 3505 4550 ἀποδιδόντες.
3546 4505 3567 4537 ι

2289 4585 2511 4655 Ἐπειδὴ
2545 4584 2607 4637 τὸ
2643 4583 2719 4654 μὴ
2753 4584 2867 4647 τοῖς
2897 4581 3105 4654 ὁμοίοις
3131 4578 3440 4652 ἀμύνεσθαι
3468 4579 3601 4642 τοὺς
3624 4593 3786 4646 πονη-

2208 4680 2358 4751 ροὺς,
2417 4676 2512 4731 τοῦ
2568 4675 2717 4730 θείου
2769 4672 3184 4746 διαγορεύοντος
3226 4672 3417 4742 νόμου,
3462 4669 3657 4723 πολλοὶ
3682 4667 3787 4721 τῶν

2205 4768 2510 4840 ἀνθρώπων
2543 4768 2602 4821 ἐν
2630 4770 2751 4831 ταῖς
2795 4767 3031 4830 ἀδικίαις
3068 4764 3442 4837 ὲρεθιζόμενοι
3475 4762 3587 4816 ὑπὸ
3618 4758 3787 4832 θυμοῦ

2209 4862 2423 4933 μωρίαν
2449 4859 2611 4913 τοῦτο
2633 4858 2876 4926 δοκοῦσι,
2910 4860 3005 4912 καὶ
3031 4858 3096 4912 τὸ
3136 4857 3388 4928 στέργειν
3426 4855 3530 4926 τὴν
3556 4851 3787 4924 ἡσυχίαν

2205 4951 2403 5015 ἐῶντες
2434 4949 2511 5014 ὡς
2553 4949 2833 5021 ἄνανδρον,
2882 4951 2965 5013 είς
3011 4947 3248 5020 σπουδὴν
3296 4945 3546 5017 μείζονος
3585 4943 3789 5014 βλάϐης

2206 5042 2584 5114 περιάγονται,
2619 5042 2879 5113 παραινεῖ
2912 5039 2989 5112 μὴ
3021 5037 3164 5093 οὕτω
3214 5039 3424 5102 ποιεῖν,
3489 5036 3629 5106 μηδέ
3678 5035 3789 5096 τοῖς

2209 5129 2265 5197 ἑξ
2316 5131 2490 5204 ὀργῆς
2536 5131 2756 5193 οἰκείοις
2805 5130 3178 5200 παραχωρεῖν,
3227 5126 3302 5190 ὡς
3354 5124 3637 5196 κρείττοσι
3693 5123 3789 5193 τῆς

2212 5218 2359 5290 θείας
2408 5223 2703 5291 διατάξεως
2742 5222 3044 5292 λογισμοῖς,
3087 5219 3205 5275 ἀλλ’
3249 5219 3552 5273 ὑπακούειν
3581 5215 3786 5287 ἐκείνῃ,

2209 5318 2418 5391 χαίρειν
2444 5317 2721 5387 φήσαντας
2755 5313 2999 5378 τούτους.

2835 5428 2996 5484 ΚΕΦ.
3051 5425 3150 5481 ΙΓ’.

2282 5560 2302 5594 ι
2329 5543 2488 5597 Πᾶσα
2522 5540 2668 5613 ψυχὴ
2698 5539 2969 5606 ἐξουσίαις
3013 5536 3416 5608 ὑπερεχούσαις
3475 5531 3786 5589 ὑποτασσέσ-

2212 5633 2354 5687 σθωο
2392 5634 2455 5687 ού
2502 5635 2610 5705 γάρ
2638 5635 2784 5688 ἐστιν
2814 5630 3028 5700 ἐξουσία
3075 5630 3125 5682 εἰ
3160 5627 3239 5700 μὴ
3275 5627 3388 5683 ἀπὸ
3418 5625 3594 5681 Θεοῦ·
3639 5626 3695 5678 ai
3726 5622 3782 5677 δι

2208 5718 2364 5781 οὖσαι
2387 5722 2647 5792 ἐξουσίαι,
2676 5721 2781 5779 ὑπὸ
2818 5720 2952 5778 Θεοῦ
2990 5718 3327 5791 τεταγμέναι
3364 5717 3530 5774 είσίν.
3567 5717 3731 5771 ’Ὥστε
3760 5716 3789 5767 ὁ
