4014 6122
363 265 498 335 1721

1387 273 1851 336 FRAGMENTA
1885 275 1969 338 ΙΝ
2009 275 2252 340 EPIST.
2294 277 2395 338 AD
2431 275 2621 338 ROM.

3503 269 3641 340 1722

354 381 817 454 ἀντιτασσόμενος
865 385 936 454 τῇ
985 381 1228 455 ἐξουσίᾳ,
1273 385 1342 456 τῇ
1397 385 1491 440 τοῦ
1543 386 1681 441 Θεοῦ
1722 387 1944 461 διαταγῖ

2061 389 2152 460 qui
2183 389 2391 444 resistit
2423 385 2704 458 potestati,
2751 385 2846 443 Dei
2896 383 3230 441 ordinationi
3270 384 3501 442 resistit.
3531 386 3638 454 Qui

353 473 734 544 ἀνθέστηκεν·
789 475 840 530 oi.
889 475 950 530 δὲ
1003 476 1426 549 ἀνθεστηκότες,
1492 482 1669 552 κρῖμα,
1739 483 1954 546 ἑαυτοῖς

353 563 645 639 λήψονται.
677 585 697 618 ι

442 658 534 712 Ἐν
589 658 736 730 ἀρχῇ
787 659 884 712 τοῦ
939 659 1296 732 κηρύγματος
1346 663 1784 735 κεκρατημένοις
1839 665 1954 729 τοῖς

356 749 668 821 ἀνθρώποις
702 751 808 805 ὑπὸ
838 751 948 806 τῶν
989 755 1274 825 προτέρων
1299 753 1460 823 ἐθῶν,
1505 754 1952 828 δυσπαράδεκτον

354 839 429 915 ἦν
451 845 511 898 τὸ
531 843 892 913 Εὗαγγέλιον,
921 845 1353 916 ὑπισχνούμενον
1375 848 1469 900 καὶ
1491 847 1557 900 τὰ
1579 848 1720 920 ὑπὲρ
1745 847 1952 902 ἔννοιαν

357 935 732 1007 ἀνθρωπίνην,
763 935 857 990 καὶ
892 937 1023 1010 παρ’
1067 937 1295 993 ίδιωτῶν
1339 941 1435 994 καὶ
1475 941 1708 1011 πτωχῶν
1749 958 1952 1012 καταγ-

356 1027 707 1098 γελλόμενον.
741 1020 818 1082 Οὖ
843 1027 1028 1100 χάριν,
1054 1029 1224 1102 πολλή
1265 1049 1350 1096 τις
1386 1028 1456 1104 ἦν
1481 1031 1605 1088 τότε
1624 1033 1734 1086 τῶν
1755 1049 1952 1104 χαρισ-

361 1121 555 1194 μάτων
577 1121 610 1192 ή
640 1121 897 1192 χορηγία,
918 1121 1248 1178 δυσωπούσα
1267 1124 1490 1187 τούτους
1513 1123 1950 1196 μεταμανθάνειν

356 1212 430 1267 τὰ
481 1213 635 1284 παρὰ
683 1209 808 1266 θεῶν’
840 1211 1160 1267 ἀποστόλων
1211 1213 1536 1286 διδάγματα.
1599 1216 1836 1286 Κάτοχοι
1893 1216 1951 1271 δὲ

356 1302 638 1375 γινόμενοι
683 1303 762 1374 τῷ
823 1303 1124 1374 Πνεύματι,
1178 1305 1272 1360 καὶ
1315 1302 1428 1360 οἷον
1488 1307 1594 1378 πρὸ
1654 1307 1949 1378 ὀφθαλμῶν

358 1395 596 1467 ὁρῶντες
635 1394 706 1449 τὰ
743 1396 1120 1467 κηρυττόμενα
1171 1397 1261 1452 διὰ
1310 1399 1412 1469 τῆς
1447 1398 1734 1472 διδομένης
1765 1401 1950 1464 αὐτοῖς

361 1487 467 1541 ὑπὸ
498 1485 594 1541 τοῦ
647 1488 967 1560 Πνεύματος
1014 1488 1264 1554 ἔξουσίας
1302 1493 1382 1555 είς
1413 1492 1514 1560 τὴν
1552 1492 1660 1546 τῶν
1704 1494 1950 1564 σημείων

362 1577 666 1650 ἐνέργειαν,
698 1577 966 1650 ἠτίμαζον
990 1579 1058 1632 τὰ
1085 1581 1348 1650 παρόντα,
1375 1581 1624 1646 πλοῦτον,
1651 1581 1828 1647 δόξαν,
1853 1585 1950 1637 καὶ

361 1668 641 1740 βασιλείαν
671 1671 864 1743 αὐτήν.
919 1672 1016 1726 Ἐκ
1040 1673 1234 1726 τούτου
1265 1673 1584 1744 προϐαίνειν
1615 1673 1840 1746 ἔμελλεν
1867 1677 1949 1739 είς

359 1761 584 1825 στάσεις
625 1762 810 1826 αὐτοῖς
867 1761 930 1816 τὸ
983 1764 1252 1834 πρᾶγμα,
1311 1765 1567 1836 περιττὸν
1621 1767 1946 1836 ἡγουμένοις

363 1851 502 1924 μετά
527 1853 766 1923 Χριστὸν
791 1855 858 1925 τῇ
889 1853 1128 1924 πρόσθεν
1155 1855 1416 1925 ἐμμένειν
1438 1857 1806 1922 καταστάσει,
1845 1857 1947 1928 τῆς

357 1943 621 2014 τοιαύτης
661 1944 888 2017 γνώμης
924 1947 1162 2018 μάλιστα
1194 1947 1290 2002 καὶ
1316 1947 1376 2014 ἐξ
1418 1949 1588 2021 αὐτῆς
1625 1951 1812 2014 αὐτοῖς
1847 1953 1948 2021 τῆς

371 2035 694 2105 Ἐσιτιστολῆς
729 2037 1098 2109 κυρουμένης.
1123 2039 1222 2093 Διὰ
1249 2039 1430 2114 πάσης
1462 2041 1572 2113 γὰρ
1594 2041 1947 2096 συνεϐούλευε

353 2127 418 2182 τὸ
453 2129 529 2200 μὴ
565 2129 704 2182 κατὰ
729 2129 909 2200 σάρκα
931 2128 1034 2200 ζῇν
1066 2131 1148 2184 ἔτι
1182 2133 1378 2196 αὐτοὺς
1408 2133 1482 2197 ὡς
1514 2132 1738 2204 Χριστῷ
1777 2151 1946 2206 μετα-

357 2218 618 2280 στάντας,
648 2215 786 2270 ἀλλὰ
811 2217 957 2271 κατὰ
986 2218 1226 2290 πνεῦμα.
1261 2219 1434 2274 Τοῦτο
1457 2217 1550 2275 οὖν
1576 2221 1947 2293 προῦπιδόμε-

353 2320 448 2370 νος
473 2307 501 2360 ὁ
539 2304 887 2370 Ἀπόστολος,
931 2305 1032 2377 τὴν
1064 2307 1416 2377 ἁρμόζουσαν
1450 2307 1588 2378 πρὸς
1615 2308 1814 2372 αὐτοὺς
1849 2309 1944 2362 καὶ

353 2399 487 2470 περὶ
536 2397 728 2452 τούτου
785 2399 1023 2451 ποιεῖται
1084 2397 1458 2466 διδασκαλίαν,
1525 2398 1703 2456 Πᾶσα
1746 2399 1942 2469 ψυχὴ,

353 2485 556 2558 λέγων,
605 2488 920 2554 ἐξουσίαις
971 2487 1437 2544 ὑποτασσέσθω·
1491 2490 1587 2545 καὶ
1631 2490 1732 2544 οὐκ
1769 2488 1943 2555 εἶπεν,

353 2581 780 2650 ἐξουσιάζουσιν,
811 2581 926 2637 ἀλλ’
951 2582 1286 2648 ἐξουσίαις,
1313 2582 1380 2637 ἵν’
1406 2584 1471 2636 ἐκ
1495 2581 1590 2636 τοῦ
1621 2584 1946 2654 πράγματος

352 2675 482 2738 τοὺς
511 2676 570 2728 ἐν
604 2675 683 2744 τῷ
726 2673 1018 2746 πράγματι
1049 2674 1237 2746 διδάξῃ
1288 2673 1572 2744 τιμᾶσθαι,
1615 2675 1708 2729 καὶ
1749 2675 1824 2746 μὴ
1858 2675 1946 2730 διὰ

349 2768 456 2836 τήν
485 2783 649 2820 τινων
676 2765 877 2820 κακίαν
909 2765 972 2818 τὸ
1007 2767 1242 2837 πρᾶγμα
1279 2765 1590 2838 ὑϐρίζηται.

429 2875 447 2908 ι
495 2855 750 2908 Ἀπόδοτε
783 2851 878 2908 οὖν
899 2855 1035 2908 πᾶσι
1063 2855 1162 2918 τὰς
1190 2855 1446 2923 ὀφειλάς·
1495 2853 1574 2924 τῷ
1619 2853 1710 2906 τὸν
1753 2851 1942 2924 φόρον,

350 2945 442 3006 τὸν
475 2945 672 3016 φόρον⁹
711 2945 789 3016 τῷ
817 2946 878 2998 τὸ
905 2945 1081 3009 τέλος,
1109 2945 1170 2998 τὸ
1198 2943 1381 3008 τέλος*
1419 2943 1496 3016 τῷ
1525 2943 1616 2998 τὸν
1645 2944 1830 3013 φόϐον,
1851 2942 1942 2997 τὸν

351 3035 516 3105 φόϐον
541 3051 559 3068 ο
609 3033 687 3106 τῷ
715 3035 812 3104 τὴν
841 3033 1032 3106 τιμὴν,
1072 3033 1170 3106 τὴν
1199 3035 1387 3106 τιμήν.
1426 3054 1442 3086 ι

423 3129 583 3182 Ἔστι
611 3127 670 3180 δὲ
701 3128 736 3180 ὁ.
763 3127 934 3210 φόρος
963 3127 1060 3181 καὶ
1098 3127 1160 3180 τὸ
1215 3127 1394 3192 τέλος,
1435 3127 1654 3181 ταυτόν.
1720 3126 1944 3196 Ἀμέλει

350 3221 553 3294 φόρους
579 3223 637 3274 ἐν
671 3219 750 3290 τῷ
779 3219 886 3292 πρὸ
937 3219 1128 3273 τούτου
1165 3219 1316 3290 ῥητῷ
1359 3221 1534 3272 τελεῖν
1575 3219 1782 3288 ἔφησε’
1840 3219 1945 3273 Διὰ

349 3313 527 3370 τοῦτο
564 3313 676 3382 γὰρ
699 3315 796 3368 καὶ
819 3315 1041 3382 φόρους
1067 3311 1316 3368 τελεῖτε.
1341 3311 1456 3364 Νῦν
1481 3312 1540 3364 δὲ
1564 3311 1696 3366 αὐτὸ
1725 3311 1938 3365 διεῖλεν·

347 3405 382 3476 ἢ
417 3405 577 3460 τοῦτο
630 3405 958 3476 βουλόμενος
1015 3407 1214 3470 εἰπεῖν,
1270 3406 1354 3458 ὅτι
1413 3403 1541 3458 Εἴτε
1597 3403 1787 3474 φόρον,
1831 3405 1942 3456 εἴτε

348 3497 504 3561 τέλος
544 3495 606 3550 τὸ
653 3497 897 3551 τοιοῦτόν
937 3515 1023 3562 τις
1059 3496 1236 3550 ἐθέλοι
1282 3497 1490 3561 καλεῖν,
1531 3496 1662 3565 ὑμῖν
1701 3514 1768 3564 γε
1812 3495 1942 3550 αὐτὸ

347 3589 632 3661 προσῆκον
669 3589 1011 3644 ὲκτιννύναν
1047 3589 1080 3660 ἢ
1115 3587 1176 3641 τὸ
1224 3588 1326 3657 μὲν
1377 3588 1580 3658 ἔφησε,
1625 3586 1800 3656 δηλῶν
1841 3587 1942 3656 τὴν

347 3683 428 3746 είς
457 3683 546 3735 τὸν
579 3681 839 3752 δημόσιον
869 3680 980 3734 τῶν
1009 3679 1312 3749 χρημάτων
1355 3676 1702 3730 συντέλειαν·
1759 3675 1823 3728 τὸ
1863 3675 1940 3739 δὲ,

347 3775 448 3838 τὰς
505 3773 680 3836 tam;
743 3775 858 3835 τοῖς
908 3768 1270 3839 κεκτημένοις
1317 3765 1636 3838 προσόδους.
1696 3765 1781 3829 Τῷ
1835 3763 1945 3818 τὸν

349 3867 559 3935 φόϐον,
613 3865 722 3916 τὸν
751 3863 962 3932 φόϐον,
992 3853 1128 3925 οἷον,
1167 3861 1282 3923 τοῖς
1321 3859 1377 3912 ἐν
1419 3859 1650 3928 ἀρχαῖςο
1700 3853 1780 3919 τῷ
1827 3854 1944 3921 τὴν

349 3955 551 4025 τιμὴν,
583 3953 700 4024 τὴν
731 3953 932 4022 τιμὴν,
972 3945 1108 4018 οἷον,
1151 3951 1266 4014 τοῖς
1307 3949 1505 4020 φίλοις,
1541 3946 1635 4002 καὶ
1663 3946 1800 4009 ὅλως
1829 3947 1944 4009 τοῖς

355 4045 604 4118 πλησίον.

987 4177 1146 4230 ΚΕΦ.
1203 4177 1300 4230 1Δ’.

423 4331 442 4365 ι
463 4311 521 4364 '0
545 4309 758 4381 φρονῶν
781 4308 878 4380 τὴν
902 4307 1140 4380 ἡμέραν,
1172 4306 1370 4378 Κυρίῳ
1409 4307 1598 4376 φρονεῖ
1620 4323 1634 4338 ο
1671 4305 1767 4360 καὶ
1795 4305 1825 4359 ὁ
1863 4304 1940 4375 μὴ

348 4402 557 4478 φρονῶν
584 4401 680 4472 τὴν
714 4399 954 4470 ἡμέραν,
985 4397 1176 4469 Κυρίῳ
1205 4397 1266 4450 οὑ
1299 4399 1510 4468 φρονεῖ.
1547 4414 1566 4448 ι

421 4495 492 4548 Ἦ
514 4491 764 4564 περὶτῆς
799 4491 908 4544 τῶν
945 4489 1172 4562 ἡμερῶν
1221 4489 1661 4562 παρατηρήσεως
1697 4491 1725 4542 ὁ
1753 4489 1934 4556 λόγος.

359 4586 686 4658 Ἀμφότεροι
711 4585 913 4650 τοίνυν,
947 4583 1102 4654 φησι,
1146 4583 1230 4636 ἐνὶ
1257 4581 1496 4653 χρῶνται
1523 4579 1712 4651 σκοπῷ
1732 4597 1744 4612 ο
1801 4582 1937 4651 τιμῇ

345 4683 412 4750 τῇ
439 4679 576 4750 πρὸς
603 4677 697 4731 τὸν
727 4676 884 4730 Θεόν.
923 4677 992 4730 ’Ὀ
1022 4693 1081 4728 τε
1106 4675 1216 4746 γὰρ
1243 4671 1808 4746 παραφυλαττόμενος
1837 4671 1940 4740 τὴν

347 4770 583 4842 ἡμέραν,
603 4769 773 4822 οἴεται
805 4767 942 4821 Θεοῦ
970 4767 1134 4836 νόμον
1166 4766 1414 4836 πληροῦν
1437 4781 1450 4794 '
1483 4765 1511 4818 ὅ
1541 4781 1600 4816 τε
1625 4761 1940 4832 ἀδιαφορῶν

347 4863 476 4933 περὶ
511 4861 692 4929 τοῦτο,
725 4863 908 4915 πᾶσαν
946 4859 1022 4922 ὡς
1059 4859 1166 4913 ὑπὸ
1207 4857 1342 4911 Θεοῦ
1393 4857 1696 4927 γενομένην
1721 4855 1940 4926 ἡμέραν

343 4953 412 5006 δι’
460 4953 656 5024 ὁμοίας
714 4953 828 5023 ἔχει
881 4953 1066 5022 τιμῆς.
1137 4949 1299 5004 Ἀλλὰ
1355 4949 1461 5020 μὴν
1511 4949 1606 5002 καὶ
1659 4950 1687 5001 ὁ
1739 4946 1940 5000 ἐσθίων

346 5043 638 5109 ὡσαύτως.

415 5135 526 5188 Καὶ
550 5135 678 5206 περὶ
700 5133 806 5188 τῶν
833 5131 924 5187 διὰ
953 5131 1256 5202 κακουχίας
1287 5131 1382 5183 τοῦ
1419 5127 1692 5198 σώματος,
1729 5127 1938 5200 νεκρῶν

344 5227 458 5290 τοῖς
486 5225 707 5290 πάθεσι,
735 5226 830 5278 καὶ
850 5224 1070 5289 ζώντων
1109 5225 1168 5275 ὲν
1196 5221 1442 5293 Χριστῷ.

422 5338 442 5370 ι
481 5317 794 5387 Γέγραπται
822 5316 954 5386 γὰρ,
982 5316 1066 5368 Ζῶ
1093 5313 1225 5382 ἐγὼ,
1254 5314 1402 5380 λέγει
1439 5311 1675 5382 Κύριος·
1701 5312 1784 5366 ὅτι
1814 5311 1938 5382 ἐμοὶ

348 5407 560 5479 κάμψει
593 5407 700 5460 πᾶν
730 5405 881 5474 γόνυ,
907 5406 1001 5460 καὶ
1031 5407 1182 5458 πᾶσα
1211 5402 1434 5474 γλῶσσα
1473 5402 1936 5474 ἐξομολογήσεται

347 5498 427 5570 τῷ
459 5496 598 5566 Θεῷ.
629 5515 648 5548 ι

419 5586 618 5656 Σαφῶς
639 5602 702 5652 γε
730 5583 834 5654 μὴν
859 5585 1172 5638 συνίσταται
1204 5583 1292 5636 διὰ
1320 5584 1418 5656 τῆς
1467 5585 1774 5655 μαρτυρίας
1802 5585 1932 5638 ταύ-

348 5695 450 5752 της
480 5677 574 5732 τοῦ
599 5675 732 5733 Υίοῦ
757 5675 816 5730 τὸ
847 5676 982 5746 πρὸς
1027 5677 1118 5730 τὸν
1159 5676 1378 5746 Πατέρα
1427 5677 1627 5738 τελέως
1670 5677 1928 5748 ἰσότιμον.

2053 489 2238 538 autem
2269 481 2556 546 resistunt,
2577 478 2680 550 ipsi
2702 477 2806 535 sibi
2833 475 3237 533 damnationem
3261 476 3578 548 acquirunt.
3610 493 3632 528 ο

2103 659 2266 716 Initio
2288 657 2692 730 praedicationis
2719 657 3052 729 evangelicae
3071 656 3292 714 diliicile
3319 666 3440 712 erat
3459 657 3638 714 homi-

2053 751 2213 807 nibus
2273 752 2374 806 sub
2417 750 2648 820 imperio
2705 749 2950 820 priorum
3012 763 3226 804 morum
3281 747 3638 820 Evangelium

2053 844 2297 914 recipere
2329 843 2476 914 quod
2523 857 2612 898 res
2671 845 2836 912 supra
2881 849 3118 896 mentem
3155 841 3449 896 humanam
3496 857 3640 913 pro-

2053 937 2320 1000 mittebat,
2349 945 2407 991 et
2423 935 2491 991 ab
2515 935 2702 991 idiotis
2726 933 3166 1006 pauperibusque
3212 932 3634 1004 praedicabatur.

2052 1035 2204 1091 Hanc
2241 1045 2464 1106 propter
2507 1049 2727 1090 causam
2785 1043 2920 1090 tunc
2978 1033 3146 1088 multa
3192 1041 3314 1087 erat
3369 1031 3636 1088 donorum

2052 1126 2288 1197 largitio,
2307 1139 2404 1182 eos
2441 1125 2646 1196 pudore
2671 1124 2912 1180 alliciens
2942 1123 3090 1194 quod
3113 1137 3184 1184 ea
3222 1137 3344 1194 quae
3393 1123 3461 1178 ab
3493 1123 3638 1192 Apo-

2051 1218 2208 1274 stolis
2229 1218 2562 1274 docebantur
2579 1233 2686 1272 non
2719 1217 3029 1272 discebant.
3059 1214 3168 1271 Sed
3195 1213 3434 1284 Spiritus
3457 1214 3634 1272 sancti

2055 1308 2356 1380 participes
2382 1307 2584 1373 eli‘ecti,
2602 1317 2659 1364 et
2688 1307 2845 1377 quasi
2875 1307 3052 1362 oculis
3076 1307 3324 1363 videntes
3343 1306 3634 1376 pradicata

2053 1411 2276 1472 propter
2294 1401 2594 1472 potentiam
2621 1416 2650 1455 a
2687 1401 2894 1470 Spiritu
2931 1399 3037 1454 illis
3071 1401 3250 1454 datam
3277 1401 3344 1455 ad
3367 1399 3632 1454 miracula

2053 1484 2331 1561 patranda,
2387 1492 2704 1562 prmsentia,
2744 1491 2988 1552 divitias.
3032 1492 3264 1562 gldriam
3295 1500 3348 1546 et
3400 1505 3632 1561 regnum

2053 1582 2227 1652 ipsum
2257 1583 2650 1650 despiciebant.
2686 1583 2751 1636 Et
2781 1598 2868 1639 res
2893 1582 2946 1636 in
2973 1581 3263 1636 factionem
3291 1583 3444 1637 exire
3466 1582 3634 1638 debe-

2052 1675 2146 1728 bat
2175 1675 2306 1743 ipsis
2352 1674 2796 1729 existimantibus
2845 1689 2996 1729 suam
3046 1673 3326 1727 meliorem
3357 1687 3479 1728 esse
3513 1682 3636 1744 post

2048 1764 2322 1822 Christum
2350 1782 2512 1836 quam
2540 1775 2698 1820 antea
2731 1764 3119 1820 conditionem.
3151 1763 3304 1818 Talia
3331 1764 3631 1834 praesertim

2049 1866 2104 1912 et
2127 1869 2191 1911 ex
2229 1855 2332 1910 hac
2362 1855 2428 1910 ad
2483 1854 2604 1910 illos
2631 1853 2869 1924 Epistula
2894 1853 3020 1908 licet
3054 1866 3388 1922 cognoscere
3425 1861 3479 1908 et
3497 1853 3633 1908 edu-

2048 1961 2192 2002 cere.
2227 1944 2362 2000 Nam
2393 1940 2446 2000 in
2481 1953 2594 2001 toto
2645 1944 2902 2014 Epistolze
2947 1945 3184 1999 decursu
3227 1959 3322 1999 eos
3377 1944 3632 2000 hortatur
3687 1947 3692 1952 ’

2050 2051 2106 2093 ut
2135 2039 2189 2094 in
2219 2038 2496 2094 Christum
2535 2037 2787 2092 translati
2815 2037 2929 2107 jam
2951 2051 3056 2090 non
3083 2037 3380 2091 secundum
3406 2049 3628 2092 carnem

2047 2132 2228 2194 vivant
2261 2130 2355 2185 sed
2371 2130 2670 2186 secundum
2693 2129 2971 2198 spiritum.
3019 2127 3131 2183 iloc
3151 2129 3294 2184 enim
3327 2127 3629 2196 praevidens

2045 2222 2376 2292 Apostolus,
2441 2221 2912 2276 accommodatam
2965 2221 3104 2289 ipsis
3153 2221 3248 2274 dat
3296 2219 3622 2284 doctrinam,

2047 2315 2236 2368 dicens
2269 2333 2282 2370 :
2318 2310 2500 2365 Omnis
2533 2311 2716 2364 animo
2765 2309 3114 2378 potestatibus
3147 2307 3364 2362 subdita
3381 2309 3472 2362 sit.
3505 2307 3626 2364 Non

2047 2404 2202 2470 dixit,
2235 2411 2565 2474 potestatem
2603 2399 2954 2465 habentibus,
3015 2401 3110 2454 sed
3163 2400 3529 2468 potestatibus,
3565 2407 3627 2454 ut

2045 2513 2110 2553 ex
2141 2497 2404 2568 dignitate
2425 2494 2618 2550 doceat
2668 2507 2763 2548 eos
2824 2493 3098 2547 honorare
3153 2491 3247 2560 qui
3285 2490 3336 2544 in
3389 2504 3454 2546 ea
3493 2500 3626 2546 sunt

2044 2587 2348 2652 constituti,
2395 2595 2450 2642 et
2482 2586 2722 2657 dignitas
2766 2599 2835 2640 ex
2889 2583 3196 2654 aliquorum
3257 2583 3469 2638 malitia
3517 2596 3626 2640 non

2045 2679 2280 2750 patiatur
2307 2675 2584 2748 iniuriam.

2117 2860 2284 2920 Vens.
2317 2860 2369 2916 7.
2443 2880 2463 2914 ε
2495 2861 2730 2917 Reddite
2777 2877 2908 2931 ergo
2971 2861 3224 2918 omnibus
3274 2860 3454 2918 debita
3490 2877 3505 2916 :
3539 2860 3628 2915 cui

2045 2955 2330 3019 tributum,
2389 2953 2698 3020 tributum;
2757 2955 2844 3008 cui
2889 2953 3144 3022 vectigal,
3203 2952 3478 3024 vectigal;
3537 2951 3628 3007 cui

1970 3069 2015 3128 ο
2049 3047 2323 3110 timorem,
2359 3046 2608 3100 timorem
2643 3061 2660 3107 ς
2694 3045 2780 3098 cui
2821 3045 3107 3110 honorem,
3140 3045 3424 3099 honorem.
3461 3063 3482 3098 ι

2120 3133 2259 3189 Sunt
2299 3143 2480 3188 autem
2511 3133 2769 3186 tributum
2803 3140 2858 3186 et
2884 3131 3117 3201 vectigal
3157 3147 3322 3186 unum
3355 3141 3410 3186 et
3444 3131 3624 3188 idem.

2047 3223 2246 3293 Utique
2277 3222 2329 3276 in
2362 3220 2689 3292 praecedenti
2719 3219 2992 3274 versiculo
3037 3218 3178 3272 dixit
3231 3227 3492 3288 praestare
3524 3216 3628 3270 tri-

2049 3317 2172 3370 buta
2203 3333 2219 3369 :
2270 3313 2402 3369 Ideo
2429 3315 2568 3368 enim
2593 3321 2643 3366 et
2678 3314 2880 3366 tributa
2906 3311 3197 3380 prasidiis.
3251 3308 3406 3364 Nunc
3443 3319 3626 3364 autem

2047 3407 2187 3464 idem
2217 3406 2523 3461 distinxit:
2565 3405 2650 3460 vel
2691 3405 2794 3458 hoc
2825 3403 3008 3458 dicere
3053 3402 3262 3468 volens,
3308 3401 3453 3471 quod
3509 3401 3630 3456 sive

2048 3499 2337 3564 tributum,
2369 3499 2487 3554 sive
2509 3495 2742 3560 vectigal
2777 3498 2900 3566 quis
2934 3509 3136 3550 vocare
3164 3494 3317 3559 velit,
3353 3493 3482 3548 illud
3516 3492 3629 3548 sol-

2044 3605 2177 3646 vere
2231 3591 2526 3656 debemus;
2586 3592 2668 3644 vel
2705 3590 2809 3646 hoc
2862 3590 3020 3656 dixit,
3060 3604 3158 3660 per
3197 3605 3362 3644 unum
3409 3587 3628 3658 quidem

2045 3682 2391 3750 publicarum
2434 3680 2790 3747 pecuniarum
2821 3681 3147 3734 solutionem
3181 3679 3498 3744 ostendens,
3531 3691 3628 3746 per

2046 3773 2277 3826 alterum
2307 3780 2488 3824 autem
2523 3771 2748 3838 privatis
2795 3771 3212 3838 possessoribus
3270 3771 3475 3825 debita.
3529 3769 3630 3824 Cui

2047 3865 2313 3927 timorem,
2350 3863 2611 3927 timorem,
2638 3861 2706 3916 iis
2737 3861 2828 3929 qui
2856 3863 2907 3915 in
2942 3861 3306 3928 potestatibus
3339 3869 3465 3915 sunt
3497 3875 3633 3914 con-

2046 3956 2260 4023 stituti;
2298 3955 2384 4010 cui
2412 3957 2660 4008 honorem
2689 3953 2960 4021 honorem,
2988 3963 3047 4009 ttt
3067 3953 3260 4008 amicis
3295 3960 3350 4008 et
3380 3949 3630 4022 proximo

2049 4048 2102 4102 in
2141 4063 2360 4120 genere.

2665 4181 2820 4238 CAP.
2852 4181 2992 4239 XIV.

2109 4317 2276 4373 Vens.
2305 4316 2358 4372 6.
2395 4333 2413 4367 ι
2453 4315 2554 4384 Qui
2588 4315 2733 4386 sapit
2761 4316 2931 4379 diem,
2967 4314 3194 4370 Domino
3239 4315 3404 4386 sapit,
3444 4322 3499 4371 et
3532 4313 3624 4384 qui

1972 4424 2018 4481 Ῑ)
2047 4427 2154 4465 non
2187 4411 2329 4479 sapit
2353 4410 2520 4476 diem,
2564 4410 2790 4464 Domino
2826 4425 2929 4463 non
2965 4411 3132 4478 sapit.
3177 4427 3196 4460 ι

2104 4501 2202 4558 Vel
2229 4491 2294 4558 de
2318 4501 2707 4558 observatione
2749 4502 2960 4556 dierum
3009 4510 3097 4555 cst
3146 4514 3350 4554 sermo.
3384 4496 3628 4568 Uterque

2044 4611 2195 4666 ergo,
2253 4595 2454 4662 inquit,
2490 4592 2741 4649 etundem
2803 4593 2905 4648 sibi
2954 4593 3211 4661 preponit
3288 4592 3474 4656 llnem,
3525 4590 3622 4644 Dei

2043 4687 2254 4742 scilicet
2318 4687 2602 4741 honorem.
2666 4683 2800 4738 Nam
2844 4701 2982 4739 unus
3050 4686 3190 4740 diem
3261 4683 3623 4746 observando,

2043 4789 2197 4850 putat
2237 4779 2330 4832 Dei
2383 4778 2556 4848 legem
2606 4777 2867 4846 implere;
2931 4777 3071 4832 alter
3128 4791 3234 4831 non
3282 4773 3625 4830 observando

2043 4883 2260 4923 onmem
2307 4869 2449 4922 diem
2497 4877 2685 4938 utpote
2720 4885 2750 4922 a
2781 4870 2889 4923 Deo
2947 4879 3186 4924 creatam
3237 4864 3431 4936 atquali
3481 4872 3628 4921 tenet

2044 4962 2268 5018 honore.
2301 4961 2514 5016 Pariter
2539 4970 2594 5016 et
2629 4961 2720 5030 qui
2751 4964 3072 5017 manducat.

2106 5123 2174 5178 Et
2209 5122 2276 5176 dc
2308 5123 2391 5177 his
2435 5137 2555 5192 quae
2601 5135 2664 5176 ex
2704 5121 3114 5178 inﬁrmitatibus
3151 5123 3394 5192 corporis
3421 5136 3621 5192 procc-
3682 5128 3691 5136 ‘

2041 5217 2200 5280 dunt,
2232 5214 2580 5283 passionihus
2620 5215 2932 5269 moriuntur
2961 5225 3014 5269 et
3046 5215 3271 5270 Christo
3293 5217 3498 5273 vivunt.

2099 5305 2260 5373 Vens,
2296 5304 2382 5359 li.
2432 5323 2450 5356 ι
2492 5305 2766 5374 Scriptum
2814 5316 2898 5360 est
2939 5306 3081 5360 enim
3111 5325 3124 5362 :
3159 5305 3295 5362 Vivo
3333 5323 3452 5377 ego,
3489 5311 3624 5367 dicit

2045 5399 2328 5460 Dominus,
2358 5397 2618 5468 quoniam
2673 5397 2802 5450 mihi
2851 5395 3097 5452 ﬂectetur
3134 5415 3296 5455 onme
3349 5415 3510 5470 genu,
3567 5414 3624 5460 et

2044 5493 2224 5548 Omnis
2249 5491 2430 5562 lingua
2455 5489 2804 5545 conﬁtebitur
2825 5489 2953 5544 Deo.
2991 5510 3010 5543 ι

2115 5585 2277 5640 Clare
2328 5585 2592 5639 asltuitur
2627 5597 2722 5651 per
2773 5581 2875 5638 hoc
2931 5586 3294 5642 testimonium
3339 5587 3458 5644 Filii
3493 5603 3616 5644 cum

2041 5678 2202 5735 l'atre
2259 5675 2500 5749 perfecta
2550 5674 2849 5746 aequalitas.
2890 5674 3024 5734 Nam
3076 5677 3240 5738 lsaias
3271 5695 3336 5738 cx
3386 5664 3619 5753 person:
