4014 6122
386 382 479 438 Dei
540 381 772 441 locutus,
838 377 980 432 idem
1044 385 1279 434 testatur
1334 375 1525 432 dicens
1577 394 1593 432 :

384 485 432 530 et
460 491 562 527 non
601 483 675 526 est
704 473 865 524 alius.
922 469 992 526 lu
1033 472 1338 539 "semetipso
1398 471 1605 541 juravi,
1669 471 1970 540 egredietur

385 568 448 619 de
477 581 565 617 ore
593 579 703 615 meo
731 563 965 630 justitire
993 561 1229 625 verbum,
1264 572 1311 616 et
1351 579 1454 616 non
1483 572 1812 624 revertetur;
1845 563 1968 628 quia

387 657 516 710 mihi
546 653 856 707 curvabitur
885 668 1038 706 omne
1066 668 1203 722 genu
1236 654 1303 706 ³⁸.
1341 652 1457 706 Hoc
1496 651 1773 721 prophetas
1817 651 1972 704 testi-

385 749 625 803 monium
644 757 699 801 ut
720 746 938 802 Christo
963 746 1185 800 Domino
1204 759 1505 814 congruens
1521 743 1719 798 Paulus
1739 743 1968 810 accepit.

385 840 670 909 Nunquam
701 855 830 895 vero
861 840 963 894 hoc
993 838 1230 903 fecisset,
1257 839 1301 893 si
1336 837 1614 891 Christum
1641 837 1806 890 etiam
1849 849 1972 890 esse

387 935 554 989 Deum
595 948 780 988 verum
813 933 954 988 sicut
987 931 1224 997 Patrem,
1261 945 1368 986 non
1397 931 1739 985 credidisset.

457 1205 622 1259 Vens.
651 1204 736 1259 15.
788 1223 806 1256 ι
843 1204 898 1258 Si
935 1205 1081 1258 enim
1129 1212 1352 1273 propter
1389 1202 1570 1256 cibum
1625 1202 1796 1255 frater
1849 1209 1974 1258 tuus

386 1298 758 1357 COutristatnr,
814 1294 926 1360 jam
959 1309 1064 1347 non
1123 1294 1421 1348 secundum
1475 1292 1801 1346 charitatcm
1857 1308 1973 1345 am-

389 1384 587 1438 bulas:
621 1383 729 1437 noli
766 1383 889 1437 cibo
931 1391 1022 1436 tuo
1062 1382 1209 1436 illum
1270 1383 1501 1452 perdere
1535 1397 1633 1452 pro
1679 1398 1788 1453 quo
1815 1383 1975 1438 Chri-

387 1483 503 1528 stus
535 1484 782 1528 mortuus
817 1481 922 1528 est.
969 1492 987 1524 ι
1705 1465 1728 1479 ’

460 1565 617 1619 Modo
650 1565 805 1620 valde
837 1565 1086 1620 mirando
1110 1567 1251 1620 hanc
1275 1566 1544 1621 actionem
1577 1567 1924 1634 reprehendit
1957 1585 1969 1621 :

389 1658 592 1728 primo,
615 1659 684 1712 ob
702 1659 974 1713 levitatem
995 1663 1308 1728 praetextas,
1331 1660 1515 1714 dicens
1530 1669 1746 1728 propter
1764 1660 1971 1725 cibum;

389 1754 628 1806 secundo
651 1767 713 1806 ex
741 1767 971 1822 persona
998 1752 1142 1807 circa
1179 1767 1338 1821 quam
1363 1761 1615 1807 versatur
1643 1762 1925 1822 peccatum
1953 1771 1965 1806 :

390 1844 563 1911 frater
597 1851 756 1906 tuus;
789 1843 954 1896 tertio
997 1841 1067 1896 ob
1111 1841 1284 1912 culpa:
1322 1843 1548 1905 exitum,
1605 1843 1969 1911 perditionem

388 1952 490 2008 pro
542 1937 631 1992 illo
671 1937 900 2004 dicens;
966 1945 1183 2005 quarto,
1222 1944 1442 2005 propter
1501 1950 1625 1989 eum
1689 1936 1743 1989 in
1813 1951 1973 2006 quem

388 2030 532 2084 cadit
571 2030 795 2083 audacia
836 2044 975 2092 :pro
1021 2043 1148 2096 quo,
1192 2027 1390 2096 inquit,
1444 2025 1692 2080 Christus
1743 2027 1976 2082 libenter

389 2131 629 2176 mortuus
661 2131 783 2186 est;
822 2121 1033 2191 quinto,
1075 2120 1203 2190 quia
1239 2119 1404 2175 eﬂicit
1454 2129 1512 2173 ut
1563 2119 1975 2189 blasphemetur

387 2215 565 2284 pietas
594 2231 608 2280 ;
641 2223 822 2278 sexto,
850 2214 978 2282 quia
1030 2227 1137 2267 non
1166 2221 1225 2267 ut
1253 2212 1340 2267 his
1384 2211 1470 2267 vel
1503 2213 1703 2268 talibus
1729 2213 1976 2267 fruamur

389 2307 456 2358 ad
493 2304 650 2359 fidem
702 2303 908 2358 Christi
966 2303 1216 2356 venimus
1249 2319 1265 2366 ;
1303 2302 1397 2357 sed
1439 2311 1496 2355 ut
1544 2301 1597 2355 in
1629 2304 1976 2371 possessione

385 2396 637 2467 justitim,
679 2395 730 2449 id
759 2404 864 2459 est,
905 2393 1254 2460 innocentiae,
1279 2401 1336 2447 et
1365 2392 1514 2461 pacis
1541 2406 1603 2446 ac
1621 2394 1799 2461 gaudii
1832 2395 1978 2448 viva-

390 2503 530 2541 mus.
560 2487 694 2540 Nam
727 2502 792 2542 ex
818 2497 1042 2556 peccato
1066 2485 1298 2540 olfensio
1322 2502 1337 2553 ;
1361 2499 1429 2539 ex
1465 2484 1767 2540 oﬂ'ensione
1793 2497 1975 2540 autem

390 2580 642 2634 indu-oris
727 2579 1130 2633 condemnatio.
1201 2577 1398 2630 Ablato
1470 2578 1640 2647 igitur
1702 2588 1970 2646 peccato,

392 2671 554 2724 simul
579 2670 904 2726 auferuntur
941 2685 1064 2740 quae
1087 2686 1151 2726 ex
1184 2670 1278 2724 illo
1310 2672 1629 2739 procedunt.
1664 2669 1976 2725 Introducta

391 2774 569 2818 autem
599 2763 836 2831 justitia,
869 2779 970 2833 pax
1001 2772 1056 2818 et
1084 2764 1336 2834 gaudium
1365 2762 1490 2831 jure
1515 2763 1678 2816 simul
1725 2777 1850 2817 cum
1881 2763 1970 2817 illa

391 2865 516 2910 sunt
539 2856 722 2911 allata.
755 2855 889 2911 Cum
941 2855 1073 2912 dicit
1102 2857 1156 2910 in
1201 2854 1411 2924 Spiritu
1445 2865 1651 2921 sancto,
1689 2864 1968 2911 tantorum

390 2948 657 3002 bonorum
693 2948 1024 3018 principium
1055 2948 1314 3004 ostendit.

466 3126 631 3181 Vens.
662 3126 752 3180 Ἡ.
807 3145 826 3178 ι
856 3126 934 3180 Τυ
970 3125 1133 3181 fidem
1174 3127 1389 3183 habes?
1418 3143 1584 3198 penes
1631 3129 1975 3198 temetipsqu

394 3218 554 3272 habe.
593 3235 612 3268 ι

467 3309 602 3362 Nam
637 3309 791 3378 quasi
825 3310 912 3364 his
950 3307 1158 3372 verbis,
1190 3305 1397 3359 Bonum
1420 3316 1494 3360 est
1528 3323 1630 3361 non
1655 3308 1980 3362 manducare

394 3418 632 3468 carnem,
666 3402 865 3470 aliquis
893 3399 1274 3453 contradicens
1323 3398 1552 3463 diceret,
1588 3397 1728 3464 Quid
1771 3399 1981 3468 igitur?

399 3494 660 3562 numquid
697 3502 920 3560 propter
954 3491 1100 3544 hunc
1154 3489 1312 3543 [idem
1345 3504 1518 3544 meam
1553 3491 1808 3559 negabo?
1860 3490 1978 3545 Non

395 3585 558 3651 iubeo
576 3593 646 3648 te,
667 3583 842 3649 inquit
858 3579 1170 3649 Apostolus,
1195 3592 1384 3635 contra
1419 3579 1579 3636 ﬁdem
1597 3597 1777 3652 agere.
1800 3582 1981 3638 Econ-

402 3687 483 3729 tra
515 3683 574 3729 ut
613 3675 664 3728 in
698 3673 784 3727 illa
809 3672 1036 3727 firmiter
1069 3682 1182 3728 stes
1208 3672 1374 3728 etiam
1408 3674 1616 3728 hortor.
1651 3673 1758 3730 Sed
1786 3690 1982 3731 moneo

403 3777 456 3820 te
485 3781 552 3823 ne
576 3775 798 3836 propter
827 3765 969 3818 illam
995 3765 1221 3821 fratrem
1247 3775 1396 3820 tuum
1421 3767 1782 3822 scandalizes.
1820 3767 1983 3824 Fides

405 3868 493 3912 tua
520 3859 628 3915 Deo
649 3857 866 3925 suliicit,
901 3858 992 3926 qui
1029 3858 1177 3913 solus
1201 3858 1366 3929 hujus
1387 3867 1469 3914 est
1499 3860 1679 3915 testis.
1709 3859 1846 3915 Nam
1879 3863 1984 3917 hoc

403 3954 565 4008 modo
595 3953 722 4006 licet
749 3961 805 4006 et
842 3961 988 4005 tuam
1020 3965 1244 4007 servare
1269 3952 1430 4006 [idem
1460 3960 1515 4007 et
1546 3953 1702 4008 fratri
1725 3955 1982 4008 damnum

405 4065 512 4102 non
549 4047 772 4101 inferre.

475 4160 491 4189 ι
527 4138 727 4193 Beatus
755 4137 846 4206 qui
877 4152 982 4192 non
1014 4135 1224 4205 judicat
1252 4137 1608 4208 semetipsum
1656 4139 1708 4194 iu
1749 4153 1814 4195 eo
1840 4142 1984 4211 quod

404 4230 619 4299 probat.
654 4246 672 4279 ι

477 4320 582 4374 Sed
611 4320 696 4376 his
711 4319 873 4374 etiam
897 4319 1173 4385 obnitens,
1219 4320 1432 4376 videtur
1459 4321 1668 4392 objecta
1694 4325 1981 4380 resolvere.

1503 265 1881 328 GENNADII
1921 259 2433 325 PATRIARCILE
2469 259 2579 322 CP.

1646 376 1759 446 Ego
1797 374 1959 439 Deus,
1991 379 2037 432 Α
2074 369 2298 422 Ἡσαΐου
2324 367 2435 437 γὰρ
2459 364 2633 435 αὐτὴν
2667 363 2730 418 ἐκ
2765 363 3066 436 προσώπου
3098 360 3194 418 τοῦ
3222 360 3362 416 Θεοῦ
3395 365 3665 433 φήσαντος

3531 249 3664 316 1724

2068 463 2323 524 οὗτωσὶν,
2369 461 2510 530 Ἓῃὼ
2548 462 2666 528 ειμι
2697 463 2730 513 ό
2761 457 2926 524 Θεὸς,
2960 456 3061 511 καί
3087 457 3200 512 οὐκ
3243 456 3424 510 ἐστιν
3451 455 3661 522 ἄλλος·

2070 554 2207 607 Κατ’
2231 551 2494 622 ἐμαυτοῦ
2518 552 2741 620 ὀμνύω,
2792 555 2830 622 ἦ
2870 551 3000 619 μὴν
3046 549 3440 612 ἐξελεύσεται
3467 549 3536 602 ἐκ
3562 548 3667 603 τοῦ

2069 643 2364 712 στόματός
2411 659 2533 710 μου
2593 640 2988 708 δικαιοσύνῃ’
3051 643 3106 693 οἱ
3164 640 3340 707 ,λόγοι
3391 657 3513 707 μου
3560 642 3670 694 οὐκ

2070 733 2676 803 ἁποστραφήσονται,
2735 734 2825 787 ὅτι
2879 731 3013 802 ἐμοὶ
3049 730 3173 788 πᾶν
3218 733 3370 802 γόνυ
3419 732 3669 802 κάμψει.

2073 823 2261 887 υῦτως
2311 825 2560 886 είπόντος
2614 824 2784 893 αὐτὴν
2841 821 2937 874 τοῦ
2984 823 3295 892 προφήτου,
3343 821 3556 884 Παῦλος
3597 822 3671 884 ὡς

2075 916 2501 987 ὲφαρμόζουσαν
2529 916 2750 981 ἐδέξατο
2779 914 2857 985 τῷ
2889 915 3138 987 Δεσπότῃ
3170 913 3416 986 Χριστῷ,
3457 913 3522 967 οὔ
3551 915 3670 967 ποτ’

2072 1010 2144 1062 ἂν
2189 1007 2349 1060 τοῦτο
2393 1010 2648 1078 ποιήσας,
2710 1009 2760 1061 εἰ
2810 1009 2884 1078 μὴ
2920 1007 3056 1060 Θεὸν
3093 1005 3235 1061 εἶναι
3283 1007 3544 1077 ἀληθινὸν
3579 1007 3674 1061 καὶ

2072 1102 2162 1155 τὸν
2186 1101 2426 1170 Χριστὸν
2453 1103 2744 1171 ἠπίστατο,
2768 1102 2844 1163 ὡς
2878 1101 2969 1154 τὸν
2998 1101 3241 1172 Πατέρα.

2153 1211 2170 1243 ι
2200 1193 2259 1245 Ei
2296 1193 2352 1245 δὲ
2377 1193 2465 1246 διὰ
2497 1192 2696 1263 βρῶμα
2717 1195 2746 1245 ὁ
2776 1190 3007 1258 ἀδελφός
3039 1208 3136 1244 σου
3165 1190 3439 1254 λυπεῖται,
3487 1187 3669 1242 οὐκέτι

2075 1283 2219 1337 κατά
2243 1284 2468 1354 ἀγάπην
2495 1286 2841 1354 περιπατεῖς.
2881 1282 2974 1352 Μὴ
3010 1281 3087 1352 τῷ
3119 1281 3370 1352 βρώματί
3403 1297 3502 1334 σου
3529 1281 3676 1333 ἐκεῖ·

2076 1395 2167 1431 νον
2192 1378 2453 1446 ἀπόλλυε,
2491 1378 2632 1447 ὑπὲρ
2660 1371 2722 1431 οὗ
2754 1378 2991 1448 Χριστὸς
3021 1377 3316 1431 ἀπέθανεν.
3349 1396 3368 1428 ι

2144 1563 2590 1632 Θαυμασιώτατα
2641 1564 2826 1616 τοίνυν
2870 1564 2931 1616 τὸ
2964 1566 3200 1634 πρᾶγμα
3231 1563 3453 1618 διέϐαλε
3476 1583 3490 1595 ·
3527 1567 3677 1637 πρῶ-

2077 1673 2168 1710 τον
2215 1656 2337 1725 μὲν,
2390 1653 2469 1727 τῷ
2516 1656 2730 1710 εὐτελεῖ
2754 1658 2852 1726 τῆς
2892 1658 3245 1726 προφάσεως,
3295 1658 3393 1713 διὰ
3439 1660 3674 1730 βρῶμα,

2079 1747 2252 1802 εἰπών
2275 1767 2287 1778 ·
2341 1744 2482 1812 εἶτα,
2527 1749 2606 1819 τῷ
2660 1751 2944 1819 προσώπῳ
2978 1751 3107 1820 περὶ
3135 1749 3163 1802 ὃ
3188 1751 3252 1804 τὸ
3276 1751 3613 1822 ἁμάρτημα,
3645 1755 3680 1806 ὁ

2076 1838 2344 1908 ἀδελφός
2368 1855 2486 1894 σου
2519 1841 2700 1910 φήσας
2725 1855 2740 1869 ⁸
2775 1834 2918 1904 εἶτα,
2950 1840 3029 1910 τῷ
3059 1839 3153 1893 τοῦ
3195 1841 3678 1911 πλημμελήματος

2083 1932 2520 2002 ἀποτελέσματι,
2557 1931 2838 1986 ἀπώλειαν
2873 1932 3136 2002 ἄντικρυς
3162 1933 3293 1985 αὐτὸ
3310 1933 3634 2004 προσειπών
3663 1951 3675 1964 ·

2075 2025 2358 2095 τέταρτον,
2395 2024 2495 2094 τῷ,
2544 2026 2624 2087 εἰς
2656 2025 2715 2078 ὃν
2760 2027 2792 2096 ή
2848 2025 3110 2092 ἀναγωγὴ
3156 2024 3251 2078 τοῦ
3297 2026 3676 2095 τολμήματος,

2092 2118 2274 2187 ’Υπὲρ
2328 2113 2440 2181 οὗ,
2504 2119 2706 2188 φησιν,
2754 2118 3011 2186 Χριστὸς
3069 2119 3337 2182 ἑκουσίως
3377 2118 3674 2175 ἀπέθανε·

2077 2210 2349 2279 πέμπτον,
2402 2211 2486 2263 ὅτι
2533 2209 2980 2280 βλασφημεῖσθαι
3028 2209 3310 2280 ποιεῖτὴν
3359 2210 3674 2264 εὐσέϐειαν⁸

2077 2301 2256 2364 ἕκτον,
2287 2301 2369 2353 ὅτι
2407 2302 2507 2371 οὐχ
2538 2301 2680 2371 ὑπὲρ
2707 2301 2915 2354 τούτων
2942 2301 2976 2368 ἢ
3009 2301 3272 2354 τοιούτων
3291 2301 3673 2368 ἀπολαύσεως,

2075 2397 2144 2465 τῇ
2175 2394 2418 2465 Χριστοῦ
2438 2395 2623 2447 πίστει
2651 2394 3160 2465 προσεληλύθαμεν,
3212 2394 3328 2446 ἀλλ’
3353 2394 3446 2447 ἐπὶ
3474 2412 3676 2464 μετου-

2080 2485 2170 2555 σίᾳ
2200 2485 2572 2558 δικαιοσύνηςο
2604 2486 2905 2551 τουτέστιν,
2942 2486 3386 2557 ἀναμαρτησὶας,
3406 2487 3507 2539 καὶ
3533 2487 3679 2557 εἰρήο

2077 2595 2176 2648 νης
2203 2578 2298 2631 καὶ
2335 2579 2531 2648 χαρᾶς.
2580 2579 2674 2631 Ἐκ
2705 2580 2813 2649 γὰρ
2849 2579 2950 2649 τῆς
2974 2578 3256 2649 ἁμαρτίας
3287 2579 3321 2648 ὴ
3366 2577 3676 2648 πρόσκρου-

2079 2684 2200 2733 σις·
2236 2672 2299 2722 ὲκ
2334 2670 2392 2723 δὲ
2431 2671 2530 2741 τῆς
2562 2670 3010 2741 προσκρούσεως,
3056 2672 3089 2742 ή
3130 2673 3232 2740 τῆς
3279 2670 3461 2740 λύπης
3513 2670 3676 2724 κατά-

2077 2779 2279 2832 κρισις.
2298 2761 2586 2832 Ἀρθείσης
2613 2759 2709 2816 οὖν
2729 2762 2832 2832 τῆς
2856 2763 3162 2833 ἁμαρτίας,
3185 2762 3280 2815 καὶ
3305 2763 3372 2816 τὰ
3391 2763 3453 2815 ἐκ
3473 2761 3676 2831 ταύτης

2077 2853 2362 2924 ἐξῄρηται.
2409 2854 2968 2924 Ἀντεισαχθείσηςρὲ
3002 2855 3104 2924 τῆς
3129 2853 3501 2925 δικαιοσύνης,
3531 2855 3677 2907 εικό-

2076 2959 2186 3006 τως
2220 2944 2411 3016 εἰρήνη
2447 2944 2541 2997 καὶ
2564 2946 2710 3016 χαρὰ
2728 2943 3081 3015 συνεισήχθη.
3113 2946 3188 2998 Τὸ
3211 2945 3269 3000 δὲ
3286 2945 3357 2998 ἐν
3377 2946 3679 3014 Πνεύματι

2005 3073 2052 3134 C
2083 3037 2248 3107 ἁγίῳ,
2282 3035 2373 3089 τὸν
2414 3037 2590 3089 αῐτιον
2635 3035 2745 3089 τῶν
2772 3036 3046 3089 τοσούτων
3093 3037 3246 3106 δηλοῖ
3281 3037 3531 3104 ἀγαθῶν.

2159 3145 2178 3177 ι
2207 3127 2277 3178 Σὺ
2310 3126 2494 3179 πίστιν
2527 3126 2708 3196 Exue;
2758 3125 2900 3178 κατά
2932 3126 3163 3180 σεαυτὸν
3191 3127 3305 3197 ἔχε.
3337 3145 3356 3178 ι

2151 3315 2364 3385 Ὠσπερ
2402 3314 2512 3385 γάρ
2565 3332 2712 3377 τινος
2757 3315 3120 3378 ἀντειπόντος,
3169 3315 3305 3385 πρὸς
3343 3315 3427 3378 τὸ,
3470 3315 3684 3371 Καλὸν

2081 3403 2146 3457 τὸ
2166 3405 2254 3474 μὴ
2283 3404 2498 3473 φαγεῖν
2525 3406 2691 3474 κρέα,
2718 3405 2782 3458 Τί
2801 3402 2922 3470 οὗν;
2953 3401 3063 3472 ἐγὼ
3089 3403 3189 3474 τὴν
3218 3405 3464 3473 ἐμαυτοῦ
3494 3407 3681 3458 πίστιν

2080 3495 2393 3565 ἀρνήσομαι
2456 3495 2525 3548 δι’
2573 3497 2817 3560 ἑκεῖνον;
2894 3495 3008 3548 Οὐκ
3062 3494 3332 3564 ἐκστῆσαι
3382 3511 3466 3559 σε,
3519 3498 3679 3566 φησὶ,

2082 3582 2289 3636 κελεύω
2319 3584 2417 3654 τῆς
2453 3584 2709 3648 πίστεως.
2758 3582 3087 3636 Τοὺναντίον
3117 3582 3222 3653 μὲν
3252 3578 3346 3636 οὖν
3378 3584 3472 3637 καὶ
3500 3601 3684 3656 παρα-

2083 3675 2232 3728 καλῶ
2267 3676 2472 3747 ταύτης
2511 3676 2855 3748 ἀντέχεσθαι.
2912 3677 3078 3732 Ἀλλά
3110 3678 3346 3732 νουθετῶ
3380 3679 3455 3750 μὴ
3503 3697 3679 3734 σκαν-

2082 3769 2320 3832 δαλίζειν
2366 3768 2543 3842 ταύτῃ
2581 3771 2674 3822 τὸν
2724 3769 2990 3838 ἀδελφόν·
3043 3767 3110 3842 ἧς
3150 3771 3206 3824 δὲ
3255 3770 3402 3841 ἔχε-ις
3435 3771 3682 3836 πίστεως

2085 3861 2374 3927 ἀρκεῖσθαι
2408 3861 2648 3932 μάρτυρι
2685 3861 2834 3932 μόνῳ
2863 3861 2941 3931 τῷ
2964 3861 3104 3932 Θεῷ.
3138 3861 3358 3928 Ἔξεστι
3381 3864 3490 3936 γάρ
3513 3863 3681 3929 οὕτω,

2087 3953 2178 4006 καὶ
2208 3952 2265 4004 σὲ
2297 3951 2371 4022 μὴ
2401 3951 2734 4022 ζημιοῦσθαι
2761 3953 2858 4026 τὴν
2889 3953 3076 4007 πίστιν
3105 3994 3119 4020 ,
3164 3955 3421 4009 κάκεῖνον
3469 3955 3544 4028 μὴ
3574 3973 3683 4010 πα-

2091 4043 2525 4112 ραϐλάπτεσθαι.

2164 4156 2182 4188 ι
2219 4137 2506 4208 Μακάριος
2535 4140 2563 4190 ὁ
2595 4135 2670 4208 μὴ
2689 4138 2890 4208 κρίνων
2929 4139 3124 4192 ἑαυτὸν
3159 4141 3219 4193 ἐν
3243 4133 3288 4209 ᾧ
3315 4141 3627 4213 δοκιμάζει.
3659 4161 3676 4194 i

2170 4321 2257 4376 Ἐν
2292 4321 2504 4386 τούτοις
2541 4322 2598 4376 δὲ
2641 4323 2737 4376 καὶ
2778 4323 3143 4389 ἀντιπίπτων,
3178 4325 3325 4378 ἔοικε
3367 4326 3538 4382 λύειν.
3592 4325 3684 4393 Ὦς

406 4413 541 4466 Nam
571 4413 725 4482 quasi
749 4412 946 4480 aliquis
967 4412 1206 4466 diceret:
1234 4412 1290 4466 Si
1320 4428 1447 4482 ergo
1465 4424 1685 4482 propter
1710 4415 1978 4490 infirmum

2091 4414 2199 4485 γάρ
2224 4431 2368 4476 τινος
2397 4415 2664 4480 εἰπόντος,
2691 4411 2834 4486 τΑρά
2861 4433 2924 4485 γε
2962 4415 3033 4470 ἃν
3063 4416 3152 4471 διέι
3181 4417 3273 4471 τὸν
3302 4417 3528 4490 ἀσθενῆ,
3561 4420 3684 4473 οὐδὲ

409 4521 516 4560 non
563 4505 855 4566 manduco,
892 4503 1134 4572 nunquid
1179 4503 1280 4570 ipsi
1320 4505 1514 4559 similis
1548 4505 1662 4560 lio?
1700 4523 1988 4578 propemo-

409 4599 533 4651 dum
565 4597 692 4652 dicit
722 4595 1056 4665 Apostolus‘:
1088 4596 1274 4651 Absit!
1321 4613 1448 4651 nam
1487 4597 1620 4653 ﬁdes
1645 4608 1736 4654 tua
1771 4602 1822 4656 in
1854 4617 1986 4657 con-

408 4701 594 4760 spectu
626 4690 718 4745 Dei
759 4691 1076 4759 incorrupta
1109 4698 1293 4744 manet
1327 4709 1341 4757 ;
1385 4702 1438 4746 et
1461 4706 1565 4746 non
1593 4695 1752 4748 modo
1782 4696 1984 4749 nullum

412 4785 505 4836 tibi
533 4784 788 4836 damnum
839 4781 1028 4847 infers,
1065 4782 1158 4836 sed
1204 4782 1246 4837 si
1294 4793 1519 4853 propter
1542 4783 1772 4840 salutem
1801 4785 1987 4840 fratris

412 4891 518 4928 non
551 4875 866 4938 manduces,
891 4873 1285 4928 beatitudinem
1311 4875 1516 4944 excipis
1555 4892 1568 4927 :
1608 4873 1743 4929 Nam
1771 4876 1982 4941 beatus,

415 4968 609 5037 inquit,
643 4967 731 5038 qui
767 4984 869 5021 non
893 4967 1106 5036 judicat
1136 4967 1477 5034 semetipsum
1519 4968 1574 5020 in
1613 4984 1673 5022 eo
1704 4968 1845 5034 quod
1873 4985 1992 5038 prae

415 5063 524 5125 bat,
561 5061 612 5115 id
663 5069 769 5126 est,
827 5061 918 5130 qui
969 5059 1134 5114 habet
1191 5059 1584 5113 conscientiam
1621 5060 1988 5113 testimonium

417 5154 519 5221 ipsi
547 5154 884 5218 reddentem,
912 5167 1016 5206 non
1051 5151 1106 5204 in
1138 5165 1204 5205 eo
1234 5159 1441 5206 tantum
1485 5166 1590 5220 quo
1624 5153 1746 5220 quis
1770 5161 1991 5222 propter

418 5243 604 5298 fratris
633 5245 860 5299 salutem
894 5242 1030 5297 cibis
1076 5243 1335 5307 abstinet,
1369 5243 1462 5297 sed
1511 5242 1562 5296 in
1601 5243 1748 5296 omni
1807 5257 1992 5312 opere,

415 5343 560 5409 quod
590 5355 686 5410 per
719 5349 1029 5394 accuratam
1083 5339 1458 5409 probationem
1506 5339 1717 5409 judicat
1753 5354 1876 5396 esse
1899 5344 1995 5398 bo-

418 5449 545 5488 num
584 5443 638 5488 et
659 5431 852 5488 deinde
879 5445 1154 5502 operatur,
1187 5431 1559 5488 testimonium
1596 5433 1697 5506 ipsi
1732 5436 1993 5492 reddente

417 5523 774 5581 conscientia.

499 5704 542 5735 ”
566 5703 670 5760 lsu.
710 5721 832 5773 XLV,
874 5705 1057 5760 ξιτ-ει.

2094 4504 2206 4574 ἐγὼ
2250 4507 2432 4576 φάγω,
2498 4507 2559 4560 οὐ
2609 4508 2836 4576 γίνομαι
2907 4508 3056 4578 αὑτῷ
3103 4509 3326 4579 ὃμοιος;
3395 4511 3684 4582 μονονουχὶ

2095 4597 2277 4667 λέγει’
2307 4599 2400 4669 Μὴ
2433 4599 2678 4668 γένοιτοί
2712 4601 2745 4671 ἡ
2777 4601 2886 4670 γὰρ
2922 4602 3107 4666 πίστις
3139 4618 3235 4656 σου
3265 4601 3501 4656 ἐνώπιον
3541 4604 3680 4657 Θεοῦ

2095 4693 2386 4763 ἀκίϐδηλος
2416 4692 2585 4763 μένει,
2613 4693 2706 4746 καὶ
2731 4694 2790 4745 ού
2835 4693 2998 4764 μόνον
3032 4693 3186 4747 οὐδὲν
3221 4696 3596 4769 παραϐλάπτῃ
3619 4699 3684 4750 ἐκ

2093 4784 2308 4850 τούτου,
2337 4783 2473 4837 ἀλλά
2500 4783 2590 4836 καὶ
2627 4783 2980 4856 μακαρισμὸν
3006 4782 3286 4854 προξενεῖς
3323 4786 3557 4855 σεαυτῷ,
3585 4785 3682 4838 ἐὰν

2093 4877 2181 4930 διὰ
2209 4878 2310 4947 τὴν
2350 4876 2443 4929 τοῦ
2493 4875 2726 4946 ἀδελφοῦ
2780 4876 3057 4946 σωτηρίαν
3089 4875 3188 4929 οὐκ
3219 4875 3404 4948 ἐσθίῃς
3429 4893 3444 4910 ο
3480 4876 3686 4930 Μακά-

2085 4985 2222 5034 ριος
2253 4968 2384 5037 γὰρ,
2418 4968 2605 5038 φησὶν,
2655 4966 2794 5036 ὁμὴ
2831 4970 3058 5037 κρίνων,
3079 4966 3298 5021 ἑαυτὸν
3323 4967 3395 5021 ἐν
3430 4961 3478 5033 ᾧ
3515 4968 3680 5023 δοκι-

2088 5058 2281 5128 μάζει,
2339 5060 2636 5124 τουτέστιν,
2690 5060 2719 5111 ὁ
2755 5059 2895 5130 ἔχων
2945 5058 3004 5110 τὸ
3069 5057 3307 5122 συνειδὸς
3363 5059 3684 5130 μαρτυροῦν

2095 5152 2268 5223 αὐτῷ,
2310 5154 2411 5206 οὐκ
2455 5154 2514 5207 ὲν
2558 5153 2735 5223 τούτῳ
2781 5153 2925 5223 μόνῳ
2961 5154 3017 5205 ἐν
3045 5144 3089 5220 ᾧ
3127 5151 3217 5205 διὰ
3257 5151 3360 5223 τὴν
3403 5151 3688 5222 σωτηρίαν

2097 5245 2189 5298 τοῦ
2223 5245 2452 5314 ἁδελεροῦ
2489 5246 2758 5315 ἀπέχεται
2793 5243 3121 5315 βρωμάτων,
3163 5243 3302 5298 ἀλλά
3341 5245 3438 5297 καὶ.
3493 5243 3684 5306 ἁπλῶς

2099 5339 2154 5390 ἐν
2187 5340 2352 5392 παντὶ
2376 5339 2684 5407 πράγματι,
2711 5338 2738 5390 ὃ
2767 5337 2832 5390 ἂν
2856 5337 2943 5390 διὰ
2969 5336 3203 5406 δοκιμῆς
3231 5334 3496 5405 ἀκριϐοῦς
3525 5352 3685 5408 κατας

2099 5432 2288 5503 νοήσῃ,
2324 5430 2404 5483 ὅτι
2435 5429 2641 5499 ἀγαθόν
2672 5431 2854 5494 ἐστιν,
2902 5427 3093 5480 ἔπειτα
3135 5427 3352 5497 πράττῃ
3389 5425 3541 5491 αὐτὸ,
3589 5427 3691 5498 τὴν

2105 5527 2401 5597 συνείδησιν
2427 5525 2564 5597 ἔχων
2602 5523 2949 5596 μαρτυροῦσα
2966 5536 3004 5575 ν.
