  <div class='ocr_page' id='page_1' title='image "/cluster/home/n/w/nwhite01/storage/ocr_20150623/85/mdp.39015032042783/880.png"; bbox 0 0 4014 6122; ppageno 0'>
   <div class='ocr_carea' id='block_1_1' title="bbox 338 273 2643 352">
    <p class='ocr_par' dir='ltr' id='par_1_1' title="bbox 338 273 2643 352">
     <span class='ocr_line' id='line_1_1' title="bbox 338 273 2643 352; baseline 0.008 -19"><span class='ocrx_word' id='word_1_1' title='bbox 338 273 494 343; x_wconf 78' lang='lat'><strong>1725</strong></span> <span class='ocrx_word' id='word_1_2' title='bbox 1419 282 1885 344; x_wconf 76' lang='lat' dir='ltr'><strong>FRAGMENTA</strong></span> <span class='ocrx_word' id='word_1_3' title='bbox 1924 285 2007 346; x_wconf 88' lang='lat' dir='ltr'><strong>IN</strong></span> <span class='ocrx_word' id='word_1_4' title='bbox 2044 286 2281 349; x_wconf 90' lang='lat' dir='ltr'><strong>EPIST.</strong></span> <span class='ocrx_word' id='word_1_5' title='bbox 2318 287 2418 348; x_wconf 80' lang='lat' dir='ltr'><strong>AD</strong></span> <span class='ocrx_word' id='word_1_6' title='bbox 2455 288 2643 352; x_wconf 77' lang='lat' dir='ltr'><strong>ROM.</strong></span> 
     </span>
    </p>
   </div>
   <div class='ocr_carea' id='block_1_2' title="bbox 1975 407 2021 463">
    <p class='ocr_par' dir='ltr' id='par_1_2' title="bbox 1975 407 2021 463">
     <span class='ocr_line' id='line_1_2' title="bbox 1975 407 2021 463; baseline 0 0"><span class='ocrx_word' id='word_1_7' title='bbox 1975 407 2021 463; x_wconf 80' lang='grc' dir='ltr'><strong>Δ</strong></span> 
     </span>
    </p>
   </div>
   <div class='ocr_carea' id='block_1_3' title="bbox 3498 293 3635 363">
    <p class='ocr_par' dir='ltr' id='par_1_3' title="bbox 3498 293 3635 363">
     <span class='ocr_line' id='line_1_3' title="bbox 3498 293 3635 363; baseline 0.015 -2"><span class='ocrx_word' id='word_1_8' title='bbox 3498 293 3635 363; x_wconf 73' lang='grc'><strong>1726</strong></span> 
     </span>
    </p>
   </div>
   <div class='ocr_carea' id='block_1_4' title="bbox 987 393 1938 465">
    <p class='ocr_par' dir='ltr' id='par_1_4' title="bbox 987 393 1299 452">
     <span class='ocr_line' id='line_1_4' title="bbox 987 393 1299 452; baseline 0.01 -4"><span class='ocrx_word' id='word_1_9' title='bbox 987 393 1150 449; x_wconf 74' lang='grc' dir='ltr'>ΚΕΦ.</span> <span class='ocrx_word' id='word_1_10' title='bbox 1199 395 1299 452; x_wconf 75' lang='grc' dir='ltr'>ιε’.</span> 
     </span>
    </p>
   </div>
   <div class='ocr_carea' id='block_1_5' title="bbox 2058 393 3001 465">
    <p class='ocr_par' dir='ltr' id='par_1_5' title="bbox 2689 403 3001 465">
     <span class='ocr_line' id='line_1_5' title="bbox 2689 403 3001 465; baseline 0 -3"><span class='ocrx_word' id='word_1_11' title='bbox 2689 403 2843 465; x_wconf 81' lang='lat' dir='ltr'><strong>CAP.</strong></span> <span class='ocrx_word' id='word_1_12' title='bbox 2881 405 3001 465; x_wconf 75' lang='lat' dir='ltr'><strong>XV.</strong></span> 
     </span>
    </p>
   </div>
   <div class='ocr_carea' id='block_1_6' title="bbox 2120 537 3632 615">
    <p class='ocr_par' dir='ltr' id='par_1_6' title="bbox 2120 537 3632 615">
     <span class='ocr_line' id='line_1_6' title="bbox 2120 537 3632 615; baseline 0.006 -23"><span class='ocrx_word' id='word_1_13' title='bbox 2120 537 2286 596; x_wconf 73' lang='lat' dir='ltr'><strong>Vsus.</strong></span> <span class='ocrx_word' id='word_1_14' title='bbox 2329 540 2383 596; x_wconf 74' lang='lat'><strong>5&#39;.</strong></span> <span class='ocrx_word' id='word_1_15' title='bbox 2433 559 2453 594; x_wconf 89' lang='grc' dir='ltr'><strong>ι</strong></span> <span class='ocrx_word' id='word_1_16' title='bbox 2494 539 2710 596; x_wconf 79' lang='lat' dir='ltr'><strong>Etenim</strong></span> <span class='ocrx_word' id='word_1_17' title='bbox 2776 540 3030 597; x_wconf 78' lang='lat' dir='ltr'><strong>Christus</strong></span> <span class='ocrx_word' id='word_1_18' title='bbox 3082 556 3191 596; x_wconf 89' lang='lat' dir='ltr'><strong>non</strong></span> <span class='ocrx_word' id='word_1_19' title='bbox 3244 542 3350 599; x_wconf 90' lang='lat' dir='ltr'><strong>sibi</strong></span> <span class='ocrx_word' id='word_1_20' title='bbox 3402 544 3632 615; x_wconf 82' lang='lat' dir='ltr'><strong>placuit,</strong></span> 
     </span>
    </p>
   </div>
   <div class='ocr_carea' id='block_1_7' title="bbox 2047 632 3637 708">
    <p class='ocr_par' dir='ltr' id='par_1_7' title="bbox 2047 632 3637 708">
     <span class='ocr_line' id='line_1_7' title="bbox 2047 632 3637 708; baseline 0.003 -21"><span class='ocrx_word' id='word_1_21' title='bbox 2047 634 2145 687; x_wconf 80' lang='lat' dir='ltr'><strong>sed</strong></span> <span class='ocrx_word' id='word_1_22' title='bbox 2175 635 2317 688; x_wconf 88' lang='lat' dir='ltr'><strong>sicut</strong></span> <span class='ocrx_word' id='word_1_23' title='bbox 2371 634 2639 703; x_wconf 89' lang='lat' dir='ltr'><strong>scriptum</strong></span> <span class='ocrx_word' id='word_1_24' title='bbox 2671 642 2756 687; x_wconf 85' lang='lat' dir='ltr'><strong>est</strong></span> <span class='ocrx_word' id='word_1_25' title='bbox 2792 648 2808 688; x_wconf 91' lang='lat'><strong>:</strong></span> <span class='ocrx_word' id='word_1_26' title='bbox 2860 632 3203 704; x_wconf 86' lang='lat' dir='ltr'><strong>improperia</strong></span> <span class='ocrx_word' id='word_1_27' title='bbox 3266 635 3637 708; x_wconf 87' lang='lat' dir='ltr'><strong>improperan-</strong></span> 
     </span>
    </p>
   </div>
   <div class='ocr_carea' id='block_1_8' title="bbox 2045 727 3026 797">
    <p class='ocr_par' dir='ltr' id='par_1_8' title="bbox 2045 727 3026 797">
     <span class='ocr_line' id='line_1_8' title="bbox 2045 727 3026 797; baseline 0.001 -18"><span class='ocrx_word' id='word_1_28' title='bbox 2045 727 2177 780; x_wconf 88' lang='lat' dir='ltr'><strong>tium</strong></span> <span class='ocrx_word' id='word_1_29' title='bbox 2210 727 2303 782; x_wconf 86' lang='lat' dir='ltr'><strong>tibi</strong></span> <span class='ocrx_word' id='word_1_30' title='bbox 2333 728 2642 782; x_wconf 81' lang='lat' dir='ltr'><strong>ceciderunt</strong></span> <span class='ocrx_word' id='word_1_31' title='bbox 2667 742 2831 797; x_wconf 86' lang='lat' dir='ltr'><strong>super</strong></span> <span class='ocrx_word' id='word_1_32' title='bbox 2860 743 2966 783; x_wconf 87' lang='lat' dir='ltr'><strong>me.</strong></span> <span class='ocrx_word' id='word_1_33' title='bbox 3006 746 3026 780; x_wconf 85' lang='lat' dir='ltr'><strong>s</strong></span> 
     </span>
    </p>
   </div>
   <div class='ocr_carea' id='block_1_9' title="bbox 2118 818 3633 891">
    <p class='ocr_par' dir='ltr' id='par_1_9' title="bbox 2118 818 3633 891">
     <span class='ocr_line' id='line_1_9' title="bbox 2118 818 3633 891; baseline 0.001 -17"><span class='ocrx_word' id='word_1_34' title='bbox 2118 819 2394 889; x_wconf 86' lang='lat' dir='ltr'><strong>Duplicem</strong></span> <span class='ocrx_word' id='word_1_35' title='bbox 2438 821 2490 874; x_wconf 91' lang='lat' dir='ltr'><strong>id</strong></span> <span class='ocrx_word' id='word_1_36' title='bbox 2545 835 2766 876; x_wconf 85' lang='lat' dir='ltr'><strong>sensum</strong></span> <span class='ocrx_word' id='word_1_37' title='bbox 2818 821 3005 876; x_wconf 87' lang='lat' dir='ltr'><strong>habet.</strong></span> <span class='ocrx_word' id='word_1_38' title='bbox 3063 818 3201 874; x_wconf 86' lang='lat' dir='ltr'><strong>Nam</strong></span> <span class='ocrx_word' id='word_1_39' title='bbox 3235 820 3340 875; x_wconf 84' lang='lat' dir='ltr'><strong>dici</strong></span> <span class='ocrx_word' id='word_1_40' title='bbox 3395 822 3572 891; x_wconf 88' lang='lat' dir='ltr'><strong>potuit</strong></span> <span class='ocrx_word' id='word_1_41' title='bbox 3603 836 3633 876; x_wconf 75' lang='grc' dir='ltr'>ι</span> 
     </span>
    </p>
   </div>
   <div class='ocr_carea' id='block_1_10' title="bbox 2043 908 3634 985">
    <p class='ocr_par' dir='ltr' id='par_1_10' title="bbox 2043 908 3634 985">
     <span class='ocr_line' id='line_1_10' title="bbox 2043 908 3634 985; baseline 0.001 -17"><span class='ocrx_word' id='word_1_42' title='bbox 2043 908 2184 969; x_wconf 83' lang='lat' dir='ltr'><strong>Filio</strong></span> <span class='ocrx_word' id='word_1_43' title='bbox 2213 913 2279 969; x_wconf 90' lang='lat' dir='ltr'><strong>ad</strong></span> <span class='ocrx_word' id='word_1_44' title='bbox 2338 915 2504 969; x_wconf 88' lang='lat' dir='ltr'><strong>Deum</strong></span> <span class='ocrx_word' id='word_1_45' title='bbox 2565 914 2811 977; x_wconf 85' lang='lat' dir='ltr'><strong>Patrem,</strong></span> <span class='ocrx_word' id='word_1_46' title='bbox 2869 926 2925 970; x_wconf 91' lang='lat' dir='ltr'><strong>ct</strong></span> <span class='ocrx_word' id='word_1_47' title='bbox 2980 916 3107 985; x_wconf 89' lang='lat' dir='ltr'><strong>quia</strong></span> <span class='ocrx_word' id='word_1_48' title='bbox 3155 914 3485 985; x_wconf 76' lang='lat' dir='ltr'><strong>Uuigcnitus</strong></span> <span class='ocrx_word' id='word_1_49' title='bbox 3530 915 3634 970; x_wconf 84' lang='lat' dir='ltr'><strong>sibi</strong></span> 
     </span>
    </p>
   </div>
   <div class='ocr_carea' id='block_1_11' title="bbox 2045 1004 3635 1075">
    <p class='ocr_par' dir='ltr' id='par_1_11' title="bbox 2045 1004 3635 1075">
     <span class='ocr_line' id='line_1_11' title="bbox 2045 1004 3635 1075; baseline 0.004 -18"><span class='ocrx_word' id='word_1_50' title='bbox 2045 1004 2341 1061; x_wconf 75' lang='lat' dir='ltr'><strong>vindicavit</strong></span> <span class='ocrx_word' id='word_1_51' title='bbox 2403 1005 2688 1062; x_wconf 87' lang='lat' dir='ltr'><strong>hominum</strong></span> <span class='ocrx_word' id='word_1_52' title='bbox 2753 1007 3125 1075; x_wconf 83' lang='lat' dir='ltr'><strong>blasphemias</strong></span> <span class='ocrx_word' id='word_1_53' title='bbox 3175 1008 3225 1063; x_wconf 92' lang='lat' dir='ltr'><strong>iu</strong></span> <span class='ocrx_word' id='word_1_54' title='bbox 3284 1007 3526 1074; x_wconf 80' lang='lat' dir='ltr'><strong>Patrem,</strong></span> <span class='ocrx_word' id='word_1_55' title='bbox 3577 1015 3635 1063; x_wconf 83' lang='lat' dir='ltr'><strong>et</strong></span> 
     </span>
    </p>
   </div>
   <div class='ocr_carea' id='block_1_12' title="bbox 2045 1096 3635 1171">
    <p class='ocr_par' dir='ltr' id='par_1_12' title="bbox 2045 1096 3635 1171">
     <span class='ocr_line' id='line_1_12' title="bbox 2045 1096 3635 1171; baseline 0.003 -21"><span class='ocrx_word' id='word_1_56' title='bbox 2045 1096 2171 1165; x_wconf 89' lang='lat' dir='ltr'><strong>quia</strong></span> <span class='ocrx_word' id='word_1_57' title='bbox 2225 1110 2441 1167; x_wconf 60' lang='lat' dir='ltr'><strong>poenam</strong></span> <span class='ocrx_word' id='word_1_58' title='bbox 2503 1110 2667 1168; x_wconf 86' lang='lat' dir='ltr'><strong>quam</strong></span> <span class='ocrx_word' id='word_1_59' title='bbox 2719 1114 2819 1168; x_wconf 90' lang='lat' dir='ltr'><strong>pro</strong></span> <span class='ocrx_word' id='word_1_60' title='bbox 2879 1098 3234 1171; x_wconf 84' lang='lat' dir='ltr'><strong>blasphetuiis</strong></span> <span class='ocrx_word' id='word_1_61' title='bbox 3288 1099 3344 1155; x_wconf 87' lang='lat' dir='ltr'><strong>in</strong></span> <span class='ocrx_word' id='word_1_62' title='bbox 3414 1098 3635 1156; x_wconf 83' lang='lat' dir='ltr'><strong>Patrem</strong></span> 
     </span>
    </p>
   </div>
   <div class='ocr_carea' id='block_1_13' title="bbox 2046 1186 2884 1260">
    <p class='ocr_par' dir='ltr' id='par_1_13' title="bbox 2046 1186 2884 1260">
     <span class='ocr_line' id='line_1_13' title="bbox 2046 1186 2884 1260; baseline 0.005 -19"><span class='ocrx_word' id='word_1_63' title='bbox 2046 1186 2412 1255; x_wconf 83' lang='lat' dir='ltr'><strong>merebantur,</strong></span> <span class='ocrx_word' id='word_1_64' title='bbox 2443 1187 2496 1243; x_wconf 91' lang='lat' dir='ltr'><strong>in</strong></span> <span class='ocrx_word' id='word_1_65' title='bbox 2528 1203 2587 1245; x_wconf 84' lang='lat' dir='ltr'><strong>se</strong></span> <span class='ocrx_word' id='word_1_66' title='bbox 2625 1189 2884 1260; x_wconf 85' lang='lat' dir='ltr'><strong>suscepit.</strong></span> 
     </span>
    </p>
   </div>
   <div class='ocr_carea' id='block_1_14' title="bbox 429 531 1944 610">
    <p class='ocr_par' dir='ltr' id='par_1_14' title="bbox 429 531 1944 610">
     <span class='ocr_line' id='line_1_14' title="bbox 429 531 1944 610; baseline 0.005 -25"><span class='ocrx_word' id='word_1_67' title='bbox 429 550 451 585; x_wconf 83' lang='grc' dir='ltr'><strong>ι</strong></span> <span class='ocrx_word' id='word_1_68' title='bbox 493 531 604 589; x_wconf 76' lang='grc' dir='ltr'><strong>Καὶ</strong></span> <span class='ocrx_word' id='word_1_69' title='bbox 645 532 756 605; x_wconf 80' lang='grc' dir='ltr'><strong>γὰρ</strong></span> <span class='ocrx_word' id='word_1_70' title='bbox 804 534 833 587; x_wconf 82' lang='grc' dir='ltr'>ὁ</span> <span class='ocrx_word' id='word_1_71' title='bbox 888 534 1119 605; x_wconf 82' lang='grc' dir='ltr'>Χριστὸς</span> <span class='ocrx_word' id='word_1_72' title='bbox 1156 535 1255 607; x_wconf 78' lang='grc' dir='ltr'>οὐχ</span> <span class='ocrx_word' id='word_1_73' title='bbox 1302 534 1482 608; x_wconf 79' lang='grc' dir='ltr'>ἑαυτῷ</span> <span class='ocrx_word' id='word_1_74' title='bbox 1526 537 1744 610; x_wconf 63' lang='grc' dir='ltr'>ἤρεσεν,</span> <span class='ocrx_word' id='word_1_75' title='bbox 1805 538 1944 592; x_wconf 76' lang='grc' dir='ltr'>ἀλλὰ</span> 
     </span>
    </p>
   </div>
   <div class='ocr_carea' id='block_1_15' title="bbox 331 626 1943 701">
    <p class='ocr_par' dir='ltr' id='par_1_15' title="bbox 331 626 1943 701">
     <span class='ocr_line' id='line_1_15' title="bbox 331 626 1943 701; baseline 0.001 -19"><span class='ocrx_word' id='word_1_76' title='bbox 331 626 535 691; x_wconf 85' lang='grc' dir='ltr'>καθὼς</span> <span class='ocrx_word' id='word_1_77' title='bbox 558 626 894 697; x_wconf 82' lang='grc' dir='ltr'>γέγραπται,</span> <span class='ocrx_word' id='word_1_78' title='bbox 922 627 986 680; x_wconf 81' lang='lat' dir='ltr'><strong>0i</strong></span> <span class='ocrx_word' id='word_1_79' title='bbox 1024 628 1322 701; x_wconf 73' lang='grc' dir='ltr'><strong>ὀνειδισμοὶ</strong></span> <span class='ocrx_word' id='word_1_80' title='bbox 1349 629 1459 684; x_wconf 81' lang='grc' dir='ltr'>τῶν</span> <span class='ocrx_word' id='word_1_81' title='bbox 1481 630 1850 697; x_wconf 75' lang='grc' dir='ltr'><strong>ὀνειδιζόντων</strong></span> <span class='ocrx_word' id='word_1_82' title='bbox 1883 647 1943 684; x_wconf 90' lang='grc' dir='ltr'><strong>σε</strong></span> 
     </span>
    </p>
   </div>
   <div class='ocr_carea' id='block_1_16' title="bbox 332 718 944 789">
    <p class='ocr_par' dir='ltr' id='par_1_16' title="bbox 332 718 944 789">
     <span class='ocr_line' id='line_1_16' title="bbox 332 718 944 789; baseline -0.002 -17"><span class='ocrx_word' id='word_1_83' title='bbox 332 719 622 773; x_wconf 69' lang='grc' dir='ltr'>ἐπέπεσον</span> <span class='ocrx_word' id='word_1_84' title='bbox 660 720 754 772; x_wconf 77' lang='grc' dir='ltr'><strong>ἐπ’</strong></span> <span class='ocrx_word' id='word_1_85' title='bbox 778 718 901 789; x_wconf 78' lang='grc' dir='ltr'><strong>ὲμέ.</strong></span> <span class='ocrx_word' id='word_1_86' title='bbox 925 734 944 771; x_wconf 74' lang='lat' dir='ltr'><strong>t</strong></span> 
     </span>
    </p>
   </div>
   <div class='ocr_carea' id='block_1_17' title="bbox 421 809 1943 886">
    <p class='ocr_par' dir='ltr' id='par_1_17' title="bbox 421 809 1943 886">
     <span class='ocr_line' id='line_1_17' title="bbox 421 809 1943 886; baseline 0.003 -23"><span class='ocrx_word' id='word_1_87' title='bbox 421 810 620 883; x_wconf 77' lang='grc' dir='ltr'><strong>Διττὴν</strong></span> <span class='ocrx_word' id='word_1_88' title='bbox 656 810 712 864; x_wconf 82' lang='grc' dir='ltr'><strong>δὲ</strong></span> <span class='ocrx_word' id='word_1_89' title='bbox 750 810 912 864; x_wconf 88' lang='grc' dir='ltr'>τοῦτο</span> <span class='ocrx_word' id='word_1_90' title='bbox 955 809 1056 883; x_wconf 83' lang='grc' dir='ltr'><strong>τὴν</strong></span> <span class='ocrx_word' id='word_1_91' title='bbox 1095 811 1337 866; x_wconf 72' lang='grc' dir='ltr'>διάνοιαν</span> <span class='ocrx_word' id='word_1_92' title='bbox 1385 812 1524 884; x_wconf 72' lang='grc' dir='ltr'>ἔχει.</span> <span class='ocrx_word' id='word_1_93' title='bbox 1566 813 1802 868; x_wconf 82' lang='grc' dir='ltr'>Δύναται</span> <span class='ocrx_word' id='word_1_94' title='bbox 1833 812 1943 886; x_wconf 77' lang='grc' dir='ltr'><strong>γὰρ</strong></span> 
     </span>
    </p>
   </div>
   <div class='ocr_carea' id='block_1_18' title="bbox 330 904 1940 979">
    <p class='ocr_par' dir='ltr' id='par_1_18' title="bbox 330 904 1940 979">
     <span class='ocr_line' id='line_1_18' title="bbox 330 904 1940 979; baseline 0.002 -21"><span class='ocrx_word' id='word_1_95' title='bbox 330 906 491 976; x_wconf 78' lang='grc' dir='ltr'>πρὸς</span> <span class='ocrx_word' id='word_1_96' title='bbox 509 906 602 959; x_wconf 83' lang='grc' dir='ltr'><strong>τὸν</strong></span> <span class='ocrx_word' id='word_1_97' title='bbox 625 904 848 976; x_wconf 81' lang='grc' dir='ltr'><strong>Πατέρα</strong></span> <span class='ocrx_word' id='word_1_98' title='bbox 876 907 969 959; x_wconf 75' lang='grc' dir='ltr'><strong>καὶ</strong></span> <span class='ocrx_word' id='word_1_99' title='bbox 1010 905 1145 960; x_wconf 80' lang='grc' dir='ltr'>Θεὸν</span> <span class='ocrx_word' id='word_1_100' title='bbox 1185 906 1337 979; x_wconf 76' lang='grc' dir='ltr'>παρὰ</span> <span class='ocrx_word' id='word_1_101' title='bbox 1366 907 1459 959; x_wconf 90' lang='grc' dir='ltr'><strong>τοῦ</strong></span> <span class='ocrx_word' id='word_1_102' title='bbox 1492 905 1629 960; x_wconf 83' lang='grc' dir='ltr'>Υίοῦ</span> <span class='ocrx_word' id='word_1_103' title='bbox 1661 907 1940 979; x_wconf 80' lang='grc' dir='ltr'>εἰρῆσθαι,</span> 
     </span>
    </p>
   </div>
   <div class='ocr_carea' id='block_1_19' title="bbox 332 996 1943 1070">
    <p class='ocr_par' dir='ltr' id='par_1_19' title="bbox 332 996 1943 1070">
     <span class='ocr_line' id='line_1_19' title="bbox 332 996 1943 1070; baseline 0.002 -20"><span class='ocrx_word' id='word_1_104' title='bbox 332 997 446 1051; x_wconf 75' lang='grc' dir='ltr'>καὶ</span> <span class='ocrx_word' id='word_1_105' title='bbox 468 996 543 1061; x_wconf 83' lang='grc' dir='ltr'>ὡς</span> <span class='ocrx_word' id='word_1_106' title='bbox 571 996 944 1068; x_wconf 67' lang='grc' dir='ltr'><strong>οἰκειουμένου</strong></span> <span class='ocrx_word' id='word_1_107' title='bbox 977 997 1075 1052; x_wconf 88' lang='grc' dir='ltr'><strong>τοῦ</strong></span> <span class='ocrx_word' id='word_1_108' title='bbox 1110 998 1456 1067; x_wconf 86' lang='grc' dir='ltr'>Μονογενοῦς</span> <span class='ocrx_word' id='word_1_109' title='bbox 1506 997 1607 1063; x_wconf 75' lang='grc' dir='ltr'>τὰς</span> <span class='ocrx_word' id='word_1_110' title='bbox 1639 998 1791 1070; x_wconf 76' lang='grc' dir='ltr'>παρὰ</span> <span class='ocrx_word' id='word_1_111' title='bbox 1832 1000 1943 1053; x_wconf 82' lang='grc' dir='ltr'>τῶν</span> 
     </span>
    </p>
   </div>
   <div class='ocr_carea' id='block_1_20' title="bbox 336 1087 1944 1162">
    <p class='ocr_par' dir='ltr' id='par_1_20' title="bbox 336 1087 1944 1162">
     <span class='ocr_line' id='line_1_20' title="bbox 336 1087 1944 1162; baseline 0.001 -19"><span class='ocrx_word' id='word_1_112' title='bbox 336 1087 657 1161; x_wconf 76' lang='grc' dir='ltr'>ἀνθρώπιον</span> <span class='ocrx_word' id='word_1_113' title='bbox 695 1090 775 1153; x_wconf 85' lang='grc' dir='ltr'><strong>είς</strong></span> <span class='ocrx_word' id='word_1_114' title='bbox 814 1089 908 1143; x_wconf 86' lang='grc' dir='ltr'><strong>τὸν</strong></span> <span class='ocrx_word' id='word_1_115' title='bbox 943 1089 1145 1144; x_wconf 81' lang='grc' dir='ltr'>ἑαυτοῦ</span> <span class='ocrx_word' id='word_1_116' title='bbox 1174 1090 1397 1162; x_wconf 87' lang='grc' dir='ltr'>Πατέρα</span> <span class='ocrx_word' id='word_1_117' title='bbox 1429 1090 1803 1162; x_wconf 68' lang='grc' dir='ltr'><strong>βλασφημίας,</strong></span> <span class='ocrx_word' id='word_1_118' title='bbox 1847 1091 1944 1145; x_wconf 78' lang='grc' dir='ltr'>καὶ</span> 
     </span>
    </p>
   </div>
   <div class='ocr_carea' id='block_1_21' title="bbox 334 1181 1943 1255">
    <p class='ocr_par' dir='ltr' id='par_1_21' title="bbox 334 1181 1943 1255">
     <span class='ocr_line' id='line_1_21' title="bbox 334 1181 1943 1255; baseline 0.001 -19"><span class='ocrx_word' id='word_1_119' title='bbox 334 1181 430 1248; x_wconf 87' lang='grc' dir='ltr'>ὡς</span> <span class='ocrx_word' id='word_1_120' title='bbox 480 1181 582 1253; x_wconf 83' lang='grc' dir='ltr'>τὴν</span> <span class='ocrx_word' id='word_1_121' title='bbox 630 1181 744 1237; x_wconf 87' lang='grc' dir='ltr'><strong>τῶν</strong></span> <span class='ocrx_word' id='word_1_122' title='bbox 791 1181 1266 1254; x_wconf 78' lang='grc' dir='ltr'><strong>βλασφημούντων</strong></span> <span class='ocrx_word' id='word_1_123' title='bbox 1314 1183 1410 1236; x_wconf 87' lang='grc' dir='ltr'><strong>τὸν</strong></span> <span class='ocrx_word' id='word_1_124' title='bbox 1454 1184 1589 1237; x_wconf 81' lang='grc' dir='ltr'>Θεὸν</span> <span class='ocrx_word' id='word_1_125' title='bbox 1636 1182 1943 1255; x_wconf 81' lang='grc' dir='ltr'>ἀνθρώπων</span> 
     </span>
    </p>
   </div>
   <div class='ocr_carea' id='block_1_22' title="bbox 333 1269 1945 1348">
    <p class='ocr_par' dir='ltr' id='par_1_22' title="bbox 333 1269 1945 1348">
     <span class='ocr_line' id='line_1_22' title="bbox 333 1269 1945 1348; baseline 0.004 -20"><span class='ocrx_word' id='word_1_126' title='bbox 333 1273 596 1342; x_wconf 84' lang='grc' dir='ltr'><strong>κόλασιν,</strong></span> <span class='ocrx_word' id='word_1_127' title='bbox 642 1275 784 1348; x_wconf 79' lang='grc' dir='ltr'>ὑπὲρ</span> <span class='ocrx_word' id='word_1_128' title='bbox 832 1269 907 1331; x_wconf 79' lang='grc' dir='ltr'>ὧν</span> <span class='ocrx_word' id='word_1_129' title='bbox 948 1274 1345 1348; x_wconf 76' lang='grc' dir='ltr'>ἐϐλασφήμουν</span> <span class='ocrx_word' id='word_1_130' title='bbox 1388 1277 1573 1344; x_wconf 83' lang='grc' dir='ltr'>αὐτὸν,</span> <span class='ocrx_word' id='word_1_131' title='bbox 1618 1279 1702 1342; x_wconf 81' lang='grc' dir='ltr'><strong>είς</strong></span> <span class='ocrx_word' id='word_1_132' title='bbox 1751 1277 1945 1335; x_wconf 77' lang='grc' dir='ltr'>ἑαυτὸν</span> 
     </span>
    </p>
   </div>
   <div class='ocr_carea' id='block_1_23' title="bbox 333 1365 2099 1445">
    <p class='ocr_par' dir='ltr' id='par_1_23' title="bbox 333 1365 2099 1445">
     <span class='ocr_line' id='line_1_23' title="bbox 333 1365 2099 1445; baseline 0.002 -25"><span class='ocrx_word' id='word_1_133' title='bbox 333 1365 778 1436; x_wconf 77' lang='grc' dir='ltr'>ἀναδεξαμένου.</span> <span class='ocrx_word' id='word_1_134' title='bbox 2094 1440 2099 1445; x_wconf 26' lang='grc'><strong>,</strong></span> 
     </span>
    </p>
   </div>
   <div class='ocr_carea' id='block_1_24' title="bbox 427 1459 1938 1535">
    <p class='ocr_par' dir='ltr' id='par_1_24' title="bbox 427 1459 1938 1535">
     <span class='ocr_line' id='line_1_24' title="bbox 427 1459 1938 1535; baseline 0.001 -21"><span class='ocrx_word' id='word_1_135' title='bbox 427 1479 448 1514; x_wconf 81' lang='grc' dir='ltr'><strong>ι</strong></span> <span class='ocrx_word' id='word_1_136' title='bbox 490 1460 550 1514; x_wconf 88' lang='lat'><strong>&#39;0</strong></span> <span class='ocrx_word' id='word_1_137' title='bbox 582 1460 639 1514; x_wconf 80' lang='grc' dir='ltr'>δὲ</span> <span class='ocrx_word' id='word_1_138' title='bbox 661 1459 795 1524; x_wconf 93' lang='grc' dir='ltr'>Θεὸς</span> <span class='ocrx_word' id='word_1_139' title='bbox 823 1460 923 1531; x_wconf 81' lang='grc' dir='ltr'>τῆς</span> <span class='ocrx_word' id='word_1_140' title='bbox 956 1459 1238 1533; x_wconf 78' lang='grc' dir='ltr'>ὑπομονῆς</span> <span class='ocrx_word' id='word_1_141' title='bbox 1267 1462 1364 1517; x_wconf 77' lang='grc' dir='ltr'><strong>καὶ</strong></span> <span class='ocrx_word' id='word_1_142' title='bbox 1407 1460 1511 1534; x_wconf 82' lang='grc' dir='ltr'>τῆς</span> <span class='ocrx_word' id='word_1_143' title='bbox 1540 1462 1938 1535; x_wconf 87' lang='grc' dir='ltr'>παρακλήσεως</span> 
     </span>
    </p>
   </div>
   <div class='ocr_carea' id='block_1_25' title="bbox 2058 1459 3634 1535">
    <p class='ocr_par' dir='ltr' id='par_1_25' title="bbox 2116 1462 3634 1534">
     <span class='ocr_line' id='line_1_25' title="bbox 2116 1462 3634 1534; baseline 0.001 -16"><span class='ocrx_word' id='word_1_144' title='bbox 2116 1462 2281 1519; x_wconf 74' lang='lat' dir='ltr'><strong>Vsus.</strong></span> <span class='ocrx_word' id='word_1_145' title='bbox 2313 1463 2368 1528; x_wconf 80' lang='grc'>5,</span> <span class='ocrx_word' id='word_1_146' title='bbox 2401 1462 2455 1520; x_wconf 83' lang='grc'>6.</span> <span class='ocrx_word' id='word_1_147' title='bbox 2491 1483 2510 1518; x_wconf 89' lang='grc' dir='ltr'><strong>ι</strong></span> <span class='ocrx_word' id='word_1_148' title='bbox 2536 1464 2681 1520; x_wconf 86' lang='lat' dir='ltr'><strong>Deus</strong></span> <span class='ocrx_word' id='word_1_149' title='bbox 2711 1471 2892 1520; x_wconf 88' lang='lat' dir='ltr'><strong>autem</strong></span> <span class='ocrx_word' id='word_1_150' title='bbox 2929 1464 3206 1534; x_wconf 79' lang='lat' dir='ltr'><strong>patientia:</strong></span> <span class='ocrx_word' id='word_1_151' title='bbox 3257 1473 3314 1523; x_wconf 83' lang='lat' dir='ltr'><strong>et</strong></span> <span class='ocrx_word' id='word_1_152' title='bbox 3340 1464 3517 1522; x_wconf 79' lang='lat' dir='ltr'><strong>solatii</strong></span> <span class='ocrx_word' id='word_1_153' title='bbox 3542 1465 3634 1520; x_wconf 83' lang='lat' dir='ltr'><strong>det</strong></span> 
     </span>
    </p>
   </div>
   <div class='ocr_carea' id='block_1_26' title="bbox 332 1550 1938 1627">
    <p class='ocr_par' dir='ltr' id='par_1_26' title="bbox 332 1550 1938 1627">
     <span class='ocr_line' id='line_1_26' title="bbox 332 1550 1938 1627; baseline 0.002 -20"><span class='ocrx_word' id='word_1_154' title='bbox 332 1550 463 1625; x_wconf 84' lang='grc' dir='ltr'><strong>δώῃ</strong></span> <span class='ocrx_word' id='word_1_155' title='bbox 499 1552 633 1623; x_wconf 81' lang='grc' dir='ltr'>ὑμῖν</span> <span class='ocrx_word' id='word_1_156' title='bbox 660 1552 721 1606; x_wconf 87' lang='grc' dir='ltr'><strong>τὸ</strong></span> <span class='ocrx_word' id='word_1_157' title='bbox 749 1550 883 1607; x_wconf 85' lang='grc' dir='ltr'>αὐτὸ</span> <span class='ocrx_word' id='word_1_158' title='bbox 911 1552 1130 1623; x_wconf 85' lang='grc' dir='ltr'>φρονεῖν</span> <span class='ocrx_word' id='word_1_159' title='bbox 1155 1555 1213 1608; x_wconf 80' lang='grc' dir='ltr'><strong>ἐν</strong></span> <span class='ocrx_word' id='word_1_160' title='bbox 1234 1553 1508 1627; x_wconf 81' lang='grc' dir='ltr'>ἀλλήλοις,</span> <span class='ocrx_word' id='word_1_161' title='bbox 1539 1554 1681 1610; x_wconf 86' lang='grc' dir='ltr'>κατὰ</span> <span class='ocrx_word' id='word_1_162' title='bbox 1704 1554 1938 1624; x_wconf 87' lang='grc' dir='ltr'>Χριστὸν</span> 
     </span>
    </p>
   </div>
   <div class='ocr_carea' id='block_1_27' title="bbox 2058 1550 3633 1627">
    <p class='ocr_par' dir='ltr' id='par_1_27' title="bbox 2058 1553 3633 1626">
     <span class='ocr_line' id='line_1_27' title="bbox 2058 1553 3633 1626; baseline 0.003 -18"><span class='ocrx_word' id='word_1_163' title='bbox 2058 1553 2198 1610; x_wconf 78' lang='lat' dir='ltr'><strong>vobis</strong></span> <span class='ocrx_word' id='word_1_164' title='bbox 2227 1556 2457 1625; x_wconf 89' lang='lat' dir='ltr'><strong>idipsum</strong></span> <span class='ocrx_word' id='word_1_165' title='bbox 2480 1571 2672 1626; x_wconf 86' lang='lat' dir='ltr'><strong>sapere</strong></span> <span class='ocrx_word' id='word_1_166' title='bbox 2702 1558 2754 1612; x_wconf 92' lang='lat' dir='ltr'><strong>in</strong></span> <span class='ocrx_word' id='word_1_167' title='bbox 2787 1558 3110 1613; x_wconf 90' lang='lat' dir='ltr'><strong>alterutrum</strong></span> <span class='ocrx_word' id='word_1_168' title='bbox 3132 1559 3428 1614; x_wconf 86' lang='lat' dir='ltr'><strong>secundum</strong></span> <span class='ocrx_word' id='word_1_169' title='bbox 3447 1558 3633 1615; x_wconf 87' lang='lat' dir='ltr'><strong>Jesum</strong></span> 
     </span>
    </p>
   </div>
   <div class='ocr_carea' id='block_1_28' title="bbox 351 1642 1938 1719">
    <p class='ocr_par' dir='ltr' id='par_1_28' title="bbox 351 1642 1938 1719">
     <span class='ocr_line' id='line_1_28' title="bbox 351 1642 1938 1719; baseline 0.001 -19"><span class='ocrx_word' id='word_1_170' title='bbox 351 1642 594 1714; x_wconf 82' lang='grc' dir='ltr'><strong>Ἰησοῦν,</strong></span> <span class='ocrx_word' id='word_1_171' title='bbox 642 1643 730 1698; x_wconf 80' lang='grc' dir='ltr'>ἵνα</span> <span class='ocrx_word' id='word_1_172' title='bbox 766 1643 1113 1716; x_wconf 82' lang='grc' dir='ltr'>ὁμοθυμαδὸν</span> <span class='ocrx_word' id='word_1_173' title='bbox 1162 1646 1222 1700; x_wconf 81' lang='grc' dir='ltr'>ἐν</span> <span class='ocrx_word' id='word_1_174' title='bbox 1277 1646 1359 1701; x_wconf 70' lang='grc' dir='ltr'>ἐνὶ</span> <span class='ocrx_word' id='word_1_175' title='bbox 1399 1648 1630 1719; x_wconf 85' lang='grc' dir='ltr'>στόματι</span> <span class='ocrx_word' id='word_1_176' title='bbox 1679 1648 1938 1719; x_wconf 77' lang='grc' dir='ltr'><strong>δοξάζητε</strong></span> 
     </span>
    </p>
   </div>
   <div class='ocr_carea' id='block_1_29' title="bbox 2058 1642 3630 1719">
    <p class='ocr_par' dir='ltr' id='par_1_29' title="bbox 2058 1644 3630 1716">
     <span class='ocr_line' id='line_1_29' title="bbox 2058 1644 3630 1716; baseline 0.003 -17"><span class='ocrx_word' id='word_1_177' title='bbox 2058 1644 2341 1712; x_wconf 68' lang='lat' dir='ltr'><strong>Christum,</strong></span> <span class='ocrx_word' id='word_1_178' title='bbox 2370 1656 2432 1702; x_wconf 88' lang='lat' dir='ltr'><strong>ut</strong></span> <span class='ocrx_word' id='word_1_179' title='bbox 2461 1648 2750 1704; x_wconf 80' lang='lat' dir='ltr'><strong>unanimes</strong></span> <span class='ocrx_word' id='word_1_180' title='bbox 2775 1664 2882 1705; x_wconf 87' lang='lat' dir='ltr'><strong>uno</strong></span> <span class='ocrx_word' id='word_1_181' title='bbox 2919 1663 3017 1704; x_wconf 89' lang='lat' dir='ltr'><strong>ore</strong></span> <span class='ocrx_word' id='word_1_182' title='bbox 3045 1648 3421 1706; x_wconf 77' lang='lat' dir='ltr'><strong>honoriﬁcetis</strong></span> <span class='ocrx_word' id='word_1_183' title='bbox 3438 1649 3630 1716; x_wconf 86' lang='lat' dir='ltr'><strong>Deum,</strong></span> 
     </span>
    </p>
   </div>
   <div class='ocr_carea' id='block_1_30' title="bbox 334 1730 1938 1821">
    <p class='ocr_par' dir='ltr' id='par_1_30' title="bbox 334 1734 1938 1815">
     <span class='ocr_line' id='line_1_30' title="bbox 334 1734 1938 1815; baseline 0.004 -25"><span class='ocrx_word' id='word_1_184' title='bbox 334 1734 446 1790; x_wconf 82' lang='grc' dir='ltr'><strong>τὸν</strong></span> <span class='ocrx_word' id='word_1_185' title='bbox 497 1736 632 1790; x_wconf 86' lang='grc' dir='ltr'>Θεὸν</span> <span class='ocrx_word' id='word_1_186' title='bbox 695 1738 791 1791; x_wconf 77' lang='grc' dir='ltr'><strong>καὶ</strong></span> <span class='ocrx_word' id='word_1_187' title='bbox 850 1738 1071 1813; x_wconf 78' lang='grc' dir='ltr'>Πατέρα</span> <span class='ocrx_word' id='word_1_188' title='bbox 1131 1737 1225 1793; x_wconf 86' lang='grc' dir='ltr'><strong>τοῦ</strong></span> <span class='ocrx_word' id='word_1_189' title='bbox 1291 1741 1500 1813; x_wconf 85' lang='grc' dir='ltr'>Κυρίου</span> <span class='ocrx_word' id='word_1_190' title='bbox 1547 1741 1706 1813; x_wconf 74' lang='grc' dir='ltr'>ἡμῶν</span> <span class='ocrx_word' id='word_1_191' title='bbox 1764 1741 1938 1815; x_wconf 85' lang='grc' dir='ltr'>Ἰησοῦ</span> 
     </span>
    </p>
   </div>
   <div class='ocr_carea' id='block_1_31' title="bbox 2058 1730 3276 1821">
    <p class='ocr_par' dir='ltr' id='par_1_31' title="bbox 2058 1736 3276 1821">
     <span class='ocr_line' id='line_1_31' title="bbox 2058 1736 3276 1821; baseline 0.002 -29"><span class='ocrx_word' id='word_1_192' title='bbox 2058 1746 2099 1792; x_wconf 69' lang='lat' dir='ltr'><strong>at</strong></span> <span class='ocrx_word' id='word_1_193' title='bbox 2133 1736 2349 1793; x_wconf 85' lang='lat' dir='ltr'><strong>Patrem</strong></span> <span class='ocrx_word' id='word_1_194' title='bbox 2376 1739 2589 1821; x_wconf 86' lang='lat' dir='ltr'><strong>Domini</strong></span> <span class='ocrx_word' id='word_1_195' title='bbox 2626 1740 2796 1796; x_wconf 84' lang='lat' dir='ltr'><strong>nostri</strong></span> <span class='ocrx_word' id='word_1_196' title='bbox 2822 1739 2953 1797; x_wconf 80' lang='lat' dir='ltr'><strong>.lesu</strong></span> <span class='ocrx_word' id='word_1_197' title='bbox 2987 1739 3218 1797; x_wconf 86' lang='lat' dir='ltr'><strong>Christi.</strong></span> <span class='ocrx_word' id='word_1_198' title='bbox 3254 1759 3276 1795; x_wconf 70' lang='grc' dir='ltr'><strong>ι</strong></span> 
     </span>
    </p>
   </div>
   <div class='ocr_carea' id='block_1_32' title="bbox 332 1827 678 1900">
    <p class='ocr_par' dir='ltr' id='par_1_32' title="bbox 332 1827 678 1900">
     <span class='ocr_line' id='line_1_32' title="bbox 332 1827 678 1900; baseline 0 -18"><span class='ocrx_word' id='word_1_199' title='bbox 332 1827 394 1882; x_wconf 83' lang='grc' dir='ltr'><strong>Χ</strong></span> <span class='ocrx_word' id='word_1_200' title='bbox 402 1827 616 1900; x_wconf 80' lang='grc' dir='ltr'>ριστοῦ.</span> <span class='ocrx_word' id='word_1_201' title='bbox 657 1846 678 1882; x_wconf 82' lang='lat' dir='ltr'><strong>s</strong></span> 
     </span>
    </p>
   </div>
   <div class='ocr_carea' id='block_1_33' title="bbox 419 1936 1938 2016">
    <p class='ocr_par' dir='ltr' id='par_1_33' title="bbox 419 1940 1938 2016">
     <span class='ocr_line' id='line_1_33' title="bbox 419 1940 1938 2016; baseline 0.001 -19"><span class='ocrx_word' id='word_1_202' title='bbox 419 1940 556 1997; x_wconf 83' lang='grc' dir='ltr'>Θεὸν</span> <span class='ocrx_word' id='word_1_203' title='bbox 588 1942 646 1996; x_wconf 73' lang='grc' dir='ltr'>δὲ</span> <span class='ocrx_word' id='word_1_204' title='bbox 672 1941 957 2014; x_wconf 77' lang='grc' dir='ltr'>ὑπομονῆς</span> <span class='ocrx_word' id='word_1_205' title='bbox 984 1941 1084 1998; x_wconf 75' lang='grc' dir='ltr'>καὶ</span> <span class='ocrx_word' id='word_1_206' title='bbox 1114 1943 1523 2015; x_wconf 81' lang='grc' dir='ltr'>παρακλήσεως</span> <span class='ocrx_word' id='word_1_207' title='bbox 1544 1942 1718 2014; x_wconf 80' lang='grc' dir='ltr'><strong>λέγει,</strong></span> <span class='ocrx_word' id='word_1_208' title='bbox 1737 1942 1829 1999; x_wconf 85' lang='grc' dir='ltr'><strong>τὸν</strong></span> <span class='ocrx_word' id='word_1_209' title='bbox 1846 1945 1938 2016; x_wconf 86' lang='grc' dir='ltr'>τὴν</span> 
     </span>
    </p>
   </div>
   <div class='ocr_carea' id='block_1_34' title="bbox 2058 1936 3619 2016">
    <p class='ocr_par' dir='ltr' id='par_1_34' title="bbox 2104 1936 3619 2013">
     <span class='ocr_line' id='line_1_34' title="bbox 2104 1936 3619 2013; baseline 0.003 -20"><span class='ocrx_word' id='word_1_210' title='bbox 2104 1936 2389 1995; x_wconf 75' lang='lat' dir='ltr'><strong>Patientia:</strong></span> <span class='ocrx_word' id='word_1_211' title='bbox 2445 1948 2501 1996; x_wconf 89' lang='lat' dir='ltr'><strong>et</strong></span> <span class='ocrx_word' id='word_1_212' title='bbox 2554 1940 2736 1998; x_wconf 79' lang='lat' dir='ltr'><strong>solatii</strong></span> <span class='ocrx_word' id='word_1_213' title='bbox 2773 1942 2940 1997; x_wconf 89' lang='lat' dir='ltr'><strong>Deum</strong></span> <span class='ocrx_word' id='word_1_214' title='bbox 2976 1941 3129 2009; x_wconf 87' lang='lat' dir='ltr'><strong>dicit,</strong></span> <span class='ocrx_word' id='word_1_215' title='bbox 3161 1939 3252 2013; x_wconf 86' lang='lat' dir='ltr'><strong>qui</strong></span> <span class='ocrx_word' id='word_1_216' title='bbox 3301 1940 3619 2013; x_wconf 85' lang='lat' dir='ltr'><strong>patientiam</strong></span> 
     </span>
    </p>
   </div>
   <div class='ocr_carea' id='block_1_35' title="bbox 333 2034 1938 2107">
    <p class='ocr_par' dir='ltr' id='par_1_35' title="bbox 333 2034 1938 2107">
     <span class='ocr_line' id='line_1_35' title="bbox 333 2034 1938 2107; baseline 0 -16"><span class='ocrx_word' id='word_1_217' title='bbox 333 2034 634 2107; x_wconf 71' lang='grc' dir='ltr'>ὑπομονὴν</span> <span class='ocrx_word' id='word_1_218' title='bbox 670 2035 767 2089; x_wconf 77' lang='grc' dir='ltr'><strong>καὶ</strong></span> <span class='ocrx_word' id='word_1_219' title='bbox 792 2035 1141 2106; x_wconf 83' lang='grc' dir='ltr'>παράκλησιν</span> <span class='ocrx_word' id='word_1_220' title='bbox 1171 2036 1554 2107; x_wconf 83' lang='grc' dir='ltr'>χαριζόμενον,</span> <span class='ocrx_word' id='word_1_221' title='bbox 1591 2035 1667 2100; x_wconf 85' lang='grc' dir='ltr'><strong>ὡς</strong></span> <span class='ocrx_word' id='word_1_222' title='bbox 1695 2037 1792 2090; x_wconf 79' lang='grc' dir='ltr'>καὶ</span> <span class='ocrx_word' id='word_1_223' title='bbox 1810 2037 1938 2091; x_wconf 84' lang='grc' dir='ltr'>Θεὸν</span> 
     </span>
    </p>
   </div>
   <div class='ocr_carea' id='block_1_36' title="bbox 2058 2034 3632 2107">
    <p class='ocr_par' dir='ltr' id='par_1_36' title="bbox 2058 2034 3632 2107">
     <span class='ocr_line' id='line_1_36' title="bbox 2058 2034 3632 2107; baseline 0.001 -17"><span class='ocrx_word' id='word_1_224' title='bbox 2058 2043 2101 2090; x_wconf 71' lang='lat' dir='ltr'><strong>at</strong></span> <span class='ocrx_word' id='word_1_225' title='bbox 2122 2034 2374 2091; x_wconf 82' lang='lat' dir='ltr'><strong>solatium</strong></span> <span class='ocrx_word' id='word_1_226' title='bbox 2399 2035 2655 2107; x_wconf 74' lang='lat' dir='ltr'><strong>largitur,</strong></span> <span class='ocrx_word' id='word_1_227' title='bbox 2672 2036 3128 2107; x_wconf 85' lang='lat' dir='ltr'><strong>quemadmodum</strong></span> <span class='ocrx_word' id='word_1_228' title='bbox 3147 2046 3202 2090; x_wconf 87' lang='lat' dir='ltr'><strong>et</strong></span> <span class='ocrx_word' id='word_1_229' title='bbox 3224 2035 3389 2091; x_wconf 87' lang='lat' dir='ltr'><strong>Deum</strong></span> <span class='ocrx_word' id='word_1_230' title='bbox 3417 2035 3632 2093; x_wconf 82' lang='lat' dir='ltr'><strong>miseri-</strong></span> 
     </span>
    </p>
   </div>
   <div class='ocr_carea' id='block_1_37' title="bbox 332 2127 1938 2201">
    <p class='ocr_par' dir='ltr' id='par_1_37' title="bbox 332 2127 1938 2201">
     <span class='ocr_line' id='line_1_37' title="bbox 332 2127 1938 2201; baseline 0 -17"><span class='ocrx_word' id='word_1_231' title='bbox 332 2129 557 2195; x_wconf 73' lang='grc' dir='ltr'>ἐλέους,</span> <span class='ocrx_word' id='word_1_232' title='bbox 594 2127 690 2181; x_wconf 76' lang='grc' dir='ltr'>καὶ</span> <span class='ocrx_word' id='word_1_233' title='bbox 726 2127 861 2182; x_wconf 88' lang='grc' dir='ltr'>Θεὸν</span> <span class='ocrx_word' id='word_1_234' title='bbox 909 2129 1234 2200; x_wconf 77' lang='grc' dir='ltr'>οἰκτιρμῶν.</span> <span class='ocrx_word' id='word_1_235' title='bbox 1273 2129 1346 2183; x_wconf 86' lang='grc' dir='ltr'>Τὸ</span> <span class='ocrx_word' id='word_1_236' title='bbox 1391 2129 1471 2192; x_wconf 70' lang='grc' dir='ltr'>δὲ,</span> <span class='ocrx_word' id='word_1_237' title='bbox 1519 2128 1647 2198; x_wconf 72' lang='grc' dir='ltr'><strong>Δώῃ</strong></span> <span class='ocrx_word' id='word_1_238' title='bbox 1689 2128 1832 2201; x_wconf 81' lang='grc' dir='ltr'><strong>ὑμῖν</strong></span> <span class='ocrx_word' id='word_1_239' title='bbox 1874 2128 1938 2184; x_wconf 77' lang='grc' dir='ltr'><strong>τὸ</strong></span> 
     </span>
    </p>
   </div>
   <div class='ocr_carea' id='block_1_38' title="bbox 2058 2127 3629 2201">
    <p class='ocr_par' dir='ltr' id='par_1_38' title="bbox 2058 2128 3629 2195">
     <span class='ocr_line' id='line_1_38' title="bbox 2058 2128 3629 2195; baseline 0 -12"><span class='ocrx_word' id='word_1_240' title='bbox 2058 2129 2243 2184; x_wconf 68' lang='lat' dir='ltr'><strong>:ordia:</strong></span> <span class='ocrx_word' id='word_1_241' title='bbox 2273 2138 2331 2185; x_wconf 88' lang='lat' dir='ltr'><strong>et</strong></span> <span class='ocrx_word' id='word_1_242' title='bbox 2365 2131 2535 2184; x_wconf 90' lang='lat' dir='ltr'><strong>Deum</strong></span> <span class='ocrx_word' id='word_1_243' title='bbox 2564 2130 3011 2186; x_wconf 80' lang='lat' dir='ltr'><strong>miserationutn.</strong></span> <span class='ocrx_word' id='word_1_244' title='bbox 3043 2128 3156 2184; x_wconf 80' lang='lat' dir='ltr'><strong>Hoc</strong></span> <span class='ocrx_word' id='word_1_245' title='bbox 3177 2143 3325 2195; x_wconf 86' lang='lat' dir='ltr'><strong>vero,</strong></span> <span class='ocrx_word' id='word_1_246' title='bbox 3360 2128 3455 2185; x_wconf 88' lang='lat' dir='ltr'><strong>Det</strong></span> <span class='ocrx_word' id='word_1_247' title='bbox 3484 2128 3629 2183; x_wconf 81' lang='lat' dir='ltr'><strong>vobis</strong></span> 
     </span>
    </p>
   </div>
   <div class='ocr_carea' id='block_1_39' title="bbox 328 2217 1938 2290">
    <p class='ocr_par' dir='ltr' id='par_1_39' title="bbox 328 2217 1938 2290">
     <span class='ocr_line' id='line_1_39' title="bbox 328 2217 1938 2290; baseline 0.001 -15"><span class='ocrx_word' id='word_1_248' title='bbox 328 2218 498 2275; x_wconf 82' lang='grc' dir='ltr'>αὐτὸ</span> <span class='ocrx_word' id='word_1_249' title='bbox 528 2217 775 2287; x_wconf 71' lang='grc' dir='ltr'>φρονεῖν</span> <span class='ocrx_word' id='word_1_250' title='bbox 817 2220 970 2275; x_wconf 81' lang='grc' dir='ltr'>κατὰ</span> <span class='ocrx_word' id='word_1_251' title='bbox 1017 2222 1282 2289; x_wconf 79' lang='grc' dir='ltr'>Χριστὸν</span> <span class='ocrx_word' id='word_1_252' title='bbox 1320 2221 1589 2290; x_wconf 82' lang='grc' dir='ltr'>Ἰησοῦν,</span> <span class='ocrx_word' id='word_1_253' title='bbox 1651 2223 1775 2277; x_wconf 79' lang='grc' dir='ltr'>ἀντὶ</span> <span class='ocrx_word' id='word_1_254' title='bbox 1821 2221 1938 2289; x_wconf 72' lang='grc' dir='ltr'><strong>τοῦ¹</strong></span> 
     </span>
    </p>
   </div>
   <div class='ocr_carea' id='block_1_40' title="bbox 2058 2217 3629 2290">
    <p class='ocr_par' dir='ltr' id='par_1_40' title="bbox 2058 2218 3629 2290">
     <span class='ocr_line' id='line_1_40' title="bbox 2058 2218 3629 2290; baseline -0.001 -19"><span class='ocrx_word' id='word_1_255' title='bbox 2058 2221 2276 2290; x_wconf 69' lang='lat' dir='ltr'><strong>idipsum</strong></span> <span class='ocrx_word' id='word_1_256' title='bbox 2325 2236 2509 2287; x_wconf 87' lang='lat' dir='ltr'><strong>sapere</strong></span> <span class='ocrx_word' id='word_1_257' title='bbox 2548 2221 2840 2274; x_wconf 83' lang='lat' dir='ltr'><strong>secundum</strong></span> <span class='ocrx_word' id='word_1_258' title='bbox 2871 2219 3057 2273; x_wconf 76' lang='lat' dir='ltr'><strong>Iesum</strong></span> <span class='ocrx_word' id='word_1_259' title='bbox 3087 2218 3375 2284; x_wconf 77' lang='lat' dir='ltr'><strong>Christum,</strong></span> <span class='ocrx_word' id='word_1_260' title='bbox 3418 2232 3538 2288; x_wconf 90' lang='lat' dir='ltr'><strong>pro,</strong></span> <span class='ocrx_word' id='word_1_261' title='bbox 3569 2225 3629 2270; x_wconf 90' lang='lat' dir='ltr'><strong>ut</strong></span> 
     </span>
    </p>
   </div>
   <div class='ocr_carea' id='block_1_41' title="bbox 335 2310 1938 2386">
    <p class='ocr_par' dir='ltr' id='par_1_41' title="bbox 335 2310 1938 2386">
     <span class='ocr_line' id='line_1_41' title="bbox 335 2310 1938 2386; baseline 0.003 -22"><span class='ocrx_word' id='word_1_262' title='bbox 335 2310 553 2385; x_wconf 80' lang='grc' dir='ltr'>μηκέτι</span> <span class='ocrx_word' id='word_1_263' title='bbox 610 2310 753 2365; x_wconf 71' lang='grc' dir='ltr'>κατὰ</span> <span class='ocrx_word' id='word_1_264' title='bbox 796 2310 866 2365; x_wconf 83' lang='grc' dir='ltr'>τὰ</span> <span class='ocrx_word' id='word_1_265' title='bbox 911 2311 1124 2367; x_wconf 81' lang='grc' dir='ltr'>παλαιὰ</span> <span class='ocrx_word' id='word_1_266' title='bbox 1177 2314 1288 2368; x_wconf 84' lang='grc' dir='ltr'>τῶν</span> <span class='ocrx_word' id='word_1_267' title='bbox 1337 2315 1597 2386; x_wconf 82' lang='grc' dir='ltr'>πατέρων</span> <span class='ocrx_word' id='word_1_268' title='bbox 1644 2315 1802 2386; x_wconf 84' lang='grc' dir='ltr'>ὑμῶν</span> <span class='ocrx_word' id='word_1_269' title='bbox 1844 2314 1938 2386; x_wconf 77' lang='grc' dir='ltr'>ἔθη</span> 
     </span>
    </p>
   </div>
   <div class='ocr_carea' id='block_1_42' title="bbox 2058 2310 3630 2386">
    <p class='ocr_par' dir='ltr' id='par_1_42' title="bbox 2065 2310 3630 2380">
     <span class='ocr_line' id='line_1_42' title="bbox 2065 2310 3630 2380; baseline -0.002 -15"><span class='ocrx_word' id='word_1_270' title='bbox 2065 2327 2151 2366; x_wconf 86' lang='lat' dir='ltr'><strong>am</strong></span> <span class='ocrx_word' id='word_1_271' title='bbox 2184 2327 2289 2366; x_wconf 91' lang='lat' dir='ltr'><strong>non</strong></span> <span class='ocrx_word' id='word_1_272' title='bbox 2317 2311 2440 2367; x_wconf 85' lang='lat' dir='ltr'><strong>sitis</strong></span> <span class='ocrx_word' id='word_1_273' title='bbox 2468 2310 2626 2380; x_wconf 83' lang='lat' dir='ltr'><strong>juxta</strong></span> <span class='ocrx_word' id='word_1_274' title='bbox 2656 2320 2900 2366; x_wconf 84' lang='lat' dir='ltr'><strong>veterem</strong></span> <span class='ocrx_word' id='word_1_275' title='bbox 2925 2319 3139 2380; x_wconf 82' lang='lat' dir='ltr'><strong>patrum</strong></span> <span class='ocrx_word' id='word_1_276' title='bbox 3174 2319 3484 2364; x_wconf 81' lang='lat' dir='ltr'><strong>vestrorum</strong></span> <span class='ocrx_word' id='word_1_277' title='bbox 3511 2322 3630 2363; x_wconf 84' lang='lat' dir='ltr'><strong>mo-</strong></span> 
     </span>
    </p>
   </div>
   <div class='ocr_carea' id='block_1_43' title="bbox 328 2399 1938 2477">
    <p class='ocr_par' dir='ltr' id='par_1_43' title="bbox 328 2399 1938 2477">
     <span class='ocr_line' id='line_1_43' title="bbox 328 2399 1938 2477; baseline 0.003 -21"><span class='ocrx_word' id='word_1_278' title='bbox 328 2399 787 2472; x_wconf 80' lang='grc' dir='ltr'>διαιρουμὲνους,</span> <span class='ocrx_word' id='word_1_279' title='bbox 834 2400 953 2455; x_wconf 79' lang='grc' dir='ltr'>ἀλλ’</span> <span class='ocrx_word' id='word_1_280' title='bbox 994 2403 1327 2474; x_wconf 68' lang='grc' dir='ltr'>ἑπομένους</span> <span class='ocrx_word' id='word_1_281' title='bbox 1370 2406 1513 2460; x_wconf 82' lang='grc' dir='ltr'>κατὰ</span> <span class='ocrx_word' id='word_1_282' title='bbox 1555 2406 1657 2461; x_wconf 82' lang='grc' dir='ltr'><strong>τὸν</strong></span> <span class='ocrx_word' id='word_1_283' title='bbox 1690 2407 1938 2477; x_wconf 71' lang='grc' dir='ltr'>οὐράνιον</span> 
     </span>
    </p>
   </div>
   <div class='ocr_carea' id='block_1_44' title="bbox 2058 2399 3625 2477">
    <p class='ocr_par' dir='ltr' id='par_1_44' title="bbox 2058 2400 3625 2470">
     <span class='ocr_line' id='line_1_44' title="bbox 2058 2400 3625 2470; baseline -0.003 -10"><span class='ocrx_word' id='word_1_284' title='bbox 2058 2419 2160 2460; x_wconf 70' lang='lat' dir='ltr'><strong>rem</strong></span> <span class='ocrx_word' id='word_1_285' title='bbox 2187 2404 2370 2470; x_wconf 75' lang='lat' dir='ltr'><strong>divisi,</strong></span> <span class='ocrx_word' id='word_1_286' title='bbox 2396 2404 2494 2458; x_wconf 72' lang='lat' dir='ltr'><strong>sed</strong></span> <span class='ocrx_word' id='word_1_287' title='bbox 2519 2404 2665 2457; x_wconf 75' lang='lat' dir='ltr'><strong>uniti</strong></span> <span class='ocrx_word' id='word_1_288' title='bbox 2689 2402 2989 2458; x_wconf 74' lang='lat' dir='ltr'><strong>secundum</strong></span> <span class='ocrx_word' id='word_1_289' title='bbox 3019 2401 3295 2457; x_wconf 78' lang='lat' dir='ltr'><strong>hominem</strong></span> <span class='ocrx_word' id='word_1_290' title='bbox 3325 2400 3625 2470; x_wconf 64' lang='lat' dir='ltr'><strong>ctelestem.</strong></span> 
     </span>
    </p>
   </div>
   <div class='ocr_carea' id='block_1_45' title="bbox 331 2490 1938 2567">
    <p class='ocr_par' dir='ltr' id='par_1_45' title="bbox 331 2490 1938 2567">
     <span class='ocr_line' id='line_1_45' title="bbox 331 2490 1938 2567; baseline 0.005 -22"><span class='ocrx_word' id='word_1_291' title='bbox 331 2490 657 2562; x_wconf 75' lang='grc' dir='ltr'>ἄνθρωπον.</span> <span class='ocrx_word' id='word_1_292' title='bbox 691 2492 764 2545; x_wconf 88' lang='grc' dir='ltr'>Τὸ</span> <span class='ocrx_word' id='word_1_293' title='bbox 793 2492 871 2562; x_wconf 84' lang='grc' dir='ltr'><strong>δὲ,</strong></span> <span class='ocrx_word' id='word_1_294' title='bbox 895 2493 1005 2548; x_wconf 82' lang='grc' dir='ltr'>τὸν</span> <span class='ocrx_word' id='word_1_295' title='bbox 1024 2494 1173 2549; x_wconf 83' lang='grc' dir='ltr'>Θεὸν</span> <span class='ocrx_word' id='word_1_296' title='bbox 1200 2496 1300 2551; x_wconf 78' lang='grc' dir='ltr'>καὶ</span> <span class='ocrx_word' id='word_1_297' title='bbox 1323 2497 1561 2567; x_wconf 85' lang='grc' dir='ltr'>Πατέρα</span> <span class='ocrx_word' id='word_1_298' title='bbox 1590 2499 1699 2553; x_wconf 84' lang='grc' dir='ltr'><strong>τοῦ</strong></span> <span class='ocrx_word' id='word_1_299' title='bbox 1720 2498 1938 2566; x_wconf 80' lang='grc' dir='ltr'>Κυρίου</span> 
     </span>
    </p>
   </div>
   <div class='ocr_carea' id='block_1_46' title="bbox 2058 2490 3628 2567">
    <p class='ocr_par' dir='ltr' id='par_1_46' title="bbox 2058 2490 3628 2561">
     <span class='ocr_line' id='line_1_46' title="bbox 2058 2490 3628 2561; baseline -0.001 -12"><span class='ocrx_word' id='word_1_300' title='bbox 2058 2494 2159 2550; x_wconf 76' lang='lat' dir='ltr'><strong>Hoc</strong></span> <span class='ocrx_word' id='word_1_301' title='bbox 2197 2504 2402 2561; x_wconf 86' lang='lat' dir='ltr'><strong>autem,</strong></span> <span class='ocrx_word' id='word_1_302' title='bbox 2446 2495 2615 2549; x_wconf 87' lang='lat' dir='ltr'><strong>Deum</strong></span> <span class='ocrx_word' id='word_1_303' title='bbox 2671 2504 2718 2549; x_wconf 84' lang='lat' dir='ltr'><strong>et</strong></span> <span class='ocrx_word' id='word_1_304' title='bbox 2768 2494 2984 2549; x_wconf 81' lang='lat' dir='ltr'><strong>Patrem</strong></span> <span class='ocrx_word' id='word_1_305' title='bbox 3028 2492 3244 2548; x_wconf 81' lang='lat' dir='ltr'><strong>Domini</strong></span> <span class='ocrx_word' id='word_1_306' title='bbox 3301 2493 3464 2546; x_wconf 81' lang='lat' dir='ltr'><strong>nostri</strong></span> <span class='ocrx_word' id='word_1_307' title='bbox 3496 2490 3628 2548; x_wconf 77' lang='lat' dir='ltr'><strong>Jestt</strong></span> 
     </span>
    </p>
   </div>
   <div class='ocr_carea' id='block_1_47' title="bbox 328 2585 1938 2666">
    <p class='ocr_par' dir='ltr' id='par_1_47' title="bbox 328 2587 1938 2666">
     <span class='ocr_line' id='line_1_47' title="bbox 328 2587 1938 2666; baseline 0.004 -26"><span class='ocrx_word' id='word_1_308' title='bbox 328 2587 520 2657; x_wconf 73' lang='grc' dir='ltr'><strong>ἡμῶν</strong></span> <span class='ocrx_word' id='word_1_309' title='bbox 545 2588 754 2656; x_wconf 85' lang='grc' dir='ltr'>Ἰησοῦ</span> <span class='ocrx_word' id='word_1_310' title='bbox 775 2588 1060 2659; x_wconf 76' lang='grc' dir='ltr'>Χριστοῦ,</span> <span class='ocrx_word' id='word_1_311' title='bbox 1080 2589 1170 2646; x_wconf 81' lang='grc' dir='ltr'>ῐνα</span> <span class='ocrx_word' id='word_1_312' title='bbox 1190 2590 1345 2664; x_wconf 76' lang='grc' dir='ltr'>εἴπῃ,</span> <span class='ocrx_word' id='word_1_313' title='bbox 1368 2590 1472 2647; x_wconf 80' lang='grc' dir='ltr'>Τὸν</span> <span class='ocrx_word' id='word_1_314' title='bbox 1492 2591 1647 2657; x_wconf 74' lang='grc' dir='ltr'>Θεὸν,</span> <span class='ocrx_word' id='word_1_315' title='bbox 1671 2592 1731 2659; x_wconf 80' lang='grc' dir='ltr'><strong>δς</strong></span> <span class='ocrx_word' id='word_1_316' title='bbox 1751 2595 1938 2666; x_wconf 84' lang='grc' dir='ltr'>ὅτιπερ</span> 
     </span>
    </p>
   </div>
   <div class='ocr_carea' id='block_1_48' title="bbox 2058 2585 3627 2666">
    <p class='ocr_par' dir='ltr' id='par_1_48' title="bbox 2058 2585 3627 2656">
     <span class='ocr_line' id='line_1_48' title="bbox 2058 2585 3627 2656; baseline -0.003 -12"><span class='ocrx_word' id='word_1_317' title='bbox 2058 2588 2264 2653; x_wconf 63' lang='lat' dir='ltr'><strong>Christi,</strong></span> <span class='ocrx_word' id='word_1_318' title='bbox 2296 2597 2354 2642; x_wconf 92' lang='lat' dir='ltr'><strong>ut</strong></span> <span class='ocrx_word' id='word_1_319' title='bbox 2381 2588 2527 2643; x_wconf 80' lang='lat' dir='ltr'><strong>dicat</strong></span> <span class='ocrx_word' id='word_1_320' title='bbox 2560 2606 2575 2643; x_wconf 91' lang='lat'><strong>:</strong></span> <span class='ocrx_word' id='word_1_321' title='bbox 2616 2586 2813 2654; x_wconf 79' lang='lat' dir='ltr'><strong>Deum,</strong></span> <span class='ocrx_word' id='word_1_322' title='bbox 2843 2587 2936 2656; x_wconf 83' lang='lat' dir='ltr'><strong>qui</strong></span> <span class='ocrx_word' id='word_1_323' title='bbox 2970 2601 3069 2656; x_wconf 86' lang='lat' dir='ltr'><strong>per</strong></span> <span class='ocrx_word' id='word_1_324' title='bbox 3104 2585 3563 2642; x_wconf 85' lang='lat' dir='ltr'><strong>resurrectionem</strong></span> <span class='ocrx_word' id='word_1_325' title='bbox 3596 2600 3627 2639; x_wconf 91' lang='lat' dir='ltr'><strong>a</strong></span> 
     </span>
    </p>
   </div>
   <div class='ocr_carea' id='block_1_49' title="bbox 330 2675 1938 2755">
    <p class='ocr_par' dir='ltr' id='par_1_49' title="bbox 330 2676 1938 2755">
     <span class='ocr_line' id='line_1_49' title="bbox 330 2676 1938 2755; baseline 0.002 -22"><span class='ocrx_word' id='word_1_326' title='bbox 330 2679 429 2741; x_wconf 76' lang='grc' dir='ltr'>εἰς</span> <span class='ocrx_word' id='word_1_327' title='bbox 463 2676 736 2732; x_wconf 78' lang='grc' dir='ltr'>υἱοθεσίαν</span> <span class='ocrx_word' id='word_1_328' title='bbox 761 2679 908 2750; x_wconf 78' lang='grc' dir='ltr'>ἡμᾶς</span> <span class='ocrx_word' id='word_1_329' title='bbox 933 2681 1497 2750; x_wconf 80' lang='grc' dir='ltr'>προσεκαλέσατο,διὰ</span> <span class='ocrx_word' id='word_1_330' title='bbox 1518 2682 1621 2753; x_wconf 87' lang='grc' dir='ltr'>τῆς</span> <span class='ocrx_word' id='word_1_331' title='bbox 1645 2685 1710 2738; x_wconf 76' lang='grc' dir='ltr'>ἐκ</span> <span class='ocrx_word' id='word_1_332' title='bbox 1732 2684 1938 2755; x_wconf 84' lang='grc' dir='ltr'>νεκρῶν</span> 
     </span>
    </p>
   </div>
   <div class='ocr_carea' id='block_1_50' title="bbox 2058 2675 3628 2755">
    <p class='ocr_par' dir='ltr' id='par_1_50' title="bbox 2058 2675 3628 2744">
     <span class='ocr_line' id='line_1_50' title="bbox 2058 2675 3628 2744; baseline -0.003 -10"><span class='ocrx_word' id='word_1_333' title='bbox 2058 2681 2301 2744; x_wconf 82' lang='lat' dir='ltr'><strong>uortuis.</strong></span> <span class='ocrx_word' id='word_1_334' title='bbox 2337 2681 2486 2734; x_wconf 89' lang='lat' dir='ltr'><strong>circa</strong></span> <span class='ocrx_word' id='word_1_335' title='bbox 2521 2677 2709 2733; x_wconf 82' lang='lat' dir='ltr'><strong>.lesunt</strong></span> <span class='ocrx_word' id='word_1_336' title='bbox 2735 2676 3016 2735; x_wconf 85' lang='lat' dir='ltr'><strong>Christum</strong></span> <span class='ocrx_word' id='word_1_337' title='bbox 3050 2675 3341 2731; x_wconf 90' lang='lat' dir='ltr'><strong>Dominum</strong></span> <span class='ocrx_word' id='word_1_338' title='bbox 3377 2686 3628 2730; x_wconf 86' lang='lat' dir='ltr'><strong>nostrum</strong></span> 
     </span>
    </p>
   </div>
   <div class='ocr_carea' id='block_1_51' title="bbox 328 2768 1942 2843">
    <p class='ocr_par' dir='ltr' id='par_1_51' title="bbox 328 2768 1942 2843">
     <span class='ocr_line' id='line_1_51' title="bbox 328 2768 1942 2843; baseline 0.005 -21"><span class='ocrx_word' id='word_1_339' title='bbox 328 2768 725 2833; x_wconf 83' lang='grc' dir='ltr'>ἀναστάσεως,</span> <span class='ocrx_word' id='word_1_340' title='bbox 765 2768 1110 2824; x_wconf 79' lang='grc' dir='ltr'>ἐπιστώσατο</span> <span class='ocrx_word' id='word_1_341' title='bbox 1159 2772 1289 2843; x_wconf 78' lang='grc' dir='ltr'>περὶ</span> <span class='ocrx_word' id='word_1_342' title='bbox 1331 2772 1425 2827; x_wconf 87' lang='grc' dir='ltr'><strong>τὸν</strong></span> <span class='ocrx_word' id='word_1_343' title='bbox 1470 2773 1599 2827; x_wconf 80' lang='grc' dir='ltr'>Υίὸν</span> <span class='ocrx_word' id='word_1_344' title='bbox 1638 2775 1805 2829; x_wconf 84' lang='grc' dir='ltr'>αὐτοῦ</span> <span class='ocrx_word' id='word_1_345' title='bbox 1849 2775 1942 2830; x_wconf 86' lang='grc' dir='ltr'><strong>τὸν</strong></span> 
     </span>
    </p>
   </div>
   <div class='ocr_carea' id='block_1_52' title="bbox 333 2856 1938 2937">
    <p class='ocr_par' dir='ltr' id='par_1_52' title="bbox 333 2860 1938 2937">
     <span class='ocr_line' id='line_1_52' title="bbox 333 2860 1938 2937; baseline 0.003 -22"><span class='ocrx_word' id='word_1_346' title='bbox 333 2860 557 2931; x_wconf 84' lang='grc' dir='ltr'>Κύριον</span> <span class='ocrx_word' id='word_1_347' title='bbox 587 2862 620 2932; x_wconf 83' lang='grc' dir='ltr'><strong>ἡ</strong></span> <span class='ocrx_word' id='word_1_348' title='bbox 631 2860 748 2931; x_wconf 87' lang='grc' dir='ltr'>μῶν</span> <span class='ocrx_word' id='word_1_349' title='bbox 791 2860 999 2933; x_wconf 79' lang='grc' dir='ltr'>Ἰησοῦν</span> <span class='ocrx_word' id='word_1_350' title='bbox 1026 2863 1287 2934; x_wconf 87' lang='grc' dir='ltr'>Χριστὸν,</span> <span class='ocrx_word' id='word_1_351' title='bbox 1315 2864 1533 2935; x_wconf 88' lang='grc' dir='ltr'>πρῶτον</span> <span class='ocrx_word' id='word_1_352' title='bbox 1554 2865 1716 2920; x_wconf 86' lang='grc' dir='ltr'>τοῦτο</span> <span class='ocrx_word' id='word_1_353' title='bbox 1739 2866 1938 2937; x_wconf 88' lang='grc' dir='ltr'>διοικη-</span> 
     </span>
    </p>
   </div>
   <div class='ocr_carea' id='block_1_53' title="bbox 2058 2856 3632 2937">
    <p class='ocr_par' dir='ltr' id='par_1_53' title="bbox 2058 2856 3632 2930">
     <span class='ocr_line' id='line_1_53' title="bbox 2058 2856 3632 2930; baseline -0.003 -16"><span class='ocrx_word' id='word_1_354' title='bbox 2058 2859 2185 2930; x_wconf 68' lang='grc' dir='ltr'>ιυοίΙ</span> <span class='ocrx_word' id='word_1_355' title='bbox 2216 2860 2449 2929; x_wconf 83' lang='lat' dir='ltr'><strong>primum</strong></span> <span class='ocrx_word' id='word_1_356' title='bbox 2476 2858 2826 2929; x_wconf 88' lang='lat' dir='ltr'><strong>promiserat.</strong></span> <span class='ocrx_word' id='word_1_357' title='bbox 2871 2859 3004 2924; x_wconf 83' lang='lat' dir='ltr'><strong>l-loc,</strong></span> <span class='ocrx_word' id='word_1_358' title='bbox 3063 2856 3160 2913; x_wconf 86' lang='lat' dir='ltr'><strong>Det</strong></span> <span class='ocrx_word' id='word_1_359' title='bbox 3185 2858 3332 2913; x_wconf 76' lang='lat' dir='ltr'><strong>vobis</strong></span> <span class='ocrx_word' id='word_1_360' title='bbox 3380 2856 3523 2912; x_wconf 79' lang='lat' dir='ltr'><strong>Deus</strong></span> <span class='ocrx_word' id='word_1_361' title='bbox 3571 2862 3632 2911; x_wconf 77' lang='lat' dir='ltr'><strong>ut</strong></span> 
     </span>
    </p>
   </div>
   <div class='ocr_carea' id='block_1_54' title="bbox 337 2948 1938 3029">
    <p class='ocr_par' dir='ltr' id='par_1_54' title="bbox 337 2952 1938 3027">
     <span class='ocr_line' id='line_1_54' title="bbox 337 2952 1938 3027; baseline 0.004 -21"><span class='ocrx_word' id='word_1_362' title='bbox 337 2953 608 3023; x_wconf 77' lang='grc' dir='ltr'>σάμενος.</span> <span class='ocrx_word' id='word_1_363' title='bbox 640 2953 714 3006; x_wconf 91' lang='grc' dir='ltr'>Τὸ</span> <span class='ocrx_word' id='word_1_364' title='bbox 750 2952 958 3024; x_wconf 87' lang='grc' dir='ltr'>μέντοι,</span> <span class='ocrx_word' id='word_1_365' title='bbox 989 2955 1116 3024; x_wconf 80' lang='grc' dir='ltr'><strong>Δώῃ</strong></span> <span class='ocrx_word' id='word_1_366' title='bbox 1144 2955 1290 3024; x_wconf 77' lang='grc' dir='ltr'><strong>ὑμῖν</strong></span> <span class='ocrx_word' id='word_1_367' title='bbox 1328 2959 1362 3011; x_wconf 83' lang='grc' dir='ltr'><em>ὀ</em></span> <span class='ocrx_word' id='word_1_368' title='bbox 1391 2957 1556 3024; x_wconf 75' lang='grc' dir='ltr'>Θεὸς,</span> <span class='ocrx_word' id='word_1_369' title='bbox 1586 2959 1689 3013; x_wconf 82' lang='grc' dir='ltr'><strong>ἵνα</strong></span> <span class='ocrx_word' id='word_1_370' title='bbox 1727 2961 1938 3027; x_wconf 80' lang='grc' dir='ltr'>ὁμοθυ-</span> 
     </span>
    </p>
   </div>
   <div class='ocr_carea' id='block_1_55' title="bbox 2058 2948 3634 3029">
    <p class='ocr_par' dir='ltr' id='par_1_55' title="bbox 2058 2948 3634 3019">
     <span class='ocr_line' id='line_1_55' title="bbox 2058 2948 3634 3019; baseline -0.001 -16"><span class='ocrx_word' id='word_1_371' title='bbox 2058 2952 2318 3005; x_wconf 74' lang='lat' dir='ltr'><strong>tnanimes</strong></span> <span class='ocrx_word' id='word_1_372' title='bbox 2355 2965 2444 3004; x_wconf 89' lang='lat' dir='ltr'><strong>ore</strong></span> <span class='ocrx_word' id='word_1_373' title='bbox 2497 2950 2860 3019; x_wconf 69' lang='lat' dir='ltr'><strong>honori/icui:</strong></span> <span class='ocrx_word' id='word_1_374' title='bbox 2919 2949 3110 3015; x_wconf 81' lang='lat' dir='ltr'><strong>Deum,</strong></span> <span class='ocrx_word' id='word_1_375' title='bbox 3142 2963 3249 3002; x_wconf 91' lang='lat' dir='ltr'><strong>non</strong></span> <span class='ocrx_word' id='word_1_376' title='bbox 3300 2948 3369 3004; x_wconf 87' lang='lat' dir='ltr'><strong>de</strong></span> <span class='ocrx_word' id='word_1_377' title='bbox 3415 2962 3547 3016; x_wconf 89' lang='lat' dir='ltr'><strong>uno,</strong></span> <span class='ocrx_word' id='word_1_378' title='bbox 3577 2955 3634 3002; x_wconf 86' lang='lat' dir='ltr'><strong>et</strong></span> 
     </span>
    </p>
   </div>
   <div class='ocr_carea' id='block_1_56' title="bbox 327 3039 1938 3115">
    <p class='ocr_par' dir='ltr' id='par_1_56' title="bbox 327 3040 1938 3115">
     <span class='ocr_line' id='line_1_56' title="bbox 327 3040 1938 3115; baseline 0.004 -22"><span class='ocrx_word' id='word_1_379' title='bbox 327 3040 543 3111; x_wconf 76' lang='grc' dir='ltr'>μαδὸν</span> <span class='ocrx_word' id='word_1_380' title='bbox 570 3040 858 3109; x_wconf 77' lang='grc' dir='ltr'>δοξάζητε</span> <span class='ocrx_word' id='word_1_381' title='bbox 883 3042 991 3095; x_wconf 78' lang='grc' dir='ltr'>τὸν</span> <span class='ocrx_word' id='word_1_382' title='bbox 1019 3042 1187 3108; x_wconf 84' lang='grc' dir='ltr'>Θεὸν,</span> <span class='ocrx_word' id='word_1_383' title='bbox 1221 3043 1283 3097; x_wconf 83' lang='grc' dir='ltr'>οὐ</span> <span class='ocrx_word' id='word_1_384' title='bbox 1317 3045 1448 3115; x_wconf 80' lang='grc' dir='ltr'>περὶ</span> <span class='ocrx_word' id='word_1_385' title='bbox 1469 3045 1630 3099; x_wconf 77' lang='grc' dir='ltr'>ἄλλου</span> <span class='ocrx_word' id='word_1_386' title='bbox 1654 3046 1749 3100; x_wconf 71' lang='grc' dir='ltr'><strong>καὶ</strong></span> <span class='ocrx_word' id='word_1_387' title='bbox 1777 3046 1938 3100; x_wconf 78' lang='grc' dir='ltr'>ἄλλου</span> 
     </span>
    </p>
   </div>
   <div class='ocr_carea' id='block_1_57' title="bbox 2058 3039 3636 3115">
    <p class='ocr_par' dir='ltr' id='par_1_57' title="bbox 2058 3039 3636 3111">
     <span class='ocr_line' id='line_1_57' title="bbox 2058 3039 3636 3111; baseline 0 -18"><span class='ocrx_word' id='word_1_388' title='bbox 2058 3041 2215 3096; x_wconf 65' lang='lat' dir='ltr'><strong>altero</strong></span> <span class='ocrx_word' id='word_1_389' title='bbox 2239 3041 2350 3096; x_wconf 89' lang='lat' dir='ltr'><strong>Deo</strong></span> <span class='ocrx_word' id='word_1_390' title='bbox 2373 3040 2692 3111; x_wconf 77' lang='lat' dir='ltr'><strong>signiﬁcans</strong></span> <span class='ocrx_word' id='word_1_391' title='bbox 2741 3041 3020 3096; x_wconf 89' lang='lat' dir='ltr'><strong>multoties</strong></span> <span class='ocrx_word' id='word_1_392' title='bbox 3064 3041 3223 3107; x_wconf 85' lang='lat' dir='ltr'><strong>dixit,</strong></span> <span class='ocrx_word' id='word_1_393' title='bbox 3254 3041 3349 3096; x_wconf 88' lang='lat' dir='ltr'><strong>sed</strong></span> <span class='ocrx_word' id='word_1_394' title='bbox 3395 3039 3636 3095; x_wconf 76' lang='lat' dir='ltr'><strong>secunda</strong></span> 
     </span>
    </p>
   </div>
   <div class='ocr_carea' id='block_1_58' title="bbox 337 3130 1938 3209">
    <p class='ocr_par' dir='ltr' id='par_1_58' title="bbox 337 3131 1938 3209">
     <span class='ocr_line' id='line_1_58' title="bbox 337 3131 1938 3209; baseline 0.004 -23"><span class='ocrx_word' id='word_1_395' title='bbox 337 3132 636 3204; x_wconf 84' lang='grc' dir='ltr'>σημαίνων</span> <span class='ocrx_word' id='word_1_396' title='bbox 670 3131 777 3202; x_wconf 70' lang='grc' dir='ltr'>ἔφη</span> <span class='ocrx_word' id='word_1_397' title='bbox 809 3132 943 3187; x_wconf 88' lang='grc' dir='ltr'>Θεοῦ</span> <span class='ocrx_word' id='word_1_398' title='bbox 977 3133 1324 3199; x_wconf 83' lang='grc' dir='ltr'>πολλαπλῶς,</span> <span class='ocrx_word' id='word_1_399' title='bbox 1361 3135 1479 3189; x_wconf 81' lang='grc' dir='ltr'>ἀλλ’</span> <span class='ocrx_word' id='word_1_400' title='bbox 1511 3140 1573 3191; x_wconf 82' lang='grc' dir='ltr'>ὲν</span> <span class='ocrx_word' id='word_1_401' title='bbox 1603 3137 1681 3209; x_wconf 84' lang='grc' dir='ltr'>τῷ</span> <span class='ocrx_word' id='word_1_402' title='bbox 1704 3138 1938 3209; x_wconf 77' lang='grc' dir='ltr'>δευτέρῳ</span> 
     </span>
    </p>
   </div>
   <div class='ocr_carea' id='block_1_59' title="bbox 2058 3130 3631 3209">
    <p class='ocr_par' dir='ltr' id='par_1_59' title="bbox 2058 3130 3631 3201">
     <span class='ocr_line' id='line_1_59' title="bbox 2058 3130 3631 3201; baseline 0 -17"><span class='ocrx_word' id='word_1_403' title='bbox 2058 3133 2162 3187; x_wconf 77' lang='lat' dir='ltr'><strong>vice</strong></span> <span class='ocrx_word' id='word_1_404' title='bbox 2190 3132 2308 3186; x_wconf 89' lang='lat' dir='ltr'><strong>loco</strong></span> <span class='ocrx_word' id='word_1_405' title='bbox 2339 3132 2682 3201; x_wconf 86' lang='lat' dir='ltr'><strong>pronominis</strong></span> <span class='ocrx_word' id='word_1_406' title='bbox 2734 3132 2880 3187; x_wconf 89' lang='lat' dir='ltr'><strong>idem</strong></span> <span class='ocrx_word' id='word_1_407' title='bbox 2923 3145 3122 3186; x_wconf 88' lang='lat' dir='ltr'><strong>nomen</strong></span> <span class='ocrx_word' id='word_1_408' title='bbox 3169 3130 3367 3185; x_wconf 85' lang='lat' dir='ltr'><strong>iterum</strong></span> <span class='ocrx_word' id='word_1_409' title='bbox 3430 3131 3631 3200; x_wconf 86' lang='lat' dir='ltr'><strong>posuit.</strong></span> 
     </span>
    </p>
   </div>
   <div class='ocr_carea' id='block_1_60' title="bbox 335 3221 1938 3299">
    <p class='ocr_par' dir='ltr' id='par_1_60' title="bbox 335 3223 1937 3299">
     <span class='ocr_line' id='line_1_60' title="bbox 335 3223 1937 3299; baseline 0.002 -21"><span class='ocrx_word' id='word_1_410' title='bbox 335 3224 515 3278; x_wconf 87' lang='grc' dir='ltr'>πάλιν</span> <span class='ocrx_word' id='word_1_411' title='bbox 543 3223 667 3276; x_wconf 75' lang='grc' dir='ltr'>ἀντὶ</span> <span class='ocrx_word' id='word_1_412' title='bbox 693 3223 797 3293; x_wconf 85' lang='grc' dir='ltr'>τῆς</span> <span class='ocrx_word' id='word_1_413' title='bbox 825 3224 1175 3294; x_wconf 85' lang='grc' dir='ltr'>ἀντωνυμίας</span> <span class='ocrx_word' id='word_1_414' title='bbox 1206 3225 1266 3280; x_wconf 89' lang='grc' dir='ltr'><strong>τὸ</strong></span> <span class='ocrx_word' id='word_1_415' title='bbox 1295 3226 1428 3280; x_wconf 74' lang='grc' dir='ltr'>αὐτὸ</span> <span class='ocrx_word' id='word_1_416' title='bbox 1457 3227 1704 3282; x_wconf 85' lang='grc' dir='ltr'>τέθεικεν</span> <span class='ocrx_word' id='word_1_417' title='bbox 1747 3228 1937 3299; x_wconf 75' lang='grc' dir='ltr'>ὄνομα.</span> 
     </span>
    </p>
   </div>
   <div class='ocr_carea' id='block_1_61' title="bbox 2058 3221 3636 3299">
    <p class='ocr_par' dir='ltr' id='par_1_61' title="bbox 2058 3221 3636 3293">
     <span class='ocr_line' id='line_1_61' title="bbox 2058 3221 3636 3293; baseline 0 -17"><span class='ocrx_word' id='word_1_418' title='bbox 2058 3221 2257 3276; x_wconf 68' lang='grc' dir='ltr'>Ξιετῑιιε</span> <span class='ocrx_word' id='word_1_419' title='bbox 2287 3222 2369 3278; x_wconf 90' lang='lat' dir='ltr'><strong>sic</strong></span> <span class='ocrx_word' id='word_1_420' title='bbox 2393 3223 2622 3279; x_wconf 80' lang='lat' dir='ltr'><strong>dixisset</strong></span> <span class='ocrx_word' id='word_1_421' title='bbox 2647 3240 2661 3277; x_wconf 92' lang='lat'><strong>:</strong></span> <span class='ocrx_word' id='word_1_422' title='bbox 2692 3223 2789 3278; x_wconf 89' lang='lat' dir='ltr'><strong>Det</strong></span> <span class='ocrx_word' id='word_1_423' title='bbox 2815 3224 2970 3279; x_wconf 82' lang='lat' dir='ltr'><strong>vobis</strong></span> <span class='ocrx_word' id='word_1_424' title='bbox 3004 3225 3148 3279; x_wconf 87' lang='lat' dir='ltr'><strong>Deus</strong></span> <span class='ocrx_word' id='word_1_425' title='bbox 3178 3224 3414 3293; x_wconf 89' lang='lat' dir='ltr'><strong>idipsum</strong></span> <span class='ocrx_word' id='word_1_426' title='bbox 3441 3235 3636 3292; x_wconf 76' lang='lat' dir='ltr'><strong>sapere</strong></span> 
     </span>
    </p>
   </div>
   <div class='ocr_carea' id='block_1_62' title="bbox 334 3309 1938 3393">
    <p class='ocr_par' dir='ltr' id='par_1_62' title="bbox 334 3309 1938 3393">
     <span class='ocr_line' id='line_1_62' title="bbox 334 3309 1938 3393; baseline 0.004 -25"><span class='ocrx_word' id='word_1_427' title='bbox 334 3309 460 3369; x_wconf 82' lang='grc' dir='ltr'><strong>Ἦν</strong></span> <span class='ocrx_word' id='word_1_428' title='bbox 495 3313 541 3367; x_wconf 77' lang='grc' dir='ltr'>δ’</span> <span class='ocrx_word' id='word_1_429' title='bbox 599 3313 668 3368; x_wconf 87' lang='grc' dir='ltr'><strong>ἂν</strong></span> <span class='ocrx_word' id='word_1_430' title='bbox 713 3314 1056 3386; x_wconf 75' lang='grc' dir='ltr'>σαφέστερον</span> <span class='ocrx_word' id='word_1_431' title='bbox 1103 3315 1247 3370; x_wconf 77' lang='grc' dir='ltr'>οὕτω</span> <span class='ocrx_word' id='word_1_432' title='bbox 1304 3317 1528 3390; x_wconf 82' lang='grc' dir='ltr'>λεχθέν·</span> <span class='ocrx_word' id='word_1_433' title='bbox 1577 3317 1702 3393; x_wconf 78' lang='grc' dir='ltr'><strong>Δὼῃ</strong></span> <span class='ocrx_word' id='word_1_434' title='bbox 1751 3321 1879 3391; x_wconf 81' lang='grc' dir='ltr'>ὑμῖν</span> <span class='ocrx_word' id='word_1_435' title='bbox 1913 3322 1938 3374; x_wconf 80' lang='grc' dir='ltr'><em>ὁ</em></span> 
     </span>
    </p>
   </div>
   <div class='ocr_carea' id='block_1_63' title="bbox 2058 3309 3632 3393">
    <p class='ocr_par' dir='ltr' id='par_1_63' title="bbox 2058 3312 3632 3373">
     <span class='ocr_line' id='line_1_63' title="bbox 2058 3312 3632 3373; baseline -0.002 -3"><span class='ocrx_word' id='word_1_436' title='bbox 2058 3322 2101 3370; x_wconf 81' lang='lat' dir='ltr'><strong>ll</strong></span> <span class='ocrx_word' id='word_1_437' title='bbox 2129 3314 2416 3370; x_wconf 86' lang='lat' dir='ltr'><strong>unanimes</strong></span> <span class='ocrx_word' id='word_1_438' title='bbox 2467 3329 2565 3369; x_wconf 85' lang='lat' dir='ltr'><strong>ore</strong></span> <span class='ocrx_word' id='word_1_439' title='bbox 2616 3315 2994 3371; x_wconf 78' lang='lat' dir='ltr'><strong>ltonoriiicetis</strong></span> <span class='ocrx_word' id='word_1_440' title='bbox 3045 3330 3192 3373; x_wconf 89' lang='lat' dir='ltr'><strong>eum.</strong></span> <span class='ocrx_word' id='word_1_441' title='bbox 3246 3312 3404 3370; x_wconf 88' lang='lat' dir='ltr'><strong>Nunc</strong></span> <span class='ocrx_word' id='word_1_442' title='bbox 3448 3322 3632 3369; x_wconf 88' lang='lat' dir='ltr'><strong>autem</strong></span> 
     </span>
    </p>
   </div>
   <div class='ocr_carea' id='block_1_64' title="bbox 335 3405 1938 3483">
    <p class='ocr_par' dir='ltr' id='par_1_64' title="bbox 335 3405 1938 3483">
     <span class='ocr_line' id='line_1_64' title="bbox 335 3405 1938 3483; baseline 0.004 -23"><span class='ocrx_word' id='word_1_443' title='bbox 335 3405 484 3469; x_wconf 83' lang='grc' dir='ltr'>Θεὸς</span> <span class='ocrx_word' id='word_1_444' title='bbox 541 3405 605 3458; x_wconf 88' lang='grc' dir='ltr'><strong>τὸ</strong></span> <span class='ocrx_word' id='word_1_445' title='bbox 662 3405 794 3459; x_wconf 82' lang='grc' dir='ltr'>αὐτὸ</span> <span class='ocrx_word' id='word_1_446' title='bbox 831 3409 1069 3477; x_wconf 80' lang='grc' dir='ltr'>φρονεῖν,</span> <span class='ocrx_word' id='word_1_447' title='bbox 1132 3408 1221 3463; x_wconf 77' lang='grc' dir='ltr'>ἵνα</span> <span class='ocrx_word' id='word_1_448' title='bbox 1280 3410 1627 3482; x_wconf 83' lang='grc' dir='ltr'>ὁμοθυμαδὸν</span> <span class='ocrx_word' id='word_1_449' title='bbox 1679 3413 1938 3483; x_wconf 80' lang='grc' dir='ltr'>δοξάζητε</span> 
     </span>
    </p>
   </div>
   <div class='ocr_carea' id='block_1_65' title="bbox 2058 3405 3634 3483">
    <p class='ocr_par' dir='ltr' id='par_1_65' title="bbox 2058 3405 3634 3477">
     <span class='ocr_line' id='line_1_65' title="bbox 2058 3405 3634 3477; baseline -0.001 -14"><span class='ocrx_word' id='word_1_450' title='bbox 2058 3420 2164 3474; x_wconf 68' lang='grc' dir='ltr'><strong>πο,</strong></span> <span class='ocrx_word' id='word_1_451' title='bbox 2192 3421 2341 3475; x_wconf 85' lang='lat' dir='ltr'><strong>eum,</strong></span> <span class='ocrx_word' id='word_1_452' title='bbox 2369 3407 2549 3477; x_wconf 86' lang='lat' dir='ltr'><strong>posuit</strong></span> <span class='ocrx_word' id='word_1_453' title='bbox 2579 3406 2771 3473; x_wconf 87' lang='lat' dir='ltr'><strong>Deum,</strong></span> <span class='ocrx_word' id='word_1_454' title='bbox 2801 3406 2957 3476; x_wconf 78' lang='lat' dir='ltr'><strong>juxta</strong></span> <span class='ocrx_word' id='word_1_455' title='bbox 2991 3407 3252 3477; x_wconf 74' lang='lat' dir='ltr'><strong>Sriptura:</strong></span> <span class='ocrx_word' id='word_1_456' title='bbox 3282 3405 3634 3462; x_wconf 85' lang='lat' dir='ltr'><strong>consuetudi-</strong></span> 
     </span>
    </p>
   </div>
   <div class='ocr_carea' id='block_1_66' title="bbox 335 3496 1938 3572">
    <p class='ocr_par' dir='ltr' id='par_1_66' title="bbox 335 3496 1938 3567">
     <span class='ocr_line' id='line_1_66' title="bbox 335 3496 1938 3567; baseline 0.003 -14"><span class='ocrx_word' id='word_1_457' title='bbox 335 3497 534 3553; x_wconf 81' lang='grc' dir='ltr'>αὐτόν.</span> <span class='ocrx_word' id='word_1_458' title='bbox 566 3496 680 3549; x_wconf 89' lang='grc' dir='ltr'>Νῦν</span> <span class='ocrx_word' id='word_1_459' title='bbox 718 3497 774 3550; x_wconf 83' lang='grc' dir='ltr'>δὲ</span> <span class='ocrx_word' id='word_1_460' title='bbox 809 3499 933 3553; x_wconf 80' lang='grc' dir='ltr'>ἀντὶ</span> <span class='ocrx_word' id='word_1_461' title='bbox 957 3499 1075 3567; x_wconf 89' lang='grc' dir='ltr'>τοῦ,</span> <span class='ocrx_word' id='word_1_462' title='bbox 1122 3500 1307 3566; x_wconf 86' lang='grc' dir='ltr'>αὐτὸν,</span> <span class='ocrx_word' id='word_1_463' title='bbox 1356 3501 1572 3557; x_wconf 82' lang='grc' dir='ltr'>τέθεικε</span> <span class='ocrx_word' id='word_1_464' title='bbox 1613 3504 1722 3558; x_wconf 82' lang='grc' dir='ltr'>τὸν</span> <span class='ocrx_word' id='word_1_465' title='bbox 1757 3506 1938 3558; x_wconf 82' lang='grc' dir='ltr'>Θεόν·</span> 
     </span>
    </p>
   </div>
   <div class='ocr_carea' id='block_1_67' title="bbox 2058 3496 3632 3572">
    <p class='ocr_par' dir='ltr' id='par_1_67' title="bbox 2058 3498 3632 3572">
     <span class='ocr_line' id='line_1_67' title="bbox 2058 3498 3632 3572; baseline -0.003 -15"><span class='ocrx_word' id='word_1_466' title='bbox 2058 3516 2187 3566; x_wconf 73' lang='lat' dir='ltr'><strong>tem,</strong></span> <span class='ocrx_word' id='word_1_467' title='bbox 2211 3500 2692 3572; x_wconf 83' lang='lat' dir='ltr'><strong>quemadmodum,</strong></span> <span class='ocrx_word' id='word_1_468' title='bbox 2720 3498 2867 3554; x_wconf 84' lang='lat' dir='ltr'><strong>Pluit</strong></span> <span class='ocrx_word' id='word_1_469' title='bbox 2902 3500 3159 3555; x_wconf 79' lang='lat' dir='ltr'><strong>Dominus</strong></span> <span class='ocrx_word' id='word_1_470' title='bbox 3184 3516 3217 3554; x_wconf 79' lang='grc' dir='ltr'><strong>α</strong></span> <span class='ocrx_word' id='word_1_471' title='bbox 3245 3498 3489 3565; x_wconf 86' lang='lat' dir='ltr'><strong>Domino,</strong></span> <span class='ocrx_word' id='word_1_472' title='bbox 3510 3513 3632 3569; x_wconf 87' lang='lat' dir='ltr'><strong>pro,</strong></span> 
     </span>
    </p>
   </div>
   <div class='ocr_carea' id='block_1_68' title="bbox 334 3588 1938 3663">
    <p class='ocr_par' dir='ltr' id='par_1_68' title="bbox 334 3588 1938 3663">
     <span class='ocr_line' id='line_1_68' title="bbox 334 3588 1938 3663; baseline 0.003 -20"><span class='ocrx_word' id='word_1_473' title='bbox 334 3591 488 3660; x_wconf 80' lang='grc' dir='ltr'>ὅπερ</span> <span class='ocrx_word' id='word_1_474' title='bbox 525 3588 721 3659; x_wconf 77' lang='grc' dir='ltr'>ἰδίωμα</span> <span class='ocrx_word' id='word_1_475' title='bbox 757 3590 857 3662; x_wconf 83' lang='grc' dir='ltr'>τῆς</span> <span class='ocrx_word' id='word_1_476' title='bbox 901 3592 1147 3663; x_wconf 84' lang='grc' dir='ltr'>Γραφῆς,</span> <span class='ocrx_word' id='word_1_477' title='bbox 1181 3591 1260 3656; x_wconf 84' lang='grc' dir='ltr'>ὡς</span> <span class='ocrx_word' id='word_1_478' title='bbox 1295 3591 1381 3657; x_wconf 78' lang='grc' dir='ltr'><strong>τὸ,</strong></span> <span class='ocrx_word' id='word_1_479' title='bbox 1429 3593 1681 3661; x_wconf 77' lang='grc' dir='ltr'>Ἔὸρεξε</span> <span class='ocrx_word' id='word_1_480' title='bbox 1722 3596 1938 3662; x_wconf 79' lang='grc' dir='ltr'>Κύριος</span> 
     </span>
    </p>
   </div>
   <div class='ocr_carea' id='block_1_69' title="bbox 2058 3588 3634 3663">
    <p class='ocr_par' dir='ltr' id='par_1_69' title="bbox 2058 3591 3634 3659">
     <span class='ocr_line' id='line_1_69' title="bbox 2058 3591 3634 3659; baseline -0.001 -14"><span class='ocrx_word' id='word_1_481' title='bbox 2058 3606 2073 3645; x_wconf 84' lang='grc' dir='ltr'><strong>ι</strong></span> <span class='ocrx_word' id='word_1_482' title='bbox 2105 3592 2431 3659; x_wconf 86' lang='lat' dir='ltr'><strong>semetipso;</strong></span> <span class='ocrx_word' id='word_1_483' title='bbox 2458 3601 2535 3658; x_wconf 88' lang='lat' dir='ltr'><strong>et,</strong></span> <span class='ocrx_word' id='word_1_484' title='bbox 2570 3591 2665 3647; x_wconf 86' lang='lat' dir='ltr'><strong>Det</strong></span> <span class='ocrx_word' id='word_1_485' title='bbox 2696 3593 2779 3646; x_wconf 87' lang='lat' dir='ltr'><strong>illi</strong></span> <span class='ocrx_word' id='word_1_486' title='bbox 2800 3593 3061 3647; x_wconf 84' lang='lat' dir='ltr'><strong>Dominus</strong></span> <span class='ocrx_word' id='word_1_487' title='bbox 3081 3592 3312 3649; x_wconf 70' lang='lat' dir='ltr'><strong>invenire</strong></span> <span class='ocrx_word' id='word_1_488' title='bbox 3334 3592 3634 3646; x_wconf 86' lang='lat' dir='ltr'><strong>misericor-</strong></span> 
     </span>
    </p>
   </div>
   <div class='ocr_carea' id='block_1_70' title="bbox 336 3680 1939 3757">
    <p class='ocr_par' dir='ltr' id='par_1_70' title="bbox 336 3680 1939 3757">
     <span class='ocr_line' id='line_1_70' title="bbox 336 3680 1939 3757; baseline 0.003 -23"><span class='ocrx_word' id='word_1_489' title='bbox 336 3680 509 3748; x_wconf 77' lang='grc' dir='ltr'>παρὰ</span> <span class='ocrx_word' id='word_1_490' title='bbox 546 3681 789 3751; x_wconf 83' lang='grc' dir='ltr'>Κυρίου,</span> <span class='ocrx_word' id='word_1_491' title='bbox 819 3684 1087 3749; x_wconf 80' lang='grc' dir='ltr'>τουτέστι,</span> <span class='ocrx_word' id='word_1_492' title='bbox 1128 3682 1258 3754; x_wconf 79' lang='grc' dir='ltr'>παρ’</span> <span class='ocrx_word' id='word_1_493' title='bbox 1287 3682 1514 3739; x_wconf 77' lang='grc' dir='ltr'>ἑαυτοῦο</span> <span class='ocrx_word' id='word_1_494' title='bbox 1560 3684 1659 3738; x_wconf 66' lang='grc' dir='ltr'>καὶ</span> <span class='ocrx_word' id='word_1_495' title='bbox 1689 3685 1777 3750; x_wconf 89' lang='grc' dir='ltr'><strong>τὸ,</strong></span> <span class='ocrx_word' id='word_1_496' title='bbox 1808 3685 1939 3757; x_wconf 79' lang='grc' dir='ltr'><strong>Δώῃ</strong></span> 
     </span>
    </p>
   </div>
   <div class='ocr_carea' id='block_1_71' title="bbox 334 3776 1941 3848">
    <p class='ocr_par' dir='ltr' id='par_1_71' title="bbox 334 3776 1941 3848">
     <span class='ocr_line' id='line_1_71' title="bbox 334 3776 1941 3848; baseline 0.001 -18"><span class='ocrx_word' id='word_1_497' title='bbox 334 3776 510 3841; x_wconf 81' lang='grc' dir='ltr'>αὐτῷ</span> <span class='ocrx_word' id='word_1_498' title='bbox 546 3777 762 3846; x_wconf 79' lang='grc' dir='ltr'>Κύριος</span> <span class='ocrx_word' id='word_1_499' title='bbox 788 3778 987 3846; x_wconf 75' lang='grc' dir='ltr'>εὑρεῖν</span> <span class='ocrx_word' id='word_1_500' title='bbox 1017 3778 1196 3833; x_wconf 74' lang='grc' dir='ltr'>ἔλεον</span> <span class='ocrx_word' id='word_1_501' title='bbox 1220 3779 1381 3848; x_wconf 77' lang='grc' dir='ltr'>παρὰ</span> <span class='ocrx_word' id='word_1_502' title='bbox 1413 3781 1675 3848; x_wconf 78' lang='grc' dir='ltr'>Κυρίου·</span> <span class='ocrx_word' id='word_1_503' title='bbox 1719 3779 1813 3833; x_wconf 81' lang='grc' dir='ltr'><strong>καὶ</strong></span> <span class='ocrx_word' id='word_1_504' title='bbox 1854 3780 1941 3843; x_wconf 74' lang='grc' dir='ltr'><strong>τὸ,</strong></span> 
     </span>
    </p>
   </div>
   <div class='ocr_carea' id='block_1_72' title="bbox 351 3867 1941 3940">
    <p class='ocr_par' dir='ltr' id='par_1_72' title="bbox 351 3867 1941 3940">
     <span class='ocr_line' id='line_1_72' title="bbox 351 3867 1941 3940; baseline 0.004 -19"><span class='ocrx_word' id='word_1_505' title='bbox 351 3867 426 3921; x_wconf 86' lang='grc' dir='ltr'><em>Ἢ</em></span> <span class='ocrx_word' id='word_1_506' title='bbox 485 3867 853 3940; x_wconf 77' lang='grc' dir='ltr'>δικαιοσύνη</span> <span class='ocrx_word' id='word_1_507' title='bbox 912 3887 1035 3927; x_wconf 83' lang='grc' dir='ltr'><strong>σου</strong></span> <span class='ocrx_word' id='word_1_508' title='bbox 1093 3872 1174 3939; x_wconf 83' lang='grc' dir='ltr'>ὡς</span> <span class='ocrx_word' id='word_1_509' title='bbox 1238 3872 1343 3940; x_wconf 75' lang='grc' dir='ltr'>ὅρη</span> <span class='ocrx_word' id='word_1_510' title='bbox 1418 3873 1568 3928; x_wconf 79' lang='grc' dir='ltr'>Θεοῦ</span> <span class='ocrx_word' id='word_1_511' title='bbox 1595 3890 1610 3905; x_wconf 78' lang='grc' dir='ltr'><strong>ο</strong></span> <span class='ocrx_word' id='word_1_512' title='bbox 1678 3873 1775 3927; x_wconf 78' lang='grc' dir='ltr'>καὶ</span> <span class='ocrx_word' id='word_1_513' title='bbox 1837 3874 1941 3927; x_wconf 73' lang='grc' dir='ltr'>ὅσα.</span> 
     </span>
    </p>
   </div>
   <div class='ocr_carea' id='block_1_73' title="bbox 336 3974 592 4013">
    <p class='ocr_par' dir='ltr' id='par_1_73' title="bbox 336 3974 592 4013">
     <span class='ocr_line' id='line_1_73' title="bbox 336 3974 592 4013; baseline 0.012 -3"><span class='ocrx_word' id='word_1_514' title='bbox 336 3974 592 4013; x_wconf 78' lang='grc' dir='ltr'>τοιαυτα.</span> 
     </span>
    </p>
   </div>
   <div class='ocr_carea' id='block_1_74' title="bbox 426 4049 1938 4133">
    <p class='ocr_par' dir='ltr' id='par_1_74' title="bbox 426 4049 1938 4125">
     <span class='ocr_line' id='line_1_74' title="bbox 426 4049 1938 4125; baseline 0.007 -26"><span class='ocrx_word' id='word_1_515' title='bbox 426 4066 445 4099; x_wconf 84' lang='grc' dir='ltr'><strong>ι</strong></span> <span class='ocrx_word' id='word_1_516' title='bbox 491 4049 728 4115; x_wconf 76' lang='grc' dir='ltr'>Ἐλπίζω</span> <span class='ocrx_word' id='word_1_517' title='bbox 761 4051 873 4124; x_wconf 79' lang='grc' dir='ltr'><strong>γὰρ</strong></span> <span class='ocrx_word' id='word_1_518' title='bbox 911 4053 1379 4125; x_wconf 75' lang='grc' dir='ltr'>διαπορευόμενος</span> <span class='ocrx_word' id='word_1_519' title='bbox 1425 4054 1726 4110; x_wconf 68' lang='grc' dir='ltr'>θεάσασθαι</span> <span class='ocrx_word' id='word_1_520' title='bbox 1767 4056 1938 4125; x_wconf 83' lang='grc' dir='ltr'>ὑμᾶς,</span> 
     </span>
    </p>
   </div>
   <div class='ocr_carea' id='block_1_75' title="bbox 2058 4049 3632 4133">
    <p class='ocr_par' dir='ltr' id='par_1_75' title="bbox 2111 4060 3632 4133">
     <span class='ocr_line' id='line_1_75' title="bbox 2111 4060 3632 4133; baseline -0.002 -14"><span class='ocrx_word' id='word_1_521' title='bbox 2111 4063 2274 4119; x_wconf 71' lang='lat' dir='ltr'><strong>Vsus.</strong></span> <span class='ocrx_word' id='word_1_522' title='bbox 2310 4061 2401 4117; x_wconf 61' lang='lat'><strong>9.8.</strong></span> <span class='ocrx_word' id='word_1_523' title='bbox 2439 4077 2477 4117; x_wconf 71' lang='grc' dir='ltr'><strong>ἰ</strong></span> <span class='ocrx_word' id='word_1_524' title='bbox 2517 4061 2693 4133; x_wconf 72' lang='lat' dir='ltr'><strong>Spero</strong></span> <span class='ocrx_word' id='word_1_525' title='bbox 2727 4060 2871 4132; x_wconf 86' lang='lat' dir='ltr'><strong>quod</strong></span> <span class='ocrx_word' id='word_1_526' title='bbox 2906 4062 3226 4132; x_wconf 73' lang='lat' dir='ltr'><strong>prmtericns</strong></span> <span class='ocrx_word' id='word_1_527' title='bbox 3259 4062 3468 4119; x_wconf 77' lang='lat' dir='ltr'><strong>videam</strong></span> <span class='ocrx_word' id='word_1_528' title='bbox 3512 4077 3632 4129; x_wconf 79' lang='lat' dir='ltr'><strong>vos,</strong></span> 
     </span>
    </p>
   </div>
   <div class='ocr_carea' id='block_1_76' title="bbox 337 4141 1938 4225">
    <p class='ocr_par' dir='ltr' id='par_1_76' title="bbox 337 4141 1938 4219">
     <span class='ocr_line' id='line_1_76' title="bbox 337 4141 1938 4219; baseline 0.006 -26"><span class='ocrx_word' id='word_1_529' title='bbox 337 4141 441 4193; x_wconf 72' lang='grc' dir='ltr'><strong>καὶ</strong></span> <span class='ocrx_word' id='word_1_530' title='bbox 470 4141 561 4210; x_wconf 73' lang='grc' dir='ltr'><strong>ἀφ’</strong></span> <span class='ocrx_word' id='word_1_531' title='bbox 596 4144 751 4214; x_wconf 81' lang='grc' dir='ltr'>ὑμῶν</span> <span class='ocrx_word' id='word_1_532' title='bbox 777 4147 1207 4218; x_wconf 71' lang='grc' dir='ltr'>προπεμφθῆναι</span> <span class='ocrx_word' id='word_1_533' title='bbox 1232 4149 1366 4214; x_wconf 78' lang='grc' dir='ltr'>ἐκεῖ,</span> <span class='ocrx_word' id='word_1_534' title='bbox 1401 4146 1498 4202; x_wconf 74' lang='grc' dir='ltr'><strong>ἐὰν</strong></span> <span class='ocrx_word' id='word_1_535' title='bbox 1530 4147 1690 4219; x_wconf 73' lang='grc' dir='ltr'>ὑμῶν</span> <span class='ocrx_word' id='word_1_536' title='bbox 1717 4147 1938 4214; x_wconf 85' lang='grc' dir='ltr'>πρῶτον</span> 
     </span>
    </p>
   </div>
   <div class='ocr_carea' id='block_1_77' title="bbox 2058 4141 3632 4225">
    <p class='ocr_par' dir='ltr' id='par_1_77' title="bbox 2058 4154 3632 4225">
     <span class='ocr_line' id='line_1_77' title="bbox 2058 4154 3632 4225; baseline 0.001 -14"><span class='ocrx_word' id='word_1_537' title='bbox 2058 4166 2091 4211; x_wconf 81' lang='lat' dir='ltr'><strong>:t</strong></span> <span class='ocrx_word' id='word_1_538' title='bbox 2121 4171 2153 4212; x_wconf 91' lang='lat' dir='ltr'><strong>a</strong></span> <span class='ocrx_word' id='word_1_539' title='bbox 2192 4156 2344 4211; x_wconf 82' lang='lat' dir='ltr'><strong>vobis</strong></span> <span class='ocrx_word' id='word_1_540' title='bbox 2373 4155 2611 4211; x_wconf 83' lang='lat' dir='ltr'><strong>deducar</strong></span> <span class='ocrx_word' id='word_1_541' title='bbox 2642 4154 2791 4220; x_wconf 78' lang='lat' dir='ltr'><strong>illuc,</strong></span> <span class='ocrx_word' id='word_1_542' title='bbox 2822 4154 2871 4209; x_wconf 87' lang='lat' dir='ltr'><strong>si</strong></span> <span class='ocrx_word' id='word_1_543' title='bbox 2893 4154 3047 4210; x_wconf 70' lang='lat' dir='ltr'><strong>vobis</strong></span> <span class='ocrx_word' id='word_1_544' title='bbox 3074 4155 3309 4225; x_wconf 84' lang='lat' dir='ltr'><strong>primunt</strong></span> <span class='ocrx_word' id='word_1_545' title='bbox 3355 4171 3421 4211; x_wconf 76' lang='lat' dir='ltr'><strong>ex</strong></span> <span class='ocrx_word' id='word_1_546' title='bbox 3474 4165 3632 4225; x_wconf 79' lang='lat' dir='ltr'><strong>parte</strong></span> 
     </span>
    </p>
   </div>
   <div class='ocr_carea' id='block_1_78' title="bbox 339 4233 1938 4309">
    <p class='ocr_par' dir='ltr' id='par_1_78' title="bbox 339 4233 1103 4309">
     <span class='ocr_line' id='line_1_78' title="bbox 339 4233 1103 4309; baseline 0.005 -22"><span class='ocrx_word' id='word_1_547' title='bbox 339 4233 456 4288; x_wconf 81' lang='grc' dir='ltr'><strong>ἀπὸ</strong></span> <span class='ocrx_word' id='word_1_548' title='bbox 491 4235 691 4307; x_wconf 80' lang='grc' dir='ltr'>μέρους</span> <span class='ocrx_word' id='word_1_549' title='bbox 716 4237 1039 4309; x_wconf 81' lang='grc' dir='ltr'>ἐμπλησθῶ.</span> <span class='ocrx_word' id='word_1_550' title='bbox 1080 4258 1103 4291; x_wconf 82' lang='grc'><strong>›</strong></span> 
     </span>
    </p>
   </div>
   <div class='ocr_carea' id='block_1_79' title="bbox 2058 4233 2495 4309">
    <p class='ocr_par' dir='ltr' id='par_1_79' title="bbox 2058 4248 2495 4306">
     <span class='ocr_line' id='line_1_79' title="bbox 2058 4248 2495 4306; baseline -0.002 -3"><span class='ocrx_word' id='word_1_551' title='bbox 2058 4248 2236 4304; x_wconf 77' lang='lat' dir='ltr'><strong>’ruitus</strong></span> <span class='ocrx_word' id='word_1_552' title='bbox 2266 4248 2440 4306; x_wconf 81' lang='lat' dir='ltr'><strong>fuero.</strong></span> <span class='ocrx_word' id='word_1_553' title='bbox 2471 4268 2495 4302; x_wconf 71' lang='grc' dir='ltr'><strong>ι</strong></span> 
     </span>
    </p>
   </div>
   <div class='ocr_carea' id='block_1_80' title="bbox 414 4299 1938 4411">
    <p class='ocr_par' dir='ltr' id='par_1_80' title="bbox 414 4299 1935 4400">
     <span class='ocr_line' id='line_1_80' title="bbox 414 4299 1935 4400; baseline 0.006 -24"><span class='ocrx_word' id='word_1_554' title='bbox 414 4299 504 4396; x_wconf 34' lang='grc' dir='ltr'><strong>Τὸν</strong></span> <span class='ocrx_word' id='word_1_555' title='bbox 658 4299 989 4396; x_wconf 58' lang='grc' dir='ltr'>ἐμπλησθῶ</span> <span class='ocrx_word' id='word_1_556' title='bbox 1037 4329 1163 4384; x_wconf 79' lang='grc' dir='ltr'>ἀπὸ</span> <span class='ocrx_word' id='word_1_557' title='bbox 1202 4331 1451 4400; x_wconf 74' lang='grc' dir='ltr'>μέρους.</span> <span class='ocrx_word' id='word_1_558' title='bbox 1488 4329 1610 4384; x_wconf 72' lang='grc' dir='ltr'>ἀντὶ</span> <span class='ocrx_word' id='word_1_559' title='bbox 1641 4330 1763 4397; x_wconf 89' lang='grc' dir='ltr'>τοῦ,</span> <span class='ocrx_word' id='word_1_560' title='bbox 1792 4330 1935 4386; x_wconf 79' lang='grc' dir='ltr'>κατὰ</span> 
     </span>
    </p>
   </div>
   <div class='ocr_carea' id='block_1_81' title="bbox 2058 4299 3631 4411">
    <p class='ocr_par' dir='ltr' id='par_1_81' title="bbox 2108 4338 3631 4411">
     <span class='ocr_line' id='line_1_81' title="bbox 2108 4338 3631 4411; baseline 0 -16"><span class='ocrx_word' id='word_1_561' title='bbox 2108 4340 2221 4396; x_wconf 79' lang='lat' dir='ltr'><strong>Hoc</strong></span> <span class='ocrx_word' id='word_1_562' title='bbox 2253 4358 2318 4395; x_wconf 77' lang='lat' dir='ltr'><strong>ea:</strong></span> <span class='ocrx_word' id='word_1_563' title='bbox 2348 4351 2499 4411; x_wconf 72' lang='lat' dir='ltr'><strong>parte</strong></span> <span class='ocrx_word' id='word_1_564' title='bbox 2533 4341 2734 4411; x_wconf 71' lang='lat' dir='ltr'><strong>[mittes</strong></span> <span class='ocrx_word' id='word_1_565' title='bbox 2786 4339 2959 4409; x_wconf 81' lang='lat' dir='ltr'><strong>fuero,</strong></span> <span class='ocrx_word' id='word_1_566' title='bbox 3010 4352 3108 4408; x_wconf 85' lang='lat' dir='ltr'><strong>pro</strong></span> <span class='ocrx_word' id='word_1_567' title='bbox 3147 4338 3452 4408; x_wconf 84' lang='lat' dir='ltr'><strong>receptione</strong></span> <span class='ocrx_word' id='word_1_568' title='bbox 3495 4338 3631 4395; x_wconf 80' lang='lat' dir='ltr'><strong>frui-</strong></span> 
     </span>
    </p>
   </div>
   <div class='ocr_carea' id='block_1_82' title="bbox 339 4415 1938 4502">
    <p class='ocr_par' dir='ltr' id='par_1_82' title="bbox 339 4415 1936 4491">
     <span class='ocr_line' id='line_1_82' title="bbox 339 4415 1936 4491; baseline 0.006 -24"><span class='ocrx_word' id='word_1_569' title='bbox 339 4415 439 4468; x_wconf 83' lang='grc' dir='ltr'><strong>τὸν</strong></span> <span class='ocrx_word' id='word_1_570' title='bbox 470 4417 823 4488; x_wconf 74' lang='grc' dir='ltr'>ἐνδεχόμενον</span> <span class='ocrx_word' id='word_1_571' title='bbox 855 4419 1179 4491; x_wconf 74' lang='grc' dir='ltr'>ἐμπλησθῶ.</span> <span class='ocrx_word' id='word_1_572' title='bbox 1218 4423 1291 4476; x_wconf 82' lang='grc' dir='ltr'><strong><em>Ἦ</em></strong></span> <span class='ocrx_word' id='word_1_573' title='bbox 1335 4423 1502 4477; x_wconf 82' lang='grc' dir='ltr'>τοῦτο</span> <span class='ocrx_word' id='word_1_574' title='bbox 1524 4419 1697 4488; x_wconf 80' lang='grc' dir='ltr'>εἶπεν,</span> <span class='ocrx_word' id='word_1_575' title='bbox 1720 4424 1795 4488; x_wconf 78' lang='grc' dir='ltr'><strong>ὡς</strong></span> <span class='ocrx_word' id='word_1_576' title='bbox 1839 4425 1936 4478; x_wconf 81' lang='grc' dir='ltr'><strong>καὶ</strong></span> 
     </span>
    </p>
   </div>
   <div class='ocr_carea' id='block_1_83' title="bbox 2058 4415 3631 4502">
    <p class='ocr_par' dir='ltr' id='par_1_83' title="bbox 2063 4430 3631 4502">
     <span class='ocr_line' id='line_1_83' title="bbox 2063 4430 3631 4502; baseline -0.001 -14"><span class='ocrx_word' id='word_1_577' title='bbox 2063 4449 2126 4490; x_wconf 89' lang='lat' dir='ltr'><strong>us</strong></span> <span class='ocrx_word' id='word_1_578' title='bbox 2154 4433 2328 4489; x_wconf 80' lang='lat' dir='ltr'><strong>fuero.</strong></span> <span class='ocrx_word' id='word_1_579' title='bbox 2376 4432 2467 4490; x_wconf 82' lang='lat' dir='ltr'><strong>Vel</strong></span> <span class='ocrx_word' id='word_1_580' title='bbox 2502 4433 2629 4488; x_wconf 79' lang='lat' dir='ltr'><strong>illud</strong></span> <span class='ocrx_word' id='word_1_581' title='bbox 2665 4433 2802 4487; x_wconf 75' lang='lat' dir='ltr'><strong>dixit</strong></span> <span class='ocrx_word' id='word_1_582' title='bbox 2830 4431 2922 4502; x_wconf 89' lang='lat' dir='ltr'><strong>qui</strong></span> <span class='ocrx_word' id='word_1_583' title='bbox 2968 4431 3163 4485; x_wconf 83' lang='lat' dir='ltr'><strong>iterum</strong></span> <span class='ocrx_word' id='word_1_584' title='bbox 3209 4431 3278 4485; x_wconf 82' lang='lat' dir='ltr'><strong>ad</strong></span> <span class='ocrx_word' id='word_1_585' title='bbox 3305 4430 3426 4486; x_wconf 86' lang='lat' dir='ltr'><strong>illos</strong></span> <span class='ocrx_word' id='word_1_586' title='bbox 3457 4432 3631 4486; x_wconf 82' lang='lat' dir='ltr'><strong>iturus</strong></span> 
     </span>
    </p>
   </div>
   <div class='ocr_carea' id='block_1_84' title="bbox 339 4504 1935 4587">
    <p class='ocr_par' dir='ltr' id='par_1_84' title="bbox 339 4504 1935 4587">
     <span class='ocr_line' id='line_1_84' title="bbox 339 4504 1935 4587; baseline 0.007 -27"><span class='ocrx_word' id='word_1_587' title='bbox 339 4504 504 4573; x_wconf 77' lang='grc' dir='ltr'>αὖθις</span> <span class='ocrx_word' id='word_1_588' title='bbox 536 4509 674 4580; x_wconf 52' lang='lat' dir='ltr'><strong>meo;</strong></span> <span class='ocrx_word' id='word_1_589' title='bbox 700 4511 900 4576; x_wconf 81' lang='grc' dir='ltr'>αὐτοὺς</span> <span class='ocrx_word' id='word_1_590' title='bbox 927 4513 1279 4584; x_wconf 80' lang='grc' dir='ltr'>ἀφιξόμενος,</span> <span class='ocrx_word' id='word_1_591' title='bbox 1296 4515 1527 4587; x_wconf 75' lang='grc' dir='ltr'>ἐπείπερ</span> <span class='ocrx_word' id='word_1_592' title='bbox 1555 4515 1653 4586; x_wconf 76' lang='grc' dir='ltr'><strong>οὐχ</strong></span> <span class='ocrx_word' id='word_1_593' title='bbox 1684 4516 1831 4584; x_wconf 84' lang='grc' dir='ltr'>ἆπαξ</span> <span class='ocrx_word' id='word_1_594' title='bbox 1854 4518 1935 4580; x_wconf 80' lang='grc' dir='ltr'>εἰς</span> 
     </span>
    </p>
   </div>
   <div class='ocr_carea' id='block_1_85' title="bbox 338 4600 1594 4680">
    <p class='ocr_par' dir='ltr' id='par_1_85' title="bbox 338 4600 1594 4680">
     <span class='ocr_line' id='line_1_85' title="bbox 338 4600 1594 4680; baseline 0.006 -26"><span class='ocrx_word' id='word_1_595' title='bbox 338 4600 444 4673; x_wconf 79' lang='grc' dir='ltr'>τὴν</span> <span class='ocrx_word' id='word_1_596' title='bbox 486 4601 708 4674; x_wconf 75' lang='grc' dir='ltr'>Ῥώμην</span> <span class='ocrx_word' id='word_1_597' title='bbox 739 4604 970 4673; x_wconf 78' lang='grc' dir='ltr'>ἀφίκετο</span> <span class='ocrx_word' id='word_1_598' title='bbox 991 4606 1020 4659; x_wconf 77' lang='grc'>6</span> <span class='ocrx_word' id='word_1_599' title='bbox 1059 4607 1333 4680; x_wconf 76' lang='grc' dir='ltr'>μακάριος</span> <span class='ocrx_word' id='word_1_600' title='bbox 1361 4608 1594 4673; x_wconf 65' lang='grc' dir='ltr'>Παῦλος.</span> 
     </span>
    </p>
   </div>
   <div class='ocr_carea' id='block_1_86' title="bbox 2041 3682 3635 3750">
    <p class='ocr_par' dir='ltr' id='par_1_86' title="bbox 2041 3682 3635 3750">
     <span class='ocr_line' id='line_1_86' title="bbox 2041 3682 3635 3750; baseline 0.003 -17"><span class='ocrx_word' id='word_1_601' title='bbox 2041 3682 2185 3734; x_wconf 85' lang='lat' dir='ltr'><strong>diam</strong></span> <span class='ocrx_word' id='word_1_602' title='bbox 2210 3682 2352 3750; x_wconf 78' lang='lat' dir='ltr'><strong>apud</strong></span> <span class='ocrx_word' id='word_1_603' title='bbox 2374 3682 2660 3735; x_wconf 84' lang='lat' dir='ltr'><strong>Dominum</strong></span> <span class='ocrx_word' id='word_1_604' title='bbox 2679 3683 2747 3747; x_wconf 82' lang='grc' dir='ltr'><strong>⁸ο,</strong></span> <span class='ocrx_word' id='word_1_605' title='bbox 2775 3693 2849 3749; x_wconf 88' lang='lat' dir='ltr'><strong>et,</strong></span> <span class='ocrx_word' id='word_1_606' title='bbox 2876 3683 3108 3739; x_wconf 70' lang='lat' dir='ltr'><strong>Iustitia</strong></span> <span class='ocrx_word' id='word_1_607' title='bbox 3133 3693 3227 3739; x_wconf 88' lang='lat' dir='ltr'><strong>tua</strong></span> <span class='ocrx_word' id='word_1_608' title='bbox 3265 3685 3402 3739; x_wconf 84' lang='lat' dir='ltr'><strong>sicut</strong></span> <span class='ocrx_word' id='word_1_609' title='bbox 3434 3692 3635 3739; x_wconf 80' lang='lat' dir='ltr'><strong>montes</strong></span> 
     </span>
    </p>
   </div>
   <div class='ocr_carea' id='block_1_87' title="bbox 2059 3773 3017 3846">
    <p class='ocr_par' dir='ltr' id='par_1_87' title="bbox 2059 3773 3017 3846">
     <span class='ocr_line' id='line_1_87' title="bbox 2059 3773 3017 3846; baseline 0.005 -19"><span class='ocrx_word' id='word_1_610' title='bbox 2059 3773 2154 3827; x_wconf 84' lang='lat' dir='ltr'><strong>Dei</strong></span> <span class='ocrx_word' id='word_1_611' title='bbox 2177 3774 2246 3839; x_wconf 86' lang='grc'>³¹,</span> <span class='ocrx_word' id='word_1_612' title='bbox 2269 3783 2326 3827; x_wconf 92' lang='lat' dir='ltr'><strong>ct</strong></span> <span class='ocrx_word' id='word_1_613' title='bbox 2356 3774 2463 3829; x_wconf 85' lang='lat' dir='ltr'><strong>alia</strong></span> <span class='ocrx_word' id='word_1_614' title='bbox 2491 3775 2646 3846; x_wconf 77' lang='lat' dir='ltr'><strong>plura</strong></span> <span class='ocrx_word' id='word_1_615' title='bbox 2673 3774 3017 3844; x_wconf 83' lang='lat' dir='ltr'><strong>hujusmodi.</strong></span> 
     </span>
    </p>
   </div>
   <div class='ocr_carea' id='block_1_88' title="bbox 2034 4617 2259 4674">
    <p class='ocr_par' dir='ltr' id='par_1_88' title="bbox 2034 4617 2259 4674">
     <span class='ocr_line' id='line_1_88' title="bbox 2034 4617 2259 4674; baseline 0.009 -2"><span class='ocrx_word' id='word_1_616' title='bbox 2034 4617 2259 4674; x_wconf 77' lang='lat' dir='ltr'><strong>Paulus.</strong></span> 
     </span>
    </p>
   </div>
   <div class='ocr_carea' id='block_1_89' title="bbox 423 4711 1930 4795">
    <p class='ocr_par' dir='ltr' id='par_1_89' title="bbox 423 4711 1930 4795">
     <span class='ocr_line' id='line_1_89' title="bbox 423 4711 1930 4795; baseline 0.008 -31"><span class='ocrx_word' id='word_1_617' title='bbox 423 4732 442 4764; x_wconf 81' lang='grc' dir='ltr'><strong>ι</strong></span> <span class='ocrx_word' id='word_1_618' title='bbox 479 4711 613 4770; x_wconf 75' lang='grc' dir='ltr'>οἶδα</span> <span class='ocrx_word' id='word_1_619' title='bbox 665 4716 722 4770; x_wconf 80' lang='grc' dir='ltr'>δὲ</span> <span class='ocrx_word' id='word_1_620' title='bbox 770 4718 851 4771; x_wconf 79' lang='grc' dir='ltr'>ὅτι</span> <span class='ocrx_word' id='word_1_621' title='bbox 892 4718 1190 4789; x_wconf 75' lang='grc' dir='ltr'>ἐρχόμενος</span> <span class='ocrx_word' id='word_1_622' title='bbox 1224 4720 1364 4790; x_wconf 86' lang='grc' dir='ltr'>πρὸς</span> <span class='ocrx_word' id='word_1_623' title='bbox 1401 4720 1568 4791; x_wconf 72' lang='grc' dir='ltr'>ὑμᾶς,</span> <span class='ocrx_word' id='word_1_624' title='bbox 1598 4722 1655 4775; x_wconf 77' lang='grc' dir='ltr'>ἐν</span> <span class='ocrx_word' id='word_1_625' title='bbox 1707 4723 1930 4795; x_wconf 80' lang='grc' dir='ltr'>πληρὼ-</span> 
     </span>
    </p>
   </div>
   <div class='ocr_carea' id='block_1_90' title="bbox 345 4809 1926 4885">
    <p class='ocr_par' dir='ltr' id='par_1_90' title="bbox 345 4809 1926 4885">
     <span class='ocr_line' id='line_1_90' title="bbox 345 4809 1926 4885; baseline 0.007 -26"><span class='ocrx_word' id='word_1_626' title='bbox 345 4823 475 4873; x_wconf 77' lang='grc' dir='ltr'>ματι</span> <span class='ocrx_word' id='word_1_627' title='bbox 514 4809 766 4878; x_wconf 77' lang='grc' dir='ltr'>εὐλογίας</span> <span class='ocrx_word' id='word_1_628' title='bbox 796 4810 897 4863; x_wconf 68' lang='grc' dir='ltr'><strong>τοῦ</strong></span> <span class='ocrx_word' id='word_1_629' title='bbox 925 4812 1260 4882; x_wconf 75' lang='grc' dir='ltr'>Εὑαγγελίου</span> <span class='ocrx_word' id='word_1_630' title='bbox 1295 4813 1390 4866; x_wconf 87' lang='grc' dir='ltr'><strong>τοῦ</strong></span> <span class='ocrx_word' id='word_1_631' title='bbox 1422 4814 1664 4885; x_wconf 84' lang='grc' dir='ltr'>Χριστοῦ</span> <span class='ocrx_word' id='word_1_632' title='bbox 1704 4816 1926 4869; x_wconf 77' lang='grc' dir='ltr'>ἐλεύσο-</span> 
     </span>
    </p>
   </div>
   <div class='ocr_carea' id='block_1_91' title="bbox 345 4914 530 4966">
    <p class='ocr_par' dir='ltr' id='par_1_91' title="bbox 345 4914 530 4966">
     <span class='ocr_line' id='line_1_91' title="bbox 345 4914 530 4966; baseline 0.016 -18"><span class='ocrx_word' id='word_1_633' title='bbox 345 4914 469 4966; x_wconf 74' lang='grc' dir='ltr'>μαι.</span> <span class='ocrx_word' id='word_1_634' title='bbox 510 4918 530 4951; x_wconf 82' lang='lat' dir='ltr'><strong>s</strong></span> 
     </span>
    </p>
   </div>
   <div class='ocr_carea' id='block_1_92' title="bbox 412 4985 1935 5070">
    <p class='ocr_par' dir='ltr' id='par_1_92' title="bbox 412 4985 1935 5070">
     <span class='ocr_line' id='line_1_92' title="bbox 412 4985 1935 5070; baseline 0.007 -27"><span class='ocrx_word' id='word_1_635' title='bbox 412 4985 569 5057; x_wconf 76' lang='grc' dir='ltr'>Οἶδα,</span> <span class='ocrx_word' id='word_1_636' title='bbox 607 4994 792 5062; x_wconf 68' lang='grc' dir='ltr'>φησὶν,</span> <span class='ocrx_word' id='word_1_637' title='bbox 824 4994 909 5047; x_wconf 73' lang='grc' dir='ltr'><strong>ὅτι</strong></span> <span class='ocrx_word' id='word_1_638' title='bbox 946 4996 1083 5066; x_wconf 79' lang='grc' dir='ltr'>πρὸς</span> <span class='ocrx_word' id='word_1_639' title='bbox 1122 4998 1268 5067; x_wconf 77' lang='grc' dir='ltr'>ὑμᾶς</span> <span class='ocrx_word' id='word_1_640' title='bbox 1300 4998 1770 5070; x_wconf 76' lang='grc' dir='ltr'>παραγενόμενος,</span> <span class='ocrx_word' id='word_1_641' title='bbox 1798 5001 1935 5054; x_wconf 54' lang='grc' dir='ltr'>πολ*</span> 
     </span>
    </p>
   </div>
   <div class='ocr_carea' id='block_1_93' title="bbox 338 5081 1941 5163">
    <p class='ocr_par' dir='ltr' id='par_1_93' title="bbox 338 5081 1941 5163">
     <span class='ocr_line' id='line_1_93' title="bbox 338 5081 1941 5163; baseline 0.01 -31"><span class='ocrx_word' id='word_1_642' title='bbox 338 5081 442 5150; x_wconf 84' lang='grc' dir='ltr'>).ὴν</span> <span class='ocrx_word' id='word_1_643' title='bbox 495 5087 555 5139; x_wconf 78' lang='grc' dir='ltr'>ἒν</span> <span class='ocrx_word' id='word_1_644' title='bbox 611 5087 742 5156; x_wconf 77' lang='grc' dir='ltr'>ὑμῖν</span> <span class='ocrx_word' id='word_1_645' title='bbox 796 5091 891 5141; x_wconf 84' lang='grc' dir='ltr'><strong>τοῦ</strong></span> <span class='ocrx_word' id='word_1_646' title='bbox 951 5089 1091 5143; x_wconf 73' lang='grc' dir='ltr'>κατέι</span> <span class='ocrx_word' id='word_1_647' title='bbox 1148 5091 1385 5158; x_wconf 82' lang='grc' dir='ltr'>Χριστὸν</span> <span class='ocrx_word' id='word_1_648' title='bbox 1442 5092 1783 5161; x_wconf 74' lang='grc' dir='ltr'>Εὖαγγελίου</span> <span class='ocrx_word' id='word_1_649' title='bbox 1833 5094 1941 5163; x_wconf 79' lang='grc' dir='ltr'><strong>τὴν</strong></span> 
     </span>
    </p>
   </div>
   <div class='ocr_carea' id='block_1_94' title="bbox 339 5179 1937 5258">
    <p class='ocr_par' dir='ltr' id='par_1_94' title="bbox 339 5179 1937 5258">
     <span class='ocr_line' id='line_1_94' title="bbox 339 5179 1937 5258; baseline 0.004 -26"><span class='ocrx_word' id='word_1_650' title='bbox 339 5179 703 5250; x_wconf 69' lang='grc' dir='ltr'>παράκλησιν</span> <span class='ocrx_word' id='word_1_651' title='bbox 744 5181 853 5248; x_wconf 74' lang='grc' dir='ltr'>ἔξω</span> <span class='ocrx_word' id='word_1_652' title='bbox 888 5200 947 5236; x_wconf 89' lang='grc' dir='ltr'><strong>τε</strong></span> <span class='ocrx_word' id='word_1_653' title='bbox 993 5185 1088 5236; x_wconf 71' lang='grc' dir='ltr'><strong>καὶ</strong></span> <span class='ocrx_word' id='word_1_654' title='bbox 1120 5184 1378 5256; x_wconf 75' lang='grc' dir='ltr'>παρέξω,</span> <span class='ocrx_word' id='word_1_655' title='bbox 1424 5185 1639 5258; x_wconf 86' lang='grc' dir='ltr'>μυρίων</span> <span class='ocrx_word' id='word_1_656' title='bbox 1696 5188 1937 5242; x_wconf 78' lang='grc' dir='ltr'>ἐπαίνων</span> 
     </span>
    </p>
   </div>
   <div class='ocr_carea' id='block_1_95' title="bbox 340 5263 1935 5349">
    <p class='ocr_par' dir='ltr' id='par_1_95' title="bbox 340 5263 1935 5349">
     <span class='ocr_line' id='line_1_95' title="bbox 340 5263 1935 5349; baseline 0.009 -31"><span class='ocrx_word' id='word_1_657' title='bbox 340 5263 495 5331; x_wconf 77' lang='grc' dir='ltr'>ἀξίου</span> <span class='ocrx_word' id='word_1_658' title='bbox 532 5269 629 5325; x_wconf 87' lang='grc' dir='ltr'><strong>τοῦ</strong></span> <span class='ocrx_word' id='word_1_659' title='bbox 662 5273 802 5326; x_wconf 60' lang='grc' dir='ltr'>κατὰ</span> <span class='ocrx_word' id='word_1_660' title='bbox 844 5274 1080 5345; x_wconf 82' lang='grc' dir='ltr'>Χριστὸν</span> <span class='ocrx_word' id='word_1_661' title='bbox 1105 5277 1238 5346; x_wconf 75' lang='grc' dir='ltr'>ὑμῖν</span> <span class='ocrx_word' id='word_1_662' title='bbox 1273 5278 1610 5346; x_wconf 76' lang='grc' dir='ltr'>Εὐαγγελίου</span> <span class='ocrx_word' id='word_1_663' title='bbox 1635 5279 1935 5349; x_wconf 77' lang='grc' dir='ltr'>τυγχάνον-</span> 
     </span>
    </p>
   </div>
   <div class='ocr_carea' id='block_1_96' title="bbox 339 5357 1929 5442">
    <p class='ocr_par' dir='ltr' id='par_1_96' title="bbox 339 5357 1929 5442">
     <span class='ocr_line' id='line_1_96' title="bbox 339 5357 1929 5442; baseline 0.009 -29"><span class='ocrx_word' id='word_1_664' title='bbox 339 5373 454 5422; x_wconf 80' lang='grc' dir='ltr'>τος.</span> <span class='ocrx_word' id='word_1_665' title='bbox 489 5357 640 5417; x_wconf 80' lang='grc' dir='ltr'>Ἴσον</span> <span class='ocrx_word' id='word_1_666' title='bbox 669 5365 724 5418; x_wconf 82' lang='grc' dir='ltr'><strong>δέ</strong></span> <span class='ocrx_word' id='word_1_667' title='bbox 748 5367 867 5420; x_wconf 81' lang='grc' dir='ltr'>ἐστι</span> <span class='ocrx_word' id='word_1_668' title='bbox 891 5367 1090 5438; x_wconf 82' lang='grc' dir='ltr'>τούτῳ,</span> <span class='ocrx_word' id='word_1_669' title='bbox 1129 5370 1209 5431; x_wconf 85' lang='grc' dir='ltr'><strong>τὸ,</strong></span> <span class='ocrx_word' id='word_1_670' title='bbox 1249 5387 1268 5421; x_wconf 81' lang='grc' dir='ltr'><strong>ι</strong></span> <span class='ocrx_word' id='word_1_671' title='bbox 1301 5371 1486 5426; x_wconf 77' lang='grc' dir='ltr'>Τοῦτο</span> <span class='ocrx_word' id='word_1_672' title='bbox 1515 5370 1580 5426; x_wconf 71' lang='grc' dir='ltr'>δέ</span> <span class='ocrx_word' id='word_1_673' title='bbox 1612 5373 1744 5426; x_wconf 78' lang='grc' dir='ltr'>ἐστι</span> <span class='ocrx_word' id='word_1_674' title='bbox 1774 5388 1929 5442; x_wconf 79' lang='grc' dir='ltr'>συμ-</span> 
     </span>
    </p>
   </div>
   <div class='ocr_carea' id='block_1_97' title="bbox 341 5455 1927 5533">
    <p class='ocr_par' dir='ltr' id='par_1_97' title="bbox 341 5455 1927 5533">
     <span class='ocr_line' id='line_1_97' title="bbox 341 5455 1927 5533; baseline 0.011 -31"><span class='ocrx_word' id='word_1_675' title='bbox 341 5455 806 5524; x_wconf 75' lang='grc' dir='ltr'>παρακληθῆναι</span> <span class='ocrx_word' id='word_1_676' title='bbox 863 5461 934 5515; x_wconf 77' lang='grc' dir='ltr'><strong>ἐν</strong></span> <span class='ocrx_word' id='word_1_677' title='bbox 1000 5462 1144 5531; x_wconf 72' lang='grc' dir='ltr'><strong>ὑμῖν</strong></span> <span class='ocrx_word' id='word_1_678' title='bbox 1186 5460 1285 5516; x_wconf 81' lang='grc' dir='ltr'>διὰ</span> <span class='ocrx_word' id='word_1_679' title='bbox 1350 5462 1459 5532; x_wconf 68' lang='grc' dir='ltr'>τῆς</span> <span class='ocrx_word' id='word_1_680' title='bbox 1508 5464 1576 5519; x_wconf 81' lang='grc' dir='ltr'><strong>ἐν</strong></span> <span class='ocrx_word' id='word_1_681' title='bbox 1628 5465 1927 5533; x_wconf 65' lang='grc' dir='ltr'><strong>ἀλλήλοις</strong></span> 
     </span>
    </p>
   </div>
   <div class='ocr_carea' id='block_1_98' title="bbox 343 5539 1273 5622">
    <p class='ocr_par' dir='ltr' id='par_1_98' title="bbox 343 5539 1273 5622">
     <span class='ocr_line' id='line_1_98' title="bbox 343 5539 1273 5622; baseline 0.015 -33"><span class='ocrx_word' id='word_1_682' title='bbox 343 5539 609 5612; x_wconf 78' lang='grc' dir='ltr'>πίστεως</span> <span class='ocrx_word' id='word_1_683' title='bbox 642 5547 809 5618; x_wconf 79' lang='grc' dir='ltr'><strong>ὑμῶν</strong></span> <span class='ocrx_word' id='word_1_684' title='bbox 839 5568 903 5606; x_wconf 81' lang='grc' dir='ltr'><strong>τε</strong></span> <span class='ocrx_word' id='word_1_685' title='bbox 933 5551 1030 5605; x_wconf 82' lang='grc' dir='ltr'>καὶ</span> <span class='ocrx_word' id='word_1_686' title='bbox 1053 5552 1219 5622; x_wconf 84' lang='grc' dir='ltr'>ἐμοῦ.</span> <span class='ocrx_word' id='word_1_687' title='bbox 1257 5572 1273 5603; x_wconf 74' lang='grc' dir='ltr'><strong>ι</strong></span> 
     </span>
    </p>
   </div>
   <div class='ocr_carea' id='block_1_99' title="bbox 2110 4732 3627 4804">
    <p class='ocr_par' dir='ltr' id='par_1_99' title="bbox 2110 4732 3627 4804">
     <span class='ocr_line' id='line_1_99' title="bbox 2110 4732 3627 4804; baseline -0.002 -15"><span class='ocrx_word' id='word_1_688' title='bbox 2110 4734 2270 4790; x_wconf 69' lang='lat' dir='ltr'><strong>Vens.</strong></span> <span class='ocrx_word' id='word_1_689' title='bbox 2301 4734 2392 4791; x_wconf 75' lang='lat'><strong>29.</strong></span> <span class='ocrx_word' id='word_1_690' title='bbox 2434 4754 2453 4789; x_wconf 84' lang='grc' dir='ltr'><strong>ι</strong></span> <span class='ocrx_word' id='word_1_691' title='bbox 2491 4734 2617 4791; x_wconf 87' lang='lat' dir='ltr'><strong>Scio</strong></span> <span class='ocrx_word' id='word_1_692' title='bbox 2645 4743 2826 4790; x_wconf 88' lang='lat' dir='ltr'><strong>autem</strong></span> <span class='ocrx_word' id='word_1_693' title='bbox 2860 4736 3117 4804; x_wconf 90' lang='lat' dir='ltr'><strong>quoniam</strong></span> <span class='ocrx_word' id='word_1_694' title='bbox 3146 4733 3372 4789; x_wconf 83' lang='lat' dir='ltr'><strong>veniens</strong></span> <span class='ocrx_word' id='word_1_695' title='bbox 3397 4732 3464 4786; x_wconf 87' lang='lat' dir='ltr'><strong>ad</strong></span> <span class='ocrx_word' id='word_1_696' title='bbox 3512 4745 3627 4802; x_wconf 83' lang='lat' dir='ltr'><strong>vos,</strong></span> 
     </span>
    </p>
   </div>
   <div class='ocr_carea' id='block_1_100' title="bbox 2035 4823 3634 4897">
    <p class='ocr_par' dir='ltr' id='par_1_100' title="bbox 2035 4823 3634 4897">
     <span class='ocr_line' id='line_1_100' title="bbox 2035 4823 3634 4897; baseline 0.001 -18"><span class='ocrx_word' id='word_1_697' title='bbox 2035 4825 2087 4879; x_wconf 92' lang='lat' dir='ltr'><strong>in</strong></span> <span class='ocrx_word' id='word_1_698' title='bbox 2145 4826 2473 4882; x_wconf 86' lang='lat' dir='ltr'><strong>abundantia</strong></span> <span class='ocrx_word' id='word_1_699' title='bbox 2524 4826 2925 4883; x_wconf 84' lang='lat' dir='ltr'><strong>benedictionis</strong></span> <span class='ocrx_word' id='word_1_700' title='bbox 2975 4824 3248 4897; x_wconf 74' lang='lat' dir='ltr'><strong>Evangelii</strong></span> <span class='ocrx_word' id='word_1_701' title='bbox 3285 4823 3492 4880; x_wconf 87' lang='lat' dir='ltr'><strong>Christi</strong></span> <span class='ocrx_word' id='word_1_702' title='bbox 3534 4838 3634 4880; x_wconf 73' lang='lat' dir='ltr'><strong>ve-</strong></span> 
     </span>
    </p>
   </div>
   <div class='ocr_carea' id='block_1_101' title="bbox 2039 4919 2265 4976">
    <p class='ocr_par' dir='ltr' id='par_1_101' title="bbox 2039 4919 2265 4976">
     <span class='ocr_line' id='line_1_101' title="bbox 2039 4919 2265 4976; baseline 0.022 -7"><span class='ocrx_word' id='word_1_703' title='bbox 2039 4919 2205 4976; x_wconf 77' lang='lat' dir='ltr'><strong>niam.</strong></span> <span class='ocrx_word' id='word_1_704' title='bbox 2247 4941 2265 4974; x_wconf 70' lang='grc' dir='ltr'><strong>ι</strong></span> 
     </span>
    </p>
   </div>
   <div class='ocr_carea' id='block_1_102' title="bbox 2117 5007 3631 5083">
    <p class='ocr_par' dir='ltr' id='par_1_102' title="bbox 2117 5007 3631 5083">
     <span class='ocr_line' id='line_1_102' title="bbox 2117 5007 3631 5083; baseline -0.003 -19"><span class='ocrx_word' id='word_1_705' title='bbox 2117 5011 2263 5076; x_wconf 88' lang='lat' dir='ltr'><strong>Scio,</strong></span> <span class='ocrx_word' id='word_1_706' title='bbox 2321 5011 2518 5083; x_wconf 90' lang='lat' dir='ltr'><strong>inquit,</strong></span> <span class='ocrx_word' id='word_1_707' title='bbox 2566 5012 2822 5082; x_wconf 88' lang='lat' dir='ltr'><strong>quoniam</strong></span> <span class='ocrx_word' id='word_1_708' title='bbox 2875 5011 3099 5066; x_wconf 80' lang='lat' dir='ltr'><strong>veniens</strong></span> <span class='ocrx_word' id='word_1_709' title='bbox 3151 5010 3216 5064; x_wconf 88' lang='lat' dir='ltr'><strong>ad</strong></span> <span class='ocrx_word' id='word_1_710' title='bbox 3262 5022 3356 5064; x_wconf 77' lang='lat' dir='ltr'><strong>vos</strong></span> <span class='ocrx_word' id='word_1_711' title='bbox 3405 5007 3631 5062; x_wconf 79' lang='lat' dir='ltr'><strong>multam</strong></span> 
     </span>
    </p>
   </div>
   <div class='ocr_carea' id='block_1_103' title="bbox 2045 5099 3630 5172">
    <p class='ocr_par' dir='ltr' id='par_1_103' title="bbox 2045 5099 3630 5172">
     <span class='ocr_line' id='line_1_103' title="bbox 2045 5099 3630 5172; baseline -0.005 -12"><span class='ocrx_word' id='word_1_712' title='bbox 2045 5108 2095 5160; x_wconf 92' lang='lat' dir='ltr'><strong>in</strong></span> <span class='ocrx_word' id='word_1_713' title='bbox 2128 5103 2280 5158; x_wconf 78' lang='lat' dir='ltr'><strong>vobis</strong></span> <span class='ocrx_word' id='word_1_714' title='bbox 2311 5103 2584 5172; x_wconf 83' lang='lat' dir='ltr'><strong>Evangelii</strong></span> <span class='ocrx_word' id='word_1_715' title='bbox 2615 5103 2818 5158; x_wconf 84' lang='lat' dir='ltr'><strong>Christi</strong></span> <span class='ocrx_word' id='word_1_716' title='bbox 2865 5101 3290 5158; x_wconf 88' lang='lat' dir='ltr'><strong>consolationem</strong></span> <span class='ocrx_word' id='word_1_717' title='bbox 3333 5099 3546 5154; x_wconf 87' lang='lat' dir='ltr'><strong>habebo</strong></span> <span class='ocrx_word' id='word_1_718' title='bbox 3574 5107 3630 5154; x_wconf 88' lang='lat' dir='ltr'><strong>et</strong></span> 
     </span>
    </p>
   </div>
   <div class='ocr_carea' id='block_1_104' title="bbox 2039 5190 3629 5266">
    <p class='ocr_par' dir='ltr' id='par_1_104' title="bbox 2039 5190 3629 5266">
     <span class='ocr_line' id='line_1_104' title="bbox 2039 5190 3629 5266; baseline -0.004 -16"><span class='ocrx_word' id='word_1_719' title='bbox 2039 5195 2315 5266; x_wconf 73' lang='lat' dir='ltr'><strong>prmbebo.</strong></span> <span class='ocrx_word' id='word_1_720' title='bbox 2349 5194 2492 5248; x_wconf 81' lang='lat' dir='ltr'><strong>lilille</strong></span> <span class='ocrx_word' id='word_1_721' title='bbox 2525 5194 2772 5249; x_wconf 88' lang='lat' dir='ltr'><strong>laudibus</strong></span> <span class='ocrx_word' id='word_1_722' title='bbox 2806 5195 2947 5264; x_wconf 89' lang='lat' dir='ltr'><strong>apud</strong></span> <span class='ocrx_word' id='word_1_723' title='bbox 2976 5207 3071 5247; x_wconf 76' lang='lat' dir='ltr'><strong>vos</strong></span> <span class='ocrx_word' id='word_1_724' title='bbox 3095 5191 3310 5261; x_wconf 81' lang='lat' dir='ltr'><strong>dignum</strong></span> <span class='ocrx_word' id='word_1_725' title='bbox 3344 5199 3425 5246; x_wconf 88' lang='lat' dir='ltr'><strong>est</strong></span> <span class='ocrx_word' id='word_1_726' title='bbox 3448 5190 3629 5245; x_wconf 85' lang='lat' dir='ltr'><strong>Evan-</strong></span> 
     </span>
    </p>
   </div>
   <div class='ocr_carea' id='block_1_105' title="bbox 2035 5281 3630 5358">
    <p class='ocr_par' dir='ltr' id='par_1_105' title="bbox 2035 5281 3630 5358">
     <span class='ocr_line' id='line_1_105' title="bbox 2035 5281 3630 5358; baseline -0.002 -18"><span class='ocrx_word' id='word_1_727' title='bbox 2035 5286 2233 5358; x_wconf 81' lang='lat' dir='ltr'><strong>gelium</strong></span> <span class='ocrx_word' id='word_1_728' title='bbox 2275 5285 2498 5341; x_wconf 88' lang='lat' dir='ltr'><strong>Christi.</strong></span> <span class='ocrx_word' id='word_1_729' title='bbox 2555 5284 2691 5341; x_wconf 87' lang='lat' dir='ltr'><strong>iluic</strong></span> <span class='ocrx_word' id='word_1_730' title='bbox 2736 5284 2912 5341; x_wconf 88' lang='lat' dir='ltr'><strong>sitnilc</strong></span> <span class='ocrx_word' id='word_1_731' title='bbox 2951 5283 3093 5353; x_wconf 85' lang='lat' dir='ltr'><strong>quod</strong></span> <span class='ocrx_word' id='word_1_732' title='bbox 3147 5291 3204 5338; x_wconf 89' lang='lat' dir='ltr'><strong>et</strong></span> <span class='ocrx_word' id='word_1_733' title='bbox 3249 5285 3302 5338; x_wconf 92' lang='lat' dir='ltr'><strong>in</strong></span> <span class='ocrx_word' id='word_1_734' title='bbox 3354 5284 3461 5337; x_wconf 88' lang='lat' dir='ltr'><strong>alio</strong></span> <span class='ocrx_word' id='word_1_735' title='bbox 3510 5281 3630 5337; x_wconf 88' lang='lat' dir='ltr'><strong>loco</strong></span> 
     </span>
    </p>
   </div>
   <div class='ocr_carea' id='block_1_106' title="bbox 2037 5372 3627 5442">
    <p class='ocr_par' dir='ltr' id='par_1_106' title="bbox 2037 5372 3627 5442">
     <span class='ocr_line' id='line_1_106' title="bbox 2037 5372 3627 5442; baseline -0.003 -12"><span class='ocrx_word' id='word_1_736' title='bbox 2037 5377 2169 5430; x_wconf 73' lang='lat' dir='ltr'><strong>dicit</strong></span> <span class='ocrx_word' id='word_1_737' title='bbox 2213 5393 2228 5431; x_wconf 90' lang='lat'><strong>:</strong></span> <span class='ocrx_word' id='word_1_738' title='bbox 2290 5375 2405 5433; x_wconf 82' lang='lat' dir='ltr'><strong>Hoc</strong></span> <span class='ocrx_word' id='word_1_739' title='bbox 2457 5384 2534 5430; x_wconf 78' lang='lat' dir='ltr'><strong>est</strong></span> <span class='ocrx_word' id='word_1_740' title='bbox 2600 5389 2927 5430; x_wconf 83' lang='lat' dir='ltr'><strong>communem</strong></span> <span class='ocrx_word' id='word_1_741' title='bbox 2983 5372 3245 5442; x_wconf 82' lang='lat' dir='ltr'><strong>percipere</strong></span> <span class='ocrx_word' id='word_1_742' title='bbox 3303 5373 3627 5427; x_wconf 79' lang='lat' dir='ltr'><strong>consolatio-</strong></span> 
     </span>
    </p>
   </div>
   <div class='ocr_carea' id='block_1_107' title="bbox 2038 5463 3627 5537">
    <p class='ocr_par' dir='ltr' id='par_1_107' title="bbox 2038 5463 3627 5537">
     <span class='ocr_line' id='line_1_107' title="bbox 2038 5463 3627 5537; baseline 0.001 -18"><span class='ocrx_word' id='word_1_743' title='bbox 2038 5481 2149 5519; x_wconf 86' lang='lat' dir='ltr'><strong>nem</strong></span> <span class='ocrx_word' id='word_1_744' title='bbox 2207 5467 2261 5520; x_wconf 87' lang='lat' dir='ltr'><strong>in</strong></span> <span class='ocrx_word' id='word_1_745' title='bbox 2307 5467 2445 5522; x_wconf 79' lang='lat' dir='ltr'><strong>vobis</strong></span> <span class='ocrx_word' id='word_1_746' title='bbox 2478 5477 2688 5537; x_wconf 81' lang='lat' dir='ltr'><strong>propter</strong></span> <span class='ocrx_word' id='word_1_747' title='bbox 2719 5463 2958 5519; x_wconf 79' lang='lat' dir='ltr'><strong>muniam</strong></span> <span class='ocrx_word' id='word_1_748' title='bbox 2998 5472 3233 5519; x_wconf 82' lang='lat' dir='ltr'><strong>nostram</strong></span> <span class='ocrx_word' id='word_1_749' title='bbox 3283 5467 3353 5518; x_wconf 82' lang='lat' dir='ltr'><strong>ad</strong></span> <span class='ocrx_word' id='word_1_750' title='bbox 3407 5464 3627 5520; x_wconf 70' lang='lat' dir='ltr'><strong>invicem</strong></span> 
     </span>
    </p>
   </div>
   <div class='ocr_carea' id='block_1_108' title="bbox 2036 5555 2309 5621">
    <p class='ocr_par' dir='ltr' id='par_1_108' title="bbox 2036 5555 2309 5621">
     <span class='ocr_line' id='line_1_108' title="bbox 2036 5555 2309 5621; baseline 0.011 -13"><span class='ocrx_word' id='word_1_751' title='bbox 2036 5555 2309 5621; x_wconf 78' lang='lat' dir='ltr'><strong>ﬁduciam.</strong></span> 
     </span>
    </p>
   </div>
   <div class='ocr_carea' id='block_1_109' title="bbox 416 5716 1461 5815">
    <p class='ocr_par' dir='ltr' id='par_1_109' title="bbox 416 5716 1461 5815">
     <span class='ocr_line' id='line_1_109' title="bbox 416 5716 1461 5815; baseline 0.014 -43"><span class='ocrx_word' id='word_1_752' title='bbox 416 5716 524 5773; x_wconf 75' lang='grc'><strong>³⁸11</strong></span> <span class='ocrx_word' id='word_1_753' title='bbox 550 5719 689 5777; x_wconf 85' lang='lat' dir='ltr'><strong>Tim.</strong></span> <span class='ocrx_word' id='word_1_754' title='bbox 726 5743 764 5796; x_wconf 86' lang='grc' dir='ltr'><strong>ι,</strong></span> <span class='ocrx_word' id='word_1_755' title='bbox 800 5728 884 5783; x_wconf 86' lang='lat' dir='ltr'><strong>iS.</strong></span> <span class='ocrx_word' id='word_1_756' title='bbox 936 5728 1002 5815; x_wconf 23' lang='lat'><strong>.&#39;_&#39;</strong></span> <span class='ocrx_word' id='word_1_757' title='bbox 1031 5729 1174 5786; x_wconf 66' lang='lat' dir='ltr'><strong>Paul.</strong></span> <span class='ocrx_word' id='word_1_758' title='bbox 1214 5747 1375 5799; x_wconf 75' lang='lat' dir='ltr'><strong>xxxv,</strong></span> <span class='ocrx_word' id='word_1_759' title='bbox 1413 5733 1461 5787; x_wconf 75' lang='grc' dir='ltr'>ἶ.</span> 
     </span>
    </p>
   </div>
   <div class='ocr_carea' id='block_1_110' title="bbox 3669 444 3689 510">
    <p class='ocr_par' dir='ltr' id='par_1_110' title="bbox 3669 444 3689 510">
     <span class='ocr_line' id='line_1_110' title="bbox 3669 444 3689 510; baseline 0 0"><span class='ocrx_word' id='word_1_760' title='bbox 3669 444 3689 510; x_wconf 77' lang='lat' dir='ltr'><strong>i</strong></span> 
     </span>
    </p>
   </div>
   <div class='ocr_carea' id='block_1_111' title="bbox 2044 2764 3694 2837">
    <p class='ocr_par' dir='ltr' id='par_1_111' title="bbox 2044 2764 3694 2837">
     <span class='ocr_line' id='line_1_111' title="bbox 2044 2764 3694 2837; baseline -0.004 -14"><span class='ocrx_word' id='word_1_761' title='bbox 2044 2768 2305 2823; x_wconf 74' lang='lat' dir='ltr'><strong>credibile</strong></span> <span class='ocrx_word' id='word_1_762' title='bbox 2345 2766 2530 2823; x_wconf 72' lang='lat' dir='ltr'><strong>eﬂ‘ecit</strong></span> <span class='ocrx_word' id='word_1_763' title='bbox 2582 2767 2712 2837; x_wconf 90' lang='lat' dir='ltr'><strong>quia</strong></span> <span class='ocrx_word' id='word_1_764' title='bbox 2762 2782 2861 2823; x_wconf 86' lang='lat' dir='ltr'><strong>nos</strong></span> <span class='ocrx_word' id='word_1_765' title='bbox 2896 2768 2950 2822; x_wconf 92' lang='lat' dir='ltr'><strong>in</strong></span> <span class='ocrx_word' id='word_1_766' title='bbox 2991 2765 3338 2836; x_wconf 86' lang='lat' dir='ltr'><strong>adoptionem</strong></span> <span class='ocrx_word' id='word_1_767' title='bbox 3392 2764 3627 2829; x_wconf 80' lang='lat' dir='ltr'><strong>vocavit,</strong></span> <span class='ocrx_word' id='word_1_768' title='bbox 3687 2773 3694 2779; x_wconf 86' lang='lat'>&#39;</span> 
     </span>
    </p>
   </div>
   <div class='ocr_carea' id='block_1_112' title="bbox 2036 4524 3681 4601">
    <p class='ocr_par' dir='ltr' id='par_1_112' title="bbox 2036 4524 3681 4601">
     <span class='ocr_line' id='line_1_112' title="bbox 2036 4524 3681 4601; baseline -0.002 -20"><span class='ocrx_word' id='word_1_769' title='bbox 2036 4535 2190 4593; x_wconf 86' lang='lat' dir='ltr'><strong>erat,</strong></span> <span class='ocrx_word' id='word_1_770' title='bbox 2248 4527 2523 4598; x_wconf 74' lang='lat' dir='ltr'><strong>siquidem</strong></span> <span class='ocrx_word' id='word_1_771' title='bbox 2591 4541 2702 4582; x_wconf 84' lang='lat' dir='ltr'><strong>non</strong></span> <span class='ocrx_word' id='word_1_772' title='bbox 2761 4525 2930 4582; x_wconf 82' lang='lat' dir='ltr'><strong>semet</strong></span> <span class='ocrx_word' id='word_1_773' title='bbox 2991 4525 3091 4582; x_wconf 75' lang='lat' dir='ltr'><strong>ivit</strong></span> <span class='ocrx_word' id='word_1_774' title='bbox 3148 4524 3377 4579; x_wconf 69' lang='lat' dir='ltr'><strong>nontam</strong></span> <span class='ocrx_word' id='word_1_775' title='bbox 3442 4525 3681 4601; x_wconf 43' lang='lat' dir='ltr'><strong>beatus.</strong></span> 
     </span>
    </p>
   </div>
  </div>
