4014 6122
492 292 626 359 1727

1096 402 1251 459 CAP.
1292 401 1423 457 XVI.

557 495 719 551 Vens.
753 496 840 561 l7,
871 494 958 553 18.
1000 511 1020 546 ι
1052 493 1120 548 Ει
1151 492 1418 549 declinato
1453 494 1521 549 ab
1571 492 1696 550 illis.
1736 492 2053 563 llujusmodi

481 588 626 645 enim
657 585 875 642 Christo
902 584 1125 640 Domino
1156 595 1341 641 nostro
1368 599 1476 641 non
1524 583 1791 647 serviunt,
1824 584 1919 638 sed
1957 598 2055 638 suo

479 677 699 733 ventri:
743 685 798 733 et
829 691 926 746 per
967 676 1153 732 dulces
1189 690 1487 741 sermones,
1527 684 1584 731 et
1622 674 2030 731 benedictiones

481 770 742 825 seducunt
768 770 932 825 corda
963 768 1348 824 innocentium.
1379 785 1399 821 ι

550 856 810 913 Hortatur
845 857 1007 927 igitur
1053 858 1175 912 illos
1213 866 1272 912 ut
1313 857 1486 914 sancti
1511 855 1656 912 Petri
1687 866 1908 912 servent
1940 866 2052 911 tra-

478 951 729 1016 ditiones,
774 958 830 1007 et
861 949 992 1006 falsa
1033 949 1341 1007 Judaorum
1387 949 1633 1020 prodigia
1685 949 1873 1013 vitent,
1918 961 2056 1018 quos

476 1042 613 1098 bene
643 1043 773 1097 dicit
801 1057 907 1098 non
940 1042 1154 1099 Christo
1182 1041 1407 1107 servire,
1436 1042 1528 1098 sed
1563 1055 1660 1096 suo
1696 1040 1892 1105 ventri,
1936 1054 2054 1095 om-

476 1142 599 1183 nem
631 1128 887 1200 pietatem
936 1129 990 1184 in
1033 1128 1412 1184 observatione
1470 1128 1714 1183 ciborum
1767 1135 2051 1195 ponentes.

475 1216 620 1274 Beati
653 1220 813 1290 igitur
836 1220 970 1275 estis
1004 1235 1123 1286 vos,
1161 1219 1354 1289 inquit,
1388 1219 1499 1290 qui,
1540 1218 1676 1275 clari
1714 1217 1789 1273 ob
1813 1227 2051 1272 vestram

476 1311 620 1366 circa
655 1312 811 1366 ﬁdem
837 1311 1182 1381 sapientiam,
1214 1325 1313 1366 nee
1339 1326 1435 1367 vos
1465 1311 1608 1366 bona
1640 1309 1779 1363 fama
1806 1308 2050 1379 spoliari,

477 1416 578 1456 nec
629 1401 930 1497 meum.de
1000 1411 1185 1459 vestra
1234 1401 1407 1473 gloria
1473 1401 1731 1473 gaudium
1790 1400 2052 1456 iniuscari

477 1492 746 1562 patimini.

1575 285 1948 347 GENNADII
1987 285 2491 345 PATRIARCHE
2549 285 2686 344 CP.‘

2085 418 2134 475 Δ

3603 277 3760 341 1728

2718 398 2973 453 ΚΕοΑΛ.
3056 394 3174 464 ις’.

2238 510 2263 543 «η
2293 492 2404 546 Καὶ
2461 492 2745 545 ἐκκλίνατε
2790 490 2888 545 ἀπ’
2910 488 3117 545 αὐτῶν.
3146 488 3210 542 Ol
3256 485 3366 556 γάρ
3404 487 3630 546 τοιοῦτοι
3666 488 3758 558 τῷ

2158 582 2349 652 Κυρίῳ
2396 579 2571 651 Ἰησοῦ
2600 580 2820 651 Χριστῷ
2844 580 2906 635 οὐ
2941 577 3307 643 δουλεύουσιν,
3342 574 3478 632 ἀειλά
3509 582 3577 649 τῇ
3609 581 3756 632 ἐαυ-

2155 674 2266 726 τῶν
2317 673 2538 742 κοιλίᾳ,
2569 672 2658 727 διά
2713 673 2811 743 τῆς
2862 671 3262 744 χρηστολογίας
3314 672 3411 725 καὶ
3485 670 3757 739 εὐλογίας

2155 762 2469 829 ἐξαπατῶσι
2493 763 2593 827 τάς
2624 762 2852 834 καρδίας
2880 762 2990 817 τῶν
3021 761 3266 817 ἀκάκων.
3306 778 3327 814 ι

2228 856 2495 927 Παραινεϊ
2516 856 2703 910 τοίνυν
2732 855 2933 919 αὐτοὺς
2965 855 3068 918 τάς
3096 852 3191 908 τοῦ
3224 853 3443 924 Πέτρου
3472 854 3756 924 κατέχειν

2156 946 2513 1018 παραδόσεις,
2539 946 2981 1018 φυλαττομένους
3026 944 3126 1018 τὴν
3170 945 3472 1016 ἰουδαῖκὴν
3513 963 3758 1017 τερατοο

2154 1037 2344 1106 λογίαν
2365 1078 2380 1104 ,
2411 1035 2510 1101 οὓς
2548 1037 2729 1102 καλῶς
2758 1037 2882 1107 οὐχὶ
2915 1035 2994 1107 τῷ
3022 1034 3246 1107 Χριστῷ
3275 1036 3576 1105 δουλεύειν,
3602 1037 3762 1090 ἀλλά

2154 1133 2221 1201 τῇ
2250 1129 2481 1195 ἐαυτῶν,
2514 1128 2641 1202 ἔφη,
2664 1128 2867 1199 κοιλίᾳ,
2892 1126 2980 1183 διά
3008 1127 3070 1181 τὸ
3105 1127 3400 1198 μονονουχὶ
3440 1127 3541 1197 τὴν
3582 1128 3757 1181 εὐσέ-

2154 1220 2310 1276 6ειαν
2357 1222 2554 1286 αὐτοὺς
2604 1221 2663 1275 ἐν
2717 1222 2791 1292 τῇ
2829 1219 3219 1291 παρατηρήσει
3268 1219 3377 1273 τῶν
3423 1219 3758 1290 βρωμάτων

2151 1312 2456 1383 ὁρίζεσθαι.
2480 1312 2693 1369 Οὔκουν
2713 1312 2895 1376 καλῶς
2930 1311 3043 1382 ἔχει
3078 1312 3208 1382 ὑμῖν
3231 1351 3247 1376 ,
3283 1310 3448 1381 φησὶν
3470 1350 3485 1372 ,
3514 1310 3757 1381 διαϐοη-

2153 1404 2323 1458 θεῖσιν
2379 1405 2472 1458 ἐπὶ
2506 1408 2573 1477 τῇ
2607 1405 2735 1477 περὶ
2768 1404 2868 1476 τὴν
2922 1404 3109 1458 πίστιν
3144 1386 3579 1474 ⁴είιγνωμοσύνινι,
3615 1402 3752 1457 οὔτε

2151 1495 2352 1559 αὐτοὺς
2398 1496 2502 1564 τῆς
2546 1496 2798 1560 εὐκλείας
2840 1493 3756 1567 ἀποστερῆσαιβπαρακρουσθέν-

2149 1603 2275 1652 τας,
2304 1585 2428 1639 οὔτε
2454 1586 2557 1657 τὴν
2585 1587 2863 1658 ἡμετέραν
2888 1586 3030 1658 ὑπὲρ
3063 1588 3162 1657 τῆς
3206 1585 3487 1657 ὑμετέρας
3521 1585 3757 1639 εὐδοκι-

2154 1680 2227 1749 μή
2237 1695 2374 1742 σεως
2406 1678 2678 1749 ἀμϐλῦναι
2702 1679 2902 1751 χαράν.
2958 1744 2961 1751 1

543 1774 709 1829 Vsus.
743 1773 828 1829 l9.
866 1791 886 1825 ι
922 1773 1029 1830 Sed
1062 1774 1182 1828 volo
1220 1789 1315 1830 vos
1348 1772 1619 1842 sapientes
1654 1784 1778 1826 esse
1818 1770 1873 1825 in
1902 1769 2043 1826 bono

2225 1789 2245 1821 ι
2297 1769 2451 1822 Θέλω
2479 1769 2537 1821 δὲ
2576 1770 2722 1839 ὑμᾶς
2764 1772 2963 1838 σοφοὺς
2993 1769 3093 1842 μὲν
3140 1770 3282 1826 εἶναι
3316 1777 3397 1839 είς
3416 1774 3480 1827 τὸ
3502 1774 3745 1845 ἀγαθὸν,

474 1872 529 1919 et
556 1864 829 1933 simplices
854 1863 909 1918 in
942 1864 1101 1917 malo.
1135 1881 1154 1915 ι

547 1954 680 2010 Volo
721 1955 883 2024 igitur
911 1968 1027 2019 vos,
1058 1952 1250 2022 inquit,
1281 1965 1400 2020 quae
1442 1950 1582 2005 bono
1612 1957 1738 2004 sunt
1772 1950 2045 2005 contraria

475 2055 824 2110 cognoscere,
861 2050 914 2094 et
963 2055 1084 2095 esse
1140 2042 1193 2094 in
1247 2040 1390 2095 bono
1443 2039 1703 2115 faciendo
1751 2041 2047 2109 sapientes,

474 2128 746 2198 simplices
778 2143 910 2185 vero
938 2138 993 2185 et.
1024 2130 1143 2185 sine
1170 2128 1372 2185 malitia
1402 2116 1708 2185 nescientes
1735 2130 1958 2187 malum.

2156 1861 2453 1930 ἀκεραίους
2474 1860 2531 1914 δέ
2559 1864 2638 1924 είς
2676 1860 2737 1915 τὸ
2763 1863 2967 1915 κακόν,
3003 1881 3023 1915 ι

2222 1950 2494 2021 Βούλομαι
2531 1948 2650 2017 οὖν,
2676 1953 2861 2024 φησὶν,
2898 1952 3191 2022 γινώσκειν
3221 1955 3320 2024 μὲν
3350 1956 3498 2024 ὑμᾶς
3533 1957 3606 2010 τὰ
3629 1961 3747 2019 τοῖς

2153 2042 2338 2105 καλοῖς
2363 2042 2602 2107 ἐναντία,
2634 2045 2729 2096 καὶ
2752 2039 2892 2097 εἶναι
2918 2043 3057 2114 πρὸς
3081 2045 3164 2108 τὸ,
3192 2044 3257 2097 τὺ
3278 2045 3489 2114 ἀγαθὸν
3510 2048 3755 2116 ποιῆσαι

2156 2135 2373 2202 σοφοὺς,
2404 2134 2628 2204 ἀφελεῖς
2662 2134 2719 2187 δέ
2749 2136 2844 2188 καὶ
2886 2135 3266 2209 ἀπανούργους
3299 2137 3579 2209 ὑπάρχειν
3600 2180 3615 2205 ,
3642 2139 3755 2193 καὶ-

2154 2225 2351 2287 κακίας
2381 2225 2569 2289 ἁπλῶς
2600 2226 2855 2297 ἀμαθεῖς.

832 2574 961 2662 ΙΝ
1034 2565 1714 2662 EPISTOLAM
1794 2564 2253 2655 PRIMAM
2326 2562 2478 2653 AD
2567 2561 3365 2661 CORINTHIOS.

1832 2754 2071 2818 (Camn,
2104 2756 2221 2803 tom.
2256 2753 2367 2814 Vl.)

1128 3051 1283 3108 CAP.
1321 3049 1389 3108 X.

2766 3051 3018 3107 ΚΕΦΑΛ.
3060 3054 3117 3109 I’.

545 3145 711 3201 Vens.
748 3144 800 3199 5.
841 3161 859 3196 ι
889 3140 995 3198 Sed
1024 3157 1126 3197 non
1162 3142 1215 3195 in
1251 3142 1492 3211 pluribus
1519 3155 1703 3197 eorum
1740 3143 2043 3214 bencplaci-

2226 3161 2245 3193 ι
2295 3141 2453 3195 Ἀλλά
2483 3142 2585 3195 οὐκ
2617 3143 2673 3195 ὲν
2703 3147 2814 3204 τοῖς
2861 3142 3105 3195 πλείοσιν
3146 3144 3325 3199 αὐτῶν
3366 3148 3666 3220 εὐδόκησεν
3692 3151 3729 3206 ἆ

477 3248 587 3296 tum
615 3247 697 3294 est
728 3238 856 3292 Deo.
896 3254 915 3288 ι

545 3330 658 3385 lloe
689 3330 828 3392 loco,
875 3323 1385 3383 commemoratione
1418 3320 1681 3391 majorum
1714 3322 1880 3387 facta,
1927 3337 2047 3390 quae

477 3422 654 3476 facere
692 3420 880 3476 deccat
927 3432 1020 3472 eos
1066 3418 1262 3471 docere
1296 3424 1547 3481 conatur,
1591 3416 1883 3469 ostendens
1926 3415 2048 3468 illos

474 3527 708 3582 quoque,
746 3511 905 3564 veluti
931 3524 1025 3577 per
1049 3508 1274 3576 ﬁguram
1298 3507 1606 3575 quamdam,
1641 3506 1827 3561 iisdem
1855 3507 2046 3576 dignos

475 3603 686 3657 habitos
714 3602 899 3655 fuisse.
936 3602 1068 3655 Cum
1095 3599 1236 3652 enim
1263 3597 1342 3651 sic
1380 3598 1682 3667 exemplum
1713 3601 2043 3669 propositum

475 3694 674 3763 optime
705 3693 1019 3762 quadraret,
1046 3689 1167 3759 jure
1194 3688 1494 3757 meritoque
1526 3702 1623 3744 eos
1658 3690 1804 3744 visus
1831 3701 1916 3745 est
1947 3692 2044 3745 ad-

474 3784 706 3850 hortari,
753 3792 811 3837 ut
845 3784 912 3837 ab
958 3781 1147 3836 iisdem
1196 3780 1436 3850 peccatis
1492 3780 1594 3835 sibi
1650 3792 1925 3848 caverent,
1978 3799 2045 3839 ne

472 3876 659 3930 eadem
689 3883 1022 3943 paterentur.
1047 3872 1195 3939 Quod
1220 3873 1383 3941 igitur
1412 3871 1485 3926 illi
1509 3873 1609 3926 sub
1636 3873 1778 3927 nube
1805 3873 2040 3942 fuerunt,

472 3966 701 4035 gratiam
758 3963 993 4034 Spiritus
1039 3963 1459 4032 praeﬁgurabat:
1514 3962 1637 4017 illos
1670 3965 1814 4017 enim
1872 3965 2044 4020 nubes

472 4055 802 4110 obumbrans
843 4055 910 4108 ab
955 4052 1342 4124 Egyptiorum
1394 4054 1596 4121 impetu
1636 4052 1896 4117 defendit,
1946 4070 2044 4110 nos

472 4156 653 4202 autem
709 4148 878 4215 gratia
933 4155 1117 4200 contra
1169 4145 1470 4199 daemonum
1521 4143 1784 4198 malitiam
1842 4154 2040 4200 tuetur.

473 4235 625 4302 Quod
655 4244 831 4289 autem
865 4235 947 4289 bis
982 4235 1054 4289 illi
1091 4248 1240 4287 mare
1272 4232 1625 4296 transierunt,
1659 4233 1760 4288 hoc
1788 4235 1946 4289 modo
1974 4237 2041 4290 ad

471 4339 569 4379 nos
602 4325 870 4393 pertinet:
924 4325 1031 4379 illis
1068 4323 1263 4391 duplex
1298 4323 1464 4376 maris
1497 4323 1762 4378 transitus
1822 4327 1889 4380 ad
1939 4324 2043 4380 hoc

469 4415 687 4483 proluit,
716 4427 775 4467 ut
808 4429 1031 4483 prorsus
1065 4412 1301 4466 hostium
1332 4410 1644 4477 conspectui
1676 4411 2041 4466 subduceren-

408 4566 413 4569 _
473 4515 580 4571 tur,
614 4515 670 4560 et
715 4518 973 4575 prmterca
1009 4505 1220 4557 ﬁrmam
1271 4503 1575 4557 libertatem
1635 4512 2038 4572 recuperarent,

469 4607 526 4651 et
546 4597 702 4652 nobis
730 4598 866 4650 idem
898 4595 1197 4650 subsidium
1230 4604 1422 4648 contra
1456 4595 1638 4648 hostes
1669 4604 1883 4649 nostros
1913 4610 2039 4663 sup-

467 4688 676 4758 peditat
710 4688 998 4755 baptisma.
1050 4686 1182 4740 Illud
1209 4694 1392 4739 autem
1414 4725 1430 4753 ,
1477 4684 1544 4738 In
1572 4684 1753 4753 Moyse
1786 4684 2044 4754 baptizari

464 4788 611 4844 sunt,
639 4783 693 4831 in
717 4779 849 4832 nube
866 4788 911 4832 et
945 4779 1001 4831 in
1027 4778 1161 4831 mari
1181 4778 1249 4842 ",
1283 4777 1385 4831 hoc
1419 4775 1683 4847 signiﬁcat
1712 4792 1726 4829 :
1763 4774 1915 4829 Sicut
1944 4774 2042 4839 illi,

365 4881 379 4893 '
466 4872 683 4942 quando
706 4871 772 4925 iis
793 4872 892 4926 hoc
912 4871 1159 4939 contigit,
1182 4870 1431 4923 Mosaicis
1457 4869 1662 4937 legibus
1688 4867 1851 4920 vitam
1878 4880 2033 4920 suam

466 4964 814 5029 devovetunt,
851 4963 922 5015 ita
958 4976 1055 5015 nos
1086 4961 1247 5014 etiam
1288 4960 1342 5013 in
1381 4961 1721 5028 baptismate,
1760 4957 1846 5011 ubi
1874 4958 2035 5025 spiri-

466 5061 578 5107 tum
614 5053 919 5122 adoptionis
950 5053 1178 5106 ﬁliorum
1218 5052 1534 5120 accipimus,
1592 5064 1691 5103 ttos
1737 5048 2029 5103 secundum

462 5144 660 5199 Christi
714 5150 981 5211 prmccpla
1020 5141 1183 5196 vitam
1229 5156 1350 5198 esse
1393 5139 1732 5195 institutum:
1797 5137 2029 5207 sponde—

463 5250 582 5290 mus
611 5249 673 5289 ac
708 5236 982 5289 vovet'nus.

1095 5435 1247 5492 CAP.
1278 5435 1391 5491 XII.

532 5526 694 5581 Vens.
722 5524 810 5579 28.
847 5546 863 5576 ‹
900 5525 1097 5583 Deinde
1132 5538 1442 5597 potestates.
1479 5546 1496 5580 ι

536 5673 613 5733 ³Ὶ
637 5679 763 5733 Cor.
799 5695 846 5743 κ,
879 5683 932 5735 2.

2144 3234 2299 3296 Θεός.
2343 3253 2360 3284 ι

2226 3324 2316 3377 Ἐν
2342 3324 2550 3389 τούτοις
2582 3323 2689 3380 ἀπὸ
2712 3325 2812 3389 τῆς
2844 3325 2951 3378 τῶν
2973 3327 3219 3381 παλαιῶν
3240 3329 3434 3391 αὐτοὺς
3469 3331 3731 3402 παραθέ-

2146 3432 2282 3479 σεως
2338 3416 2627 3470 παιδεῦσαι
2682 3417 2934 3488 βούλεται
2977 3417 3048 3471 τά
3093 3419 3455 3489 προσήκοντα,
3488 3420 3719 3485 δεικνὺς

2145 3494 2435 3572 κάκείνους
2463 3508 2720 3579 καθάπερ
2750 3510 2814 3561 ἄν
2838 3525 2942 3561 τινι
2972 3508 3127 3579 τύπῳ
3158 3510 3266 3562 τῶν
3290 3512 3425 3564 ίσων
3455 3511 3725 3575 ἀξιωθέν-

2143 3616 2261 3662 τας.
2300 3599 2457 3675 Οὒτῳ
2500 3600 2610 3671 γὰρ
2651 3599 2992 3671 καταλλήλου
3036 3601 3366 3670 φαινομένου
3402 3603 3499 3656 τοῦ
3546 3622 3727 3677 παρα-

2143 3689 2462 3760 δείγματος,
2506 3690 2791 3761 εὑρίσκετο
2823 3690 3049 3755 δικαίως
3089 3691 3272 3749 αὐτοῖς
3318 3693 3607 3761 παραινῶν
3646 3695 3723 3765 μὴ

2143 3780 2211 3834 τά
2247 3782 2408 3853 ὃμοια
2444 3782 2818 3852 πλημμελεῖν,
2845 3781 2936 3835 ἵνα
2965 3781 3039 3853 μὴ
3082 3783 3152 3835 τά
3176 3784 3342 3853 ὅμοια
3372 3784 3669 3839 πείσωνται
3704 3803 3720 3817 ·

2143 3873 2205 3926 τὸ
2237 3874 2336 3943 μὲν
2363 3872 2458 3927 οὖν
2504 3874 2610 3925 ὑπὸ
2641 3873 2743 3943 τὴν
2785 3871 3017 3943 νεφέλην
3045 3875 3249 3937 αὐτοὺς
3277 3870 3421 3929 εἶναι
3443 3913 3456 3938 ,
3485 3877 3721 3942 δήλωσις

2143 3958 2211 4035 ἦν
2242 3964 2342 4034 τῆς
2385 3962 2479 4016 τοῦ
2517 3963 2837 4034 Πνεύματος
2875 3964 3098 4034 χάριτος
3126 3980 3138 3993 ·
3178 3966 3429 4030 ἐκείνους
3457 3984 3518 4019 τε
3548 3967 3652 4039 γὰρ
3684 3971 3721 4037 ή

2144 4053 2342 4123 νεφέλη
2394 4052 2721 4119 σκιάζουσα,
2748 4054 2849 4121 τῆς
2895 4054 2959 4107 ἐκ
2994 4052 3106 4105 τῶν
3147 4057 3470 4123 Αἰγυπτίων
3514 4058 3721 4127 βλάϐης

2142 4146 2480 4217 ἀπήλλαττεν
2516 4162 2532 4178 ο
2590 4146 2685 4199 καὶ
2734 4146 2882 4216 ἡμᾶς
2941 4147 2975 4215 ή
3032 4146 3195 4216 χάρις
3248 4148 3351 4217 τῆς
3399 4147 3722 4220 δαιμονικῆς

2142 4238 2443 4309 ἐξαιρεῖται
2496 4237 2717 4301 κακίας.
2752 4237 2827 4291 Τὸ
2869 4236 2925 4290 δὲ
2947 4237 3029 4301 δὶς
3065 4241 3168 4308 τῆς
3214 4238 3499 4310 θαλάσσης
3522 4241 3721 4306 αὐτοὺς

2141 4330 2369 4384 διελθεῖν
2400 4328 2577 4382 έοικεν
2609 4326 2755 4381 κατὰ
2782 4328 2940 4381 τοῦτο
2968 4331 3080 4392 τοῖς
3107 4330 3430 4400 ἡμετέροις,
3466 4332 3552 4385 ὅτι
3583 4332 3719 4403 ὅπερ

2145 4421 2376 4482 ἐκείνοις
2408 4422 2442 4490 ἡ
2469 4420 2551 4483 δὶς
2576 4422 2674 4488 τῆς
2702 4418 2981 4489 θαλάσσης
3010 4421 3285 4491 παρέσχεν
3306 4420 3580 4488 διάϐασις,
3610 4423 3718 4475 τῶν

2149 4512 2248 4581 μὲν
2294 4510 2574 4580 πολεμίων
2624 4510 2822 4573 αὐτοὺς
2871 4511 3152 4574 παντελῶς
3197 4512 3604 4580 ἀπαλλάξασα,
3632 4514 3719 4581 βε·

2140 4603 2302 4657 6αίαν
2335 4602 2392 4656 δὲ
2417 4601 2616 4665 αὑτοῦς
2642 4600 2737 4654 τοῦ
2769 4600 2959 4654 λοιποῦ
2990 4602 3087 4671 τὴν
3119 4601 3438 4673 ἐλευθερίαν
3460 4605 3717 4675 δωρησα-

2145 4694 2281 4765 μένη
2314 4710 2327 4723 ’
2366 4692 2527 4746 τοῦτο
2578 4695 2713 4763 ἡμῖν
2773 4692 2913 4765 πρὸς
2962 4696 3091 4756 τοὺς
3136 4695 3447 4766 ἡμετέρους
3491 4696 3718 4766 ἐχθροὺς

2142 4785 2204 4838 τὺ
2237 4785 2520 4855 βάπτισμα
2562 4783 2808 4852 γέγονεν.
2854 4784 2927 4837 Τὸ
2955 4785 3013 4838 δὲ
3048 4788 3137 4851 εἰς
3180 4786 3291 4839 τὸν
3318 4786 3549 4855 Μωσῆν
3585 4788 3717 4842 ἐϐα-

2137 4879 2431 4931 πτίσαντο
2453 4878 2521 4930 ἐν
2542 4876 2616 4945 τῇ
2637 4876 2863 4946 νεφέλῃ
2888 4877 2989 4931 καὶ
3008 4879 3079 4932 ἐν
3099 4877 3170 4947 τῇ
3194 4878 3501 4949 θαλάσσῃ,
3522 4882 3717 4952 σημαί-

2136 4986 2214 5023 νει
2245 4969 2425 5033 τοῦτο,
2452 4970 2534 5023 ὅτι
2580 4969 2837 5040 καθάπερ
2895 4971 3095 5023 ἐκεῖνοι
3159 4969 3368 5022 τούτων
3433 4972 3709 5040 τυχόντες,

2136 5060 2435 5130 ὑπέσχοντο
2471 5062 2586 5124 τοῖς
2631 5061 2954 5123 Μωσαῖκοίς
2998 5060 3186 5129 νόμοις
3216 5059 3331 5129 βίον
3369 5060 3578 5126 ’,οὕτω
3617 5061 3715 5114 καὶ

2135 5152 2297 5221 ἡμεῖς
2327 5152 2384 5204 ἐν
2417 5150 2494 5220 τῷ
2525 5150 2907 5221 βαπτίσματι,
2935 5150 2997 5204 τὸ
3026 5152 3126 5222 τῆς
3160 5150 3439 5215 υἱοθεσίας
3490 5152 3713 5223 κομιζό-

2142 5258 2293 5311 μενοι
2347 5241 2609 5309 Πνεῦμα,
2641 5243 2917 5313 συνθήκας
2964 5241 3060 5294 κα“ι
3108 5241 3403 5310 ὁμολογίας
3447 5240 3712 5313 τιθέμεθα

2137 5333 2230 5385 τοῦ
2262 5333 2403 5386 κατᾶ
2426 5331 2524 5395 τὰς
2556 5331 2801 5403 Χριστοῦ
2824 5331 3009 5385 λοιπὸν
3039 5331 3138 5402 ζῇν
3168 5331 3412 5396 ἐντολάς.

2733 5446 2980 5499 ΚΕΦᾹΛ.
3022 5444 3120 5499 lB'.

2310 5528 2360 5559 ν,
2536 5531 2547 5548 ο

2215 5549 2232 5582 ι
2269 5532 2399 5585 Eua.
2424 5532 2703 5602 δυναμεις.
2742 5552 2759 5585 ι

2230 5685 2245 5715 ¹
2277 5688 2356 5740 Au
2394 5685 2538 5756 βιοῦν
2565 5686 2587 5741 ἶ
