4014 6122
317 202 451 269 i729

1298 197 1759 258 FRAGMENTA
1804 197 1884 257 ΙΝ
1923 197 2162 257 EPIST.
2206 197 2305 256 AD
2339 197 2603 259 GALAT.

3442 200 3576 267 1730

376 316 458 370 ἰὰ
506 313 857 385 ἐνεργήματα
904 307 1148 378 δηλονότι
1202 308 1311 362 τῶν
1346 306 1651 376 δυνάμεων.
1688 305 1752 359 AI
1795 306 1891 376 μὲν

2062 302 2300 359 Eﬁectus
2351 304 2595 360 videlicet
2626 313 2972 374 potestatum.
3012 306 3312 364 Potestates
3359 312 3578 378 quidem

304 408 590 474 δυνάμεις,
614 404 710 457 καὶ
741 403 905 457 ἰῶντο
928 401 1055 463 τοὺς
1078 399 1347 461 ἀσθενεῖς,
1372 398 1466 451 καὶ
1487 393 1742 459 ἐκόλαζον
1768 396 1893 458 τοὺς

307 496 716 564 ἀντιλέγοντας,
749 492 825 554 ὡς
854 489 1071 552 Παῦλος
1100 488 1190 541 τὸν
1236 487 1497 555 Ἐλύμαν,
1522 485 1616 537 καὶ
1637 487 1665 538 6
1685 483 1895 555 Πέτρος

305 589 400 643 τὸν
461 586 737 639 ’tlvaviav.
786 585 848 635 Oi
896 583 955 635 δὲ
1005 581 1073 635 τὰ
1115 578 1434 651 χαρίσματα
1469 577 1576 630 τὼν
1647 577 1894 647 ἰαμάτων

2003 405 2058 450 et
2102 396 2352 450 inﬁrmos
2399 397 2701 460 sanabant,
2766 398 2909 452 sicut
2966 398 3168 456 Paulus
3233 401 3477 473 Elymam
3523 411 3580 458 et

2001 486 2191 541 Petrus
2245 486 2512 540 Ananiam
2541 505 2557 542 :
2589 488 2680 556 qui
2718 504 2845 543 vero
2886 490 3026 543 dona
3067 491 3417 545 sanationem
3481 491 3580 546 ba-

2002 578 2226 642 bebant,
2256 579 2432 631 solum
2485 579 2758 633 sanabant
2791 599 2804 633 :
2838 589 3123 650 propterea
3154 582 3576 652 etiampotesta-

306 679 545 750 ἔχοντες,
604 677 767 748 μόνον
825 674 1000 727 ἰῶντο.
1049 672 1149 725 Διὰ
1206 670 1368 724 τοῦτο
1402 671 1495 722 καὶ
1524 670 1766 739 προτιμᾷ
1796 666 1896 728 τὰς

2008 680 2087 724 tes
2117 669 2170 722 in
2197 670 2400 724 honore
2432 671 2714 739 praeponit.

305 770 587 836 δυνάμεις.
625 766 729 840 [Ex
756 765 966 821 Catena
1004 760 1333 817 OEcumenii
1373 768 1504 813 tom.
1540 760 1596 820 2,
1644 774 1698 826 p.
1743 752 1890 825 546].

386 882 403 914 ι
442 859 679 931 Ζηλοῦτε
705 858 762 910 δὲ
796 856 864 909 τὰ
894 856 1214 926 χαρίσματα
1233 851 1300 905 τὰ
1320 851 1624 918 κρείττονα.
1656 868 1676 900 ι

379 1036 550 1091 Τουυό
578 1053 728 1099 τινες
759 1035 882 1088 κατ’
937 1031 1206 1103 ἐρώτησιν
1244 1029 1577 1096 ἀνέγνωσαν,
1626 1026 1744 1079 ἀντὶ
1775 1025 1893 1092 τοῦ,

312 1130 491 1191 Ὅλως
522 1127 637 1198 γὰρ
671 1124 891 1194 ἐφίεσθε
928 1122 1039 1176 τῶν
1088 1122 1353 1192 μειζόνων
1387 1123 1747 1192 χαρισμάτων
1776 1139 1790 1188 ;
1830 1121 1893 1173 Εί

308 1221 448 1284 ὅλως
480 1219 726 1289 ἐφίεσθε,
768 1216 880 1286 ἐγὼ
911 1218 1056 1286 ὑμᾶς
1078 1215 1174 1269 ἐπὶ
1220 1215 1395 1268 ταῦτα
1426 1216 1724 1285 ποδηγήσω
1758 1232 1894 1286 προ-

309 1313 521 1382 θύμως.
547 1310 717 1363 Τοῦτο
743 1312 851 1378 γὰρ
874 1310 1152 1378 ἐπήγαγε,
1173 1327 1191 1359 ι
1214 1309 1329 1361 Καὶ
1344 1307 1422 1360 ἔτι
1446 1307 1569 1361 καθ’
1588 1308 1895 1379 ὑπερϐολὴν

308 1408 429 1459 ὁδὸν
462 1406 592 1475 ὑμῖν
625 1404 899 1473 δείκνυμι,
936 1421 953 1454 ν
980 1402 1250 1466 τουτέστι,
1288 1400 1396 1453 τῶν
1425 1402 1550 1453 καθ’
1588 1400 1895 1471 ὑπερϐολὴν

313 1497 577 1566 μειζόνων
612 1494 973 1564 χαρισμάτων
1005 1492 1257 1561 δείκνυμι
1284 1492 1384 1562 τὴν
1431 1490 1570 1544 ὁδόν.
1633 1490 1736 1562 [Ex
1793 1489 1896 1545 Ca-

312 1596 438 1642 tena
463 1582 837 1654 OEcumenii.]

896 1695 1151 1747 ΚΕΦΑΔ.
1195 1691 1296 1747 Il".

392 1828 409 1859 ι
449 1809 556 1861 Καὶ
588 1809 680 1862 ἐὰν
706 1808 816 1879 ἔχω
852 1805 1211 1878 προφητείαν,
1241 1805 1333 1859 καὶ
1363 1804 1488 1858 εἰδῶ
1508 1805 1577 1858 τὰ
1611 1807 1885 1878 μυστήρια

313 1903 491 1955 πάντα
548 1901 642 1954 καὶ
700 1902 881 1954 πᾶσαν
928 1898 1027 1966 τὴν
1068 1897 1291 1964 γνῶσιν,
1323 1896 1419 1951 καὶ
1444 1897 1540 1950 ἐὰν
1570 1899 1678 1969 ἔχω
1707 1901 1890 1952 πᾶσαν

312 1989 411 2059 τὴν
458 1989 664 2057 πίστιν,
691 1990 832 2044 ὥστε
875 1987 974 2058 ὅρη
1025 1987 1393 2057 μεθιστάνειν,
1438 1988 1661 2059 ἀγάπην
1704 1988 1762 2041 δὲ
1813 1988 1889 2059 μὴ

310 2084 441 2152 ἓχω,
470 2081 625 2134 οὐδέν
657 2083 794 2150 είμι.
824 2100 843 2133 υ

382 2172 497 2225 Νῦν
542 2172 726 2224 πίστιν
755 2172 817 2224 οὐ
871 2171 970 2242 τὴν
999 2172 1107 2225 τῶν
1156 2173 1365 2225 πιστῶν
1399 2172 1523 2241 ἔφη,
1561 2175 1660 2244 τὴν
1703 2173 1891 2242 κοινὴν

312 2267 403 2316 καὶ
440 2261 736 2332 καθολικὴν
767 2278 781 2292 ·
817 2262 953 2314 ἀλλὰ
981 2265 1041 2315 τό
1072 2263 1321 2334 χάρισμα
1355 2263 1417 2315 τὸ
1460 2265 1556 2333 τῆς
1604 2264 1842 2325 πίστεως
1873 2278 1889 2295 ·

310 2351 380 2423 ἦν
434 2354 541 2422 γάρ
585 2369 639 2403 τι
686 2351 1029 2423 χαρίσματος
1074 2349 1233 2417 εἶδος,
1280 2353 1592 2423 ὁμωνύμως
1636 2352 1781 2405 οὓτω
1823 2355 1890 2424 τῇ

313 2445 497 2498 πίστει
530 2443 827 2515 λεγόμενον
856 2460 870 2474 ·
901 2444 1024 2496 ὅθεν
1047 2445 1141 2498 ἐπὶ
1174 2444 1484 2515 φανερώσει
1512 2446 1894 2514 πνευματικῆς

315 2538 608 2609 μετουσίας
645 2538 966 2608 ἐχορηγεῖτο
1008 2535 1226 2599 πολλοῖς
1266 2537 1324 2589 ἐν
1345 2536 1424 2606 τῷ
1454 2536 1575 2589 τότε
1608 2535 1719 2588 τῶν
1740 2536 1894 2588 εὑσε-

317 2632 448 2684 ϐῶν.
480 2632 615 2703 Περὶ
639 2631 830 2684 τούτου
850 2630 959 2701 γὰρ
981 2633 1008 2683 ὁ
1028 2629 1235 2701 Κύριος
1250 2630 1308 2683 ἐν
1330 2628 1681 2697 Εὑαγγελίοις
1704 2628 1892 2698 φησὶν,

329 2724 464 2776 Ἐὰν
504 2724 685 2792 ἔχητε
732 2724 940 2775 πίστιν
977 2722 1058 2786 ὡς
1094 2722 1320 2775 κόκκον
1351 2722 1684 2785 σινάπεως,
1710 2721 1895 2789 ἐρεῖτε

316 2812 396 2876 τῷ
417 2813 537 2879 ὄρει
564 2814 771 2884 τούτῳ,
797 2814 1026 2879 Ἄρθητι
1046 2811 1144 2863 καὶ
1159 2810 1426 2877 ,βλήθητι
1443 2813 1528 2874 εις
1544 2810 1659 2876 τὴν
1675 2810 1895 2863 θάλασ-

318 2920 459 2968 σαν,
497 2903 595 2957 καὶ
632 2904 952 2973 γενήσεται
984 2903 1190 2966 οὕτως.
1224 2903 1298 2955 Οὑ
1325 2903 1498 2972 δήπου
1519 2902 1629 2971 γὰρ
1660 2901 1736 2964 ὡς
1758 2902 1896 2972 πρὸς

319 2994 585 3056 ἀπίστους
608 2995 708 3065 τὴν
736 2995 920 3065 κοινὴν
942 2993 1123 3047 πίστιν
1144 2993 1318 3047 ταῦτα
1347 2994 1485 3064 πρὸς
1507 2994 1704 3055 αὑτοὺς
1725 2991 1896 3045 διελέ-

317 3103 445 3156 γετο
468 3127 482 3151 ,
515 3053 584 3126 -ξ
620 3053 721 3157 [ἐκ
750 3053 955 3141 Catena
1022 3085 1355 3141 OEcumenii
1391 3053 1734 3155 'suppletid.]
1758 3085 1895 3139 ἀλλὰ
1923 3053 1964 3110 C

318 3181 455 3250 πρὸς
479 3180 605 3243 τοὺς
634 3180 870 3242 οἰκείους
897 3179 1165 3249 μαθητάς.
1187 3179 1480 3230 Τουτέστιν
1509 3178 1634 3230 Ἐὰν
1654 3178 1817 3247 ἔχητε
1837 3177 1898 3230 τὸ

317 3271 418 3339 τῆς
446 3269 685 3332 πίστεως
714 3271 980 3341 χάρισμα.
1016 3272 1084 3323 Ὀ
1110 3269 1169 3323 δὲ
1192 3265 1347 3323 εἶπεν
1366 3272 1394 3322 ὀ
1414 3268 1619 3333 Κύριος
1635 3269 1692 3319 ἐν
1715 3267 1898 3336 Εὐαγ-

319 3361 518 3428 γελίοις
549 3361 802 3430 μέγιστογ
833 3358 1074 3426 εἶναι,το
1103 3360 1190 3414 διὰ
1225 3360 1461 3422 πίστεως
1485 3360 1586 3431 ὅρη
1610 3359 1896 3429 μεθιστᾶν.

317 3454 492 3531 τοῦτό.
507 3471 639 3523 φησι
673 3455 840 3526 μηδὲν
870 3451 1010 3507 εἶναι
1039 3454 1258 3522 ἀγάπης
1282 3453 1470 3523 χωρίς.

1917 3610 2373 3626 ψ

2081 849 2243 905 νεεδ.
2280 851 2369 906 51.
2418 868 2437 902 ι
2467 851 2821 907 IEmulamini
2854 862 3035 909 autem
3087 855 3418 910 charismata
3464 869 3581 910 me-

2000 941 2158 998 liora.
2191 963 2209 995 ι

2075 1034 2296 1105 (Theod.
2343 1033 2507 1089 Joan.
2545 1034 2810 1107 Gennad.)
2863 1035 3092 1101 Quidam
3133 1036 3233 1093 hoc
3274 1052 3371 1108 per
3410 1039 3578 1094 inter-

2000 1128 2335 1197 rogationem
2369 1126 2636 1197 legerunt,
2691 1129 2798 1182 hoc
2826 1137 2931 1193 est,
2981 1127 3216 1182 Omnino
3248 1128 3453 1196 majora
3484 1131 3578 1184 de-

2002 1218 2254 1273 sideratis
2308 1216 2494 1272 dona?
2550 1217 2608 1275 Si
2655 1219 2878 1274 omnino
2924 1219 2975 1273 id
3026 1220 3258 1288 cupitis,
3326 1235 3428 1291 ego
3481 1236 3578 1275 vos

2001 1316 2251 1378 prompte
2299 1311 2367 1362 ad
2402 1308 2518 1363 bace
2548 1308 2828 1363 deducam.
2860 1307 2997 1362 Nam
3023 1309 3075 1364 id
3107 1309 3420 1380 subjungit:
3461 1329 3480 1363 (
3512 1312 3579 1366 Et

2003 1398 2183 1454 adhuc
2236 1398 2672 1455 excellentiorem
2730 1400 2873 1454 viam
2928 1400 3082 1455 vobis
3157 1402 3505 1467 demonstro,
3552 1420 3573 1455 ι

2003 1492 2104 1571 hoc
2136 1501 2242 1559 est,
2291 1493 2357 1547 ad
2393 1508 2455 1548 ea
2492 1508 2612 1562 qute
2644 1492 2970 1549 excellenter
3020 1492 3227 1562 majora
3266 1503 3397 1550 sunt
3434 1494 3578 1551 dona

2004 1584 2146 1639 viain
2177 1582 2449 1653 ostendo.)

2622 1696 2778 1752 CAP.
2817 1695 2956 1754 XIII.

2060 1808 2228 1864 Vens.
2259 1810 2314 1864 2.
2353 1828 2373 1863 ι
2407 1810 2475 1865 Ει
2506 1809 2550 1866 si
2583 1810 2825 1865 habuero
2855 1809 3213 1882 prophetiam,
3242 1817 3297 1866 et
3326 1813 3574 1868 noverim

1991 1902 2247 1971 mysteria
2278 1903 2457 1955 omnia
2478 1942 2494 1968 ,
2520 1910 2573 1955 et
2595 1915 2807 1957 omnem
2836 1902 3118 1957 scientiam
3143 1919 3158 1957 :
3190 1912 3246 1958 et
3267 1903 3311 1958 si
3341 1901 3580 1959 habuero

1991 2006 2208 2047 omnem
2241 1992 2423 2058 ﬁdem,
2473 1993 2546 2046 ita
2589 2001 2649 2048 ut
2674 2000 2888 2047 montes
2935 1994 3284 2061 transieram,
3334 1994 3578 2049 charita-

1994 2094 2099 2139 tem
2130 2091 2307 2138 autem
2349 2098 2459 2138 non
2498 2083 2757 2149 habuero,
2787 2081 2919 2137 nihil
2942 2097 3082 2138 sum.
3114 2099 3134 2135 ι

2062 2173 2178 2228 Non
2217 2173 2329 2242 jam
2380 2174 2615 2228 ﬁdelium
2649 2174 2782 2228 dicit
2817 2173 2999 2240 ﬁdem,
3055 2187 3398 2229 communem
3432 2172 3579 2227 illam

1992 2274 2047 2321 et
2077 2266 2458 2331 univcrsalem,
2484 2266 2575 2319 sed
2605 2267 2802 2319 donum
2840 2266 3032 2335 gratiae
3064 2265 3183 2319 ﬁdei
3212 2281 3228 2319 :
3281 2275 3398 2319 erat
3436 2263 3578 2318 enim

1993 2356 2116 2410 doni
2149 2356 2335 2422 gratiae
2366 2356 2576 2425 species
2619 2371 2739 2425 qua:
2768 2357 2956 2410 eodem
2994 2355 3232 2417 nomine,
3281 2368 3387 2422 quo
3421 2353 3576 2417 lidcs,

1994 2447 2384 2516 appellabatur,
2426 2462 2595 2516 quare
2627 2448 2680 2501 in
2714 2448 3050 2517 apparitione
3073 2445 3582 2501 communicationis
3670 2466 3673 2471 λ

1994 2539 2317 2608 Spiritualis,
2340 2541 2525 2593 multis
2556 2541 2766 2609 piorum
2792 2542 2881 2607 qui
2917 2540 3006 2593 illo
3039 2548 3277 2607 tempore
3309 2537 3581 2599 vivebant.

1994 2633 2415 2686 concedebatur.
2462 2633 2537 2686 De
2589 2634 2691 2687 hoc
2721 2633 2864 2686 enim
2898 2633 3158 2687 Dominus
3186 2632 3239 2684 in
3273 2630 3585 2699 Evangeliis

1995 2722 2174 2777 dicit:
2230 2721 2294 2777 Si
2346 2721 2638 2776 habueritis
2664 2723 2822 2790 [idem
2877 2723 3019 2776 sicut
3068 2736 3294 2791 granum
3358 2721 3579 2789 sinapis,

1994 2814 2178 2868 dicetis
2210 2816 2377 2868 monti
2406 2815 2529 2868 huic
2575 2830 2595 2867 :
2637 2813 2840 2869 Tollere
2868 2824 2917 2868 et
2966 2814 3174 2867 mittere
3218 2815 3273 2867 in
3322 2827 3488 2878 mare,
3533 2820 3583 2864 et

1993 2907 2083 2975 ﬁet
2112 2909 2187 2961 ita
2209 2908 2276 2960 ³³.
2313 2906 2428 2960 Non
2464 2907 2630 2977 igitur
2651 2907 2800 2961 velut
2830 2908 2897 2959 ad
2943 2906 3186 2961 inﬁdeles
3218 2905 3308 2974 qui
3337 2916 3586 2959 commu~

1998 3013 2121 3051 nem
2171 2998 2327 3052 Iidem
2392 3013 2498 3052 non
2571 2996 2802 3066 amplexi
2884 3004 3109 3059 essent,
3176 2998 3289 3049 haec
3350 2994 3418 3048 ad
3488 3006 3584 3047 eos

2002 3089 2468 3158 peroravit,—-sed
2493 3089 2560 3143 ad
2594 3103 2721 3143 suos
2757 3087 3049 3157 discipulos
3074 3100 3255 3141 sermo
3287 3092 3406 3140 erat
3434 3104 3446 3138 :
3482 3083 3586 3137 hoc

2004 3188 2109 3244 est,
2136 3179 2193 3233 Si
2222 3179 2525 3233 habueritis
2554 3178 2675 3232 ﬁdei
2703 3177 2925 3232 donum.
2944 3176 3097 3241 Quod
3115 3185 3292 3230 autem
3329 3172 3585 3231 Dominus

2004 3267 2058 3321 in
2093 3268 2397 3336 Evangeliis
2441 3268 2736 3322 maximum
2783 3283 2907 3322 esse
2953 3265 3113 3330 dixit,
3145 3280 3342 3334 nempe
3371 3273 3583 3319 montes
3639 3286 3644 3291 ·

2007 3368 2395 3424 transmutare,
2427 3359 2528 3415 huc
2559 3360 2637 3415 ait
2658 3360 2776 3415 sine
2798 3358 3065 3413 charitate
3089 3355 3224 3412 nihil
3256 3369 3398 3412 esse.

3095 3610 3551 3628 —_———I—

590 3754 719 3846 IN
791 3751 1474 3847 EPISTOLAM
1557 3750 2186 3841 SECUNDAM
2274 3752 2426 3840 AD
2501 3754 3305 3850 CORINTHIOS.

1540 3942 1605 4005 (Β
1632 3940 1742 3992 cod.
1770 3937 1915 3991 Bodl.
1943 3939 2159 4004 Cautes,
2189 3946 2226 4004 ι,
2252 3943 2358 4006 VI.)

939 4195 1195 4249 ΚΕΦΑΛ.
1236 4191 1293 4250 I'.

399 4309 418 4342 ι
450 4289 529 4343 Τὰ
557 4289 700 4343 κατὰ
738 4287 1028 4359 πρόσωπον
1058 4285 1306 4357 βλέπετε.
1344 4303 1365 4335 ›

398 4382 556 4436 Κατὰ
634 4379 1032 4449 ὲπιτιμητικὴν
1089 4378 1381 4447 ὑπόκρισιν
1432 4376 1591 4430 τοῦτο
1648 4375 1894 4444 ἀναγνω-

326 4474 517 4527 στέον·
554 4475 694 4536 ἀντὶ,
734 4474 848 4525 Οὐκ
880 4474 945 4523 ἐκ
985 4471 1095 4523 τῶν
1140 4471 1317 4541 ἔργων
1353 4468 1455 4538 τῆς
1501 4467 1758 4538 ἀληθείας
1795 4469 1896 4538 τὴν

326 4567 595 4631 ἐξέτασιν,
629 4567 693 4617 ἐκ
746 4564 801 4617 δὲ
852 4564 961 4617 τῶν
1010 4563 1278 4632 ἐπιπολῆς
1322 4561 1509 4624 ἁπλῶς
1555 4561 1897 4631 φαινομένων

324 4656 387 4709 λα
395 4658 466 4727 μϐ
475 4658 649 4711 άνετε.

1924 4192 1976 4251 D

2647 4191 2803 4247 CAP.
2847 4189 2917 4243 Χ.

2072 4284 2239 4339 Vsus.
2279 4285 2329 4337 7.
2376 4301 2395 4335 ι
2427 4282 2556 4349 Quae
2587 4283 2885 4337 secundum
2914 4278 3105 4334 faciem
3136 4286 3281 4344 sunt,
3304 4280 3518 4337 videtis.
3549 4299 3571 4334 ο

2070 4375 2152 4429 Ad
2195 4375 2603 4442 vituperandam
2652 4372 3054 4428 simulationem
3095 4370 3196 4425 hoc
3240 4369 3432 4425 referri
3479 4374 3578 4428 de-

2000 4466 2112 4522 bet.
2146 4465 2352 4521 Sensus
2386 4474 2468 4520 est
2499 4483 2510 4519 :
2539 4463 2658 4519 Non
2696 4480 2761 4520 ex
2786 4463 3041 4534 operibus
3069 4461 3337 4525 veritatis,
3374 4464 3466 4516 sed
3509 4479 3577 4519 ex

2003 4558 2073 4613 iis
2115 4556 2460 4611 solummodo
2507 4569 2625 4625 qua:
2673 4555 2727 4610 iu
2780 4552 3068 4623 superﬁcie
3111 4558 3393 4622 apparent,
3434 4549 3608 4619 judi-u

2007 4651 2147 4706 cium
2182 4647 2356 4704 fertis.

1086 4967 1213 5056 IN
1288 4962 1966 5056 EPISTOLAM
2048 4963 2199 5053 AD
2273 4961 2828 5054 GALATAS.

1399 5153 1495 5217 (Ea:
1517 5156 1694 5207 Catena
1716 5153 2008 5218 OEcumcnii,
2040 5162 2158 5218 tom,
2189 5154 2229 5217 1,
2253 5154 2361 5217 742,
2387 5153 2520 5219 747.)

932 5308 1189 5363 ΚΕΦΑΛ.
1230 5307 1307 5358 1'".

402 5422 421 5455 ‹
471 5400 531 5451 ’0
559 5398 614 5450 δὲ
646 5397 872 5470 μεσίτης
902 5400 1021 5461 ἐνδς
1051 5398 1149 5450 οὑκ
1172 5395 1338 5447 ἐστιν.
1375 5413 1394 5444 ι

397 5492 563 5557 Λέγει
587 5489 788 5554 τοίνυν,
819 5491 898 5543 ὅτι
920 5490 1123 5558 Μωσῆς
1162 5487 1259 5557 μὲν
1286 5482 1606 5554 ἐμεσίτευσε
1642 5483 1778 5553 πρὸς
1807 5485 1905 5554 τὴν

363 5634 403 5665 as
427 5623 619 5682 Matth.
654 5637 783 5691 xm,
817 5625 904 5680 i9.

2643 5302 2792 5359 CAP.
2836 5303 2923 5358 Ill.

2074 5395 2239 5448 Vens.
2271 5394 2363 5449 20.
2412 5413 2431 5446 ι
2467 5394 2730 5451 Mcdiator
2754 5404 2935 5450 autem
2972 5395 3134 5450 unius
3168 5409 3275 5450 non
3299 5401 3403 5450 est.
3436 5409 3459 5446 ι

2086 5486 2225 5539 Dicit
2253 5500 2379 5549 ergo
2407 5488 2547 5556 quod
2584 5486 2756 5543 Moses
2781 5487 2996 5555 quidem
3028 5487 3293 5542 mediator
3322 5483 3483 5541 fuerit
3506 5480 3575 5538 ad
