4014 6122
469 221 599 284 1731

463 434 674 494 oportet
705 433 884 478 autem
931 437 1054 477 eum
1088 422 1178 488 qui
1219 436 1344 474 vere
1391 421 1659 476 mediator
1700 419 1912 474 futurus
1957 431 2040 475 est

465 530 591 585 erga
619 530 781 567 unum
821 510 986 566 Deum
1031 511 1273 564 omnium
1306 511 1567 582 gentium,
1605 510 1780 564 creari
1816 525 1918 564 non
1950 527 2042 564 su-

464 620 562 674 per
599 604 976 658 mediationem
1021 605 1182 658 unius
1228 605 1425 673 gentis,
1473 604 1567 658 sed
1616 602 1857 656 omnium
1907 619 2040 670 gen-

468 699 598 750 tium
636 713 648 748 :
681 695 1125 764 quandoquidem
1167 695 1329 748 etiam
1354 695 1592 748 omnium
1620 695 1858 764 gentium
1900 710 2040 750 unus

464 794 549 838 est
584 784 747 840 Deus.
785 783 936 839 lluuc
966 794 1146 840 autem
1177 799 1302 839 esse
1329 793 1544 853 oportet
1574 799 1679 837 non
1708 783 1906 838 nudum
1938 783 2037 839 ho-

466 876 691 940 minem,
711 875 884 944 qualis
911 887 1028 929 erat
1054 875 1252 939 Moses,
1277 876 1370 929 sed
1399 874 1675 929 Christum
1699 873 1891 930 Filium
1922 874 2036 940 Dei,

465 967 557 1034 qui
595 967 733 1021 idem
773 966 933 1022 simul
960 982 1086 1021 vere
1121 967 1263 1021 Deus
1290 976 1372 1021 est
1397 976 1451 1020 et
1473 981 1602 1021 vere
1633 969 1793 1023 homo
1820 986 1834 1020 :
1866 974 1921 1020 et
1943 981 2038 1020 co-

465 1058 727 1128 gnatione
773 1073 936 1126 quam
982 1059 1049 1112 ad
1101 1067 1391 1126 utrumque
1430 1055 1612 1118 habet,
1652 1065 1946 1126 utrumque
1983 1056 2036 1110 in

465 1153 640 1219 seipso
671 1149 970 1220 conjungit.
1003 1149 1120 1219 Ipse
1163 1148 1428 1218 siquidem
1475 1156 1560 1202 est
1596 1162 1699 1216 pax
1728 1158 1913 1202 nostra
1944 1148 2037 1217 qui

463 1239 595 1295 fecit
620 1254 686 1295 ex
723 1239 969 1310 utrisque
1002 1255 1189 1294 unum.

1097 1349 1251 1406 CAP.
1293 1350 1408 1407 XV.

530 1462 694 1519 Vsus.
735 1465 791 1520 5.
835 1483 854 1517 ι
887 1464 978 1520 Sic
1015 1474 1070 1519 et
1113 1480 1212 1520 nos
1261 1481 1384 1520 cum
1431 1481 1678 1522 essemus
1721 1461 1907 1535 pueri,
1939 1481 2036 1521 sun

462 1557 745 1612 elementis
775 1558 953 1611 mundi
987 1573 1204 1612 eramus
1238 1557 1292 1610 in
1322 1559 1642 1612 servitutem
1669 1557 1867 1610 adacti.
1906 1577 1925 1607 ι

537 1648 597 1701 lu
637 1648 1048 1702 similitudinem
1085 1657 1496 1718 procuratorum
1528 1657 1580 1700 et
1609 1661 2032 1712 oeconomorum,
2073 1670 2115 1724 Β

463 1741 553 1808 qui
583 1741 928 1810 imperfectos
958 1754 1057 1810 per
1094 1749 1308 1794 aetatem
1343 1739 1617 1794 instruunt
1645 1754 1709 1795 ac
1731 1740 2037 1806 lmoderau-

464 1844 552 1886 tur
598 1833 665 1887 ad
707 1832 761 1886 id
805 1813 948 1901 quod
997 1832 1237 1902 expedit,
1274 1831 1460 1885 mundi
1501 1833 1711 1900 accepit
1745 1831 2036 1895 elementa,

461 1928 655 1994 quibus
683 1927 737 1982 in
774 1926 1086 1982 servitutem
1113 1925 1315 1982 redacti
1356 1909 1573 1980 eramus
1603 1934 1824 1996 propter
1857 1908 2040 1996 cogni-

465 2018 627 2071 tionis
675 2016 1168 2085 imperfeetiouem.
1214 2016 1565 2087 Nequaquam
1598 2018 1785 2088 igitur,
1824 2026 1881 2070 ut
1922 2016 2039 2085 opi-

462 2124 590 2172 nor,
621 2109 788 2163 solem
827 2118 884 2163 et
923 2108 1107 2164 lunam
1143 2109 1196 2163 in
1226 2111 1472 2164 ordinem
1502 2119 1918 2176 procuratorum
1952 2123 2039 2163 re-

463 2201 633 2269 degit,
664 2208 950 2269 propterea
996 2201 1140 2269 quod
1167 2199 1358 2255 inutile
1399 2209 1548 2255 esset
1593 2199 1679 2254 his
1717 2214 1837 2255 esse
1865 2199 2040 2270 subje-

463 2300 632 2354 ctum,
680 2290 775 2343 sed
815 2289 1086 2344 elementa
1131 2289 1315 2343 mundi
1347 2289 1498 2352 dicit,
1531 2298 1624 2343 aut
1653 2288 2037 2344 elementarem

460 2391 518 2435 et
547 2380 964 2436 introductivam
995 2381 1164 2448 legem
1192 2380 1502 2442 (Scribebat
1527 2381 1674 2436 enim
1695 2382 2039 2438 credentibus

461 2485 493 2525 e
517 2470 740 2535 Judaeis,
771 2482 828 2527 et
875 2473 1144 2542 signiﬁcat
1179 2481 1291 2526 tum
1339 2487 1401 2527 ea
1435 2488 1553 2540 qua:
1591 2474 1748 2542 paulo
1789 2475 2037 2542 superius,

461 2561 605 2615 dicta
639 2573 784 2626 sunt,
817 2572 926 2617 tum
956 2561 1100 2630 quod
1126 2561 1171 2617 si
1202 2561 1639 2628 circumdamini,
1673 2563 1921 2620 Christus
1945 2580 2038 2620 vo-

463 2651 548 2705 bis
595 2653 730 2706 nihil
755 2654 1020 2723 proderit)
1066 2664 1158 2708 aut
1189 2654 1455 2711 elementa
1483 2667 1639 2713 vocat
1667 2660 1804 2724 dies,
1839 2674 2034 2729 aquam

461 2753 516 2797 ct
548 2744 751 2812 ignem,
782 2762 1014 2816 quorum
1047 2759 1205 2806 erant
1233 2751 1647 2806 observationes
1676 2767 1740 2806 ex
1778 2751 1894 2821 lege
1915 2766 2035 2820 qua:

464 2836 518 2888 in
554 2838 870 2892 servitutem
907 2841 1153 2912 adigebat
1185 2845 1433 2898 :dierum
1460 2845 1676 2914 quidem
1709 2845 1760 2898 in
1794 2845 2034 2900 sabbatis

463 2939 516 2980 et
544 2930 842 2983 neomeniis
885 2944 949 2986 ac
991 2932 1523 3001 circumcisionibus,
1571 2952 1723 3006 aqua:
1762 2946 1942 2991 autem
1978 2936 2031 2990 in

1091 216 1463 277 GENNADII
1502 213 2006 275 PATRIARCIIJE
2044 215 2150 274 (ΞΡ.
2193 214 2270 273 ΙΝ
2310 212 2547 272 EPIST.
2579 211 2677 269 AD
2711 209 2941 270 IIEBR.

371 323 384 360 ’
463 335 734 390 datiouem
783 329 941 400 legis,
982 332 1076 386 sed
1123 332 1212 384 uni
1247 329 1344 385 soli
1391 331 1536 399 genti
1589 331 1855 384 mediator
1889 330 2031 384 fuit:

2143 329 2283 380 δόσιν
2336 326 2430 379 τοῦ
2481 325 2672 394 νόμου,
2727 323 2843 378 ἀλλ’
2873 325 2952 376 ἑνὶ
2981 321 3143 392 μόνον
3171 322 3530 392 ἐμεσίτευσεν
3566 325 3730 376 ἔθνει.

3597 207 3735 272 173?.

2143 422 2232 471 Δεῖ
2251 419 2306 470 δὲ
2331 418 2422 470 τὸν
2448 417 2522 479 ὡς
2551 415 2767 484 άληθῶς
2813 413 3077 484 μέλλοντα
3111 413 3426 483 μεσιτεύειν
3466 414 3604 485 πρὸς
3639 415 3735 466 τὸν

2139 510 2248 563 τῶν
2279 509 2536 562 ἁπάντων
2565 507 2737 560 ὲθνῶν
2757 506 2852 559 ἕνα
2880 505 3034 572 Θεὸν,
3071 505 3169 575 οὐχ
3205 506 3346 575 ὑπὲρ
3380 504 3498 568 ἑνὸς
3521 505 3732 572 ἔθνους,

2140 602 2256 656 ἀλλ’
2287 602 2428 669 ὑπὲρ
2459 602 2678 656 πάντων
2704 603 2860 670 κοινῇ
2899 600 3000 668 τὴν
3043 599 3327 669 μεσιτείαν
3370 599 3730 668 ποιήσασθαι,

2139 693 2331 764 ἐπειδὴ
2371 694 2464 747 καὶ
2493 693 2714 746 πάντων
2753 691 2922 744 ὲθνῶν
2951 686 3032 754 εἷς
3066 691 3184 744 ὲστι
3219 690 3376 754 Θεός.
3419 692 3518 762 Εῖη
3569 692 3616 744 δ’
3667 692 3734 744 ἄν

2139 780 2314 850 οὗτος,
2343 788 2405 839 οὑ
2432 786 2585 856 ψιλὸς
2606 785 2896 856 ἄνθρωπος
2926 781 3038 848 οἶος
3064 786 3292 855 Μωσῆς,
3329 784 3464 837 ἀλλὰ
3493 786 3736 854 Χριστδς

2138 879 2167 930 ὁ
2200 877 2328 940 Υἱὸς
2368 876 2465 930 τοῦ
2495 876 2652 944 Θεοῦ,
2687 876 2820 939 Θεός
2861 893 2921 929 τε
2966 876 3040 931 ὢν
3083 876 3300 946 άληθῶς
3331 876 3360 928 ό
3391 877 3556 941 αὐτὸς
3589 878 3734 947 ἃμα,

2138 969 2235 1022 καὶ
2265 969 2556 1038 ἄνθρωπος
2582 967 2821 1038 άληθῶς,
2869 967 2969 1021 καὶ
3007 969 3072 1037 τῇ
3129 968 3424 1038 συγγενείᾳ
3471 971 3539 1039 τῇ
3591 969 3735 1040 πρὸς

2139 1061 2421 1130 ἑκάτερον,
2457 1062 2539 1122 εἰς
2566 1061 2623 1112 ἓν
2651 1062 2898 1126 συνάγων
2926 1061 2984 1112 ὲν
3015 1059 3195 1128 ἐαυτῷ
3227 1058 3296 1112 τὰ
3329 1061 3590 1130 ἑκάτερα.
3621 1063 3736 1115 Αὑ-

2137 1153 2229 1216 τὸς
2259 1152 2368 1221 γάρ
2388 1154 2538 1206 ἐστιν
2567 1155 2600 1222 ἡ
2632 1153 2824 1222 εἰρήνη
2852 1151 3035 1220 ἡμῶν,
3067 1153 3096 1205 ό
3143 1152 3377 1224 ποιήσας
3432 1155 3500 1207 τὰ
3550 1154 3737 1224 ἀμφό-

2137 1261 2270 1314 τερα
2306 1243 2384 1298 ἓν.

2802 1351 2959 1404 ΚΕΦ.
2991 1349 3062 1404 Δ’.

2215 1481 2234 1515 ι
2277 1463 2466 1526 Οὕτως
2500 1464 2595 1516 καὶ
2612 1463 2795 1531 ἡμεῖς,
2818 1461 2907 1513 ὅτε
2942 1457 3085 1532 ἦμεν
3110 1461 3316 1532 νήπιοι,
3348 1460 3455 1514 ὑπὸ
3480 1463 3553 1514 τὰ
3579 1477 3733 1517 στοι-

2138 1559 2261 1627 χεῖα
2297 1556 2390 1609 τοῦ
2421 1556 2631 1626 κόσμου
2659 1550 2802 1624 ἦμεν
2831 1553 3243 1623 δεδουλωμένοι.
3276 1572 3296 1604 ι

2223 1650 2311 1701 Ἐν
2337 1648 2490 1712 τάξει
2526 1647 2636 1699 τῶν
2666 1646 2979 1716 ἐπιτρόπων
3016 1644 3110 1698 καὶ
3129 1645 3431 1715 οἰκονόμων
3459 1645 3569 1698 τῶν
3598 1647 3733 1709 τοὺς

2139 1739 2348 1802 ἀτελεῖς
2377 1742 2443 1810 τῇ
2487 1739 2674 1809 ἡλικίᾳ
2720 1737 2857 1806 πρὸς
2902 1736 2962 1790 τὸ
2990 1737 3270 1806 συμφέρον
3304 1737 3730 1805 παιδαγωγοῦν-

2137 1848 2267 1895 των,
2295 1830 2458 1884 ἔλαϐε
2486 1830 2558 1884 τὰ
2592 1833 2836 1901 στοιχεῖα
2861 1828 2953 1883 τοῦ
2991 1830 3224 1899 κόσμου,
3258 1826 3338 1892 οἷς
3371 1826 3516 1901 ἦμεν
3544 1831 3732 1885 δεδου-

2137 1923 2371 1994 λωμένοι
2391 1923 2483 1977 διὰ
2513 1924 2576 1977 τὸ
2604 1923 2705 1994 τῆς
2731 1922 2986 1991 γνώσεως
3015 1922 3226 1985 ἀτελές.
3250 1922 3364 1975 Οὐκ
3400 1923 3469 1975 ἂν
3505 1922 3623 1984 οὖν,
3650 1924 3731 1987 ὡς

2138 2009 2317 2084 οἶμαι,
2355 2013 2505 2084 ἥλιον
2550 2014 2649 2066 καὶ
2676 2012 2908 2084 σελήνην
2951 2011 3143 2065 ἐλαϐεν
3169 2013 3251 2076 εἰς
3281 2011 3438 2079 τάξιν
3467 2012 3578 2065 τῶν
3605 2013 3730 2066 ἔπι-

2137 2107 2378 2176 τρόπων,
2403 2106 2493 2161 διὰ
2517 2108 2591 2171 ,τὸ
2617 2106 2934 2177 ἀσύμφορον
2959 2102 3101 2161 εἶναι
3123 2106 3222 2172 τὴν
3259 2108 3339 2168 εἰς
3364 2104 3542 2160 ταῦτα
3589 2105 3730 2158 ὑπο.

2137 2198 2331 2268 ταγὴν,
2363 2197 2502 2252 ἀλλὰ
2544 2198 2792 2270 στοιχεῖά
2819 2215 2954 2269 φησι
2995 2197 3092 2251 τοῦ
3125 2199 3357 2266 κόσμου,
3388 2198 3424 2268 ἢ
3453 2197 3550 2250 τὸν
3583 2214 3731 2250 στοιρ

2136 2291 2335 2362 χειὼδη
2368 2292 2464 2346 καί
2491 2291 2859 2360 εἰσαγωγικδν
2902 2291 3086 2362 νόμον.
3144 2289 3280 2361 (Καὶ
3331 2290 3440 2358 γάρ
3492 2290 3605 2352 τοῖς
3663 2285 3728 2353 ἐξ

2149 2384 2420 2440 Ἰουδαίων
2473 2372 2686 2449 πιστοῖς
2730 2385 2962 2454 ἔγραφε,
3022 2384 3120 2438 καὶ
3174 2383 3324 2455 δηλοῖ
3344 2383 3416 2438 τά
3436 2400 3494 2436 τε
3525 2381 3727 2450 μικρδν

2135 2475 2396 2546 ἀνωτέρω
2421 2475 2715 2546 εἰρημένα,
2747 2476 2843 2530 xui.
2879 2477 2941 2529 τὸ
2978 2476 3074 2530 ἐὰν
3125 2473 3554 2546 περιτέμνησθε,
3587 2474 3729 2544 Χρι-

2137 2568 2260 2631 στὸς
2291 2569 2437 2636 ὑμᾶς
2477 2568 2631 2622 οὐδὲν
2669 2568 3069 2639 ὠφελήσει).Ἢ
3101 2569 3343 2637 στοιχεῖα
3371 2567 3549 2630 καλεῖ,
3584 2567 3725 2636 ὴμέ-

2136 2673 2258 2727 ρας,
2295 2655 2464 2728 ὕδωρ,
2514 2657 2647 2729 πῦρ,
2691 2652 2768 2714 ὧν
2796 2655 2938 2730 ἦσαν
2965 2661 3029 2713 ὲκ
3057 2658 3153 2713 τοῦ
3193 2659 3274 2724 εἰς
3307 2657 3559 2711 δουλείαν
3586 2659 3726 2712 um-

2135 2749 2398 2817 γαγόντος
2433 2749 2600 2819 νόμον
2642 2751 2700 2805 αἱ
2730 2749 3170 2821 παρατηρήσεις,
3210 2748 3474 2820 Ἥμερῶν
3508 2747 3632 2818 μὲν,
3665 2747 3724 2803 ιν

2133 2860 2196 2896 τε
2225 2841 2528 2906 Σαϐϐάτοις
2559 2843 2656 2898 καὶ
2686 2841 3002 2913 νεομηνίαις
3031 2843 3129 2896 καὶ
3155 2843 3505 2913 περιτομαῖς.
3554 2840 3727 2893 ’Ὑδα-

2134 2953 2225 2998 τος
2258 2935 2339 3002 δὲ,
2367 2938 2424 2990 ὲν
2457 2937 2578 2999 ταῖς
2599 2937 2944 3005 σωματικαῖς
2971 2933 3215 3003 ἁγνείαις
3244 2932 3340 2987 καὶ
3363 2932 3720 3001 βαπτισμοῖς·

462 3016 934 3087 puriﬁcationihus
967 3037 1032 3076 ac
1065 3023 1377 3090 lotionibus,
1406 3027 1547 3096 ignis
1579 3043 1705 3081 vero
1729 3028 1778 3082 in
1813 3043 1916 3081 non
1945 3043 2032 3082 ac-

2143 3029 2306 3099 πυρὸς
2340 3029 2426 3094 δὲ,
2465 3031 2522 3081 ὲν
2559 3028 2637 3098 τῷ
2673 3027 2750 3098 μὴ
2783 3029 3070 3081 ἀνακαίειν
3104 3027 3214 3097 πῦρ
3263 3027 3323 3079 ὲν
3353 3029 3468 3089 τοῖς
3502 3025 3725 3080 Σαϐϐά-

462 3110 740 3164 cendenda
773 3111 1015 3167 Sabbatis
1055 3115 1200 3183 igne,
1253 3118 1346 3170 sed
1400 3118 1622 3172 edendis
1654 3119 1916 3186 pridianis
1965 3135 2030 3174 ac

462 3200 696 3270 frigidis.
751 3201 879 3258 Vide
916 3214 1097 3260 autem
1147 3209 1274 3277 quid
1320 3209 1466 3263 circa
1512 3209 1613 3263 hoc
1653 3211 2027 3265 admirandum

462 3292 610 3345 dicat
666 3290 933 3350 Eusebius
981 3308 1180 3364 quarto
1236 3297 1380 3352 libro
1434 3298 1500 3354 de
1556 3298 2030 3355 Demonstratioue

460 3383 787 3454 cvangehca.

2133 3138 2268 3183 τοις,
2315 3119 2431 3173 ἀλλ’
2463 3120 2604 3172 ἕωλα
2636 3119 2860 3172 ἐσθίειν.
2895 3120 3040 3190 Ὅρα
3072 3118 3130 3172 δὲ
3171 3119 3223 3172 τι
3255 3115 3410 3172 εἶπεν
3445 3118 3530 3182 εἰς
3555 3117 3727 3172 τοῦτο

2135 3211 2282 3275 ξένον
2329 3211 2593 3274 Εὐσέϐιος
2630 3213 2690 3264 ὲν
2730 3210 2812 3282 τῷ
2849 3211 3097 3282 τετάρτῳ
3134 3210 3275 3280 λόγῳ
3303 3212 3402 3281 τῆς
3425 3207 3725 3278 εὐαγγελιο

2134 3305 2235 3373 xi};
2263 3302 2638 3368 Ἀποδείξεως.

467 3605 3692 3635 ..________________________________________________

1201 3771 1326 3859 IN
1401 3771 2077 3864 EPISTOLAM
2150 3775 2299 3864 AD
2369 3773 2997 3873 HEBBIEOS.

1438 3985 1500 4047 (E
1532 3984 1638 4034 cod.
1669 3984 1835 4036 Puris.
1860 3987 1953 4036 258
1978 3987 2278 4052 deprompsit
2321 3989 2540 4052 Canna,
2563 3997 2600 4042 t.
2635 3991 2766 4056 VII.)

993 4324 1219 4382 CAPUT
1281 4324 1576 4382 PRIMUM.

532 4454 697 4512 Vens.
752 4457 803 4510 ι.
872 4475 889 4506 ι
923 4455 1273 4509 Multil‘ariam
1329 4457 1620 4526 multisque
1669 4460 1842 4514 modis
1902 4440 2030 4516 dum

465 4549 606 4603 Deus
649 4549 872 4616 loquens
906 4547 1145 4616 patribus
1188 4548 1240 4599 in
1269 4548 1562 4616 prophetis,
1601 4551 1891 4605 novissime
1925 4553 2036 4608 (lie-

462 4641 564 4695 hus
594 4640 716 4693 istis
747 4639 958 4692 loculus
992 4646 1075 4692 est
1105 4639 1260 4693 nobis
1290 4639 1342 4692 in
1371 4637 1528 4703 Filio,
1564 4655 1723 4710 quem
1753 4644 2035 4699 constituit

465 4729 734 4784 hu'redem
772 4730 1171 4794 universorum,
1203 4746 1297 4798 per
1323 4746 1482 4801 quem
1511 4731 1640 4787 fecit
1677 4744 1733 4788 et
1762 4734 1980 4791 saecula.
2010 4755 2031 4790 ›

535 4908 694 4974 Deus,
738 4910 929 4977 inquit,
967 4911 1058 4980 qui
1110 4911 1381 4968 Abraamo
1428 4923 1483 4969 et
1528 4915 1694 4988 Moysi
1740 4932 2039 4989 eorumque

465 5002 699 5068 posteris
735 5005 882 5056 vario
913 5003 1095 5068 modo,
1126 5021 1225 5058 nec
1261 5007 1434 5062 minus
1469 5011 1612 5063 omni
1655 5021 1892 5081 tempore
1921 5029 2036 5066 ma-

456 5091 664 5159 joribus
699 5095 901 5148 nostris
934 5093 1142 5149 locutus
1171 5109 1253 5150 est
1286 5113 1381 5166 per
1412 5103 1704 5168 prophetas
1734 5119 1880 5168 suos,
1905 5120 2038 5161 eon-

462 5195 730 5239 summato
767 5185 878 5254 jam
929 5187 1076 5240 omni
1129 5198 1368 5256 tempore
1398 5191 1607 5245 locutus
1653 5203 1735 5246 cst
1787 5195 1943 5248 nobis
1981 5196 2033 5250 in

462 5272 573 5330 Deo
605 5275 889 5344 (Christo),
939 5277 990 5330 id
1039 5286 1144 5343 est,
1183 5280 1386 5348 legibus
1432 5283 1614 5348 generi
1663 5298 1898 5343 uuluauo
1940 5298 2035 5351 per

460 5379 650 5423 omnes
694 5375 879 5423 aetates
919 5370 1209 5440 adaptatis,
1261 5371 1332 5423 ita
1386 5384 1442 5424 ιιι
1488 5372 1629 5426 servi
1670 5372 1836 5441 ipsius
1869 5375 2033 5444 justi-

2558 4329 2958 4386 ΚΕΦΛΛΔΙΟΝ
2994 4330 3294 4386 ΠΡΩΤΟΝ.

2215 4487 2234 4519 ι
2274 4466 2607 4540 Πολυμερῶς
2633 4467 2725 4521 καὶ
2755 4466 3105 4538 πολυτρόπως
3137 4469 3306 4523 πάλαι
3332 4472 3358 4523 ὁ
3385 4469 3521 4534 Θεὸς
3548 4470 3714 4542 λαλή-

2143 4576 2242 4622 σας
2294 4561 2408 4623 τοῖς
2453 4559 2730 4628 πατράσιν
2773 4559 2833 4611 ὲν
2855 4560 2971 4621 τοῖς
3001 4561 3331 4632 προφήταις,
3357 4560 3444 4613 ἐπ’
3477 4562 3712 4630 ἐσχάτου

2140 4650 2249 4703 τῶν
2277 4650 2497 4721 ἡμερῶν
2522 4649 2729 4703 τούτων
2758 4650 3022 4720 ἐλάλησεν
3045 4653 3176 4721 ἡμῖν
3207 4655 3265 4705 ὲν
3310 4653 3450 4722 Υεῷ,
3476 4654 3536 4706 ὃν
3579 4654 3711 4723 ἔθη-

2136 4755 2199 4791 κε
2248 4740 2583 4810 κληρονόμον
2638 4739 2896 4808 πάντων,
2949 4741 3018 4794 δι’
3055 4736 3118 4794 οὗ
3175 4743 3272 4794 καὶ
3331 4743 3462 4806 τοὺς
3507 4743 3713 4806 αἰῶνας

2134 4829 2381 4897 ἐποίησε.
2415 4849 2433 4881 ι

2207 4921 2332 4983 Τοῖς
2390 4921 2534 4989 ἀμφὶ
2555 4922 2649 4975 τὸν
2690 4922 2943 4992 Ἀϐραάμ
2980 4939 3040 4974 τε
3106 4921 3200 4975 καὶ
3239 4920 3331 4973 τὸν
3379 4921 3589 4974 Μωσέα
3618 4925 3712 4976 καὶ

2135 5009 2259 5073 τοὺς
2317 5010 2556 5080 καθεξῆς
2597 5009 2870 5081 διαφόρως
2895 5007 3010 5074 οὖν,
3044 5011 3199 5081 φησι,
3231 5011 3324 5063 καὶ
3350 5011 3710 5080 καταλλήλως

2137 5101 2354 5170 ἑκάστῳ
2411 5099 2589 5172 καιρῷ
2626 5103 2737 5162 τοῖς
2783 5101 3075 5171 ἡμετέροις
3134 5101 3422 5170 προγόνοις
3471 5101 3561 5153 διὰ
3601 5101 3711 5153 τῶν

2136 5191 2354 5243 οἰκείων
2411 5191 2710 5261 προφητῶν
2754 5190 3021 5261 ὁμιλήσας
3055 5189 3207 5252 Θεὸς,
3233 5189 3328 5241 τοῦ
3376 5189 3576 5251 παντὸς
3607 5191 3708 5259 ἥδη

2134 5284 2324 5352 χρόνον
2376 5285 2893 5356 συμπληρουμένου,
2939 5284 3242 5354 λελάκηκεν
3273 5287 3406 5356 ἡμῖν
3461 5287 3521 5338 ἐν
3565 5286 3707 5356 Θεῷ,

2133 5376 2399 5442 τουτέστι,
2437 5377 2625 5447 νόμοις
2663 5378 2930 5450 πρότερον
2975 5377 3036 5431 τὸ
3078 5379 3234 5446 γένος
3268 5378 3428 5449 ἡμῶν
3472 5378 3710 5447 ἑκάστης

553 5543 658 5625 ει),
681 5543 1065 5629 Οειιξιιοιζίσηιικ
1095 5545 1430 5629 Ἐλθρύσῃς
1461 5546 1528 5599 δὲ
1552 5547 1655 5617 τῆς
1692 5550 1969 5612 πίστεως.
2012 5548 2088 5604 Οὐ
2121 5551 2300 5606 τοίνυν
2363 5552 2709 5623 ἐνδελόμενον
2740 5554 2800 5608 οὐ
2830 5554 2873 5610 δ’
2900 5555 3120 5620 εὔλογον
3147 5557 3234 5610 ἐπ’
3288 5559 3568 5629 ἀναιρέσει
3603 5553 3708 5610 τῶν

466 5611 699 5680 εὐλογῶν
727 5611 967 5668 δεδόσθαι
997 5616 1161 5683 φάναι
1197 5613 1288 5669 τὸν
1313 5611 1493 5685 νόμον.
