4014 6122
415 206 554 273 1⁸735

1346 194 1405 252 S.
1447 189 1850 263 QUINTIANI
1889 187 2253 249 EPISCOPI.
2295 183 2694 245 ASCULANI.

3540 175 3674 243 1736

415 312 630 371 Etenim
681 304 948 377 expositio
1008 310 1095 355 tua
1168 312 1387 366 gravem
1449 297 1554 351 fert
1604 307 1792 349 contra
1848 296 1994 364 ipsos

2109 295 2209 355 rei;
2239 290 2581 352 ἀποστόλοις,
2622 290 2741 359 ἦτοι
2773 288 2883 349 τοῖς
2916 286 3095 354 ἁγίοις
3125 283 3398 358 Πατράσι.
3430 284 3547 339 Καὶ
3576 282 3681 353 γὰρ

416 404 714 462 novitatem
771 394 1050 451 catholica!
1084 388 1361 445 Ecclesiw.
1408 389 1471 442 Et
1501 388 1715 457 quidem
1746 403 1854 440 non
1898 386 1999 439 ab-

415 496 595 570 iecisti
641 494 811 562 ipsam
839 529 855 553 ,
914 485 1099 540 multis
1130 482 1397 551 episcopis
1439 480 1898 548 praamoneutihus
1947 487 1999 531 te

423 588 698 658 (maxime
730 580 1080 637 sanctissimo
1106 574 1514 641 archiepiscOpo
1537 570 1749 640 Felice)
1788 572 1855 625 ab
1884 570 1998 637 ipsa

424 682 691 738 divertere
721 715 735 740 ,
770 682 826 727 et
858 686 977 726 esse
1015 677 1219 722 rectum
1261 677 1315 720 et
1350 665 1709 719 orthodoxum
1762 661 2000 716 salubris

420 764 822 841 praedicationis
863 769 1187 816 sectatorem
1229 776 1243 811 :
1284 757 1378 809 sed
1415 765 1566 810 certe
1599 762 1785 808 contra
1821 753 1999 804 but-re-

422 863 561 916 sium
612 857 898 911 affectator
932 851 1105 915 fuisti,
1144 860 1197 904 et
1226 849 1482 901 talentum
1514 847 1712 900 divina:
1741 842 2002 896 doctrinae

422 954 477 1008 in
516 963 717 1008 terram
750 944 1105 1007 abscondisti,
1152 953 1205 995 et
1254 958 1358 994 non
1414 940 1592 1007 potius
1624 940 1797 1007 ipsum
1834 948 2002 1002 supra

422 1057 665 1098 mensam
693 1040 960 1109 projicere
987 1033 1270 1095 censuisti,
1294 1031 1542 1084 videlicet
1575 1043 1762 1082 sanam
1792 1024 1999 1080 doctri-

423 1150 547 1189 nam
582 1134 634 1186 in
677 1128 932 1185 cordibus
965 1126 1240 1179 hominum
1277 1123 1559 1183 inserere;
1603 1120 1696 1173 sed
1740 1132 1770 1172 e
1810 1124 1999 1168 contra

425 1225 634 1279 zizania
666 1219 969 1275 semiuasti.
1000 1217 1064 1270 Et
1089 1217 1212 1285 quis
1240 1215 1415 1269 adlmc
1449 1208 1743 1264 suStiuebit
1776 1216 1847 1272 te,
1871 1220 1999 1274 per—

422 1323 726 1370 vertentem
746 1310 946 1366 Christi
966 1305 1348 1376 Evangelium?
1371 1304 1593 1357 Scilicet
1610 1316 1715 1353 non
1741 1299 2002 1369 praedicas

424 1423 592 1463 unum
620 1404 813 1459 Filium
849 1404 902 1457 iu
936 1402 1145 1455 duabus
1186 1397 1398 1453 naturis
1434 1395 1716 1449 Dominum
1755 1401 1998 1445 nostrum

425 1496 606 1552 Iesum
629 1495 932 1558 Christum,
965 1501 1018 1546 et
1049 1493 1192 1544 hunc
1212 1488 1558 1551 crucilixmn;
1587 1487 1678 1540 sed
1704 1484 1867 1560 Deum
1891 1480 2003 1535 for-

429 1597 558 1652 tem,
577 1586 963 1646 inunortalem,
982 1581 1235 1635 videlicet
1261 1594 1422 1633 unam
1442 1577 1727 1631 Trinitatis
1745 1575 1999 1628 substan-

2103 383 2323 453 βαρεῖαν
2352 381 2507 452 φέρει
2534 380 2653 432 κατ’
2678 377 2860 432 αὐτῶν
2886 376 3241 448 καινοτομίαν
3263 376 3363 446 τῆς
3385 374 3682 444 καθολικῆς

2114 471 2438 541 Ἐκκλησίας
2468 472 2501 540 ἡ
2530 468 2748 532 ἔκθεσίς
2776 487 2888 522 σου.
2923 469 3034 522 Καὶ
3058 468 3309 538 μέντοιγε
3333 466 3435 519 οὐκ
3466 466 3683 518 ἀπείπω

2098 563 2335 633 ταύτην,
2393 560 2606 614 πολλῶν
2663 561 2983 613 ἐπισκόπων
3046 558 3521 628 ὑπομεμνηκότων
3587 572 3681 618 σε,

2104 655 2337 726 μάλιστα
2362 652 2457 706 τοῦ
2498 651 2807 720 ἀγιωτάτου
2837 650 3274 721 ἀρχιεπισκόπου
3301 647 3558 716 Φήλικος,
3590 643 3687 697 τοῦ

2100 746 2307 815 ταύτην
2355 742 2770 815 ἀποστραφῆναί
2814 760 2873 795 σε
2901 783 2915 805 ,
2952 742 3050 795 καὶ
3087 740 3219 810 εύθῆ
3261 740 3353 793 καὶ
3387 738 3689 810 όρθότομον

2101 836 2242 894 εἶναι
2275 838 2369 892 τοῦ
2416 838 2683 908 σωτηρίου
2736 836 3123 908 κηρύγματος·
3154 835 3271 889 ἀλλ’
3299 831 3395 889 οὖν
3439 852 3503 903 γε
3541 835 3694 887 ἀντι-

2103 931 2427 1002 ποιούμενος
2448 931 2733 1000 αἱρέσεων,
2759 928 2817 980 16
2833 930 2930 996 τῆς
2953 926 3105 991 θείας
3125 926 3476 989 διδασκαλίας
3492 926 3693 979 τάλαν-

2101 1042 2195 1077 τον
2224 1020 2531 1093 ἀπεκρύψω
2559 1022 2637 1084 είς
2663 1020 2761 1091 τὴν
2781 1020 2907 1089 γῆν,
2930 1021 3027 1072 καὶ
3054 1020 3116 1072 ού
3143 1019 3344 1090 μᾶλλον
3365 1019 3525 1073 τοῦτο
3552 1036 3695 1090 προ-

2104 1113 2399 1168 ϐάλλεσθαι
2432 1114 2524 1167 ἐπὶ
2551 1111 2834 1183 τράπεζαν
2863 1108 3036 1177 είξας,
3066 1105 3177 1164 οἷον
3207 1112 3266 1164 ὲν
3296 1113 3414 1173 ταῖς
3446 1111 3555 1162 τῶν
3587 1112 3693 1163 dv-

2104 1209 2341 1281 θρώπων
2370 1208 2626 1281 καρδίαις
2658 1206 2759 1278 τὴν
2788 1206 2914 1276 ὑγιῆ
2948 1206 3317 1261 διδασκαλίαν.
3363 1206 3525 1259 ’Λλλὰ
3560 1207 3697 1259 10'3-

2103 1300 2318 1353 ναντίον
2347 1299 2563 1363 ζιζάνια
2594 1296 2878 1368 ἔσπειρας.
2910 1296 3055 1367 (Καὶ
3085 1296 3168 1361 τίς
3202 1297 3283 1348 ἔτι
3310 1295 3558 1360 ἀνέξεταί
3590 1312 3696 1349 σου

2101 1391 2522 1460 διαστρέφοντος
2562 1390 2625 1443 τὸ
2652 1388 2746 1441 τοῦ
2778 1387 3018 1459 Χριστοῦ
3055 1386 3452 1459 Εὐαγγέλιον;)
3488 1388 3563 1440 Ού
3596 1388 3699 1440 τὸν

2103 1488 2162 1539 ἐν
2189 1484 2280 1537 δύο
2322 1484 2549 1553 φύσεσιν
2592 1483 2689 1535 ἕνα
2718 1482 2871 1546 Υἱὸν,
2902 1481 2993 1535 τὸν
3032 1480 3239 1552 Κύριον
3280 1479 3439 1549 ἡμῶν
3479 1478 3702 1549 Ἰησοῦν

2103 1576 2361 1646 Χριστὸν,
2394 1575 2581 1628 τοῦτον
2611 1574 2905 1646 κηρύσσων
2944 1575 3362 1645 ἐσταυρωμένον
3381 1617 3393 1639 ,
3432 1576 3570 1629 ἀλλὰ
3598 1577 3701 1630 τὸν

428 1680 560 1733 tiam
588 1678 723 1731 dicis
755 1676 1075 1731 erucilixam
1105 1691 1119 1727 :
1150 1682 1206 1725 et
1238 1687 1343 1725 non
1382 1671 1579 1728 solum,
1618 1669 1711 1721 sed
1751 1677 1802 1720 et
1840 1681 2001 1719 unam

2109 1668 2240 1721 Θεὸν
2273 1668 2362 1720 τὸν
2399 1667 2639 1738 ἰσχυρὸν,
2671 1666 2764 1719 τὸν
2809 1665 3099 1728 ἀθάνατον,
3130 1661 3240 1720 οἷον
3279 1665 3378 1737 τὴν
3416 1667 3547 1737 μίαν
3590 1669 3702 1739 τῆς

427 1782 677 1827 naturam
716 1769 809 1823 Dei
839 1768 1002 1824 Verbi
1034 1776 1086 1821 et
1109 1765 1290 1819 carnis
1318 1763 1474 1817 dicis.
1500 1759 1567 1813 Et
1592 1761 1636 1815 si
1669 1775 1774 1813 uua
1812 1768 2002 1812 natura

429 1864 523 1918 Dei
553 1862 710 1916 Verbi
740 1870 794 1913 et
824 1860 1005 1914 carnis
1038 1867 1143 1925 est,
1175 1870 1275 1909 una
1315 1864 1492 1908 autem
1537 1864 1727 1905 natura
1781 1851 1870 1901 Dei
1906 1848 2004 1902 Pa-

433 1957 531 2010 tris
564 1966 619 2008 et
660 1952 842 2016 Verbi,
875 1953 1148 2019 quonmdo
1176 1964 1280 2001 nou
1312 1962 1414 2000 una
1437 1956 1490 2000 et
1533 1946 1644 2013 ipsa
1679 1955 1869 1997 natura
1904 1943 2006 1996 Pa-

431 2048 531 2101 tris
559 2024 629 2097 et.
644 2044 888 2112 corporis
918 2050 973 2095 et
1000 2040 1205 2094 Verbi?
1237 2039 1293 2093 Si
1325 2048 1503 2092 autem
1533 2052 1637 2089 non
1677 2050 1780 2089 una
1811 2045 2004 2087 natura

433 2141 527 2195 Dei
562 2139 758 2198 Patris,
792 2145 846 2189 et
875 2134 1059 2189 carnis
1101 2134 1370 2195 humanae,
1402 2138 1457 2183 et
1502 2127 1661 2181 Verbi
1693 2143 1707 2178 :
1744 2127 1830 2180 dic
1872 2140 2008 2194 quo-

433 2232 597 2287 modo
618 2243 720 2283 una
748 2237 944 2281 natura
974 2224 1133 2279 Verbi
1160 2231 1214 2275 et
1241 2219 1467 2276 carnis?
1494 2218 1775 2283 Quomodo
1801 2228 2003 2281 creata,

433 2330 487 2376 et
514 2323 812 2377 iucreatum
839 2330 865 2358 ιι
888 2356 903 2381 ,
933 2330 1037 2370 una
1073 2324 1270 2367 natura
1300 2311 1430 2367 est?
1463 2312 1519 2365 Si
1559 2320 1739 2364 autem
1770 2310 1874 2362 hoc
1901 2309 2005 2360 im-

434 2413 691 2484 possibile
720 2420 825 2477 est,
860 2409 1132 2480 quomodo
1173 2421 1300 2460 caro
1342 2416 1397 2460 et
1436 2405 1737 2458 increatum
1771 2401 2007 2455 Verbum

435 2520 541 2559 una
583 2514 773 2558 natura
801 2542 817 2566 ,
868 2511 924 2555 et
978 2516 1084 2553 non
1145 2499 1263 2552 dua:
1295 2495 1681 2552 couunulataa?
1720 2494 1776 2546 Si
1827 2502 2005 2546 autem

434 2595 595 2647 unius
626 2603 831 2645 natura:
864 2599 949 2644 est
978 2588 1228 2643 Christus
1255 2626 1270 2653 ,
1304 2597 1359 2643 et
1403 2601 1507 2641 non
1540 2586 1764 2639 duarum
1794 2597 1809 2634 :
1841 2594 2009 2651 quare

436 2699 543 2738 non
597 2684 732 2738 dicis
767 2682 1043 2737 Christum
1080 2691 1345 2743 creatum,
1376 2678 1517 2732 sicut
1566 2676 1752 2738 Arius,
1807 2674 1887 2727 vel
1927 2674 2009 2726 in-

435 2787 721 2840 creatum,
778 2776 918 2829 sicut
956 2770 1327 2827 Manichacus?
1372 2769 1475 2826 Ubi
1506 2778 1685 2823 autem
1731 2776 1815 2821 est
1874 2775 2010 2819 tem-

437 2868 637 2935 poralis
667 2866 866 2921 Christi
896 2864 1262 2935 generationis
1306 2872 1500 2915 natura
1529 2899 1545 2925 ,
1595 2871 1650 2915 et
1707 2858 2009 2914 divinitatis

2105 1761 2334 1832 Τριάὸος
2355 1761 2567 1825 οὐσίαν,
2587 1758 2817 1827 φάσκων
2839 1760 3278 1830 ὲσταυρωμὲνοψ
3298 1762 3393 1813 καὶ
3415 1761 3477 1813 ού
3505 1760 3696 1830 μόνον,

2104 1855 2243 1908 ἀλλά
2269 1871 2335 1923 γε
2381 1853 2597 1907 καὶτοῦ
2631 1852 2767 1907 Θεοῦ
2813 1854 2988 1920 Λόγου
3032 1852 3195 1920 φύσιν
3247 1851 3376 1922 μίαν
3400 1890 3415 1915 ,
3451 1853 3546 1906 καὶ
3589 1853 3700 1920 τῆς

2107 1946 2313 2014 σαρκὸς
2345 1946 2471 2014 φής.
2513 1944 2626 1998 Καὶ
2657 1946 2705 1996 εί
2747 1944 2847 2014 μία
2880 1943 3042 2011 φύσις
3077 1942 3173 1996 τοῦ
3209 1942 3345 1996 Θεοῦ
3381 1944 3560 2012 Λόγου
3590 1946 3698 2015 τῆς

2107 2036 2329 2107 σαρκὸς,
2367 2036 2465 2105 μία
2495 2036 2553 2088 δὲ
2588 2035 2752 2105 φύσις
2780 2035 2874 2088 τοῦ
2906 2034 3039 2087 Θεοῦ
3075 2035 3303 2105 Πατρδς,
3339 2036 3556 2089 καὶτοῦ
3582 2037 3698 2097 Λό-

2106 2145 2225 2196 γου,
2260 2127 2375 2190 πῶς
2404 2128 2465 2180 ού
2508 2127 2628 2197 μία,
2664 2129 2760 2179 καὶ
2789 2129 2821 2197 ἡ
2849 2127 2988 2196 αὑτὴ
3017 2126 3179 2195 φύσις
3209 2125 3303 2178 τοῦ
3330 2126 3564 2196 Πατρδς,
3597 2130 3699 2181 καὶ

2106 2220 2200 2273 τοῦ
2237 2218 2488 2289 σώματος
2511 2260 2526 2284 ,
2559 2220 2653 2272 καὶ
2691 2218 2784 2272 τοῦ
2832 2219 3041 2286 Λόγου;
3092 2218 3154 2271 Ei
3189 2219 3249 2272 δὲ
3281 2219 3344 2271 ού
3380 2219 3478 2289 μία
3529 2218 3701 2286 φύσις

2108 2310 2243 2365 Θεοῦ
2272 2314 2367 2364 καὶ¹
2404 2311 2642 2381 Πατρὸς,
2679 2311 2774 2363 καὶ
2818 2310 3021 2382 σαρκὸς
3052 2309 3421 2381 ἀνθρωπείας,
3458 2312 3552 2363 καὶ
3591 2311 3693 2363 τοῦ

2109 2405 2309 2473 Λόγου,
2339 2404 2547 2475 φράσον
2583 2403 2702 2467 πῶς
2749 2404 2849 2473 μία
2885 2402 3045 2472 φύσις
3081 2402 3176 2455 τοῦ
3222 2403 3421 2470 Λόγου,
3458 2404 3551 2456 καὶ
3589 2403 3700 2472 τῆς

2111 2498 2355 2567 σαρκός;
2393 2500 2517 2561 Πῶς
2558 2498 2670 2569 γὰρ
2698 2497 2890 2568 κτιστὴ
2927 2497 3022 2551 καὶ
3065 2498 3323 2560 ἄκτιστος
3360 2497 3459 2567 μία
3493 2498 3694 2566 φύσις;

2109 2589 2171 2641 Ei
2211 2588 2269 2641 δὲ
2316 2589 2478 2641 τοῦτο
2531 2590 2817 2653 ἀδύνατον,
2868 2589 2984 2651 πῶς
3023 2590 3057 2659 ἡ
3106 2589 3301 2659 κτιστὴ
3337 2589 3495 2660 σὰρξ,
3528 2591 3623 2643 καὶ
3666 2592 3697 2644 6

2108 2680 2363 2743 ἄκτιστος
2385 2680 2579 2748 Λόγος,
2609 2681 2705 2750 μία
2732 2680 2914 2750 φύσις,
2938 2682 3030 2732 καὶ
3053 2681 3113 2733 οὐ
3135 2681 3228 2733 δύο
3257 2680 3695 2752 ἐνηλλαγμένως

2110 2773 2172 2824 Ei
2199 2772 2256 2825 δὲ
2288 2770 2505 2841 φύσεως
2532 2775 2661 2841 μιᾶς
2689 2775 2839 2827 ἐστιν
2869 2776 2896 2827 6
2926 2773 3182 2845 Χριστὸς,
3211 2774 3308 2826 καὶ
3333 2776 3394 2827 οὐ
3421 2775 3535 2839 δύο,
3560 2776 3613 2827 τί
3633 2777 3696 2829 ού

2109 2865 2288 2933 λέγεις
2325 2865 2417 2918 τὸν
2455 2864 2693 2934 Χριστὸν
2721 2865 2974 2928 κτιστὺν,
3022 2865 3101 2929 ὡς
3136 2866 3165 2918 ὀ
3198 2867 3435 2937 Ἄρειος,
3469 2867 3503 2938 ἢ
3539 2868 3701 2922 ἄκτιο

437 2959 604 3026 ipsius
638 2966 838 3012 aeterna
875 2956 1192 3025 generatio?
1240 2955 1327 3008 ubi
1359 2962 1412 3007 et
1444 2953 1606 3018 illud,
1648 2950 1818 3006 Hodie
1854 2950 2007 3019 genui

2116 2973 2262 3020 στον,
2295 2957 2370 3019 ὡς
2397 2957 2424 3008 6
2447 2957 2779 3027 Μανιχαῖος;
2809 2955 2919 3009 Ποῦ
2941 2956 2998 3009 δὲ
3021 2956 3116 3011 καὶ
3140 2960 3173 3028 ἡ
3197 2957 3427 3029 χρονικὴ
3455 2958 3699 3030 Χριστοῦ

435 3057 484 3101 te
508 3048 522 3077 ‘
549 3047 572 3099 ?
607 3057 663 3100 et
697 3047 823 3099 illud
847 3085 862 3110 ,
888 3046 1045 3099 Iesus
1076 3046 1316 3100 Christus
1345 3046 1457 3101 heri
1493 3055 1541 3098 et
1572 3046 1758 3111 hodie,
1797 3043 1906 3112 ipse
1939 3052 2007 3095 est

2117 3051 2425 3120 γεννήσεως
2465 3048 2656 3117 φύσις,
2688 3049 2783 3102 καὶ
2810 3050 2844 3120 ἡ
2878 3049 2976 3118 τῆς
3012 3038 3269 3119 θεότητος
3305 3050 3470 3104 αὐτοῦ
3501 3068 3703 3121 προαι-

433 3149 482 3192 et
513 3138 570 3191 in
605 3136 877 3193 swcula'?
901 3136 1183 3202 Quomodo
1215 3145 1393 3190 autem
1424 3146 1478 3188 et
1506 3136 1640 3189 dicis
1664 3174 1680 3199 ,
1712 3145 1837 3188 ante
1864 3134 2018 3187 unio—

435 3245 558 3284 nem
592 3227 759 3285 Verbi
791 3228 883 3283 Dei
908 3239 963 3283 et
994 3228 1196 3292 carnis,
1227 3229 1345 3281 dure
1369 3227 1422 3292 δ,
1449 3228 1531 3279 vel
1560 3236 1582 3264 ο
1627 3236 1752 3279 ante
1780 3226 1880 3278 fuit
1926 3239 2016 3278 se-

434 3320 672 3375 cundum
704 3318 1118 3374 subsistentiam
1150 3333 1219 3371 ex
1254 3315 1472 3388 Virgine
1500 3316 1667 3371 unio?
1711 3315 1923 3369 Etenim
1968 3314 2014 3368 si

434 3420 519 3465 est
553 3410 765 3465 Christi
789 3425 920 3464 caro
953 3421 1081 3463 ante
1112 3407 1363 3471 Mariam,
1410 3408 1712 3462 secundum
1744 3404 2015 3459 Valentini

432 3502 659 3570 impium
717 3514 1064 3564 sermonem,
1120 3499 1392 3569 quomodo
1454 3498 1572 3551 dure
1621 3506 1746 3551 ante
1797 3494 2018 3550 fuerunt

435 3603 645 3647 natura:
691 3599 819 3643 ante
866 3588 1145 3641 Mariam?
1189 3586 1354 3657 Cujus
1413 3598 1590 3640 autem
1643 3597 1729 3643 est
1771 3587 1883 3655 ipsa
1915 3602 2013 3641 ex-

434 3679 689 3753 pressio?
717 3695 819 3733 non
842 3678 871 3718 ἀ
919 3678 1201 3749 Eutychis,
1237 3678 1410 3748 magis
1453 3678 1677 3750 Alychis
1707 3689 1752 3743 θ,
1783 3693 1846 3731 ex
1881 3681 2014 3733 dua-

433 3772 536 3825 bus
562 3769 746 3825 dicere
778 3785 941 3825 unam
996 3779 1245 3824 naturam
1294 3770 1499 3826 factam
1546 3772 1759 3827 fuisse?
1806 3772 1864 3828 Si
1907 3774 2010 3827 ista

436 3870 614 3917 autem
652 3877 775 3917 cum
809 3863 902 3917 illo
937 3863 1101 3932 sapis,
1133 3867 1407 3933 quomodo
1438 3865 1610 3933 ipsum
1642 3864 1832 3932 abjicis
1856 3903 1871 3930 ,
1919 3866 2011 3934 qui

434 3955 606 4024 ipsius
641 3955 838 4024 recipis
887 3957 1154 4025 pessimas
1201 3956 1626 4012 innovationes?
1655 3956 1809 4023 Quod
1858 3957 1903 4012 si
1956 3959 2007 4009 in

433 4042 666 4097 veritate
698 4044 801 4096 hoc
831 4043 1034 4097 factum
1064 4054 1169 4111 est,
1213 4053 1430 4098 sanctos
1457 4053 1642 4114 patres
1676 4047 1728 4098 in
1766 4043 2003 4099 Chalce-

433 4132 579 4188 done
607 4141 797 4186 contra
834 4133 1009 4203 ipsum
1050 4132 1333 4189 habuisses
1383 4146 1532 4190 certe
1583 4145 1857 4205 acceptos.
1912 4135 2009 4191 Die

436 4232 806 4279 verumtamen
838 4224 970 4278 mihi
995 4264 1012 4291 ,
1063 4225 1337 4295 quomodo
1369 4227 1545 4280 uniter
1560 4224 1720 4281 Pater
1760 4236 1813 4283 et
1838 4226 2007 4282 Filius

2114 3140 2275 3202 ώνιος
2319 3139 2610 3210 γέννησις;
2649 3138 2763 3194 Ποῦ
2788 3140 2850 3192 τὸ
2869 3182 2883 3206 ,
2916 3140 3189 3209 Σήμερον
3217 3141 3548 3211 γεγέννηκά
3583 3157 3701 3208 σε;

2116 3231 2210 3282 καὶ
2235 3231 2316 3291 τὸ,
2342 3230 2445 3283 Ἐκ
2470 3231 2729 3300 γαστρὸς
2757 3230 2871 3298 πρὸ
2896 3231 3208 3300 ἑωσφόρον
3234 3233 3563 3302 γεγεννηκά
3586 3251 3701 3301 (re;

2116 3322 2212 3375 καλ⁵
2244 3320 2326 3385 τὸ,
2366 3321 2610 3390 Ἰησοῦς
2641 3323 2895 3390 Χριστὸς
2925 3322 3070 3391 χθὲς
3099 3325 3194 3380 καὶ
3226 3324 3489 3393 σήμερον
3521 3328 3559 3379 ὁ
3586 3329 3705 3380 αὑ-

2114 3410 2237 3475 τὸς,
2270 3411 2366 3464 καὶ
2397 3414 2483 3478 εἰς
2507 3412 2647 3478 τοὺς
2685 3410 2946 3478 altis-ac;
2980 3414 3104 3478 Πῶς
3128 3413 3182 3467 δὲ
3210 3416 3304 3468 καὶ
3331 3414 3549 3483 λέγειςς
3584 3419 3702 3489 πρὸ

2114 3504 2213 3574 τῆς
2245 3504 2492 3567 ὲνώσεως
2528 3504 2621 3556 τοῦ
2654 3503 2791 3557 Θεοῦ
2834 3505 3034 3574 Λόγου,
3070 3507 3162 3560 καὶ
3191 3506 3291 3578 τῆς
3324 3508 3548 3579 σαρκὸς,
3581 3510 3698 3577 δύο,

2114 3596 2147 3666 ἢ
2177 3596 2501 3666 πρῦπῆρχεν
2527 3597 2560 3666 ἡ
2586 3598 2709 3649 κατ’
2728 3597 2920 3649 οὐσίαν
2944 3599 3011 3650 ὲκ
3037 3598 3314 3669 Παρθένου
3346 3599 3544 3665 ἓνωσις
3564 3618 3580 3668 ;
3602 3605 3701 3657 καὶ

2113 3688 2222 3758 γὰρ
2252 3690 2301 3741 εἰ
2326 3688 2674 3758 προϋπάρχει
2705 3688 2737 3758 ἡ
2764 3687 2860 3740 τοῦ
2891 3688 3125 3758 Χριστοῦ
3153 3689 3292 3762 σὰρξ
3321 3692 3428 3763 πρὸ
3455 3693 3699 3766 Μαρίας,

2113 3781 2253 3835 κατὰ
2293 3781 2381 3835 τὸν
2409 3781 2765 3834 Οὐαλεντίνου
2798 3782 2970 3855 ἀσεϐῆ
3006 3784 3187 3852 λόγον,
3216 3785 3336 3850 πῶς
3368 3786 3465 3841 δύο
3483 3793 3701 3859 προῦπο

2110 3873 2281 3942 ἦρχον
2340 3872 2537 3942 φύσεις
2599 3874 2707 3942 πρὸ
2742 3875 2997 3946 Μαρίαςς
3045 3877 3205 3941 Τίνος
3237 3878 3294 3932 δὲ
3340 3880 3435 3933 καὶ
3474 3880 3613 3953 αῦτη
3661 3882 3698 3952 ή

2112 3964 2402 4034 ἕκφρασι;;
2448 3965 2572 4035 οὐχὶ
2601 3966 2910 4036 Εὐτυχοῦς,
2944 3968 3039 4021 τοῦ
3073 3969 3276 4039 μᾶλλον
3311 3971 3605 4043 ’Λτυχοῦς,
3634 3974 3698 4027 τὸ

2110 4055 2175 4108 ὲκ
2203 4054 2296 4107 δύο
2329 4055 2510 4122 λέγειν
2545 4054 2764 4124 φύσεων
2792 4058 2925 4128 μίαν
2952 4060 3288 4131 γεγενῆσθαι
3320 4061 3519 4131 φύσιν;
3548 4064 3610 4117 El
3638 4064 3699 4118 δὲ

2107 4147 2283 4201 ταύτὰ
2307 4147 2501 4218 ἐκείνῳ
2530 4151 2746 4218 φρονεῖς
2768 4189 2783 4213 ,
2825 4149 2946 4214 πῶς
2983 4151 3174 4206 τοῦτον
3205 4154 3489 4226 ἀποϐάλλῃ
3509 4196 3525 4223 ,
3570 4159 3598 4210 6
3628 4158 3699 4211 τὰ

2109 4237 2277 4293 αὑτοῦ
2322 4240 2767 4311 παραδεχόμενος
2809 4242 3051 4297 κάκιστα
3094 4245 3464 4316 καινίσματας
3518 4248 3698 4322 Ὅπερ

434 4325 490 4370 et
520 4314 754 4385 Spiritus
791 4326 1014 4372 sanctus
1047 4318 1245 4372 dicitur
1275 4316 1531 4385 Trinitas,
1570 4318 1716 4375 solus
1738 4320 2006 4376 exsistens

2116 4328 2202 4382 ἐπ’
2228 4328 2486 4401 ἀληθείας
2529 4347 2612 4383 σοι
2659 4330 2817 4384 τοῦτο
2865 4332 3154 4404 πέπρακτο
3194 4314 3298 4399 ἂν,
3329 4337 3380 4389 εί
3410 4339 3540 4401 τοὺς
3576 4314 3697 4393 κατ’

436 4406 600 4475 Deus,
628 4409 672 4462 si
701 4423 809 4463 non
835 4411 1069 4478 suscipis
1103 4410 1285 4465 dicere
1321 4410 1373 4464 in
1402 4425 1511 4465 uno
1539 4411 1648 4465 ﬁlio
1687 4413 1823 4468 duas
1848 4424 2012 4469 natu-

437 4500 571 4556 ras?
597 4500 665 4556 Et
696 4501 743 4557 si
777 4500 1020 4556 Trinitas
1052 4515 1190 4555 unus
1229 4501 1370 4556 Deus
1413 4510 1516 4567 est,
1547 4505 1816 4573 quomodo
1847 4505 2011 4575 Deus,

435 4602 492 4648 et
519 4608 715 4665 corpus
748 4602 994 4649 nostrum
1026 4581 1127 4663 ipsi
1156 4595 1388 4660 unitum,
1418 4609 1524 4649 non
1549 4596 1707 4651 debet
1734 4597 1840 4652 diei
1876 4614 2013 4656 unus

437 4684 610 4740 Filius
637 4685 691 4739 in
737 4686 947 4740 duabus
995 4684 1255 4740 naturis?
1288 4685 1346 4740 Si
1400 4696 1577 4741 autem
1633 4703 1737 4742 una
1796 4700 2011 4757 natura,

438 4777 581 4833 Deus
627 4775 859 4832 Verbum
897 4785 952 4832 et
989 4791 1146 4845 caro;
1193 4778 1276 4833 vel
1310 4786 1571 4832 mutatum
1621 4788 1707 4834 est
1753 4779 2009 4850 Verbum,

437 4869 523 4924 vel
553 4882 700 4925 caro.
745 4870 812 4923 Et
849 4869 894 4924 si
952 4885 1082 4925 caro
1140 4878 1371 4935 mutata,
1417 4870 1557 4924 facta
1598 4869 1704 4925 fuit
1756 4871 2010 4941 Verbum,

439 4977 547 5017 non
584 4964 689 5018 erit
736 4962 966 5031 amplius
1014 4977 1160 5018 caro.
1205 4962 1262 5017 Si
1321 4973 1501 5016 autem
1539 4964 1657 5018 istis
1713 4980 1817 5020 non
1869 4965 2013 5021 facta

439 5062 524 5107 est
560 5052 814 5116 mutatio,
848 5052 1118 5121 quomodo
1151 5051 1202 5104 in
1238 5050 1457 5105 Christo
1489 5067 1593 5105 non
1625 5063 1753 5106 sunt
1776 5054 1894 5108 duae
1924 5071 2015 5108 na-

442 5143 618 5200 turae?
650 5144 790 5199 Caro
816 5145 961 5198 enim
993 5157 1122 5198 caro
1149 5151 1253 5208 est,
1290 5158 1596 5211 quanquam
1624 5143 1695 5197 sit
1724 5143 1819 5198 Dei
1843 5160 1971 5199 caro
1996 5163 2011 5198 :

440 5242 498 5290 et
529 5233 767 5291 Verbqu
798 5274 814 5301 ,
861 5233 1096 5290 Verbum
1125 5243 1211 5288 est
1235 5274 1247 5298 ,
1282 5233 1409 5289 licet
1449 5235 1741 5305 assumpsit
1767 5244 2012 5292 nostrum

504 5433 515 5441 -
554 5392 701 5452 Psal.
733 5409 794 5462 ιι,
827 5393 881 5448 7.
956 5392 1165 5465 ’,Ποίιικ
1217 5408 1340 5461 xm,
1374 5394 1427 5448 8.

510 5535 535 5564 ⁸
557 5525 614 5583 In
646 5526 855 5592 Graaco,
888 5529 1146 5586 iurreata.
1177 5531 1347 5587 limo.

2120 4421 2287 4475 αὐτοῦ
2327 4421 2520 4490 ἁγίους
2564 4422 2814 4492 Πατέρας
2840 4461 2856 4486 ,
2896 4425 3023 4487 τοὺς
3057 4426 3115 4477 ἐν
3165 4426 3506 4499 Χαλκηδόνι,
3551 4425 3699 4500 εῐχες

2117 4512 2359 4577 δεκτούς.
2419 4514 2565 4585 Πλὴν
2625 4516 2834 4585 φράσον
2896 4533 3011 4585 μοι,
3077 4517 3191 4580 πῶς
3240 4521 3522 4589 ἡνωμένος
3580 4519 3698 4593 [ῐσ.

2119 4604 2439 4677 ὴνωμένως]
2461 4607 2490 4659 6
2514 4607 2722 4678 Πατὴρ,
2744 4607 2838 4659 καὶ
2856 4609 2884 4661 6
2905 4608 3053 4673 Υἱὸς,
3073 4609 3244 4662 καὶτὸ
3265 4608 3422 4678 ἅγιον
3447 4612 3696 4683 Πνεῦμα,

2118 4697 2333 4765 λέγεται
2362 4697 2555 4769 Τριάς,
2589 4698 2747 4768 μόνος
2775 4699 2849 4752 ὢν
2879 4699 3042 4765 Θεός;
3073 4701 3107 4772 ἢ
3134 4702 3183 4754 εί
3216 4702 3276 4755 ού
3307 4703 3592 4777 παραδέχῃ
3614 4706 3700 4760 λέ-

2118 4804 2236 4856 γειν
2269 4791 2325 4842 ὲν
2353 4789 2433 4841 ἐνὶ
2457 4789 2570 4861 Υίῷ
2602 4789 2696 4843 δύο
2726 4789 2942 4858 φύσεις·
2973 4793 3066 4845 καὶ
3094 4793 3144 4845 εί
3170 4795 3204 4865 ἡ
3238 4794 3412 4866 Τριὰς
3440 4790 3522 4861 εἷς
3544 4797 3699 4860 Θεὸς.

2118 4879 2237 4944 πῶς
2268 4882 2295 4933 ὁ
2325 4880 2456 4944 Θεὸς
2476 4920 2491 4944 ,
2540 4882 2634 4934 καὶ
2672 4881 2732 4935 τὸ
2775 4881 2933 4953 ἡμῶν
2963 4883 3122 4953 σῶμα
3161 4885 3311 4956 αὑτῷ
3347 4886 3571 4955 ἑνωθὲν,
3599 4890 3701 4942 οὐκ

2118 4970 2323 5041 ὀφείλει
2349 4971 2606 5039 λέγεσθαι
2628 4966 2708 5036 εἷς
2746 4973 2872 5036 Υἱὸς
2903 4975 2962 5027 ἐν
2988 4975 3110 5027 δυσὶ
3136 4976 3399 5045 φύσεσιν;
3441 4981 3492 5032 εί
3520 4980 3577 5033 δὲ
3603 4980 3700 5050 μία

2120 5064 2282 5132 φύσις
2310 5065 2339 5115 6
2366 5062 2499 5126 Θεὸς
2544 5063 2740 5131 Λόγος,
2775 5065 2871 5117 καὶ
2899 5066 2931 5135 ὴ
2969 5066 3127 5136 σὰρξ,
3157 5067 3317 5138 δῆλον
3351 5070 3435 5122 ὅτι
3469 5071 3703 5141 τραπεὶς

2120 5154 2149 5205 ὁ
2173 5153 2345 5221 Λόγος
2377 5154 2477 5206 οὐκ
2502 5153 2584 5206 ἔτι
2610 5155 2692 5224 εἴη
2719 5154 2914 5222 Λόγος,
2937 5155 3074 5208 ἀλλὰ
3103 5157 3262 5229 σὰρξ.
3296 5159 3406 5212 Καὶ
3433 5162 3484 5212 εί
3508 5163 3540 5232 ὴ
3566 5160 3705 5234 σὰρξ

2122 5248 2394 5312 τραπεῖσα
2438 5247 2633 5315 γέγονε
2664 5248 2838 5316 Λόγος
2862 5288 2876 5314 ,
2908 5250 3009 5303 οὐκ
3043 5249 3125 5304 ἔτι
3155 5251 3244 5324 εἴη
3287 5253 3446 5327 σάρξ,
3477 5255 3605 5312 Είδὲ
3644 5256 3704 5310 ἐν

1463 5532 2066 5624 ξ-[οζηῐξεξιξιιξφχίυεεη
2088 5540 2189 5624 vel.
2208 5551 2498 5624 antequam
2598 5557 2621 5586 ε
2646 5547 2774 5617 Pro,
2794 5547 2871 5605 vel
2887 5586 2904 5618 ,
2930 5548 3072 5609 forte
3092 5549 3320 5624 rectius,
3342 5569 3434 5613 an.
3458 5553 3633 5617 utan.

433 5592 705 5680 'dMelius,
729 5614 920 5655 nonne.
952 5600 1126 5657 ΠΑῐιιι.
1186 5615 1233 5679 Λα
1258 5592 1530 5673 Eniycbeé
1569 5615 1724 5663 sonat
1750 5605 2007 5678 latratum,

2109 5592 2275 5682 me;
2290 5592 2610 5684 ιῖὗᾶὶὶξίιιηι.
