4014 6122
369 233 504 297 1737

1662 219 2324 285 ANATHEMATISMI.

3508 219 3642 287 1738

364 341 577 406 τούτοις
609 340 670 393 οὐ
700 339 892 409 γέγονε
925 340 1131 411 τροπὴ,
1167 339 1284 402 πῶς
1319 338 1419 391 οὐκ
1462 337 1602 390 εἰσὶν
1628 338 1686 391 ὲν
1729 334 1951 407 Χριστῷ

2058 344 2419 403 assumptum.
2447 328 2501 386 Si
2533 339 2712 388 autem
2746 342 2953 390 mutata
2981 342 3085 402 est,
3112 334 3386 404 quomodo
3425 350 3530 391 non
3558 349 3642 395 est

363 433 462 489 δύο
516 432 745 502 φύσεις;
804 431 871 484 Ἠ
902 431 1013 502 γὰρ
1050 426 1211 502 σὰρξ,
1255 427 1395 499 σάρξ
1432 428 1570 492 ἐστι,
1604 425 1703 480 καὶ
1743 427 1793 478 ει
1839 424 1956 477 ἔστι

363 525 501 593 Θεοῦ
531 522 697 595 σάρξ·
735 527 831 576 καὶ
873 524 901 576 6
942 523 1116 591 Λόγος
1148 522 1319 588 ἐστὶν,
1364 519 1417 573 εἴ
1460 519 1555 573 καὶ
1592 518 1823 571 ἀνέλαϐε
1857 516 1955 585 τὴν

364 615 523 687 ἡμῶν
548 613 879 685 πρόσληψιν.
929 615 989 668 Ei
1020 614 1076 668 εὲ
1113 613 1353 685 ἐτράπη,
1385 611 1503 675 πῶς
1542 610 1641 681 οὐχ
1669 608 1956 679 ὁμοούσιος

365 711 400 779 ἡ
434 707 703 778 σὰρξ,καὶ
727 705 999 767 συναῒδιος
1020 705 1098 777 τῷ
1133 705 1342 775 Πατρὶ,
1368 703 1490 757 καθ’
1521 702 1550 755 6
1574 703 1667 756 acal
1692 703 1719 754 6
1740 701 1915 767 Λόγος
1941 713 1954 760 ;

365 799 428 852 Εἰ
476 798 536 852 δὲ
578 797 921 868 ἑτεροούσιρς
954 798 1102 850 ἐστιν
1149 798 1183 869 ή
1227 795 1365 867 σὰρξ
1406 794 1484 865 τῷ
1519 793 1724 865 Πατρι,
1764 789 1954 844 καθότι

366 890 508 963 αὕτη
539 892 640 962 μὲν
674 890 989 961 πρόσφατος
1012 927 1026 952 ,
1058 890 1086 943 6
1113 889 1171 941 δὲ
1196 887 1391 957 ιΠατὴρ
1418 886 1665 955 ἄχρονος,
1690 881 1807 945 πῶς
1834 881 1956 951 οὐχὶ

367 981 681 1053 πρόσφατος
720 980 818 1035 καὶ
844 981 873 1033 6
905 979 1111 1048 Λόγος;
1142 977 1278 1032 καθὸ
1319 976 1429 1047 γὰρ
1458 977 1588 1047 μίαν
1619 973 1759 1028 εἶναι
1791 972 1956 1042 φύσιν

368 1079 465 1147 τῆς
490 1075 692 1144 σαρκὸς
719 1074 816 1127 καὶ
864 1072 959 1126 τοῦ
981 1071 1118 1126 Θεοῦ
1138 1072 1313 1141 Λόγου
1336 1071 1535 1140 λέγεις,
1559 1068 1653 1122 acal
1673 1067 1752 1139 τῷ
1781 1066 1959 1137 Πατρὶ

368 1166 709 1237 ὲτεροούσιον
731 1165 894 1220 αὑτὸν
918 1164 1119 1233 λέγεις.
1145 1166 1208 1218 El
1239 1163 1299 1217 δὲ
1323 1164 1423 1233 οὐχ
1444 1162 1480 1234 ἡ
1509 1160 1648 1243 αὑτὴ
1670 1160 1834 1230 φύσις
1860 1156 1956 1213 τοῦ

366 1253 500 1307 Θεοῦ
539 1253 714 1323 Λόγου
777 1254 872 1308 καὶ
908 1251 1011 1324 τῆς
1071 1252 1297 1325 σαρκὸς,
1332 1252 1453 1317 πῶς
1491 1252 1593 1307 οὐκ
1630 1252 1743 1304 εἰσὶ
1773 1250 1888 1331 δύο,
1921 1253 1956 1321 ἠ

367 1344 505 1416 σάρξ
553 1346 649 1398 καὶ
717 1347 746 1399 6
774 1344 980 1415 Λόγος;
1014 1343 1081 1399 Εἰ
1113 1344 1173 1399 δὲ
1214 1347 1366 1401 πᾶσα
1398 1346 1433 1416 ἡ
1470 1343 1660 1413 θεότης
1690 1342 1829 1414 σὰρξ
1865 1358 1959 1411 γε-

364 1452 633 1508 γενηται,
689 1436 808 1499 πῶς
841 1435 1060 1506 ἔμεινεν
1107 1436 1136 1488 6
1184 1436 1360 1506 Λόγος
1407 1435 1437 1489 ὃ
1480 1431 1585 1507 iv;
1624 1434 1743 1500 πῶς
1775 1435 1833 1488 δὲ
1863 1434 1959 1490 καὶ

365 1524 655 1596 ἀτρέπτως
679 1524 1009 1597 σαρκωθεὶς,
1031 1524 1080 1578 ει
1100 1524 1202 1579 οὐκ
1230 1525 1349 1579 ἐστι
1369 1526 1606 1598 Χριστὸς
1636 1526 1694 1578 ἐν
1724 1524 1819 1580 δύο
1848 1524 1953 1594 φύο

366 1631 521 1684 cecc;
558 1616 685 1680 Πῶς
725 1615 1036 1688 σαρκωθεὶς
1069 1618 1099 1670 6
1134 1615 1269 1679 Θεὸς
1301 1616 1474 1686 Λόγος
1508 1615 1729 1687 ἔμεινεν
1775 1617 1805 1670 ὃ
1848 1611 1955 1686 ἦν;

2056 424 2543 483 consubstantialis
2567 440 2700 483 caro
2738 434 2793 482 et
2834 436 3106 482 comterua
3156 425 3325 497 Patri,
3385 428 3543 483 sicut.
3588 438 3645 486 et

2063 515 2295 570 Verbum
2321 513 2346 567 ἳ
2374 513 2432 570 Si
2462 524 2643 571 autem
2675 514 2901 571 alterius
2926 518 3241 575 substantiae
3265 527 3348 574 est
3381 507 3512 575 caro
3544 518 3647 577 Pa-

2059 604 2151 668 tri,
2171 603 2223 657 in
2246 613 2513 674 quantum
2545 606 2819 662 recentior
2838 618 2943 675 cst,
2967 605 3128 664 Pater
3155 617 3332 664 autem
3361 610 3481 665 sine
3508 621 3645 667 tem-

2058 709 2188 764 pore
2218 704 2336 763 est,
2388 699 2662 767 quomodo
2706 715 2812 755 non
2867 715 3059 757 recens
3090 711 3145 757 et
3182 701 3460 758 Verbum?
3505 705 3648 760 sicut

2057 787 2206 842 enim
2232 803 2396 843 unam
2426 805 2551 847 esse
2595 801 2845 848 naturam
2875 796 3058 851 carnis
3083 807 3134 853 et
3166 795 3327 851 Verbi
3352 797 3444 853 Dei
3486 799 3645 863 dicis,

2057 887 2112 934 et
2136 878 2336 934 Filium
2362 881 2587 938 alterius
2616 884 2942 940 substantiae
2969 885 3137 953 Patri,
3170 888 3326 942 dicis.
3358 886 3417 943 Si
3465 901 3645 945 autem

2057 985 2165 1026 non
2196 982 2280 1027 est
2309 974 2501 1047 eadem
2526 984 2719 1041 natura
2746 975 2906 1033 Verbi
2940 978 3035 1033 Dei
3063 987 3117 1032 et
3148 981 3348 1047 carnis,
3373 984 3645 1052 quomodo

2059 1077 2169 1118 non
2214 1072 2341 1120 sunt
2370 1066 2489 1122 dum
2509 1106 2528 1133 ,
2555 1081 2685 1122 caro
2716 1078 2773 1124 et
2799 1068 3080 1125 Verbum?
3107 1070 3165 1127 Si
3208 1079 3389 1127 autem
3421 1075 3644 1132 omnino

2060 1151 2233 1208 deitas
2256 1167 2386 1210 caro
2407 1154 2552 1210 facta
2576 1164 2679 1225 est,
2706 1160 2978 1227 quomodo
3003 1160 3205 1217 mansit
3227 1161 3466 1220 Verbum
3494 1170 3640 1236 quod

2060 1242 2210 1300 fuit?
2246 1244 2528 1312 Quomodo
2548 1258 2727 1303 autem
2761 1249 3278 1309 incommutabiliter
3301 1256 3642 1313 incarnatum

2061 1342 2177 1402 est,
2233 1337 2277 1390 si
2327 1351 2432 1392 non
2465 1349 2551 1394 est
2591 1338 2840 1397 Christus
2868 1341 2925 1396 in
2969 1341 3181 1400 duabus
3220 1347 3475 1403 naturis!
3502 1348 3646 1415 Quo-

2062 1426 2223 1480 modo
2276 1426 2593 1485 incaruatus
2637 1431 2781 1487 Deus
2812 1429 3049 1489 Verbum
3087 1439 3291 1492 mansit
3320 1441 3468 1512 quod
3500 1438 3643 1498 fuit?

2060 1512 2131 1569 Et
2157 1516 2202 1570 si
2228 1526 2313 1572 est
2338 1516 2480 1574 Deus
2504 1520 2738 1576 Verbum
2764 1523 3063 1592 passibilis,
3088 1525 3441 1598 impassibilis
3463 1543 3643 1590 autem

2060 1603 2244 1673 Pater,
2288 1610 2559 1678 quomodo
2585 1627 2724 1668 unus
2745 1621 2799 1667 et
2830 1613 2979 1671 solus
3006 1625 3092 1671 est
3120 1616 3304 1676 Deus?
3361 1623 3645 1690 Quomodo

364 1708 476 1760 Kal
516 1710 566 1761 si
593 1706 742 1762 ἐστιν
773 1710 801 1762 6
842 1705 977 1772 Θεὸς
1023 1707 1199 1777 Λόγος
1244 1707 1525 1778 παθητὸς,
1575 1706 1795 1780 ἀπαθὴς
1831 1707 1890 1760 δὲ
1928 1707 1957 1760 6

2064 1707 2243 1752 autem
2269 1708 2323 1752 et
2354 1699 2583 1756 istorum
2612 1718 2719 1758 una
2748 1714 2831 1760 est
2863 1714 3062 1762 natura
3089 1708 3113 1760 ἲ
3148 1709 3208 1765 Si
3231 1723 3414 1770 autem
3454 1727 3509 1772 et
3539 1720 3645 1773 im-

364 1796 574 1868 Πατὴρ,
606 1795 723 1861 πῶς
751 1791 832 1860 εἷς
857 1797 951 1851 καὶ
976 1797 1141 1868 μόνος
1169 1799 1317 1850 ἐστὶν
1356 1800 1386 1851 6
1409 1796 1540 1863 Θεός
1564 1815 1580 1866 ;
1614 1797 1740 1862 Πῶς
1777 1797 1836 1851 δὲ
1862 1798 1956 1850 καὶ

363 1887 572 1941 τούτων
598 1887 699 1959 μία
723 1889 872 1942 ἐστὶν
893 1891 928 1960 ἡ
951 1887 1148 1958 φύσι;;
1180 1890 1243 1943 Ei
1271 1889 1329 1942 δὲ
1355 1876 1451 1943 acal
1473 1888 1692 1960 ἀπαθὴς
1709 1891 1743 1962 ἡ
1762 1890 1953 1961 Τριὰς,

369 1981 484 2044 πῶς
527 1982 556 2034 6
606 1981 740 2045 Θεὸς
768 1980 942 2050 Λόγος
977 1982 1179 2036 ἔπαθεν
1224 1982 1365 2053 ὑπὲρ
1406 1982 1603 2053 ήμῶν;
1645 1980 1710 2035 Εἰ
1757 1981 1815 2035 δὲ
1857 1984 1957 2037 οῦκ

363 2072 557 2137 ἔπαθε,
593 2073 711 2137 πῶς
762 2075 797 2145 ἠ
833 2074 998 2145 ἑτέρα
1033 2073 1193 2142 φύσις
1227 2075 1327 2144 τῆς
1370 2075 1573 2146 σαρκὸς
1616 2075 1716 2128 οὐκ
1754 2075 1953 2141 ἓπαθε;

363 2166 475 2219 Kal
508 2167 557 2218 εἰ
589 2166 698 2219 πᾶν
734 2165 798 2218 τὸ
830 2165 1042 2237 πάσχον
1077 2166 1325 2232 κτιστὸν,
1361 2168 1480 2232 πῶς
1517 2168 1547 2220 ό
1590 2166 1726 2230 Θεὸς
1777 2167 1954 2236 Λόγος

361 2259 424 2309 οὐ
464 2255 704 2323 κτιστὸς,
745 2257 973 2327 πάσχων
1007 2258 1206 2326 σαρκί;
1258 2259 1322 2310 Ei
1366 2258 1425 2311 δὲ
1474 2259 1677 2329 πάσχει
1714 2260 1878 2329 σαρκὶ¹
1926 2261 1955 2311 6

362 2347 517 2411 Θεὸς,
551 2345 668 2409 πῶς
707 2345 771 2398 ού
802 2345 1004 2416 πάσχει
1033 2347 1284 2418 θεότητι;
1330 2347 1395 2400 Ei
1422 2347 1478 2401 δὲ
1512 2349 1573 2400 ού
1607 2350 1806 2419 πάσχει
1838 2347 1957 2400 θεό-

362 2454 508 2506 τητι,
545 2436 654 2491 τίνι
682 2436 884 2508 πάσχει
916 2438 1115 2510 capaci;
1146 2438 1210 2492 Ei.
1231 2439 1288 2492 δὲ
1307 2440 1472 2510 capacl
1498 2441 1720 2510 πάσχει,
1750 2440 1869 2504 πῶς
1892 2441 1952 2495 οὐ

364 2532 563 2600 πάσχει
599 2531 694 2584 acal
730 2528 913 2601 ἑαυτῷ
951 2532 979 2585 ὁ
1027 2531 1194 2601 Θεό;;
1239 2530 1301 2584 El
1335 2531 1394 2584 δὲ
1425 2532 1621 2586 ταύτὸν
1664 2532 1722 2585 τὸ
1754 2534 1951 2596 εἰπεῖν,

363 2621 499 2675 Θεοῦ
528 2622 791 2694 παθόντος
823 2625 1012 2695 σαρκὶ,
1050 2624 1128 2694 τῷ
1159 2624 1357 2689 εἰπεῖν’,
1400 2622 1646 2694 Χριστοῦ
1684 2623 1952 2688 παθόντος

366 2713 553 2785 σαρκὶ,
577 2714 696 2781 πῷς
723 2714 824 2769 οὐκ
847 2715 1004 2769 ἔσται
1028 2715 1225 2769 ταύτὸν
1244 2714 1306 2767 τὸ
1331 2716 1529 2779 εἰπεῖν,
1558 2715 1784 2785 Πνεῦμα
1808 2715 1951 2769 θεῖον

365 2806 565 2877 πάσχει
619 2808 804 2878 σαρκὶ,
853 2806 1055 2877 ἐπειδὴ
1095 2806 1322 2878 Πνεῦμα
1364 2809 1393 2860 6
1435 2808 1601 2877 Θεόςςς
1644 2808 1707 2861 Ei
1750 2808 1807 2861 δὲ
1852 2807 1950 2879 οὐχ

363 2897 548 2967 ὅμοιον
581 2898 641 2950 τὸ
671 2899 878 2965 εἰπεῖν,
916 2898 1052 2952 Θεοῦ
1087 2898 1352 2962 παθόντος
1399 2901 1586 2970 σαρκὶ,
1625 2899 1706 2969 τῷ
1750 2900 1947 2966 εἰπεῖν,

362 2989 598 3060 Χριστοῦ
625 2988 889 3054 παθόντος
913 2991 1098 3060 σαρκὶ,
1122 2989 1239 3053 πῶς
1265 2989 1512 3056 δυνατὸν,
1534 2990 1696 3043 πλέον
1720 2990 1949 3043 οἰκειοῦ-

365 3081 490 3132 σθαι
534 3080 625 3131 τὸν
667 3079 799 3131 Θεὸν
834 3079 1006 3143 Λόγον
1038 3079 1137 3149 τῆς
1180 3079 1405 3150 σαρκὸς,
1441 3073 1501 3132 οῦ
1542 3078 1838 3132 οἰκειοῦται
1869 3079 1937 3130 τὰ

2060 1788 2340 1856 passibilis
2370 1801 2456 1846 est
2486 1789 2751 1862 Trinitas,
2788 1797 3060 1865 quomodo
3084 1797 3228 1857 Deus
3256 1802 3489 1860 Verbum
3522 1823 3647 1877 pass

2060 1893 2153 1935 sus
2188 1890 2272 1936 est
2300 1895 2400 1951 pro
2430 1882 2632 1940 nobis?
2660 1882 2729 1940 Si
2757 1895 2941 1943 autem
2970 1903 3075 1945 non
3100 1892 3302 1960 'passus
3338 1905 3456 1961 est,
3504 1914 3644 1967 quo-

2061 1971 2225 2029 modo
2284 1972 2454 2028 altera
2503 1985 2696 2030 natura
2746 1978 2929 2034 carnis
2980 1995 3091 2034 non
3138 1993 3220 2037 est
3264 1986 3463 2052 passa?
3498 1985 3563 2041 Et
3595 1989 3642 2044 si

2058 2079 2222 2119 omne
2254 2069 2465 2133 patiens
2501 2076 2743 2122 creatum
2777 2081 2881 2136 est,
2927 2072 3200 2143 quomodo
3238 2073 3379 2132 Deus
3406 2076 3640 2134 Verbum

2060 2171 2165 2210 non
2202 2167 2286 2211 est
2323 2167 2538 2214 creatus
2562 2199 2578 2225 ,
2637 2160 2855 2229 patiens
2895 2165 3104 2218 carne?
3134 2166 3191 2219 Si
3247 2177 3425 2223 autem
3478 2185 3643 2225 carne

2058 2249 2263 2315 patitur
2300 2248 2465 2313 Deus,
2495 2255 2767 2319 quomodo
2802 2268 2908 2306 non
2943 2255 3147 2322 patitur
3192 2258 3297 2312 sibi
3323 2259 3427 2327 ipsi
3453 2260 3644 2318 Deus?

2061 2340 2118 2392 Si
2181 2349 2365 2393 autem
2409 2340 2550 2395 idem
2584 2350 2667 2396 est
2703 2342 2922 2410 dicere,
2966 2345 3132 2400 Deum
3167 2362 3387 2418 passum
3434 2367 3636 2422 carne;

2056 2436 2110 2481 et
2167 2427 2396 2494 dicere,
2470 2429 2748 2485 Christum
2800 2446 3023 2500 passum
3072 2450 3237 2493 carne
3285 2456 3301 2492 :
3368 2445 3641 2510 quomodo

2058 2533 2162 2572 non
2190 2519 2295 2573 erit
2334 2518 2474 2574 idem
2503 2521 2708 2589 dicere,
2750 2522 3012 2592 Spiritum
3042 2526 3284 2583 divinum
3313 2545 3478 2588 carne
3504 2535 3637 2604 pati,

2055 2624 2178 2664 cum
2208 2604 2445 2680 Spiritus
2470 2611 2611 2667 Deus
2639 2614 2755 2667 sit?
2788 2612 2842 2669 Si
2880 2631 3062 2672 autem
3092 2634 3203 2674 non
3241 2622 3440 2691 simile,
3471 2625 3637 2682 Deum

2055 2698 2275 2769 passum
2298 2716 2465 2756 carne
2500 2702 2701 2771 dicere,
2733 2717 2790 2761 et
2819 2707 3096 2764 Christum
3123 2712 3234 2782 pati
3260 2728 3428 2772 carne
3457 2732 3471 2771 :
3502 2733 3639 2789 quo-

2055 2792 2215 2849 modo
2238 2793 2502 2865 possibile
2532 2795 2660 2862 erit,
2690 2797 2811 2865 plus
2833 2802 3172 2871 appmpriari
3203 2803 3371 2860 Deum
3400 2806 3635 2867 Verbum

2054 2881 2275 2948 carnis,
2334 2881 2489 2952 cujus
2541 2884 2856 2954 appropriat
2883 2886 3048 2945 Pater
3087 2905 3151 2946 ea
3189 2907 3310 2961 quae
3358 2909 3484 2952 sunt
3543 2899 3634 2956 Dei

2056 2970 2261 3026 Verbi?
2289 2969 2567 3038 Quomodo
2598 2983 2776 3030 autem
2821 2986 2877 3032 et
2912 2979 2957 3035 si
3011 2985 3449 3052 appropriatione
3493 2991 3637 3050 Deus

1974 3030 2018 3087 θ
2053 3058 2290 3117 Verbqu
2318 3065 2524 3132 patitur
2551 3080 2743 3130 carne,
2776 3084 2883 3124 non
2925 3030 3525 3146 eritrgppmpriatlone
3554 3030 3636 3157 [Ῑῗ

361 3170 457 3224 τοῦ
486 3171 619 3224 Θεοῦ
642 3170 816 3235 Λόγου
845 3171 873 3222 6
903 3171 1137 3241 Πατήρ;
1183 3171 1308 3234 Πῶς
1342 3170 1399 3224 δὲ
1438 3172 1554 3236 καὶ,
1583 3173 1632 3223 εἰ
1661 3170 1937 3223 οἰκειώσει

2058 3151 2461 3226 appropriatjo]
2510 3163 2566 3207 et
2600 3152 2765 3209 Pater
2807 3156 2915 3211 Deo
2957 3157 3135 3215 Verbo
3178 3167 3434 3232 patiens?
3479 3151 3635 3232 Etvsi

362 3265 390 3316 6
419 3262 551 3327 Θεὸς
596 3263 769 3331 Λόγος
812 3262 1011 3332 πάσχει
1042 3263 1230 3333 σαρκὶ,
1271 3260 1370 3314 οὐκ
1414 3260 1568 3314 ἔσται
1608 3258 1879 3312 οἰκειώσει
1913 3262 1941 3310 ὁ

362 3350 553 3422 Πατὴρ
580 3349 659 3421 τῷ
690 3349 810 3420 Θεῷ
854 3349 1015 3420 Λόγῳ
1046 3351 1311 3419 πάσχων;
1363 3347 1477 3400 Kal
1511 3348 1559 3399 εἰ
1603 3343 1874 3397 ἀπέθανεν
1912 3346 1941 3395 6

363 3440 493 3502 Θεὸς
542 3441 713 3511 Λόγος
746 3440 944 3509 σαρκὶ,
982 3438 1103 3502 πῶς
1139 3441 1292 3491 ἐστιν
1337 3436 1620 3507 όμοούσιος
1652 3434 1731 3505 τῷ
1770 3435 1945 3503 Πατρὶ

362 3531 430 3600 τῇ
466 3529 772 3602 ἀθανασίας
820 3532 849 3582 6
896 3529 1004 3600 γὰρ
1036 3529 1213 3583 θανὼν
1255 3529 1395 3597 ὑπὲρ
1428 3527 1623 3598 ἡμῶν,
1657 3528 1757 3578 οὐκ
1798 3526 1944 3577 ἐστιν

364 3620 651 3682 ἀθάνατος’
699 3619 940 3674 ἀπέθανε
971 3621 1102 3692 γὰρ,
1134 3618 1278 3672 κατὰ
1322 3616 1420 3678 τάς
1465 3615 1710 3682 Γραφόις.
1762 3615 1870 3666 Kal
1897 3614 1947 3666 si.

365 3704 447 3773 εἷς
471 3712 570 3781 τῆς
609 3708 839 3780 Τριάδος
862 3710 1128 3773 ἀπέθανε,
1160 3706 1293 3758 ποτὲ
1318 3704 1450 3766 δυάς
1541 3703 1732 3773 Τριάς.
1762 3702 1875 3754 Kal
1899 3702 1947 3752 si

364 3802 492 3865 δυὰς
523 3803 557 3873 ή
588 3803 758 3873 Τριάς
793 3802 855 3854 οὐ
890 3800 1085 3869 γέγονέ
1118 3814 1274 3864 ποτε,
1322 3797 1439 3859 πῶς
1465 3789 1545 3858 εἷς
1573 3794 1676 3863 τῆς
1700 3792 1948 3865 ’Τριάδος

366 3892 674 3958 ἀπέθανενς
717 3892 786 3945 Εἴ
821 3907 885 3961 γε
926 3893 960 3961 ἡ
1009 3890 1174 3959 ἑτέρα
1226 3887 1391 3957 φύσις
1432 3884 1527 3939 τοῦ
1572 3883 1706 3937 Θεοῦ
1744 3882 1942 3952 Λόγου,

365 3979 476 4038 οἷον
513 3987 547 4056 ή
598 3983 710 4039 τῶν
758 3983 1067 4056 ἀνθρώπων
1101 3980 1287 4051 φύσις,
1318 3980 1418 4033 οῦκ
1463 3977 1674 4031 ἔθανεν.
1717 3974 1780 4028 Ei
1812 3974 1870 4027 δὲ
1915 3976 1950 4045 ὴ

365 4076 623 4147 spica-{ia
676 4075 866 4148 φωνὴ,
917 4074 1109 4146 Τριὰς,
1161 4073 1260 4143 οὐχ
1292 4070 1619 4140 ὑφίσταται,
1661 4066 1822 4136 δῆλον
1868 4066 1951 4119 ὅτι

369 4170 497 4240 μιᾶς
531 4170 884 4232 ὑποστάσεως
913 4163 1055 4243 εἶναι
1082 4165 1266 4232 λέγεις
1292 4164 1394 4233 τὴν
1428 4160 1658 4231 Τριάδα.
1689 4157 1802 4212 Kal
1834 4156 1952 4220 πῶς

365 4262 424 4315 ού
455 4262 733 4316 δείκνυσαι
758 4256 901 4314 εἶναι
926 4255 1282 4321 Σαϐελλιανός
1304 4272 1319 4321 ;
1345 4254 1406 4307 Ei
1432 4253 1490 4306 δὲ
1518 4254 1577 4305 ὲν
1607 4249 1786 4321 τρισὶν
1816 4249 1952 4302 ὐπο-

2050 3252 2297 3296 mortuus
2327 3255 2410 3296 est
2433 3242 2577 3299 Deus
2609 3243 2842 3302 Verbum
2875 3263 3064 3317 carne,
3094 3257 3366 3323 quomodo
3387 3271 3471 3323 est
3500 3279 3635 3319 cono

2051 3333 2432 3389 substantialis
2452 3335 2601 3391 Patri
2624 3338 3070 3398 immortalitate?
3092 3343 3337 3405 Mortuus
3359 3352 3503 3407 enim
3535 3371 3635 3425 pro

2052 3425 2210 3481 nobis
2250 3440 2356 3481 non
2409 3439 2493 3483 est
2529 3430 2855 3489 immortalis
2893 3450 2908 3488 :
2947 3446 3197 3494 mortuus
3234 3450 3387 3498 certe
3433 3456 3519 3501 est
3548 3463 3635 3505 se-

2052 3516 2289 3572 cundum
2324 3517 2641 3600 Spripturas
2670 3519 2716 3577 ί.
2751 3521 2820 3578 Ει
2844 3524 2888 3579 si
2927 3540 3068 3582 unus
3098 3528 3166 3584 de
3195 3528 3463 3589 Trinitate
3491 3551 3637 3593 moro

2058 3617 2181 3661 tuus
2210 3615 2317 3674 est,
2356 3612 2682 3682 quandoque
2716 3611 2961 3672 Trinitas
2984 3618 3219 3675 dualitas
3250 3621 3392 3679 facta
3422 3635 3524 3681 est.
3567 3626 3639 3683 Et

2057 3697 2102 3751 si
2139 3695 2386 3752 Trinitas
2432 3715 2708 3769 nunquam
2754 3705 2989 3761 dualitas
3025 3710 3169 3766 facta
3206 3724 3291 3769 est
3317 3755 3335 3781 ,
3366 3722 3635 3787 quomodo

2058 3805 2199 3843 unus
2230 3791 2298 3842 de
2329 3787 2602 3848 Trinitate
2630 3802 2877 3852 mortuus
2908 3801 3038 3853 est?
3066 3801 3133 3856 Et
3166 3804 3210 3856 si
3236 3805 3408 3862 altera
3439 3820 3634 3868 natura

2057 3878 2218 3934 Verbi
2246 3879 2363 3948 Dei,
2398 3883 2611 3940 scilicet
2642 3885 2924 3943 hominum
2976 3903 3170 3947 natura
3214 3912 3319 3950 non
3364 3911 3636 3971 est,mor—

2062 3978 2149 4023 tua
2180 3970 2206 4009 ⁸
2237 3988 2249 4024 ;
2287 3981 2340 4025 et
2373 3970 2419 4025 si
2447 3973 2671 4043 trisagia
2718 3989 2846 4041 vox,
2879 3978 3153 4047 Trinitas,
3202 3999 3309 4038 non
3359 3990 3631 4058 subsistit,

2060 4060 2408 4118 manifestum
2443 4074 2526 4120 est
2561 4068 2704 4135 quod
2740 4069 2903 4125 unius
2949 4073 3266 4149 substantiae
3290 4077 3316 4116 h
3349 4093 3470 4134 esse
3497 4082 3634 4139 dicis

2061 4154 2411 4211 Trinitatem.
2439 4158 2505 4213 Ει
2538 4160 2812 4228 quomodo
2835 4178 2940 4217 non
2965 4135 3210 4222 osteltdis
3247 4183 3368 4225 esse
3398 4168 3420 4242 ι’
3441 4173 3484 4240 Ῑ.

2063 4248 2150 4323 te]
2174 4250 2583 4307 Sabelliauum?
2630 4253 2696 4308 Et
2733 4253 2780 4309 si
2814 4256 2866 4308 in
2902 4256 3076 4312 tribus
3105 4260 3489 4336 ltypostasibus
3527 4281 3632 4319 una

367 4352 589 4407 στάσεσι
621 4352 718 4424 μία
752 4352 914 4422 φύσις
943 4351 1235 4419 ὑφίσταται
1267 4348 1365 4417 τῆς
1396 4343 1692 4417 τρισαγίας
1720 4339 1949 4443 φωνῆς,

2062 4349 2255 4395 natura
2290 4342 2542 4398 subsistit
2582 4344 2820 4418 trisagia:
2845 4348 3014 4414 vocis,
3057 4355 3331 4420 quomodo
3363 4370 3469 4411 non
3499 4358 3633 4413 dicis
3688 4344 3691 4349 ’

365 4444 482 4509 πῶς
530 4444 651 4515 οὐχὶ
697 4444 798 4514 τὴν
848 4442 1057 4514 Τριάδα
1117 4439 1525 4512 σταυρωθεῖσαν
1576 4434 1802 4503 λέγεις,
1855 4430 1952 4485 καὶ

2059 4431 2381 4490 Trinitatem
2413 4450 2534 4492 esse
2572 4437 2885 4494 cruciﬁxam
2913 4480 2930 4507 ,
2979 4452 3034 4495 et
3064 4443 3185 4501 sine
3224 4446 3334 4503 Deo
3374 4448 3625 4520 teipsum,

366 4535 524 4595 ἄθεον
556 4536 773 4602 ἑαυτὸν,
804 4536 880 4601 ὡς
916 4537 968 4589 οἱ
994 4531 1436 4605 Μαρκιωνισταὶ,
1466 4526 1607 4583 εἶναι
1638 4525 1700 4581 οὐ
1728 4525 1948 4595 λέγειςς

1948 4667 2021 4681 ﬂ

638 4699 671 4714 ι.

2057 4525 2202 4583 sicut
2227 4524 2609 4597 Marcionistm,
2640 4545 2762 4588 esse
2798 4548 2906 4587 non
2938 4533 3122 4590 dicis?

1219 4785 1288 4845 S.
1341 4781 1802 4859 QUINTIANI
1844 4781 1974 4842 XII
2016 4778 2772 4845 ANATHEMATISMI.

434 4953 515 5010 Δι’.
546 4954 662 5016 Πᾶς
695 4951 848 5022 γοῦν,
877 4955 1027 5018 ὅστις
1060 4953 1209 5023 λέγει
1237 4955 1365 5025 μίαν
1397 4953 1557 5022 φύσιν
1606 4948 1743 5003 Θεοῦ
1774 4948 1948 5018 Λόγου

362 5047 457 5099 καὶ
494 5045 720 5116 σαρκὸς,
752 5046 847 5099 καὶ
874 5045 934 5099 οὐ
963 5044 1058 5098 δύο
1096 5046 1405 5117 ήνωμένας,
1438 5038 1838 5121 καθαιρείσθω.

432 5228 475 5280 Β
493 5265 508 5282 .
538 5227 650 5281 Kal
672 5227 824 5298 εῐ,τις
843 5225 941 5300 [ῐσ.
970 5226 1158 5299 ἄνουν]
1182 5227 1337 5298 φέρει
1356 5227 1456 5289 τὰς
1480 5224 1573 5279 δύο
1595 5223 1689 5278 τοῦ
1709 5220 1948 5293 Χριστοῦ

365 5317 574 5385 φύσεις,
608 5316 783 5387 λέγων
812 5317 947 5371 Θεὸν
978 5316 1219 5373 παθόντα
1250 5317 1416 5390 σαρκὶ
1437 5354 1454 5379 ,
1478 5315 1573 5369 καὶ
1600 5315 1677 5367 οὖν
1703 5312 1949 5368 παθόντα

362 5402 600 5482 Χριστὸν
626 5411 810 5481 σαρκὶ,
839 5409 983 5464 κατὰ
1009 5409 1102 5465 τὸν
1154 5407 1499 5474 ’Λπόστολον,
1541 5405 1940 5479 καθαιρείσθω.

2120 4949 2160 5003 l.
2195 4948 2384 5004 Omnis
2413 4964 2544 5021 ergo
2566 4952 2660 5021 qui
2689 4952 2824 5008 dicit
2863 4968 3027 5010 unam
3052 4964 3299 5010 naturam
3336 4955 3429 5012 Dei
3465 4955 3627 5015 Verbi

2048 5052 2101 5096 et
2153 5043 2372 5109 carnis,
2432 5059 2538 5100 non
2600 5045 2736 5102 duas
2785 5048 2965 5104 unitas
3015 5036 3416 5119 indivisasqué,
3473 5051 3621 5106 dam-

2054 5141 2231 5187 netur.

2122 5222 2186 5277 ll.
2212 5222 2288 5279 ‘Si
2342 5225 2466 5295 quis
2496 5226 2781 5283 confundit
2807 5230 2942 5284 duas
2975 5227 3179 5284 Christi
3219 5236 3480 5294 naturas,
3541 5228 3643 5298 dig

2048 5329 2181 5370 cens
2212 5313 2378 5369 Deum
2410 5330 2630 5387 passum
2668 5324 2836 5374 carne
2867 5328 2922 5373 et
2948 5334 3055 5374 non
3101 5332 3322 5388 passum
3346 5318 3618 5375 Christum

2048 5421 2233 5474 carne,
2266 5409 2562 5465 secundum
2595 5409 2938 5481 Apostolum,
2977 5409 3287 5465 damnetur.

446 5553 462 5592 ί
493 5561 709 5631 gitatur
749 5564 835 5618 hic
864 5564 1014 5631 locus
1045 5565 1112 5617 ab
1141 5564 1431 5617 Anastasio
1464 5578 1563 5619 ms.
1594 5563 1690 5620 fol.
1721 5562 1825 5619 184
1852 5577 1919 5618 ex
1960 5562 2338 5631 Quintilliano.
2369 5563 2543 5620 Hann.
2619 5568 2643 5607 ε
2670 5564 2832 5621 Forte
2858 5565 2911 5620 in
2944 5562 3133 5619 Graeco
3161 5573 3416 5618 mortuus.
3452 5562 3620 5617 Hann.

364 5626 392 5669 λ
417 5632 471 5685 in
497 5629 710 5695 ϐῖκοι),
741 5628 1100 5702 Ιιῃρυδιᾱεεοε.
1138 5631 1312 5686 ΒΑΜ).

763 5727 1032 5786 ΡΑΤιιοιι.
1070 5727 1184 5786 Gn.
1222 5726 1505 5788 LXXXV.

3245 5723 3317 5783 55
