4014 6122
449 4533 470 4570 I

512 218 648 284 1139

1519 217 1578 275 S.
1620 215 2024 288 QUINTIANI
2068 215 2728 278 ANATHEMATISMI.

3642 218 3777 284 1740

579 328 666 386 lll.
719 329 775 384 Si
809 328 930 399 quis
988 327 1375 399 impassibilem
1412 335 1466 382 et
1518 326 1881 381 immortalem
1920 326 2086 380 Deum

2263 325 2336 378 I".
2360 328 2470 380 Kal
2503 328 2556 380 si
2586 344 2670 388 τις
2728 325 2819 378 τὸν
2845 325 3031 395 ἀπαθῆ
3073 325 3169 380 καὶ
3203 325 3473 381 ἀθάνατον
3513 327 3651 382 Θεδν
3677 333 3781 384 A6-

515 421 752 476 Verbnm
785 419 916 473 dicit
943 431 1266 472 conversum
1297 417 1350 469 in
1389 413 1695 486 passionem
1741 422 1798 468 et
1833 420 2088 475 mortem,

505 519 563 566 et
597 526 701 564 non
736 508 838 562 hoc
871 506 1046 562 reddit
1083 506 1202 572 eius
1242 505 1425 571 carni,
1459 505 1768 559 damnetur.

580 600 671 655 lV.
722 600 778 653 Si
809 599 931 668 quis
964 613 1160 653 nomen
1194 598 1451 667 trisagion
1476 639 1492 664 ,
1552 597 1656 651 hoc
1687 605 1807 661 est,
1847 604 1928 651 ter
1975 613 2093 651 san-

511 701 673 755 ctum,
705 691 839 744 dicit
882 698 1102 760 propter
1131 704 1226 744 nos
1256 689 1580 744 cruciﬁxum
1614 729 1628 753 ,
1682 699 1736 744 et
1772 704 1877 744 non
1913 689 2091 743 Domi-

515 799 642 837 num
707 769 892 836 Jesum
951 781 1230 836 Christum
1307 780 1502 836 Filium
1563 781 1654 835 Dei
1709 782 2088 853 unigenitum,

509 876 821 929 damnetur.

581 967 646 1021 ν.
683 968 740 1022 Si
771 967 893 1037 quis
925 975 1046 1037 post
1078 982 1263 1022 vocem
1311 976 1389 1021 ter
1428 976 1690 1033 sanctam,
1738 966 1906 1022 Deum
1960 967 2091 1021 dicit

513 1059 835 1114 crucifixum
893 1069 1116 1130 propter
1157 1074 1280 1126 nos,
1331 1068 1386 1114 et
1438 1073 1542 1113 non
1583 1059 1761 1127 potius
1807 1075 1971 1113 unum
2005 1059 2093 1112 Fi-

513 1153 668 1214 lium,
698 1151 782 1204 cui
834 1151 887 1204 in
920 1151 1100 1206 medio
1144 1161 1227 1207 ter
1257 1161 1459 1206 saneta:
1503 1151 1654 1206 vocis
1690 1151 1922 1220 hymnus
1960 1151 2092 1204 dici-

512 1255 598 1296 tur
619 1285 634 1311 ,
669 1243 976 1297 damnetur.

585 1334 670 1389 Vl.
721 1334 776 1388 Si
809 1335 935 1404 quis
969 1334 1243 1388 hominem
1289 1336 1418 1389 dicit
1446 1339 1536 1407 qui
1575 1352 1675 1407 pro
1718 1336 1872 1389 nobis
1914 1335 2094 1388 cruci-

514 1425 654 1480 ﬁxus
681 1433 787 1490 est,
821 1426 936 1480 sive
967 1424 1162 1494 Deum,
1195 1426 1482 1483 dividendo
1514 1439 1758 1492 naturas,
1782 1437 1835 1480 et
1861 1439 1964 1480 non
1999 1440 2093 1482 eas

511 1515 814 1587 c0pnlando
839 1515 894 1571 in
927 1516 1283 1572 cruciﬁxione
1307 1517 1423 1586 ejus
1451 1559 1468 1586 ,
1516 1519 1823 1573 damnetur.

582 1607 695 1663 VII.
744 1607 802 1662 Si
858 1610 983 1678 quis
1031 1610 1233 1663 nudum
1268 1609 1539 1665 hominem
1572 1613 1737 1675 dicit,
1772 1591 1916 1666 tsicut
1956 1610 2091 1665 Pau-

2191 431 2287 482 γον
2317 415 2622 486 τετράφθαι
2661 419 2741 478 εἰς
2784 416 2956 478 πάθος
2986 417 3080 468 καὶ
3140 419 3219 479 εἰς
3251 417 3442 487 θνῆσίν
3478 436 3644 488 φησι,
3684 425 3781 474 καὶ

2191 507 2292 559 οὐκ
2321 507 2556 577 ἀποδιδῷ
2583 507 2644 560 τὸ
2670 507 2842 571 πάθος
2869 511 2932 579 τῇ
2965 508 3128 561 αὐτοῦ
3154 512 3343 578 σαρκὶ,
3373 511 3772 582 καθαιρείσθω.

2263 601 2337 652 Δν.
2372 600 2482 652 Kal
2514 599 2663 662 εἴτις
2696 601 2796 669 τὴν
2818 601 3133 669 τρισαγίαν
3159 601 3307 668 λέγει
3335 602 3404 654 δι’
3428 605 3579 674 ἡμᾶς
3619 621 3782 657 σταν-

2195 690 2464 761 ρωθεῐσαν
2503 691 2765 760 θεότητα,
2801 692 2894 743 καὶ
2923 691 3046 760 οὐχὶ
3087 691 3177 744 τὸν
3213 692 3418 763 Κύριον
3463 694 3627 763 ἡμῶν
3685 697 3762 767 ’1η

2195 784 2323 836 σοῦν
2353 783 2610 853 Χριστὸν,
2643 783 2731 836 τὸν
2759 783 2887 837 Υἱὸν
2920 783 3015 836 τοῦ
3045 782 3200 850 Θεοῦ,
3239 783 3638 856 καθαιρείσθω.

2264 965 2339 1018 Ε¹.
2378 965 2486 1018 Kal
2515 963 2568 1017 εἴ
2591 981 2676 1028 τις
2697 964 2841 1018 κατὰ
2868 963 2968 1034 τὴν
2985 965 3275 1034 τρισαγίαν
3299 967 3506 1039 φωνὴν,
3541 969 3785 1040 Χριστὸν

2192 1056 2339 1137 λέγει
2379 1056 2788 1126 σταυρωθέντα,
2824 1057 2918 1110 καὶ
2963 1057 3085 1127 οὐχὶ
3122 1058 3326 1129 μᾶλλον
3368 1061 3459 1112 τὸν
3491 1060 3592 1114 ἕνα
3628 1062 3778 1128 Υἱδν,

2191 1147 2284 1198 τὸν
2323 1148 2382 1198 ὲν
2431 1147 2582 1217 μέσῳ
2621 1146 2723 1216 τῆς
2769 1146 3061 1217 τρισαγίας
3107 1149 3293 1219 φωνῆς
3326 1151 3779 1222 άνυμνούμενον,

2195 1235 2589 1313 καθαιρείσθω.

2263 1330 2356 1395 ς’.
2389 1327 2500 1379 Kal
2531 1324 2683 1391 εῐτις
2716 1326 3002 1400 ἄνθρωπον
3036 1327 3183 1398 λέγει
3213 1329 3305 1382 τὸν
3334 1330 3401 1383 δι’
3429 1333 3584 1400 ἡμᾶς
3612 1349 3777 1386 σταυ-

2197 1419 2459 1491 ρωθέντα,
2493 1419 2614 1490 ἦτοι
2631 1419 2723 1474 τὸν
2750 1420 2903 1486 Θεὸν,
2936 1420 3190 1492 χωρίζων
3218 1423 3317 1486 τὰς
3340 1423 3559 1492 φύσεις,
3586 1425 3686 1478 καὶ
3717 1425 3778 1480 οὔ

2196 1514 2484 1568 συνάπτων
2516 1514 2575 1565 ὲν
2619 1513 2697 1584 τῷ
2736 1514 3103 1584 σταυροῦσθαι
3139 1517 3338 1580 αὐτὸν,
3377 1518 3775 1590 καθαιρείσθω.

2265 1606 2339 1658 Z'.
2373 1604 2484 1658 Kal
2510 1605 2664 1666 εἴτις
2689 1605 2843 1672 ψιλὸν
2867 1604 3156 1676 ἄνθρωπον
3183 1606 3332 1676 λέγει
3353 1648 3368 1675 ,
3401 1609 3476 1672 ὡς
3512 1611 3728 1675 Παῦλος
3753 1615 3780 1665 ὁ

513 1700 597 1752 lns
635 1700 1048 1764 Samosatcnus,
1099 1707 1190 1753 aut
1237 1700 1698 1767 sicutl’hotinus,
1732 1702 2036 1757 damnetur.

2201 1697 2592 1766 Σαμοσατέων,
2629 1697 2661 1766 ἢ
2707 1695 2899 1766 ὥσπερ
2933 1698 3224 1765 Φωτεινδς,
3260 1698 3775 1770 ἀναθεματιζέσθω.

589 1792 724 1848 Vill.
762 1793 818 1846 Si
865 1793 988 1862 quis
1019 1793 1150 1849 dicit
1177 1793 1312 1847 duas
1349 1808 1630 1862 personas,
1657 1809 1748 1849 seu
1781 1795 2089 1850 subsisten-

2197 1830 2212 1846 ο
2291 1827 2405 1852 ,ιο
2496 1829 2510 1843 ο
2595 1827 2608 1842 ο
2703 1830 2714 1842 ι
2796 1829 2808 1841 ο
2890 1831 2902 1843 ο
2983 1830 2997 1845 ο
3081 1832 3094 1844 Ι
3190 1832 3204 1847 ο
3283 1834 3298 1848 ο
3377 1834 3392 1849 ο
3473 1835 3489 1851 ο
3575 1836 3590 1850 ο
3671 1840 3684 1851 ι
3760 1838 3773 1852 ι

515 1885 634 1952 tias,
677 1896 859 1940 etnon
893 1885 1232 1955 potiusduas
1264 1893 1486 1938 naturas
1531 1885 1766 1939 inunam
1801 1901 2088 1956 personam
2195 1919 2210 1936 .
2289 1920 2302 1934 .
2382 1917 2397 1932 .
2477 1917 2492 1931 .
2573 1917 2587 1932 .
2675 1916 2690 1932 .
2783 1917 2797 1932 .
2879 1919 2892 1933 .
2973 1917 2986 1933 .
3082 1921 3094 1934 .
3175 1924 3189 1937 .
3246 1920 3302 1956 ί.
3379 1925 3393 1937 .
3474 1927 3489 1939 .
3576 1923 3591 1940 .
3669 1930 3682 1942 .
3759 1926 3773 1941 .

512 1987 565 2030 et
623 1992 782 2029 nnant
831 1975 1239 2030 subsistentiam
1302 1985 1727 2039 concurrentes,
1781 1976 2089 2030 damnetur.

584 2066 674 2120 lX.
717 2067 772 2120 Si
833 2067 954 2134 quis
991 2067 1217 2119 alterius
1273 2066 1596 2121 substantiae
1643 2066 1842 2120 dixerit
1873 2080 2091 2120 carnem

515 2158 725 2213 Domini
765 2174 792 2211 a
839 2172 1003 2212 carne
1044 2169 1224 2212 nostra
1255 2197 1269 2222 ,
1303 2167 1357 2212 et
1405 2171 1509 2211 non
1560 2158 1737 2225 potius
1767 2157 1921 2212 nobis
1964 2171 2094 2212 con-

511 2250 925 2304 substantialem
956 2252 1162 2318 absque
1201 2259 1424 2318 peccato
1447 2287 1462 2310 ,
1500 2250 1806 2303 damnetur.

583 2340 650 2394 Χ.
694 2343 749 2395 Si
785 2342 906 2410 quis
940 2340 1107 2394 Deum
1140 2341 1440 2405 hominem,
1478 2349 1531 2393 et
1571 2355 1676 2393 non
1720 2340 1890 2410 magis
1923 2338 2091 2395 Deum

492 2445 563 2488 τι
610 2435 882 2487 hominem
917 2433 1090 2499 dicit,
1131 2433 1439 2488 damnetur.

583 2524 672 2578 XI.
721 2524 776 2578 Si
807 2526 928 2592 quis
956 2524 1089 2578 dicit
1111 2534 1354 2579 creatum
1393 2523 1570 2577 Patris
1603 2521 1860 2588 Verbum,
1897 2533 1953 2580 et
1985 2538 2091 2580 non

2248 2061 2324 2115 Θ’.
2361 2062 2470 2114 Kal
2496 2060 2550 2113 εἴ
2566 2078 2650 2124 τις
2682 2061 3020 2130 ἐτεροούσιον
3042 2062 3193 2129 λέγει
3215 2067 3314 2134 τῆς
3338 2066 3624 2136 ἡμετέρας
3648 2085 3774 2135 σαρ-

2190 2154 2286 2217 κὸς
2315 2153 2412 2222 τὴν
2438 2153 2616 2224 σάρκα
2642 2151 2735 2205 τοῦ
2766 2152 3025 2225 Χριστοῦ,
3055 2153 3150 2207 καὶ⁵
3175 2155 3295 2224 οὐχ).
3319 2155 3382 2227 δὴ
3414 2156 3623 2226 μᾶλλον
3647 2159 3772 2226 ἡμῖν

2190 2246 2494 2315 ὁμοούσιον,
2527 2246 2697 2314 χωρὶς
2729 2247 3030 2316 ἁμαρτίας,
3063 2245 3460 2315 καθαιρείσθω.

2262 2334 2318 2388 l'.
2354 2335 2464 2388 Kal
2493 2335 2546 2386 ετ
2589 2352 2675 2397 τις
2719 2335 3103 2407 θεανθρωπίαν
3140 2336 3314 2406 λέγει,
3345 2338 3441 2393 καὶ
3483 2343 3609 2412 οὐχὶ
3642 2343 3768 2394 Θεὸν

2191 2427 2286 2479 καὶ
2314 2425 2600 2496 ἄνθρωπον
2629 2427 2829 2496 μᾶλλον
2861 2428 3012 2498 λέγει
3032 2469 3048 2496 ,
3078 2428 3598 2501 ὰναθεματιζὲσθω.

511 2618 683 2685 magis
708 2616 823 2684 ejus
867 2631 1090 2671 carnem
1120 2655 1135 2682 ,
1168 2624 1222 2670 et
1269 2615 1314 2670 si
1348 2617 1470 2685 quis
1497 2616 1626 2671 dicit
1659 2617 2094 2672 consubstantia-
2195 2651 2210 2665 .
2289 2650 2304 2664 .
2383 2649 2399 2664 .
2490 2651 2505 2666 .
2584 2653 2598 2666 .

499 2707 615 2760 ‘lem
653 2721 871 2761 carnem
908 2706 1116 2762 Domini
1151 2706 1258 2761 Deo
1298 2715 1352 2760 et
1383 2706 1530 2761 Patri
1561 2745 1577 2772 ,
1638 2718 1694 2762 et
1745 2723 1853 2763 non
1907 2711 2087 2780 potius

514 2797 681 2852 Deum
703 2795 960 2852 'Verbum
983 2837 998 2862 ,
1052 2793 1360 2851 damnetur.

573 2885 788 2941 χιι-εί
826 2888 946 2956 quis
976 2887 1107 2942 dicit
1152 2888 1272 2942 sine
1310 2896 1491 2941 mente
1519 2897 1574 2941 et
1601 2887 1721 2942 sine
1767 2888 1947 2942 anima
1983 2887 2092 2945 Do-

2262 2885 2360 2940 lB'.
2399 2887 2512 2941 Kal
2545 2889 2598 2940 εῐ
2623 2904 2707 2950 τις
2737 2885 2888 2955 λέγει
2933 2885 3030 2960 [ἴσ.
3066 2885 3254 2960 φύρει]
3297 2885 3624 2958 ἄνθρωπον,
3673 2887 3760 2941 καὶ

513 2978 718 3032 mitium
742 2989 987 3032 nostrum
1015 2978 1521 3046 Jesum'Christum,
1547 2987 1599 3033 et
1625 2993 1722 3050 pro
1749 2995 1811 3034 ea
1836 2981 2087 3036 habuisse

2201 2976 2399 3048 άψυχον
2428 2979 2522 3033 τὸν
2552 2979 2756 3051 Κύριον
2789 2979 2958 3050 ἡμῶν
2999 2980 3209 3048 Ἰησοῦν
3238 2980 3500 3050 Χριστὸν,
3534 2980 3627 3034 καὶ
3650 2980 3762 3034 ἀντὶ

512 3067 893 3132 divinitatem,
939 3076 995 3120 et
1042 3082 1106 3120 ex
1164 3069 1265 3121 hoc
1311 3069 1598 3122 dicendum
1655 3084 1875 3138 passum
1928 3087 2087 3126 carne

2201 3067 2371 3139 ψυχῆς
2405 3069 2549 3140 ἔχειν
2585 3071 2686 3140 τὴν
2717 3070 2970 3140 θεότητα,
3001 3071 3097 3123 καὶ⁵
3122 3070 3196 3132 ὡς
3224 3071 3289 3124 ἐκ
3315 3070 3513 3124 τούτου
3542 3071 3762 3140 πάσχειν

503 3161 703 3224 Deum,
729 3167 783 3212 et
825 3174 931 3211 non
977 3159 1148 3227 magis
1198 3167 1434 3211 mentem
1469 3174 1593 3213 cum
1621 3162 1801 3214 anima
1833 3164 2088 3217 rationali

511 3252 866 3307 humanatum
898 3247 1068 3304 Deum
1101 3247 1357 3314 Verbum,
1405 3261 1459 3304 et
1484 3251 1873 3318 impassibilem
1904 3256 2090 3308 dicen-

513 3345 637 3396 dum
664 3342 916 3397 eumdem
959 3340 1278 3406 divinitate,
1323 3341 1665 3398 humanitate
1692 3357 1820 3399 vero
1850 3345 2088 3414 passibi-

497 3435 638 3500 ‘lem,
667 3434 974 3488 damnetur.

575 3526 686 3579 Has
727 3525 1012 3579 duodecim
1050 3523 1417 3593 depositiones
1445 3524 1522 3595 (ί)
1577 3525 1698 3580 misi
1733 3526 1848 3594 tibi,
1884 3536 1942 3582 ut
1980 3537 2089 3585 ter-

513 3616 752 3671 refactus
793 3615 1020 3668 istorum
1040 3615 1306 3685 'judiciis,
1352 3617 1686 3672 removearis
1717 3618 1785 3672 ab
1821 3621 1968 3674 onmi
2003 3630 2089 3675 tua

513 3705 694 3774 iniqua
727 3704 1014 3770 novitate;
1054 3701 1257 3767 sciens,
1294 3704 1438 3773 quod
1471 3713 1688 3775 oportet
1733 3707 1889 3776 sequi
1941 3723 2092 3764 reve-

510 3797 766 3852 lationem
836 3795 1165 3851 sanctissimi
1237 3793 1419 3850 Procli
1481 3795 2091 3868 Constantinopolitanm

511 3889 768 3944 Ecclesia:
797 3887 1058 3960 episcopi,
1097 3889 1368 3958 quomodo
1417 3889 1468 3943 in
1510 3905 1763 3960 campum
1813 3907 1935 3945 cum
1979 3899 2089 3947 toto

513 3981 708 4052 populo
735 3982 1034 4046 concurrit,
1067 3978 1366 4036 ﬂuctuante
1392 3981 1506 4051 ipsa
1537 3982 1760 4036 civitate
1783 3983 1882 4038 sub
1904 3991 2091 4040 terra:-

512 4085 698 4138 motu,
760 4081 816 4128 et
867 4073 1119 4128 omnibus
1174 4073 1358 4127 ﬂetum
1400 4073 1819 4142 emittentibus,
1866 4085 2089 4144 repente

509 4178 736 4231 puerum
781 4163 833 4214 in
861 4177 988 4216 aera
1023 4161 1192 4216 levari
1223 4178 1251 4215 a
1286 4163 1520 4231 quadam
1551 4165 1760 4217 virtute
1787 4203 1802 4228 ,
1858 4173 1916 4217 et
1964 4162 2089 4218 buic

510 4253 712 4322 imponi
744 4254 1024 4323 trisagium
1054 4254 1277 4318 litanias,
1329 4263 1386 4308 et
1411 4255 1595 4309 dicere
1623 4271 1636 4308 :
1660 4253 1899 4309 'Sanclus
1924 4254 2083 4320 Deus,

2195 3161 2362 3230 σαρκὶ
2387 3159 2478 3213 τὸν
2507 3159 2640 3213 Θεὸν
2661 3159 2831 3228 Λόγον
2858 3159 3026 3228 λέγει,
3057 3161 3150 3213 καὶ
3177 3160 3298 3230 ούχὶ
3327 3161 3388 3232 δὴ
3413 3162 3613 3232 μᾶλλον
3643 3159 3764 3212 νοῦν

2191 3247 2358 3317 ἔχειν,
2392 3249 2490 3319 τὴν
2527 3250 2704 3320 ψυχὴν
2731 3249 2832 3316 τὴν
2865 3249 3092 3318 λογικὴν
3123 3249 3474 3318 ἀνειληφέναι
3507 3250 3599 3305 τὸν
3633 3249 3762 3302 Θεὸν

2191 3340 2366 3409 Λόγον
2385 3380 2400 3406 ,
2431 3341 2524 3394 xal
2569 3340 2756 3411 ἀπαθῆ
2783 3341 2931 3409 λέγει
2959 3342 3124 3395 αὑτὸν
3161 3345 3222 3410 τῇ
3255 3340 3489 3412 θεότητι,
3520 3342 3763 3413 παθητὸν

2188 3429 2244 3482 δὲ
2270 3433 2338 3500 τῇ
2371 3431 2774 3502 ἀνθρωπότητι,
2803 3432 3190 3504 καθαιρείσθω.
3521 3439 3524 3442 ⁴
3698 3498 3709 3509 ,

2264 3525 2480 3587 Ταύτας
2518 3525 2614 3588 τὰς
2655 3524 2862 3578 δώδεκα
2913 3525 3261 3596 καθαιρέσεις
3313 3524 3616 3580 ἀπέστειλά
3647 3542 3758 3589 σοι,

2191 3616 2341 3682 ὅπως
2386 3616 2646 3686 φοόηθεὶς
2680 3617 2886 3671 τούτων
2922 3618 3021 3681 τὰς
3057 3618 3268 3689 κρίσεις
3289 3659 3303 3684 ,
3337 3617 3643 3690 διεστηκὼς
3670 3618 3758 3688 ἔσῃ

2188 3710 2292 3778 τῆς
2331 3711 2754 3781 πανδεινοτάτης
2796 3727 2890 3763 σου
2918 3711 3306 3780 καινοτομίας·
3341 3710 3501 3775 αἰδὼς
3539 3713 3622 3765 ὅτι
3659 3711 3757 3780 χρὴ

2190 3800 2563 3865 ἐξακολουθεῖν
2622 3805 2689 3873 τῇ
2750 3802 3092 3872 ἀποκαλύψει
3157 3802 3252 3855 τοῦ
3311 3802 3616 3858 ὁσιωτάτου
3668 3803 3756 3871 τῆς

2191 3893 2816 3957 Κωνσταντινουπόλεως
2876 3895 3204 3964 Ἐκκλησίας
3269 3894 3575 3949 ἐπισκόπου
3630 3892 3759 3962 1196-

2190 3985 2317 4038 κλου
2339 4002 2352 4018 ο
2383 3985 2502 4048 πῶς
2527 3987 2586 4040 ὲν
2615 3987 2693 4057 τῷ
2719 3987 2928 4057 κάμπῳ
2959 3985 3332 4057 καταδραμὼν
3368 3988 3468 4040 σὺν
3502 3985 3662 4040 παντὶ
3687 3982 3757 4052 τῷ

2188 4076 2323 4146 λαῷ,
2344 4075 2786 4146 κυματιζομένης
2816 4075 2923 4129 ὑπὸ
2953 4074 3198 4146 σεισμῶν
3218 4074 3320 4144 τῆς
3341 4074 3522 4146 αὐτῆς
3541 4074 3756 4135 πόλεως,

2189 4166 2284 4220 xal
2307 4166 2505 4236 θρήνου
2529 4166 2634 4218 ὑπὸ
2663 4165 2881 4218 πάντων
2903 4163 3394 4234 ἁναπεμπομένου,
3423 4163 3582 4232 ἄφνω
3608 4159 3756 4214 παῖδα

2187 4259 2267 4320 εἰς
2315 4258 2406 4311 τὸν
2457 4257 2684 4326 οὐρανὸν
2730 4257 2962 4328 ἀρθῆναι
2999 4256 3106 4309 ὑπό
3155 4272 3302 4319 τινος
3339 4255 3645 4327 δυνάμεως,
3677 4252 3755 4304 καὶ

508 4357 720 4401 sanctus
750 4346 924 4416 fortis,
970 4356 1186 4400 sanctus
1217 4333 1566 4409 immortalis,
1608 4346 1853 4399 miserere
1895 4345 2086 4410 nobis;

2201 4351 2365 4420 τούτῳ
2399 4349 2649 4402 ἐνθέσθαι
2680 4348 2773 4402 τοῦ
2797 4347 3098 4402 λιτανεύειν
3118 4347 3180 4401 τὺ
3205 4347 3530 4418 τρισάγιον,
3567 4347 3655 4400 καὶ
3682 4344 3754 4395 λέ-

509 4451 562 4495 et
595 4442 706 4494 haec
731 4440 1057 4494 annuntiare
1091 4437 1349 4506 episcopo
1389 4435 1574 4504 jussus
1603 4446 1686 4491 est
1724 4456 1738 4490 :
1773 4436 1957 4504 sicque
1987 4451 2082 4504 per

511 4544 620 4589 tres
663 4535 826 4588 horas
876 4532 930 4585 in
971 4531 1232 4585 tribunali
1291 4537 1443 4585 stans
1496 4544 1653 4584 secus
1696 4531 1860 4598 pedes
1914 4529 2080 4598 ipsius

506 4625 766 4698 episcopi,
797 4625 911 4677 haec
939 4621 1201 4676 narravit.
1233 4620 1302 4674 Et
1330 4621 1408 4674 sic
1442 4629 1726 4690 postquam
1761 4619 1976 4674 litanias
2009 4620 2082 4674 fc-

507 4725 720 4782 ccrunt,
774 4715 922 4768 stetit
962 4721 1322 4766 terrmmotus.
1366 4711 1456 4766 Sic
1503 4725 1631 4780 ergo
1675 4720 1729 4765 et
1781 4721 1834 4764 tu
1867 4711 2080 4766 litanias

515 4809 618 4869 fac,
655 4816 709 4858 et
768 4803 1014 4872 pausabit
1041 4803 1116 4854 ira
1167 4816 1286 4870 qnze
1320 4809 1510 4855 contra
1536 4809 1588 4853 te
1622 4797 1938 4868 proferenda
1976 4809 2077 4854 est.

510 4900 569 4955 Si
593 4909 772 4951 autem
802 4910 928 4958 non,
961 4895 1144 4947 veniet
1176 4908 1340 4962 super
1385 4901 1436 4946 te
1467 4891 1734 4960 depositio
1763 4906 1792 4944 a
1815 4901 1968 4959 patre
1985 4907 2080 4946 no-

508 4999 621 5046 stro
655 4987 852 5042 Felice.
875 4984 1160 5040 Custodiet
1190 4993 1367 5037 autem
1400 4982 1540 5038 Deus
1559 4983 1818 5035 mundum
1851 4997 1880 5034 a
1917 4996 2078 5036 sean-

509 5082 663 5138 dalis.
693 5081 789 5135 Cui
818 5079 986 5150 gloria
1019 5093 1160 5131 nunc
1182 5085 1235 5131 et
1257 5089 1470 5145 semper
1503 5086 1557 5130 et
1582 5075 1634 5128 in
1692 5073 1887 5128 saecula
1913 5089 2079 5129 saecu-

506 5175 704 5228 lorum.
738 5172 932 5223 Amen.

2189 4457 2248 4509 γε
2259 4459 2307 4494 ιν
2325 4457 2338 4472 ·
2360 4443 2562 4510 ’Ἄγιος
2577 4443 2607 4494 ό
2621 4439 2782 4506 Θεὸς,
2799 4440 2962 4508 ἅγιος
2982 4438 3433 4508 ἰσχυρὸς-,ἅγιος
3453 4439 3751 4499 ἀθάνατος.

2186 4531 2450 4598 ἐλέησον
2489 4528 2664 4597 ἡμᾶς·
2700 4529 2794 4583 καὶ
2825 4529 3001 4581 ταῦτα
3039 4528 3133 4581 τοῦ
3160 4529 3417 4595 ἀγγεῖλαι
3449 4531 3534 4598 τῷ
3557 4526 3754 4580 ἐπισκό-

2188 4640 2275 4691 πῳ
2310 4622 2677 4693 προσετάχθη.
2720 4623 2816 4683 Ὃς
2845 4621 2940 4674 καὶ
2981 4621 3119 4690 μετὰ
3152 4621 3389 4690 τρὶωρον
3429 4620 3564 4691 ἔστη
3607 4623 3660 4672 ἐν
3691 4612 3753 4684 τῷ

2185 4715 2545 4786 τριῦουναλίῳ
2569 4715 2722 4786 παρὰ
2754 4717 2878 4778 τοὺς
2910 4715 3076 4777 πόδας
3102 4713 3195 4766 τοῦ
3239 4713 3406 4766 αὑτοῦ
3448 4714 3750 4772 ἐπισκόπου,

2186 4804 2280 4857 καὶ
2329 4803 2503 4857 ταῦτα
2541 4804 2859 4874 διηγήσατο.
2914 4803 3022 4856 Καὶ
3053 4801 3242 4870 οὕτως
3295 4802 3750 4859 λιτανευσάντων.

2186 4896 2422 4968 ἔστησαν
2461 4897 2510 4949 oi
2544 4895 2778 4966 σεισμοί.
2810 4894 2997 4958 Οὕτως
3025 4890 3118 4948 οὖν
3157 4895 3250 4948 καὶ
3276 4895 3342 4946 σὺ
3374 4894 3648 4957 λιτάνευε,
3672 4892 3753 4944 καὶ

2188 4984 2511 5055 παύσεταιή
2539 4985 2680 5038 κατὰ
2707 4983 2802 5036 σοῦ
2835 4983 3187 5054 μελετωμένη
3221 4983 3579 5055 ἐξενεχθῆναι
3607 4982 3748 5053 ὀργή.

2187 5075 2252 5130 Εἰ
2279 5076 2334 5128 δὲ
2359 5077 2456 5147 μὴ,
2483 5077 2603 5147 ἥξει
2631 5075 2725 5128 ἐπὶ
2753 5075 2812 5128 σὲ
2833 5075 3157 5146 καθαίρεσις
3181 5075 3288 5128 ὑπὸ
3307 5075 3405 5128 τοῦ
3440 5071 3751 5144 πάπαήμὼν

2186 5169 2438 5238 Φήλικος.
2463 5169 2694 5233 Φυλάξει
2713 5167 2772 5221 δὲ
2793 5169 2821 5222 ὁ
2843 5167 2977 5232 Θεὸς
2998 5167 3089 5221 τὸν
3116 5167 3322 5237 κόσμον
3348 5167 3463 5224 ἀπὸ
3482 5168 3589 5222 τῶν
3611 5177 3750 5219 citav-

503 5270 700 5327 δάλων.
732 5262 804 5337 Ὦ
830 5268 862 5336 ἡ
903 5263 1028 5326 δόξα
1055 5261 1180 5327 νῦν,
1223 5262 1315 5314 καὶ
1343 5261 1450 5328 ἀεὶ,
1487 5260 1581 5313 κα)⁸
1614 5259 1695 5323 εἰς
1722 5259 1850 5322 τοὺς
1880 5259 2084 5325 αἰῶνας
2120 5262 2227 5317 τῶν
2249 5265 2480 5318 αἰώνων.
2520 5265 2713 5335 Ἀμήν.

576 5403 655 5475 (1)
715 5398 828 5451 llas
865 5396 1167 5475 _duodecim
1205 5396 1714 5475 depositionesuetc.
1771 5392 1936 5475 Vides
1969 5395 2074 5475 hoc
2183 5409 2504 5475 sequuntur,
2529 5414 2633 5475 non
2651 5398 3074 5475 sttntQuintiani
3092 5397 3333 5475 episcopi
3357 5394 3747 5475 AsculaniLsed

503 5463 773 5529 loco-non
825 5465 1007 5533 plures
1040 5480 1216 5533 quam
1256 5467 1536 5520 duodecim
1574 5463 1742 5533 fuisse
1797 5465 2074 5528 Quintiani

503 5532 1012 5596 anathematismos.
1036 5532 1246 5603 lteliqni
1272 5535 1436 5603 igitur
1470 5532 1700 5597 octo_alii
1724 5570 1738 5593 ,
1762 5534 1852 5601 qui
1877 5543 2005 5587 tom.
2039 5537 2078 5587 Il

500 5607 714 5667 Concii.
741 5606 794 5658 in
808 5603 1134 5657 editionibus
1159 5621 1225 5658 an
1237 5605 1525 5658 terim-ibus
1539 5611 1656 5672 post
1683 5603 1780 5656 hos
1795 5604 2076 5657 duodecim

2188 5465 2524 5536 Asclepiadis
2565 5469 2860 5524 Trallensis
2893 5469 3180 5532 antistitis,
3216 5465 3365 5524 ut'ex
3399 5472 3588 5526 codice
3617 5465 3746 5522 Van-

2189 5553 2325 5594 cano
2355 5549 2596 5608 apparet.
2630 5538 2838 5595 Bmws.
