4014 6122
445 234 583 300 1759
1391 237 1750 299 MONITUM
1793 236 1872 296 1N
1918 234 2363 306 SEQUENTES
2400 194 2799 297 IlOMlLIAS.
2868 187 2875 193 θ
3581 227 3723 290 1760

443 346 591 419 quod
641 347 785 403 docti
817 350 918 406 viri
946 352 1024 421 (5)
1055 352 1419 408 communiter
1445 360 1569 422 post
1592 351 1831 407 Leonem
1861 349 2120 404 Allatium
2140 347 2218 418 (4)
2247 347 2570 404 existimant
2602 347 2744 401 hanc
2774 344 3052 401 bomiliam
3077 345 3204 415 jure
3249 342 3450 400 merito
3480 342 3726 408 Αιιιῑρθω

447 445 532 491 tro
569 449 693 493 esse
725 436 1106 508 tribuendam;
1146 448 1202 496 et
1232 439 1392 509 longe
1438 439 1718 508 antiquior
1750 438 1907 492 testis
1939 434 2157 492 Nicetas
2184 435 2269 491 his
2301 434 2534 502 accedit,
2573 448 2796 489 sensum
2829 434 3047 490 illorum
3078 432 3439 496 conﬁrmans,
3473 429 3569 500 qui
3614 426 3720 483 sub

449 524 673 580 nomine
702 522 976 594 Antipatri
1003 524 1367 598 fragmentum
1409 527 1679 597 quoddam
1708 524 1870 593 huius
1901 522 2141 585 bomilias
2165 522 2326 578 aﬂ‘ert
2355 523 2407 578 in
2446 536 2543 577 sua
2584 520 2687 578 SS.
2726 520 2950 576 Patrum
2984 534 3147 591 super
3178 518 3529 590 Evangelium
3559 515 3722 569 Luca:

386 638 389 639 ν
450 620 684 676 eatena,
745 627 908 681 quam
956 612 1147 670 Graece
1189 614 1467 685 evolgavit
1519 613 1988 669 eminentissimus
2026 610 2323 666 cardinalis
2371 609 2615 681 Angelus
2663 608 2765 663 Mai
2805 607 2887 693 lin
2947 622 3043 662 sua
3105 615 3344 661 veterum
3387 603 3719 693 scriptorum

454 694 606 751 Nova
634 696 970 754 Collectioue
988 700 1092 771 (5).
1126 700 1288 772 Spem
1324 711 1571 756 nostram
1595 715 1699 755 non
1735 698 1926 754 lelellit
1959 706 2219 764 eventus;
2250 712 2397 762 nam,
2423 696 2607 751 divino
2651 688 2869 750 favente
2901 693 3125 781 auxilio,
3166 691 3467 781 citoAnobis
3497 688 3719 781 obviam

451 783 555 839 fuit
576 785 772 856 duplex
804 785 979 842 Graeci
1010 797 1195 843 textus
1215 789 1409 856 codex,
1443 798 1497 843 et
1524 799 1756 857 ttterqne
1782 786 2004 841 maximi
2033 787 2191 856 pretii
2218 803 2233 840 :
2261 785 2401 839 alter
2424 799 2617 853 nempe
2641 777 2977 847 Vaticanus,
2995 782 3097 837 sub
3121 790 3181 835 n°
3198 777 3307 835 820
3330 780 3504 835 codic.
3533 777 3717 832 Graec.

452 870 785 942 inscriptus;
815 873 954 930 alter
982 874 1338 942 Barberinus,
1376 876 1478 932 sub
1510 866 1574 929 n°
1602 874 1707 930 488
1733 874 1854 930 cod.
1899 873 2076 929 Graec.
2113 873 2204 943 qui
2234 871 2361 927 olim
2393 872 2460 927 ad
2487 871 2913 926 illustrissimum
2966 868 3167 925 Lucam
3201 866 3543 923 Holsteniutn
3578 879 3709 933 per-

455 959 717 1024 tinuerat,
748 960 828 1016 sin
851 975 1012 1016 manu
1042 963 1159 1033 eius
1190 975 1474 1028 exaratos,
1506 963 1697 1019 saltem
1726 977 1792 1017 eo
1828 962 2048 1029 iubente
2073 970 2128 1017 et
2154 959 2427 1030 dirigente
2456 960 2733 1015 redactus.

530 1046 785 1102 Attamen
818 1057 997 1105 utrum
1028 1050 1238 1121 integer
1270 1060 1451 1106 textus
1479 1050 1667 1106 Graece
1707 1058 1855 1105 esset
1891 1051 2158 1115 edendas,
2197 1047 2389 1103 incerti
2430 1047 2780 1119 ambiguique
2810 1048 3171 1112 haerebamus,
3215 1054 3271 1100 et
3307 1043 3470 1113 hujus
3503 1041 3727 1095 haesita-

461 1133 628 1188 tionis
659 1134 856 1203 duplex
885 1136 1075 1191 aderat
1099 1150 1285 1191 causa.
1314 1135 1389 1190 Ex
1421 1153 1528 1191 una
1553 1145 1724 1205 parte,
1759 1136 1814 1190 in
1846 1137 1950 1191 bac
1979 1136 2202 1191 bomilia
2233 1135 2419 1190 multa:
2444 1145 2603 1190 erant
2631 1136 2916 1191 sententiae
2940 1134 3006 1189 ad
3034 1145 3282 1189 nostrum
3312 1144 3535 1198 scopum
3560 1142 3727 1198 peru-

466 1218 763 1286 tilissimte;
795 1229 850 1277 et
880 1223 1078 1277 exinde
1124 1223 1299 1277 nostri
1333 1232 1453 1277 erat
1476 1222 1761 1279 Leetorum
1808 1223 1982 1278 oculis
2011 1237 2116 1278 non
2163 1223 2337 1278 solum
2378 1223 2686 1277 sententias
2719 1222 2981 1284 auctoris,
3016 1221 3111 1276 sed
3160 1220 3324 1275 etiam
3366 1230 3556 1271 earum
3584 1228 3724 1269 con-

459 1317 694 1375 textum,
732 1324 896 1379 quem
935 1312 1096 1366 aliter
1129 1313 1414 1368 consulere
1454 1327 1563 1368 non
1601 1313 1930 1383 potuissent,
1960 1321 2016 1366 et
2054 1312 2254 1367 exinde
2284 1310 2564 1367 bomiliam
2599 1311 2865 1381 integram
2908 1309 3202 1381 subjicere.
3245 1307 3325 1365 Ex
3363 1306 3533 1361 altera
3565 1316 3722 1366 vero,

461 1409 591 1461 pars
627 1396 862 1453 bomilia:
896 1397 1012 1454 fere
1041 1399 1263 1455 dimidia
1294 1387 1441 1454 aliud
1467 1400 1638 1456 habet
1665 1407 2065 1471 argumentum,
2092 1407 2252 1470 prout
2290 1412 2357 1453 ex
2385 1397 2543 1453 titulo
2572 1397 2758 1452 videre
2779 1406 2883 1462 est,
2912 1398 3004 1467 qui
3040 1398 3122 1453 sic
3148 1410 3209 1451 se
3239 1394 3406 1451 habet
3432 1410 3447 1446 :
3472 1392 3581 1457 Εις
3614 1390 3730 1444 τὸν

457 1480 629 1551 ἄτιον
676 1483 969 1552 Ἰωάννην
996 1486 1105 1541 τὸν
1132 1489 1487 1557 Βαπτιστὴν
1538 1488 1637 1543 καὶ
1672 1490 1758 1554 εις
1786 1489 1903 1556 τὴν
1934 1486 2122 1557 σιγὴν
2149 1486 2470 1555 Ζαχαρίου,
2522 1486 2620 1539 καὶ
2650 1487 2737 1551 εὶς
2776 1485 2884 1538 τὸν
2912 1483 3246 1554 ἀσπασμὸν
3271 1479 3383 1550 τῆς
3423 1478 3729 1546 nas-ariae:

459 1571 776 1627 Θεοτόκου.
810 1571 878 1628 In
908 1572 966 1630 S.
995 1572 1261 1631 Joannem
1300 1575 1598 1647 Baptistam
1631 1587 1678 1630 et
1712 1577 1767 1631 in
1788 1576 2059 1631 silentium
2082 1573 2384 1638 Zachariae,
2422 1582 2470 1627 et
2498 1573 2555 1628 in
2580 1572 2959 1627 salutationem
2986 1570 3340 1626 sanctissima:
3367 1567 3633 1635 Deiparw.
3666 1562 3725 1617 Si

463 1659 633 1728 igitur
675 1661 945 1730 integram
996 1663 1284 1717 ederemus
1323 1663 1626 1728 homiliam,
1663 1663 1834 1719 lector
1863 1664 1955 1732 qui
1989 1663 2167 1733 primo
2200 1661 2395 1715 intuitu
2429 1675 2544 1715 rem
2584 1659 3066 1725 animadverteret,
3100 1672 3199 1713 nos
3239 1671 3303 1713 ea
3333 1669 3453 1725 qua:
3492 1653 3560 1708 ad
3604 1666 3723 1707 rem

464 1761 570 1800 non
604 1749 955 1817 pertinebant
987 1751 1282 1807 miscuisse
1312 1752 1693 1820 exprobraret.
1724 1752 1989 1816 Tandem,
2016 1747 2271 1807 omnibus
2298 1748 2403 1803 rite
2430 1747 2735 1816 perpensis,
2764 1761 2835 1800 ne
2867 1745 3090 1802 bomilia
3127 1753 3375 1800 truncata
3419 1751 3475 1796 et
3512 1740 3725 1794 incom-

433 1822 600 1903 xplet'a
628 1835 907 1900 evaderet,
941 1839 1083 1907 quod
1114 1846 1263 1893 certe
1298 1839 1461 1908 plane
1495 1838 1832 1907 displiceret,
1875 1839 1919 1892 si
1957 1847 2164 1891 tantum
2196 1846 2404 1904 partem
2432 1848 2553 1903 qua:
2577 1832 2646 1887 ad
2683 1834 2969 1904 Deiparam
3004 1831 3280 1902 Virginem
3318 1829 3549 1901 pertinet
3592 1827 3725 1881 ede-

459 1933 663 1982 rcmus,
703 1928 912 1975 textum
947 1924 1220 1994 integrum
1249 1925 1609 1991 exhibemus;
1662 1938 1838 1993 eoque
1881 1923 2055 1995 magis
2085 1936 2191 1993 quo
2237 1922 2397 1989 aliter
2436 1920 2516 1977 sic
2545 1929 2797 1976 truncata
2823 1920 3006 1977 brevis
3043 1918 3211 1975 nimis
3240 1917 3506 1975 evasisset
3532 1924 3725 1969 nostra

458 2007 724 2077 Antipatri
757 2010 1000 2073 bomilia.

527 2112 757 2184 Insuper
800 2116 940 2170 hattd
986 2116 1176 2173 inutile
1219 2125 1342 2173 erat
1380 2118 1434 2172 in
1470 2118 1650 2173 lucem
1682 2118 1925 2189 proferre
1961 2128 2083 2185 quae
2115 2112 2181 2168 ad
2229 2120 2474 2167 sanctum
2502 2109 2766 2167 Joannem
2797 2118 2851 2165 et
2901 2108 2969 2164 ad
3008 2107 3332 2163 Zachariam
3358 2105 3723 2177 pertinebant.

456 2199 589 2254 Nam
620 2200 948 2259 Laurentius
981 2199 1198 2271 Surius,
1233 2206 1487 2275 quamvis
1538 2205 1698 2260 laude
1729 2204 1927 2274 dignus
1970 2214 2024 2257 et
2052 2218 2079 2255 a
2107 2201 2263 2256 nobis
2294 2202 2430 2255 bene
2465 2202 2693 2254 meritus
2730 2199 2828 2266 sit,
2878 2198 3045 2252 multa
3096 2197 3155 2252 in
3182 2211 3281 2252 sua
3324 2197 3581 2250 versione
3616 2208 3722 2248 non

455 2286 827 2344 hrneexarata
853 2298 1049 2360 etquae
1072 2306 1178 2345 non
1209 2291 1344 2346 satis
1370 2292 1615 2345 humana
1642 2301 1863 2345 caverat
1893 2299 2085 2346 natura
2111 2289 2372 2359 reliquit;
2403 2287 2480 2342 ita
2505 2287 2634 2341 utin
2668 2286 2800 2341 locis
2833 2301 2940 2340 non
2971 2283 3238 2354 paucis,si
3259 2284 3384 2355 quis
3419 2297 3543 2336 cum
3572 2290 3719 2335 textu

454 2372 646 2431 Graeco
698 2375 949 2432 Latinam
1006 2378 1295 2433 lectionem
1366 2378 1702 2444 contulerit,
1753 2393 1858 2433 non
1917 2377 2091 2434 solum
2159 2375 2402 2430 auctoris
2451 2388 2724 2437 acumen,
2782 2372 2881 2428 sed
2925 2369 3434 2439 etiamaliquando
3500 2382 3721 2424 sensum

456 2458 635 2528 ipsum
665 2462 804 2515 male
831 2463 1063 2532 exprimi
1091 2463 1487 2532 deprehendet.
1519 2463 1874 2534 Quapropter
1899 2476 2018 2517 eam
2042 2464 2347 2518 versionem
2370 2459 2541 2531 polire
2575 2468 2671 2514 aut
2691 2459 2872 2530 potius
2901 2457 3167 2525 relingere
3196 2468 3302 2509 non
3328 2454 3722 2510 dubitavimus.

521 2546 580 2602 In
618 2548 721 2605 hac
764 2560 954 2607 nostra
1002 2551 1227 2606 bomilia
1285 2566 1465 2622 neque
1496 2552 1587 2606 uni
1640 2550 1904 2606 Vaticano
1927 2565 2128 2619 .neque
2185 2549 2278 2604 uni
2333 2547 2636 2603 Barberino
2676 2547 2897 2603 omnino
2944 2546 3312 2611 adbaesimus;
3365 2543 3463 2598 sed
3500 2543 3723 2611 quando

456 2633 607 2690 inter
622 2650 691 2692 se
718 2636 1059 2693 dissidebant
1094 2638 1335 2704 codices,
1379 2638 1531 2693 illum
1561 2638 1901 2709 praetulimus
1927 2651 2171 2701 sensum,
2201 2635 2291 2704 qui
2336 2633 2509 2705 magis
2552 2643 2957 2689 consentaneus
2984 2632 3141 2687 nobis
3165 2630 3478 2696 videbatur,
3515 2631 3586 2685 ad
3616 2629 3725 2685 cal-

457 2735 576 2778 cem
607 2732 786 2778 tamen
842 2726 1184 2782 remittentes
1215 2726 1397 2782 varias
1429 2725 1690 2781 lectiones
1707 2740 1773 2780 ex
1801 2724 2000 2794 quibus
2027 2738 2135 2777 uno
2161 2722 2359 2778 intuitu
2394 2720 2666 2775 videbitur
2697 2720 2752 2774 in
2779 2734 2887 2789 quo
2915 2718 3262 2774 consentiant
3291 2716 3380 2773 vel
3408 2718 3724 2787 discrepent

458 2811 841 2882 manuscripti.
874 2811 1101 2885 Insuper
1130 2814 1414 2870 versiones
1457 2814 1720 2884 quasdam
1752 2811 2061 2867 addidimus
2085 2825 2153 2865 ex
2198 2806 2477 2877 Antipatri
2518 2805 2865 2876 Fragmentis
2898 2820 2930 2860 a
2960 2802 3153 2861 Niceta
3182 2804 3237 2860 in
3273 2818 3429 2860 suam
3461 2805 3719 2860 Catenam

458 2910 668 2967 relatis.

529 2994 685 3051 Nunc
734 2999 912 3054 dicere
948 3011 1198 3069 superest
1231 3004 1298 3057 de
1349 3005 1720 3060 controversia
1750 3002 1817 3058 ab
1851 3002 2065 3058 Oudino
2109 3003 2371 3068 excitata,
2415 3002 2506 3074 qui
2548 3000 2907 3071 posteriorem
2950 2997 3283 3070 excogitavit
3311 2997 3659 3069 Antipatrum
3687 3011 3718 3051 a

459 3085 738 3143 Bostrcnsi
767 3090 1065 3153 diversum,
1092 3090 1182 3145 cui
1214 3092 1468 3147 bomilias
1498 3095 1563 3149 de
1580 3096 1778 3163 quibus
1831 3094 1919 3148 hic
1953 3095 2133 3162 agitur
2183 3090 2427 3145 ascribit.
2468 3088 2696 3145 Ubinam
2720 3102 2851 3157 ergo
2885 3086 3096 3140 invenit
3118 3083 3363 3140 Oudinus
3389 3085 3517 3155 quid
3546 3084 3719 3152 impe-

461 3173 574 3228 diat
599 3175 731 3243 quin
762 3178 930 3230 veteri
958 3177 1252 3254 Antipatro
1282 3177 1591 3232 tribuantur
1637 3178 1720 3232 hae
1763 3178 2034 3233 bomilias?
2064 3175 2218 3230 illum
2243 3176 2553 3244 loquentem
2586 3174 2872 3228 audiamus
2900 3189 2917 3227 :
2941 3170 3305 3238 Festivitates,
3334 3171 3525 3241 inquit,
3554 3169 3721 3223 beata

471 3259 709 3334 Virginis
739 3272 788 3317 et
837 3276 1143 3319 sanctorum
1175 3266 1377 3336 synodo
1420 3267 1651 3321 secunda
1682 3266 1945 3330 Nictrna,
1975 3280 2094 3336 qua:
2130 3279 2271 3318 anno
2304 3262 2410 3317 787
2444 3263 2705 3318 celebrata
2738 3271 2850 3327 est,
2887 3262 3204 3330 posteriores
3231 3268 3419 3314 sunt...
3449 3256 3584 3312 Hac
3614 3257 3717 3328 igi-

461 3358 552 3407 tur
587 3350 932 3405 hontiliarum
969 3353 1206 3407 collectio
1239 3355 1497 3423 posterior
1537 3365 1614 3408 est
1650 3355 2005 3407 controversia
2050 3353 2116 3405 de
2154 3350 2304 3405 cultu
2342 3351 2641 3421 imaginum
2687 3366 2749 3403 ac
2790 3358 3121 3417 sanctorum,
3153 3362 3335 3418 quia...
3384 3345 3452 3399 ab
3490 3345 3718 3414 imperio

461 3433 652 3490 Leonis
691 3437 874 3491 Isauri
903 3436 1042 3492 anno
1074 3438 1177 3493 7i6
1210 3440 1424 3507 incepit,
1457 3449 1613 3509 atque
1643 3440 1712 3493 ad
1746 3441 2025 3504 imperium
2056 3438 2332 3508 Theophili
2362 3449 2409 3493 et
2441 3454 2641 3493 annum
2679 3437 2786 3492 842
2814 3440 3142 3509 ρενάιιναιῄι.
3177 3435 3357 3507 Hujus
3393 3433 3571 3489 (etatis
3598 3443 3721 3488 sunt

462 3531 539 3576 tot
572 3521 806 3576 bomilia
832 3524 891 3576 in
921 3521 1393 3580 Prcesentationem
1420 3528 1585 3581 beate
1628 3525 1857 3597 Virginis
1891 3529 1948 3581 in
1984 3527 2178 3595 templo
2207 3538 2257 3581 et
2293 3527 2515 3581 Itomilia
2545 3529 2599 3579 in
2654 3528 3072 3594 Assumptionem
3107 3527 3274 3580 beate
3309 3524 3562 3594 Virginis.
3593 3523 3725 3579 Cul-

464 3618 548 3663 tus
576 3609 717 3664 enim
746 3619 1050 3664 sanctorum
1079 3628 1147 3666 ac
1166 3613 1333 3669 beata:
1381 3612 1639 3684 Virginis,
1672 3615 1940 3669 invocatio
1967 3614 2203 3682 illorum,
2235 3615 2500 3670 institutio
2531 3617 2783 3683 festorum
2816 3618 2869 3670 in
2896 3630 3077 3670 eorum
3104 3615 3411 3668 memoriam
3441 3622 3493 3666 et
3521 3616 3724 3667 cultum

467 3697 696 3751 Nic-mna
747 3700 980 3753 secunda
1027 3699 1233 3770 synodo
1270 3701 1428 3770 plane
1472 3703 1791 3757 recentiores
1844 3709 1989 3756 sunt.
2050 3701 2143 3756 Sic
2190 3703 2354 3757 habet
2389 3702 2657 3757 Oudinus.
2717 3701 3016 3757 Fatendum
3059 3700 3275 3771 quidem
3316 3712 3406 3756 est
3435 3701 3725 3771 opiniones

468 3795 576 3840 tam
605 3785 846 3842 nefarias
873 3788 1089 3844 nonnisi
1114 3805 1144 3843 a
1177 3804 1322 3844 caeco
1357 3789 1544 3846 furore
1568 3800 1761 3846 contra
1783 3789 2111 3845 catholicam
2133 3789 2432 3845 Ecclesium
2452 3790 2616 3858 impie
2642 3790 2960 3845 lasciviente
2989 3790 3291 3859 excogitari
3325 3789 3605 3859 potuisse;
3630 3790 3722 3844 sed

467 3869 747 3931 immensae
775 3877 1038 3931 caecitatis
1064 3886 1212 3932 esset
1237 3877 1328 3948 qui
1361 3893 1466 3933 non
1502 3880 1731 3934 sentiret
1754 3877 2185 3934 controversiam
2212 3877 2279 3931 de
2308 3876 2456 3930 cultu
2490 3887 2805 3932 sanctorum
2837 3886 2893 3932 et
2921 3876 3221 3947 imaginum
3260 3891 3366 3930 non
3396 3876 3533 3931 oriri
3562 3891 3625 3931 ex
3660 3886 3724 3928 eo

465 3962 631 4031 quod,
666 3974 928 4032 regnante
972 3963 1157 4019 Leone
1202 3964 1412 4031 Isauro,
1462 3980 1635 4020 novus
1691 3964 1870 4019 cultus
1915 3966 2256 4021 introductus
2314 3963 2514 4031 fuerit,
2562 3965 2657 4019 sed
2698 3979 2731 4019 e
2780 3974 2968 4019 contra
3021 3964 3171 4019 venit
3212 3979 3279 4018 ex
3330 3978 3396 4018 eo
3428 3963 3574 4034 quod
3616 3960 3723 4016 Leo

472 4047 693 4105 lsaurus
738 4049 938 4105 bellum
985 4051 1230 4107 intuleﬁt
1271 4050 1443 4107 cultui
1475 4051 1592 4120 jam
1625 4061 1845 4121 recepto
1890 4061 1947 4107 et
1994 4051 2246 4121 pluribus
2287 4060 2436 4106 retro
2477 4050 2694 4105 saeculis
2726 4052 3045 4121 autiquiori.
3079 4051 3149 4107 Et
3174 4061 3347 4115 certe,
3377 4052 3462 4107 sui
3506 4063 3726 4117 contpos

467 4150 576 4191 non
608 4144 752 4192 esset
778 4137 872 4205 qui
903 4139 972 4194 ob
1004 4139 1145 4193 banc
1176 4138 1445 4193 rationem
1471 4146 1692 4207 negaret
1725 4137 1810 4194 vel
1839 4138 2138 4204 dubitaret,
2169 4147 2296 4193 ante
2321 4137 2610 4207 septimam
2639 4139 2903 4209 synodum
2936 4139 3154 4195 habitas
3182 4140 3355 4196 fuisse
3383 4139 3639 4194 bomilias
3660 4138 3725 4192 de

464 4222 615 4275 cultu
647 4232 958 4280 sanctorum
997 4226 1082 4280 vel
1119 4226 1290 4281 beatae
1318 4225 1574 4296 Virginis.
1609 4226 1780 4297 Igitur
1811 4225 2011 4282 Oudini
2045 4226 2214 4283 verba
2250 4238 2362 4281 non
2396 4224 2700 4294 impediunt
2738 4225 2868 4295 quin
2900 4224 3182 4283 Bostrensi
3218 4235 3408 4283 nostro
3440 4226 3729 4294 Antipatro

468 4308 776 4365 tribuantur
810 4312 1048 4367 bomilia:
1078 4315 1145 4368 de
1180 4313 1380 4383 quibus
1412 4326 1594 4368 sermo
1621 4315 1779 4369 nobis
1806 4322 1910 4371 est.

536 4401 643 4458 Sed
674 4403 802 4459 licet
832 4407 1073 4460 rationes
1098 4420 1127 4458 a
1163 4404 1436 4461 Casimiro
1466 4404 1678 4462 Oudino
1706 4407 1905 4476 allatae,
1940 4408 2089 4465 omni
2121 4407 2479 4464 fundamento
2507 4409 2811 4477 destituta,
2841 4409 3214 4480 perabsurda,
3244 4416 3299 4493 et
3330 4424 3558 4477 prorsus
3584 4411 3727 4465 inau-

467 4485 592 4542 dita:
619 4489 689 4543 ab
718 4490 971 4545 omnibus
999 4490 1230 4546 eruditis
1269 4492 1597 4558 habeantur,
1628 4493 1906 4550 fatendum
1941 4504 2122 4551 tamen
2162 4506 2270 4566 est,
2300 4514 2364 4554 ex
2395 4499 2499 4557 bac
2527 4502 2851 4572 quastione,
2900 4503 2944 4557 si
2975 4502 3077 4556 sub
3119 4500 3226 4555 alio
3270 4485 3518 4569 respectu
3544 4500 3727 4558 consi—
3790 4500 3793 4501 ⁷

468 4577 708 4642 deretur,
739 4577 1114 4657 gravissimam
1159 4578 1289 4632 oriri
1320 4578 1712 4636 dilIicultatem.
1743 4580 2006 4650 Quamvis
2050 4585 2194 4642 enim
2235 4589 2595 4657 proﬁteantur
2632 4603 2823 4645 omnes
2858 4590 2912 4643 in
2957 4589 3105 4645 omni
3144 4597 3389 4657 tempore
3422 4589 3725 4645 Ecclesiam

467 4665 669 4720 cultum
702 4651 1015 4721 sanctorum
1043 4669 1331 4724 admisisse
1370 4678 1427 4725 et
1458 4670 1848 4736 celebravisse,
1875 4680 2118 4728 attamen
2159 4651 2324 4728 simul
2355 4675 2678 4743 proﬁtemur
2719 4676 2880 4745 hujus
2908 4676 3087 4732 cultus
3118 4677 3338 4730 modum
3374 4690 3520 4746 saepe
3547 4687 3723 4731 muta-

469 4760 581 4807 tum
615 4751 810 4809 fuisse.
842 4753 935 4810 Sic
966 4755 1035 4809 ab
1059 4755 1390 4813 incunabilis
1421 4757 1679 4813 Ecclesiae
1722 4760 2110 4829 augustissimo
2143 4759 2505 4817 Eucharistia:
2531 4777 2880 4819 sacramento
2927 4765 3106 4821 cultus
3142 4763 3316 4818 latriae
3362 4763 3467 4818 fuit
3514 4763 3725 4819 exhibi-

470 4849 591 4903 tus;
627 4850 869 4896 attamen
898 4842 1217 4898 solemnitas
1242 4845 1500 4913 Corporis
1523 4845 1736 4901 Domini
1777 4848 2065 4902 recentiori
2102 4856 2345 4917 tempore
2366 4848 2472 4904 l'uit
2499 4851 2770 4906 instituta.
2797 4851 2967 4907 Porro
2999 4854 3050 4907 in
3079 4853 3179 4909 hoc
3206 4853 3558 4907 consentiunt
3582 4851 3734 4907 docti

469 4927 599 4993 viri,
620 4926 948 4984 festivitates
966 4928 1409 4986 Prazsentationis
1435 4932 1600 4988 beata:
1625 4923 1818 4988 Maria:
1836 4936 1888 4989 in
1905 4934 2216 5004 templo,vel
2232 4935 2623 5005 Assumptionis
2643 4938 2695 4991 in
2709 4937 2920 5002 cretum,
2941 4948 3250 5008 postmvum
3269 4937 3547 5007 Antipatri
3569 4937 3730 4993 fuisse
3778 5006 3783 5015 ν

467 5014 769 5070 institutas.
799 5015 953 5073 Unde
988 5021 1169 5088 gravis
1197 5021 1370 5074 oritur
1398 5021 1540 5076 ratio
1571 5019 1852 5077 dubitandi
1889 5034 2070 5077 utrum
2100 5023 2353 5078 collectio
2383 5025 2733 5081 bomiliarum
2764 5027 2907 5081 inter
2936 5041 3074 5097 quas
3108 5025 3385 5082 nonnullae.
3414 5026 3724 5083 inscribun-

467 5115 555 5157 tur
584 5101 637 5155 in
671 5099 1156 5161 Praesentationem
1187 5107 1269 5162 vel
1301 5108 1351 5161 in
1382 5108 1850 5178 Assumptionem,
1891 5111 2069 5178 reipsa
2097 5112 2446 5180 Antipatrum
2478 5111 2736 5173 habuerit
2761 5122 3066 5171 auctorem.

537 5189 645 5244 Sed
680 5192 793 5245 haec
832 5195 1013 5246 omnia
1058 5194 1192 5248 nihil
1228 5195 1295 5249 ad
1336 5211 1435 5250 nos
1462 5212 1478 5252 :
1505 5210 1630 5250 nam
1665 5212 1733 5252 ex
1766 5200 1976 5253 duabus
2005 5213 2140 5268 quas
2164 5197 2485 5267 subiicimus
2534 5199 2794 5266 homiliis,
2836 5202 2985 5273 prior
3017 5201 3072 5255 in
3109 5202 3369 5256 honorem
3407 5197 3729 5254 Natiuitatis

468 5278 639 5333 sancti
666 5276 893 5333 Joannis
915 5279 1170 5348 Baptista:
1192 5283 1375 5338 habita
1408 5294 1526 5349 est;
1554 5298 1716 5352 porro
1745 5286 1957 5342 nullum
1973 5296 2059 5344 est
2084 5289 2304 5347 dubium
2323 5291 2451 5359 quin
2482 5289 2801 5347 solemuitas
2829 5293 3003 5346 sancti
3029 5290 3257 5347 Ioannis
3286 5290 3567 5360 Antipatri
3595 5298 3729 5344 tem-

463 5379 567 5434 pus
597 5366 954 5431 antecesserit
983 5367 1036 5421 in
1067 5366 1308 5425 Ecclesia
1341 5371 1455 5427 sive
1489 5368 1678 5428 Graeca
1706 5376 1822 5430 sive
1852 5373 2072 5436 Latina.
2105 5377 2386 5437 Posterior
2417 5393 2551 5434 vero
2577 5379 2829 5445 bomilia,
2864 5383 3064 5437 nedum
3095 5382 3169 5437 sit
3199 5380 3264 5443 de
3289 5379 3562 5449 peculiari
3594 5390 3731 5451 (μια-

664 5543 906 5629 Qiat‘rili‘e
1034 5543 1351 5629 Simeonem
1388 5524 1625 5629 scrip-tis,
1657 5564 1779 5622 pag.
1809 5551 1896 5605 ὃς).
2230 5557 2305 5629 (5).
2351 5555 2467 5610 \‘ol.
2500 5553 2590 5621 IX,
2624 5569 2746 5627 pag.
2784 5553 2905 5611 699.

543 5615 621 5682 (4)
661 5614 814 5676 Cotti.
851 5613 1014 5670 Guill.
1050 5614 1192 5671 Cave
1220 5618 1285 5671 ad
1313 5631 1439 5673 ann.
1472 5613 1594 5672 660.
