4014 6122
376 351 508 419 πει
838 300 843 305 ’
1297 348 1657 410 MONITUM
1714 349 1793 409 IN
1832 349 2276 421 SEQUENTES
2314 349 2707 411 HOMILIAS.
2888 390 2893 393 -
3499 354 3669 419 1762'

370 467 498 520 dam
537 460 798 533 mysterio
828 462 1001 518 beatas
1034 459 1294 531 Virginis,
1344 459 1429 514 vel
1458 472 1556 529 per
1599 457 1837 528 aliquam
1873 457 2275 513 solemnitatem
2316 457 2433 528 ejus
2468 458 2613 514 dicta
2642 457 2911 523 videatur,
2964 473 2996 514 e
3043 469 3232 514 contra
3264 459 3479 517 videtur
3513 477 3636 519 esse

375 550 559 605 habita
593 549 681 604 die
714 548 1016 614 Dominica,
1051 550 1104 603 in
1135 563 1241 618 qua
1276 545 1572 615 explicatio
1600 544 1832 599 dabatur
1861 546 2186 600 brevissima
2217 545 2285 600 de
2314 545 2544 600 historia
2580 545 2889 615 evangelica
2918 563 2931 613 ;
2963 546 3120 616 cuius
3153 547 3388 602 humilia:
3418 548 3628 615 aliquot

372 644 592 693 exstant
630 636 855 707 vestigia
884 626 1202 693 in'Scholiis
1233 635 1463 704 antiquis
1503 633 1560 689 in
1605 630 1948 704 Evangelium
1990 630 2174 700 Lucis,
2197 646 2321 704 qua)
2343 632 2818 689 eminentissimus
2843 632 3136 689 cardinalis
3173 632 3413 704 Angelus
3445 634 3548 690 Mai
3580 635 3635 690 in

375 736 506 781 tom.
542 723 617 779 IX
638 723 996 780 Classicorum
1025 725 1316 779 Auctorum
1337 720 1526 779 Graece
1557 721 1728 778 edidit
1749 722 1850 793 (4).

342 860 349 867 ,
446 815 673 887 Insuper
702 816 825 871 addi
851 823 1028 886 potest
1061 816 1115 870 in
1149 826 1338 871 nostro
1373 829 1540 870 sensu
1569 813 1717 870 nullo
1748 814 1910 870 modo
1943 827 2080 884 opus
2110 825 2234 869 esse
2259 826 2360 868 cur
2388 812 2457 868 ad
2488 812 2854 868 recentiorem
2887 813 3234 884 Antipatrum
3263 826 3632 879 recurramus,

375 904 463 960 cui
507 903 854 960 ascribantur
904 902 1140 957 homilite
1188 901 1257 958 de
1299 901 1734 957 Prmsentatione
1779 911 1834 955 et
1862 901 1931 956 do
1962 901 2352 969 Assumptione
2374 899 2639 972 Virginis.
2674 900 2948 971 Quidquid
2992 902 3063 957 sit
3104 901 3168 957 de
3196 899 3517 957 Trombcllii
3552 902 3632 973 (5i

375 992 672 1059 sententia,
692 990 784 1062 qui
825 990 1108 1046 contendit
1134 988 1277 1045 hanc
1302 988 1713 1059 inscriptionem
1735 987 1801 1042 In
1835 988 2080 1057 Deiparm
2100 989 2526 1058 Assumpiionem
2557 1004 2586 1043 a
2618 1004 2780 1043 manu
2812 990 3099 1044 recentiori
3135 990 3188 1044 in
3230 999 3379 1045 textu
3408 989 3638 1060 Antipa-

379 1084 450 1138 tri
482 1084 743 1138 insertam
773 1079 967 1146 fuisse,
991 1093 1115 1135 cum
1147 1079 1201 1133 in
1231 1085 1345 1133 toto
1376 1091 1629 1133 sermone
1652 1077 1798 1132 nulla
1831 1077 2038 1132 mentio
2065 1076 2227 1146 hujus
2252 1077 2502 1149 mysterii
2530 1076 2817 1144 habeatur,
2844 1077 2987 1135 nulla
3020 1086 3103 1133 est
3136 1077 3436 1133 necessitas
3465 1078 3639 1133 alium

380 1172 584 1241 lingere
616 1169 960 1240 Antipatrum
999 1182 1159 1237 quem
1197 1167 1346 1222 solus
1388 1167 1684 1223 somniavit
1714 1167 1982 1230 Ondinus,
2016 1165 2231 1220 etiamsi
2258 1154 2525 1235 praedicta
2548 1163 2768 1219 homilia
2792 1165 2860 1220 de
2905 1163 3129 1236 Virgine
3167 1173 3453 1235 assumpta
3505 1181 3632 1234 age-

379 1267 486 1323 ret,
517 1258 658 1313 sicut
697 1265 753 1311 et
780 1264 1013 1325 quatuor
1044 1254 1158 1323 alii,
1199 1254 1244 1309 si
1271 1254 1444 1310 titulis
1472 1252 1607 1309 ﬁdes
1643 1253 1931 1320 habeatur,
1970 1268 2092 1323 qua:
2121 1253 2190 1308 de
2232 1253 2351 1323 ejus
2378 1253 2811 1310 Praesentatione
2857 1262 3113 1310 tractant.
3169 1253 3227 1309 Si
3263 1252 3490 1322 obiicias
3522 1254 3639 1310 haec

379 1346 518 1401 festa
551 1343 843 1401 recentiori
875 1352 1118 1413 tempore
1153 1340 1322 1397 fuisse
1357 1341 1634 1406 instituta,
1664 1356 1733 1396 ex
1759 1356 1826 1396 eo
1849 1342 1989 1411 quod
2022 1341 2230 1398 nullum
2259 1344 2330 1398 sit
2358 1344 2550 1397 horum
2582 1343 2956 1412 vestigium'in
2986 1344 3359 1399 anterioribus
3387 1343 3628 1407 saeculis,

380 1432 542 1489 facile
587 1440 875 1502 reponetur
909 1432 1011 1486 hoc
1036 1430 1322 1500 vestigium
1357 1444 1481 1484 esse
1504 1429 1589 1484 vel
1616 1429 1871 1484 homilias
1902 1444 2091 1484 eorum
2128 1429 2416 1485 occasione
2441 1430 2676 1494 habitas,
2708 1431 2792 1484 vel
2827 1431 3022 1485 horum
3050 1429 3314 1485 festorum
3350 1429 3557 1485 mentio
3585 1429 3638 1484 in

375 1519 717 1576 Calendariis
746 1518 1034 1585 Ecclesiae;
1076 1526 1130 1572 et
1172 1517 1224 1571 in
1262 1517 1431 1572 hocce
1469 1530 1604 1572 casu
1644 1518 1811 1587 quairi
1848 1526 2026 1585 potest
2051 1531 2150 1572 cur
2177 1532 2244 1574 ex
2285 1517 2559 1589 Antipatri
2593 1518 2836 1572 homiliis
2878 1532 2986 1574 non
3033 1517 3457 1574 concluderetur
3487 1525 3635 1571 ante-

379 1607 494 1662 rior
522 1606 716 1660 horum
746 1603 1007 1661 festorum
1034 1601 1380 1659 exsistentia.
1413 1601 1647 1670 Quinam
1690 1602 1884 1658 melior
1911 1604 2277 1661 ratiocinandi
2309 1604 2539 1661 modus?
2581 1597 2814 1671 Qu'inam
2844 1619 2992 1660 sana:
3028 1604 3235 1659 critica:
3264 1603 3642 1660 accommoda-

379 1693 524 1750 tior?
561 1692 755 1749 Utrum
792 1691 985 1748 melius
1015 1700 1094 1747 est
1129 1704 1197 1746 ex
1232 1689 1550 1746 testimonio
1578 1689 1784 1760 scripto
1825 1692 1953 1746 facti
1989 1693 2371 1749 exsistentiam
2411 1690 2759 1758 concludere,
2792 1691 2877 1746 vel
2908 1706 2975 1747 ex
3002 1691 3222 1747 silentio
3254 1690 3508 1755 aliorum,
3538 1690 3638 1745 du-

377 1783 562 1839 bitare
590 1783 659 1838 de
680 1781 1008 1837 exsistentia
1035 1779 1283 1850 ejusdem
1315 1777 1576 1845 facti,vel
1611 1779 1812 1850 scripta
1843 1780 2160 1837 testimonia
2193 1781 2315 1838 falsi
2359 1779 2632 1852 arguere?
2662 1781 2889 1850 Insuper
2917 1780 3076 1837 facile
3104 1781 3291 1835 videre
3324 1788 3408 1834 est
3440 1777 3642 1834 nullius

376 1884 504 1927 esse
548 1869 762 1925 roboris
804 1869 908 1925 hoc
952 1866 1266 1937 negativum
1301 1876 1712 1937 argumentum.
1746 1867 1878 1935 Quae
1908 1878 2039 1924 sunt
2085 1869 2234 1923 enim
2270 1878 2622 1924 monumenta
2656 1884 2721 1924 ex
2752 1883 2985 1938 quorum
3033 1867 3252 1923 silentio
3298 1865 3645 1922 concluditur

377 1957 518 2014 festa
564 1973 671 2014 non
719 1957 968 2012 instituta
994 1955 1204 2011 fuisse?
1247 1955 1323 2011 Ea
1363 1955 1616 2013 videlicet
1643 1971 1767 2027 quae
1815 1957 1883 2012 ad
1946 1956 2223 2013 Ecclesias
2262 1955 2634 2012 occidentales
2681 1956 2769 2012 vel
2811 1955 3110 2011 orientales
3158 1954 3458 2024 pertinent,
3494 1950 3644 2007 nullo

380 2047 543 2100 modo
582 2060 709 2102 vero
749 2044 815 2102 ad
849 2044 1113 2100 Arabicas
1148 2043 1235 2099 vel
1267 2043 1634 2100 Bostrenum.
1668 2042 1897 2100 Etiamsi
1929 2044 2373 2111 concederemus,
2402 2044 2455 2097 in
2487 2042 2751 2098 Ecclesiis
2785 2043 2875 2100 ubi
2912 2047 3135 2099 exstant
3160 2042 3410 2111 quaedam
3445 2055 3641 2096 monu-

378 2143 567 2188 menta
597 2149 662 2188 ex
693 2133 911 2188 silentio
940 2132 1069 2202 quid
1098 2145 1260 2202 posse
1299 2128 1588 2197 concludi,
1625 2130 1923 2193 absurdum
1961 2143 2105 2188 esset
2136 2132 2217 2186 sic
2253 2131 2571 2186 ratiocinari
2614 2133 2681 2187 de
2711 2131 2834 2187 aliis
2865 2149 2879 2187 :
2911 2132 3052 2185 ratio
3090 2140 3174 2185 est
3205 2130 3332 2199 quia
3368 2128 3416 2183 si
3459 2130 3513 2184 in
3541 2128 3641 2182 ali-

379 2236 490 2290 quo
507 2209 704 2275 varius
730 2220 895 2275 fuerit
941 2235 1073 2275 usus
1106 2219 1495 2283 Ecclesiarnm,
1531 2220 1770 2276 maxime
1813 2222 1865 2275 in
1902 2220 2163 2276 festorum
2196 2218 2602 2287 celebratione;
2643 2233 2772 2290 ergo
2799 2232 2866 2275 ex
2901 2234 2968 2274 eo
2996 2220 3139 2289 quod
3187 2218 3403 2287 aliquod
3441 2214 3641 2272 festum

379 2308 560 2363 serius
600 2319 877 2376 receptum
909 2307 1072 2362 fuerit
1105 2307 1162 2361 in
1191 2307 1424 2376 quodam
1458 2307 1601 2375 loco,
1641 2307 1891 2363 concludi
1929 2323 2035 2363 non
2070 2316 2246 2376 potest
2275 2307 2379 2363 hoc
2407 2306 2602 2362 festum
2637 2317 2794 2364 antea
2827 2309 2879 2362 in
2928 2308 3033 2362 alia
3066 2308 3311 2363 Ecclesia
3353 2321 3460 2362 non
3492 2303 3641 2361 cele-

379 2394 595 2449 bratum
631 2394 821 2449 fuisse.

457 2488 599 2545 Addi
643 2488 866 2558 insuper
888 2498 1089 2559 potest,
1123 2497 1507 2561 argumentum
1554 2487 1750 2545 exinde
1788 2488 2020 2560 petitum
2063 2491 2206 2558 quod
2256 2489 2510 2545 deficiant
2540 2489 2803 2557 homiliae,
2853 2490 2921 2546 ad
2968 2489 3402 2547 concludendum
3445 2488 3641 2545 festum

381 2575 660 2647 quoddam
689 2586 797 2629 non
829 2575 1130 2643 exstitisse,
1166 2576 1366 2632 nullius
1397 2588 1521 2630 esse
1553 2576 1789 2633 roboris.
1829 2573 1966 2629 Nam
1995 2578 2062 2630 ad
2095 2575 2309 2646 singula
2339 2576 2476 2630 festa
2509 2592 2613 2631 non
2641 2577 2985 2633 habebantur
3017 2578 3276 2641 homiliae,
3306 2576 3391 2635 vel
3427 2577 3543 2632 ista:
3574 2576 3643 2630 ad

384 2678 487 2719 nos
531 2663 802 2718 universa:
831 2655 940 2718 non
983 2671 1374 2735 pervenerunt.
1407 2662 1465 2718 Si
1497 2663 1621 2718 talis
1656 2663 2040 2718 admitteretur
2089 2667 2249 2730 ratio,
2292 2664 2543 2720 concludi
2579 2672 2763 2735 posset
2813 2664 2867 2720 in
2908 2665 3154 2722 Ecclesia
3178 2664 3463 2720 Bostrensi
3493 2665 3633 2720 festa

384 2751 670 2806 Paschatis
699 2760 757 2807 et
795 2749 1147 2807 Pentecostes
1176 2762 1303 2807 ante
1336 2753 1584 2821 quintum
1614 2751 1873 2806 saeculum
1906 2764 2011 2804 non
2050 2750 2218 2806 fuisse
2257 2753 2529 2820 instituta,
2564 2768 2631 2809 ex
2666 2769 2730 2810 eo
2761 2756 2906 2827 quod
2949 2755 3130 2812 nullus
3156 2756 3228 2811 sit
3253 2756 3319 2811 de
3344 2755 3424 2811 eis
3454 2765 3640 2810 sermo

384 2837 471 2895 vel
511 2838 734 2894 homilia
764 2839 819 2894 in
849 2838 1138 2910 Antipatro
1163 2838 1263 2911 (6).
1303 2840 1411 2896 Sed
1439 2839 1504 2895 de
1528 2840 1616 2896 bis
1639 2839 1773 2895 satis
1803 2852 2076 2909 superque
2106 2839 2332 2896 dictum.

458 3037 535 3120 (4)
574 3035 785 3120 :l‘itulus
812 3047 899 3120 est
927 3037 1192 3120 :‘XXéth.
1246 3035 1458 3120 παλαιὰ
1507 3039 1589 3102 εἰς
1632 3037 1973 3120 Ειῖοεγγέλιον

2074 3107 2086 3120 _
2145 3036 2223 3120 g6)
2262 3037 2729 3120 Anpud‘Qudinlnnt
2765 3038 2802 3094 1.
2838 3054 3082 3120 σεε-ηερε..
3108 3038 3315 3120 uiget.
3343 3036 3483 3119 apud
3507 3033 3644 3120 ila:-

386 3105 533 3163 κατὰ
561 3107 799 3180 ᾼῨομκᾶν.
830 3106 991 3163 Conf.
1019 3105 1230 3165 scholia
1272 3111 1339 3165 ad
1374 3123 1497 3180 cap.
1527 3125 1567 3175 ι,
1598 3124 1652 3167 v.
1690 3105 1969 3180 “seqq”

2072 3105 2343 3180 lesiumiiii
2366 3109 2548 3164 Addit.
2573 3112 2642 3163 ad
2669 3109 2839 3166 Gram.
2863 3105 3116 3165 Biblioth.
3147 3105 3411 3176 Fabricii,
3436 3107 3540 3163 vol.
3576 3105 3644 3173 Χ,

390 3194 516 3249 pag.
554 3179 660 3231 454
695 3192 848 3246 seqq.
1093 3214 1096 3217 λ
1444 3178 1459 3180 “
1867 3178 1882 3180 “
1906 3178 1920 3180 ἡ

463 3249 541 3319 (5)
583 3247 645 3302 L.
684 3261 757 3313 c.,
791 3264 845 3317 ι).
879 3245 1001 3303 565.

763 3193 848 3317 [13.
879 3245 983 3303 565
1093 3214 1096 3217 λ
1444 3178 1459 3180 “
1867 3178 1882 3180 “
1906 3178 1920 3180 ἡ
2073 3192 2194 3248 pag.
2224 3178 2348 3234 519.
