4014 6122
253 279 384 342 i765
1061 273 1391 336 HOMILIA
1432 274 1512 335 IN
1553 276 1998 338 3.10ANNEM
2035 279 2483 358 BAPTISTAM,
2521 282 2680 342 ETC.
3364 285 3502 353 17st

249 407 394 464 μεων
423 387 726 460 τιμιωτέρα
758 389 987 458 φανεῖσα
1023 388 1182 459 Θεῷ;
1221 389 1315 452 Τίς
1349 392 1381 460 ή
1418 391 1510 444 τὸν
1541 392 1826 464 άχὼρητον

1949 394 2202 451 universis
2250 396 2603 452 excellentior
2651 397 2770 453 visa
2814 406 2899 455 est
2957 399 3068 456 Deo
3089 397 3206 472 (2)?
3245 399 3503 470 Quaenam

244 487 304 538 ἐν
332 487 397 553 τῇ
435 481 594 553 νηδύϊ
635 481 874 552 ἐχούσας
905 483 989 546 τίς
1036 485 1068 554 ή
1106 484 1198 536 τὸν
1244 482 1539 554 ἀπρόσιτον
1581 485 1827 554 φέρουσα

1955 497 2036 542 sta
2067 495 2172 554 est,
2199 503 2320 558 quae
2346 499 2504 545 utero
2535 505 2635 546 suo
2661 505 2783 547 eum
2809 493 3072 560 continet,
3097 494 3190 562 qui
3221 497 3366 552 nullo
3386 500 3504 568 capl

246 574 653 643 ὑπογάστριον;
683 574 778 637 Τίς
807 576 838 644 ή
885 574 1253 643 μεσιτεύσασα
1293 575 1371 645 τῷ
1400 574 1505 643 τῆς
1539 575 1826 646 ἀνθρωπό-

1949 581 2054 636 oco
2087 582 2302 650 potest?
2331 581 2594 648 Quaenam
2629 598 2694 638 ea
2725 592 2832 650 est,
2863 599 2986 653 qua:
3032 585 3180 639 illum
3215 589 3307 656 qui
3349 589 3503 644 inac-

246 683 407 735 τητος
444 665 642 736 χόρτῳ,
678 664 739 717 τδ
771 665 882 734 πῦρ
911 667 1158 733 ἐνεγκεῖν
1195 666 1240 697 ¹⁸
1264 665 1367 735 τῆς
1412 665 1697 737 θεότητος;
1729 667 1829 732 Τίς

1949 686 2121 728 :essus
2165 681 2270 740 est,
2320 683 2508 729 ventre
2556 674 2824 730 inclusum
2871 676 3055 746 gerit?
3101 677 3356 743 Quaenam
3404 681 3506 736 ista

248 757 545 828 ἀναγγελεῖ
577 760 643 828 τῇ
688 757 781 810 τοῦ
826 759 1174 828 προπάτορος
1221 757 1396 827 Ἀδὰμ
1430 759 1472 790 ¹¹
1503 761 1725 827 γυναικὶ
1768 760 1832 814 τὸ

1949 773 2032 835 ast,
2072 779 2193 833 quae
2227 766 2519 820 mediatrix
2549 765 2695 822 fteno
2735 767 3090 823 humanitatis
3124 769 3244 835 fuit,
3276 780 3336 825 ut
3363 773 3510 828 ferre

249 848 347 904 νῦν
387 848 710 918 τελούμενον
750 849 1050 918 μυστήριον
1076 866 1091 913 ;
1125 849 1221 910 Τίς
1248 848 1410 914 λέξει,
1439 849 1630 922 ὅτιπερ
1667 853 1700 920 ή
1730 867 1831 904 κα-

1949 833 2118 908 )οἐεει
2162 855 2339 924 ignem
2382 855 2719 912 divinitatis?
2769 856 2902 924 Quis
2940 833 3341 929 protoparentis
3380 863 3510 918 Adae

250 942 512 1011 τάκριτος
545 939 802 1010 ἐλήλυθεν
849 939 998 993 ἔνδον
1044 939 1243 1010 ἔχουσα
1293 940 1384 993 τὸν
1430 942 1625 1012 κριτὴν
1661 943 1706 973 ¹⁶
1737 941 1832 995 καὶ

1949 945 2088 999 ,ιιοτὶ
2137 945 2474 1001 renuntiabit
2520 948 2862 1018 mysterium,
2909 949 3048 1017 quod
3098 965 3240 1004 nunc
3289 951 3510 1020 perﬁci-

251 1034 306 1104 ή,
328 1032 432 1086 Ἐν
447 1033 670 1097 λύπαις
693 1031 846 1104 τέξει
866 1033 907 1064 ¹⁷
929 1031 1132 1096 τέκνα,
1152 1033 1454 1096 ἀκούσασα,
1488 1034 1833 1103 βαστάζουσα

1949 1036 2066 1090 tur?
2093 1036 2225 1102 Quis
2253 1037 2402 1108 (ipsi)
2440 1037 2659 1105 referet,
2699 1039 3003 1106 mulierem,
3031 1055 3153 1111 qua:
3194 1041 3322 1097 olim
3356 1043 3510 1097 dam-

251 1124 588 1194 παρεγένετο
619 1125 713 1178 τὸν
747 1124 844 1195 τῆς
890 1124 1066 1196 λύπης
1098 1127 1233 1194 ήμῖν
1279 1124 1379 1194 τὴν
1412 1124 1580 1194 λύσιν
1621 1125 1831 1187 ὑπαγο-

1949 1135 2062 1179 nata
2114 1125 2312 1192 fuerat,
2345 1142 2490 1182 nunc
2539 1128 2712 1197 ipsum
2755 1127 2993 1196 iudicem
3024 1131 3078 1184 in
3109 1139 3264 1186 utero
3288 1131 3510 1200 habere,

256 1215 524 1286 ρεύονταξ
1698 1272 1718 1287 l
1939 1217 2171 1287 quisque
2198 1218 2325 1273 olim
2353 1218 2483 1273 illud
2513 1221 2832 1284 audieratb,
2853 1220 2919 1274 In
2948 1221 3131 1276 dolore
3152 1225 3324 1291 paries
3347 1225 3510 1292 ﬁlios,

328 1491 502 1546 Βασαὶ
531 1493 628 1562 τῆς
657 1490 857 1562 τιμῆςῐ
893 1489 1067 1543 Βαὸαὶ
1097 1487 1198 1560 τῆς
1241 1487 1454 1558 ἁφάτου
1488 1486 1833 1558 μεταϐολῆςι

253 1584 362 1637 Τοῦ
389 1582 724 1654 παραδείσου
754 1584 782 1635 ὀ
826 1581 958 1644 Θεὸς
987 1579 1220 1652 ἐχώρισε
1257 1580 1351 1632 τὸν
1383 1577 1835 1650 πρωτόπλαστον,

1940 1307 2081 1362 hanc
2107 1310 2264 1362 modo
2290 1309 2410 1363 sinu
2438 1325 2537 1364 suo
2564 1311 2716 1364 illum
2745 1321 2980 1382 gestare,
3010 1313 3100 1382 qui
3131 1315 3288 1369 nobis
3311 1315 3518 1372 doloris

1941 1398 2264 1454 solutionem
2290 1400 2575 1454 annuntiat
2594 1400 2619 1453 ἲ

2011 1489 2154 1545 Proh
2181 1500 2419 1558 quantus
2443 1490 2654 1546 honori
2683 1490 2825 1548 Proh
2863 1490 3150 1548 ineﬂ‘abilis
3191 1508 3372 1550 rerum
3409 1495 3516 1551 ima

1940 1581 2196 1635 mutatio!
2231 1581 2472 1636 Primum
2504 1597 2535 1637 a
2586 1597 2644 1638 se
2681 1584 2961 1639 conditum
2995 1583 3267 1641 hominem
3300 1586 3442 1642 Deus
3483 1603 3518 1643 e

253 1677 350 1729 καὶ
375 1648 538 1726 at.sz
568 1673 848 1744 ἐχώρησεν
879 1674 912 1744 ή
940 1648 1132 1725 τούτου
1161 1648 1466 1740 ἀπόγονοςήι
1507 1669 1566 1724 '0
1587 1670 1838 1740 δέρματα

1949 1671 2194 1739 paradlso
2239 1671 2502 1737 exclusit;
2537 1683 2592 1728 et
2637 1674 2803 1728 Deum
2845 1675 2898 1729 in
2945 1690 3006 1731 se
3045 1677 3311 1733 conclusit
3354 1679 3513 1747 primi

257 1767 437 1839 ράψας
479 1768 538 1820 ἐν
591 1765 930 1836 παραδείσῳ,
980 1768 1036 1818 ἐν
1076 1763 1232 1834 νηδύϊ
1280 1763 1663 1817 καλύπτεταιι
1711 1755 1838 1836 ἐνῇ

253 1859 346 1913 τὸν
377 1860 702 1929 προπάτορα
733 1855 1012 1926 ὀργισθεὶς
1051 1855 1327 1922 ἐξέϐαλεν,
1363 1857 1422 1908 ἐν
1465 1853 1637 1925 ταύτῃ
1670 1853 1842 1908 σπλα-

1945 1762 2182 1819 hominis
2233 1764 2484 1820 soboles!
2539 1765 2640 1832 Qui
2692 1765 2745 1819 in
2798 1767 3054 1835 paradiso
3096 1778 3517 1838 protoparentes

1944 1853 2174 1924 pellibus
2210 1855 2475 1922 contexit,
2510 1854 2916 1926 ipse'virgineis
2951 1860 3260 1929 contegitur
3292 1861 3517 1915 visceri-

253 1933 534 2021 γχνισθεὶξ
563 1947 948 2018 ἐπεδήμησενί
983 1947 1087 1999 Ἦν
1116 1945 1468 2016 κατηράσατο
1495 1945 1619 2015 γῆν,
1638 1943 1841 2014 ταύτην

1949 1944 2072 1999 bus!
2109 1943 2240 2011 Quae
2282 1946 2334 1998 in
2381 1961 2542 2002 causa
2578 1947 2754 2003 fuerat
2803 1958 2860 2003 ut
2893 1949 3206 2020 indignatus
3253 1960 3512 2021 protopa-

253 2043 497 2112 ἐπάτησε
519 2043 585 2112 τῇ
610 2041 729 2111 θείᾳ
752 2040 928 2108 βάσει,
949 2038 1047 2109 τὴν
1071 2038 1346 2106 ἀπόφασιν
1364 2036 1608 2107 ἀκυρῶν,
1635 2037 1836 2106 ἀχράν-

253 2150 370 2197 τοις
403 2134 576 2202 ἴχνεσι
604 2131 908 2201 συντρίϐων
930 2131 1030 2200 τῆς
1055 2129 1329 2200 ἁμαρτίας
1359 2129 1602 2184 ἄκανθαν
1626 2131 1638 2182 i

1946 2043 2153 2088 rentem
2201 2035 2444 2102 ejiceret,
2493 2038 2606 2091 haec
2636 2037 2813 2092 effecit
2840 2048 2901 2093 ut
2935 2039 3310 2094 misericordia
3337 2052 3514 2096 motus

1946 2127 2013 2181 ad
2045 2126 2294 2182 homines
2337 2128 2688 2184 adventaret!
2727 2128 2898 2196 Quam
2951 2140 3270 2186 exsecratus
3313 2140 3514 2187 terram

255 2222 457 2286 fuerat,
503 2222 666 2284 hanc,
708 2220 982 2276 sententia
1029 2218 1122 2274 illa
1163 2218 1359 2285 deleta,
1395 2219 1581 2274 divino
1649 2216 1882 2273 calcavit
1948 2232 2179 2287 gressu,
2224 2219 2440 2282 peccati
2491 2218 2702 2287 spinam
2749 2219 3048 2290 impollutis
3093 2222 3338 2291 vestigiis
3387 2237 3518 2292 pro-

253 2318 475 2374 terens!

323 2416 406 2467 1".
432 2412 617 2466 Ταῦτα
653 2413 902 2467 Ἰωάννου
925 2413 994 2466 τὰ
1019 2415 1397 2486 σκιρτήματα,
1423 2413 1622 2483 μᾶλλον
1652 2413 1708 2466 δὲ
1743 2413 1841 2483 ρή·

2017 2409 2104 2465 lll.
2144 2410 2269 2466 llaec
2298 2410 2398 2465 sibi
2426 2411 2678 2466 volebant
2711 2410 2815 2464 illa
2840 2409 3066 2466 Joannis
3106 2409 3518 2483 easultationes,

258 2523 410 2578 ματα
431 2520 446 2535 ⁶
481 2507 702 2576 ῥήματα
745 2507 855 2576 γὰρ
884 2501 950 2576 ἦν
983 2505 1075 2558 τοῦ
1109 2507 1276 2576 μήπω
1317 2505 1604 2576 τεχθέντος
1650 2505 1840 2567 παιδὸς

1949 2519 2037 2559 seu
2067 2503 2248 2571 potius
2291 2503 2492 2570 verba;
2528 2518 2651 2557 nam
2696 2502 3089 2557 exsultationcs
3135 2500 3240 2556 illa:
3279 2505 3518 2561 nondum

255 2598 327 2651 τά
371 2597 746 2668 σκιρτήματα.
785 2597 883 2659 Τίς
921 2595 980 2662 ἐξ
1031 2597 1228 2661 αἰῶνος
1272 2595 1542 2665 Ἐλλήνων
1587 2597 1644 2648 ἐν
1679 2593 1842 2664 πολιᾷ

260 2687 444 2757 σοφῶν
471 2687 513 2718 ¹⁸
533 2687 797 2751 ἐδίδαξεν.
820 2683 910 2742 οἵα
932 2688 1039 2758 πρὸ
1066 2686 1401 2757 σπαργάνων
1420 2687 1447 2738 ὁ
1467 2685 1781 2756 Πρόδρομος
1799 2685 1841 2716 ¹⁹

260 2778 607 2848 ύπηγόρευσε
630 2796 645 2844 ;
665 2777 904 2831 Τοιαῦτα
924 2779 1035 2848 γάρ
1057 2778 1153 2847 τῆς
1174 2777 1460 2846 παρούσης
1481 2775 1845 2845 πανηγύρεως

1945 2597 2056 2650 nati
2082 2597 2258 2650 instar
2285 2595 2576 2651 verborum
2607 2605 2783 2650 erant.
2821 2594 2956 2662 Quis
2997 2597 3278 2664 gentilium
3313 2599 3521 2667 sapien-

1944 2696 2056 2741 tum
2101 2687 2186 2742 vel
2222 2688 2276 2740 in
2325 2686 2526 2742 canitie
2566 2697 2674 2741 tam
2709 2686 2958 2742 sublimia
3001 2703 3236 2756 unquam
3280 2690 3520 2756 edocuit,

1949 2779 2127 2848 qualia
2160 2779 2245 2834 vel
2273 2789 2560 2848 antequam
2591 2779 2781 2834 fasciis
2819 2778 3186 2833 involveretur
3208 2767 3522 2839 Pracursor

259 2869 329 2923 τά
356 2870 654 2940 μυστήρια,
682 2867 718 2921 ἃ
741 2867 1030 2940 κηρύττειν
1055 2867 1277 2932 ἐθέλων,
1308 2867 1676 2937 εύρεθήσομαι
1698 2864 1843 2935 βυθῷ

1951 2868 2290 2923 enuntiavit?
2325 2869 2604 2939 Ejusmodi
2637 2869 2780 2924 enlm
2834 2877 2964 2924 sunt
3013 2869 3376 2926 solemnitatis
3418 2874 3524 2927 hu-

259 2960 560 3031 θαυμάτων
607 2959 949 3028 ἐγκυὸιστῶν
977 2960 1046 3024 ²⁰,
1093 2959 1186 3012 καὶ
1229 2960 1558 3030 ἀεροπορεῖν
1611 2957 1843 3026 οὐράνια

258 3053 620 3124 διηγούμενος
643 3067 658 3081 ο
693 3053 773 3105 διό
806 3069 895 3122 μοι
927 3051 1178 3117 ἱκετεύω,
1210 3052 1514 3114 Βαπτιστὰ,
1543 3050 1644 3120 τῆς
1672 3048 1842 3118 εὐχῆς

259 3146 499 3199 ἐπιδίδου
527 3145 624 3214 τὴν
648 3145 897 3216 ἄγκυραν
926 3146 994 3208 ³¹,
1023 3144 1118 3198 καὶ
1150 3145 1426 3198 άπταιστα
1453 3143 1577 3198 τάδε
1606 3158 1696 3213 μοι
1723 3141 1842 3195 δια-

261 3235 521 3307 φύλαξον,
572 3235 648 3300 ὡς
681 3237 726 3266 ’⁸
783 3235 935 3306 φωνὴ
981 3235 1291 3305 τυγχάνων,
1343 3232 1454 3287 τῶν
1517 3233 1844 3303 φωνητικιῖΝ

260 3329 512 3398 ὀργάνων
558 3327 627 3380 τὰ
669 3327 1035 3398 αἰσθητήριαο
1073 3326 1374 3387 πιστεύσας
1407 3323 1516 3393 γὰρ
1561 3324 1664 3377 οὐκ
1711 3323 1844 3376 ἀπι-

264 3423 468 3491 στήσας
511 3417 748 3490 ἐλήλυθα
789 3418 850 3471 τὺ
887 3418 995 3470 τῶν
1033 3417 1209 3487 λόγων
1259 3433 1340 3470 σοι
1393 3414 1721 3485 προσφέρων
1753 3413 1848 3468 θυ-

266 3511 470 3581 μίαμα,
501 3502 546 3577 ᾧ
573 3510 620 3541 ⁸⁸
651 3509 747 3562 καὶ
786 3507 1063 3569 πεποιθὼς
1112 3507 1239 3568 τοὺς
1284 3507 1411 3569 σοὺς
1437 3505 1658 3572 ἀγῶνας
1701 3505 1848 3558 ἐκδι-

259 3603 577 3672 ηγήσομαι·
612 3603 660 3652 εί
691 3599 770 3664 δέ,
819 3600 914 3651 καὶ
947 3600 992 3630 ’⁸
1030 3597 1412 3668 ήττηθήσομαι.
1442 3596 1682 3665 χαίρωνο
1718 3597 1845 3665 νίκη

263 3694 386 3764 γάρ.
397 3691 488 3762 μοί
518 3693 635 3744 ἐστι
657 3691 750 3744 τοῦ
773 3690 908 3762 ἐμοῦ
935 3689 1239 3761 προστάτου
1265 3686 1554 3758 νικηθῆναι
1577 3689 1691 3749 τοῖς
1716 3686 1847 3740 θαύ-

268 3799 423 3854 μασι.

339 4058 409 4114 Δ’.
441 4056 736 4129 Ἐγένετο,
783 4054 972 4126 φησὶν,
1008 4051 1078 4108 ἐν
1133 4050 1265 4120 ταῖς
1307 4050 1557 4122 ἡμέραις
1594 4051 1846 4120 Ἡρώδου

268 4150 372 4204 τοῦ
399 4148 726 4215 βασιλέως.
757 4149 935 4215 Μῆτις
961 4148 1030 4216 τῇ
1057 4146 1344 4216 ἐπωνυμίᾳ
1367 4143 1473 4198 τῶν
1499 4143 1847 4214 Εὑαγγελίων

1942 2957 2035 3027 jus
2082 2959 2362 3029 mysteria,
2389 2975 2508 3030 quae
2541 2959 2796 3030 persequi
2827 2959 2873 3015 si
2901 2959 3085 3026 velim,
3133 2961 3522 3017 miraculorum

1939 3049 2317 3118 profunditate
2368 3067 2454 3106 me
2509 3051 2688 3117 obrui,
2731 3052 2970 3120 dumque
3016 3052 3258 3107 coelestia
3300 3069 3525 3120 enarro,

1947 3142 2102 3212 quasi
2139 3157 2235 3212 per
2267 3157 2447 3196 aerem
2498 3143 2650 3212 gradi
2695 3156 2783 3196 me
2818 3143 3074 3198 sentiam.
3127 3145 3418 3213 Quocirca,
3470 3155 3528 3202 te

1947 3248 2098 3301 rogo,
2145 3248 2178 3287 ο
2211 3231 2476 3302 Baptista,
2524 3243 2742 3288 tuarum
2787 3249 3008 3304 precum
3043 3237 3338 3290 anchoram
3388 3237 3522 3292 mihi

1948 3325 2153 3390 tribue;
2185 3331 2240 3378 et
2277 3335 2353 3389 tu,
2387 3335 2573 3393 utpote
2612 3339 2715 3378 vox
2750 3326 3040 3388 exsistens,
3091 3327 3332 3395 integros
3359 3342 3519 3382 serva

1949 3413 2082 3468 mihi
2114 3413 2316 3468 vocalis
2345 3413 2534 3483 organi
2560 3427 2770 3467 sensus.
2795 3412 2957 3468 Certa
2987 3414 3130 3468 enim
3167 3416 3271 3470 fide
3300 3415 3524 3472 innixus-

1947 3521 2011 3561 ac
2039 3506 2171 3560 nihil
2203 3505 2485 3576 ambigens
2517 3505 2745 3570 accessi,
2777 3515 2837 3558 ut
2866 3505 3134 3560 sermonis
3163 3507 3255 3561 tibi
3284 3507 3520 3562 sutum

1946 3599 2168 3653 olferam
2193 3615 2208 3663 ;
2237 3613 2302 3652 ac
2333 3609 2616 3667 pmpterea
2642 3579 2872 3651 fideliter
2908 3608 2996 3652 tua
3031 3599 3327 3653 certamina
3363 3614 3523 3654 enar-

1947 3689 2101 3748 rabo,
2149 3686 2274 3740 inde
2327 3687 2490 3739 etiam
2537 3700 2759 3739 sumens
2809 3697 3185 3752 argumentum
3231 3689 3432 3756 gaudii,
3476 3689 3526 3744 si

1947 3779 2108 3846 longe
2148 3776 2372 3833 inferior
2413 3775 2661 3830 laudibus
2695 3775 2802 3829 tuis
2843 3791 3023 3830 sermo
3057 3793 3208 3832 meus
3251 3782 3525 3847 evaserit;

1954 3872 2133 3926 instar
2188 3868 2334 3923 enim
2375 3867 2615 3921 victoria:
2648 3865 2779 3921 mihi
2819 3874 2923 3930 est,
2971 3867 3114 3934 quod
3152 3871 3365 3936 patroni
3416 3872 3522 3926 mei

1950 3961 2233 4017 miraculis
2264 3960 2471 4012 vincar.

2023 4053 2112 4110 IV.
2154 4051 2304 4118 Fuit,
2341 4048 2536 4118 inquit,
2567 4047 2625 4100 in
2657 4044 2838 4098 diebus
2872 4043 3100 4099 Herodis
3125 4046 3258 4116 regis
3274 4057 3321 4100 α.
3354 4047 3526 4104 Nemo

1952 4147 2042 4203 hic
2071 4145 2140 4200 oh
2163 4142 2442 4198 nominum
2485 4137 2892 4194 similitudinem
2924 4135 2978 4188 in
3013 4133 3322 4205 Evangeliis
3350 4135 3526 4192 inter-

269 4241 449 4312 κλαπῇ
482 4239 579 4312 τὴν
621 4240 900 4310 ἐξήγησιν.
943 4238 1169 4308 Ἕτερος
1211 4237 1321 4306 γὰρ
1361 4238 1390 4289 ὁ
1431 4234 1698 4306 Ἡρώδης,
1739 4238 1767 4290 ὁ
1797 4235 1842 4268 ’⁸

1956 4235 2235 4308 pretandis
2266 4233 2587 4304 decipiatur.
2627 4229 2782 4284 Alius
2821 4230 2964 4284 enim
2994 4228 3098 4284 fuit
3149 4227 3389 4284 Herodes
3428 4230 3525 4301 qui

268 4333 358 4386 τὸν
387 4333 705 4404 Πρόδρομον
752 4330 978 4392 ἀνελὼν,
1008 4331 1102 4383 καὶ
1142 4330 1298 4392 ἄλλος
1335 4323 1490 4392 οὗτος
1539 4327 1786 4410 Ἡρῴδης
1816 4328 1845 4381 ὁ

268 4424 375 4478 τῶν
400 4426 606 4495 νηπίων
624 4423 913 4496 ὲκθερίσας
933 4424 1030 4494 τὴν
1052 4422 1236 4492 χλοίην
1257 4423 1323 4487 ’⁸,
1343 4421 1434 4474 τὸν
1451 4422 1549 4487 τῆς
1565 4419 1848 4483 εὐσεϐείας

271 4519 470 4586 στάχυν
509 4518 552 4548 ³⁷
582 4517 782 4588 ζητῶν.
813 4519 911 4570 Ἐν
934 4515 1064 4580 ταῖς
1086 4515 1276 4566 τούτου
1308 4511 1576 4582 ἡμέραις,
1607 4511 1846 4580 ἐγένετο

270 4608 458 4674 ἱερεύς
488 4626 598 4675 τις,
644 4612 886 4678 ὀνόματι
919 4608 1235 4676 Ζαχαρίας,
1262 4606 1360 4660 καὶ
1393 4606 1432 4674 ἠ
1470 4603 1624 4674 γυνὴ
1657 4604 1843 4658 αὐτοῦ

269 4695 611 4752 Ἐλισιίϐετ·
643 4696 805 4768 ἦσαν
838 4697 906 4750 δὲ
932 4697 1145 4750 δίκαιοι
1171 4697 1526 4764 ἀμφότερον
1564 4694 1844 4747 ἐκοινώνει

269 4788 375 4861 γὰρ
402 4791 518 4861 βίου
551 4791 596 4824 ³⁸
619 4789 906 4852 κοινωνίας
931 4789 990 4842 τὸ
1016 4788 1237 4857 γύναιον
1266 4785 1343 4858 τῷ
1387 4786 1541 4859 ἀνδρὶ
1565 4785 1844 4848 εὐτάκτως

345 4903 528 4960 bGen.
565 4921 647 4971 In,
683 4903 771 4959 16.
847 4914 870 4942 ο
895 4900 1026 4956 Luc.
1059 4919 1096 4968 ι,
1128 4903 1182 4955 6.

1948 4341 2342 4401 praecursorem
2393 4323 2651 4390 sustulit,
2703 4334 2760 4378 et
2805 4324 2945 4378 alius
2988 4320 3233 4376 llerodes
3279 4322 3382 4378 iste
3425 4324 3525 4392 qui

1952 4419 2348 4491 germinantem
2377 4414 2663 4469 infantium
2702 4414 2928 4469 herbam
2964 4413 3211 4478 messuit,
3253 4428 3375 4467 cum
3405 4414 3527 4482 pie-

1955 4511 2080 4564 tatis
2115 4509 2322 4578 spicam
2367 4506 2456 4576 (ud
2499 4507 2712 4574 necem)
2740 4513 3026 4574 quaereret.
3055 4503 3122 4558 In
3151 4504 3335 4558 diebus
3363 4503 3524 4572 hujus

1953 4600 2183 4654 Herodis
2218 4598 2318 4668 fuit
2360 4599 2605 4651 sacerdos
2639 4597 2856 4664 quidam
2883 4596 3094 4650 nomine
3121 4593 3434 4658 Zacharias,
3474 4604 3526 4649 el

1951 4705 2086 4743 uxor
2118 4687 2232 4758 ejus
2267 4685 2558 4739 Elisabeth.
2607 4684 2779 4737 Erant
2821 4696 2994 4738 autem
3022 4683 3148 4750 iusti
3187 4683 3338 4736 ambo
3373 4681 3526 4754 (con-

1951 4779 2168 4836 cordem
2201 4777 2345 4832 enim
2377 4777 2501 4831 vitae
2529 4776 2842 4830 societatem
2871 4788 2995 4828 cum
3025 4774 3143 4827 viro
3173 4773 3366 4828 mulier
3389 4785 3522 4842 age-

1565 4986 1800 5044 VARUE
1858 4983 2259 5042 LECTIONES.

342 5115 384 5146 "
404 5115 468 5168 (3.
502 5115 623 5173 Vat.
661 5118 902 5184 ἐνέγκαι.

273 5185 434 5237 codex
463 5186 579 5253 ejus
602 5188 740 5242 forte
765 5181 996 5240 addebat
1023 5201 1036 5237 :
1066 5183 1162 5237 καὶ
1187 5183 1492 5252 πρόδρομον
1523 5198 1536 5212 ·
1568 5191 1624 5234 at
1649 5181 1750 5233 abs
1781 5194 1857 5232 re.
1971 5181 2012 5209 "
2044 5181 2188 5230 Attic

273 5266 390 5298 ερας
420 5254 534 5298 lum
571 5258 816 5298 Ιρσίιιιης-
928 5255 971 5286 η
998 5254 1167 5298 thl-
1196 5254 1351 5298 πόλει.
1385 5250 1582 5298 σοωῶε.
1691 5251 1732 5282 ¹⁹
1763 5249 1822 5298 Β.
1842 5249 1962 5298 cod.
1989 5246 2188 5298 ὑποδοό

1413 5268 1657 5373 ﬁgi-mm
1691 5251 1741 5386 Ξ)
1763 5249 1822 5370 ιζ’
1842 5249 2464 5372 ἓῖόίίἓῗιξῗρθόιμὲςᾏοάῗο

505 5395 550 5425 ’³
586 5397 754 5450 Artic.
776 5398 803 5448 ὁ
831 5413 858 5448 a
891 5383 1007 5450 vat.
1037 5395 1098 5449 (Σ.
1135 5395 1304 5448 abest.
1381 5391 1427 5422 "
1455 5389 1516 5445 C.
1548 5389 1672 5442 Vat.
1708 5383 1892 5458 χλόην.
1983 5386 2028 5417 ³⁷
2057 5386 2117 5440 C.
2156 5383 2277 5438 Vat.
2310 5383 2568 5453 άστάχυν.

273 5266 390 5325 seos
420 5250 534 5308 loco
571 5258 817 5325 legimus.
928 5255 971 5286 ’⁸
998 5254 1167 5325 Codd.
1196 5250 1351 5325 πολει
1385 5250 1582 5325 σοξρῷς.

272 5318 534 5391 ἄΥΥυριπιν.
623 5318 674 5358 ³³
704 5327 868 5380 Abest
890 5325 966 5386 ὡς
996 5340 1024 5377 a
1056 5322 1115 5378 C.
1153 5323 1312 5376 Barb.

273 5384 428 5443 Bari).
505 5395 550 5425 ”
589 5397 754 5443 Artic.
776 5398 803 5443 ὁ
831 5413 857 5443 a
891 5397 1007 5443 Val.
1037 5395 1098 5443 (Σ.
1135 5395 1304 5443 abest.

274 5460 427 5522 gend.
461 5461 576 5531 βίου
611 5465 918 5520 κοινωνίαν.

1012 5115 1054 5147 ’⁵
1083 5114 1200 5168 Vox
1249 5112 1420 5182 Ἀδάμ
1451 5126 1479 5165 a
1503 5111 1698 5182 codice,
1718 5109 1864 5164 Surii
1900 5105 2403 5182 abfuissevidctur.

2515 5104 2560 5136 "
2595 5101 2788 5158 Surius
2814 5103 2973 5172 addit
2990 5120 3016 5172 τῇ
3030 5112 3079 5156 et
3107 5104 3522 5172 precurs’orem,‘

1971 5179 2012 5209 "
2044 5178 2223 5230 Attice
2257 5174 2527 5245 pruréin,
2575 5174 2716 5245 quod
2764 5174 2902 5245 apud
2945 5170 3305 5245 LXX-inlice
3337 5171 3519 5245 (iane.

2419 5241 2555 5297 "'C.
2599 5244 2758 5296 Bari).
2792 5241 3152 5294 ἐκκυϐιστῶν.
3193 5243 3236 5271 ¹¹
3261 5241 3321 5295 C.
3351 5241 3514 5298 Βθτιιε

2481 5312 2624 5342 ρης-Η
2741 5311 2788 5342 ιι
2824 5311 2979 5342 ΔΙιηοΙ
3027 5313 3072 5342 ει
3120 5310 3177 5342 κδ
3212 5312 3300 5342 ..-ι
3338 5327 3362 5342 ιι
3392 5314 3491 5342 nlla.

2741 5311 2788 5342 ἰ
2815 5311 2984 5381 Abest
3026 5313 3074 5363 si
3120 5310 3178 5363 δὲ
3212 5312 3306 5363 καὶ
3336 5327 3363 5361 a
3391 5314 3512 5366 cod.

2666 5384 2712 5414 ³³
2741 5379 2804 5434 C.
2854 5378 3015 5435 Barb.
3067 5379 3180 5450 βίον
3208 5396 3223 5411 ·
3262 5379 3401 5434 forte
3439 5379 3519 5436 le-

1783 5547 2016 5604 NOTAE.

345 5659 421 5728 (‘2)
459 5661 574 5719 Non
621 5667 816 5721 divina:
857 5676 1063 5721 tantum
1119 5666 1482 5721 maternitatis
1515 5665 1732 5726 decore,
1769 5664 1861 5717 sed
1897 5664 2060 5717 etiam
2103 5663 2351 5730 puritatis
2383 5671 2433 5717 et
2470 5658 2775 5716 sanctitatis
2806 5654 3150 5712 excellentia.
