  <div class='ocr_page' id='page_1' title='image "/cluster/home/n/w/nwhite01/storage/ocr_20150623/85/mdp.39015032042783/897.png"; bbox 0 0 4014 6122; ppageno 0'>
   <div class='ocr_carea' id='block_1_1' title="bbox 525 263 656 328">
    <p class='ocr_par' dir='ltr' id='par_1_1' title="bbox 525 263 656 328">
     <span class='ocr_line' id='line_1_1' title="bbox 525 263 656 328; baseline 0.015 -2"><span class='ocrx_word' id='word_1_1' title='bbox 525 263 656 328; x_wconf 79' lang='grc' dir='ltr'><strong>176Ἰ</strong></span> 
     </span>
    </p>
   </div>
   <div class='ocr_carea' id='block_1_2' title="bbox 1479 249 2796 322">
    <p class='ocr_par' dir='ltr' id='par_1_2' title="bbox 1479 249 2796 322">
     <span class='ocr_line' id='line_1_2' title="bbox 1479 249 2796 322; baseline -0.001 -2"><span class='ocrx_word' id='word_1_2' title='bbox 1479 249 1916 322; x_wconf 75' lang='grc' dir='ltr'><strong>ἈΝΤΙΡΛΤΒΙ</strong></span> <span class='ocrx_word' id='word_1_3' title='bbox 1958 251 2424 318; x_wconf 78' lang='lat' dir='ltr'><strong>BOSTRENSIS</strong></span> <span class='ocrx_word' id='word_1_4' title='bbox 2458 249 2796 319; x_wconf 80' lang='lat' dir='ltr'><strong>EPISCOPI</strong></span> 
     </span>
    </p>
   </div>
   <div class='ocr_carea' id='block_1_3' title="bbox 3657 252 3794 316">
    <p class='ocr_par' dir='ltr' id='par_1_3' title="bbox 3657 252 3794 316">
     <span class='ocr_line' id='line_1_3' title="bbox 3657 252 3794 316; baseline 0 0"><span class='ocrx_word' id='word_1_5' title='bbox 3657 252 3794 316; x_wconf 73' lang='lat'><strong>1763</strong></span> 
     </span>
    </p>
   </div>
   <div class='ocr_carea' id='block_1_4' title="bbox 522 369 2100 450">
    <p class='ocr_par' dir='ltr' id='par_1_4' title="bbox 522 374 2098 448">
     <span class='ocr_line' id='line_1_4' title="bbox 522 374 2098 448; baseline -0.008 -8"><span class='ocrx_word' id='word_1_6' title='bbox 522 387 636 446; x_wconf 82' lang='lat' dir='ltr'><strong>bat,</strong></span> <span class='ocrx_word' id='word_1_7' title='bbox 659 405 662 408; x_wconf 88' lang='lat'><strong><em>-</em></strong></span> <span class='ocrx_word' id='word_1_8' title='bbox 685 381 910 437; x_wconf 87' lang='lat' dir='ltr'><strong>honeste</strong></span> <span class='ocrx_word' id='word_1_9' title='bbox 941 393 1002 434; x_wconf 89' lang='lat' dir='ltr'><strong>se</strong></span> <span class='ocrx_word' id='word_1_10' title='bbox 1047 376 1286 448; x_wconf 80' lang='lat' dir='ltr'><strong>gerens),</strong></span> <span class='ocrx_word' id='word_1_11' title='bbox 1329 375 1514 446; x_wconf 79' lang='lat' dir='ltr'><strong>jugttm</strong></span> <span class='ocrx_word' id='word_1_12' title='bbox 1555 375 1690 444; x_wconf 90' lang='lat' dir='ltr'><strong>legis</strong></span> <span class='ocrx_word' id='word_1_13' title='bbox 1726 374 1984 438; x_wconf 81' lang='lat' dir='ltr'><strong>ferentes,</strong></span> <span class='ocrx_word' id='word_1_14' title='bbox 2011 374 2098 441; x_wconf 86' lang='lat' dir='ltr'><strong>ju-</strong></span> 
     </span>
    </p>
   </div>
   <div class='ocr_carea' id='block_1_5' title="bbox 2210 369 3799 450">
    <p class='ocr_par' dir='ltr' id='par_1_5' title="bbox 2210 369 3799 440">
     <span class='ocr_line' id='line_1_5' title="bbox 2210 369 3799 440; baseline -0.001 -16"><span class='ocrx_word' id='word_1_15' title='bbox 2210 371 2404 436; x_wconf 74' lang='grc' dir='ltr'>5δεῦον,</span> <span class='ocrx_word' id='word_1_16' title='bbox 2441 372 2528 423; x_wconf 64' lang='grc' dir='ltr'><strong>τον</strong></span> <span class='ocrx_word' id='word_1_17' title='bbox 2557 370 2650 423; x_wconf 79' lang='grc' dir='ltr'>τοῦ</span> <span class='ocrx_word' id='word_1_18' title='bbox 2685 372 2848 440; x_wconf 82' lang='grc' dir='ltr'>νόμου</span> <span class='ocrx_word' id='word_1_19' title='bbox 2891 369 3252 440; x_wconf 59' lang='grc' dir='ltr'>βαστάζοντες</span> <span class='ocrx_word' id='word_1_20' title='bbox 3294 370 3482 438; x_wconf 77' lang='grc' dir='ltr'>ζυγὸν,</span> <span class='ocrx_word' id='word_1_21' title='bbox 3515 369 3799 424; x_wconf 78' lang='grc' dir='ltr'>δικαιοσύο</span> 
     </span>
    </p>
   </div>
   <div class='ocr_carea' id='block_1_6' title="bbox 525 465 2100 535">
    <p class='ocr_par' dir='ltr' id='par_1_6' title="bbox 525 465 2100 535">
     <span class='ocr_line' id='line_1_6' title="bbox 525 465 2100 535; baseline -0.006 -5"><span class='ocrx_word' id='word_1_22' title='bbox 525 475 674 530; x_wconf 87' lang='lat' dir='ltr'><strong>stitia</strong></span> <span class='ocrx_word' id='word_1_23' title='bbox 723 473 1085 535; x_wconf 81' lang='lat' dir='ltr'><strong>abundantes,</strong></span> <span class='ocrx_word' id='word_1_24' title='bbox 1131 470 1333 524; x_wconf 86' lang='lat' dir='ltr'><strong>liberos</strong></span> <span class='ocrx_word' id='word_1_25' title='bbox 1380 483 1486 522; x_wconf 87' lang='lat' dir='ltr'><strong>non</strong></span> <span class='ocrx_word' id='word_1_26' title='bbox 1536 467 1820 522; x_wconf 75' lang='lat' dir='ltr'><strong>habentes.</strong></span> <span class='ocrx_word' id='word_1_27' title='bbox 1872 465 2100 521; x_wconf 85' lang='lat' dir='ltr'><strong>Matrice</strong></span> 
     </span>
    </p>
   </div>
   <div class='ocr_carea' id='block_1_7' title="bbox 523 556 2101 632">
    <p class='ocr_par' dir='ltr' id='par_1_7' title="bbox 523 556 2101 632">
     <span class='ocr_line' id='line_1_7' title="bbox 523 556 2101 632; baseline -0.006 -13"><span class='ocrx_word' id='word_1_28' title='bbox 523 565 669 620; x_wconf 83' lang='lat' dir='ltr'><strong>enim</strong></span> <span class='ocrx_word' id='word_1_29' title='bbox 715 564 873 632; x_wconf 87' lang='lat' dir='ltr'><strong>longo</strong></span> <span class='ocrx_word' id='word_1_30' title='bbox 925 565 1104 616; x_wconf 67' lang='lat' dir='ltr'><strong>aetatis</strong></span> <span class='ocrx_word' id='word_1_31' title='bbox 1155 575 1415 629; x_wconf 54' lang='lat' dir='ltr'><strong>procesau</strong></span> <span class='ocrx_word' id='word_1_32' title='bbox 1465 558 1765 622; x_wconf 79' lang='lat' dir='ltr'><strong>debilitata,</strong></span> <span class='ocrx_word' id='word_1_33' title='bbox 1817 556 1938 612; x_wconf 86' lang='lat' dir='ltr'><strong>sine</strong></span> <span class='ocrx_word' id='word_1_34' title='bbox 1975 557 2101 610; x_wconf 86' lang='lat' dir='ltr'><strong>ﬁliis</strong></span> 
     </span>
    </p>
   </div>
   <div class='ocr_carea' id='block_1_8' title="bbox 525 650 2099 714">
    <p class='ocr_par' dir='ltr' id='par_1_8' title="bbox 525 650 2099 714">
     <span class='ocr_line' id='line_1_8' title="bbox 525 650 2099 714; baseline -0.009 -2"><span class='ocrx_word' id='word_1_35' title='bbox 525 657 800 712; x_wconf 84' lang='lat' dir='ltr'><strong>Elisabetb</strong></span> <span class='ocrx_word' id='word_1_36' title='bbox 830 662 950 706; x_wconf 86' lang='lat' dir='ltr'><strong>erat</strong></span> <span class='ocrx_word' id='word_1_37' title='bbox 981 663 1035 706; x_wconf 87' lang='lat' dir='ltr'><strong>et</strong></span> <span class='ocrx_word' id='word_1_38' title='bbox 1063 652 1286 705; x_wconf 85' lang='lat' dir='ltr'><strong>sterilis.</strong></span> <span class='ocrx_word' id='word_1_39' title='bbox 1321 650 1486 703; x_wconf 84' lang='lat' dir='ltr'><strong>Ambo</strong></span> <span class='ocrx_word' id='word_1_40' title='bbox 1525 658 1705 703; x_wconf 90' lang='lat' dir='ltr'><strong>autem</strong></span> <span class='ocrx_word' id='word_1_41' title='bbox 1738 655 2099 714; x_wconf 72' lang='lat' dir='ltr'><strong>processerant</strong></span> 
     </span>
    </p>
   </div>
   <div class='ocr_carea' id='block_1_9' title="bbox 522 738 2101 805">
    <p class='ocr_par' dir='ltr' id='par_1_9' title="bbox 522 738 2101 805">
     <span class='ocr_line' id='line_1_9' title="bbox 522 738 2101 805; baseline -0.008 -6"><span class='ocrx_word' id='word_1_42' title='bbox 522 748 577 799; x_wconf 85' lang='lat' dir='ltr'><strong>in</strong></span> <span class='ocrx_word' id='word_1_43' title='bbox 603 746 784 798; x_wconf 78' lang='lat' dir='ltr'><strong>diebus</strong></span> <span class='ocrx_word' id='word_1_44' title='bbox 813 741 990 795; x_wconf 74' lang='lat' dir='ltr'><strong>suisd.</strong></span> <span class='ocrx_word' id='word_1_45' title='bbox 1037 741 1113 794; x_wconf 74' lang='lat' dir='ltr'><strong>Ex</strong></span> <span class='ocrx_word' id='word_1_46' title='bbox 1140 751 1346 795; x_wconf 75' lang='lat' dir='ltr'><strong>natura:</strong></span> <span class='ocrx_word' id='word_1_47' title='bbox 1391 738 1724 802; x_wconf 86' lang='lat' dir='ltr'><strong>conditione,</strong></span> <span class='ocrx_word' id='word_1_48' title='bbox 1767 738 1964 805; x_wconf 85' lang='lat' dir='ltr'><strong>inquit,</strong></span> <span class='ocrx_word' id='word_1_49' title='bbox 2012 749 2101 788; x_wconf 90' lang='lat' dir='ltr'><strong>so-</strong></span> 
     </span>
    </p>
   </div>
   <div class='ocr_carea' id='block_1_10' title="bbox 522 838 2103 903">
    <p class='ocr_par' dir='ltr' id='par_1_10' title="bbox 522 838 2103 903">
     <span class='ocr_line' id='line_1_10' title="bbox 522 838 2103 903; baseline -0.007 -11"><span class='ocrx_word' id='word_1_50' title='bbox 522 838 660 892; x_wconf 80' lang='lat' dir='ltr'><strong>bolis</strong></span> <span class='ocrx_word' id='word_1_51' title='bbox 699 846 856 890; x_wconf 88' lang='lat' dir='ltr'><strong>erant</strong></span> <span class='ocrx_word' id='word_1_52' title='bbox 901 845 1174 903; x_wconf 81' lang='lat' dir='ltr'><strong>expertes,</strong></span> <span class='ocrx_word' id='word_1_53' title='bbox 1225 842 1280 887; x_wconf 92' lang='lat' dir='ltr'><strong>et</strong></span> <span class='ocrx_word' id='word_1_54' title='bbox 1316 847 1438 886; x_wconf 90' lang='lat' dir='ltr'><strong>cum</strong></span> <span class='ocrx_word' id='word_1_55' title='bbox 1467 840 1687 901; x_wconf 85' lang='lat' dir='ltr'><strong>propter</strong></span> <span class='ocrx_word' id='word_1_56' title='bbox 1721 839 1934 884; x_wconf 64' lang='lat' dir='ltr'><strong>aetatem</strong></span> <span class='ocrx_word' id='word_1_57' title='bbox 1977 842 2103 899; x_wconf 87' lang='lat' dir='ltr'><strong>pro-</strong></span> 
     </span>
    </p>
   </div>
   <div class='ocr_carea' id='block_1_11' title="bbox 521 919 2104 991">
    <p class='ocr_par' dir='ltr' id='par_1_11' title="bbox 521 919 2104 991">
     <span class='ocr_line' id='line_1_11' title="bbox 521 919 2104 991; baseline -0.009 -6"><span class='ocrx_word' id='word_1_58' title='bbox 521 930 880 985; x_wconf 84' lang='lat' dir='ltr'><strong>creandorum</strong></span> <span class='ocrx_word' id='word_1_59' title='bbox 906 927 1140 982; x_wconf 88' lang='lat' dir='ltr'><strong>ﬁliorum</strong></span> <span class='ocrx_word' id='word_1_60' title='bbox 1165 925 1447 979; x_wconf 89' lang='lat' dir='ltr'><strong>deﬁnitum</strong></span> <span class='ocrx_word' id='word_1_61' title='bbox 1471 933 1686 991; x_wconf 86' lang='lat' dir='ltr'><strong>tempus</strong></span> <span class='ocrx_word' id='word_1_62' title='bbox 1709 919 1943 975; x_wconf 77' lang='lat' dir='ltr'><strong>fuissent</strong></span> <span class='ocrx_word' id='word_1_63' title='bbox 1967 933 2104 987; x_wconf 63' lang='lat' dir='ltr'><strong>pra:-</strong></span> 
     </span>
    </p>
   </div>
   <div class='ocr_carea' id='block_1_12' title="bbox 523 1011 2101 1090">
    <p class='ocr_par' dir='ltr' id='par_1_12' title="bbox 523 1011 2101 1090">
     <span class='ocr_line' id='line_1_12' title="bbox 523 1011 2101 1090; baseline -0.008 -16"><span class='ocrx_word' id='word_1_64' title='bbox 523 1018 805 1090; x_wconf 90' lang='lat' dir='ltr'><strong>tergressi,</strong></span> <span class='ocrx_word' id='word_1_65' title='bbox 840 1033 947 1072; x_wconf 92' lang='lat' dir='ltr'><strong>non</strong></span> <span class='ocrx_word' id='word_1_66' title='bbox 977 1018 1196 1087; x_wconf 87' lang='lat' dir='ltr'><strong>quidem</strong></span> <span class='ocrx_word' id='word_1_67' title='bbox 1228 1029 1377 1084; x_wconf 87' lang='lat' dir='ltr'><strong>spem</strong></span> <span class='ocrx_word' id='word_1_68' title='bbox 1403 1013 1748 1081; x_wconf 76' lang='lat' dir='ltr'><strong>abjicientes,</strong></span> <span class='ocrx_word' id='word_1_69' title='bbox 1776 1011 1870 1065; x_wconf 88' lang='lat' dir='ltr'><strong>sed</strong></span> <span class='ocrx_word' id='word_1_70' title='bbox 1902 1017 2101 1064; x_wconf 84' lang='lat' dir='ltr'><strong>statam</strong></span> 
     </span>
    </p>
   </div>
   <div class='ocr_carea' id='block_1_13' title="bbox 519 1099 2102 1181">
    <p class='ocr_par' dir='ltr' id='par_1_13' title="bbox 519 1099 2102 1181">
     <span class='ocr_line' id='line_1_13' title="bbox 519 1099 2102 1181; baseline -0.007 -15"><span class='ocrx_word' id='word_1_71' title='bbox 519 1113 732 1167; x_wconf 64' lang='lat' dir='ltr'><strong>caeteris</strong></span> <span class='ocrx_word' id='word_1_72' title='bbox 772 1111 942 1181; x_wconf 81' lang='lat' dir='ltr'><strong>legem</strong></span> <span class='ocrx_word' id='word_1_73' title='bbox 974 1110 1301 1164; x_wconf 85' lang='lat' dir='ltr'><strong>excedentes</strong></span> <span class='ocrx_word' id='word_1_74' title='bbox 1354 1099 2102 1173; x_wconf 80' lang='lat' dir='ltr'><strong>secundum-quodammodo</strong></span> 
     </span>
    </p>
   </div>
   <div class='ocr_carea' id='block_1_14' title="bbox 2208 463 3798 534">
    <p class='ocr_par' dir='ltr' id='par_1_14' title="bbox 2208 463 3798 534">
     <span class='ocr_line' id='line_1_14' title="bbox 2208 463 3798 534; baseline -0.001 -17"><span class='ocrx_word' id='word_1_75' title='bbox 2208 481 2306 534; x_wconf 85' lang='grc' dir='ltr'><strong>νην</strong></span> <span class='ocrx_word' id='word_1_76' title='bbox 2351 463 2734 533; x_wconf 75' lang='grc' dir='ltr'><strong>εὐποροῦντες,</strong></span> <span class='ocrx_word' id='word_1_77' title='bbox 2783 463 2980 526; x_wconf 82' lang='grc' dir='ltr'>παῖδας</span> <span class='ocrx_word' id='word_1_78' title='bbox 3021 464 3123 516; x_wconf 74' lang='grc' dir='ltr'><strong>οὐκ</strong></span> <span class='ocrx_word' id='word_1_79' title='bbox 3154 463 3393 534; x_wconf 76' lang='grc' dir='ltr'>ἔχοντες.</span> <span class='ocrx_word' id='word_1_80' title='bbox 3436 463 3798 534; x_wconf 85' lang='grc' dir='ltr'>Πηρωθείσης</span> 
     </span>
    </p>
   </div>
   <div class='ocr_carea' id='block_1_15' title="bbox 2209 550 3799 623">
    <p class='ocr_par' dir='ltr' id='par_1_15' title="bbox 2209 550 3799 623">
     <span class='ocr_line' id='line_1_15' title="bbox 2209 550 3799 623; baseline 0 -18"><span class='ocrx_word' id='word_1_81' title='bbox 2209 553 2317 622; x_wconf 82' lang='grc' dir='ltr'>γὰρ</span> <span class='ocrx_word' id='word_1_82' title='bbox 2353 552 2454 622; x_wconf 83' lang='grc' dir='ltr'>τῆς</span> <span class='ocrx_word' id='word_1_83' title='bbox 2500 553 2714 623; x_wconf 82' lang='grc' dir='ltr'><strong>μήτρας</strong></span> <span class='ocrx_word' id='word_1_84' title='bbox 2748 552 2792 582; x_wconf 75' lang='grc'><em>³³</em></span> <span class='ocrx_word' id='word_1_85' title='bbox 2839 552 2917 621; x_wconf 82' lang='grc' dir='ltr'>τῷ</span> <span class='ocrx_word' id='word_1_86' title='bbox 2943 550 3038 604; x_wconf 79' lang='grc' dir='ltr'>τοῦ</span> <span class='ocrx_word' id='word_1_87' title='bbox 3086 553 3281 623; x_wconf 83' lang='grc' dir='ltr'>χρόνου</span> <span class='ocrx_word' id='word_1_88' title='bbox 3328 552 3521 623; x_wconf 80' lang='grc' dir='ltr'>μήκει,</span> <span class='ocrx_word' id='word_1_89' title='bbox 3569 551 3799 622; x_wconf 80' lang='grc' dir='ltr'>ἅπαιςὴ</span> 
     </span>
    </p>
   </div>
   <div class='ocr_carea' id='block_1_16' title="bbox 2221 637 3802 713">
    <p class='ocr_par' dir='ltr' id='par_1_16' title="bbox 2221 637 3802 713">
     <span class='ocr_line' id='line_1_16' title="bbox 2221 637 3802 713; baseline 0 -18"><span class='ocrx_word' id='word_1_90' title='bbox 2221 641 2504 695; x_wconf 85' lang='grc' dir='ltr'>Ἐλισάϐετ</span> <span class='ocrx_word' id='word_1_91' title='bbox 2539 643 2634 695; x_wconf 76' lang='grc' dir='ltr'>καὶ</span> <span class='ocrx_word' id='word_1_92' title='bbox 2676 641 2866 713; x_wconf 89' lang='grc' dir='ltr'>στείρα</span> <span class='ocrx_word' id='word_1_93' title='bbox 2890 637 2960 713; x_wconf 80' lang='grc' dir='ltr'>ἦν</span> <span class='ocrx_word' id='word_1_94' title='bbox 2979 659 2992 672; x_wconf 88' lang='grc'><strong>·</strong></span> <span class='ocrx_word' id='word_1_95' title='bbox 3022 642 3378 711; x_wconf 64' lang='grc' dir='ltr'>Ἀμφότεροι</span> <span class='ocrx_word' id='word_1_96' title='bbox 3415 642 3473 696; x_wconf 78' lang='grc' dir='ltr'>δὲ</span> <span class='ocrx_word' id='word_1_97' title='bbox 3504 643 3802 711; x_wconf 62' lang='grc' dir='ltr'>προϐεϐητ-</span> 
     </span>
    </p>
   </div>
   <div class='ocr_carea' id='block_1_17' title="bbox 2209 731 3800 805">
    <p class='ocr_par' dir='ltr' id='par_1_17' title="bbox 2209 731 3800 805">
     <span class='ocr_line' id='line_1_17' title="bbox 2209 731 3800 805; baseline -0.001 -16"><span class='ocrx_word' id='word_1_98' title='bbox 2209 737 2380 800; x_wconf 84' lang='grc' dir='ltr'>κότες</span> <span class='ocrx_word' id='word_1_99' title='bbox 2419 731 2582 805; x_wconf 78' lang='grc' dir='ltr'>ἦσαν</span> <span class='ocrx_word' id='word_1_100' title='bbox 2608 733 2656 766; x_wconf 83' lang='grc'>³⁰</span> <span class='ocrx_word' id='word_1_101' title='bbox 2683 735 2752 788; x_wconf 79' lang='grc' dir='ltr'>ἐν</span> <span class='ocrx_word' id='word_1_102' title='bbox 2801 735 2931 801; x_wconf 84' lang='grc' dir='ltr'>ταῖς</span> <span class='ocrx_word' id='word_1_103' title='bbox 2969 733 3214 804; x_wconf 79' lang='grc' dir='ltr'><strong>ἡμέραις</strong></span> <span class='ocrx_word' id='word_1_104' title='bbox 3265 735 3486 790; x_wconf 80' lang='grc' dir='ltr'><strong>αὐτῶν.</strong></span> <span class='ocrx_word' id='word_1_105' title='bbox 3517 737 3800 800; x_wconf 82' lang='grc' dir='ltr'>Ἀτεκνοι,</span> 
     </span>
    </p>
   </div>
   <div class='ocr_carea' id='block_1_18' title="bbox 2211 827 3804 899">
    <p class='ocr_par' dir='ltr' id='par_1_18' title="bbox 2211 827 3804 899">
     <span class='ocr_line' id='line_1_18' title="bbox 2211 827 3804 899; baseline -0.001 -19"><span class='ocrx_word' id='word_1_106' title='bbox 2211 829 2366 899; x_wconf 71' lang='grc' dir='ltr'>φησὶ,</span> <span class='ocrx_word' id='word_1_107' title='bbox 2391 828 2648 896; x_wconf 75' lang='grc' dir='ltr'>γεγόνασι</span> <span class='ocrx_word' id='word_1_108' title='bbox 2670 827 2851 896; x_wconf 84' lang='grc' dir='ltr'>φύσει,</span> <span class='ocrx_word' id='word_1_109' title='bbox 2880 828 2980 880; x_wconf 77' lang='grc' dir='ltr'>καὶ</span> <span class='ocrx_word' id='word_1_110' title='bbox 3002 829 3179 898; x_wconf 85' lang='grc' dir='ltr'>χρόνῳ</span> <span class='ocrx_word' id='word_1_111' title='bbox 3206 828 3305 898; x_wconf 80' lang='grc' dir='ltr'>τῆς</span> <span class='ocrx_word' id='word_1_112' title='bbox 3328 827 3678 891; x_wconf 85' lang='grc' dir='ltr'>παιδοποιίας</span> <span class='ocrx_word' id='word_1_113' title='bbox 3703 829 3804 899; x_wconf 80' lang='grc' dir='ltr'>τὴν</span> 
     </span>
    </p>
   </div>
   <div class='ocr_carea' id='block_1_19' title="bbox 2210 919 3804 990">
    <p class='ocr_par' dir='ltr' id='par_1_19' title="bbox 2210 919 3804 990">
     <span class='ocr_line' id='line_1_19' title="bbox 2210 919 3804 990; baseline 0 -19"><span class='ocrx_word' id='word_1_114' title='bbox 2210 919 2443 988; x_wconf 80' lang='grc' dir='ltr'>νομικὴν</span> <span class='ocrx_word' id='word_1_115' title='bbox 2467 919 2780 983; x_wconf 80' lang='grc' dir='ltr'>ἀλώσαντες</span> <span class='ocrx_word' id='word_1_116' title='bbox 2803 920 2869 985; x_wconf 87' lang='grc'>³¹,</span> <span class='ocrx_word' id='word_1_117' title='bbox 2900 921 2962 972; x_wconf 81' lang='grc' dir='ltr'>οὐ</span> <span class='ocrx_word' id='word_1_118' title='bbox 2985 919 3084 990; x_wconf 82' lang='grc' dir='ltr'><strong>τὴν</strong></span> <span class='ocrx_word' id='word_1_119' title='bbox 3107 919 3320 983; x_wconf 81' lang='grc' dir='ltr'>ἐλπίδα,</span> <span class='ocrx_word' id='word_1_120' title='bbox 3355 921 3495 974; x_wconf 72' lang='grc' dir='ltr'>ἀλλὰ</span> <span class='ocrx_word' id='word_1_121' title='bbox 3515 922 3607 974; x_wconf 77' lang='grc' dir='ltr'><strong>τὸν</strong></span> <span class='ocrx_word' id='word_1_122' title='bbox 3637 921 3804 990; x_wconf 79' lang='grc' dir='ltr'>νόμον</span> 
     </span>
    </p>
   </div>
   <div class='ocr_carea' id='block_1_20' title="bbox 2210 1010 3805 1085">
    <p class='ocr_par' dir='ltr' id='par_1_20' title="bbox 2210 1010 3805 1085">
     <span class='ocr_line' id='line_1_20' title="bbox 2210 1010 3805 1085; baseline 0.002 -22"><span class='ocrx_word' id='word_1_123' title='bbox 2210 1010 2599 1077; x_wconf 80' lang='grc' dir='ltr'><strong>ἀπολέσαντες,</strong></span> <span class='ocrx_word' id='word_1_124' title='bbox 2652 1011 2906 1084; x_wconf 87' lang='grc' dir='ltr'>δεύτερον</span> <span class='ocrx_word' id='word_1_125' title='bbox 2943 1013 2986 1044; x_wconf 84' lang='grc'><strong>³¹</strong></span> <span class='ocrx_word' id='word_1_126' title='bbox 3019 1015 3212 1083; x_wconf 79' lang='grc' dir='ltr'>χρόνον</span> <span class='ocrx_word' id='word_1_127' title='bbox 3257 1014 3348 1066; x_wconf 86' lang='grc' dir='ltr'><strong>τὸν</strong></span> <span class='ocrx_word' id='word_1_128' title='bbox 3391 1014 3594 1085; x_wconf 81' lang='grc' dir='ltr'>τρόπον</span> <span class='ocrx_word' id='word_1_129' title='bbox 3637 1015 3805 1081; x_wconf 78' lang='grc' dir='ltr'>ἐκτή-</span> 
     </span>
    </p>
   </div>
   <div class='ocr_carea' id='block_1_21' title="bbox 2212 1103 3803 1177">
    <p class='ocr_par' dir='ltr' id='par_1_21' title="bbox 2212 1103 3803 1177">
     <span class='ocr_line' id='line_1_21' title="bbox 2212 1103 3803 1177; baseline 0.004 -24"><span class='ocrx_word' id='word_1_130' title='bbox 2212 1119 2393 1157; x_wconf 85' lang='grc' dir='ltr'>σαντο.</span> <span class='ocrx_word' id='word_1_131' title='bbox 2441 1103 2720 1168; x_wconf 79' lang='grc' dir='ltr'>Ἐξὲλιπεν</span> <span class='ocrx_word' id='word_1_132' title='bbox 2755 1105 2964 1177; x_wconf 77' lang='grc' dir='ltr'>ήγονὴ,</span> <span class='ocrx_word' id='word_1_133' title='bbox 2998 1105 3112 1159; x_wconf 82' lang='grc' dir='ltr'>ἀλλ’</span> <span class='ocrx_word' id='word_1_134' title='bbox 3145 1107 3247 1159; x_wconf 76' lang='grc' dir='ltr'><strong>οὐκ</strong></span> <span class='ocrx_word' id='word_1_135' title='bbox 3276 1108 3538 1176; x_wconf 80' lang='grc' dir='ltr'>ὴτόνησεν</span> <span class='ocrx_word' id='word_1_136' title='bbox 3569 1109 3601 1175; x_wconf 81' lang='grc' dir='ltr'>ἡ</span> <span class='ocrx_word' id='word_1_137' title='bbox 3638 1107 3803 1175; x_wconf 76' lang='grc' dir='ltr'><strong>εὐχή.</strong></span> 
     </span>
    </p>
   </div>
   <div class='ocr_carea' id='block_1_22' title="bbox 523 1195 3804 1279">
    <p class='ocr_par' dir='ltr' id='par_1_22' title="bbox 523 1195 3804 1279">
     <span class='ocr_line' id='line_1_22' title="bbox 523 1195 3804 1279; baseline -0.001 -18"><span class='ocrx_word' id='word_1_138' title='bbox 523 1218 734 1279; x_wconf 88' lang='lat' dir='ltr'><strong>tempus</strong></span> <span class='ocrx_word' id='word_1_139' title='bbox 766 1205 1141 1278; x_wconf 66' lang='lat' dir='ltr'><strong>(procreanda:</strong></span> <span class='ocrx_word' id='word_1_140' title='bbox 1169 1203 1396 1269; x_wconf 81' lang='lat' dir='ltr'><strong>sobolis)</strong></span> <span class='ocrx_word' id='word_1_141' title='bbox 1425 1200 1572 1255; x_wconf 90' lang='lat' dir='ltr'><strong>nacti</strong></span> <span class='ocrx_word' id='word_1_142' title='bbox 1614 1207 1764 1253; x_wconf 89' lang='lat' dir='ltr'><strong>sunt.</strong></span> <span class='ocrx_word' id='word_1_143' title='bbox 1831 1195 2132 1266; x_wconf 83' lang='lat' dir='ltr'><strong>Elanguida</strong></span> <span class='ocrx_word' id='word_1_144' title='bbox 2172 1207 2289 1249; x_wconf 87' lang='lat' dir='ltr'><strong>erat</strong></span> <span class='ocrx_word' id='word_1_145' title='bbox 2329 1198 2627 1266; x_wconf 78' lang='lat' dir='ltr'><strong>generandi</strong></span> <span class='ocrx_word' id='word_1_146' title='bbox 2658 1200 2865 1266; x_wconf 84' lang='lat' dir='ltr'><strong>virtus;</strong></span> <span class='ocrx_word' id='word_1_147' title='bbox 2913 1210 2970 1254; x_wconf 93' lang='lat' dir='ltr'><strong>at</strong></span> <span class='ocrx_word' id='word_1_148' title='bbox 3021 1199 3237 1255; x_wconf 89' lang='lat' dir='ltr'><strong>inﬁrma</strong></span> <span class='ocrx_word' id='word_1_149' title='bbox 3289 1217 3394 1256; x_wconf 91' lang='lat' dir='ltr'><strong>non</strong></span> <span class='ocrx_word' id='word_1_150' title='bbox 3461 1203 3676 1257; x_wconf 86' lang='lat' dir='ltr'><strong>exstitit</strong></span> <span class='ocrx_word' id='word_1_151' title='bbox 3721 1203 3804 1257; x_wconf 81' lang='lat' dir='ltr'><strong>vis</strong></span> 
     </span>
    </p>
   </div>
   <div class='ocr_carea' id='block_1_23' title="bbox 559 1314 763 1355">
    <p class='ocr_par' dir='ltr' id='par_1_23' title="bbox 559 1314 763 1355">
     <span class='ocr_line' id='line_1_23' title="bbox 559 1314 763 1355; baseline -0.005 -2"><span class='ocrx_word' id='word_1_152' title='bbox 559 1314 740 1355; x_wconf 89' lang='lat' dir='ltr'><strong>recum</strong></span> <span class='ocrx_word' id='word_1_153' title='bbox 749 1338 763 1353; x_wconf 87' lang='lat'><strong>.</strong></span> 
     </span>
    </p>
   </div>
   <div class='ocr_carea' id='block_1_24' title="bbox 519 1313 2102 1451">
    <p class='ocr_par' dir='ltr' id='par_1_24' title="bbox 519 1313 2102 1451">
     <span class='ocr_line' id='line_1_24' title="bbox 559 1314 763 1355; baseline -0.005 -2"><span class='ocrx_word' id='word_1_154' title='bbox 559 1314 763 1355; x_wconf 90' lang='lat' dir='ltr'><strong>recum.</strong></span> 
     </span>
     <span class='ocr_line' id='line_1_25' title="bbox 519 1313 2102 1451; baseline -0.008 -6"><span class='ocrx_word' id='word_1_155' title='bbox 519 1313 558 1371; x_wconf 66' lang='grc' dir='ltr'><strong>Ρ</strong></span> <span class='ocrx_word' id='word_1_156' title='bbox 594 1390 658 1446; x_wconf 78' lang='grc' dir='ltr'>ν.</span> <span class='ocrx_word' id='word_1_157' title='bbox 701 1389 927 1444; x_wconf 86' lang='lat' dir='ltr'><strong>Factum</strong></span> <span class='ocrx_word' id='word_1_158' title='bbox 970 1399 1044 1442; x_wconf 77' lang='lat' dir='ltr'><strong>est</strong></span> <span class='ocrx_word' id='word_1_159' title='bbox 1089 1399 1260 1442; x_wconf 84' lang='lat' dir='ltr'><strong>autem</strong></span> <span class='ocrx_word' id='word_1_160' title='bbox 1297 1403 1416 1440; x_wconf 87' lang='lat' dir='ltr'><strong>cum</strong></span> <span class='ocrx_word' id='word_1_161' title='bbox 1449 1383 1748 1439; x_wconf 78' lang='lat' dir='ltr'><strong>sacerdotio</strong></span> <span class='ocrx_word' id='word_1_162' title='bbox 1792 1382 2102 1451; x_wconf 79' lang='lat' dir='ltr'><strong>fungeretur</strong></span> 
     </span>
    </p>
   </div>
   <div class='ocr_carea' id='block_1_25' title="bbox 2283 1377 3804 1454">
    <p class='ocr_par' dir='ltr' id='par_1_25' title="bbox 2283 1377 3804 1454">
     <span class='ocr_line' id='line_1_26' title="bbox 2283 1377 3804 1454; baseline 0.006 -24"><span class='ocrx_word' id='word_1_163' title='bbox 2283 1377 2358 1431; x_wconf 87' lang='lat' dir='ltr'><strong>E&#39;.</strong></span> <span class='ocrx_word' id='word_1_164' title='bbox 2389 1377 2664 1448; x_wconf 61' lang='grc' dir='ltr'>Ἐγένετο</span> <span class='ocrx_word' id='word_1_165' title='bbox 2702 1378 2772 1433; x_wconf 77' lang='grc' dir='ltr'>δὲ</span> <span class='ocrx_word' id='word_1_166' title='bbox 2803 1379 2850 1413; x_wconf 82' lang='grc'><em>³³</em></span> <span class='ocrx_word' id='word_1_167' title='bbox 2871 1381 2942 1434; x_wconf 75' lang='grc' dir='ltr'>ἐν</span> <span class='ocrx_word' id='word_1_168' title='bbox 2964 1381 3046 1446; x_wconf 81' lang='grc' dir='ltr'>τῷ</span> <span class='ocrx_word' id='word_1_169' title='bbox 3090 1383 3418 1451; x_wconf 72' lang='grc' dir='ltr'><strong>ἱερατεύειν</strong></span> <span class='ocrx_word' id='word_1_170' title='bbox 3449 1383 3560 1437; x_wconf 79' lang='grc' dir='ltr'>τὸν</span> <span class='ocrx_word' id='word_1_171' title='bbox 3603 1387 3804 1454; x_wconf 66' lang='lat' dir='ltr'><strong>laxa--</strong></span> 
     </span>
    </p>
   </div>
   <div class='ocr_carea' id='block_1_26' title="bbox 522 1468 2100 1551">
    <p class='ocr_par' dir='ltr' id='par_1_26' title="bbox 522 1470 2098 1551">
     <span class='ocr_line' id='line_1_27' title="bbox 522 1470 2098 1551; baseline -0.007 -15"><span class='ocrx_word' id='word_1_172' title='bbox 522 1477 864 1536; x_wconf 71' lang='lat' dir='ltr'><strong>Zacharias°</strong></span> <span class='ocrx_word' id='word_1_173' title='bbox 903 1479 1183 1551; x_wconf 87' lang='lat' dir='ltr'><strong>(solemnis</strong></span> <span class='ocrx_word' id='word_1_174' title='bbox 1235 1488 1420 1532; x_wconf 91' lang='lat' dir='ltr'><strong>autem</strong></span> <span class='ocrx_word' id='word_1_175' title='bbox 1467 1477 1731 1546; x_wconf 72' lang='lat' dir='ltr'><strong>agebatur</strong></span> <span class='ocrx_word' id='word_1_176' title='bbox 1779 1470 2098 1538; x_wconf 79' lang='lat' dir='ltr'><strong>festivitas),</strong></span> 
     </span>
    </p>
   </div>
   <div class='ocr_carea' id='block_1_27' title="bbox 2210 1468 3798 1551">
    <p class='ocr_par' dir='ltr' id='par_1_27' title="bbox 2210 1468 3798 1548">
     <span class='ocr_line' id='line_1_28' title="bbox 2210 1468 3798 1548; baseline 0.005 -25"><span class='ocrx_word' id='word_1_177' title='bbox 2210 1471 2345 1538; x_wconf 77' lang='grc' dir='ltr'>ρίαν</span> <span class='ocrx_word' id='word_1_178' title='bbox 2362 1469 2728 1542; x_wconf 66' lang='grc' dir='ltr'>(ἐπιφανὴςςδὶ</span> <span class='ocrx_word' id='word_1_179' title='bbox 2741 1472 2784 1504; x_wconf 65' lang='grc'><strong>³⁸</strong></span> <span class='ocrx_word' id='word_1_180' title='bbox 2802 1468 2870 1543; x_wconf 88' lang='grc' dir='ltr'>ἦν</span> <span class='ocrx_word' id='word_1_181' title='bbox 2889 1474 2923 1544; x_wconf 83' lang='grc' dir='ltr'><strong>ή</strong></span> <span class='ocrx_word' id='word_1_182' title='bbox 2940 1474 3272 1545; x_wconf 75' lang='grc' dir='ltr'>πανήγυρις,</span> <span class='ocrx_word' id='word_1_183' title='bbox 3294 1475 3395 1544; x_wconf 83' lang='grc' dir='ltr'>τῆς</span> <span class='ocrx_word' id='word_1_184' title='bbox 3420 1477 3798 1548; x_wconf 78' lang='grc' dir='ltr'>ἁγιαστείας),</span> 
     </span>
    </p>
   </div>
   <div class='ocr_carea' id='block_1_28' title="bbox 523 1560 2100 1642">
    <p class='ocr_par' dir='ltr' id='par_1_28' title="bbox 523 1566 2100 1635">
     <span class='ocr_line' id='line_1_29' title="bbox 523 1566 2100 1635; baseline -0.006 -7"><span class='ocrx_word' id='word_1_185' title='bbox 523 1575 974 1629; x_wconf 83' lang='lat' dir='ltr'><strong>sanctiﬁcationis</strong></span> <span class='ocrx_word' id='word_1_186' title='bbox 1002 1573 1196 1627; x_wconf 89' lang='lat' dir='ltr'><strong>stolam</strong></span> <span class='ocrx_word' id='word_1_187' title='bbox 1230 1571 1472 1635; x_wconf 88' lang='lat' dir='ltr'><strong>indutus,</strong></span> <span class='ocrx_word' id='word_1_188' title='bbox 1508 1569 1708 1623; x_wconf 84' lang='lat' dir='ltr'><strong>lamina</strong></span> <span class='ocrx_word' id='word_1_189' title='bbox 1740 1566 2026 1621; x_wconf 85' lang='lat' dir='ltr'><strong>redimitus</strong></span> <span class='ocrx_word' id='word_1_190' title='bbox 2047 1572 2100 1620; x_wconf 85' lang='lat' dir='ltr'><strong>et</strong></span> 
     </span>
    </p>
   </div>
   <div class='ocr_carea' id='block_1_29' title="bbox 2210 1560 3802 1642">
    <p class='ocr_par' dir='ltr' id='par_1_29' title="bbox 2210 1560 3802 1642">
     <span class='ocr_line' id='line_1_30' title="bbox 2210 1560 3802 1642; baseline 0.008 -29"><span class='ocrx_word' id='word_1_191' title='bbox 2210 1560 2573 1631; x_wconf 75' lang='grc' dir='ltr'><strong>ἐνδυσάμενος</strong></span> <span class='ocrx_word' id='word_1_192' title='bbox 2613 1563 2713 1633; x_wconf 75' lang='grc' dir='ltr'>τὴν</span> <span class='ocrx_word' id='word_1_193' title='bbox 2743 1564 2961 1634; x_wconf 81' lang='grc' dir='ltr'>στολὴν,</span> <span class='ocrx_word' id='word_1_194' title='bbox 2995 1567 3090 1619; x_wconf 79' lang='grc' dir='ltr'>καὶ</span> <span class='ocrx_word' id='word_1_195' title='bbox 3122 1566 3184 1619; x_wconf 83' lang='grc' dir='ltr'><strong>τὸ</strong></span> <span class='ocrx_word' id='word_1_196' title='bbox 3222 1567 3453 1620; x_wconf 80' lang='grc' dir='ltr'>πέταλον</span> <span class='ocrx_word' id='word_1_197' title='bbox 3496 1571 3802 1642; x_wconf 76' lang='grc' dir='ltr'><strong>ττεριθέμε⁸</strong></span> 
     </span>
    </p>
   </div>
   <div class='ocr_carea' id='block_1_30' title="bbox 523 1652 2100 1732">
    <p class='ocr_par' dir='ltr' id='par_1_30' title="bbox 523 1658 2100 1732">
     <span class='ocr_line' id='line_1_31' title="bbox 523 1658 2100 1732; baseline -0.003 -13"><span class='ocrx_word' id='word_1_198' title='bbox 523 1667 802 1720; x_wconf 89' lang='lat' dir='ltr'><strong>incensum</strong></span> <span class='ocrx_word' id='word_1_199' title='bbox 838 1680 1144 1730; x_wconf 84' lang='lat' dir='ltr'><strong>assumens,</strong></span> <span class='ocrx_word' id='word_1_200' title='bbox 1189 1666 1242 1718; x_wconf 92' lang='lat' dir='ltr'><strong>in</strong></span> <span class='ocrx_word' id='word_1_201' title='bbox 1289 1674 1604 1718; x_wconf 89' lang='lat' dir='ltr'><strong>sanctorum</strong></span> <span class='ocrx_word' id='word_1_202' title='bbox 1638 1662 1798 1732; x_wconf 81' lang='lat' dir='ltr'><strong>adyta</strong></span> <span class='ocrx_word' id='word_1_203' title='bbox 1833 1658 2100 1730; x_wconf 83' lang='lat' dir='ltr'><strong>ingredio-</strong></span> 
     </span>
    </p>
   </div>
   <div class='ocr_carea' id='block_1_31' title="bbox 2210 1652 3801 1732">
    <p class='ocr_par' dir='ltr' id='par_1_31' title="bbox 2210 1652 3801 1728">
     <span class='ocr_line' id='line_1_32' title="bbox 2210 1652 3801 1728; baseline 0.006 -21"><span class='ocrx_word' id='word_1_204' title='bbox 2210 1670 2320 1718; x_wconf 87' lang='grc' dir='ltr'>νος,</span> <span class='ocrx_word' id='word_1_205' title='bbox 2357 1652 2538 1707; x_wconf 86' lang='grc' dir='ltr'>λαϐὼν</span> <span class='ocrx_word' id='word_1_206' title='bbox 2567 1654 2628 1708; x_wconf 83' lang='grc' dir='ltr'><strong>τὸ</strong></span> <span class='ocrx_word' id='word_1_207' title='bbox 2658 1655 2912 1726; x_wconf 86' lang='grc' dir='ltr'>θυμίαμα</span> <span class='ocrx_word' id='word_1_208' title='bbox 2943 1656 3010 1720; x_wconf 87' lang='grc'><strong>³⁸,</strong></span> <span class='ocrx_word' id='word_1_209' title='bbox 3040 1657 3122 1720; x_wconf 87' lang='grc' dir='ltr'><strong>είς</strong></span> <span class='ocrx_word' id='word_1_210' title='bbox 3149 1657 3221 1710; x_wconf 81' lang='grc' dir='ltr'>τὰ</span> <span class='ocrx_word' id='word_1_211' title='bbox 3256 1659 3367 1712; x_wconf 83' lang='grc' dir='ltr'>τῶν</span> <span class='ocrx_word' id='word_1_212' title='bbox 3409 1660 3586 1728; x_wconf 82' lang='grc' dir='ltr'>ἁγίων</span> <span class='ocrx_word' id='word_1_213' title='bbox 3613 1663 3801 1717; x_wconf 78' lang='grc' dir='ltr'>ἐϐάδι-</span> 
     </span>
    </p>
   </div>
   <div class='ocr_carea' id='block_1_32' title="bbox 523 1743 2100 1827">
    <p class='ocr_par' dir='ltr' id='par_1_32' title="bbox 523 1751 2100 1827">
     <span class='ocr_line' id='line_1_33' title="bbox 523 1751 2100 1827; baseline -0.004 -16"><span class='ocrx_word' id='word_1_214' title='bbox 523 1758 718 1823; x_wconf 88' lang='lat' dir='ltr'><strong>batur;</strong></span> <span class='ocrx_word' id='word_1_215' title='bbox 751 1767 913 1827; x_wconf 85' lang='lat' dir='ltr'><strong>atque</strong></span> <span class='ocrx_word' id='word_1_216' title='bbox 937 1759 1039 1813; x_wconf 93' lang='lat' dir='ltr'><strong>sub</strong></span> <span class='ocrx_word' id='word_1_217' title='bbox 1079 1757 1566 1812; x_wconf 89' lang='lat' dir='ltr'><strong>tintinnabulornm</strong></span> <span class='ocrx_word' id='word_1_218' title='bbox 1594 1753 1776 1809; x_wconf 84' lang='lat' dir='ltr'><strong>sonitu</strong></span> <span class='ocrx_word' id='word_1_219' title='bbox 1805 1753 1884 1823; x_wconf 81' lang='lat'><strong>(5)</strong></span> <span class='ocrx_word' id='word_1_220' title='bbox 1915 1751 2100 1805; x_wconf 86' lang='lat' dir='ltr'><strong>multi-</strong></span> 
     </span>
    </p>
   </div>
   <div class='ocr_carea' id='block_1_33' title="bbox 2210 1743 3798 1827">
    <p class='ocr_par' dir='ltr' id='par_1_33' title="bbox 2210 1743 3798 1824">
     <span class='ocr_line' id='line_1_34' title="bbox 2210 1743 3798 1824; baseline 0.009 -29"><span class='ocrx_word' id='word_1_221' title='bbox 2210 1743 2302 1807; x_wconf 80' lang='grc' dir='ltr'>ξεν</span> <span class='ocrx_word' id='word_1_222' title='bbox 2325 1744 2496 1798; x_wconf 80' lang='grc' dir='ltr'><strong>ἄδυτα</strong></span> <span class='ocrx_word' id='word_1_223' title='bbox 2517 1760 2534 1776; x_wconf 89' lang='grc'><strong>·</strong></span> <span class='ocrx_word' id='word_1_224' title='bbox 2557 1746 2974 1817; x_wconf 86' lang='grc' dir='ltr'>προτρεχούσης</span> <span class='ocrx_word' id='word_1_225' title='bbox 2997 1747 3054 1801; x_wconf 79' lang='grc' dir='ltr'>δὲ</span> <span class='ocrx_word' id='word_1_226' title='bbox 3079 1749 3176 1818; x_wconf 84' lang='grc' dir='ltr'>τῆς</span> <span class='ocrx_word' id='word_1_227' title='bbox 3198 1748 3309 1802; x_wconf 85' lang='grc' dir='ltr'>τῶν</span> <span class='ocrx_word' id='word_1_228' title='bbox 3339 1749 3607 1808; x_wconf 84' lang='grc' dir='ltr'>κωδώνων</span> <span class='ocrx_word' id='word_1_229' title='bbox 3632 1755 3798 1824; x_wconf 70' lang='grc' dir='ltr'>ἠχῆς,</span> 
     </span>
    </p>
   </div>
   <div class='ocr_carea' id='block_1_34' title="bbox 525 1835 2100 1917">
    <p class='ocr_par' dir='ltr' id='par_1_34' title="bbox 525 1845 2100 1917">
     <span class='ocr_line' id='line_1_35' title="bbox 525 1845 2100 1917; baseline -0.001 -17"><span class='ocrx_word' id='word_1_230' title='bbox 525 1850 654 1902; x_wconf 88' lang='lat' dir='ltr'><strong>tudo</strong></span> <span class='ocrx_word' id='word_1_231' title='bbox 699 1851 1034 1903; x_wconf 85' lang='lat' dir='ltr'><strong>sacerdotem</strong></span> <span class='ocrx_word' id='word_1_232' title='bbox 1071 1865 1166 1904; x_wconf 90' lang='lat' dir='ltr'><strong>ceu</strong></span> <span class='ocrx_word' id='word_1_233' title='bbox 1204 1861 1492 1917; x_wconf 82' lang='lat' dir='ltr'><strong>angustum</strong></span> <span class='ocrx_word' id='word_1_234' title='bbox 1545 1847 1793 1900; x_wconf 90' lang='lat' dir='ltr'><strong>nuntium</strong></span> <span class='ocrx_word' id='word_1_235' title='bbox 1835 1846 1902 1899; x_wconf 88' lang='lat' dir='ltr'><strong>ad</strong></span> <span class='ocrx_word' id='word_1_236' title='bbox 1934 1845 2100 1899; x_wconf 89' lang='lat' dir='ltr'><strong>Deum</strong></span> 
     </span>
    </p>
   </div>
   <div class='ocr_carea' id='block_1_35' title="bbox 2210 1835 3802 1917">
    <p class='ocr_par' dir='ltr' id='par_1_35' title="bbox 2210 1835 3802 1915">
     <span class='ocr_line' id='line_1_36' title="bbox 2210 1835 3802 1915; baseline 0.008 -26"><span class='ocrx_word' id='word_1_237' title='bbox 2210 1835 2304 1907; x_wconf 64' lang='grc' dir='ltr'>ἦτε</span> <span class='ocrx_word' id='word_1_238' title='bbox 2334 1835 2546 1907; x_wconf 83' lang='grc' dir='ltr'>πληθὺς</span> <span class='ocrx_word' id='word_1_239' title='bbox 2593 1837 2701 1908; x_wconf 81' lang='grc' dir='ltr'><strong>πρὸ</strong></span> <span class='ocrx_word' id='word_1_240' title='bbox 2718 1837 2828 1891; x_wconf 82' lang='grc' dir='ltr'><strong>τῶν</strong></span> <span class='ocrx_word' id='word_1_241' title='bbox 2859 1838 3040 1910; x_wconf 83' lang='grc' dir='ltr'>θυρῶν</span> <span class='ocrx_word' id='word_1_242' title='bbox 3068 1839 3349 1895; x_wconf 85' lang='grc' dir='ltr'>ἐλιτάνευε</span> <span class='ocrx_word' id='word_1_243' title='bbox 3378 1844 3470 1898; x_wconf 76' lang='grc' dir='ltr'><strong>τὸν</strong></span> <span class='ocrx_word' id='word_1_244' title='bbox 3493 1846 3645 1915; x_wconf 78' lang='grc' dir='ltr'>ἱερέα</span> <span class='ocrx_word' id='word_1_245' title='bbox 3671 1847 3802 1901; x_wconf 80' lang='grc' dir='ltr'>καθ-</span> 
     </span>
    </p>
   </div>
   <div class='ocr_carea' id='block_1_36' title="bbox 523 1927 2100 2010">
    <p class='ocr_par' dir='ltr' id='par_1_36' title="bbox 523 1940 1460 2010">
     <span class='ocr_line' id='line_1_37' title="bbox 523 1940 1460 2010; baseline -0.004 -16"><span class='ocrx_word' id='word_1_246' title='bbox 523 1940 732 2009; x_wconf 82' lang='lat' dir='ltr'><strong>legans,</strong></span> <span class='ocrx_word' id='word_1_247' title='bbox 765 1955 890 1995; x_wconf 85' lang='lat' dir='ltr'><strong>ante</strong></span> <span class='ocrx_word' id='word_1_248' title='bbox 921 1943 1066 1996; x_wconf 84' lang='lat' dir='ltr'><strong>fores</strong></span> <span class='ocrx_word' id='word_1_249' title='bbox 1097 1941 1460 2010; x_wconf 84' lang='lat' dir='ltr'><strong>supplicabat.</strong></span> 
     </span>
    </p>
   </div>
   <div class='ocr_carea' id='block_1_37' title="bbox 2210 1927 3588 2010">
    <p class='ocr_par' dir='ltr' id='par_1_37' title="bbox 2210 1927 3588 2004">
     <span class='ocr_line' id='line_1_38' title="bbox 2210 1927 3588 2004; baseline 0.007 -21"><span class='ocrx_word' id='word_1_250' title='bbox 2210 1927 2359 1994; x_wconf 81' lang='grc' dir='ltr'>άπαξ</span> <span class='ocrx_word' id='word_1_251' title='bbox 2391 1929 2626 1999; x_wconf 81' lang='grc' dir='ltr'>ἄγγελον</span> <span class='ocrx_word' id='word_1_252' title='bbox 2655 1929 2903 2000; x_wconf 78' lang='grc' dir='ltr'>πρέσϐυν</span> <span class='ocrx_word' id='word_1_253' title='bbox 2936 1931 3013 2002; x_wconf 82' lang='grc' dir='ltr'>τῷ</span> <span class='ocrx_word' id='word_1_254' title='bbox 3047 1931 3166 2004; x_wconf 84' lang='grc' dir='ltr'><strong>Θεῷ</strong></span> <span class='ocrx_word' id='word_1_255' title='bbox 3194 1935 3588 1992; x_wconf 76' lang='grc' dir='ltr'>ἀποστείλτισα.</span> 
     </span>
    </p>
   </div>
   <div class='ocr_carea' id='block_1_38' title="bbox 591 2018 2100 2108">
    <p class='ocr_par' dir='ltr' id='par_1_38' title="bbox 591 2024 2100 2094">
     <span class='ocr_line' id='line_1_39' title="bbox 591 2024 2100 2094; baseline -0.003 -14"><span class='ocrx_word' id='word_1_256' title='bbox 591 2028 692 2094; x_wconf 83' lang='lat' dir='ltr'><strong>Qui</strong></span> <span class='ocrx_word' id='word_1_257' title='bbox 723 2044 846 2083; x_wconf 89' lang='lat' dir='ltr'><strong>cum</strong></span> <span class='ocrx_word' id='word_1_258' title='bbox 882 2031 1022 2083; x_wconf 89' lang='lat' dir='ltr'><strong>intra</strong></span> <span class='ocrx_word' id='word_1_259' title='bbox 1053 2030 1299 2082; x_wconf 84' lang='lat' dir='ltr'><strong>velamen</strong></span> <span class='ocrx_word' id='word_1_260' title='bbox 1329 2026 1592 2090; x_wconf 89' lang='lat' dir='ltr'><strong>venisset,</strong></span> <span class='ocrx_word' id='word_1_261' title='bbox 1623 2026 1775 2080; x_wconf 89' lang='lat' dir='ltr'><strong>visus</strong></span> <span class='ocrx_word' id='word_1_262' title='bbox 1803 2033 1888 2080; x_wconf 90' lang='lat' dir='ltr'><strong>est</strong></span> <span class='ocrx_word' id='word_1_263' title='bbox 1913 2024 1962 2077; x_wconf 86' lang='lat' dir='ltr'><strong>ei</strong></span> <span class='ocrx_word' id='word_1_264' title='bbox 2006 2041 2100 2077; x_wconf 43' lang='lat' dir='ltr'><strong>ana</strong></span> 
     </span>
    </p>
   </div>
   <div class='ocr_carea' id='block_1_39' title="bbox 2210 2018 3796 2108">
    <p class='ocr_par' dir='ltr' id='par_1_39' title="bbox 2278 2018 3796 2108">
     <span class='ocr_line' id='line_1_40' title="bbox 2278 2018 3796 2108; baseline 0.032 -47"><span class='ocrx_word' id='word_1_265' title='bbox 2278 2018 2347 2096; x_wconf 75' lang='grc' dir='ltr'>ᾯ</span> <span class='ocrx_word' id='word_1_266' title='bbox 2377 2027 2655 2098; x_wconf 74' lang='grc' dir='ltr'>γενομένῳ</span> <span class='ocrx_word' id='word_1_267' title='bbox 2699 2027 2795 2080; x_wconf 81' lang='grc' dir='ltr'><strong>τοῦ</strong></span> <span class='ocrx_word' id='word_1_268' title='bbox 2847 2030 3351 2100; x_wconf 80' lang='grc' dir='ltr'><strong>καταπετάσματος</strong></span> <span class='ocrx_word' id='word_1_269' title='bbox 3399 2032 3581 2100; x_wconf 61' lang='grc' dir='ltr'><strong>ἔνδον,</strong></span> <span class='ocrx_word' id='word_1_270' title='bbox 3633 2036 3796 2108; x_wconf 74' lang='grc' dir='ltr'>ὤφθη</span> 
     </span>
    </p>
   </div>
   <div class='ocr_carea' id='block_1_40' title="bbox 522 2115 2100 2197">
    <p class='ocr_par' dir='ltr' id='par_1_40' title="bbox 522 2115 2100 2191">
     <span class='ocr_line' id='line_1_41' title="bbox 522 2115 2100 2191; baseline -0.003 -18"><span class='ocrx_word' id='word_1_271' title='bbox 522 2123 670 2191; x_wconf 68' lang='lat' dir='ltr'><strong>gaius</strong></span> <span class='ocrx_word' id='word_1_272' title='bbox 703 2119 916 2175; x_wconf 84' lang='lat' dir='ltr'><strong>Domini</strong></span> <span class='ocrx_word' id='word_1_273' title='bbox 944 2125 1094 2174; x_wconf 72' lang='lat' dir='ltr'><strong>stans</strong></span> <span class='ocrx_word' id='word_1_274' title='bbox 1138 2137 1168 2172; x_wconf 90' lang='lat' dir='ltr'><strong>a</strong></span> <span class='ocrx_word' id='word_1_275' title='bbox 1205 2119 1404 2173; x_wconf 76' lang='lat' dir='ltr'><strong>dextris</strong></span> <span class='ocrx_word' id='word_1_276' title='bbox 1435 2119 1628 2172; x_wconf 81' lang='lat' dir='ltr'><strong>altaris</strong></span> <span class='ocrx_word' id='word_1_277' title='bbox 1660 2117 1860 2171; x_wconf 75' lang='lat' dir='ltr'><strong>incensi</strong></span> <span class='ocrx_word' id='word_1_278' title='bbox 1887 2115 1932 2170; x_wconf 74' lang='grc' dir='ltr'>ί.</span> <span class='ocrx_word' id='word_1_279' title='bbox 1967 2115 2100 2169; x_wconf 87' lang='lat' dir='ltr'><strong>Tur-</strong></span> 
     </span>
    </p>
   </div>
   <div class='ocr_carea' id='block_1_41' title="bbox 2210 2115 3802 2197">
    <p class='ocr_par' dir='ltr' id='par_1_41' title="bbox 2210 2115 3802 2197">
     <span class='ocr_line' id='line_1_42' title="bbox 2210 2115 3802 2197; baseline 0.009 -29"><span class='ocrx_word' id='word_1_280' title='bbox 2210 2115 2462 2185; x_wconf 77' lang='grc' dir='ltr'>ᾶγγελος</span> <span class='ocrx_word' id='word_1_281' title='bbox 2490 2119 2716 2184; x_wconf 79' lang='grc' dir='ltr'><strong>Κυρίου</strong></span> <span class='ocrx_word' id='word_1_282' title='bbox 2748 2120 2819 2173; x_wconf 81' lang='grc' dir='ltr'><strong>ἐκ</strong></span> <span class='ocrx_word' id='word_1_283' title='bbox 2843 2119 3059 2185; x_wconf 79' lang='grc' dir='ltr'><strong>δεξιῶν</strong></span> <span class='ocrx_word' id='word_1_284' title='bbox 3094 2123 3287 2189; x_wconf 79' lang='grc' dir='ltr'>ἑστὼς</span> <span class='ocrx_word' id='word_1_285' title='bbox 3311 2125 3417 2178; x_wconf 81' lang='grc' dir='ltr'>τοῦ</span> <span class='ocrx_word' id='word_1_286' title='bbox 3457 2130 3802 2197; x_wconf 78' lang='grc' dir='ltr'><strong>θυσιίιστη⁴⁵</strong></span> 
     </span>
    </p>
   </div>
   <div class='ocr_carea' id='block_1_42' title="bbox 523 2207 2100 2286">
    <p class='ocr_par' dir='ltr' id='par_1_42' title="bbox 523 2207 2100 2277">
     <span class='ocr_line' id='line_1_43' title="bbox 523 2207 2100 2277; baseline -0.003 -14"><span class='ocrx_word' id='word_1_287' title='bbox 523 2211 676 2264; x_wconf 81' lang='lat' dir='ltr'><strong>batus</strong></span> <span class='ocrx_word' id='word_1_288' title='bbox 731 2220 805 2266; x_wconf 78' lang='lat' dir='ltr'><strong>est</strong></span> <span class='ocrx_word' id='word_1_289' title='bbox 865 2219 1040 2265; x_wconf 80' lang='lat' dir='ltr'><strong>autem</strong></span> <span class='ocrx_word' id='word_1_290' title='bbox 1088 2208 1382 2264; x_wconf 78' lang='lat' dir='ltr'><strong>Zacharias</strong></span> <span class='ocrx_word' id='word_1_291' title='bbox 1422 2212 1486 2274; x_wconf 74' lang='grc' dir='ltr'><strong>ε,</strong></span> <span class='ocrx_word' id='word_1_292' title='bbox 1546 2219 1603 2263; x_wconf 89' lang='lat' dir='ltr'><strong>et</strong></span> <span class='ocrx_word' id='word_1_293' title='bbox 1649 2207 1826 2277; x_wconf 85' lang='lat' dir='ltr'><strong>angeli</strong></span> <span class='ocrx_word' id='word_1_294' title='bbox 1878 2214 2100 2276; x_wconf 86' lang='lat' dir='ltr'><strong>aspectu</strong></span> 
     </span>
    </p>
   </div>
   <div class='ocr_carea' id='block_1_43' title="bbox 2210 2207 3801 2286">
    <p class='ocr_par' dir='ltr' id='par_1_43' title="bbox 2210 2209 3801 2286">
     <span class='ocr_line' id='line_1_44' title="bbox 2210 2209 3801 2286; baseline 0.008 -25"><span class='ocrx_word' id='word_1_295' title='bbox 2210 2209 2338 2276; x_wconf 85' lang='lat' dir='ltr'><strong>plov</strong></span> <span class='ocrx_word' id='word_1_296' title='bbox 2382 2209 2490 2262; x_wconf 82' lang='grc' dir='ltr'>τοῦ</span> <span class='ocrx_word' id='word_1_297' title='bbox 2535 2209 2924 2279; x_wconf 82' lang='grc' dir='ltr'><strong>θυμιάματος.</strong></span> <span class='ocrx_word' id='word_1_298' title='bbox 2965 2213 3299 2282; x_wconf 80' lang='grc' dir='ltr'>Ἕταράχθη</span> <span class='ocrx_word' id='word_1_299' title='bbox 3347 2215 3417 2268; x_wconf 80' lang='grc' dir='ltr'>δὲ</span> <span class='ocrx_word' id='word_1_300' title='bbox 3459 2219 3801 2286; x_wconf 78' lang='grc' dir='ltr'>Ζαχαρίας,</span> 
     </span>
    </p>
   </div>
   <div class='ocr_carea' id='block_1_44' title="bbox 521 2297 2100 2370">
    <p class='ocr_par' dir='ltr' id='par_1_44' title="bbox 521 2297 2100 2370">
     <span class='ocr_line' id='line_1_45' title="bbox 521 2297 2100 2370; baseline -0.004 -14"><span class='ocrx_word' id='word_1_301' title='bbox 521 2314 678 2357; x_wconf 87' lang='lat' dir='ltr'><strong>actus</strong></span> <span class='ocrx_word' id='word_1_302' title='bbox 711 2311 1033 2366; x_wconf 89' lang='lat' dir='ltr'><strong>retrorsum,</strong></span> <span class='ocrx_word' id='word_1_303' title='bbox 1083 2302 1314 2355; x_wconf 89' lang='lat' dir='ltr'><strong>ulterius</strong></span> <span class='ocrx_word' id='word_1_304' title='bbox 1347 2299 1596 2370; x_wconf 84' lang='lat' dir='ltr'><strong>progredi</strong></span> <span class='ocrx_word' id='word_1_305' title='bbox 1637 2315 1740 2353; x_wconf 89' lang='lat' dir='ltr'><strong>non</strong></span> <span class='ocrx_word' id='word_1_306' title='bbox 1777 2297 1964 2352; x_wconf 85' lang='lat' dir='ltr'><strong>valuit.</strong></span> <span class='ocrx_word' id='word_1_307' title='bbox 2003 2297 2100 2350; x_wconf 93' lang='lat' dir='ltr'><strong>Diu</strong></span> 
     </span>
    </p>
   </div>
   <div class='ocr_carea' id='block_1_45' title="bbox 519 2391 2104 2462">
    <p class='ocr_par' dir='ltr' id='par_1_45' title="bbox 519 2391 2104 2462">
     <span class='ocr_line' id='line_1_46' title="bbox 519 2391 2104 2462; baseline -0.004 -12"><span class='ocrx_word' id='word_1_308' title='bbox 519 2407 700 2450; x_wconf 84' lang='lat' dir='ltr'><strong>autem</strong></span> <span class='ocrx_word' id='word_1_309' title='bbox 755 2405 980 2462; x_wconf 88' lang='lat' dir='ltr'><strong>stupore</strong></span> <span class='ocrx_word' id='word_1_310' title='bbox 1029 2394 1237 2450; x_wconf 87' lang='lat' dir='ltr'><strong>deﬁxus</strong></span> <span class='ocrx_word' id='word_1_311' title='bbox 1288 2394 1588 2462; x_wconf 87' lang='lat' dir='ltr'><strong>permansit</strong></span> <span class='ocrx_word' id='word_1_312' title='bbox 1635 2392 1929 2457; x_wconf 90' lang='lat' dir='ltr'><strong>immotus,</strong></span> <span class='ocrx_word' id='word_1_313' title='bbox 1989 2391 2104 2445; x_wconf 81' lang='lat' dir='ltr'><strong>haec</strong></span> 
     </span>
    </p>
   </div>
   <div class='ocr_carea' id='block_1_46' title="bbox 521 2485 2099 2556">
    <p class='ocr_par' dir='ltr' id='par_1_46' title="bbox 521 2485 2099 2556">
     <span class='ocr_line' id='line_1_47' title="bbox 521 2485 2099 2556; baseline -0.004 -15"><span class='ocrx_word' id='word_1_314' title='bbox 521 2488 705 2541; x_wconf 87' lang='lat' dir='ltr'><strong>animo</strong></span> <span class='ocrx_word' id='word_1_315' title='bbox 745 2488 970 2542; x_wconf 84' lang='lat' dir='ltr'><strong>volvens</strong></span> <span class='ocrx_word' id='word_1_316' title='bbox 1004 2505 1016 2540; x_wconf 92' lang='lat'><strong>:</strong></span> <span class='ocrx_word' id='word_1_317' title='bbox 1049 2487 1192 2541; x_wconf 91' lang='lat' dir='ltr'><strong>Sane</strong></span> <span class='ocrx_word' id='word_1_318' title='bbox 1231 2487 1360 2556; x_wconf 86' lang='lat' dir='ltr'><strong>quid</strong></span> <span class='ocrx_word' id='word_1_319' title='bbox 1412 2486 1542 2540; x_wconf 84' lang='lat' dir='ltr'><strong>Illud</strong></span> <span class='ocrx_word' id='word_1_320' title='bbox 1586 2485 1679 2548; x_wconf 88' lang='lat' dir='ltr'><strong>sit,</strong></span> <span class='ocrx_word' id='word_1_321' title='bbox 1717 2485 1860 2553; x_wconf 89' lang='lat' dir='ltr'><strong>quod</strong></span> <span class='ocrx_word' id='word_1_322' title='bbox 1909 2497 2099 2547; x_wconf 87' lang='lat' dir='ltr'><strong>cerno,</strong></span> 
     </span>
    </p>
   </div>
   <div class='ocr_carea' id='block_1_47' title="bbox 519 2573 2101 2646">
    <p class='ocr_par' dir='ltr' id='par_1_47' title="bbox 519 2573 2101 2646">
     <span class='ocr_line' id='line_1_48' title="bbox 519 2573 2101 2646; baseline -0.001 -16"><span class='ocrx_word' id='word_1_323' title='bbox 519 2589 747 2646; x_wconf 85' lang='lat' dir='ltr'><strong>prorsus</strong></span> <span class='ocrx_word' id='word_1_324' title='bbox 790 2577 1050 2644; x_wconf 87' lang='lat' dir='ltr'><strong>ambigo:</strong></span> <span class='ocrx_word' id='word_1_325' title='bbox 1083 2577 1222 2630; x_wconf 86' lang='lat' dir='ltr'><strong>alius</strong></span> <span class='ocrx_word' id='word_1_326' title='bbox 1269 2578 1338 2630; x_wconf 92' lang='lat' dir='ltr'><strong>ad</strong></span> <span class='ocrx_word' id='word_1_327' title='bbox 1389 2576 1563 2630; x_wconf 89' lang='lat' dir='ltr'><strong>altare</strong></span> <span class='ocrx_word' id='word_1_328' title='bbox 1596 2573 1801 2629; x_wconf 89' lang='lat' dir='ltr'><strong>incensi</strong></span> <span class='ocrx_word' id='word_1_329' title='bbox 1848 2575 2101 2628; x_wconf 82' lang='lat' dir='ltr'><strong>ministe-</strong></span> 
     </span>
    </p>
   </div>
   <div class='ocr_carea' id='block_1_48' title="bbox 520 2665 2101 2736">
    <p class='ocr_par' dir='ltr' id='par_1_48' title="bbox 520 2665 2101 2736">
     <span class='ocr_line' id='line_1_49' title="bbox 520 2665 2101 2736; baseline -0.001 -16"><span class='ocrx_word' id='word_1_330' title='bbox 520 2666 661 2731; x_wconf 79' lang='lat' dir='ltr'><strong>rium</strong></span> <span class='ocrx_word' id='word_1_331' title='bbox 696 2666 914 2736; x_wconf 87' lang='lat' dir='ltr'><strong>explet;</strong></span> <span class='ocrx_word' id='word_1_332' title='bbox 947 2669 1216 2736; x_wconf 89' lang='lat' dir='ltr'><strong>quomodo</strong></span> <span class='ocrx_word' id='word_1_333' title='bbox 1243 2681 1370 2721; x_wconf 89' lang='lat' dir='ltr'><strong>vero</strong></span> <span class='ocrx_word' id='word_1_334' title='bbox 1397 2681 1497 2736; x_wconf 83' lang='lat' dir='ltr'><strong>ego</strong></span> <span class='ocrx_word' id='word_1_335' title='bbox 1518 2667 1805 2727; x_wconf 78' lang='lat' dir='ltr'><strong>incensum</strong></span> <span class='ocrx_word' id='word_1_336' title='bbox 1830 2665 1883 2721; x_wconf 92' lang='lat' dir='ltr'><strong>in</strong></span> <span class='ocrx_word' id='word_1_337' title='bbox 1924 2665 2101 2733; x_wconf 81' lang='lat' dir='ltr'><strong>ignem</strong></span> 
     </span>
    </p>
   </div>
   <div class='ocr_carea' id='block_1_49' title="bbox 520 2758 2101 2828">
    <p class='ocr_par' dir='ltr' id='par_1_49' title="bbox 520 2758 2101 2828">
     <span class='ocr_line' id='line_1_50' title="bbox 520 2758 2101 2828; baseline -0.003 -14"><span class='ocrx_word' id='word_1_338' title='bbox 520 2758 816 2828; x_wconf 78' lang='lat' dir='ltr'><strong>injiciam?</strong></span> <span class='ocrx_word' id='word_1_339' title='bbox 867 2758 1180 2814; x_wconf 65' lang='lat' dir='ltr'><strong>Praescribit</strong></span> <span class='ocrx_word' id='word_1_340' title='bbox 1221 2761 1366 2814; x_wconf 91' lang='lat' dir='ltr'><strong>enim</strong></span> <span class='ocrx_word' id='word_1_341' title='bbox 1416 2759 1502 2813; x_wconf 91' lang='lat' dir='ltr'><strong>lex</strong></span> <span class='ocrx_word' id='word_1_342' title='bbox 1547 2768 1605 2812; x_wconf 92' lang='lat' dir='ltr'><strong>ut</strong></span> <span class='ocrx_word' id='word_1_343' title='bbox 1651 2773 1791 2812; x_wconf 90' lang='lat' dir='ltr'><strong>unus</strong></span> <span class='ocrx_word' id='word_1_344' title='bbox 1834 2758 2101 2811; x_wconf 87' lang='lat' dir='ltr'><strong>duntaxat</strong></span> 
     </span>
    </p>
   </div>
   <div class='ocr_carea' id='block_1_50' title="bbox 521 2846 2101 2918">
    <p class='ocr_par' dir='ltr' id='par_1_50' title="bbox 521 2846 2101 2918">
     <span class='ocr_line' id='line_1_51' title="bbox 521 2846 2101 2918; baseline -0.002 -14"><span class='ocrx_word' id='word_1_345' title='bbox 521 2849 823 2904; x_wconf 81' lang='lat' dir='ltr'><strong>sacerdotis</strong></span> <span class='ocrx_word' id='word_1_346' title='bbox 866 2863 1064 2904; x_wconf 90' lang='lat' dir='ltr'><strong>munus</strong></span> <span class='ocrx_word' id='word_1_347' title='bbox 1093 2853 1274 2904; x_wconf 84' lang='lat' dir='ltr'><strong>obeat.</strong></span> <span class='ocrx_word' id='word_1_348' title='bbox 1307 2851 1375 2904; x_wconf 86' lang='lat' dir='ltr'><strong>At</strong></span> <span class='ocrx_word' id='word_1_349' title='bbox 1409 2849 1632 2918; x_wconf 87' lang='lat' dir='ltr'><strong>angelus</strong></span> <span class='ocrx_word' id='word_1_350' title='bbox 1675 2858 1776 2912; x_wconf 88' lang='lat' dir='ltr'><strong>est,</strong></span> <span class='ocrx_word' id='word_1_351' title='bbox 1821 2861 1980 2915; x_wconf 89' lang='lat' dir='ltr'><strong>quem</strong></span> <span class='ocrx_word' id='word_1_352' title='bbox 2016 2846 2101 2901; x_wconf 85' lang='lat' dir='ltr'><strong>vi-</strong></span> 
     </span>
    </p>
   </div>
   <div class='ocr_carea' id='block_1_51' title="bbox 521 2938 2101 3011">
    <p class='ocr_par' dir='ltr' id='par_1_51' title="bbox 521 2938 2101 3011">
     <span class='ocr_line' id='line_1_52' title="bbox 521 2938 2101 3011; baseline -0.001 -18"><span class='ocrx_word' id='word_1_353' title='bbox 521 2940 645 3002; x_wconf 89' lang='lat' dir='ltr'><strong>deo,</strong></span> <span class='ocrx_word' id='word_1_354' title='bbox 681 2953 789 2994; x_wconf 93' lang='lat' dir='ltr'><strong>non</strong></span> <span class='ocrx_word' id='word_1_355' title='bbox 849 2941 1046 3007; x_wconf 91' lang='lat' dir='ltr'><strong>homo;</strong></span> <span class='ocrx_word' id='word_1_356' title='bbox 1093 2956 1204 2995; x_wconf 92' lang='lat' dir='ltr'><strong>non</strong></span> <span class='ocrx_word' id='word_1_357' title='bbox 1243 2955 1374 3011; x_wconf 86' lang='lat' dir='ltr'><strong>ergo</strong></span> <span class='ocrx_word' id='word_1_358' title='bbox 1420 2942 1727 2996; x_wconf 90' lang='lat' dir='ltr'><strong>adeundum</strong></span> <span class='ocrx_word' id='word_1_359' title='bbox 1771 2939 1950 3010; x_wconf 89' lang='lat' dir='ltr'><strong>(mihi)</strong></span> <span class='ocrx_word' id='word_1_360' title='bbox 2000 2938 2101 2992; x_wconf 87' lang='lat' dir='ltr'><strong>hoc</strong></span> 
     </span>
    </p>
   </div>
   <div class='ocr_carea' id='block_1_52' title="bbox 520 3007 2168 3098">
    <p class='ocr_par' dir='ltr' id='par_1_52' title="bbox 520 3007 2168 3098">
     <span class='ocr_line' id='line_1_53' title="bbox 520 3007 2168 3098; baseline 0.002 -19"><span class='ocrx_word' id='word_1_361' title='bbox 520 3027 822 3080; x_wconf 82' lang='lat' dir='ltr'><strong>sacrarium</strong></span> <span class='ocrx_word' id='word_1_362' title='bbox 866 3037 985 3095; x_wconf 88' lang='lat' dir='ltr'><strong>est;</strong></span> <span class='ocrx_word' id='word_1_363' title='bbox 1041 3044 1217 3098; x_wconf 91' lang='lat' dir='ltr'><strong>neque</strong></span> <span class='ocrx_word' id='word_1_364' title='bbox 1261 3031 1405 3084; x_wconf 91' lang='lat' dir='ltr'><strong>enim</strong></span> <span class='ocrx_word' id='word_1_365' title='bbox 1457 3030 1748 3086; x_wconf 88' lang='lat' dir='ltr'><strong>didicimus</strong></span> <span class='ocrx_word' id='word_1_366' title='bbox 1793 3029 2099 3084; x_wconf 89' lang='lat' dir='ltr'><strong>ministerio</strong></span> <span class='ocrx_word' id='word_1_367' title='bbox 2126 3007 2168 3064; x_wconf 67' lang='grc' dir='ltr'><strong>δ</strong></span> 
     </span>
    </p>
   </div>
   <div class='ocr_carea' id='block_1_53' title="bbox 519 3117 2102 3190">
    <p class='ocr_par' dir='ltr' id='par_1_53' title="bbox 519 3117 2102 3190">
     <span class='ocr_line' id='line_1_54' title="bbox 519 3117 2102 3190; baseline 0.005 -20"><span class='ocrx_word' id='word_1_368' title='bbox 519 3130 681 3170; x_wconf 88' lang='lat' dir='ltr'><strong>sacro</strong></span> <span class='ocrx_word' id='word_1_369' title='bbox 718 3117 880 3171; x_wconf 87' lang='lat' dir='ltr'><strong>simul</strong></span> <span class='ocrx_word' id='word_1_370' title='bbox 929 3134 1050 3173; x_wconf 90' lang='lat' dir='ltr'><strong>cum</strong></span> <span class='ocrx_word' id='word_1_371' title='bbox 1095 3121 1300 3187; x_wconf 90' lang='lat' dir='ltr'><strong>angelis</strong></span> <span class='ocrx_word' id='word_1_372' title='bbox 1344 3120 1516 3190; x_wconf 81' lang='lat' dir='ltr'><strong>fungi.</strong></span> <span class='ocrx_word' id='word_1_373' title='bbox 1558 3122 1696 3187; x_wconf 89' lang='lat' dir='ltr'><strong>Quid</strong></span> <span class='ocrx_word' id='word_1_374' title='bbox 1736 3122 1804 3175; x_wconf 91' lang='lat' dir='ltr'><strong>de</strong></span> <span class='ocrx_word' id='word_1_375' title='bbox 1853 3137 1940 3176; x_wconf 89' lang='lat' dir='ltr'><strong>me</strong></span> <span class='ocrx_word' id='word_1_376' title='bbox 1971 3121 2102 3178; x_wconf 73' lang='lat' dir='ltr'><strong>ﬁet?</strong></span> 
     </span>
    </p>
   </div>
   <div class='ocr_carea' id='block_1_54' title="bbox 519 3209 2100 3280">
    <p class='ocr_par' dir='ltr' id='par_1_54' title="bbox 519 3209 2100 3280">
     <span class='ocr_line' id='line_1_55' title="bbox 519 3209 2100 3280; baseline 0.002 -17"><span class='ocrx_word' id='word_1_377' title='bbox 519 3209 660 3277; x_wconf 84' lang='lat' dir='ltr'><strong>Quid</strong></span> <span class='ocrx_word' id='word_1_378' title='bbox 703 3209 901 3279; x_wconf 84' lang='lat' dir='ltr'><strong>agam?</strong></span> <span class='ocrx_word' id='word_1_379' title='bbox 949 3211 995 3264; x_wconf 83' lang='lat' dir='ltr'><strong>A</strong></span> <span class='ocrx_word' id='word_1_380' title='bbox 1033 3224 1142 3280; x_wconf 92' lang='lat' dir='ltr'><strong>quo</strong></span> <span class='ocrx_word' id='word_1_381' title='bbox 1176 3221 1354 3278; x_wconf 90' lang='lat' dir='ltr'><strong>petam</strong></span> <span class='ocrx_word' id='word_1_382' title='bbox 1405 3211 1731 3264; x_wconf 87' lang='lat' dir='ltr'><strong>consilium?</strong></span> <span class='ocrx_word' id='word_1_383' title='bbox 1777 3211 1858 3264; x_wconf 89' lang='lat' dir='ltr'><strong>An</strong></span> <span class='ocrx_word' id='word_1_384' title='bbox 1911 3221 2100 3266; x_wconf 89' lang='lat' dir='ltr'><strong>sancta</strong></span> 
     </span>
    </p>
   </div>
   <div class='ocr_carea' id='block_1_55' title="bbox 519 3301 2102 3371">
    <p class='ocr_par' dir='ltr' id='par_1_55' title="bbox 519 3301 2102 3371">
     <span class='ocr_line' id='line_1_56' title="bbox 519 3301 2102 3371; baseline 0.001 -15"><span class='ocrx_word' id='word_1_385' title='bbox 519 3312 710 3356; x_wconf 87' lang='lat' dir='ltr'><strong>saneto</strong></span> <span class='ocrx_word' id='word_1_386' title='bbox 752 3301 1106 3371; x_wconf 87' lang='lat' dir='ltr'><strong>permittam?</strong></span> <span class='ocrx_word' id='word_1_387' title='bbox 1155 3301 1290 3356; x_wconf 84' lang='lat' dir='ltr'><strong>Num</strong></span> <span class='ocrx_word' id='word_1_388' title='bbox 1339 3303 1610 3357; x_wconf 87' lang='lat' dir='ltr'><strong>accedens</strong></span> <span class='ocrx_word' id='word_1_389' title='bbox 1655 3317 1778 3356; x_wconf 91' lang='lat' dir='ltr'><strong>eum</strong></span> <span class='ocrx_word' id='word_1_390' title='bbox 1821 3302 2102 3358; x_wconf 81' lang='lat' dir='ltr'><strong>salutabo?</strong></span> 
     </span>
    </p>
   </div>
   <div class='ocr_carea' id='block_1_56' title="bbox 519 3390 2100 3463">
    <p class='ocr_par' dir='ltr' id='par_1_56' title="bbox 519 3390 2100 3463">
     <span class='ocr_line' id='line_1_57' title="bbox 519 3390 2100 3463; baseline 0.003 -18"><span class='ocrx_word' id='word_1_391' title='bbox 519 3390 826 3447; x_wconf 86' lang='lat' dir='ltr'><strong>Tradamne</strong></span> <span class='ocrx_word' id='word_1_392' title='bbox 875 3393 975 3463; x_wconf 91' lang='lat' dir='ltr'><strong>ipsi</strong></span> <span class='ocrx_word' id='word_1_393' title='bbox 1029 3393 1404 3447; x_wconf 85' lang='lat' dir='ltr'><strong>thuribulum?</strong></span> <span class='ocrx_word' id='word_1_394' title='bbox 1443 3393 1696 3462; x_wconf 88' lang='lat' dir='ltr'><strong>Nunquid</strong></span> <span class='ocrx_word' id='word_1_395' title='bbox 1749 3409 1836 3449; x_wconf 90' lang='lat' dir='ltr'><strong>me</strong></span> <span class='ocrx_word' id='word_1_396' title='bbox 1891 3395 2100 3450; x_wconf 89' lang='lat' dir='ltr'><strong>socium</strong></span> 
     </span>
    </p>
   </div>
   <div class='ocr_carea' id='block_1_57' title="bbox 517 3482 2100 3552">
    <p class='ocr_par' dir='ltr' id='par_1_57' title="bbox 517 3482 2100 3552">
     <span class='ocr_line' id='line_1_58' title="bbox 517 3482 2100 3552; baseline 0.004 -15"><span class='ocrx_word' id='word_1_397' title='bbox 517 3482 815 3537; x_wconf 83' lang='lat' dir='ltr'><strong>admittet?</strong></span> <span class='ocrx_word' id='word_1_398' title='bbox 846 3483 930 3536; x_wconf 84' lang='lat' dir='ltr'><strong>An</strong></span> <span class='ocrx_word' id='word_1_399' title='bbox 988 3484 1170 3552; x_wconf 91' lang='lat' dir='ltr'><strong>potius</strong></span> <span class='ocrx_word' id='word_1_400' title='bbox 1204 3483 1425 3538; x_wconf 87' lang='lat' dir='ltr'><strong>advenit</strong></span> <span class='ocrx_word' id='word_1_401' title='bbox 1461 3494 1521 3538; x_wconf 93' lang='lat' dir='ltr'><strong>ut</strong></span> <span class='ocrx_word' id='word_1_402' title='bbox 1562 3485 1803 3541; x_wconf 88' lang='lat' dir='ltr'><strong>rationes</strong></span> <span class='ocrx_word' id='word_1_403' title='bbox 1846 3502 1875 3540; x_wconf 89' lang='lat' dir='ltr'><strong>a</strong></span> <span class='ocrx_word' id='word_1_404' title='bbox 1907 3501 2100 3543; x_wconf 84' lang='lat' dir='ltr'><strong>sacro-</strong></span> 
     </span>
    </p>
   </div>
   <div class='ocr_carea' id='block_1_58' title="bbox 520 3573 1270 3644">
    <p class='ocr_par' dir='ltr' id='par_1_58' title="bbox 520 3573 1270 3644">
     <span class='ocr_line' id='line_1_59' title="bbox 520 3573 1270 3644; baseline 0.003 -18"><span class='ocrx_word' id='word_1_405' title='bbox 520 3589 639 3626; x_wconf 83' lang='lat' dir='ltr'><strong>rum</strong></span> <span class='ocrx_word' id='word_1_406' title='bbox 675 3573 942 3627; x_wconf 88' lang='lat' dir='ltr'><strong>ministris</strong></span> <span class='ocrx_word' id='word_1_407' title='bbox 973 3575 1270 3644; x_wconf 84' lang='lat' dir='ltr'><strong>exposcat?</strong></span> 
     </span>
    </p>
   </div>
   <div class='ocr_carea' id='block_1_59' title="bbox 590 3663 2100 3727">
    <p class='ocr_par' dir='ltr' id='par_1_59' title="bbox 590 3663 2100 3727">
     <span class='ocr_line' id='line_1_60' title="bbox 590 3663 2100 3727; baseline 0.006 -9"><span class='ocrx_word' id='word_1_408' title='bbox 590 3663 913 3719; x_wconf 84' lang='lat' dir='ltr'><strong>Terribilem</strong></span> <span class='ocrx_word' id='word_1_409' title='bbox 950 3682 1072 3721; x_wconf 90' lang='lat' dir='ltr'><strong>eum</strong></span> <span class='ocrx_word' id='word_1_410' title='bbox 1113 3682 1281 3722; x_wconf 84' lang='lat' dir='ltr'><strong>cerno</strong></span> <span class='ocrx_word' id='word_1_411' title='bbox 1310 3667 1472 3721; x_wconf 91' lang='lat' dir='ltr'><strong>simul</strong></span> <span class='ocrx_word' id='word_1_412' title='bbox 1504 3678 1557 3721; x_wconf 88' lang='lat' dir='ltr'><strong>et</strong></span> <span class='ocrx_word' id='word_1_413' title='bbox 1588 3668 1836 3725; x_wconf 87' lang='lat' dir='ltr'><strong>hilarem.</strong></span> <span class='ocrx_word' id='word_1_414' title='bbox 1873 3669 2100 3727; x_wconf 65' lang='lat' dir='ltr'><strong>Venitne</strong></span> 
     </span>
    </p>
   </div>
   <div class='ocr_carea' id='block_1_60' title="bbox 517 3757 2097 3828">
    <p class='ocr_par' dir='ltr' id='par_1_60' title="bbox 517 3757 2097 3828">
     <span class='ocr_line' id='line_1_61' title="bbox 517 3757 2097 3828; baseline 0.003 -16"><span class='ocrx_word' id='word_1_415' title='bbox 517 3757 721 3813; x_wconf 86' lang='lat' dir='ltr'><strong>bonum</strong></span> <span class='ocrx_word' id='word_1_416' title='bbox 763 3757 980 3828; x_wconf 89' lang='lat' dir='ltr'><strong>aliquod</strong></span> <span class='ocrx_word' id='word_1_417' title='bbox 1017 3760 1266 3813; x_wconf 90' lang='lat' dir='ltr'><strong>nuntium</strong></span> <span class='ocrx_word' id='word_1_418' title='bbox 1309 3759 1595 3824; x_wconf 86' lang='lat' dir='ltr'><strong>allaturus,</strong></span> <span class='ocrx_word' id='word_1_419' title='bbox 1637 3775 1706 3815; x_wconf 87' lang='lat' dir='ltr'><strong>an</strong></span> <span class='ocrx_word' id='word_1_420' title='bbox 1737 3777 1864 3818; x_wconf 82' lang='lat' dir='ltr'><strong>vero</strong></span> <span class='ocrx_word' id='word_1_421' title='bbox 1899 3764 2097 3817; x_wconf 79' lang='lat' dir='ltr'><strong>famem</strong></span> 
     </span>
    </p>
   </div>
   <div class='ocr_carea' id='block_1_61' title="bbox 519 3848 2099 3920">
    <p class='ocr_par' dir='ltr' id='par_1_61' title="bbox 519 3848 2099 3920">
     <span class='ocr_line' id='line_1_62' title="bbox 519 3848 2099 3920; baseline 0.004 -17"><span class='ocrx_word' id='word_1_422' title='bbox 519 3848 794 3903; x_wconf 89' lang='lat' dir='ltr'><strong>bellumve</strong></span> <span class='ocrx_word' id='word_1_423' title='bbox 825 3850 1223 3905; x_wconf 81' lang='lat' dir='ltr'><strong>minitaturus?</strong></span> <span class='ocrx_word' id='word_1_424' title='bbox 1252 3849 1319 3904; x_wconf 77' lang='lat' dir='ltr'><strong>Et</strong></span> <span class='ocrx_word' id='word_1_425' title='bbox 1349 3864 1486 3905; x_wconf 86' lang='lat' dir='ltr'><strong>sane</strong></span> <span class='ocrx_word' id='word_1_426' title='bbox 1509 3852 1655 3920; x_wconf 85' lang='lat' dir='ltr'><strong>quod</strong></span> <span class='ocrx_word' id='word_1_427' title='bbox 1686 3854 1933 3908; x_wconf 88' lang='lat' dir='ltr'><strong>minister</strong></span> <span class='ocrx_word' id='word_1_428' title='bbox 1962 3855 2099 3910; x_wconf 71' lang='lat' dir='ltr'><strong>aula:</strong></span> 
     </span>
    </p>
   </div>
   <div class='ocr_carea' id='block_1_62' title="bbox 516 3939 2093 4014">
    <p class='ocr_par' dir='ltr' id='par_1_62' title="bbox 516 3939 2093 4014">
     <span class='ocr_line' id='line_1_63' title="bbox 516 3939 2093 4014; baseline 0.006 -22"><span class='ocrx_word' id='word_1_429' title='bbox 516 3939 758 3995; x_wconf 68' lang='lat' dir='ltr'><strong>caelestis</strong></span> <span class='ocrx_word' id='word_1_430' title='bbox 784 3943 878 4006; x_wconf 90' lang='lat' dir='ltr'><strong>sit,</strong></span> <span class='ocrx_word' id='word_1_431' title='bbox 913 3942 1154 4011; x_wconf 86' lang='lat' dir='ltr'><strong>quiante</strong></span> <span class='ocrx_word' id='word_1_432' title='bbox 1175 3943 1365 3997; x_wconf 88' lang='lat' dir='ltr'><strong>oculos</strong></span> <span class='ocrx_word' id='word_1_433' title='bbox 1391 3952 1552 4007; x_wconf 88' lang='lat' dir='ltr'><strong>astat,</strong></span> <span class='ocrx_word' id='word_1_434' title='bbox 1585 3959 1692 4009; x_wconf 82' lang='lat' dir='ltr'><strong>non</strong></span> <span class='ocrx_word' id='word_1_435' title='bbox 1721 3956 1903 4000; x_wconf 90' lang='lat' dir='ltr'><strong>autem</strong></span> <span class='ocrx_word' id='word_1_436' title='bbox 1929 3945 2093 4014; x_wconf 85' lang='lat' dir='ltr'><strong>Deus,</strong></span> 
     </span>
    </p>
   </div>
   <div class='ocr_carea' id='block_1_63' title="bbox 519 4027 2092 4099">
    <p class='ocr_par' dir='ltr' id='par_1_63' title="bbox 519 4027 2092 4099">
     <span class='ocr_line' id='line_1_64' title="bbox 519 4027 2092 4099; baseline 0.006 -19"><span class='ocrx_word' id='word_1_437' title='bbox 519 4027 644 4086; x_wconf 91' lang='lat' dir='ltr'><strong>inde</strong></span> <span class='ocrx_word' id='word_1_438' title='bbox 667 4038 812 4098; x_wconf 87' lang='lat' dir='ltr'><strong>patet</strong></span> <span class='ocrx_word' id='word_1_439' title='bbox 837 4032 980 4099; x_wconf 84' lang='lat' dir='ltr'><strong>quod</strong></span> <span class='ocrx_word' id='word_1_440' title='bbox 1004 4039 1240 4086; x_wconf 87' lang='lat' dir='ltr'><strong>stantem</strong></span> <span class='ocrx_word' id='word_1_441' title='bbox 1269 4033 1447 4087; x_wconf 84' lang='lat' dir='ltr'><strong>video.</strong></span> <span class='ocrx_word' id='word_1_442' title='bbox 1477 4033 1648 4089; x_wconf 89' lang='lat' dir='ltr'><strong>Isaias</strong></span> <span class='ocrx_word' id='word_1_443' title='bbox 1687 4037 1830 4088; x_wconf 89' lang='lat' dir='ltr'><strong>enim</strong></span> <span class='ocrx_word' id='word_1_444' title='bbox 1850 4037 1878 4075; x_wconf 70' lang='grc' dir='ltr'>ιι</span> <span class='ocrx_word' id='word_1_445' title='bbox 1907 4037 2092 4092; x_wconf 81' lang='lat' dir='ltr'><strong>Domi-</strong></span> 
     </span>
    </p>
   </div>
   <div class='ocr_carea' id='block_1_64' title="bbox 519 4122 2093 4196">
    <p class='ocr_par' dir='ltr' id='par_1_64' title="bbox 519 4122 2093 4196">
     <span class='ocr_line' id='line_1_65' title="bbox 519 4122 2093 4196; baseline 0.006 -21"><span class='ocrx_word' id='word_1_446' title='bbox 519 4137 647 4176; x_wconf 89' lang='lat' dir='ltr'><strong>num</strong></span> <span class='ocrx_word' id='word_1_447' title='bbox 693 4122 825 4176; x_wconf 85' lang='lat' dir='ltr'><strong>vidit</strong></span> <span class='ocrx_word' id='word_1_448' title='bbox 875 4125 1192 4192; x_wconf 88' lang='lat' dir='ltr'><strong>sedentem;</strong></span> <span class='ocrx_word' id='word_1_449' title='bbox 1229 4137 1285 4180; x_wconf 88' lang='lat' dir='ltr'><strong>et</strong></span> <span class='ocrx_word' id='word_1_450' title='bbox 1335 4142 1499 4196; x_wconf 88' lang='lat' dir='ltr'><strong>supra</strong></span> <span class='ocrx_word' id='word_1_451' title='bbox 1537 4130 1790 4183; x_wconf 86' lang='lat' dir='ltr'><strong>thronum</strong></span> <span class='ocrx_word' id='word_1_452' title='bbox 1841 4129 2093 4186; x_wconf 85' lang='lat' dir='ltr'><strong>Ezechiel</strong></span> 
     </span>
    </p>
   </div>
   <div class='ocr_carea' id='block_1_65' title="bbox 513 4212 2094 4292">
    <p class='ocr_par' dir='ltr' id='par_1_65' title="bbox 513 4212 2094 4292">
     <span class='ocr_line' id='line_1_66' title="bbox 513 4212 2094 4292; baseline 0.008 -27"><span class='ocrx_word' id='word_1_453' title='bbox 513 4213 650 4266; x_wconf 88' lang='lat' dir='ltr'><strong>vidit</strong></span> <span class='ocrx_word' id='word_1_454' title='bbox 697 4212 1081 4283; x_wconf 86' lang='lat' dir='ltr'><strong>incorporeum</strong></span> <span class='ocrx_word' id='word_1_455' title='bbox 1116 4217 1174 4284; x_wconf 83' lang='lat' dir='ltr'><strong>i;</strong></span> <span class='ocrx_word' id='word_1_456' title='bbox 1225 4219 1534 4288; x_wconf 88' lang='lat' dir='ltr'><strong>iterumque</strong></span> <span class='ocrx_word' id='word_1_457' title='bbox 1574 4219 1765 4276; x_wconf 89' lang='lat' dir='ltr'><strong>Daniel</strong></span> <span class='ocrx_word' id='word_1_458' title='bbox 1798 4222 2094 4292; x_wconf 87' lang='lat' dir='ltr'><strong>Antiqnum</strong></span> 
     </span>
    </p>
   </div>
   <div class='ocr_carea' id='block_1_66' title="bbox 517 4301 2095 4375">
    <p class='ocr_par' dir='ltr' id='par_1_66' title="bbox 517 4301 2095 4375">
     <span class='ocr_line' id='line_1_67' title="bbox 517 4301 2095 4375; baseline 0.008 -19"><span class='ocrx_word' id='word_1_459' title='bbox 517 4301 995 4375; x_wconf 53' lang='lat' dir='ltr'><strong>dierum-aspexit</strong></span> <span class='ocrx_word' id='word_1_460' title='bbox 1029 4309 1304 4363; x_wconf 88' lang='lat' dir='ltr'><strong>sedentem</strong></span> <span class='ocrx_word' id='word_1_461' title='bbox 1331 4307 1380 4365; x_wconf 87' lang='lat' dir='ltr'><strong>l.</strong></span> <span class='ocrx_word' id='word_1_462' title='bbox 1432 4310 1531 4366; x_wconf 92' lang='lat' dir='ltr'><strong>Hic</strong></span> <span class='ocrx_word' id='word_1_463' title='bbox 1580 4324 1764 4366; x_wconf 90' lang='lat' dir='ltr'><strong>autem</strong></span> <span class='ocrx_word' id='word_1_464' title='bbox 1807 4322 1918 4368; x_wconf 86' lang='lat' dir='ltr'><strong>stat</strong></span> <span class='ocrx_word' id='word_1_465' title='bbox 1948 4314 2095 4368; x_wconf 83' lang='lat' dir='ltr'><strong>velut</strong></span> 
     </span>
    </p>
   </div>
   <div class='ocr_carea' id='block_1_67' title="bbox 517 4392 2089 4469">
    <p class='ocr_par' dir='ltr' id='par_1_67' title="bbox 517 4392 2089 4469">
     <span class='ocr_line' id='line_1_68' title="bbox 517 4392 2089 4469; baseline 0.007 -23"><span class='ocrx_word' id='word_1_466' title='bbox 517 4392 879 4449; x_wconf 89' lang='lat' dir='ltr'><strong>ministerium</strong></span> <span class='ocrx_word' id='word_1_467' title='bbox 911 4397 1166 4465; x_wconf 83' lang='lat' dir='ltr'><strong>explens,</strong></span> <span class='ocrx_word' id='word_1_468' title='bbox 1199 4408 1523 4469; x_wconf 88' lang='lat' dir='ltr'><strong>partemque</strong></span> <span class='ocrx_word' id='word_1_469' title='bbox 1552 4403 1741 4458; x_wconf 86' lang='lat' dir='ltr'><strong>altaris</strong></span> <span class='ocrx_word' id='word_1_470' title='bbox 1769 4403 2089 4458; x_wconf 89' lang='lat' dir='ltr'><strong>nobiliorem</strong></span> 
     </span>
    </p>
   </div>
   <div class='ocr_carea' id='block_1_68' title="bbox 514 4485 2090 4562">
    <p class='ocr_par' dir='ltr' id='par_1_68' title="bbox 514 4485 2090 4562">
     <span class='ocr_line' id='line_1_69' title="bbox 514 4485 2090 4562; baseline 0.006 -23"><span class='ocrx_word' id='word_1_471' title='bbox 514 4491 728 4541; x_wconf 85' lang='lat' dir='ltr'><strong>tenens.</strong></span> <span class='ocrx_word' id='word_1_472' title='bbox 761 4485 859 4542; x_wconf 82' lang='lat' dir='ltr'><strong>llei</strong></span> <span class='ocrx_word' id='word_1_473' title='bbox 887 4489 1050 4543; x_wconf 82' lang='lat' dir='ltr'><strong>mihi!</strong></span> <span class='ocrx_word' id='word_1_474' title='bbox 1086 4492 1329 4560; x_wconf 84' lang='lat' dir='ltr'><strong>nunquid</strong></span> <span class='ocrx_word' id='word_1_475' title='bbox 1365 4503 1563 4561; x_wconf 67' lang='lat' dir='ltr'><strong>praeter</strong></span> <span class='ocrx_word' id='word_1_476' title='bbox 1591 4503 1876 4562; x_wconf 89' lang='lat' dir='ltr'><strong>peceatum</strong></span> <span class='ocrx_word' id='word_1_477' title='bbox 1911 4511 2090 4549; x_wconf 88' lang='lat' dir='ltr'><strong>meum</strong></span> 
     </span>
    </p>
   </div>
   <div class='ocr_carea' id='block_1_69' title="bbox 513 4579 2094 4657">
    <p class='ocr_par' dir='ltr' id='par_1_69' title="bbox 513 4579 2094 4657">
     <span class='ocr_line' id='line_1_70' title="bbox 513 4579 2094 4657; baseline 0.004 -23"><span class='ocrx_word' id='word_1_478' title='bbox 513 4579 681 4634; x_wconf 88' lang='lat' dir='ltr'><strong>etiam</strong></span> <span class='ocrx_word' id='word_1_479' title='bbox 713 4593 812 4648; x_wconf 92' lang='lat' dir='ltr'><strong>pro</strong></span> <span class='ocrx_word' id='word_1_480' title='bbox 843 4583 1084 4649; x_wconf 90' lang='lat' dir='ltr'><strong>peccatis</strong></span> <span class='ocrx_word' id='word_1_481' title='bbox 1130 4583 1312 4652; x_wconf 87' lang='lat' dir='ltr'><strong>populi</strong></span> <span class='ocrx_word' id='word_1_482' title='bbox 1355 4598 1386 4637; x_wconf 88' lang='lat' dir='ltr'><strong>a</strong></span> <span class='ocrx_word' id='word_1_483' title='bbox 1432 4598 1519 4638; x_wconf 89' lang='lat' dir='ltr'><strong>me</strong></span> <span class='ocrx_word' id='word_1_484' title='bbox 1558 4586 1826 4640; x_wconf 83' lang='lat' dir='ltr'><strong>rationem</strong></span> <span class='ocrx_word' id='word_1_485' title='bbox 1877 4588 2094 4657; x_wconf 82' lang='lat' dir='ltr'><strong>exiget?</strong></span> 
     </span>
    </p>
   </div>
   <div class='ocr_carea' id='block_1_70' title="bbox 510 4670 2088 4747">
    <p class='ocr_par' dir='ltr' id='par_1_70' title="bbox 510 4670 2088 4747">
     <span class='ocr_line' id='line_1_71' title="bbox 510 4670 2088 4747; baseline 0.004 -22"><span class='ocrx_word' id='word_1_486' title='bbox 510 4670 767 4743; x_wconf 80' lang='lat' dir='ltr'><strong>Nunquid</strong></span> <span class='ocrx_word' id='word_1_487' title='bbox 812 4673 1036 4730; x_wconf 87' lang='lat' dir='ltr'><strong>honoris</strong></span> <span class='ocrx_word' id='word_1_488' title='bbox 1085 4675 1385 4746; x_wconf 89' lang='lat' dir='ltr'><strong>amplitudo</strong></span> <span class='ocrx_word' id='word_1_489' title='bbox 1427 4677 1700 4747; x_wconf 87' lang='lat' dir='ltr'><strong>gravioris</strong></span> <span class='ocrx_word' id='word_1_490' title='bbox 1744 4681 2088 4747; x_wconf 68' lang='lat' dir='ltr'><strong>ptenmmilii</strong></span> 
     </span>
    </p>
   </div>
   <div class='ocr_carea' id='block_1_71' title="bbox 510 4765 990 4822">
    <p class='ocr_par' dir='ltr' id='par_1_71' title="bbox 510 4765 990 4822">
     <span class='ocr_line' id='line_1_72' title="bbox 510 4765 990 4822; baseline 0.008 -4"><span class='ocrx_word' id='word_1_491' title='bbox 510 4765 727 4819; x_wconf 84' lang='lat' dir='ltr'><strong>occasio</strong></span> <span class='ocrx_word' id='word_1_492' title='bbox 761 4765 990 4822; x_wconf 81' lang='lat' dir='ltr'><strong>evadet?</strong></span> 
     </span>
    </p>
   </div>
   <div class='ocr_carea' id='block_1_72' title="bbox 584 4851 2084 4931">
    <p class='ocr_par' dir='ltr' id='par_1_72' title="bbox 584 4851 2084 4931">
     <span class='ocr_line' id='line_1_73' title="bbox 584 4851 2084 4931; baseline 0.005 -26"><span class='ocrx_word' id='word_1_493' title='bbox 584 4851 671 4906; x_wconf 87' lang='lat' dir='ltr'><strong>Vl.</strong></span> <span class='ocrx_word' id='word_1_494' title='bbox 712 4853 838 4911; x_wconf 72' lang='lat' dir='ltr'><strong>Haec</strong></span> <span class='ocrx_word' id='word_1_495' title='bbox 887 4857 1185 4914; x_wconf 85' lang='lat' dir='ltr'><strong>Zacharias</strong></span> <span class='ocrx_word' id='word_1_496' title='bbox 1235 4875 1420 4916; x_wconf 89' lang='lat' dir='ltr'><strong>secum</strong></span> <span class='ocrx_word' id='word_1_497' title='bbox 1474 4860 1589 4929; x_wconf 90' lang='lat' dir='ltr'><strong>ipse</strong></span> <span class='ocrx_word' id='word_1_498' title='bbox 1640 4871 1822 4916; x_wconf 91' lang='lat' dir='ltr'><strong>mente</strong></span> <span class='ocrx_word' id='word_1_499' title='bbox 1870 4859 2084 4931; x_wconf 80' lang='lat' dir='ltr'><strong>pervol-</strong></span> 
     </span>
    </p>
   </div>
   <div class='ocr_carea' id='block_1_73' title="bbox 509 4947 2084 5024">
    <p class='ocr_par' dir='ltr' id='par_1_73' title="bbox 509 4947 2084 5024">
     <span class='ocr_line' id='line_1_74' title="bbox 509 4947 2084 5024; baseline 0.006 -25"><span class='ocrx_word' id='word_1_500' title='bbox 509 4955 665 5011; x_wconf 78' lang='lat' dir='ltr'><strong>vens,</strong></span> <span class='ocrx_word' id='word_1_501' title='bbox 711 4947 926 5004; x_wconf 88' lang='lat' dir='ltr'><strong>interno</strong></span> <span class='ocrx_word' id='word_1_502' title='bbox 950 4949 1263 5020; x_wconf 87' lang='lat' dir='ltr'><strong>jactabatur</strong></span> <span class='ocrx_word' id='word_1_503' title='bbox 1301 4952 1560 5008; x_wconf 90' lang='lat' dir='ltr'><strong>tumultu.</strong></span> <span class='ocrx_word' id='word_1_504' title='bbox 1594 4953 1665 5007; x_wconf 79' lang='lat' dir='ltr'><strong>At</strong></span> <span class='ocrx_word' id='word_1_505' title='bbox 1693 4951 1943 5024; x_wconf 84' lang='lat' dir='ltr'><strong>angelum</strong></span> <span class='ocrx_word' id='word_1_506' title='bbox 1971 4951 2084 5008; x_wconf 86' lang='lat' dir='ltr'><strong>Ga-</strong></span> 
     </span>
    </p>
   </div>
   <div class='ocr_carea' id='block_1_74' title="bbox 582 5081 1923 5152">
    <p class='ocr_par' dir='ltr' id='par_1_74' title="bbox 582 5081 1923 5152">
     <span class='ocr_line' id='line_1_75' title="bbox 582 5081 1923 5152; baseline 0.01 -15"><span class='ocrx_word' id='word_1_507' title='bbox 582 5081 765 5140; x_wconf 70' lang='lat' dir='ltr'><strong>dLuc.</strong></span> <span class='ocrx_word' id='word_1_508' title='bbox 797 5101 836 5152; x_wconf 89' lang='grc'>1,</span> <span class='ocrx_word' id='word_1_509' title='bbox 875 5086 930 5144; x_wconf 88' lang='grc'><strong>7.</strong></span> <span class='ocrx_word' id='word_1_510' title='bbox 1011 5098 1035 5127; x_wconf 79' lang='grc' dir='ltr'><strong>ο</strong></span> <span class='ocrx_word' id='word_1_511' title='bbox 1060 5089 1190 5146; x_wconf 85' lang='lat' dir='ltr'><strong>ibid.</strong></span> <span class='ocrx_word' id='word_1_512' title='bbox 1224 5090 1279 5147; x_wconf 92' lang='lat'><strong>8.</strong></span> <span class='ocrx_word' id='word_1_513' title='bbox 1359 5091 1380 5132; x_wconf 72' lang='grc' dir='ltr'><em>τ</em></span> <span class='ocrx_word' id='word_1_514' title='bbox 1409 5094 1541 5150; x_wconf 90' lang='lat' dir='ltr'><strong>ibid.</strong></span> <span class='ocrx_word' id='word_1_515' title='bbox 1623 5097 1648 5136; x_wconf 76' lang='grc' dir='ltr'><strong>ε</strong></span> <span class='ocrx_word' id='word_1_516' title='bbox 1671 5094 1804 5152; x_wconf 91' lang='lat' dir='ltr'><strong>ibid.</strong></span> <span class='ocrx_word' id='word_1_517' title='bbox 1832 5095 1923 5152; x_wconf 70' lang='grc'><strong>12.</strong></span> 
     </span>
    </p>
   </div>
   <div class='ocr_carea' id='block_1_75' title="bbox 2205 2299 3801 2381">
    <p class='ocr_par' dir='ltr' id='par_1_75' title="bbox 2205 2299 3801 2381">
     <span class='ocr_line' id='line_1_76' title="bbox 2205 2299 3801 2381; baseline 0.009 -32"><span class='ocrx_word' id='word_1_518' title='bbox 2205 2300 2301 2351; x_wconf 76' lang='grc' dir='ltr'><strong>καὶ</strong></span> <span class='ocrx_word' id='word_1_519' title='bbox 2332 2299 2650 2368; x_wconf 84' lang='grc' dir='ltr'>προϐαίνειν</span> <span class='ocrx_word' id='word_1_520' title='bbox 2679 2301 2780 2355; x_wconf 80' lang='grc' dir='ltr'><strong>οὐκ</strong></span> <span class='ocrx_word' id='word_1_521' title='bbox 2819 2303 3042 2373; x_wconf 77' lang='grc' dir='ltr'>ἴσχυσεν</span> <span class='ocrx_word' id='word_1_522' title='bbox 3073 2311 3138 2376; x_wconf 80' lang='grc' dir='ltr'>τῇ</span> <span class='ocrx_word' id='word_1_523' title='bbox 3174 2306 3269 2358; x_wconf 81' lang='grc' dir='ltr'>τοῦ</span> <span class='ocrx_word' id='word_1_524' title='bbox 3315 2308 3553 2376; x_wconf 81' lang='grc' dir='ltr'>ἀγγέλου</span> <span class='ocrx_word' id='word_1_525' title='bbox 3588 2309 3689 2381; x_wconf 79' lang='grc' dir='ltr'><strong>θέᾳ</strong></span> <span class='ocrx_word' id='word_1_526' title='bbox 3717 2313 3801 2375; x_wconf 82' lang='grc' dir='ltr'><strong>εἰς</strong></span> 
     </span>
    </p>
   </div>
   <div class='ocr_carea' id='block_1_76' title="bbox 2203 2389 3802 2474">
    <p class='ocr_par' dir='ltr' id='par_1_76' title="bbox 2203 2389 3802 2474">
     <span class='ocr_line' id='line_1_77' title="bbox 2203 2389 3802 2474; baseline 0.009 -31"><span class='ocrx_word' id='word_1_527' title='bbox 2203 2389 2272 2444; x_wconf 82' lang='grc' dir='ltr'>τὰ</span> <span class='ocrx_word' id='word_1_528' title='bbox 2301 2390 2478 2444; x_wconf 80' lang='grc' dir='ltr'>ὀπίσω</span> <span class='ocrx_word' id='word_1_529' title='bbox 2509 2393 2893 2463; x_wconf 75' lang='grc' dir='ltr'>πεμπόμενοςο</span> <span class='ocrx_word' id='word_1_530' title='bbox 2937 2398 3172 2450; x_wconf 77' lang='grc' dir='ltr'>ἐπιπολὺ</span> <span class='ocrx_word' id='word_1_531' title='bbox 3211 2399 3269 2452; x_wconf 82' lang='grc' dir='ltr'>δὲ</span> <span class='ocrx_word' id='word_1_532' title='bbox 3303 2401 3619 2471; x_wconf 76' lang='grc' dir='ltr'>μεμένηκεν</span> <span class='ocrx_word' id='word_1_533' title='bbox 3658 2405 3802 2474; x_wconf 79' lang='grc' dir='ltr'><strong>ἀχα-</strong></span> 
     </span>
    </p>
   </div>
   <div class='ocr_carea' id='block_1_77' title="bbox 2204 2482 3794 2565">
    <p class='ocr_par' dir='ltr' id='par_1_77' title="bbox 2204 2482 3794 2565">
     <span class='ocr_line' id='line_1_78' title="bbox 2204 2482 3794 2565; baseline 0.009 -31"><span class='ocrx_word' id='word_1_534' title='bbox 2204 2482 2301 2552; x_wconf 84' lang='grc' dir='ltr'><strong>νὴς</strong></span> <span class='ocrx_word' id='word_1_535' title='bbox 2341 2483 2517 2536; x_wconf 83' lang='grc' dir='ltr'>ταῦτα</span> <span class='ocrx_word' id='word_1_536' title='bbox 2545 2483 2723 2553; x_wconf 87' lang='grc' dir='ltr'>λέγων</span> <span class='ocrx_word' id='word_1_537' title='bbox 2757 2485 2881 2539; x_wconf 83' lang='grc' dir='ltr'>καθ’</span> <span class='ocrx_word' id='word_1_538' title='bbox 2920 2490 3136 2543; x_wconf 78' lang='grc' dir='ltr'>ἑαυτόν·</span> <span class='ocrx_word' id='word_1_539' title='bbox 3172 2492 3236 2543; x_wconf 88' lang='grc' dir='ltr'><strong>Τί</strong></span> <span class='ocrx_word' id='word_1_540' title='bbox 3275 2491 3339 2562; x_wconf 83' lang='grc' dir='ltr'>δὴ</span> <span class='ocrx_word' id='word_1_541' title='bbox 3373 2493 3434 2545; x_wconf 83' lang='grc' dir='ltr'><strong>τὸ</strong></span> <span class='ocrx_word' id='word_1_542' title='bbox 3470 2493 3794 2565; x_wconf 80' lang='grc' dir='ltr'>όρώμενονς</span> 
     </span>
    </p>
   </div>
   <div class='ocr_carea' id='block_1_78' title="bbox 2205 2575 3797 2656">
    <p class='ocr_par' dir='ltr' id='par_1_78' title="bbox 2205 2575 3797 2656">
     <span class='ocr_line' id='line_1_79' title="bbox 2205 2575 3797 2656; baseline 0.007 -28"><span class='ocrx_word' id='word_1_543' title='bbox 2205 2575 2399 2646; x_wconf 83' lang='grc' dir='ltr'>ἁπορῶ</span> <span class='ocrx_word' id='word_1_544' title='bbox 2421 2591 2433 2604; x_wconf 92' lang='grc'><strong>·</strong></span> <span class='ocrx_word' id='word_1_545' title='bbox 2467 2576 2655 2647; x_wconf 77' lang='grc' dir='ltr'>ἕτερος</span> <span class='ocrx_word' id='word_1_546' title='bbox 2689 2578 2962 2648; x_wconf 84' lang='grc' dir='ltr'>ίερατεύει</span> <span class='ocrx_word' id='word_1_547' title='bbox 2993 2582 3145 2653; x_wconf 71' lang='grc' dir='ltr'>παρὰ</span> <span class='ocrx_word' id='word_1_548' title='bbox 3174 2582 3234 2635; x_wconf 81' lang='grc' dir='ltr'>τὸ</span> <span class='ocrx_word' id='word_1_549' title='bbox 3275 2583 3672 2656; x_wconf 78' lang='grc' dir='ltr'>θυσιαστήριον</span> <span class='ocrx_word' id='word_1_550' title='bbox 3701 2587 3797 2641; x_wconf 69' lang='grc' dir='ltr'>τοῦ</span> 
     </span>
    </p>
   </div>
   <div class='ocr_carea' id='block_1_79' title="bbox 2205 2667 3799 2748">
    <p class='ocr_par' dir='ltr' id='par_1_79' title="bbox 2205 2667 3799 2748">
     <span class='ocr_line' id='line_1_80' title="bbox 2205 2667 3799 2748; baseline 0.009 -29"><span class='ocrx_word' id='word_1_551' title='bbox 2205 2667 2580 2739; x_wconf 85' lang='grc' dir='ltr'>θυμιάματος·</span> <span class='ocrx_word' id='word_1_552' title='bbox 2612 2669 2724 2738; x_wconf 86' lang='grc' dir='ltr'>ἐγὼ</span> <span class='ocrx_word' id='word_1_553' title='bbox 2771 2671 2826 2724; x_wconf 85' lang='grc' dir='ltr'>δὲ</span> <span class='ocrx_word' id='word_1_554' title='bbox 2861 2672 2978 2736; x_wconf 82' lang='grc' dir='ltr'>πῶς</span> <span class='ocrx_word' id='word_1_555' title='bbox 3024 2675 3275 2745; x_wconf 77' lang='grc' dir='ltr'>ἐπιθήσω</span> <span class='ocrx_word' id='word_1_556' title='bbox 3313 2676 3392 2747; x_wconf 80' lang='grc' dir='ltr'><strong>τῷ</strong></span> <span class='ocrx_word' id='word_1_557' title='bbox 3425 2681 3562 2748; x_wconf 73' lang='grc' dir='ltr'>πυρὶ</span> <span class='ocrx_word' id='word_1_558' title='bbox 3592 2679 3654 2733; x_wconf 83' lang='grc' dir='ltr'>τὸ</span> <span class='ocrx_word' id='word_1_559' title='bbox 3699 2679 3799 2734; x_wconf 88' lang='grc' dir='ltr'>θυ-</span> 
     </span>
    </p>
   </div>
   <div class='ocr_carea' id='block_1_80' title="bbox 2207 2758 3796 2838">
    <p class='ocr_par' dir='ltr' id='par_1_80' title="bbox 2207 2758 3796 2838">
     <span class='ocr_line' id='line_1_81' title="bbox 2207 2758 3796 2838; baseline 0.009 -28"><span class='ocrx_word' id='word_1_560' title='bbox 2207 2758 2423 2829; x_wconf 88' lang='grc' dir='ltr'>μίαμα;</span> <span class='ocrx_word' id='word_1_561' title='bbox 2459 2761 2594 2814; x_wconf 87' lang='grc' dir='ltr'><strong>Ἐνα</strong></span> <span class='ocrx_word' id='word_1_562' title='bbox 2645 2758 2806 2831; x_wconf 88' lang='grc' dir='ltr'>μόνον</span> <span class='ocrx_word' id='word_1_563' title='bbox 2850 2764 3153 2832; x_wconf 72' lang='grc' dir='ltr'>ἱερατεύειν</span> <span class='ocrx_word' id='word_1_564' title='bbox 3189 2768 3218 2819; x_wconf 90' lang='lat'><strong>6</strong></span> <span class='ocrx_word' id='word_1_565' title='bbox 3253 2768 3418 2838; x_wconf 83' lang='grc' dir='ltr'>νόμος</span> <span class='ocrx_word' id='word_1_566' title='bbox 3465 2771 3757 2824; x_wconf 74' lang='grc' dir='ltr'>ἐκέλευσεν</span> <span class='ocrx_word' id='word_1_567' title='bbox 3779 2787 3796 2802; x_wconf 71' lang='grc'><strong>⁸</strong></span> 
     </span>
    </p>
   </div>
   <div class='ocr_carea' id='block_1_81' title="bbox 2203 2849 3795 2928">
    <p class='ocr_par' dir='ltr' id='par_1_81' title="bbox 2203 2849 3795 2928">
     <span class='ocr_line' id='line_1_82' title="bbox 2203 2849 3795 2928; baseline 0.009 -26"><span class='ocrx_word' id='word_1_568' title='bbox 2203 2849 2454 2918; x_wconf 82' lang='grc' dir='ltr'>ἄγγελος,</span> <span class='ocrx_word' id='word_1_569' title='bbox 2480 2851 2579 2904; x_wconf 82' lang='grc' dir='ltr'><strong>οὐκ</strong></span> <span class='ocrx_word' id='word_1_570' title='bbox 2608 2853 2894 2924; x_wconf 80' lang='grc' dir='ltr'>ἄνθρωπος</span> <span class='ocrx_word' id='word_1_571' title='bbox 2919 2857 2947 2908; x_wconf 87' lang='grc' dir='ltr'>ὁ</span> <span class='ocrx_word' id='word_1_572' title='bbox 2968 2855 3269 2928; x_wconf 83' lang='grc' dir='ltr'>ὁρώμενος,</span> <span class='ocrx_word' id='word_1_573' title='bbox 3303 2861 3397 2912; x_wconf 76' lang='grc' dir='ltr'>καὶ</span> <span class='ocrx_word' id='word_1_574' title='bbox 3421 2854 3580 2926; x_wconf 77' lang='grc' dir='ltr'>οὗτος</span> <span class='ocrx_word' id='word_1_575' title='bbox 3608 2863 3637 2915; x_wconf 98' lang='lat'><strong>6</strong></span> <span class='ocrx_word' id='word_1_576' title='bbox 3667 2863 3795 2926; x_wconf 81' lang='grc' dir='ltr'>ναδς</span> 
     </span>
    </p>
   </div>
   <div class='ocr_carea' id='block_1_82' title="bbox 2203 2942 3798 3026">
    <p class='ocr_par' dir='ltr' id='par_1_82' title="bbox 2203 2942 3798 3026">
     <span class='ocr_line' id='line_1_83' title="bbox 2203 2942 3798 3026; baseline 0.008 -30"><span class='ocrx_word' id='word_1_577' title='bbox 2203 2942 2405 3007; x_wconf 84' lang='grc' dir='ltr'>ἄϐατος</span> <span class='ocrx_word' id='word_1_578' title='bbox 2429 2944 2510 2976; x_wconf 81' lang='grc'><strong>³⁸·</strong></span> <span class='ocrx_word' id='word_1_579' title='bbox 2545 2945 2606 2998; x_wconf 85' lang='grc' dir='ltr'><strong>οὐ</strong></span> <span class='ocrx_word' id='word_1_580' title='bbox 2645 2947 2754 3018; x_wconf 80' lang='grc' dir='ltr'>γὰρ</span> <span class='ocrx_word' id='word_1_581' title='bbox 2806 2948 3091 3019; x_wconf 74' lang='grc' dir='ltr'>ἐμάθομεν</span> <span class='ocrx_word' id='word_1_582' title='bbox 3137 2950 3393 3020; x_wconf 81' lang='grc' dir='ltr'><strong>ἀγγέλοις</strong></span> <span class='ocrx_word' id='word_1_583' title='bbox 3440 2954 3798 3026; x_wconf 84' lang='grc' dir='ltr'>συλλειτουρ-</span> 
     </span>
    </p>
   </div>
   <div class='ocr_carea' id='block_1_83' title="bbox 2203 3038 3798 3115">
    <p class='ocr_par' dir='ltr' id='par_1_83' title="bbox 2203 3038 3798 3115">
     <span class='ocr_line' id='line_1_84' title="bbox 2203 3038 3798 3115; baseline 0.006 -26"><span class='ocrx_word' id='word_1_584' title='bbox 2203 3039 2342 3105; x_wconf 86' lang='grc' dir='ltr'><strong>γεῖν.</strong></span> <span class='ocrx_word' id='word_1_585' title='bbox 2405 3039 2500 3102; x_wconf 88' lang='grc' dir='ltr'>Τίς</span> <span class='ocrx_word' id='word_1_586' title='bbox 2555 3038 2846 3109; x_wconf 76' lang='grc' dir='ltr'>γένωμαις</span> <span class='ocrx_word' id='word_1_587' title='bbox 2897 3041 2962 3094; x_wconf 89' lang='grc' dir='ltr'><strong>Τί</strong></span> <span class='ocrx_word' id='word_1_588' title='bbox 3013 3041 3235 3112; x_wconf 75' lang='grc' dir='ltr'>πράξως</span> <span class='ocrx_word' id='word_1_589' title='bbox 3296 3043 3429 3098; x_wconf 88' lang='grc' dir='ltr'>Τίνα</span> <span class='ocrx_word' id='word_1_590' title='bbox 3485 3045 3798 3115; x_wconf 82' lang='grc' dir='ltr'>σύμϐουλον</span> 
     </span>
    </p>
   </div>
   <div class='ocr_carea' id='block_1_84' title="bbox 2203 3127 3800 3204">
    <p class='ocr_par' dir='ltr' id='par_1_84' title="bbox 2203 3127 3800 3204">
     <span class='ocr_line' id='line_1_85' title="bbox 2203 3127 3800 3204; baseline 0.007 -25"><span class='ocrx_word' id='word_1_591' title='bbox 2203 3127 2391 3194; x_wconf 83' lang='grc' dir='ltr'>λάϐω;</span> <span class='ocrx_word' id='word_1_592' title='bbox 2439 3129 2841 3201; x_wconf 85' lang='grc' dir='ltr'>Παραχωρήσω</span> <span class='ocrx_word' id='word_1_593' title='bbox 2878 3130 2958 3202; x_wconf 78' lang='grc' dir='ltr'>τῷ</span> <span class='ocrx_word' id='word_1_594' title='bbox 3000 3132 3143 3203; x_wconf 84' lang='grc' dir='ltr'>ἁγίῳ</span> <span class='ocrx_word' id='word_1_595' title='bbox 3189 3133 3258 3186; x_wconf 76' lang='grc' dir='ltr'>τὰ</span> <span class='ocrx_word' id='word_1_596' title='bbox 3306 3136 3472 3204; x_wconf 81' lang='grc' dir='ltr'>ἆγια;</span> <span class='ocrx_word' id='word_1_597' title='bbox 3525 3137 3800 3200; x_wconf 62' lang='grc' dir='ltr'>’Δσπάζοι</span> 
     </span>
    </p>
   </div>
   <div class='ocr_carea' id='block_1_85' title="bbox 2207 3217 3800 3298">
    <p class='ocr_par' dir='ltr' id='par_1_85' title="bbox 2207 3217 3800 3298">
     <span class='ocr_line' id='line_1_86' title="bbox 2207 3217 3800 3298; baseline 0.009 -30"><span class='ocrx_word' id='word_1_598' title='bbox 2207 3233 2305 3284; x_wconf 87' lang='grc' dir='ltr'><strong>μαι</strong></span> <span class='ocrx_word' id='word_1_599' title='bbox 2360 3217 2675 3288; x_wconf 87' lang='grc' dir='ltr'>προσελθὼν</span> <span class='ocrx_word' id='word_1_600' title='bbox 2717 3221 2761 3250; x_wconf 87' lang='grc'>³⁷</span> <span class='ocrx_word' id='word_1_601' title='bbox 2793 3220 2855 3272; x_wconf 84' lang='grc' dir='ltr'>τὸ</span> <span class='ocrx_word' id='word_1_602' title='bbox 2902 3222 3261 3294; x_wconf 84' lang='grc' dir='ltr'>θυμιατήριον</span> <span class='ocrx_word' id='word_1_603' title='bbox 3303 3225 3596 3292; x_wconf 77' lang='grc' dir='ltr'>ἐπιδώσως</span> <span class='ocrx_word' id='word_1_604' title='bbox 3639 3223 3800 3298; x_wconf 70' lang='grc' dir='ltr'>τΑρά</span> 
     </span>
    </p>
   </div>
   <div class='ocr_carea' id='block_1_86' title="bbox 2204 3308 3795 3392">
    <p class='ocr_par' dir='ltr' id='par_1_86' title="bbox 2204 3308 3795 3392">
     <span class='ocr_line' id='line_1_87' title="bbox 2204 3308 3795 3392; baseline 0.009 -33"><span class='ocrx_word' id='word_1_605' title='bbox 2204 3324 2273 3377; x_wconf 90' lang='grc' dir='ltr'><strong>με</strong></span> <span class='ocrx_word' id='word_1_606' title='bbox 2301 3308 2534 3379; x_wconf 78' lang='grc' dir='ltr'>λήψεται</span> <span class='ocrx_word' id='word_1_607' title='bbox 2560 3313 2846 3379; x_wconf 89' lang='grc' dir='ltr'>κοινωνόν;</span> <span class='ocrx_word' id='word_1_608' title='bbox 2871 3311 3020 3386; x_wconf 67' lang='grc' dir='ltr'><strong>τΑρα</strong></span> <span class='ocrx_word' id='word_1_609' title='bbox 3044 3316 3122 3388; x_wconf 81' lang='grc' dir='ltr'>μὴ</span> <span class='ocrx_word' id='word_1_610' title='bbox 3145 3316 3521 3388; x_wconf 81' lang='grc' dir='ltr'>λογοθετήσων</span> <span class='ocrx_word' id='word_1_611' title='bbox 3551 3319 3795 3392; x_wconf 75' lang='grc' dir='ltr'>ἐλήλυθε</span> 
     </span>
    </p>
   </div>
   <div class='ocr_carea' id='block_1_87' title="bbox 2201 3399 2922 3476">
    <p class='ocr_par' dir='ltr' id='par_1_87' title="bbox 2201 3399 2922 3476">
     <span class='ocr_line' id='line_1_88' title="bbox 2201 3399 2922 3476; baseline 0.015 -25"><span class='ocrx_word' id='word_1_612' title='bbox 2201 3399 2309 3453; x_wconf 82' lang='grc' dir='ltr'><strong>τῶν</strong></span> <span class='ocrx_word' id='word_1_613' title='bbox 2337 3402 2509 3470; x_wconf 80' lang='grc' dir='ltr'>ἁγίων</span> <span class='ocrx_word' id='word_1_614' title='bbox 2533 3402 2881 3476; x_wconf 85' lang='grc' dir='ltr'>λειτουργούς</span> <span class='ocrx_word' id='word_1_615' title='bbox 2906 3424 2922 3476; x_wconf 89' lang='lat'><strong>;</strong></span> 
     </span>
    </p>
   </div>
   <div class='ocr_carea' id='block_1_88' title="bbox 2270 3660 3795 3740">
    <p class='ocr_par' dir='ltr' id='par_1_88' title="bbox 2270 3660 3795 3740">
     <span class='ocr_line' id='line_1_89' title="bbox 2270 3660 3795 3740; baseline 0.005 -27"><span class='ocrx_word' id='word_1_616' title='bbox 2270 3660 2503 3732; x_wconf 78' lang='grc' dir='ltr'>Φοϐερὺν</span> <span class='ocrx_word' id='word_1_617' title='bbox 2530 3662 2642 3732; x_wconf 83' lang='grc' dir='ltr'><strong>ὁρῶ</strong></span> <span class='ocrx_word' id='word_1_618' title='bbox 2673 3665 2765 3717; x_wconf 77' lang='grc' dir='ltr'><strong>καὶ</strong></span> <span class='ocrx_word' id='word_1_619' title='bbox 2788 3666 3014 3736; x_wconf 84' lang='grc' dir='ltr'>φαιδρόν</span> <span class='ocrx_word' id='word_1_620' title='bbox 3032 3682 3046 3697; x_wconf 85' lang='grc'><strong>·</strong></span> <span class='ocrx_word' id='word_1_621' title='bbox 3076 3667 3375 3735; x_wconf 81' lang='grc' dir='ltr'>εὐαγγέλια</span> <span class='ocrx_word' id='word_1_622' title='bbox 3395 3667 3645 3738; x_wconf 80' lang='grc' dir='ltr'>κομίζων</span> <span class='ocrx_word' id='word_1_623' title='bbox 3670 3671 3795 3740; x_wconf 72' lang='grc' dir='ltr'>ἐλή-</span> 
     </span>
    </p>
   </div>
   <div class='ocr_carea' id='block_1_89' title="bbox 2200 3751 3790 3832">
    <p class='ocr_par' dir='ltr' id='par_1_89' title="bbox 2200 3751 3790 3832">
     <span class='ocr_line' id='line_1_90' title="bbox 2200 3751 3790 3832; baseline 0.008 -29"><span class='ocrx_word' id='word_1_624' title='bbox 2200 3751 2348 3818; x_wconf 87' lang='grc' dir='ltr'>λυθε,</span> <span class='ocrx_word' id='word_1_625' title='bbox 2389 3753 2567 3824; x_wconf 81' lang='grc' dir='ltr'>λιμὸν,</span> <span class='ocrx_word' id='word_1_626' title='bbox 2599 3755 2633 3826; x_wconf 82' lang='grc' dir='ltr'>ἢ</span> <span class='ocrx_word' id='word_1_627' title='bbox 2667 3757 2902 3828; x_wconf 88' lang='grc' dir='ltr'>πόλεμον</span> <span class='ocrx_word' id='word_1_628' title='bbox 2941 3758 3208 3824; x_wconf 78' lang='grc' dir='ltr'>ἀπειλῶν;</span> <span class='ocrx_word' id='word_1_629' title='bbox 3247 3759 3344 3812; x_wconf 80' lang='grc' dir='ltr'>καὶ</span> <span class='ocrx_word' id='word_1_630' title='bbox 3372 3760 3455 3813; x_wconf 79' lang='grc' dir='ltr'><strong>ὅτι</strong></span> <span class='ocrx_word' id='word_1_631' title='bbox 3490 3762 3592 3831; x_wconf 82' lang='grc' dir='ltr'><strong>μὲν</strong></span> <span class='ocrx_word' id='word_1_632' title='bbox 3619 3764 3790 3832; x_wconf 77' lang='grc' dir='ltr'>οὐρά-</span> 
     </span>
    </p>
   </div>
   <div class='ocr_carea' id='block_1_90' title="bbox 2200 3844 3794 3921">
    <p class='ocr_par' dir='ltr' id='par_1_90' title="bbox 2200 3844 3794 3921">
     <span class='ocr_line' id='line_1_91' title="bbox 2200 3844 3794 3921; baseline 0.006 -26"><span class='ocrx_word' id='word_1_633' title='bbox 2200 3861 2311 3907; x_wconf 89' lang='grc' dir='ltr'>νιος</span> <span class='ocrx_word' id='word_1_634' title='bbox 2339 3844 2638 3917; x_wconf 69' lang='grc' dir='ltr'>δορυφόρος</span> <span class='ocrx_word' id='word_1_635' title='bbox 2673 3850 2701 3901; x_wconf 92' lang='lat'><strong>6</strong></span> <span class='ocrx_word' id='word_1_636' title='bbox 2728 3849 3026 3920; x_wconf 86' lang='grc' dir='ltr'>ὁρώμενος,</span> <span class='ocrx_word' id='word_1_637' title='bbox 3076 3851 3170 3904; x_wconf 78' lang='grc' dir='ltr'><strong>καὶ</strong></span> <span class='ocrx_word' id='word_1_638' title='bbox 3204 3851 3264 3903; x_wconf 78' lang='grc' dir='ltr'>οὐ</span> <span class='ocrx_word' id='word_1_639' title='bbox 3309 3850 3463 3914; x_wconf 82' lang='grc' dir='ltr'>Θεὸς,</span> <span class='ocrx_word' id='word_1_640' title='bbox 3507 3855 3539 3921; x_wconf 84' lang='grc' dir='ltr'><strong>ή</strong></span> <span class='ocrx_word' id='word_1_641' title='bbox 3598 3855 3794 3916; x_wconf 66' lang='grc' dir='ltr'>στάσας</span> 
     </span>
    </p>
   </div>
   <div class='ocr_carea' id='block_1_91' title="bbox 2198 3936 3793 4013">
    <p class='ocr_par' dir='ltr' id='par_1_91' title="bbox 2198 3936 3793 4013">
     <span class='ocr_line' id='line_1_92' title="bbox 2198 3936 3793 4013; baseline 0.006 -25"><span class='ocrx_word' id='word_1_642' title='bbox 2198 3937 2370 4006; x_wconf 88' lang='grc' dir='ltr'>δηλοῖ.</span> <span class='ocrx_word' id='word_1_643' title='bbox 2421 3938 2648 4002; x_wconf 79' lang='grc' dir='ltr'>Ἡσαΐας</span> <span class='ocrx_word' id='word_1_644' title='bbox 2677 3941 2784 4011; x_wconf 81' lang='grc' dir='ltr'>γὰρ</span> <span class='ocrx_word' id='word_1_645' title='bbox 2814 3940 3128 4012; x_wconf 85' lang='grc' dir='ltr'>καθήμενον</span> <span class='ocrx_word' id='word_1_646' title='bbox 3159 3936 3269 3994; x_wconf 78' lang='grc' dir='ltr'>εῐδε</span> <span class='ocrx_word' id='word_1_647' title='bbox 3291 3942 3385 3996; x_wconf 82' lang='grc' dir='ltr'><strong>τὸν</strong></span> <span class='ocrx_word' id='word_1_648' title='bbox 3415 3943 3653 4013; x_wconf 77' lang='grc' dir='ltr'>Κύριον·</span> <span class='ocrx_word' id='word_1_649' title='bbox 3697 3946 3793 3997; x_wconf 84' lang='grc' dir='ltr'><strong>Ἱε-</strong></span> 
     </span>
    </p>
   </div>
   <div class='ocr_carea' id='block_1_92' title="bbox 2200 4028 3792 4107">
    <p class='ocr_par' dir='ltr' id='par_1_92' title="bbox 2200 4028 3792 4107">
     <span class='ocr_line' id='line_1_93' title="bbox 2200 4028 3792 4107; baseline 0.005 -28"><span class='ocrx_word' id='word_1_650' title='bbox 2200 4028 2390 4099; x_wconf 81' lang='grc' dir='ltr'>ζεκιὴλ</span> <span class='ocrx_word' id='word_1_651' title='bbox 2423 4031 2514 4082; x_wconf 77' lang='grc' dir='ltr'><strong>ἐπὶ</strong></span> <span class='ocrx_word' id='word_1_652' title='bbox 2547 4030 2738 4102; x_wconf 78' lang='grc' dir='ltr'>θρόνον</span> <span class='ocrx_word' id='word_1_653' title='bbox 2769 4034 3068 4104; x_wconf 86' lang='grc' dir='ltr'>κατενόησε</span> <span class='ocrx_word' id='word_1_654' title='bbox 3097 4033 3187 4086; x_wconf 77' lang='grc' dir='ltr'><strong>τὸν</strong></span> <span class='ocrx_word' id='word_1_655' title='bbox 3221 4032 3517 4104; x_wconf 84' lang='grc' dir='ltr'>ἀσώματον</span> <span class='ocrx_word' id='word_1_656' title='bbox 3546 4051 3557 4062; x_wconf 92' lang='grc'><strong>·</strong></span> <span class='ocrx_word' id='word_1_657' title='bbox 3591 4037 3792 4107; x_wconf 73' lang='grc' dir='ltr'>Δανιὴλ</span> 
     </span>
    </p>
   </div>
   <div class='ocr_carea' id='block_1_93' title="bbox 2197 4119 3784 4197">
    <p class='ocr_par' dir='ltr' id='par_1_93' title="bbox 2197 4119 3784 4197">
     <span class='ocr_line' id='line_1_94' title="bbox 2197 4119 3784 4197; baseline 0.005 -24"><span class='ocrx_word' id='word_1_658' title='bbox 2197 4119 2464 4184; x_wconf 78' lang='grc' dir='ltr'>ὡσαύτως</span> <span class='ocrx_word' id='word_1_659' title='bbox 2494 4122 2586 4176; x_wconf 82' lang='grc' dir='ltr'><strong>τὸν</strong></span> <span class='ocrx_word' id='word_1_660' title='bbox 2623 4123 2862 4178; x_wconf 72' lang='grc' dir='ltr'>Παλαιὸν</span> <span class='ocrx_word' id='word_1_661' title='bbox 2885 4124 2994 4176; x_wconf 85' lang='grc' dir='ltr'>τῶν</span> <span class='ocrx_word' id='word_1_662' title='bbox 3041 4124 3271 4195; x_wconf 82' lang='grc' dir='ltr'>ἡμερῶν</span> <span class='ocrx_word' id='word_1_663' title='bbox 3307 4125 3645 4197; x_wconf 80' lang='grc' dir='ltr'>καθήμενον.</span> <span class='ocrx_word' id='word_1_664' title='bbox 3683 4122 3784 4181; x_wconf 80' lang='grc' dir='ltr'><strong>Οὗ-</strong></span> 
     </span>
    </p>
   </div>
   <div class='ocr_carea' id='block_1_94' title="bbox 2197 4213 3787 4288">
    <p class='ocr_par' dir='ltr' id='par_1_94' title="bbox 2197 4213 3787 4288">
     <span class='ocr_line' id='line_1_95' title="bbox 2197 4213 3787 4288; baseline 0.003 -23"><span class='ocrx_word' id='word_1_665' title='bbox 2197 4230 2287 4276; x_wconf 86' lang='grc' dir='ltr'><strong>τος</strong></span> <span class='ocrx_word' id='word_1_666' title='bbox 2313 4213 2511 4284; x_wconf 71' lang='grc' dir='ltr'>ἕστηκε</span> <span class='ocrx_word' id='word_1_667' title='bbox 2539 4215 2638 4284; x_wconf 81' lang='grc' dir='ltr'><strong>τὴν</strong></span> <span class='ocrx_word' id='word_1_668' title='bbox 2661 4216 2937 4270; x_wconf 78' lang='grc' dir='ltr'>διακονίαν</span> <span class='ocrx_word' id='word_1_669' title='bbox 2965 4216 3188 4288; x_wconf 84' lang='grc' dir='ltr'>πληρῶν</span> <span class='ocrx_word' id='word_1_670' title='bbox 3216 4217 3282 4282; x_wconf 75' lang='grc'>³⁸,</span> <span class='ocrx_word' id='word_1_671' title='bbox 3307 4218 3377 4272; x_wconf 89' lang='grc' dir='ltr'><strong>τά</strong></span> <span class='ocrx_word' id='word_1_672' title='bbox 3401 4235 3462 4268; x_wconf 81' lang='grc' dir='ltr'><strong>τε</strong></span> <span class='ocrx_word' id='word_1_673' title='bbox 3484 4217 3712 4287; x_wconf 82' lang='grc' dir='ltr'>τιμιώτε</span> <span class='ocrx_word' id='word_1_674' title='bbox 3723 4235 3787 4288; x_wconf 65' lang='lat' dir='ltr'><strong>pa</strong></span> 
     </span>
    </p>
   </div>
   <div class='ocr_carea' id='block_1_95' title="bbox 2200 4307 3785 4381">
    <p class='ocr_par' dir='ltr' id='par_1_95' title="bbox 2200 4307 3785 4381">
     <span class='ocr_line' id='line_1_96' title="bbox 2200 4307 3785 4381; baseline 0.003 -24"><span class='ocrx_word' id='word_1_675' title='bbox 2200 4307 2342 4376; x_wconf 80' lang='grc' dir='ltr'>μέρη</span> <span class='ocrx_word' id='word_1_676' title='bbox 2373 4307 2467 4359; x_wconf 83' lang='grc' dir='ltr'>τοῦ</span> <span class='ocrx_word' id='word_1_677' title='bbox 2503 4307 2893 4380; x_wconf 81' lang='grc' dir='ltr'>θυσιαστηρίου</span> <span class='ocrx_word' id='word_1_678' title='bbox 2937 4309 3138 4363; x_wconf 90' lang='grc' dir='ltr'>λαϐών.</span> <span class='ocrx_word' id='word_1_679' title='bbox 3174 4309 3372 4379; x_wconf 77' lang='grc' dir='ltr'>Οἴμοιί</span> <span class='ocrx_word' id='word_1_680' title='bbox 3403 4313 3620 4380; x_wconf 78' lang='grc' dir='ltr'>μήποτε</span> <span class='ocrx_word' id='word_1_681' title='bbox 3652 4311 3785 4381; x_wconf 81' lang='grc' dir='ltr'>πρὸς</span> 
     </span>
    </p>
   </div>
   <div class='ocr_carea' id='block_1_96' title="bbox 2196 4383 3783 4470">
    <p class='ocr_par' dir='ltr' id='par_1_96' title="bbox 2196 4383 3783 4470">
     <span class='ocr_line' id='line_1_97' title="bbox 2196 4383 3783 4470; baseline 0.002 -22"><span class='ocrx_word' id='word_1_682' title='bbox 2196 4400 2261 4466; x_wconf 84' lang='grc' dir='ltr'>τῇ</span> <span class='ocrx_word' id='word_1_683' title='bbox 2295 4399 2403 4468; x_wconf 81' lang='grc' dir='ltr'>ἐμῇ</span> <span class='ocrx_word' id='word_1_684' title='bbox 2436 4399 2683 4470; x_wconf 79' lang='grc' dir='ltr'>ἁμαρτίᾳ</span> <span class='ocrx_word' id='word_1_685' title='bbox 2717 4401 2813 4452; x_wconf 76' lang='grc' dir='ltr'>καὶ</span> <span class='ocrx_word' id='word_1_686' title='bbox 2843 4398 2935 4452; x_wconf 81' lang='grc' dir='ltr'><strong>τοῦ</strong></span> <span class='ocrx_word' id='word_1_687' title='bbox 2969 4398 3102 4452; x_wconf 81' lang='grc' dir='ltr'>λαοῦ</span> <span class='ocrx_word' id='word_1_688' title='bbox 3138 4398 3238 4461; x_wconf 78' lang='grc' dir='ltr'>τὰς</span> <span class='ocrx_word' id='word_1_689' title='bbox 3279 4383 3512 4462; x_wconf 56' lang='grc' dir='ltr'>ε’ύθύνας</span> <span class='ocrx_word' id='word_1_690' title='bbox 3551 4400 3783 4468; x_wconf 80' lang='grc' dir='ltr'>εἰσπρά-</span> 
     </span>
    </p>
   </div>
   <div class='ocr_carea' id='block_1_97' title="bbox 2197 4488 3780 4561">
    <p class='ocr_par' dir='ltr' id='par_1_97' title="bbox 2197 4488 3780 4561">
     <span class='ocr_line' id='line_1_98' title="bbox 2197 4488 3780 4561; baseline 0 -20"><span class='ocrx_word' id='word_1_691' title='bbox 2197 4488 2357 4558; x_wconf 79' lang='grc' dir='ltr'>ξηται</span> <span class='ocrx_word' id='word_1_692' title='bbox 2378 4491 2446 4556; x_wconf 81' lang='grc'>³⁹;</span> <span class='ocrx_word' id='word_1_693' title='bbox 2479 4491 2709 4560; x_wconf 80' lang='grc' dir='ltr'>Μήποτέ</span> <span class='ocrx_word' id='word_1_694' title='bbox 2743 4509 2831 4560; x_wconf 88' lang='grc' dir='ltr'><strong>μοι</strong></span> <span class='ocrx_word' id='word_1_695' title='bbox 2867 4492 2927 4543; x_wconf 87' lang='grc' dir='ltr'><strong>τὸ</strong></span> <span class='ocrx_word' id='word_1_696' title='bbox 2959 4491 3185 4560; x_wconf 79' lang='grc' dir='ltr'>μέγεθος</span> <span class='ocrx_word' id='word_1_697' title='bbox 3213 4490 3312 4559; x_wconf 82' lang='grc' dir='ltr'>τῆς</span> <span class='ocrx_word' id='word_1_698' title='bbox 3336 4492 3505 4560; x_wconf 84' lang='grc' dir='ltr'>τιμῆς</span> <span class='ocrx_word' id='word_1_699' title='bbox 3535 4492 3780 4561; x_wconf 70' lang='grc' dir='ltr'>μείζονες</span> 
     </span>
    </p>
   </div>
   <div class='ocr_carea' id='block_1_98' title="bbox 2194 4584 3020 4656">
    <p class='ocr_par' dir='ltr' id='par_1_98' title="bbox 2194 4584 3020 4656">
     <span class='ocr_line' id='line_1_99' title="bbox 2194 4584 3020 4656; baseline 0.002 -22"><span class='ocrx_word' id='word_1_700' title='bbox 2194 4584 2425 4655; x_wconf 78' lang='grc' dir='ltr'>γένηται</span> <span class='ocrx_word' id='word_1_701' title='bbox 2456 4586 2730 4655; x_wconf 82' lang='grc' dir='ltr'>τιμωρίας</span> <span class='ocrx_word' id='word_1_702' title='bbox 2760 4586 3020 4656; x_wconf 68' lang='grc' dir='ltr'>ἀφορμῆς</span> 
     </span>
    </p>
   </div>
   <div class='ocr_carea' id='block_1_99' title="bbox 2267 4853 3786 4929">
    <p class='ocr_par' dir='ltr' id='par_1_99' title="bbox 2267 4853 3786 4929">
     <span class='ocr_line' id='line_1_100' title="bbox 2267 4853 3786 4929; baseline -0.004 -16"><span class='ocrx_word' id='word_1_703' title='bbox 2267 4861 2338 4913; x_wconf 84' lang='grc' dir='ltr'><strong>Ζ’.</strong></span> <span class='ocrx_word' id='word_1_704' title='bbox 2371 4858 2556 4913; x_wconf 80' lang='grc' dir='ltr'>Ταῦτα</span> <span class='ocrx_word' id='word_1_705' title='bbox 2583 4857 2857 4929; x_wconf 83' lang='grc' dir='ltr'>Ζαχαρίας</span> <span class='ocrx_word' id='word_1_706' title='bbox 2882 4856 3257 4927; x_wconf 80' lang='grc' dir='ltr'>λογιζόμενος,</span> <span class='ocrx_word' id='word_1_707' title='bbox 3290 4855 3646 4927; x_wconf 84' lang='grc' dir='ltr'>ἐταράττετο.</span> <span class='ocrx_word' id='word_1_708' title='bbox 3673 4853 3786 4907; x_wconf 76' lang='grc' dir='ltr'>Οὐκ</span> 
     </span>
    </p>
   </div>
   <div class='ocr_carea' id='block_1_100' title="bbox 2194 4951 3777 5023">
    <p class='ocr_par' dir='ltr' id='par_1_100' title="bbox 2194 4951 3777 5023">
     <span class='ocr_line' id='line_1_101' title="bbox 2194 4951 3777 5023; baseline -0.004 -16"><span class='ocrx_word' id='word_1_709' title='bbox 2194 4955 2352 5008; x_wconf 76' lang='grc' dir='ltr'>ἔλαθε</span> <span class='ocrx_word' id='word_1_710' title='bbox 2385 4955 2442 5008; x_wconf 84' lang='grc' dir='ltr'>δὲ</span> <span class='ocrx_word' id='word_1_711' title='bbox 2475 4954 2565 5008; x_wconf 85' lang='grc' dir='ltr'><strong>τὸν</strong></span> <span class='ocrx_word' id='word_1_712' title='bbox 2589 4953 2821 5022; x_wconf 84' lang='grc' dir='ltr'>ἄγγελον</span> <span class='ocrx_word' id='word_1_713' title='bbox 2844 4951 3087 5023; x_wconf 87' lang='grc' dir='ltr'>Γαϐριὴλ</span> <span class='ocrx_word' id='word_1_714' title='bbox 3110 4951 3205 5004; x_wconf 84' lang='grc' dir='ltr'>τοῦ</span> <span class='ocrx_word' id='word_1_715' title='bbox 3233 4951 3425 5020; x_wconf 79' lang='grc' dir='ltr'>ἱερέως</span> <span class='ocrx_word' id='word_1_716' title='bbox 3451 4953 3479 5003; x_wconf 87' lang='grc' dir='ltr'>ὁ</span> <span class='ocrx_word' id='word_1_717' title='bbox 3508 4951 3746 5020; x_wconf 77' lang='grc' dir='ltr'>τάραχος</span> <span class='ocrx_word' id='word_1_718' title='bbox 3765 4967 3777 4977; x_wconf 83' lang='grc'><strong>·</strong></span> 
     </span>
    </p>
   </div>
   <div class='ocr_carea' id='block_1_101' title="bbox 2020 5090 3383 5161">
    <p class='ocr_par' dir='ltr' id='par_1_101' title="bbox 2020 5090 3383 5161">
     <span class='ocr_line' id='line_1_102' title="bbox 2020 5090 3383 5161; baseline -0.001 -13"><span class='ocrx_word' id='word_1_719' title='bbox 2020 5096 2047 5135; x_wconf 81' lang='lat' dir='ltr'><strong>h</strong></span> <span class='ocrx_word' id='word_1_720' title='bbox 2073 5093 2181 5150; x_wconf 87' lang='lat' dir='ltr'><strong>lsa.</strong></span> <span class='ocrx_word' id='word_1_721' title='bbox 2214 5110 2287 5159; x_wconf 84' lang='lat' dir='ltr'><strong>vi,</strong></span> <span class='ocrx_word' id='word_1_722' title='bbox 2319 5094 2372 5148; x_wconf 82' lang='grc'><strong>1.</strong></span> <span class='ocrx_word' id='word_1_723' title='bbox 2448 5091 2685 5148; x_wconf 86' lang='lat' dir='ltr'><strong>iEzecb.</strong></span> <span class='ocrx_word' id='word_1_724' title='bbox 2723 5108 2763 5161; x_wconf 81' lang='grc' dir='ltr'><strong>ι,</strong></span> <span class='ocrx_word' id='word_1_725' title='bbox 2789 5091 2884 5148; x_wconf 72' lang='grc'><strong>26.</strong></span> <span class='ocrx_word' id='word_1_726' title='bbox 2975 5093 2992 5144; x_wconf 83' lang='lat' dir='ltr'><strong>i</strong></span> <span class='ocrx_word' id='word_1_727' title='bbox 3031 5091 3168 5147; x_wconf 90' lang='lat' dir='ltr'><strong>Dan.</strong></span> <span class='ocrx_word' id='word_1_728' title='bbox 3200 5105 3297 5158; x_wconf 88' lang='lat' dir='ltr'><strong>vn,</strong></span> <span class='ocrx_word' id='word_1_729' title='bbox 3327 5090 3383 5146; x_wconf 86' lang='lat'><strong>9.</strong></span> 
     </span>
    </p>
   </div>
   <div class='ocr_carea' id='block_1_102' title="bbox 1821 5211 2497 5270">
    <p class='ocr_par' dir='ltr' id='par_1_102' title="bbox 1821 5211 2497 5270">
     <span class='ocr_line' id='line_1_103' title="bbox 1821 5211 2497 5270; baseline -0.004 -1"><span class='ocrx_word' id='word_1_730' title='bbox 1821 5211 2055 5269; x_wconf 70' lang='lat' dir='ltr'><strong>VARIAE</strong></span> <span class='ocrx_word' id='word_1_731' title='bbox 2087 5211 2497 5270; x_wconf 85' lang='lat' dir='ltr'><strong>LECTIONES.</strong></span> 
     </span>
    </p>
   </div>
   <div class='ocr_carea' id='block_1_103' title="bbox 575 5294 3781 5377">
    <p class='ocr_par' dir='ltr' id='par_1_103' title="bbox 575 5294 3781 5377">
     <span class='ocr_line' id='line_1_104' title="bbox 575 5294 3781 5377; baseline 0.008 -30"><span class='ocrx_word' id='word_1_732' title='bbox 575 5294 624 5377; x_wconf 55' lang='grc' dir='ltr'><strong>’ξ</strong></span> <span class='ocrx_word' id='word_1_733' title='bbox 654 5294 783 5377; x_wconf 67' lang='lat' dir='ltr'><strong>Seq.</strong></span> <span class='ocrx_word' id='word_1_734' title='bbox 812 5297 1076 5377; x_wconf 62' lang='lat' dir='ltr'><strong>aliter__C.</strong></span> <span class='ocrx_word' id='word_1_735' title='bbox 1105 5299 1264 5377; x_wconf 68' lang='lat' dir='ltr'><strong>Barb.</strong></span> <span class='ocrx_word' id='word_1_736' title='bbox 1305 5303 1398 5356; x_wconf 81' lang='grc' dir='ltr'>καὶ</span> <span class='ocrx_word' id='word_1_737' title='bbox 1435 5304 1629 5377; x_wconf 79' lang='grc' dir='ltr'>χρόνου</span> <span class='ocrx_word' id='word_1_738' title='bbox 1682 5307 1855 5376; x_wconf 82' lang='grc' dir='ltr'>μῆκος</span> <span class='ocrx_word' id='word_1_739' title='bbox 1885 5308 2150 5377; x_wconf 80' lang='grc' dir='ltr'>ἀνήλωσε</span> <span class='ocrx_word' id='word_1_740' title='bbox 2177 5305 2275 5376; x_wconf 82' lang='grc' dir='ltr'>τὴν</span> <span class='ocrx_word' id='word_1_741' title='bbox 2308 5303 2861 5377; x_wconf 35' lang='grc' dir='ltr'>νομικὴν-Ἐλεσὸεὸετ</span> <span class='ocrx_word' id='word_1_742' title='bbox 2899 5303 3159 5377; x_wconf 52' lang='grc' dir='ltr'>στείρειοη</span> <span class='ocrx_word' id='word_1_743' title='bbox 3190 5301 3236 5334; x_wconf 83' lang='grc'><em>³⁸</em></span> <span class='ocrx_word' id='word_1_744' title='bbox 3267 5295 3687 5377; x_wconf 50' lang='lat' dir='ltr'><strong>Abesljiﬂ3</strong></span> 
     </span>
    </p>
   </div>
   <div class='ocr_carea' id='block_1_104' title="bbox 503 5363 3777 5440">
    <p class='ocr_par' dir='ltr' id='par_1_104' title="bbox 503 5363 3777 5440">
     <span class='ocr_line' id='line_1_105' title="bbox 503 5363 3777 5440; baseline 0.002 -21"><span class='ocrx_word' id='word_1_745' title='bbox 503 5363 667 5440; x_wconf 55' lang='lat' dir='ltr'><strong>nam.</strong></span> <span class='ocrx_word' id='word_1_746' title='bbox 727 5363 770 5440; x_wconf 66' lang='grc' dir='ltr'>εξ</span> <span class='ocrx_word' id='word_1_747' title='bbox 807 5368 938 5440; x_wconf 71' lang='lat' dir='ltr'><strong>eoa.</strong></span> <span class='ocrx_word' id='word_1_748' title='bbox 973 5370 1094 5425; x_wconf 85' lang='lat' dir='ltr'><strong>Val.</strong></span> <span class='ocrx_word' id='word_1_749' title='bbox 1127 5363 1484 5436; x_wconf 57' lang='grc' dir='ltr'>όιλόσαντες.”⁷</span> <span class='ocrx_word' id='word_1_750' title='bbox 1501 5375 1545 5407; x_wconf 70' lang='grc' dir='ltr'>ιε</span> <span class='ocrx_word' id='word_1_751' title='bbox 1569 5376 1632 5429; x_wconf 84' lang='lat' dir='ltr'><strong>c.</strong></span> <span class='ocrx_word' id='word_1_752' title='bbox 1658 5363 1935 5431; x_wconf 39' lang='lat' dir='ltr'><strong>Bal-inhio</strong></span> <span class='ocrx_word' id='word_1_753' title='bbox 1963 5363 2113 5431; x_wconf 64' lang='lat' dir='ltr'><strong>anan</strong></span> <span class='ocrx_word' id='word_1_754' title='bbox 2136 5363 2567 5430; x_wconf 37' lang='lat' dir='ltr'><strong>semimaris</strong></span> <span class='ocrx_word' id='word_1_755' title='bbox 2599 5391 2625 5426; x_wconf 91' lang='lat' dir='ltr'><strong>a</strong></span> <span class='ocrx_word' id='word_1_756' title='bbox 2655 5373 2716 5434; x_wconf 88' lang='lat' dir='ltr'><strong>c.</strong></span> <span class='ocrx_word' id='word_1_757' title='bbox 2745 5375 2909 5428; x_wconf 87' lang='lat' dir='ltr'><strong>Barb.</strong></span> <span class='ocrx_word' id='word_1_758' title='bbox 2963 5363 3238 5427; x_wconf 65' lang='grc' dir='ltr'>διἀνειι.</span> <span class='ocrx_word' id='word_1_759' title='bbox 3267 5371 3400 5440; x_wconf 88' lang='grc' dir='ltr'>γάρ.</span> <span class='ocrx_word' id='word_1_760' title='bbox 3443 5363 3590 5428; x_wconf 72' lang='lat' dir='ltr'><strong>&quot;&#39;e.</strong></span> <span class='ocrx_word' id='word_1_761' title='bbox 3624 5374 3777 5425; x_wconf 79' lang='lat' dir='ltr'><strong>Barb.</strong></span> 
     </span>
    </p>
   </div>
   <div class='ocr_carea' id='block_1_105' title="bbox 504 5436 3775 5516">
    <p class='ocr_par' dir='ltr' id='par_1_105' title="bbox 504 5436 3775 5516">
     <span class='ocr_line' id='line_1_106' title="bbox 504 5436 3775 5516; baseline 0.002 -26"><span class='ocrx_word' id='word_1_762' title='bbox 504 5436 709 5505; x_wconf 82' lang='grc' dir='ltr'>μᾶλλον</span> <span class='ocrx_word' id='word_1_763' title='bbox 724 5436 783 5491; x_wconf 83' lang='grc' dir='ltr'><strong>τὸ</strong></span> <span class='ocrx_word' id='word_1_764' title='bbox 807 5437 1135 5510; x_wconf 78' lang='grc' dir='ltr'>θυμιάματι.</span> <span class='ocrx_word' id='word_1_765' title='bbox 1178 5444 1222 5474; x_wconf 76' lang='grc'><strong>³⁸</strong></span> <span class='ocrx_word' id='word_1_766' title='bbox 1240 5443 1302 5498; x_wconf 85' lang='lat' dir='ltr'><strong>C.</strong></span> <span class='ocrx_word' id='word_1_767' title='bbox 1332 5445 1492 5500; x_wconf 91' lang='lat' dir='ltr'><strong>Barb.</strong></span> <span class='ocrx_word' id='word_1_768' title='bbox 1515 5447 1542 5498; x_wconf 88' lang='lat'><strong>6</strong></span> <span class='ocrx_word' id='word_1_769' title='bbox 1560 5446 1776 5510; x_wconf 72' lang='grc' dir='ltr'>ἄϐατος.</span> <span class='ocrx_word' id='word_1_770' title='bbox 1825 5447 1943 5503; x_wconf 77' lang='grc'><strong>³⁷0.</strong></span> <span class='ocrx_word' id='word_1_771' title='bbox 1964 5446 2124 5500; x_wconf 90' lang='lat' dir='ltr'><strong>Barb.</strong></span> <span class='ocrx_word' id='word_1_772' title='bbox 2149 5446 2451 5515; x_wconf 80' lang='grc' dir='ltr'>προελθών.</span> <span class='ocrx_word' id='word_1_773' title='bbox 2497 5445 2618 5500; x_wconf 70' lang='grc'><strong>³⁸6.</strong></span> <span class='ocrx_word' id='word_1_774' title='bbox 2635 5445 2792 5500; x_wconf 85' lang='lat' dir='ltr'><strong>Barb.</strong></span> <span class='ocrx_word' id='word_1_775' title='bbox 2812 5445 3012 5516; x_wconf 81' lang='grc' dir='ltr'>δηλῶν.</span> <span class='ocrx_word' id='word_1_776' title='bbox 3051 5445 3094 5475; x_wconf 82' lang='grc'><strong>³⁹</strong></span> <span class='ocrx_word' id='word_1_777' title='bbox 3113 5443 3176 5497; x_wconf 82' lang='lat' dir='ltr'><strong>C.</strong></span> <span class='ocrx_word' id='word_1_778' title='bbox 3203 5436 3368 5496; x_wconf 55' lang='lat' dir='ltr'><strong>Barb.</strong></span> <span class='ocrx_word' id='word_1_779' title='bbox 3389 5443 3775 5512; x_wconf 72' lang='grc' dir='ltr'>εἰσπράξεται.</span> 
     </span>
    </p>
   </div>
   <div class='ocr_carea' id='block_1_106' title="bbox 2056 5536 2276 5599">
    <p class='ocr_par' dir='ltr' id='par_1_106' title="bbox 2056 5536 2276 5599">
     <span class='ocr_line' id='line_1_107' title="bbox 2056 5536 2276 5599; baseline 0.023 -5"><span class='ocrx_word' id='word_1_780' title='bbox 2056 5536 2276 5599; x_wconf 65' lang='grc' dir='ltr'><strong>ΝΟΤΑὶι</strong></span> 
     </span>
    </p>
   </div>
   <div class='ocr_carea' id='block_1_107' title="bbox 571 5621 1312 5692">
    <p class='ocr_par' dir='ltr' id='par_1_107' title="bbox 571 5621 1312 5692">
     <span class='ocr_line' id='line_1_108' title="bbox 571 5621 1312 5692; baseline 0.009 -16"><span class='ocrx_word' id='word_1_781' title='bbox 571 5622 650 5692; x_wconf 78' lang='grc'><strong>(5)</strong></span> <span class='ocrx_word' id='word_1_782' title='bbox 679 5621 764 5677; x_wconf 83' lang='lat' dir='ltr'><strong>Cf.</strong></span> <span class='ocrx_word' id='word_1_783' title='bbox 800 5621 971 5681; x_wconf 82' lang='lat' dir='ltr'><strong>Exod.</strong></span> <span class='ocrx_word' id='word_1_784' title='bbox 1006 5641 1195 5692; x_wconf 78' lang='lat' dir='ltr'><strong>xxxix,</strong></span> <span class='ocrx_word' id='word_1_785' title='bbox 1222 5626 1312 5683; x_wconf 69' lang='grc'><strong>23.</strong></span> 
     </span>
    </p>
   </div>
  </div>
