4014 6122
240 256 259 319 i
273 261 374 321 773

1062 255 1388 316 HOMILIA
1427 257 1511 318 IN
1539 256 1598 316 S.
1640 256 1994 318 JOANNEM
2025 259 2470 335 BAPTISTAM,
2501 261 2661 322 ETC.

3357 261 3494 326 177i

237 375 348 442 σήφ
369 385 382 399 ο
427 368 527 422 οὐκ
560 366 846 436 ἀπάγομαι
876 365 942 437 τῇ
971 365 1122 436 φωνῇ
1151 381 1164 396 ο
1196 363 1332 434 μόνῃ
1365 365 1494 435 γὰρ,
1533 364 1608 429 ὥς
1656 381 1813 433 φασι,

1923 366 2091 432 Quam
2119 381 2253 420 nova
2297 367 2412 421 haec
2433 367 2728 421 salutatio!
2773 365 2890 421 Non
2925 367 3081 423 adest
3111 366 3346 438 Ioseph;
3373 387 3496 427 ver-

235 461 531 530 λελάληκεν
550 458 578 510 ό
605 456 912 526 ἁρχέκακος
938 457 1004 526 τῇ
1040 453 1475 526 πρωτοπλάστῳ.

312 736 376 789 '0
413 733 472 789 δὲ
503 733 732 802 ἄγγελος
760 733 896 806 πρὸς
932 733 1135 802 αὐτὴν·
1167 731 1264 800 Μὴ
1299 731 1508 800 φοϐοῦ,
1541 728 1808 799 Μαριάμο

235 825 414 898 χάριν
459 824 569 894 γὰρ
609 820 802 892 εὗρες,
830 825 897 896 ἢν
945 823 1231 878 ἀπώλεσεν
1266 824 1300 894 ή
1357 821 1809 894 πρωτόπλαστοςο

236 917 422 986 ἐκείνη
461 915 597 987 μόνη
644 915 744 986 τὴν
785 915 1000 984 ἀπάτην
1053 915 1292 979 ἐδέξατο,
1325 914 1390 968 σὺ
1421 914 1478 966 δὲ
1534 914 1670 984 μόνη
1710 913 1812 984 τῆς

236 1008 458 1077 ἀπάτης
486 1006 584 1078 τὴν
613 1006 766 1060 λύσιν
795 1005 1082 1076 ἐκόμισας.
1127 1005 1321 1072 Τέξεις
1353 1004 1506 1069 υἱὸν,
1541 1003 1639 1060 καὶ
1671 1003 1810 1057 τοῦ·

235 1116 342 1152 τον
369 1099 652 1164 καλέσεις
679 1098 726 1129 ⁷⁸
773 1097 1036 1166 Ἰησοῦν.

320 1281 385 1333 Ἦ
425 1279 481 1334 δὲ
525 1279 682 1333 τόκον
719 1279 1002 1334 ἀκούσασα
1032 1282 1128 1334 καὶ
1161 1281 1274 1335 υίδν
1299 1281 1370 1347 ⁸⁸,
1401 1283 1556 1348 Πῶς,
1605 1281 1811 1350 ἔλεγεν,

235 1370 408 1424 ἔσται
436 1387 540 1438 μοι
577 1369 774 1437 τοῦτο,
826 1371 954 1424 ἐπεὶ
1003 1369 1192 1438 ἄνδρα
1232 1361 1304 1427 οὗ
1352 1372 1670 1442 γινώσκω;
1699 1375 1814 1427 Οὐκ

158 1471 168 1478 '
239 1461 620 1530 ἀντιλέγουσα,
665 1461 801 1516 ἀλλὰ
841 1461 986 1516 κατὰ
1022 1463 1216 1516 πεῦσιν
1253 1463 1604 1534 μανθάνουσα
1627 1481 1642 1494 ·
1681 1463 1814 1530 Πῶς

236 1552 408 1605 ἔσται
427 1569 528 1621 μοι
553 1552 769 1614 τοῦτο;
815 1551 974 1621 Ἐγὼ,
1013 1554 1168 1624 φησι,
1209 1555 1344 1624 μόνη
1369 1554 1467 1625 τὴν
1497 1554 1660 1625 φύσιν
1694 1574 1816 1611 και-

239 1644 481 1713 vos-oud);
523 1644 640 1698 Ἐπ’
678 1646 806 1716 ἐμοὶ
861 1645 1189 1716 λυθήσονται
1225 1645 1326 1716 τῆς
1363 1650 1710 1716 τεκνογονίας
1756 1651 1816 1704 at

1920 460 2004 514 bis
2035 473 2120 512 me
2149 459 2342 514 abduci
2370 460 2512 514 haud
2549 461 2850 515 committo.
2885 459 3124 514 Primam
3157 477 3185 514 a
3223 460 3333 517 Deo
3361 478 3496 518 con-

1917 548 2086 604 ditam
2114 551 2423 616 mulierem,
2457 559 2514 605 ut
2544 563 2786 632 narrant“,
2833 567 2956 606 cum
3009 551 3122 606 sola
3153 563 3317 616 esset,
3363 553 3497 610 allo-

1921 650 2079 697 cutus
2113 653 2196 698 est
2226 643 2434 712 primus
2460 643 2724 698 malorum
2752 652 2964 699 auctor.

1989 736 2229 808 Angelus
2257 751 2386 792 vero
2416 735 2482 789 ad
2533 749 2652 790 eam
2681 751 2696 789 :
2726 733 2810 789 Ne
2849 735 3054 802 timeas,
3088 733 3311 802 Maria;
3349 737 3497 790 inre-

1920 830 2046 884 nisti
2090 827 2464 900 gratiam'ﬂ)
2495 841 2657 896 quam
2703 828 2938 896 perdidit
2983 841 3104 898 quae
3134 829 3308 898 primo
3358 843 3493 884 con-

1920 922 2031 976 dita
2061 928 2163 978 est.
2201 919 2341 990 Ipsa,
2383 935 2505 974 cum
2540 919 2652 976 sola
2695 929 2863 986 esset,
2895 921 3274 990 deceptionem
3317 921 3492 975 admi-

1920 1013 2026 1081 sit;
2059 1023 2117 1066 tu
2150 1025 2296 1074 vero,
2327 1011 2450 1066 dum
2489 1010 2602 1065 sola
2647 1025 2854 1074 manes,
2889 1011 3225 1082 deceptionis
3266 1012 3494 1069 solutio-

1921 1119 2043 1158 nem
2092 1101 2372 1158 obtinuiin
2418 1100 2652 1156 :Paries
2707 1101 2926 1170 filium,
2983 1111 3030 1156 et
3089 1103 3227 1161 hunc
3283 1103 3495 1158 vocabis

1925 1195 2099 1248 Iesum
2122 1202 2170 1247 ².

1993 1283 2112 1353 Ipsa
2150 1294 2329 1338 autem
2359 1297 2483 1338 cum
2523 1291 2738 1352 partum
2781 1284 2992 1338 audiret
3025 1291 3080 1339 et
3127 1283 3320 1350 tilium,
3349 1283 3497 1350 Quo-

1919 1374 2096 1436 modo,
2133 1374 2382 1444 inquitY,
2413 1375 2512 1428 erit
2560 1376 2658 1428 hoc
2695 1373 2844 1438 mihi,
2889 1375 3142 1444 quoniam
3177 1380 3346 1428 uirum
3393 1390 3498 1428 non

1921 1467 2215 1538 cognosco?
2243 1465 2361 1520 Non
2392 1477 2453 1520 ut
2483 1465 2904 1530 coutradiceret,
2942 1463 3039 1520 sed
3072 1473 3130 1518 ut
3162 1464 3498 1520 sciscitando

1921 1561 2242 1614 edoceretur
2295 1557 2618 1629 (respondit)
2663 1575 2676 1610 :
2715 1557 2989 1622 Quomodo
3039 1559 3139 1612 erit
3184 1557 3281 1610 hoc
3329 1558 3500 1612 mihi!

1921 1633 2129 1720 Egone,
2163 1650 2359 1722 inquit,
2406 1649 2520 1705 sola
2556 1656 2764 1703 naturae
2808 1647 2954 1716 leges
2996 1648 3232 1702 iunovo?
3265 1647 3400 1702 Num
3443 1649 3496 1703 in

237 1737 510 1808 ἀφορμαίς
559 1737 702 1806 Λέγε
739 1755 850 1808 μοι,
887 1738 1026 1805 ξένε,
1080 1737 1172 1792 τὸν
1223 1739 1463 1809 τρόπον·
1511 1739 1661 1806 ξένον
1705 1741 1814 1810 γάρ

1923 1754 2006 1798 me
2049 1741 2346 1797 liberorum
2387 1740 2786 1810 procreationis
2837 1746 3159 1794 evertentur
3209 1739 3499 1794 rationes?

241 1845 334 1882 σου
361 1829 422 1882 τὸ
455 1829 799 1898 εὐαγγέλιον.

308 2011 414 2066 ΙΑ’.
467 2011 710 2080 Πνεῦμα
755 2010 950 2081 ἅγιον.
999 2009 1200 2082 ἔφησεν
1244 2012 1273 2064 ὁ
1310 2009 1649 2083 Γαϐριὴλδι,
1711 2012 1786 2067 ἐπ

235 2104 551 2156 ελεύσεται
572 2103 668 2156 ἐπὶ
694 2101 788 2169 σὲ,
821 2103 918 2156 καὶ
936 2103 1190 2173 δύναμις
1211 2103 1225 2122 ⁸
1239 2103 1511 2172 Υψίστου
1534 2103 1812 2159 ἐπισκιά-

235 2209 332 2248 σει
373 2209 493 2248 σοι.
527 2195 718 2264 Δὲχου,
747 2195 902 2264 φησὶ,
945 2194 1212 2266 Παρθένε,
1255 2194 1318 2248 τὸ
1358 2195 1572 2266 λεχθὲν,
1615 2196 1710 2249 καὶ
1743 2195 1820 2266 μὴ

237 2283 687 2353 πολυπραγμόνει
727 2285 788 2336 τὸ
819 2285 1041 2354 σιγηθέν
1063 2301 1074 2314 ·
1121 2285 1199 2356 τῷ
1229 2285 1375 2358 τόκῳ
1420 2287 1703 2358 μαρτυρῶ,
1737 2286 1818 2357 τῷ

235 2375 425 2446 τρόπῳ
464 2375 778 2446 παραχωρῶ
811 2375 878 2429 ⁸³.
909 2375 1178 2444 Ἀγγελος
1206 2375 1338 2448 γὰρ,
1385 2379 1450 2430 οὐ
1498 2377 1820 2440 διδάσκαλός

237 2483 322 2520 σοι
353 2469 454 2537 τῆς
497 2467 810 2538 οἰκονομίας
839 2467 1106 2539 ἐλήλυθα’
1148 2468 1328 2540 κῆρυξ
1369 2469 1684 2539 ἀπεστάλην
1723 2471 1819 2541 τῆς

235 2559 581 2628 Δεσποτικῆς
614 2560 934 2632 ἐπιδημίας,
965 2561 1064 2632 οὐχ
1093 2561 1394 2634 ἑρμηνεύς.

303 2820 438 2888 Πῶς
457 2823 628 2877 ἔσται
654 2825 914 2892 τοῦτο⁸³;
945 2825 1006 2878 τὸ
1025 2825 1142 2888 πῶς
1167 2820 1310 2878 οἶδεν
1333 2823 1497 2888 αὐτὸς
1523 2827 1551 2878 ὁ
1582 2824 1773 2896 παρών
1796 2841 1809 2856 ⁶

233 2914 316 2966 ὅτι
349 2914 448 2982 μὲν
488 2915 596 2988 γὰρ
624 2916 912 2987 πάρεστιν,
943 2916 1280 2983 ἐπίσταμαι·
1319 2915 1575 2986 προπηδᾷ
1618 2917 1727 2986 γὰρ
1759 2918 1817 2970 ὲν

235 3003 322 3056 σοὶ
357 3002 418 3056 τὸ
457 3003 669 3058 ἔνδοθεν
696 3007 996 3077 τεκμήριον
1017 3025 1030 3038 ⁸
1068 3007 1158 3060 τὸν
1184 3007 1242 3060 δὲ
1288 3005 1489 3076 τρόπον
1520 3007 1720 3075 λέγειν,
1753 3009 1815 3059 οὐ

231 3090 489 3163 δύναμαι.
523 3095 646 3146 Ὅτι
674 3094 730 3147 δὲ
757 3095 816 3147 οὐ
839 3094 1163 3164 ψευδολόγος
1194 3095 1327 3162 ἐγὼ,
1363 3094 1649 3150 Ἐλισὰϐετ
1679 3113 1816 3166 μαρ-
1843 3083 1884 3140 C

229 3185 462 3254 τυρήσει
511 3203 624 3250 μοι,
673 3187 731 3240 ὲν
765 3185 1055 3257 στειρώσει
1101 3188 1198 3242 καὶ
1234 3188 1386 3258 γήρα
1411 3186 1505 3241 τοῦ
1557 3190 1614 3242 ὲν
1651 3189 1733 3241 o'o‘t
1767 3187 1812 3220 ⁸⁸

233 3275 580 3344 κυοφοροῦσα
612 3276 702 3330 τὸν
736 3278 1072 3348 Πρὸδρομον.
1111 3281 1170 3332 Εἰ
1197 3279 1254 3332 δὲ
1289 3279 1348 3330 ἐν
1399 3276 1686 3349 στειρὼσει
1719 3277 1813 3330 καὶ

230 3368 382 3438 γήρα
405 3369 672 3439 κυοφόρον
685 3370 730 3402 ⁸⁸
747 3371 968 3440 εἴρηκα,
987 3373 1050 3424 οὐ
1068 3371 1268 3442 μικρὸν
1289 3369 1351 3422 τὸ
1379 3370 1657 3441 ἐνέχυρον.
1671 3369 1813 3422 Στει-

232 3473 334 3528 ρας
355 3461 462 3530 γὰρ
497 3461 853 3532 πρεσϐύτιδος
887 3463 982 3516 καὶ
1006 3461 1278 3532 παρθένου
1325 3463 1384 3526 ἐς
1415 3463 1478 3516 τὸ
1504 3464 1686 3516 τεκεῖν
1715 3463 1812 3532 μὲ-

232 3566 326 3604 σον
354 3551 527 3604 οὐδέν.

303 3827 402 3883 ῙΒ’.
431 3829 614 3884 Ταῦτα
639 3831 672 3900 ἡ
705 3829 978 3899 Παρθένος
1008 3826 1312 3892 ἀκούσασα,
1349 3827 1618 3900 Ζαχαρίου
1673 3845 1804 3882 κατ-

231 3920 394 3972 έλαὸε
420 3922 480 3973 τὸ
498 3921 792 3990 δωμάτιον,
809 3921 904 3973 καὶ
926 3921 1024 3990 τὴν
1043 3919 1326 3972 Ἐλισάϐετ
1349 3919 1586 3990 εὑροῦσα
1609 3919 1808 3988 κυοφό-

233 4028 348 4082 ρον,
398 4011 692 4080 ἠσπάζετο.
739 4012 927 4082 Μαρία
979 4011 1080 4083 τὴν
1117 4011 1402 4065 Ἑλισόιὸετ
1451 4011 1730 4079 ἠσπάζετο
1759 4010 1806 4042 ⁸⁸

231 4103 328 4155 καὶ
358 4104 416 4155 τὸ
452 4103 650 4174 βρέφος
689 4103 898 4157 ἔνδοθεν
929 4105 1297 4175 ἀπεκρίνατο·
1331 4102 1407 4172 τῷ
1437 4103 1546 4172 γὰρ
1577 4102 1804 4172 ὲμϐριὲῳ

230 4199 454 4266 γέγονεν
483 4202 620 4271 ἀκοὴ
649 4203 680 4272 ἡ
713 4203 811 4270 τῆς
839 4203 1046 4274 μητρὸς
1084 4203 1220 4272 ἀκοή
1247 4219 1262 4234 ο
1300 4201 1394 4255 καὶ
1427 4203 1727 4273 ἐπειδήπερ
1757 4203 1802 4235 ⁸⁷

230 4292 444 4358 φύσεως
491 4295 638 4364 ὅροις
676 4295 932 4365 Ἰωάννης
975 4293 1263 4364 εἰργμένος
1309 4294 1410 4348 οὐκ
1453 4293 1603 4366 ῐσχυε
1633 4293 1679 4327 ⁸⁸
1705 4294 1802 4346 λα-

228 4379 362 4442 λεῖν,
391 4383 682 4453 ἁλλόμενος
715 4385 866 4453 ἔλεγε
901 4387 966 4455 τῇ
991 4385 1170 4455 οἰκείᾳ⁴
1199 4383 1367 4454 μητρὶ
1391 4384 1478 4436 διὰ
1503 4385 1608 4438 τῶν
1644 4403 1799 4456 σκιρ-

1917 1831 2138 1900 Expone
2165 1831 2317 1896 mihi,
2349 1831 2658 1902 peregrine,
2694 1829 2908 1885 modum
2938 1847 2952 1883 :
2984 1830 3328 1900 peregrinum
3350 1831 3496 1884 enim

1919 1930 2022 1988 est,
2053 1919 2200 1990 quod
2227 1918 2412 1983 alfers,
2445 1919 2717 1973 nuntium.

1989 2009 2080 2064 XI.
2121 2007 2355 2079 Spiritus
2408 2019 2649 2076 sanctus,
2682 2009 2760 2063 ait
2785 2007 3008 2064 Gabriel
3035 2047 3050 2073 ,
3087 2007 3414 2077 superveniet
3444 2009 3500 2062 in

1919 2111 1987 2170 te,
2014 2110 2062 2156 et
2095 2101 2259 2158 uirtus
2279 2099 2541 2154 Altiuimi
2565 2099 2898 2154 obumbrabit
2921 2100 3014 2154 tibi
3037 2109 3083 2154 ⁸.
3103 2098 3273 2164 Tene,
3298 2100 3494 2168 inquit.

1917 2208 1950 2248 ο
1985 2192 2168 2262 Virgo,
2194 2193 2338 2262 quod
2371 2191 2576 2246 dictum
2623 2198 2744 2257 est;
2778 2199 2832 2246 et
2859 2204 2928 2244 ne
2957 2191 3036 2246 sis
3073 2190 3304 2245 sollicita
3335 2192 3402 2242 de
3432 2205 3498 2245 eo

1918 2285 2061 2354 quod
2090 2284 2311 2340 silentio
2333 2282 2604 2338 occultum
2631 2288 2836 2336 manet.
2871 2281 3090 2336 Certum
3131 2281 3200 2337 de
3225 2289 3383 2350 partu
3410 2289 3494 2336 te-

1919 2376 2233 2432 stimonium
2285 2375 2436 2442 fero;
2505 2374 2721 2429 modum
2768 2375 3002 2440 docere,
3062 2371 3165 2428 hoc
3211 2373 3496 2431 facultates

1917 2481 2066 2521 meas
2103 2465 2336 2521 excedit.
2375 2462 2612 2519 Nuntius
2653 2463 2798 2518 enim
2843 2464 3090 2534 mystica:
3127 2463 3494 2532 dispensatio-

1920 2558 2003 2611 nis
2041 2556 2107 2610 ad
2154 2564 2207 2610 te
2235 2555 2380 2622 veni,
2421 2569 2531 2610 non
2572 2553 2814 2621 ejusdem
2844 2554 3154 2623 interpres:
3183 2555 3381 2610 missus
3413 2555 3491 2610 l’ui

1919 2657 1979 2700 ut
2001 2645 2342 2700 Dominicum
2375 2644 2786 2701 manifestarem
2814 2647 3139 2714 fadventum,
3182 2659 3290 2700 non
3325 2654 3385 2702 ut
3416 2661 3498 2702 ra-

1919 2737 2120 2792 tionem
2153 2737 2505 2806 expliearem.
3085 2809 3092 2815 _

1991 2828 2266 2892 Quomodo
2305 2827 2532 2899 (inquis)
2561 2827 2658 2882 hoc
2691 2828 2832 2882 erit?
2876 2829 3168 2896 quomodo,
3199 2831 3348 2884 novit
3378 2832 3498 2901 ipse

1919 2919 2010 2987 qui
2041 2918 2231 2985 adest;
2273 2920 2471 2973 adesse
2502 2919 2648 2974 enim
2685 2932 2810 2974 eum
2851 2917 2998 2985 scio;
3026 2933 3152 2972 nam
3189 2928 3398 2974 certum
3441 2921 3494 2975 itt

1922 3021 1974 3065 te
2019 3011 2232 3079 signum
2263 3010 2332 3064 ab
2375 3011 2677 3066 intrinseco
2706 3024 2767 3066 se
2807 3010 2994 3080 prodit
3023 3027 3038 3064 :
3067 3018 3125 3064 at
3156 3013 3374 3066 modum
3405 3012 3496 3069 di-

1919 3115 2046 3156 cere
2075 3102 2126 3155 in
2156 3115 2274 3156 mea
2303 3116 2407 3156 non
2431 3111 2518 3156 est
2541 3109 2832 3171 potestate.
2865 3101 3018 3166 Quod
3046 3115 3177 3156 vero
3214 3102 3346 3157 falsa
3387 3118 3495 3158 non

1922 3195 2150 3264 loquar,
2198 3194 2570 3246 testimonium
2615 3193 2748 3248 mihi
2795 3193 2930 3248 feret
2968 3193 3286 3260 Elisabeth,
3337 3211 3492 3264 quze,

1919 3285 2121 3340 sterilis
2151 3283 2278 3338 licet
2307 3293 2362 3338 et
2385 3299 2575 3351 senex,
2610 3285 2775 3350 illius,
2812 3286 2902 3355 qui
2933 3286 2985 3338 in
3020 3294 3072 3340 te
3107 3294 3213 3352 est,
3247 3286 3496 3342 Prmcur-

1918 3385 2096 3426 sorem
2127 3380 2326 3442 gestat.
2357 3370 2512 3438 Quod
2543 3373 2585 3427 si
2617 3373 2901 3428 habentem
2939 3374 2991 3427 in
3016 3383 3169 3428 utero
3196 3377 3493 3432 memoravi

1919 3464 2159 3518 sterilem
2195 3474 2250 3518 et
2293 3473 2694 3527 senescentem,
2732 3462 2845 3532 jam
2876 3462 3019 3517 haud
3059 3463 3192 3517 levis
3231 3465 3492 3520 momenti

1918 3556 2115 3624 pignus
2158 3557 2344 3611 habes.
2393 3555 2546 3622 Quod
2593 3556 2740 3610 enim
2793 3553 2861 3609 ad
2907 3541 3230 3624 gignendum
3273 3557 3489 3621 attinet,

1919 3643 2054 3697 nihil
2093 3657 2124 3696 α
2155 3643 2328 3697 sterili
2355 3658 2460 3697 anu
2491 3657 2554 3697 ea
2585 3642 2802 3698 demum
2831 3644 3015 3708 distat,
3043 3657 3166 3712 qua:
3193 3645 3346 3715 virgo
3372 3659 3493 3702 esse

1915 3743 2250 3804 perseveret.

1988 3824 2099 3880 XII.
2143 3824 2268 3878 Haec
2295 3839 2416 3878 cum
2449 3823 2616 3892 Virgo
2659 3823 2945 3890 audiisset,
2977 3827 3046 3881 ad
3095 3827 3372 3883 Zachariae
3401 3831 3492 3884 do-

1916 3915 2222 3972 munculam
2260 3930 2318 3971 se
2348 3916 2597 3978 contulit,
2629 3929 2867 3985 cumque
2905 3916 3176 3972 Elisabeth
3204 3933 3487 3988 praegnan-

1915 4015 2019 4062 tem
2067 4007 2378 4076 reperisset,
2413 4022 2534 4061 eam
2577 4006 2854 4062 salutavit.
2882 4007 3053 4064 Maria
3097 4009 3353 4064 salutavit
3379 4009 3488 4065 Eli-

1911 4101 2217 4164 sabelham,
2268 4109 2325 4154 et
2369 4099 2552 4154 infans
2601 4099 2932 4155 intrinsecus
2974 4103 3276 4169 respondit.
3323 4103 3486 4158 Auris

1911 4191 2064 4247 tuatui
2090 4191 2305 4246 exstitit
2336 4191 2526 4246 matris
2555 4191 2736 4258 auris;
2769 4200 2822 4246 et
2869 4193 3127 4261 quoniam
3178 4204 3388 4249 natura:
3424 4195 3486 4248 li-

1911 4286 2072 4340 nibns
2111 4285 2444 4341 constrictus
2469 4283 2702 4340 Joannes
2733 4285 2915 4356 lingua
2957 4288 3037 4340 uti
3082 4301 3186 4340 non
3235 4297 3475 4356 poterat,

1912 4379 2125 4434 locutus
2147 4387 2252 4444 est,
2289 4387 2518 4434 matrem
2545 4377 2762 4446 quidem
2794 4379 3066 4448 propriam
3103 4393 3199 4449 per
3241 4379 3485 4434 saltatio.

227 4473 488 4542 τημάτων
520 4473 910 4544 φθεγγόμενος,
937 4477 1004 4546 τῇ
1027 4475 1082 4527 δὲ
1112 4475 1206 4527 τοῦ
1231 4475 1488 4544 Σωτῆρος
1523 4475 1693 4546 μητρὶ
1715 4476 1805 4530 διὰ
1837 4469 1841 4488 ¹

1923 4485 2004 4526 tes
2044 4469 2260 4533 aﬂ‘atus,
2310 4469 2611 4526 Salvatoris
2665 4484 2794 4525 vero
2841 4472 3000 4526 matri
3043 4487 3141 4542 per
3185 4481 3479 4528 maternam

226 4564 330 4634 τῆς
362 4567 639 4634 μητρικῆς
669 4565 923 4635 γλώσσης
955 4565 1410 4634 ἀποκρινόμενος.

300 4657 414 4709 Οὐκ
439 4657 710 4726 ἐνέγκασα
739 4657 795 4709 δὲ
827 4659 859 4728 ὴ
895 4657 1174 4710 Ἐλισάϐετ
1201 4657 1270 4709 τὰ
1301 4654 1394 4708 τοῦ
1425 4655 1614 4710 τέκνου
1652 4675 1803 4728 σκιρς

225 4749 470 4818 τήματοι,
519 4747 840 4818 Πνεύματος
882 4748 1040 4818 ἁγίου
1094 4747 1398 4818 πλησθεῖσα
1455 4748 1798 4818 ἀνεφώνησε,

225 4836 460 4906 λέγουσα
487 4841 554 4909 τῇ
587 4839 878 4910 Παρθένῳο
910 4838 1302 4908 Εὐλογημένη
1333 4837 1416 4892 σὺ
1441 4839 1512 4891 ἐν
1536 4839 1802 4907 γυναιξί,

227 4930 752 5000 καίεῠλογημένος
787 4935 819 4986 o'
840 4931 1068 5000 καρπὸς
1107 4929 1217 4998 τῆς
1253 4930 1486 4996 κοιλίας
1533 4947 1670 4986 σου.
1706 4932 1802 4990 Σὺ.

300 5033 324 5060 '
345 5023 478 5078 Lttc.
504 5039 542 5090 ι,
571 5024 660 5080 50.
737 5039 764 5066 ι
788 5027 917 5083 ibid.
955 5026 1044 5080 3!.

1123 5024 1425 5078 Iibid.5l.
1507 5025 1692 5079 Ilibid.
1765 5024 1860 5080 55.

1903 4562 2144 4630 linguam
2172 4563 2526 4633 respondens.

1978 4656 2114 4712 Cum
2156 4666 2335 4711 autem
2383 4655 2656 4712 Elisabeth
2701 4655 2794 4710 lilii
2833 4655 3153 4711 saltationes
3194 4657 3304 4726 jam
3338 4656 3481 4712 ferre

1913 4763 2016 4801 non
2051 4755 2254 4815 posset,
2304 4747 2506 4814 repleta
2539 4747 2748 4815 Spiritu
2797 4757 2989 4804 sancto
3027 4748 3369 4812 exclamavit,
3402 4749 3485 4803 di-

1912 4853 2038 4890 cens
2073 4855 2086 4890 :
2118 4835 2404 4889 Benedicta
2451 4849 2506 4890 tu
2559 4839 2614 4890 in
2673 4836 3022 4904 mulieribus,
3078 4847 3128 4891 et
3179 4838 3482 4892 benedictus

1913 4929 2118 4999 [ructus
2171 4929 2365 4982 centris
2413 4929 2558 4980 ιιιὶι.
2610 4928 2712 4992 Tu,
2766 4929 2960 4998 inquit,
3015 4929 3320 4996 benedicta,
3366 4945 3482 4998 quae

1932 5033 1952 5053 ⁵
1990 5022 2120 5075 ibid.
2152 5020 2244 5073 12.

1495 5119 1731 5174 VARIA‘Z
1767 5117 2063 5174 LECTION
2071 5117 2170 5172 ES.

297 5219 342 5250 "’
371 5217 430 5272 C.
459 5215 580 5271 Vat.
615 5215 866 5277 καλέσεις
888 5215 1094 5270 τοῦτον.
1173 5217 1216 5248 ⁸⁸
1243 5215 1442 5278 Verba,
1489 5218 1552 5270 'H
1586 5217 1644 5269 δὲ
1681 5209 1840 5268 τόκον
1880 5212 2164 5267 ἀκούσασα
2201 5211 2291 5262 καὶ
2319 5207 2452 5268 υἱόν.
2485 5224 2512 5262 a
2545 5208 2606 5266 C.
2637 5209 2797 5262 Barh.
2842 5213 3058 5264 absunt.
3136 5207 3178 5238 ⁸¹
3212 5207 3418 5278 absunt
3445 5222 3478 5260 a

219 5286 474 5358 C.Barb.
498 5288 696 5358 verba,
720 5275 964 5354 Ἐφησεν
991 5289 1018 5338 ὁ
1039 5287 1302 5358 Γαῦριήλ.
1345 5287 1390 5358 δέ
1415 5275 1547 5358 Cod.
1574 5285 1734 5358 Barb.
1763 5286 1948 5358 τρόπω
1971 5281 2304 5358 ιτσιρσικςορῷΓ
2345 5281 2391 5311 ⁸³
2409 5283 2628 5358 Abeat}
2743 5278 2862 5333 Vat.
2901 5275 3478 5358 ἰιιοίειιτηέρτξῷςοέσται

221 5357 416 5422 τοῦτο;

493 5356 539 5387 ⁸³
574 5341 738 5411 Voces
772 5341 865 5409 τὸό
894 5359 950 5408 ἐν
987 5357 1068 5408 σοὶ
1102 5374 1129 5408 a
1157 5341 1340 5410 codice
1365 5357 1506 5410 Surii
1543 5341 2080 5410 abfuisse'videntur'.
2123 5341 2214 5382 ”⁸⁵’
2239 5341 2402 5416 Abest.
2431 5365 2459 5400 a
2484 5348 2544 5402 C.
2571 5350 2730 5402 Barb.
2762 5350 3050 5416 κυοφόρον.
3094 5415 3099 5416 ί
3129 5345 3176 5376 ⁸⁶
3199 5346 3476 5416 l’ericope.

222 5412 415 5498 Μαρία
431 5425 528 5497 τὴν
545 5427 826 5482 Ἐλεισάϐετ
850 5425 1146 5492 ἠσπάζετο,
1176 5428 1329 5482 abest
1353 5441 1380 5480 a
1405 5425 1466 5481 C.
1496 5424 1616 5480 Vat.
1645 5435 1695 5480 et
1714 5443 1742 5478 ιι
1769 5427 2018 5478 versione
2045 5423 2212 5478 Slll'll.
2267 5412 2308 5451 ⁸⁷
2327 5419 2386 5472 (Σ.
2411 5418 2569 5473 Barb.
2594 5412 2900 5488 ὲπηδήπερζ
2936 5412 2987 5448 ³⁸
3005 5416 3064 5472 C.
3085 5415 3244 5470 Bari).
3269 5412 3472 5485 ἴσχυσε.

1733 5511 1964 5566 NOTAE.

296 5612 372 5680 (4)
411 5608 652 5666 Gratiam
685 5611 893 5669 scilicet
919 5609 1258 5680 originalem.
