4014 6122
542 266 675 337 1775
1498 268 1910 330 ANTIPATRI
1952 264 2413 326 BOSTRENSIS
2451 259 2788 323 EPISCOPI
3666 255 3771 321 177

539 382 934 439 maledictioais
960 390 1143 449 portas
1173 379 1522 435 solutionem.
1548 380 1628 435 Tu
1658 379 1962 445 benedicta,
1988 394 2109 448 qua:

2236 378 2396 446 μησὶν,
2431 376 2797 445 εὐλογημένη,
2821 376 2853 444 ή
2884 373 2985 443 τῆς
3007 372 3257 445 κατάρας
3281 373 3382 445 τὴν
3407 372 3569 425 λύσιν
3599 373 3809 443 βαστά-

539 480 735 531 donom
766 474 1049 544 sapientia:
1075 472 1257 527 affers.
1290 471 1368 526 Tu
1394 472 1700 536 benedicta,
1726 486 1848 540 qua:
1881 471 2031 524 illum
2061 472 2111 524 in

2236 473 2404 531 ζουσα.
2431 469 2510 521 ’Σῦ
2540 467 2909 538 εὐλογημένη,
2934 468 2966 536 ή
3002 467 3103 536 τὴν
3134 466 3238 535 τῆς
3271 465 3468 534 σοφίας
3493 466 3807 537 κομίζουσα

540 580 697 621 utero
732 576 935 635 gestas,
976 565 1065 634 qui
1111 565 1162 618 in
1198 564 1452 632 paradiso
1484 563 1872 618 deambulavit.
1911 562 1988 617 Tn
2020 563 2115 618 lie-

2236 560 2441 632 ἱωρεάν.
2473 559 2546 613 Σὺ
2571 559 2940 629 εὐλογημένη,
2973 559 3005 628 ή
3033 557 3381 629 κυοφοροῦσα
3409 558 3503 611 τὸν
3528 560 3589 611 ὲν
3621 575 3809 630 παρα-

541 660 774 721 mdicta,
800 657 953 726 cujus
976 668 1170 711 venter
1199 667 1449 711 sanctum
1483 655 1746 724 templum
1779 655 1979 708 evasit.
2007 653 2113 709 Be-

2236 653 2379 723 ἰείσῳ
2406 653 2882 723 περιπατήσαντα.
2910 652 2980 705 Σὺ
3004 650 3372 722 εὐλογημένη,
3390 644 3461 720 ἧς
3485 651 3634 721 ίερδν
3655 651 3808 704 ὅσιον

540 752 743 804 nedicta
782 760 839 803 ιιι
887 750 940 803 in
980 749 1310 813 mulieribus,
1348 759 1397 803 et
1430 748 1729 801 benedictus
1762 747 1967 816 fructus
1994 764 2113 801 ren-

2236 745 2462 817 ιπῆρξεν
2496 745 2528 816 ή
2582 745 2818 816 γαστήρ.
2854 744 3247 813 Εὐλογημένη
3295 743 3377 796 σὺ
3418 745 3489 796 ἐν
3535 744 3810 811 γυναιξί,

534 843 633 896 tris
664 842 766 908 tui,
796 857 825 893 e
856 855 965 912 quo
994 856 1117 894 cum
1160 841 1328 895 Adam
1357 838 1677 902 comederit,
1708 839 1987 892 inimicum
2022 854 2114 893 su-

2236 838 2317 892 ιαὶ
2355 836 2763 907 εὐλογημένος
2803 838 2837 889 ὀ
2869 834 3100 903 καρπὸς
3139 834 3253 903 τῆς
3286 835 3522 900 κοιλίας
3573 851 3717 898 σου,
3751 836 3813 902 ἐξ

538 936 768 1004 perabit.
814 933 1144 989 Benedictus
1183 932 1418 997 fructus,
1452 932 1542 999 qui
1594 932 1778 984 mundi
1810 930 1987 984 factus
2032 940 2115 987 est

2236 922 2276 981 »ὗ
2308 926 2501 996 φαγὼν
2528 928 2558 979 ὁ
2602 926 2773 996 ’Λδὰμ
2804 927 3021 997 νικήσει
3053 926 3143 979 τὸν
3179 926 3396 996 ἐχθρόν.
3422 926 3813 998 Εὐλογημένος

539 1027 851 1079 alimentum
884 1034 938 1079 et
982 1024 1378 1077 indumentum.
1426 1021 1495 1075 Et
1536 1024 1674 1075 unde
1719 1021 1816 1074 hoc
1865 1021 2013 1086 milii,
2058 1031 2113 1074 ut

2236 1036 2243 1069 ι
2272 1016 2504 1086 καρπὸς,
2529 1020 2557 1071 ό
2581 1016 2786 1087 κόσμου
2817 1016 3112 1085 γενόμενος
3138 1015 3317 1087 τροφὴ
3341 1018 3438 1071 καὶ
3468 1018 3657 1088 στολή.
3694 1018 3809 1071 Καὶ

538 1118 710 1172 veniat
753 1125 923 1171 mater
969 1115 1181 1169 Domini
1231 1114 1333 1167 mei
1381 1114 1450 1166 ad
1488 1113 1650 1166 meb?
1684 1112 1829 1175 llaec,
1867 1126 1899 1164 ο
1928 1111 2110 1181 Virgo,

2236 1107 2405 1160 τόθεν
2442 1124 2547 1176 μοι
2593 1107 2791 1167 τοῦτο,
2818 1107 2920 1159 ἵνα
2946 1107 3095 1174 ἔλθῃ
3126 1107 3164 1173 ή
3201 1106 3400 1175 μήτηρ
3431 1108 3541 1162 τοῦ
3575 1111 3812 1176 Kvpt'cu

540 1211 686 1264 intus
716 1223 802 1261 me
824 1207 1011 1261 docuit
1042 1203 1241 1269 infans,
1275 1206 1341 1258 ad
1364 1203 1745 1257 salutationem
1785 1213 1929 1255 tuam
1952 1217 2113 1269 supra

2236 1217 2331 1253 40v
2375 1200 2527 1266 πρός
2560 1214 2673 1267 ys;
2705 1198 2894 1251 Ταῦτά
2945 1215 3012 1267 με
3037 1198 3108 1263 ⁸⁸,
3146 1199 3412 1270 Παρθένε,
3459 1199 3521 1251 τὸ
3558 1199 3812 1271 ἔμϐρυον

540 1313 749 1358 naturae
789 1301 1035 1354 ordinent
1081 1298 1359 1352 exsilicns.
1394 1294 1521 1352 "me
1553 1294 1817 1363 inspirata
1851 1295 2115 1347 divinitus

2236 1288 2452 1354 ιδίδαξεν
2507 1289 2743 1355 ἔνδοθεν,
2772 1289 2865 1341 ἐπὶ
2893 1288 2972 1359 τῷ
3015 1288 3094 1359 σῷ
3135 1288 3414 1359 ἀσπασμῷ
3458 1289 3603 1359 ὑπὲρ
3640 1288 3811 1359 φύσιν

543 1396 692 1449 fuere
720 1389 997 1445 Elisabetlt
1026 1388 1216 1444 verba.

2236 1382 2534 1453 ἰλλόμενον.
2591 1380 2779 1436 Ταῦτα
2834 1381 2933 1450 τῆς
2991 1380 3280 1435 Ἐλισάϐετ
3338 1382 3407 1434 τὰ
3463 1380 3812 1435 θεόπνευστα

2218 1477 2463 1546 ῥήματα.

614 1577 743 1632 Xlll.
787 1574 1081 1632 Zacharias
1130 1581 1351 1638 autem,
1399 1580 1563 1642 prout
1605 1571 1740 1634 dixi,
1791 1570 2117 1626 constrictus

2291 1568 2386 1621 II".
2419 1566 2697 1638 Ζαχαρίας
2722 1568 2780 1620 δὲ
2806 1567 2898 1620 ἐπὶ
2921 1567 3094 1631 οἴκου,
3126 1565 3380 1637 καθάπερ
3406 1561 3565 1620 εἶπον
3587 1567 3665 1631 ὀ,
3708 1584 3812 1634 με-

544 1672 730 1735 freno,
755 1668 897 1737 quod
933 1665 1290 1723 incredulitas
1316 1664 1418 1735 ipsi
1451 1664 1804 1733 imposuerat,
1824 1661 1988 1717 domo
2011 1675 2114 1716 non

2236 1660 2427 1732 aév'qxe
2448 1661 2538 1713 τὸν
2558 1661 2658 1730 τῆς
2681 1659 2942 1722 ἀπιστίας
2966 1659 3351 1729 περικείμενος
3380 1659 3601 1727 χαλινόν
3626 1675 3643 1689 ο
3677 1660 3812 1726 σύτο

544 1736 867 1826 sccesserat,
906 1768 1091 1829 utpote
1115 1757 1206 1828 qui
1232 1769 1418 1811 vocem
1449 1755 1517 1809 ab
1550 1769 1616 1808 eo
1645 1764 1886 1822 tempore
1918 1752 2114 1806 amise-

2236 1768 2408 1823 ερονον
2428 1754 2494 1822 τῇ
2518 1752 2712 1822 κυήσει
2741 1751 2839 1822 τὴν
2870 1751 3112 1820 ἀφωνίαν
3139 1750 3345 1817 λαϐὼν,
3373 1751 3495 1823 ὅρον
3513 1753 3613 1821 τῆς
3637 1769 3815 1806 κατα-

545 1865 651 1921 rnl,
702 1868 808 1923 quo
855 1851 1093 1907 Joannes
1138 1856 1433 1916 conceptus
1479 1856 1585 1911 est,
1639 1859 1741 1899 nec
1794 1854 1922 1898 ante
1965 1844 2115 1913 pueri

2236 1845 2377 1914 Ξίκης
2397 1844 2490 1897 τοῦ
2522 1844 2711 1907 παιδὸς
2741 1844 2834 1897 τὸν
2860 1844 3022 1897 τόκον
3044 1843 3359 1915 δεξάμενος.
3397 1844 3487 1908 Ὠς
3516 1845 3572 1897 δὲ
3601 1844 3816 1915 προῆλ-

547 1945 884 2000 nativitatem
913 1941 1069 1996 linem
1094 1950 1268 2008 poma:
1296 1936 1510 1991 inﬂictae
1527 1935 1680 1989 vidit.
1705 1935 1809 1990 Sed
1830 1942 2117 2003 postquam

2236 1937 2315 1990 )εν
2348 1938 2413 1991 ὲκ
2442 1937 2543 2008 τῆς
2591 1938 2800 2008 ὲρήμου
2848 1938 3063 2008 μήτρας
3111 1938 3140 1990 ό
3170 1938 3269 2003 τῆς
3299 1937 3507 2008 ἐρήμου
3554 1937 3814 2007 πολίτης,

545 2054 575 2093 e
615 2036 858 2092 solitaria
902 2032 1147 2087 matricis
1180 2030 1309 2084 sede
1342 2029 1396 2082 in
1432 2028 1609 2082 lucem
1637 2025 1840 2095 prodiit
1873 2022 2122 2079 solitudi-

2236 2029 2402 2083 Βέλτον
2425 2030 2656 2098 αἰτήσας
2683 2029 2711 2080 ό
2741 2026 2925 2098 πατὴρ
2967 2028 3327 2097 εὐγνωμόνως
3358 2026 3625 2097 ἔγραφεν,
3664 2026 3817 2097 ἆπερ

548 2130 632 2185 nis
666 2127 859 2190 incola,
892 2134 1068 2194 pater,
1108 2122 1428 2193 pugillarem
1459 2119 1765 2189 postulans,
1808 2116 2028 2184 scripsit
2060 2115 2118 2168 fl-

2236 2121 2463 2192 ὶκήκοεν
2484 2120 2546 2173 οὺ
2575 2119 2806 2184 πιστῶς·
2834 2121 2931 2173 καὶ
2957 2119 3036 2190 τῷ
3071 2118 3271 2190 παιδίῳ
3308 2118 3407 2189 τὴν
3430 2119 3816 2189 προσηγορίαν

546 2221 741 2276 deliter
784 2230 904 2288 qua:
953 2217 1265 2272 incredulus
1307 2217 1582 2279 audierat,
1640 2222 1696 2268 et
1750 2228 1874 2269 cum
1929 2210 2121 2266 infanti

2236 2213 2477 2278 ὶποδοὺς,
2509 2211 2753 2267 ἀπέλαϐε
2776 2212 2876 2281 τὴν
2910 2211 3094 2283 φωνήν
3118 2210 3162 2241 ⁵³

547 2327 741 2368 nomen
772 2309 1149 2381 imposuisset,
1179 2323 1366 2364 vocem
1397 2307 1623 2377 recepit.

621 2401 771 2458 Talia
808 2411 958 2469 sunt,
1005 2415 1038 2455 ο
1084 2399 1401 2456 Ριιιεουτεοι·
1453 2410 1507 2454 et
1552 2398 1820 2467 Baptista,
1861 2396 2119 2468 mysteria

550 2500 663 2556 tua,
691 2500 981 2559 antequam
1016 2490 1355 2555 nascereris;
1393 2489 1552 2546 talem
1587 2490 1682 2544 tibi
1718 2489 1857 2544 Deus
1887 2489 1972 2545 vel
1997 2497 2125 2542 ante

550 2585 957 2654 conceptionem
995 2584 1253 2637 honorem
1281 2582 1513 2648 largitus
1561 2590 1664 2636 est.
1701 2580 1848 2636 Idem
1887 2580 2028 2635 enim
2068 2587 2122 2633 et

550 2676 887 2730 Dominieam
916 2674 1279 2738 nativitatem,
1314 2682 1370 2729 et
1397 2682 1541 2729 tuam
1565 2672 1973 2743 conceptionem
2002 2670 2125 2727 Ga-

552 2766 686 2821 briel
727 2766 1090 2831 ammntiavit,
1128 2776 1183 2820 et
1216 2767 1267 2819 in
1296 2765 1515 2835 templo,
1566 2763 1733 2820 veluti
1771 2764 1824 2819 in
1862 2764 2122 2828 thalamo,

552 2869 870 2927 conceptum
899 2865 1046 2912 tuum
1077 2857 1409 2927 praedicavit.
1437 2857 1625 2913 Ortum
1659 2866 1832 2921 tuum,
1866 2864 2123 2925 tanquam

554 2951 751 3002 donum
796 2949 907 3005 Deo
954 2959 1261 3019 acceptum,
1306 2963 1400 3019 per
1442 2947 1738 3005 solemnem
1771 2945 2125 3003 festivitatem

2296 2399 2535 2454 Τοιαῦτά
2575 2415 2694 2461 σου,
2729 2397 3017 2469 Πρόδρομε
3052 2395 3146 2448 καὶ
3175 2397 3221 2428 ⁹²
3246 2394 3561 2459 Βαπτιστὰ,
3596 2395 3663 2448 τὰ
3706 2396 3816 2462 πρὸ

2222 2491 2319 2548 τοῦ
2342 2494 2506 2545 τόκου
2541 2490 2839 2560 μυστήρια,
2872 2486 3136 2557 τοιαύτην
3165 2504 3246 2539 σοι
3278 2486 3306 2538 ὁ
3345 2486 3480 2550 Θεὸς
3506 2487 3615 2555 πρὸ
3643 2487 3742 2557 τῆς
3765 2486 3816 2518 ⁸⁸

2228 2583 2541 2653 συλλήψεως
2564 2580 2722 2646 ἀξίαν
2750 2580 3099 2649 κεχάρισται.
3128 2576 3371 2647 Γαϐριὴλ
3397 2577 3512 2647 γὰρ
3534 2577 3583 2608 ’⁸
3606 2576 3699 2629 τδν
3715 2578 3782 2629 Ag
3798 2604 3814 2616 .

2227 2676 2486 2730 σποτικδν
2516 2673 2674 2727 τόκον
2705 2673 2799 2726 καὶ
2818 2671 2914 2742 τὴν
2956 2670 3055 2742 σὴν
3085 2669 3486 2739 εὐηγγελίσατο
3522 2668 3813 2738 σύλληψιν,

2227 2772 2286 2823 ὲν
2315 2767 2393 2838 τῷ
2421 2766 2536 2837 ναῷ
2557 2765 2811 2836 καθάπερ
2843 2766 2901 2817 ὲν
2922 2762 3175 2834 νυμφῶνι
3202 2763 3301 2832 τὴν
3329 2762 3428 2833 σὴν
3461 2762 3815 2833 ὑπηγόρευσε

2227 2859 2447 2930 κύησιν.
2480 2859 2664 2928 Δῶρον
2692 2855 2772 2926 τῷ
2799 2853 2911 2925 ναῷ
2942 2855 2989 2887 ’⁸
3018 2856 3076 2906 ἐν
3106 2853 3418 2924 πανηγύρει
3445 2852 3700 2921 Θεοφιλὲς
3724 2854 3815 2905 τὶν

2229 2950 2322 3003 σὺν
2366 2949 2527 3002 τόκον
2571 2950 2780 3019 ἤγαγεν
2832 2947 2860 3000 ό
2911 2945 3293 3017 ἀρχάγγελος·
3349 2945 3816 3014 Πνευματοφόρος

556 3040 913 3109 archangelus
944 3041 1144 3109 templo
1179 3041 1370 3097 detulit
1400 3057 1415 3096 :
1445 3041 1498 3095 in
1530 3051 1682 3096 utero
1715 3039 1917 3109 degens
1943 3038 2125 3093 divino

2236 3039 2481 3107 γέγονας,
2501 3039 2841 3108 προφητείας
2870 3037 3123 3108 χάρισμα
3145 3038 3202 3088 ἐν
3233 3037 3419 3107 μήτρα
3437 3035 3621 3089 λαϐὼν
3654 3037 3751 3087 καὶ
3770 3036 3819 3067 ⁹⁶

555 3130 767 3185 amatus
797 3130 947 3183 fuisti
978 3130 1194 3197 spiritu,
1222 3131 1518 3198 prephetim
1552 3133 1693 3184 dono
1722 3097 2040 3193 exornatus,
2074 3137 2125 3181 et

2236 3097 2768 3200 ἀλλόμενος-ἔλεγες
2794 3097 3114 3197 ἐν’γοὶστρι,
3154 3125 3191 3179 ἃ
3233 3097 3578 3195 γεγηρακότι
3622 3125 3818 3177 Μωσεί

557 3222 758 3275 saliens
789 3221 840 3274 in
872 3228 1059 3275 ventre
1103 3228 1349 3274 materno
1377 3234 1438 3273 ea
1474 3219 1779 3287 prtedicasti
1818 3234 1938 3286 qua:
1987 3219 2125 3273 Deus

2236 3221 2501 3292 ἐδήλωσεν
2526 3220 2571 3252 ³⁷
2602 3222 2629 3273 ὀ
2659 3220 2792 3281 Θεός
2811 3233 2824 3246 '
2854 3217 2937 3270 διό
2968 3233 3026 3270 σε
3062 3216 3287 3287 μείζονα
3317 3213 3614 3284 προφητῶν
3642 3212 3673 3264 ό
3713 3212 3816 3280 τῆς

559 3315 726 3386 Moysi
762 3314 875 3384 jam
926 3313 1042 3369 seni
1086 3312 1453 3367 manifestavit
1488 3311 1648 3366 :ideo
1707 3310 1966 3380 majorem
2006 3324 2125 3379 pro-

2242 3310 2572 3376 Ἐκκλησίας
2600 3310 2833 3380 νυμφίος
2868 3308 3120 3362 ἐκάλεσε.
3150 3308 3247 3369 Τίς
3278 3307 3384 3376 γὰρ
3417 3304 3723 3375 προφητῶν
3752 3305 3817 3356 ἐκ

560 3409 736 3474 phetis
766 3416 819 3461 te
854 3405 1095 3474 Sponsus
1125 3404 1383 3459 Ecclesia:
1412 3402 1704 3472 appellavit
1726 3412 1775 3457 ο.
1818 3401 1951 3467 Quis
1980 3402 2125 3454 enim

2236 3405 2451 3475 μήτρας
2481 3402 2780 3472 μυστήριον
2820 3401 3195 3471 ὑπηγόρευσε;
3230 3398 3320 3459 Τίς
3375 3394 3610 3447 δικαίων
3643 3397 3695 3427 ⁸⁸
3723 3412 3817 3448 τε·

561 3499 704 3552 inter
742 3498 1036 3566 prophetas
1077 3510 1141 3549 ex
1181 3504 1338 3547 utero
1378 3492 1636 3563 mysteria
1690 3492 1851 3546 matri
1890 3506 2001 3545 sua:
2040 3506 2125 3545 rc-

2236 3497 2407 3566 χθεὶς,
2439 3494 2608 3559 ξένιον
2631 3494 2814 3563 φωνὴν
2860 3493 3204 3563 προσήνεγκε
3229 3489 3273 3523 ⁸³
3307 3487 3518 3557 napi;
3552 3488 3618 3540 σὶι
3671 3485 3729 3540 δὲ
3761 3490 3819 3540 ἐν

563 3586 789 3641 velavit?
825 3586 1090 3651 Quisnam
1135 3600 1166 3639 e
1200 3584 1363 3652 jnstis
1414 3585 1483 3641 iu
1520 3591 1655 3639 ortu-
1686 3596 1786 3637 suo
1814 3596 1997 3636 vocem
2034 3597 2125 3651 pa-

2236 3584 2412 3654 ταυτῷ
2433 3585 2523 3637 τὸν
2546 3582 2916 3655 γεγεννηκότα
2938 3580 3183 3649 ἁφωνίας
3203 3576 3538 3646 ἁπήλλαξας,
3566 3578 3663 3629 καὶ
3687 3595 3815 3648 προ-

563 3678 698 3732 renti
742 3685 995 3745 tanquam
1031 3677 1247 3730 xcnium
1290 3674 1540 3731 obtulit?
1579 3674 1659 3728 Τιι
1694 3689 1825 3728 vero
1868 3688 1991 3728 eum
2036 3673 2125 3742 qui

2236 3674 2458 3744 φητείας
2485 3673 2745 3742 ἤξίωσαςο
2780 3673 2838 3727 Ὀ
2866 3676 2976 3746 γὰρ
3007 3675 3109 3745 πρὸ
3138 3674 3372 3744 βραχέος
3391 3675 3633 3741 ἄφωνος,
3659 3674 3813 3740 ἁγίου

562 3780 611 3823 te
666 3778 949 3839 genuerat,
1003 3784 1032 3822 a
1081 3769 1277 3838 lingua:
1338 3768 1725 3838 impedimento
1770 3765 2035 3831 liberasti,
2079 3772 2125 3817 el

2236 3765 2550 3836 Ιῐνεύματος
2610 3767 2893 3837 πλησθεὶς,
2936 3767 3076 3838 ᾠδὴν
3124 3769 3254 3837 ἡμῖν
3311 3765 3720 3836 ὑπηγόρευσεν,
3750 3765 3814 3832 ἦν

561 3859 723 3914 simul
756 3859 1051 3930 prophetiae
1085 3875 1307 3915 munere
1339 3860 1558 3930 dignum
1591 3856 1841 3913 effecisti.
1868 3855 1967 3922 Qui
1988 3854 2125 3909 enim

2236 3858 2432 3928 μικρὸν
2489 3857 2803 3924 ὑπαλλάξας
2845 3860 2925 3921 είς
2968 3858 3227 3929 εὔκαιρον
3278 3856 3714 3925 ἀνακρούσομαι.
3758 3854 3813 3907 '0

561 3954 720 4022 paulo
769 3962 893 4007 ante
945 3965 1125 4007 mutus
1169 3963 1308 4020 erat,
1369 3952 1604 4022 repletus
1665 3949 1873 4018 Spiritu
1919 3955 2125 4010 sancto,

2241 3948 2340 4018 μὲν
2392 3947 2502 4018 γάρ
2537 3965 2736 4018 φησιν·
2788 3950 3139 4016 Εὐλογητὸς
3170 3948 3390 4015 Κύριος
3439 3951 3473 3999 ό
3518 3946 3662 4011 Θεὸς
3712 3944 3813 3998 τοῦ

561 4046 835 4099 ι’ὲιιιὶἰειιηι
861 4045 1018 4099 nobis
1050 4044 1360 4099 modulatus
1400 4053 1503 4106 est,
1532 4042 1675 4110 quod
1715 4038 1992 4109 paululum
2035 4037 2125 4088 im-

2251 4040 2498 4110 Ἰσραήλ
2520 4058 2534 4072 ο
2566 4042 2678 4110 ἐγὼ
2710 4041 2764 4094 δέ
2797 4058 2974 4111 φημι·
3002 4041 3311 4109 Εὐλογητὸς
3341 4042 3369 4093 ό
3397 4039 3529 4103 Θεὸς
3556 4039 3663 4091 τῶν
3686 4038 3811 4104 Χρι-

562 4147 801 4198 mutans,
841 4144 1145 4204 opportune
1167 4137 1478 4190 recantaho.
1522 4134 1611 4187 llle
1651 4136 1792 4186 enim
1826 4130 1994 4184 dicit:
2023 4127 2125 4181 Be-

2250 4133 2502 4185 στιανῶν.
2534 4132 2693 4203 Αὐτῷ
2731 4136 2764 4204 ἡ
2791 4134 2917 4199 δόξα
2950 4133 3032 4196 εἰς
3057 4133 3185 4195 τοὺς
3209 4132 3415 4194 αἰῶνας
3467 4130 3578 4183 τῶν
3612 4128 3811 4183 αἰώνων

561 4228 800 4284 nedictus
838 4227 1093 4282 Dominus
1142 4228 1280 4282 Deus
1310 4226 1558 4292 lsraeld;
1606 4240 1706 4293 ego
1740 4234 1920 4276 autem
1966 4222 2089 4274 dico
2120 4237 2134 4273 :

2256 4221 2451 4293 Ἀμήν.

564 4324 887 4381 Benedictus
908 4324 1049 4379 Dens
1080 4324 1513 4379 Christianorum
1546 4342 1559 4378 :
1589 4323 1687 4393 ipsi
1732 4321 1898 4391 gloria
1937 4321 1989 4373 in
2027 4316 2226 4372 saecula
2257 4321 2606 4377 siliculorum.
2650 4325 2842 4379 Amen.

1298 4418 1374 4469 ‘Il.

2988 4413 3041 4468 Β.

566 4505 649 4562 ΙΝ
703 4506 1237 4563 8ΑΝ6Τ1381ΜΑΞ⁷
1296 4457 1653 4562 ΠΙΞῘΙΡΑΙῙΑΞ
1705 4506 2125 4561 ΑΝΝΠΝΤΙΑ‹

2240 4510 2368 4564 ΕΙΣ
2412 4511 2548 4563 ΤΟΝ
2584 4508 3180 4563 ΕΥΑΓΓΕΛΙΣΜΟΝ
3220 4508 3356 4560 ΤΗΣ
3403 4500 3811 4557 ΥΠΕΡΑΓΙΑΣ

1157 4576 1448 4646 meum!
1477 4579 1552 4647 (α)

1116 4695 1363 4762 Benedic,
1401 4694 1578 4749 Pater.

636 4810 672 4863 Ι.
719 4810 977 4864 Antcacta
1025 4809 1112 4864 die
1154 4810 1425 4867 Dominica
1482 4810 1856 4879 interpretatio
1903 4827 2136 4881 prmces-

2806 4578 3215 4631 ΘΕΟΤΟΚΟΥ.

2720 4692 3100 4760 Εὐνῐόγησον,
3133 4688 3344 4757 Πάτερ.

2315 4809 2395 4864 Α’.
2422 4806 2772 4879 Προέδραμεν
2796 4806 2853 4858 ὲν
2876 4806 2941 4875 τῇ
2982 4803 3225 4875 προτέρᾳ
3270 4804 3528 4873 Κυριακῇ
3562 4804 3597 4873 ἡ
3625 4802 3817 4873 ἐξήγη-

640 4945 666 4984 ¹²
691 4942 825 5001 Luc.
858 4962 897 5008 ι,
973 4948 1062 5002 45.
1107 4958 1129 4986 ε
1160 4945 1291 5000 Luc.
1325 4962 1434 5009 vn,
1475 4944 1567 4999 28.
1609 4944 1664 4999 In
1700 4946 2122 5017 Ecclesiazhymt

2236 4946 2503 5002 Maximus
2544 4954 2725 4997 vatum
2770 4942 3097 5013 appellatur.
3139 4939 3167 4979 τι
3194 4939 3329 4993 an.
3362 4955 3403 5007 ι,
3434 4939 3528 4995 68.

1833 5057 2068 5113 νΑΙῖΙΑζ
2107 5056 2516 5114 LECTIONES.

639 5155 682 5185 ⁸⁸
700 5154 760 5207 C.
789 5153 911 5207 Vat.
938 5152 1119 5207 Ταῦτά
1151 5171 1261 5217 μοι.
1300 5154 1346 5185 ⁹⁰
1371 5153 1430 5208 C.
1465 5151 1581 5205 Val.
1602 5152 1745 5205 καθὰ
1784 5156 2067 5222 προεῖπον.
2107 5154 2150 5186 ⁹¹
2189 5153 2341 5220 Apud
2360 5150 2539 5222 Nicet.
2569 5149 2821 5222 additur}
2856 5147 3002 5222 καλὴ

3028 5148 3148 5217 χεὶρ
3175 5144 3420 5217 ἔλυεῌτῆς
3453 5141 3719 5217 γλώττης
3739 5140 3823 5217 τῆξ

568 5225 805 5294 εειοπήν.
875 5225 919 5255 ⁹¹
937 5226 976 5276 Α
1003 5223 1065 5280 C.
1086 5212 1200 5277 Vat.
1219 5225 1369 5276 abest
1392 5224 1503 5277 καί
1536 5212 1881 5294 ν⁹³ιλὺρειτῆς
1908 5240 1934 5274 a
1960 5222 2205 5294 Valic.C.
2239 5212 2642 5294 “Abestﬁipa
2767 5218 2884 5294 Vat:
2931 5218 2976 5248 "’
3081 5212 3357 5294 Vat.").a_§t,
3377 5221 3570 5294 etcum
3595 5230 3662 5294 cp
3690 5212 3823 5267 διεῖπε

569 5283 749 5348 wsid
774 5294 919 5360 legit,
952 5294 1160 5363 populo.
1211 5294 1258 5325 ’⁸
1282 5295 1494 5349 AbeSta
1522 5294 1583 5348 C.
1616 5290 1733 5347 Vat.
1767 5283 1880 5347 mi.
1917 5294 1960 5324 ”
1986 5293 2047 5348 C.
2079 5293 2240 5347 Barb.
2269 5293 2476 5361 ἔλεγεν.
2499 5283 2638 5344 ’π’(ὶ.
2668 5288 2830 5343 Barb.
2857 5287 3089 5349 δικαίος.
3124 5289 3169 5320 θ’
3192 5286 3253 5339 C.
3276 5283 3436 5338 Barb.
3465 5285 3820 5354 προσήνεγγε.

2087 5384 2314 5440 NOTAE.

667 5479 718 5549 η)
742 5479 923 5533 Brevis
954 5482 1067 5534 haec
1099 5478 1318 5532 homilia
1350 5489 1403 5531 et
1428 5477 1771 5546 simplicitate
1801 5489 1851 5531 et
1872 5479 2139 5547 elegantia

573 5553 852 5615 pra-stans,
895 5550 1137 5617 ejusdem
1188 5557 1271 5602 est
1313 5550 1551 5603 auctoris
1585 5566 1647 5601 ac
1693 5551 2022 5617 praecedens,
2059 5553 2134 5601 uti

572 5620 746 5684 stylus
795 5631 980 5683 aperte
1030 5620 1387 5672 demonstrat.
1445 5618 1485 5670 Ε
1541 5619 1730 5672 codice
1781 5621 2131 5682 Anglis-lano,

575 5701 717 5741 uane
763 5686 1131 5754 Monachcusi,
1176 5690 1402 5743 deducta
1448 5696 1552 5751 est,
1601 5704 1629 5741 a
1661 5689 1974 5743 doctissimo
2020 5688 2136 5741 viro

2248 5474 2464 5530 Andrea
2522 5472 2873 5537 Steinhuber,
2934 5485 3104 5525 Sacra:
3158 5467 3442 5537 theologia:
3494 5468 3548 5520 in
3605 5465 3821 5527 collegia

2242 5546 2494 5599 Romano
2520 5546 2767 5605 doctore,
2798 5542 2987 5597 Graece
3022 5539 3239 5607 pmpria
3276 5554 3436 5591 manu
3471 5538 3819 5603 transcripta,

2243 5627 2293 5668 et
2326 5614 2393 5667 ab
2425 5614 2792 5667 illustrissimo
2832 5610 3068 5676 Georgio
3100 5607 3446 5675 Krahingero
3488 5621 3617 5659 cum
3651 5618 3819 5674 proto-

2247 5695 2373 5754 typo
2400 5684 2613 5739 collata.
2654 5680 2901 5750 Uterque
2932 5682 2997 5734 dc
3030 5681 3186 5733 nobis
3215 5679 3351 5732 bene
3386 5676 3643 5732 meritus.
