4014 6122
278 336 412 402 ῙἹἹῚ

1035 332 1365 408 HOMILIA
1404 331 1488 392 IN
1519 330 1621 390 SS.
1663 330 2016 390 DEIPARJE
2051 327 2770 390 ANNUNTIATIONEM.

3397 320 3532 394 1728

277 465 363 512 σις
393 447 426 519 ἡ
460 447 588 518 περὶ
621 447 716 499 τοῦ
743 445 1062 519 Προδρόμου
1089 463 1102 476 ·
1134 443 1259 515 ἄγει
1283 447 1340 500 δὲ
1370 445 1465 499 νῦν
1493 446 1640 516 ἡμᾶς
1671 446 1698 497 6
1724 444 1862 514 Πρό-

1972 443 2054 510 sit,
2091 459 2212 512 qua:
2261 443 2405 499 circa
2452 443 2854 498 Praecursorem
2905 443 3190 502 versatur;
3226 449 3368 490 nunc
3403 448 3533 490 vero

274 540 474 606 δρομος
529 535 612 598 είς
667 535 758 587 τὸν
807 535 1234 605 κηρυττόμενον.
1283 533 1347 588 El
1395 534 1453 586 δὲ
1501 533 1768 604 εὔφρανεν
1820 533 1854 602 ἡ

287 627 530 696 γέννησις
575 627 670 680 τοῦ
715 628 1055 700 Προδρόμου,
1083 628 1408 699 εὐφρανάτω
1447 627 1606 681 πλέον
1646 627 1790 698 ἡμᾶς
1822 627 1856 696 ἡ

283 721 532 790 γέννησις
551 719 645 773 τοῦ
675 719 856 774 κοινοῦ
883 721 1155 792 Σωτῆρος.
1201 721 1437 782 Ἐκεῖνος
1464 719 1564 791 μὲν
1593 719 1702 790 γὰρ
1728 735 1859 789 προ-

283 812 516 883 έδραμεν
543 812 705 882 μόνον
734 815 812 876 είς
841 813 904 866 τὸ
931 811 1167 884 κηρῦξαι
1193 830 1208 844 ·
1237 807 1393 878 οὗτος
1414 813 1468 866 δὲ
1494 811 1754 884 ἐλήλυθεν
1779 813 1858 876 εἰς

278 905 340 957 τὸ
375 903 570 957 σῶσαι.
603 904 713 956 Καὶ
741 903 831 958 διὰ
873 903 1112 974 Χριστὸν
1155 902 1408 974 Ἰωάννης
1428 920 1441 934 ·
1475 903 1504 956 ὁ
1535 902 1592 956 δὲ
1622 903 1859 974 Χριστὸς

275 993 342 1046 οὑ
361 992 450 1047 διὰ
500 993 778 1064 Ἰωάννην,
810 992 949 1047 ἀλλά
979 993 1070 1048 διὰ
1089 994 1182 1048 τὸν
1205 993 1447 1050 Πατέρα.

353 1261 425 1316 B'.
465 1260 747 1331 Ἐλθωμεν
766 1261 948 1315 τοίνυν
971 1263 1052 1326 είς
1076 1261 1174 1333 τὴν
1196 1261 1458 1334 ἐξήγησιν
1487 1263 1598 1317 τῶν
1625 1263 1860 1330 εὐαγγε-

287 1352 449 1405 λικῶν
479 1352 764 1423 ῥημάτων.
799 1353 858 1408 '0
898 1354 1007 1424 γὰρ
1033 1355 1199 1417 αὐτὸς
1234 1354 1570 1426 ἀρχάγγελος
1603 1355 1860 1421 διακονεῖ,

277 1444 380 1512 χαὶ
413 1445 660 1500 Ἰωάννου
686 1448 1030 1518 γεννωμένου
1061 1449 1076 1480 ⁸
1105 1449 1200 1502 καὶ
1225 1447 1320 1501 τοῦ
1347 1447 1599 1520 Σωτῆρος
1625 1448 1864 1518 συλλαμ-

286 1535 610 1607 ϐανομένου.
651 1536 800 1590 Ἐκεῖ
827 1539 926 1607 μὲν
963 1532 1054 1591 οὖν
1087 1539 1307 1610 στείρας
1348 1539 1376 1591 6
1405 1539 1543 1612 ἀνὴρ
1577 1541 1861 1608 εὐαγγελί-

287 1624 472 1690 ζεται·
502 1627 742 1681 ἐνταῦθα
771 1629 830 1682 δὲ
879 1629 1153 1700 Παρθένος
1199 1630 1530 1684 διδάσκεται.
1571 1631 1866 1685 Ἀποστελ-

287 1723 432 1770 λεται
479 1717 612 1785 γοῦν
637 1720 666 1772 6
695 1720 1039 1791 ἀρχάγγελος
1079 1721 1180 1774 οὐκ
1213 1720 1296 1774 ἔτι
1343 1723 1425 1785 είς
1467 1721 1619 1785 ναὸν,
1650 1723 1727 1786 ὡς
1776 1722 1868 1775 ἐπὶ

297 1801 565 1870 Ἰωάννου,
595 1806 712 1860 ἀλλ’
739 1789 837 1862 ἐπὶ
877 1789 971 1864 τὸν
1003 1807 1248 1879 ἔμψυχον
1280 1809 1405 1862 ναὸν
1435 1810 1536 1880 τὴν
1565 1809 1861 1882 Παρθένον.
1901 1789 1938 1842 Β

253 1954 256 1958 ,
295 1893 444 1948 Ἐκεῖ
491 1899 767 1968 Ζαχαρίας
813 1901 842 1953 6
891 1903 1072 1972 ἱερεὺς
1127 1901 1378 1972 εἰσῆλθεν
1427 1901 1725 1972 θυμιᾶσαι,
1773 1903 1866 1957 καὶ

287 1985 516 2054 ἧκουσεν
545 1991 670 2054 τοὺς
691 1991 912 2056 εὐώδεις
927 1993 1118 2060 λόγους
1145 1993 1272 2057 τοὺς
1302 1993 1455 2065 παρά
1477 1994 1570 2048 τοῦ
1594 1994 1866 2066 ἀρχαγγὲ-

288 2087 398 2130 Αου·
416 2079 649 2134 ἐνταῦθα
662 2083 718 2134 δὲ
732 2084 832 2138 οὐκ
849 2083 928 2138 ἔτι
947 2084 1090 2148 ναὸς,
1107 2084 1243 2138 ἀλλά
1259 2083 1385 2147 ναὸς
1402 2086 1436 2155 ἡ
1453 2084 1868 2156 Παρθένος.ούκ

289 2169 508 2240 ἔρχεται
538 2174 566 2226 6
594 2173 827 2242 ἄγγελος
861 2177 998 2248 πρὸς
1039 2176 1130 2230 τὸν
1159 2177 1458 2248 ἀρχιερέα·
1489 2177 1605 2230 ἀλλ’
1647 2177 1867 2248 ἔρχεται

290 2264 421 2332 πρὸς
441 2262 540 2332 τὴν
569 2264 862 2320 τίκτουσαν
885 2268 976 2322 τὸν
1001 2269 1254 2337 οὐράνιον
1277 2269 1560 2341 ἀρχιερέα.
1597 2269 1748 2323 Ἐκεῖ
1772 2267 1868 2342 ἦλ-

287 2350 374 2403 θεν
397 2351 424 2402 6
444 2351 788 2422 ἀρχάγγελος
823 2357 881 2408 ὲν
903 2357 1078 2427 καιρῷ
1101 2357 1442 2427 λειτουργίας
1465 2372 1477 2386 ·
1507 2357 1746 2412 ἐνταῦθα
1767 2359 1868 2413 οὐκ

281 2451 342 2494 εν
391 2443 569 2516 καιρῷ
625 2445 1010 2516 λειτουργίας·
1043 2447 1270 2518 ἔμελλεν
1313 2449 1424 2520 γὰρ
1467 2451 1496 2502 6
1547 2451 1869 2521 τικτόμενος

293 2535 480 2586 παύειν
503 2536 602 2605 τὴν
628 2536 946 2608 σωματικὴν
967 2537 1064 2590 λατ
1075 2537 1244 2609 ρείαν.
1263 2539 1414 2590 Ἐκεῖ
1442 2538 1662 2610 ἔρχεται
1679 2543 1706 2592 ὁ
1727 2541 1867 2612 ἀρχο

291 2623 518 2691 ἅγγελος
550 2627 687 2696 πρὸς
735 2627 828 2680 τὸν
877 2629 1090 2698 πατέρα
1111 2645 1124 2660 ·
1167 2627 1405 2681 ἐνταῦθα
1425 2627 1484 2680 δὲ
1521 2627 1622 2682 οὐκ
1650 2627 1869 2700 ἔρχεται

293 2716 426 2786 πρὸς
456 2717 546 2771 τὸν
579 2718 655 2790 μὴ
684 2719 974 2790 γενόμενον
1003 2722 1217 2792 πατέρα
1251 2719 1476 2792 Ἰωσὴφ,
1509 2721 1624 2774 ἀλλ’
1649 2721 1869 2794 ἔρχεται

291 2808 427 2878 πρὸς
453 2810 553 2879 τὴν
580 2811 858 2880 Παρθένον
896 2812 993 2882 τὴν
1023 2813 1326 2883 γενομένην
1356 2813 1484 2867 ἄνευ
1517 2814 1729 2885 πατρὸς
1759 2833 1867 2887 μη-

295 2899 442 2969 τέρα.
492 2899 640 2952 Ἐκεῖ
669 2897 736 2972 ἦν
776 2899 1058 2954 Ἐλισάϐετ
1087 2901 1180 2954 καὶ
1211 2901 1518 2973 Ζαχαρίας·
1549 2903 1786 2958 ἐνταῦθα
1811 2904 1867 2958 δὲ

291 2991 424 3061 μόνη
455 2992 666 3062 Μαρία.
703 2989 812 3046 Ἦν
844 2993 952 3064 γάρ
983 2995 1010 3046 6
1051 2993 1250 3065 Ἰωσὴφ
1291 2993 1368 3057 ὡς
1404 2993 1653 3066 μνηστήρ
1686 2996 1828 3068 ἀνήρ
1850 3013 1866 3028 ·

1959 534 2272 590 Przecursor
2309 535 2376 588 ad
2404 550 2527 588 eum
2569 548 2730 602 quem
2775 529 3108 600 praedicavit,
3145 542 3244 582 nos
3291 525 3528 583 adducit.

1958 629 2151 693 Porro,
2184 628 2230 683 si
2273 628 2452 682 fausta
2487 627 2663 682 illuxit
2687 610 3043 681 l’rzecursoris
3067 622 3342 684 nativitas,
3366 621 3536 675 multo

1959 721 2132 790 magis
2176 735 2313 789 Opus
2361 729 2444 774 cst
2477 728 2534 773 ut
2585 733 2685 774 nos
2731 715 2988 772 nativitas
3041 712 3344 769 Salvatoris
3382 725 3535 767 com-

1963 811 2141 865 munis
2179 809 2469 865 exltilaret.
2503 809 2600 863 llle
2633 807 2779 863 enim
2818 805 3192 862 tantummodo
3225 801 3535 874 prazcurrit,

1961 913 2018 958 ut
2058 903 2201 958 ltunc
2231 901 2614 967 annuntiaret;
2645 901 2735 956 hic
2771 913 2900 956 vero
2941 907 3001 952 ut
3027 897 3256 952 salutem
3287 892 3524 956 all'erret,

1961 995 2203 1051 advenit.
2255 992 2322 1048 Et
2379 991 2618 1054 Joannes
2668 990 2891 1060 quidem
2940 995 3166 1058 propter:
3206 985 3533 1046 Christum:

1961 1087 2214 1142 Christus
2247 1099 2400 1153 vero,
2446 1100 2552 1140 non
2593 1093 2816 1155 prepter
2845 1079 3134 1146 Joannem,
3172 1076 3269 1134 sed
3316 1086 3536 1145 propter

1963 1176 2197 1232 Patrem.

2033 1269 2097 1322 ll.
2139 1268 2434 1324 Veniamus
2461 1267 2644 1336 itaque
2675 1263 2742 1318 ad
2772 1262 3206 1334 evangelii-orum
3247 1259 3534 1313 verborum

1964 1363 2424 1432 explanationem.
2462 1359 2639 1426 Atque
2674 1356 2813 1410 idem
2855 1369 2986 1409 sane
3015 1351 3378 1421 archangelus
3415 1349 3538 1402 lun-

1951 1449 2111 1517 \gitur
2159 1447 2394 1500 Il'lilllSll‘l
2446 1457 2672 1499 munere
2733 1451 2846 1496 tum
2887 1443 2940 1497 in
2991 1438 3244 1496 natalitio
3291 1435 3538 1498 Joannis,

1969 1549 2080 1593 tum
2119 1539 2170 1592 in
2204 1537 2509 1594 Servatoris
2537 1533 2910 1605 conceptione.
2946 1531 3066 1586 Illic
3097 1531 3260 1601 igitur
3292 1527 3537 1588 nuntium

1969 1633 2086 1686 viro
2117 1630 2320 1686 srerilis
2347 1629 2533 1684 uxoris
2571 1627 2852 1692 defertur;
2890 1624 2978 1678 hic
3043 1638 3172 1678 vero
3203 1636 3289 1675 res
3331 1617 3539 1687 Virgini

1969 1723 2230 1792 aperitur.
2264 1721 2472 1776 Idcirco
2495 1716 2854 1786 arcltangelus
2896 1731 3000 1770 non
3025 1712 3137 1784 jam
3167 1712 3234 1766 ad
3260 1709 3538 1778 templum,

1969 1814 2424 1886 quemadmodum
2465 1827 2588 1868 cum
2645 1813 2710 1864 de
2754 1808 2962 1863 Joanne
3009 1808 3292 1876 agebatur,
3333 1800 3430 1856 sed
3475 1799 3542 1858 ad

1971 1909 2228 1976 templum
2266 1909 2588 1972 animatum,
2630 1908 2696 1962 ad
2721 1904 2996 1976 Virginem
3039 1916 3251 1972 nempe,
3287 1897 3540 1954 mittitur.

1967 2001 2042 2056 Ibi
2091 2000 2388 2056 Zacharias
2434 2001 2692 2056 sacerdos
2741 1997 2810 2052 ad
2865 1998 3164 2068 thymiama
3215 1989 3540 2047 adolendum

1971 2094 2246 2162 ingressus
2291 2101 2397 2157 est,
2437 2100 2492 2147 et
2533 2090 2602 2146 ab
2646 2088 2978 2160 archangelo
3021 2100 3214 2142 suaves
3261 2095 3543 2138 sermones

1970 2185 2174 2240 audivit
2201 2203 2215 2238 :
2242 2185 2329 2239 ltic
2365 2199 2494 2238 vero
2537 2197 2640 2236 non
2668 2183 2778 2252 jam
2834 2177 3088 2248 templum
3126 2175 3301 2230 oculis
3351 2170 3544 2242 objici-

1973 2287 2080 2340 tur,
2110 2277 2202 2329 sed
2233 2272 2488 2344 templum
2515 2271 2592 2344 (5)
2633 2272 2748 2341 ipsa
2789 2277 2874 2323 est
2904 2267 3087 2334 Virgo.
3132 2263 3254 2320 Non
3297 2263 3362 2316 ad
3395 2276 3545 2314 sutu-

1970 2383 2118 2422 rnum
2156 2367 2303 2420 illum
2343 2364 2680 2420 sacerdotem
2706 2359 2934 2430 angelus
2978 2357 3145 2422 venit,
3187 2355 3282 2410 sed
3318 2353 3383 2405 ad
3423 2365 3542 2405 eam

1971 2459 2167 2530 pergit,
2203 2471 2326 2527 quae
2367 2454 2645 2510 caelestem
2684 2465 2954 2508 summum
2999 2448 3346 2504 Sacerdmcm
3384 2457 3546 2512 gene-

1973 2562 2076 2606 rat.
2116 2549 2194 2606 lbi
2241 2548 2600 2618 archangelus
2635 2546 2786 2600 venit
2850 2552 3090 2612 tempore
3127 2536 3416 2600 sacriﬁcii;
3456 2535 3546 2588 hic

1971 2657 2151 2702 autem
2205 2658 2311 2698 non
2360 2648 2588 2711 apparet
2629 2641 2764 2694 liora
2807 2635 3089 2701 sacriﬁcii,
3148 2631 3406 2702 quoniam
3451 2629 3544 2697 qui

1972 2735 2323 2801 nascebatur,
2349 2732 2515 2788 cultui
2567 2731 2642 2786 illi
2685 2727 2952 2784 rnateriali
2990 2725 3152 2786 linem
3188 2723 3547 2792 impositurus

1969 2838 2106 2883 crat.
2139 2826 2216 2882 lbi
2249 2824 2614 2893 arcltangelus
2644 2837 2704 2878 se
2737 2819 2952 2882 confert
2977 2818 3043 2873 ad
3097 2815 3426 2887 genitorem;
3460 2811 3548 2870 hic

1970 2935 2098 2974 vero
2129 2933 2234 2973 non
2275 2931 2336 2972 se
2377 2915 2615 2984 Joseplto
2649 2913 2818 2979 sistit,
2849 2911 3050 2982 quippe
3089 2908 3182 2980 qui
3234 2905 3548 2962 nullatenus

1971 3015 2124 3076 pater
2161 3004 2286 3069 fuit,
2311 3004 2406 3059 sed
2436 3001 2708 3072 Virginem
2733 3002 2870 3065 adit,
2901 3014 3020 3067 qua:
3059 3005 3272 3052 semoto
3301 2993 3550 3064 genitore

292 3078 402 3154 εἶχε
433 3083 488 3136 δὲ
517 3084 617 3154 τὴν
649 3085 918 3156 παρθένον
967 3085 1258 3156 παρθένον.
1293 3087 1408 3140 Ούκ
1441 3087 1660 3158 ἔρχεται
1689 3087 1868 3141 τοίνυν

1973 3106 2146 3152 mater
2184 3095 2377 3151 evasit.
2416 3093 2492 3149 lbi
2525 3094 2700 3148 locum
2736 3093 2975 3155 habuere
3021 3089 3298 3144 Elisabetli
3353 3095 3408 3142 et
3449 3083 3550 3142 la.-

291 3176 430 3246 πρδς
478 3178 641 3230 αὐτὸν
689 3181 716 3232 6
763 3179 1130 3250 ἀρχάγγελος·
1165 3179 1278 3234 ἀλλ’
1313 3179 1537 3252 ἔρχεται
1585 3182 1724 3250 πρὸς
1767 3181 1868 3254 τὴν

1972 3189 2189 3243 cltarias
2219 3205 2232 3242 :
2264 3188 2352 3242 hic
2384 3201 2514 3240 vero
2546 3184 2658 3238 sola
2687 3182 2856 3243 Maria
2887 3181 2985 3252 (6).
3027 3182 3157 3236 Nam
3205 3179 3393 3245 utique
3455 3173 3550 3228 Jo-

293 3268 588 3338 Παρθένον.

293 3371 410 3415 ctns
433 3372 584 3430 erat;
622 3378 807 3418 verum
841 3380 1000 3433 quam
1040 3367 1308 3436 virginem
1353 3365 1546 3420 habuit
1593 3366 1860 3435 virginem
1938 3371 2198 3426 servavit.

291 3453 682 3524 arcl‘tangelus;
717 3459 809 3511 sed
845 3459 910 3512 ad
947 3457 1220 3528 Virginem
1257 3474 1317 3514 se
1343 3459 1596 3515 contulit.

363 3563 438 3622 1".
468 3567 580 3620 Καὶ
617 3569 670 3622 τί
720 3569 868 3638 λέγει
919 3573 1092 3642 eam;
1143 3573 1339 3640 Χαῖρε,
1387 3576 1869 3642 κεχαριτωμένη·

295 3660 482 3731 ἐπειδὴ
501 3659 652 3716 εἶπεν
675 3666 700 3716 6
721 3665 852 3728 Θεὸς
873 3667 936 3735 τῇ
964 3663 1099 3734 Εὕα·
1133 3665 1231 3718 Ἑν
1251 3667 1476 3730 λύπαις
1499 3667 1645 3739 τέξῃ
1673 3666 1871 3720 τέκνα.

296 3750 492 3818 Χαῖρε,
516 3754 954 3822 κεχαριτωμένη
976 3771 988 3784 ·
1015 3755 1202 3808 λύεται
1227 3753 1335 3826 γὰρ
1363 3757 1396 3825 ἡ
1420 3755 1564 3826 λύπη
1589 3757 1688 3830 τῆς
1707 3755 1870 3818 Εὔας.

307 3847 368 3897 Ἦ
407 3841 520 3900 Εὗα
549 3846 607 3898 ὲν
636 3845 834 3906 λύπαις
864 3844 1073 3899 ἔτικτεν
1093 3859 1108 3872 ⁶
1142 3845 1279 3916 αὕτη
1316 3847 1496 3903 τοίνυν
1527 3847 1560 3910 ὴ
1594 3846 1737 3916 χαρὰ
1756 3846 1874 3898 λύει

298 3937 514 4006 ἐκείνην
546 3937 646 4010 τὴν
687 3936 883 4006 λύπην.
919 3935 1021 3990 Διά
1050 3937 1207 3990 τοῦτο
1232 3937 1418 4004 ἔλεγεν
1437 3953 1450 3967 ·
1481 3935 1678 4004 Χαῖρε,
1703 3953 1877 4004 κεχα-

297 4028 585 4097 ριτωμένη
613 4045 627 4061 ·
661 4031 694 4082 ό
723 4030 936 4096 Κύριος
966 4029 1117 4098 μετά
1155 4027 1294 4083 σοῦ.
1333 4023 1439 4081 Ἦν
1477 4027 1586 4098 γάρ
1629 4027 1745 4097 μετ’
1777 4027 1878 4080 αὑ-

297 4121 396 4183 τῆς
427 4121 455 4172 6
493 4121 688 4191 μικρὸν
715 4119 940 4192 ὕστερον
975 4121 1033 4188 ἐξ
1060 4120 1252 4190 αὐτῆς.

368 4235 440 4286 Δν.
476 4233 545 4288 Ἦ
571 4233 638 4286 δὲ
657 4233 755 4288 ἐπὶ
778 4232 856 4300 τῷ
877 4237 1038 4303 λόγῳ
1063 4233 1446 4302 διεταράχθη·
1475 4233 1535 4286 οὐ
1567 4231 1676 4303 γάρ
1700 4229 1879 4302 ἠσπάσ

302 4341 434 4378 σατο
465 4325 604 4396 γυνὴ
649 4329 904 4395 γυναῖκα,
943 4327 1061 4380 ἀλλ’
1091 4326 1340 4397 οὐράνιος
1379 4325 1602 4396 πολίτης
1648 4324 1747 4394 τὴν
1789 4323 1884 4376 ἐπὶ
1930 4361 1936 4367 ρ

1975 3279 2180 3346 sepltus
2217 3277 2292 3346 ei,
2340 3284 2528 3345 utpote
2565 3289 2820 3344 sponsus,
2857 3272 3110 3327 connubii
3145 3269 3270 3338 jure
3312 3265 3548 3332 conjun-

2283 3369 2398 3424 llac
2443 3369 2612 3438 igitur
2646 3367 2711 3422 de
2749 3379 2917 3424 causa
2973 3378 3079 3418 non
3134 3375 3256 3416 cum
3299 3356 3550 3413 convenit

2046 3569 2135 3639 ill.
2177 3571 2315 3637 Quid
2350 3586 2511 3640 porro
2537 3569 2670 3623 dicit
2693 3565 2942 3636 Virgini?
2969 3564 3092 3628 Ave,
3123 3561 3297 3633 gratia
3327 3559 3478 3629 plena
3505 3571 3553 3628 ο,

1973 3661 2404 3730 quandoquidem
2444 3661 2588 3712 Deus
2615 3658 2740 3712 Eva:
2769 3657 2984 3711 dixerat
3010 3672 3022 3707 :
3057 3653 3124 3708 In
3151 3653 3426 3707 doloribus
3461 3667 3562 3720 pa-

1973 3753 2074 3805 ries
2111 3750 2251 3818 ﬁlios
2283 3748 2302 3786 τ
2337 3749 2438 3818 (7).
2481 3749 2618 3812 Ave,
2661 3749 2839 3816 gratia
2883 3747 3072 3815 plena;
3124 3744 3358 3798 solvitur
3411 3741 3554 3795 enim

1971 3843 2096 3896 Eva:
2136 3841 2311 3895 dolor.
2362 3840 2470 3892 Eva
2506 3839 2560 3892 in
2603 3838 2882 3891 doloribus
2927 3835 3211 3903 pariebat;
3244 3833 3344 3886 hoc
3384 3831 3556 3898 igitur

1977 3930 2232 4002 gaudium
2261 3929 2503 3984 dolorem
2539 3927 2686 3980 illum
2720 3925 2912 3995 abigit.
2953 3923 3251 3992 Propterea
3287 3921 3422 3974 dixit
3445 3919 3558 3990 (au-

1979 4025 2151 4093 g-vlus)
2179 4039 2192 4074 :
2225 4020 2352 4085 Ave,
2419 4019 2596 4089 gratia
2639 4015 2830 4087 plena,
2877 4015 3138 4069 Dominus
3183 4023 3374 4066 tecum.
3429 4011 3560 4064 Erat

1979 4115 2122 4170 enim
2149 4129 2272 4168 cum
2301 4127 2388 4176 ea,
2413 4110 2504 4180 qui
2547 4107 2706 4178 paulo
2736 4116 2858 4177 post
2887 4107 2953 4160 ab
2985 4105 3102 4173 ipsa
3143 4101 3386 4156 oriturus
3416 4107 3558 4152 erat.

2056 4224 2143 4280 Ν.
2185 4224 2274 4278 Illa
2327 4239 2454 4278 vero
2487 4223 2700 4276 turbata
2733 4229 2809 4274 est
2840 4219 2897 4272 in
2931 4231 3169 4272 sermone
3195 4217 3248 4280 5;
3283 4227 3387 4268 non
3415 4210 3560 4265 enim

1987 4315 2182 4369 mulier
2216 4312 2498 4366 mulierem
2533 4309 2889 4370 salutaverat,
2927 4305 3023 4360 sed
3057 4301 3303 4360 cccleStis
3335 4299 3560 4358 civisin

301 4416 402 4483 γῆς
425 4391 896 4486 προσηγύρευσεν.
923 4417 994 4471 Ἠ
1015 4415 1082 4470 δὲ
1101 4391 1200 4469 ἐστὶ
1219 4415 1298 4480 τῷ
1314 4416 1474 4485 λόγῳ
1494 4391 1871 4484 διεταράχθη.

1984 4411 2145 4463 terris
2181 4406 2468 4476 degentem
2527 4401 2796 4456 allocutus
2845 4402 3043 4454 fuerat.
3101 4395 3230 4464 Ipsa
3275 4401 3452 4446 autem
3507 4391 3562 4443 iu

302 4506 452 4578 Τάχα
481 4506 536 4560 δὲ
569 4509 660 4561 καὶ
697 4509 772 4572 ὡς
811 4507 949 4580 πρὸς
974 4509 1166 4580 ἀνδρὸς
1197 4509 1379 4578 φωνήν
1404 4524 1418 4538 ·
1469 4507 1646 4578 ἀήθης
1673 4508 1782 4578 γὰρ
1809 4502 1876 4576 ἦν

299 4598 334 4666 ἡ
362 4597 490 4666 ἀγία
514 4599 588 4661 ὡς
612 4601 748 4671 πρὸς
772 4599 980 4672 ἀνδρῶν
1008 4600 1318 4668 ἀσπασμόν.
1348 4601 1515 4654 Μένει
1542 4599 1721 4652 τοίνυν
1742 4599 1880 4668 πτήυ

305 4688 438 4754 ξασα
470 4692 569 4760 τὴν
618 4694 822 4762 φωνὴν,
851 4694 941 4745 καὶ
969 4691 1290 4760 διελογίζετο
1329 4693 1387 4744 ἐν
1419 4692 1579 4760 αὐτῇ,
1612 4689 1880 4754 ποταπὸς

381 4842 402 4868 ο
433 4829 560 4884 Luc.
595 4845 635 4894 ι,
659 4829 750 4882 28.
837 4829 856 4866 τ
887 4829 1024 4884 Gen.
1053 4843 1134 4892 ιιι,
1172 4827 1257 4882 16.
1341 4828 1366 4865 ⁸
1395 4824 1528 4880 Luc.
1569 4841 1607 4890 ι,
1639 4825 1734 4880 29.

1983 4517 2218 4556 sermone
2249 4499 2460 4554 turbata
2497 4505 2596 4550 est.
2629 4493 2904 4550 Fortassis
2937 4505 3099 4562 porro
3137 4487 3358 4557 expavit
3399 4483 3560 4538 etiam

1985 4594 2052 4648 ad
2105 4607 2293 4648 vocem
2333 4589 2490 4660 quasi
2533 4587 2782 4653 virilem;
2833 4585 2977 4653 quod
3023 4583 3169 4638 enim
3209 4579 3276 4634 ad
3321 4577 3561 4632 virorum

1988 4683 2337 4738 salutationes
2377 4679 2594 4743 attinet,
2635 4677 2948 4731 nullatenus
2977 4682 3167 4731 sancta
3202 4670 3293 4727 illa
3337 4669 3422 4726 his
3447 4677 3562 4721 erat

1604 4917 1834 4994 vani/1'4:
1872 4935 2272 4992 LECTIONES.

381 5032 396 5062 ³
431 5030 568 5086 Cod.
595 5047 748 5100 γεννο
755 5031 918 5102 μένου
929 5071 942 5084 .

1816 5121 2046 5178 NOTAE.

380 5247 456 5316 (5)
499 5244 552 5316 In
599 5245 775 5316 (ιη-ξι·Ῐο
806 5244 1192 5316 (lonreptionis
1231 5243 1588 5316 immaculata}
1627 5243 1869 5316 dicitur;

311 5311 476 5371 [lenta
517 5315 608 5367 Dei
636 5313 878 5367 Genitria:
911 5311 1087 5368 Maria
1117 5313 1293 5382 Virgo,
1333 5315 1578 5380 templum
1640 5311 1872 5366 Domini.

314 5387 552 5455 Litttrgia
580 5383 764 5438 Graeca
807 5387 870 5436 de
900 5397 1182 5455 Δςοιιριοιιιιι
1217 5385 1288 5455 in
1339 5395 1497 5435 utero
1544 5383 1713 5455 Annus
1749 5385 1885 5434 hunc

313 5450 520 5509 laudent
559 5455 814 5522 pra'dicat
846 5471 859 5506 :
897 5450 1166 5520 Templum
1193 5454 1428 5505 divinum
1458 5469 1518 5504 ac
1555 5450 1792 5522 salutare
1831 5452 1883 5502 in

312 5540 457 5578 mero
497 5520 787 5590 concipitur
811 5540 872 5574 ac
903 5525 1268 5588 construitur;
1301 5524 1354 5572 in
1393 5525 1574 5574 matris
1604 5520 1884 5590 visceribus

311 5597 584 5660 plantatur
617 5588 786 5656 arula,
812 5609 928 5662 qua:
959 5594 1202 5645 mortales
1233 5608 1408 5644 ontnes
1445 5593 1513 5642 ad
1549 5588 1886 5662 scelestiore-

312 5659 492 5724 ducit;
535 5663 762 5730 ﬁdeliter
795 5659 1177 5727 conreptionem
1225 5663 1336 5727 ejus
1374 5661 1595 5712 summis
1635 5659 1882 5730 laudibus

311 5727 624 5790 celebremus
660 5749 676 5787 .'
707 5733 904 5804 γαστρὶ
943 5735 1200 5802 χωρεῖτειι
1247 5732 1340 5785 καὶ
1376 5730 1669 5784 πλάττεται
1711 5727 1834 5790 vati);
1857 5731 1882 5780 ὁ

1985 5241 2163 5302 [ιε’ίκὸς
2199 5241 2293 5292 καὶ
2325 5239 2594 5308 σωτήριος
2613 5239 2686 5308 ’λὴ
2715 5237 2848 5308 πρὸς
2874 5237 2943 5308 τά
2969 5235 3082 5289 ἄνω
3106 5233 3308 5308 πάντας
3342 5229 3564 5308 βροτους

1987 5299 2417 5378 ὲπανάγαγοῦσα
2578 5299 2686 5378 τὴν
2721 5299 2984 5374 σύλληψιν
3009 5302 3216 5364 πιστῶς
3251 5299 3583 5368 πανηγυρίσ-

1997 5396 2202 5433 εωυιεν.

2165 5430 2354 5502 ⁷ει·ωοί
2387 5448 2599 5500 beatam
2624 5445 2898 5514 Virginem
2932 5453 2990 5497 ut
3019 5441 3188 5496 solum
3218 5437 3316 5491 Dei
3343 5445 3563 5488 malrcm

1996 5519 2308 5582 frequenter
2337 5519 2596 5572 salutant.

2063 5577 2137 5658 (ἵ)
2180 5577 2652 5658 Ἐνείμιοιιιίεεῂιιιι
2681 5585 2820 5658 apud
2849 5583 3038 5658 l_‘._atres
3073 5578 3298 5658 Mariam
3332 5577 3472 5629 inter
3502 5588 3564 5658 ac

1994 5645 2160 5710 liv‘at'n
2203 5645 2511 5712 antithesis.
2546 5645 2826 5711 Posterior
2862 5651 2971 5706 Eva
3001 5653 3053 5707 iu
3104 5647 3368 5704 medelam
3411 5645 3564 5705 malis

1991 5727 2186 5797 prioris
2219 5727 2402 5784 cessit.
