4014 6122
491 228 626 294 1779
1466 230 1874 291 ΑΝΤΙΡΑΤΗΙ
1915 229 2126 289 BOSTI

2202 229 2384 289 INSIS
2417 228 2759 289 EPISCOPI
3651 226 3720 287 Π
3744 228 3825 287 3!]

487 350 706 395 assueta
767 338 943 393 llmret
975 338 1140 409 igitur
1166 339 1318 393 vocis
1362 337 1506 393 illius
1553 335 1749 394 ti'i'uore
1788 342 2057 411 perculsa,
2090 347 2126 401 Α

2202 340 2254 407 in
2284 337 2722 407 ’ὀὰσπασμὸς
2773 332 2989 402 οὔτας’
3045 335 3098 388 τι
3149 334 3293 388 θέλει
3339 332 3487 405 αὕτη
3542 328 3727 389 εἶναι
3785 339 3825 404 ἡ

489 440 544 483 et
573 430 716 483 intra
748 444 807 484 se
834 430 1057 496 cogitat,
1089 429 1263 498 qualis
1297 430 1368 482 sit
1408 431 1512 483 ista
1550 430 1807 485 salutatio
1829 432 1897 499 h;
1930 433 2060 502 quid
2167 431 2548 503 προσηγορία;

490 534 685 587 nempe
710 520 810 573 sibi
850 518 963 573 vult
1002 519 1106 573 iste
1134 519 1353 573 sermo?

564 611 627 665 ν.
668 610 840 665 Porro
883 610 949 665 ad
997 625 1118 664 eam
1165 611 1430 680 angelus:
1467 611 1547 666 Ne
1582 613 1803 676 timeas,
1856 615 2062 681 inquit,

2240 613 2315 667 E'.
2344 611 2455 665 Καὶ
2483 607 2639 663 εἶπεν
2683 613 2710 664 ὀ
2757 609 2989 679 ἄγγελος
3020 609 3160 679 αὐτῇ
3184 624 3197 638 ·
3251 607 3347 674 Μὴ
3384 607 3621 675 φοϐοῦ.
3670 611 3828 661 Μα-

492 698 670 752 Matia
688 715 708 763 ;
739 699 983 753 invenisti
1018 700 1157 753 enim
1193 700 1423 768 gratiam
1462 702 1606 769 apud
1639 700 1805 754 Deum
1831 716 1850 755 :
1876 712 1923 756 et
1949 718 2066 755 ecce

2202 703 2336 773 πιάμ·
2363 698 2536 771 εὗρες
2560 702 2670 772 γὰρ
2691 701 2872 771 χάριν
2897 702 3058 769 παρὰ
3086 700 3165 766 τῷ
3200 699 3323 765 Θεῴ
3343 718 3358 731 ·
3399 700 3503 754 καὶ
3537 701 3707 754 ἰδοὺ
3739 702 3827 753 ἐν

489 790 546 843 in
590 801 738 842 utero
785 789 1043 856 concipies
1073 790 1119 843 ί.
1167 787 1323 853 illud,
1354 790 1596 844 invenisti
1634 793 1885 861 gratiam,
1917 807 2068 846 como

2202 796 2383 863 αστρὶ
2432 794 2733 862 multum
2759 794 2802 847 ³.
2845 793 2939 858 Τὸ,
2970 789 3145 861 εὗρες
3188 792 3388 862 χάριν,
3441 793 3651 846 κοινὸν
3688 790 3775 861 ἦν
3802 809 3821 825 ·

492 895 658 935 mune
691 880 813 935 aliis
848 879 983 947 fuit;
1022 896 1146 934 nam
1181 890 1234 935 et
1257 880 1348 934 alii
1380 890 1504 936 ante
1551 896 1671 937 eam
1706 884 1937 952 gratiam
1985 883 2068 937 in-

2202 876 2489 958 ὗρονγὰρ
2540 884 2690 939 ἄλλοι
2746 885 2854 956 πρὸ
2893 885 3063 955 αὐτῆς
3110 885 3295 954 χάριν.
3330 884 3406 936 Τὸ
3454 884 3514 936 δὲ
3566 886 3819 951 εἰπεῖν,

493 982 780 1030 venerunt.
826 974 981 1041 Quod
1025 989 1157 1030 vero
1204 974 1445 1039 additur,
1484 974 1765 1043 concipies,
1816 990 1922 1027 non
1956 974 2066 1044 jam

2202 980 2494 1047 νυλλήψῃ,
2527 977 2628 1030 οὐκ
2652 976 2730 1029 ἔτι
2762 976 2940 1029 κοινὸν
2972 971 3062 1046 ἦν,
3099 975 3215 1028 ἀλλ’
3248 975 3455 1038 ἰδιάζον
3483 977 3565 1037 εἰς
3598 977 3821 1041 ἐπαγ-

494 1081 786 1123 commune
821 1079 962 1132 erat,
1003 1066 1096 1121 sed
1134 1080 1357 1136 prorsus
1387 1064 1660 1136 singulare
1704 1066 1910 1119 ratione
1940 1083 2067 1135 pro-

2202 1068 2388 1120 ἐλιαν’
2435 1068 2530 1120 καὶ
2573 1064 2703 1119 ἰδοὺ
2747 1063 3143 1131 συλλήψηὲν
3181 1063 3397 1131 γαστρὶ
3452 1062 3818 1129 παρθένος·

496 1157 850 1225 niissiouisi;
885 1169 943 1213 et
991 1175 1108 1213 ecce
1147 1160 1201 1212 in
1252 1167 1401 1213 utero
1434 1158 1695 1228 concipies
1735 1158 1886 1228 virgo
1927 1177 1942 1215 :
1975 1174 2072 1212 no-

2202 1161 2327 1223 ,ἐνον
2374 1158 2434 1212 τὸ
2482 1159 2716 1228 πρᾶγμα
2741 1157 2803 1209 ⁸1
2838 1151 3026 1223 Εὗρες
3060 1154 3240 1225 χάριν
3282 1154 3445 1222 παρὰ
3476 1152 3560 1218 τῷ
3612 1151 3771 1216 Θεῷ
3797 1168 3816 1182 ·

495 1262 622 1303 vum
683 1263 815 1304 sane
873 1263 935 1304 ac
993 1248 1275 1304 mirabile!
1334 1246 1591 1302 Invenisti
1643 1250 1876 1319 gratiam
1930 1251 2072 1318 apud

2207 1254 2255 1304 ετ
2279 1250 2379 1321 μὲν
2402 1250 2511 1322 γὰρ
2534 1249 2630 1304 τοῦ
2659 1250 2979 1320 τικτομένου
3009 1247 3327 1315 ἀναγκαίως
3358 1247 3424 1299 ὲκ
3446 1244 3773 1315 παρθένου
3790 1257 3810 1274 ο

504 1336 706 1401 Deum;
737 1354 860 1393 cum
889 1339 1032 1393 enim
1065 1353 1289 1406 prorsus
1317 1351 1541 1393 necesse
1570 1338 1640 1392 sit
1666 1346 1725 1391 ut
1756 1352 1821 1391 ex
1855 1338 2069 1406 virgine

2202 1347 2241 1398 τὺ
2271 1345 2327 1399 δὲ
2356 1342 2463 1398 τῶν
2489 1343 2665 1397 ἄλλων
2702 1341 2987 1414 παρθένων
3022 1337 3447 1411 προτετίμησαι.

500 1429 729 1494 prodeat
759 1429 850 1499 qui
880 1429 1191 1485 nasciturus
1225 1438 1329 1494 est,
1360 1443 1473 1498 pra:
1494 1428 1746 1485 omnibus
1775 1430 2074 1501 virginibus

500 1519 596 1572 tibi
633 1519 720 1574 hic
755 1519 933 1574 honor
959 1520 1169 1579 delatus
1196 1530 1298 1575 est.

577 1610 664 1667 Vl.
708 1612 967 1667 Invenisti
994 1613 1133 1667 enim
1171 1613 1398 1682 gratiam
1429 1611 1570 1682 apud
1603 1611 1789 1676 Deum,
1824 1621 1870 1666 et
1900 1613 2077 1681 paries
2110 1688 2126 1693 _

2251 1628 2341 1692 ς’.
2371 1618 2563 1692 Εὗρες
2606 1622 2715 1693 γὰρ
2755 1621 2935 1692 χάριν
2974 1618 3135 1688 παρὰ
3176 1618 3258 1685 τῷ
3294 1615 3440 1682 Θεῷ,
3485 1617 3587 1671 καὶ
3634 1617 3809 1684 τέξῃ

506 1707 698 1774 ﬁlium,
744 1716 792 1761 et
836 1705 1041 1760 vocabis
1092 1723 1277 1761 nomen
1315 1707 1427 1776 ejus
1456 1706 1659 1759 Jesum.
1697 1702 1863 1774 Virgo
1895 1688 2126 1773 itaquel

2204 1688 2345 1779 νων·
2395 1688 2493 1768 καὶ
2540 1688 2875 1780 aduena
2903 1712 2970 1767 τὸ
3023 1712 3214 1781 ὄνομα
3260 1710 3453 1765 αὑτοῦ
3496 1709 3799 1775 Ἰησοῦν.

501 1815 623 1853 cum
667 1800 735 1855 ab
771 1799 960 1867 angelo
994 1798 1220 1854 salutata
1261 1810 1425 1862 esset,
1467 1797 1763 1867 angebatur
1792 1797 1993 1863 animo,
2023 1806 2078 1852 et

2202 1812 2309 1863 υτε
2345 1808 2443 1877 μὲν
2471 1802 2567 1861 οὖν
2609 1805 2827 1870 ἐδέξατο
2863 1805 2962 1875 τὴν
3014 1804 3316 1874 ἀγγελικὴν
3364 1802 3798 1873 προσηγορίαν,

503 1906 616 1944 rem
649 1905 833 1944 secum
871 1891 987 1959 ipsa
1033 1891 1434 1959 perpendebat;
1476 1891 1566 1944 tibi
1615 1904 1748 1943 vero
1809 1892 2076 1960 persentit

2202 1898 2390 1970 λγωνὶα
2419 1899 2440 1931 ⁸
2473 1900 2566 1951 καὶ
2597 1896 2925 1965 διελογίζετο
2957 1899 2989 1967 ἠ
3023 1896 3327 1967 παρθένος·
3354 1896 3445 1948 ὅτε
3488 1894 3548 1946 δὲ
3577 1893 3800 1947 ἀκούει

502 1996 610 2046 quo
653 1991 864 2047 spectet
909 1980 1089 2037 fausta
1140 1981 1233 2035 illa
1284 1981 1652 2048 annuntialio,
1694 1996 1801 2035 non
1847 1983 2078 2050 amplius

2202 1991 2269 2045 rev
2298 1990 2654 2059 Et'JaYYEMZbV
2687 1990 2866 2057 λόγον,
2902 1989 3004 2042 οὐκ
3040 1987 3121 2040 ἔτι
3155 1986 3368 2056 ἀγωνιᾷ
3397 1984 3536 2056 πρὸς
3565 1983 3673 2036 τὸν
3698 1983 3801 2036 λό’

502 2074 767 2128 adversus
813 2087 1120 2129 sermonem
1171 2074 1461 2138 obnititur,
1513 2088 1700 2128 verum
1740 2074 1805 2127 de
1861 2089 1918 2127 re
1960 2090 2080 2142 qua:

2202 2099 2275 2147 πον
2294 2097 2307 2111 ⁸
2339 2080 2454 2133 ἀλλ’
2496 2080 2771 2149 ἐπαπορεῖ
2796 2078 2933 2147 πρὸς
2971 2077 3069 2147 τὴν
3100 2075 3458 2143 ἐπαγγελίαν.
3486 2075 3604 2126 Καὶ
3626 2074 3797 2139 λέγει

508 2166 612 2219 sibi
663 2165 988 2234 proponitur
1026 2181 1229 2235 anceps
1267 2167 1452 2220 lia-ret.
1491 2165 1629 2220 Hinc
1671 2166 1804 2219 dicit
1842 2167 2075 2232 angelo:

505 2256 779 2323 Quomodo
812 2259 911 2312 erit
950 2263 1047 2313 hoc
1072 2260 1224 2323 mihi,
1255 2262 1508 2329 quoniam
1546 2262 1713 2313 virum
1752 2277 1854 2314 non
1884 2276 2080 2330 cogno-

502 2346 676 2405 σεοιῖ
708 2349 897 2406 Fidem
932 2352 1091 2408 dictis
1124 2368 1232 2407 non
1270 2361 1461 2422 negat;
1499 2352 1593 2407 sed
1620 2353 1686 2407 de
1710 2353 1869 2407 modo
1905 2354 2081 2423 inqui-

509 2441 600 2496 rit.
634 2442 976 2498 lucredulum
1013 2459 1144 2512 ergo
1175 2445 1365 2513 utique
1401 2459 1462 2499 se
1492 2443 1791 2499 Zacharias
1819 2445 2080 2514 praebuit;

509 2550 617 2589 nou
646 2542 825 2590 autem
864 2533 1027 2605 Virgo
1062 2536 1269 2605 pariter
1293 2535 1568 2591 incredula
1605 2536 1842 2590 exsistit.
1876 2534 2085 2592 Idcirco

507 2621 602 2678 ille
630 2624 944 2679 sciscitatus
973 2633 1055 2679 est
1083 2641 1096 2678 :
1130 2621 1277 2677 Unde
1299 2623 1394 2677 hoc
1415 2626 1582 2678 sciam
1614 2622 1755 2679 l‘lUt
1784 2625 1928 2679 enim
1962 2640 2083 2679 cre-

507 2713 681 2779 deret,
711 2714 926 2783 signum
959 2715 1067 2770 sibi
1106 2713 1352 2769 exhiberi
1389 2715 1723 2783 postulabat.
1755 2714 1924 2786 Virgo
1958 2731 2087 2771 vero

507 2802 726 2873 inquit:
757 2805 1032 2871 Quomodo
1076 2807 1174 2859 hoc
1205 2806 1347 2861 erit?
1377 2805 1603 2876 Nempe,
1653 2822 1836 2863 sermo
1866 2810 2085 2877 quidem

509 2896 616 2951 fide
651 2898 844 2965 dignus
881 2907 992 2964 est;
1036 2909 1092 2953 at
1126 2900 1320 2954 ntodus
1355 2900 1525 2955 menti
1557 2901 1859 2970 impervius
1888 2919 1901 2955 :
1937 2910 2090 2954 uatu-

511 2984 643 3038 ralis
676 2986 980 3041 intellectus
1008 3003 1349 3060 nequaquam
1380 2992 1714 3062 assequitur,
1746 2990 2040 3062 quaedicis
2069 3008 2083 3045 :

511 3093 636 3131 nam
670 3078 818 3145 illud,
853 3096 969 3133 ecce
1003 3082 1285 3149 concipias,
1312 3082 1378 3134 ad
1407 3093 1731 3151 prmsentem
1766 3085 1869 3137 mei
1898 3083 2089 3139 condi-

510 3168 715 3223 tionem
748 3175 980 3239 spcctat,
1012 3184 1187 3239 neque
1211 3170 1385 3225 locum
1410 3171 1526 3224 viro
1557 3173 1779 3240 praebet.
1806 3172 2088 3238 Quomodo

514 3260 618 3315 hoc
645 3259 789 3313 erit?
824 3258 936 3314 Eva
967 3274 1073 3315 non
1100 3259 1251 3329 prius
1296 3260 1548 3328 concepit
1578 3274 1739 3329 quam
1764 3276 1885 3315 cum
1916 3263 2087 3317 Adam

2182 2174 2317 2245 πρὸς
2350 2173 2439 2227 τὸν
2473 2171 2703 2240 ἄγγελον
2724 2188 2738 2203 ·
2768 2169 2902 2235 Πῶς
2931 2169 3103 2221 ἔσται
3126 2184 3231 2236 μοι
3264 2165 3468 2229 τοῦτο,
3506 2163 3650 2217 ἐπεὶ
3676 2162 3794 2216 ἇν-

2183 2269 2294 2336 δριι
2323 2268 2392 2320 οὺ
2421 2267 2730 2335 γινώσκω;
2763 2263 2876 2315 Οὐκ
2906 2262 3130 2315 ἀπιστεῖ
3153 2258 3289 2330 πρὸς
3315 2258 3409 2310 τὸν
3431 2257 3631 2324 λόγον’
3665 2254 3789 2308 ἀλλ’

2181 2360 2404 2412 ἀπαιτεῖ
2444 2358 2535 2409 τὸν
2569 2357 2790 2426 τρόπον.
2838 2355 2898 2407 Ὁ
2946 2353 3043 2423 μὲν
3089 2350 3184 2405 οὖν
3213 2350 3495 2420 Ζαχαρίας
3538 2346 3791 2417 ἠπίστη-

2186 2466 2306 2502 σεν·
2336 2449 2368 2518 ἡ
2399 2447 2455 2500 δὲ
2494 2445 2767 2517 παρθένος
2793 2444 2894 2497 οὐκ
2942 2445 3180 2497 ἀπιστεῖ.
3222 2441 3466 2503 Ἐκεῖνος
3494 2438 3632 2507 γοῦν
3665 2438 3790 2490 ἕλε-

2185 2555 2279 2606 γεν
2299 2555 2310 2568 ·
2341 2535 2499 2591 Κατὰ
2524 2536 2580 2588 τι
2604 2533 2909 2605 γνώσομαι
2936 2533 3149 2595 τοῦτο;
3185 2532 3401 2601 Ἐςήτει
3425 2530 3537 2599 γὰρ
3555 2530 3791 2598 σημεῖον

2184 2629 2391 2693 λαϐεῖν,
2422 2628 2511 2682 ἵνα
2556 2627 2846 2698 πιστεύσῃ.
2891 2626 2955 2678 Ἦ
2985 2626 3041 2678 δὲ
3076 2623 3351 2696 παρθένος
3391 2622 3618 2689 ἔλεγεν·
3649 2619 3790 2682 Πῶς

2186 2722 2356 2775 ἔσται
2383 2720 2560 2773 τοῦτο
2582 2734 2602 2782 ;
2640 2718 2698 2771 '0
2734 2719 2831 2787 μὲν
2857 2717 3014 2785 λόγος
3045 2716 3360 2781 ἀξιόπιστος
3386 2732 3399 2745 ·
3425 2715 3455 2766 ὁ
3480 2713 3540 2765 δὲ
3575 2713 3788 2782 τρόπος

2188 2811 2424 2880 ἄπορος·
2462 2810 2566 2861 οὐκ
2611 2803 2751 2861 οἶδεν
2778 2810 2811 2878 ή
2856 2807 3039 2875 φύσις,
3068 2806 3104 2860 ἃ
3147 2805 3361 2874 λέγεις’
3393 2804 3453 2857 τὸ
3479 2804 3615 2874 γὰρ,
3650 2800 3791 2856 ἰδοὺ

2190 2901 2515 2970 συλλήψῃ,
2543 2902 2604 2954 τὸ
2626 2900 2797 2973 παρὸν
2827 2902 3126 2970 ἐσήμανεν,
3156 2898 3257 2951 οὐκ
3286 2897 3456 2969 ἄνδρα
3481 2895 3788 2964 ἐξεδέχετο.

2192 2990 2323 3059 Πῶς
2354 2992 2527 3047 ἔσται
2548 2993 2722 3047 τοῦτο
2739 3010 2760 3058 ;
2793 2993 2905 3046 Εὔα
2935 2992 3229 3045 συνέλαὸεν
3253 2991 3314 3044 οὗ
3354 2990 3487 3060 πρὶν
3525 2990 3559 3058 ἢ
3594 2986 3789 3040 συνελ-

2196 3083 2307 3138 θεῖν
2357 3084 2449 3139 τὸν
2491 3084 2696 3154 Ἀδάμ·
2730 3076 2885 3147 οὗτος
2911 3087 2938 3136 ὁ
2981 3082 3192 3154 βαθμὺς
3215 3081 3314 3151 τῆς
3361 3081 3605 3149 φύσεως·
3636 3073 3785 3145 αὕτη

2195 3180 2228 3247 ἡ
2258 3177 2483 3240 κάθοδος
2516 3177 2614 3247 τῆς
2632 3175 2997 3240 παιδοποιίας·
3024 3169 3221 3237 οὗτοςὸ
3239 3172 3441 3242 θεσμὸς
3466 3170 3568 3237 τῆς
3591 3166 3784 3221 διαδο-

2196 3270 2317 3343 χῆς.
2342 3256 2661 3341 Πῶξ-,ἕσται
2685 3286 2786 3340 μοι
2808 3267 3155 3333 τοῦτο,ὲπει
3184 3266 3370 3334 ἄνδρα
3385 3266 3457 3318 οὐ
3476 3260 3789 3331 γινώσκοις

516 3356 937 3426 congrederetur
971 3375 984 3412 :
1022 3356 1144 3412 talis
1190 3366 1272 3413 est
1318 3358 1454 3412 ordo
1499 3366 1738 3425 naturae;
1780 3358 1896 3413 haec
1945 3363 2085 3417 ratio
2125 3368 2292 3433 prolis
2362 3368 2753 3437 suscipiendae;
2788 3367 2904 3421 haec
2941 3365 3027 3418 lex
3064 3363 3118 3419 in
3180 3354 3520 3431 propaganda
3549 3351 3776 3411 sobole.

514 3447 798 3517 Quomodo
831 3454 934 3506 erit
981 3454 1083 3506 hoc
1117 3452 1273 3515 mihi,
1318 3451 1574 3519 quoniam
1622 3451 1801 3506 virum
1842 3468 1950 3507 non
1997 3461 2310 3521 cognosco?

586 3541 702 3597 VII.
757 3542 1206 3611 Quandoquidem
1254 3541 1420 3613 Virgo
1469 3543 1744 3613 sapienter
1793 3546 2098 3616 interregn-

517 3637 630 3702 bat,
657 3636 880 3705 angelus
914 3636 1015 3705 ipsi
1044 3636 1260 3705 reponit
1289 3655 1302 3689 :
1327 3635 1481 3702 Quod
1507 3636 1774 3706 ambigas,
1803 3638 1976 3693 facilis
2004 3640 2098 3693 tibi

521 3728 701 3782 venia.
750 3725 1032 3781 Zachariae
1061 3726 1279 3794 quidem
1316 3741 1422 3780 non
1458 3727 1631 3795 parcit
1661 3728 1966 3798 (angelus);
2002 3743 2096 3783 ve-

522 3834 643 3874 rum
683 3818 823 3874 male
852 3819 1012 3874 ﬁdem
1056 3818 1319 3874 abnuenti
1357 3833 1418 3875 os
1445 3820 1758 3885 obstruxit;
1795 3830 1851 3873 at
1881 3820 2099 3890 Virgini

522 3910 802 3982 ignoscit:
851 3925 1028 3980 neque
1087 3911 1232 3965 enim
1282 3910 1521 3980 Virginis
1569 3910 1724 3980 (qua:
1787 3912 2098 3982 genuisset)

523 4005 834 4075 exemplum
883 4012 1261 4071 praecesserat.
1314 4002 1481 4056 Venia
1526 4001 1751 4073 (inquit)
1802 4002 1921 4066 tibi,
1955 4002 2100 4071 quod

526 4099 833 4163 addubites,
883 4099 1172 4165 tribuitur;
1223 4097 1478 4166 quoniam
1524 4110 1798 4163 nunquam
1849 4104 2009 4163 antea
2047 4096 2100 4148 id

527 4191 735 4246 factum
768 4200 880 4255 est;
916 4190 1024 4244 imo
1054 4192 1156 4244 hoc
1188 4190 1327 4244 idem
1374 4198 1428 4243 et
1466 4188 1678 4242 initium
1711 4187 1807 4241 abs
1852 4197 1905 4241 te
1951 4199 2001 4238 et
2037 4187 2100 4240 ii-

529 4298 654 4337 nem
688 4284 742 4337 in
775 4292 825 4337 te
866 4283 1107 4337 habebit.
1141 4266 1355 4336 Modum
1394 4291 1575 4334 autem
1603 4280 1717 4349 ipse
1750 4279 1844 4334 tibi
1877 4294 2100 4349 promo;

532 4389 601 4430 ne
636 4376 933 4444 suspiceris
960 4388 1311 4429 accessurum
1341 4374 1406 4425 ad
1445 4381 1499 4426 te
1538 4374 1714 4424 virum
1753 4386 1867 4425 :ne
1909 4372 2104 4424 timeas

529 4467 596 4520 de
630 4466 731 4520 viri
769 4466 1161 4520 consuetudine
1190 4482 1203 4517 :
1237 4463 1356 4517 sine
1402 4465 1585 4516 carnis
1624 4476 1789 4531 opera
1818 4477 1944 4516 eam
1978 4479 2105 4532 pm-

530 4557 701 4623 dibit;
739 4558 858 4611 sine
888 4557 988 4610 viri
1021 4554 1441 4610 conversatione
1474 4553 1576 4608 erit
1602 4561 1815 4623 partus.
1849 4554 1967 4619 Quo
1992 4564 2107 4607 tan-

532 4647 653 4703 dem
706 4650 906 4717 pacto?
957 4647 1186 4716 Spiritus
1231 4657 1444 4702 sanctus
1495 4647 1823 4716 superveniet
1872 4647 1924 4699 in
1968 4655 2015 4700 te
2040 4658 2100 4699 ω.

2274 3555 2346 3607 Z'.
2396 3553 2613 3625 Ἐπειδὴ
2644 3551 2825 3615 καλῶς
2855 3548 3067 3621 ἠρώτα,
3102 3548 3130 3600 ὁ
3155 3543 3387 3612 ἄγγελος
3413 3538 3551 3612 πρὸς
3580 3538 3783 3608 αὐτὴν·

2202 3642 2507 3714 Συγγνώμη
2537 3660 2619 3696 σοι
2650 3641 2935 3712 ἀπορούσῃ
2966 3640 2986 3670 ⁷
3014 3655 3028 3669 ·
3060 3635 3135 3707 τῷ
3161 3634 3257 3705 μὲν
3285 3629 3539 3701 Ζαχαρία
3567 3629 3628 3681 οὐ
3656 3643 3785 3694 συγ-

2204 3734 2492 3802 γινώσκεισ
2543 3734 2658 3787 ἀλλ’
2713 3731 3073 3801 ἐπεστόμισεν
3115 3725 3276 3780 αὑτὸν
3315 3721 3511 3784 κακῶς
3555 3720 3786 3789 ἀπιστή-

2206 3844 2374 3880 σαντα
2397 3843 2413 3889 '_
2441 3831 2506 3898 τῇ
2530 3828 2585 3880 δὲ
2613 3825 2876 3898 Παρθένῳ
2906 3820 3269 3891 συγγινώσκει
3291 3833 3306 3846 '
3341 3816 3405 3869 οὐ
3428 3814 3539 3885 γὰρ
3570 3807 3783 3884 ἧνῦπό-

2205 3916 2401 3986 δειγμα
2440 3917 2738 3987 Παρθένου,
2776 3914 3088 3982 Συγγνώμη
3124 3927 3205 3964 σοι
3257 3903 3568 3975 ἀπορούσῃ,
3602 3899 3779 3969 ἐπειδὴ

2205 4009 2266 4061 οὐ
2303 4008 2493 4077 γέγονε
2527 4008 2791 4079 πρότερον
2813 4023 2826 4037 ·
2860 4005 2972 4058 ἁλλ’
2999 4002 3110 4056 ἀπὸ
3148 3999 3243 4053 σοῦ
3273 3999 3368 4052 καὶ
3391 3992 3499 4059 ἓως
3528 3991 3621 4046 σοῦ
3654 3992 3780 4060 στή-

2207 4118 2359 4154 σεται
2388 4101 2446 4154 τὸ
2473 4101 2726 4170 πρᾶγμα.
2774 4094 2916 4166 Ἐγὼ
2938 4096 2994 4150 δέ
3028 4112 3111 4147 σοι
3144 4093 3293 4161 λέγω
3325 4091 3424 4144 καὶ
3446 4088 3541 4140 τὸν
3570 4085 3776 4155 τρόπον’

2212 4194 2286 4264 μὴ
2326 4192 2545 4263 ὲκδὲχου
2584 4192 2753 4259 ἄνδρα
2778 4207 2793 4222 ο
2829 4189 2904 4261 μὴ
2938 4190 3180 4258 ἀνάμενε
3228 4185 3422 4258 ἀνδρὸς
3470 4179 3773 4236 κοινωνίαν·

2210 4287 2337 4338 ἄνευ
2374 4284 2575 4354 σαρκὸς
2607 4286 2639 4353 ἡ
2676 4282 2841 4352 σάρξο
2879 4280 3006 4335 ἄνευ
3040 4276 3327 4339 κοινωνίας
3352 4276 3418 4328 τὸ
3449 4272 3772 4341 τικτόμενον.

2207 4375 2341 4428 Τίνα
2381 4374 2445 4444 δὴ
2498 4375 2727 4445 τρόπον;
2772 4372 3016 4441 Πνεῦμα
3058 4370 3231 4440 ἅγιον
3260 4365 3655 4421 ἐπελεύσεται
3687 4358 3775 4412 ἐπὶ

2208 4465 2299 4519 σέ.
2362 4465 2755 4536 Πνευματικῶς
2815 4464 2981 4519 ἄκουε
3037 4463 3166 4531 περὶ
3226 4457 3574 4527 Πνεύματος.
3630 4454 3770 4504 ’Δνεν

2212 4558 2546 4627 σπέρματος,
2592 4557 2863 4627 καταῦολῇ
2919 4554 3274 4624 Πνεῦματος·
3332 4549 3633 4620 βουλήματι
3678 4541 3769 4612 γὰρ

2211 4648 2346 4701 Θεοῦ
2373 4650 2688 4702 συνίσταται
2718 4649 2779 4702 τὸ
2799 4648 3105 4717 γινόμενον.

538 4741 910 4810 Spiritualiter
955 4742 1164 4810 accipe,
1201 4756 1321 4809 quae
1372 4749 1499 4794 sunt
1550 4737 1806 4807 Spiritus.
1843 4736 1970 4793 Siue
2020 4739 2229 4795 semine
2297 4741 2552 4812 (gignes),
2620 4741 2985 4796 descendente
3025 4740 3102 4811 (in
3155 4737 3227 4807 te)
3280 4744 3474 4791 sancto
3540 4729 3762 4800 Spiritu:

534 4834 630 4890 Dei
672 4835 816 4889 enim
860 4836 1136 4890 voluntate
1166 4836 1431 4890 formatur
1452 4835 1594 4903 quod
1624 4835 1885 4887 nascitur.

609 4925 745 4981 VIII.
790 4928 1017 4994 Spiritus
1049 4936 1257 4981 sanctus
1285 4925 1603 4994 superveniet
1632 4925 1687 4975 in
1725 4933 1793 4976 te.
1830 4922 2110 4988 Quomodo

536 5020 926 5089 superveniet?
959 5020 1087 5072 Dum
1130 5017 1497 5087 superveniet,
1541 5016 1711 5069 oculis
1745 5030 1868 5068 eum
1898 5031 2004 5068 non
2036 5015 2114 5069 vi-

538 5108 727 5173 debis;
754 5109 873 5173 sed,
904 5118 1179 5175 utcunque
1233 5106 1540 5165 invisibilis,
1568 5105 1907 5173 operabitur.
1945 5103 2114 5173 Spiri-

538 5210 623 5254 tus
658 5212 875 5254 sanctus
916 5199 1231 5269 superveniet
1278 5197 1332 5251 in
1378 5208 1445 5250 te.
1487 5196 1760 5262 Quorsum
1797 5196 2113 5266 supervmit

1465 5316 1477 5368 i
1511 5318 1614 5373 lsa.
1654 5335 1752 5385 vn,
1786 5319 1870 5373 Η.
1952 5319 1975 5357 ¹ί
2003 5317 2134 5371 Luc.
2171 5333 2210 5381 ι,
2252 5316 2341 5369 54.
2424 5313 2606 5370 ‘ibid.
2642 5313 2728 5367 18.
2808 5309 3003 5364 Inibid.
3035 5309 3123 5363 55.

508 5302 521 5315 ’
610 5318 798 5376 hLuc.
834 5320 989 5389 1,29.
1073 5320 1381 5377 immeo.

2292 4915 2375 4972 H'.
2406 4917 2652 4987 Πνεῦμα
2671 4915 2841 4987 ἅγιον
2865 4915 3256 4970 ἐπελεύσεται
3276 4911 3375 4966 ἐπὶ
3403 4912 3500 4966 σέ.
3535 4911 3652 4975 Πῶς
3694 4912 3771 4964 ἐπ·

2220 5012 2537 5074 ελεύσεται;
2568 5010 2682 5062 Οὐκ
2723 5007 2926 5077 balistis?)
2965 5005 3334 5076 ἐπερχόμενον
3358 5020 3370 5032 ·
3410 5004 3686 5073 ἐνεργήσει
3721 5003 3772 5055 δὲ

2226 5104 2298 5176 μὴ
2328 5103 2671 5172 φαινόμενον.
2700 5098 2941 5168 Πνεῦμα
2967 5098 3137 5168 ἅγιον
3162 5095 3557 5150 ἐπελεύσεται
3578 5096 3664 5147 ἐπὶ
3689 5094 3767 5147 σέ.

2227 5195 2340 5246 Ἵνα
2371 5193 2424 5244 τι
2447 5192 2469 5224 ⁸
2499 5190 2793 5260 ἐπέρχεται
2819 5187 3044 5257 Πνεῦμα
3072 5186 3261 5255 ᾶγιον;
3303 5183 3523 5253 Ἐπειδὴ
3551 5183 3669 5253 ἁγία
3690 5183 3770 5252 μὲν

1807 5409 2039 5465 VARUS
2080 5406 2372 5464 LECTION
2384 5406 2485 5459 ES.

612 5513 634 5543 ⁸
666 5510 766 5581 Εἴη
794 5525 915 5563 cum
949 5517 1096 5581 testu
1125 5506 1196 5581 L._
1220 5507 1411 5570 Lucae;
1450 5520 1571 5558 nam
1609 5506 1776 5581 cedes
1808 5500 2069 5581 liabetai:
2117 5575 2126 5581 _

2202 5503 2331 5558 ΩοεΙ.
2367 5503 2454 5555 hic
2491 5508 2547 5581 et
2588 5496 2749 5581 paulo
2783 5503 2928 5564 post,
2959 5495 3220 5581 συξλήψει
3242 5509 3659 5581 "‘conimunem
3686 5509 3765 5546 au-

547 5591 654 5633 tem
684 5568 823 5634 sacri
859 5589 1041 5632 textus
1079 5577 1366 5631 lectionem
1394 5568 1721 5643 Sequeudam
1749 5577 1895 5629 duxi.
1972 5577 1993 5607 ⁸
2021 5575 2126 5628 Cod

2202 5576 2277 5628 iic
2320 5583 2373 5625 et
2416 5571 2563 5643 alibi,
2614 5568 2870 5643 πρᾴγμα.

548 5649 672 5717 gine
701 5649 993 5718 corrigitur
1016 5648 1203 5704 eadem
1237 5665 1396 5702 manu
1432 5646 1701 5709 καλέσεις.

2964 5566 2986 5597 ⁸
3014 5565 3142 5619 Cod.
3178 5565 3457 5628 καλλσείς.
3490 5576 3544 5619 at
3579 5566 3627 5619 in
3652 5578 3744 5619 ruat

1782 5647 1801 5677 ⁶
1835 5646 1966 5701 Cod.
2005 5645 2207 5715 ἡγονέα.
2288 5647 2307 5677 ⁷
2343 5641 2474 5698 Cod.
2512 5635 2825 5708 ἀπορούσῃ,
2890 5636 2909 5666 ⁷
2941 5635 3072 5691 Cod.
3103 5635 3264 5690 ἱνατί.
