4014 6122
282 415 408 480 1781
1080 421 1411 484 HOMILIA
1449 401 1532 484 l’N
1573 425 1674 484 SS.
1703 425 2056 486 DEIPAR‘E
2094 425 2816 487 ANNUNTIATIONEM.
3409 430 3548 491 173'}

278 527 546 598 ὑπάρχεις
565 542 578 556 ⁸
614 527 694 578 δεῖ
719 523 778 581 δέ
810 545 870 582 σε
903 529 1158 598 γενέσθαι
1185 533 1514 606 ἁγιωτέραν.
1552 535 1720 588 Ὅταν
1749 535 1856 608 γὰρ

2034 539 2203 592 νίιίιιιε
2237 539 2502 592 sanctus?
2532 539 2668 602 Quia
2703 537 2910 592 scilicet
2957 547 3146 594 sancta
3181 540 3398 608 quidem
3443 561 3536 610 es,
3607 591 3619 602 .

272 615 416 690 λάϐῃ
447 615 476 668 6
503 615 710 669 τέκτων
760 615 940 682 ξύλον,
975 619 1006 690 ἢ
1055 620 1291 690 χαλκεὺς
1337 622 1574 696 σίδηρον,
1605 623 1686 678 ἔτι
1723 625 1855 678 αὐτὸ

1959 630 2052 684 sed
2095 645 2231 699 opus
2259 639 2342 684 est
2385 639 2443 685 ut
2489 631 2668 686 adhuc
2697 631 2942 685 sanctior
2975 631 3094 686 tias.
3141 631 3276 686 Nam
3313 641 3370 688 et
3415 651 3537 691 cum

272 706 547 776 καθαίρει,
575 707 670 762 καὶ
691 708 1127 782 ἐπιτηδειότερον
1162 712 1300 784 πρὸς
1323 714 1424 786 τὴν
1457 716 1653 792 τέχνην
1693 715 1857 786 ἔργά-

1959 720 2110 776 l'aber
2149 721 2413 792 lignarios
2447 724 2615 777 sumit
2647 722 2871 792 lignum,
2920 734 3013 778 aut
3041 725 3272 781 aerarius
3307 727 3535 792 ferrum,

164 824 185 831 ε
271 795 444 862 ζεται.
498 797 609 852 Καὶ
644 799 706 852 σὺ
759 800 940 854 τοίνυν
989 803 1256 874 παρθένος
1299 805 1400 875 μὲν
1451 789 1540 860 εἶχ’
1582 807 1664 861 δεῖ
1690 806 1748 860 δέ

1961 811 2100 865 idem
2135 813 2297 866 etiam
2345 813 2644 882 expoliunt,
2680 823 2732 866 et
2766 813 2943 884 aptius
2993 814 3058 867 ad
3099 829 3234 886 opus
3277 817 3534 872 cilicium.

270 889 580 962 ἀγιωτέραν
612 891 892 961 γενέσθαι,
921 894 1010 948 ἵνα
1041 895 1133 952 τὸν
1161 896 1317 967 ἅγιον
1353 897 1650 972 συλλάϐῃς.

1964 901 2030 956 Ει
2053 913 2106 956 tu
2143 903 2310 974 igitur
2348 920 2407 960 es
2433 906 2652 974 quidem
2680 905 2833 974 virgo
2859 905 2976 975 (8);
3005 904 3100 960 sed
3135 909 3383 962 sanctior
3415 924 3537 964 eva-

1960 994 2056 1050 das
2089 1005 2325 1065 oportet,
2358 1003 2418 1051 nt
2448 1006 2704 1051 sanctum
2737 997 2886 1051 illum
2915 999 3216 1068 concipias.

344 1093 419 1148 6'.
449 1094 691 1164 Πνεῦμα
727 1095 902 1164 ἅγιον
935 1097 1327 1153 ἐπελεύσεται
1365 1099 1464 1152 ἐπὶ
1497 1100 1592 1166 σὲ,
1623 1101 1722 1155 καὶ
1752 1101 1856 1156 δύο

2031 1105 2126 1162 ΙΧ.
2169 1105 2396 1176 Spiritus
2437 1117 2650 1163 sanctus
2695 1111 3015 1174 superveniet
3063 1111 3120 1165 in
3165 1120 3234 1177 te,
3279 1121 3327 1166 et
3376 1113 3537 1168 virtus

269 1204 446 1254 ναμις
475 1187 770 1255 Ὑψίστου
788 1189 1129 1244 ἐπισκιάσει
1153 1205 1276 1244 σοι.
1299 1190 1403 1244 Δύο
1423 1191 1606 1260 λέγει’
1629 1191 1854 1263 Πνεῦμα

1961 1195 2225 1250 Altissimi
2273 1196 2603 1251 obumbrabit
2655 1197 2746 1252 tibi
2771 1199 2818 1253 “.
2873 1199 2990 1254 Duo
3045 1200 3223 1256 dicit:
3271 1200 3536 1274 Spiritum

271 1275 448 1346 ἅγιον,
483 1280 577 1330 καὶ
625 1278 874 1349 δύναμιν.
919 1280 1076 1352 Τίςή
1119 1281 1348 1357 δύναμίς
1392 1284 1570 1350 ἐστιν;
1601 1284 1856 1352 Χριστὸς

1961 1296 2234 1352 sanctum,
2269 1297 2324 1342 et
2355 1287 2631 1343 virtutem.
2660 1290 2920 1355 Quaenam
2953 1291 3054 1345 ista
3088 1302 3170 1346 est
3202 1293 3419 1348 virtus?
3445 1293 3537 1348 Dei

275 1372 424 1427 Θεοῦ
445 1371 713 1442 δύναμις.
735 1375 995 1446 Ἔρχεται
1011 1377 1192 1430 τοίνυν
1211 1377 1280 1430 τὰ
1299 1377 1394 1430 δύο
1408 1395 1424 1409 ο
1445 1383 1538 1432 καὶ
1553 1379 1614 1432 τὸ
1633 1379 1855 1449 Πνεῦμα

1974 1373 2151 1430 Virtus
2185 1386 2260 1434 est
2291 1376 2535 1433 Christus
2560 1394 2603 1434 ο.
2644 1377 2758 1434 Duo
2790 1379 2958 1450 igitur
2989 1381 3282 1437 adveniunt
3305 1401 3320 1448 ;
3347 1397 3539 1452 nempe

271 1461 331 1516 τὸ
349 1463 524 1532 ἅγιον,
544 1466 640 1544 καὶ
657 1467 685 1518 6
705 1466 940 1534 Χριστὸς
959 1469 984 1520 6
1007 1469 1303 1540 μονογενὴς
1321 1469 1414 1522 τοῦ
1432 1469 1590 1523 Θεοῦ.
1620 1469 1854 1538 Ἐπειδὴ

1961 1477 2016 1522 ct
2067 1469 2310 1538 Spiritus
2368 1480 2614 1534 sanctus,
2661 1480 2716 1524 et
2764 1469 3016 1527 Christus
3062 1471 3157 1526 Dei
3209 1475 3535 1544 unigenitns.

271 1555 338 1610 τό
371 1542 747 1626 γεννώμενον
775 1561 796 1590 ⁹
821 1560 888 1612 ἐκ
919 1560 1038 1613 σοῦ
1079 1559 1252 1630 ἅγιον
1293 1562 1680 1630 κληθήσεται.
1715 1565 1856 1635 Ὅρα

1963 1561 2118 1627 Quod
2154 1564 2294 1617 enim
2320 1579 2386 1618 ea:
2431 1571 2480 1616 te
2513 1564 2772 1630 nascitur,
2797 1575 3037 1618 sanctum
3063 1542 3356 1620 vocabitur.
3384 1565 3537 1630 Vide,

275 1663 366 1714 μοι
396 1647 458 1711 ⁸⁸³,
489 1647 606 1711 πῶς
635 1648 754 1702 ὅλον
787 1651 1042 1720 ἤκουσεν,
1085 1650 1309 1722 Πνεῦμα
1341 1652 1518 1722 ἆγιον,
1560 1654 1656 1707 καὶ
1696 1653 1856 1708 δύνα-

1961 1671 2166 1726 ιμιτεεο,
2213 1659 2483 1726 quomodo
2541 1667 2710 1712 totum
2765 1657 2904 1732 (illa)
2953 1659 3216 1729 percepit,
3273 1658 3535 1728 Spiritum

275 1752 366 1805 μιν
393 1737 682 1807 "Te-Distat).
721 1741 778 1793 '0
817 1740 1048 1809 ἄγγελος
1075 1743 1225 1796 οὐδὲν
1246 1744 1480 1814 ἀφῆκεν,
1515 1747 1666 1798 οὐδὲν
1689 1745 1856 1800 ἐσιώ-

1961 1758 2210 1804 sanctutn
2243 1759 2295 1804 et
2322 1749 2586 1802 Altissimi
2623 1749 2906 1806 virtutem.
2941 1749 3087 1806 Nihil
3135 1751 3360 1822 angelus
3396 1751 3540 1805 omi-

273 1842 468 1896 πησεν.
515 1831 757 1897 Πνεῦμα
828 1831 1000 1903 ἅγιον
1051 1835 1443 1890 ἐπελεύσεται
1481 1837 1578 1890 ἐπὶ
1617 1836 1728 1900 σὲ,
1758 1838 1855 1892 καὶ

283 1922 340 1941 ο.
401 1939 424 1941 __
563 1925 708 1941 ω...
911 1926 922 1941 .
1133 1927 1144 1941 .
1583 1931 1610 1941 ..
1649 1931 1664 1941 .
1709 1932 1732 1941 _
1830 1932 1841 1941 .

1962 1839 2054 1902 sit,
2095 1837 2230 1892 nihil
2265 1838 2454 1893 tacuit.
2490 1835 2726 1906 Spiritus
2765 1848 2978 1892 sanctus
3006 1839 3335 1908 superueniet
3380 1837 3434 1891 in
3467 1846 3535 1899 te,

273 1922 528 1992 δύναμις
563 1925 860 1994 ’Υψίστου
903 1926 1245 1983 ἐπισκιάσει
1286 1946 1406 1994 σοι,
1445 1931 1732 2000 περιϐαλεῖ
1759 1932 1852 1984 καὶ

1959 1937 2007 1981 ιιι
2036 1929 2200 1982 virtus
2239 1926 2508 1982 Altissimi
2554 1927 2878 1984 obumbrabit
2919 1929 3037 1989 tibi.
3087 1929 3452 1986 circumdabit
3483 1939 3538 1982 et

273 2015 481 2068 ὲνδύσει
514 2018 552 2048 ¹¹
593 2035 672 2082 σε,
705 2019 799 2072 καὶ
831 2019 1020 2092 κύκλῳ
1046 2039 1140 2074 σου
1173 2024 1466 2094 γενήσεται
1499 2024 1596 2078 καὶ
1621 2042 1853 2096 περιχα-

1955 2020 2364 2076 circumvestiet
2415 2029 2486 2083 te,
2537 2029 2594 2076 et
2637 2021 3067 2092 circumquaque
3113 2031 3166 2078 te
3218 2021 3427 2092 cinget,
3476 2035 3539 2074 ac

275 2107 514 2176 ρακώσει
557 2125 636 2174 σε,
671 2111 765 2163 καὶ
801 2111 978 2184 σκέπη
1015 2129 1097 2166 σοι
1129 2111 1306 2170 ἔσται.

1956 2111 2177 2168 vallabit
2206 2121 2279 2178 te,
2316 2120 2374 2168 et
2406 2113 2642 2183 tegimen
2683 2113 2783 2168 tibi
2821 2113 2947 2169 erit.

340 2243 396 2297 I'.
434 2243 662 2314 Πνεῦμα
695 2248 871 2316 ἅγιον,
907 2250 1167 2320 Δύναμις,
1203 2252 1470 2321 ’Υψιπος
1495 2271 1509 2284 ·
1547 2255 1855 2326 ἀρίθμησον

2027 2245 2096 2302 Χ.
2130 2245 2365 2315 Spiritus
2381 2253 2626 2308 sanctus,
2650 2244 2859 2308 Virtus.
2884 2245 3204 2300 Altissimus
3235 2261 3250 2300 :
3275 2257 3533 2300 enumera

273 2351 364 2402 μοι
409 2333 477 2386 τὰ
511 2335 836 2406 πράγματα,
881 2341 975 2391 καὶ
1013 2341 1292 2412 εὑρίσκεις
1330 2343 1428 2396 ὅλα
1473 2344 1850 2416 ¹Ιγκριϐωμένα.

1959 2339 2090 2393 mihi
2117 2337 2404 2405 ejusmodi,
2430 2347 2486 2391 et
2515 2337 2770 2391 universa
2806 2337 3014 2406 reperis
3054 2345 3312 2391 accurate
3339 2351 3533 2392 recen-

269 2425 336 2478 Τί
367 2425 476 2496 γάρ
502 2429 619 2480 ἐστι
641 2427 850 2496 ταῦτα;
890 2431 1214 2502 Ἀνθρωπος
1241 2433 1335 2487 ἐπὶ
1371 2435 1474 2506 γῆς
1493 2451 1508 2468 ⁸
1545 2436 1776 2504 ἄγγελος
1797 2439 1854 2492 ὲν

1957 2434 2084 2486 sita.
2118 2429 2262 2486 Sane
2305 2444 2558 2500 qtuenam
2586 2429 2700 2485 haec
2732 2429 2902 2484 sunt?
2937 2428 3111 2484 llomo
3149 2429 3204 2483 in
3244 2437 3388 2484 terra
3424 2447 3439 2495 ;
3483 2431 3533 2484 iu

269 2515 522 2587 οὐρανῷο
559 2518 785 2590 Πνεῦμα
819 2521 992 2590 ἅγιον,
1031 2524 1126 2578 καὶ
1158 2525 1308 2592 Υἱὸς,
1350 2529 1447 2580 καὶ
1484 2529 1698 2600 Πατήρ.
1735 2529 1854 2584 ’Ὀτ’

1958 2523 2096 2578 coelo
2121 2522 2343 2593 angelus
2375 2538 2390 2588 ;
2425 2521 2666 2590 Spiritus
2695 2530 2942 2584 sanctus,
2963 2529 3016 2574 et
3048 2519 3239 2588 Filius,
3271 2529 3326 2576 et
3352 2519 3533 2578 Pater.

268 2607 335 2660 ἂν
360 2609 571 2681 ἀναθῇς
601 2613 682 2674 εἰς
715 2612 816 2683 τὴν
845 2615 1044 2685 ἀρχὴν,
1073 2615 1173 2668 οὐκ
1209 2614 1291 2670 ἔτι
1313 2621 1514 2688 χωρεῖς
1545 2618 1852 2690 ἀνώτερον·

1957 2616 2404 2684 Quandoquidem
2434 2615 2478 2668 si
2517 2612 2730 2667 initium
2759 2627 2950 2667 versus
2971 2612 3256 2679 ascendas,
3289 2611 3536 2682 profecto

271 2700 430 2764 αὐτος
456 2702 564 2772 γάρ
605 2705 751 2756 ἐστιν
783 2707 811 2758 6
838 2705 1129 2774 ’Ύψιστος,
1169 2702 1229 2762 οῦ
1255 2709 1408 2762 οὐδὲν
1435 2711 1708 2779 φαίνεται.
1734 2711 1856 2764 Τοί-

1959 2710 2122 2764 altius
2156 2724 2260 2763 non
2287 2721 2548 2762 excurres
2579 2723 2594 2766 ;
2621 2706 2740 2774 ipso
2771 2707 2917 2760 enim
2971 2713 3056 2759 est
3081 2704 3414 2773 Altissimus,
3447 2706 3535 2774 qui

269 2806 364 2841 νυν
395 2790 470 2853 ὡς
512 2793 571 2844 ὲν
596 2791 674 2864 τῷ
715 2793 859 2864 λόγῳ
883 2793 962 2866 τῷ
992 2795 1034 2828 ¹²
1081 2800 1208 2866 περὶ
1248 2798 1519 2866 γενέσεως
1566 2801 1660 2854 τοῦ
1701 2801 1853 2868 Υῑοῦ,

1959 2798 2117 2868 plane
2141 2795 2430 2851 invisibilis
2453 2804 2554 2849 est.
2589 2793 2760 2864 igitur
2789 2809 2910 2848 cum
2940 2793 3118 2864 agitur
3144 2793 3210 2850 de
3229 2793 3349 2848 Filii
3369 2807 3535 2864 gene-

270 2879 366 2932 ὅλα
397 2885 662 2953 συνῆπτε,
707 2887 804 2937 καὶ
832 2885 928 2938 ὅλα
961 2889 1350 2958 κεκοινώνηκε,
1385 2891 1478 2943 καὶ
1518 2893 1596 2954 είς
1629 2891 1855 2962 ἑνότητα

1961 2892 2190 2955 ratione,
2239 2887 2570 2957 colliguntur
2599 2887 2804 2952 omnia,
2863 2895 2919 2941 et
2958 2887 3143 2939 omnia
3181 2885 3535 2952 conveniunt,

273 2977 556 3047 συνῆλθεν.
597 2981 786 3034 Ἔστιν
813 2981 922 3053 γὰρ
953 2981 1092 3052 μόνα
1118 2983 1324 3037 ταῦτα·
1361 2984 1615 3054 ἄγγελος,
1646 2985 1858 3056 ἄνθρω-

1961 2991 2121 3050 atque
2149 2983 2199 3034 iu
2247 2980 2510 3034 unitatem
2541 2987 2898 3034 concurrunt.
2957 2977 3083 3032 Ηίεε
3119 2977 3265 3032 enim
3293 2985 3535 3032 tantum-

268 3083 388 3132 πος,
433 3069 660 3139 Πνεῦμα
711 3072 889 3139 ἅγιον,
944 3074 1092 3139 Υἱὸς,
1131 3077 1225 3128 καὶ
1276 3077 1508 3148 Πατήρ·
1561 3077 1658 3130 καὶ
1706 3077 1853 3150 παρά

1961 3076 2120 3128 modo
2156 3073 2464 3128 habentur:
2497 3071 2742 3139 angelus,
2787 3071 2970 3136 homo,
3023 3069 3262 3138 Spiritus
3292 3079 3535 3138 sanctus,

267 3157 463 3220 ταῦτα,
491 3159 626 3213 ἄλλα
654 3161 756 3216 οὐκ
789 3161 886 3216 ἔνι.
928 3165 1100 3234 ’Ἄφες
1136 3167 1246 3236 γάρ
1281 3185 1370 3236 μοι
1410 3169 1480 3222 τὰ
1508 3168 1680 3236 ἄλογα
1716 3168 1852 3234 ζῶα,

1961 3165 2150 3228 Filius,
2197 3174 2251 3218 et
2277 3162 2478 3228 Pater;
2507 3171 2562 3216 et
2617 3175 2814 3231 praeter
2857 3162 3009 3226 inec,
3069 3161 3143 3215 nil
3189 3162 3332 3217 inest
3369 3162 3533 3216 aliud.

269 3246 304 3300 at
336 3247 450 3300 ἔστι
493 3249 580 3303 διὰ
631 3253 722 3304 τὸν
762 3253 1084 3326 ἄνθρωπον·
1135 3257 1297 3326 λόγου
1349 3259 1410 3312 οὐ
1461 3261 1704 3332 μετέχει,
1749 3262 1850 3332 οὐχ

1958 3254 2299 3308 lrrationalia
2337 3253 2480 3307 enim
2513 3251 2601 3306 fac
2647 3252 2776 3305 mihi
2825 3253 3046 3306 omittas
3101 3253 3380 3316 animalia,
3413 3268 3531 3322 quae

265 3337 572 3410 ἁμαρτάνει
602 3343 663 3409 ³³,
695 3345 755 3397 οὐ
783 3347 1050 3414 κρίνεται,
1075 3349 1136 3402 οὐ
1168 3351 1444 3422 κατορθοῖ,
1475 3353 1574 3404 οὐκ
1607 3354 1849 3406 ἐπαινεῖ-

1953 3354 2082 3398 sunt
2110 3351 2330 3412 propter
2354 3341 2628 3396 hominem
2658 3357 2672 3406 ;
2707 3341 2936 3394 rationis
2973 3351 3101 3394 sunt
3129 3341 3396 3409 expertia,
3429 3357 3531 3394 non

265 3447 376 3494 ται,
425 3432 570 3504 ζωὴν
612 3435 832 3490 αἰώνιον
871 3441 972 3492 οὐκ
1027 3439 1161 3511 ἔχει,
1213 3435 1313 3494 ὧδε
1359 3443 1568 3510 γίνεται
1616 3445 1710 3498 καὶ
1747 3437 1848 3498 ὧδε

1953 3445 2200 3504 peccant,
2246 3447 2354 3486 non
2407 3435 2646 3488 subeunt
2691 3431 2978 3499 judicium,
3041 3446 3188 3486 recta
3241 3430 3384 3486 facta
3429 3448 3531 3484 nou

265 3521 586 3579 ἀπόλλυται.
621 3528 944 3598 Ἀνθρωπος
970 3531 1026 3584 δὲ
1054 3532 1272 3600 λογικὸν
1295 3533 1457 3598 ζῶον,
1485 3535 1849 3603 βασιλικώτα-

1954 3537 2178 3592 norunt,
2213 3541 2318 3581 non
2360 3525 2564 3581 habent
2591 3525 2830 3588 laudem,
2864 3527 3029 3579 vitam
3086 3539 3192 3581 non
3229 3525 3530 3580 sortiuntur

263 3632 356 3668 τον
381 3615 489 3668 τῶν
518 3617 691 3681 ζώων,
721 3620 929 3690 κόσμου
960 3623 1204 3694 πολίτης,
1239 3625 1428 3693 κύριος
1452 3623 1562 3677 τῶν
1593 3625 1636 3656 ⁸⁸
1663 3625 1730 3676 δι’
1761 3626 1848 3677 αὑ-

1955 3629 2230 3678 a-tcruam,
2256 3616 2384 3670 talia
2401 3626 2718 3680 nascuntur,
2745 3616 2872 3670 talia
2897 3617 3220 3672 moriuntur.
3250 3616 3350 3670 Ast
3375 3616 3531 3671 homo

263 3707 358 3760 τὸν
410 3708 740 3778 γενομένων.
780 3713 934 3766 Ἐπεὶ
967 3714 1147 3772 τοίνυν
1182 3713 1356 3768 ταῦτά
1400 3715 1518 3767 ἐστι
1563 3714 1719 3784 μόνα,
1755 3714 1848 3768 ἄν·

1953 3707 2152 3762 auimal
2181 3717 2266 3761 est
2295 3709 2502 3762 ratione
2548 3709 2859 3774 prteditum,
2891 3710 3249 3762 animantium
3288 3709 3530 3763 omnium

267 3799 504 3867 θρωπος,
545 3801 799 3870 ἄγγελος,
835 3803 1062 3874 Πνεῦμα
1113 3805 1288 3873 ἅγιον,
1329 3805 1456 3869 Υἱὸς
1499 3807 1595 3858 καὶ
1633 3807 1846 3876 Πατὴρ,

1953 3797 2378 3861 nobilissimum,
2419 3799 2602 3852 mundi
2645 3798 2804 3861 civis,
2851 3799 3103 3852 dominus
3164 3815 3354 3853 eorum
3411 3816 3529 3869 qua:

266 3897 387 3961 ὅρα,
412 3891 530 3954 πῶς
558 3894 688 3962 συνῆ
700 3911 826 3945 πται
853 3895 921 3947 τὰ
953 3895 1276 3964 πράγματα’
1307 3895 1680 3965 Ἀνθρωποςή
1709 3898 1850 3966 Παρ-

1953 3889 2002 3942 in
2027 3889 2256 3958 gratiam
2296 3889 2466 3958 ipsius
2493 3899 2678 3943 creata
2707 3897 2854 3943 sunt.
2907 3887 3180 3956 Quoniam
3211 3891 3382 3959 igitur
3415 3892 3529 3944 haec

267 3979 437 4043 θένος,
471 3981 741 4052 παρθένος
774 3981 1045 4052 παρθένου
1071 3981 1492 4052 ἀνακαλουμένη
1519 3980 1579 4032 τὸ
1599 3980 1844 4048 σφάλμα·

1949 3979 2061 4033 sola
2099 3979 2386 4046 habentur,
2447 3981 2630 4045 homo,
2689 3981 2933 4050 angelus,
2995 3978 3235 4048 Spiritus
3284 3990 3524 4044 sanctus,

267 4069 410 4138 ἔχεις
439 4071 723 4141 ἄνθρωπον
762 4071 862 4141 τὴν
899 4070 1178 4142 Παρθένον
1201 4086 1212 4098 ·
1250 4071 1480 4139 ἄγγελος
1506 4071 1534 4122 6
1565 4068 1844 4138 Γαϐριὴλ·

1951 4071 2138 4136 Filius,
2169 4079 2224 4126 et
2255 4070 2447 4137 Pater,
2503 4071 2624 4126 vide
2677 4073 2948 4142 quomodo
3000 4073 3115 4127 haec
3159 4071 3213 4126 in
3267 4073 3525 4142 mysterio

267 4160 489 4228 Πνεῦμα
512 4161 667 4228 ἅγιον
698 4161 758 4214 τὸ
787 4161 1160 4232 ἐπερχόμενον
1183 4177 1196 4190 ·
1232 4161 1461 4231 δύναμις
1502 4159 1782 4228 Ὑψίστου,
1813 4160 1846 4230 ή

1948 4162 2294 4216 conveniunt.
2330 4161 2502 4216 llomo
2531 4162 2724 4234 (adest)
2771 4161 2953 4232 Virgo,
3011 4163 3164 4233 virgo
3203 4178 3398 4233 nempe
3443 4165 3526 4218 la-

265 4253 663 4314 ἐπισκιάζουσα
708 4253 956 4322 δύναμις.
997 4254 1160 4324 Ὅρα,
1206 4253 1324 4316 πῶς
1376 4251 1628 4321 τῷλόγῳ
1681 4253 1741 4305 ἐν
1777 4253 1842 4322 τῇ

1951 4270 2101 4324 psum
2133 4253 2355 4322 virginis
2409 4269 2708 4322 reparans;
2769 4254 2820 4308 in
2860 4254 3079 4323 Virgine
3125 4256 3306 4325 itaque
3359 4255 3527 4309 habes

267 4345 480 4412 γενέσει
508 4345 600 4397 τοῦ
626 4345 833 4416 Κυρίου
859 4345 1123 4416 συνῆλθεν
1154 4345 1222 4398 τὰ
1242 4347 1394 4402 ὄντα.
1421 4343 1686 4413 Ἀγγελος
1709 4362 1845 4398 κατ·⁹

1951 4345 2223 4398 bominem
2252 4361 2266 4406 ;
2307 4345 2532 4415 angelus
2556 4346 2752 4416 (adest)
2781 4345 3000 4404 Gabriel
3027 4346 3527 4416 ;Spiritussam-tus

265 4434 396 4504 ἦ).οε
425 4435 562 4506 πρὸς
597 4435 694 4507 τὴν
738 4437 1047 4506 Παρθένονο
1079 4437 1306 4508 Πνεῦμα
1335 4437 1490 4506 ἅγιον
1525 4437 1842 4508 ἐπέρχεται·

1948 4444 2031 4487 εει
2059 4433 2153 4502 qui
2184 4434 2500 4497 descendit;
2533 4435 2706 4489 virtus
2751 4434 3026 4490 Altissimi
3072 4445 3157 4490 est
3203 4437 3378 4490 virtus
3409 4452 3527 4505 quae

266 4529 360 4580 ml.
395 4529 624 4596 δύναμις
669 4530 926 4600 Ὑψίστου
974 4530 1318 4594 ὲπισκιάζει’
1354 4530 1518 4592 αὐτὸς
1545 4533 1573 4584 6
1624 4529 1846 4600 ὕψιστος

1948 4527 2256 4581 obumbrat.
2302 4525 2436 4581 Vide
2477 4529 2747 4595 quomodo
2786 4543 2912 4583 vere
2951 4529 3004 4584 in
3038 4532 3389 4600 generatione
3425 4529 3525 4584 Do-

265 4620 292 4672 6
325 4591 592 4690 γεννήσας
641 4591 1068 4692 τὸνυΜονογενῆ,
1118 4591 1227 4676 καὶ-
1260 4623 1646 4693 οἰκονομήσας,
1671 4591 1847 4676 ἀὑτὸν

1952 4621 2082 4674 mini
2123 4629 2388 4690 quotquot
2431 4630 2580 4683 sunt,
2617 4629 2974 4676 concurrant.
3029 4621 3268 4691 Angelus
3299 4621 3366 4674 ad
3401 4619 3526 4674 Vir-

267 4713 358 4764 καὶ
389 4713 453 4765 ὲκ
495 4713 773 4783 Παρθένου
823 4714 1102 4785 τεχθῆναι,
1139 4715 1224 4769 ἵνα
1255 4717 1283 4768 6
1313 4715 1370 4782 ἐξ
1409 4715 1587 4785 ἀρχῆς
1617 4713 1844 4782 σφαλεὶς

1951 4708 2128 4776 ginem
2157 4707 2478 4762 descendit:
2529 4709 2769 4778 Spiritus
2819 4719 3043 4765 sanctus
3073 4710 3388 4779 supervenit
3421 4725 3434 4775 ;
3477 4719 3525 4762 et

265 4799 350 4852 διὰ
373 4801 470 4869 τῆς
505 4800 668 4866 Εῦας,
702 4803 863 4866 αὐτὸς
887 4803 1127 4875 διασωθῇ
1148 4804 1235 4857 διὰ
1267 4803 1366 4875 τῆς
1402 4801 1718 4874 συλλήψεως
1741 4804 1840 4874 τῆς

1948 4801 2118 4852 virtus
2145 4799 2410 4852 Altissimi
2438 4801 2726 4854 obumbrat
2762 4801 2839 4870 (3)
2861 4839 2877 4864 ,
2917 4800 3230 4854 Altissimus
3281 4801 3393 4870 ipse
3417 4809 3526 4860 est.

267 4891 562 4961 Παρθένου.
1947 4892 2038 4960 qui
2069 4891 2400 4960 unigenitum
2449 4891 2641 4946 Filium
2681 4893 2989 4962 generavit,
3051 4903 3106 4947 et
3151 4893 3439 4948 constituit
3468 4901 3527 4944 ut

265 4999 292 5037 e
329 4981 545 5053 Virgine
594 5002 808 5057 quoque
836 4985 924 5043 hic
978 4996 1355 5057 generaretur,
1389 5003 1496 5058 quo
1539 4989 1584 5044 is
1637 4986 1726 5057 qui
1765 4985 1834 5043 ab
1867 4985 2134 5054 initioper
2165 4985 2328 5038 Evam
2385 4984 2642 5052 deceptus
2709 4986 2906 5052 fuerat,
2937 4986 3054 5056 ipse
3078 5001 3173 5054 per
3207 4995 3528 5053 conccptnttt

266 5076 502 5146 Virginis
533 5079 856 5134 salvaretur.
2920 5092 2923 5094 ’

333 5219 359 5246 ²¹
385 5209 516 5264 Luc.
550 5225 590 5278 ι,
623 5210 714 5265 35.
798 5211 866 5264 οι
895 5212 1022 5267 Cor.
1055 5229 1092 5278 ι,
1127 5214 1218 5268 24.

1541 5326 1624 5381 VA
1637 5325 1774 5380 [HAS
1817 5321 2224 5379 LECTIONES.

331 5437 352 5470 ³
381 5437 513 5492 Cod.
545 5440 888 5510 ‘(3vvri;1.£v:v.
971 5444 1013 5474 ¹⁰
1040 5443 1171 5497 Cod.
1212 5443 1309 5513 μή.
1393 5445 1430 5473 ¹¹
1465 5442 1600 5497 Cod.
1636 5441 1854 5511 ἐνδύτη.
1943 5441 1985 5470 ¹²
2019 5437 2154 5492 Cod.
2183 5434 2298 5488 τοῦ.
2391 5435 2432 5463 ⁸³
2464 5434 2598 5488 Cod.
2629 5435 2728 5487 οὐκ
2761 5435 3086 5504 ἁμαρτάνει.
3169 5433 3211 5464 ⁸⁸⁵
3243 5433 3376 5486 Cod.
3411 5431 3520 5485 τόν.

332 5665 408 5732 (9)
448 5662 564 5716 Non
611 5675 834 5743 ιινοριςι·
883 5669 1126 5735 corporis
1181 5671 1536 5734 tautttui,scd
1592 5670 1826 5724 nrtxime
1935 5670 2064 5723 Atla!
2112 5665 2960 5743 prmvaricationetnptortalium
3004 5666 3516 5743 εειιιιεᾳειιαῙιΙίμ-εῡΓ

263 5745 486 5808 propter
537 5735 732 5808 a_ni_m:e
780 5737 1166 5804 integritatem.
1197 5740 1336 5805 Ergo
1378 5742 1561 5792 ltrtbttil
1599 5741 1823 5808 Dcipzu-a
2007 5740 2080 5807 (9)
2115 5735 2400 5808 Antipater
2441 5739 2556 5808 ipse
2610 5737 2844 5804 Virginis
2901 5735 3380 5794 obuinbt'ationctu
3423 5735 3515 5791 Dei

266 5805 402 5858 hanc
441 5802 826 5873 virginitatem,
874 5802 916 5860 ε
948 5822 1048 5875 qua
1099 5809 1229 5864 dicit
1269 5802 1711 5881 Clirysostomus,
1757 5812 1824 5865 ob
1941 5802 2114 5865 Verbo
2141 5802 2412 5862 attribuit.
