4014 6122
521 326 658 393 1783

1508 333 1915 406 ANTIPATBI
1961 335 2425 408 BDSTRENSIS
2462 337 2800 408 EPISCOPI

3654 340 3797 405 1784

596 443 687 499 XI.
721 442 787 498 Et
820 444 1153 513 respondens
1216 444 1462 514 Angelus
1515 449 1648 505 dixit
1683 449 1803 503 illi:
1865 448 1934 503 Et
1984 466 2100 503 ecce

2277 451 2383 516 1A}.
2415 453 2527 506 Kal.
2565 452 2891 523 ἀποκριθεὶς
2922 453 2951 506 6
2981 452 3232 521 ἄγγελος,
3270 452 3427 509 εἶπεν
3472 455 3609 526 αὐτῇ
3635 474 3648 487 ’
3683 461 3798 515 Kal

520 535 790 592 Elisabetlt
821 547 1046 607 cognata
1074 547 1163 601 tua
1194 546 1243 592 et
1275 537 1392 607 ipsa
1415 540 1648 607 concepit
1676 540 1845 608 ﬁlium
1899 553 1945 597 P.
1978 542 2102 596 Ste-

521 628 636 683 rilis
668 643 861 697 nempe
916 640 1238 698 conceptum
1286 629 1499 702 Virgini
1572 632 1775 701 prazbet
1821 633 1986 689 veluti
2030 635 2101 689 si-

521 733 709 789 gnum.
765 717 834 772 Et
873 719 958 774 hic
1000 723 1188 776 mensis
1226 730 1406 776 sextus
1426 731 1504 776 est
1538 723 1617 775 illi
1662 722 1808 795 (ιο),
1839 725 1963 794 quia
2001 742 2102 779 nou

518 808 614 860 erit
643 807 969 877 impossibile
997 810 1141 879 apud
1179 809 1344 864 Deum
1362 827 1513 865 omne
1536 812 1746 866 verbum
1772 822 1823 867 (ι.
1856 812 2100 879 Scilicet,

520 898 664 954 Deus
684 911 767 955 est
801 901 891 971 qui
926 913 1185 971 operatur
1207 922 1224 970 ;
1250 918 1318 957 ne
1352 903 1617 973 ambigas.

596 992 747 1047 Dixit
780 1004 956 1047 autem
1008 992 1236 1049 Maria:
1292 993 1425 1049 Ecce
1461 994 1660 1048 ancilla
1708 995 1942 1060 Domini,
2006 998 2102 1065 ﬁat

521 1084 653 1137 mihi
704 1086 993 1139 secundum
1060 1084 1275 1139 verbum
1325 1096 1473 1139 tuum
1511 1096 1554 1140 ι’.
1622 1086 1831 1141 Ancilla
1886 1088 2100 1142 Domini

521 1191 666 1243 sum,
698 1177 895 1232 tabella
930 1192 1048 1230 sum
1093 1176 1146 1230 in
1182 1192 1287 1247 qua
1324 1177 1635 1232 scribatur:
1689 1179 1925 1247 scriptor
1956 1180 2100 1249 quod

521 1267 638 1322 vult
665 1270 869 1323 scribat
909 1287 921 1323 :
959 1269 1010 1322 in
1057 1278 1308 1338 promptu
1363 1279 1446 1325 est
1479 1270 1749 1336 materia;
1786 1273 1930 1339 quod
1964 1272 2099 1338 vult,

522 1361 719 1417 artifex
753 1361 937 1418 faciat.
964 1362 1034 1416 Et
1067 1362 1309 1417 discessit
1331 1362 1396 1416 ab
1419 1380 1481 1417 ea
1525 1363 1743 1434 angelus
1769 1371 1791 1400 '
1823 1380 1854 1431 ;-
1894 1365 2103 1433 accepit

519 1453 687 1507 verba
720 1468 1041 1519 consensus,
1069 1463 1124 1508 et
1153 1455 1424 1511 discessit.

595 1542 731 1597 Ecce
759 1544 958 1599 ancilla
988 1545 1224 1611 Domini,
1264 1545 1363 1613 ﬁat
1400 1547 1526 1599 milii
1555 1546 1843 1600 secundum
1886 1548 2101 1602 verbum

2206 542 2336 596 ἰδοὺ
2377 543 2704 610 Ἐλισὰὅετ,
2746 545 2786 612 ἡ
2816 545 3123 613 συγγενής
3154 559 3295 613 σου.
3324 546 3424 600 καὶ
3459 549 3615 615 αὑτὴ
3641 565 3796 603 avr-

2204 634 2489 703 ειληεσυῖα
2538 636 2693 690 υἱόν.
2746 635 2859 693 Kal.
2912 635 3096 690 δίδωσι
3144 639 3374 706 σημεῖον
3418 641 3483 708 τῇ
3529 640 3800 713 Παρθένῳ

2209 726 2471 796 σύλληψιν
2491 727 2590 796 τῆς
2610 724 2855 797 στείρας.
2884 726 2991 780 Kal
3015 721 3195 792 οὗτος
3211 725 3368 793 αὐτῇ
3381 727 3510 795 μὴν
3533 728 3715 797 ἕκτος
3728 733 3796 764 ¹³⁶

2205 817 2295 871 ὅτι
2328 820 2440 871 οὐκ
2473 814 2843 883 ἀδυνατήσει
2874 818 3035 886 παρά
3073 815 3195 883 Θεῷ
3223 817 3347 873 πᾶν
3375 818 3563 887 ῥῆμα.
3595 821 3732 885 Θεὸς
3772 825 3803 877 6

2205 910 2446 980 ἐνεργῶν
2475 928 2489 942 ·
2519 910 2596 982 μὴ
2633 910 2968 982 ἀμφίϐαλλε.

2276 1001 2463 1060 Εἶπεν
2491 1005 2559 1060 δὲ
2596 1006 2866 1075 Μαριάμ·
2913 1005 3061 1061 Ἰδοὺ
3100 1007 3138 1075 ἡ
3178 1006 3371 1076 δούλη
3411 1009 3662 1076 Κυρίου,
3695 1010 3804 1080 γέ-

2204 1099 2372 1151 νοιτό
2391 1116 2495 1167 μοι
2524 1098 2677 1153 κατὰ
2706 1098 2773 1153 τὸ
2797 1096 2967 1168 ῥῆμά
2995 1113 3135 1153 σου,
3177 1097 3349 1169 Δούλη
3387 1100 3503 1170 εἰμὶ
3538 1102 3755 1173 Κυρίου
3781 1117 3797 1130 ·

2204 1190 2370 1259 πίναξ
2403 1192 2520 1261 sip).
2552 1191 2897 1262 γραφόμενος
2921 1208 2934 1221 ·
2963 1191 2990 1243 ὂ
3019 1190 3270 1260 βούλεται
3295 1193 3324 1244 ὁ
3353 1192 3624 1263 γραφεὺς,
3650 1210 3799 1263 γρα-

2205 1284 2352 1353 φέτω
2375 1299 2387 1315 ·
2441 1285 2657 1355 ἕτοιμος
2692 1287 2727 1359 ή
2757 1284 2888 1356 ὕλη·
2924 1284 3148 1338 ποιείτω
3191 1285 3219 1338 6
3254 1284 3397 1338 θέλει
3438 1285 3466 1337 6
3513 1286 3797 1355 τεχνίτης.

2202 1374 2310 1430 Καί
2343 1373 2616 1441 ἀπῆλθεν
2641 1376 2742 1430 ἀπ’
2767 1376 2955 1444 αὐτῆς
2987 1377 3015 1429 6
3044 1373 3273 1445 ἄγγελος
3293 1393 3307 1407 ·
3337 1374 3493 1431 ἔλαϐε
3524 1376 3595 1429 τὰ
3624 1377 3800 1430 πιστά

2207 1469 2451 1539 ῥήματα,
2487 1468 2584 1521 καὶ
2614 1467 2875 1538 ἀπῆλθεν.

2286 1557 2443 1611 Ἰδοὺ
2474 1559 2511 1626 ἡ
2554 1557 2746 1627 δούλη
2796 1558 3040 1627 Κυρίου,
3094 1557 3331 1627 γένοιτό
3366 1574 3471 1625 μοι
3527 1559 3681 1612 κατὰ
3732 1558 3800 1611 τὸ

521 1644 691 1687 suum.
722 1635 989 1689 Videlicet
1021 1650 1128 1689 non
1175 1636 1393 1706 reponit
1423 1637 1627 1702 Virgo:
1661 1637 1868 1706 Apage,
1901 1654 2099 1693 vanum

2212 1648 2364 1718 ῥῆμά
2388 1664 2525 1702 σου.
2561 1648 2673 1701 Καὶ
2701 1649 2802 1701 οὐκ
2829 1643 2983 1700 εἶπεν
3010 1649 3043 1718 ἡ
3075 1647 3355 1718 Παρθένος
3375 1665 3388 1678 ο
3427 1648 3672 1716 Ἄπαγε,
3697 1665 3800 1700 πεο

521 1734 605 1778 ost
621 1725 766 1793 quod
783 1726 920 1780 dicis
945 1744 960 1794 ;
985 1741 1085 1796 ego
1106 1742 1225 1782 sum
1246 1728 1396 1797 virgo
1423 1746 1438 1795 ;
1466 1743 1573 1783 non
1592 1744 1863 1799 cognosco
1881 1731 2055 1785 virum
2082 1749 2097 1798 ;

2207 1739 2386 1810 ριττδν
2406 1739 2435 1793 ὃ
2464 1739 2670 1809 λέγεις·
2696 1738 2807 1808 ἐγὼ
2841 1740 3112 1810 παρθένος
3140 1739 3286 1809 εἰμί’
3315 1739 3485 1809 ἄνδρα
3531 1740 3591 1792 οὐ
3629 1740 3803 1807 γινώ-

522 1817 665 1873 ιιευό
695 1830 1126 1874 consentaneum
1161 1821 1418 1895 estquod
1458 1820 1744 1890 loqueris;
1801 1825 1896 1878 sed
1951 1834 2100 1894 post-

2212 1803 2324 1882 σκω
2346 1846 2358 1858 ·
2390 1828 2492 1882 οὐκ
2519 1803 2631 1899 ἔχει
2662 1803 2842 1897 λόγον,
2877 1828 2905 1881 ὃ
2926 1803 3116 1896 λέγεις
3137 1845 3151 1859 ·
3197 1803 3314 1882 αλλ’
3349 1803 3537 1899 ἐπειδὴ
3580 1803 3744 1883 εἶπεν
3772 1834 3801 1885 6

521 1924 683 1978 quam
707 1911 940 1981 angelus
967 1913 1104 1967 dixit
1135 1932 1148 1967 :
1183 1911 1417 1983 Spiritus
1441 1926 1659 1969 sanctus
1683 1918 2014 1984 superveniet
2042 1917 2099 1971 in

522 2014 593 2065 te,
616 2003 919 2072 spiritualis
941 2005 1299 2074 spiritualiter
1319 2007 1564 2072 audiens,
1594 2017 1645 2062 et
1666 2017 1853 2063 sancta
1896 2010 2101 2065 sanctis

524 2093 704 2149 verbis
734 2102 921 2150 sancte
944 2097 1196 2163 credens,
1226 2106 1484 2153 constans
1514 2099 1565 2151 in
1594 2099 1700 2153 ﬂde
1744 2100 2006 2169 perstitit,
2036 2115 2102 2155 ac

523 2187 918 2253 promissiones
973 2190 1210 2260 excepit.
1284 2190 1548 2248 Discessit
1642 2192 1812 2264 igitur
1877 2194 2100 2265 angelus

522 2277 592 2339 ab
611 2293 696 2335 ea.

592 2367 707 2424 XII.
744 2370 1048 2442 Exsurgens
1073 2381 1251 2428 autem
1286 2372 1464 2428 Maria
1497 2375 1553 2429 in
1573 2373 1759 2429 diebus
1789 2374 1920 2439 illis,
1970 2377 2099 2431 abiit

520 2462 577 2528 in
604 2472 855 2523 montana
875 2480 992 2517 cum
1014 2464 1356 2534 festinatione
1376 2466 1489 2534 (Η)
1506 2467 1573 2522 ad
1590 2476 1902 2536 cognatam.
1931 2467 2011 2522 Ma
2024 2469 2101 2524 ria

522 2566 719 2622 nempe
747 2552 894 2609 venit
925 2557 991 2607 ad
1025 2555 1325 2618 Elisabeth,
1345 2557 1801 2626 quemadmodum
1844 2567 1902 2612 et
1943 2550 2103 2614 Chri-

522 2654 641 2702 stus
675 2644 824 2699 venit
858 2645 924 2699 ad
957 2646 1230 2701 homines.
1280 2645 1414 2700 Nam
1444 2648 1676 2703 decebat
1731 2657 1790 2704 ut
1826 2648 2101 2706 Elisnbetll

521 2737 733 2791 veniret
754 2736 820 2791 ad
846 2735 1069 2792 Mariam
1091 2755 1106 2805 ;
1135 2748 1188 2792 et
1213 2738 1386 2807 magis
1406 2753 1681 2809 congruos
1702 2740 1791 2796 hic
1813 2751 1928 2796 erat
1944 2742 2102 2810 ordo,

523 2833 582 2879 ut
613 2834 788 2882 mater
814 2825 1179 2884 Praecursoris
1208 2843 1271 2884 se
1311 2829 1589 2886 conferret
1626 2835 1693 2888 ad
1739 2846 1970 2888 matrem
2000 2832 2106 2889 Do-

523 2916 680 2976 mini.
731 2917 839 2973 Sed
873 2917 1042 2976 Maria
1073 2921 1341 2992 exsurgit,
1387 2934 1443 2978 et
1490 2925 1638 2980 venit
1692 2927 1759 2981 ad
1802 2925 2102 2995 Elisabetli,

523 3016 698 3076 mater
723 3008 936 3077 Domini
961 3014 1028 3068 ad
1057 3021 1285 3083 ntatrem
1315 3015 1482 3070 servi.

500 3271 509 3345 Ῐ
593 3286 740 3343 Xlll.
775 3288 847 3345 Et
871 3289 1090 3345 intravit
1115 3290 1170 3345 in
1193 3290 1405 3345 domum
1424 3288 1707 3345 Zachariae
1732 3293 1775 3346 ι.
1814 3290 2103 3361 Postquam

525 3382 671 3437 enim
702 3381 928 3452 angelus
956 3382 1006 3438 ei
1031 3382 1208 3438 dixit:
1258 3380 1394 3436 Ecce
1419 3392 1644 3452 cognata
1699 3394 1793 3437 tua
1850 3386 2102 3454 concepit,

525 3488 646 3527 eam
683 3474 873 3539 adivit,
907 3483 966 3528 ut
994 3473 1093 3542 ipsi
1125 3473 1512 3543 congauderet,
1545 3475 1689 3543 quod
1714 3483 1913 3542 praeter
1952 3489 2103 3544 spem

526 3566 888 3635 concepisset.
950 3566 1019 3619 Et
1076 3567 1298 3620 intravit
1330 3567 1386 3618 in
1434 3566 1650 3619 domum
1708 3565 2012 3634 Zacharias,
2055 3578 2104 3622 et

526 3654 779 3711 salutavit
815 3655 1108 3711 Elisabetlt.
1150 3655 1218 3710 Et
1256 3656 1458 3724 factum
1482 3665 1581 3721 est,
1616 3667 1673 3712 ut
1699 3660 1898 3714 audivit
1953 3660 2104 3714 salu-

527 3755 726 3800 tantem
751 3745 984 3803 Mariam
1011 3745 1287 3802 Elisabeth
1310 3746 1420 3819 (1‘2)
1446 3788 1461 3813 ,
1491 3748 1858 3819 (salutationis
1894 3749 2105 3818 vocem)

526 3852 624 3908 per
647 3851 805 3894 aures
828 3839 1132 3905 transmisit
1163 3840 1230 3901 ad
1267 3848 1522 3906 mentem,
1562 3854 1715 3897 mens
1749 3855 1878 3897 vero
1907 3841 2110 3913 (trans-

529 3930 703 4001 misit).
725 3933 792 3985 ad
825 3928 1263 3996 Praecursorem;
1307 3940 1363 3988 et
1413 3930 1752 3996 Prmcursor,
1813 3944 2105 4002 antequam

529 4025 1033 4094 auresacciperet,
1099 4023 1345 4091 audivit;
1403 4024 1607 4081 audivit
1669 4023 1941 4095 (inquam)
1999 4038 2107 4079 non

529 4116 730 4171 mentis
762 4114 1020 4170 facultate
1048 4116 1114 4169 ad
1169 4115 1405 4184 ltocjam
1452 4124 1664 4184 parata,
1724 4115 1819 4170 sed
1873 4113 2110 4184 Spiritus

529 4204 750 4277 (sancti)
775 4206 995 4261 virtute.
1027 4203 1094 4260 Et
1120 4204 1431 4267 Praecursor
1463 4205 1529 4259 ad
1547 4206 1956 4277 signiﬁcandum
1976 4220 2112 4275 gau-

532 4298 701 4361 dium,
726 4303 783 4352 et
825 4298 892 4353 ad
942 4296 1290 4359 indicandum
1336 4311 1493 4350 suum
1545 4297 1821 4366 prepbeta:
1889 4311 2109 4362 munus,

531 4386 764 4443 exsultat
790 4405 809 4455 ;
843 4386 1078 4444 exaultat
1098 4386 1305 4442 scilicet
1331 4387 1383 4440 in
1415 4394 1573 4443 utero
1605 4387 1903 4443 Elisabeth.
1940 4386 2111 4451 Elisa-

2203 1918 2460 1987 ἄγγελος·
2502 1918 2748 1988 Πνεῦμα
2797 1920 2970 1989 ἅγιον
3018 1920 3410 1974 ἐπελεύσεται
3454 1919 3555 1973 ἐπὶ
3600 1920 3681 1974 σέ
3704 1938 3721 1952 ’
3764 1923 3799 1993 ἡ

2204 2011 2552 2083 πνευματικὴ
2586 2012 2974 2095 πνευματικῶς
3010 2011 3295 2066 ἀκούσασα
3332 2013 3478 2084 καὶὴ
3516 2012 3655 2081 ἁγία
3681 2016 3798 2078 τοῖς

2204 2105 2379 2173 ἁγίοις
2407 2107 2644 2177 ῥήμασιν
2666 2105 2839 2174 ἁγίως
2872 2105 3233 2171 πιστεύσασα,
3265 2104 3449 2176 ἔμεινε
3477 2104 3576 2175 τὴν
3608 2105 3798 2161 πίστιν

2201 2196 2466 2269 τηροῦσα,
2494 2199 2589 2251 καὶ
2618 2199 2718 2268 τὴν
2758 2198 3091 2267 ἐπαγγελίαν
3121 2198 3474 2270 ἐκδεχομένη.
3523 2197 3798 2269 Ἀπῆλθεν

2202 2289 2296 2347 οὖν
2323 2292 2353 2343 ὁ
2387 2290 2618 2359 ἄγγελος
2646 2292 2741 2345 ἀπ’
2772 2292 2968 2360 αὐτῆς.

2274 2382 2372 2437 lB'.
2415 2380 2753 2439 Ἀναστᾶσα
2775 2383 2843 2435 δὲ
2865 2383 3100 2451 Μαριὰμ
3119 2383 3192 2437 ὲν
3215 2381 3345 2449 ταῖς
3366 2382 3617 2452 ἡμέραις
3638 2382 3794 2437 ἑκεί-

2203 2488 2359 2535 ναις,
2396 2471 2691 2539 ἐπορεύθη
2707 2474 2794 2536 είς
2808 2470 2927 2537 τὴν
2938 2472 3184 2539 ὀρεινὴν
3192 2470 3346 2541 μετὰ
3363 2469 3643 2538 σπουδῆς
3657 2471 3794 2542 πρὸς

2203 2563 2302 2634 τὴν
2334 2563 2594 2634 συγγενῆ.
2643 2563 2757 2617 Καὶ
2786 2558 2950 2633 ἦλθεν
2981 2563 3215 2632 Μαριὰμ
3257 2562 3397 2632 πρὸς
3437 2564 3537 2632 τὴν
3578 2564 3793 2617 Ἐλισα-

2206 2655 2325 2718 ϐετ,
2347 2653 2518 2718 οὕτως
2565 2657 2662 2711 καὶ
2690 2655 2719 2707 6
2768 2654 3003 2725 Χριστὸς
3029 2650 3196 2725 ἦλθεν
3229 2655 3368 2725 πρὸς
3408 2655 3535 2717 τοὺς
3579 2654 3791 2725 ἀνθρὼ-

2207 2765 2365 2811 πους.
2418 2747 2620 2819 Ἐχρῆν
2655 2747 2767 2818 γὰρ
2812 2747 2989 2800 ἐλθεῖν
3032 2747 3132 2817 τὴν
3178 2745 3468 2805 Ἐλισὸιϐετ
3509 2746 3650 2816 πρὸς
3694 2748 3791 2815 τὴν

2204 2839 2473 2909 Μαριάμ’
2509 2837 2605 2891 καὶ⁵
2637 2837 2778 2909 αὕτη
2811 2834 2878 2910 ἦν
2912 2837 3014 2908 τῆς
3048 2836 3380 2901 ἀκολουθίας
3409 2839 3442 2907 ἡ
3470 2835 3629 2902 τάξις
3660 2838 3794 2908 μᾶλ-

2206 2930 2320 2995 λον,
2367 2930 2509 2983 ὥστε
2538 2930 2640 3001 τὴν
2682 2930 2900 3002 μητέρα
2940 2928 3036 2983 τοῦ
3079 2929 3399 3001 Πρώρὸμου
3443 2928 3620 2984 ἐλθεῖν
3656 2929 3795 2998 πρὸς

2207 3022 2307 3093 τὴν
2342 3022 2557 3094 μητέρα
2600 3021 2695 3074 τοῦ
2726 3019 3026 3074 Δεσπότου.
3072 3020 3386 3075 Ἀνίσταται
3433 3018 3491 3071 δὲ
3534 3017 3791 3088 Μαριὰμ,

2133 3118 2305 3209 Ο.καὶ
2352 3114 2574 3185 ἔρχεται
2621 3113 2759 3183 πρὸς
2781 3112 2880 3182 τὴν
2924 3112 3229 3175 Ἐλισάδετ,
3270 3113 3305 3181 ἡ
3338 3110 3430 3164 τὸν
3461 3110 3667 3180 Κύριον
3708 3109 3789 3162 τί·

2209 3224 2418 3260 κτουσα
2449 3205 2586 3275 πρὸς
2610 3205 2710 3275 τὴν
2749 3204 2965 3275 μητέρα
2991 3201 3089 3257 τοῦ
3117 3202 3329 3256 δούλου.

2279 3298 2377 3351 ll".
2434 3297 2546 3350 Kal
2603 3294 2891 3362 εἰσῆλθεν
2954 3297 3045 3361 είς
3102 3295 3210 3348 τὸν
3255 3291 3421 3348 οἷκον
3465 3294 3791 3362 Ζαχαρίου.

2221 3386 2440 3457 Ἐπειδὴ
2480 3387 2590 3457 γὰρ
2628 3380 2785 3440 εἶπεν
2830 3385 2969 3457 αὐτῇ
2998 3388 3026 3438 ὁ
3057 3384 3318 3454 ἄγγελος·
3370 3382 3528 3436 Ἰδοὺ
3564 3383 3600 3450 ἠ
3636 3399 3794 3452 συγ-

2207 3476 2389 3546 γενής
2421 3477 2464 3510 ⁸⁵
2489 3492 2606 3532 σου
2635 3477 3031 3546 συνείληφεν,
3065 3473 3308 3546 εἰσῆλθεν
3334 3473 3479 3544 αὐτῇ
3504 3478 3793 3545 συγχαρῆ-

2207 3586 2317 3634 ναι,
2338 3568 2527 3640 ἐπειδὴ
2549 3568 2702 3638 παρὰ
2729 3567 3059 3637 προσδοκίαν
3084 3566 3431 3636 συνείληφεν.
3452 3564 3565 3619 Kal
3588 3565 3798 3634 εἰσῆλ-

2207 3665 2314 3717 θεν
2344 3664 2431 3727 είς
2484 3661 2593 3714 τὸν
2635 3656 2805 3714 οἷκον
2834 3660 3134 3728 Ζαχαρίου
3187 3657 3285 3712 καὶ
3314 3656 3647 3725 ἠσπάσατο
3685 3657 3795 3725 τὴν

2221 3752 2555 3807 Ἔλισὰϐετ.
2586 3753 2698 3807 Kal
2726 3751 2985 3821 ἐγένετο,
3016 3751 3113 3805 ὅτε
3136 3749 3409 3819 ἤκουσεν
3440 3749 3795 3819 ἀσπασαμέ-

2206 3862 2320 3911 νης
2340 3846 2569 3912 Μαρίας
2597 3846 2636 3914 ἠ
2677 3843 3009 3907 Ἐλισάὸετ,
3032 3842 3367 3915 παρέπεμψε
3386 3841 3477 3896 διὰ
3493 3842 3606 3895 τῶν
3640 3841 3793 3895 ὢτων

2209 3937 2348 4008 πρὸς
2376 3937 2476 4008 τὴν
2513 3937 2776 4001 διάνοιαν,
2811 3937 2906 3990 καὶ
2947 3938 2980 4006 ἡ
3015 3936 3232 3989 διάνοια
3259 3935 3396 4005 πρὸς
3427 3934 3520 3986 τὸν
3553 3934 3792 4004 Προδρο-

2213 4044 2346 4098 μον·
2382 4028 2476 4081 καὶ
2510 4029 2743 4098 ἤκουσεν
2793 4029 2823 4080 6
2872 4026 3194 4100 Πρόδρομος
3223 4026 3357 4096 πρὶν
3409 4018 3525 4078 ὦτα
3570 4023 3789 4080 λαϐεῖν*

2209 4117 2443 4187 ἧκουσεν
2499 4117 2558 4169 οὐ
2596 4119 2662 4188 τῇ
2711 4118 3029 4186 κατασκευῇ
3084 4116 3185 4184 τῆς
3235 4114 3501 4179 διανοίας,
3548 4113 3686 4166 ἀλλὰ
3728 4115 3791 4181 τῇ

2210 4208 2467 4280 ἐνεργείᾳ
2498 4208 2595 4264 τοῦ
2632 4207 2973 4278 Πνεύματος.
3013 4208 3131 4260 Καὶ
3157 4207 3359 4276 σκιρτᾷ
3403 4205 3433 4256 6
3477 4205 3793 4275 Πρὸδρομος

2210 4298 2294 4360 είς
2323 4297 2565 4369 ἔμφασιν
2613 4300 2811 4370 χαρᾶς,
2860 4298 2956 4351 καὶ
3002 4297 3239 4368 δήλωσιν
3288 4295 3669 4366 προφητείας’
3702 4294 3793 4349 καὶ

2215 4368 2413 4460 σκιρτᾷ
2444 4390 2505 4444 τὸ
2539 4368 2739 4461 βρέφος
2778 4393 2837 4444 ὲν
2875 4392 2942 4461 τῇ
2981 4389 3164 4460 κοιλία
3204 4368 3303 4458 τῆς
3344 4386 3657 4440 “Elim-165's.
3691 4386 3793 4439 Kal

532 4478 663 4533 belli
694 4487 872 4538 autem
897 4492 1010 4532 rem
1029 4477 1260 4534 advertit
1286 4494 1301 4544 ;
1334 4491 1438 4532 non
1462 4485 1640 4532 tanton
1660 4479 1892 4532 humana
1917 4478 2103 4534 adver-

2213 4483 2436 4554 ὲνόησεν
2466 4485 2501 4552 ἡ
2544 4483 2828 4539 Ἐλισάὃετ
2860 4483 2921 4537 τὸ
2952 4484 3189 4553 πρᾶγμα
3212 4499 3226 4512 ·
3253 4482 3355 4534 οὐκ
3396 4480 3590 4551 ἐνόησε
3619 4480 3677 4533 δὲ
3706 4479 3793 4531 λο-

535 4568 598 4620 ιῑι
627 4567 1001 4638 intelligentia,
1035 4567 1130 4629 sed
1152 4575 1341 4623 sancto
1378 4565 1583 4636 Spiritu
1612 4568 1933 4639 (revelante)
1973 4569 2102 4638 quid

2212 4574 2397 4644 γισμῷ
2419 4574 2747 4646 ἀνθρωπίνῳ
2763 4591 2778 4606 ο
2800 4573 2940 4629 ἀλλὰ
2958 4572 3256 4629 κατέλαὸεν
3274 4571 3556 4642 Πνεύματι
3579 4571 3719 4642 ἁγίῳ
3740 4570 3795 4624 τὸ

533 4661 690 4716 ﬁeret
716 4659 979 4730 percepit.

2214 4666 2524 4736 γινόμενον.

604 4752 742 4807 XIV.
776 4751 845 4806 Et
886 4750 1198 4807 exclamavit
1246 4768 1369 4807 voce
1409 4766 1624 4820 magna,
1654 4760 1702 4806 et
1731 4752 1909 4806 dixit:
1946 4751 2103 4808 Bene-

2290 4758 2387 4813 IA'.
2428 4760 2537 4814 Kal
2560 4759 2895 4827 ἀνεϐόησεν
2918 4756 3153 4827 κραυγῇ
3175 4756 3433 4825 μεγάλῃ.
3462 4756 3562 4810 καὶ
3592 4752 3759 4810 εἶπεν
3779 4769 3794 4785 °

534 4846 682 4898 dicta
715 4856 773 4899 ιιι
800 4845 852 4898 in
877 4845 1185 4899 mulieribus
1223 4843 1359 4914 (I3).
1412 4842 1553 4909 Quid
1606 4859 1691 4898 me
1749 4852 1804 4898 tu
1859 4845 2103 4901 salutans

2214 4848 2609 4919 Εὐλογημένη
2634 4850 2715 4904 σὺ
2741 4850 2810 4904 ὲν
2828 4848 3130 4920 γυναιξίν.
3155 4849 3220 4901 Τί
3240 4865 3309 4918 με
3337 4849 3403 4901 σὺ
3432 4848 3794 4919 πφασπάζῃς

536 4937 857 5004 praevenis?
896 4937 1035 5003 Quid
1061 4936 1209 5007 prior
1239 4946 1297 4993 tu
1326 4951 1412 4991 me
1465 4935 1804 5005 compellans?
1856 4935 2103 5006 Nunquid

2214 4942 2280 4994 Τί
2311 4958 2377 5011 με
2413 4944 2489 4996 σὺ.
2522 4941 2714 5012 πρώτη
2761 4942 3230 5014 προσαγορεύεις;
3270 4938 3362 5010 Μὴ
3399 4939 3510 5011 γὰρ
3550 4938 3665 5007 ἐγώ
3687 4941 3798 5008 εἰμι

535 5046 633 5103 ego
665 5045 784 5086 sum
839 5046 959 5101 quae
991 5031 1326 5086 Salvatoretn
1366 5031 1564 5100 pario?
1609 5030 1692 5085 Ille
1729 5032 2015 5100 oportebat
2044 5031 2103 5085 ad

2213 5036 2245 5105 ἡ
2277 5034 2366 5087 τὸν
2398 5034 2626 5105 Σωτῆρα
2647 5034 2942 5100 τίκτουσα;
2976 5031 3109 5103 Ἐμὲ
3131 5032 3302 5103 ἐχρῆν
3321 5030 3501 5087 ἐλθεῖν
3529 5031 3669 5101 πρὸς
3698 5029 3756 5082 σε
3781 5045 3796 5060 ·

608 5156 638 5197 P
667 5145 800 5204 Luc.
834 5164 873 5214 ι,
905 5147 994 5204 56.
1061 5158 1091 5210 (ι
1126 5148 1254 5203 ibid.
1280 5148 1368 5203 57.
1437 5157 1460 5186 ι’
1488 5148 1617 5203 ibid.
1644 5147 1731 5202 58.
1788 5158 1809 5186 ³
1840 5149 1969 5204 ibid.
2049 5152 2066 5187 ί
2100 5151 2227 5206 ibid.
2257 5152 2346 5206 ΙιΟ.

1812 5244 2046 5305 ΥΑΙΗᾸΞ
2085 5246 2487 5312 LECTIONES.

610 5457 850 5532 (lO)Kal.
864 5449 1017 5520 οὗτος
1018 5457 1139 5532 μὴν
1159 5460 1315 5532 ἕκτος
1333 5458 1480 5532 ἐστὶν
1497 5456 1646 5532 at)th
1670 5457 1995 5532 °an._t,57,
2018 5458 2114 5532 τῷ.
2186 5444 2190 5448 ’
2299 5461 2410 5531 (l2)
2440 5460 2568 5532 an.
2592 5476 2644 5532 Δ1.
2678 5460 2737 5514 41
2771 5480 2784 5514 :
2816 5459 3197 5532 Καὶίὲγένετο,
3232 5456 3309 5520 ὡς
3345 5454 3586 5532 ᾗ-κουσεν
3611 5460 3643 5528 ὴ
3682 5456 3802 5510 Ἐλιρ

613 5526 726 5601 (ll)
760 5528 894 5601 Luc.
948 5528 1106 5601 t,_59.
1149 5528 1241 5601 Ἑν
1271 5531 1403 5601 ⁸ταῖς
1453 5526 1690 5601 ἡμέραις
1744 5528 1994 5601 ταύταις.
2030 5526 2108 5581 lta
2219 5526 2402 5586 cacas
2437 5531 2534 5583 τὸν
2580 5529 2872 5601 ἀσπασμὸν
2905 5526 3007 5601 τῇς
3037 5528 3257 5601 Μαρίας
3280 5542 3293 5555 ’
3326 5526 3425 5601 ΔΕιΔ
3469 5526 3676 5594 factum
3709 5539 3800 5590 est,

543 5599 607 5659 de
636 5597 870 5652 Mattlizei
905 5608 959 5651 et
998 5597 1217 5651 Sclntlz.
1268 5596 1755 5652 l’etrus'Sabatier
1801 5599 1977 5651 imntit
2021 5614 2109 5650 (τοο
2220 5614 2272 5656 ut
2304 5602 2503 5654 audivit
2528 5596 2904 5655 salutationem
2943 5596 3461 5654 Mariw'ElisabetIt.

545 5669 717 5735 (licent
770 5683 873 5722 tus.
925 5668 1146 5727 haberi,
1219 5668 1306 5720 ubi
1362 5667 1557 5734 legitur
1610 5668 1666 5718 ἐν
1707 5670 1824 5729 ταῖς
1873 5667 2110 5735 ἡμέραις

548 5730 784 5799 ἐκείναις
813 5753 829 5803 ;
861 5737 984 5790 huic
1012 5737 1227 5789 lectioni
1268 5730 1597 5803 Sttmligallll‘
1630 5730 1904 5803 Antipatri
1919 5730 2109 5802 locus;

550 5818 678 5882 εειδο
715 5821 818 5862 non
849 5806 1017 5871 gratis
1048 5807 1106 5877 in
1136 5805 1357 5874 Vulgata
1404 5808 1621 5875 lcgitur,
1655 5807 1704 5859 in
1746 5809 1926 5861 diibus
1978 5808 2108 5863 illis.

613 5318 656 5351 ⁸⁸
683 5317 818 5373 Cod.
852 5316 1031 5380 ἕκτος.
1111 5317 1153 5351 ιθ
1179 5317 1309 5374 Cod.
1342 5316 1604 5397 συγγενῆ.

2289 5671 2402 5739 (Η)
2455 5670 2585 5724 Luc.
2653 5686 2690 5735 ι,
2747 5670 2867 5725 ωε
2924 5668 3034 5724 Καὶ
3082 5665 3435 5737 ἀνεφώνησεν
3495 5669 3650 5736 φωνῇ
3706 5682 3803 5736 με·

2217 5742 2381 5813 γάλῃ,
2416 5758 2466 5793 κ.
2495 5756 2543 5792 τ.
2579 5739 2609 5789 λ
