4014 6122
455 302 585 366 1757
1433 305 1845 365 ANTIPATRI
1887 302 2351 364 BOSTRENSIS
2391 297 2729 360 EPISCOPI
3604 291 3752 352 175:3

453 434 573 487 que
603 419 747 472 dicta
781 418 883 474 sibi
914 416 1131 474 fuerant
1165 432 1263 489 per
1291 417 1461 472 illud:
1520 417 1687 472 Beata
1716 435 1833 488 qum
1857 417 2026 473 credi-

2141 417 2297 473 ξσται
2329 414 2639 477 τελείωσις
2678 410 2801 476 τοῖς
2830 407 3192 476 ,ιαληθεῑσιν
3227 403 3384 473 αὐτῇ
3423 405 3597 471 παρὰ
3630 407 3753 457 Κυ-

453 510 604 573 disti,
655 512 906 579 quoniam
952 510 1295 579 perﬁciantur
1331 525 1450 578 qna'
1504 509 1644 562 dicta
1685 517 1807 562 sunt
1854 508 1950 562 tibi
1994 525 2028 563 α

2141 508 2288 576 ρίου,
2319 507 2634 575 φάσκουσα·
2666 502 3009 573 Μεγαλύνει
3047 501 3086 568 ἡ
3118 497 3291 568 ψυχή
3327 514 3448 566 μου
3484 495 3611 548 τὸν
3637 495 3757 549 K1?-

458 601 683 653 Domino
710 609 755 653 ⁸.
797 599 1003 655 Deinde
1050 616 1157 655 non
1211 602 1423 655 beatam
1475 599 1718 653 vicissim
1771 601 2030 669 praedicat

2141 615 2284 666 ριον.
2316 598 2545 651 Ἔπειτα
2581 596 2682 649 οὐκ
2726 593 3036 649 ἀντιδίδωσι
3071 588 3453 661 μακαρισμὸν,
3505 587 3616 639 ἵνα
3675 585 3757 655 μὴ

458 689 754 751 Elisabeth,
789 704 857 744 ne
889 689 1162 759 exaequari
1199 704 1262 744 ea
1306 690 1641 753 videremur,
1676 704 1797 756 qua:
1832 688 2027 743 mirum

456 790 721 849 quantum
758 781 988 835 invicem
1019 781 1290 839 dilTeraut.
1347 782 1518 848 Quam
1555 782 1699 835 enim
1749 795 2031 849 compara-

459 872 659 926 tionem
694 886 883 927 servus
906 874 974 927 ad
1012 873 1316 935 dominum.
1346 888 1443 927 seu
1485 886 1717 942 persona
1750 872 1935 925 militis
1962 869 2032 925 ad

458 963 661 1031 regiam
689 964 1025 1033 maiestatem
1064 964 1229 1018 habet
1257 964 1281 1017 ?
1308 963 1573 1029 Quocirca
1606 964 1778 1017 beata:
1811 963 2029 1031 quidem

460 1052 573 1119 ipsa
605 1054 1044 1122 prmdicationem
1087 1053 1270 1119 habet,
1333 1055 1431 1107 sed
1482 1053 1657 1106 laudis
1690 1053 1918 1124 gloriam
1976 1052 2030 1106 iu

463 1142 748 1196 Dominum
810 1143 999 1208 refert,
1060 1144 1284 1199 dicens:
1347 1143 1665 1214 Magniﬁcat
1706 1144 1884 1197 anima
1916 1158 2033 1197 mea

458 1232 767 1287 Dominum.
805 1233 1252 1304 Quandoquidem
1277 1235 1423 1289 enim
1453 1245 1652 1303 praeter
1681 1248 2030 1289 communem

462 1335 672 1378 natura:
718 1324 965 1379 ordinem
1008 1326 1059 1377 in
1095 1336 1273 1392 utero,
1302 1326 1454 1395 virgo
1498 1324 1785 1389 exsistens,
1834 1339 2033 1393 corpo-

461 1415 650 1469 raliter
677 1424 1024 1482 couceperat,
1053 1415 1435 1486 corporaliter,
1472 1417 1717 1485 inquam,
1750 1417 1948 1485 quippe
1978 1415 2032 1470 in

459 1521 704 1574 corpore,
739 1507 835 1560 sed
892 1507 1273 1576 spiritualiter,
1335 1507 1459 1576 quia
1511 1510 1631 1562 sine
1667 1505 1769 1560 viri
1795 1520 2036 1560 commu-

459 1597 661 1662 niuue;
696 1606 936 1650 attamen
969 1598 1224 1665 quoniam
1262 1598 1313 1650 iu
1340 1612 1564 1666 corpore
1596 1597 1862 1665 completa
1915 1594 2033 1650 fue—

463 1697 551 1740 rat
588 1688 909 1741 admiranda
937 1687 1025 1740 illa
1058 1687 1414 1756 dispensatio,
1453 1689 1567 1754 ipsa
1605 1688 1739 1740 dicit
1771 1704 1784 1740 :
1826 1685 2036 1757 Magni-

2134 687 2231 745 ἶσα
2282 691 2507 759 γένηται
2552 688 2619 741 τὰ
2650 686 2981 757 πράγματα,
3036 684 3290 735 πλεῖστον
3339 681 3464 733 ὅσον
3510 676 3752 745 διεστη-

2137 782 2273 835 κότα
2301 783 2366 835 η.
2392 780 2560 833 Ποίαν
2588 778 2695 848 γὰρ
2742 776 2856 847 ἔχει
2906 775 3195 846 σύγκρισιν
3238 771 3425 834 δοῦλος
3457 770 3615 839 πρὸς
3655 769 3758 820 τὸν

2136 872 2425 943 δεσπότην,
2456 873 2489 941 ἢ
2524 866 2917 941 στρατιωτικὸν
2950 866 3244 938 πρόσωπον
3288 863 3424 934 πρὸς
3457 859 3761 931 βασιλέως

2139 961 2358 1031 ἀξίωμα
2383 980 2397 1027 ;
2426 959 2591 1015 Ὅθεν
2639 958 3007 1030 μακαρίζεται
3042 956 3162 1027 μὲν,
3195 953 3517 1020 ἀναπέμπει
3554 950 3623 1003 δὲ
3671 951 3761 1011 εἰς

2138 1055 2228 1107 τὸν
2263 1054 2467 1124 Κύριον
2505 1054 2605 1120 τὴν
2640 1050 2967 1118 δοξολογίαν,
3010 1048 3325 1117 φάσκουσα·
3382 1042 3760 1111 Μεγαλύνει

2140 1146 2179 1212 ἡ
2222 1143 2393 1213 ψυχή
2424 1160 2546 1212 μου
2590 1141 2696 1195 τὸν
2739 1144 2980 1208 Κύριον.
3026 1137 3250 1206 Ἐπειδὴ
3294 1134 3402 1207 γὰρ
3453 1132 3759 1204 παρθένος

2138 1235 2275 1290 οὖσα
2303 1236 2361 1287 ἐν
2402 1233 2602 1304 γαστρὶ
2635 1229 2967 1301 σωματικῶς
3011 1229 3166 1298 παρὰ
3196 1227 3296 1298 τὴν
3340 1224 3532 1296 κοινὴν
3610 1241 3758 1277 συνο

2141 1324 2448 1396 ελάμὸανεν
2481 1324 2664 1393 φύσιν,
2702 1318 3035 1392 σωματικῶς
3056 1317 3264 1389 μέντοι,
3290 1318 3366 1379 ὡς
3395 1316 3455 1367 ἐν
3486 1312 3753 1385 σώματι.

2141 1413 2527 1485 πνευματικῶς
2543 1411 2622 1475 δέ,
2636 1410 2718 1464 ὃτι
2733 1409 2862 1464 ἄνευ
2876 1406 3165 1469 κοινωνίας
3182 1421 3197 1435 ·
3217 1405 3366 1475 ὅμως
3386 1402 3443 1454 δὲ
3470 1398 3685 1470 ἐπειδὴ
3708 1399 3757 1430 ’⁸

2145 1509 2203 1561 ἐν
2262 1506 2474 1576 σώματι
2511 1502 2726 1572 ἐγένετο
2767 1501 2829 1555 τὸ
2880 1496 3207 1570 παραδόξως
3245 1494 3753 1564 οἰκονομούμενοι),

2142 1598 2338 1667 φησίν·
2382 1594 2721 1663 Μεγαλύνει
2766 1591 2806 1658 ei
2845 1589 3016 1660 ψυχή
3043 1605 3165 1657 μου
3196 1586 3306 1641 τὸν
3331 1586 3587 1652 Κύριον.
3622 1582 3755 1636 Κᾶν

2141 1688 2251 1757 γὰρ
2281 1688 2337 1739 ἐν
2364 1684 2441 1755 τῷ
2477 1682 2595 1754 ἐμῷ
2641 1681 2855 1751 σώματι
2905 1679 3199 1751 θαυμαστὰ
3253 1674 3753 1744 ἐπαγγειλάμενος

460 1778 587 1846 ficat
608 1779 785 1831 anima
812 1794 926 1832 mea
950 1777 1252 1833 Dominum.
1290 1778 1401 1832 Etsi
1426 1784 1591 1845 enim,
1625 1780 1820 1849 inquit,
1853 1780 2034 1849 utique

2141 1777 2273 1840 Θεὸς
2316 1776 2611 1847 ἐνεργήσῃ,
2645 1772 2785 1826 ἀλλά
2835 1771 2900 1840 γέ
2946 1788 3074 1841 μοι.)⁹
3108 1768 3296 1839 φησιν,
3346 1768 3379 1837 ἡ
3416 1766 3601 1835 ψυχὴ,
3642 1764 3754 1816 οὐκ

462 1868 514 1921 in
546 1870 849 1923 substantia
882 1869 981 1923 hac
1008 1884 1125 1923 mea
1158 1884 1419 1939 corporea
1464 1871 1603 1925 Deus
1626 1886 1683 1926 se
1719 1871 2033 1925 admiranda

459 1957 778 2014 elTecturum
807 1961 1221 2029 signiﬁcaverit,
1246 1977 1308 2015 ac
1339 1976 1501 2030 porro
1523 1959 1784 2027 cﬂccerit,
1814 1970 2036 2017 atcerte

472 2063 654 2100 coram
688 2046 916 2101 Domino
934 2064 1107 2117 neque
1124 2049 1304 2103 anima
1340 2064 1456 2104 mea
1484 2060 1563 2104 est
1587 2049 1791 2103 fructus
1816 2064 2031 2117 expers.

461 2136 527 2191 Et
561 2151 690 2191 sane
726 2139 1020 2191 maximum
1054 2140 1273 2208 quidem
1328 2140 1586 2207 fructum,
1612 2150 1770 2210 prout
1801 2141 1914 2210 ipsa
1958 2141 2037 2195 in-

460 2229 706 2297 quiebas,
743 2230 1103 2296 oElisabetlt,
1161 2247 1357 2301 corpus
1424 2234 1725 2301 prazbcbit;
1782 2243 1837 2288 tu
1891 2234 2033 2288 enim

464 2322 593 2375 mihi
621 2322 843 2376 dixisti:
875 2321 1197 2378 Benedictus
1228 2326 1430 2394 [ructus
1449 2327 1642 2379 ventris
1667 2328 1787 2392 tui;
1824 2341 2035 2380 verum-

465 2423 642 2466 tamen
674 2411 941 2478 ejusmodi
972 2413 1183 2469 fructus
1213 2417 1428 2470 censeri
1457 2417 1599 2471 haud
1632 2429 1810 2487 potest
1845 2419 1898 2472 in
1934 2433 2032 2473 vo-

463 2503 687 2559 luntatis
718 2520 851 2558 meae
880 2512 1026 2559 recte
1056 2504 1239 2571 factis,
1264 2509 1357 2561 sed
1382 2522 1516 2576 opus
1538 2519 1622 2563 est
1647 2507 1740 2563 Dei
1774 2523 1892 2577 qua:
1910 2517 2037 2564 sunt

463 2613 626 2667 supra
697 2608 946 2652 naturam
1002 2600 1054 2654 in
1106 2613 1189 2653 me
1225 2600 1551 2656 mirabiliter
1596 2601 1898 2656 eﬂicientis.
1932 2600 2037 2655 Par

460 2699 547 2743 est
592 2701 770 2744 autem
806 2699 862 2745 ut
918 2690 1079 2745 etiam
1117 2690 1415 2747 voluntatis
1458 2692 1691 2747 fructum
1721 2694 2031 2762 proferam;

462 2782 596 2833 adeo
633 2789 689 2834 ut
726 2796 830 2836 non
861 2782 1025 2836 modo
1058 2796 1258 2850 Corpus
1294 2797 1473 2836 meum
1505 2781 1819 2848 fructiﬁcet,
1851 2784 2036 2839 sed~et

463 2871 642 2924 anima
674 2888 792 2927 mea
831 2872 938 2927 Deo
964 2875 1015 2927 in
1048 2890 1134 2928 me
1161 2875 1430 2929 mirabilia
1486 2876 1735 2945 operanti
1796 2873 2032 2929 fructum

464 2963 651 3016 libera:
681 2963 973 3017 voluntatis
1030 2964 1222 3018 otierat
1254 2982 1270 3031 ;
1316 2966 1434 3019 ideo
1463 2965 1674 3035 inquit:
1728 2964 2035 3035 Magniﬁcut

461 3053 642 3106 anima
678 3068 791 3104 mea
831 3051 1162 3116 Dominum;
1204 3055 1411 3108 scilicet
1442 3071 1547 3110 non
1598 3057 1758 3109 modo
1811 3071 2032 3122 corpus,

2142 1868 2289 1922 ἔστιν
2316 1868 2566 1937 ἄκαρπος
2610 1864 2746 1936 πρὸς
2780 1864 2872 1919 τὸν
2902 1861 3127 1934 Κύριον.
3156 1860 3230 1912 Τὸ
3266 1859 3368 1929 μέν
3409 1860 3524 1927 γὰρ
3573 1856 3751 1926 σῶμα

2142 1960 2354 2031 καρπὸν
2406 1960 2663 2030 μέγιστον
2707 1958 2850 2011 κατὰ
2880 1954 2969 2008 τὸν
3018 1954 3132 2017 σὸν,
3181 1952 3370 2022 φησὶν,
3415 1948 3748 2013 Ἐλισὰὁετ,

2140 2053 2297 2121 λόγον
2341 2050 2621 2122 προσοίσει
2648 2065 2661 2078 ·
2699 2050 2763 2102 σὺ
2803 2048 2911 2117 γάρ
2946 2063 3039 2117 μοι
3089 2044 3273 2111 ἔλεγες
3301 2060 3314 2073 ⁸
3348 2041 3675 2109 Μακάριος
3713 2043 3749 2094 ό

2141 2143 2373 2212 καρπὸς
2407 2140 2516 2209 τῆς
2563 2139 2798 2205 κοιλίας
2823 2156 2939 2192 σου
2967 2154 2984 2168 ·
3014 2136 3130 2190 ἀλλ’
3159 2137 3310 2206 ὅμως
3351 2126 3508 2195 οὗτος
3537 2136 3574 2186 ὁ
3602 2148 3747 2202 καρ-

2143 2235 2244 2298 πὸς
2263 2237 2323 2287 οὔ
2352 2233 2451 2303 τῆς
2475 2231 2616 2302 ἐμῆς
2646 2229 3018 2303 προαιρέσεως
3048 2224 3403 2297 κατόρθωμα,
3427 2224 3574 2278 ἀλλὰ
3598 2223 3742 2277 Θεοῦ

2140 2325 2236 2381 τοῦ
2281 2322 2826 2395 θαυματουργοῦντος
2853 2321 2912 2373 ὲν
2951 2319 3075 2388 ἐμοὶ
3100 2318 3171 2370 τὰ
3213 2316 3356 2386 ὑπὲρ
3392 2315 3581 2384 φύσιν.
3613 2313 3740 2384 Χρὴ

2141 2418 2198 2472 δέ
2252 2434 2319 2488 με
2366 2416 2461 2470 καὶ
2494 2413 2867 2487 προαιρέσεως
2914 2410 3130 2481 καρπὸν
3176 2409 3607 2479 προσενεγκεῖν·
3646 2406 3737 2458 ἵνα

2145 2507 2222 2580 μὴ
2250 2507 2412 2579 μόνον
2442 2505 2503 2558 τὸ
2551 2503 2714 2575 σῶμά
2760 2520 2864 2573 μου
2910 2501 3335 2573 καρποφορήσῃ,
3384 2498 3524 2551 ἀλλὰ
3570 2497 3672 2549 καὶ
3699 2499 3734 2565 ἠ

2140 2601 2285 2671 ψυχή
2317 2614 2418 2669 μου
2440 2597 2531 2650 τὸν
2551 2594 2929 2666 προαιρετικὸν
2951 2593 3164 2664 καρπὸν
3178 2592 3255 2663 τῷ
3280 2594 3338 2644 ἐν
3361 2592 3486 2660 ἐμοὶ
3507 2590 3614 2643 θαυ
3623 2607 3735 2659 μα-

2141 2689 2463 2763 τουργοῦντι
2486 2687 2604 2758 Θεῷ
2624 2686 2950 2755 προσαγάγῃ
2972 2702 2987 2717 ο
3009 2684 3104 2738 καί
3128 2701 3262 2753 φησι
3287 2701 3301 2715 ·
3325 2684 3669 2752 Μεγαλύνει
3693 2682 3733 2747 ἠ

2141 2781 2312 2852 ψυχή
2339 2797 2461 2850 μου
2489 2780 2596 2833 τὸν
2615 2779 2861 2847 Κύριον·
2886 2778 2947 2829 οὐ
2982 2778 3142 2847 μόνον
3172 2776 3233 2829 τὸ
3255 2774 3438 2846 σῶμα,
3470 2773 3614 2828 ἀλλὰ
3634 2772 3734 2825 καὶ

2143 2875 2177 2943 ἡ
2209 2872 2354 2942 ψυχή
2391 2888 2514 2940 μου·
2546 2870 2713 2922 ὀσον
2760 2869 2868 2938 γὰρ
2902 2866 3287 2937 ὑπηρετοῦμαι
3325 2866 3549 2936 μεγάλῳ
3590 2862 3733 2916 θαύ-

2146 2980 2275 3033 ματι
2296 2964 2390 3015 καὶ
2419 2958 2827 3032 κατορθώματι,
2853 2958 3105 3013 τοσοῦτον
3127 2957 3328 3026 ὀφείλω
3352 2955 3545 3029 πρώτῃ
3574 2955 3734 3022 δοξά-

2144 3053 2256 3120 ζειν
2289 3054 2381 3107 τὸν
2414 3055 2470 3107 ἐν
2500 3055 2625 3122 ἐμοὶ
2653 3052 2932 3125 παράδοξα
2963 3051 3315 3121 ἐνεργοῦντα.

461 3142 555 3194 sed
593 3140 757 3193 etiam
787 3141 969 3193 anima
994 3153 1132 3192 mea.
1168 3140 1443 3204 Quantum
1494 3142 1637 3194 enim
1707 3142 1987 3196 deservire
2053 3152 2106 3196 et
2147 3143 2349 3212 ingenti
2405 3142 2669 3197 miraculo
2716 3151 2772 3197 et
2828 3151 2976 3196 recte
3023 3141 3188 3196 iactis
3242 3140 3375 3195 mihi
3427 3140 3726 3207 contingit,

465 3234 798 3289 tantumdem
852 3232 1159 3303 glorificare
1209 3246 1355 3298 eum,
1414 3234 1504 3303 qui
1559 3242 1822 3304 operatur
1854 3235 1909 3289 in
1941 3249 2026 3288 me
2067 3244 2338 3304 portenta,
2371 3247 2497 3289 ante
2531 3234 2716 3289 omnia
2745 3235 2937 3289 debeo.

531 3324 675 3380 XIX.
709 3322 779 3377 Et
827 3324 1109 3379 exsultavit
1144 3323 1362 3390 spiritus
1393 3341 1535 3378 meus
1579 3326 1631 3377 in
1672 3323 1779 3378 Deo
1812 3325 2034 3379 salutari

2212 3326 2309 3381 16'.
2339 3325 2451 3381 Καὶ
2483 3326 2821 3397 ἠγαλλίασε
2853 3323 2920 3377 τὸ
2948 3323 3186 3394 πνεῦμὰ
3207 3340 3325 3391 μου
3358 3320 3456 3374 ἐπὶ
3478 3319 3557 3385 τῷ
3593 3320 3729 3387 Θεῷ

462 3429 672 3482 mean;
730 3431 882 3470 meus
934 3416 1078 3468 enim
1120 3414 1376 3468 Salvator
1432 3414 1574 3469 Deus
1634 3425 1737 3469 est.
1803 3414 2037 3484 Spiritus

464 3527 631 3573 meus,
658 3507 855 3576 duplici
904 3506 1111 3560 scilicet
1141 3508 1359 3560 nomine
1386 3506 1634 3575 designat
1672 3521 1823 3561 suam
1870 3507 2039 3575 ipsius

465 3601 720 3652 animam.
764 3596 1089 3661 Exsultavit,
1152 3597 1345 3665 inquit,
1394 3598 1610 3664 spiritus
1668 3613 1858 3663 meus;
1904 3612 2039 3666 quo-

467 3691 611 3743 niam
647 3697 756 3740 tam
785 3686 980 3757 amplis
1014 3688 1170 3742 donis
1205 3687 1365 3754 digna
1399 3688 1622 3743 habeor.
1651 3686 1721 3742 1η
1750 3689 1858 3742 Deo
1894 3689 2040 3742 salu-

467 3780 573 3833 tari
599 3794 731 3844 meo,
767 3780 869 3834 hoc
900 3788 1002 3844 est,
1038 3777 1182 3835 Deus
1208 3780 1408 3834 mundo
1463 3778 1800 3835 Salvatorem
1848 3795 1915 3835 ex
1954 3794 2040 3835 me

466 3873 714 3926 largitur.

537 3889 547 3902 ·
590 3889 714 3926 Itur.

537 3889 680 4025 ἔπεα
726 3959 949 4028 respexit
1003 3958 1357 4014 humilitatem
1408 3959 1618 4013 ancillae
1648 3960 1845 4014 ειιωδ.
1896 3960 2037 4025 Quid

466 4051 610 4106 enim
638 4066 756 4104 sum
790 4066 910 4118 ego,
939 4050 983 4105 si
1006 4066 1128 4105 cum
1175 4060 1324 4105 tanto
1377 4065 1541 4119 opere
1579 4050 1880 4106 conteror?
1919 4048 2037 4120 Ipse

470 4146 711 4213 respexit
739 4161 754 4211 ;
786 4159 887 4215 ego
933 4160 1000 4199 ne
1039 4145 1312 4215 suSpicata
1349 4145 1565 4213 quidem
1608 4145 1660 4198 id
1716 4159 1874 4209 sum;
1916 4158 2043 4197 nam

468 4237 677 4305 abiecta
709 4252 809 4304 ego
842 4251 990 4290 eram
1028 4247 1080 4292 et
1110 4245 1440 4305 contempta,
1472 4250 1572 4290 nec
1600 4234 1745 4289 aliud
1768 4235 2043 4303 quidpiam

467 4326 712 4395 cogitare
742 4335 982 4395 poteram
1016 4334 1376 4395 praeterquam
1408 4325 1586 4380 virum
1635 4326 1957 4393 advenisse;
1990 4334 2047 4379 at

467 4433 567 4487 pro
620 4419 738 4472 viro
799 4417 1110 4486 supervenit
1164 4418 1399 4487 Spiritus
1455 4429 1713 4473 sanctus:
1758 4427 1959 4472 eterra
1991 4419 2043 4472 iu

2148 3415 2226 3481 τῷ
2262 3416 2493 3485 Σωτῆρι
2520 3434 2640 3486 μου
2667 3432 2681 3449 ·
2712 3415 2906 3487 Σωτήρ
2945 3432 3048 3485 μου
3077 3415 3185 3486 γάρ
3217 3416 3364 3467 ἐστιν
3391 3412 3421 3466 ὁ
3454 3410 3616 3474 Θεός.
3652 3411 3727 3465 Τὸ

2144 3508 2291 3578 ἐμὸν
2318 3509 2592 3577 πνεῦμα·
2637 3506 2830 3570 διττῶς
2863 3506 3205 3577 ὀνομάζουσα
3234 3505 3333 3577 τὴν
3381 3503 3586 3573 ἑαυτῆς
3619 3502 3727 3573 ψυ-

2146 3599 2267 3671 χήν.
2320 3599 2739 3668 Ἠταλλίασεν,
2770 3598 2924 3667 φησὶ,
2962 3597 3024 3651 τὸ
3047 3597 3286 3666 πνεῦμά
3308 3613 3461 3665 μου·
3496 3595 3723 3663 ἐπειδή-

2146 3707 2253 3761 περ
2273 3689 2534 3745 τοιούτων
2560 3690 2951 3760 καταξιοῦμαι.
2976 3689 3101 3743 Ἐπὶ
3127 3688 3206 3754 τῷ
3235 3689 3359 3754 Θεῷ
3382 3687 3465 3754 τῷ
3494 3687 3723 3755 Σωτῆρὶ

2138 3798 2279 3851 μου,
2310 3781 2338 3833 ὅ
2363 3783 2532 3847 ἐστιν,
2559 3783 2587 3834 ὁ
2619 3780 2754 3846 Θεὸς
2784 3781 3012 3852 Σωτῆρα
3045 3781 3105 3848 ἐξ
3137 3780 3276 3852 ἐμοῦ
3304 3780 3383 3852 τῷ
3409 3783 3602 3850 κόσμῳ
3625 3795 3719 3850 χα-

2142 3869 2444 3942 ριζόμενος.

2215 3959 2345 4013 Ὅτι
2387 3958 2728 4029 ἐπέϐλεψεν
2765 3960 2865 4014 ἐπὶ
2897 3959 3014 4028 τὴν
3044 3958 3413 4015 ταπείνωσιν
3449 3960 3561 4029 τῆς
3585 3960 3716 4013 6οέ-

2139 4053 2257 4117 λης
2280 4050 2469 4105 αὐτοῦ
2507 4052 2574 4106 ¹¹.
2616 4052 2713 4116 Τίς
2740 4052 2850 4123 γάρ
2880 4053 2997 4122 ειμι
3030 4051 3142 4119 ἐγὼ
3173 4052 3312 4123 πρὸς
3340 4052 3596 4106 τοσοῦτον
3634 4052 3720 4122 ἕρ-

2139 4157 2269 4210 γον;
2304 4142 2475 4205 Αὐτὸς
2513 4140 2848 4210 ἐπέόλεψεν·
2882 4141 2984 4194 οὐκ
3023 4140 3136 4209 ἐγὼ
3165 4141 3583 4213 προσεδόκησα·
3628 4158 3719 4194 ταί

2141 4232 2301 4304 πεινὴ
2326 4233 2434 4305 γὰρ
2457 4233 2628 4303 ἥμην,
2653 4232 3045 4303 ἅπερῤιμμένη
3074 4234 3142 4299 ²¹,
3167 4232 3320 4285 οὐδὲν
3347 4232 3538 4303 ἕτερον
3564 4234 3719 4286 ἐπεκ-

2139 4325 2426 4395 δεχομένη,
2467 4325 2500 4394 ἢ
2544 4323 2737 4394 ἀνδρὸς
2778 4324 3119 4394 παρουσίαν·
3149 4323 3275 4378 ἀντὶ
3326 4323 3522 4394 ἀνδρὸς
3551 4325 3718 4391 ἀπέρ⁴

2141 4433 2295 4485 χεται
2322 4414 2541 4486 Πνεῦμα
2560 4415 2714 4484 ἅγιον
2733 4430 2748 4446 ·
2776 4415 2884 4468 ἀπὸ
2903 4415 3009 4485 γῆς
3026 4416 3108 4479 εἰς
3130 4415 3363 4485 οὐρανὸν
3388 4415 3716 4484 μεταϐαίνω,

466 4507 663 4564 malum
696 4496 934 4573 transeo,
963 4515 1019 4562 et
1053 4508 1119 4562 ad
1159 4509 1582 4562 tninistrandum
1640 4508 1896 4563 inelfabili
1928 4509 2034 4564 dis-

2143 4508 2239 4560 καὶ
2263 4508 2343 4569 εἰς
2369 4506 2609 4578 ἄρρητον
2632 4507 2957 4576 οἰκονομίαν·
2978 4506 3209 4576 ἕλκομαι
3229 4523 3242 4537 ·
3274 4506 3364 4559 διὰ
3388 4508 3572 4570 τοῦτο,
3620 4507 3716 4559 ἐπ-

468 4597 771 4668 pensationi
804 4598 1061 4653 asciscor.
1103 4595 1414 4667 Propterea,
1444 4599 1669 4667 respexit
1691 4597 2039 4654 humilitatem

466 4688 675 4742 ancilla:
701 4704 830 4741 suae.

537 4777 658 4834 XX.
693 4778 829 4833 Ecce
861 4778 998 4833 enim
1023 4794 1089 4833 ea:
1128 4777 1225 4833 hoc
1273 4778 1479 4833 beatam
1524 4794 1605 4833 me
1637 4780 1810 4834 diceat
1859 4792 2038 4847 omnes

467 4871 831 4941 generationes
857 4880 883 4909 ο
904 4909 923 4931 .
994 4870 1062 4925 Ει
1087 4885 1147 4926 se
1176 4870 1293 4940 ipsa
1328 4871 1547 4926 beatam
1580 4871 1836 4941 praedicat
1864 4890 1879 4939 ;
1930 4885 2039 4925 non

470 4963 623 5030 quasi
683 4978 749 5018 ex
797 4977 893 5016 ore
953 4963 1172 5032 proprio
1207 4965 1454 5033 loquens,
1505 4963 1597 5017 sed
1646 4963 1713 5017 ad
1765 4963 2037 5032 specimen

473 5051 710 5120 Spiritus
756 5051 950 5114 sancti,
1004 5051 1096 5120 qui
1143 5053 1196 5106 iu
1246 5067 1367 5106 eam
1429 5061 1838 5122 supervenerat,
1869 5051 2029 5106 verba

474 5141 606 5194 facit
639 5155 705 5197 ac
753 5141 1104 5208 vaticinatur,
1162 5143 1447 5210 inquiens:
1498 5141 1634 5197 Ecce
1660 5143 1792 5218 enim
1833 5159 1898 5196 ea:
1940 5151 2030 5204 hac

474 5234 677 5285 beatam
713 5247 794 5286 me
814 5232 986 5287 dicent
1010 5248 1185 5287 omnes
1242 5234 1624 5302 generationes,
1668 5237 1860 5288 nedum
1896 5246 2026 5301 pro-

538 5330 563 5359 ι
587 5321 723 5376 Luc.
753 5337 792 5387 I,
818 5321 910 5391 45.
983 5332 1013 5362 ι
1035 5322 1165 5378 ibid.
1198 5321 1279 5378 Π.
1308 5384 1311 5387 Α
1353 5322 1383 5363 δ
1411 5323 1541 5378 ibid.
1574 5321 1665 5377 48.
1729 5333 1753 5362 ο
1782 5321 1914 5376 ibid.

2145 4598 2408 4667 έόλεψεν
2459 4598 2560 4653 ἐπὶ
2617 4597 2736 4667 τὴν
2770 4598 3136 4653 ταπείνωσιν
3172 4597 3285 4666 τῆς
3330 4596 3564 4665 δούλης
3614 4599 3717 4650 αὑ·-

2144 4690 2251 4746 τοῦ
2277 4690 2344 4745 ³³.

2215 4780 2303 4835 ις’.
2345 4778 2501 4835 Ἰδοὺ
2533 4779 2643 4850 γὰρ
2674 4776 2792 4833 ἀπὸ
2824 4777 2934 4833 τοῦ
2971 4777 3091 4832 νῦν
3110 4777 3477 4848 μακαριώσί
3502 4793 3581 4846 με
3609 4774 3717 4833 πᾶα

2148 4888 2251 4928 σαι
2276 4872 2337 4924 at
2366 4870 2586 4940 γενεαί.
2607 4869 2715 4922 Καὶ
2745 4869 2946 4938 ἑαυτὴν
2980 4868 3306 4939 μακαρίζει·
3336 4867 3438 4920 οὐκ
3462 4868 3526 4918 ἐκ
3553 4865 3718 4934 γλώτ-

2141 4972 2241 5021 της
2265 4957 2521 5023 λαλοῦσα,
2561 4957 2697 5011 ἀλλὰ
2738 4956 2800 5011 τὸ
2835 4957 3018 5027 γεῦμα
3057 4956 3153 5010 τοῦ
3195 4956 3352 5026 ἁγίου
3379 4955 3715 5026 Πνεῦματος,

2141 5049 2237 5101 τοῦ
2288 5047 2610 5113 ἐπελθόντος
2654 5049 2816 5120 αὐτῇ,
2880 5050 3233 5121 παρεχομένη
3271 5049 3338 5115 ’⁸,
3370 5048 3466 5101 καὶ
3506 5064 3718 5116 προφηο

2142 5136 2377 5192 τεὺουσά
2406 5154 2591 5209 φησιν·
2624 5139 2781 5193 Ἰδοὺ
2812 5140 2923 5218 ςγὰρ
2945 5142 3064 5193 ἀπὸ
3090 5140 3196 5194 τοῦ
3215 5140 3332 5194 νῦν
3351 5138 3716 5208 μακαριοῦσι

2143 5244 2221 5298 με
2248 5226 2437 5286 πᾶσαι
2495 5232 2558 5301 α]
2583 5229 2805 5297 γενεαὶ)
2837 5233 2898 5299 οὐ
2934 5231 3000 5283 σὺ
3032 5230 3097 5300 δὴ
3130 5230 3288 5300 μόνη.
3322 5229 3459 5283 Ποία
3485 5228 3596 5300 γὰρ
3626 5245 3718 5298 γεο

1748 5410 1981 5466 VARUE
2026 5405 2428 5462 LECTIONES.

544 5507 586 5576 “f
622 5504 755 5558 Cod.
786 5503 1133 5576 διεστικῶτα.
1178 5506 1255 5576 ί¹⁰
1287 5504 1400 5561 Vox
1442 5505 1630 5576 ἐπειδή
1684 5505 1736 5558 in
1772 5504 2024 5576 margine
2073 5502 2261 5576 eadem
2314 5514 2472 5576 manu
2509 5497 3049 5576 asc_ript_a__imic_loco
3109 5502 3397 5576 inserenda
3446 5502 3560 5555 visa
3607 5510 3706 5576 est.

472 5574 514 5605 “
547 5575 680 5627 Cod.
714 5574 903 5627 αὑτοῦ.

1001 5574 1208 5647 ¹¹ᾼροι1.
1243 5578 1596 5647 ἀπερριμήνη
1619 5569 1643 5607 ’·
1686 5587 1737 5629 et
1770 5569 2078 5647 Tromutius
2120 5573 2335 5647 quidem
2370 5569 2457 5636 (ad
2478 5583 2532 5647 _v.
2576 5569 2927 5647 ἀπορρίπτω)
2976 5586 3159 5647 vocem
3192 5573 3521 5647 ἀπέρριμαι,
3560 5570 3707 5647 quasi

472 5641 527 5715 in
565 5642 773 5715 psalmo
801 5660 930 5705 xxx,
958 5660 1023 5715 v.‘
1050 5645 1119 5697 ‘25
1148 5638 1613 5715 legatur-{indicat
1642 5662 1659 5710 ;
1693 5653 1745 5697 at
1777 5659 1951 5715 neque
1981 5642 2032 5696 in
2074 5638 2234 5694 editis
2262 5653 2435 5715 neque
2475 5638 2531 5694 in
2567 5638 2914 5696 variantibus
2947 5642 3191 5697 codicum
3223 5638 3353 5702 mss;
3390 5638 3705 5699 lectionibus

474 5714 722 5769 invenire
749 5714 799 5768 id
827 5715 956 5768 mibi
993 5713 1161 5770 licuit.
1200 5709 1283 5747 ’²⁵
1316 5709 1448 5771 Gud.
1485 5716 1667 5769 αὑτοῦ.
1750 5714 1795 5746 ’³
1827 5709 1961 5770 Cod.
1995 5709 2400 5782 παρερχομένη·
3171 5733 3183 5741 ’
