4014 6122
303 324 436 388 1789

1043 325 1374 387 HOMILIA
1410 327 1494 388 ΙΝ
1527 309 1630 387 SS.
1659 327 2012 387 DEiPAR.’E
2040 328 2757 392 ANNUNTIATIONEM.

3420 327 3556 390 1790

299 440 391 494 vei:
417 439 477 506 ἐξ
493 435 700 490 ἐκείνου
715 436 814 509 τὴν
835 438 1074 510 Μαριὰμ
1093 439 1154 492 οὐ
1179 436 1479 509 μακαρίζει
1506 439 1574 503 ’⁸,
1598 438 1696 508 τὴν
1717 441 1874 491 ἀπει-

1983 441 2124 495 fecto
2157 451 2212 496 tu
2242 440 2378 496 sola.
2435 441 2500 496 Et
2543 455 2677 496 sane
2706 453 2959 508 quaenam
3013 448 3217 494 extunc
3280 445 3556 508 generatio

307 529 539 605 ρύγαμον
571 525 694 580 κατ’
717 526 906 599 ἄνδρα,
936 527 1197 598 θεοφόρον
1225 527 1280 580 δὲ
1310 527 1451 580 κατὰ
1483 527 1738 598 πνεῦμα;
1767 527 1877 581 Καὶ

303 617 596 690 προέλαϐεν
627 618 728 689 μὲν
759 621 786 673 ὁ
829 618 986 686 λόγος
1014 619 1114 689 τῆς
1165 619 1504 692 προφητείας
1527 636 1542 652 ο
1579 619 1876 691 ἡλήθευσεν

298 709 351 766 δὲ
378 711 410 782 ἠ
443 709 666 774 ἔκϐασις
700 711 834 782 πρὸς
859 711 953 764 τὸν
986 709 1168 778 λόγον.

363 891 496 944 KA'.
562 889 683 944 Ὅτι
725 889 976 958 ἐποίησέ
1007 909 1111 962 μοι
1165 893 1455 963 μεγαλεῖα
1514 895 1548 948 ὁ
1591 893 1872 962 δυνατός.

303 983 422 1047 Πῶς
443 983 553 1054 γὰρ
575 983 634 1036 οὐ
679 983 968 1053 μεγαλεῖα;
993 986 1117 1038 Ὅτι
1157 985 1423 1056 παρθένος
1471 979 1605 1039 οὖσα
1635 985 1874 1056 συλλαμ-

307 1075 466 1140 ὅάνω,
493 1076 778 1145 ὑπερϐἅσα
809 1076 1108 1148 βουλήματι
1135 1077 1268 1130 Θεοῦ
1295 1077 1394 1148 τὴν
1421 1076 1602 1146 φύσιν,
1627 1077 1718 1130 καὶ
1745 1092 1876 1128 κατ-

307 1165 598 1237 αξιουμένη
652 1169 781 1220 ἄνευ
832 1168 1024 1240 ἀνδρὸς
1081 1169 1178 1238 οὐχ
1236 1169 1424 1232 ἁπλῶς
1476 1163 1616 1223 εἶναι
1667 1167 1872 1238 μήτηρ,

304 1257 435 1312 ἀλλὰ
465 1257 681 1312 καὶτοῦ
719 1260 885 1328 μόνου
923 1259 1171 1332 Σωτῆρος
1199 1254 1338 1312 εἶναι
1372 1259 1580 1331 μήτηρ.

370 1441 554 1510 Λέγει,
588 1443 620 1496 ό
648 1439 938 1508 δυνατός·
975 1439 1272 1513 ἐπειδήπερ
1307 1441 1662 1512 ἀπιστήσειεν
1693 1441 1758 1497 ἄν
1789 1458 1876 1506 τις

303 1527 433 1605 πρὸς
467 1534 560 1605 τὴν
600 1533 884 1604 ἐνέργειαν
920 1535 1018 1604 τῆς
1048 1532 1384 1604 συλλήψεως.
1423 1534 1486 1586 Ei
1517 1533 1626 1605 γὰρ
1665 1531 1873 1602 παρθέ-

303 1638 384 1685 νος
421 1616 554 1675 οὖσα
587 1621 847 1694 συλλάϐῃ,
891 1623 1078 1692 φησὶν,
1117 1623 1369 1691 ἐποίησέ
1393 1641 1496 1692 μοι
1529 1622 1810 1693 μεγαλεῖα
1841 1625 1875 1677 ό

303 1712 554 1778 δυνατός
573 1728 588 1742 ’
617 1712 694 1784 τῷ
715 1715 938 1784 ὀνόματι
962 1713 1058 1767 τοῦ
1080 1713 1304 1768 δυνατοῦ
1331 1715 1428 1786 τὴν
1451 1715 1706 1768 ἀπιστίαν
1723 1715 1874 1787 παρὰ

299 1803 457 1872 φύσιν
479 1803 842 1870 ἐκϐάλλουσα,
865 1805 953 1860 ἵνα
972 1823 1054 1870 τις
1071 1808 1135 1877 τῇ
1164 1805 1389 1877 δυνάμει
1405 1805 1498 1860 τοῦ
1524 1805 1873 1876 ἐνεργοῦντος

292 1895 592 1968 ἀναπέμψῃ
615 1896 674 1950 τὸ
689 1898 1016 1968 κατόρθωμα
1035 1915 1046 1926 ·
1068 1898 1234 1952 καὶτὸ
1257 1897 1488 1969 μὴκατὰ
1506 1898 1667 1968 φύσιν
1683 1897 1873 1966 ἐξετά-

296 1975 404 2040 ζων
429 1983 637 2055 ἐκπέσῃ
664 1984 764 2054 τῆς
812 1983 1044 2056 ἀληθοῦς
1091 1985 1549 2054 συγκαταθέσεως
1593 1988 1702 2041 τῶν
1742 1989 1874 2061 ἀλη-

299 2071 404 2137 θῶς
440 2075 846 2146 γεγενημένων.

364 2346 474 2400 Καὶ
503 2346 704 2415 ἐπάγει
723 2363 738 2377 ·
767 2349 878 2404 Καὶ
909 2348 1083 2420 ἅγιον
1113 2350 1180 2406 τὸ
1205 2351 1393 2422 ὄνομα
1421 2355 1630 2410 αὐτοῦ.
1663 2357 1737 2411 Οὐ
1765 2357 1874 2430 γὰρ

295 2438 416 2492 ἐπεὶ
460 2435 681 2507 ἔρχεται
713 2439 742 2490 ὁ
793 2441 1089 2510 μονογενὴς
1131 2441 1296 2494 αὐτοῦ
1339 2445 1420 2506 εἰς
1472 2449 1726 2513 γυναῖκα,
1769 2448 1870 2519 ἤδη

297 2526 447 2596 παρὰ
491 2528 649 2580 τοῦτο
687 2531 984 2599 μιαίνεται.
1015 2531 1206 2601 ’Δγιον
1238 2533 1346 2604 γὰρ
1385 2533 1446 2586 τὸ
1475 2535 1646 2606 ὄνομα
1679 2537 1870 2604 αὑτοῦ,

299 2617 480 2688 ἐπειδὴ
509 2619 663 2690 κάγὼ
719 2622 992 2693 Παρθένος
1023 2625 1175 2692 ἁγία.
1219 2627 1386 2680 Οὐδὲν
1433 2632 1873 2700 παραχραίνεται

295 2708 420 2762 οὔτε
449 2713 476 2763 ό
508 2711 1021 2785 συλλαμϐανόμενος
1055 2715 1244 2790 Σωτὴρ
1283 2721 1339 2772 ἐν
1363 2719 1488 2790 ἐμοὶ
1518 2723 1582 2791 τῇ
1617 2722 1872 2795 παρθένῳ

295 2803 546 2857 πλάττων
573 2803 620 2836 ⁸⁸
639 2805 700 2858 τὸ
729 2805 858 2860 ῖδιον
883 2806 1062 2878 σῶμα.
1093 2809 1283 2878 ’Ἄγιος
1309 2811 1417 2882 γὰρ
1446 2813 1616 2881 ἁγίως
1639 2818 1794 2885 φορεῖ
1813 2816 1872 2869 τὺ

294 2895 424 2949 ίδιον
461 2896 704 2966 πλάσμα.
738 2896 838 2950 Διὰ
876 2897 1034 2951 τοῦτο
1073 2901 1167 2952 καὶ
1207 2900 1432 2972 Πνεῦμα
1454 2901 1608 2971 ἅγιον
1648 2905 1873 2976 έπέρλε-

293 3002 414 3040 ται·
462 2987 546 3040 ἵνα
599 2989 728 3056 ἁγία
777 2990 1044 3062 γενομένη
1084 2993 1116 3062 ἠ
1173 2991 1436 3065 σύλληψις
1488 2995 1646 3065 ἅγιον
1688 3015 1872 3070 παρα-

1979 548 2084 588 non
2131 533 2344 588 beatam
2384 531 2624 602 appellat
2652 531 2902 597 Mariam,
2925 533 3238 599 nuptiarum
3292 531 3554 597 nesciam,

1977 625 2119 696 quod
2147 625 2211 676 ad
2242 625 2416 678 virum
2481 631 2714 692 spectat,
2748 623 2844 678 sed
2887 622 2995 676 Deo
3058 621 3222 677 fetant
3275 637 3340 676 ex
3369 633 3557 677 sancto

1977 714 2234 784 Spiritu?
2294 713 2581 771 Praecessit
2645 714 2856 769 scilicet
2907 727 3088 768 sermo
3155 713 3552 783 propheticus;

1975 811 2155 864 exitus
2178 821 2308 861 vero
2341 821 2648 861 sermonem
2681 820 2926 860 veracem
2957 798 3353 874 comprobavit.

2051 898 2190 957 XXI.
2229 899 2369 966 Quia
2391 899 2513 968 fecit
2532 898 2662 952 mihi
2686 913 2880 968 magna
2901 898 2988 967 qui
3013 907 3190 963 potens
3211 906 3286 950 ut
3311 897 3341 937 ι»
3363 934 3378 949 .
3403 897 3553 962 Quo-

1976 989 2138 1045 modo
2173 990 2320 1043 enim
2391 1003 2494 1040 non
2563 987 2737 1056 (fecit)
2797 985 3038 1055 magna?
3105 985 3551 1056 Quandoquidem

1975 1080 2259 1135 voluntate
2289 1079 2384 1133 Dei
2440 1079 2688 1154 ordinem
2721 1085 2926 1132 natura
2955 1077 3362 1139 transcenderis.
3399 1079 3553 1148 virgo

1975 1167 2246 1222 exsistens
2279 1165 2467 1221 fmtnm
2511 1180 2662 1234 gero,
2703 1175 2758 1219 et
2805 1167 2964 1235 digna
3019 1165 3224 1220 habeor
3267 1181 3390 1236 quae
3430 1166 3552 1222 sine

1975 1261 2094 1315 viro
2119 1275 2228 1314 non
2269 1260 2442 1314 solum
2479 1259 2580 1312 sim
2609 1267 2800 1324 mater,
2832 1258 2929 1313 sed
2973 1257 3194 1327 insuper
3229 1269 3403 1313 mater
3431 1258 3551 1328 ejus

1974 1354 2098 1417 sim,
2133 1351 2221 1420 qui
2257 1349 2404 1405 solus
2442 1357 2528 1404 est
2561 1347 2830 1404 Salvator.

2049 1443 2208 1507 Dicit,
2226 1442 2316 1512 qui
2331 1450 2516 1511 potens
2539 1449 2654 1507 est;
2675 1438 3110 1510 quandoquidem
3132 1438 3288 1494 Iidem
3313 1441 3554 1496 abnuere

1975 1535 2042 1590 de
2070 1549 2202 1590 vera
2235 1545 2530 1604 conceptus
2561 1533 2768 1588 ratione
2823 1533 2948 1603 quis
2979 1530 3208 1601 posset?
3234 1531 3304 1586 Et
3359 1535 3554 1587 merito

1975 1643 2129 1693 sane,
2162 1628 2210 1684 si
2245 1627 2496 1697 concepit
2527 1627 2678 1696 virgo
2722 1639 3104 1696 perseverans,
3155 1624 3306 1692 fecit,
3353 1624 3551 1694 inquit,

1977 1721 2105 1774 mihi
2139 1736 2332 1790 magna
2361 1721 2452 1790 qui
2477 1731 2660 1789 potem
2679 1727 2778 1783 est,
2809 1717 3047 1788 potentis
3101 1730 3296 1786 nempe
3336 1717 3556 1772 nomine

1981 1809 2416 1865 incredulitatem
2454 1823 2770 1874 removens,
2817 1823 2938 1878 quas
2971 1822 3038 1863 ex
3087 1823 3148 1863 re
3186 1807 3432 1862 ordinem
3461 1824 3556 1862 na-

1978 1913 2115 1956 tura:
2152 1902 2633 1972 pratergredieute
2653 1901 2851 1964 oritur,
2887 1902 3022 1956 adeo
3057 1912 3118 1954 ιιι
3143 1900 3210 1955 ad
3251 1902 3553 1970 potentiam

1977 1993 2118 2064 (Dei)
2143 1991 2427 2046 emcientis
2459 1990 2666 2046 referre
2689 1991 2813 2061 quis
2837 2005 2975 2062 opus
3005 1990 3202 2046 debeat
3228 2007 3244 2058 ;
3297 1990 3389 2060 qui
3425 2003 3555 2044 vero

1975 2083 2248 2138 subtiliter
2279 2085 2612 2152 perscrutari
2642 2083 2696 2138 id
2729 2083 2880 2148 velit,
2906 2083 3054 2152 quod
3095 2097 3202 2136 non
3229 2091 3314 2137 est
3361 2095 3555 2136 secun-

1976 2175 2102 2230 dum
2131 2187 2338 2228 natura:
2374 2173 2544 2244 leges,
2589 2165 2623 2229 ά
2662 2175 2844 2230 veraci
2884 2189 3072 2229 eorum
3109 2188 3229 2244 quae
3262 2187 3391 2230 vere
3412 2175 3554 2229 facta

1975 2273 2123 2331 sunt,
2152 2263 2255 2318 lide
2282 2264 2514 2319 excidat.

2043 2356 2210 2410 Addit
2263 2368 2450 2423 porro,
2478 2363 2528 2408 et
2559 2361 2803 2407 sanetum
2840 2367 3028 2407 nomen
3065 2351 3202 2421 ejus.
3256 2350 3372 2406 Non
3405 2351 3552 2407 enim

1976 2447 2118 2519 quod
2163 2446 2476 2514 unigenitus
2518 2445 2638 2514 ejus
2683 2444 2752 2498 ad
2782 2443 3062 2498 mulierem
3097 2443 3398 2511 diverterit,
3430 2457 3555 2512 pro-

1975 2549 2161 2609 pterea
2188 2537 2302 2606 jam
2329 2537 2608 2608 polluitur.
2631 2534 2890 2592 Sanctum
2921 2535 3067 2590 enim
3087 2545 3385 2589 estnomen
3413 2537 3552 2606 ejus,

1973 2631 2229 2702 quoniam
2257 2639 2316 2684 et
2342 2645 2444 2698 ego
2491 2627 2656 2698 Virgo
2687 2636 2874 2684 sancta
2899 2629 3036 2697 (14).
3078 2625 3223 2682 Nihil
3285 2629 3556 2682 containi-

1975 2733 2138 2776 natur
2172 2735 2350 2792 neque
2381 2721 2511 2775 dum
2541 2719 2850 2790 concipitur
2873 2717 3147 2780 Salvator,
3183 2731 3340 2771 suum
3374 2715 3428 2770 in
3465 2731 3556 2772 me

1975 2814 2182 2884 virgine
2216 2827 2415 2883 corpus
2435 2813 2728 2882 plasmans.
2785 2811 3019 2864 Sanctus
3067 2809 3212 2864 enim
3261 2817 3449 2864 sancte
3472 2809 3555 2862 in-

1973 2907 2090 2961 duit
2147 2920 2284 2976 opus
2327 2907 2440 2972 ipse
2499 2918 2654 2958 suum
2681 2901 2829 2970 (I5).
2859 2887 3065 2955 Idcirco
3109 2899 3271 2954 etiam
3319 2899 3557 2966 Spiritus

1973 3007 2194 3052 sanctus
2223 2995 2559 3065 supervenit,
2601 3009 2708 3076 quo
2730 3001 2919 3048 sancta
2948 2991 3221 3046 exsistens
3248 2991 3554 3060 conceptio,

293 3079 552 3132 σκευάσει
585 3081 678 3132 καὶ
716 3081 806 3134 τὸν
835 3081 994 3135 τόκον
1039 3083 1317 3152 γενέσθαι.
1349 3087 1541 3156 ’Ἀγιον
1587 3089 1766 3146 τοίνυν
1811 3091 1871 3146 τὸ

1983 3099 2030 3142 ut
2056 3099 2246 3159 partus
2263 3101 2476 3159 quoque
2491 3093 2712 3140 sanctus
2729 3092 3012 3153 sequatur,
3041 3081 3263 3138 eﬂiciat.
3291 3081 3554 3138 Sanctum

291 3169 462 3238 ὄνομα
484 3170 666 3225 αὐτοῦ.

363 3261 492 3314 ΚΒ¹.
524 3263 635 3316 Καὶ
663 3261 730 3316 τὸ
769 3265 940 3333 ἕλεος
997 3267 1186 3322 αὐτοῦ
1238 3271 1326 3335 είς
1370 3271 1582 3340 γενεὰς
1629 3274 1872 3344 γενεῶν.

290 3352 467 3421 Κάγὼ
505 3353 890 3426 συλλαμϐάνω,
918 3359 1012 3411 καὶ
1041 3359 1205 3423 αὐτὸς
1243 3362 1404 3432 σῶμα
1439 3368 1640 3434 φορεῖ·
1675 3370 1769 3421 καὶ
1794 3369 1875 3431 εἰς

290 3443 500 3515 κόσμον
522 3445 762 3517 ἔρχεται,
799 3449 894 3502 καὶ
929 3451 1066 3520 μετὰ
1099 3450 1404 3522 ἀνθρώπων
1443 3455 1872 3529 ἀναστρέφεται,

290 3539 388 3592 καὶ
438 3540 590 3591 κάτω
635 3541 1011 3606 πολιτεύεται,
1055 3545 1152 3595 καὶ
1205 3546 1383 3598 πάντα
1427 3549 1739 3618 οἰκονομεῖ·
1789 3553 1874 3606 ἵνα

289 3629 591 3700 ἐλεηθῶσιν
629 3632 680 3684 οἱ
729 3633 936 3699 ἀνάξιοι
973 3635 1061 3688 διὰ
1088 3635 1149 3686 τὸ
1196 3635 1402 3704 mare;
1446 3637 1556 3690 τῶν
1587 3639 1876 3712 ἁμαρτιῶν

289 3724 674 3796 τυγχάνοντες.
711 3725 841 3792 Τοῖς
896 3727 1080 3797 μέντοι
1115 3727 1511 3796 φοϐουμένοις
1546 3734 1754 3791 αὐτόν.
1801 3737 1875 3788 Οὐ

291 3817 402 3888 γὰρ
451 3818 499 3869 oi
535 3818 709 3888 πάντη
743 3817 950 3882 ἀνάξιοι
985 3817 1292 3872 ἐλεοῦνται·
1327 3819 1462 3872 ἀλλὰ
1506 3822 1557 3874 οἱ
1595 3821 1684 3876 διὰ
1708 3842 1879 3894 μετα-

293 3910 442 3972 νοίας
480 3908 616 3979 πρὸς
658 3909 822 3976 φόϐον
859 3906 1350 3980 μετατρεπόμενοι.

367 4087 498 4142 Kl".
552 4087 876 4155 Ἐποίησεν
921 4085 1035 4142 οὖν
1077 4088 1296 4157 κράτος
1334 4089 1406 4144 ἐν
1447 4091 1732 4160 βραχίονι
1774 4099 1882 4152 αὐ-

293 4180 403 4234 τοῦ
436 4181 481 4210 ’⁷
507 4197 518 4208 ’
555 4180 722 4233 αὑτοῦ
756 4180 865 4252 γὰρ
895 4181 928 4251 ἡ
959 4181 1100 4250 χεὶρ,
1135 4181 1236 4234 οὐκ
1270 4181 1560 4254 ἀνθρώπου
1590 4185 1652 4238 τὸ
1697 4187 1879 4256 ἔργον.

289 4271 731 4336 Διεσκόρπισεν
753 4271 1196 4340 ὺπερηςεάνους.
1228 4273 1290 4325 Ei
1311 4275 1418 4342 γὰρ
1437 4273 1726 4350 ἀλαζονείᾳ
1744 4276 1882 4348 χρῶ-

1975 3182 2140 3250 igitur
2165 3169 2361 3234 nomén
2385 3179 2500 3246 ejus
2532 3175 2644 3248 (l6)

2048 3271 2217 3327 XXII.
2253 3269 2320 3324 Et
2371 3268 2741 3324 misericordia
2783 3271 2899 3336 ejus
2931 3285 2962 3321 a
2987 3265 3234 3336 progenie
3273 3265 3328 3319 in
3363 3279 3552 3334 proge-

1977 3367 2089 3420 nies
2121 3375 2172 3421 ο.
2219 3364 2290 3418 Ει
2333 3377 2433 3432 ego
2481 3359 2750 3429 concipio,
2780 3369 2837 3413 et
2883 3359 2998 3428 ipse
3044 3371 3242 3426 corpus
3284 3355 3552 3420 asstnnit;

1977 3469 2030 3510 et
2060 3454 2207 3510 venit
2233 3453 2286 3508 in
2329 3451 2615 3514 mundum,
2663 3460 2717 3506 et
2747 3465 2869 3504 cum
2915 3447 3230 3502 hominibus
3256 3459 3555 3500 conversa-

1980 3561 2090 3615 tur,
2121 3559 2177 3601 et
2201 3555 2520 3602 terrestrem
2549 3543 2713 3598 vitam
2740 3543 2874 3613 agit,
2899 3551 2955 3596 et
2975 3541 3156 3596 omnia
3207 3539 3450 3609 disponit
3495 3551 3556 3594 ut

1977 3641 2068 3710 qui
2104 3639 2308 3706 indigni
2340 3645 2496 3690 erant
2521 3633 3156 3704 proptermultitudinem
3183 3642 3553 3702 peccatorum,

1979 3726 2412 3786 misericordium
2442 3734 2871 3792 consequantur.
2945 3721 3333 3778 Verumtamen
3373 3725 3559 3777 timen-

1979 3822 2118 3874 tibus
2142 3834 2285 3872 eum.
2321 3816 2438 3870 Non
2469 3814 2613 3870 enim
2642 3815 2928 3884 participes
2949 3823 3076 3867 sunt
3115 3815 3556 3877 miserationem,

1981 3911 2070 3980 qui
2108 3909 2327 3979 penitus
2377 3907 2446 3962 iis
2479 3906 2732 3973 indignos
2771 3919 2828 3958 se
2855 3903 3154 3972 exhibent;
3203 3905 3298 3960 sed
3337 3907 3426 3974 qui
3463 3921 3560 3974 per

1984 3999 2356 4073 paenitentiam
2393 3997 2459 4050 ad
2491 3997 2745 4050 timorem
2771 3991 3080 4050 ﬂectuntur.

2055 4088 2242 4144 XXIII.
2302 4086 2456 4141 Fecit
2498 4087 2663 4156 igitur
2698 4085 2986 4154 potentiam
3037 4085 3094 4138 in
3126 4083 3339 4139 brachio
3366 4101 3462 4140 suo
3485 4083 3560 4153 ἀς

1986 4183 2128 4237 illius
2153 4180 2298 4235 enim
2325 4191 2537 4242 manus,
2568 4190 2674 4231 non
2701 4189 2837 4244 opus
2871 4185 2953 4229 est
2988 4175 3243 4231 hominis.
3297 4176 3556 4245 Dispertit

1988 4273 2258 4344 superbos.
2295 4269 2428 4324 Nam
2453 4268 2496 4324 si
2519 4267 2642 4336 quis
2669 4265 2918 4336 superbia
2954 4277 3188 4332 tumens,
3230 4267 3370 4320 haud
3403 4276 3560 4336 putat

296 4379 482 4434 μενος,
505 4364 606 4416 οὐκ
635 4363 804 4416 οἴεται
827 4361 1032 4416 δεῖσθαι
1053 4357 1530 4433 μετανοίας,οῦτος
1556 4367 1874 4439 διασκορπί-

1984 4387 2042 4427 se
2077 4366 2396 4441 poenitentia
2423 4363 2692 4432 indigere,
2731 4360 2820 4415 hic
2851 4359 3202 4428 disperditur.
3238 4359 3560 4414 Subindicat

269 4457 470 4520 .ζεται,
497 4458 840 4528 αἰνιττομένη
871 4458 918 4489 ³⁸
949 4457 1058 4509 τῶν
1092 4457 1360 4512 Ἰουδαίων
1387 4459 1478 4514 τὸν
1505 4460 1632 4515 λαὸν
1652 4463 1742 4517 τὸν
1762 4465 1878 4518 δια-

294 4550 667 4620 σκορπισθησὸ
675 4567 834 4620 μενον
848 4552 916 4604 δι’
930 4552 1304 4622 ὑπερηφανίαν
1321 4553 1418 4624 τὴν
1431 4557 1572 4609 κατὰ
1586 4557 1677 4610 τοῦ
1695 4558 1877 4628 Σωτῆ-

294 4657 406 4711 ρος.
442 4641 882 4708 Διεσκόρπισεν
907 4640 1330 4710 ὑπερηφάνους
1361 4643 1594 4714 διανοίᾳ
1629 4647 1877 4717 καρδίας

371 4755 398 4796 h
423 4755 561 4810 Luc.
591 4772 632 4822 ι,
663 4757 750 4814 49.
831 4769 853 4797 ε
891 4758 1021 4813 ibid.
1049 4758 1136 4813 50.
1213 4759 1238 4798 ἀ
1275 4759 1402 4814 ibid.
1437 4761 1525 4818 51.

1982 4475 2162 4522 autem
2189 4461 2497 4517 Iudaeorum
2525 4455 2804 4527 populum,
2833 4455 2923 4524 qui
2957 4463 3178 4524 propter
3224 4455 3558 4524 superbiam,

1983 4573 2092 4628 qua
2128 4553 2401 4610 Salvatori
2438 4551 2662 4614 restitit,
2697 4547 3096 4620 disperdendus
3123 4552 3264 4601 erat.
3295 4547 3562 4616 Dispersit

1982 4651 2236 4723 superbos
2267 4659 2436 4704 mente
2463 4646 2636 4701 cordia
2665 4645 2771 4700 sui.
2854 4641 3242 4712 Unusquisque
3287 4641 3432 4696 enim
3471 4661 3570 4714 per

1587 4855 1825 4913 VARIJE
1881 4855 2289 4914 LECTIONES.

366 4946 414 4977 ³⁸
443 4944 578 4996 Cod.

366 4946 414 4977 "
443 4945 578 4999 Cod.
625 4945 958 5015 μακαρήζει,
986 4953 1040 4996 et
1066 4945 1168 4998 alin
1207 4961 1369 4999 manu
1395 4962 1554 5014 supra
1593 4949 1637 5004 Ιὶι

297 5014 574 5068 πλάττων.
653 5015 698 5046 ²⁷
727 5016 858 5068 Cod.
889 5014 1072 5068 αὐτοῦ.
1111 5015 1156 5046 ³⁸
1189 5014 1408 5070 Scilicet
1432 5017 1637 5088 Μαρία.

625 4943 958 5024 μρακαρῄζειρ
986 4953 1050 5024 et
1066 4944 1168 5024 alia
1190 4961 1369 5024 inanti
1395 4949 1788 5024 supralineam
1821 4953 2139 5024 μακαρίζει.
2217 4952 2262 4982 ³⁸
2291 4947 2426 5004 Cod.
2469 4945 2725 5011 πλάττον,
2761 4945 2854 5001 sed
2887 4947 2942 5002 in
2977 4945 3224 5012 margine
3256 4945 3359 5000 alia
3395 4959 3566 4998 tnanu

1799 5113 2032 5169 ΝΟΤιΕ.

371 5206 486 5275 (Ili)
529 5205 725 5260 Sancta
763 5221 868 5258 non
903 5205 1146 5272 corporis
1171 5213 1398 5270 tantum,
1429 5205 1520 5258 sed
1551 5207 1746 5262 anima:
1797 5211 1880 5262 in-

299 5277 552 5344 tegritate
573 5291 674 5329 non
703 5277 860 5328 modo
882 5276 1281 5342 (limi-cptionis,
1313 5275 1360 5327 id
1387 5287 1464 5327 cst
1489 5277 1681 5330 divinm
1702 5278 1878 5330 iurar-

299 5348 538 5398 nutionis
569 5357 863 5410 momento,
901 5347 1042 5414 quod
1067 5360 1169 5398 non
1201 5346 1332 5398 satis
1360 5355 1504 5399 esset
1537 5356 1593 5399 nt
1618 5345 1872 5402 Sanctum

301 5425 587 5468 \ncnrctnr
621 5417 759 5482 quod
797 5431 861 5468 ex
903 5430 964 5469 ca
998 5416 1322 5467 nasi-iturum
1363 5427 1471 5467 erat
1496 5430 1516 5478 ,'
1549 5419 1640 5470 sed
1675 5431 1874 5486 semper

299 5494 353 5536 et
389 5497 499 5536 tata
533 5495 586 5537 et
616 5487 836 5552 perfecte
869 5487 1073 5552 integra
1101 5493 1150 5535 cl
1183 5497 1392 5538 saneta.

372 5553 486 5620 (15)
545 5554 656 5608 Hoc.
707 5567 1024 5624 argumento
1075 5558 1271 5619 saepius
1326 5565 1546 5607 utuntur
1581 5553 1764 5609 Patres
1813 5565 1872 5609 ut

303 5637 366 5674 ex
400 5629 624 5677 muliere
654 5623 824 5678 matre
851 5625 940 5676 Dei
967 5623 1196 5676 Verbum
1220 5641 1320 5677 non
1352 5624 1514 5678 fuisse
1543 5627 1880 5691 inquinatum

301 5703 562 5746 statuant.
591 5693 684 5746 llis
717 5695 850 5746 mite
879 5705 1175 5746 consmmnt
1207 5696 1366 5748 verba
1399 5697 1636 5748 auctoris
1667 5694 1886 5746 Tractu-

1987 5209 2125 5276 Opp.
2159 5207 2218 5260 S.
2249 5203 2562 5274 Augustini,
2597 5216 2722 5268 cap.
2771 5198 2876 5276 V)_:
2907 5195 3034 5276 ⁸Εῃο
3065 5207 3311 5256 matrem,
3339 5197 3407 5276 de
3445 5212 3558 5276 qua

1985 5266 2246 5336 miscet-er,
2269 5266 2403 5340 feci;
2437 5288 2530 5341 ego
2551 5266 2690 5324 ciant
2715 5266 2826 5322 meo
2849 5266 3372 5341 itineriprtepuruvi,
3401 5275 3558 5331 atque

1983 5335 2446 5400 umndavirllunc
2467 5335 2652 5410 ⁷(μιαηι
2711 5339 2966 5402 despicis,
3025 5335 3337 5410 diuturnum,
3385 5347 3560 5410 muter

1980 5435 2094 5470 mea
2129 5424 2231 5478 est,
2277 5415 2365 5468 sed
2411 5403 2571 5463 manu
2605 5411 2868 5473 fabricata
2911 5415 2994 5478 est
3031 5422 3167 5478 mea.
3303 5407 3444 5466 potui
3475 5403 3553 5456 ira-

1979 5487 2196 5556 quinari
2219 5475 2340 5537 cum
2370 5497 2486 5536 eam
2519 5481 2768 5548 facerem,
2794 5477 2944 5545 potui
2979 5475 3245 5541 inquinari
3269 5489 3382 5526 cum
3407 5488 3473 5526 ea:
3493 5488 3559 5528 ea

1982 5571 2438 5693 ὴαῗῖῗῦεζίίιείιιίε
2463 5621 2724 5674 sanctitas
2767 5613 2990 5693 τυιῑιιιξῖε
3023 5613 3418 5693 ("namus-nm!
3461 5627 3550 5692 Fc.

1987 5681 2372 5761 Sputnl'ertrl,vsi
2427 5707 2531 5745 non
2569 5701 2778 5761 semper
2809 5681 2955 5740 etab
3002 5683 3178 5740 omnis
3220 5683 3302 5738 vel
3345 5681 3551 5738 minimi

303 5772 385 5814 tua
417 5763 664 5820 adversus
699 5767 926 5836 quinque
966 5763 1200 5818 [hereses
1225 5767 1300 5835 (in
1339 5765 1584 5834 Appcnd.
1619 5773 1750 5820 tom.
1777 5763 1887 5820 \‘lIl
1987 5757 2196 5836 peccati
2227 5757 2344 5820 labe
2369 5759 2624 5818 immunis
2657 5757 2866 5814 fuisset.
