4014 6122
477 257 601 315 I791

1453 261 1864 318 ΑΝΤΙΡΑἸῊΙ
1906 260 2367 321 BOSTRENSIS
2400 262 2738 323 EPISCOPI

3596 262 3741 322 170‘!

476 382 536 424 se
581 380 680 436 pro
727 368 921 423 mentis
959 383 1069 425 sua:
1128 384 1287 425 sensu
1342 373 1633 442 semetipse
1686 374 1968 443 disperdil,
2001 382 2053 429 et

2178 377 2369 432 ιῠτῶν.
2408 377 2580 440 Αὐτὸς
2611 378 2718 447 γάρ
2750 393 2833 439 τις
2856 376 3029 445 ἐαυτῷ
3070 378 3325 437 ἕκαστος,
3363 374 3451 443 ἐφ’
3504 368 3587 436 οἷς
3616 373 3740 425 δια-

478 459 755 530 indignum
785 474 844 515 se
879 471 1117 529 prmstat,
1144 477 1303 531 quem
1336 462 1493 519 Jesus
1521 473 1697 519 vocet.

544 639 736 695 XXIV.
772 642 1022 710 Deposuit
1060 653 1294 709 potentes
1331 645 1397 699 de
1418 646 1563 712 sedc,
1586 658 1632 700 et
1654 648 1905 701 exultavit
1947 649 2047 701 liu-

475 735 625 788 mtles
657 744 707 788 ο.
745 733 967 804 Magnos
996 736 1141 789 enim
1167 737 1391 805 spiritus
1423 740 1681 806 gerebant
1710 738 1963 793 Pharisaei
1984 754 2046 794 ac

477 826 703 889 Scribae,
732 837 785 880 et
804 829 1003 894 primas
1030 828 1317 882 cathedras
1334 830 1647 884 ambiebant
1670 830 1690 868 ί
1725 847 1741 897 ;
1767 846 1796 885 e
1824 830 2045 898 quibus,

479 927 762 987 propterea
782 919 925 987 quod
953 917 1080 973 Jesu
1106 920 1573 986 contradixerunt,
1598 923 1867 977 deturbati
1898 931 2046 977 sunt.

548 1010 618 1063 Et
643 1009 894 1063 exultavit
923 1012 1144 1065 Immites
1180 1013 1481 1081 dispersos,
1529 1015 1786 1083 quoidam
1815 1015 1989 1082 ipsqu
2020 1030 2051 1070 e

480 1101 617 1156 caelo
644 1110 698 1154 et
724 1102 791 1153 ab
823 1102 931 1155 alto
963 1103 1173 1157 venisse
1195 1103 1564 1157 crediderunt.
1614 1104 1917 1160 Esnrientes
1946 1107 2051 1160 itu-

479 1194 633 1261 plevit
671 1192 818 1247 bonis
845 1194 904 1246 ⁸.
942 1192 1271 1248 Universum
1328 1197 1472 1248 enim
1532 1195 1810 1249 hominum
1858 1212 2048 1266 genus,

480 1284 678 1339 Judaeis
711 1284 971 1353 exceptis,
1008 1282 1150 1338 fame
1177 1283 1481 1342 laborabat.
1517 1284 1586 1339 Et
1634 1286 1821 1342 divites
1847 1289 2054 1342 dimisit

482 1375 714 1436 inanes;
765 1372 979 1427 Judaaos
1026 1372 1303 1438 videlicet,
1349 1376 1440 1444 qui
1487 1385 1543 1430 et
1583 1388 1807 1446 accepta
1855 1378 1970 1447 lege
2002 1386 2057 1432 et.

484 1476 796 1519 sanctorum
816 1466 1199 1535 prophetarum
1233 1466 1497 1522 doctrinis
1512 1467 1665 1522 dilati
1694 1467 1929 1522 fuerant.
1956 1467 2055 1534 Qui

484 1556 702 1623 quidem
729 1555 1010 1624 quoniam,
1038 1570 1138 1624 pro
1170 1569 1358 1610 eorum
1386 1558 1639 1626 superbia
1695 1558 1894 1612 acriter
1926 1573 2055 1613 con-

487 1644 791 1709 tendentes,
818 1659 1026 1714 suaque
1050 1645 1314 1715 dignitate
1347 1646 1499 1701 valde
1532 1647 1680 1711 elati,
1706 1649 1771 1702 ad
1805 1646 2058 1703 Salvato-

2146 471 2367 534 νοεῖται,
2416 470 2607 522 ἑαυτὸν
2657 467 2964 537 σκορπίζει,
3008 466 3226 532 ἀνάξιος
3264 466 3366 537 τῆς
3416 465 3515 520 τοῦ
3556 466 3739 536 Ἰησοῦ

2148 559 2393 630 κλήσεως
2429 561 2742 630 γενόμενος.

2217 654 2341 705 ΚΔ¹.
2368 653 2657 707 Καθεῖλεν
2671 650 2981 716 δυνάστας
2996 650 3112 704 ἀπὸ
3131 648 3384 717 θρόνων,
3403 648 3505 702 καὶ
3525 648 3609 716 ῦψ
3620 663 3740 699 ws

2148 745 2490 809 ταπεινούς.
2537 745 2763 812 Μεγάλα
2822 743 2933 813 γὰρ
2987 741 3246 813 ἐφρόνουν
3299 741 3590 810 Φαρισαῖοι
3644 743 3741 791 καὶ

2149 834 2524 905 Γραμματεῖς,
2556 835 2655 898 τὰς
2693 832 3175 906 πρωτοκαθεδρίας
3226 831 3507 902 μετιόντες
3529 848 3542 860 ·
3573 825 3651 885 ὧν
3691 830 3743 861 ³³

2151 925 2536 996 καθῃρέθησαν
2564 925 2652 979 διὰ
2701 926 2797 996 τὴν
2826 925 2962 996 πρὸς
2989 925 3081 977 τὸν
3134 922 3346 992 Ἰησοῦν
3395 919 3741 986 ἀντιλογίαν.

2224 1016 2335 1070 Καὶ
2361 1016 2609 1084 ὕψωσεν
2633 1015 2951 1081 ταπεινοὺς
2984 1015 3108 1077 τοὺς
3157 1011 3740 1082 ἀπεσκορπισμένους,

2155 1106 2343 1178 ἐπειδὴ
2392 1105 2471 1176 τῷ
2518 1105 2807 1177 οὐρανόθεν
2857 1106 2953 1157 καὶ
3001 1106 3066 1157 ὲκ
3094 1102 3204 1156 τῶν
3251 1101 3473 1172 ὑψηλῶν
3526 1100 3746 1153 ἐλθόντι

2156 1197 2611 1267 πεπιστεύκασιν,
2672 1195 3010 1262 Πεινῶντας
3072 1192 3419 1261 ἐνέπλησεν
3476 1190 3744 1259 ἀγαθῶν.

2167 1288 2463 1359 Ἐλίμωττε
2492 1287 2601 1359 γὰρ
2639 1287 2700 1340 τὸ
2742 1286 2899 1355 γένος
2939 1285 3051 1341 τῶν
3084 1283 3390 1354 ἀνθρώπων
3431 1283 3572 1353 πλὴν
3613 1283 3746 1336 ἰουο

2154 1379 2338 1434 δαίων.
2398 1379 2508 1433 Καὶ
2566 1377 2988 1444 πλουτοῦντας
3046 1376 3442 1443 ἐξαπέστειλε
3497 1376 3746 1439 κενούς.

2169 1467 2453 1531 Ἰουδαίους
2482 1467 2708 1538 δηλαδὴ,
2739 1467 3192 1536 πεπλουτηκότας
3228 1468 3293 1537 τῇ
3326 1463 3626 1534 νομοθεσίᾳ
3650 1465 3752 1516 καὶ

2156 1562 2224 1629 τῇ
2255 1557 2572 1628 διδασκαλίᾳ
2608 1556 2719 1610 τῶν
2742 1556 2915 1625 ἁγίων
2941 1555 3257 1627 προφητῶν.
3285 1554 3501 1616 Οἴτινες
3528 1553 3640 1606 ὑπε
3652 1570 3748 1622 ρη-

2163 1649 2327 1721 φανίᾳ
2353 1649 2868 1719 ὐπερμαχήσαντες,
2900 1648 2995 1700 καὶ
3024 1646 3146 1699 λίαν
3176 1644 3253 1715 τῷ
3280 1642 3555 1714 ἀξιώματι
3578 1646 3751 1713 ἐπαρ-

488 1749 601 1789 rem
644 1736 878 1789 humano
909 1737 1098 1791 habitu
1129 1737 1270 1792 inter
1299 1753 1393 1792 eos
1437 1748 1751 1794 versantem
1796 1740 2059 1794 accedere

2178 1710 2370 1806 λέντες,
2401 1710 2686 1810 etiam,
2707 1710 2984 1801 ταπεινῶς
3016 1710 3337 1809 προσελθεῖν
3370 1710 3447 1805 τῷ
3475 1710 3751 1805 ὲνανθρω-

488 1825 766 1879 hnmiliter
813 1827 1054 1880 animum
1106 1842 1211 1882 non
1276 1828 1631 1895 induxerunt,
1659 1830 1816 1885 vacui
1848 1830 2060 1887 dimissi

487 1926 633 1981 sunt,
670 1916 805 1971 nihil
835 1933 1020 1974 secum
1075 1918 1385 1986 afferentes,
1432 1936 1606 1988 neque
1650 1921 1834 1988 ﬁdem,
1892 1937 2064 1991 neque

488 2000 878 2077 cognitionem,
909 2025 1084 2079 neque
1115 2026 1263 2080 spem
1295 2013 1559 2066 bonorum
1587 2031 1601 2079 ;
1636 2014 1729 2068 sed
1759 2028 1789 2068 a
1820 2016 2065 2070 terrestri

490 2096 788 2153 Jerusalem
810 2100 967 2169 juxta
996 2115 1060 2154 ac
1087 2115 1118 2154 a
1153 2099 1329 2156 futura
1366 2101 1473 2156 vita
1499 2104 1835 2160 exciderunt.

563 2188 728 2247 XXV.
762 2190 1001 2258 Suscepit
1050 2191 1226 2246 Israel
1273 2210 1510 2263 puerum-
1550 2212 1707 2250 suum
1732 2196 1805 2262 I1;
1862 2211 1969 2251 non
2002 2197 2068 2251 ad

494 2299 688 2338 nomen
732 2284 995 2355 (Lraelis)
1030 2295 1259 2355 spectat,
1284 2287 1380 2341 sed
1422 2300 1609 2341 verum
1649 2286 1946 2356 (lsi-aciem)
1979 2291 2071 2343 de-

493 2376 692 2446 signat,
725 2377 937 2432 scilicet
968 2392 1073 2432 nou
1124 2393 1221 2432 eos
1249 2380 1340 2447 qui
1366 2380 1585 2434 nomine
1611 2380 1940 2450 gloriantur,
1969 2381 2067 2435 sed

495 2467 584 2534 qui
612 2467 844 2522 nominis
876 2468 1033 2523 [idem
1063 2471 1426 2524 servaverint.
1481 2469 1804 2525 Recordatus
1864 2472 2074 2525 miseri-

498 2559 691 2612 cordiae
748 2575 883 2624 suae,
942 2562 1080 2614 sicut
1114 2560 1320 2615 locutus
1366 2571 1442 2615 est
1483 2562 1551 2615 ad
1596 2573 1773 2631 patres
1831 2572 2065 2628 nostros,

500 2648 768 2705 Abraham
815 2659 865 2706 et
919 2650 1076 2705 Isaac
1106 2661 1152 2706 et
1183 2652 1376 2719 Iacob,
1409 2663 1455 2708 et
1503 2654 1688 2708 semini
1728 2654 1842 2723 ejus
1888 2657 1943 2709 in
1977 2670 2076 2710 sre-

499 2743 620 2795 rula
650 2743 665 2783 ἱ
689 2782 705 2797 .

577 2832 905 2889 Valicinium
930 2849 1035 2890 non
1065 2849 1223 2890 suum
1255 2836 1534 2900 duntaxat,
1574 2838 1668 2893 sed
1708 2846 1762 2891 et
1791 2838 2079 2907 propheta-

504 2940 622 2977 rnm
657 2925 891 2979 absolvit
919 2926 1310 2995 pollicitatione
1343 2926 1457 2990 Dei,
1502 2928 1594 2997 qui
1647 2943 1715 2983 ex
1757 2929 1870 2997 ipsa
1902 2931 2080 2984 nasci-

2162 1833 2405 1898 πίσαντι,
2418 1830 2869 1903 ἐξαπεστάλησαν
2890 1832 3060 1890 κενοὶ,
3082 1828 3249 1900 μηδὲν
3268 1828 3314 1859 ³⁸
3332 1826 3748 1897 ἐπιφερόμενοι,

2167 1919 2306 1988 μήτε
2356 1918 2561 1984 πίστιν,
2603 1919 2743 1989 μήτε
2787 1917 3012 1987 γνῶσιν,
3058 1918 3197 1987 μήτε
3242 1915 3436 1969 ἐλπίδα
3486 1913 3746 1983 ἀγαθῶν·

2164 2009 2277 2062 ἀλλ’
2304 2009 2695 2064 ὲκπεπτώκασι
2720 2010 2816 2063 καὶ⁵
2840 2009 2938 2080 τῆς
2960 2008 3207 2079 ἐπιγείου
3243 2006 3625 2080 Ἰερουσαλὴμ,
3655 2007 3754 2058 καὶ

2165 2102 2261 2172 τῆς
2295 2101 2598 2171 μελλούσης
2628 2102 2794 2172 ζωῆς.

2239 2193 2346 2246 KE'
2415 2192 2799 2248 Ἀντελὰϐετο
2832 2192 3080 2261 Ἰσραὴλ
3116 2191 3331 2260 παιδὸς
3376 2192 3603 2248 αὑτοῦ·
3649 2191 3753 2244 οὐκ

2169 2284 2501 2354 ὀνοματίζει,
2534 2284 2628 2337 τὸν
2664 2284 2916 2356 ἀληθινὸν
2952 2283 3239 2354 σημαίνειο
3266 2285 3329 2338 οὐ
3365 2286 3493 2348 τούς
3522 2284 3753 2353 ὀνόματι

2173 2377 2628 2450 σεμνυνομένους,
2666 2376 2803 2430 ἀλλὰ
2826 2378 2953 2441 τοὺς
2986 2377 3085 2448 τὴν
3138 2377 3323 2430 πίστιν
3357 2373 3753 2447 διατετηρηκό-

2174 2488 2276 2533 τας
2302 2471 2401 2542 τῆς
2442 2469 2838 2541 προσηγορίας.
2879 2469 3241 2537 Μνησθῆναι
3291 2468 3528 2532 ἐλέους,
3561 2465 3756 2531 καθὼς

2173 2565 2442 2633 ἐλάλησε
2483 2564 2634 2633 πρὸς
2685 2563 2827 2628 τοὺς
2858 2563 3115 2632 πατέρας
3160 2562 3349 2632 ἡμῶν,
3375 2560 3456 2625 τῷ
3495 2559 3756 2631 Ἀϐραὰμ

2175 2656 2274 2710 καὶ
2324 2655 2405 2722 τῷ
2451 2656 2659 2711 Ἰσαὰκ
2705 2654 2803 2709 καί
2845 2653 2926 2720 τῷ
2960 2653 3187 2719 Ἰακὼϐ,
3221 2655 3319 2707 καὶ
3347 2651 3428 2717 τῷ
3458 2653 3755 2721 σπέρματι

2177 2747 2362 2803 αὑτοῦ
2386 2749 2474 2813 εἷς
2503 2748 2611 2801 τὸν
2628 2746 2835 2801 αἰῶνα.

2248 2837 2459 2891 Τελειοῖ
2481 2837 2581 2909 τὴν
2613 2836 2967 2908 προφητείαν,
3012 2836 3072 2890 οὐ
3108 2837 3270 2905 μόνον
3302 2834 3400 2905 τὴν
3432 2834 3592 2897 ἰδίαν,
3619 2830 3757 2886 ἀλλὰ

2182 2931 2275 2984 καὶ
2318 2928 2425 2983 τῶν
2461 2929 2758 3000 προφητῶν
2796 2927 2938 2981 κατὰ
2969 2929 3070 2998 τὴν
3107 2925 3441 2995 ἐπαγγελίαν
3478 2924 3574 2977 τοῦ
3618 2920 3757 2976 Θεοῦ

505 3024 657 3066 turus
680 3026 798 3067 erat
823 3018 1129 3071 communis
1177 3017 1429 3070 Salvator
1451 3015 1608 3075 Jesus
1635 3020 1905 3075 Christus.
1953 3020 2071 3073 Non

2186 3021 2475 3093 μέλλοντος
2497 3018 2557 3084 ἐξ
2586 3019 2759 3087 αὐτῆς
2790 3017 3102 3086 γεννᾶσθαι,
3143 3017 3238 3069 τοῦ
3282 3014 3463 3069 κοινοῦ
3504 3013 3758 3083 Σωτῆρος

506 3106 793 3161 humiliora
820 3107 1002 3177 itaque
1046 3110 1374 3163 vaticinatur
1400 3109 1592 3177 Maria,
1622 3112 1751 3164 dum
1792 3112 2076 3181 perfectis-

505 3199 658 3253 simae
686 3199 1077 3267 dispensationi
1106 3200 1417 3265 ministrat;
1468 3209 1521 3255 et
1570 3200 1806 3255 exsultat
1849 3204 2078 3272 spiritus

506 3289 625 3358 ejus
649 3290 700 3342 in
733 3287 982 3345 Domino.
1018 3290 1264 3346 Exsultet
1298 3298 1354 3344 et
1399 3289 1640 3346 Ecclesia
1679 3291 1734 3345 in
1765 3306 1969 3361 sponso
2016 3307 2080 3348 ac

510 3381 809 3437 Salvatore.
852 3383 909 3437 Si
940 3385 1085 3437 enim
1112 3384 1328 3438 laetatur
1355 3382 1442 3436 illa
1476 3381 1557 3435 vel
1609 3390 1738 3435 ante
1760 3384 1942 3450 operis
1964 3385 2078 3438 exi-

511 3485 644 3539 tum,
677 3475 767 3542 qui
801 3489 904 3528 non
944 3476 1115 3543 magis
1145 3475 1396 3542 congruit
1426 3485 1482 3529 ut
1529 3472 1773 3527 Ecclesia
1821 3474 1934 3542 jam
1986 3477 2078 3531 de-

508 3574 763 3630 sponsata
791 3573 846 3617 et
872 3579 965 3632 per
995 3565 1221 3634 angelici
1253 3567 1522 3621 sermonis
1549 3566 1853 3622 doctrinam
1904 3572 2081 3625 sancti

512 3655 706 3723 Sponsi
745 3655 1076 3725 setninejam
1107 3657 1413 3724 fecundata,
1439 3663 1607 3718 multo
1636 3665 1807 3735 magis
1827 3665 2081 3736 gaudeat,

511 3757 567 3802 et
600 3748 834 3816 gaudeat
866 3750 1251 3815 indesinenter,
1284 3760 1339 3807 et
1368 3755 1630 3810 miriﬁcas
1676 3757 1886 3825 gratias
1934 3767 2083 3827 agat,

518 3849 573 3893 et
614 3840 834 3895 virtutis
861 3842 1118 3910 operibus
1167 3844 1385 3913 placere
1436 3847 1653 3901 studeat
1701 3846 1942 3911 Christo,
1993 3847 2085 3917 qui

517 3929 690 3983 factus
716 3939 800 3984 est
828 3931 876 3985 ei
909 3930 1200 3988 Salvator?
1237 3934 1335 3988 Cui
1379 3936 1547 4005 gloria
1599 3948 1649 3992 ct
1698 3938 1981 4007 imperium
2032 3939 2084 3991 in

514 4020 711 4076 Saecula
732 4021 1076 4077 saeculorum.
1109 4023 1300 4081 Amen.

1990 4407 2963 4434 m—

2192 3112 2367 3184 Ἰησοῦ
2410 3109 2673 3182 Χριστοῦ.
2715 3111 2829 3164 Οὐκ
2869 3109 2964 3163 οὖν
2991 3109 3350 3179 εὐτελέστερα
3389 3102 3757 3177 μὲνήΜαρία

2182 3204 2537 3275 προφητεύει,
2570 3206 2637 3273 τῇ
2667 3202 2980 3272 τελειοτάτη
3008 3201 3293 3270 οἰκονομίᾳ
3322 3196 3719 3265 διακονουμένη
3741 3212 3755 3224 ·

2181 3298 2276 3350 καὶ
2299 3295 2595 3364 ἀγάλλεται
2627 3294 2797 3364 αὐτῆς
2828 3293 2889 3345 τὸ
2918 3293 3137 3362 πνεῦμα
3166 3292 3256 3343 ἐπὶ
3298 3288 3373 3358 τῷ
3402 3289 3614 3356 Κυρίῳ.
3653 3286 3761 3338 Εὐ-

2184 3387 2498 3458 φραινὲσθω
2530 3386 2585 3439 δὲ
2617 3385 2711 3439 καὶ
2742 3387 2776 3455 ἡ
2819 3384 3121 3453 Ἐκκλησία
3161 3381 3247 3435 ἐπὶ
3288 3378 3363 3449 τῷ
3391 3377 3616 3447 νυμφίῳ
3663 3379 3761 3430 καὶ

2185 3481 2418 3550 Σωτῆρι.
2446 3480 2509 3532 El
2532 3478 2641 3547 γὰρ
2666 3476 2848 3546 ἐκείνη
2874 3475 3201 3546 εὐφραίνετο
3220 3473 3315 3526 καὶ
3336 3468 3444 3541 πρὸ
3468 3469 3570 3539 τῆς
3597 3467 3761 3521 ὲκδάο
3840 3485 3851 3495 ·

2188 3588 2328 3634 σεως
2352 3571 2444 3624 τοῦ
2469 3571 2652 3639 ἔργου,
2683 3567 2800 3632 πῶς
2824 3569 2885 3620 οὐ
2915 3566 3112 3638 μᾶλλον
3151 3564 3259 3635 χρὴ
3292 3562 3390 3633 τὴν
3426 3559 3758 3629 Ἐκκλησίαν

2187 3662 2610 3733 νυμφευθεῖσαν,
2643 3659 2735 3711 καὶ
2759 3657 2861 3728 ἢδη
2884 3657 2955 3709 τὰ
2986 3654 3277 3725 σπέρματα
3302 3650 3399 3702 τοῦ
3437 3650 3598 3717 ἁγίου
3626 3664 3759 3717 νυμ-

2183 3758 2305 3824 φίου
2331 3752 2635 3823 δεξαμένην
2654 3753 2722 3821 τῇ
2746 3748 3068 3819 διδασκαλίᾳ
3103 3745 3213 3800 τῶν
3237 3741 3550 3812 ἁγγελικῶν
3572 3741 3759 3807 λόγων,

2183 3847 2346 3901 πλέον
2390 3846 2490 3913 μὲν
2524 3841 2935 3915 εὐφραίνεσθαι,
2976 3838 3337 3901 ἀδιαλείπτως
3375 3835 3435 3887 δὲ
3463 3832 3759 3901 ἁγγαλλιᾶ-

2188 3940 2332 4001 σθαι,
2369 3937 2713 4009 εὐχαριστεῖν
2742 3934 2799 3986 δὲ
2833 3930 3317 4004 ὑπερϐαλλόντως,
3365 3928 3669 3997 εὐδοκιμεῖν
3708 3923 3758 3976 δὲ

2188 4031 2531 4101 ἀρεσκόντως
2557 4028 2616 4079 ὲν
2640 4026 2825 4097 ἔργοις
2850 4024 3052 4094 ἀρετῆς
3081 4021 3158 4092 τῷ
3200 4019 3638 4093 παραγενομένῳ
3664 4016 3761 4069 Σω-

2188 4123 2316 4190 τῆρι
2363 4117 2619 4190 Χριστῷ;
2651 4109 2721 4188 ᾯ
2770 4118 2804 4186 ἡ
2846 4114 2974 4179 δόξα
3030 4114 3128 4168 καὶ
3174 4113 3236 4166 τὸ
3274 4113 3477 4183 κράτος
3530 4111 3611 4171 είς
3648 4106 3760 4168 τοὺς

2190 4210 2394 4274 αἰῶνας
2430 4210 2540 4263 τῶν
2576 4207 2808 4263 αἰώνων.
2848 4206 3046 4277 Ἀμήν.

3406 4385 3757 4405 -—-—-——-I.

2966 4411 3397 4424 .______————

1714 4569 2555 4677 FRAGMENTA.

522 4751 936 4842 ΑλΥΪῘΞΑΊᾝΙ
988 4760 1065 4830 (1)
1110 4761 1349 4842 .epist'Opi
1379 4759 1586 4842 [instrue
1634 4758 2071 4842 Contrad’ia’ionq

2197 4757 2667 4842 ANIIHATPQ'T
2717 4756 3057 4842 ἐχεῖτο-κόπου
3092 4748 3767 4842 ξόσῖρηςρᾋιξὲἐηςές

594 4824 647 4910 ἔῃ
667 4822 1006 4910 'Eusebium'
1039 4822 1337 4910 episcopum
1391 4829 1653 4910 Cresareia
1685 4846 1795 4910 .pro
1851 4828 2094 4910 Qrigeuis

593 4895 914 4963 defensioue,
947 4895 1117 4952 sermo
1144 4895 1367 4969 primus,
1397 4899 1547 4967 cujus
1578 4895 1786 4952 initium
1813 4908 1888 4953 est
1917 4915 1935 4952 :

597 5074 711 5144 Ego
761 5076 975 5144 quidem
1035 5076 1366 5133 suﬂieienter
1431 5077 1763 5132 aestimabam
1822 5093 1910 5133 me
1960 5081 2096 5133 scri-
2130 5091 2171 5145 υ

525 5168 721 5245 psisse,
753 5178 803 5222 et
828 5169 911 5224 bis
941 5184 1059 5239 qua:
1095 5184 1123 5223 a
1159 5181 1245 5224 tua
1285 5171 1572 5225 sanctitate
1594 5169 1742 5240 jussa
1767 5181 1911 5231 sunt,
1946 5172 2105 5225 satis.

661 5282 787 5337 Luc.
814 5299 851 5348 t,
890 5284 980 5338 52.
1062 5283 1082 5323 ί
1120 5283 1311 5339 Matth.
1344 5298 1500 5350 xxm,
1532 5285 1606 5353 6;
1642 5285 1773 5340 Luc.
1803 5301 1877 5350 χι,
1908 5287 1997 5340 45.

2178 5303 2262 5343 uc.
2298 5305 2334 5354 I,
2367 5290 2455 5343 55.
2532 5290 2555 5328 h
2595 5288 2723 5344 ibid.
2761 5286 2846 5341 54.

2271 4827 2382 4896 τῆς
2402 4826 2702 4897 Εὐσεϐίουᾼ
2728 4825 3063 4897 ἐπισκόπου
3098 4820 3462 4897 Καισαρείας
3488 4820 3643 4883 ὑπὲρ
3659 4820 3768 4897 ftis:

2270 4880 2612 5033 fﬁrgérovc
2674 4895 3026 4963 ἀπολογίας,
3075 4892 3257 4961 λόγος
3286 4880 3570 4955 πρῶτος,
3602 4880 3688 4941 ρῦ
3741 4889 3773 4955 ἡ

2302 4985 2380 5035 ρχ
2444 4983 2459 4997 ’

2287 5080 2427 5148 Ἐγὼ
2460 5082 2557 5152 μὲν
2590 5078 2906 5151 ἀρκούντως
2936 5074 3191 5147 ἐνόμιζον
3219 5071 3662 5144 γεγραφηκέναι,
3688 5065 3773 5120 καὶ

2213 5173 2273 5226 τὸ
2308 5172 2489 5226 ἱκανὸν
2516 5175 2627 5235 τοῖς
2669 5170 2818 5240 παρὰ
2847 5168 2946 5239 τῆς
2990 5168 3089 5238 σῆς
3123 5166 3410 5235 ὁσιότητος
3460 5157 3772 5231 ἐπιταχθεὶς

2925 5286 2942 5324 ί
2984 5284 3114 5341 ibid.
3149 5283 3234 5338 55.

1819 5378 2049 5433 VARUS
2096 5380 2501 5436 LECTIOMZS.

596 5462 642 5497 ι’
666 5462 800 5518 Cod.
832 5458 922 5522 ὧν.
1005 5466 1048 5499 ιο
1079 5466 1209 5521 Cod.
1242 5463 1317 5535 μὴ
1341 5466 1447 5519 δέν.

2047 5537 2285 5594 NOTAE.

602 5647 678 5716 (Ι)
707 5645 897 5710 Maxst,
941 5644 1098 5700 Cone.
1134 5663 1248 5716 gen.
1283 5658 1318 5701 ι.
1356 5647 1490 5715 ΧΙΗ,
1526 5665 1576 5723 p.
1614 5648 1731 5703 177.
