4014 6122
386 216 523 279 1733

1764 220 2249 281 FRAGMENTA.
3076 236 3115 251 ’

3505 228 3639 290 1791

383 327 635 395 ποιῆσαι,
666 324 738 380 τὰ
781 326 959 381 πάντα
1003 327 1387 398 θεοφιλέστατε
1437 328 1533 382 καὶ
1562 327 1822 383 ὁσιώτατε
1853 330 1957 383 πά-

2064 331 2277 399 tecisse,
2303 345 2400 401 per
2424 332 2602 387 omnia
2628 332 2740 388 Deo
2757 333 3005 390 amabilis
3035 342 3082 392 et
3112 337 3453 393 sanctissime
3485 355 3639 409 pater

381 434 477 488 τερ
514 416 758 488 Ἰωάννη.
799 418 908 472 Kal
947 419 1076 488 μετ’
1117 420 1324 490 ὀλίγα·
1374 420 1593 490 Ἐπειδὴ
1632 420 1744 491 γὰρ
1794 421 1960 473 πολυ-

380 511 556 578 ἵστωρ
591 510 619 563 ὁ
647 509 788 580 ἀνὴρ
838 510 1054 578 γέγονε,
1097 511 1277 575 πάσας
1305 514 1406 575 τὰς
1433 512 1543 566 τῶν
1587 512 1959 584 ἀρχαιοτέρων

384 602 602 673 βίϐλους
626 619 687 654 τε
722 602 819 656 καὶ
862 604 1281 675 συγγράμματα
1313 605 1676 676 ἐξερευνήσας
1721 606 1817 659 καὶ
1866 606 1960 659 ἀν·
1994 675 1998 682 Ι

384 707 661 765 ιχνευσας,
688 694 899 759 καὶτὰς
930 698 1149 752 πάντων
1182 696 1382 768 μικροῦ
1411 699 1522 751 δεῖν
1544 699 1703 765 δόξας
1724 698 1958 768 ἐκθέμε-

379 805 493 853 νος,
518 789 614 842 καὶ
647 789 875 843 πλεῖστα
896 790 1315 861 συγγράμματα
1346 792 1683 863 καταλείψας
1712 792 1792 863 τῷ
1820 792 1919 864 βίῳ
1939 808 1955 825 ο

378 874 454 935 ὧν
505 881 623 936 ἔνια
676 882 771 937 καὶ⁵
830 883 1012 955 πάσης
1065 883 1340 954 ἀποδοχῆς
1388 883 1515 949 ἀξια
1563 885 1858 955 τυγχάνει·
1887 887 1954 954 τῇ

379 973 605 1044 τοιαύτῃ
644 972 738 1026 τοῦ
781 972 973 1044 ἀνδρὸς
1023 974 1290 1045 ὑπολήψει
1332 975 1625 1047 χρώμενοι,
1671 974 1955 1046 συναρπά-

381 1065 495 1128 ζειν
540 1065 910 1134 ἐπιχειροῦσιν
945 1065 1143 1129 ένίους,
1182 1066 1256 1129 ὡς
1282 1068 1386 1132 ὅτι,
1420 1067 1606 1137 φησὶν,
1652 1067 1751 1120 οὐκ
1778 1065 1845 1120 ἂν
1884 1066 1958 1119 εἴ·

380 1154 502 1207 λετο
524 1155 783 1218 Εὐσέϐιος
812 1155 906 1209 ἐπὶ
931 1156 1088 1209 τοῦτο
1117 1157 1265 1218 ἰδεῖν,
1304 1159 1353 1211 εί
1394 1158 1469 1229 μὴ
1499 1159 1680 1219 πάσας
1712 1158 1957 1228 ἀκριϐῶς

379 1246 651 1315 ἠπίστατο
672 1248 782 1300 τῶν
808 1249 1055 1302 παλαιῶν
1085 1249 1185 1313 τὰς
1212 1250 1371 1315 δόξας
1412 1250 1570 1304 τοῦτο
1601 1250 1953 1321 βουλομένας.

391 1337 534 1404 Ἐγὼ
562 1338 640 1403 δὲ,
682 1341 793 1395 ὄτι.
821 1339 920 1409 μὲν
971 1340 1283 1411 πολυϊστωρ
1329 1343 1357 1393 ὁ
1390 1341 1551 1412 ἀνὴρ,
1584 1343 1678 1394 καὶ
1712 1342 1867 1394 οὐδέν
1904 1358 1956 1394 τι

378 1429 486 1482 τῶν
504 1430 881 1502 παλαιοτέρων
908 1422 1361 1502 συγγραμμάτων
1384 1430 1482 1501 τὴν
1500 1432 1714 1485 ἐκείνου
1744 1430 1955 1484 διέλαθε

378 1519 603 1588 γνῶσιν,
651 1521 907 1592 σύμφημι
955 1523 1051 1576 καὶ
1089 1523 1356 1593 ὁμολογῶ.
1395 1523 1658 1594 Βασιλικῇ
1691 1522 1801 1593 γάρ
1832 1539 1957 1574 συν-

377 1612 540 1683 εργίᾳ
569 1612 855 1683 χρώμενος
876 1653 891 1677 ,
948 1614 1146 1684 ῥαδίως
1176 1615 1245 1667 τὰ
1274 1614 1555 1686 πανταχοῦ
1591 1614 1728 1684 πρὸς
1765 1612 1955 1667 ἑαυτὸν

2064 420 2324 479 Joannes.
2370 424 2438 478 Et
2468 436 2584 495 post
2612 443 2821 495 pauca:
2847 426 3113 493 Quoniam
3147 430 3348 485 multus
3378 430 3429 483 in
3463 431 3637 488 histo-

2064 513 2163 569 riis
2213 513 2314 570 l'uit
2347 517 2452 579 vir,
2497 519 2676 572 omnia
2709 519 3058 587 antiquorum
3095 520 3371 575 volumina
3417 532 3473 579 et
3505 539 3637 579 con-

2065 606 2265 675 scripta
2291 616 2565 663 scrutatus
2590 619 2755 678 atque
2803 610 3050 677 rimatus,
3097 620 3151 664 et
3190 622 3420 677 cunctas
3467 613 3640 670 ferme

2064 696 2349 765 Opiniones
2371 712 2670 768 exponens,
2687 709 2737 754 et
2764 699 2994 769 plurima
3018 702 3327 769 conscripta
3358 703 3410 756 in
3440 706 3642 759 saeculo

2064 787 2484 858 derelinquens,
2531 805 2761 859 quorum
2811 792 3064 845 nonnulla
3131 794 3275 847 omni
3329 796 3641 863 receptione

2064 876 2224 948 digna
2255 880 2579 944 consisumt,
2621 882 2748 936 talis
2788 883 2886 935 viri
2916 884 3171 953 opinione
3198 893 3439 952 utentes,
3467 887 3638 941 subri-

2062 983 2193 1037 pere
2224 979 2495 1023 conantur
2535 971 2844 1036 nonnullos,
2898 974 3131 1029 fatentes
3182 976 3323 1043 quod
3369 975 3641 1033 Eusebius

2064 1063 2175 1132 (I7)
2231 1063 2298 1116 ad
2354 1064 2457 1118 hoc
2511 1080 2617 1118 non
2669 1067 2973 1121 traheretur
3013 1066 3231 1135 vidisse,
3296 1069 3398 1123 nisi
3447 1084 3639 1124 omnes

2064 1150 2130 1203 ad
2189 1150 2450 1219 liquidum
2502 1162 2745 1207 veterum
2803 1154 2969 1209 sciret
3019 1157 3306 1225 opiniones
3357 1158 3457 1214 hoc
3502 1158 3639 1212 velle

2064 1251 2454 1298 monstrantes.
2482 1244 2550 1298 At
2579 1260 2702 1314 ego,
2734 1247 2876 1313 quod
2909 1247 3110 1303 multus
3135 1249 3351 1317 quidem
3382 1250 3434 1303 iu
3466 1250 3638 1305 histo-

2063 1333 2162 1387 riis
2192 1333 2358 1388 fuerit
2386 1335 2490 1402 vir,
2515 1347 2571 1391 et
2594 1336 2725 1392 nihil
2752 1353 2816 1392 ex
2848 1338 3121 1393 veteribus
3141 1340 3637 1409 conscriptionibus

2063 1424 2209 1479 illius
2281 1424 2503 1481 latuerit
2559 1428 2848 1493 notitiam,
2900 1432 3182 1485 consentio
3248 1441 3302 1485 et
3352 1430 3633 1489 confiteor.

2061 1518 2335 1588 Imperiali
2350 1520 2547 1590 quippe
2567 1522 2950 1589 cooperatione
2966 1539 3114 1589 usus,
3133 1522 3290 1577 facile
3303 1538 3422 1593 qua:
3437 1524 3638 1594 ubique

2061 1625 2250 1680 sparsa
2304 1621 2497 1674 erant,
2555 1613 2807 1682 colligere
2861 1624 3095 1684 poterat.
3157 1614 3274 1670 Non
3332 1624 3513 1671 autem
3570 1617 3635 1669 ad

377 1707 633 1773 συνάγειν
660 1705 912 1775 ἠδύνατο.
938 1706 1137 1759 Οὐκέτι
1156 1706 1213 1759 δὲ
1248 1707 1385 1777 πρὸς
1406 1707 1504 1775 τὴν
1530 1705 1641 1759 τῶν
1671 1705 1959 1774 δογμάτων

2063 1703 2371 1773 dogmatum
2404 1703 2661 1757 acribiam
2690 1703 2804 1774 (l8)
2828 1704 2971 1758 hunc
3003 1706 3317 1775 pervenisse
3354 1705 3632 1773 perhibeo.

377 1796 668 1866 ἀκρίϐειαν
703 1797 908 1864 φθάσαι
934 1799 1079 1867 φημὶ
1103 1798 1194 1851 τὸν
1225 1798 1587 1868 ἀνδρα.⁹Ὀθεν
1617 1796 1960 1867 πολυμαθίας

378 1889 479 1957 μὲν
510 1890 939 1959 παραχωρητέον
982 1889 1153 1961 αὐτῷ,
1192 1890 1478 1960 δογμάτων
1509 1890 1567 1944 δὲ
1593 1889 1799 1959 γνῶσιν
1828 1890 1957 1943 ούκο

377 1981 496 2035 ἐτι·
542 1980 681 2033 ἀλλά
725 1982 823 2034 καὶ
866 1981 1011 2034 πάνυ
1069 1982 1302 2035 κατόπιν
1335 1982 1527 2035 τοῦτον
1566 1984 1668 2048 τῆς
1701 1981 1963 2052 τοιαύτης

377 2072 663 2146 ἀκριϐείας
691 2073 984 2142 γενόμενον
1004 2073 1375 2144 ἐπιστάμεθα.
1405 2073 1515 2128 Kal
1531 2074 1680 2143 μετὰ
1702 2073 1960 2142 βραχέα·

377 2163 543 2216 Ὥστε
575 2162 662 2232 δὴ,
717 2164 806 2217 ἵνα
852 2164 926 2233 μὴ
961 2164 1205 2234 δόξωμεν
1251 2163 1606 2234 ἐπεμϐαίνειν
1651 2162 1729 2233 τῷ
1779 2162 1958 2232 ἀνδρὶ,

378 2254 506 2322 περὶ
537 2246 611 2305 ὧν
635 2254 695 2305 οὐ
726 2254 1017 2323 πρόκειται
1045 2257 1178 2323 ἡμῖν
1210 2256 1302 2306 ἐπὶ
1328 2253 1422 2307 τοῦ
1450 2256 1719 2326 παρόντος
1755 2254 1957 2321 λέγειν,

378 2345 464 2398 ἴνα
523 2345 907 2415 βασανίζοντες
952 2346 1093 2415 πρὸς
1154 2346 1447 2416 ἀκρίϐειαν
1500 2347 1601 2416 τὴν
1657 2347 1960 2417 γενομένην

379 2438 711 2506 ἀπολογίαν,
758 2437 1074 2508 αἰρετικοὺς
1116 2437 1493 2507 ἀποδείξωμεν
1545 2438 1673 2501 τοὺς
1722 2437 1962 2508 ἀμφοτέ-

379 2546 528 2600 ρους,
578 2530 743 2583 αὐτόν
773 2547 833 2583 τε
878 2531 970 2583 τὸν
1019 2532 1523 2602 ἀπολογησάμενον,
1568 2532 1784 2585 καὶτὸν
1820 2532 1962 2602 ὑπὲρ

379 2622 499 2673 ὅτου
533 2621 632 2691 τὴν
659 2620 956 2690 ἀπολογίαν
981 2605 1271 2688 συνέταξε.
1304 2623 1415 2677 Καὶ
1440 2625 1581 2691 μηθ’
1627 2622 1819 2691 ἕτεραο
1851 2625 1964 2676 Δεῖ-

379 2711 470 2776 ξον
509 2714 707 2784 τρανὸν
746 2714 842 2766 καὶ
870 2715 1242 2784 ἁναμφίϐολόν
1279 2732 1402 2769 τινα
1431 2714 1542 2767 τῶν
1575 2715 1676 2784 τῆς
1727 2714 1962 2784 Ἐκκλη-

381 2804 503 2867 σίας
554 2805 828 2873 διαφανῶν
871 2806 1235 2872 διδασκάλων,
1266 2807 1351 2859 ὅτι
1398 2807 1852 2878 προῦπάρχουσιν
1905 2808 1960 2859 at

378 2899 489 2951 τῶν
525 2899 827 2970 ἀνθρώπων
851 2898 1042 2969 ψυχαὶ,
1071 2899 1478 2969 δογματίσαντα
1501 2918 1513 2931 ’
1549 2901 1644 2953 καὶ
1670 2899 1746 2970 μὴ
1779 2915 1961 2969 παρα·

380 2991 673 3060 λογισμούς
702 3009 853 3055 τινας
888 2991 1187 3062 προφέρειν
1218 2991 1396 3063 πειρῶ
1429 2994 1508 3055 είς
1548 2989 1846 3056 ἀπόδειξιν.
1887 2990 1960 3043 Τὸ

380 3083 488 3150 γὰρ
518 3080 793 3133 δεικνύναι
839 3098 899 3133 σε
937 3081 1208 3147 σπεύδειν,
1241 3080 1341 3153 τὴν
1384 3081 1480 3133 τοῦ
1515 3080 1647 3134 Υἰοῦ
1692 3079 1830 3149 πρὸς
1866 3079 1958 3133 τὸν

382 3172 603 3242 Πατέρα
643 3172 907 3225 ὑπόϐασιν
964 3173 1166 3241 ὁμοίως
1228 3171 1378 3242 αύτῷ
1423 3189 1578 3235 τινας
1629 3171 1954 3242 εἰρηκότας,

381 3261 601 3331 πρῶτον
647 3263 744 3332 μὲν
773 3262 834 3314 οὐ
877 3261 1211 3331 ξενισθῶμεν
1238 3275 1252 3289 °
1288 3260 1383 3313 σοῦ
1413 3259 1521 3329 γάρ
1556 3260 1654 3312 καὶ
1687 3257 1794 3309 τῶν
1833 3259 1960 3327 περὶ

381 3352 440 3405 σὲ
475 3354 506 3422 ἡ
540 3352 765 3422 τοιαύτη
799 3353 946 3418 δόξα.
977 3351 1141 3404 Ὅθεν
1171 3352 1300 3421 περί
1335 3350 1529 3403 τούτου
1569 3348 1662 3402 ἐπὶ
1689 3347 1782 3400 τοῦ
1814 3364 1959 3416 παρ-

380 3447 533 3508 όντος
582 3445 738 3513 λόγος
793 3446 925 3515 ἡμῖν
973 3444 1172 3509 οὐδεὶς,
1233 3444 1403 3499 πάλαι
1456 3444 1554 3513 μὲν
1603 3442 1958 3513 οἰκουμενικῇ

379 3537 609 3606 ζητήσει
638 3536 1040 3606 ύποϐληθέντος
1070 3536 1167 3589 καὶ
1191 3534 1689 3604 ἀποκηρυχθέντος.
1718 3536 1809 3604 Μὴ
1840 3535 1961 3585 πεί-

381 3626 572 3679 θεσθαι
602 3627 656 3679 δὲ
688 3628 747 3679 ὲν
780 3626 955 3697 τούτῳ
980 3625 1091 3697 [ἵσ.
1120 3625 1257 3693 μήτε
1288 3620 1571 3674 πείθεσθαι
1600 3620 1719 3672 δέον
1740 3618 1959 3689 τούτῳ],

382 3720 521 3791 μηδὲ
551 3720 616 3772 δι’
648 3717 743 3780 οὓς
789 3717 962 3769 ταῦτα
990 3717 1121 3785 ἡμῖν
1166 3713 1479 3784 πρόκειται,
1515 3709 1826 3778 βασανίζειν
1851 3726 1863 3738 ·
1901 3708 1962 3759 τὸ

378 3815 439 3867 δὲ
459 3812 621 3883 ψιλὴν
656 3812 754 3880 τὴν
783 3810 911 3879 περὶ
936 3807 1119 3879 ἀρχῶν
1143 3807 1327 3876 φωνὴν
1350 3803 1678 3864 διαϐάλλειν,
1708 3801 1961 3871 οὐδαμῶς

378 3904 533 3975 παρά
557 3920 701 3963 τινος
724 3901 886 3971 μέχρι
915 3898 1011 3952 τοῦ
1036 3896 1131 3950 νῦν
1158 3897 1424 3965 ἀκήκοας,
1452 3888 1497 3948 ὦ
1524 3892 1664 3946 δεινὲ
1692 3894 1959 3963 συνήγορε

374 4002 492 4059 τοῖς
531 3996 842 4064 Ὠριγένους
872 3994 1049 4063 ἀτοπή
1059 4007 1251 4061 μασιν.¹

382 4136 522 4191 ΤΟΥ
574 4133 823 4187 ΑΥΤΟΥ
854 4130 1065 4200 (1).Ἐκ
1093 4126 1408 4200 τοῦ-λόγου
1452 4124 1562 4200 τοῦ
1597 4126 1683 4189 εὶς
1712 4123 1827 4190 τὴν
1869 4126 1958 4177 al-

825 4193 1089 4271 ιὶόρρουν
1112 4215 1125 4228 ·
1147 4193 1219 4252 οὗ
1248 4197 1285 4263 ἡ
1307 4193 1465 4265 ἀρχή
1492 4212 1505 4225 °

455 4318 576 4369 ’Ὁτι
630 4316 729 4386 μὲν
780 4313 972 4385 πρώτη
1040 4310 1311 4364 Ἰουδαίων
1365 4308 1578 4379 κλῆσις,
1639 4305 1876 4371 ἐδίδαξεν
1921 4309 1953 4377 ἡ

377 4410 594 4479 Γραφή.
629 4406 737 4461 Καὶ
764 4406 893 4473 μεθ’
930 4403 1123 4471 ἕτεραι

453 4499 637 4553 Ταῦτα
666 4497 762 4551 τοῦ
797 4496 1069 4567 σωτηρίου
1100 4492 1409 4564 κρασπέδου
1452 4491 1726 4562 λαϐομένη
1768 4490 1953 4557 ἔλεγεν

377 4595 411 4663 ἡ
445 4591 768 4661 αἱμόρρους,
798 4588 873 4651 ὡς
904 4584 1129 4658 βασιλέα
1171 4586 1268 4655 τῆς
1298 4583 1513 4652 φύσεως
1554 4580 1830 4652 κρατοῦσα
1861 4580 1953 4631 τὸν

379 4682 610 4751 Κύριον,
648 4680 743 4731 καὶ
773 4678 868 4730 τοῦ
902 4678 1108 4739 πάθους
1146 4675 1245 4746 τὴν
1276 4674 1567 4746 τυραννίδα
1599 4673 1961 4726 διδάσκουσα..

381 4774 493 4826 Καὶ
516 4770 754 4841 τυχοῦσα
783 4770 880 4840 τῆς
905 4770 1135 4839 δωρεᾶς,
1167 4767 1466 4837 ἀνδριάντα
1512 4768 1698 4835 ἡγειρε
1730 4762 1807 4833 τῷ
1833 4763 1958 4832 Χρι-

380 4863 517 4932 στῷ,
551 4861 642 4914 τὸν
702 4860 806 4930 μὲν
828 4859 1056 4912 πλοῦτον
1105 4860 1308 4929 ἰατροῖς
1357 4856 1705 4917 ἀναλώσασα,
1753 4853 1849 4907 τοῦ
1897 4852 1953 4904 δὲ

381 4953 617 5006 πλούτου
646 4953 714 5005 τὰ
745 4951 1046 5021 λειπόμενα
1080 4950 1495 5019 προσενέγκασα
1519 4947 1597 5017 τῷ
1624 4944 1866 5018 Χριστῷ.

449 5086 593 5141 ΤΟΥ
624 5087 877 5141 ΑΥΤΟΥ
902 5086 998 5157 (:2).
1056 5087 1150 5139 Ἐκ
1201 5083 1319 5138 τῶν
1346 5083 1496 5137 κατὰ
1540 5083 1897 5153 Ὠριγὲνους.

466 5198 525 5251 '0
556 5200 663 5269 γάρ
702 5216 783 5251 τοι
812 5198 1057 5260 διάϐολος
1086 5197 1185 5266 τῆς
1212 5196 1388 5263 αὐτῆς
1421 5194 1690 5247 ἀθανάτου
1721 5192 1829 5245 τῶν
1861 5194 1959 5261 ἀγ-

385 5291 559 5359 γέλων
593 5292 852 5361 ὑπάρχων
875 5291 1053 5358 δόξης,
1088 5288 1163 5359 μὴ
1189 5289 1434 5357 τηρήσας
1458 5286 1556 5357 τὴν
1578 5286 1772 5339 ἑαυτοῦ
1804 5286 1959 5352 ἀξίαν

463 5471 571 5539 (l7)
609 5467 701 5522 Gr.
740 5466 1002 5522 noluisset
1036 5466 1139 5520 hoc
1183 5467 1473 5535 suscipere,
1520 5465 1633 5534 nisi,
1676 5464 1953 5519 videretur

385 5555 623 5593 venisse.

458 5612 564 5680 (l8)
600 5608 853 5661 Exat‘tam
883 5606 1262 5676 cognitionem.

2063 1790 2218 1849 Unde
2274 1794 2682 1849 concedendum
2733 1796 2949 1864 quidem
2995 1805 3077 1851 est
3133 1796 3228 1857 illi,
3281 1797 3425 1865 quod
3468 1795 3633 1849 multa

2062 1885 2314 1940 didicerit
2337 1904 2352 1952 ;
2376 1887 2520 1956 quod
2540 1896 2717 1941 autem
2739 1887 3050 1959 dogutatum
3066 1887 3315 1942 habuerit
3333 1888 3634 1950 notionem,

2065 1976 2216 2032 nullo
2242 1979 2403 2032 modo
2429 1995 2442 2031 :
2482 1993 2642 2045 quem
2674 1979 2932 2035 videlicet
2956 1980 3119 2035 nimis
3155 1978 3326 2035 fuisse
3349 1980 3537 2049 procul
3565 1982 3635 2032 ah

2063 2069 2256 2124 horum
2309 2068 2515 2123 acrihia
2551 2070 2774 2125 scimus.
2829 2069 2898 2124 Et
2946 2071 3107 2140 paulo
3157 2082 3316 2141 post:
3347 2071 3534 2140 Itaque
3570 2087 3638 2126 ne

2062 2161 2350 2217 videamur
2379 2163 2598 2232 aggredi
2635 2164 2833 2227 virum,
2872 2164 2938 2219 de
2977 2166 3177 2235 quibus
3214 2181 3320 2220 non
3351 2174 3435 2220 est
3481 2167 3636 2219 nobis

2065 2251 2555 2320 impraesentiarum
2584 2255 2794 2309 dicendi
2825 2257 3161 2324 propositum
3200 2274 3215 2323 ;
3250 2272 3425 2326 neque
3455 2256 3637 2311 disru-

2065 2344 2262 2399 tientes
2291 2344 2608 2415 diligentius
2642 2346 2946 2416 apologiam
2981 2363 3099 2415 qua:
3136 2346 3278 2403 facta
3310 2358 3418 2413 est,
3456 2349 3635 2403 haere-

2065 2437 2202 2492 ticos
2257 2439 2607 2493 ostendamus
2660 2449 2972 2508 utrumque,
3044 2440 3216 2507 ipsum
3275 2442 3487 2496 scilicet
3545 2441 3635 2507 qui

2063 2539 2380 2593 excusatur,
2424 2539 2480 2584 et
2516 2544 2641 2584 eum
2673 2532 2763 2600 qui
2791 2546 2888 2601 pro
2914 2545 2978 2587 eo
3021 2532 3424 2586 excusationem
3470 2546 3638 2600 expo—

2063 2619 2190 2673 suit.
2222 2621 2290 2674 Et
2307 2630 2422 2688 post
2446 2621 2555 2674 alia
2578 2635 2597 2674 :
2629 2620 2870 2677 Ostende
2890 2638 3218 2694 quemquam
3248 2640 3312 2678 ex
3335 2624 3638 2678 illustribus

2063 2709 2317 2765 Ecclesia:
2350 2713 2644 2782 magistris,
2692 2715 2781 2784 qui
2812 2728 3066 2784 expresse
3097 2725 3149 2769 et
3182 2715 3628 2782 indubitabiliter,

2064 2803 2208 2871 quod
2258 2801 2635 2870 prmexsistant
2663 2805 2877 2869 animae,
2925 2805 3378 2875 dogmatizaverit
3417 2825 3430 2860 :
3481 2818 3533 2860 et
3571 2823 3637 2859 ne

2064 2897 2446 2964 subrepliones
2490 2898 2751 2968 quasdam
2803 2898 3046 2969 proferre
3084 2909 3256 2953 tentes
3285 2901 3352 2953 ad
3388 2914 3640 2967 compro-

2064 2987 2358 3043 batiouem.
2417 2989 2548 3044 lllud
2592 2991 2734 3043 enim
2771 2992 2916 3059 quod
2978 2990 3359 3046 demonstrare
3389 2991 3637 3045 festinas.

2062 3076 2181 3132 Filii
2228 3076 2296 3130 ad
2336 3076 2554 3132 Patrem
2608 3078 2998 3144 subiectionem
3044 3081 3208 3133 etiam
3239 3080 3343 3134 sibi
3389 3078 3640 3135 similiter

2063 3169 2276 3238 aliquos
2333 3170 2645 3237 perhibere,
2695 3171 2870 3237 primo
2921 3169 3138 3239 quidem
3187 3186 3292 3226 non
3338 3171 3634 3225 miremur:

2064 3271 2152 3314 tua
2207 3270 2297 3315 est
2338 3271 2389 3315 et
2430 3276 2617 3315 eorum
2668 3262 2760 3330 qui
2795 3264 2938 3316 circa
2993 3274 3043 3316 te
3081 3271 3228 3325 sunt,
3274 3262 3397 3317 talis
3428 3261 3632 3330 opinio.

2063 3349 2217 3406 Unde
2272 3365 2371 3404 nec
2421 3367 2585 3421 super
2638 3353 2739 3406 hoc
2783 3353 2833 3405 iu
2889 3353 3138 3422 pra-senti
3189 3351 3344 3408 nobis
3377 3352 3521 3407 ullus
3550 3363 3637 3408 est

2062 3456 2267 3504 sermo.
2303 3459 2423 3498 cum
2465 3443 2721 3499 videlicet
2770 3443 3058 3498 universali
3111 3444 3182 3498 sit
3232 3443 3361 3499 olim
3401 3444 3634 3514 inquisi-

2064 3535 2211 3590 tione
2245 3536 2547 3605 projectum
2600 3536 2712 3606 (I9)
2756 3545 2915 3606 atque
2958 3535 3269 3605 repulsum:
3322 3544 3378 3590 et
3420 3551 3524 3589 non
3577 3536 3633 3589 in

2064 3624 2168 3678 hoc
2217 3625 2524 3692 obediatur,
2572 3642 2748 3696 neque
2782 3628 3103 3682 discutiatur
3129 3637 3349 3696 propter
3384 3642 3499 3694 eos,
3535 3642 3634 3697 pro

2063 3713 2262 3784 quibus
2291 3716 2405 3769 hac
2435 3716 2590 3769 nobis
2633 3720 2906 3784 proposita
2953 3728 3097 3771 sunt.
3140 3718 3309 3773 Porro
3337 3734 3486 3787 purae
3515 3718 3631 3772 voci

2063 3820 2183 3874 qua:
2202 3814 2285 3859 est
2304 3805 2635 3860 Pcriarchon
2659 3808 2896 3871 detrahi,
2929 3823 3271 3875 nequaquam
3301 3825 3329 3863 a
3361 3824 3632 3879 quoquam

2064 3910 2240 3963 usque
2275 3911 2419 3950 nunc
2449 3895 2670 3959 audisti,
2706 3910 2738 3949 o
2769 3909 2894 3949 acer
2930 3898 3191 3951 advocate
3219 3896 3469 3966 Origenis
3503 3914 3630 3968 pra-

2064 3988 2309 4043 vitatum.

2060 4123 2439 4207 EJUSDEM.
2474 4122 2559 4207 Ex
2584 4141 2825 4208 sermone
2865 4127 2921 4178 in
2952 4124 3221 4208 mulierem
3248 4142 3384 4196 qua!
3423 4128 3628 4196 ﬂuxum

2249 4206 2527 4265 εαηῃωηιε
2550 4212 2709 4264 ραεεα
2737 4206 2809 4249 831
2841 4215 2854 4249 Ζ
2883 4206 3037 4265 ειψισ
3063 4206 3275 4250 mutum
3308 4208 3405 4251 εει.

2129 4305 2282 4371 Quod
2328 4305 2479 4375 prior
2525 4304 2741 4374 quidem
2804 4304 2971 4360 fuerit
3035 4304 3342 4361 Judaaorum
3391 4309 3625 4373 vocatio,

1982 4379 2032 4436 θ
2061 4396 2345 4467 Scriptura
2380 4397 2585 4452 docuit.
2620 4398 2689 4450 Et
2720 4408 2837 4463 post
2870 4399 2979 4451 alia
3002 4411 3022 4452 :

2134 4487 2257 4542 Hac
2283 4487 2509 4543 salutari
2534 4486 2746 4541 limbria
2773 4489 3161 4558 comprehensa
3195 4488 3411 4544 dicebat
3437 4493 3631 4548 mulier

2060 4593 2180 4647 quae
2217 4577 2419 4632 lluxum
2474 4577 2755 4645 sanguinis
2798 4577 3141 4647 patiebatur,
3188 4588 3246 4632 ut
3291 4595 3469 4650 regem
3533 4599 3631 4636 na-

2062 4678 2197 4723 tura;
2252 4680 2443 4724 tenens
2492 4669 2799 4733 Dominum,
2863 4678 2917 4723 ct
2973 4670 3238 4737 passionis
3287 4674 3626 4740 tyrannidem

2061 4764 2333 4817 edocens:
2358 4770 2721 4831 perceptnque
2746 4761 2909 4825 dono,
2940 4771 3173 4815 statuam
3193 4763 3368 4817 erexit
3389 4765 3626 4818 Christo.

2061 4852 2120 4906 Et
2159 4852 2377 4919 quidem
2430 4851 2647 4905 divitias
2696 4852 2749 4904 in
2816 4852 3057 4905 medicos
3121 4854 3473 4922 expenderet,
3534 4857 3628 4910 sed

2060 4942 2370 4997 divitiarum
2407 4943 2621 4996 residua
2655 4942 2854 4997 obtulit
2885 4942 3124 4998 Christo.

2060 5077 2424 5133 EJUSDEM.
2459 5078 2541 5132 Ea:
2569 5078 3013 5147 disputationibus
3036 5082 3287 5134 adversus
3331 5081 3630 5150 Origencm.

2132 5192 2388 5247 Diabolus
2426 5194 2591 5258 enim,
2636 5194 2873 5263 ejusdem
2908 5210 3030 5250 cum
3066 5194 3275 5261 angelis
3309 5195 3498 5262 gloriae
3531 5196 3633 5248 im-

2067 5282 2310 5337 mortalis
2335 5284 2629 5353 particeps,
2658 5283 2973 5353 diguitatem
3006 5296 3158 5338 suam
3191 5297 3253 5338 ac
3288 5282 3461 5337 locum
3489 5282 3632 5336 haud

2133 5461 2242 5529 (l9)
2271 5461 2362 5515 Gr.
2408 5461 2740 5531 inquisitioni
2775 5458 3100 5524 subjectum.

2131 5532 2205 5599 (I)
2240 5532 2398 5585 Lann.
2437 5530 2581 5584 cenc.
2619 5548 2761 5600 gem,
2796 5543 2832 5584 I.
2872 5532 2977 5597 VII,
3008 5549 3059 5596 ρ.
3095 5530 3223 5584 208.

2132 5603 2207 5671 (-2)
2239 5603 2371 5657 Axe.
2402 5602 2534 5667 ΜΑΙ,
2576 5599 2689 5655 γει.
2729 5602 2881 5658 Patr.
2922 5599 3177 5656 Biblioth.
3208 5600 3317 5669 VII,
3347 5600 3475 5656 ‘203.
