4014 6122
436 218 573 282 1795

1183 209 1597 273 ANTIPATRI
1637 204 2104 268 BOSTRENSIS
2137 202 2476 266 EPISCOPI
2518 205 3009 266 FRAGMENTA.

3563 204 3699 271 l706

433 327 775 387 censcrvavit
818 344 835 394 ;
883 334 937 383 et
982 325 1228 393 deiectus
1277 327 1343 379 de
1389 339 1511 388 sua,
1567 331 1620 377 et
1669 321 1926 377 excideris
1975 336 2007 377 e

2115 324 2204 375 καὶ
2238 322 2412 388 τάξιν,
2444 322 2547 392 τῆς
2594 321 2731 384 ίδίας
2766 319 3120 390 ἀποὸληθεὶς,
3153 320 3247 373 καὶ
3276 318 3379 390 τῆς
3417 319 3513 374 τοῦ
3561 322 3696 375 Θεοῦ

435 424 612 478 divina
648 421 845 490 gloria,
881 419 1080 472 mansit
1113 417 1328 487 quidem
1356 417 1501 486 quod
1533 424 1675 479 erat,
1711 417 2006 470 secundum

435 522 686 565 naturam
723 506 1070 572 immortalis,
1105 521 1204 560 nec
1232 506 1437 568 amisit,
1487 505 1583 558 sed
1613 504 1837 557 retinuit
1862 514 2010 573 pote-

435 611 629 655 statem
655 612 815 668 quam
847 598 917 651 ab
949 596 1124 660 initio,
1162 595 1336 664 ipsius
1360 601 1570 649 natura:
1599 596 2006 658 convenienter,

435 705 464 743 a
499 689 610 743 Deo
638 696 945 755 acceperat,
978 684 1271 755 impeditur
1325 693 1503 738 autem
1549 697 1692 739 nunc
1717 684 2009 753 quominus

436 785 536 836 hac
568 788 838 849 potestate
891 786 1076 831 utatur
1123 788 1179 830 et
1216 776 1352 828 iram
1402 790 1563 845 quam
1606 787 1794 828 contra
1842 788 2011 843 genus

437 873 736 926 humanum
772 866 1043 935 concepit,
1070 867 1124 919 in
1168 866 1461 934 perniciem
1502 873 1744 916 nostram
1773 863 2008 932 expleat,

446 962 711 1031 siquidem
742 960 883 1015 Deus
909 960 1065 1013 nobis
1097 957 1356 1027 prospicit
1397 958 1465 1011 ab
1516 955 1773 1024 illiusque
1806 954 2009 1008 malitia

436 1068 535 1109 nos
562 1051 824 1117 defendit,
847 1049 1139 1104 dummodo
1164 1047 1281 1116 ejus
1309 1046 1470 1101 tutela
1495 1047 1639 1115 digni
1658 1046 2007 1100 exsistamus.

436 1147 566 1204 Cum
592 1154 774 1199 autem
805 1158 904 1213 per
936 1142 1241 1197 socordiam
1262 1142 1462 1210 reperti
1500 1138 1767 1193 fuerimus
1804 1137 2010 1207 indigni

436 1235 552 1303 ejus
596 1235 822 1297 auxilio,
860 1234 961 1288 iste
1005 1233 1327 1300 pravitatem
1380 1245 1534 1284 suam
1591 1243 1655 1282 ac
1714 1227 2009 1297 potentiam

436 1329 692 1382 adversus
722 1341 821 1381 nos
859 1326 1082 1390 exserit,
1116 1324 1205 1378 ubi
1252 1322 1534 1383 nimirum,
1577 1333 1810 1388 prorsus
1846 1318 2012 1372 desti-

436 1417 535 1470 tuti
567 1417 722 1471 bonis
755 1416 1031 1483 operibus,
1068 1431 1095 1466 a
1134 1412 1316 1466 divina
1363 1411 1700 1479 providentia
1763 1424 1863 1463 nos
1917 1408 2013 1461 ab-

435 1508 873 1562 alienaverimns.
912 1505 1011 1561 Ulli
1034 1520 1163 1559 vero
1186 1505 1335 1572 digni
1357 1519 1547 1558 sumus
1571 1501 1662 1571 qui
1681 1500 1799 1570 ejus
1830 1508 2013 1569 patro-

435 1598 636 1652 cinium
660 1597 1063 1657 nauciscamur,
1088 1595 1235 1649 nullo
1263 1594 1422 1649 modo
1449 1603 1640 1648 contra
1677 1606 1775 1645 nos
1798 1589 2012 1645 diabolo

2109 413 2270 484 δόξης
2320 412 2637 479 ἀποπεσὼν,
2688 411 2905 481 ἔμεινεν
2942 409 3063 478 μὲν,
3103 412 3245 483 ὅπερ
3276 407 3347 482 ἦν
3376 411 3475 481 τὴν
3512 414 3693 480 φύσιν,
3771 480 3781 487 ,

2110 506 2402 567 ἀθάνατος,
2437 504 2534 558 καὶ
2562 503 2664 573 τὴν
2699 503 2927 573 δύναμιν
2959 502 3245 565 ὡσαύτως,
3290 504 3385 557 καὶ
3417 503 3575 557 οὐδὲν
3609 500 3693 575 ἦτ-

2109 614 2199 649 τον
2251 592 2436 668 ἧσπερ
2487 595 2547 659 ἐξ
2579 596 2757 666 ἀρχῆς
2787 597 2846 647 ιν
2874 597 2940 664 τῇ
2982 593 3144 660 φύσει
3183 593 3378 665 εἴληφε
3412 594 3567 664 παρὰ
3602 594 3696 647 τοῦ

2108 688 2247 742 Θεοῦ
2273 705 2287 720 ο
2312 687 2655 757 κωλυόμενος
2686 686 2745 739 δὲ
2780 686 2877 740 νῦν
2909 686 3014 739 ὑπὸ
3041 685 3180 739 Θεοῦ
3208 687 3311 755 τῆς
3352 687 3531 755 ῥοπῆς
3555 686 3696 755 χρήο

2111 781 2310 835 σασθαι
2335 779 2561 849 ταύτης,
2593 778 2689 832 καὶ
2713 777 2815 847 τὴν
2842 776 2968 831 καθ’
3007 776 3167 847 ἡμῶν
3202 776 3519 847 πληρῶσαι,
3544 777 3611 848 ἢν
3634 778 3698 829 ὲκ

2108 870 2206 925 τοῦ
2240 871 2439 942 φθόνου
2487 872 2757 939 ἐκτήσατο
2783 868 2927 922 κατά
2955 868 3049 921 τοῦ
3094 868 3290 935 γένους
3330 866 3525 939 ὀργὴν,
3562 884 3698 938 προσ

2110 964 2423 1033 νοουμένων
2452 963 2545 1015 καὶ
2566 959 2991 1029 φυλαττομένων
3017 958 3178 1028 ἡμῶν
3208 958 3314 1012 ὑπὸ
3341 958 3435 1011 τοῦ
3460 958 3597 1011 Θεοῦ
3633 960 3696 1010 ὲκ

2110 1058 2208 1126 τῆς
2241 1055 2450 1108 ἐκείνου
2481 1053 2771 1123 πονηρίας,
2807 1052 2913 1115 ἓως
2942 1051 3010 1105 ἂν
3043 1051 3191 1118 ἄξιοι
3219 1051 3320 1120 τῆς
3352 1049 3565 1103 ἐκείνου
3599 1067 3696 1119 κη-

2110 1144 2365 1215 δεμονίας
2407 1145 2772 1216 ὑπάρχωμεν.
2798 1145 2860 1197 El
2898 1143 2956 1197 δὲ
3001 1142 3579 1214 καταρᾳθυμήσαντες
3599 1142 3698 1193 ἀν-

2110 1233 2251 1299 άξιοι
2272 1234 2588 1305 εὑρεθῶμεν
2605 1234 2702 1304 τῆς
2724 1232 2890 1286 αὐτοῦ
2911 1232 3186 1303 βοηθείας,
3200 1232 3262 1284 τὸ
3276 1230 3576 1300 τηνικαῦτα
3600 1228 3697 1298 τὴν

2112 1326 2279 1378 αὑτοῦ
2314 1324 2582 1395 πονηρίαν
2615 1325 2713 1378 καὶ
2744 1324 2975 1395 δύναμιν
3017 1323 3140 1377 καθ’
3175 1322 3334 1394 ἡμῶν
3382 1320 3697 1375 ἐπιδείκνυ-

2111 1432 2225 1478 ται,
2253 1415 2331 1468 ὅτ’
2363 1414 2429 1468 ἂν
2460 1414 2743 1477 παντελῶς
2776 1415 3022 1485 ἐρήμους
3057 1412 3116 1480 ἐξ
3143 1413 3324 1483 ἔργων
3350 1412 3573 1480 ἀγαθῶν
3604 1429 3700 1479 γε-

2111 1507 2339 1575 γονότας
2367 1508 2597 1569 ἑαυτοὺς
2632 1506 2950 1576 ἀλλοτρίους
2988 1505 3087 1574 τῆς
3119 1505 3215 1559 τοῦ
3259 1504 3401 1558 Θεοῦ
3440 1504 3701 1574 προνοίας

2113 1600 2574 1670 καταστήσωμεν.
2606 1600 2751 1662 Ἕως
2802 1598 2849 1651 δ’
2881 1598 2949 1651 ἂν
2977 1596 3117 1661 ἄξιοι
3162 1592 3313 1667 ὦμεν
3361 1596 3702 1651 οἰκειοῦσθαι

436 1688 683 1757 progredi
720 1687 1075 1757 permittitur,
1115 1687 1259 1756 quod
1302 1694 1577 1740 testantur
1598 1682 2006 1738 Gadarenorum

2115 1695 2181 1763 τῇ
2236 1664 2367 1764 παρέ
2417 1664 2582 1746 citrei
2638 1690 2946 1762 ἀντιλήψει,
3003 1664 3260 1761 οὐδαμιῖλς
3313 1693 3517 1760 χωρεῖν
3573 1686 3702 1742 καθ’

436 1779 608 1848 porci,
644 1779 905 1831 adversus
929 1791 1064 1846 quos
1099 1774 1483 1847 (daemonibus)
1525 1781 1774 1842 potestas
1799 1770 2010 1841 injuria:

436 1884 712 1937 nunquam
752 1880 871 1925 erat
899 1883 1183 1934 00008853,
1212 1881 1374 1937 quam
1408 1874 1588 1920 autem
1630 1874 1757 1917 tunc
1787 1875 2010 1931 accepe-

436 1971 582 2024 runt,
604 1962 676 2015 ob
704 1961 901 2015 multas
934 1962 1222 2028 variasque
1247 1956 1565 2013 meonomiat
1602 1954 1843 2010 rationes
1869 1965 2009 2024 quas

437 2068 725 2110 recensere
756 2068 862 2108 non
888 2063 973 2108 est
1003 2052 1163 2119 hujus
1197 2048 1480 2120 temporis.

2115 1785 2275 1854 ήμῶν
2300 1786 2690 1856 συγχωρεϊται.
2719 1784 2828 1837 Καὶ
2869 1781 3243 1855 μαρτυροῦσιν
3269 1784 3319 1835 oi
3362 1782 3420 1835 ἐν
3449 1780 3702 1850 Γαδίροις

2115 1878 2291 1947 χοῖροι
2319 1876 2396 1940 ὡς
2444 1876 2567 1929 οὐδὲ
2614 1875 2738 1928 κατ’
2776 1875 2959 1929 αὐτῶν
3009 1873 3463 1945 συγχωρηθέντες
3515 1872 3700 1943 χώραν

2113 1965 2332 2027 ἀδικίας
2380 1965 2701 2035 ἐκέκτηντο,
2732 1964 2909 2034 ἥνπερ
2951 1962 3145 2016 ἔλαϐον
3186 1962 3330 2025 τότε,
3369 1961 3459 2014 διὰ
3499 1960 3699 2024 πολλὰς

2114 2056 2213 2110 καὶ
2245 2054 2538 2126 διαφόρους
2566 2054 2907 2126 οίκονομίας,
2932 2054 3000 2118 ἀς
3044 2054 3107 2107 οὐ
3142 2052 3332 2125 καιρὸς
3362 2052 3695 2120 καταλέγειν

2114 2146 2209 2200 ἐπὶ
2236 2147 2331 2201 τοῦ
2359 2148 2648 2219 παρόντος.
2814 2129 2832 2139 ⁴

517 2425 945 2517 Longeplnra
982 2430 1044 2483 et
1073 2420 1489 2517 amplior-ass
1531 2420 1633 2509 τῆς
1654 2418 1965 2517 “acuet-ags;
2000 2418 2013 2490 ς

2115 2414 2363 2489 τφημιῶν
2404 2415 2733 2517 Ὠριγένῖυς
2765 2432 3155 2517 πραγματειας
3184 2415 3406 2504 ,κεφαλὴ
3455 2419 3694 2517 ten-:45",

438 2493 714 2569 servavit
743 2493 1028 2565 Joannes
1079 2493 1505 2562 DanascsNus
1540 2499 1603 2559 in
1654 2497 1979 2559 Parallelis
2008 2501 2231 2567 sacris,
2258 2504 2410 2557 tom.
2466 2497 2546 2566 ll,
2580 2495 2890 2556 editionis
2926 2494 3343 2571 Lequinianaa
3372 2510 3516 2571 pag.
3556 2493 3694 2567 71:7,

437 2584 733 2656 761t-772,
769 2598 928 2660 quas
963 2580 1130 2660 typis
1162 2578 1615 2658 grandioribus
1649 2594 1987 2655 expressas
2049 2575 2348 2639 invenies
2381 2574 2654 2652 hujusce
2688 2572 2999 2651 Patrolog.
3037 2582 3190 2632 tom.
3235 2574 3455 2634 XCVI.

620 2741 698 2798 Ε]
712 2741 799 2798 US
812 2738 987 2795 DEM.
1014 2738 1098 2793 Ea:
1118 2737 1487 2793 dissertatione
1520 2739 1574 2791 in
1602 2750 1828 2791 crucem.

513 2946 822 3002 Secundum
864 2945 1156 2999 humanam
1214 2941 1549 2998 voluntatem
1592 2957 1697 3013 qua
1733 2942 1875 2998 sicut
1920 2956 2020 2998 nos

2198 2735 2342 2789 ΤΟΥ
2374 2734 2617 2788 ΑΥΤΟΥ
2648 2731 2753 2804 (3),
2782 2734 2885 2785 Ἐκ
2922 2731 3028 2853 τὲῦ
3052 2732 3240 2799 λόγου
3274 2731 3381 2787 τοῦ
3406 2733 3495 2799 εἰς
3523 2734 3633 2788 τὸν

2764 2817 2957 2853 atavo
2997 2818 3054 2853 ν.

2764 2817 3054 2869 σταυρον.

2196 2905 2304 2989 ’1ίοῦ
2342 2935 2452 3006 γὰρ
2482 2934 2823 3006 ἀνθρωπίνου
2858 2934 2960 3001 τῆς
2991 2934 3265 3005 ἡμετέρας
3298 2935 3513 3004 φύσεως
3541 2934 3697 3001 θελή-

440 3039 703 3107 prmditus
746 3048 868 3090 erat
924 3035 1194 3099 Christus,
1244 3035 1385 3090 unde
1436 3036 1603 3090 dicit:
1642 3053 1661 3086 ι
1699 3035 1827 3090 Non
1874 3051 2010 3102 mea,

2121 3045 2292 3100 ματος
2322 3031 2380 3083 ὲν
2409 3026 2653 3098 Χριστῷ,
2675 3027 2805 3098 περὶ
2825 3020 2887 3081 οὗ
2924 3026 3183 3098 contrth
3205 3025 3268 3080 τὸ
3297 3027 3443 3097 ἐμὸν
3470 3025 3698 3094 θέλημα

443 3126 533 3178 sed
559 3135 650 3177 tua
674 3123 770 3190 ﬁat
796 3121 1057 3187 voluntas,
1095 3140 1114 3173 ι
1152 3131 1380 3178 mortem
1402 3122 1720 3177 detrectavit
1746 3138 1761 3189 ;
1792 3122 2012 3187 ctenim,

442 3232 548 3285 qua
586 3216 721 3269 Deus
748 3215 994 3285 praedixit
1015 3212 1233 3269 calicem
1262 3215 1433 3284 ipsum
1458 3228 1577 3268 esse
1592 3214 2011 3282 praeteritarum.

446 3308 719 3363 Nimirum
750 3314 872 3377 post
908 3315 1015 3360 tres
1063 3306 1178 3360 dies
1210 3304 1533 3372 resurrexit,
1577 3314 1860 3375 postquam
1897 3319 2018 3359 car-

447 3416 566 3455 nem
635 3398 1046 3453 immortalitate
1091 3398 1389 3452 donaverat
1430 3405 1486 3451 et
1541 3394 1735 3452 mortis
1789 3395 2013 3451 calicem

443 3489 813 3561 ceul'regerat.

520 3619 886 3677 EIUSDEM.
914 3621 1001 3677 Ex
1026 3632 1257 3677 tractatu
1287 3622 1537 3677 adversus
1562 3620 1963 3690 Apollinarium.

517 3825 618 3891 Qui
665 3824 829 3895 igitur
886 3840 985 3895 pro
1041 3826 1198 3881 nobis
1249 3839 1441 3894 passus
1489 3830 1597 3888 est,
1648 3838 1755 3877 non
1788 3830 2016 3879 tantum

447 3927 726 3986 peccatum
761 3933 867 3972 non
910 3917 1059 3981 fecit,
1108 3932 1290 3971 verum
1344 3916 1508 3969 etiam
1556 3915 1765 3985 peccati
1810 3917 2019 3970 radices

446 4007 687 4062 fninlitns
728 4008 941 4062 evulsit.
974 4008 1152 4073 Quare
1204 4007 1345 4060 haud
1378 4006 1525 4059 velut
1575 4007 1682 4060 Deo
1717 4008 2017 4061 retractans

447 4101 597 4164 dicit,
651 4098 769 4153 Non
808 4116 922 4153 mea
969 4099 1063 4167 ﬁat
1113 4098 1391 4161 volunlas,‘
1446 4099 1540 4154 sed
1573 4107 1631 4152 ut
1677 4100 1831 4155 nobis
1857 4100 2020 4154 ratio-

447 4205 572 4245 nem
616 4191 869 4243 ostendat
915 4189 1188 4256 quomodo
1243 4188 1295 4241 in
1357 4189 1749 4244 tentationibus
1803 4188 2016 4258 precari

445 4280 763 4335 debeamus.
824 4278 881 4333 Si
931 4293 1059 4333 vero
1114 4278 1479 4347 Apollinarius
1539 4290 1820 4349 propterea
1874 4281 2017 4349 quod

2118 3120 2405 3189 γενέσθω,
2428 3117 2588 3174 ἀλλὰ
2609 3120 2673 3173 τὸ
2704 3117 2840 3184 σὸν,
2873 3119 3003 3172 ίδιον
3022 3114 3088 3188 ἦν
3118 3120 3152 3189 ἡ
3178 3117 3270 3171 τοῦ
3302 3118 3533 3172 θανάτου
3556 3133 3695 3186 παρ⁴

2120 3214 2332 3283 αίτησις
2350 3226 2364 3241 ·
2396 3213 2714 3283 προεμήνυε
2738 3212 2846 3282 γὰρ
2868 3211 2944 3274 ὡς
2974 3211 3109 3274 Θεὸς
3131 3211 3214 3264 ὅτι
3244 3211 3573 3280 παρέρχεται
3601 3212 3696 3262 αὐ·

2120 3306 2211 3359 τὸν
2237 3304 2297 3357 τὸ
2328 3304 2613 3374 ποτήριον.
2662 3302 2888 3372 Ἀνέστη
2920 3302 3029 3373 γὰρ
3073 3303 3390 3373 τριήμερος,
3420 3301 3693 3370 ἀθανατήο

2123 3416 2222 3461 σας
2256 3402 2354 3468 τὴν
2386 3398 2586 3470 σάρκα,
2624 3398 2720 3451 καὶ
2759 3397 3061 3467 συντρίψας
3091 3396 3154 3449 τὸ
3185 3396 3277 3448 τοῦ
3324 3395 3551 3448 θανάτου
3584 3411 3690 3447 πο·

2120 3492 2187 3561 τή
2198 3508 2332 3561 ριον.

2125 3623 2263 3678 ΤΟΥ
2312 3626 2564 3681 ΑΥΤΟΥ
2607 3624 2704 3693 (4).
2752 3624 2865 3749 :lEx
2924 3625 3033 3747 τιςοῦ
3077 3625 3263 3695 λόγου
3314 3624 3469 3677 κατὰ
3528 3624 3701 3678 Ἀπο-

2799 3711 2933 3749 ιναο
2961 3712 3053 3749 ου.

2799 3711 3053 3762 (raptat).

2202 3827 2259 3882 Ὀ
2287 3827 2418 3896 γοῦν
2448 3827 2591 3897 ὑπὲρ
2613 3828 2645 3897 ὴ
2656 3828 2772 3897 μῶν
2801 3826 2991 3880 παθὼν
3021 3828 3081 3881 οὐ
3111 3827 3269 3897 μόνον
3294 3827 3575 3898 ἁμαρτίαν
3601 3827 3699 3880 οῦκ

2120 3919 2394 3986 ἐποίησεν,
2426 3918 2563 3971 ἀλλὰ
2592 3919 2806 3980 καὶτὰς
2832 3919 2987 3989 ῥίζας
3010 3921 3112 3991 τῆς
3136 3920 3409 3991 ἁμαρτίας
3441 3922 3505 3973 ὲκ
3540 3920 3698 3989 θεμε-

2119 4012 2249 4063 λίων
2302 4008 2617 4078 ἀνέτρεψεν.
2655 4009 2866 4063 Οὐκοῦν
2912 4011 3012 4081 οὐχ
3044 4011 3124 4074 ὡς
3169 4011 3414 4074 ἐναντίος
3469 4010 3589 4079 Θεῷ
3623 4008 3697 4063 ὢν

2118 4103 2289 4170 λέγει,
2309 4100 2403 4169 Μὴ
2434 4101 2499 4155 τὸ
2522 4102 2670 4169 ἐμὸν
2702 4101 2934 4171 θέλημα
2959 4103 3245 4171 γενέσθω,
3266 4103 3382 4156 ἀλλ’
3408 4101 3697 4156 ὑποτυπώ-

2121 4211 2234 4256 σεις
2262 4195 2397 4263 ἡμῖν
2438 4194 2696 4264 παρέχων
2723 4193 2842 4256 πῶς
2874 4196 2931 4246 ἐν
2959 4197 3071 4257 τοῖς
3094 4196 3429 4265 πειρασμοῖς
3464 4193 3696 4261 προσεύ-

2118 4286 2311 4355 χεσθαι
2338 4284 2477 4354 Θεῷ.
2508 4285 2571 4337 Εί
2615 4284 2672 4337 δὲ
2701 4284 2789 4338 διὰ
2826 4284 2888 4337 τὸ
2932 4284 3136 4353 λέγειν,
3192 4285 3290 4350 Μὴ
3325 4285 3392 4338 τὸ
3430 4285 3580 4352 ἐμὸν
3608 4285 3699 4339 θέ-

445 4372 697 4427 Christus
733 4373 888 4437 dixit,
936 4369 1055 4424 Non
1098 4387 1209 4425 mea
1244 4372 1338 4440 ﬁat
1381 4373 1640 4438 uoluntas,
1701 4371 2013 4427 rationabile

2120 4382 2282 4445 λημα
2314 4377 2594 4446 γενέσθω,
2629 4379 2849 4447 ἀναιρεί
2885 4377 3050 4430 αὑτοῦ
3082 4378 3142 4430 τὸ
3166 4378 3353 4447 νοερὸν
3392 4378 3491 4448 τῆς
3519 4378 3696 4448 ψυχῆς

445 4468 563 4537 ejus
601 4468 795 4523 animm
843 4467 1002 4532 tollit,
1048 4474 1121 4531 et,
1155 4475 1333 4521 mente
1364 4469 1506 4536 capti
1546 4468 1737 4529 instar.
1772 4466 2019 4520 inhuma-

448 4560 723 4614 nationem
752 4558 871 4628 ejus
915 4558 1034 4611 sine
1062 4556 1242 4611 anima
1290 4567 1346 4612 et
1376 4566 1559 4613 mente
1598 4558 1767 4613 fuisse
1796 4567 2020 4612 conten-

445 4649 546 4709 dit,
597 4646 765 4701 tnulto
821 4645 993 4715 magis
1043 4660 1203 4713 quam
1257 4647 1403 4715 quod
1451 4649 1517 4702 de
1573 4645 1852 4701 voluntate
1898 4646 2021 4702 vita:

446 4749 666 4795 amante
697 4738 948 4803 habetur,
983 4741 1430 4796 contumeliosum
1466 4739 1572 4794 erit
1613 4740 1814 4804 dicere,
1858 4739 2017 4794 Chri-

447 4841 590 4885 stum
623 4831 828 4885 l'actum
862 4844 982 4884 esse
1029 4830 1492 4886 abominationem
1535 4838 1590 4885 et
1631 4840 1930 4899 peccatum,
1965 4841 2020 4886 et

450 4932 713 4977 tentatum
766 4938 801 4996 al
849 4921 1048 4976 Satana
1101 4937 1197 4991 per
1252 4922 1610 4992 quadraginta
1652 4923 1808 4988 dies,
1849 4932 1905 4977 et
1953 4923 2020 4977 ab

448 5012 660 5066 Herode
696 5011 898 5083 fugisse
940 5013 992 5066 in
1034 5011 1352 5084 Egyptum,
1408 5022 1465 5068 et
1507 5013 1809 5083 subjectum
1856 5014 2021 5068 fuisse

445 5101 681 5171 Josepho
726 5103 1161 5178 fabro‘lignario,
1194 5111 1249 5157 et
1275 5103 1687 5160 corroboratum
1727 5106 1796 5161 ab
1830 5104 2022 5174 angelo

447 5194 627 5263 utqui
669 5205 895 5250 mortem
937 5194 1398 5250 rel'ormidaverit.

518 5374 593 5443 (3)
628 5376 758 5429 Asc.
796 5373 920 5439 MM,
947 5375 1047 5430 lor.
1083 5378 1200 5442 cit.,
1236 5391 1286 5445 ρ.
1315 5374 1422 5427 9.05

2117 4470 2146 4523 ό
2189 4469 2559 4539 Ἀπολινάριος
2593 4467 2801 4539 ἄψυχον
2840 4469 3006 4523 αὑτοῦ
3037 4471 3133 4523 καὶ
3158 4470 3318 4524 ἄνουν
3346 4470 3375 4521 ὁ
3406 4471 3569 4533 ἄνους
3600 4487 3697 4536 κη-

2121 4559 2330 4631 ρύττων
2377 4560 2474 4631 τὴν
2520 4559 2823 4630 σάρκωσιν,
2856 4560 3036 4631 πολλῴ
3062 4562 3247 4615 πλεῖον
3289 4560 3386 4614 τοῦ
3431 4560 3695 4630 φιλοζώου

2117 4649 2425 4721 θελήματος
2461 4650 2789 4720 ὲφύόριστόν
2825 4653 2944 4705 ἔστι
2985 4652 3165 4720 λέγειν
3209 4652 3301 4706 τὸν
3331 4650 3571 4721 Χριστὸν
3600 4668 3695 4720 γει

2116 4742 2341 4810 νόμενον
2365 4743 2607 4811 κατάραν
2628 4742 2722 4795 καὶ
2752 4742 3051 4813 ἁμαρτίαν,
3077 4744 3171 4798 καὶ
3200 4743 3570 4814 πειρασθέντα
3594 4744 3698 4796 ὑπὸ

2114 4831 2209 4883 τοῦ
2247 4832 2463 4884 Σατανᾶ
2490 4832 2902 4902 τεσσαράκοντα
2925 4834 3161 4904 ἡμέρας,
3192 4834 3288 4887 καὶ
3318 4834 3567 4901 φυγόντα
3592 4832 3699 4886 ἀπὸ

2129 4923 2367 4993 Ἡρώδου
2399 4924 2457 4975 ὲν
2483 4922 2769 4993 Αἰγύπτῳ,
2798 4926 2895 4977 καὶ
2922 4925 3359 4993 ὑποταττόμενον
3393 4926 3596 4996 Ἰωσὴφ
3623 4924 3702 4994 τῷ

2117 5014 2349 5077 τέκτονι,
2388 5013 2482 5066 καὶ
2508 5015 2890 5085 ἐνισχυόμενον
2911 5016 3018 5069 ὑπὸ
3047 5015 3283 5084 ἀγγέλου
3314 5016 3391 5079 ὡς
3420 5016 3703 5070 δειλιώντα

2118 5106 2208 5159 τὸν
2233 5104 2481 5158 θάνατον.

2194 5374 2271 5443 (4)
2301 5376 2433 5431 Asc.
2472 5374 2597 5440 MAI,
2633 5376 2735 5432 loc.
2766 5377 2885 5443 cit,
2921 5392 2975 5447 p.
3004 5377 3131 5434 204.
