4014 6122
295 276 427 352 1881

1743 280 2145 354 APOLOGIA.

3426 289 3565 368 1.802

361 395 670 467 Δαλμάτιος
689 396 1059 470 πρεσϐύτερος
1077 381 1121 431 δ’
1143 398 1238 454 καὶ
1266 398 1722 471 ἀρχιμανδρίτης.
1744 401 1860 453 lla-

2039 400 2342 458 Dalmati‘us
2392 405 2679 478 presbyter
2707 414 2762 463 et
2787 409 3241 477 archimandrita,
3289 426 3564 468 monaste-

290 488 395 560 τὴρ
428 489 832 559 μοναστηρίων,
873 490 1277 562 ὑπερεύχεσθαί
1310 508 1413 561 μου
1446 490 1752 562 παρακαλῶ
1773 491 1873 562 τὴν

291 579 566 652 ὑμετέραν
595 579 928 652 ἁγιωσύνην,
953 575 998 635 ὧ
1028 580 1149 635 θεία
1184 581 1283 635 καὶ
1314 582 1435 653 ἱερὰ
1460 581 1794 645 συνέλευσις.

672 808 1069 863 ΔΔΛΜΛΤῙΟΥ
1107 804 1470 865 ΑΠΟΛΟΓῙΑ.

370 928 624 1000 Ἀνῆλθεν
648 929 735 998 ἐφ’
760 929 966 1001 ὑψηλοῦ
988 931 1016 985 ὁ
1042 932 1197 1001 ἅγιος
1217 934 1544 1004 Δαλμάτιος,
1575 937 1670 990 καὶ
1694 932 1871 991 siit-ev

290 1017 353 1073 Εί
395 1021 578 1074 θέλετε
627 1021 877 1087 ἀκοῦσαι,
913 1023 1245 1093 ἡσυχάσατε,
1281 1024 1381 1079 καὶ
1417 1026 1745 1097 μανθάνετε,
1779 1030 1874 1083 καὶ

291 1112 367 1184 μὴ
419 1113 682 1184 θελήσητε
728 1115 1018 1189 ἐμποδίσαι
1063 1119 1178 1180 τοῖς
1203 1118 1541 1188 λεγομένοις,
1567 1120 1705 1174 ἀλλά
1767 1138 1872 1192 μα-

293 1203 699 1274 κροθυμήσατε,
744 1206 831 1259 ἵνα
884 1206 953 1259 τὰ
1009 1208 1233 1279 ῥήματα
1280 1210 1527 1282 ἀκριϐῶς
1574 1212 1870 1284 ἀκούσητε.

292 1296 404 1365 Τὴν
434 1295 726 1365 ἐπιστολὴν
761 1296 862 1367 τὴν
912 1294 1008 1349 νῦν
1041 1298 1482 1366 ἀναγνωσθεῖσαν
1524 1305 1591 1374 τῇ
1624 1303 1871 1375 ὑμετέρᾳ

289 1386 573 1457 εὐσεϐείᾳ,
636 1388 665 1440 ὁ
723 1387 1112 1453 εὐσεϐέστατος
1169 1390 1423 1460 βασιλεὺς
1479 1395 1715 1463 ἀνέγνω,
1776 1398 1871 1451 καὶ

290 1474 539 1545 ἐπείσθη.
593 1466 816 1548 Ἐπειδὴ
858 1478 1008 1548 ήμην
1042 1478 1155 1548 ἐγὼ
1214 1482 1457 1552 εἰρηκὼς
1500 1484 1579 1556 τῷ
1637 1484 1867 1557 βασιλεῖ,

289 1565 378 1618 ὅτε
413 1562 543 1637 ἦλθε
594 1568 732 1638 πρός
761 1586 850 1639 με,
886 1569 966 1622 ὅτι
999 1568 1199 1639 ὤφειλε
1241 1574 1449 1644 γράψαι
1478 1578 1546 1648 τῇ
1583 1578 1717 1650 ἁγίᾳ
1747 1587 1872 1633 συν-

1979 492 2184 546 riorum
2234 491 2426 561 Pater,
2482 497 2660 552 divina
2723 510 3021 572 sanctaque
3071 503 3447 573 congregatio,
3502 514 3564 560 ut

1977 597 2101 641 ores
2134 599 2231 653 pro
2263 600 2370 656 me,
2402 595 2454 643 te
2483 588 2731 646 obsecro.

1904 722 1978 735 -ις

2408 806 2749 881 aromata
2794 801 3139 875 nautam.

2051 926 2285 999 Sanctus
2311 926 2494 996 itaque
2527 926 2848 995 Dalmatius,
2893 931 2983 984 ubi
3015 929 3066 984 in
3113 939 3424 1000 suggestum
3467 941 3560 989 as-

1980 1024 2278 1088 cendisset,
2311 1021 2489 1076 dikit:
2535 1020 2593 1075 Si
2630 1021 2795 1078 vultis
2826 1022 3035 1087 audire,
3072 1024 3239 1092 quieti
3269 1026 3475 1092 adeste,
3506 1037 3562 1080 et

1980 1112 2173 1169 discite
2198 1130 2214 1167 :
2247 1125 2423 1182 neque
2454 1111 2539 1166 his
2567 1125 2688 1181 qua:
2719 1112 2988 1178 dicentur,
3015 1113 3332 1184 obstrepere
3360 1116 3556 1171 velitis.

1979 1202 2185 1257 Adeste
2215 1210 2396 1257 autem
2432 1201 2659 1270 patienti
2703 1203 2908 1266 animo,
2939 1213 2995 1258 ut
3024 1205 3189 1258 verba
3221 1215 3409 1260 exacte
3439 1220 3564 1276 per-

1981 1293 2161 1363 cipere
2192 1293 2439 1348 Valeatis.
2477 1294 2649 1361 Quam
2682 1306 2826 1349 nunc
2858 1295 3032 1363 pietas
3067 1278 3246 1351 vestra
3278 1297 3559 1366 epistolam

1976 1382 2205 1446 audivit,
2240 1398 2361 1439 eam
2409 1384 2688 1455 piissimus
2740 1386 3040 1455 imperator
3081 1402 3296 1457 quoque
3328 1388 3476 1460 legit,
3507 1398 3564 1444 et

1976 1470 2267 1544 persuasus
2302 1485 2408 1531 est.
2444 1475 2578 1529 Nam
2607 1490 2730 1546 ego,
2759 1492 2881 1533 cum
2914 1479 2979 1531 ad
3012 1493 3098 1533 me
3130 1479 3389 1544 venisset,
3418 1481 3562 1534 dixe-

1978 1576 2093 1619 ram
2130 1564 2466 1635 imperatOri,
2491 1582 2616 1621 eum
2641 1568 2709 1623 ad
2738 1575 2982 1623 sanctam
3016 1570 3279 1639 synodum
3310 1571 3561 1627 debuisse

288 1659 415 1729 όδῳ,
451 1660 486 1715 ἃ
517 1660 712 1731 ἐλέχθη
748 1660 917 1732 αὑτῷ,
951 1663 1046 1715 καὶ
1075 1663 1175 1716 οὑκ
1205 1665 1298 1697 ⁹’¹⁰
1335 1667 1577 1737 ἐγράφη.
1620 1669 1871 1740 Ἔπεμψε

1978 1658 2219 1713 scribere
2271 1673 2392 1728 quae
2449 1668 2699 1729 suggesta
2747 1660 2964 1730 quidem
3008 1661 3107 1729 ipsi
3159 1660 3398 1728 fuerunt,
3448 1678 3558 1717 non

285 1751 344 1804 δέ
374 1752 510 1823 πρός
544 1770 647 1823 με,
665 1754 762 1806 καὶ
790 1753 1133 1827 ἀνεγνώσθη.
1160 1757 1271 1810 Καὶ
1301 1758 1386 1811 ἵνα
1421 1760 1497 1830 μὴ
1522 1752 1752 1833 λυπήσω
1773 1764 1872 1817 αὑ-

288 1843 403 1904 τὸν,
436 1844 506 1898 τά
535 1844 807 1898 ἀκόλουθα
836 1846 1196 1918 προέπεμψεν
1232 1850 1299 1913 ¹¹,
1328 1849 1366 1904 ἃ.
1408 1852 1876 1927 οί,ἀποφέροντες

284 1937 391 1989 οὐκ
412 1935 646 2001 ἔδειξαν,
673 1937 811 1990 ἀλλά
832 1937 954 1992 ἀντὶ
977 1938 1163 1992 αὐτῶν
1192 1939 1330 1994 ἀλλα
1361 1940 1654 2009 ὑπέδειξαν
1688 1943 1874 2014 γράμ-

291 2043 459 2096 ματα.
496 2028 580 2079 Τά
617 2027 898 2098 πρέποντα
927 2024 1023 2084 οὖν
1053 2030 1151 2085 καὶ
1205 2032 1275 2086 τὰ
1323 2032 1598 2088 ἀκόλουθα
1641 2035 1878 2108 ἐλάλησα

288 2117 460 2190 αὑτῷ,
490 2118 526 2172 ἃ.
559 2120 659 2173 οὑκ
703 2120 880 2185 ἔξεστι
929 2122 1026 2176 νῦν
1067 2124 1245 2177 είπεϊν
1305 2125 1400 2179 ἐπὶ
1460 2127 1560 2198 τῆς
1603 2127 1876 2200 ὑμετέρας

284 2209 596 2285 εὐλαϐείας.
630 2211 723 2280 Μὴ
748 2213 858 2283 γὰρ
886 2215 1167 2286 νομίσητε,
1206 2216 1290 2270 ὄτι
1343 2218 1782 2291 ὑπεραιρόμενός
1831 2222 1875 2253 ⁸³

283 2301 371 2365 τίς
404 2303 544 2371 είμι,
577 2303 610 2372 ἢ
639 2303 999 2374 καυχώμενος
1029 2323 1044 2338 ·
1078 2308 1361 2379 συντρίψει
1393 2309 1504 2381 γὰρ
1531 2313 1560 2365 ό
1591 2311 1724 2377 Θεὸς
1745 2313 1878 2366 ὀστᾶ

283 2392 603 2461 ὑποκριτῶν
648 2393 713 2446 ¹⁸.
763 2394 821 2447 Ὀ
857 2396 1134 2467 Δεσπότης
1180 2398 1290 2470 γὰρ
1337 2398 1517 2453 πάντα
1568 2400 1878 2467 ἀκολούθως

284 2485 491 2552 ἤκουσε
522 2483 589 2536 τὰ
614 2484 984 2556 γεγενημένα,
1023 2488 1118 2540 καὶ
1149 2489 1321 2561 ἐχάρη
1357 2489 1495 2561 μετά
1521 2491 1878 2561 εὐχαριστίας

284 2574 386 2643 τῆς
418 2574 553 2644 πρὸς
605 2575 758 2641 Θεὸν,
810 2577 906 2630 καὶ
962 2578 1315 2652 συνεφώνησε
1355 2584 1470 2646 τοῖς
1520 2583 1732 2653 ῥήμασι
1776 2587 1878 2656 τῆς

284 2664 615 2728 ἀκολουθίας
650 2667 749 2736 τῆς
798 2668 958 2734 ἁγίας
999 2669 1242 2734 συνόδου,
1274 2669 1349 2734 ὡς
1376 2671 1582 2742 πρέπει
1604 2674 1673 2744 τῇ
1710 2673 1875 2728 αὑτοῦ

286 2755 559 2828 βασιλείᾳ,
586 2758 646 2809 οὐ
674 2760 785 2820 τοῖς
808 2761 962 2829 ἐμοῖς
988 2761 1225 2831 ῥήμασιν
1248 2761 1710 2835 ἐξακολουθήσας,
1742 2758 1877 2820 ἀλλὰ

283 2850 353 2917 τῇ
416 2848 597 2901 πίστει
637 2848 745 2903 τῶν
778 2850 1023 2904 πάππων
1051 2852 1218 2906 αὑτοῦ
1259 2854 1354 2908 καὶ
1385 2856 1661 2927 πατέρων.
1700 2857 1873 2929 Πλὴν,

283 2935 475 2999 καθὼς
507 2937 765 3008 ἔπρεπεν,
794 2940 1031 3007 ἐδέξατο,
1070 2943 1165 2995 καλ⁸
1208 2943 1440 3012 ἀνέγνω,
1476 2947 1573 3000 καὶ
1620 2947 1868 3018 ἐπείσθη,

285 3030 386 3083 καὶ
422 3029 579 3083 τοῦτο
602 3027 773 3095 εἶπεν,
800 3031 882 3085 ὅτι
923 3034 1048 3087 Ἐὰν
1070 3033 1244 3099 οὕτως
1272 3037 1439 3100 ἐστὶν,
1463 3037 1620 3108 ἄφες,
1644 3040 1869 3096 ἔλθωσιν

281 3123 334 3175 οἱ
366 3122 806 3193 παραγενόμενοι
839 3124 1148 3180 ἐπίσκοποι.
1192 3127 1304 3180 Καὶ
1341 3123 1497 3182 εἷπον
1553 3131 1723 3202 αὐτῷ,
1785 3133 1868 3185 ὅτι

281 3215 479 3276 Οὐδεὶς
508 3215 691 3279 αὐτοῖς
726 3220 1003 3287 συγχωρεῖ
1029 3218 1123 3270 τοῦ
1147 3218 1320 3272 ἐλθεῖν
1347 3236 1361 3251 ·
1399 3221 1492 3273 καὶ
1515 3217 1671 3276 εἶπεν
1702 3239 1717 3253 ⁸
1761 3225 1869 3277 Οὑ-

277 3305 398 3369 δεὶς
429 3304 647 3361 κωλύει.
691 3306 832 3375 Ἐγὼ
861 3307 916 3360 δὲ
947 3302 1121 3372 εἶπον,
1173 3311 1256 3363 ὅτι
1309 3313 1714 3383 ἐκρατήθησαν.
1775 3314 1868 3367 καὶ

280 3395 638 3469 ἐκωλύθησαν
670 3395 764 3448 τοῦ
802 3396 998 3451 ἐλθεῖν.
1032 3399 1143 3452 Καὶ
1178 3393 1337 3453 εἷπον
1373 3400 1558 3465 πάλιν,
1582 3404 1665 3456 ὅτι
1687 3405 1748 3457 ἐκ
1774 3403 1867 3457 τοῦ

281 3489 494 3560 μέρους
521 3489 735 3542 ἐκείνου
776 3489 871 3541 καὶ
895 3490 1150 3561 ἔρχονται
1178 3493 1390 3555 πολλοὶ,
1422 3494 1518 3549 καὶ
1541 3495 1868 3565 ἀπέρχονται

278 3578 583 3641 ἀκωλύτως
618 3595 631 3608 ·
666 3580 735 3631 τὰ
764 3580 819 3632 δὲ
854 3580 1007 3649 παρά
1042 3582 1141 3651 τῆς
1169 3583 1335 3651 ἁγίας
1365 3585 1587 3638 συνόδου
1632 3586 1869 3656 πραττό-

281 3686 433 3741 μενοι
471 3669 644 3731 οὐδεὶς
679 3673 954 3740 συγχωρεῖ
980 3672 1332 3741 ἀνενεχθῆναι
1363 3674 1456 3726 ἐπὶ
1484 3674 1580 3744 τὴν
1600 3674 1869 3746 ὑμετέραν

282 3761 583 3815 εὐλάϐειαν
615 3760 677 3814 ³⁸.
712 3762 808 3822 Εἰς
836 3761 892 3813 δὲ
937 3760 998 3812 τὸ
1037 3762 1202 3830 μέρος
1245 3763 1306 3814 τὸ
1357 3763 1566 3834 ἕτερον,
1591 3765 1870 3819 τουτέστιν

280 3855 366 3918 είς
393 3853 457 3906 τὸ
507 3851 601 3904 τοῦ
640 3851 931 3921 Κυρίλλου,
967 3843 1123 3902 εἷπον
1163 3851 1315 3921 αὐτῷ
1373 3853 1452 3923 τῷ
1506 3854 1718 3923 βασιλεῖ
1771 3854 1869 3923 ἐμ-

280 3945 527 4018 προσθεν
566 3944 814 3996 πάντωνο
851 3942 1009 4004 Τίνος
1041 3941 1214 4005 θέλεις
1246 3944 1494 4011 ἀκοῦσαι,
1521 3946 1626 3999 τῶν
1646 3946 1868 4011 ἑξακισ-

278 4038 472 4108 χιλίων
505 4032 727 4104 ἀριθμῷ
761 4032 1100 4096 ἐπισκόπων,
1140 4034 1172 4104 ἢ
1204 4034 1323 4097 ἐνὸς
1358 4034 1647 4106 ἀνθρώπου
1678 4037 1868 4091 δυσσε⁴

278 4129 464 4194 ϐοῧς;
514 4126 631 4179 Τὼν
686 4125 1064 4197 ἑξακισχιλίων
1109 4127 1151 4158 ¹⁸
1222 4124 1413 4191 εἷπον,
1462 4129 1657 4193 οἵτινές
1736 4131 1870 4183 εἰσιν

278 4222 390 4274 ὑπὸ
433 4220 533 4290 τὴν
565 4219 816 4284 ἐξουσίαν
847 4221 954 4273 τῶν
984 4220 1403 4291 μητροπολιτῶν
1430 4221 1537 4274 τῶν
1557 4222 1730 4289 ἁγίων
1755 4224 1872 4275 ἐπι-

1978 1748 2158 1803 tamen
2187 1742 2343 1816 plene
2374 1752 2697 1820 perscripta.
2731 1744 2878 1807 Misit
2900 1761 3079 1807 autem
3110 1755 3175 1807 ad
3208 1768 3314 1817 me,
3347 1764 3399 1809 et
3425 1750 3560 1809 lec'ta

1977 1849 2124 1895 sunt.
2176 1839 2375 1895 Verum
2429 1856 2496 1897 ne
2522 1857 2630 1912 qua
2666 1842 2816 1896 illum
2849 1844 3067 1898 tristitia
3124 1841 3415 1908 allicerem,
3445 1858 3564 1913 qum

1975 1934 2468 2001 consequebantur,
2523 1934 2806 2002 praemisi;
2849 1949 2971 2004 qttte
3012 1935 3221 1992 latores
3250 1942 3356 1990 non
3406 1924 3571 1991 exhi-

1974 2025 2164 2093 buere,
2192 2026 2286 2081 sed
2315 2025 2530 2080 illorum
2557 2026 2677 2082 loco
2723 2027 2858 2082 alias
2887 2028 3151 2098 quasdam
3200 2027 3407 2084 litteras
3438 2030 3564 2084 sub-

1976 2117 2356 2174 ostenderunt.
2387 2116 2572 2189 Itaque
2601 2120 3006 2187 convenientia,
3039 2133 3095 2176 et
3121 2122 3185 2176 ad
3217 2136 3331 2176 rem
3366 2134 3562 2191 oppor-

1979 2217 2105 2263 tuna
2132 2224 2256 2264 cum
2291 2224 2357 2265 eo
2391 2210 2606 2264 lecutus
2632 2224 2774 2278 sum,
2823 2225 2944 2279 qua:
2989 2226 3134 2265 nunc
3164 2224 3348 2266 coram
3380 2218 3560 2267 vestra

1978 2299 2177 2370 pietate
2212 2307 2456 2370 repetere
2481 2314 2618 2371 opus
2645 2315 2751 2356 non
2783 2309 2886 2367 est,
2919 2316 2988 2356 ne
3013 2301 3207 2367 elatus,
3240 2310 3333 2356 aut
3357 2302 3562 2373 gloria«

1976 2391 2188 2448 bundus
2234 2407 2263 2445 a
2309 2392 2463 2448 vobis
2491 2392 2795 2448 existimer.
2832 2391 3088 2448 Conteret
3118 2393 3262 2448 enim
3312 2392 3453 2449 Deus
3482 2394 3563 2448 si-

1978 2483 2304 2539 mulatorum
2337 2497 2486 2539 ossa.
2520 2483 2824 2555 Imperator
2852 2485 3033 2539 omnia
3069 2499 3189 2554 qua:
3241 2482 3384 2540 facta
3437 2501 3564 2540 nar-

1978 2577 2258 2642 rabantur,
2292 2576 2485 2632 ordine
2515 2577 2744 2643 audivit,
2796 2577 3178 2649 audiendoque
3204 2579 3421 2648 gavisus
3451 2589 3557 2643 est,

1976 2677 2031 2725 et
2067 2670 2177 2726 Deo
2221 2671 2429 2740 gratias
2458 2670 2612 2742 egit;
2648 2679 2703 2727 et
2747 2671 3075 2726 narrationis
3110 2680 3326 2743 quoque
3358 2673 3558 2728 seriem

1976 2770 2180 2817 sancta:
2200 2763 2410 2835 synodi,
2443 2764 2585 2819 sicut
2610 2763 2753 2818 illius
2778 2763 3113 2834 majestatem
3139 2763 3387 2828 decebat,
3421 2780 3563 2818 com-

1976 2856 2245 2923 probavit,
2284 2870 2389 2909 non
2421 2856 2557 2911 meis
2584 2856 2801 2925 quidem
2832 2856 3011 2912 verbis
3048 2855 3116 2910 ad
3150 2855 3255 2910 hoc
3287 2856 3560 2920 inductus,

1974 2947 2070 3001 sed
2124 2958 2339 3017 patrum
2399 2957 2455 3003 et
2508 2962 2732 3003 avorum
2808 2959 3031 3005 suorum
3098 2943 3257 3003 iidem
3320 2948 3561 3003 secutus.

1975 3039 2188 3110 Scripta
2247 3040 2452 3111 itaque,
2505 3050 2566 3097 ut
2596 3055 2694 3111 par
2724 3050 2865 3105 erat,
2916 3040 3157 3108 suscepit
3201 3049 3258 3094 et
3303 3038 3453 3109 legit,
3500 3054 3566 3093 ac

1971 3142 2264 3198 persuasus
2316 3131 2433 3184 ait:
2479 3129 2535 3184 Si
2588 3144 2676 3185 res
2712 3130 2785 3183 ita
2818 3128 3001 3192 habet,
3058 3127 3176 3183 sine
3227 3136 3287 3182 ut
3330 3127 3559 3196 profecti

1970 3221 2210 3290 episcOpi
2242 3222 2348 3275 huc
2376 3221 2619 3275 veniant.
2652 3219 2748 3275 Cui
2778 3235 2876 3291 ego
2907 3238 2919 3274 :
2950 3218 3121 3275 Nemo
3149 3234 3338 3274 eorum
3376 3218 3563 3275 venire

1969 3310 2210 3377 sinitur;
2248 3319 2302 3366 et
2330 3311 2454 3366 ille:
2504 3309 2674 3366 Nemo
2704 3311 2973 3381 prohibet.
3011 3311 3248 3365 Rursum
3285 3325 3384 3382 ego
3410 3324 3427 3366 ι
3458 3311 3562 3365 De-

1972 3402 2240 3464 tinentur,
2278 3403 2519 3475 inquam,
2551 3411 2605 3458 et
2640 3402 3018 3471 prohibentur,
3048 3416 3115 3456 ne
3142 3401 3384 3459 veniant.
3422 3402 3563 3457 Sub-

1964 3494 2120 3575 jvci:
2170 3493 2273 3561 Qui
2325 3508 2356 3549 e
2406 3493 2642 3549 Nestorii
2703 3493 2938 3550 factione
2993 3503 3140 3560 sunt,
3173 3508 3361 3549 eorum
3402 3496 3558 3550 multi

3594 885 3633 892 ...η

1969 3596 2101 3640 eunt
2126 3595 2181 3640 et
2212 3587 2438 3641 redeunt
2464 3586 2673 3645 libere:
2717 3603 2838 3658 qua;
2885 3603 3015 3643 vero
3047 3601 3077 3641 a
3122 3596 3309 3642 sancta
3356 3588 3561 3657 synodo
3660 3591 3679 3609 '

1971 3686 2226 3744 aguntur,
2260 3691 2321 3730 ea
2352 3693 2514 3732 nemo
2544 3680 2611 3732 ad
2644 3689 2882 3733 vestram
2914 3681 3173 3749 pietatem
3205 3677 3398 3733 referri
3435 3692 3558 3746 per-

1972 3766 2158 3821 mittit.
2193 3767 2462 3822 Cazterum
2497 3782 2594 3836 pro
2625 3768 2793 3822 altera
2845 3780 3019 3836 parte,
3073 3770 3365 3838 Cyrilliana
3417 3770 3561 3824 scili-

1970 3865 2079 3924 cet,
2120 3872 2300 3912 coram
2338 3858 2592 3913 onmibus
2624 3858 2943 3925 imperatori
2976 3858 3085 3912 dixi
3116 3876 3129 3911 :
3180 3854 3288 3913 Sex
3321 3859 3561 3934 milliane

1969 3946 2345 4016 episcoporum
2401 3946 2593 4002 audire
2651 3947 2850 4009 mavis,
2912 3962 2979 4000 an
3030 3962 3196 4001 unum
3256 3949 3561 4013 hominem,

1969 4049 2204 4104 eumque
2260 4036 2533 4104 impium?
2569 4035 2672 4091 Sex
2724 4037 2889 4090 millia
2943 4046 3124 4091 autem
3174 4052 3269 4093 eos
3321 4040 3560 4104 aiebam,
3660 4044 3672 4093 ᾳ

1971 4126 2061 4192 qui
2088 4127 2190 4181 sub
2236 4127 2776 4196 metropolitanorum
2825 4129 3296 4185 sanctissimorum
3348 4132 3561 4201 episco-

1971 4233 2162 4285 porum
2224 4227 2490 4288 potestate
2540 4220 2762 4291 degunt.
2820 4220 2971 4292 (llaec
3023 4230 3204 4275 autem
3258 4223 3440 4275 omnia
3491 4236 3556 4276 co

280 4312 533 4364 σκόπων.
582 4309 755 4363 Τοῦτο
780 4307 874 4363 οὖν
911 4312 1147 4378 ἐγένετο,
1180 4312 1271 4365 ἵνα
1304 4313 1553 4383 πεμφθῇ,
1580 4313 1675 4367 καὶ
1703 4314 1868 4367 ἔλθω-

1978 4310 2311 4378 spectabant,
2369 4319 2428 4365 ut
2477 4321 2892 4366 accerserentur
2938 4320 2992 4367 et
3040 4312 3308 4377 venirent,
3363 4313 3451 4381 qui
3492 4328 3552 4366 ea

279 4420 368 4455 σιν
420 4404 472 4455 οί
519 4402 831 4472 ἐρχόμενοι,
868 4404 917 4455 οί
951 4404 1046 4456 καὶ
1087 4404 1153 4457 τὰ
1188 4408 1552 4474 πεπραγμένα
1590 4406 1871 4470 ποιοῦντες

278 4493 500 4564 φανερὰ
539 4494 894 4563 καταστῆναι.
942 4495 1099 4563 Λέγω
1133 4495 1218 4567 δὴ,
1261 4498 1307 4548 οί
1340 4496 1628 4565 ἁγιώτατοι
1653 4498 1872 4552 ἐπίσκο-

277 4603 395 4651 ποι,
450 4586 499 4636 οἱ
543 4583 638 4636 νῦν
680 4584 967 4655 ἐρχόμενοι
1001 4587 1151 4657 παρὰ
1176 4587 1275 4656 τῆς
1296 4587 1461 4653 ἁγίας
1488 4589 1728 4642 συνόδου.
1761 4590 1872 4643 Καὶ

278 4670 438 4729 εἷπον
474 4675 539 4737 ιθ,
560 4675 642 4727 ὅτι
673 4675 866 4739 Καλῶς
902 4677 1193 4747 ἐζήτησας.
1225 4680 1335 4733 Καὶ
1375 4678 1537 4732 πάλιν
1564 4680 1870 4750 προσέθηκε

282 4769 445 4839 ρἧα
476 4767 555 4830 ἓν,
583 4768 679 4820 καὶ
714 4765 867 4821 εἶπεν
902 4787 915 4800 ⁶
955 4769 1192 4841 Εὑχεσθε
1224 4771 1365 4842 ὑπὲρ
1390 4773 1525 4843 ἐμοῦ
1560 4789 1573 4803 ·
1607 4775 1700 4826 καὶ
1731 4769 1866 4839 οἶδα,

278 4861 366 4913 ὅτι
395 4862 424 4912 ὁ
459 4857 711 4927 βασιλεὺς
737 4861 1133 4934 ἐξηκολούθησε
1167 4864 1367 4934 μᾶλλον
1395 4865 1474 4936 τῷ
1503 4866 1643 4937 Θεῷ,
1677 4867 1770 4921 καὶ
1800 4870 1865 4939 τῇ

280 4949 419 5019 ἁγίᾳ
456 4949 679 5018 συνόδῳ.
711 4950 807 5003 καὶ
834 4951 1018 5005 ούκέτι
1042 4956 1158 5016 τοῖς
1182 4955 1638 5026 διεστραμμένοις
1665 4957 1870 5028 ἀνθρώ-

280 5057 433 5100 ποις.
462 5037 701 5109 Εύχεσθε
725 5037 816 5095 οὖν
833 5043 975 5114 ὑπὲρ
997 5044 1089 5097 τοῦ
1112 5045 1396 5115 βασιλέως,
1415 5048 1509 5101 καὶ
1528 5047 1669 5121 ὑπὲρ
1687 5047 1863 5119 ἡμῶν.

362 5130 428 5183 Ὁ
463 5131 596 5195 λαὸς
626 5135 654 5185 ό
687 5132 729 5163 ¹⁷
766 5136 822 5185 ἐν
853 5136 1427 5190 Κωνσταντινουπόλει
1467 5139 1567 5207 μιᾷ
1601 5137 1697 5209 βοῇ
1729 5139 1867 5192 πάν-

279 5242 416 5280 τωνο
459 5225 732 5295 Ἀνάθεμα
754 5226 1060 5297 Νεστορίῳῑ

1977 4415 2094 4469 qua:
2150 4400 2289 4456 facta
2341 4412 2486 4466 sunt,
2535 4403 2926 4471 patefacerent.
2990 4401 3207 4471 Loquor
3256 4413 3434 4458 autem
3489 4403 3555 4457 de

1977 4490 2335 4545 sanctissimis
2393 4491 2684 4562 episcopis,
2734 4508 2870 4563 quos
2917 4504 3107 4549 saneta
3157 4493 3395 4563 synodus
3450 4492 3554 4547 huc

1978 4580 2313 4652 destinavit.)
2373 4581 2440 4636 Et
2473 4584 2792 4653 respondit:
2844 4584 3013 4640 Recte
3038 4584 3356 4655 quaisivisti.
3412 4583 3553 4638 Itur-

1977 4685 2203 4741 sumque
2233 4673 2427 4743 adjecit
2453 4674 2673 4729 verbum
2719 4689 2908 4740 unum,
2944 4680 2998 4731 ct
3027 4674 3199 4730 dixit:
3249 4671 3491 4729 Precemi
3533 4667 3551 4725 ἰ

1977 4778 2072 4831 pro
2100 4778 2185 4818 me
2216 4782 2229 4818 :
2282 4771 2336 4819 et
2365 4773 2515 4820 certo
2549 4766 2673 4820 novi
2717 4767 3098 4836 imperatorem
3134 4766 3242 4821 Deo
3268 4776 3323 4820 et
3351 4776 3551 4820 sancta:

1977 4858 2185 4926 synodo
2234 4857 2555 4912 obsecutum
2596 4859 2776 4926 potius
2827 4874 2986 4927 quam
3019 4858 3290 4926 perversis
3319 4857 3550 4913 homini-

1978 4950 2097 5001 bus.
2130 4948 2295 5003 Orate
2330 4949 2492 5019 igitur
2523 4964 2621 5018 pro
2649 4951 2994 5020 imperatore,
3031 4960 3084 5005 et
3112 4966 3218 5021 pro
3242 4950 3416 5006 nobis.

2038 5039 2279 5108 Populus
2343 5039 2981 5110 Constantinopolitanus
3051 5057 3155 5096 una
3207 5042 3364 5097 simul
3421 5055 3549 5096 voce

1974 5128 2297 5185 exclamavit
2325 5144 2339 5185 :
2371 5131 2674 5187 Anathema
2703 5129 2983 5189 Nestoriol

358 5361 402 5450 ξ*
427 5360 746 5450 ἐπίσκοπος.
775 5365 1035 5450 mendose
1066 5366 1323 5450 ‘om‘nino,
1353 5381 1454 5450 nec
1489 5367 1687 5450 in‘msg.‘
1712 5367 1871 5450 habet

1998 5368 2118 5450 ‘9‘.»
2148 5369 2374 5450 ,πλείρηὲ-
2389 5370 2509 5423 οὐκ,
2587 5368 3011 5450 ιιιπροέπεμψα.
3090 5368 3132 5398 ¹¹
3160 5367 3544 5438 ἐπαιρόμενος.

282 5430 328 5462 ¹³
357 5430 862 5503 ἀνθρωπαρέσκων.

574 5757 841 5818 Parnm”
896 5762 1010 5820 Gn.
1046 5760 1327 5822 LXXXV.

955 5436 997 5464 ”
1028 5435 1328 5490 εὐσέϐειαν.
1410 5437 1452 5468 ¹³
1484 5438 1610 5499 τοὺς
1642 5437 1699 5489 δὲ
1745 5438 2162 5508 ἑξακισχιλίους.

1888 5614 1958 5635 —

2240 5441 2283 5472 ¹⁶
2314 5438 2485 5495 εἶπεν.
2565 5441 2606 5473 ¹⁷
2636 5438 2795 5510 ὁμοῦ.

3152 5765 3226 5832 57
