4014 6122
255 338 389 404 1809

1192 344 1415 403 FRAG.
1454 345 1502 404 Ι.
1544 344 1853 404 JULIANI
1898 345 2053 406 IMP.
2097 346 2244 406 RES
2280 345 2560 406 (ἶΕΞΤίΕ.

3366 347 3526 410 Ἢ,ῒο

252 446 327 504 ὧν
355 465 516 502 τινων
548 448 748 502 πλοίων
785 451 1034 521 ὑπῆρχεν
1060 450 1089 503 6
1123 450 1363 523 ἀριθμὸς
1395 457 1546 515 ,ασν’.
1578 453 1688 504 Καὶ
1720 469 1846 507 συνο

1967 469 2134 510 ιοοιιιιι
2236 456 2547 509 Anatolium
2656 458 2977 528 magistrum
3072 467 3121 513 et
3210 458 3525 515 Sallustium

256 539 519 614 αθροίσας
547 542 641 595 τὸν
688 542 820 597 ἴδιον
852 542 1021 597 αὑτοῦ
1064 544 1322 617 στρατὸν,
1369 545 1510 617 έχων
1555 545 1676 617 μεθ’
1709 547 1843 601 ἐαυ-

254 633 349 687 τοῦ
397 633 700 688 Ἀνατόλιον
733 617 1056 707 μάγιστρον,
1076 636 1172 689 καὶ
1193 634 1554 689 Σαλλούστιον
1590 636 1631 669 ⁸⁸
1670 635 1844 709 ἐπαρ-

258 742 350 795 χον
400 724 787 795 πραιτωρίων,
855 726 951 780 καὶ
1008 728 1139 791 τοὺς
1202 729 1586 799 στρατηλάτας
1636 731 1803 785 αὐτοῦ
1830 771 1844 795 ,

260 814 501 870 ἀνελθὼν
537 816 595 870 ὲν
621 814 810 887 ὑψηλῷ
841 816 1072 887 βήματι,
1103 818 1173 871 δι’
1197 820 1393 874 ἑαυτοῦ
1420 821 1849 893 προσεφώνησεν

260 908 338 978 τῷ
374 908 616 979 στρατῷ,
650 909 895 963 ἐπαινῶν
921 911 1123 974 αὐτοὺς
1146 910 1243 964 καὶ
1276 914 1605 984 προτρέπων
1627 915 1692 979 η,
1718 930 1850 983 προσ

264 999 452 1070 θύμως
499 1000 591 1054 καὶ
634 1001 931 1072 σωφρόνως
970 1002 1346 1071 ἀγωνίσασθαι
1394 1004 1538 1058 κατά
1576 1004 1845 1077 Περσῶνο

263 1092 359 1145 καὶ
387 1091 592 1156 εὐθέως
622 1093 911 1163 ἐμϐαίνειν
940 1096 1023 1157 είς
1049 1094 1118 1148 τὰ
1144 1094 1307 1149 πλοῖα
1336 1096 1657 1169 ἐπέτρεψεν,
1681 1096 1853 1150 ἀπελ-
1899 1117 1903 1121 ·

265 1180 373 1235 θὼν
407 1182 450 1215 ’³
475 1182 571 1235 καὶ
593 1182 759 1247 αὐτὸς
778 1184 807 1236 6
837 1183 1090 1254 βασιλεὺς
1120 1185 1202 1250 είς
1231 1186 1292 1240 τὸ
1321 1187 1682 1259 εὐτρεπισθὲν
1703 1187 1854 1257 αὐτῷ

266 1276 485 1329 πλοῖον·
531 1277 626 1330 καὶ
664 1277 921 1346 ἡγεῖσθαι
979 1276 1164 1331 αὐτῶν
1217 1278 1777 1350 προσκο(ιλλ)άτορας
1810 1279 1856 1311 ¹⁶

267 1366 605 1439 προσέταξεν
643 1368 847 1439 ἄνδρας
887 1369 1170 1437 γενναίους
1192 1369 1290 1423 τοῦ
1324 1371 1559 1442 ἀριθμοῦ
1592 1370 1701 1425 τῶν
1725 1371 1857 1440 λαγ-

268 1457 499 1529 κιαρίων
524 1460 620 1513 καὶ
654 1459 1001 1530 ματτιαρίων
1030 1460 1154 1528 ,αφ⁹,
1183 1461 1450 1526 κελεύσας
1478 1463 1662 1517 καὶτὰ
1693 1464 1855 1532 σίγνα

155 1545 161 1560 ¹
267 1550 436 1603 αὐτοῦ
466 1550 833 1622 βαστάζεσθαι
856 1552 957 1623 (εί),
1001 1551 1120 1624 [καὶ
1146 1553 1237 1607 τὸν
1268 1554 1488 1625 κόμητα
1532 1556 1854 1621 Λουκιανὸν,

269 1643 438 1714 ἀνδρα
492 1641 942 1714 πολεμικώτατον
990 1640 1132 1698 εἶναι
1182 1645 1282 1699 σὺν
1335 1646 1521 1717 αὐτῷ,
1570 1649 1721 1712 ὅστις
1762 1649 1859 1701 καὶ

270 1733 442 1787 πολλά
491 1734 704 1805 κάστρα
743 1734 990 1806 Περσικά
1032 1734 1096 1807 [Γ.
1132 1736 1201 1790 62
1230 1735 1282 1809 a]
1318 1738 1468 1809 παρά
1496 1738 1587 1794 τὸν
1638 1738 1857 1812 Εὐφρά-

1951 545 2268 617 praefectum
2292 547 2768 616 pratorianorum,
2807 548 3054 619 aliosque
3104 550 3289 616 duces,
3338 551 3407 607 de
3436 566 3531 609 ευ-

1951 639 2103 695 blimi
2140 645 2391 711 suggestu
2432 654 2529 709 per
2570 654 2630 695 se
2685 641 2801 711 ipse
2849 642 3051 698 milites
3096 620 3371 698 allocutus
3417 654 3527 708 est,

1954 731 2181 788 laudans
2208 746 2324 800 eos,
2357 740 2413 787 et
2451 732 2750 788 adhortans
2773 742 2832 788 ut
2860 732 3119 789 alacriter
3148 741 3201 788 et
3232 736 3537 803 composite

1954 825 2212 881 adversus
2241 823 2439 881 Persas
2467 825 2810 881 decertarent
2835 840 2851 880 :
2883 827 3180 897 statimque
3210 826 3534 882 inscendere

1953 932 2121 972 naves
2145 915 2329 985 jussit,
2353 931 2587 989 pergens
2611 927 2666 973 et
2718 919 2835 989 ipse
2854 918 3142 990 jAugustus
3177 920 3243 973 ad
3275 931 3531 989 paratum

1954 1009 2055 1063 sibi
2089 1009 2402 1079 navigium:
2433 1010 2795 1080 praecepitque
2815 1018 2871 1066 ut
2898 1020 3341 1079 procursatorum
3366 1012 3540 1066 instar
3584 1029 3593 1037 -

1956 1100 2331 1170 pratcederent
2399 1100 2504 1155 viri
2564 1102 2771 1156 strenui
2828 1101 2975 1157 mille
3027 1110 3083 1157 et
3128 1102 3410 1173 quingenti
3468 1115 3536 1157 ex

1957 1189 2179 1259 agmine
2204 1191 2599 1246 lanceariorum
2643 1192 3156 1255 etmattiariorum,
3190 1206 3330 1256 quos
3371 1192 3536 1246 etiam

1957 1282 2111 1351 signa
2172 1282 2519 1351 imperatoria
2584 1292 2802 1353 gestare
2855 1284 3047 1339 voluit.
3107 1283 3306 1339 Secum
3359 1293 3539 1338 autem

1959 1372 2183 1429 retinnit
2222 1372 2520 1428 Lucianum
2555 1374 2810 1429 comitem
2842 1373 3016 1428 virum
3053 1373 3539 1444 pugnacissimum,

1958 1467 2050 1536 qui
2080 1466 2356 1537 complura
2386 1467 2531 1522 circa
2562 1466 2919 1537 Euphratem,
2972 1481 3182 1522 necnon
3218 1466 3272 1520 in
3306 1464 3541 1520 [luminis

1960 1558 2154 1613 insulis
2184 1557 2357 1629 posita
2402 1567 2584 1614 eaStra
2641 1558 2986 1629 deprzcdatus
3010 1567 3111 1623 est.
3144 1557 3459 1629 Persasque
3489 1560 3541 1614 in

1963 1651 2192 1706 navibus
2240 1650 2343 1706 sibi
2370 1659 2726 1706 occurrentes
2767 1651 2988 1705 occidit.
3038 1649 3211 1705 Porro
3262 1649 3541 1707 Victorem

1962 1753 2019 1799 et
2073 1743 2425 1814 Daglaipbum
2485 1752 2632 1798 retro
2689 1743 3059 1799 collocaverat
3125 1748 3250 1811 post
3299 1741 3543 1812 reliquas

269 1846 369 1899 την
419 1828 669 1899 κείμενα,
705 1829 798 1882 καὶ
842 1830 902 1882 ἐν
936 1828 1088 1900 μέσῳ
1140 1807 1509 1885 τῶνῗὺδάτων
1565 1832 1624 1885 ὲν
1671 1807 1861 1901 νήσοις

1967 1807 2520 1901 ηεινοεξιιιεχοιιὴίοε
2545 1841 2789 1904 agerent.
2842 1831 3005 1888 Venit
3056 1807 3185 1902 ergo
3251 1807 3547 1900 imperator

269 1924 400 1978 ὄντα
430 1924 757 1994 ἐπόρθησεν,
791 1925 932 1996 (καὶ)
960 1925 1089 1989 τοὺς
1115 1926 1176 1979 ὲν
1198 1927 1389 1981 ναυσὶν
1421 1927 1465 1959 ι’
1502 1927 1685 1991 ἱέντας
1714 1927 1858 1999 Πέρ-

273 2029 369 2091 σας
400 2014 602 2067 ἀνεῖλε.
637 2012 891 2085 Βίκτωρα
939 2014 996 2067 δὲ
1041 2015 1137 2069 καὶ
1166 2014 1475 2086 Δαγλάῖφον
1516 2016 1857 2072 κατέτασσεν

270 2105 495 2159 ὄπισθεν
536 2105 578 2136 ¹⁶
606 2104 714 2159 τῶν
765 2105 972 2160 λοιπῶν
1005 2105 1208 2161 πλοίων
1247 2103 1409 2173 εἶναι,
1457 2108 1618 2161 καὶ¹⁷
1654 2108 1860 2178 φυλάτ-

269 2214 383 2250 τειν
415 2196 485 2250 τὰ
521 2197 727 2267 πλήθη.
760 2198 873 2251 Καὶ
905 2197 1176 2266 κατῆλθεν
1218 2199 1248 2252 ὀ
1299 2199 1559 2269 βασιλεὺς
1595 2200 1733 2270 μετά
1762 2200 1857 2254 τοῦ

272 2287 509 2358 στρατοῦ
561 2287 766 2351 παντὸς
816 2289 905 2342 διὰ
940 2289 1044 2358 τῆς
1092 2290 1341 2361 μεγάλης
1392 2292 1649 2361 διορυγῆς
1686 2291 1731 2323 ⁸⁸
1760 2290 1858 2346 τοῦ

271 2378 587 2450 Εὐφράτου,
614 2379 713 2446 τῆς
740 2378 1045 2450 μισγούσης
1074 2380 1153 2451 τῷ
1184 2381 1378 2452 Τίγρει
1407 2383 1448 2414 ι’
1480 2382 1734 2453 ποταμῷ,
1764 2384 1860 2438 καὶ

271 2470 528 2541 εἰσῆλθεν
552 2473 633 2535 εἰς
670 2472 763 2525 τὸν
790 2473 955 2526 αὐτὸν
996 2473 1191 2545 Τίγριν
1222 2474 1270 2506 ⁸ο
1301 2476 1549 2546 ποταμὸν
1592 2476 1726 2529 ὅπου
1765 2477 1859 2547 μί-

273 2579 502 2630 γνυνται
522 2563 572 2617 οἱ
592 2562 686 2616 δύο
716 2565 975 2635 ποταμοὶ,
1010 2564 1107 2619 καὶ
1140 2565 1502 2621 ἀποτελοῦσιν
1530 2566 1727 2639 λίμνην
1759 2585 1860 2638 με·

274 2656 448 2727 γάλην
467 2673 481 2686 ·
508 2656 601 2709 καὶ
631 2655 941 2727 παρέϐαλεν
971 2658 1015 2691 ²¹
1040 2659 1120 2721 είς
1142 2658 1212 2711 τά
1243 2659 1512 2729 Περσικὰ,
1536 2660 1593 2713 ἑν
1615 2662 1680 2732 τῇ
1710 2659 1864 2733 χώρᾳ

274 2747 384 2802 τῶν
415 2746 727 2818 λεγομένων
757 2746 1144 2813 Μαυζανιτῶν,
1182 2748 1411 2819 πλησίον
1467 2749 1864 2820 Κτησιφῶντος

1967 1942 2089 1983 cum
2152 1926 2408 1982 universo
2466 1926 2707 1981 exercitu
2767 1940 2865 1995 per
2935 1940 3183 1994 magnam
3242 1922 3546 1993 Euphratis

1971 2018 2193 2080 fossam,
2218 2033 2338 2088 qua:
2366 2016 2577 2089 Tigridi
2609 2018 2772 2074 ﬂuvio
2804 2019 3088 2082 miscetur,
3118 2018 3403 2087 ipsumque
3446 2013 3545 2067 Ti-

1965 2110 2170 2179 gridem
2199 2109 2481 2180 ingressus
2506 2117 2611 2175 est,
2661 2124 2770 2180 quo
2799 2109 2918 2165 loco
2944 2118 3171 2179 uterque
3200 2106 3399 2161 ﬂuvius
3416 2119 3548 2160 con-

1965 2210 2250 2258 currentes
2284 2188 2535 2269 magnum
2582 2200 2759 2254 lacum
2808 2199 3092 2267 cilicium;
3131 2196 3545 2263 transmittitque

1968 2294 2022 2348 in
2055 2292 2311 2348 Persicos
2339 2291 2495 2359 lines,
2528 2291 2583 2346 in
2625 2290 2848 2362 regione
2878 2289 3311 2345 Mauzanitarum
3333 2323 3352 2353 ,
3381 2299 3547 2355 prope

1964 2385 2371 2456 Ctesiphontem
2396 2384 2608 2451 urbem,
2633 2385 2726 2440 ubi
2759 2384 3101 2440 Persicorum
3128 2395 3313 2453 regum
3344 2378 3545 2449 palatia

1966 2485 2124 2532 erant
2151 2495 2167 2544 ;
2197 2486 2361 2547 atque
2392 2478 2496 2533 hoc
2520 2477 2589 2531 ad
2642 2475 2969 2548 Babylonem
3016 2473 3164 2530 aditu
3197 2472 3424 2541 potitus,
3453 2482 3550 2539 per
3577 2549 3583 2554 ν

1967 2568 2334 2639 Ctesiphontis
2366 2567 2642 2637 planitiem
2677 2566 2987 2631 incedebat,
3007 2564 3195 2620 volens
3222 2559 3547 2632 Babylonem

1969 2675 2204 2732 quoque,
2233 2660 2531 2716 comitante
2567 2668 2784 2726 senatu,
2814 2657 2989 2722 adire,
3041 2669 3271 2726 eamque
3315 2652 3371 2707 in
3394 2662 3569 2747 suam.

1970 2759 2293 2822 potestatem
2325 2749 2592 2820 redigere.

278 2839 523 2907 πόλεως,
586 2839 714 2893 ἔνθα
771 2839 1020 2910 ὑπῆρχεν
1078 2841 1139 2894 τὸ
1200 2842 1468 2913 Περσικὸν
1522 2842 1797 2912 βασίλειον
1828 2858 1846 2877 ο
1915 2844 2013 2900 καὶ
2037 2847 2152 2901 “...
2182 2862 2254 2917 κη
2287 2843 2596 2916 ὲπικρατὴς
2665 2840 2967 2914 γενάμενος
2991 2841 3039 2874 ’⁸
3094 2841 3251 2895 τοῦδε
3295 2840 3532 2896 ἀνόδου¹

276 2932 622 2997 Βαϐυλῶνος,
652 2928 816 3003 ἦλθεν
844 2932 890 2963 ⁸⁸
914 2932 1002 2986 διὰ
1039 2932 1138 3004 τὴν
1163 2934 1390 2988 πεδιάδα
1434 2936 1534 3005 τῆς
1565 2936 1737 3005 αὐτῆς
1765 2936 1969 3001 πόλεως
1998 2937 2412 3009 Κτησιφῶντος,
2448 2935 2772 3008 βουλόμενος
2808 2933 2950 3005 μετά
2985 2934 3086 3005 τῆς
3117 2932 3253 2999 ἰδίας
3282 2934 3529 3005 συγκλήο

278 3041 373 3078 του
419 3027 512 3079 καὶ
557 3026 658 3095 τῆς
696 3025 1010 3089 Βαϐυλῶνος
1059 3024 1308 3080 ἐπελθεῖν
1356 3026 1450 3081 καὶ
1508 3027 1847 3098 παραλαϐεῖν
1876 3029 1975 3100 (5).

360 3120 420 3177 Ὀ
451 3119 508 3173 δὲ
541 3118 1008 3189 Σαϐουραρσάκης
1035 3117 1370 3190 [ὑπονοήσας
1395 3120 1478 3172 ὅτι
1510 3118 1600 3172 διὰ
1641 3119 1702 3172 τὸ
1730 3119 1863 3172 Νιτ-

2036 3121 2262 3179 Interim
2287 3138 2418 3179 vero
2469 3122 2888 3192 Saporarsaces,
2922 3119 3254 3189 suspicatus,
3304 3117 3554 3188 impera-

281 3210 457 3276 ζίϐιος
511 3210 578 3284 [Γ.
611 3210 680 3265 62
718 3210 776 3282 b]
815 3211 1018 3280 ἤρχετο
1050 3210 1078 3262 6
1107 3209 1362 3280 βασιλεὺς
1403 3210 1692 3281 Ῥωμαίων
1732 3212 1861 3264 Ἰου-

280 3304 483 3375 λιανὸς]
519 3304 780 3374 ὥρμησεν
824 3304 945 3356 κατ’
972 3302 1138 3355 αὐτοῦ
1188 3302 1328 3372 μετά
1367 3301 1462 3356 τοῦ
1492 3302 1736 3372 πλήθους
1765 3303 1862 3355 αὑ-

280 3395 375 3448 τοῦ
431 3396 660 3457 παντός’
718 3392 1163 3461 ἀπαγγελθέντος
1217 3393 1275 3446 δὲ
1318 3392 1470 3463 αὑτῷ
1518 3394 1601 3447 ὃτι
1638 3393 1864 3448 ὄπισθεν

280 3485 447 3537 αὑτοῦ
483 3487 634 3538 ἐστιν
680 3485 707 3537 6
750 3484 1007 3554 βασιλεὺς
1052 3482 1343 3553 Ῥωμαίων
1402 3484 1740 3552 παραλαϐὼν
1796 3485 1865 3538 τὰ

282 3575 534 3645 Περσικά
577 3575 740 3645 μέρη,
786 3575 880 3627 καὶ
919 3576 1001 3628 ὅτι
1044 3574 1358 3645 ἔμπροσθεν
1388 3575 1433 3606 ¹⁶
1466 3575 1785 3630 ἀπαντῶσιν
1816 3577 1866 3628 οι

283 3667 586 3735 στρατηγοὶ
612 3666 723 3720 τῶν
765 3667 1053 3737 Ῥωμαίων
1076 3668 1171 3719 καὶ
1192 3667 1261 3733 τᾲ
1290 3665 1473 3735 πλήθη
1498 3666 1564 3729 ’⁷,
1596 3667 1756 3732 γνοὺς
1786 3666 1869 3719 ὅτι

284 3758 592 3829 ἐμεσάσθη,
617 3759 808 3829 φεύγει
834 3756 939 3812 ἐπὶ
961 3760 1061 3827 τὴν
1093 3758 1534 3828 Περσαρμενίαν,
1565 3758 1701 3828 δόλῳ
1729 3758 1871 3828 πέμ-

282 3848 391 3917 ψας
429 3851 525 3905 δύο
561 3852 967 3922 συγκλητικοὺς
998 3850 1186 3916 αὑτοῦ,
1210 3853 1306 3904 καὶ
1340 3852 1540 3915 αὐτοὺς
1584 3854 1706 3906 κατ’
1736 3853 1874 3904 ἰδίαν

287 3942 542 4015 βούλησιν
575 3944 963 4014 ρινοτομήσας,
1002 3943 1140 4014 πρὸς
1179 3944 1469 3997 Ἰουλιανδν
1503 3945 1594 3996 τὸν
1641 3943 1873 4015 βασιλέα

298 4035 610 4108 Ῥωμαίων,
643 4036 731 4088 ἵνα
767 4035 1117 4106 πλανήσωσιν
1146 4036 1311 4090 αὑτὸν
1335 4038 1472 4107 πρὸς
1499 4038 1559 4091 τὸ
1592 4038 1667 4108 μή
1700 4053 1873 4091 κατα-

285 4125 587 4198 διωχθέντα
625 4128 788 4181 αὑτὸν
844 4128 1151 4198 φθασθῆναι
1183 4129 1248 4184 ’⁸.
1285 4132 1349 4183 Οί
1395 4130 1453 4183 δὲ
1497 4121 1880 4202 ρινοτομηθέν-

286 4194 453 4281 τες-λθ
482 4217 647 4291 ἦλθον
673 4219 810 4290 πρὸς
838 4194 930 4274 τὸν
957 4194 1182 4290 βασιλέα
1215 4194 1528 4291 Ῥωμαίων,
1553 4194 1874 4292 ροϐοϐναι,

289 4311 475 4379 φησὶν,
512 4312 761 4376 θέλοντες
802 4312 895 4365 τὸν
929 4311 1155 4382 βασιλέα
1188 4313 1415 4384 Περσῶν
1457 4315 1534 4376 ὡς
1563 4311 1879 4385 τιμωρησά·

292 4417 454 4468 μενον
474 4405 693 4467 αὐτούς.
738 4405 1067 4475 Ἀπατηθεὶς
1094 4405 1151 4458 δὲ
1169 4405 1260 4458 ὑπ’
1290 4406 1334 4437 ³ο
1358 4404 1537 4459 αὐτῶν
1559 4404 1878 4475 ὲπομνυμέ-

292 4510 396 4547 νων
422 4499 451 4549 6
496 4498 658 4560 αὐτὸς
701 4497 956 4567 βασιλεὺς
1006 4495 1315 4562 Ἰουλιανὸς,
1352 4495 1724 4566 ἠκολούθησεν
1775 4496 1873 4549 αὑ⁴

291 4583 377 4646 τὸς
413 4588 457 4619 ³¹
514 4589 652 4659 μετά
684 4589 776 4641 τοῦ
819 4587 1081 4659 στρατοῦ·
1116 4589 1210 4642 καὶ
1260 4589 1547 4659 ἀπήγαγον
1583 4587 1747 4641 αὑτὸν
1795 4588 1872 4650 εἰς

290 4675 389 4748 τὴν
413 4678 621 4753 ἔρημον
649 4682 743 4735 καὶ
763 4680 991 4753 ἄνυδρον
1012 4681 1106 4734 ἐπὶ
1133 4682 1288 4752 μίλια
1310 4688 1387 4753 ρν¹
1422 4681 1484 4736 π)
1497 4680 1798 4752 ανηθέντας
1826 4679 1871 4711 ³⁸

388 4857 430 4890 ¹¹
462 4860 689 4915 Malalas
735 4876 856 4916 cum
913 4863 1072 4917 unica
1120 4863 1172 4917 λ.
1232 4862 1336 4917 Sed
1386 4863 1588 4917 rectius
1634 4869 1842 4926 noster,
1875 4861 1952 4914 uti
2008 4873 2197 4925 reapse
2243 4857 2422 4913 Latini
2455 4857 2722 4913 scribunt.

297 4922 339 4953 ¹³
372 4925 497 4984 Mal.
532 4930 812 4985 εἰσελθών.

1966 3225 2136 3270 torem
2160 3215 2528 3268 Romanorum
2548 3212 2817 3269 lulianum
2845 3226 2942 3281 per
2964 3211 3174 3266 Nisibin
3198 3210 3303 3264 iter
3318 3209 3544 3272 habere,

1964 3323 2089 3362 cum
2119 3307 2233 3362 suis
2261 3307 2515 3362 omnibus
2536 3305 2706 3375 copiis
2736 3312 2928 3360 contra
2980 3303 3157 3373 ipsum
3190 3299 3541 3370 properabat.

1969 3399 2092 3456 Mox
2119 3400 2309 3457 nuntio
2366 3408 2614 3468 accepto,
2663 3397 2807 3467 quod
2857 3395 2958 3451 sibi
2998 3409 3028 3448 a
3059 3403 3209 3464 tergo
3247 3401 3394 3447 esset
3432 3392 3544 3446 Ro-

1969 3507 2161 3547 manus
2191 3492 2484 3560 imperator
2505 3490 2594 3558 qui
2623 3486 2734 3557 jam
2766 3486 3017 3541 Persicos
3043 3483 3179 3540 ﬁnes
3200 3490 3545 3552 occupasset,

1969 3591 2017 3635 et
2055 3581 2201 3650 quod
2248 3581 2352 3635 sibi
2389 3596 2419 3634 a
2465 3580 2643 3634 fronte
2680 3577 2909 3632 Romani
2968 3577 3137 3631 duces
3177 3589 3301 3630 cum
3354 3587 3549 3644 magna

1970 3687 2132 3725 manu
2163 3676 2538 3732 occurrerent,
2563 3669 2758 3723 videns
2779 3686 2839 3723 se
2859 3669 3098 3722 medium
3124 3667 3314 3733 teneri,
3338 3664 3475 3735 fugit
3499 3666 3552 3720 in

1974 3759 2432 3814 Persarmeniam.
2467 3758 2612 3812 Duos
2641 3765 2827 3811 tamen
2855 3757 3235 3811 fraudulenter
3278 3758 3424 3813 misit
3469 3772 3555 3812 se-

1976 3860 2197 3906 natores
2225 3865 2375 3914 suos,
2405 3849 2603 3918 quibus
2632 3846 3108 3903 consentientibus
3152 3862 3316 3902 nares
3363 3849 3555 3916 praeci-

1976 3946 2152 4010 derat,
2189 3944 2255 3997 ad
2299 3943 2686 4011 imperatorem
2742 3941 3114 3995 Romanorum
3168 3937 3465 4003 Iulianum,
3497 3951 3556 3993 ut

1977 4052 2099 4091 cum
2126 4034 2381 4091 fallerent
2413 4035 2707 4105 quominus
2738 4048 2797 4089 se
2820 4032 3200 4102 persequendo
3237 4030 3551 4100 attingeret.

1979 4126 2069 4181 Isti
2093 4140 2224 4181 vero
2255 4127 2513 4196 prtecisas
2557 4138 2719 4179 nares
2760 4131 3123 4191 ostentantes,
3153 4123 3221 4179 ad
3253 4124 3555 4179 Romanum

1980 4220 2362 4290 imperatorem
2387 4225 2679 4286 venerunt,
2713 4216 3003 4288 prodituri,
3031 4226 3090 4270 ut
3137 4216 3379 4280 aiebant,
3425 4213 3555 4268 Per-

1982 4328 2166 4369 sarum
2201 4327 2409 4384 regem,
2429 4311 2517 4380 qui
2544 4311 2690 4381 ipsos
2718 4325 2785 4366 eo
2812 4309 3083 4381 supplicio
3104 4308 3381 4364 all‘ecerat.
3416 4308 3558 4379 Ergo

1985 4409 2052 4461 ab
2071 4406 2262 4460 horum
2280 4402 2428 4473 perju
2439 4402 2516 4458 rio
2541 4402 2679 4457 idem
2710 4401 2960 4458 Julianus
2983 4401 3258 4472 Augustus
3274 4401 3555 4470 deceptus.

1982 4497 2314 4567 sequebatur
2345 4495 2491 4564 ipsos
2536 4509 2659 4550 cum
2710 4494 2954 4549 exercitu
2987 4512 3002 4549 :
3035 4495 3127 4565 qui
3156 4493 3314 4553 illum
3340 4507 3438 4562 per
3466 4492 3559 4546 de-

1982 4596 2127 4643 serta
2160 4594 2218 4642 et
2266 4586 2527 4655 inaquosa
2554 4585 2668 4641 loca
2703 4586 2972 4643 duxerunt
3023 4586 3161 4640 ultra
3199 4585 3557 4641 centesimum

1981 4687 2036 4735 et
2055 4677 2564 4761 quinquagesimum
2589 4676 2821 4747 lapidem
2839 4693 2965 4741 cum
2985 4679 3229 4734 exercitu
3251 4676 3560 4735 errabundo

2826 4859 2870 4890 "
2886 4928 2889 4929 ν
2905 4855 3033 4929 Mal.
3093 4856 3558 4929 προτρεπόμενος.

895 4933 939 4963 ¹⁶
969 4933 1043 4985 Ita
1086 4933 1214 4986 mihi
1260 4934 1437 4987 dubia:
1476 4940 1634 4986 erant
1671 4933 1723 4985 in
1761 4930 1950 4985 codice
1992 4941 2102 4984 tres
2140 4930 2354 4983 litterae.
2387 4928 2741 4995 Chilmeadus
2770 4928 2986 4993 quidem
3018 4928 3299 4993 legendum
3339 4928 3565 4994 putabat

296 4991 347 5077 in
377 4995 568 5055 Malala
603 5002 1145 5072 προσκουλκάτορας,
1181 5002 1335 5077 quasi
1367 5003 1695 5077 excubitores
1729 5001 1860 5077 vele

1967 5010 2211 5077 oratores.
2249 5000 2357 5077 Ego
2386 4992 2515 5077 vero
2550 4991 2867 5077 suspicabar
2892 4991 3177 5077 legendum
3216 4991 3563 5077 προπουρσάο

296 5076 462 5141 ’ξορας
492 5066 911 5137 procursatores,
948 5066 1056 5141 quo
1095 5066 1356 5125 vocabulo
1408 5087 1552 5141 saepe
1600 5072 1769 5123 utitur
1800 5066 2125 5141 Ammianus
2173 5070 2224 5141 in
2259 5066 2358 5141 hac
2394 5066 2752 5141 ipsajnliani
2775 5066 3143 5141 expeditione.

296 5142 390 5204 ξξιεξ
412 5138 702 5194 videbatur
732 5143 782 5194 in
816 5141 938 5195 cod.
968 5138 1037 5194 Ἁι
1065 5141 1286 5197 Malalas
1315 5144 1372 5195 ἐν
1412 5138 1592 5203 αὐτοῖς
1614 5141 1793 5204 ὄντας.

3227 5067 3269 5098 ¹⁵
3301 5068 3374 5118 Ita
3403 5082 3559 5133 pror-

1874 5140 1915 5171 ¹⁸
1946 5138 2165 5205 Malalas
2192 5136 2433 5195 ὄπισθεν.
2480 5138 2522 5170 ¹⁷
2554 5136 2678 5191 Mal.
2710 5139 2828 5190 sine
2857 5136 2971 5190 καί.
3052 5137 3097 5168 ¹³
3130 5136 3253 5190 Mal.
3290 5136 3558 5203 διόρυγος.

528 5210 783 5280 Τίγρητι.
861 5213 906 5242 ¹⁰
929 5211 1049 5265 Mal.
1084 5213 1352 5280 Τίγρητα.
1412 5213 1455 5245 ²¹
1492 5198 1617 5263 Mal.
1647 5198 1863 5264 mendos

1967 5200 2265 5280 ταρέλαϐεν.
2326 5209 2384 5280 _”
2408 5208 2535 5275 Legi
2559 5208 2824 5280 nequitia
2857 5207 2980 5261 cod.
3014 5220 3179 5280 unum
3211 5198 3558 5280 vogaliultnn.

299 5267 501 5349 ξἈΜίιΙ.
539 5267 853 5349 γενῦμῖενος.
931 5282 978 5312 ’⁵
1007 5281 1139 5337 Cod.
1166 5267 1464 5336 Videbatur
1494 5280 1713 5333 ἀνόσου.

299 5335 327 5420 ᾖ
361 5335 616 5420 Quot).st
663 5335 973 5420 ἐσκήνωσεν
1004 5335 1061 5403 ἓν
1103 5335 1337 5404 πεδιάδι.

303 5404 504 5504 ait???
544 5404 879 5504 ἔμπροσθεν,
914 5423 1031 5476 loco
1071 5421 1403 5492 φθασθῆναι.

380 5478 503 5542 Mal.
535 5478 712 5560 πλανή
722 5478 935 5554 σαντες.

470 5663 596 5736 Item
630 5669 855 5724 abscissi
887 5684 914 5721 a
946 5669 1130 5724 codice
1164 5679 1273 5723 tres
1309 5684 1517 5724 versus.

367 5727 443 5797 (Τί)
503 5733 625 5793 "me
686 5741 749 5793 ad
793 5740 1026 5795 litteram
1080 5742 1463 5808 propemodum
1492 5777 1506 5804 ,
1544 5755 1571 5791 a
1620 5738 1875 5793 vocabulo

1428 5350 1474 5381 “
1510 5351 1634 5404 Mal.
1677 5350 1827 5405 addit
1867 5346 2037 5416 αὐτῷ.

1496 5422 1539 5451 ²⁹
1572 5419 1697 5474 Mal.
1733 5420 1901 5474 addit.
1960 5417 2170 5487 Πέρσες
2209 5432 2306 5488 pro
2338 5418 2564 5487 Πέρσαι.

1814 5279 1860 5311 ⁸⁸
1894 5280 1967 5331 Ita
2007 5271 2293 5331 videbatur
2325 5277 2376 5329 in
2411 5271 2533 5333 cod.
2573 5271 2891 5330 At’Malalas
2945 5274 3235 5343 γενόμενος
3273 5271 3561 5335 Ἰουλιανὸς

2139 5349 2182 5379 ⁸⁷
2224 5347 2347 5400 Mal.
2381 5347 2475 5399 καὶ
2524 5348 2706 5410 πλήθη
2749 5346 2941 5398 πολλά.
3020 5346 3066 5375 ’⁸
3096 5344 3227 5396 Cod.
3277 5345 3562 5396 videbatur

2621 5394 2708 5448 ⁸⁷³⁷⁵
2736 5394 3052 5486 uagae.
3108 5394 3169 5444 “³ι
3202 5394 3558 5474 Μςιιρσἱὺτοῖς.

1982 5665 2372 5735 Κτησιφῶντος
2412 5665 2477 5719 ad
2508 5661 2865 5735 παραλαϐεῖν,
2891 5662 3218 5735 scripserat
3273 5658 3563 5731 Eutycltia~

1990 5732 2598 5807 nus'cltt'onograplms,
2623 5742 2760 5789 teste
2802 5732 2990 5794 Malala
3032 5748 3085 5801 p.
3122 5732 3209 5788 10.
