4014 6122
327 243 466 311 1813

1256 250 1478 309 FRAG.
1519 250 1601 309 Ii.
1642 250 2057 310 THEUDOSII
2092 250 2153 311 ll
2196 250 2345 309 RES
2382 204 2682 319 stasne.

3455 246 3594 313 1834

325 364 420 418 καὶ
441 362 811 433 ἑδημεύσαντο
839 361 1025 416 ῑνεκεν
1065 362 1160 416 τοῦ
1200 363 1274 436 μὴ
1309 340 1638 437 κοινωνῆσαι
1668 370 1733 438 τῇ
1781 368 1895 420 Ἑκ-

2011 374 2275 421 matronae
2299 379 2365 420 ex
2413 362 2624 419 aedibus
2656 362 2773 419 suis
2812 362 3180 432 trahebantur.
3221 365 3592 425 lnlwuestein

324 454 527 527 κλησίᾳ
549 472 562 487 ·
596 454 691 509 καὶ
730 453 910 518 οὐδεὶς
951 456 1202 527 ἠνείχετο
1231 459 1580 529 κοινωνῆσαι.
1616 459 1778 514 Ἀλλὰ
1809 461 1905 514 καὶ

325 545 536 615 σεμνὰς
588 547 855 614 γυναῖκας
897 549 998 618 τῆς
1039 547 1347 619 συγκλήτου
1401 549 1568 614 οὑσας
1598 552 1905 621 κατέφερον

324 638 388 689 ἐκ
446 637 559 689 τῶν
600 636 789 690 οίκιῶν
853 638 1034 692 αὑτῶν
1099 639 1362 711 σύροντες
1412 641 1582 706 αὑτὰς
1638 644 1904 715 ἀσχήμως

321 727 560 801 δημοσίᾳ
595 728 726 783 ἄνευ
778 730 1064 801 μαφορίων
1088 733 1182 785 καὶ
1213 733 1579 803 ὑποδημάτων
1608 751 1622 765 ·
1674 736 1768 789 καὶ
1797 736 1903 789 ἀπ-

320 821 488 891 ῄτουν
527 820 670 874 κατὰ
708 822 959 875 κέλευσιν
990 822 1085 876 τοῦ
1128 824 1293 877 αὑτοῦ
1316 825 1607 895 Ἀρκαδίου
1638 825 1905 896 βασιλέως
2010 861 2025 877 .
2104 863 2120 881 ο

323 911 419 965 κα)⁵
451 911 715 975 Εὑδοκίας
742 912 841 982 τῆς
884 913 1146 981 γυναικὸς
1188 914 1357 968 αὑτοῦ
1388 914 1420 984 ἢ
1459 915 1795 985 κοινωνῆσαι
1833 919 1902 987 τῇ

334 1002 631 1075 Ἐκκλησία
664 1019 677 1032 ·
716 1019 728 1032 ·
773 1020 787 1035 ο
839 1004 1087 1075 ποταμὸν
1114 1006 1367 1077 ’χρυσίου
1420 1006 1489 1061 λα
1518 1022 1534 1038 ⁶
1575 1023 1588 1035 '
1625 1022 1638 1036 '
1680 1008 1793 1077 (14)
1826 1008 1900 1080 [ῐ.

320 1092 409 1146 64.
447 1091 545 1165 α.]
578 1109 591 1122 ο
620 1110 634 1124 ·
667 1107 682 1123 ⁸
724 1093 890 1165 [Ἐκέ
920 1093 941 1167 ]
976 1094 1169 1149 λευσεν
1198 1095 1218 1169 [
1249 1096 1537 1170 ἐνεχθῆναι
1571 1098 1631 1151 τὸ
1691 1099 1901 1172 μῆλον]

320 1182 416 1236 καὶ
447 1181 652 1248 ἔδειξεν
693 1184 831 1255 αὑτῇ
864 1185 1028 1238 αὑτό·
1068 1186 1205 1259 [καὶ
1246 1188 1634 1259 ἠγανάκτησεν
1673 1190 1702 1243 6
1746 1189 1904 1260 βασι-

320 1274 489 1347 λεὺς]
547 1274 659 1347 (15)
698 1275 761 1330 τὸ
798 1275 1019 1344 λοιπὸν,
1082 1281 1178 1332 καὶ
1242 1280 1540 1352 ὑπενόησεν
1591 1281 1688 1335 τὸν
1739 1282 1904 1336 αὑτὸν

321 1368 588 1421 Παυλῖνον
633 1366 949 1440 [ἀγαπᾷν]
989 1370 1160 1442 αὐτὴν
1211 1369 1532 1441 βασίλισσαν
1576 1372 1837 1427 Εὑδοκίαν
1875 1376 1905 1427 6

318 1460 638 1523 Θεοδόσιοςο
675 1459 764 1513 διὰ
792 1460 893 1531 τὴν
922 1462 1093 1533 αὑτὴν
1140 1464 1322 1517 αἰτίαν
1350 1465 1563 1519 ἀνεῖλεν
1598 1465 1691 1520 τὸν
1742 1466 1904 1520 αὑτὸν

321 1551 588 1606 Παυλῖνον
629 1554 657 1605 6
711 1553 874 1617 αὐτὸς
915 1553 1168 1625 βασιλεὺς
1220 1556 1520 1620 Θεοδόσιος.
1569 1558 1681 1612 Καὶ
1724 1558 1898 1629 λυπη-

319 1641 477 1695 θεῖσα
502 1643 791 1712 Αὑγούστα
830 1644 1088 1699 δέσποινα
1115 1647 1367 1713 Εὑδοκία,
1422 1649 1516 1702 καὶ
1545 1648 1867 1719 ὑϐρισθεῖσα
1886 1667 1900 1681 ·

320 1731 567 1805 ἐγνώσθη
592 1735 699 1806 γὰρ
731 1736 1004 1806 πανταχοῦ
1028 1738 1110 1791 ὅτι
1139 1738 1207 1792 δι’
1235 1739 1406 1811 αὐτὴν
1437 1740 1650 1810 ἐσφάγη
1686 1743 1714 1794 6
1751 1742 1900 1795 Παυ-

320 1826 483 1890 λῖνος,
511 1827 589 1890 ὡς
622 1826 902 1900 εὔμορφος
935 1829 1231 1903 νεώτερος’
1265 1833 1359 1886 καὶ
1388 1834 1630 1904 ᾐτήσατο
1667 1835 1760 1889 τὸν
1800 1834 1900 1906 βα-

323 1918 477 1970 σιλέα
496 1918 778 1975 Θεοδόσιον
801 1921 939 1992 αὑτὴ
958 1923 1193 1977 Εὑδοκία
1221 1924 1316 1977 τοῦ
1350 1925 1634 1980 κατελθεῖν
1669 1929 1752 1991 είς
1778 1929 1903 1992 τοὺς

320 2010 510 2089 ἁγίους
546 2010 746 2075 τόπους
780 2014 861 2076 είς
894 2012 1097 2085 εὐχήν·
1134 2014 1226 2068 καὶ
1265 2017 1543 2086 παρέσχεν
1584 2016 1757 2089 αὑτῇο
1812 2018 1905 2072 καὶ

314 2086 595 2172 κατῆλθεν
616 2104 727 2157 ἀπὸ
756 2104 1386 2170 Κωνσταντινουπὸλεως
1418 2107 1511 2160 ἐπὶ
1554 2086 1905 2179 Ἰεροσόλυμα

278 2191 613 2258 ςεύξασθαι,
654 2196 820 2265 φησίν
842 2196 978 2266 (16).
1014 2198 1125 2250 Καὶ
1164 2197 1483 2252 εἰσελθοῦσα
1511 2203 1570 2253 ὲν
1605 2201 1906 2272 ’Δντιοχείᾳ

318 2286 388 2354 τῇ
419 2283 630 2355 μεγάλῃ
676 2282 875 2358 (εἶπεν)
911 2288 969 2340 ὲν
1007 2287 1086 2358 τῷ
1126 2288 1500 2361 βουλευτηρίῳ
1534 2290 1694 2359 λόγον
1722 2294 1896 2360 ἐγκω-

324 2375 612 2445 μιαστικὸν
651 2378 733 2438 εἰς
782 2378 886 2449 τὴν
922 2379 1091 2451 αὑτὴν
1134 2379 1471 2451 ’Λντιόχειαν
1511 2382 1668 2437 πόλιν
1706 2384 1805 2438 καὶ
1842 2385 1903 2440 τὸ

320 2464 618 2536 λεγόμενον
656 2467 1063 2540 βουλευτήριον,
1102 2471 1392 2544 καθημένη
1441 2474 1667 2529 εῖσωθεν
1706 2474 1900 2547 δίφρου

320 2556 615 2627 ὁλοχρύσου
639 2561 734 2613 καὶ
763 2561 1005 2615 διαλίθου
1041 2562 1324 2633 βασιλικοῦ
1341 2581 1357 2595 ο
1391 2564 1486 2617 καὶ
1506 2564 1746 2637 ἔκραξαν
1762 2568 1899 2639 αὐτῇ

320 2647 370 2698 οί
410 2647 511 2717 τῆς
558 2650 733 2719 αὐτῆς
779 2653 1018 2715 πόλεως·
1069 2654 1162 2707 καὶ
1204 2655 1471 2728 ἀνηνέχθη
1524 2658 1659 2727 αὑτῇ
1711 2658 1771 2712 ὲν
1821 2659 1902 2730 τῷ

322 2739 694 2814 βουλευτηρίῳ
720 2744 850 2798 εἴσω
877 2744 1339 2817 είκὼνένχρυσος,
1366 2750 1461 2802 καὶ
1488 2748 1591 2820 (εἰς
1612 2750 1672 2803 τὸ
1695 2749 1898 2822 αὐτῶν)

324 2833 576 2897 μουσεῖον
624 2833 793 2905 στήλη
838 2833 1014 2905 χαλκὴ
1055 2836 1209 2901 εἵσω,
1260 2837 1464 2906 (ἅτινα)
1512 2839 1620 2901 ἕως
1661 2840 1762 2911 τῆς
1800 2842 1899 2895 νῦν

321 2918 589 2975 ἵστανται.
631 2922 744 2977 Καὶ
789 2923 1263 2996 φιλοτιμησαμένη
1308 2931 1376 2998 τῇ
1412 2927 1521 2982 τῶν
1576 2929 1898 3001 Ἀντιοχέων

2010 456 2313 525 publicum,
2342 454 2618 525 capitibus
2660 454 2881 510 nudatis
2914 464 2965 511 et
3010 457 3271 511 excaieea
3302 471 3369 511 ae.
3403 455 3597 526 Exige»,

2010 550 2172 605 batur
2231 558 2453 613 autem,
2499 546 2655 615 jussu
2714 546 2885 617 ipsius
2957 548 3177 604 Arcadii
3229 548 3463 617 Augusti
3540 557 3607 607 et:

2008 641 2267 696 Eudoxim
2309 639 2583 711 conjugis,
2614 646 2673 694 ut
2703 638 2787 694 vel
2824 655 2944 695 cum
2982 639 3226 694 Ecclesia
3270 639 3597 695 communi-

2008 739 2218 794 carent,
2247 730 2334 786 vel
2363 744 2616 802 magnam
2663 730 2783 785 auri
2816 730 2922 784 vim
2967 730 3343 799 persolverent
3384 769 3400 785 .
3480 769 3496 785 .
3576 769 3593 786 .

2197 862 2212 878 .
2241 822 2466 878 Pomum
2498 821 2679 878 aﬂ'erri
2704 821 2887 891 jussit,
2913 822 3074 894 eique
3103 805 3339 877 ostendit
3365 841 3379 886 ;
3406 825 3600 893 iraque

2005 930 2129 971 cum
2166 913 2347 984 iurgio
2371 923 2659 983 concepta,
2679 913 2991 983 suspicatus
3020 927 3237 983 quoque
3268 920 3354 967 est
3385 929 3412 965 a
3450 912 3592 966 Pau-

2009 1008 2118 1065 lino
2162 1007 2454 1063 Eudociam
2482 1006 2786 1073 Augustam
2836 1005 3062 1059 amari:
3112 1019 3273 1074 quam
3324 1005 3396 1059 ob
3452 1020 3590 1067 rem,

2006 1100 2261 1155 eumdem
2293 1097 2582 1153 Paulinum
2613 1096 2843 1152 interfici
2875 1095 3052 1166 jussit
3080 1095 3379 1163 imperator
3423 1093 3591 1149 fiten-

2007 1191 2212 1247 dosius.
2265 1189 2405 1245 Ilinc
2451 1187 2693 1258 Angusta
2759 1187 2986 1243 domina
3061 1186 3296 1242 Eudocia
3357 1178 3591 1240 ναέται-ο

2007 1290 2281 1352 correpta,
2311 1290 2366 1335 et
2397 1294 2457 1335 se
2506 1280 2837 1336 contumelia
2888 1277 3135 1334 aﬂ’eetam
3194 1286 3412 1348 putans,
3463 1277 3588 1340 quia

2007 1372 2208 1442 ubique
2242 1370 2478 1426 innotuit
2508 1370 2655 1440 quod
2691 1368 2812 1437 ejus
2841 1382 3007 1423 causa
3072 1365 3334 1421 Paulinus
3387 1366 3589 1422 formo-

2006 1479 2100 1520 sus
2138 1464 2353 1533 juvenis
2419 1461 2611 1518 fuisset
2667 1461 2923 1526 occisus.
2974 1462 3132 1531 petiit
3191 1475 3220 1515 a
3278 1458 3589 1516 Theodosio

2006 1558 2269 1627 Angusto,
2309 1565 2367 1612 ut
2395 1556 2498 1612 sibi
2530 1556 2597 1611 ad
2629 1563 2827 1611 sancta
2878 1554 2999 1611 loca
3031 1553 3221 1609 orandi
3258 1553 3431 1622 gratia
3459 1566 3587 1621 pre-

2011 1652 2177 1708 iieisci
2201 1651 2427 1715 liceret;
2461 1665 2567 1720 qua
2601 1647 2863 1703 facultate
2914 1647 3229 1716 impetrata,
3272 1645 3589 1701 Constanti-

2011 1740 2188 1809 nopoli
2223 1741 2370 1796 venit
2396 1737 2795 1809 Hierosolyma,
2854 1737 3125 1794 orationis
3167 1751 3392 1791 causam
3449 1744 3599 1805 praeh-

2007 1846 2231 1903 texens;
2270 1841 2325 1888 et
2352 1831 2703 1887 Antiochiam
2745 1846 2999 1903 magnam
3033 1832 3305 1902 ingressa,
3350 1841 3592 1898 panegy-

2006 1924 2178 1976 ricum
2222 1935 2533 1976 sermonem
2568 1920 2621 1975 in
2666 1919 2817 1977 curia
2854 1920 2986 1974 dixit
3034 1919 3101 1974 de
3133 1920 3249 1988 ipsa
3295 1916 3585 1972 Antiochia

2004 2014 2233 2084 ejusque
2293 2021 2510 2076 senatu,
2574 2012 2774 2069 sedens
2840 2011 2892 2066 in
2954 2025 3119 2065 aurea
3181 2007 3356 2064 curuli
3427 2005 3582 2072 sella,

2006 2104 2286 2174 regalibus
2316 2103 2549 2174 gemmis
2584 2102 2885 2168 distincta;
2918 2102 3079 2171 eique
3101 2115 3131 2154 a
3176 2100 3386 2155 civibus
3430 2096 3586 2166 plan-

2005 2213 2126 2253 sum
2186 2207 2309 2263 est;
2373 2197 2660 2264 eidemque
2718 2194 2975 2250 dedicata
3033 2191 3137 2249 fuit
3196 2193 3341 2248 intra
3411 2191 3582 2259 ipsam

2004 2280 2216 2344 curiam
2268 2301 2436 2344 aurea
2491 2287 2693 2356 imago,
2748 2293 2804 2341 et
2860 2288 2913 2340 in
2961 2286 3169 2340 urbano
3206 2296 3394 2338 museo
3441 2294 3591 2339 terea

2005 2392 2210 2446 statua,
2275 2395 2505 2451 quarum
2574 2388 2810 2449 utraque
2878 2377 2942 2431 ad
3006 2377 3148 2433 hanc
3203 2387 3380 2445 usque
3439 2374 3596 2434 diem.

2007 2483 2213 2529 manet.
2246 2471 2382 2527 Tum
2416 2471 2735 2527 muneribus
2755 2469 3109 2524 Antiochenam
3138 2468 3257 2522 urbi
3302 2466 3581 2523 donatis...

2006 2566 2178 2622 multa
2221 2564 2615 2637 Hierosolymis
2667 2564 2871 2618 struxit
2918 2561 3171 2626 aediﬁcia,
3227 2567 3283 2614 et
3332 2566 3583 2614 sanctum

2004 2671 2223 2728 quoque
2298 2672 2515 2711 murum
2586 2654 3140 2725 Hierosolymitanum
3215 2650 3580 2712 instauravit.

2003 2749 2189 2803 dicens
2216 2747 2474 2802 Davidem
2500 2746 2567 2800 de
2588 2760 2647 2801 se
2675 2745 2791 2815 ipsa
2823 2744 2989 2799 verba
3020 2742 3106 2797 illa
3162 2740 3489 2811 protulisse:
3524 2739 3585 2796 in

2002 2836 2347 2908 beneplacito
2380 2834 2645 2907 (εὑδοκίᾳ)
2671 2844 2764 2891 tuo
2808 2832 3223 2888 aediﬁcahuntur
3251 2830 3395 2885 muri
3424 2827 3582 2883 Jeru-

2001 2931 2194 2995 salem,
2224 2929 2475 2985 Domine.
2529 2926 2774 2996 Cumque
2799 2925 3195 2997 Hierosolymis
3247 2922 3581 2979 domicilium

188 3982 199 3995 η
314 3928 602 4000 εὕστηθος,

319 3009 472 3063 πόλει
503 3026 516 3040 ·
553 3027 566 3041 ’
612 3027 628 3043 ·
670 3011 783 3083 (i7)
808 3029 821 3043 ·
860 3029 874 3043 ’
919 3030 932 3044 ·
974 3013 1106 3085 [καὶ
1131 3015 1389 3088 ἔκτισεν]
1428 3017 1509 3081 είς
1546 3017 1895 3091 Ἱεροσόλυμα

2006 3020 2400 3087 constituisset,
2436 3021 2621 3091 ibique
2643 3018 2825 3089 regale
2850 3017 2954 3072 sibi
2975 3016 3287 3087 sepulcrum
3312 3020 3583 3083 parasset,

318 3101 490 3156 πολλὰ
531 3101 605 3174 [1⁵.
643 3103 732 3158 64.
763 3105 815 3159 b.
838 3106 859 3176 j
885 3148 897 3168 ,
941 3107 1037 3159 καὶ
1083 3106 1144 3159 τὺ
1182 3109 1361 3177 τεῖχος
1400 3110 1556 3177 ἅγιον
1593 3110 1895 3167 ἀνενέωσεν

2006 3112 2243 3167 excessit
2291 3126 2323 3168 e
2354 3111 2485 3176 vita,
2543 3119 2599 3165 et
2637 3111 2829 3166 eadem
2878 3108 2934 3163 in
2989 3107 3124 3163 urbe
3175 3113 3256 3160 est
3313 3102 3581 3173 deposita.

316 3196 418 3263 τῆς
451 3194 831 3267 Ἰερουσαλὴμ.
875 3197 1105 3251 εἰποῦσα
1138 3199 1221 3251 ὅτι
1254 3200 1333 3251 Δι’
1370 3200 1468 3268 ἐμὲ
1501 3196 1654 3255 εἶπεν
1687 3204 1716 3256 6
1761 3221 1895 3273 προ-

2007 3203 2163 3257 Μοτιὶ
2211 3217 2342 3259 vero
2396 3201 2671 3270 proxima,
2700 3197 3058 3268 jurejurando
3104 3193 3411 3257 amrmavit,
3450 3190 3583 3245 nihil

315 3286 495 3357 φήτης
537 3287 719 3353 Δαδῖδ,
780 3288 868 3342 Ἑν
909 3289 1126 3362 εὑδοκίᾳ
1156 3307 1249 3343 σου
1294 3291 1785 3362 οἰκοδομηθήσεται
1826 3296 1895 3350 τὰ

2006 3274 2162 3350 ειιέε
2220 3295 2496 3365 pertinere
2545 3292 2900 3357 calumniam,
2930 3305 3092 3362 quam
3148 3287 3359 3343 Paulini
3413 3300 3583 3342 causa

314 3376 469 3447 τείχη
505 3377 893 3451 Ἰερουσαλὴμ,
932 3379 1125 3451 Κύριε.
1159 3380 1273 3434 Καὶ
1304 3382 1533 3451 μείνασα
1571 3382 1653 3446 είς
1672 3382 1766 3453 τὴν
1792 3385 1892 3439 αὑ-

2006 3381 2121 3441 εῖὺΐ
2144 3387 2464 3443 intulerant.

314 3469 414 3538 τὴν
440 3468 815 3543 Ἰερουσαλὴμ,
840 3473 934 3525 καὶ
959 3473 1191 3525 κτίσασα
1218 3474 1333 3525 ἐκεῖ
1368 3477 1534 3545 ἑαυτῇ
1602 3477 1794 3548 μνῆμα
1827 3478 2128 3548 βασιλικὸν,
2201 3481 2481 3547 ἐτελεύτα,
2542 3480 2636 3534 καὶ
2697 3478 2857 3551 ἐτέθη
2893 3478 3011 3532 ὲκεῖ
3047 3476 3106 3530 ὲν
3142 3472 3539 3544 Ἱεροσολύμοις
3561 3486 3577 3503 ⁸

314 3558 444 3614 ἔνθα
482 3560 527 3613 δ’
594 3562 821 3630 ἔμελλεν
884 3563 1180 3635 τελευτᾷν,
1253 3564 1586 3634 ἐπωμόσατο
1625 3568 1701 3638 μὴ
1760 3570 2057 3625 συνειδέναι
2091 3574 2158 3642 τῇ
2227 3573 2535 3645 κατηγορίᾳ
2561 3574 2627 3644 τῇ
2693 3571 2971 3643 γεναμένῃ
3027 3566 3151 3623 κατ’
3184 3565 3354 3639 αὐτῆς
3391 3566 3581 3620 ἕνεκεν

313 3652 583 3707 Παυλίνου
619 3654 755 3725 (18).
2254 3676 2260 3682 ·

394 3745 453 3798 ’0
485 3744 543 3798 δὲ
590 3747 755 3809 αὑτὸς
811 3746 1093 3809 Θεοδόσιος
1144 3744 1403 3816 βασιλεὺς
1443 3742 1846 3819 [ἐτελεύτησεν
1877 3767 1889 3780 '

2066 3750 2185 3819 Ipse
2216 3766 2435 3820 quoque
2484 3753 2824 3807 Theodosius
2884 3754 3058 3817 obiit;
3107 3753 3199 3820 qui
3250 3751 3349 3805 fuit
3398 3751 3581 3819 specie

310 3832 379 3906 ἦν
410 3836 465 3890 δὲ
492 3837 504 3908 ]
533 3838 698 3908 φύσιν
723 3838 943 3905 ὡραῖος,
973 3836 1325 3909 λευκόχρους,
1371 3837 1590 3904 εὔθετος
1610 3880 1624 3903 ,
1660 3839 1893 3911 εῦρινος,

2006 3842 2257 3907 formosa,
2321 3844 2603 3909 candidus,
2653 3845 2792 3897 bene
2846 3851 3185 3912 compactos,
3232 3842 3383 3911 justo
3422 3857 3578 3908 naso,

673 3929 898 4000 μέλασιν
949 3930 1175 4000 δφροις,
1251 3931 1552 4004 ἁπλὸθριξ,
1633 3932 1895 3986 δασυπώ-

2006 3941 2341 4001 pectorosus,
2403 3932 2572 4002 nigris
2645 3932 2976 4002 superciliis,
3040 3942 3297 4002 porrecto
3358 3932 3576 4001 capillo,

312 4038 423 4088 γων
462 4037 475 4051 ’
511 4038 524 4050 ⁸
562 4038 575 4051 ·
608 4022 637 4086 ξ
670 4036 684 4052 °
723 4036 737 4049 '
775 4037 788 4050 ·
820 4022 1234 4092 μεγαλόψυχος,
1277 4023 1638 4096 εὑχαρ(ξεις),
1686 4025 1895 4094 ἐλλόγι-

2006 4024 2271 4093 lensaque
2299 4022 2466 4078 barba
2495 4024 2612 4089 vir;
2654 4024 2868 4077 idem...
2915 4022 3319 4092 magnanimus,
3367 4022 3576 4091 gratio-

317 4134 442 4184 μος,
497 4115 649 4186 παρὰ
693 4116 897 4180 παντὸς
950 4115 1044 4170 τοῦ
1089 4116 1263 4189 δήμου
1305 4116 1632 4189 φιλούμενος
1674 4119 1771 4174 κα)⁸
1792 4121 1893 4191 τῆς

2006 4129 2110 4181 ius,
2137 4115 2409 4183 eruditus,
2442 4115 2639 4187 populo
2672 4114 2932 4171 universo
2981 4127 3044 4169 ac
3088 4114 3299 4169 senatui
3349 4114 3572 4171 charos.

316 4208 645 4279 συγκλήτου.

394 4321 516 4374 Ἐπὶ
547 4321 605 4375 δὲ
639 4322 738 4390 τῆς
782 4321 1061 4391 βασιλείας
1087 4321 1181 4376 τοῦ
1234 4323 1403 4376 αὑτοῦ
1453 4323 1738 4379 Θεοδοσίου
1789 4325 1886 4381 καὶ

2065 4322 2373 4380 Theodosio
2405 4333 2459 4379 et
2500 4321 2884 4378 Valentiniano
2920 4320 3296 4391 regnantibus,
3345 4319 3572 4389 expedi-

313 4414 723 4471 Βαλεντινιανοῦ
752 4415 863 4487 (19)
890 4417 1328 4487 ἐπεστράτευσεν
1356 4417 1494 4470 κατὰ
1533 4418 1752 4491 Ῥώμης
1794 4421 1891 4473 καὶ

2006 4418 2190 4474 .ionem
2220 4417 2458 4487 suscepit
2486 4416 2749 4471 adversus
2778 4413 3003 4470 Romam
3031 4423 3087 4468 et
3108 4412 3571 4481 Constantinopo-

313 4508 940 4574 Κωνσταντινουπὸλεως
974 4510 1241 4579 Ἀττιλᾶς,
1272 4512 1299 4565 6
1335 4512 1400 4565 ἐκ
1422 4508 1517 4563 τοῦ
1560 4511 1753 4579 γένους
1781 4511 1890 4564 τῶν

2012 4512 2081 4566 im
2115 4510 2335 4575 Attilas,
2368 4521 2530 4581 gente
2551 4507 2777 4578 Gepida,
2807 4521 2931 4561 cum
2967 4507 3255 4561 innumero
3285 4507 3526 4561 exercitu
3553 4523 3567 4569 ;
3594 4536 3603 4545 κ

314 4599 584 4670 Γηπίδων,
621 4601 762 4687 ἔχων
792 4603 1000 4675 πλῆθος
1037 4605 1319 4675 μυριάδων
1361 4603 1603 4670 πολλῶν,
1640 4604 1891 4677 δηλώσας

378 4779 492 4851 (li)
523 4778 793 4849 Graphice
818 4790 1004 4834 narrat
1038 4780 1181 4834 hanc
1223 4781 1478 4851 adversus
1505 4778 1877 4851 Chrysostomi

310 4859 609 4904 sectatores
669 4851 1101 4915 persecutionem
1165 4850 1328 4903 etiam
1394 4850 1735 4904 Sozomenus
1780 4851 1875 4912 lib.

309 4933 430 4985 vm,
473 4922 562 4985 Ξῖ),
594 4931 649 4974 et
670 4920 763 4975 2-4.
800 4921 866 4974 Ει
912 4920 1129 4989 quidem
1176 4921 1317 4974 inter
1367 4920 1623 4973 multatos
1662 4921 1731 4974 ob
1759 4936 1878 4974 eam

310 5005 424 5061 rem
449 4991 676 5061 pecunia
708 4990 857 5058 ponit
890 4990 1024 5045 duas
1054 4990 1293 5045 illustres
1333 4989 1562 5053 feminas
1605 4990 1880 5061 Olympia-

306 5059 426 5113 dem
460 5070 514 5114 et
543 5058 867 5114 Nicaretem.

378 5129 492 5201 (15)
528 5129 633 5201 Res
667 5146 732 5185 ex
768 5130 887 5185 aliis
940 5143 1159 5201 quoque
1206 5128 1482 5201 historicis
1534 5129 1668 5183 satis
1726 5141 1876 5186 nuta.

309 5198 527 5254 Scilicet
590 5198 1132 5267 Theodosius'imp.
1190 5199 1421 5266 insignis
1490 5202 1876 5268 magnitudinis

304 5284 522 5338 pentum
554 5269 806 5326 Eudocim
851 5270 1065 5340 conjugi
1119 5270 1429 5337 obtulerat;
1485 5271 1599 5323 haec
1657 5269 1883 5325 Paulino

300 5340 685 5410 juveniaulico
718 5342 1128 5395 transmiserat:
1155 5340 1245 5410 qui
1280 5341 1695 5408 pra'cedentium
1731 5342 1880 5409 igna-

1991 4605 2144 4675 isque
2200 4604 2367 4660 misso
2419 4601 2611 4657 nuntio
2644 4598 2877 4661 Romam
2910 4600 2977 4654 ad
3018 4599 3451 4655 Valentinianum
3496 4602 3573 4655 ita

1985 4779 2152 4833 linum
2177 4779 2337 4848 jussit
2368 4780 2566 4834 occidi.

2060 4850 2175 4918 (l6)
2232 4848 2508 4921 Hactenus
2553 4850 2915 4920 fragmentum
2978 4862 3145 4921 prope
3222 4853 3291 4905 ad
3346 4850 3568 4905 verbum

1987 4929 2167 4975 exstat
2199 4920 2530 4987 exscriptnm
2571 4923 2711 4988 apud
2752 4921 3003 4975 Malalam
3027 4920 3215 4989 p.22;
3251 4936 3355 4975 non
3386 4932 3567 4976 tamen

1988 4990 2270 5056 sequentia
2303 4992 2367 5040 de
2398 4989 2647 5044 Endoeiae
2680 4993 2730 5044 in
2764 4993 2902 5045 urbe
2940 4993 3227 5045 Antiochia
3276 4993 3563 5055 concione,

1988 5070 2042 5113 et
2076 5060 2141 5112 de
2173 5060 2473 5129 honoribus
2497 5061 2545 5129 ei
2576 5060 2842 5124 decretis;
2876 5076 2995 5128 qua:
3019 5063 3141 5114 aliis
3177 5062 3358 5115 verbis
3379 5061 3568 5129 legun-

1992 5140 2078 5184 tur
2111 5128 2305 5199 partim
2342 5128 2479 5197 apud
2512 5128 2797 5199 Evagrium
2825 5130 2964 5184 Hist.
2989 5131 3079 5183 lib.
3109 5146 3146 5194 ι,
3174 5131 3269 5186 20.

2060 5198 2411 5268 (17)!)esnnt
2453 5209 2563 5254 tres
2617 5198 2806 5255 saltem
2861 5200 3131 5254 versiculi.
3202 5200 3336 5253 llinc
3383 5209 3564 5253 autem

1986 5283 2173 5340 rursus
2206 5268 2424 5322 Malalas
2462 5284 2515 5338 p.
2547 5269 2638 5334 εξ,
2677 5281 2732 5324 et
2781 5269 2979 5340 Glycas
3018 5271 3106 5323 ed.
3149 5268 3321 5340 Paris.
3353 5284 3407 5339 p.
3435 5268 3560 5340 261.

2057 5338 2169 5407 (18)
2202 5340 2332 5403 Qua:
2355 5336 2657 5405 sequuntur
2684 5343 2748 5392 de
2771 5336 2939 5391 forma
2977 5342 3223 5408 corporis
3268 5336 3560 5392 Theodosii

308 5424 421 5474 Ius,
454 5408 761 5465 Theodosio
814 5412 910 5480 ipsi
963 5407 1186 5480 pomum
1211 5407 1354 5463 idem
1388 5411 1526 5463 dono
1561 5411 1704 5464 misit
1730 5407 1875 5479 {qui
1982 5409 2352 5480 imperatoris,
2385 5411 2589 5480 absunt
2613 5424 2642 5461 a
2668 5408 2891 5480 Maiala;
2920 5410 3012 5462 sed
3055 5407 3384 5480 conferenda
3434 5418 3564 5480 sunt

305 5481 568 5551 zelotypia
597 5478 922 5551 commotus,
962 5478 1183 5534 uxorem
1216 5480 1589 5551 interrogavit,
1616 5478 1871 5551 quidnam
1980 5493 2100 5532 cum
2140 5479 2313 5551 dictis
2375 5480 2441 5531 ab
2498 5478 2805 5551 Ephraamio
2836 5478 3253 5551 chronographo

3328 5493 3377 5531 v.
3433 5476 3559 5533 7u0.

304 5547 519 5604 demum
544 5565 703 5619 pomo
736 5550 809 5603 illi
836 5550 1036 5604 factum
1087 5559 1251 5604 esset.
1292 5550 1387 5604 Illa
1420 5547 1479 5603 se
1513 5549 1871 5605 mandubasse
1977 5548 2155 5617 seqq.)
2185 5563 2346 5616 quem
2383 5549 2796 5619 nos__edidimus
2827 5547 3019 5619 Script.
3056 5557 3150 5601 vel.
3189 5557 3225 5601 ι.
3262 5547 3345 5619 lli.

306 5620 532 5673 mentita
556 5629 658 5674 est.
704 5621 841 5674 Tum
892 5635 1051 5687 pomo
1086 5623 1295 5688 prolato
1342 5619 1694 5674 Theodosins-
1730 5636 1866 5672 uxn-

306 5704 415 5750 rem
452 5690 653 5755 acriter
685 5692 974 5760 increpuit,
1004 5700 1055 5745 ct
1097 5691 1436 5761 deportatum
1490 5692 1671 5759 procul
1723 5691 1863 5743 l‘au-

2046 5615 2155 5685 (i9)
2207 5615 2432 5673 Rursus
2493 5617 2710 5671 Malaias
2787 5617 2891 5675 loc.
2953 5618 3074 5681 cit.,
3137 5627 3189 5672 et
3259 5615 3560 5684 Clirjonicou

1970 5693 2237 5755 paschale.
