4014 6122
306 196 442 263 1811

301 313 358 367 δὲ
403 311 695 385 ἡττηθείη,
743 311 1045 383 λαμϐάνειν
1084 330 1152 384 με
1186 316 1522 388 κεντηνάρια
1550 315 1592 370 ν’
1622 318 1733 389 (21)

303 403 362 469 ἐξ
393 402 551 467 ἔθους
582 403 957 474 παρεχόμενα.
983 404 1205 458 Τούτων
1234 406 1528 473 δοξάντων,
1555 409 1890 481 προεϐάλετο

302 497 332 549 6
365 495 625 566 βασιλεὺς
647 495 879 567 Περσῶν
911 497 975 550 ἐκ
993 495 1091 549 τοῦ
1132 497 1413 568 τάγματος
1442 499 1551 553 τῶν
1578 500 1888 571 λεγομένων

303 585 590 639 ἀθανάτων
632 587 851 657 Πέρσην
882 586 1106 657 ὀνόματι
1141 585 1218 659 [Γ.
1255 588 1345 642 68.
1379 588 1471 661 a.]
1513 588 1849 662 Ἀρδαζάνην
1871 609 1885 623 ο

301 678 351 732 οἱ
380 678 437 732 δὲ
468 679 733 748 Ῥωμαῖοι
776 678 1115 749 Ἀρεόδινδον
1150 679 1242 733 τὸν
1288 681 1509 749 Γόθθον,
1566 682 1797 754 κόμιταν
1844 685 1889 716 ⁴¹

302 769 643 841 φοιδεράτων
678 767 816 839 (22).
854 770 965 824 Καὶ
999 769 1228 841 ἐξῆλθον
1268 773 1320 824 οἱ
1361 771 1455 827 δύο
1505 772 1737 843 ἔφιπποι
1796 775 1891 830 καὶ

301 861 519 916 ἔνοπλοι
552 878 567 894 ο
620 863 650 915 6
693 862 750 916 δέ
798 863 1134 933 Ἀρεόὸινδος
1188 862 1492 919 ἐϐάστασεν
1535 866 1630 920 καὶ
1686 866 1888 920 σόκκα-

305 969 392 1024 ριν
422 954 535 1024 (9.5)
561 955 704 1009 κατὰ
729 956 792 1008 τὸ
822 956 1085 1009 Γοθθικδν
1116 955 1257 1021 ἔθος.
1288 956 1514 1028 Πρῶτος
1534 957 1590 1011 δὲ
1620 959 1649 1011 6
1669 959 1890 1037 Πέρσης

303 1044 570 1117 ὥρμησεν
600 1046 740 1116 μετὰ
778 1048 870 1101 τοῦ
908 1048 1103 1101 κόντου
1125 1065 1139 1080 ο
1169 1050 1265 1103 καὶ
1302 1050 1615 1119 πλαγιάσας
1640 1053 1668 1105 ὁ
1707 1052 1889 1122 Ἀρεό-

305 1136 482 1200 δινδος
515 1137 608 1190 ἐπὶ
639 1137 702 1191 τὸ
727 1138 900 1206 δεξιὸν
922 1139 1090 1193 αὐτοῦ
1117 1140 1283 1212 μέρος
1303 1183 1317 1206 ,
1348 1141 1888 1209 ἐσόκκευσενκαὺτὸν,

304 1229 403 1283 καὶ
462 1229 806 1299 κατήνεγκεν
858 1232 925 1284 ἐκ
973 1233 1068 1286 τοῦ
1114 1233 1317 1298 ἵππου,
1363 1234 1458 1287 καὶ
1487 1232 1723 1304 ἔσφαξεν
1750 1251 1764 1267 ο
1796 1236 1891 1289 καὶ

303 1318 494 1375 λοιπὸν
522 1322 551 1375 6
588 1321 848 1392 βασιλεὺς
870 1324 1098 1395 Περσῶν
1128 1324 1388 1395 ἐποίησεν
1419 1326 1607 1379 πάκτα
1630 1328 1855 1398 εἰρήνης
1873 1341 1887 1356 ⁸

304 1415 403 1469 καὶ
435 1416 677 1470 ἀνελθὼν
705 1418 846 1488 μετὰ
865 1420 965 1491 τὴν
1005 1420 1167 1492 νίκην
1193 1422 1221 1474 6
1252 1421 1417 1484 αὐτὸς
1461 1422 1800 1493 Ἀρεόὸινδος
1832 1426 1890 1477 ἐν

304 1505 902 1572 Κωνσταντινουπόλει,
963 1509 1080 1580 ἅμα
1132 1510 1212 1580 τῷ
1273 1511 1618 1584 στρατηλάτῃ
1669 1513 1877 1582 Προκο-

306 1596 437 1668 πίῳ,
474 1599 567 1652 καὶ
591 1599 944 1671 εὐχαρισθεὶς
978 1603 1127 1673 παρὰ
1170 1602 1266 1657 τοῦ
1312 1602 1606 1674 βασιλέως,
1635 1604 1889 1677 προήχθη

307 1687 535 1754 ὕπατος.

389 1779 450 1834 '0
480 1780 538 1834 δὲ
570 1781 734 1846 αὐτὸς
777 1783 1037 1854 βασιλεὺς
1065 1785 1323 1857 ἐποίησεν
1354 1788 1647 1859 ἐπαρχίαν,
1682 1791 1893 1858 ἀπομε-

313 1871 468 1944 ρίσας
495 1873 605 1929 ἀπὸ
637 1876 738 1944 τῆς
771 1877 1103 1946 Λυκαονίας,
1137 1880 1330 1950 ἥντινα
1362 1881 1623 1935 ἐκάλεσεν
1659 1883 1890 1947 Λυκίαν,

308 1962 489 2025 δώσας
513 1965 723 2019 δίκαιον
766 1968 1185 2040 μητροπόλεως,
1229 1970 1324 2022 καὶ
1367 1971 1606 2041 ἄρχοντα
1634 1975 1700 2043 τῇ
1747 1972 1897 2042 λεγο-

313 2054 460 2129 μένῃ
505 2056 660 2110 πόλει
713 2058 882 2131 Μύρα
931 2059 1035 2130 τῆς
1071 2061 1242 2132 αὐτῆς
1280 2063 1508 2126 Λυκίας,
1557 2064 1687 2118 ἔνθα
1748 2064 1897 2119 ἐστὶν

310 2145 450 2199 Θεοῦ
514 2149 851 2220 μυστήριον,
907 2151 1033 2223 ὄρος
1086 2152 1276 2208 τίκτον
1306 2153 1352 2185 ⁸³
1384 2154 1499 2225 πῦρ
1565 2156 1894 2226 αὐτόματον.

323 2237 567 2311 Ὁμοίως
592 2240 648 2292 δὲ
679 2242 707 2293 ό
747 2242 911 2307 αὐτὸς
963 2243 1222 2315 βασιλεὺς
1271 2246 1368 2299 καὶ
1413 2246 1612 2318 Συρίαν
1641 2247 1899 2317 δευτέραν

311 2329 661 2401 ἀπομερίσας
693 2333 800 2387 ἀπὸ
830 2335 929 2404 τῆς
970 2333 1220 2405 πρώτης,
1251 2335 1510 2405 ἐποίησεν
1533 2338 1807 2408 ἐπαρχίαν
1830 2341 1900 2403 ⁸⁵,

312 2421 493 2485 δώσας
519 2422 729 2478 δίκαιον
759 2427 1173 2498 μητροπόλεως,
1210 2426 1306 2481 καὶ
1346 2428 1623 2499 Ἀπαμείᾳ
1643 2432 1710 2500 τῇ
1745 2429 1900 2482 πόλει

316 2513 574 2584 ἄρχοντα.
611 2518 722 2569 Καὶ
756 2517 1017 2573 Κιλικίαν
1044 2518 1089 2552 ’⁸³
1122 2520 1384 2592 δευτέραν
1415 2521 1764 2592 ἁπομερίσας
1791 2521 1899 2574 ἀπὸ

314 2605 417 2675 τῆς
466 2606 726 2678 πρώτης,
783 2610 1039 2680 ἐποίησεν
1092 2612 1396 2682 ἐπαρχίαν,
1456 2612 1634 2676 δώσας
1693 2612 1902 2666 δίκαιον

319 2698 738 2768 μητροπόλεως.
789 2700 885 2753 καὶ
928 2700 1166 2769 ἄρχοντα
1209 2702 1530 2773 Ἀναςάρϐῳ
1577 2705 1645 2774 τῇ
1699 2702 1898 2756 πόλει·

315 2787 414 2842 καὶ
445 2788 614 2860 ἄλλην
645 2790 916 2860 ἐπαρχίαν
949 2791 1298 2863 άπομερίσας
1331 2793 1441 2846 άπὸ
1481 2793 1583 2863 τῆς
1624 2792 1899 2859 Βιθυνίας,

313 2878 382 2948 ἥν
417 2897 538 2932 τινα
566 2879 827 2933 ἐκάλεσεν
867 2879 1175 2952 Ὀνωριάδα
1196 2882 1242 2914 ’⁸⁸
1269 2884 1349 2947 είς
1378 2883 1552 2953 ὄνομα
1596 2883 1692 2936 τοῦ
1736 2884 1901 2939 αὑτοῦ

315 2968 462 3022 θείου
507 2971 790 3039 Ὀνωρίου,
835 2969 1016 3035 δώσας
1069 2972 1280 3026 δίκαιον
1335 2974 1748 3042 μητροπόλεως,
1806 2975 1905 3029 καὶ

314 3060 554 3131 ἄρχοντα
605 3061 904 3133 Ἡρακλείᾳ
934 3064 1000 3133 τῇ
1041 3062 1194 3116 πόλει
1230 3064 1331 3134 τῆς
1353 3064 1580 3119 Πόντου.
1784 3122 1789 3129 ,

397 3152 520 3204 Ἐπὶ
552 3151 609 3204 δὲ
653 3152 752 3220 τῆς
795 3151 963 3206 αὐτοῦ
996 3153 1278 3223 βασιλείας
1307 3154 1631 3208 ἐπεθολοῦτο
1673 3155 1740 3209 τὰ
1769 3157 1900 3228 περ)⁴

312 3238 613 3311 Νεστορίου
648 3241 784 3311 (ειν
815 3243 910 3295 καὶ
951 3245 1199 3314 ταραχῆς
1240 3245 1550 3315 γεναμένης
1588 3246 1646 3298 ὲν
1678 3245 1756 3315 τῷ
1777 3248 1901 3315 ὀμι-

315 3331 427 3385 λεῖν
459 3333 642 3395 αὐτὸν,
677 3334 1003 3406 ἠναγκάσθη
1035 3337 1064 3388 6
1111 3336 1276 3399 αὐτὸς
1323 3335 1604 3400 Θεοδόσιος
1646 3336 1901 3407 βασιλεὺς

316 3425 759 3479 ἀνακαλέσασθαι
806 3428 904 3498 τὴν
952 3428 1173 3483 σύνοδον
1201 3429 1311 3481 τῶν
1362 3426 1449 3498 σμ’
1480 3430 1798 3483 ἐπισκόπων
1843 3432 1902 3483 ἐν

326 3515 541 3583 Ἐφέσῳ
575 3516 718 3570 κατά
750 3517 845 3571 τοῦ
875 3517 1043 3571 αὐτοῦ
1073 3518 1392 3586 Νεστορίου·
1427 3519 1522 3570 καὶ
1551 3519 1903 3583 καθείλαντες

315 3604 568 3671 ἐξέϐαλον
599 3606 692 3661 τὸν
723 3608 883 3662 αὑτὸν
916 3608 1216 3679 Νεστόριον
1244 3608 1351 3661 ἀπὸ
1381 3608 1491 3662 τῶν
1515 3608 1674 3679 ἱερῶν
1705 3608 1906 3663 δυπτύ-

313 3714 429 3769 χων
466 3696 602 3765 (es).

399 3791 489 3843 Ἐν
520 3791 671 3860 αὐτῷ
695 3792 752 3845 δὲ
788 3791 966 3862 καιρῷ
993 3792 1053 3844 ἐν
1082 3795 1147 3863 τῇ
1188 3791 1376 3864 Ῥώμῃ
1408 3793 1677 3861 διάγουσα
1696 3794 1844 3864 χήρα
1870 3794 1903 3863 ἠ

314 3881 578 3936 δέσποινα
630 3883 876 3947 Εὑδοξία,
911 3885 944 3954 ἡ
981 3884 1263 3955 γεναμένη
1312 3883 1452 3957 γυνὴ
1484 3885 1525 3916 ⁸⁷
1558 3886 1907 3939 Βαλεντινια-

315 3975 410 4028 νοῦ
456 3973 749 4044 βασιλέως,
784 3974 1034 4045 θυγάτηρ
1079 3976 1137 4029 δὲ
1178 3976 1461 4030 Θεοδοσίου
1489 3979 1585 4029 καὶ
1616 3977 1903 4041 Εὑδοκίας,

314 4065 632 4135 λυπουμένη
661 4064 803 4118 κατὰ
830 4065 1089 4137 Μαξίμου
1116 4066 1210 4121 τοῦ
1245 4067 1536 4139 τυράννου,
1574 4069 1668 4122 τοῦ
1701 4068 1908 4138 φονεύ-

319 4174 517 4220 σαντος
548 4158 641 4211 τὸν
695 4158 863 4229 ἄνδρα
912 4159 1108 4228 αὐτῆς,
1145 4159 1242 4213 καὶ
1285 4159 1730 4229 βασιλεύσαντος,
1770 4179 1908 4233 προ-

1298 202 1525 266 FRAG.
1566 206 1682 267 III.
1721 207 2136 267 THEODOSII
2171 208 2230 267 II
2271 208 2423 270 RES
2457 209 2741 274 GESTE.

3431 208 3569 274 1818

1755 356 1771 383 ,
1818 319 1884 372 τὰ
1913 336 1957 392 Α
1990 322 2383 394 quinquaginta
2410 337 2470 381 se
2514 322 2779 379 librarum
2843 324 3154 381 centenaria
3192 332 3566 395 accepturum,
3644 323 3656 337 '

1992 429 2111 484 qua:
2128 414 2242 484 jam
2280 415 2438 485 pendi
2488 415 2761 479 solebant.
2797 416 3127 472 Conditiune
3172 427 3419 488 accepta,
3471 432 3603 477 rex-

1990 505 2281 561 Persarum
2312 506 2514 577 delegit
2545 507 2613 563 de
2645 509 2886 581 agmine,
2924 512 3066 578 quod
3111 510 3314 566 dicitur
3345 510 3573 564 immor-

1993 599 2202 663 talium,
2229 599 2404 654 virum
2431 598 2658 654 Persam
2684 602 2904 656 nomine
2930 601 3273 657 Ardazanem
3299 612 3323 668 ;'
3338 599 3571 655 Romani

1992 703 2122 745 vero
2153 688 2523 745 Areobindum
2559 688 2825 758 Gothum,
2866 690 3259 746 fcederatorum
3287 689 3568 746 comitem.

1990 780 2236 850 Uterque
2266 781 2430 850 igitur
2463 781 2515 835 in
2550 781 2708 850 equis
2735 790 2985 857 armatus
3035 782 3263 851 prodiit,
3297 781 3571 836 Areobin-

1991 872 2095 928 dus
2123 883 2303 926 autem
2331 872 2599 926 soccarim
2633 887 2851 943 quoque
2893 887 3045 928 more
3094 871 3327 943 Gothico
3379 885 3568 925 secum

1993 964 2134 1018 tulit.
2165 960 2382 1016 Priums
2403 976 2525 1016 cum
2557 970 2722 1017 conto
2766 961 2895 1016 fecit
2943 961 3202 1031 impetum
3236 958 3428 1024 Persa;
3473 956 3572 1012 sed

1990 1054 2335 1110 Areobindus
2390 1052 2735 1108 dextrorsum
2770 1053 2822 1107 in
2850 1052 2996 1107 latus
3047 1061 3220 1106 semet
3258 1050 3571 1120 obliquatis,

1992 1143 2260 1205 socearim
2319 1141 2503 1196 Persae
2553 1140 2766 1210 injecit,
2828 1140 3245 1208 detractumque
3301 1152 3368 1190 ex
3428 1148 3569 1201 equo

1994 1234 2293 1292 interemit.
2321 1232 2477 1300 Quod
2510 1247 2640 1302 ergo
2662 1230 2933 1301 reliquum
2972 1239 3114 1295 erat,
3138 1244 3240 1287 rex
3275 1226 3566 1281 Persarum

1993 1327 2144 1397 pacis
2197 1324 2374 1380 fiedus
2440 1321 2769 1391 composuit.
2827 1322 2951 1391 Ipse
3007 1328 3189 1374 autem
3253 1334 3283 1372 a
3340 1314 3565 1371 victoria

1995 1420 2214 1474 rediens
2257 1414 2603 1472 Areobiudus
2657 1411 3208 1482 Constantinopolim,
3258 1423 3381 1464 cum
3431 1410 3569 1461 duce

1993 1510 2282 1582 ProcOpio,
2323 1509 2512 1583 gratiis
2532 1507 2582 1564 ei
2619 1508 2686 1563 ab
2733 1506 2975 1576 Augusto
3020 1502 3181 1570 actis,
3244 1500 3424 1557 factus
3482 1503 3570 1551 est

1994 1603 2206 1660 consul.

2066 1784 2213 1842 Idem
2287 1785 2586 1857 imperator
2650 1797 2847 1839 novam
2908 1779 3245 1852 provinciam
3322 1775 3473 1841 fecit,
3534 1789 3566 1828 a

1995 1880 2267 1952 Lycaonia
2302 1878 2650 1944 abscindens,
2681 1891 2843 1948 quam
2866 1874 3086 1946 Lyciam
3109 1870 3421 1942 appellavit,
3445 1868 3574 1922 dato

1996 1972 2045 2027 ei
2076 1972 2199 2043 jure
2227 1970 2613 2042 metropoleos,
2654 1979 2705 2026 et
2732 1969 2965 2037 praeside
2990 1968 3110 2021 urbi
3137 1963 3414 2035 Myrorum
3436 1960 3576 2027 ejus-

1999 2064 2122 2119 dem
2157 2062 2362 2135 Lycitr,
2402 2062 2496 2118 ubi
2538 2070 2593 2117 et
2653 2060 2849 2115 visitur
2876 2057 2973 2113 Dei
3023 2054 3370 2118 miraculum,
3420 2062 3577 2104 mons

1999 2169 2358 2235 Spontaneum
2397 2156 2576 2226 ignem
2604 2153 2944 2225 parturiens.
2995 2150 3171 2219 [Eque
3212 2149 3354 2203 idem
3407 2147 3578 2213 impc-

2002 2267 2153 2310 rator
2175 2252 2390 2322 Syriam
2414 2248 2711 2305 secundam
2751 2261 2782 2300 a
2830 2245 3004 2309 prima
3032 2254 3318 2310 separaris,
3372 2251 3570 2293 novam

2002 2342 2130 2399 fecit
2154 2336 2666 2410 provinciam,dato
2690 2332 2897 2404 pariter
2927 2327 3289 2398 metropoleos
3338 2326 3483 2395 jure.
3517 2334 3573 2379 et

2005 2434 2122 2490 urbi
2142 2433 2393 2500 Apamea:
2436 2427 2692 2499 praeside.
2748 2423 2997 2479 Ciliciam
3051 2420 3176 2473 item
3194 2417 3509 2472 rsccundam
3546 2429 3577 2467 a

2002 2526 2179 2597 prima
2207 2521 2469 2591 sejunxit,
2512 2517 2849 2589 provinciam
2897 2528 3090 2570 novam
3140 2508 3398 2573 efﬁciens,
3445 2521 3581 2561 con-

2003 2631 2159 2673 cesso
2184 2614 2308 2685 jure
2337 2609 2719 2681 metropoleos,
2756 2617 2810 2663 et
2854 2604 3143 2660 Anazarbo
3173 2599 3293 2655 urhi
3331 2598 3580 2669 praeside.

2006 2705 2251 2775 Denique
2306 2711 2361 2757 et
2419 2701 2579 2755 aliam
2635 2696 2971 2768 provinciam
3019 2710 3049 2747 a
3084 2690 3334 2762 Bithynia
3358 2686 3580 2752 avulsit,

1990 2806 2168 2869 ‘quam
2222 2789 2584 2848 Honoriadem
2625 2789 2693 2843 de
2747 2786 2925 2856 patrui
2963 2784 3048 2839 sui
3084 2781 3309 2838 Honorii
3362 2778 3585 2833 nomine

2007 2887 2168 2952 dixit,
2208 2899 2317 2939 non
2343 2883 2464 2937 sine
2484 2879 2603 2949 jure
2632 2874 3019 2945 metropoleos,
3051 2873 3418 2942 attributoque
3442 2882 3585 2939 prae-

2006 2978 2125 3033 side
2162 2975 2404 3030 Pontica:
2437 2972 2557 3027 urbi
2589 2968 2888 3025 Heracleae.
3563 2973 3568 2978 ‘

2075 3158 2276 3213 Eodem
2314 3160 2599 3224 regnante,
2652 3149 2894 3205 Nestorii
2950 3147 3297 3219 perturbatio
3336 3142 3584 3214 contigit.

2005 3248 2262 3304 Tumultu
2317 3246 2462 3302 enim
2499 3259 2564 3298 ex
2611 3244 2859 3314 ejusdem
2895 3242 3159 3297 concione
3191 3248 3400 3303 coorto,
3458 3251 3587 3291 coa-

2008 3352 2132 3398 ctus
2203 3346 2287 3395 est
2342 3335 2686 3392 Theodosius
2727 3347 3036 3389 convocare
3093 3331 3385 3386 concilium
3454 3343 3590 3384 σου.

2007 3435 2397 3504 episcoporum
2448 3429 2651 3499 Ephesi
2696 3427 2962 3482 adversus
3019 3426 3196 3495 ipsum
3252 3422 3587 3477 Nestorium.

2008 3523 2199 3592 Itaque
2232 3521 2515 3590 depositus
2548 3518 2650 3577 fuit
2679 3516 3061 3589 diptychisque
3100 3520 3403 3583 expunctus
3444 3509 3590 3566 idem

2007 3610 2314 3665 Nestorius.

2080 3793 2186 3848 Per
2245 3792 2390 3847 idem
2420 3799 2635 3859 tempus
2672 3789 2834 3842 vidua
2872 3788 3060 3842 Romae
3116 3789 3319 3856 degens
3373 3786 3593 3842 domina

2009 3883 2276 3949 Eudoxia,
2322 3896 2444 3951 quae
2510 3878 2874 3934 Valentiniani
2924 3877 3154 3948 Augusti
3214 3892 3350 3930 uxor
3393 3877 3591 3942 fuerat,

2011 3976 2123 4030 (ilia
2155 3984 2341 4028 autem
2395 3970 2690 4027 Theodosii
2723 3979 2778 4024 et
2805 3969 3081 4033 Eudociae,
3120 3968 3365 4038 iramque
3407 3968 3594 4022 fovens

2013 4077 2203 4124 contra
2233 4077 2523 4138 tyrannum
2549 4063 2865 4128 Maximum,
2892 4062 2982 4132 qui
3013 4062 3128 4114 viro
3158 4076 3256 4116 suo
3286 4060 3592 4125 interfecto,

2014 4158 2303 4230 imperium
2363 4156 2718 4227 arripuerat,
2785 4152 3183 4208 Genserichum
3255 4150 3595 4217 Vandalum,

317 4247 586 4318 ετρέψατο
635 4249 940 4321 Γινζίριχον
993 4250 1087 4303 τὸν
1134 4251 1441 4305 Οὐάνδαλον
1474 4252 1566 4305 τὸν
1618 4253 1763 4323 ῥῆγα
1812 4252 1899 4322 τῆς

2014 4250 2213 4306 Africa:
2244 4263 2477 4320 regem,
2523 4245 2917 4310 exstimulavit,
2968 4257 3027 4300 ut
3071 4255 3263 4299 contra
3298 4244 3594 4299 Maximum

329 4339 598 4409 Ἀφρικῆς
632 4340 803 4395 ἐλθεῖν
835 4344 978 4397 κατὰ
1011 4342 1268 4413 Μαξίμου
1301 4343 1588 4412 βασιλέως,
1619 4344 1713 4398 καὶ
1741 4344 1787 4377 ’⁵⁸
1812 4344 1899 4415 τῆς

2018 4345 2410 4411 imperatorem
2474 4339 2817 4407 Romamque
2877 4338 3133 4391 veniret:
3197 4338 3351 4406 isque
3418 4337 3598 4391 subito

328 4429 571 4501 Ῥώμης
606 4435 754 4497 ὅστις
798 4435 1065 4506 ἐξαίφνης
1095 4435 1349 4504 εἰσῆλθεν
1388 4437 1446 4487 ἐν
1480 4438 1547 4505 τῇ
1584 4435 1738 4488 πόλει
1771 4435 1909 4489 Ῥώ-

325 4544 401 4598 μῃ
439 4527 577 4598 μετὰ
608 4526 870 4595 πλήθους,
898 4527 992 4580 καὶ
1013 4527 1295 4598 παρέλαϐε
1346 4528 1445 4597 τὴν
1475 4528 1631 4582 πόλιν
1666 4528 1907 4600 Ῥώμην,

322 4621 419 4672 καὶ
460 4619 752 4687 ἐφόνευσεν
792 4619 883 4672 τὸν
933 4619 1188 4690 Μάξιμον
1243 4618 1498 4692 βασιλέα,
1541 4622 1639 4675 καὶ
1698 4622 1909 4687 πάντας

322 4709 596 4765 ἀπώλεσε.

395 4864 586 4937 ‘iCt-d
647 4865 755 4920 hic.
808 4867 1032 4937 κόμιτα.

2017 4435 2285 4490 accedens
2312 4473 2328 4500 ,
2379 4428 2681 4486 Romanam
2726 4429 2914 4485 urbem
2946 4428 3250 4498 occupavit,
3303 4427 3597 4481 Maximum

2019 4528 2410 4598 imperatorem
2441 4525 2661 4590 occidit,
2696 4535 2751 4580 et
2774 4523 3080 4595 generalem
3122 4533 3359 4593 stragem
3405 4521 3597 4575 edidit.

1132 4867 1179 4898 ⁴³
1230 4868 1389 4922 Deest
1451 4867 1594 4936 apud
1644 4868 1768 4925 Mal.
1803 4869 1897 4938 δρο

2014 4867 2185 4938 ίκτον1
2223 4867 2315 4921 Est
2367 4876 2546 4922 autem
2596 4866 2684 4921 hic
2728 4866 3051 4938 notissimus
3074 4879 3253 4938 _r_uon_s
3304 4864 3597 4938 Chimaera.
3684 4852 3690 4859 ’

321 4936 369 4967 ⁵⁸
411 4934 819 5008 Mal._nteniluse
850 4934 1222 5008 luttltltltﬁnbr
1248 4939 1351 5000 τῆς
1395 4934 1623 5008 πρώτης
1667 4934 1957 5008 ἐπαρχίας.

2084 4938 2130 4970 ’⁵⁸
2154 4936 2287 4992 Cod.
2330 4938 2590 4991 mendose
2639 4937 2870 4991 Λυκίαν.
2998 4936 3044 4967 ⁸⁸
3074 4935 3324 4989 Menilnse
3377 4933 3603 4990 Malalas

331 5005 622 5076 Ὀνωρίδα.
698 5005 745 5037 ⁸⁷
778 5006 1041 5061 Perverse
1071 5006 1292 5062 Malalas
1312 5010 1345 5077 ὴ
1377 5004 1647 5078 γενομένη
1682 5004 1850 5079 χήραζ

2007 5007 2144 5063 Male
2178 5008 2454 5063 connectit
2492 5005 2714 5061 Malulas
2749 5007 3013 5077 βασιλέως
3042 5006 3142 5075 τῆς
3181 5004 3424 5075 Ῥώμης.

390 5184 503 5255 (2i)
532 5184 790 5254 Pericopa
821 5200 850 5239 a
889 5186 1071 5238 verbis
1097 5186 1147 5238 εί
1185 5186 1241 5238 δὲ
1275 5189 1429 5241 deest
1459 5185 1596 5255 apud
1624 5185 1895 5252 Malalam;

325 5266 503 5309 exstat
538 5265 715 5310 tamen
754 5257 805 5310 in
836 5256 1023 5310 codice
1073 5259 1322 5321 quamvis
1359 5259 1447 5311 hic
1499 5257 1694 5324 partim
1744 5257 1911 5310 oblit-

328 5336 525 5386 terato,
557 5325 642 5378 cui
676 5328 954 5394 suppetias
1006 5326 1110 5379 fert
1139 5324 1484 5380 llamartolus
1521 5326 1781 5392 ineditus,
1815 5325 1910 5395 qui

330 5399 442 5467 hoc
462 5395 583 5467 loco
616 5411 736 5449 cum
763 5398 950 5467 codice
980 5407 1169 5450 nostro
1207 5399 1482 5467 congruit.

395 5464 507 5533 (22)
540 5463 744 5533 Nempe
786 5465 1111 5532 Gothorum,
1147 5467 1239 5534 qui
1262 5463 1471 5534 jaindiu
1517 5476 1676 5521 erant
1714 5466 1911 5520 Roma-

328 5550 522 5591 norum
555 5534 821 5591 hnderati.

400 5603 490 5680 (25
526 5604 603 5660 En
638 5620 820 5665 veram
844 5608 1171 5681 scripturam
1210 5607 1495 5679 σὸκκαριν,
1527 5623 1644 5679 qua:
1681 5608 1913 5671 aliorum

2008 5195 2291 5241 auctorum
2322 5187 2579 5240 mendosa
2614 5185 2873 5239 vocabula
2922 5182 3215 5251 coarguit._
3242 5180 3369 5232 Erat
3407 5188 3597 5251 autem

2021 5258 2072 5309 id
2104 5257 2279 5324 laquei
2321 5272 2514 5324 genus,
2544 5271 2651 5324 quo
2679 5256 2840 5310 Guthi
2870 5247 3172 5324 tuebantur
3201 5249 3266 5324 l_n_
3293 5247 3597 5324 prmliis_atl

2022 5315 2205 5380 hostes
2243 5315 2586 5386 irrctiemlos',
2636 5334 2691 5379 et
2725 5327 2803 5378 sic
2860 5322 3072 5375 facilius
3115 5319 3464 5373 occidendos.
3500 5315 3600 5377 L0.

2021 5409 2181 5465 gatur
2205 5397 2290 5449 hic
2311 5394 2610 5449 Chilmeadi
2647 5394 2926 5465 adnotatio
2958 5392 3022 5445 ad
3057 5389 3330 5444 Malulaan.

2098 5465 2210 5530 (‘24)
2244 5465 2417 5519 Paulo
2457 5466 2619 5518 aliter
2651 5463 2894 5516 Malalas.

2098 5535 2209 5609 (25)
2250 5536 2379 5591 Item
2411 5535 2569 5591 aliter
2598 5533 2839 5591 Malalas.
