4014 6122
462 302 602 370 18ιᾶ

449 426 791 497 ὡρισμένους
818 429 981 499 αὐτῇ,
1007 430 1150 483 κατά
1174 431 1279 501 τὴν
1308 432 1643 485 κατάστασιν
1672 434 1863 504 αὑτῆς.

528 519 641 587 κς’.
671 522 793 574 Ὀτι
822 521 917 574 καὶ
952 521 1134 593 μικρῷ
1172 540 1279 575 τινι
1326 525 1618 595 πειρασμῷ
1646 526 1787 580 κατά
1815 527 2026 597 συγχώ-

457 631 615 685 ρησιν
636 612 986 684 ἐμποδίζεταί
1012 630 1142 667 ποτε
1172 614 1445 686 προκόψαι
1477 618 1505 668 6
1531 617 1836 684 σπουδαῖος,
1855 618 2037 672 πειθέ-

454 722 534 761 τω
568 722 626 760 σε
674 708 707 776 ή
759 704 995 776 λχενηῖς,
1040 706 1100 759 :6
1151 705 1488 777 βραχύτατον
1530 707 1783 778 ἰχθύδιον,
1846 728 2036 781 μυριο-

456 797 623 869 φόρον
654 796 855 852 ὁλκάδα
907 800 973 870 τῇ
1006 797 1352 869 προσψαύσει
1384 799 1477 853 καὶ
1508 800 1648 871 μόνῃ
1700 802 2038 872 καταριοῦσα

457 887 569 960 [ῑσ.
606 888 982 962 καταργοῦσα]
1010 891 1102 944 καὶ
1140 890 1412 960 προϐῆναι
1456 891 1517 944 :6
1554 891 1880 962 ἑμποδισθέν
1902 910 1914 923 ·
1945 895 2039 947 1:01

459 982 737 1051 μέμνησαι
759 984 976 1046 πάντως
1034 982 1128 1037 τοῦ
1174 982 1459 1051 λέγοντος,
1485 986 1571 1039 ὅτι
1600 1003 1620 1037 ι
1658 984 1800 1053 Ἐγὼ
1839 987 1867 1038 6
1887 989 2038 1056 τηλι-

457 1070 646 1133 κοῦτος
683 1070 914 1136 Παῦλος,
949 1074 1043 1127 1:01
1098 1071 1252 1138 ἀπαξ
1303 1074 1399 1127 1:01
1432 1074 1514 1137 δὶς
1564 1074 1835 1144 τεθέληκα
1863 1075 2039 1129 ἐλθεῖν

456 1163 596 1235 πρὸς
632 1164 798 1234 ὑμᾶς,
836 1165 931 1219 καὶ
962 1162 1220 1232 ἐνέκοψεν
1248 1166 1396 1235 ἡμᾶς
1416 1166 1444 1217 6
1464 1165 1729 1229 Σατανᾶς.
1773 1164 1933 1219 Ἀλλά
1963 1167 2039 1235 μὴ

457 1256 548 1310 διά
570 1255 728 1310 τοῦτο
751 1256 1081 1328 θορυϐηθῇς,
1111 1256 1485 1325 ἀνταγωνίζου
1514 1256 1571 1311 δὲ
1596 1256 1801 1314 μᾶλλον
1828 1257 1915 1311 διὰ
1940 1258 2041 1325 τῆς

452 1337 759 1418 ⁸ὑπομονῆς,
791 1348 887 1407 καὶ
918 1347 1192 1420 τεύξῃτῆς
1222 1349 1464 1420 χάριτος.

532 1437 637 1504 κζ’.
683 1440 745 1495 Ὅ
772 1442 894 1505 ταῖς
921 1442 1143 1513 ἀρεταῖς
1182 1441 1324 1509 ἄγαν
1377 1441 1795 1512 εὑθηνναμενος,
1837 1444 1931 1496 ἐὰν
1957 1443 2043 1497 διὰ

464 1531 740 1604 ρᾳθυμίαν
768 1532 1045 1604 ἀπονεύσῃ
1070 1532 1165 1586 τοῦ
1192 1533 1517 1605 πρέποντος,
1549 1532 1870 1605 ἀνέρχονται
1906 1534 2042 1605 πρὸς

463 1625 628 1681 αὑτὸν
681 1626 735 1679 οἱ
791 1627 899 1681 0101
927 1626 1037 1680 τῶν
1068 1626 1252 1680 κακῶν
1301 1627 1577 1680 ἀνατολῶν
1606 1626 1716 1679 ἀπὸ
1759 1625 2035 1697 Ἀμαλὴκ,

465 1715 564 1770 καὶ
587 1716 822 1786 μάλιστα
869 1716 1131 1785 Μαδιάμ·
1186 1718 1219 1787 ή
1265 1715 1588 1786 φιλόπορνος
1614 1714 1847 1785 δύναμις
1881 1754 1898 1779 ,
1947 1717 2043 1770 σὺν

469 1807 590 1870 ταῖς
650 1807 924 1878 καμήλοις
960 1807 1163 1872 αὐτῶν,
1208 1807 1411 1878 δηλαδή
1442 1810 1562 1870 ταῖς
1595 1806 1869 1877 ἐμπαθέσι
1905 1804 2043 1878 μνή-

469 1916 626 1968 μαις,
647 1894 736 1965 αῖς
759 1902 861 1955 οὑκ
884 1900 1033 1963 ἐστιν
1063 1901 1317 1973 ἀριθμὸς,
1345 1903 1441 1954 καὶ
1470 1899 1849 1969 διαφθείρουσι
1868 1899 2047 1953 πάντα

466 1990 542 2044 τὰ
569 1993 801 2063 ἐκφόρια
841 1995 943 2064 τῆς
975 1993 1101 2062 γῆς,
1134 1991 1379 2051 τουτέστι
1397 1989 1497 2058 τῆς
1529 1989 1758 2062 ἀρίστης
1799 1985 2048 2062 πράξεώς

472 2104 534 2144 τε
576 2088 673 2142 καὶ
699 2087 889 2151 ἕξεως.
912 2087 1025 2148 Καὶ
1052 2087 1175 2139 τότε
1216 2085 1400 2139 λοιπὸν
1442 2081 1715 2153 πτωχεύει
1737 2084 1765 2135 ό
1809 2081 2046 2153 Ἰσραὴλ,

461 2168 559 2220 1:01
578 2164 721 2219 πάνυ
753 2160 1087 2232 ὀλιγοψυχεῖ,
1128 2162 1224 2214 καὶ
1271 2159 1643 2230 ἀναγκάζεται
1680 2160 1874 2231 βοῆσαι
1903 2160 2041 2233 πρὸς

460 2257 689 2327 Κύριον.
718 2253 829 2309 K01
851 2252 1025 2316 οὑτως
1049 2251 1437 2306 ἀποστέλλεται
1465 2250 1757 2323 οὐρανόθεν
1785 2252 2041 2323 λογισμὸς

460 2346 688 2418 ἀγαθὸς,
718 2345 809 2399 τὸν
837 2343 1044 2401 Γεδεὼν
1062 2343 1420 2414 μιμούμενος,
1455 2341 1543 2395 διά
1569 2340 1771 2413 πολλῆς
1805 2341 2043 2405 πίστεως

461 2442 555 2503 καὶ
603 2436 1129 2506 ταπεινοφροσύνης.
1214 2436 1277 2496 Ἡ
1351 2434 1457 2507 γὰρ
1524 2433 1840 2505 χιλιασμοῦ,
1886 2434 2042 2506 φησὶ,

460 2531 839 2601 ταπεινωτέρα
896 2530 955 2581 ἐν
1002 2529 1290 2598 Μανασσῇ,
1328 2527 1469 2580 ὥστε
1497 2525 2043 2597 ἀντιπαρατάξασθαι

458 2626 575 2689 τοῖς
605 2622 880 2684 τοσούτοις
909 2620 1171 2692 πλήθεσιν
1216 2622 1273 2673 ὲν
1297 2621 1412 2685 τοῖς
1444 2621 1782 2691 τριακοσίοις
1821 2619 2044 2675 ἀσθενέ-

462 2734 548 2775 σιν
607 2713 937 2785 ἀνθρώποις,
1018 2712 1114 2766 1:01
1180 2712 1413 2782 τρόπαια
1477 2710 1792 2782 παραδόξως
1851 2710 2044 2780 στῆσαι

460 2808 605 2862 κατά
620 2806 727 2861 τῶν
749 2805 1031 2871 ἐναντίων,
1067 2807 1133 2875 τῇ
1167 2803 1456 2874 συμμαχίᾳ
1482 2802 1586 2874 τῆς
1609 2803 1851 2873 χάριτος.

531 2906 640 2970 κη’.
676 2899 751 2952 Οὑ
776 2898 877 2952 κᾶν
911 2895 1146 2967 δυνηθῇς
1193 2895 1286 2949 ἐπὶ
1341 2894 1547 2948 ἀσπίδα
1591 2894 1687 2947 καὶ
1732 2891 2045 2962 βασιλίσκον

458 2988 741 3057 ἐπιϐῆναι,
805 2988 898 3049 1:01
960 2988 1051 3038 τὰ’
1079 2986 1229 3056 ἐξῆς,
1272 2986 1322 3039 εί
1355 2985 1432 3056 μὴ
1464 2984 1554 3040 διὰ
1596 2984 1797 3054 πολλῆς
1832 2982 2045 3046 ἱκεσίας

459 3077 551 3137 τὸν
598 3076 733 3131 Θεδν
790 3079 1123 3146 δυσωπήσας
1174 3077 1345 3148 λάϐῃς
1386 3078 1742 3149 ὑπερμάχους
1780 3075 2045 3144 ἀγγέλους

455 3167 916 3236 ἀνακουφίζοντάς
975 3184 1033 3219 σε
1090 3169 1207 3229 ταῖς
1257 3168 1483 3231 οἰκείαις
1512 3170 1690 3238 χερσὶ,
1722 3168 1816 3223 1:01
1848 3170 1962 3227 ἀνω
1983 3184 2041 3220 σε

458 3258 746 3323 ποιοῦντας
779 3257 877 3328 τῆς
911 3256 1169 3319 ίλυώδους
1199 3255 1447 3326 γνώμης,

524 3405 629 3456 κθ’.
662 3400 836 3457 ’Όταν
865 3419 950 3463 τις
995 3406 1283 3452 πυκτεύων
1331 3401 1568 3469 ἰσχυρῶς
1611 3399 1893 3469 ἡττηθείη,
1933 3418 2040 3471 μη-

455 3489 646 3557 δαμῶς
695 3489 1060 3558 δυσθυμείτω,
1116 3486 1249 3556 μηδέ
1309 3488 1696 3554 ἀποκαμνέτω,
1738 3487 1873 3541 ἀλλά
1928 3492 2044 3553 τοῖς

451 3583 548 3637 τοῦ
611 3582 834 3634 Ἦσαῖου
889 3581 1133 3651 ῥήμασιν
1174 3578 1526 3650 ἀνορθωθεὶς,
1562 3579 1889 3650 εὑθυμείτω,
1924 3601 2042 3637 τοι-

450 3675 591 3732 αὑτα
626 3673 976 3746 κατεπᾴδωνο
1027 3673 1331 3745 Ἰσχυκότες
1390 3675 1652 3747 ἡττᾶσθε,
1711 3675 1757 3731 ὦ
1815 3680 2044 3751 πονηροὶ

443 3768 727 3841 δαίμονες·
757 3766 854 3821 ἐὰν
885 3764 995 3837 γάρ
1024 3767 1123 3821 καὶ
1165 3766 1330 3821 πάλιν
1368 3766 1651 3840 ίσχύσητε,
1690 3769 1852 3824 πάλιν
1878 3772 2044 3841 ἡττη-

453 3857 710 3929 θήσεσθε,
739 3857 834 3911 καὶ⁵
866 3856 937 3929 ἦν
966 3857 1034 3911 ἂν
1064 3856 1260 3928 βουλὴν
1284 3856 1671 3928 βουλεύσησθε,
1701 3858 2043 3915 διασκεδάσει

455 3949 685 4022 Κύριος,
711 3948 796 4002 ὅτι
824 3948 947 4020 μεθ’
982 3946 1139 4019 ήμῶν
1186 3948 1216 4000 6
1261 3947 1395 4012 Θεός
1424 3949 1572 4002 ἐστιν
1592 3964 1606 3980 ο
1640 3950 1680 4019 ό,
1697 3949 1831 4013 Θεὸς
1858 3950 1887 4003 6
1918 3951 2043 4013 τοὺς

450 4039 939 4114 κατερῤαγμένους
977 4038 1294 4106 ἐξανιστῶν,
1326 4040 1421 4094 1:01
1463 4041 1899 4112 παρασκευάζων
1917 4043 2043 4106 τοὺς

454 4131 683 4204 ἐχθροὺς
710 4132 870 4202 ήμῶν
902 4130 1221 4198 κόπτεσθαι,
1256 4132 1419 4202 ἡνίκα
1450 4130 1517 4186 ἂν
1554 4132 1925 4203 μετανοῶμεν.

521 4228 591 4280 λ’.
643 4223 954 4293 ’Δμήχανον
972 4222 1142 4294 χωρὶς
1173 4222 1351 4293 λύπης
1396 4223 1692 4295 παρελθεῖν
1722 4225 1814 4279 τὸν
1840 4226 2045 4290 ἐμπαι-

449 4314 743 4384 δευόμενον
774 4315 886 4376 τοῖς
909 4314 1261 4384 πειρασμοῖς,
1290 4312 1429 4367 ἀλλά
1474 4313 1613 4385 μετά
1636 4313 1809 4368 ταῦτα
1840 4315 2044 4387 πολλῆς

452 4406 627 4479 χαρᾶς
685 4403 1023 4475 πληροῦνται
1081 4405 1130 4458 οἱ
1181 4403 1440 4474 τοιοῦτοι,
1491 4405 1587 4458 1:01
1633 4405 1888 4477 δακρύων
1914 4407 2043 4476 γλυ-

450 4497 635 4562 κέων,
668 4495 762 4549 καὶ
812 4480 1103 4566 νοημάτων
1167 4494 1349 4561 θείων,
1401 4495 1526 4549 ὅσον
1568 4495 1925 4573 ἐγεώργησαν
1950 4500 2042 4553 τὸν

452 4589 638 4653 πόνον,
673 4587 768 4642 καὶ
793 4586 890 4658 τὴν
917 4586 1098 4656 θλίψιν
1125 4587 1179 4639 ἐν
1202 4587 1324 4649 ταῖς
1355 4587 1606 4657 καρδίαις
1638 4589 1837 4645 αὑτῶν.

525 4680 629 4733 λα’.
654 4679 716 4732 Εἰ
747 4678 917 4731 θέλων
951 4680 980 4731 6
1028 4676 1238 4741 Ἰσαάκ,
1274 4678 1370 4732 1:01
1393 4679 1604 4750 τρέχων
1652 4681 1784 4741 ποτὲ
1809 4683 1837 4735 6
1869 4683 2041 4738 Ἡσαῦ

453 4772 592 4845 πρὸς
616 4771 714 4844 τὴν
743 4770 1043 4841 ἐπιθυμίαν
1067 4771 1161 4841 τῆς
1211 4771 1506 4840 εὑλογίας,.
1529 4773 2036 4847 ἀπο-τετυχήκασιν·

450 4868 731 4933 ἐλεοῦντος
763 4867 857 4921 τοῦ
884 4867 1042 4929 Θεοῦ,
1077 4867 1171 4919 1:01
1221 4867 1596 4938 εὑλογοῦντος,
1639 4871 1735 4924 1:01
1766 4872 1843 4943 τῷ
1877 4874 2040 4928 πνεύ-

452 4976 588 5030 ματι
628 4959 892 5029 χρίοντος,
947 4957 1045 5027 οὑχ
1099 4959 1267 5029 ὅνπερ
1297 4958 1459 5028 ἡμεῖς
1493 4959 1710 5021 πάντως
1742 4960 2041 5032 τεθελήκα-

453 5068 575 5122 μεν,
616 5049 732 5104 ἀλλ’
767 5049 937 5121 ὅνπερ
968 5049 996 5100 6
1021 5048 1171 5113 Θεὸς,
1194 5049 1323 5119 πρὶν
1354 5050 1582 5115 πλάσαι,
1620 5050 1927 5124 προώρισεν
1960 5056 2040 5118 είς

447 5144 511 5196 :6
562 5141 920 5212 διακονῆσαιο
964 5140 1229 5211 μηδαμῶς
1270 5140 1682 5213 θορυϐηθῶμεν,
1735 5143 1873 5214 μήτε
1935 5147 2041 5215 μὴν

447 5234 829 5304 φθονήσωμεν,
878 5234 1007 5285 ὅταν
1057 5231 1427 5303 θεωρήσωμεν
1476 5218 1749 5301 ἀδελφούς
1780 5252 1932 5297 τινας
1957 5239 2040 5292 οι-

347 5344 354 5351 '
394 5358 401 5363 ο
447 5328 646 5398 κτροὺς
711 5324 807 5378 1:01
857 5323 1172 5395 ἐλαχίστους
1219 5323 1313 5386 ἐπὶ
1357 5322 1558 5402 ἀρετήν
1615 5324 2036 5393 προκρᾠντας·

438 5408 688 5489 ’ἤκουσας
719 5417 814 5471 1:01
871 5416 964 5470 :06
1014 5415 1223 5485 Κυρίου
1251 5414 1498 5482 λέγοντος
1519 5431 1534 5446 ⁸
1570 5434 1588 5468 ι
1621 5416 1718 5479 Δδς
1743 5415 1918 5488 τούτῳ
1946 5418 2038 5471 τό-

445 5526 568 5572 πον,
624 5508 763 5563 ὥστε
817 5506 1215 5576 κατακλιθῆναι
1266 5505 1571 5575 ἀνώτερον⁹
1607 5526 1625 5558 1
1664 5506 2038 5580 θαυμάζωμεν

442 5599 501 5652 δὲ
526 5599 724 5668 μᾶλλον
756 5599 850 5653 ἐπὶ
869 5598 1081 5662 τούτοις
1103 5597 1195 5652 τὸν
1223 5597 1507 5670 δικαστὴν,
1536 5597 1715 5667 σοφῶς
1746 5602 1840 5653 καὶ
1859 5603 2034 5673 ἀπορ-

448 5692 624 5757 ρήτως
679 5692 972 5761 κεκρικότα
1001 5707 1014 5720 ·
1064 5693 1270 5743 ἐκεῖνον
1326 5691 1423 5761 μὲν
1470 5690 1561 5745 τὸν
1604 5690 1884 5758 ἐλάχιστον
1942 5694 2035 5745 1:01

448 5778 692 5844 ὕστερον,
724 5777 1024 5849 πρωτεύειν
1060 5779 1152 5834 1:01
1173 5779 1532 5855 καθηγεῖσθαι
1560 5797 1571 5810 ·
1614 5782 1758 5855 ἡμᾶς
1792 5781 1845 5835 δὲ
1867 5783 2031 5856 ἐσχα-

518 5896 553 5914 .-

1675 305 2005 368 ΙυΑΝΝιδ
2065 305 2481 368 CARPATHII

3573 308 3709 373 1844

2122 438 2291 501 τίζειν
2319 436 2445 499 τοὺς
2473 436 2538 505 τῇ
2570 433 2800 504 ἀσκήσει
2867 431 2961 483 καὶ
2990 429 3068 502 τῷ
3099 430 3276 501 χρόνῳ
3318 430 3529 486 ἐκείνου
3565 448 3712 502 πρω-

2122 530 2380 592 τεύοντας
2401 543 2415 558 ⁸
2490 525 2708 594 ἐκάστῳ
2737 523 2847 593 γάρ
2890 520 3165 593 ἀνθρώπῳ
3202 520 3388 585 καθὼς
3415 523 3718 594 μεμέρικεν

2124 620 2152 670 6
2198 616 2425 688 Κύριος,
2453 615 2594 669 οὑτω
2645 616 2741 668 καὶ
2794 614 3155 684 στοιχήσομεν
3182 631 3196 647 ο
3245 614 3404 684 εἴπερ
3434 615 3719 687 Πνεύματι

2124 708 2306 777 ζῶμεν
2338 707 2433 761 καὶ
2495 705 2771 775 Πνεύματι
2832 701 3160 774 στοιχῶμεν,
3191 702 3331 756 κατά
3360 703 3423 756 :6
3459 720 3719 776 γεγραμ-

2127 801 2307 872 μένον.

2192 892 2292 963 λβ’.
2322 893 2607 962 Μηδέποτε
2628 889 2892 958 ἀποδέχου
2907 889 2999 941 τδν
3017 890 3073 940 ἐν
3098 887 3345 957 ὑποταγῇ
3376 904 3494 952 σου,
3526 888 3720 959 Παρά-

2125 1003 2253 1055 σχου
2280 1004 2391 1056 μοι,
2420 983 2648 1053 λέγοντά
2682 998 2786 1045 σοι,
2826 978 3079 1044 ἐξουσίαν
3104 978 3294 1050 χρόνον
3328 979 3463 1049 πρὸς
3493 979 3714 1049 ἀρετὴν,

2121 1077 2264 1141 τόδε,
2296 1075 2328 1146 ἤ
2361 1075 2477 1128 τόδε
2504 1075 2562 1128 :6
2596 1075 2826 1145 πρᾶγμα
2870 1072 3185 1141 δοκιμάσαι.
3210 1070 3306 1124 καὶ
3334 1069 3478 1123 οὕτω
3514 1089 3718 1143 κατορ-

2122 1168 2329 1222 θῶσαυ
2363 1170 2391 1220 ὁ
2422 1167 2529 1236 γὰρ
2589 1166 2654 1237 δὴ
2696 1165 2838 1218 οὑτω
2892 1164 3091 1231 λέγων,
3134 1162 3292 1234 δῆλον
3323 1163 3407 1216 ὅτι
3463 1164 3525 1217 :6
3582 1164 3717 1218 [διον

2121 1260 2377 1316 ἀποτελεῖ
2423 1257 2635 1328 θέλημα
2683 1257 2779 1310 καὶ
2834 1256 2933 1326 τῆς
2966 1254 3252 1325 βελτίστης
3289 1255 3570 1326 ὑποταγῆς
3613 1256 3718 1320 τὰς

2124 1352 2399 1421 συνθήκας
2425 1350 2627 1404 ἀθετεῖ.
3612 1419 3623 1429 Ι

2193 1444 2294 1512 λγ’.
2327 1442 2407 1495 Τά
2435 1442 2533 1512 μὲν
2556 1440 2658 1509 τῆς
2689 1439 2891 1510 σαρκὸς
2942 1437 3036 1491 1:01
3062 1437 3161 1506 τῆς
3186 1437 3365 1509 ψυχῆς
3388 1437 3714 1509 παθήματα,

2124 1535 2304 1599 καθὼς
2338 1533 2480 1603 ὄψει,
2503 1532 2581 1603 τῷ
2595 1532 2773 1603 χρόνῳ
2826 1532 2920 1584 καὶ
2971 1529 3051 1601 τῷ
3093 1530 3225 1600 θείῳ
3255 1529 3486 1602 νεύματι
3512 1531 3720 1600 ἐξαφα-

2123 1626 2439 1694 νισθήσεται
2466 1624 2643 1677 καίτοι
2691 1619 3070 1691 ἐπαυξηθέντα
3097 1637 3112 1650 ·
3147 1620 3208 1673 τὸ
3254 1620 3312 1673 δὲ
3344 1620 3436 1674 τοῦ
3472 1622 3716 1694 Χριστοῦ

2123 1719 2273 1781 ἐλεος
2326 1714 2580 1784 οὑδσιμῶς
2629 1713 3009 1784 φθαρήσεταιο
3068 1711 3128 1765 :6
3171 1712 3279 1784 γὰρ
3306 1712 3510 1783 Κυρίου
3542 1713 3711 1781 ἔλεος,

2125 1811 2236 1866 ἀπὸ
2260 1808 2355 1864 τοῦ
2385 1810 2582 1873 αἰῶνος
2614 1807 2830 1874 τούτου,
2852 1806 2943 1861 1:01
2979 1805 3085 1870 ἕως
3116 1805 3214 1859 τοῦ
3247 1806 3444 1869 αίῶνος
3463 1807 3557 1861 τοῦ
3582 1808 3713 1879 μέλ-

2123 1903 2305 1963 λοντος
2330 1900 2422 1951 ἐπὶ
2457 1900 2583 1962 τοὺς
2604 1897 2973 1967 φοϐουμένους
3006 1897 3190 1950 αὑτόν.

2206 1989 2300 2044 λδ’.
2328 1988 2515 2061 Θησαυ
2525 1989 2607 2058 901
2628 1987 2901 2060 βασιλικοὶ
2926 1986 3328 2058 πλησθήσονται
3353 1989 3594 2060 χρυσίου,
3611 1991 3708 2045 καὶ

2133 2086 2183 2139 οἱ
2200 2083 2316 2145 νόες
2329 2081 2439 2134 τῶν
2459 2080 2675 2149 ἀληθῶς
2699 2080 2947 2152 μοναχῶν
2966 2078 3414 2151 πληρωθήσονται
3431 2079 3707 2150 γνώσεως.

2204 2157 2299 2216 λε’.
2329 2158 2515 2211 Ἔστιν
2546 2159 2634 2209 ὅτε
2672 2157 2994 2220 διδάσκαλος
3044 2162 3125 2220 εἰς
3165 2160 3396 2229 ἀτιμίαν
3422 2162 3711 2230 ἐκδίδοται,

2138 2250 2278 2321 ὑπὲρ
2337 2249 2445 2304 τῶν
2498 2248 2883 2319 πνευματικῶς
2923 2249 3315 2320 ὠφεληθέντων
3365 2254 3493 2318 τοὺς
3521 2273 3716 2327 1:51.90-

2137 2338 2310 2405 σμοὺς
2355 2336 2720 2408 ὑφιστάμενος
2744 2353 2758 2366 ’
2811 2338 2970 2408 ἡμεῖς
3001 2340 3130 2409 γὰρ,
3173 2342 3358 2411 φησὶν,
3383 2342 3593 2415 ἄτιμοι,
3619 2347 3717 2402 καὶ

2135 2426 2530 2498 ἀτιμαζόμενοι
2584 2426 2663 2496 τῷ
2706 2426 2951 2493 σκόλοπι,
3002 2428 3097 2483 καὶ
3130 2428 3483 2496 ἀσθενοῦντες
3510 2451 3526 2467 ’
3557 2435 3718 2507 ὑμεῖς

2133 2518 2192 2571 δὲ
2222 2517 2423 2585 ἔνδοξοι
2443 2517 2537 2571 1:01
2565 2518 2774 2589 ἰσχυροὶ
2803 2519 2860 2571 ἐν
2883 2519 3102 2590 Χριστῷ
3131 2521 3525 2593 καθεστήκατε.

2205 2633 2313 2695 λς’.
2343 2630 2501 2701 Πηγὴ
2532 2630 2625 2684 καὶ
2657 2627 2915 2692 ὑπόθεσις
2938 2629 3038 2700 τῆς
3074 2629 3162 2684 διά
3189 2632 3394 2702 σαρκὸς
3423 2632 3652 2705 φθορᾶς,
3688 2635 3719 2689 6

2135 2720 2389 2790 ἐμπαθὴς
2429 2719 2726 2790 λογισμός’
2773 2717 2832 2771 ὃν
2872 2717 2962 2771 διὰ
2998 2720 3285 2789 μετανοίας
3325 2719 3558 2793 ἐξορίζει
3617 2723 3720 2794 τῆς

2135 2810 2337 2885 ψυχῆς,
2365 2810 2394 2861 6
2418 2808 2595 2879 νήψας
2624 2809 2764 2878 μετά
2791 2808 2851 2862 :6
2901 2811 3183 2880 πταῖσμα·
3217 2809 3398 2876 καλῶς
3423 2811 3530 2882 γὰρ
3558 2813 3718 2865 ἐπεν-

2136 2904 2339 2974 θήσατε
2368 2899 2591 2971 μᾶλλον,
2620 2901 2709 2955 ἵνα
2747 2900 2948 2973 ἐξαρθῇ
2996 2902 3062 2955 ἐκ
3111 2902 3277 2974 μέσου
3309 2903 3464 2974 ὑμῶν
3483 2906 3512 2958 6
3538 2904 3600 2956 :6
3626 2904 3717 2976 ἐρ-

2137 3013 2233 3063 γον
2261 2995 2420 3048 τοῦτο
2472 2993 2679 3065 πρᾶξαι
2742 2993 3056 3066 προτρέψας
3111 2995 3347 3067 πονηρὸς
3377 2995 3471 3050 καὶ
3507 2997 3717 3061 ἀνόσιος

2136 3087 2423 3156 λογισμός·
2454 3085 2651 3140 οὐκοῦν
2672 3085 2732 3138 τὸ
2763 3085 2954 3150 πένθος
2982 3087 3283 3141 ἀντίκειται
3330 3086 3409 3157 τῷ
3441 3086 3715 3159 πνεύματι

2137 3180 2234 3252 τῆς
2264 3180 2491 3250 φθορᾶς.

2211 3291 2309 3357 λζ’.
2345 3293 2442 3355 Τίς
2460 3294 2754 3361 ἀναγγελεῖ
2773 3293 3293 3366 τῷέκπεπιεσμένῳ
3327 3295 3386 3349 ἐν
3412 3297 3478 3365 τῇ
3507 3292 3713 3364 ἀδοξίᾳ,

2143 3385 2237 3437 1:01
2261 3386 2327 3454 τῇ
2351 3382 2627 3455 ἀδυναμίί.
2652 3383 2762 3435 τῶν
2779 3383 2993 3454 ἀρετῶν
3021 3384 3101 3437 ὅτι
3123 3385 3309 3453 ὄψεται
3345 3384 3435 3436 τὸν
3469 3383 3714 3453 Ἰησοῦν;

2140 3477 2203 3530 οὑ
2266 3479 2427 3546 μόνον
2473 3475 2616 3529 κατά
2670 3476 2733 3528 :6
2786 3475 3001 3546 μέλλον,
3048 3476 3182 3531 ἀλλά
3212 3475 3307 3529 καὶ
3330 3473 3578 3529 ἐντεῦθεν
3610 3476 3717 3547 ήδη

2145 3566 2282 3637 μετά
2308 3565 2613 3637 δυνάμεως,
2647 3567 2743 3621 1:01
2766 3566 2927 3637 δόξης
2966 3566 3207 3638 μεγάλης
3244 3566 3535 3636 ἐρχόμενον
3581 3567 3719 3637 πρὸς

2140 3656 2302 3710 αὑτὸν
2329 3656 2419 3710 διά
2446 3657 2546 3725 τῆς
2567 3657 2836 3720 ἀπαθείας
2857 3674 2873 3722 ;
2897 3656 3035 3711 ὥστε
3057 3658 3254 3723 είπεῑν,
3283 3658 3424 3711 κατά
3443 3657 3541 3728 τὴν
3575 3657 3719 3729 209-

2142 3751 2263 3819 ῥαν,
2282 3748 2461 3820 ψυχὴν
2482 3748 2580 3818 τὴν
2600 3750 2657 3801 ἐν
2681 3751 2748 3820 τῇ
2770 3749 3055 3819 πειρώσει
3079 3751 3422 3820 γηράσασαν,
3448 3752 3542 3803 1:01
3567 3750 3722 3821 παρά

2142 3839 2469 3909 προσδοκίαν
2493 3843 2777 3895 τετοκυῖαν
2793 3842 2908 3895 υίὸν
2950 3841 3317 3911 δικαιοσύνης,
3339 3841 3419 3895 ὃτι
3448 3861 3466 3893 ι
3499 3841 3721 3896 Γέλωτά

2145 3949 2235 4002 μοι
2248 3932 2711 4004 ἐπίησενὸθεδς,
2745 3953 2763 3984 1
2791 3933 3039 3988 τουτέστι
3075 3936 3349 4004 μεγίστην
3373 3933 3721 4005 χαράνδεόὡ-

2145 4039 2328 4093 ρηται,
2380 4022 2459 4095 τῷ
2492 4023 2767 4088 πλείστοις
2801 4024 2947 4077 ἔτεσι
2990 4025 3494 4097 καταλελυπημένῳ
3520 4028 3589 4097 τῇ
3623 4043 3722 4079 πο-

2141 4115 2429 4187 λυπαθείᾳο
2448 4115 2482 4188 ἢ
2501 4115 2690 4187 ὥσπερ
2716 4116 2873 4180 ἀλλος
2894 4118 3167 4187 ἑρμηνεὺς
3190 4117 3442 4183 ἐξέδωκε,
3477 4118 3720 4189 (Τρυφε-

2146 4208 2268 4280 ρίαν
2289 4207 2648 4279 μοιέποίησεν
2679 4209 2708 4261 ὀ
2737 4208 2893 4272 Θεὸς,
2920 4226 2939 4260 1
2960 4206 3263 4273 τουτέστιν,
3288 4227 3310 4260 ι
3344 4208 3721 4278 Ἀνεκαινίσυη

2143 4300 2220 4364 ὡς
2238 4300 2400 4354 ἀετοῦ
2419 4303 2452 4370 ή
2472 4300 2661 4371 νεότης
2689 4317 2816 4370 μου.
2840 4319 2859 4353 1
2880 4299 3259 4357 Παλαιωθεῖσα
3285 4301 3397 4371 γὰρ
3423 4302 3485 4354 :6
3512 4300 3641 4370 πρὶν
3670 4303 3724 4350 ἐν

2143 4387 2436 4460 ἁμαρτίαις
2484 4390 2579 4443 καὶ
2626 4388 2858 4444 πάθεσιν
2905 4387 3156 4459 ἀτιμίας,
3210 4388 3309 4444 νῦν
3356 4389 3726 4457 ἀναγεγεννη-

2146 4498 2269 4551 μαι,
2311 4479 2404 4534 1:01
2431 4478 2619 4550 ἀνηϐῶ
2653 4480 2750 4533 1:01
2766 4478 3114 4550 ἀπαλύνομαι
3144 4480 3174 4533 6
3191 4478 3383 4551 πρώην
3412 4495 3724 4551 τετραχυμ-

2146 4573 2306 4643 μένος
2357 4574 2423 4643 τῇ
2484 4570 2617 4642 ὕλῃ*
2648 4573 2743 4625 καὶ
2773 4572 2931 4636 λείως
2954 4572 3140 4651 βλέπω
3183 4572 3278 4627 νῦν
3330 4572 3522 4626 λοιπὸν
3554 4572 3626 4625 τά
3666 4574 3723 4625 ἐν

2144 4665 2332 4735 κόσμῳ
2358 4664 2678 4734 πράγματα,
2715 4662 3039 4734 ἀπειληφὼς
3059 4664 3122 4717 :6
3143 4663 3285 4718 κατά
3305 4660 3467 4734 φύσιν
3497 4663 3722 4727 ἁπλοῦν,

2146 4754 2241 4808 1:01
2269 4753 2570 4820 ἀποίκιλον,
2616 4753 2972 4822 ὑγιασθέντος
3030 4753 3122 4806 τοῦ
3179 4752 3294 4819 νοῦ,
3364 4756 3432 4825 τῇ
3462 4752 3557 4807 τοῦ
3590 4751 3724 4807 Θεοῦ

2145 4844 2588 4916 πολυσπλαγχνίέ.
2606 4859 2622 4875 ’
2647 4845 2741 4898 1:01
2772 4845 2995 4913 γέγονεν
3025 4847 3058 4915 η
3088 4843 3227 4916 σάρξ
3251 4862 3378 4916 μου,
3402 4843 3594 4916 ῶσπερ
3633 4845 3724 4898 τοῦ

2146 4940 2320 5011 Σύρου
2359 4940 2599 5012 Νεεμάν,
2648 4940 2902 5011 καθάπερ
2952 4941 2985 5010 ή
3035 4939 3147 4993 τῶν
3174 4939 3516 5010 νηπίων,δώ
3552 4941 3615 4993 :6
3642 4938 3728 4992 λεο

2147 5026 2367 5081 λοῦσθαι
2431 5045 2498 5098 με
2566 5028 2646 5099 τῷ
2685 5029 2926 5102 Ἰορδάνῃ
2964 5029 3065 5100 τῆς
3111 5029 3403 5097 γνώσεως·
3464 5030 3560 5083 1:01
3612 5029 3728 5098 εἰμὶ

2150 5120 2524 5191 μονότροπος,
2578 5123 2645 5190 τῇ
2727 5120 2822 5175 τοῦ
2873 5121 3009 5174 Θεοῦ
3064 5120 3252 5192 χάριτι
3311 5120 3727 5192 ἀπηλλαγμένας

2148 5213 2245 5282 τῆς
2300 5211 2393 5265 τοῦ
2437 5212 2616 5281 ὄφεως
2676 5212 2905 5285 γνώμης
2945 5215 3041 5268 καὶ
3094 5214 3191 5268 τοῦ
3252 5214 3496 5283 στίφους,
3545 5208 3727 5284 ὧνπερ

2150 5305 2302 5377 παρὰ
2328 5304 2427 5376 τὴν
2467 5304 2631 5373 φύσιν
2655 5307 2975 5378 ἐκτησάμην
2987 5306 3049 5360 :6
3083 5307 3370 5378 πρότερον,
3388 5306 3729 5379 πολυπείρων

2147 5413 2207 5449 τε
2234 5399 2328 5451 καὶ
2356 5398 2637 5453 πολυὺλων
2684 5397 2961 5470 λογισμῶν
2987 5399 3087 5470 τῆς
3121 5400 3339 5464 κακίας.
3606 5470 3609 5473 η

2218 5509 2320 5581 λη’.
2359 5511 2594 5567 Ὑπόθου
2632 5513 2772 5585 πρὸς
2819 5514 2879 5569 σέ
2948 5513 3127 5583 λέγειν
3181 5496 3272 5568 τὸν
3349 5514 3556 5586 Κύριον
3579 5556 3595 5583 ,
3647 5516 3730 5570 δτι

2150 5603 2344 5672 Καιρῷ
2373 5620 2477 5655 τινι
2525 5603 2835 5675 ἀφειλόμην
2890 5602 2982 5657 σου
3008 5604 3148 5668 τόδε,
3180 5604 3274 5658 καὶ
3301 5605 3419 5659 τόδε
3459 5606 3727 5676 χάρισμα,

2150 5692 2234 5762 ἐφ’
2265 5688 2345 5753 οἷς
2382 5694 2591 5758 ἐδόκεις
2632 5695 2727 5750 τὸν
2767 5695 2892 5750 νοῦν
2924 5711 3021 5748 σου
3074 5698 3458 5767 πληροφορεῖν,
3495 5697 3728 5749 1:016:0-

2151 5787 2489 5845 ναπαύεσθαι
2516 5804 2527 5817 ·
2567 5785 2776 5842 δέδωκα
2812 5786 2869 5843 δέ
2898 5803 2977 5840 σοι
3021 5789 3135 5841 ἀντ’
3166 5788 3346 5844 αὐτῶν
3371 5787 3561 5865 ἕτερον
3581 5787 3728 5841 ἀντία
