4014 6122
272 490 514 557 σταθμον
544 484 787 556 χάρισμα
804 480 945 545 τόδε,
974 479 1063 533 καὶ
1087 478 1207 533 τόδε
1228 492 1241 506 ’
1267 475 1331 529 σὺ
1351 474 1432 539 δὲ,
1459 474 1529 531 τά
1558 473 1659 547 μὲν
1682 473 1847 543 ἀφαι-

274 579 498 649 ρεθέντα
522 572 737 638 ἐννοῶν,
767 572 835 626 τά
867 571 923 624 δέ
949 570 1168 624 δοθέντα
1199 568 1340 637 ὑπὲρ
1367 566 1590 621 ἐκείνων
1632 564 1707 636 μὴ
1728 579 1852 616 συνο

273 669 435 741 ορῶν,
464 666 806 737 στυγνάζεις,
826 666 919 720 καὶ
939 664 1145 733 ἀλγεῖς,
1175 662 1268 715 καὶ
1286 663 1355 732 τῇ
1393 659 1538 733 λύπῃ
1552 655 1851 727 τιτρώσκῃ,

276 757 392 814 ἀλλ’
418 758 736 831 εὐφραίνεις
775 773 843 828 με
893 754 1230 824 λυπούμενος
1266 750 1326 817 ἐξ
1364 748 1523 820 ἐμοῦ.
1558 746 1856 814 Λυπῶγάρ

277 853 388 923 ἐγὼ
421 853 556 924 πρὸς
582 851 642 904 τὸ
688 850 986 920 συμφέρον,
1030 846 1201 899 σῶσαι
1237 843 1457 915 μᾶλλον,
1511 841 1612 894 οὐκ
1661 838 1859 893 ἀπολέ-

283 962 372 1000 σαι
395 942 918 1016 πραγματευόμενος
948 941 1039 992 τὸν
1061 935 1445 1007 λελογισμένον
1474 949 1565 1004 μοι
1597 932 1710 984 υἱὸν
1743 928 1855 1001 [Im

278 1049 357 1111 είς
378 1042 541 1117 υίόν].

350 1200 448 1255 λθ’.
494 1200 777 1264 Ἐπιτάξαι
827 1194 1042 1266 σεαυτῷ
1069 1194 1147 1265 μὴ
1196 1192 1392 1262 φαγεῖν
1418 1190 1641 1259 νόμισον
1678 1184 1851 1257 ἰχθῦν,

279 1299 375 1350 καὶ
416 1294 703 1363 έπιθεώρει
763 1288 902 1362 μετά
924 1288 1096 1344 ταῦτα
1142 1286 1226 1339 ὅτι
1260 1283 1397 1354 πρὸς
1426 1280 1527 1352 τὴν
1557 1278 1857 1349 ἐπιθυμίαν

280 1390 377 1447 τοῦ
418 1389 601 1463 ίχθύος
655 1387 956 1449 ἀνενδότως
1005 1385 1033 1437 6
1072 1379 1267 1453 ἐχθρὸς
1289 1375 1611 1433 κατελαύνει
1637 1389 1731 1429 σε·
1768 1372 1861 1426 καὶ

284 1485 349 1538 σὺ
379 1480 541 1537 πάλιν
563 1479 788 1549 ὁμοίως,
822 1476 962 1544 πρὸς
990 1473 1087 1544 τήν
1115 1471 1419 1526 ἀπόλαυσιν
1440 1467 1535 1520 τοῦ
1560 1465 1858 1536 ἀδουλήτου

285 1590 368 1629 σοι
400 1570 666 1644 ἐμμανῶς
715 1564 1041 1637 κατεπείγῃ,
1093 1564 1244 1626 ὅπως
1282 1560 1350 1615 ἀν
1374 1557 1649 1630 μανθάνῃς
1671 1555 1740 1610 τά
1764 1551 1859 1608 τοῦ

296 1662 471 1730 ’Δδάμ
500 1657 745 1721 τυπικῶς
780 1651 1165 1727 συμδεσηκότα
1183 1666 1199 1682 ο
1232 1648 1474 1713 ἀκούσας
1495 1647 1604 1717 γὰρ
1629 1647 1861 1712 ἐκεῖνος,

286 1754 378 1825 Μὴ
409 1751 588 1825 φάγῃς
614 1752 678 1804 ἐκ
701 1748 891 1803 τούτου
927 1745 1088 1816 μόνου
1116 1741 1211 1796 τοῦ
1241 1741 1586 1814 πράγματος,
1604 1737 1685 1800 είς
1707 1734 1866 1790 τοῦτο

291 1846 527 1917 μάλιστα
557 1841 696 1913 μετά
721 1838 920 1909 πολλῆς
940 1833 1236 1906 έπιθυμίας
1261 1834 1356 1887 καὶ
1379 1830 1539 1903 μόνον
1570 1827 1633 1884 τὸ
1654 1830 1863 1899 ἀπηγο-

292 1955 385 2008 ρευ
393 1936 555 2009 μένον
585 1932 952 2004 δεδράμηκεν.
1441 1977 1449 1983 ,

362 2033 436 2098 μ’.
473 2025 665 2079 ’Δλλον
723 2025 833 2094 γὰρ
883 2020 974 2075 διά
1008 2020 1108 2090 τῆς
1138 2015 1392 2088 γνώσεως
1433 2015 1462 2067 6
1507 2013 1639 2077 Θεὸς
1669 2010 1862 2077 σώζει·

293 2118 390 2172 καὶ
407 2117 567 2173 ἀλλον
592 2114 682 2169 διά
708 2115 806 2186 τῆς
860 2110 1253 2185 ἀκεραιότητος
1299 2107 1396 2162 καὶ
1420 2104 1658 2167 ἀκακίας
1684 2119 1698 2134 ·
1727 2101 1865 2155 είδέ-

286 2226 376 2261 ναι
403 2208 515 2278 γάρ
541 2205 797 2276 ὀφείλεις,
819 2205 902 2259 δτι
922 2205 984 2259 ού
1018 2204 1097 2276 μή
1138 2202 1536 2274 ἀποποιήσεται
1564 2203 1593 2255 6
1620 2201 1753 2264 Θεὸς
1777 2198 1870 2252 τὸν

288 2301 522 2356 ἄκακον.
1108 2284 1113 2289 ’

365 2392 477 2465 μα’.
513 2391 669 2446 Ὅσοι
692 2395 759 2466 τῇ
794 2391 926 2463 εὐχῇ
974 2388 1334 2460 σφοδρότερον
1365 2385 1686 2457 κέχρηνται,
1723 2373 1870 2436 οὗτοι

290 2486 397 2541 ὕπὸ
423 2485 532 2541 τῶν
585 2483 832 2557 φοϐερῶν
873 2482 973 2536 καὶ
1028 2480 1237 2552 ἀγρίων
1296 2474 1622 2549 πειρασμῶν
1671 2475 1876 2545 ἐκπορ-

292 2575 535 2631 θοῦνται.

366 2666 476 2737 μεθ’.
501 2666 676 2738 Εἴπερ
699 2683 798 2737 την
840 2665 1114 2721 ἀπάθειαν
1168 2664 1429 2737 προείλου
1458 2659 1870 2735 ἀμφιάσασθαι,

294 2757 373 2827 μὴ
392 2758 714 2829 ἀμερίμνως
737 2756 1002 2821 διάκεισο,
1037 2755 1153 2809 ἀλλ’
1173 2757 1271 2827 δση
1303 2754 1535 2827 δύναμις
1558 2751 1868 2807 σπούδασαι

291 2847 500 2918 ταύτης
527 2849 807 2918 ἐπιτυχεῖν
830 2863 843 2878 ·
894 2846 1226 2917 στενάζομεν
1285 2846 1425 2916 γὰρ,
1460 2845 1522 2897 τὸ
1563 2843 1878 2914 οἰκητήριον

295 2940 454 3009 ἡμῶν
496 2941 556 2992 τὸ
610 2940 669 3004 ἐξ
720 2938 952 3007 ούρανοῦ
1002 2936 1402 2991 ἐπενδύσασθαι
1444 2933 1878 2996 ἐπιποθοῦντες·

297 3030 384 3082 ἴνα
418 3029 724 3100 καταποθῇ,
755 3028 816 3081 ού
843 3028 1004 3098 μόνον
1054 3026 1381 3098 σωματικῶς
1425 3025 1562 3096 μετά
1596 3026 1697 3096 την
1744 3040 1877 3076 συν-

295 3121 513 3175 τέλειαν
557 3121 652 3173 τοῦ
706 3119 926 3184 αἰῶνος,
957 3119 1095 3173 ἀλλά
1119 3121 1211 3173 καὶ
1253 3117 1505 3172 ἐντεῦθεν
1534 3117 1638 3189 ήδη
1670 3115 1880 3185 νοητῶς

299 3214 443 3268 κατά
493 3214 585 3268 τὸν
631 3211 969 3284 ἀρραϐῶνα,
1020 3213 1081 3265 τὸ
1139 3210 1332 3281 θνητὸν
1389 3208 1495 3263 ὑπὸ
1539 3207 1641 3278 τῆς
1695 3205 1877 3277 ζωῆςο

299 3305 583 3376 κατεπόθη
619 3305 730 3377 γὰρ
779 3305 808 3357 6
849 3304 1080 3368 θάνατος
1107 3307 1187 3368 είς
1225 3308 1373 3365 νῖκος
1395 3318 1409 3332 ·
1439 3302 1536 3356 καλ⁸
1564 3297 1882 3368 καταποθή-

302 3411 486 3449 σονται
527 3395 725 3458 πάντες
749 3394 1038 3463 Αἰγύπτιοι
1069 3397 1117 3448 οἱ
1150 3393 1493 3456 εκθλίόοντες
1526 3392 1695 3461 ἡμᾶς,
1713 3404 1885 3443 κατα-

297 3484 589 3549 διώκοντες
620 3485 800 3539 ὀπίσω
828 3485 1004 3555 ἡμῶν,
1042 3487 1099 3537 ἐν
1133 3487 1243 3547 τοῖς
1285 3485 1492 3552 κύμασι
1512 3482 1608 3553 τῆς
1637 3479 1698 3546 ἐξ
1716 3479 1885 3552 ούρα-

298 3574 392 3626 νοῦ
426 3578 558 3644 ήμϊν
586 3576 1072 3645 καταπεμφθείσης
1105 3575 1409 3642 δυνάμεως.
1650 3642 1655 3647 _

373 3674 487 3736 μγθ.
523 3667 649 3722 Ἐάν
677 3667 911 3738 ἐπιλάθῃ
936 3666 1030 3720 τοῦ
1058 3666 1321 3730 εἰπόντος,
1341 3665 1423 3717 61:
1456 3680 1475 3714 ι
1506 3662 1751 3722 Δέδοικα,
1780 3661 1884 3730 μή-

300 3772 416 3819 πως
434 3756 613 3817 ἀλλοις
626 3756 867 3830 κηρύξας
883 3756 1046 3818 αὐτὸς
1065 3755 1323 3824 ἀδόκιμος
1336 3755 1598 3822 γένωμαι·
1616 3770 1635 3804 0
1657 3751 1804 3813 καὶ,ι
1826 3748 1886 3803 '0

298 3847 472 3903 δοκῶν
487 3850 727 3913 ἑστάναι,
751 3847 995 3917 βλεπέτω
1011 3846 1084 3918 μὴ
1108 3845 1270 3916 πέσῃ,
1286 3864 1303 3897 0
1327 3844 1505 3899 καὶσὺ
1529 3845 1557 3896 ό
1584 3858 1887 3912 πνευματι-

302 3939 397 4004 κὸς
438 3941 655 3994 σκοπῶν
703 3940 953 4004 σεαυτὸν,
990 3940 1065 4009 μὴ
1086 3938 1182 3991 καὶ
1228 3938 1296 3991 σὺ
1324 3935 1646 4007 πειρασθῇς,
1669 3933 1765 3988 καὶ
1792 3933 1889 3987 ἐὰν

301 4031 691 4104 ἀλησμονήσῃς
743 4033 839 4102 τῆς
886 4031 984 4086 τοῦ
1040 4029 1405 4101 Σολομῶντος,
1452 4029 1590 4100 μετὰ
1619 4025 1892 4097 τοσαύτην

304 4122 483 4191 χάριν,
534 4125 808 4193 ἐκτροπῆς
851 4122 945 4176 καὶ
985 4121 1249 4191 ἀνομίας’
1294 4121 1387 4174 καὶ
1418 4119 1514 4174 ἐὰν
1543 4118 1682 4191 λήθῃ
1713 4133 1891 4189 παρα-

302 4212 408 4280 δῷς
438 4215 536 4286 τὴν
570 4213 665 4267 τοῦ
694 4214 931 4284 μεγάλου
968 4214 1177 4283 Πέτρου
1209 4211 1617 4283 ἀπροσδόκητον
1635 4211 1887 4280 ἄρνησιν,

305 4298 580 4371 θάρσησον
608 4305 676 4372 τῇ
708 4299 907 4369 γνώσει
973 4318 1090 4365 σου,
1151 4301 1244 4355 καὶ
1293 4299 1627 4371 μεγαλαύχει
1687 4300 1780 4352 ἐπὶ
1823 4301 1889 4370 τῇ

306 4390 573 4462 πολιτείᾳ,
633 4393 727 4444 καὶ
772 4391 851 4462 τῷ
889 4392 1067 4463 χρόνῳ
1108 4392 1205 4462 τῆς
1238 4391 1440 4461 πολλῆς
1481 4409 1574 4445 σου
1608 4391 1894 4463 ἀσκήσεως

307 4478 643 4554 ὲναδρύνου,
675 4484 769 4536 καὶ
816 4482 993 4554 δώσῃς
1046 4482 1209 4535 τόπον
1241 4483 1307 4553 τῇ
1359 4480 1725 4554 ὑπερηφανίᾳ·
1759 4480 1895 4537 ἀλλὰ

310 4571 576 4644 μηδαμῶς
640 4573 943 4643 ύπτιωθῇς,
1002 4568 1046 4626 ῶ
1107 4573 1330 4642 ἀδελφέ,
1383 4573 1550 4643 φοϐοῦ
1584 4572 1890 4642 δὲμᾶλλον,

314 4661 507 4735 μέχρις
536 4665 623 4718 ὅτε
663 4665 945 4735 ἐμπνέεις,
978 4663 1080 4718 κᾶν
1112 4665 1192 4728 είς
1245 4666 1336 4717 τὸν
1394 4664 1628 4736 ἀριθμὸν
1656 4664 1895 4733 ἔφθασας

307 4752 419 4805 τῶν
450 4757 734 4820 Μωῦσέως
769 4755 935 4821 ἐτῶν,
969 4756 1063 4809 καὶ
1099 4755 1260 4826 εὔχου
1295 4756 1503 4824 λέγων’
1530 4774 1548 4807 ι
1588 4754 1783 4826 Κύριε,
1822 4757 1897 4827 μὴ

312 4842 630 4919 ἀπορρίψῃς
671 4865 736 4918 με
769 4850 848 4911 εἰς
914 4846 1104 4919 καιρὸν
1130 4849 1316 4916 γήρως
1347 4864 1472 4917 μου,
1516 4849 1573 4900 ἐν
1612 4846 1691 4919 τῷ
1722 4844 1898 4900 ἐκλεί-

314 4951 439 4991 πειν
459 4940 563 5012 τὴν
596 4938 751 5010 ἰσχύν
795 4956 920 5009 μου,
979 4941 1055 5010 μὴ
1114 4938 1492 5009 ἐγκαταλίπης
1525 4954 1624 5008 με·
1649 4940 1677 4991 6
1715 4937 1843 5000 Θεὸς
1872 4938 1899 4990 6

315 5025 505 5102 Σωτήρ
535 5050 636 5102 μου
656 5048 671 5063 ο
693 5034 751 5084 ἐν
785 5034 867 5085 σοὶ
906 5034 938 5102 ή
974 5030 1208 5102 ὓμνησίς
1236 5047 1338 5100 μου
1369 5029 1681 5092 διαπαντός.
1723 5048 1740 5080 0
1891 5016 1895 5020 ’

389 5123 499 5194 μη’.
526 5124 663 5194 Φησί
692 5139 772 5176 σοι
801 5126 829 5177 6
855 5122 1082 5193 Κύριος,
1133 5121 1207 5185 ὡς
1243 5121 1323 5189 τῷ
1368 5120 1652 5190 Ματθαίῳ,
1693 5140 1711 5172 ι
1747 5121 1899 5174 ’Δκοο

317 5208 498 5268 λούθει
523 5230 645 5286 μοι·
682 5233 699 5264 0
739 5214 803 5268 σὺ
841 5214 933 5268 οῦν
969 5215 1058 5266 τὸν
1078 5214 1169 5266 σὸν
1200 5213 1576 5283 πολυπόθητον
1610 5216 1676 5282 τῇ
1698 5210 1898 5282 προθυ⁹

322 5302 419 5372 μίᾳ
458 5307 813 5360 καταδιώκων
866 5306 1171 5376 Δεσπότην,
1229 5306 1325 5359 ὲάν
1372 5306 1514 5360 κατά
1532 5305 1630 5359 τίην
1657 5305 1776 5358 όδὸν
1803 5303 1898 5359 τοῦ

322 5390 434 5457 βίου
466 5396 782 5468 προσκόψῃς
813 5397 950 5467 πρὸς
1006 5396 1152 5448 λίθον
1204 5395 1425 5466 ἐμπαθῆ
1462 5396 1551 5448 τὸν
1602 5395 1736 5448 πόδα
1782 5412 1896 5460 σου,

322 5484 416 5535 καὶ
433 5489 605 5559 πέσῃς
641 5489 774 5558 πρὸς
812 5487 1088 5558 ἁμαρτίαν
1140 5487 1440 5557 ἀδοκήτως,
1493 5488 1526 5557 ἢ
1579 5488 1671 5539 καὶ
1698 5485 1901 5539 πολλά-

324 5585 430 5638 κιῑ,
488 5580 722 5632 ἰλυωδῶν
767 5580 1167 5649 εὑρισκομένων
1207 5578 1408 5642 τόπων,
1460 5577 1534 5642 ώς
1576 5577 1676 5629 οὐκ
1709 5577 1895 5649 ἤθελες

324 5659 633 5740 (ἶιίίσθησεκς
689 5671 782 5722 καὶ
823 5670 1278 5741 ἐπτωματίσθης,
1334 5669 1525 5732 ὁσάκις
1594 5672 1655 5722 ἓν
1716 5670 1898 5739 συμδῇ

331 5768 390 5803 πε
405 5763 508 5811 δεῖν
534 5780 586 5813 τε
613 5766 703 5815 καί
721 5762 1007 5831 βασανίσαι
1028 5763 1086 5815 τὸ
1114 5764 1290 5831 σῶμα,
1314 5764 1629 5823 τοσαυτάκις
1664 5761 1901 5823 ἀναστάς

1401 356 1778 422 CAPITULA
1831 358 1871 415 Α
1885 355 1932 414 D
1996 351 2415 415 MONACHOS.

3384 340 3531 408 πειεπ

1946 472 2012 539 τῇ
2045 469 2185 539 αὐτῇ
2243 465 2524 539 προθυμίᾳ
2573 465 2881 522 καταδίωκε
2919 466 3012 521 τὸν
3051 465 3250 523 σαυτοῦ
3299 466 3526 538 Κύριον,

1948 564 2051 625 ἓως
2073 560 2140 615 ἀν
2171 560 2387 634 φθάσῃς
2443 560 2628 615 αὐτόν.
2675 559 2864 626 Οὕτως
2894 562 2951 614 ἐν
2983 559 3059 631 τῷ
3099 559 3239 632 ἀγίῳ
3288 560 3528 632 ένθυμή-

1951 671 2078 724 ματι
2099 652 2290 723 ὤφθην
2319 668 2425 718 σοι,
2454 652 2548 707 τοῦ
2602 652 2731 706 ίδεῖν
2764 652 2861 725 τὴν
2893 651 3173 718 σώζουσάν
3196 669 3263 723 με
3295 650 3551 723 δύναμαί

1946 744 2228 810 καὶδόξαν,
2249 732 2344 798 καὶ
2367 745 2426 797 ἐν
2445 742 2521 825 τῷ
2539 743 2764 815 ὀνόματί
2787 760 2903 810 σου,
2930 745 3126 814 Κύριε,
3157 742 3276 814 ἀρῶ
3292 743 3392 806 τάς
3419 745 3531 813 χεῖ.

1949 839 2045 909 ράεἳ
2081 853 2206 908 μου»
2229 837 2326 890 καὶ
2349 836 2720 908 ὑπολήψομαι.
2772 837 2885 891 Καὶ
2937 836 3237 908 νομίσομαι
3279 836 3547 901 στέατος,

1949 932 2043 986 καὶ
2092 930 2350 1000 πιότητος
2389 928 2755 1000 πιμπλάσθαι,
2785 929 2879 982 καὶ
2927 927 3325 998 χαρήσεταιτά
3372 925 3526 997 χείλη

1952 1041 2054 1095 μου
2083 1023 2356 1093 ψάλλοντά
2396 1038 2482 1075 σοι
2503 1036 2517 1051 ⁶
2560 1021 2704 1092 μέγα
2732 1021 2843 1091 γάρ
2888 1037 2979 1091 μοι
3010 1021 3095 1073 ὃτι
3133 1017 3532 1089 ἐπωνομάσθην

1950 1113 2299 1187 Χριστιανὸς,
2327 1113 2517 1184 ῶσπερ
2542 1111 2692 1182 λέγει
2719 1128 2810 1183 μοι
2830 1110 3032 1182 Κύριος
3043 1110 3131 1165 διά
3146 1109 3238 1163 τοῦ
3279 1108 3525 1174 Ἡσαΐου,

1950 1208 2031 1260 ὅτι
2061 1223 2080 1257 ι
2119 1204 2279 1273 Μέγα
2309 1204 2392 1258 σοί
2421 1205 2568 1257 ἐστιν
2596 1203 2656 1257 τὸ
2705 1201 2973 1274 κληθῆναί
3018 1218 3100 1255 σοι
3150 1200 3315 1255 παῖδά
3339 1217 3463 1269 μου.
3505 1220 3523 1252 0

2025 1296 2127 1367 με’.
2180 1290 2285 1367 Πῆ“
2320 1294 2422 1366 μέν
2474 1295 2666 1366 φησιν,
2697 1295 2779 1348 ὅτι
2803 1312 2822 1346 ι
2847 1292 3019 1347 Δώσει
3047 1292 3227 1363 ἀγαθά
3266 1294 3296 1348 ό
3341 1294 3527 1362 Πατὴρ

1950 1392 2064 1454 τοῖς
2080 1388 2326 1444 αἰτοῦσιν
2350 1388 2538 1455 αὑτὸν,
2553 1407 2572 1440 0
2599 1389 2673 1459 πῆ
2691 1388 2769 1454 δὲ,
2785 1389 2870 1443 δτι
2898 1405 2918 1441 ε
2941 1387 3351 1456 ΔώσειΠνεῦμα
3372 1388 3526 1455 ἀγιον

1950 1483 2065 1546 τοῖς
2107 1480 2407 1551 δεομένοις.
2442 1498 2462 1533 0
2484 1481 2563 1535 Δι’
2586 1476 2663 1536 ῶν
2694 1480 2955 1552 ῥημάτων
2978 1480 3229 1554 νοοῦμεν,
3267 1481 3343 1553 μὴ
3367 1481 3527 1554 μόνον

1953 1571 2059 1643 πλη
2068 1570 2247 1643 μμελη
2256 1571 2439 1649 μάτων
2455 1573 2671 1642 ἄφεσιν,
2694 1572 2832 1628 ἀλλά
2853 1572 2950 1629 καὶ
2967 1573 3234 1647 οὐρανίων
3251 1573 3527 1645 χαρισμά-

1950 1678 2058 1717 των
2079 1661 2346 1733 χορηγίας
2377 1663 2666 1732 τυγχάνειν
2692 1664 2823 1728 τοὺς
2853 1663 2947 1717 τοῦ
3001 1662 3135 1717 Θεοῦ
3165 1665 3349 1729 ἱκέτας
3373 1664 3526 1734 ίσχυ-

1953 1753 2610 1826 ροποιουμένουςτοιαύτῃ
2629 1753 2861 1826 διανοίᾳ,
2879 1756 2961 1809 δτι
2983 1754 3365 1826 οὐχὶδικαίοις,
3385 1754 3526 1811 ἀλλά

1953 1843 2298 1913 ἁμαρτωλοῖς
2316 1842 2539 1899 τοιαῦτα
2556 1843 2734 1914 ἀγαθά
2756 1845 3096 1916 ὑπισχνεῖται
3115 1845 3144 1899 6
3167 1845 3369 1917 Κύριος
3391 1863 3436 1900 ἰ
3460 1847 3526 1902 Εί

1953 1933 2062 2005 γὰρ
2106 1934 2287 2003 ὑμεῖς,
2327 1937 2484 2008 φησὶ,
2532 1937 2760 2010 πονηροὶ
2809 1937 3177 2010 ὑπάρχοντες,
3207 1938 3383 1994 οἴδατε
3435 1936 3523 1991 δύο

1956 2041 2102 2097 ματα
2131 2024 2315 2094 ἀγαθά
2342 2026 2541 2082 διδόναι
2569 2030 2680 2092 τοῖς
2706 2028 2914 2094 τέκνοις
2948 2030 3124 2101 ὑμῶν,
3143 2028 3295 2102 πόσῳ
3323 2027 3524 2100 μᾶλλον

1951 2118 1980 2170 6
2008 2115 2199 2188 Πατὴρ
2225 2115 2382 2187 ὑμῶν
2420 2118 2449 2170 6
2494 2118 2746 2191 οὐράνιος
2768 2118 2931 2175 δώσει
2953 2123 3068 2185 τοῖς
3092 2119 3338 2175 αίτοῦσιν
3358 2119 3522 2175 αὐτὸν

1948 2212 2174 2285 Πνεῦμα
2212 2211 2402 2281 ἀγιον;
2442 2229 2461 2263 0
2490 2211 2726 2283 Αίτησον
2758 2209 3052 2285 τοιγαροῦν
3082 2211 3399 2277 ἀνενδότως,
3430 2211 3526 2265 καὶ

1949 2304 2257 2375 ἀδιστάκτῳ
2283 2305 2351 2375 τῇ
2375 2301 2592 2376 γνώμῃ,
2643 2304 2750 2358 κᾶν
2805 2303 3031 2374 εὐτελὴς
3089 2302 3344 2374 ύπάρχῃς
3387 2302 3530 2356 κατά

1949 2395 2049 2466 τὴν
2102 2393 2360 2463 ἐνάρετον
2413 2392 2707 2460 πολιτείαν,
2764 2397 2858 2448 καὶ
2919 2394 3062 2450 πάνυ
3110 2395 3408 2466 ἀδύναμος,
3434 2395 3531 2449 καὶ

1951 2485 2093 2556 ὑπὲρ
2122 2484 2220 2555 τήν
2252 2481 2430 2548 ἀξίαν,
2458 2484 2549 2537 καὶ
2572 2484 2720 2556 λήψῃ
2750 2485 2818 2538 τὰ
2841 2485 3069 2555 μεγάλα.

2028 2570 2145 2644 μς⁹.
2177 2571 2303 2636 Πῶς
2327 2572 2393 2626 ἀν
2427 2573 2681 2646 πεισθείη
2713 2575 2742 2627 ό
2772 2574 3080 2646 ἀπιστος,ἢ
3111 2575 3140 2628 6
3165 2574 3529 2645 όλιγοπιστος,

1953 2668 2035 2723 ὅτι
2073 2662 2297 2738 μύρμηξ
2328 2663 2646 2736 πτεροῦται,
2672 2666 2767 2720 καὶ
2788 2664 3013 2737 σκώληξ
3038 2683 3122 2731 τις
3148 2665 3312 2720 πάλιν
3350 2682 3534 2720 πετει-

1956 2760 2044 2812 νὸν
2073 2759 2304 2827 γίνεται,
2338 2755 2432 2809 καὶ
2467 2756 2551 2810 δτι
2592 2756 2728 2812 ἀλλα
2772 2756 3002 2812 πλείστα
3035 2758 3354 2830 παραδόξως
3384 2759 3534 2828 γίνε-

1955 2866 2044 2904 ται
2076 2849 2135 2900 ἐν
2187 2849 2254 2919 τῇ
2290 2846 2486 2911 κτίσει,
2535 2848 2625 2902 ἵνα
2684 2849 2788 2902 κάν
2844 2848 3020 2914 οὕτως
3063 2848 3404 2921 ἀποθέμενος
3434 2851 3536 2921 τῆς

1959 2939 2217 3004 ἀπιστίας
2276 2939 2377 3011 τὴν
2433 2938 2613 3005 νόσον,
2669 2940 2763 2994 καὶ
2805 2940 2906 3012 τῆς
2940 2942 3312 3007 ἀνελπιστίας,
3347 2959 3539 3014 πτερο-

1961 3032 2144 3103 φυήσῃ
2172 3028 2384 3095 λοιπὸν,
2436 3030 2530 3083 καὶ
2551 3030 2825 3105 ἀναθάλλῃ
2858 3031 2934 3096 ὡς
2955 3031 3176 3104 δένδρον
3205 3032 3304 3104 τὴν
3329 3034 3535 3087 πανεύ-

1961 3138 2146 3192 φημον
2168 3120 2372 3191 γνῶσιν
2397 3137 2412 3187 ;
2454 3139 2473 3173 ι
2521 3119 2662 3188 Ἐγὼ
2707 3122 2816 3193 γάρ
2839 3123 2977 3193 ειμι,
3004 3122 3190 3193 φησὶν,
3239 3123 3269 3176 6
3294 3122 3355 3176 τὸ
3385 3121 3541 3191 ξύλον

1959 3214 2021 3269 τὸ
2063 3214 2228 3286 ξηρὸν
2289 3211 2627 3280 ἀναϐάλλων,
2651 3216 2762 3285 ,καὶ
2788 3213 3072 3279 ζωοποιῶν
3098 3213 3167 3267 τὰ
3200 3213 3540 3284 ξηρανθέντα

1960 3305 2115 3361 όστᾶ.
2150 3321 2183 3357 0-

2037 3393 2143 3467 μετ’.
2176 3394 2456 3467 Μηδαμῶς
2501 3393 2688 3447 ένεκεν
2731 3393 2828 3463 τῆς
2887 3392 3078 3464 χρείας
3126 3400 3222 3447 τοῦ
3266 3391 3546 3463 σώματος,

1965 3489 2086 3551 ταῖς
2145 3486 2442 3559 μερίμναις
2506 3484 2823 3556 θελήσωμεν
2883 3484 3168 3555 τήκεσθαι,
3200 3486 3297 3557 ὅλῃ
3350 3484 3407 3538 δὲ
3472 3487 3547 3557 τῇ

1962 3577 2109 3646 ψυχῇ
2134 3578 2517 3649 πιστεύσωμεν
2551 3576 2629 3647 τῷ
2658 3574 2802 3645 Θεῷ,
2848 3574 3036 3648 ὥσπερ
3084 3577 3166 3642 τίς
3198 3593 3327 3630 ποτε
3360 3575 3547 3644 ἔλεγεν

1964 3667 2105 3736 ἀνὴρ
2134 3667 2343 3734 ἀγαθός
2367 3681 2382 3697 ⁸
2431 3668 2867 3736 Ἐμπιστεύσατε
2896 3669 2974 3740 τῷ
2999 3669 3213 3740 Κυρίῳ,
3246 3670 3340 3722 καὶ
3375 3670 3547 3737 ἐμπι-

1966 3752 2355 3818 στευθήσεσθε.
2410 3754 2520 3806 Καὶ
2584 3753 2661 3815 ώς
2692 3755 2899 3823 γράφει
2932 3759 2959 3807 ό
2983 3758 3252 3825 μακάρ.ος
3284 3756 3488 3828 Πέτρος
3521 3754 3559 3808 ό

1964 3842 2262 3906 ἀπόστολος
2282 3861 2295 3874 ·
2327 3860 2345 3894 ι
2375 3844 2800 3914 Σωφρονήσατε,
2828 3844 2925 3896 καὶ
2979 3845 3184 3916 νήψατε
3232 3849 3292 3899 ἐν
3320 3842 3559 3918 προσευ-’

1967 3938 2110 4007 χαῖς,
2168 3936 2260 3989 καὶ
2319 3937 2499 3989 πάσαν
2553 3935 2709 4005 ὑμῶν
2753 3936 2852 4008 τὴν
2903 3936 3175 4009 μέριμναν
3226 3939 3364 4009 πρὸς
3413 3939 3547 3993 Θεὸν

1967 4026 2380 4098 ἐπιρρίψαντες,
2430 4026 2512 4078 ὅτι
2570 4025 2721 4096 αὐτῷ
2777 4025 2928 4097 μέλει
2973 4027 3100 4096 περὶ
3129 4026 3304 4096 ὑμῶν.
3333 4048 3351 4079 0
3394 4027 3456 4082 Εἰ
3487 4028 3551 4081 δέ-

1968 4116 2048 4169 έτι
2069 4115 2339 4180 διστάζεις
2364 4117 2459 4169 καὶ
2485 4118 2758 4183 ἀπιστεῖς,
2785 4118 2866 4171 ὅτι
2892 4115 3029 4182 ὅλως
3076 4119 3227 4189 μέλει
3250 4118 3398 4192 αύτῷ
3418 4121 3558 4191 περὶ·

1970 4207 2064 4263 σοῦ
2098 4210 2232 4278 πρὸς
2283 4207 2347 4261 τὸ
2372 4206 2661 4279 διαθρέψαι
2700 4225 2781 4275 σε,
2816 4206 3018 4279 βλέψον.
3040 4209 3120 4272 είς
3162 4209 3259 4279 τὴν
3280 4210 3545 4283 ἀράχνην,

1972 4301 2068 4354 καὶ
2117 4299 2323 4354 σύνοιδε
2382 4299 2549 4353 πόσον
2620 4300 2905 4372 ἄνθρωπος
2984 4300 3226 4372 ἀράχνης
3279 4301 3557 4372 διαφέρει..

1985 4393 2255 4465 Ἀράχνης
2278 4393 2444 4463 φημὶ,
2465 4386 2533 4464 ἧς
2564 4392 2717 4445 οὐδὲν
2757 4392 3166 4464 ἀσθενέστερον,
3201 4392 3322 4446 οὐδὲ
3352 4394 3552 4450 ἀδυνα-

1975 4483 2257 4557 μώτερον*
2291 4483 2432 4556 αῦτη
2486 4486 2608 4557 γὰρ
2655 4485 2793 4555 μήτε
2851 4485 3120 4555 κτήματα
3154 4483 3374 4556 έχουσα,
3410 4486 3561 4556 μήτε,

1969 4575 2312 4642 διαποντίους
2343 4576 2654 4648 ἀποδημίας
2683 4576 3002 4646 ποιουμένη,
3038 4577 3173 4651 μήτε
3200 4576 3550 4649 δικαζομένη,

1976 4670 2115 4739 μήτε
2158 4669 2509 4742 ὀργιζομένη,
2585 4669 2725 4740 μήτε
2774 4667 3058 4738 ἀποθήκας
3107 4669 3438 4738 κεκτημένη,
3495 4672 3551 4720 ἐν

1977 4760 2232 4812 παντελεί
2262 4761 2553 4835 πραότητι,
2597 4760 2692 4813 καὶ
2755 4760 3100 4832 σωφροσύνῃ,
3155 4761 3252 4814 καὶ
3290 4761 3355 4831 τῇ
3405 4758 3552 4830 ἀκρᾳ

1972 4853 2178 4924 ἡσυχίᾳ
2210 4853 2301 4907 τὸν
2332 4854 2527 4926 ἑαυτῆς
2564 4851 2914 4921 ὑπεξάγουσα
2942 4852 3088 4923 βίον·
3126 4853 3266 4923 μήτε
3315 4851 3452 4915 ὅλως
3486 4854 3553 4907 τά

1972 4945 2082 4999 τῶν
2137 4943 2305 5006 πέλας
2343 4930 2846 5017 περιεργασαμένη,
2890 4945 3028 5016 μόνα
3054 4944 3112 4998 δὲ
3144 4945 3213 4998 τά
3240 4944 3346 4998 ίδια
3382 4944 3569 5016 πράσ-.

1976 5053 2166 5104 σουσα,
2197 5035 2275 5105 τῷ
2295 5035 2442 5108 ἐργῳ
2464 5035 2540 5106 τῷ
2568 5037 2755 5108 οἰκείῳ
2804 5037 3012 5108 ἠρεμίᾳ
3039 5038 3145 5091 τινὶ
3170 5038 3264 5091 καὶ
3298 5039 3555 5108 ἀταράχῳ

1976 5128 2240 5200 κέχρηται
2267 5128 2624 5193 καταστάσει,
2660 5129 2942 5200 μονονουχὶ
2984 5128 3167 5198 φωνὴν
3201 5129 3419 5197 ἀφιετσα
3442 5129 3553 5187 τοῖς

1977 5218 2278 5290 φιλοτίμοις
2311 5218 2410 5290 τῆς
2444 5219 2642 5290 ἀργίας
2663 5235 2676 5248 ·
2715 5220 2796 5271 ὅτι
2851 5220 2959 5282 πᾶς
2983 5218 3268 5287 ἄνθρωπος
3306 5222 3332 5270 ό
3363 5219 3553 5285 ἀργεῖν

1977 5310 2336 5382 βουλόμενος,
2396 5310 2534 5380 μηδέ
2592 5309 2791 5362 ἐσθίειν
2851 5307 3142 5378 βουλέσθω.
3184 5307 3447 5361 Τοσοῦτον
3497 5308 3554 5359 δὲ

1979 5400 2180 5469 σιωπᾷ,
2217 5398 2354 5451 ὥστε
2413 5396 2738 5469 Πυθαγόραν
2791 5395 3241 5466 ὑπερϐαλλόντως
3289 5394 3550 5463 νικῆσαι,

1980 5491 2151 5562 ὅνπερ
2182 5490 2439 5560 Ἕλληνες
2478 5490 2620 5558 ὑπὲρ
2660 5488 2862 5547 πάντας
2907 5486 3029 5548 τοὺς
3078 5484 3399 5554 φιλοσόφους
3432 5483 3557 5536 θαυ-

1982 5581 2261 5654 μάζουσιν,
2294 5581 2381 5634 διὰ
2426 5582 2484 5634 τὸ
2534 5580 2630 5647 τὴν
2672 5578 2998 5647 ἐγκράτειαν
3055 5577 3151 5646 τῆς
3184 5576 3436 5646 γλώσσης
3469 5572 3574 5640 ἐξ-’

1980 5675 2235 5744 ασκῆσαι.
2268 5672 2583 5741 Πυθαγόρας
2645 5670 2741 5738 μὲν
2790 5667 2904 5731 οῦν,
2941 5668 3044 5721 κᾶν
3079 5668 3151 5737 μὴ
3188 5670 3319 5738 πρὸς
3348 5666 3554 5728 πάντας

1984 5766 2182 5830 Edim,
2218 5764 2349 5818 ἀλλά
2384 5781 2443 5832 γε
2498 5765 2602 5825 τοῖς
2667 5760 3147 5829 προσφιλεστάτοις
3174 5760 3320 5829 αὐτῷ
3349 5758 3554 5830 ἀνθρώ-
