4014 6122
368 256 373 260 ’
459 283 593 347 ιειι

460 423 576 472 ποις
628 407 901 478 διελέγετο
960 407 1234 478 λαθραίως
1285 406 1372 459 διά
1419 406 1633 475 χρόνον,
1670 406 1766 459 καὶ
1794 405 1947 475 βουσὶ
1976 407 2033 460 δε

453 499 737 564 πολλάκις,
768 500 862 553 καὶ
881 499 1059 562 ἀετοῖς
1079 497 1378 567 ἐφθέγξατο
1395 496 1715 567 φιλοτίμως,
1744 498 2035 572 ληρήματά

454 607 575 644 τινα
598 592 692 643 καὶ
718 589 1223 660 παραφρονήματα.
1253 588 1412 642 Οῖνου
1438 588 1494 641 δὲ
1530 586 1817 650 παντελῶς.
1834 588 2036 658 ἀπεχό-

457 700 641 754 μενο;,
671 681 751 753 τῷ
780 681 932 737 ὕδατι
958 683 1248 755 ἐκέχρητο.
1284 680 1437 751 Δῦτη
1476 680 1533 735 δὲ
1570 684 1638 751 τῇ
1666 680 2033 753 ὑπερεχούσῃ,

455 778 552 830 καὶ
573 777 723 848 ἄκρᾳ
741 776 979 848 ἀφωνία,
1001 776 1244 849 ὑπερέϐη
1263 777 1363 847 τὴν
1388 776 1708 847 Πυθαγόρου
1737 775 1835 845 τῆς
1862 772 2035 844 γλώτ-

455 884 556 940 της
574 868 906 941 ἐγκράτειαν
938 886 953 901 ⁸
984 870 1243 925 διέπτυσε
1274 870 1332 924 δὲ
1372 870 1470 923 σὺν
1499 871 1566 940 τῇ
1603 866 1908 938 οίνοποσίᾳ,
1938 866 2033 920 καὶ

454 959 555 1027 τὴν
581 958 932 1029 ὑδροποσίαν.
977 960 1066 1014 Ἐν
1103 959 1332 1031 τοιαύτῃ
1371 956 1661 1029 τοιγαροῦν
1703 955 2034 1011 καταστάσει

459 1049 648 1121 ἡσύχῳ
680 1050 1035 1124 διατριϐούσῃ
1057 1053 1125 1121 τῇ
1146 1050 1387 1120 ἀδρανεῖ,
1418 1048 1517 1102 καὶ
1544 1051 1776 1118 ταπεινῇ
1799 1046 2033 1118 ἀράχνῃ,

459 1142 552 1193 καὶ
585 1140 837 1211 μηδαμοῦ
874 1140 981 1209 ἐξω
1017 1140 1325 1211 ἀνεχομένη
1352 1140 1696 1211 περιπατεῖν,
1726 1137 1862 1208 μηδὲ
1886 1154 2039 1207 περι-

460 1232 771 1286 πλανᾶσοαι
792 1230 921 1303 τῇδε
940 1233 1165 1285 κάκεῖσε
1211 1229 1616 1300 φανταστικῶς,
1663 1229 1800 1299 μηδὲ
1825 1231 2033 1293 πονεῖν,

459 1323 553 1376 καὶ
585 1323 806 1394 μοχθεῖν
838 1323 1146 1394 ἀπέραντα,
1193 1322 1222 1375 ὁ
1271 1323 1329 1375 ἐν
1363 1320 1586 1391 ὑψηλοῖς
1638 1321 1906 1373 κατοικῶν
1941 1321 2036 1372 καὶ

457 1415 527 1469 τά
555 1413 791 1468 ταπεινά
824 1413 1037 1486 ἐφορῶν
1069 1414 1274 1486 Κύριος
1326 1411 1500 1483 (οὐδὲν
1525 1412 1633 1483 γάρ
1668 1411 1765 1481 τῆς
1792 1411 2035 1482 ἀράχνης

459 1506 606 1558 ἐστὶν
640 1504 1197 1578 ταπεινώτερον),καὶ
1228 1507 1423 1576 μέχρις
1449 1503 1619 1572 αὐτῆς
1643 1502 1901 1557 ἐκτείνων
1936 1503 2035 1571 τὴν

460 1597 744 1666 πρόνοιαν,
794 1597 1005 1668 πέμπει
1040 1596 1215 1669 ταύτῃ
1262 1595 1321 1649 τὸ
1368 1594 1690 1665 καθημέραν
1724 1591 2036 1663 βρωμάτιον

461 1686 692 1756 πλησίον
732 1686 825 1740 τοῦ
858 1688 1150 1758 σκηνηδίου
1182 1687 1352 1756 αὐτῆς
1389 1685 1827 1754 παρασκευάζων
1867 1682 2034 1752 ἐμπί-

462 1794 617 1831 πτειν
674 1780 753 1840 είς
810 1779 881 1832 τά
932 1778 1125 1833 δίκτυα
1178 1778 1406 1847 ταύτης,
1441 1778 1507 1829 τά
1541 1776 1673 1844 πρὸς
1702 1775 1800 1844 τὴν
1848 1774 2037 1844 χρείαν

459 1870 697 1940 ζωΰφια.

535 1964 648 2035 μη’.
695 1966 834 2020 Ἀλλ’
858 1966 989 2029 ἴσως
1018 1967 1134 2036 ἐρεῖ
1175 1984 1253 2027 τις
1279 1963 1385 2016 τῶν
1415 1967 1478 2028 τῇ
1511 1962 1817 2031 λαιμαργία
1869 1977 2030 2012 κατα·

460 2054 898 2124 δεδουλωμένων,
924 2057 1005 2109 ὅτι
1022 2056 1162 2122 Ἐγὼ
1174 2057 1315 2110 πάνυ
1336 2054 1506 2107 πολλὰ
1531 2052 1715 2116 ἐσθίω,
1739 2051 1833 2105 καὶ
1848 2050 2035 2119 ἐπειδὴ

462 2138 836 2203 πολυδάπανός
862 2140 1001 2209 ειμι,
1033 2140 1248 2211 ἀνάγκη
1284 2159 1374 2211 μοι
1408 2144 1527 2205 ταῖς
1552 2144 1775 2212 μυρίαις
1806 2146 1900 2197 τοῦ
1923 2146 2047 2214 βίου

461 2232 870 2302 πραγματείαις
935 2231 1326 2300 ἐμπλέκεσθαι.
1366 2232 1528 2286 Ἀλλά
1581 2234 1676 2287 καὶ
1709 2228 1863 2299 οὗτος
1913 2254 2013 2291 σκο

462 2320 635 2375 πείτω
681 2321 751 2374 τά
804 2322 946 2391 κήτη
995 2321 1063 2377 τά
1098 2322 1329 2391 μεγάλα,
1379 2321 1450 2376 τά
1486 2323 1545 2376 ἐν
1585 2323 1662 2393 τῷ
1710 2326 2039 2396 Ἀτλαντικῴ

462 2410 774 2481 βοσκόμενα
795 2410 1043 2478 πελάγει,
1091 2414 1241 2482 παρὰ
1284 2413 1380 2466 τοῦ
1403 2412 1539 2466 Θεοῦ
1567 2414 1813 2483 ἀφθόνως
1842 2418 2039 2487 τρεέό-

463 2519 622 2571 μενα,
654 2504 750 2559 καὶ
775 2501 1048 2574 μηδέποτε
1073 2501 1233 2572 λιμοῦ
1270 2504 1464 2576 πεῖραν
1487 2503 1734 2571 λαϐόντα.
1773 2506 1944 2561 Τοσοῦ
1956 2526 2037 2561 τον

458 2593 570 2663 γάρ
616 2592 847 2659 ἕκαστος
903 2591 1080 2647 αὐτῶν
1140 2594 1245 2666 θὴρ
1287 2595 1577 2651 καταπίνει
1616 2595 1679 2649 τὸ
1726 2597 1880 2667 ὄψον,
1913 2598 2037 2652 ὅσον

462 2683 600 2755 μηδέ
658 2701 744 2748 τις
779 2684 931 2748 πόλις
962 2682 1389 2756 πολυάνθρωπος
1422 2687 1482 2740 τὸ
1516 2688 1840 2759 καθημέρκν
1867 2688 2034 2743 δαπα-

458 2776 624 2843 νῆσαι
653 2774 896 2831 δύναται.
931 2794 949 2828 ι
981 2776 1164 2831 Πάντα
1189 2777 1319 2846 γάρ,
1362 2778 1516 2847 φησὶ,
1552 2779 1684 2847 πρὸς
1718 2777 1777 2832 σὲ
1807 2780 2034 2849 1:90:60-

460 2867 600 2919 κῶσι
632 2866 813 2921 δοῦναι
839 2869 937 2939 τὴν
959 2867 1165 2939 τροφὴν
1193 2867 1373 2923 αὐτῶν
1403 2869 1480 2932 είς
1520 2867 1800 2940 εὔκαιρον.
1838 2889 1857 2922 ›
1900 2871 2037 2924 Οὐκ-

458 2954 556 3008 οῦν
588 2958 681 3010 καὶ
729 2957 821 3010 τὸν
851 2957 1022 3013 πολλὰ
1061 2957 1361 3030 τρώγοντα,
1394 2962 1488 3015 καὶ
1516 2960 1606 3013 τὸν
1636 2961 2034 3033 βραχυδίαιτον,

459 3050 488 3101 ὁ
510 3047 642 3111 Θεὸς
676 3049 823 3113 ἐστὶν
850 3051 878 3102 ό
906 3051 1143 3121 τρέφων.
1172 3050 1363 3106 Ταῦτα
1393 3052 1634 3115 ἀκούσας
1665 3054 1760 3108 καὶ
1815 3053 1978 3118 αὐτὸς
2008 3054 2037 3104 ό

460 3141 558 3209 τὴν
582 3138 864 3203 πλατεῖαν,
894 3141 989 3193 καὶ
1010 3141 1325 3210 εὐρύχωρον
1341 3145 1676 3213 κεκτημένος
1703 3145 1933 3210 κοιλίαν,
1959 3145 2037 3217 τῷ

458 3230 598 3301 Θεῷ,
632 3233 729 3284 καὶ
775 3233 838 3301 τῇ
893 3231 1072 3284 πίστει
1107 3230 1294 3284 λοιπὸν
1344 3232 1464 3285 ὅλον
1516 3234 1745 3286 σεαυτὸν
1798 3235 2030 3299 άνάθες’

460 3326 713 3378 παντοῖον
759 3324 1222 3396 ἀποτιναξάμενος
1259 3323 1356 3377 τοῦ
1389 3326 1594 3394 κόσμου
1624 3325 2033 3398 περισπασμδν,

460 3417 555 3468 καὶ
584 3413 707 3468 νοῦν
738 3415 1153 3486 πολυφρόντιδα,
1210 3417 1304 3470 καὶ
1348 3415 1549 3487 μηκέτι
1598 3417 1750 3485 γίνου
1783 3416 2033 3484 ἄπιστος,

457 3504 593 3560 ἀλλά
617 3509 823 3568 πἰστός.

530 3596 639 3666 μθ’.
677 3598 802 3649 Ἐάν
834 3597 1078 3669 θέλωμεν
1104 3599 1180 3667 τῷ
1205 3598 1318 3651 ὄντι
1353 3599 1717 3670 εὐαρεστῆσαι
1758 3602 1899 3672 Θεῷ,
1937 3603 2033 3656 καὶ

455 3689 553 3758 τὴν
578 3691 1004 3761 μακαριωτάτην
1047 3691 1370 3763 φιλιωθῆναι
1416 3695 1623 3764 φιλίαν,
1685 3696 1891 3766 γυμνὸν
1938 3697 2031 3749 τὸν

454 3781 579 3835 νοῦν
597 3781 751 3852 ήμῶν
773 3781 850 3852 τῷ
874 3783 993 3853 Θεῷ
1020 3787 1478 3856 παραστήσωμεν,
1510 3786 1676 3856 μηδὲν
1703 3789 2031 3857 ἐπισυρόμε-

457 3890 548 3926 νον
593 3873 688 3926 τοῦ
723 3875 990 3944 παρόντος
1047 3876 1264 3941 αἰῶνος,
1315 3878 1391 3948 μὴ
1439 3879 1658 3947 τέχνην,
1711 3879 2027 3948 μὴῗνόημα,

455 3961 532 4033 μή
563 3962 824 4035 σόφισμα,
851 3966 927 4034 μὴ
955 3962 1338 4035 δικαιολογίαν,
1380 3968 1481 4022 κᾶν
1515 3970 1697 4022 πᾶσαν
1734 3970 2031 4023 πεπαιδευ-

455 4055 607 4123 μένοι
636 4049 785 4124 ὧμεν
814 4057 910 4126 την
951 4058 1044 4110 τοῦ
1080 4059 1285 4127 κόσμου
1342 4060 1557 4127 σοφίαν.
1597 4059 2027 4130 ’Δποστρέφεται

450 4150 559 4215 γάρ
594 4145 654 4200 τὸ
674 4147 827 4202 Θείον
846 4150 970 4212 τοὺς
994 4150 1132 4220 μετά
1152 4150 1481 4220 οίηματικοῦ
1509 4150 1605 4203 τοῦ
1627 4152 1824 4221 τρόπου
1856 4169 2028 4221 προσ-

451 4239 781 4308 ερχομένους
829 4240 1002 4310 αὐτῷ,
1062 4244 1160 4294 καὶ
1197 4245 1264 4313 τῇ
1328 4243 1606 4315 κενοδοξία
1656 4242 2027 4314 σιτιζομένους

450 4327 546 4380 καὶ
569 4330 1016 4399 πεφυσιωμένους
1037 4348 1050 4360 ο
1105 4331 1285 4393 καλῶς
1307 4333 1416 4403 γάρ
1444 4349 1590 4397 τινες
1620 4332 1731 4386 τῶν
1752 4335 2024 4404 ἑρμηνευ-

448 4420 577 4485 τῶν,
615 4423 946 4491 σιτιστήριον
980 4422 1074 4475 καὶ
1101 4420 1299 4490 φῦσαν,
1324 4423 1385 4476 τὸ
1404 4425 1635 4492 μάταιον
1663 4423 2025 4478 ἐκδεδώκασιν

447 4510 640 4581 οἴημα.

524 4608 588 4656 ν’.
623 4604 746 4665 Πῶς
780 4603 846 4655 ἂν
876 4602 1239 4674 δυνηθείημεν
1290 4606 1696 4659 καταπαλαῖσαι
1740 4609 1839 4676 τὴν
1886 4626 2022 4679 προ-

450 4694 858 4763 κεκρατηκυῖαν
886 4694 1196 4764 ἀμαρτίανς
1250 4695 1380 4758 Βίας
1420 4696 1598 4766 χρεία.
1668 4697 1831 4767 Ἀνὴρ
1891 4700 2021 4767 γάρ,

448 4786 637 4855 φησὶν,
659 4785 717 4836 ὲν
751 4786 935 4848 πόνοις
968 4788 1140 4851 πονεῖ,
1170 4776 1259 4840 καὶ
1315 4787 1627 4852 ἐκϐιάζεται
1678 4788 1873 4841 ἐαυτοῦ
1922 4791 2024 4859 τὴν

447 4876 743 4942 ἀπώλειαν,
781 4877 1098 4946 φιλονεικῶν
1156 4880 1389 4933 πάντοτε
1446 4878 1675 4932 ἀνωθεῖν
1727 4878 1865 4949 πρὸς
1919 4879 2023 4949 τὴν

444 4970 758 5040 ἁγιωσύνην
791 4970 898 5023 τῶν
957 4972 1174 5024 οἰκείων
1221 4970 1519 5040 λογισμῶν.
1576 4970 1654 5042 Τῇ
1697 4970 1753 5024 δὲ
1783 4971 1874 5047 βίᾳ
1922 4970 2021 5041 τὴν

446 5061 568 5127 βίαν
596 5057 764 5121 λύειν,
795 5060 893 5112 οὐκ
926 5059 1227 5130 ἀπείρηται
1258 5061 1371 5122 τοῖς
1408 5059 1615 5128 νόμοις.
1680 5060 1745 5112 Εἰ
1808 5058 1906 5129 μὲν
1928 5055 2020 5113 οὖν

444 5151 774 5220 εἰσφέρομεν
803 5149 923 5220 βίαν
947 5150 1092 5214 τινὸς
1116 5151 1554 5219 σπουδάσματος,
1588 5152 1637 5202 εί
1671 5149 1768 5202 καὶ
1797 5149 2020 5205 ἀσθενε-

443 5243 665 5312 στάτην,
698 5244 1068 5313 περιμένομεν
1104 5242 1159 5296 δὲ
1188 5241 1374 5295 λοιπὸν
1415 5242 1853 5313 ἐπελευσομένην
1887 5244 2018 5312 ἡμῖν

440 5331 501 5396 ἐξ
529 5332 693 5401 ὕψους
722 5333 974 5404 δύναμιν,
1005 5334 1308 5404 καθήμενοι
1339 5335 1396 5388 ὲν
1443 5336 1558 5396 τοῖς
1597 5333 2015 5404 Ἱεροσολύμοις,

437 5424 718 5475 τουτέστιν
740 5425 799 5476 ἐν
832 5427 898 5493 τῇ
934 5424 1157 5494 ἀλήκτῳ
1197 5424 1355 5493 εὐχῇ,
1394 5425 1487 5475 καὶ
1512 5427 1631 5485 ταῖς
1669 5422 1858 5486 ἀλλαις
1889 5425 2017 5493 ἀρε-

437 5517 579 5577 ταῖς,
607 5514 739 5568 πότε
768 5513 887 5585 ἥξει
909 5516 1045 5585 πρὸς
1081 5517 1226 5586 ἡμᾶς
1257 5516 1381 5586 βίαν
1432 5517 1728 5586 κραταιάν;
1756 5515 1878 5569 οὐδὲ
1906 5515 2014 5583 γάρ

437 5604 502 5673 δῂ
552 5606 955 5680 ἀσθενεστάτην
980 5608 1121 5662 κατά
1163 5610 1263 5679 τὴν
1296 5611 1571 5680 ἡμετέραν
1607 5609 1728 5679 βίαν
1777 5609 2009 5678 ἐργαζο-

443 5699 624 5766 μένην.
653 5699 787 5752 ἀλλὰ
824 5701 943 5770 βίαν
975 5702 1093 5757 τινα
1136 5702 1443 5774 φρασθῆναι
1479 5702 1554 5771 μὴ
1587 5702 1893 5773 δυναμένην
1925 5703 2010 5756 διὰ

1709 274 2037 337 JOANNIS
2075 273 2486 335 CARPATHII

3570 269 3709 335 1843

2135 400 2417 474 σαρκικῶν
2458 399 2705 472 χειλέων,
2762 399 3000 455 νικῶσαν
3036 397 3216 468 πολλῷ
3247 398 3326 469 τῷ
3366 399 3578 470 κράτει,
3606 398 3715 450 καί

2133 488 2654 560 καταγωνιζομένην
2682 490 2742 542 τό
2764 504 2824 540 τε
2871 489 3130 542 κάκιστον
3174 485 3305 557 ἦθος
3355 488 3449 540 καὶ
3479 486 3580 558 τὴν
3599 485 3713 538 τῶν

2118 583 2402 653 δαιμόνων
2425 581 2725 650 κακότητα,
2758 578 2996 633 νικῶσαν
3021 578 3077 632 δὲ
3100 579 3195 633 καὶ
3219 579 3317 649 τὴν
3352 578 3487 650 πρὸς
3512 578 3572 631 τὸ
3591 580 3711 649 χεῖ-

2135 688 2228 743 ρον
2283 671 2458 742 ῥοπὴν
2501 668 2611 724 τῶν
2653 669 2943 741 ἡμετέρων
2979 667 3190 739 ψυχῶν,
3248 666 3489 721 νικῶσαν
3520 667 3579 721 δέ
3611 668 3712 721 καὶ

2130 763 2230 828 τάς
2255 764 2526 835 ἀπρεπεῖς
2540 761 2635 818 τοῦ
2660 759 2912 831 σώματος
2952 763 3195 832 κινήσεις
3215 777 3231 793 ο
3264 778 3282 812 ι
3307 759 3553 829 Ἐγένετο
3572 759 3705 830 γάρ,

2126 856 2314 926 φησὶν,
2347 850 2479 926 ἦχος
2511 856 2578 909 ἐκ
2607 852 2701 908 τοῦ
2725 852 2960 925 οὐρανοῦ
2983 853 3174 924 ὥσπερ
3199 852 3506 923 φερομένης
3533 851 3705 921 πνοῆς

2126 948 2339 1020 βιαίας’
2382 967 2400 1001 ι
2427 948 2518 1003 ῖνα
2543 946 2871 1017 ἐκϐιάσηται
2923 945 3027 1017 τὴν
3055 946 3277 1013 κακίαν,
3304 945 3406 1016 τὴν
3436 945 3525 999 ἀεὶ
3562 943 3705 1015 πρὸς

2123 1040 2184 1093 τὸ
2210 1042 2392 1110 χεῖρον
2416 1038 2745 1110 βιαζομένην
2771 1038 2940 1108 ἡμᾶς.

2195 1128 2298 1185 να¹.
2343 1129 2646 1199 Ἐνεδρεύει
2692 1130 2723 1181 ό
2753 1128 2948 1200 ἐχθρὸς
2998 1129 3075 1194 ὡς
3106 1128 3244 1183 λέων
3286 1131 3346 1183 ἐν
3372 1135 3437 1201 τῇ
3487 1131 3702 1202 μάνδρᾳ

2125 1220 2315 1287 αὐτοῦ,
2350 1222 2446 1275 καὶ
2470 1221 2703 1290 κρύπτει
2744 1222 2876 1291 ημῖν
2907 1220 3143 1289 παγίδας
3205 1222 3298 1274 καὶ
3328 1222 3581 1294 θήρατρα
3613 1223 3702 1276 λο-

2121 1314 2337 1386 γισμῶν
2395 1313 2741 1385 ἀκαθάρτων,
2776 1315 2872 1368 καὶ
2904 1314 3116 1368 ἀσεϐῶν
3139 1331 3154 1346 ·
3211 1313 3352 1371 ἀλλά
3397 1317 3493 1370 καὶ
3534 1318 3700 1388 ¹ἡμεῖς

2121 1409 2219 1463 ἐάν
2257 1408 2335 1479 μὴ
2385 1407 2777 1477 ὑπνώττωμεν,
2828 1406 3177 1477 δυνησόμεθα
3219 1407 3474 1477 μείζονάς
3500 1424 3563 1461 τε
3600 1408 3698 1462 καὶ

2122 1497 2509 1568 χαλεπωτέρας
2548 1496 2700 1566 αὐτῷ
2739 1497 2973 1566 παγίδας
3022 1498 3117 1551 καὶ
3151 1497 3389 1551 ίστάνειν
3447 1496 3700 1570 θήρατρα

2121 1584 2219 1637 καὶ
2237 1584 2447 1654 λόχους.
2476 1585 2625 1654 Εὐχή
2652 1585 2763 1654 γάρ
2789 1586 2882 1638 καὶ
2918 1582 3152 1656 ψαλμδς,
3204 1586 3483 1657 ἀγρυπνία
3510 1604 3569 1641 τε
3602 1587 3696 1642 καὶ

2119 1675 2612 1746 ταπεινοφροσύνη,
2645 1677 2738 1729 καὶ
2764 1677 2796 1747 ἠ
2832 1675 2971 1746 πρὸς
3003 1681 3128 1740 τοὺς
3164 1677 3394 1751 πλησίον
3422 1679 3693 1746 διακονία,

2122 1767 2218 1821 καὶ
2243 1768 2273 1820 ό
2300 1766 2469 1831 ἕλεος,
2501 1768 2596 1821 καὶ
2624 1771 2658 1837 ἡ
2702 1769 3046 1838 εὐχαριστία,
3099 1769 3192 1822 καὶ
3220 1771 3255 1841 η
3288 1769 3397 1825 τῶν
3426 1770 3586 1826 θείων
3608 1771 3695 1826 λο-

2119 1856 2256 1922 γίων
2280 1855 2568 1926 ἀκρόασις,
2592 1854 2749 1926 λόχος
2770 1854 2846 1925 τῷ
2874 1854 3077 1926 ἐχθρῷ,
3115 1856 3209 1910 καὶ
3247 1861 3436 1925 παγὶς,
3476 1860 3570 1913 καὶ
3597 1858 3692 1927 βό-

2121 1943 2271 2015 θρος,
2293 1947 2386 1998 καί
2408 1944 2691 2016 μάστιγες,
2720 1947 2815 2001 καὶ
2846 1948 3074 2020 ἀγχόνη,
3114 1947 3210 2001 καὶ
3248 1947 3493 2020 θήρατρα
3539 1947 3694 2018 γίνε-

2121 2052 2230 2089 ται.

2179 2129 2279 2201 νβ’.
2322 2131 2449 2183 Ἐπὶ
2502 2131 2639 2184 πολὺ
2676 2132 2818 2185 πάνυ
2843 2132 2941 2201 τῆς
2974 2132 3199 2202 ἡλικίας
3234 2134 3514 2205 προκόψας
3544 2140 3574 2190 ὁ
3597 2140 3695 2193 (ιε-

2111 2219 2333 2282 σπέσιος
2375 2219 2561 2285 Δαϐὶδ,
2615 2221 2953 2293 εὐχαριστῶν
2996 2220 3076 2291 τῷ
3133 2221 3483 2295 ἐκλεξαμένῳ
3528 2228 3698 2283 αὑτὸν

2111 2310 2251 2382 Θεῷ,
2286 2312 2422 2383 φησὶ
2455 2314 2587 2384 περὶ
2614 2313 2683 2366 τὰ
2702 2313 2992 2367 τελευταῖα
3016 2313 3112 2384 τῆς
3135 2313 3411 2382 εὐλογίας,
3428 2317 3512 2370 ὅτι
3539 2336 3558 2370 ι
3578 2319 3697 2375 Νῦν

2110 2394 2268 2473 εὗρεν
2289 2403 2319 2454 ὁ
2348 2401 2536 2466 δοῦλός
2560 2418 2654 2455 σου
2679 2402 2777 2474 τὴν
2808 2403 3040 2475 καρδίαν
3071 2403 3270 2458 ἐαυτοῦ
3296 2404 3557 2471 εὔξασθαι
3591 2411 3697 2481 τὴν

2113 2492 2423 2563 προσευχὴν
2453 2492 2677 2563 ταύτην.
2742 2512 2761 2544 ι
2799 2492 2973 2546 Τοῦτο
3024 2493 3084 2547 δὲ
3123 2495 3357 2565 εἴρηται,
3409 2496 3498 2551 ἵνα
3527 2500 3700 2570 ήμεῖς

2113 2583 2398 2655 μάθωμεν.
2435 2585 2519 2639 δτι
2556 2584 2756 2639 πολλοῦ
2806 2584 3023 2654 ἀγῶνος
3080 2586 3176 2640 καὶ
3203 2586 3400 2658 χρόνου
3440 2590 3605 2662 χρεία
3638 2593 3699 2647 ἐν

2114 2675 2233 2737 ταῖς
2262 2678 2593 2746 προσευχαῖς
2613 2693 2626 2706 ·
2656 2676 2806 2739 ὅπως
2842 2675 2996 2745 μόλις
3020 2676 3273 2748 εὕρωμεν
3291 2680 3391 2749 τὴν
3425 2684 3700 2754 ἀπαρενό-

2116 2766 2310 2837 χλητον
2325 2770 2421 2836 τῆς
2433 2767 2672 2832 διανοίας
2690 2769 3045 2834 κατάστασιν,
3064 2769 3153 2823 ἐτε
3162 2771 3254 2839 ρόν
3266 2789 3392 2829 τινα
3406 2774 3699 2847 ἐγκάρδιον

2110 2856 2364 2925 οὐρανὸν,
2392 2856 2527 2913 ἔνθα
2576 2859 2718 2912 οἰκεῖ
2742 2859 2771 2912 ὁ
2803 2858 3061 2930 Χριστὸς,
3086 2858 3160 2923 ῶς
3190 2878 3355 2931 φησιν
3375 2866 3405 2917 ὁ
3447 2865 3703 2921 Ἀπόστοο

2108 2945 2199 3009 λος
2219 2960 2234 2974 ⁸
2270 2964 2290 2996 ι
2317 2946 2389 3000 Ἣ
2418 2948 2519 3002 οὐκ
2541 2948 2932 3016 ἐπιγινώσκετε
2956 2949 3040 3004 δτι
3056 2949 3265 3021 Ἰησοῦς
3295 2953 3532 3023 Χριστὸς
3555 2959 3701 3011 οίκεῖ

2108 3038 2167 3090 έν
2190 3038 2320 3109 ὑμῖν
2342 3057 2357 3106 ;
2396 3058 2419 3093 ι

2179 3135 2281 3200 νγ¹.
2310 3131 2374 3185 Εἰ
2408 3133 2641 3203 Χριστὸς
2681 3134 2813 3204 ἡμῖν
2853 3133 3047 3203 γέγονε
3075 3135 3418 3209 δικαιοσύνη,
3464 3141 3555 3193 καὶ
3603 3157 3693 3194 σο⁶

2108 3221 2228 3291 φία,
2246 3223 2341 3279 καὶ
2361 3222 2429 3277 τά
2449 3223 2599 3294 ἐξῆς,
2619 3223 2864 3295 εὔδηλον,
2887 3225 2970 3279 δτι
2996 3226 3096 3280 καὶ
3119 3228 3446 3285 ἀνάπαυσις.
3477 3249 3497 3284 ι
3522 3231 3691 3285 Δεῦτε

2108 3315 2236 3383 γὰρ,
2276 3314 2431 3383 φησὶ,
2482 3314 2621 3385 πρός
2653 3331 2747 3383 με,
2779 3314 2984 3380 πάντες
3011 3319 3061 3370 οί
3118 3319 3414 3383 κοπιιῖιντες
3447 3323 3543 3375 καὶ
3592 3340 3695 3376 πε-

2107 3404 2482 3476 φορτισμένοι,
2510 3407 2666 3474 κάγὼ
2694 3407 2997 3463 ἀναπαύσω
3024 3410 3187 3480 ὑμᾶς.
3218 3428 3237 3461 ι
3283 3410 3481 3475 Καλῶς
3502 3413 3690 3468 τοίνυν

2107 3496 2344 3567 εἴρηται,
2381 3496 2465 3549 ὅτι
2508 3512 2614 3565 περ
2646 3497 2708 3551 τὸ
2733 3498 3036 3568 Σάϐϐατόν,
3068 3501 3345 3555 τουτέστιν
3374 3503 3409 3574 ή
3435 3506 3694 3559 ἀνάπαυ-

2108 3602 2221 3650 σις,
2245 3586 2332 3639 διά
2355 3588 2446 3639 τὸν
2476 3586 2766 3659 ἄνθρωπον
2796 3592 3042 3659 γέγονεν.
3083 3593 3174 3648 Ἐν
3205 3595 3354 3665 αύτῷ
3381 3595 3492 3666 γὰρ
3543 3598 3694 3670 μόνῳ

2106 3677 2184 3745 τῷ
2232 3678 2452 3750 Χριστῷ
2496 3681 2858 3747 ἀναπαύσεως
2926 3683 3176 3751 τεύξεται
3232 3686 3294 3739 τὸ
3349 3686 3696 3757 ἀνθρώπινον

2110 3768 2291 3836 γένος.

2176 3858 2267 3915 νδ’.
2300 3862 2510 3932 Ὥσπερ
2557 3865 2673 3916 ἐστὶ
2704 3868 2962 3936 ποτήριον
2997 3867 3264 3933 πτώσεως
3282 3870 3376 3923 καὶ
3403 3870 3560 3925 κόνδυ
3592 3871 3687 3923 θυι

2110 3949 2234 4023 μοῦ,
2256 3950 2428 4015 οὕτως
2459 3954 2575 4007 ἐστὶ
2596 3956 2696 4008 καὶ
2722 3955 3008 4022 ἀσθενείας
3035 3963 3319 4030 ποτήριον,
3348 3961 3485 4032 ὅπερ
3508 3961 3693 4015 λαϐὼν

2107 4043 2200 4112 ἀφ’
2239 4043 2395 4112 ήμῶν
2425 4046 2453 4096 ό
2487 4044 2712 4116 Κύριος,
2745 4047 2823 4118 τῷ
2879 4051 3215 4120 προσήκοντι
3245 4052 3442 4123 καιρῷ,
3474 4053 3694 4108 δίδωσιν

2109 4141 2188 4196 είς
2245 4138 2433 4205 χεῖρας
2470 4137 2581 4191 τῶν
2625 4140 2837 4209 ἐχθρῶν
2885 4142 3073 4210 -ἡμῶν,
3106 4145 3192 4197 ἵνα
3245 4141 3434 4198 λοιπὸν
3494 4145 3695 4217 μηκέτι

2109 4228 2292 4300 ἡμεῖς,
2319 4228 2436 4281 ἀλλ’
2462 4231 2510 4283 οἱ
2540 4231 2794 4301 δαίμονες
2818 4234 3088 4288 ἀσθενῶσι
3114 4236 3210 4289 καὶ
3232 4236 3494 4290 πίπτωσι.

2177 4318 2267 4375 νε’.
2293 4320 2505 4393 ’Ὥσπερ
2526 4324 2620 4377 ἐπὶ
2639 4325 2747 4378 τῶν
2764 4325 2963 4393 ἔξωθεν
2991 4329 3337 4399 πραγμάτων
3360 4331 3471 4382 εἰσὶ
3497 4329 3691 4384 κολλυ-

2106 4409 2288 4465 ϐισταὶ
2313 4453 2328 4476 ,
2362 4415 2618 4484 ὑφανταὶ,
2658 4416 2888 4486 ίξευταὶ,
2924 4420 3273 4491 πολεμισταὶ,
3339 4438 3691 4477 κατασκευα-

2109 4502 2232 4556 σταί
2252 4519 2265 4533 ο
2294 4502 2437 4558 οὕτω
2464 4505 2559 4559 καὶ
2591 4507 2684 4560 ἐπὶ
2727 4509 2840 4563 τῶν
2888 4510 3038 4567 ἔνδον
3066 4509 3303 4576 διανοοῦ,
3343 4511 3423 4564 ὅτι
3455 4512 3563 4564 εἰσὶ
3595 4512 3693 4565 καὶ

2107 4594 2166 4646 ἐν
2189 4595 2302 4655 τοῖς
2338 4592 2706 4666 διαλογισμοῖς
2733 4596 3015 4663 κυϐευταί,
3043 4598 3454 4668 φαρμακευταὶ,
3487 4615 3691 4668 πειρα-

2104 4683 2219 4748 ταὶ,
2247 4683 2529 4755 θηρευταὶ,
2563 4689 2841 4752 κοινωταὶ,
2869 4691 3142 4758 φονευταὶ,
3166 4690 3261 4741 καὶ
3279 4689 3350 4742 τὰ
3373 4688 3500 4758 ἑξῆς
3517 4704 3531 4718 ⁸
3560 4688 3692 4741 οὖσ-

2103 4791 2254 4839 τινας
2281 4778 2391 4848 χρὴ
2424 4782 2704 4850 συντόμως
2731 4779 3150 4852 προαποκλείειν
3179 4780 3247 4833 δι’
3298 4779 3560 4843 εὐσεϐοῦς
3594 4782 3695 4832 άν-

2103 4867 2345 4936 τιλογίας
2374 4872 2468 4923 καὶ
2498 4872 2829 4943 προσευχῆς,
2851 4878 2943 4928 καὶ
2976 4873 3213 4944 μάλιστα
3240 4871 3366 4935 τοὺς
3394 4873 3692 4940 κσινωτάς,

2104 4957 2190 5011 ἴθα
2219 4961 2294 5030 μὴ
2330 4960 2630 5016 κοινώσωσι
2659 4964 2751 5018 τὸν
2781 4963 2937 5033 ἀγιον
2964 4963 3152 5027 τόπον,
3186 4963 3280 5015 καὶ
3329 4963 3692 5034 βεϐηλώσωσι

2104 5051 2197 5105 τὸν
2218 5051 2506 5121 ἄνθρωπον
2535 5054 2631 5109 τοῦ
2653 5054 2821 5129 Θεοῦ,

2174 5149 2282 5209 νς’.
2325 5146 2398 5197 Οὐ
2436 5146 2597 5216 μόνον
2623 5146 2845 5217 γλώσσῃ
2875 5144 3196 5220 ληστεύεται
3236 5146 3439 5219 Κύριος
3466 5147 3605 5218 πρὸς
3629 5148 3691 5201 τὸ

2105 5233 2299 5302 σῶσαι,
2351 5236 2602 5308 καθάπερ
2657 5238 2751 5291 ἐπὶ
2794 5239 2891 5291 τοῦ
2941 5237 3141 5312 λῃστοῦ
3169 5237 3405 5309 βοῶντος
3437 5238 3547 5291 ἀπὸ
3588 5239 3688 5294 τοῦ

2105 5325 2363 5395 σταυροῦ,
2398 5327 2535 5381 ἀλλά
2568 5329 2664 5380 καὶ
2690 5327 2956 5397 λογισμῷ.
2983 5326 3210 5396 ιἜλεγε
3240 5328 3371 5397 γὰρ,
3401 5326 3593 5397 φησὶν,
3622 5330 3683 5382 ἐν

2103 5419 2272 5489 ἑαυτῇ
2324 5420 2357 5488 ή
2388 5420 2686 5489 αἱμόρρους
2708 5435 2721 5448 ·
2758 5418 2874 5473 Κᾶν
2903 5418 3129 5495 ἅψωμαι
3166 5420 3235 5473 τά
3260 5419 3545 5488 κράσπεδα
3576 5418 3686 5471 τῶν

2103 5509 2336 5576 ίματίων
2357 5509 2543 5574 αὐτοῦ,
2576 5508 2920 5581 σωθήσομαι.
2951 5528 2969 5560 ι
3009 5511 3120 5564 Καὶ
3149 5510 3178 5562 ὁ
3207 5512 3334 5572 παῖς
3354 5509 3450 5562 τοῦ
3490 5509 3688 5578 Ἀϐρα-

2104 5598 2183 5665 ἀμ
2240 5599 2369 5668 περὶ
2439 5598 2731 5662 Ῥεϐέκκας
2792 5597 2970 5653 λαλῶν
3025 5598 3103 5670 τῷ
3168 5599 3288 5670 Θεῷ
3375 5602 3517 5653 κατά
3570 5604 3686 5654 0.0.-

2102 5704 2269 5741 νοιαν.
