4014 6122
302 314 442 381 1849

366 442 464 507 ιζ’.
489 442 677 513 Σχεδὸν
719 442 859 515 αὕτη
886 447 918 516 ή
953 445 1193 517 ἁμαρτία
1228 443 1359 516 πρὸς
1394 446 1526 498 θεὸν
1549 445 1761 501 ἐλαύνει
1781 447 1871 502 τὸν

293 533 790 606 μεταμελούμενον,
815 536 1066 607 αἴσθησιν
1096 518 1443 608 λαμϐάνοντα
1463 538 1561 609 τῆς
1582 538 1867 605 δυσωδίας,

292 623 391 679 καὶ
415 623 509 678 τοῦ
540 623 766 698 βάρους,
814 625 1033 697 καὶτῆς
1070 632 1269 692 μανίας
1318 627 1490 698 αὐτῆς
1512 646 1527 661 ο
1563 629 1652 683 τὸν
1679 629 1737 683 δὲ
1792 633 1868 701 μὴ

292 715 619 787 βουλόμενον
673 721 753 782 εἰς
801 719 1092 790 μετάνοιαν
1121 718 1306 792 ῥέψαι,
1339 721 1441 775 οὐκ
1483 721 1698 777 ἐλαύνει
1731 724 1867 792 πρὸς

287 809 422 862 θεόν
443 826 457 839 ·
494 809 625 879 παρ’
649 810 817 882 ἑαυτῇ
846 809 902 864 δὲ
928 811 1128 883 μᾶλλον
1160 811 1458 884 κρατοῦσα,
1475 813 1693 881 δεσμοῖς
1732 814 1863 868 ἀλύ-

288 918 403 965 τοις
448 903 819 973 καταδισμεῖ,
870 904 1300 976 συντονωτέρους
1360 906 1457 959 καὶ
1501 906 1866 978 ρριμυτέρους

290 995 480 1050 λοιπὸν
501 995 629 1058 τούς
656 993 853 1059 πόθους
892 999 991 1068 τῆς
1019 994 1292 1062 ἀπωλείας
1322 996 1689 1070 ἐργαζομένη.

359 1083 461 1159 νη’.
491 1087 733 1158 Πρόσεχε
756 1085 967 1159 σεαυτῷ
1000 1087 1109 1142 ἀπὸ
1150 1087 1259 1142 τῶν
1288 1088 1598 1161 φαρμάκων
1627 1090 1727 1163 τῆς
1764 1091 1865 1146 ἰε-

289 1176 478 1243 ζάϐελ,
513 1170 589 1232 ὧν
639 1178 877 1251 μάλιστά
926 1180 1063 1234 εἰσιν
1089 1178 1140 1233 οἰ
1171 1179 1423 1252 λογισμοὶ
1449 1181 1542 1236 τοῦ
1572 1183 1743 1252 τύφου
1771 1185 1865 1240 καὶ⁴

291 1270 532 1339 ματαίας
564 1267 742 1339 δόξης.
779 1270 1000 1343 Δυνήσῃ
1030 1272 1087 1326 δὲ
1127 1271 1334 1326 τούτων
1360 1274 1763 1344 περιγενέσθαι,
1793 1279 1860 1348 τῇ

287 1362 471 1432 χάριτι
497 1362 593 1414 τοῦ
622 1362 757 1415 Θεοῦ
792 1361 1083 1427 ἐξουδενῶν
1120 1363 1219 1435 τήν
1242 1363 1421 1436 ψυχὴν
1451 1366 1546 1418 καὶ
1570 1366 1861 1431 εὐτελίξων

285 1453 480 1524 αὐτὴν,
529 1454 623 1507 καὶ
679 1454 886 1524 ῥίπτων
935 1454 1158 1508 σεαυτὸν
1208 1452 1440 1509 ἐνώπιον
1483 1457 1714 1528 Κυρίου,
1766 1456 1863 1511 καὶ

284 1544 713 1616 ἐπικαλούμενος
754 1546 917 1599 αὐτὸν
945 1548 1025 1610 εἰς
1053 1546 1115 1599 τὸ
1143 1545 1406 1618 βοηθῆσαί
1443 1564 1547 1613 σοι,
1576 1550 1671 1602 καὶ
1700 1548 1861 1616 γινώ-

288 1651 437 1688 σκων
499 1635 581 1688 ὃτι
619 1635 846 1705 οὐράνιά
895 1639 1011 1689 ἐστι
1060 1639 1129 1690 τά
1172 1638 1506 1709 χαρίσματα,
1543 1639 1626 1692 διὸ
1674 1638 1856 1707 λέγει·

290 1745 311 1776 ε
351 1727 536 1790 Οὐδεὶς
562 1726 781 1781 δύναται
809 1728 1107 1798 λαμϐάνειν
1130 1731 1299 1796 οὐδὲν,
1325 1732 1374 1783 εί
1405 1731 1482 1801 μὴ
1512 1725 1546 1804 ᾗ
1578 1731 1859 1799 δεδομένον

283 1818 433 1888 αὐτῷ
453 1819 518 1871 ἐκ
543 1816 636 1872 τοῦ
670 1816 923 1891 οὐρανοῦ.
953 1839 972 1871 ι

357 1908 454 1963 νϐ’.
480 1911 650 1981 Φησίν
679 1913 707 1964 δ
731 1913 925 1982 νόμος·
965 1931 983 1964 ι
1035 1912 1161 1967 Ἐὰν
1200 1912 1255 1965 δὲ
1286 1907 1387 1966 ὦσι
1422 1916 1857 1984 μεμαρτυρημέ-

286 2020 368 2059 νοι
395 2002 544 2076 αὐτῷ
575 2004 670 2058 καὶ
699 2005 773 2075 μὴ
806 2002 1043 2076 ἀφανίσῃ
1075 2006 1260 2070 αὐτὸν,
1290 2005 1563 2059 ἀποτίσει.
1601 2026 1622 2058 ι
1670 2005 1856 2059 Ἔστιν

283 2098 376 2153 ὅτε
437 2101 495 2151 ἐν
529 2097 817 2169 συμποσίῳ
874 2096 1126 2169 προπηδᾷ
1168 2098 1196 2149 ό
1254 2095 1530 2162 κενόδοξος
1574 2097 1854 2168 λογισμὸς,

278 2193 512 2260 λαλῆσαι
543 2190 864 2261 βουλόμενος
901 2186 1053 2257 παρά
1082 2187 1173 2241 τὸν
1207 2187 1416 2257 καιρόν.
1447 2187 1856 2259 Διαμαρτύρον-

277 2296 371 2334 ται
394 2280 451 2333 δέ
480 2294 563 2332 σοι
589 2280 638 2331 οί
666 2275 951 2347 ἀγγελικολ.
999 2277 1274 2346 λογισμοὶ,
1302 2277 1564 2345 ἀφανίσαι
1592 2278 1684 2330 τὸν
1713 2278 1857 2346 φιλο-

280 2367 524 2438 φλύαρον
558 2368 652 2421 καὶ
681 2368 909 2436 ἄκαιρον
941 2365 1227 2436 λογισμόν.
1266 2364 1392 2419 Ἐὰν
1417 2365 1595 2418 τοίνυν
1616 2366 1692 2437 μὴ
1721 2369 1865 2434 ἀφα-

279 2460 439 2529 νίσῃς
496 2458 662 2511 αὐτὸν
695 2460 761 2529 τῇ
813 2457 991 2526 ἀγαθῇ
1027 2458 1225 2526 σιωπῇ,
1264 2456 1400 2509 ἀλλὰ
1450 2456 1860 2527 παραχωρήσῃς

281 2551 432 2620 αὐτῴ
457 2549 739 2620 προελθεῖν
782 2546 863 2611 εἰς
889 2549 952 2602 τὸ
981 2547 1105 2613 ἔξω,
1138 2548 1545 2619 ὐποχαυνωθεὶς
1581 2548 1659 2618 τῷ
1683 2548 1861 2619 τύφῳ,

278 2641 403 2692 τότε
424 2639 607 2692 λοιπὸν
638 2639 922 2700 ἀποτίσεις
955 2636 1015 2691 τὸ
1043 2637 1284 2707 ὄφλημα,
1320 2637 1351 2709 ἢ
1383 2638 1630 2708 ἁμαρτία
1653 2636 1866 2709 μεγάλῃ

283 2731 390 2785 ὐπὸ
424 2733 520 2801 τῆς
557 2732 710 2802 δίκης
761 2731 1108 2803 παραδοθεὶς,
1140 2732 1173 2801 ἢ
1208 2732 1456 2803 βαρείαις
1475 2732 1617 2785 τισὶν
1650 2732 1864 2792 ὀδύναις

284 2827 656 2893 σωματικαῖς,
681 2823 715 2894 ἢ
752 2822 1038 2893 στιϐαραῖς
1068 2822 1317 2891 ἀδελφῶν
1348 2822 1807 2894 προσκρούσεσιν,
1828 2823 1862 2892 ἢ

280 2916 349 2984 τῇ
388 2915 527 2967 κατὰ
542 2914 633 2966 τὸν
668 2912 934 2984 μέλλοντα
964 2911 1141 2966 αἰῶνα
1166 2912 1428 2984 τιμωρίᾳ.
1451 2916 1559 2969 Καὶ
1591 2913 1701 2985 γὰρ
1723 2914 1865 2985 ὑπὲρ

282 3005 458 3075 ἀργοῦ
517 3006 610 3059 καὶ
678 3004 957 3070 κενοδόξου
1019 3004 1181 3072 λόγου
1224 3005 1383 3073 λόγον
1414 3007 1747 3075 ἀποτίσομεν
1768 3006 1859 3059 διὰ

280 3096 382 3163 τὴν
413 3096 509 3165 τῆς
543 3093 799 3164 γλώσσης
836 3093 1219 3149 ἀπαιδευσίαν.
1257 3092 1347 3148 Διδ
1389 3096 1472 3148 δεῖ
1497 3095 1593 3166 τὴν
1623 3095 1865 3165 γλῶτταν

283 3184 442 3255 ἡμῶν
473 3186 751 3255 νηφόντως
779 3185 1087 3254 φυλάττειν.

357 3277 420 3342 ξ’.
457 3279 615 3331 Ὅσοι
641 3279 700 3330 ὲν
728 3277 940 3348 ἡδοναῖς
970 3294 1029 3331 τε
1078 3279 1454 3349 πειράζονται,
1510 3281 1602 3332 καὶ
1649 3278 1864 3348 θυμοῖς,

284 3371 376 3423 καὶ
412 3369 706 3441 φιλοδοξίᾳ,
729 3369 825 3422 καὶ
856 3371 967 3433 τοῖς
993 3370 1142 3439 ἑξῆς,
1178 3364 1324 3425 οὗτοι
1345 3370 1595 3438 λέγονται
1647 3366 1727 3437 τῷ
1768 3367 1866 3439 μὲν

285 3460 425 3529 ήλίῳ
459 3462 673 3531 ἡμέρας
726 3461 1110 3529 συγκαίεσθαι,
1144 3460 1370 3531 νύκτωρ
1418 3462 1474 3515 δὲ
1526 3462 1590 3531 τῇ
1644 3460 1863 3532 σελήνῃ.

286 3548 459 3612 Εὐξαι
484 3552 667 3603 τοίνυν
689 3553 755 3620 τῇ
783 3550 902 3621 θείᾳ
928 3551 1303 3620 σκεπασθῆναι
1325 3551 1624 3620 δροσοϐόλῳ
1645 3553 1863 3622 νεφέλῃ,

286 3642 434 3700 ὅπως
465 3639 531 3693 ἂν
568 3640 660 3693 τὸν
695 3642 940 3711 φλογμὸν
963 3641 1070 3694 τῶν
1106 3640 1318 3709 ἐχθρῶν
1338 3640 1631 3708 διαφύγῃς.

361 3728 462 3795 ξα.’
522 3731 801 3802 Μηδαμῶς
834 3732 971 3800 πρὸς
1014 3730 1074 3781 σὲ
1123 3729 1437 3800 παρρησίαν
1473 3730 1578 3797 δῷς
1627 3733 1739 3791 τοῖς
1768 3728 1865 3797 τῆς

286 3821 638 3891 οἰνοφλυγίας
696 3822 1086 3882 ὑπασπισταῖς,
1125 3820 1220 3872 καὶ
1259 3818 1470 3882 δούλοις
1501 3819 1599 3888 τῆς
1626 3819 1863 3874 ἀτάκτου

287 3913 599 3984 τραπέζης·
637 3912 773 3981 μηδὲ
821 3912 936 3973 τοῖς
963 3911 1105 3979 μετὰ
1135 3911 1530 3979 ἀναισχυντίας
1579 3909 1760 3963 λαλεῖν
1783 3925 1865 3962 σοι

289 4004 656 4078 βουλομένοις,
685 4001 790 4054 κάν
814 4002 989 4054 πολιοὶ
1015 4001 1078 4054 τὸ
1100 4002 1390 4072 πρόσωπον
1424 4003 1739 4073 ὐπάρχοιεν,
1761 4002 1864 4058 κᾶν

286 4097 456 4149 πολὺν
491 4092 682 4163 χρόνον
738 4092 913 4162 ἔχοιεν
962 4094 1021 4145 ἐν
1075 4092 1151 4163 τῷ
1187 4095 1411 4163 μονήρει
1472 4091 1592 4163 βίῳ,
1625 4094 1712 4146 ἵνα
1764 4093 1861 4164 μὴ,

287 4189 429 4242 κατὰ
459 4185 557 4254 τὴν
588 4181 832 4253 Γραφὴν,
866 4201 884 4233 ι
942 4184 1148 4253 σαπρία
1204 4182 1420 4255 καλύψῃ
1447 4200 1530 4248 σε,
1566 4203 1584 4234 ι
1633 4182 1862 4245 καὶτοῖς

285 4276 617 4346 ἀκαθάρτοις
649 4276 742 4328 καὶ
766 4273 865 4344 τὴν
925 4273 1154 4345 καρδίαν
1195 4274 1597 4345 ἀπεριτμήτοις
1629 4288 1865 4327 συναπα-

286 4369 442 4437 20%;-

356 4458 454 4529 ξβ’.
491 4459 716 4529 Πρῶτον
766 4456 1129 4526 ἐγχειρίζεται
1158 4458 1362 4528 Πέτρος
1400 4457 1498 4521 τὰς
1527 4458 1697 4524 κλεῖς,
1733 4452 1864 4513 εἶτα

285 4556 653 4620 συγχωρεῐται
681 4553 868 4603 πεσεῖν
902 4549 1035 4616 πρὸς
1070 4548 1168 4619 τὴν
1193 4547 1443 4620 ἄρνησιν,
1475 4549 1616 4603 ὥστε
1653 4564 1864 4621 σωφρο-

283 4645 536 4713 νισθῆναι
563 4646 629 4713 τῇ
662 4641 866 4695 πτώσει
904 4641 960 4692 τὸ
1016 4642 1300 4711 φρίνημα.
1361 4640 1471 4694 Καὶ
1497 4641 1560 4693 σὺ
1587 4640 1765 4692 τοίνυν
1800 4639 1866 4693 ἂν

281 4737 381 4808 τῆς
411 4736 661 4804 γνώσεως
688 4735 790 4805 τὴν
837 4732 1022 4787 κλεῖδα
1055 4731 1371 4800 δεξάμενος,
1426 4730 1690 4793 ποικίλοις
1714 4731 1864 4799 λογιο

285 4829 441 4896 σμοῖς
474 4825 834 4898 περιπίπτῃς,
891 4821 967 4893 μὴ
1003 4821 1210 4885 ξενίζου
1235 4840 1246 4853 ·
1280 4821 1467 4886 δόξαζε
1498 4821 1554 4875 δὲ
1582 4822 1671 4875 τὸν
1703 4822 1866 4892 μόνον

282 4917 447 4986 σοφὸν
474 4918 630 4986 ήμῶν
662 4915 884 4987 Κύριον,
921 4913 1012 4967 τὸν
1038 4912 1158 4976 ταῖς
1187 4910 1854 4984 περιπτώσεσιχαλινοῦν-

279 5027 351 5062 τα
411 5007 509 5078 τὴν
543 5007 720 5076 οἴησιν
742 5007 841 5077 τὴν
867 5005 1337 5059 ἐπαναϐαίνουσαν
1366 5008 1433 5077 τῇ
1462 5005 1708 5076 θειοτέρα
1728 5006 1866 5075 γνώω

285 5116 403 5151 σει·
432 5099 480 5150 οἱ
511 5099 619 5168 γὰρ
655 5097 953 5167 πειρασμοὶ
988 5094 1206 5164 χαλινὸς
1245 5095 1575 5164 ὑπάρχουσι,
1613 5095 1863 5165 χαλινούν

281 5192 573 5258 δυνάμενοι
602 5190 661 5241 τὸ
696 5187 1037 5260 ἀνθρώπινον
1060 5186 1309 5257 φύσημα,
1345 5191 1414 5258 τῇ
1440 5188 1534 5239 τοῦ
1560 5187 1695 5240 Θεοῦ
1724 5204 1859 5259 προ-

280 5282 420 5353 νοίᾳ..
1182 5284 1207 5296 ”

353 5372 452 5439 ξγ¹.
490 5371 551 5423 Ei
609 5371 677 5423 τὰ
711 5370 853 5424 καλά
909 5369 1167 5432 πολλάκις
1218 5368 1278 5433 ἐξ
1308 5369 1465 5439 ήμῶν
1493 5372 1805 5443 ἀφαιρεῖται
1835 5374 1862 5424 ὁ

283 5465 508 5534 Κύριος,
533 5461 721 5533 ὥσπερ
749 5465 838 5516 τὸν
870 5461 1097 5515 πλοῦτον
1121 5462 1214 5514 τοῦ
1253 5461 1395 5526 Ἰὼϐ,
1429 5465 1446 5532 (
1478 5482 1495 5514 ι
1527 5464 1726 5534 Κύριος
1754 5465 1861 5534 γὰρ

281 5557 475 5621 ἔδωκε,
535 5556 736 5625 Κύριος
770 5556 953 5619 ἔλαϐε,
987 5573 1005 5606 ι
1034 5553 1052 5623 )
1086 5554 1301 5618 πάντως
1342 5572 1446 5608 που
1481 5558 1571 5608 καὶ
1617 5557 1684 5608 τά
1716 5560 1861 5609 κακά

282 5648 428 5716 ἅπερ
458 5650 588 5718 ἡμῖν
614 5650 896 5716 ἐπήγαγεν
924 5648 952 5697 δ
987 5645 1208 5708 Αἰώνιος
1257 5648 1320 5698 ἐκ
1360 5649 1537 5718 χειρὸς
1570 5648 1725 5716 ἡμῶν
1761 5648 1858 5716 λήν

284 5741 463 5808 gaza...
490 5759 506 5792 ι
535 5740 738 5808 Ἀγαθά
761 5739 886 5809 γὰρ,
924 5740 1077 5808 φησί,
1102 5740 1193 5792 καὶ
1225 5740 1367 5792 κακά
1394 5758 1452 5791 πῖ
1476 5739 1541 5809 ρὰ
1577 5742 1779 5809 Κυρίου
1803 5757 1810 5763 ·
1835 5761 1852 5794 ι

1428 322 1799 384 CAPITULA
1841 324 1939 381 AD
1972 321 2399 381 MONACHOS.

3410 322 3547 384 183-0
3620 310 3631 315 ’

1969 455 2063 507 καὶ
2090 455 2120 506 ό
2172 453 2474 522 ἐπαγαγὼν
2516 454 2653 524 ἡμῖν
2699 450 2767 504 τά
2797 452 2966 517 κακὰ,
2999 453 3160 517 αὐτὸς
3197 455 3387 521 ἐπάξει
3415 456 3546 525 ήμίν

1965 546 2063 617 τῆν
2081 540 2298 600 αἰώνιον
2323 543 2665 616 εὐφροσύνην
2697 544 2836 612 μετά
2855 541 3011 613 δόξης
3038 546 3279 598 αἰωνίου.
3305 544 3547 619 (Ὥσπερ

1966 637 2077 706 γὰρ
2112 635 2473 707 ἐγρηγόρουν,
2512 638 2645 705 φησὶ
2679 635 2909 704 Κύριος,
2936 636 3016 699 εἰς
3045 634 3106 688 τὸ
3150 639 3547 709 καταστρέφειν

1965 726 2061 780 καὶ
2083 726 2400 779 κακοποιεῖν
2425 725 2593 795 ὑμᾶς,
2643 722 2731 777 καί
2765 723 3201 793 ἀνοικοδομήσω,
3254 726 3349 778 καὶ
3378 724 3441 779 οὐ
3468 728 3545 798 μὴ

1966 814 2310 888 καθαιρήσω,
2367 815 2459 869 καὶ
2490 812 2765 884 φυτεύσω,
2806 813 2900 867 καὶ
2929 813 2989 866 οὐ
3030 815 3107 884 μή
3143 811 3361 870 ἐκτιλῶ.
3397 836 3416 868 ι
3452 817 3545 870 Σι-

1964 911 2116 977 γάτω
2142 911 2318 962 τοίνυν
2340 910 2375 979 ή
2411 905 2666 978 δημώδης
2695 902 2930 975 λέγουσα
2983 907 3255 977 παροιμία
3283 924 3297 939 ’
3349 908 3466 978 Ἐφ’
3498 903 3545 978 ᾧ

1963 999 2173 1066 κακῶς,
2203 999 2442 1054 οὐκέστι
2468 997 2649 1062 καλῶς
2676 1014 2691 1028 ’
2712 999 2740 1051 ό
2761 996 2870 1068 γάρ
2904 999 2998 1050 ἐπὶ
3017 999 3079 1051 τὸ
3107 1001 3289 1071 χεῖρον
3311 998 3543 1055 ἀλλοιῶ-

1965 1109 2064 1155 σας
2109 1092 2180 1147 τά
2208 1095 2512 1163 πράγματα
2558 1090 2786 1161 Κύριος,
2841 1086 3066 1143 δύναται
3112 1090 3332 1156 πάντως
3370 1092 3544 1146 ταῦτα

1964 1181 2125 1236 πάλιν
2171 1183 2264 1235 ἐπὶ
2291 1180 2350 1235 τὸ
2380 1180 2760 1253 λαμπρὸτερον
2810 1178 3228 1253 ἀπροσδοκήτως
3273 1184 3546 1253 μεταϐάλ-

1962 1272 2019 1325 λε
2029 1290 2097 1326 ιν.

1962 1438 1967 1443 Ι
2037 1364 2129 1430 ξδ’.
2168 1362 2226 1418 ’0
2278 1367 2390 1430 τοῖς
2436 1366 2685 1438 δαίμοσιν
2716 1370 2826 1421 εἴτε
2856 1368 2925 1422 δι’
2956 1367 3310 1437 ἐγκρατείας,
3332 1366 3446 1420 εἴτε
3472 1366 3540 1420 δι’

1963 1456 2149 1527 εὐχῆς,
2210 1458 2319 1509 εἶτε
2354 1454 2445 1510 διά
2490 1457 2669 1526 πάσης
2697 1461 2897 1530 ἀρετῆς
2930 1461 3289 1531 σφοδρότερον
3318 1460 3411 1512 καὶ
3442 1476 3546 1528 φι-

1961 1548 2335 1618 λονεικότερον
2357 1548 2731 1618 ἐπεμϐαίνων,
2756 1549 3056 1621 βαθυτέρας
3079 1552 3207 1622 παρ’
3238 1550 3422 1603 αὐτῶν
3445 1550 3546 1613 τάς

1962 1640 2179 1709 πληγὰς
2209 1641 2585 1712 ἀντιλήψεται,
2624 1643 2819 1714 μέχρις
2851 1638 2911 1698 οὐ
2955 1647 3049 1700 καὶ
3084 1649 3165 1709 είς
3212 1645 3542 1699 ἀπευδοκίαν

1961 1732 2322 1800 καταστῆναι,
2382 1732 2669 1804 ἀπόκριμα
2715 1735 2810 1790 τοῦ
2866 1737 3060 1806 νοητοῦ
3105 1736 3336 1792 θανάτου
3379 1754 3543 1791 κατο-

1963 1822 2177 1877 πτεύων
2210 1826 2268 1876 ἐν
2300 1826 2367 1895 τῇ
2390 1825 2584 1877 ἑαυτοῦ
2613 1824 2780 1897 ψυχῇ.
2824 1825 2913 1889 Ὠς
2943 1830 3199 1900 παρεῖναι
3222 1828 3406 1897 λέγειν
3439 1829 3540 1881 αὐ-

1959 1915 2084 1968 ww
2118 1934 2136 1967 ι
2178 1915 2273 1977 Τίς
2304 1932 2373 1986 με
2423 1916 2646 1988 ῥύσεται
2679 1923 2740 1970 ἐκ
2777 1918 2873 1971 τοῦ
2899 1916 3148 1988 σώματος
3174 1920 3270 1974 τοῦ
3306 1918 3539 1974 θανάτου

1957 2004 2178 2072 τούτου;
2232 2025 2250 2056 ι
2311 2005 2795 2077 καταναγκάζομαι
2841 2009 2951 2080 γὰρ
2994 2008 3305 2080 ἀϐουλήτως
3341 2008 3541 2062 ὑποκύ-

1959 2112 2115 2148 πτειν
2142 2098 2255 2159 τοῖς
2289 2096 2479 2166 νόμοις
2509 2098 2603 2150 τοῦ
2636 2098 2958 2155 ἀντιπάλου.

2035 2180 2130 2249 ξέ.
2161 2182 2274 2253 Οὐχ
2301 2181 2486 2246 ἁπλῶς
2514 2184 2842 2255 προεγράφη
2873 2185 2955 2239 ὅτι
2984 2183 3129 2248 τινὲς
3156 2183 3294 2256 πρὸς
3318 2183 3546 2249 ἐαυτούς

1960 2270 2149 2341 ἔλεγον
2170 2287 2183 2301 ⁸
2223 2289 2242 2323 ι
2290 2270 2610 2343 Ἀνάστητε,
2641 2274 2738 2326 καὶ
2770 2272 2978 2344 ἥξομεν
3001 2276 3139 2345 πρὸς
3168 2275 3298 2330 λαὸν
3346 2293 3546 2329 πεποιο

1962 2364 2095 2419 θότα
2129 2363 2217 2419 ἐπ’
2252 2362 2453 2431 ἐλπίδι,
2503 2365 2600 2418 καὶ
2656 2364 3027 2435 ἡσυχάζοντα.
3092 2384 3112 2418 ι
3166 2366 3278 2419 Καὶ
3336 2368 3544 2422 πάλινο

1966 2474 1985 2507 ι
2024 2454 2191 2509 Δεῦτε
2245 2453 2552 2519 ἀναϐάντες
2597 2454 3026 2526 συλλαλήσωμεν
3086 2457 3275 2521 αὐτοῖς
3323 2457 3546 2531 γλώσσῃ

1960 2547 2126 2617 νοερᾷ
2176 2545 2344 2617 δολία,
2382 2548 2477 2599 καὶ
2517 2547 2957 2619 ἀποστρέψωμεν
2991 2548 3190 2613 αὐτοὺς
3237 2550 3377 2621 πρὸς
3405 2551 3550 2621 ἡμᾶς

1961 2636 2069 2692 ἀπὸ
2108 2637 2210 2706 τῆς
2232 2635 2513 2719 ἀληθείας.
2555 2657 2573 2689 ι
2605 2639 2668 2691 Οἰ
2715 2640 2825 2711 γάρ
2844 2640 3009 2693 δεινοὶ
3037 2638 3291 2711 δαίμονες
3322 2641 3549 2696 εἰώθασι

1960 2727 2116 2799 παρά
2150 2729 2331 2783 πᾶσαν
2354 2726 2454 2798 τὴν
2484 2726 2630 2798 ζωὴν
2665 2729 2947 2783 κατάοτῶν
3002 2729 3095 2783 τὸν
3128 2729 3355 2801 ἡσύχιον
3379 2749 3549 2805 προε-

1959 2818 2202 2890 λομένων
2233 2818 2372 2890 βίον,
2407 2820 2608 2890 ἀκονᾷν
2637 2819 2706 2873 τά
2735 2818 2863 2890 ξίφη
2893 2820 3002 2873 τῶν
3053 2820 3402 2892 πειρασμῶν,
3455 2825 3549 2877 καὶ

1958 2909 2343 2980 μανικώτερον
2382 2908 2584 2976 μᾶλλον
2608 2913 2720 2973 τοῖς
2748 2910 3171 2980 εὐλαϐεστέροις
3217 2928 3278 2964 τε
3310 2914 3404 2967 καὶ
3432 2913 3548 2968 θεο-

1956 2998 2303 3070 σεϐεστέροις
2335 2999 2756 3071 ἐπιστρατεύειν
2773 3002 2853 3063 εἰς
2881 3002 2982 3071 τὴν
3006 3002 3129 3055 κατ’
3153 3002 3289 3056 αὐτὸ
3306 3003 3367 3056 τὸ
3386 3004 3548 3076 ἔργον

1954 3090 2235 3161 ἁμαρτίαν
2283 3090 2555 3154 ὠθοῦντες
2607 3091 2856 3156 τούτους,
2908 3091 3174 3164 πολέμοις
3227 3096 3546 3169 ἀφορήτοις,

1951 3185 2093 3254 τάχα
2125 3182 2231 3237 κᾶν
2260 3181 2405 3237 οὕτω
2436 3181 2712 3255 δυνηθῶσι
2763 3185 2863 3253 τῆς
2894 3186 2975 3249 εἰς
3016 3186 3255 3257 Χριστὸν
3283 3189 3544 3256 πίστεως,

1953 3275 2048 3328 καὶ
2074 3275 2173 3344 τῆς
2206 3274 2396 3345 εὐχῆς,
2430 3274 2527 3328 καὶ
2557 3274 2930 3339 εὐελπιστίας,
2959 3277 3271 3348 ἀποστῆσαι
3302 3280 3427 3342 τούς
3445 3297 3547 3334 πε-

1949 3365 2394 3436 πολεμημένους.
2440 3364 2582 3419 Ἀλλ’
2634 3366 2817 3436 ἡμεῖς,
2881 3365 2957 3428 ὥς
2991 3383 3127 3435 φησι
3162 3369 3350 3444 Δαϐὶδ,
3399 3390 3418 3421 ι
3470 3371 3543 3424 Οὐ

1955 3453 2030 3525 μὴ
2061 3454 2397 3526 ἀποστῶμεν
2446 3453 2554 3507 ἀπὸ
2589 3453 2708 3520 σοῦ,
2742 3453 2848 3518 ἕως
2875 3449 2935 3510 οὗ
2982 3458 3344 3529 οἰκτειρήσεις
3373 3460 3544 3529 ήμᾶς,
3582 3476 3608 3495 κ

1953 3547 2046 3598 καὶ
2081 3548 2474 3618 μακρυνθῶσιν
2508 3547 2603 3618 ἀφ’
2631 3545 2789 3618 ήμῶν
2813 3546 2862 3600 οί
2894 3549 3290 3614 καταπίνοντες
3323 3553 3491 3620 ήμᾶς.
3520 3570 3538 3600 ι

1950 3637 2024 3686 Οὐ
2062 3637 2140 3705 μή
2166 3639 2500 3706 ἀποστῶμεν
2527 3640 2636 3690 ἀπὸ
2665 3637 2760 3691 σοῦ
2794 3640 2988 3711 μέχρις
3011 3638 3078 3694 ἀν
3109 3641 3422 3715 προστάξης
3447 3643 3543 3710 ἀφ’

1950 3725 2107 3794 ἡμῶν
2164 3726 2424 3778 ἀπελθεῖν
2465 3730 2593 3788 τοὺς
2644 3730 3014 3795 πειράζοντας
3045 3733 3214 3800 ἡμᾶς,
3275 3735 3370 3788 καὶ
3404 3736 3542 3799 ζωο-

1951 3810 2274 3882 ποιηθῶμεν
2327 3813 2396 3866 δι’
2447 3813 2729 3884 ὑπομονῆς
2783 3817 2878 3868 καὶ
2936 3819 3175 3887 στερρᾶς
3246 3823 3539 3888 ἀπαθείας.

1956 3899 2093 3953 λιότι
2153 3902 2512 3973 πειρατήριον
2559 3906 2711 3956 ἐστιν
2740 3903 2768 3954 ὁ
2817 3905 2931 3975 βίος
2966 3905 3061 3960 τοῦ
3087 3908 3402 3977 ἀνθρώπου,
3444 3918 3542 3967 καὶ

1946 3991 2137 4062 χρόνον
2169 3994 2368 4049 τακτὸν
2408 3994 2667 4059 πολλάκις
2709 3995 2816 4048 ὐπὸ
2850 3997 2976 4060 τούς
3012 3998 3182 4063 πόδας
3229 4003 3338 4055 τῶν
3382 4003 3542 4057 ἀλλο-

1944 4084 2111 4154 τρίων
2147 4084 2369 4138 πίπτειν
2425 4086 2776 4157 έτοιμάξεται
2827 4087 2980 4159 παρά
3037 4088 3130 4142 τοῦ
3164 4092 3535 4160 ἀγωνοθέτου*

1949 4172 2327 4243 μεγαλοφυοῡς
2378 4172 2435 4229 δὲ
2483 4175 2663 4247 ψυχῆς
2718 4182 2815 4231 καὶ
2862 4181 3119 4246 γενναίας
3180 4183 3333 4252 ίδιον,
3371 4186 3432 4240 τὸ
3463 4187 3538 4259 μὴ

1950 4266 2356 4334 ἀπογινώσκειν
2381 4270 2438 4321 ἐν
2470 4273 2798 4341 συμφοραῖς.

2011 4357 2119 4424 Eg’.
2176 4360 2240 4412 Εἰ
2268 4360 2524 4415 τοσοῦτον
2556 4363 2730 4433 ἰσχύει
2764 4363 3000 4435 δαίμων,
3027 4363 3170 4420 ὥστε
3201 4369 3298 4421 καὶ
3347 4369 3423 4442 μὴ
3447 4370 3536 4424 οέ-

1942 4451 2129 4513 λον-ξος
2185 4451 2278 4504 τοῦ
2332 4451 2660 4523 ἀνθρώπου,
2718 4457 3148 4525 μετασκευάζειν
3198 4457 3392 4513 τοῦτον
3444 4462 3537 4514 καὶ

1947 4542 2280 4615 μεταφέρειν
2304 4545 2442 4616 πρὸς
2461 4545 2560 4617 τὴν
2582 4546 2793 4601 οἰκείαν
2824 4548 3018 4619 φορὰν,
3052 4550 3153 4619 τῆς
3196 4551 3339 4603 κατά
3371 4552 3537 4619 φύσιν

1951 4635 2227 4690 ἐκστάντα
2251 4636 2464 4707 ἀγαθῆς
2492 4639 2903 4704 καταστάσεως,
2938 4640 3107 4694 πόσον
3130 4641 3305 4712 ἰσχύει
3336 4643 3537 4711 Ἀγγε-

1942 4722 2033 4788 λος
2059 4725 2137 4796 τῷ
2154 4726 2450 4799 ὡρισμένῳ
2464 4728 2642 4800 καιρῷ
2662 4731 2723 4783 τὸ
2750 4730 3027 4801 κέλευσμα
3040 4731 3134 4784 τοῦ
3156 4730 3291 4786 Θεοῦ
3304 4732 3503 4805 δεξάμε
3517 4762 3534 4775 -

1943 4834 2059 4884 vo;,
2084 4820 2268 4873 πᾶσαν
2313 4821 2408 4873 ἐπὶ
2437 4822 2498 4874 τὸ
2537 4826 2787 4893 κρεῖττον
2823 4827 3157 4895 μεταγαγεῖν
3182 4827 3280 4897 τὴν
3309 4826 3404 4880 τοῦ
3434 4829 3534 4882 ἀν-

1944 4908 2163 4978 θρώπου
2186 4910 2457 4979 διάθεσιν;
2485 4914 2595 4968 Καὶ
2630 4915 2658 4968 ὁ
2687 4915 3024 4986 πάμψυχρος
3053 4916 3254 4988 βορρᾶς
3281 4914 3535 4973 τοσοῦτον

1941 5000 2246 5073 ἐξίσχυσεν,
2295 5002 2436 5058 ὥστε
2486 5005 2624 5076 πρὸς
2668 5006 2768 5075 τὴν
2803 5007 2912 5060 τῶν
2970 5007 3137 5061 λίθων
3188 5010 3532 5081 σκληρότητα

1945 5096 2312 5165 μεταποιῆσαι
2342 5097 2441 5164 τὴν
2484 5096 2580 5150 τοῦ
2623 5095 2815 5160 ὕδατος
2846 5098 3216 5169 ἁπαλωτάτην
3267 5101 3453 5167 φύσιν,
3480 5101 3533 5154 τί

1942 5184 2008 5237 ἂν
2034 5186 2233 5257 ποιήσῃ
2253 5187 2280 5239 ὁ
2304 5187 2637 5257 θερμότατος
2668 5188 2875 5254 Νότος;
2908 5189 2958 5240 εἰ
3011 5188 3039 5240 ὁ
3073 5191 3180 5261 ἀὴρ
3230 5190 3351 5244 λίαν
3380 5209 3534 5244 κατε-

1941 5275 2242 5344 ψυγμένος,
2269 5278 2337 5329 τά
2362 5278 2541 5331 πάντα
2568 5277 2715 5347 αὐτῷ
2736 5277 2954 5342 ὑπεῖξαι
2984 5280 3075 5330 καὶ
3109 5282 3528 5345 κατασκευάζει·

1941 5368 2024 5429 τίς
2045 5368 2153 5437 γὰρ
2191 5369 2559 5437 ὐποστήσεται
2591 5369 2732 5423 κατά
2764 5370 3057 5440 πρόσωπον
3104 5370 3311 5441 ψύχους
3346 5390 3360 5437 ;
3411 5372 3531 5436 πῶς

1941 5459 2041 5510 οὐκ
2072 5458 2137 5511 ἂν
2174 5458 2309 5527 πρὸς
2357 5460 2558 5528 ἑαυτὴν
2591 5462 2624 5531 ή
2663 5460 2846 5531 θέρμη
2884 5462 2954 5515 τὰ
2991 5462 3169 5517 πάντα
3208 5466 3525 5537 μεταϐάλῃς

1942 5548 2006 5600 Τί
2061 5542 2169 5617 γὰρ
2202 5548 2571 5620 ὐποστήσεται
2603 5552 2745 5604 κατά
2800 5551 3094 5621 πρόσωπον
3150 5554 3393 5625 θέρμης;
3436 5558 3529 5608 Πι-

1946 5640 2260 5711 στεύσωμεν
2289 5640 2380 5695 οὐν
2417 5642 2510 5694 τὸν
2539 5643 2747 5713 ψυχρόν
2807 5661 2867 5696 τε
2910 5645 3002 5697 καὶ
3040 5645 3247 5715 μέλανα
3278 5645 3528 5719 ἄνθρακα

1945 5732 2039 5800 τῆς
2087 5733 2321 5798 διανοίας
2356 5734 2512 5805 ἡμῶν
2559 5734 2653 5804 64αέ
2715 5752 2865 5801 ποτε,
2899 5737 2929 5805 ἢ
2962 5735 3177 5804 θᾶττον,
3231 5736 3433 5809 θερμόν
3468 5756 3525 5794 τί
