4014 6122
459 313 596 382 1851

460 446 556 498 καὶ
606 443 875 515 φωτοειδῆ
922 441 1142 496 ἕσασθαι
1194 441 1262 512 τῇ
1305 439 1581 513 προσϐολῇ
1643 439 1738 494 τοῦ
1768 439 2045 496 θειοτάτου

460 548 653 607 πυρος.

535 627 635 692 ξζν.
686 625 841 680 Ἐστι
870 642 954 689 τις
985 625 1080 677 καὶ
1121 623 1213 676 ἐπὶ
1261 622 1356 676 τοῦ
1383 627 1651 692 παρόντος
1686 623 2044 684 κατάστασις,

466 725 772 797 μαρτύριον
803 723 898 776 καλ⁵
954 724 1180 791 σημεῖον
1206 718 1285 789 τῷ
1338 718 1594 789 ἡμετέρῳ
1623 719 1680 770 ἐν
1713 715 1792 788 τῷ
1820 715 2049 787 κρυπτῷ

476 817 673 885 Ἰωσὴφ
701 814 964 883 τιθεμένη
1002 811 1270 873 ἀπαθείας
1295 810 1353 863 ἐν
1386 813 1583 880 ἐσμεν·
1625 808 1746 862 καθ’
1779 808 1845 879 ῆν
1867 810 1895 862 6
1927 807 2049 869 νοῦς

465 905 695 972 ἐξελθὼν
727 904 787 969 ἐξ
814 903 1113 972 Αἰγύπτου,
1168 902 1464 970 ἀφίσταται
1495 901 1592 970 μὲν
1622 899 1731 952 τῶν
1785 897 2050 968 ἐμπαθῶν

466 999 702 1068 ἀρσεων,
732 998 826 1049 καί
854 997 952 1064 τῆς
977 997 1034 1046 ἐν
1057 991 1134 1063 τῷ
1162 993 1368 1063 κοφίνῳ
1390 991 1756 1060 αἱσχροτάτης
1781 988 2050 1055 δουλείας,

467 1089 719 1156 γλῶσσαν
751 1086 810 1140 δέ
857 1087 924 1157 ῆν
951 1086 1050 1138 οὐκ
1105 1084 1247 1152 έγνω
1272 1081 1493 1136 ἀκούει·
1519 1082 1621 1134 οὐκ
1667 1081 1746 1132 ἔτι
1799 1079 2052 1148 γλῶσσαν

468 1180 741 1252 δαιμόνων
779 1177 1057 1251 ῥυπαρὰν,
1114 1175 1209 1228 καὶ
1244 1173 1551 1244 φθαρτικὴν
1581 1174 1679 1241 τῆς
1728 1170 1894 1241 ὀρθῆς
1939 1170 2056 1222 διας

469 1273 643 1337 νοίας,
668 1272 803 1325 ἀλλά
826 1269 1077 1338 γλῶσσαν
1104 1266 1267 1335 ἁγίαν
1299 1266 1634 1334 φωτοφόρων
1659 1264 1933 1332 ἀγγέλων,
1962 1281 2059 1334 με·

470 1363 855 1420 τατυπούντων
889 1362 981 1414 τὸν
1003 1358 1130 1412 νοῦν
1161 1359 1269 1411 ἀπὸ
1300 1359 1392 1409 τοῦ
1415 1359 1664 1426 σώματος
1695 1355 1790 1408 ἐπὶ
1827 1355 1890 1408 τὸ
1911 1354 2059 1409 ἀσώο

474 1475 680 1529 ματον·
744 1453 998 1524 γλῶσσαν
1055 1451 1390 1521 φωτιστικῆν
1444 1450 1542 1518 τῆς
1601 1448 1895 1519 δεχομένης
1951 1448 2058 1518 ψυ-

508 1567 596 1619 ης.

472 1569 649 1710 “at
697 1635 947 1692 Ἤκουσά
989 1651 1154 1688 τινων
1216 1632 1463 1701 ἀδελφῶν
1516 1634 1943 1703 ἀρρωστουντων
1999 1630 2060 1682 τὸ

478 1733 638 1802 σῶμα
683 1728 1002 1792 ἀνενδότως,
1055 1726 1151 1779 καὶ
1188 1724 1267 1796 μὴ
1307 1725 1623 1794 δυναμένων
1665 1722 1964 1794 κεχρῆσθαι
1995 1724 2060 1793 τῇ

477 1821 724 1894 νηστείᾳ,
755 1820 1055 1891 εἰρηκότων
1087 1817 1222 1888 πρός
1252 1832 1317 1886 με
1338 1831 1352 1846 ·
1399 1814 1520 1876 Πῶς
1582 1813 1859 1882 δυνάμεθα
1893 1812 2064 1884 χωρὶς

479 1911 734 1982 νηστείας
764 1907 1146 1974 ἀπαλλαγῆναι
1168 1905 1262 1958 τοῦ
1295 1903 1546 1957 διαϐόλου
1579 1905 1673 1956 καὶ
1696 1903 1805 1956 τῶν
1837 1902 2061 1967 παθῶν;

482 2006 629 2075 Πρὸς
657 2001 750 2066 οὓς
776 2000 998 2053 λεκτέον
1024 2039 1038 2062 ,
1063 1999 1146 2050 δτι
1167 1999 1244 2050 Οὐ
1280 1995 1440 2066 μόνον
1468 1995 1556 2048 διά
1579 1995 1676 2063 τῆς
1711 1995 1922 2064 ἀποχῆς
1957 1993 2065 2046 τῶν

489 2097 789 2165 ἐδωδίμων,
822 2092 958 2145 άλλά
990 2090 1086 2143 καὶ
1134 2089 1224 2142 διά
1259 2089 1510 2158 κραυγῆς
1556 2087 1782 2156 καρδίας
1811 2085 2064 2155 ἐκτρίψαι

482 2188 578 2242 καὶ
626 2181 1009 2253 ἐξοστρακίσαι
1041 2178 1337 2251 δυνήσεσθε
1392 2177 1460 2230 τά
1501 2193 1559 2229 τε
1602 2176 1781 2245 φαῦλα
1809 2175 1905 2229 καὶ
1944 2176 2070 2237 τοὺς

483 2279 592 2332 τῶν
654 2275 872 2344 φαύλων
909 2273 1214 2335 ὐποϐολεῖς.
1275 2289 1293 2321 ι
1343 2269 1684 2338 Ἐκέκραξαν
1728 2269 1859 2338 γὰρ,
1911 2269 2069 2336 φησι,

487 2369 622 2437 πρὸς
654 2368 858 2437 Κύριον
895 2366 952 2417 ἐν
991 2362 1070 2433 τῷ
1102 2359 1387 2416 θλίϐεσθαι
1418 2362 1638 2425 αὐτοὺς,
1681 2359 1774 2412 καὶ
1800 2357 2074 2432 ἐρρύσατο

487 2458 708 2522 αὐτούς.
748 2479 766 2509 ι
793 2459 903 2510 Καὶ
935 2455 1098 2510 πάλιν
1128 2453 1463 2526 γέγραπται·
1506 2473 1524 2504 ι
1571 2452 1666 2505 Ἐκ
1697 2451 1907 2514 κοιλίας
1941 2450 2070 2522 ᾅδου

487 2553 738 2620 κραυγῆς
783 2567 884 2618 μου
914 2548 1154 2619 ῆκουσας
1193 2544 1377 2616 φωνῆς
1411 2560 1546 2612 μου·
1585 2543 1680 2596 καὶ
1727 2543 1985 2612 ἀναϐήτω
2010 2545 2074 2596 ἐκ

488 2641 697 2712 φθορᾶς
721 2643 754 2711 η
785 2639 897 2709 ζωή
937 2655 1059 2708 μου.
1097 2655 1114 2687 ι
1149 2637 1350 2705 Διόπερ
1383 2623 1575 2704 μέχρις
1606 2633 1730 2686 ὅτου
1761 2630 2008 2702 παρέλθῃ
2037 2631 2073 2702 ῆ

486 2731 710 2802 ἀνομία,
755 2731 1033 2784 τουτέστιν
1065 2731 1096 2798 ἡ
1134 2727 1417 2797 ἐνόχλησις
1475 2727 1572 2796 τῆς
1622 2725 1923 2796 ἁμαρτίας,
1979 2739 2071 2775 κε-

487 2822 784 2892 κράξομαι,
830 2820 984 2890 φησὶ,
1041 2821 1180 2888 1:96;
1231 2818 1324 2871 τὸν
1347 2818 1482 2870 θεὸν
1536 2818 1626 2869 τὸν
1654 2816 1898 2884 ὕψιστον,
1926 2815 2075 2878 ὅπως

489 2913 753 2982 μεγίστην
782 2911 1101 2982 εὐεργεσίαν
1118 2909 1482 2982 δωρούμενος,
1502 2908 1674 2978 αὐτὴν
1695 2925 1754 2960 τε
1781 2906 1878 2977 τὴν
1905 2922 2074 2976 προσ-

487 3001 650 3072 ϐολήν
675 3003 774 3071 τῆς
801 3002 1075 3073 ἁμαρτίας
1130 3000 1431 3072 ἐξαφανίσῃ
1481 3003 1548 3070 τῇ
1596 2998 1785 3053 ἐαυτοῦ
1832 2995 2071 3068 ἐξουσίᾳ,

489 3092 585 3145 καὶ
605 3093 674 3145 τα
700 3091 801 3158 τῆς
843 3092 1125 3162 ἐμπαθοῦς
1151 3092 1392 3153 διανοίας
1425 3091 1620 3144 εἴδωλα
1647 3088 1929 3162 ἐξαλείψῃ,
1983 3087 2074 3139 καὶ

490 3173 989 3251 άνειδώλους’δείξῃ
1021 3182 1120 3242 τὰς
1151 3181 1279 3250 παρ’
1322 3182 1479 3249 ἡμῶν
1516 3180 1874 3242 κατειδώλους
1914 3179 2076 3232 ἀσθεο

491 3276 636 3339 νείας
666 3275 777 3348 Ῐῖσ,
813 3277 912 3338 τὰς
957 3275 1089 3345 παρ’
1138 3275 1272 3344 ἡμῖν
1303 3270 1662 3335 κατειδώλους
1709 3269 1986 3342 Ἀθῆνας].
2012 3272 2074 3324 Εί

489 3368 778 3437 τοίνυνομὴ
800 3366 1032 3437 εἴληφας
1063 3367 1312 3437 χάρισμα
1343 3364 1695 3436 ἐγκρατείας,
1722 3365 1960 3432 γίνωσκε
1992 3364 2074 3416 ὅτι

491 3459 560 3513 δι’
583 3459 748 3529 εὐχῆς
770 3460 864 3511 καὶ
887 3459 1100 3522 ἐλπίδος
1118 3457 1262 3510 θέλει
1294 3474 1351 3509 σε
1376 3459 1403 3509 6
1425 3455 1630 3527 Κύριος
1656 3455 2075 3525 εἰσακουσθῆναι

493 3549 770 3617 δεόμενον.
815 3549 1101 3615 Ἐγνωκὼς
1166 3543 1260 3600 οῦν
1321 3545 1383 3598 τδ
1409 3546 1730 3598 δεσποτικὸν
1773 3547 1966 3616 κρῖμα,
2001 3545 2077 3616 μὴ

495 3642 697 3710 ἀθύμει
742 3641 834 3692 ἐπὶ
868 3641 932 3709 τῇ
967 3639 1062 3707 τῆς
1101 3639 1387 3708 ἀσκήσεως
1418 3636 1728 3709 ἀδυναμίαο
1769 3637 1970 3706 μᾶλλον
2017 3638 2076 3692 δέ

495 3733 583 3795 δὸς
613 3733 876 3804 ἐργασίαν
919 3730 1266 3802 ἀπηλλάχθαι
1296 3729 1388 3784 τοῦ
1431 3729 1653 3801 ἐχθροῦ,
1687 3730 1754 3783 δι’
1781 3730 1948 3800 εὐχῆς
1983 3735 2078 3784 καὶ

493 3825 769 3895 ὑπομονῆς
817 3824 1167 3895 εὐχαρίστου.
1220 3823 1349 3877 Ἐὰν
1398 3819 1494 3876 οῦν
1544 3823 1816 3876 διώκωσιν
1852 3824 1996 3893 ὑμᾶς
2028 3824 2079 3876 οἱ

491 3917 744 3987 λογισμοὶ
773 3917 874 3987 τῆς
906 3916 1215 3980 ἀσθενείας,
1255 3917 1352 3968 καὶ
1412 3918 1512 3986 τῆς
1554 3916 1937 3986 ταλαιπωρίας
1970 3916 2078 3969 ἀπὸ

491 4009 590 4078 τῆς
622 4009 828 4070 πόλεως
856 4007 954 4077 τῆς
975 4008 1356 4077 νηστευτρῖας,
1391 4007 1620 4075 φεύγετε
1643 4009 1722 4072 εἰς
1756 4008 1854 4077 τῆν
1875 4007 2072 4076 ἄλλην·

491 4097 772 4149 τουτέστιν
817 4097 898 4157 εἰς
930 4095 1030 4166 τὴν
1074 4095 1239 4165 εὐχὴν
1303 4095 1395 4147 καὶ
1451 4097 1530 4159 είς
1559 4097 1658 4165 τὴν
1703 4096 2074 4166 εὐχαριστίαν.

567 4189 664 4254 ξθ’.
695 4189 863 4256 Φησὶν
888 4190 917 4241 ό
948 4188 1150 4258 Φαραὼ
1184 4189 1440 4242 ἱκετεύων
1462 4205 1477 4221 ⁸
1513 4208 1530 4241 ι
1561 4189 1868 4260 Περιελέτω
1898 4192 1924 4242 ὁ
1946 4188 2078 4250 Θεὸς

494 4276 589 4330 ἀπ’
619 4277 754 4346 ἐμοῦ
812 4277 903 4330 τὸν
955 4271 1190 4332 θάνατον
1240 4277 1450 4344 τοῦτον,
1505 4298 1523 4329 ι
1561 4280 1654 4331 καὶ
1700 4277 2072 4350 εἰσηκούσθη·

493 4367 695 4438 ὁμοίως
724 4369 783 4421 δέ
831 4368 926 4420 καὶ
951 4369 1000 4422 οἰ
1030 4369 1285 4438 δαίμονες
1332 4369 1810 4439 παρακαλέσαντες
1846 4371 1937 4424 τὸν
1963 4370 2080 4424 Κύ-

497 4477 612 4532 ριον
639 4461 725 4513 ἵνα
759 4461 837 4531 μὴ
871 4465 937 4531 τῇ
975 4461 1200 4533 ἀϐύσσῳ
1231 4462 1733 4532 παραπεμφθῶσιν,
1763 4462 1955 4532 ἔτυχον
1981 4460 2076 4516 τοῦ

495 4553 798 4623 αίτήματος
820 4568 833 4583 ο
868 4553 1019 4623 πόσῳ
1047 4553 1250 4622 μᾶλλον
1280 4553 1770 4623 εἰσακουσθήσεται
1805 4555 2070 4626 Χριστια·

495 4644 584 4708 νὸς
609 4643 916 4716 ἄνθρωπος,
951 4645 1205 4716 δεόμενος
1225 4644 1538 4716 ἐλευθερίας
1567 4648 1751 4717 τυχεῖν
1772 4646 1864 4698 τοῦ
1884 4645 2076 4718 νοητοῦ

498 4739 768 4804 Θανάτου;

568 4830 632 4887 0'.
679 4833 738 4886 ὐ
760 4832 951 4903 χρόνον
974 4831 1097 4884 τινα
1138 4831 1241 4885 ὐπὸ
1267 4833 1366 4902 τῆς
1404 4829 1554 4895 θείας
1586 4829 1958 4900 φωτιζόμενος
1987 4828 2080 4881 καὶ

497 4923 911 4992 ἀναπαυόμενος
939 4922 1184 4991 χάριτος,
1218 4922 1357 4991 μετά
1387 4920 1444 4974 δέ
1466 4921 1576 4991 -τὴν
1603 4919 1808 4991 ταύτης
1843 4919 2077 4973 ὑποστο-

499 5013 617 5084 λὴν,
684 5012 1024 5082 ῥεμϐασμοίς
1083 5011 1448 5082 περιπίπτων,
1508 5013 1603 5064 καὶ
1655 5010 1942 5079 γογγύζων
1992 5010 2081 5065 διὰ

500 5105 676 5170 τοῦτο,
709 5105 805 5160 καὶ
863 5106 937 5174 μὴ
975 5105 1382 5176 άνδριζόμενος,
1427 5103 1512 5157 διά
1542 5104 1639 5173 τῆς
1675 5103 1886 5166 ἱκεσίας
1920 5102 2082 5157 πάλιν

499 5197 1011 5251 ἐπανακαλέσασθαι
1046 5197 1146 5267 τὴν
1197 5198 1466 5266 σωτήριον
1518 5196 1736 5265 ἐκείνην
1800 5195 2078 5264 πληροφο-

503 5289 645 5356 ρίαν,
678 5288 791 5340 άλλ’
820 5286 1236 5352 ἀποδυσπετῶν,
1264 5287 1448 5357 ὅμοιός
1470 5287 1586 5339 ἐστι
1610 5283 1811 5356 πτωχῷ
1861 5284 2081 5338 λαϐόντι

500 5381 874 5452 ἐλεημοσύνην
904 5380 1012 5433 ἀπὸ
1041 5379 1136 5433 τοῦ
1168 5379 1456 5443 παλατίου,
1494 5377 1591 5430 καὶ
1617 5377 2081 5447 δυσανασχετοῦν-

499 5488 574 5535 τι,
607 5473 740 5525 διότι
786 5474 886 5526 οὐκ
918 5471 1166 5542 εἰσῆλθεν
1207 5473 1316 5526 έσω
1386 5471 1780 5540 συναριστῆσαι
1811 5469 1888 5539 τῷ
1921 5469 2078 5539 βασι-

502 5581 601 5616 Λει.

571 5650 671 5706 οα’.
713 5672 730 5704 ι
770 5653 1046 5726 Μακάριοι
1077 5655 1125 5708 οἰ
1163 5654 1240 5725 μῆ
1291 5654 1491 5717 ἰδόντες
1520 5670 1587 5724 με
1615 5651 1708 5706 καὶ
1752 5651 2078 5706 πιστεύσαν-

503 5753 610 5804 τες,
657 5759 673 5791 ι
705 5743 776 5805 ὡς
821 5744 1079 5814 μακάριοι
1115 5745 1163 5796 οἱ
1222 5744 1344 5798 καθ’
1371 5741 1674 5811 ύποστολήν
1709 5743 1807 5814 τῆς
1860 5744 2078 5813 χάριτος

1669 311 1994 374 JOAN-NIS
2022 308 2442 369 CARPATHII

3569 301 3712 366 1852

2129 435 2207 507 μὴ
2247 417 2600 505 ἱύρίσκοντες
2658 426 3006 503 παράκλησιν
3047 427 3106 482 ἐν
3145 427 3389 490 ἐαυτοῖςο
3431 424 3716 496 μᾶλλονδὲ

2127 525 2436 595 παράτασιν
2467 521 2756 593 βλέποντες
2787 519 2895 574 τῶν
2927 517 3216 590 θλιϐερῶν,
3252 517 3346 570 καί
3391 515 3584 578 σκότος
3617 514 3716 584 βα.⁴

2127 621 2213 684 θὺ,
2267 617 2362 672 καὶ
2395 616 2469 688 μὴ
2499 612 2976 682 ἀπογινώσκοντες
3001 623 3016 641 ⁸
3058 609 3195 664 ἀλλά
3221 608 3404 661 πίστει
3435 607 3719 679 ῥωννύμε-

2127 729 2229 777 νοι,
2266 711 2324 763 ἐν
2355 709 2435 781 τῷ
2471 706 2715 778 νομίζειν
2746 705 2881 777 ὁρᾷν
2908 704 3003 757 τὸν
3039 701 3267 773 ἀόρατον
3295 700 3388 753 καὶ
3417 701 3720 769 καρτερεῖν

2129 802 2414 873 γενναίως.

2201 889 2298 960 οβ’.
2345 888 2411 942 Ἦ
2446 886 2589 941 κατά
2619 887 2776 958 χάριν
2803 883 2940 939 Θεοῦ
2970 882 3149 955 καιρῷ
3168 883 3284 952 ἰδίῳ
3315 885 3453 952 μετὰ
3483 881 3714 942 πολλοὺς

2131 981 2366 1050 ἀγῶνας,
2399 980 2494 1032 καὶ
2526 979 2729 1049 λύπην,
2767 978 2861 1030 καὶ
2883 977 3098 1048 δάκρυα
3127 975 3380 1045 διδομένη
3419 974 3717 1045 οὐρανόθεν

2132 1075 2244 1134 τοῖς
2301 1071 2506 1141 ταύτην
2549 1067 2775 1140 ζητοῦσι
2829 1063 3328 1141 ταπεινοφροσύνη,
3391 1062 3718 1131 ἰσχυροτέρα

2134 1163 2256 1218 καθ’
2293 1163 2601 1234 ὑπερϐολὴν
2626 1160 2718 1214 καὶ
2747 1157 2946 1229 μείζων
2974 1156 3320 1227 ύπάρχειτῆς
3337 1173 3531 1210 ταπειν
3553 1157 3718 1217 τίσεως

2134 1258 2234 1327 τῆς
2259 1256 2648 1327 ἐπιγινομένης
2668 1255 2781 1316 τοῖς
2801 1251 3230 1306 ἀποπεπτωκόσι
3258 1250 3356 1318 τῆς
3387 1250 3618 1319 ἀρετῆ;’
3650 1242 3718 1319 ἦς

2134 1349 2184 1402 οἰ
2216 1344 2668 1412 καταξιωθέντες,
2707 1343 2904 1397 τέλειοι
2941 1339 3157 1410 ἀληθῶς
3204 1339 3416 1411 ἄνδρες.
3472 1339 3566 1392 καὶ
3597 1339 3719 1390 ἀνε-

2138 1438 2317 1510 πηρέα
2327 1452 2458 1490 στοι.

2209 1536 2308 1599 ογ¹.
2333 1530 2461 1583 Ὅτε
2488 1525 2702 1596 ἀφῆκεν
2723 1524 2752 1577 ό
2779 1522 3028 1586 διάϐολος
3051 1522 3141 1576 τὸν
3161 1519 3388 1590 Κύριον,
3412 1522 3535 1574 τότε
3559 1518 3722 1594 ἦλθον

2139 1623 2189 1674 οί
2224 1619 2444 1690 ἄγγελοι
2476 1621 2571 1672 καὶ
2603 1615 2890 1687 διηκόνουν
2921 1612 3092 1684 αὐτῷ.
3135 1613 3331 1666 ’ἰστέον
3360 1613 3560 1678 τοίνυν,
3617 1615 3721 1679 ὃτι,

2145 1713 2337 1782 ὥσπερ
2371 1713 2433 1765 οὐ
2467 1712 2784 1782 γέγραπται
2839 1707 2899 1761 ἐν
2929 1705 3009 1778 τῷ
3061 1705 3419 1776 πειράζεσθαι
3451 1705 3610 1758 αὐτὸν
3641 1705 3724 1759 ὅτι

2142 1805 2396 1874 παρῆσαν
2417 1803 2467 1856 οἱ
2493 1801 2737 1872 ἄγγελοι,
2759 1799 2903 1853 οὕτω
2937 1797 3034 1852 καὶ
3086 1797 3242 1869 ἡμῶν
3285 1794 3722 1868 πειραζομένων,

2146 1897 2320 1968 καιρῷ
2343 1913 2474 1962 τινι,
2512 1893 2891 1967 ὑποχωροῦσιν
2923 1893 2985 1947 οὐ
3039 1890 3256 1964 μακρὰν
3285 1891 3336 1944 οἰ
3374 1889 3590 1960 ἄγγελοι
3622 1888 3723 1942 τοῦ

2145 1991 2280 2044 Θεοῦ
2302 2008 2314 2021 ⁸
2354 1985 2473 2042 εἶτα
2507 1990 2645 2059 μετὰ
2671 1988 2770 2058 τὴν
2809 1985 3164 2056 ἀναχώρησιν
3187 1983 3294 2037 τῶν
3327 1981 3722 2052 πειραζόντων,

2147 2082 2396 2151 ἔρχονται
2450 2081 2589 2152 πρὸς
2639 2081 2810 2148 ἡμᾶς,
2867 2077 3244 2141 διακονοῦντες
3297 2076 3414 2129 θεῖα
3449 2077 3732 2144 νοήματα,

2149 2175 2537 2248 στηρίγματα,
2588 2173 2904 2244 φωτισμὸν,
2967 2171 3299 2237 κατάνυξιν,
3353 2173 3729 2243 παρηγορίαν,

2149 2267 2449 2340 ὑπομονὴν,
2487 2265 2824 2334 γλυκασμὸν,
2853 2265 2950 2318 καὶ
2978 2266 3078 2320 ὅσα
3115 2265 3304 2329 σώζει,
3337 2266 3433 2318 καὶ
3470 2265 3738 2336 ἐνισχύει,

2149 2361 2242 2415 καὶ
2273 2359 2576 2414 ἀνακτάται
2608 2356 2784 2428 ψυχὴν
2825 2357 3190 2411 κοπιάσασαν.
3226 2357 3461 2428 Εἴρηται
3513 2358 3622 2427 γὰρ
3656 2358 3736 2426 τῷ

2147 2449 2464 2519 Ναθαναὴλ,
2488 2449 2570 2501 ὅτι
2598 2467 2616 2499 ι
2654 2449 2815 2514 ὐέει
2861 2449 2987 2510 τοὺς
3040 2448 3306 2516 ἀγγέλους
3341 2448 3738 2510 ἀναϐαίνοντας

2149 2543 2244 2594 καὶ
2269 2539 2694 2600 καταϐαίνοντας
2711 2539 2803 2590 ἐπί
2819 2537 2909 2590 τὸν
2929 2539 3052 2593 Υίὺν
3069 2537 3162 2590 τοῦ
3183 2536 3497 2607 ἀνθρώπου·
3529 2557 3547 2590 ι
3583 2555 3742 2591 τουτ-

2151 2633 2316 2691 ἐστιν,
2350 2631 2444 2683 ἐπὶ
2484 2630 2542 2681 τὸ
2566 2628 2718 2696 γένος
2747 2627 2854 2678 τῶν
2919 2626 3224 2697 ἀνθρώπων
3260 2629 3293 2696 ἠ
3344 2628 3452 2680 τῶν
3492 2630 3742 2696 ἀγγέλων

2150 2721 2396 2774 διακονία
2413 2721 2506 2774 καὶ
2530 2719 2756 2790 βοήθεια
2773 2718 3040 2780 πλουσίως
3059 2717 3448 2788 ἐκχυθήσεται.

2221 2812 2314 2864 οδ’.
2345 2812 2611 2881 Μέμνησο
2629 2807 2722 2861 τοῦ
2745 2808 3048 2879 ἀρχιερέως
3084 2807 3319 2873 ἐκείνου,
3347 2803 3410 2862 οῦ
3457 2810 3518 2860 ἐκ
3549 2807 3747 2873 δεξιῶν

2153 2901 2357 2973 ἐστάθη
2401 2903 2429 2953 ὁ
2479 2899 2724 2963 διάϐολος
2771 2897 3115 2952 ἀντικεῖσθαι
3165 2898 3315 2968 αὐτῷ
3371 2901 3537 2951 παντὶ
3583 2899 3744 2969 δέξ;ᾧ

2154 2995 2406 3064 νοήματι,
2436 2992 2531 3046 καὶ
2550 2993 2715 3062 λόγῳ,
2737 2991 2830 3044 καὶ
2862 2989 3171 3060 πράγματι,
3205 2991 3354 3054 ὅπως
3385 2989 3451 3044 ἀν
3483 2989 3560 3061 μὴ
3592 2991 3740 3061 θαμο

2155 3084 2328 3157 ϐηθῇς
2357 3086 2450 3138 ἐπ)⁸
2475 3087 2589 3148 τοῖς
2626 3082 3040 3154 συμϐαίνουσιν.

2221 3185 2313 3232 σε’.
2357 3176 2716 3231 Ἐπίστασθαι
2759 3175 3028 3248 προσήκει
3089 3173 3182 3228 τὸν
3239 3175 3498 3245 μοναχὸν,
3532 3174 3586 3227 τί
3635 3175 3738 3245 μὲν

2155 3270 2394 3341 ὑπάρχει
2425 3271 2699 3332 ἀσθένεια,
2725 3269 2870 3323 κατά
2897 3269 2978 3331 τὺ,
3022 3267 3272 3338 Ἐλέησόν
3301 3285 3367 3337 με
3397 3270 3478 3321 ὅτι
3502 3269 3738 3338 ἀσθενής

2155 3363 2305 3433 εἰμι·
2353 3363 2406 3414 τί
2432 3362 2488 3414 δέ
2516 3363 2823 3415 ἀποστασία
2880 3361 2990 3415 ἀπὸ
3020 3361 3110 3414 τοῦ
3151 3359 3303 3422 Θεοῦ,
3343 3362 3478 3430 ὅπερ
3515 3361 3740 3432 νόσημά

2153 3455 2269 3507 ἐστι
2299 3453 2377 3524 τῷ
2409 3453 2640 3524 διαϐόλῳ
2669 3453 2765 3506 καὶ
2791 3456 2900 3517 τοῖς
2937 3453 3187 3522 ἀγγέλοις
3217 3450 3403 3505 αὐτοῦ.

2227 3553 2331 3613 ος’.
2373 3549 2469 3602 ⁸ον
2498 3549 2698 3616 τρόπον
2727 3547 2818 3599 τὸν
2848 3547 3063 3618 σίδηρον
3087 3547 3441 3618 ἀφηλάφητον
3477 3549 3624 3599 ποιεῖ
3641 3545 3736 3600 τοῦ

2161 3641 2321 3710 πυρὸς
2346 3642 2380 3711 ἠ
2411 3641 2695 3710 συνάφεια,
2723 3639 2894 3704 οῦτως
2923 3641 2978 3695 αἱ
3001 3643 3204 3695 πυκναὶ
3240 3643 3542 3713 προσευχαὶ
3566 3644 3742 3713 ἐρρω-

2157 3730 2486 3802 μενέστερον
2518 3732 3003 3801 παρασκευάζουσι
3043 3732 3136 3786 τὸν
3163 3733 3284 3787 νοῦν
3335 3735 3414 3796 εἰς
3447 3733 3540 3786 τὸν
3574 3733 3742 3786 πόλε-

2156 3841 2256 3894 μον
2282 3823 2373 3877 τοῦ
2415 3823 2614 3894 ἐχθροῦ
2637 3840 2651 3855 ⁸
2683 3825 2764 3878 διὸ
2799 3827 2946 3896 πάσῃ
2973 3825 3229 3895 δυνάμει,
3266 3825 3421 3880 δκνον
3472 3826 3602 3897 ἡμῖν
3638 3825 3743 3894 ἐμο

2153 3917 2324 3966 ποιεῖν
2351 3915 2746 3978 σπουδάζουσιν
2793 3917 2873 3979 είς
2911 3917 3010 3988 τὴν
3045 3917 3145 3988 τῆς
3207 3919 3519 3987 προσευχῆς
3564 3917 3740 3987 προσο

2153 4004 2362 4074 ιδρίαν,
2387 4006 2588 4068 εἰδότες
2615 4005 2841 4078 ταύτην,
2869 4009 3076 4061 ἐαυτων
3111 4010 3211 4079 μὲν
3240 4007 3651 4072 ἐπίϐουλον,τοῦ
3683 4007 3742 4061 δὲ

2153 4095 2244 4148 νοῦ
2277 4097 2619 4168 ὐπέρμαχον.

2224 4186 2320 4251 οζ’.
2369 4190 2692 4256 ’Λπεδέξατο
2721 4191 2884 4245 Δαϐὶδ
2905 4191 3005 4262 τὴν
3035 4194 3347 4262 προθυμίαν
3383 4193 3489 4244 τῶν
3511 4195 3620 4246 ἀπὸ
3645 4195 3739 4260 τῆς

2153 4275 2385 4331 Σικελάκ
2403 4279 2906 4350 συνεξεληλυθότων
2924 4281 3078 4350 αὐτῷ
3105 4283 3197 4334 ἐπὶ
3224 4283 3352 4345 τοὺς
3383 4282 3739 4351 ἀλλοφύλους,

2153 4367 2201 4418 εἰ
2232 4369 2324 4421 καί
2369 4370 2734 4442 ἀτονήσαντες
2765 4371 3074 4441 ἀπέμειναν
3127 4373 3208 4436 εἰς
3259 4373 3353 4426 τὸν
3405 4374 3742 4446 χειμάρρουν

2155 4457 2346 4530 Βοσόρ.
2386 4460 2759 4531 Ἀναστρέψας
2808 4462 2919 4532 γάρ
2969 4462 3108 4534 πρὸς
3158 4464 3360 4528 αὐτοὺς
3394 4466 3535 4534 μετά
3580 4466 3740 4536 νίκης

2154 4549 2252 4619 τῆς
2278 4551 2419 4603 κατά
2443 4550 2552 4605 τῶν
2573 4553 2898 4625 Βαρϐάρων,
2941 4556 3035 4608 καὶ
3065 4554 3308 4618 ἀκούσας
3331 4555 3443 4608 τῶν
3474 4555 3742 4622 λεγόντων

2157 4641 2234 4712 μὴ
2280 4641 2390 4696 δεῖν
2415 4641 2636 4713 δοθῆναι
2686 4646 2884 4716 μερίδα
2918 4647 2986 4700 ἐκ
3024 4647 3134 4703 τῶν
3172 4646 3451 4719 λαφύρων,
3491 4651 3605 4711 τοῖς
3633 4647 3744 4700 ἀπὸ

2153 4732 2429 4798 ἐκλύσεως
2470 4737 2814 4791 καθεσθεῖσιν
2849 4740 2928 4802 εἰς
2953 4739 3045 4792 τὸν
3079 4740 3437 4811 χειμάρρουν,
3469 4739 3742 4793 κάκείνων

2156 4823 2585 4895 αἰσχυνομένων,
2615 4826 2712 4880 καὶ
2759 4828 2926 4898 μηδὲν
2975 4829 3349 4899 λαλησάντων,
3399 4827 3743 4898 ὑπεραπολο-

2155 4917 2332 4980 γείται
2381 4917 2560 4972 αὐτῶν
2590 4917 2619 4970 6
2677 4919 3043 4990 χρηστότατος
3093 4921 3259 4974 Δαϐὶδ
3301 4920 3500 4987 λέγων,
3522 4921 3610 4973 δτι
3649 4923 3744 4973 ἐπὶ

2158 5006 2264 5060 τῶν
2294 5009 2504 5062 σκευῶν
2540 5009 2916 5082 ἐκαθέσθησαν
2939 5011 3240 5083 τηροῦντες
3260 5029 3274 5042 ο
3297 5013 3489 5084 διόπερ
3517 5013 3612 5066 καὶ
3644 5013 3742 5083 τῆν

2160 5097 2283 5168 ίσην
2315 5101 2499 5166 αὐτοῖς
2551 5103 2856 5174 ἀπένειμεν
2903 5105 3101 5174 μερίδα
3130 5108 3228 5175 τῆς
3251 5105 3500 5173 δοθείσης
3529 5104 3644 5176 [τσ.
3674 5108 3742 5175 τῇ

2158 5188 2395 5262 δοθείσῃ]
2427 5196 2539 5256 τοῖς
2587 5193 2855 5265 ἀνδρείοις
2910 5181 3034 5248 καί
3063 5195 3322 5265 εύψύχοις
3352 5195 3730 5266 πολεμισταῖςς

2160 5282 2441 5354 Σκόπησον
2463 5284 2642 5338 τοίνυν
2666 5287 2824 5357 εἴπερ
2841 5288 2932 5340 καὶ
2959 5289 3051 5339 ἐπὶ
3072 5287 3303 5357 ἀδελφοῦ
3334 5305 3500 5352 τινος,
3523 5288 3624 5359 τὴν
3643 5288 3741 5357 μὲν

2161 5373 2334 5445 ἀρχὴν
2357 5375 2568 5446 θέρμην
2593 5377 3032 5449 ἐπιδειξαμένου,
3053 5379 3279 5451 ὕστερον
3304 5379 3361 5432 δὲ
3383 5380 3518 5450 πρὸς
3544 5380 3741 5451 μικρὸν

2163 5469 2509 5533 όκλάσαντος,
2546 5469 2715 5541 σκεύη
2743 5471 2840 5541 τῆς
2894 5471 3170 5542 σωτηρίας
3203 5471 3467 5542 νοηθεῖεν,
3501 5473 3532 5541 ἡ
3561 5472 3744 5530 πίστις

2163 5561 2256 5613 καὶ
2283 5561 2313 5628 ἡ
2351 5559 2706 5629 μεταμέλεια,
2744 5563 2776 5633 ή
2803 5565 3158 5629 ταπείνωσις,
3187 5564 3280 5616 καί
3303 5567 3330 5618 ό
3364 5563 3675 5633 κλαυθμὸς,
3705 5565 3737 5630 ἡ

2162 5649 2408 5720 ὑπομονὴ
2467 5651 2810 5722 καίήὲλπὶς
2869 5653 2961 5706 καὶ
3013 5655 3042 5724 ἡ
3100 5654 3472 5724 μακροθυμία,
3525 5656 3616 5707 καὶ
3673 5658 3739 5706 τά

2165 5740 2318 5810 ἑξῆς·
2358 5743 2441 5811 ἐφ’
2466 5736 2537 5798 ὧν
2567 5760 2646 5805 τις
2683 5743 2920 5816 ἀδρανὴς
2958 5746 3044 5798 τὸν
3069 5747 3268 5814 τρόπον
3303 5746 3738 5818 παρακαθεσθεὶς
