4014 6122
315 263 454 330 1853

314 399 414 452 καὶ
442 407 934 477 προσκαρτερήσας
971 411 1041 480 τῇ
1075 412 1155 474 είς
1188 411 1426 483 Χριστὸν
1462 419 1784 489 προσδοκίᾳ,
1815 419 1892 484 ὡς

313 491 463 554 εἰκὸς
490 495 749 565 τυγχάνει
772 497 914 563 τινὸς
941 501 1164 556 αίωνίου
1198 503 1426 575 δωρεᾶς.

383 586 485 651 (ιη’.
518 582 742 638 Λευῖται
778 587 880 655 μὲν
937 591 1032 642 καὶ
1058 590 1221 661 ίερεῖς
1248 591 1558 664 κέκληνται,
1579 597 1627 661 οἱ
1655 596 1892 659 ὃλουςδι’

311 672 434 725 ὅλου
453 675 680 738 ἑαυτοὺς
697 675 774 747 τῷ
789 678 909 748 Θεῷ
924 681 1266 751 ἀναθέμενοι,
1290 686 1384 743 καὶ
1405 687 1620 758 πράξει,
1644 692 1736 740 κα.
1756 688 1891 741 θεω-

315 760 410 833 ρία
427 778 440 792 ’
464 765 635 836 κτήνη
668 766 724 818 δὲ
747 768 988 821 Λευῖτῶν
1006 771 1275 838 λέγονται,
1300 776 1349 827 οί
1378 776 1453 846 μή
1486 777 1761 848 ἰσχύοντες
1788 779 1889 850 μὲν

312 855 435 907 κατ’
458 857 603 925 ίχνος
624 856 830 926 βαίνειν
853 860 963 913 τῶν
993 861 1201 930 παθῶν,
1244 865 1623 937 γλιχόμενοιδέ
1634 870 1733 940 τῆς
1756 875 1856 942 ἀρε
1872 901 1889 912 -

308 945 410 1015 τῆς
428 949 521 999 καὶ
540 947 879 1020 περὶταύτην
900 952 1111 1006 κατὰτὸ
1134 956 1409 1027 ἐγχωροῦν
1427 959 1887 1032 προθυμούμενοι,
1938 960 1944 965 ’

310 1035 407 1088 καὶ
448 1036 649 1107 ταύτης
696 1040 1089 1112 ἐπιθυμοῦντες
1115 1044 1397 1116 διηνεκῶς,
1448 1053 1552 1104 κᾶν
1581 1054 1892 1125 ἀποτυγχάο

313 1146 445 1183 νωσι
465 1132 747 1200 πολλάκις,
763 1135 853 1189 διά
879 1138 939 1190 τὸ
963 1139 1068 1191 ὑπὸ
1091 1140 1189 1210 τῆς
1217 1142 1415 1209 κακίας
1438 1145 1855 1218 ἐκνευρισθῆναι
1875 1168 1888 1182 ·

314 1222 462 1286 είκδς
497 1225 553 1277 δε
581 1227 756 1297 καιρῷ
775 1228 852 1298 τῷ
880 1236 1211 1303 προσήκοντι
1242 1238 1336 1288 καὶ
1375 1237 1596 1302 τούτους
1624 1240 1684 1292 τὸ
1733 1242 1894 1312 χάρι-

316 1329 431 1386 σμα
452 1316 708 1381 δέξασθαι
740 1320 839 1390 τῆς
864 1323 1153 1389 ἀπαθείας,
1177 1327 1315 1401 μόνῃ
1326 1328 1702 1403 φιλανθρωπίᾳ
1728 1335 1887 1390 Θεοῦ.

313 1407 425 1476 Τὴν
468 1410 577 1480 γὰρ
607 1410 904 1483 ἐπιθυμίαν
936 1416 1044 1469 τῶν
1075 1420 1319 1488 πενήτων
1349 1423 1635 1491 είσήκουσε
1664 1426 1888 1499 Κύριος.

385 1500 481 1556 σθ’.
519 1503 656 1567 Τοὺς
699 1509 1013 1577 αἰκισμοὺς,
1050 1511 1141 1574 οὓς
1171 1513 1423 1585 ἐπιφέρει
1458 1517 1586 1586 ήμῖν
1634 1522 1662 1571 ὀ
1695 1520 1890 1591 ἐχθρὸς

317 1594 428 1647 εἴτε
453 1596 726 1667 φανερῶς,
754 1599 863 1652 εἴτε
910 1602 1177 1671 ἀοράτως,
1219 1606 1480 1671 πολλάκις
1508 1609 1760 1681 νοοῦμεν,
1792 1616 1890 1666 καὶ

313 1686 617 1760 βλέπομενο
646 1690 743 1752 τὰς
772 1691 831 1743 δὲ
858 1691 1145 1762 βασάνους,
1173 1699 1265 1750 καὶ
1290 1698 1611 1770 ἀλγηδόνας.
1653 1703 1719 1768 ἃς
1756 1708 1888 1779 παρ’

313 1778 473 1848 ήμῶν
500 1778 824 1848 ὑφίσταται,
858 1785 1267 1853 κατορθούντων
1323 1790 1482 1860 ήμῶν
1521 1791 1632 1847 ἐσθ’
1664 1796 1754 1849 ὅτε
1791 1799 1889 1862 τὰς

314 1871 603 1943 ἀρετάς,ἧ
652 1876 1115 1947 μεταμελομένων
1164 1882 1258 1934 ἐπὶ
1299 1883 1802 1957 πλημμελήμασιν,
1852 1891 1885 1962 ἢ

317 1961 819 2034 μακροθυμούντων
848 1969 943 2020 καὶ
990 1965 1402 2039 καρτερούντων
1456 1977 1549 2029 ἐπὶ
1592 1979 1707 2040 τοῖς
1744 1995 1888 2051 συμ-

314 2053 627 2124 πτώμασιν,
662 2058 696 2129 ἢ
723 2060 1032 2129 εὐχομένων
1056 2064 1237 2117 καὶτὰ
1253 2064 1416 2120 λοιπά
1437 2069 1885 2141 ἐπιτηδευόντων,

317 2140 404 2207 ἐφ’
435 2135 517 2201 οἷς
547 2141 708 2206 αὐτὸς
738 2142 1068 2211 διαπρίεται,
1098 2144 1192 2197 καὶ
1225 2135 1697 2216 τιμωρεῖταιίκαὶ
1749 2135 1885 2220 θρηιιἰ

308 2233 411 2297 νεῖ,
458 2232 552 2284 καὶ
587 2233 868 2298 κόπτεται,
901 2234 1074 2289 ταῦτα
1129 2236 1307 2290 πάντα
1334 2238 1496 2306 ήμεῖς
1526 2240 1650 2291 κατ’
1679 2240 1887 2293 οίκονο-

313 2321 444 2391 μίαν
467 2321 529 2374 οὐ
578 2321 873 2393 βλέπομεν,
921 2326 1008 2379 ῖνα
1051 2326 1127 2399 μὴ
1160 2328 1551 2399 χαυνωθῶμεν.
1597 2347 1616 2381 ι
1664 2331 1885 2386 Δίκαιον

308 2412 441 2482 γάρ,
472 2413 630 2484 φησὶ,
677 2416 826 2485 παρά
870 2417 948 2489 τῷ
978 2418 1117 2491 Θεῷ,
1174 2420 1570 2476 ἀνταποδοῦναι
1621 2426 1736 2487 τοῖς
1773 2423 1886 2477 θλί-

308 2503 496 2578 ϐουσιν
528 2490 678 2575 ἡμᾶς
709 2506 908 2577 θλίψιν.
950 2529 970 2562 ι

381 2601 457 2648 π’.
489 2595 555 2650 Et
581 2596 643 2649 τὸ
675 2600 926 2669 γηρᾶσαν
956 2603 1015 2655 ἐν
1042 2605 1109 2674 τῇ
1139 2607 1232 2674 γῇ,
1266 2606 1363 2659 καὶ
1412 2609 1473 2662 ἐν
1518 2607 1717 2679 πέτρᾳ,
1759 2608 1887 2663 στέ-

308 2686 486 2755 λεχος,
538 2688 649 2742 ἀπὸ
677 2690 852 2761 ὀσμῆς
882 2693 1072 2757 ὕδατος
1123 2694 1435 2762 ἀναϐάλλει,
1470 2697 1661 2771 ὥσπερ
1680 2700 1742 2754 τὸ
1770 2701 1888 2755 νεό-

309 2796 495 2848 φυτον,
538 2782 687 2846 είκὸς
720 2783 812 2836 καὶ
851 2787 999 2855 ἡμᾶς
1046 2787 1493 2860 ἐξεγειρομένους
1542 2795 1609 2863 τῇ
1653 2793 1890 2864 δυνάμει

309 2867 404 2921 τοῦ
432 2869 590 2937 ἀγίου
623 2871 965 2942 Πνεύματος,
997 2876 1403 2949 ἀναϐλαστῆσαι
1429 2881 1762 2952 ἀφθαρσίαν,
1821 2884 1888 2954 ἢν
1940 2884 1953 2900 ⁵

310 2959 452 3011 κατά
471 2960 633 3027 φύσιν
661 2963 993 3034 εἰλήφαμεν,
1024 2967 1119 3020 καὶ
1145 2969 1371 3038 ποιῆσαι
1389 2970 1670 3043 θερισμὸν,
1704 2975 1886 3041 καθὼς

309 3047 371 3101 τὸ
401 3051 676 3120 νεόφυτον,
712 3056 815 3109 κᾶν
871 3059 951 3121 είς
979 3058 1070 3112 τὸν
1095 3061 1327 3115 παλαιὸν
1363 3067 1755 3137 κατεπέσαμεν
1789 3068 1881 3124 ἂν·

311 3138 339 3191 θ
349 3157 425 3211 ρω
432 3158 550 3196 πον.

382 3239 491 3286 παν.
530 3235 675 3306 Πρὸς
701 3240 800 3308 τὴν
831 3241 1293 3319 ἀπευδοκήσασαν
1322 3250 1523 3321 ἑαυτῆς
1548 3250 1618 3304 δι’
1652 3251 1888 3322 ὑπερϐο-

307 3323 406 3392 λὴν
439 3332 762 3401 πειρασμῶν
787 3335 876 3388 καὶ
905 3337 1194 3410 ἁμαρτιῶν
1225 3345 1429 3416 σμῆνος
1452 3344 1655 3418 ψυχήν,
1680 3348 1776 3400 καὶ
1800 3347 1883 3400 λέ-

309 3429 529 3481 γουσαν,
576 3422 878 3478 Ἀπόλωλεν
926 3432 958 3497 ή
988 3430 1142 3495 ἐλπὶς
1165 3434 1345 3502 ἡμῶν,
1366 3435 1886 3508 διαπεφωνήκαμεν,

309 3505 523 3575 εἴρηται
554 3514 706 3580 παρὰ
736 3516 830 3566 τοῦ
859 3517 936 3586 μὴ
966 3521 1438 3589 ἀπογινώσκοντος
1476 3527 1575 3592 τὴν
1611 3505 1887 3597 σωτηρίαν

309 3598 467 3667 ήμῶν
497 3601 656 3667 Θεοῦ,
680 3605 760 3667 τὸ,
789 3608 1049 3678 Ζήσεσθε,
1085 3612 1177 3665 καὶ
1213 3613 1492 3680 γνώσεσθε
1521 3616 1605 3669 ὅτι
1634 3616 1745 3684 ἐγώ
1768 3618 1886 3686 είμι

309 3692 533 3762 Κύριος.
568 3695 712 3768 Πρὸς
745 3697 803 3751 δὲ
844 3700 944 3768 τὴν
973 3701 1344 3773 διαποροῦσαν
1392 3704 1593 3775 ψυχὴν,
1632 3706 1749 3769 πῶς
1778 3706 1888 3763 ἄρα

307 3783 599 3856 δυνήσεται
631 3789 719 3841 διὰ
751 3791 1006 3859 μεγάλων
1055 3794 1268 3866 ἀρετῶν
1298 3799 1480 3849 τεκεῖν
1510 3798 1765 3868 Χριστὸν,
1796 3799 1886 3853 λέ-

306 3872 495 3928 λεκται
523 3895 568 3929 ·ι
600 3879 824 3950 Πνεῦμα
852 3881 1009 3950 ἆγιον
1056 3885 1413 3956 ἐπελεύσεται,
1434 3888 1529 3940 ἐπὶ
1555 3889 1637 3942 σέ.
1676 3889 1884 3944 »Ὅπου

307 3964 363 4015 δὲ
402 3966 718 4037 Πνεύματος
773 3973 928 4041 ἁγίου
982 3976 1274 4045 παρουσία,
1310 3978 1385 4050 μὴ
1430 3980 1674 4053 ζητήσῃς
1700 3979 1887 4036 λοιπὸν

309 4052 522 4119 φύσεως
560 4059 656 4111 καὶ
681 4060 968 4131 συνηθείας
986 4066 1313 4121 ἀκολουθίαν
1337 4069 1434 4122 καὶ
1456 4052 1622 4140 νόμον
1638 4086 1653 4100 °
1683 4086 1882 4126 παντο-

305 4144 544 4215 δύναμον
572 4149 679 4222 γὰρ
710 4151 769 4204 τὸ
797 4158 1173 4228 προσκυνητόν
1208 4160 1303 4212 καὶ
1337 4160 1490 4229 ἅγιον
1520 4161 1764 4231 Πνεῦμα,
1789 4163 1886 4216 καὶ

306 4234 374 4287 τά
409 4237 484 4307 μὴ
532 4239 816 4309 ὑφεστῶτα
878 4245 1135 4318 ὑφίστησί
1167 4266 1270 4318 σοι,
1296 4251 1442 4315 ὅπως
1487 4252 1552 4306 ἂν
1581 4253 1882 4325 ἐκπλαγῇς.

318 4327 478 4382 Ἀλλά
502 4332 594 4383 καὶ
620 4334 846 4405 νικητὴν
878 4340 994 4391 νυνὶ
1015 4339 1257 4396 δείκνυσι
1286 4343 1375 4396 τὸν
1395 4343 1541 4406 νοῦν,
1573 4345 1665 4399 τὸν
1692 4346 1884 4416 πρώην

303 4420 640 4491 νικώμενον·
694 4426 723 4478 ὀ
756 4427 864 4498 γὰρ
897 4431 1105 4484 ἄνωθεν
1159 4435 1453 4506 ἐρχόμενος
1492 4438 1579 4507 ἐφ’
1635 4438 1784 4509 ἡμᾶς
1814 4438 1883 4493 δι’

303 4513 714 4587 εῦσπλαγχνίαν
749 4524 1124 4593 παράκλητος,
1178 4528 1364 4582 ἐπάνω
1425 4530 1644 4583 πάντων
1697 4530 1878 4585 ἐστίν·

304 4603 490 4659 ἐπάνω
526 4624 585 4660 σε
605 4610 948 4679 γάρπάντων
988 4616 1169 4687 ἵστησι
1220 4618 1329 4674 τῶν
1360 4622 1606 4689 φυσικῶν
1648 4621 1884 4692 κινημά-

300 4714 410 4756 των
437 4700 533 4752 καὶ
552 4702 884 4771 δαιμονικῶν
920 4708 1131 4765 παθῶν.

373 4790 482 4861 π’βῖ
526 4792 821 4860 Ἀγωνίζου
851 4798 949 4869 τὴν
991 4803 1050 4853 ἐν
1076 4799 1155 4870 τῷ
1188 4803 1508 4874 ἡγεμονικῷ
1540 4822 1632 4859 σου
1663 4823 1881 4876 φωταυο

301 4880 481 4950 γείαν,
526 4883 910 4954 διαφυλάττειν
942 4891 1287 4962 ἀλύμαντονο
1319 4896 1415 4950 ἐὰν
1458 4897 1600 4971 ἄρξῃ
1629 4899 1750 4952 κατ’
1777 4900 1883 4971 ἐμ-

301 4971 532 5027 πάθειαν
551 4974 789 5045 βλέπειν,
810 4981 1084 5050 ἐγνόφωσέ
1111 5000 1169 5036 σε
1194 4985 1399 5056 Κύριος
1421 4989 1516 5040 καὶ⁵
1532 4988 1881 5055 ἐξαπέστειλε

298 5066 519 5137 χαλινὸν
548 5067 642 5122 τοῦ
676 5073 970 5140 προσώπου
998 5091 1113 5135 σου.
1151 5095 1168 5126 ι
1190 5078 1286 5131 καὶ
1314 5078 1375 5132 τὺ
1402 5079 1515 5149 φῶς
1543 5081 1650 5134 τῶν
1681 5082 1879 5153 ὀφθαλ-

302 5156 420 5227 μῶν
464 5173 556 5210 σου
591 5160 691 5213 οὐκ
746 5159 862 5214 ἐστι
908 5165 1048 5234 μετὰ
1093 5166 1189 5218 σοῦ
1216 5184 1228 5198 ο
1271 5187 1290 5219 ι
1327 5168 1443 5222 ἀλλ’
1481 5171 1530 5223 εί
1567 5170 1660 5225 καὶ⁵
1706 5173 1881 5227 ταῦτα

298 5248 474 5314 οὕτως
494 5250 627 5322 ἔχοι,
666 5253 742 5324 μὴ
776 5256 1093 5331 ἀποκάμῃς,
1128 5259 1264 5329 μηδέ
1293 5260 1546 5333 ἐκλυθῇς,
1573 5265 1879 5335 πρεσϐευό-

303 5356 463 5409 μενος
482 5343 579 5395 σὺν
591 5341 668 5411 τῷ
690 5343 832 5416 ἁγίῳ
848 5344 1036 5399 Δαϐίδο
1066 5365 1082 5398 ι
1109 5346 1517 5412 Ἑξαπόστειλον
1536 5354 1598 5406 τὸ
1625 5355 1739 5424 φῶς
1758 5373 1876 5419 σου,

299 5431 394 5484 καὶ
419 5432 518 5504 τὴν
542 5432 803 5504 ἀλήθειάν
835 5453 930 5488 σου
955 5476 970 5503 ,
1004 5438 1126 5508 ἐμοὶ
1156 5439 1231 5509 τῷ
1255 5442 1723 5512 σκυθρωπάζοντι,
1766 5464 1877 5500 σω-

298 5526 491 5595 τήριον
522 5525 616 5578 τοῦ
642 5527 942 5596 προσώπου
973 5547 1074 5599 μου
1099 5531 1190 5584 καὶ
1216 5533 1244 5584 ὀ
1271 5532 1406 5597 Θεός
1426 5552 1526 5605 μου
1546 5550 1558 5563 °
1583 5535 1874 5601 ἐξαποστε-

299 5617 411 5678 λεῖς
446 5617 550 5689 γάρ
581 5617 642 5672 τὸ
670 5619 893 5691 Πνεῦμά
930 5639 1022 5676 σου
1054 5626 1146 5676 καὶ
1185 5625 1585 5700 κτισθήτονται,
1620 5630 1712 5683 καὶ
1744 5631 1876 5682 ἀνα-

302 5714 531 5777 καινεεῖς
561 5712 618 5766 τὸ
656 5713 946 5779 πρόσωπον
973 5719 1068 5782 τῆς
1099 5717 1221 5783 γῆς.
1266 5737 1284 5770 θ

1406 293 1783 356 CAPITULA
1818 298 1919 361 AD
1958 300 2392 369 EGNACHOS.

3410 318 3552 384 1854

2047 422 2162 494 πγ’.
2193 427 2503 499 Μακάριος,
2533 431 2684 494 ὅστις
2711 434 3009 508 ἀπλήστως
3039 441 3274 511 φάγεται
3309 446 3408 499 καὶ
3432 448 3555 503 πίει

1976 532 2064 570 ται
2092 517 2260 589 εὐχάς
2314 522 2410 575 καὶ
2430 522 2679 592 ψαλμοὺς
2704 527 2944 584 ἐνταῦθα
2977 533 3170 597 νυκτὸς
3201 537 3296 590 καὶ
3315 539 3551 611 ἡμέρας,

1975 608 2068 662 καὶ¹
2097 611 2398 683 ἐπιρῤώσει
2423 615 2619 670 ἑαυτὸν
2649 621 2715 690 τῇ
2760 621 2962 691 ἐνδόξῳ
3019 627 3118 695 τῆς
3150 608 3375 698 Γραφῆήξ
3416 608 3553 687 ἀνα-

1972 701 2207 768 γνώσει*
2261 705 2294 775 ή
2366 705 2476 777 γάρ
2531 708 2756 781 τοιαύτη
2823 712 3122 785 μετάληψις
3163 717 3430 774 ἀναδώσει
3483 725 3551 794 τῇ

1970 791 2115 864 ψυχῇ
2147 794 2419 865 ἀμείωτον
2470 800 2814 872 εὐφροσύνην
2860 806 2919 857 ἐν
2946 803 3026 875 τῷ
3063 804 3312 875 μέλλοντι
3367 791 3548 866 αἱῶνιήξ

2045 885 2148 941 πδ’.
2185 888 2342 959 Πάσῃ
2374 890 2602 960 δυνάμει
2628 892 2930 961 ἀσφαλίζου
2959 895 3036 967 μὴ
3066 897 3287 953 πίπτειν
3306 916 3322 933 ο
3352 901 3415 954 τὸ
3441 903 3552 974 γάρ

1972 977 2193 1032 πίπτειν
2209 980 2272 1032 οῦ
2302 981 2503 1053 πρέπει
2533 984 2610 1054 τῷ
2641 986 2850 1059 ισχυρῷ
2868 987 3100 1062 ἀθλητῇ.
3138 991 3267 1046 Ἐὰν
3284 992 3341 1047 δέ
3365 995 3548 1067 συμϐῇ

1974 1072 2180 1135 πεσεῖν,
2226 1072 2389 1137 εὐθὺς
2434 1077 2807 1149 ἀναπήδησον,
2845 1082 2942 1134 καὶ
2966 1082 3124 1153 στῆθι
3150 1084 3313 1139 πάλιν
3341 1087 3423 1150 είς
3458 1087 3552 1143 τὸν

1973 1162 2139 1216 καλὸν
2164 1164 2372 1232 ἀγῶνα·
2406 1166 2510 1220 κᾶν
2544 1171 2810 1240 μυριάκις
2839 1171 3000 1228 τοῦτο
3039 1176 3220 1248 συμϐῇ
3273 1178 3394 1232 καθ’
3422 1180 3553 1234 ὑπο-

1973 1253 2166 1325 στολὴν
2191 1255 2293 1325 τῆς
2335 1257 2581 1328 χάριτος,
2641 1261 2900 1333 μυριάκις
2933 1266 3153 1320 κάκεῖνο
3197 1267 3370 1322 ἐστωο
3394 1286 3567 1332 τουτε

1972 1347 2119 1400 έστιν
2145 1349 2207 1401 τὸ
2265 1349 2364 1420 τῆς
2414 1351 2684 1422 ἐγέρσεως
2706 1368 2720 1383 ’
2754 1356 2847 1408 καὶ
2871 1356 2974 1420 ἕως
3010 1357 3107 1429 τῆς
3139 1358 3397 1431 τελευτῆς
3429 1377 3547 1418 σου.

1970 1438 2433 1510 Γέγραπταιγάρ,
2456 1445 2538 1497 ὅτι
2573 1444 2700 1498 Ἐάν
2722 1445 2952 1510 ἑπτάκις
2977 1449 3119 1521 πέσῃ
3145 1449 3371 1516 δίκαιος,
3391 1469 3548 1506 τουτο

1971 1528 2090 1583 έστι
2124 1531 2413 1596 διαπαντὸς
2460 1534 2555 1588 τοῦ
2584 1534 2726 1606 βίου,
2756 1539 2985 1603 ἑπτάκις
3018 1542 3420 1612 ἀναστήσεται·
3443 1542 3549 1607 ἕως

1967 1623 2059 1676 ὅτε
2087 1625 2308 1694 κρατεῖς
2330 1626 2394 1678 τὸ
2421 1625 2584 1681 ὅπλον
2616 1628 2728 1702 ⁴τοῦ
2758 1630 2916 1699 ἁγίου
2957 1633 3258 1703 σχήματος,
3297 1635 3436 1705 μετὰ
3461 1635 3551 1689 δαί

1974 1712 2181 1782 κρύων,
2234 1715 2329 1768 καὶ
2364 1716 2573 1780 ἱκεσίας
2619 1718 2719 1788 τῆς
2765 1720 2907 1793 πρὸς
2939 1724 3031 1775 τὸν
3064 1722 3219 1788 Θεὸν,
3280 1726 3362 1790 είς
3420 1731 3548 1792 τοὺς

1971 1805 2275 1876 στήκοντας
2305 1807 2515 1881 λογίζῃ,
2537 1809 2639 1867 κάν
2668 1812 2930 1878 πολλάκις
2955 1815 3252 1880 πέπτωκας
3275 1833 3289 1850 ο
3318 1818 3423 1882 έως
3451 1819 3542 1873 ὅτε

1970 1894 2312 1964 παραμένεις
2337 1901 2614 1968 μοναχοῖς,
2651 1900 2727 1965 ὡς
2750 1902 2995 1974 ἀνδρεῖος
3037 1906 3382 1978 στρατιώτης
3404 1909 3547 1962 κατά

1968 1984 2077 2038 τῶν
2098 1986 2451 2058 ἐμπροσθίων
2466 1990 2598 2063 δέχῃ
2627 1994 2727 2057 τάς
2758 1995 2995 2066 πληγὰς,
3026 1998 3093 2053 δι’
3122 1992 3197 2053 ὧν
3248 2003 3342 2054 καὶ
3370 2002 3546 2070 εὐφη-

1972 2078 2201 2153 μηθήσῃ
2227 2080 2542 2150 μᾶλλον,ὃτι
2565 2085 2688 2140 οῦδέ
2714 2088 3081 2160 πληττόμενος
3104 2093 3334 2162 ἠνέσχου
3363 2092 3549 2146 ἐνδοῦ-

1968 2189 2060 2227 ναι
2094 2172 2128 2242 ἢ
2177 2171 2506 2238 ἀποστῆναι.
2553 2170 2679 2222 Ἐὰν
2710 2169 2767 2223 δὲ
2816 2171 3061 2240 ἀποστῇς
3100 2170 3212 2222 τῶν
3269 2171 3544 2240 μοναχῶν,

1971 2263 2116 2319 κατά
2168 2259 2342 2314 νώτου
2373 2259 2588 2330 πλήττῃ
2615 2258 2819 2313 ’λοιπὸν
2860 2260 2936 2324 ὡς
2972 2260 3171 2327 φυγὰς,
3229 2261 3323 2312 καὶ
3350 2261 3544 2325 δειλὸς⁹

1972 2356 2068 2412 καὶ
2086 2351 2531 2421 λειποτακτίτης,
2559 2348 2657 2404 καὶ
2680 2349 3158 2421 ἀπαρρησίαστος.

2043 2444 2149 2499 πε’.
2181 2443 2573 2513 Χαλεπώτερον
2601 2440 2695 2495 τοῦ
2738 2441 3077 2512 ἁμαρτάνειν
3110 2441 3228 2495 ἐστὶ
3266 2439 3328 2495 τὸ
3376 2441 3545 2494 ἀπελ-

1972 2536 2172 2602 πίζειν.
2218 2535 2419 2598 Ἰούδας
2463 2535 2573 2605 γὰρ
2620 2536 2649 2587 6
2693 2533 2959 2603 προδότης
2991 2532 3325 2605 μικρόψυχος
3354 2526 3422 2601 ἦν
3452 2533 3548 2585 καὶ

1969 2627 2428 2700 άπειροπόλεμος,
2466 2627 2563 2681 καὶ
2585 2626 2676 2681 διά
2695 2625 2854 2679 τοῦτο
2875 2625 3167 2694 ἀπογνόντι
3213 2623 3385 2694 αὐτῷ,
3419 2627 3541 2677 ἐπι-

1969 2720 2196 2793 δραμὼν
2220 2720 2249 2772 ὀ
2282 2719 2496 2790 ἐχθρὸς,
2529 2719 2768 2789 ἀγχόνην
2823 2716 3111 2787 περιῆψεν.
3159 2716 3363 2786 Πέτρος
3389 2715 3467 2779 δὲ,
3509 2715 3544 2785 ή

1972 2815 2149 2885 πέτρα
2194 2815 2228 2884 ή
2279 2811 2496 2881 στερεὰ,
2541 2810 2771 2882 φοϐερὸν
2800 2808 3003 2878 πτῶμα
3057 2807 3426 2877 κατενεχθεὶς,
3468 2806 3545 2868 ώς

1970 2904 2441 2976 ἐμπειροπόλεμος
2484 2903 2586 2956 οὐκ
2611 2899 2837 2971 ἐξελύθη
2868 2899 2990 2953 οὐδὲ
3019 2898 3243 2966 ἀπέγνω
3268 2894 3545 2966 δυσθυμήο

1972 3016 2070 3063 σας
2092 3015 2108 3031 ο
2139 2996 2277 3051 ἀλλὰ
2327 2994 2686 3064 ἀναπηδήσας
2716 2993 3072 3064 προσήγαγεν
3120 2989 3428 3060 πικρότατα
3449 2986 3547 3041 δά-

1970 3106 2116 3161 κρυα
2141 3089 2249 3141 ἀπὸ
2274 3085 2509 3158 καρδίας
2539 3083 2863 3156 θλιϐομένης
2910 3085 3005 3136 καὶ
3034 3079 3541 3151 τεταπεινωμένης·

1969 3183 2063 3237 καὶ
2094 3180 2416 3252 παραυτίκα
2436 3182 2465 3233 6
2492 3178 2754 3248 πολέμιος
2796 3176 2956 3248 ήμῶν
2986 3175 3319 3244 θεασάμενος
3348 3171 3540 3237 ταῦτα,

1966 3273 2158 3342 ῶσπερ
2183 3269 2338 3341 φλοξὶ
2367 3268 2754 3338 σφοδροτάταις
2769 3270 2869 3329 τὰς
2884 3264 3036 3334 δψεις
3057 3261 3409 3332 φλεγόμενος,
3433 3260 3542 3314 ἀπ-

1965 3365 2239 3436 επήδησεν
2266 3360 2485 3432 φεύγων
2518 3356 2760 3430 μακρὰν,
2788 3356 2884 3411 καὶ
2909 3353 3100 3416 δεινῶς
3126 3350 3420 3414 ὀλολύζων.

2034 3461 2154 3522 πς’.
2192 3454 2337 3526 Πρὸς
2368 3450 2543 3508 ταῦτα
2574 3452 2646 3505 τὰ
2661 3448 2788 3522 τρία
2821 3446 3056 3519 μάλιστα
3076 3446 3105 3500 ὀ
3137 3443 3403 3515 μονάζων,
3440 3439 3543 3494 πό-

1961 3548 2126 3616 λεμον
2157 3544 2302 3613 ἔχειν
2329 3542 2536 3613 ὀφείλει
2574 3540 2907 3612 ἀκήρυκτον,
2941 3535 3078 3608 πρὸς
3108 3533 3208 3606 τὴν
3263 3531 3542 3600 κοιλιομα⁹

1961 3634 2103 3696 νίαν,
2125 3630 2223 3684 καὶ
2248 3630 2385 3699 πρὸς
2411 3630 2511 3699 τήν
2534 3630 2739 3698 ἀκερδῆ
2760 3628 2943 3697 δόξαν,
2968 3626 3068 3682 καὶ
3091 3626 3228 3697 πρὸς
3263 3623 3363 3694 τήν
3391 3619 3546 3690 φιλο-

1958 3719 2289 3794 χρηματίαν,
2307 3720 2428 3789 ἥτις
2453 3718 2603 3772 ἐστὶν
2628 3716 3032 3787 είδωλολατρία,

2032 3812 2142 3878 πζτ.
2167 3808 2432 3872 Βασιλεύς
2469 3824 2554 3869 τις
2592 3805 2955 3877 Ἰσραηλίτης,
3006 3803 3116 3859 τῶν
3141 3803 3543 3875 Τρωγλοδύτων

1959 3903 2020 3959 τὺ
2047 3903 2223 3968 ἐθνος,
2260 3900 2354 3953 καὶ
2382 3898 2511 3961 τοὺς
2554 3896 2748 3958 ἄλλους
2777 3894 3119 3965 Βαρϐἀρους,
3150 3892 3409 3962 ψαλμοῖς,
3434 3884 3542 3967 ⁷καὶ

1959 4000 2171 4069 ὕμνοις,
2202 3992 2299 4047 καὶ
2330 3989 2495 4061 ᾠδαῖς
2552 3985 2955 4055 πνευματικαῖς
3003 3982 3440 4053 κατηγωνίσατο,
3481 3982 3542 4034 ἐν

1956 4089 2069 4148 τοῖς
2097 4085 2275 4152 λόγοις
2317 4082 2412 4134 καὶ
2463 4080 2575 4139 τοῖς
2630 4075 2883 4147 ὀργάνοις
2924 4074 3110 4128 Δαϐίδ.
3146 4073 3330 4144 Ἔχεις
3353 4073 3447 4125 καὶ
3472 4074 3540 4127 σὺ

1959 4174 2266 4249 βαρϐάρους
2290 4165 2702 4242 Τρωγλοδύτας,
2730 4165 2857 4227 τοὺς
2879 4167 2959 4228 εἰς
2984 4163 3084 4232 τάς
3110 4162 3391 4233 αἰσθήσεις
3417 4177 3538 4226 σου,

1958 4269 2054 4323 καὶ
2080 4266 2150 4320 τά
2196 4264 2336 4335 μέλη
2366 4259 2680 4322 ἐνδύνοντας
2708 4257 2992 4328 δαίμονας,
3055 4255 3150 4309 καὶ
3207 4254 3304 4326 τήν
3360 4253 3540 4325 σάρκα

1959 4357 2289 4422 κολάζοντας
2307 4352 2394 4407 διὰ
2416 4350 2518 4421 τῆς
2541 4346 2863 4421 πυρώσεως,
2886 4347 2983 4400 καὶ
3013 4342 3539 4416 παρασκευάζοντάς

1960 4467 2020 4502 σε
2054 4444 2317 4519 ἐμπαθῶς
2344 4443 2563 4514 βλέπειν
2623 4455 2684 4493 τε
2720 4439 2815 4492 καὶ
2841 4435 3083 4502 ἀκούειν,
3128 4434 3222 4487 καὶ
3250 4432 3542 4505 ὀσφραίνε-

1962 4542 2107 4609 σθαι,
2158 4539 2253 4594 καὶ
2285 4537 2468 4591 λαλεῖν
2514 4531 2739 4604 ἀπρεπῆ
2780 4532 3020 4601 ῥήματα,
3081 4527 3176 4580 καὶ
3225 4521 3540 4594 ὀφθαλμοὺς

1966 4630 2199 4703 μεστοὺς
2229 4630 2376 4700 ἐχειν
2412 4624 2654 4699 μοιχίας,
2689 4623 2785 4678 καὶ
2834 4618 3153 4690 συγχεῖσθαι
3211 4614 3415 4703 ἔσωθεν
3444 4614 3541 4669 καὶ

1959 4701 2158 4790 έξωθεν
2210 4719 2355 4774 κατά
2406 4718 2505 4788 τὴν
2534 4713 2920 4769 Βαϐυλωνίαν
2982 4708 3269 4781 φρόντισον
3298 4701 3390 4760 οὖν
3443 4704 3540 4757 καὶ

1960 4815 2123 4875 αὐτὸς
2168 4808 2346 4863 πίστει
2396 4805 2629 4878 μεγάλῃ,
2669 4804 2765 4858 καὶ
2788 4800 3042 4871 ψαλμοῖς,
3079 4799 3173 4852 καὶ
3199 4795 3411 4867 ὕμνοις,
3444 4790 3541 4847 καὶ

1958 4900 2123 4976 ᾠδαῖς
2150 4898 2574 4969 πνευματικαῖς,
2596 4894 2722 4956 τοὺς
2749 4889 3104 4963 ἐνεργοῦντας
3124 4886 3193 4940 τὰ
3212 4885 3359 4941 κακά
3385 4882 3540 4956 Τρω·

1960 4994 2220 5065 γλοδύτας
2249 4990 2421 5063 ἄρδην
2442 4986 2842 5058 ἐξολοθρεῦσαι.

2031 5091 2144 5156 πη’.
2193 5083 2404 5151 Ὥσπερ
2464 5078 2750 5148 ἄνθρωπον
2798 5075 2866 5128 δι’
2922 5070 3214 5144 ἀνθρώπου
3271 5065 3539 5156 σώζεσθαι

1965 5155 2214 5250 βούλεται
2241 5176 2270 5227 ὀ
2295 5171 2520 5243 Κύριος,
2540 5167 2714 5230 οὕτως
2735 5165 2829 5220 καὶ
2850 5164 3135 5234 ἄνθρωπον
3150 5159 3220 5213 δι’
3249 5155 3538 5250 ἀνθρώπου
3642 5166 3647 5171 ’

1961 5246 2256 5324 ἀπολέσθαι
2282 5262 2498 5316 σπεύδει
2534 5258 2842 5320 ὀΣατανᾶς.
2873 5255 3074 5324 Διόπερ
3099 5254 3161 5306 οὐ
3184 5249 3292 5322 χρὴ
3341 5246 3537 5302 κολλᾶ-

1964 5359 2087 5412 σθαι
2117 5353 2272 5425 ἀνδρὶ
2310 5350 2722 5421 καταφρονητῇ,
2775 5338 3153 5415 κακεντρεχεῖ,
3184 5341 3282 5397 καὶ
3316 5340 3391 5411 μὴ
3421 5354 3539 5407 φυ-

1961 5452 2212 5505 λάσσοντι
2240 5444 2513 5515 γλῶσσαν,
2538 5443 2628 5495 ἵνα
2648 5441 2723 5511 μὴ
2751 5439 2848 5493 σὺν
2868 5437 3016 5507 αὑτῷ
3038 5438 3117 5499 είς
3152 5434 3374 5488 κόλασιν
3431 5431 3539 5482 ἀπ-

1961 5542 2141 5613 έλθῃς.
2193 5538 2362 5600 Μόλις
2402 5536 2513 5605 γάρ
2533 5549 2617 5595 τις
2651 5533 2730 5602 τῷ
2784 5529 2980 5599 δικαίῳ
3004 5527 3238 5596 ἐγγίζων
3263 5524 3537 5593 σωτηρίας

1962 5633 2236 5703 τυγχάνει.
2288 5629 2413 5683 Ἐάν
2434 5627 2490 5682 δέ
2522 5639 2602 5690 τις
2635 5624 2711 5694 τῷ
2728 5623 3148 5720 πονηρευομὲ-,ιμ
3171 5633 3539 5720 συναναστρα-

1966 5726 2039 5785 «ﬁ
2070 5723 2141 5784 μὴ
2160 5718 2668 5786 παρατηρούμενος,
2691 5714 2941 5783 καθάπερ
2972 5712 3181 5783 λοιμὸν,
3218 5710 3308 5765 καὶ
3331 5709 3537 5781 λέπραν
